3864 6220
342 258 477 314 2691

1482 255 1714 311 ΟΟΟΕΧ
1755 254 2549 312 ΒΥΚΙΑΟΟ-ΗΕΧΑΡιΑῐυδ.

349 431 3604 477 W

792 650 1325 783 CODEX
1389 641 3180 783 SYRIACO-HEXAPLARIS

1282 926 1285 929 '
1353 893 2600 1000 aMBROSIANO-MEDIOLANENSIS.

1233 1302 1939 1398 PROPHETIA
1993 1302 2749 1395 HEZECIELIS.

1937 1546 2011 1567 qu-

421 1704 552 1773 Cap.
594 1699 636 1771 l,
658 1702 707 1757 l.
735 1699 803 1756 Et
819 1699 1027 1756 factum
1045 1700 1197 1757 estin
1216 1716 1362 1756 anno
1379 1700 1663 1772 trigesimo
1681 1702 1734 1754 in
1753 1714 1941 1755 mense
1971 1705 2019 1762 Α
2046 1714 2178 1757 ecce
2209 1712 2329 1758 rota
2372 1719 2479 1759 una
2519 1719 2686 1775 super
2733 1712 2901 1769 terra,
2952 1700 3251 1775 proliinqua
3293 1706 3624 1762 animalibus

353 1807 570 1870 quarto,
599 1794 793 1867 quinto
824 1793 1050 1859 mensis,
1082 1792 1159 1865 (α)
1197 1802 1250 1848 et
1290 1808 1393 1865 ego
1428 1807 1497 1848 -Ξ-
1523 1809 1644 1847 sum
1684 1794 1708 1863 ζ
1747 1791 1824 1845 fui
1879 1792 1931 1844 in

351 1889 531 1945 medio
563 1884 895 1956 captivitatis
925 1899 1088 1953 super
1118 1883 1343 1939 ﬂuvium
1386 1883 1628 1948 Chobar,
1659 1895 1713 1940 et
1755 1884 1959 1954 aperti.

351 1991 481 2036 sunt
507 1979 653 2043 coeli,
686 1986 742 2033 et
772 1974 883 2030 vidi
923 1975 1164 2031 visiones
1197 1974 1317 2037 Dei,
1347 1975 1403 2029 2.
1436 1975 1629 2045 quinto
1680 1975 1885 2031 mensis
1918 1994 1932 2029 :

352 2073 442 2126 hic
494 2085 671 2125 annus
724 2068 951 2140 quintus
997 2067 1332 2138 captivitatis
1376 2067 1521 2139 regis
1571 2067 1823 2123 Joacim:
1880 2076 1935 2122 et

352 2163 556 2219 factum
597 2172 682 2217 est
729 2160 957 2217 verbum
1000 2158 1217 2216 Domini
1251 2159 1317 2214 ad
1363 2157 1703 2215 Hezcciclem
1762 2160 1933 2215 lilium

352 2255 506 2319 Buzi,
542 2251 883 2309 sacerdotem
919 2250 973 2303 in
1004 2258 1168 2316 ,terra
1199 2248 1582 2303 Chaldaeorum
1630 2263 1798 2318 super
1829 2246 1934 2303 ﬂu-

350 2348 501 2401 vium
551 2344 791 2400 Chobar.
829 2342 885 2397 5.
934 2340 1000 2395 Et
1044 2340 1184 2395 facta
1233 2346 1318 2394 est
1366 2354 1531 2409 super
1572 2355 1659 2394 me
1696 2342 1765 2409 3³(
1796 2339 1869 2395 ibi
1908 2341 1931 2410 ἶ

352 2454 551 2497 manus
577 2437 817 2500 Domini,
840 2435 899 2490 4.
935 2433 1009 2505 (b)
1040 2441 1095 2487 et
1124 2432 1258 2495 vidi,
1280 2441 1336 2488 et
1356 2446 1485 2487 ecce
1507 2431 1734 2502 spiritus
1767 2435 1837 2503 Χ
1861 2432 1935 2503 (c)

354 2531 570 2588 Domini
612 2532 635 2601 ζ
680 2528 877 2585 tollens
919 2525 1175 2582 veniebat
1221 2524 1291 2579 ab
1334 2523 1623 2595 aquilone,
1674 2534 1729 2578 et
1760 2525 1937 2579 nubes

355 2640 550 2697 magna
582 2624 750 2688 ineo,
783 2629 838 2675 et
872 2616 1133 2688 splendor
1177 2616 1327 2671 circa
1357 2631 1505 2679 eum,
1558 2622 1614 2669 et
1652 2614 1794 2684 ignis
1828 2613 1935 2669 ful-

354 2732 609 2789 gurans:
645 2724 699 2769 et
751 2715 807 2767 in
866 2711 1047 2766 medio
1098 2711 1219 2779 ejus
1255 2707 1414 2779 quasi
1460 2706 1598 2761 visio
1644 2706 1833 2761 electri
1880 2706 1935 2760 in

354 2808 537 2864 medio
572 2806 749 2878 ignis,
794 2813 851 2859 et
894 2802 1150 2873 splendor
1202 2800 1256 2854 in
1297 2814 1383 2855 eo.
1435 2798 1488 2856 5.
1539 2797 1609 2852 Ει
1658 2798 1714 2853 in
1757 2797 1938 2853 medio

354 2902 514 2973 quasi
551 2896 855 2954 similitudo
879 2906 1121 2968 quatuor
1154 2894 1513 2950 animalium:
1547 2903 1602 2949 et
1650 2893 1767 2949 haec
1796 2892 1938 2948 visio

356 3010 573 3058 eorum,
607 2993 749 3048 sicut
791 2989 1095 3046 similitudo
1143 2987 1379 3043 hominis
1425 3002 1590 3058 super
1634 2986 1735 3041 eis.
1778 2985 1831 3041 6.
1873 2984 1939 3039 Et

2041 1804 2281 1863 quatuor
2309 1795 2461 1866 ipsis.
2494 1796 2580 1851 l6.
2611 1795 2679 1850 Et
2702 1796 2992 1864 adspectus
3022 1806 3289 1864 rotarum,
3310 1799 3380 1868 Χ
3402 1807 3456 1852 et
3482 1812 3621 1867 opus

2041 1901 2231 1941 earum
2272 1888 2295 1958 ζ
2340 1890 2480 1944 sicut
2526 1888 2817 1959 adspectus
2866 1889 2931 1960 (i)
2964 1888 3185 1957 tharsis,
3226 1898 3282 1945 et
3319 1890 3621 1945 similitudo

2043 1993 2151 2032 una
2198 1989 2435 2049 quatuor
2483 1980 2658 2052 ipsis:
2694 1983 2841 2051 Χθι
2868 1982 3007 2037 visio
3051 1996 3238 2037 earum
3287 1983 3336 2053 ζ,
3377 1992 3432 2037 et
3479 1998 3622 2052 opus

2040 2086 2231 2125 earum
2272 2082 2410 2138 erat,
2459 2073 2621 2143 quasi
2661 2082 2810 2129 esset
2869 2082 2986 2127 rota
3042 2074 3097 2127 in
3138 2083 3277 2128 rota.
3314 2074 3401 2129 17.
3440 2071 3622 2144 Super

2041 2171 2280 2232 quatuor
2307 2172 2489 2233 partes
2518 2180 2732 2231 eorum,
2772 2166 2834 2232 Χ
2873 2179 2999 2220 cum
3027 2166 3170 2221 irent
3200 2167 3248 2236 ζ,
3278 2165 3427 2222 ibant
3458 2185 3471 2221 :
3509 2182 3620 2221 non

2043 2256 2475 2323 revertebantur,
2511 2271 2635 2312 cum
2664 2256 2829 2322 irent,
2866 2258 2955 2313 18.
2997 2273 3174 2328 neque
3202 2258 3365 2313 dorsa
3405 2274 3620 2323 earum,

2042 2344 2117 2417 (Ir)
2151 2354 2202 2400 et
2242 2345 2474 2402 altitudo
2506 2356 2625 2401 erat
2653 2348 2754 2402 eis.
2788 2346 2855 2401 Et
2884 2348 2990 2402 vidi
3019 2363 3113 2414 ea,
3148 2358 3204 2403 et
3235 2350 3395 2404 dorsa
3429 2364 3626 2405 earum

2043 2438 2206 2507 plena
2245 2437 2418 2494 oculis
2443 2439 2801 2495 circumcirca
2831 2448 3066 2509 quatuor
3096 2441 3249 2511 ipsis.
3282 2442 3371 2497 19.
3398 2442 3463 2495 Ει
3494 2458 3622 2496 cum

2045 2530 2189 2585 irent
2225 2530 2699 2597 animalia,.ibant
2732 2542 2864 2586 rotae
2885 2532 3041 2602 juxta
3075 2548 3139 2588 ea
3167 2555 3179 2589 :
3212 2543 3268 2590 et
3295 2550 3420 2590 cum
3443 2536 3625 2590 eleva-

2045 2633 2235 2675 rentur
2262 2622 2521 2676 animalia
2564 2622 2631 2677 de
2664 2631 2829 2689 terra,
2854 2623 3208 2678 elevabantur
3234 2634 3387 2680 rotae.
3415 2626 3507 2679 20.
3547 2625 3611 2696 (ι)

2049 2715 2394 2784 Ubicumque
2441 2725 2560 2769 erat
2604 2715 2798 2779 nubes,
2846 2715 2977 2770 illuc
3008 2715 3122 2769 ibat
3155 2716 3423 2787 spiritus:
3471 2716 3629 2771 ibant

2045 2808 2327 2871 animalia,
2361 2817 2417 2863 et
2464 2818 2633 2875 rotae,
2693 2817 2749 2863 et
2777 2808 3135 2864 elevabantur
3163 2825 3289 2864 cum
3324 2809 3449 2879 eis;
3494 2812 3628 2880 quia

2045 2900 2275 2969 spiritus
2312 2901 2433 2956 vitae
2469 2901 2527 2955 in
2564 2902 2722 2957 rotis.
2745 2902 2837 2956 2f.
2863 2900 3000 2957 Cum
3030 2902 3191 2968 irent,
3221 2903 3392 2967 ibant,
3422 2912 3625 2959 etcum

2048 2999 2275 3055 starent,
2307 2992 2547 3055 stabant,
2581 3000 2635 3046 et
2668 3007 2794 3046 cum
2824 2992 3171 3048 elevarentur
3199 2994 3266 3049 de
3314 3000 3483 3061 terra,
3510 2994 3625 3049 ele-

355 3096 595 3159 quatuor
623 3084 790 3140 facies
819 3083 934 3148 uni,
960 3089 1014 3137 et
1037 3093 1274 3152 quatuor
1305 3082 1404 3135 alae
1437 3082 1529 3135 uni
1556 3082 1625 3149 Χ
1662 3095 1730 3134 ex
1757 3079 1836 3134 eis
1869 3078 1933 3145 1:
1971 3072 2017 3132 Β
2048 3085 2319 3138 vabantur
2352 3086 2419 3152 Χ
2464 3091 2601 3139 rota:
2633 3083 2657 3153 ζ
2719 3100 2845 3139 cum
2882 3085 2963 3140 eis
2990 3102 3004 3152 ;
3060 3087 3187 3155 quia
3220 3086 3445 3156 spiritus
3502 3088 3634 3143 vita

358 3180 409 3235 7.
439 3188 489 3234 et
523 3192 685 3233 crura
718 3190 909 3231 eorum
938 3177 1003 3241 Χ
1023 3187 1194 3227 .crura
1224 3172 1245 3240 ζ
1279 3180 1449 3234 recta,
1476 3176 1531 3225 et
1559 3169 1722 3239 pedes
1751 3183 1941 3222 eorum

356 3272 505 3338 alati,
532 3274 599 3340 Χ
624 3271 768 3340 εἰομι
794 3267 1011 3339 ungulae
1035 3265 1176 3321 tauri
1210 3265 1258 3335 ζ,
1290 3262 1370 3333 (d)
1402 3272 1456 3317 et
1485 3261 1756 3327 scintillae,
1783 3260 1940 3331 quasi

354 3378 431 3418 ως
482 3364 807 3430 fulgurans;
858 3366 914 3413 et
956 3357 1106 3412 leves
1147 3355 1248 3410 alae
1299 3370 1508 3419 eorum,
1544 3352 1601 3409 8.
1646 3362 1703 3408 et
1744 3365 1943 3407 manus

356 3456 597 3512 hominis
628 3454 730 3510 sub
764 3453 866 3507 alis
892 3465 1084 3506 eorum
1133 3463 1299 3518 super
1326 3456 1563 3517 quatuor
1616 3455 1801 3515 partes
1845 3460 1941 3500 eu-

356 3563 479 3602 rum
505 3564 518 3600 :
549 3553 602 3600 et
625 3545 796 3600 facies
836 3557 1052 3606 eorum,
1090 3543 1159 3610 Χ
1186 3551 1240 3595 et
1264 3540 1364 3595 alae
1409 3554 1600 3595 eorum
1642 3540 1666 3609 ζ
1708 3548 1943 3610 quatuor

356 3642 603 3710 ipsorqu
636 3638 689 3693 9.
728 3635 1048 3707 propinqua:
1078 3649 1187 3687 una
1217 3631 1395 3697 alteri,
1425 3636 1491 3700 Χ
1523 3630 1595 3703 (c)
1620 3642 1675 3686 et
1703 3631 1802 3686 alae
1844 3646 1940 3686 eo-

356 3748 481 3787 rum
520 3730 545 3799 :
585 3744 694 3783 non
732 3728 1168 3791 revertebantur,
1197 3740 1324 3780 cum
1357 3724 1710 3780 incederent:
1743 3739 1943 3785 unum-

355 3824 617 3895 quodque
671 3836 738 3874 ex
780 3819 860 3873 eis
913 3827 1041 3873 ante
1076 3816 1270 3871 faciem
1324 3830 1481 3871 suam
1528 3815 1701 3870 ibant.
1751 3814 1842 3871 10.
1874 3815 1943 3871 Et

357 3914 664 3972 similitudo
682 3911 947 3967 facierum
971 3926 1186 3975 eorum,
1209 3907 1377 3965 facies
1404 3910 1665 3977 hominis,
1692 3919 1747 3966 et
1773 3909 1942 3967 facies

358 4009 540 4065 leOnis
571 4022 601 4061 a
636 4006 827 4060 dextra
876 4011 1114 4074 quatuor
1148 4001 1235 4065 iis,
1268 4011 1323 4056 et
1366 3999 1535 4058 facies
1571 4003 1711 4057 tauri
1742 4019 1773 4057 a
1808 4003 1944 4059 sini-

358 4116 472 4160 stra
503 4111 743 4172 quatuor
773 4100 863 4167 iis,
906 4109 963 4153 et
987 4097 1156 4153 facies
1187 4095 1385 4165 aquila:
1441 4105 1679 4166 quatuor
1734 4096 1822 4151 iis.
1852 4096 1940 4151 11.

362 4199 430 4269 (Ῑ)
466 4194 532 4249 Et
562 4193 731 4248 facies
762 4206 978 4257 eorum,
1006 4198 1061 4246 et
1087 4189 1188 4245 alae
1215 4204 1403 4243 eorum
1427 4200 1667 4242 extensae
1709 4188 1943 4257 desuper

358 4296 597 4359 quatuor
624 4285 716 4351 iis;
742 4283 1041 4353 unicuique
1068 4280 1191 4336 dua:
1216 4278 1381 4335 simul
1405 4278 1611 4348 juncta:
1658 4277 1726 4331 ad
1766 4292 1826 4333 se
1858 4277 1943 4331 in-

358 4382 563 4443 vicem,
589 4386 645 4431 et
669 4377 793 4432 duae
824 4374 1079 4443 tegebant
1111 4386 1277 4442 super
1299 4385 1504 4440 corpus
1529 4383 1746 4436 eorum,
1778 4369 1866 4423 l2.
1888 4377 1944 4424 et

2045 3183 2163 3229 erat
2202 3173 2257 3227 in
2290 3174 2449 3229 rotis.
2480 3173 2572 3227 22.
2608 3172 2675 3226 Et
2696 3172 2998 3228 similitudo
3022 3189 3187 3244 super
3210 3184 3373 3244 caput
3394 3175 3476 3229 eis
3506 3174 3631 3229 ani-

2044 3267 2275 3322 malium
2307 3265 2466 3337 quasi
2499 3266 2930 3329 firmamentum,
2963 3265 3122 3334 quasi
3158 3265 3453 3336 adspectus
3497 3280 3621 3337 cry-

2044 3358 2191 3412 stalli
2224 3357 2508 3421 terribilis,
2540 3367 2824 3412 extensum
2877 3372 3042 3426 super
3081 3358 3197 3412 alas
3235 3371 3428 3412 eorum
3457 3357 3628 3413 desu-

2044 3465 2178 3520 per:
2221 3449 2313 3504 23.
2364 3457 2419 3503 et
2446 3449 2548 3504 sub
2598 3449 2944 3503 firmamento
2983 3446 3083 3502 ala:
3129 3461 3320 3502 eorum
3360 3456 3632 3514 extensa,

2045 3541 2296 3595 volantes
2321 3540 2489 3593 altera
2517 3536 2674 3593 alteri
2701 3555 2714 3591 :
2741 3537 3038 3608 unicuique
3064 3538 3185 3593 dua:
3233 3538 3400 3593 simul
3428 3539 3626 3596 obvol-

2045 3645 2255 3695 ventes,
2287 3631 2640 3685 obvolventes
2682 3644 2916 3699 corpora
2948 3644 3159 3697 eorum,
3194 3632 3264 3700 Χ
3292 3640 3348 3686 et
3373 3632 3495 3687 dua:
3540 3642 3625 3689 te.

2045 3736 2234 3797 gentes
2285 3723 2389 3782 sibi
2432 3737 2665 3791 corpora
2709 3737 2811 3776 sua
2848 3721 2897 3790 ζ.
2939 3721 3031 3777 24.
3078 3720 3147 3776 Ει
3192 3722 3375 3777 audivi
3429 3738 3625 3781 vocem

2043 3820 2257 3875 alarum
2288 3831 2505 3881 eorum,
2559 3812 2715 3885 quasi
2765 3827 2953 3869 vocem
3005 3829 3162 3886 aqua:
3196 3816 3402 3883 multae,
3458 3819 3620 3887 quasi

2043 3926 2235 3966 vocem
2261 3908 2361 3981 (ni)
2410 3906 2771 3963 suﬂicientis:
2818 3921 2944 3962 cum
2990 3906 3154 3973 irent,
3201 3924 3307 3964 vox
3350 3910 3632 3966 sermonis

2044 4002 2205 4074 quasi
2248 4016 2356 4056 vox
2410 4008 2746 4064 castrorum,
2788 4005 2995 4052 etcum
3042 4008 3277 4067 starent,
3329 4003 3626 4057 cessabant

2044 4096 2146 4149 ala:
2177 4108 2391 4149 eorum.
2432 4090 2525 4146 25.
2565 4092 2645 4162 (η)
2678 4085 2745 4140 Et
2796 4101 2926 4143 ecce
2958 4101 3062 4143 vos
3113 4108 3278 4164 super
3310 4093 3632 4149 ﬁrmamen-

2045 4195 2187 4250 tum,
2217 4184 2364 4255 quod
2390 4193 2510 4241 erat
2538 4198 2701 4252 super
2724 4202 2887 4259 caput
2910 4202 3124 4251 eorum,
3148 4190 3216 4256 Χ
3241 4201 3366 4241 cum
3391 4197 3626 4248 starent.

2045 4280 2342 4334 cessabant
2387 4278 2489 4333 ala:
2521 4294 2736 4345 eorum,
2771 4280 2863 4340 26.
2913 4290 2967 4337 et
2997 4295 3164 4350 super
3194 4278 3632 4339 ﬁrmamentum.

2048 4373 2195 4443 quod
2227 4387 2393 4442 super
2413 4381 2578 4444 caput
2604 4389 2793 4428 eorum
2822 4376 2869 4444 ζ,
2902 4374 3063 4446 quasi
3102 4372 3391 4442 adspectus
3427 4372 3630 4441 lapidis

361 4466 801 4539 unumquodque
827 4480 895 4519 ex
925 4465 1005 4519 eis
1039 4477 1226 4518 coram
1257 4460 1396 4517 facie
1428 4474 1529 4517 sua
1584 4460 1696 4515 ibat
1723 4478 1737 4514 :
1798 4474 1940 4529 quo-
1970 4432 2015 4493 Ο
2048 4466 2282 4536 saphiri,
2322 4465 2631 4522 similitudo
2658 4466 2839 4522 throni
2867 4432 3032 4537 super
3062 4481 3149 4531 eo,
3181 4474 3236 4521 et
3274 4479 3438 4535 super
3469 4464 3632 4519 simi-

358 4577 595 4633 rumque
626 4561 739 4616 ibat
765 4559 1015 4630 spiritus,
1041 4557 1214 4621 ibant,
1256 4563 1312 4609 et
1344 4568 1454 4609 non
1514 4553 1941 4619 revertebantur,

359 4661 429 4727 Χ
456 4672 581 4713 cum
631 4655 773 4709 irent
804 4651 971 4723 ζ.1’5.
1012 4648 1077 4703 Et
1111 4650 1167 4703 in
1217 4648 1398 4703 medio
1440 4647 1763 4701 animalium
1808 4647 1946 4701 visio

358 4752 517 4822 quasi
567 4747 872 4804 carbonum
924 4741 1066 4814 ignis
1107 4740 1442 4804 ardentium,
1483 4739 1558 4811 (g)
1594 4739 1756 4809 quasi
1805 4738 1944 4793 visio

357 4842 671 4916 lampadum
719 4841 789 4907 Χ
821 4845 906 4893 est
955 4834 979 4903 ζ
1024 4849 1084 4889 se
1113 4833 1604 4903 circumagentium
1658 4831 1715 4885 in
1764 4831 1945 4885 medio

357 4935 707 4998 animalium,
737 4940 793 4987 et
823 4928 1084 5001 splendor
1114 4925 1277 4996 ignis,
1322 4932 1377 4979 et
1411 4939 1479 4978 ex
1518 4927 1644 4994 igne
1698 4924 1943 4993 egredie-

356 5032 516 5087 batur
546 5027 689 5083 sicut
726 5024 946 5094 fulgur:
988 5020 1078 5074 M.
1113 5022 1182 5088 Χ
1231 5028 1286 5073 et
1317 5016 1581 5071 animalia
1620 5016 1940 5078 currebant,

356 5134 413 5179 et
438 5122 709 5183 redibant,
740 5117 815 5189 (h)
845 5115 991 5173 sicut
1033 5113 1175 5169 visio
1220 5111 1393 5167 Bezec
1427 5110 1477 5179 ζ.
1516 5111 1607 5165 15.
1632 5110 1698 5167 Et
1722 5111 1859 5177 vidi,
1891 5120 1945 5167 et

2043 4558 2276 4614 litudine
2313 4559 2495 4613 throni
2526 4559 2829 4614 similitudo
2858 4560 3019 4629 quasi
3048 4559 3341 4628 adspectus
3381 4557 3626 4612 hominis

2044 4650 2297 4719 desuper.
2332 4648 2425 4703 27.
2485 4648 2550 4702 Et
2597 4649 2706 4703 vidi
2741 4650 2901 4719 quasi
2934 4649 3252 4718 adspeetum
3298 4648 3506 4711 electri,
3558 4652 3625 4715 Χ

2045 4741 2203 4810 quasi
2231 4741 2550 4809 adspeetum
2598 4741 2741 4813 ignis
2773 4743 2840 4809 Χ
2877 4742 3210 4796 intrinsecus
3239 4740 3357 4810 ejus
3386 4740 3635 4795 circum-

2046 4833 2193 4886 circa
2233 4833 2258 4902 ζ
2307 4849 2338 4886 a
2389 4833 2597 4888 visione
2653 4834 2847 4898 lumbi,
2889 4840 2943 4888 et
2990 4848 3197 4902 supra:
3238 4841 3296 4886 et
3335 4848 3366 4886 a
3413 4832 3635 4887 visione

2050 4925 2245 4992 lumbi,
2291 4935 2347 4979 et
2394 4940 2569 4996 usque
2601 4925 2860 4981 deorsum
2894 4924 3007 4980 vidi
3063 4924 3329 4979 visionem
3378 4924 3543 4995 ignis,
3573 4934 3633 4980 et

2048 5019 2307 5089 Splendor
2336 5019 2456 5089 ejus
2497 5018 2881 5081 circumcirca,
2914 5018 3005 5072 28.
3063 5018 3207 5074 sicut
3250 5016 3389 5071 visio
3439 5031 3629 5083 arcus,

2053 5110 2275 5183 quando
2324 5110 2493 5165 fuerit
2550 5110 2604 5165 in
2636 5111 2785 5167 nube
2834 5111 2890 5168 in
2929 5111 3017 5167 die
3075 5110 3294 5181 pluviae,
3337 5109 3420 5165 sic
3462 5109 3636 5164 statio

430 5236 509 5307 (α)
581 5236 670 5299 8.,
704 5248 828 5307 cum
862 5248 1041 5307 essem
1075 5234 1128 5286 in
1156 5229 1571 5307 demigratione.
1615 5227 1692 5299 (b)
1719 5228 1806 5307 S._,_
1844 5228 1957 5283 vidi
1988 5244 2121 5307 vero
2147 5226 2509 5307 sicutgﬂatum
2537 5230 2925 5298 procellosum.
2958 5227 3035 5307 (ej
3073 5225 3209 5281 Heb.
3254 5225 3493 5307 Domini.
3543 5224 3630 5295 (ά)

358 5294 449 5370 8.,
476 5294 530 5361 et
570 5294 939 5375 fulgurabant,
982 5305 1124 5375 sicut
1151 5294 1411 5375 aspectus
1443 5294 1882 5375 laminm'politae
1913 5300 2058 5355 teris.
2083 5300 2172 5375 _(e)
2211 5310 2281 5375 et_
2304 5298 2473 5375 facies
2506 5294 2699 5375 eorum
2734 5294 2975 5375 quatuor
3012 5294 3395 5375 'ipsoruni._(/)_
3435 5294 3527 5375 8.ἱ
3556 5294 3634 5353 et

358 5368 553 5430 contra
584 5368 754 5431 facies
786 5389 978 5428 eorum
1012 5374 1112 5426 ala:
1140 5368 1356 5433 eorum,
1394 5372 1469 5439 (g)
1494 5368 1581 5433 S.,
1602 5368 1722 5424 erat
1757 5379 1938 5424 autem
1975 5380 2029 5424 et
2052 5368 2195 5425 sient
2232 5369 2374 5424 visio
2406 5370 2719 5439 lampadum

2841 5384 2871 5424 c
2900 5370 3192 5423 transiens.
3245 5367 3323 5438 (Ii)
3356 5367 3442 5431 8.,
3481 5367 3634 5423 sicut

358 5449 501 5501 visio
526 5445 837 5517 splendoris
866 5440 1296 5517 fulguris._fjnum
1344 5437 1685 5517 inspicerem
1709 5448 1893 5517 autem
1925 5440 2205 5517 animalia,
2251 5441 2369 5517 visa
2405 5437 2661 5517 es_t__'rota
2696 5455 2804 5517 una
2832 5440 2892 5517 in
2930 5448 3106 5517 terra“
3127 5437 3287 5517 juxta
3337 5437 3630 5504 animalia,

359 5507 575 5571 habens
593 5525 832 5586 quatuor
862 5507 1049 5586 facies.
1089 5512 1151 5583 (ἱ)
1173 5508 1257 5586 8.,
1282 5507 1581 5586 hyacinthi.
1619 5508 1691 5579 (lt)
1717 5508 1803 5586 S._,
1839 5519 1894 5565 et
1941 5510 2105 5586 statio
2136 5520 2259 5586 erat
2272 5509 2626 5586 animalibus,
2663 5519 2717 5586 et
2752 5510 3007 5586 altitudo.
3050 5507 3115 5578 (ι)
3144 5507 3632 5586 8.,ηιιυοομωςιιᾳ

358 5588 572 5641 ferebat
599 5578 828 5655 spiritus
859 5578 1215 5655 impetumad
1237 5578 1502 5655 eundum,
1525 5595 1592 5635 eo
1623 5578 1749 5655 cum
1779 5582 1883 5635 iret
1916 5581 2166 5650 spiritus.
2188 5580 2354 5655 etiam
2378 5589 2510 5635 rota:
2535 5580 2700 5635 simul
2726 5580 3079 5655 elevabautur
3112 5578 3365 5633 similiter
3392 5579 3495 5634 eis.
3528 5578 3630 5648 (in)

361 5651 646 5722 EAAAAI',
682 5656 850 5723 Sadjo
880 5654 1138 5723 potentis.
1187 5653 1260 5721 (η)
1297 5653 1380 5715 8.,
1422 5662 1476 5706 et
1505 5666 1626 5705 mm
1661 5651 1811 5706 fieret
1837 5665 1939 5704 vos
1988 5666 2155 5721 super
2184 5651 2622 5718 firmamentum,
2651 5651 2798 5723 quod
2845 5660 2963 5708 erat
3010 5663 3173 5719 super
3199 5658 3364 5719 caput
3410 5664 3629 5717 eorum,

363 5730 603 5789 stabant,
642 5735 692 5782 et
725 5725 1010 5780 cessabant
1040 5725 1139 5778 ala:
1168 5737 1381 5777 eorum.
