3864 6220
244 305 387 363 ξω

1536 313 1942 371 essemus
1967 302 2200 375 CAPUT
2223 321 2314 379 iv.

3377 339 3520 401 26%

244 419 560 492 splendoris
596 419 977 478 circumcirca.
1014 420 1140 479 Haec
1171 424 1310 480 visio
1362 426 1739 486 similitudinis
1777 440 1832 487 et
1860 435 1907 490 Δ
1938 443 2114 503 ιυυηι,
2149 447 2205 493 et
2235 440 2467 498 auribus
2493 444 2602 500 tuis
2628 445 2755 502 audi
2782 466 2795 502 :
2828 449 2919 505 11.
2955 460 3011 507 et
3036 452 3194 521 vade,
3224 452 3519 527 ingredere

242 513 433 585 gloria
458 515 675 570 Domini
699 533 711 569 :
740 525 797 571 et
819 515 951 581 vidi,
975 528 1030 573 et
1050 519 1189 576 cado
1210 536 1378 589 super
1401 520 1594 578 faciem
1630 540 1827 590 meam,

239 611 294 658 et
321 605 511 660 audivi
543 620 731 661 vocem
765 607 1061 678 loquentis.
1818 690 1823 694 δ

313 698 453 769 Cap.
491 698 655 766 11,1.
686 698 756 754 Ει
798 701 940 756 dixit
990 702 1058 758 ad
1102 719 1229 759 me:
1278 703 1379 760 Fili
1433 708 1693 775 hominis,
1745 722 1827 767 sta

244 804 415 858 super
447 789 612 859 pedes
659 799 805 857 tuos,
837 792 914 863 (ο)
961 804 1016 849 et
1046 794 1242 866 loquar
1267 798 1335 852 ad
1384 808 1455 854 te.
1490 800 1543 854 2.
1584 801 1651 856 Et
1686 806 1830 861 venit

246 897 419 951 super
459 898 545 937 me
566 883 813 953 spiritus,
843 894 899 940 et
928 890 1193 945 assumsit
1222 906 1327 957 me,
1362 901 1418 947 et
1444 894 1676 950 elevavit
1719 914 1825 962 me,

242 986 298 1028 et
328 976 525 1029 statuit
561 992 645 1032 me
675 993 841 1048 super
872 981 1038 1050 pedes
1073 998 1248 1046 meos,
1279 994 1333 1041 et
1365 988 1653 1043 audiebam
1699 1008 1824 1046 eum

244 1066 558 1137 loquentem
590 1070 658 1124 ad
687 1085 793 1127 me.
825 1070 882 1126 3.
918 1073 983 1127 Et
1010 1074 1149 1131 dixit
1172 1077 1238 1131 ad
1269 1094 1395 1135 me:
1432 1079 1531 1134 Fili
1565 1082 1821 1152 hominis,

238 1158 403 1213 mitto
432 1171 483 1215 te
506 1175 607 1231 ego
639 1161 709 1217 ad
738 1162 963 1220 domum
988 1164 1228 1235 lsraelis,
1277 1174 1667 1231 exacerbantes
1714 1193 1822 1244 me,

244 1250 341 1319 qui
368 1252 773 1308 exacerbarunt
802 1271 911 1321 me,
946 1256 1051 1328 ipsi
1087 1269 1142 1315 et
1171 1271 1350 1331 patres
1378 1280 1570 1321 eorum
1598 1269 1669 1338 Χ
1697 1285 1825 1340 per-

245 1341 352 1397 fide
377 1346 682 1414 egeruntin
718 1362 807 1403 me
862 1350 885 1419 ζ
927 1365 1103 1422 usque
1146 1354 1214 1409 ad
1276 1356 1421 1412 diem
1473 1360 1820 1424 hodiernum.

237 1431 400 1531 μὴ(
446 1433 513 1489 Et
558 1437 655 1493 filii
702 1438 827 1495 duri
878 1440 1041 1511 faeie,
1086 1456 1141 1501 et
1190 1447 1313 1504 duri
1364 1452 1569 1510 corde:
1603 1470 1708 1527 ego
1742 1460 1820 1531 (p)

236 1523 399 1579 mitto
431 1534 482 1581 te
514 1527 581 1583 ad
630 1543 727 1585 eos
756 1531 803 1600 ζ.
848 1531 916 1587 Ει
942 1534 1095 1591 dices
1123 1538 1193 1592 ad
1224 1554 1355 1596 eos:
1391 1541 1520 1599 Hzec
1551 1523 1687 1603 dicit
1712 1523 1821 1606 Do;

241 1618 448 1676 minus.
489 1620 543 1676 5.
574 1620 649 1692 (q)
685 1622 742 1678 Si
775 1623 915 1681 forte
950 1628 1201 1697 audiant,
1248 1643 1344 1688 aut
1390 1648 1643 1707 paveant,
1692 1643 1821 1714 quia

233 1712 441 1769 domus
471 1714 698 1774 irritans
728 1728 831 1784 est,
858 1729 913 1774 et
941 1721 1137 1790 scicnt,
1168 1726 1315 1794 quod
1360 1730 1625 1801 prepheta
1666 1712 1727 1791 es
1758 1746 1817 1792 tu

237 1805 292 1858 in
330 1807 511 1861 medio
539 1824 753 1868 eorum.
784 1811 838 1867 6.
866 1811 932 1869 Et
965 1823 1044 1881 tu,
1089 1815 1167 1873 fili
1212 1816 1476 1891 hominis,
1511 1841 1578 1880 ne
1622 1827 1818 1886 timeas

230 1916 354 1965 eos,
382 1911 438 1956 et
466 1919 493 1955 a
526 1902 666 1959 facie
690 1920 883 1961 eorum
914 1924 983 1964 ne
1014 1910 1374 1983 obstupescas
1402 1932 1419 1983 ;
1461 1916 1532 1989 (r)
1565 1921 1695 1990 quia
1727 1938 1821 1979 ve-

237 1995 392 2049 nient
442 1995 496 2048 in
536 1996 742 2067 impetu
776 2016 902 2056 cum
944 2001 1195 2073 insania,
1229 2018 1284 2063 et
1330 2008 1615 2083 insurgent
1656 2032 1822 2088 super

229 2095 288 2139 te
314 2088 699 2155 circumcirca,
737 2101 792 2147 et
817 2092 871 2147 in
895 2095 1079 2152 medio
1107 2100 1461 2171 scorpionum
1485 2114 1539 2160 tu
1568 2106 1817 2167 habitas:

234 2177 399 2232 verba
435 2194 627 2233 eorum
662 2196 732 2236 ne
766 2181 993 2250 timeas,
1028 2194 1083 2240 et
1115 2201 1147 2241 a
1198 2188 1338 2244 facie
1371 2206 1564 2248 eorum
1609 2211 1680 2252 ne
1718 2198 1820 2253 ob-

230 2278 523 2339 stupescas
547 2288 562 2336 ;
590 2273 720 2343 quia
744 2275 943 2332 domus
974 2276 1198 2336 irritans
1245 2291 1348 2338 est.
1381 2283 1432 2338 7.
1464 2285 1532 2341 Et
1578 2286 1821 2360 loqueris

231 2362 403 2416 verba
436 2378 558 2418 mea
585 2363 654 2418 ad
684 2380 801 2429 eos,
832 2366 879 2421 si
905 2365 1045 2424 forte
1083 2371 1333 2439 audiant,
1383 2384 1479 2430 aut
1508 2379 1818 2449 trepident;

228 2456 362 2523 quia
389 2453 588 2511 domus
619 2456 842 2515 irritatis
863 2470 969 2516 est.
993 2462 1050 2517 8.
1089 2461 1158 2517 Et
1184 2474 1264 2531 tu,
1291 2465 1363 2522 fili
1398 2468 1661 2538 hominis,
1688 2475 1819 2531 audi

230 2545 550 2615 loquentem
579 2547 647 2603 ad
681 2556 767 2603 te:
802 2566 872 2605 ne
906 2552 984 2607 sis
1009 2552 1251 2622 irritans,
1293 2556 1436 2614 sicut
1462 2560 1661 2619 domus
1692 2563 1821 2620 irri-

228 2648 395 2693 tans:
430 2640 579 2709 aperi
620 2655 685 2697 os
718 2650 896 2708 tuum,
927 2653 981 2700 et
1008 2649 1236 2704 comede
1278 2652 1424 2721 quod
1462 2668 1563 2725 ego
1590 2656 1661 2711 do
1696 2657 1816 2714 tibi.

229 2730 287 2786 9.
325 2731 394 2786 Et
422 2732 555 2800 vidi,
578 2742 631 2788 et
653 2749 781 2790 ecce
811 2752 1008 2793 manus
1030 2746 1258 2798 extensa
1278 2744 1346 2799 ad
1366 2759 1475 2810 me,
1497 2754 1553 2803 et
1572 2747 1626 2803 in
1652 2764 1717 2805 ea
1746 2750 1815 2824 (ι)

226 2823 538 2894 capitulum
576 2826 722 2884 libri.
754 2828 845 2883 10.
888 2829 956 2885 Et
980 2834 1245 2902 expandit
1299 2836 1435 2894 illud
1469 2854 1654 2897 coram
1689 2859 1816 2917 me:

229 2924 290 2971 et
318 2915 375 2970 in
404 2931 471 2971 eo
493 2920 699 2989 scripta
722 2930 879 2976 erant
906 2939 935 2977 a
962 2922 1144 2982 fronte
1163 2926 1283 2997 ejus
1308 2938 1364 2985 et
1400 2946 1431 2986 a
1460 2939 1618 3003 tergo
1654 2916 1774 3007 ejus
1801 2957 1815 2993 :

224 3017 287 3063 et
316 3009 583 3079 scriptum
617 3021 736 3068 erat
768 3014 823 3069 in
853 3016 1285 3087 eoiamentatio,
1313 3030 1370 3078 et
1411 3023 1479 3095 (t)
1512 3028 1813 3097 canticum,

230 3107 287 3153 οι
316 3114 419 3154 γε.

301 3192 436 3263 Cap.
461 3192 557 3258 111,
587 3193 639 3249 1.
661 3193 723 3251 Et
748 3196 885 3253 dixit
905 3198 972 3254 ad
994 3213 1081 3254 me
1105 3219 1118 3255 :
1144 3201 1248 3258 Fili
1270 3203 1533 3275 hominis,
1559 3213 1627 3280 ὶι(
1649 3214 1819 3283 quod-

228 3300 472 3357 cumque
498 3286 797 3357 inveneris,
821 3291 923 3346 ede
952 3292 1001 3360 ζ,
1028 3295 1255 3349 comede
1289 3298 1588 3367 capitulum
1613 3304 1736 3373 hoc,
1766 3318 1820 3364 et

232 3379 396 3444 vade,
432 3386 489 3435 et
523 3381 751 3452 loquere
782 3384 851 3439 ad
890 3385 1031 3442 filios
1076 3387 1312 3445 lsraelis.
1353 3390 1411 3445 2.
1450 3393 1515 3448 Et
1546 3399 1722 3466 aperit
1755 3416 1818 3458 os

228 3486 441 3537 meum,
480 3481 536 3528 et
557 3474 721 3530 edere
748 3474 879 3532 fecit
907 3493 995 3533 me
1018 3481 1316 3551 capitulum
1350 3484 1475 3542 hoc.
1498 3488 1551 3542 5.
1582 3489 1649 3545 Et
1680 3494 1820 3550 dixit

224 3563 297 3617 ad
335 3580 422 3618 tne
448 3582 460 3619 :
492 3564 597 3620 Fili
630 3566 891 3634 hominis,
923 3586 986 3627 os
1018 3581 1170 3629 tuum
1203 3577 1348 3643 edet,
1374 3591 1428 3634 et
1460 3593 1653 3640 venter
1682 3596 1811 3644 tuus

232 3656 554 3726 implebitnr
578 3661 821 3731 capitulo
848 3662 954 3720 hoc
989 3666 1114 3721 dato
1159 3670 1213 3728 in
1250 3679 1320 3727 te.
1354 3672 1419 3729 Et
1444 3676 1530 3731 edi
1576 3677 1731 3745 illud,
1762 3690 1819 3736 et

232 3749 440 3806 factum
471 3763 557 3808 est
577 3754 632 3808 in
673 3770 772 3812 ore
799 3772 943 3824 meo,
978 3759 1124 3815 sicut
1147 3762 1253 3818 mel
1284 3765 1466 3822 dulce.
1505 3768 1561 3823 4.
1586 3769 1655 3826 Et
1681 3772 1819 3828 dixit

230 3843 301 3898 ad
351 3859 478 3899 me:
513 3843 615 3900 Fili
655 3847 919 3917 hominis,
957 3852 1113 3919 vade,
1149 3854 1436 3926 ingredere
1473 3861 1541 3915 ad
1591 3860 1814 3918 domum

229 3933 476 4004 lsraelis,
508 3946 564 3993 et
594 3938 820 4010 loquere
843 3943 1011 3999 verba
1039 3961 1160 4003 mea
1196 3948 1263 4003 ad
1300 3964 1416 4006 eos.
1451 3952 1505 4007 5.
1547 3952 1816 4021 Quoniam

233 4044 342 4085 non
366 4029 436 4085 ad
462 4032 724 4103 populum
757 4036 1091 4105 profundum
1122 4041 1269 4098 labio
1292 4053 1347 4099 et
1382 4062 1601 4116 gravem
1627 4049 1813 4121 lingua

232 4132 290 4176 tu
312 4122 550 4180 mitteris
571 4125 642 4181 ad
670 4127 895 4183 domum
920 4128 1140 4189 lsraelis
1164 4153 1177 4188 :
1209 4134 1263 4190 6.
1291 4152 1469 4207 neque
1492 4141 1559 4195 ad
1582 4144 1817 4212 populos

234 4213 441 4268 multos
470 4216 682 4273 alienos
717 4220 970 4288 vocibus,
1011 4234 1105 4278 aut
1133 4224 1344 4281 alienos
1382 4228 1591 4300 lingua,
1638 4220 1817 4305 neque

230 4306 327 4375 qui
356 4316 486 4362 sunt
521 4309 793 4366 obfirmati
826 4312 1035 4382 lingua,
1071 4331 1309 4386 quorum
1343 4335 1410 4376 ne
1456 4322 1652 4380 audias
1692 4342 1813 4383 ser—

231 4415 425 4458 mones
452 4418 682 4461 eorum:
716 4414 770 4461 et
801 4406 847 4461 si
874 4406 940 4462 ad
986 4407 1122 4463 tales
1165 4412 1435 4469 mitterem
1468 4424 1543 4484 te,
1584 4418 1639 4473 hi
1684 4420 1815 4476 obe-

1935 529 1989 583 in
2026 532 2396 601 captivitatem
2433 537 2499 591 ad
2550 536 2692 591 ﬁlios
2726 541 2910 611 populi
2944 544 3043 610 tui,
3083 553 3139 600 et
3171 545 3416 616 loqueris
3449 550 3514 604 ad

1931 635 2049 682 eos.
2080 631 2134 677 et
2156 623 2308 679 dices
2337 626 2402 679 ad
2431 641 2528 682 eos
2555 646 2567 681 :
2595 628 2722 683 Haec
2752 630 2886 685 dicit
2914 631 3176 689 Dominus
3211 636 3476 693 Dominus
3500 656 3515 694 :

1931 715 1977 768 si
2008 714 2150 772 forte
2174 718 2423 784 audiant,
2466 720 2512 775 si
2544 720 2686 777 forte
2723 725 3048 781 concedant.
3080 727 3169 782 12.
3198 727 3266 784 Et
3295 747 3516 787 assum-

1930 805 2001 861 sit
2028 822 2114 862 me
2145 808 2394 878 spiritus,
2432 820 2486 866 et
2516 813 2697 867 audivi
2731 829 2761 868 a
2795 823 2949 885 tergo
2977 833 3099 873 meo
3138 835 3327 881 vocem
3364 837 3515 875 com-

1933 900 2190 956 motionis
2222 917 2453 974 magnae,
2487 904 2791 961 dicentium
2826 925 2840 962 :
2870 908 3161 966 Benedicta
3200 912 3373 983 gloria
3408 914 3513 969 Do—

1929 991 2063 1045 mini
2106 992 2175 1047 de
2221 993 2342 1050 loco
2374 1011 2498 1051 suo.
2541 996 2630 1053 15.
2682 997 2750 1053 Ει
2786 1000 2896 1054 vidi
2939 999 3018 1074 (αῖ)
3064 1018 3254 1059 vocem
3301 1006 3511 1060 alarum

1928 1086 2251 1142 animalium
2276 1090 2580 1147 volantium
2606 1109 2714 1149 una
2744 1094 2811 1149 ad
2856 1095 3106 1162 alteram,
3157 1108 3210 1153 et
3238 1114 3341 1153 vox
3368 1109 3515 1153 rota-

1924 1193 2049 1233 rum
2076 1195 2259 1236 coram
2293 1182 2395 1249 eis,
2447 1194 2503 1239 et
2532 1201 2636 1241 vox
2660 1188 3048 1245 commotionis
3100 1192 3167 1258 λ(
3206 1206 3417 1262 magnae
3461 1193 3517 1262 ζ.

1929 1270 2017 1325 14.
2052 1272 2116 1327 Et
2150 1273 2379 1343 spiritus
2400 1275 2635 1332 elevavit
2674 1294 2791 1344 me,
2824 1288 2879 1333 et
2912 1280 3136 1335 sustulit
3166 1296 3275 1349 me,
3317 1292 3367 1336 et
3402 1282 3510 1337 abii

1926 1363 2180 1420 sublimis
2215 1381 2341 1422 aere
2368 1368 2422 1422 in
2453 1368 2657 1439 impetu
2688 1370 2918 1441 spiritus
2948 1372 3078 1438 mei,
3121 1374 3200 1443 (υ)
3227 1384 3281 1429 et
3312 1390 3512 1431 manus

1925 1453 2138 1510 Domini
2174 1455 2316 1513 facta
2349 1470 2432 1514 est
2460 1476 2624 1531 super
2653 1478 2739 1518 me
2762 1473 2976 1533 potens.
3013 1466 3100 1520 l5.
3129 1468 3195 1521 Et
3232 1466 3511 1537 ingressus

1928 1562 2052 1602 sum
2086 1548 2139 1602 in
2173 1549 2547 1620 captivitatem
2578 1553 2833 1610 sublimis
2865 1571 3013 1622 aere,
3041 1567 3096 1612 et
3138 1558 3367 1613 circuiri
3409 1560 3510 1614 ha-

1922 1638 2164 1697 bitantes
2199 1658 2365 1713 super
2396 1643 2621 1699 fluvium
2654 1646 2895 1715 Chobar,
2929 1663 3026 1705 eos
3061 1649 3155 1720 qui
3182 1660 3341 1705 erant
3392 1650 3506 1705 ibi:

1850 1778 1894 1839 Β
1925 1737 1979 1782 et
2014 1729 2130 1783 sedi
2168 1730 2243 1787 ibi
2285 1741 2491 1802 septem
2531 1734 2670 1803 dies,
2706 1735 2778 1807 (κ)
2832 1753 3167 1795 conversans
3213 1740 3267 1794 in
3324 1739 3508 1796 medio

1925 1834 2141 1877 eorum.
2172 1822 2258 1877 16.
2305 1826 2371 1880 Et
2403 1825 2605 1882 factum
2630 1836 2715 1883 est
2741 1839 2865 1899 post
2897 1830 3001 1886 hos
3038 1840 3245 1902 septem
3288 1830 3407 1885 dies
3439 1834 3510 1900 χ

1923 1921 1979 1966 et
2011 1912 2215 1968 factum
2241 1923 2326 1970 est
2356 1917 2379 1987 ζ
2418 1918 2646 1973 verbum
2685 1919 2903 1975 Domini
2929 1922 2994 1977 ad
3025 1938 3134 1991 me,
3161 1924 3390 1979 dicens:
3418 1924 3506 1977 17.

1924 2000 2029 2056 Fili
2058 2002 2319 2072 hominis,
2352 2007 2754 2076 speculatorem
2786 2010 2910 2066 dedi
2943 2020 2994 2067 te
3025 2012 3213 2067 domui
3268 2013 3506 2080 lsraelis,

1922 2103 1977 2150 et
2006 2095 2198 2152 audies
2224 2111 2291 2152 ex
2322 2114 2417 2154 ore
2449 2114 2574 2156 meo
2605 2102 2857 2169 verbum,
2892 2102 2968 2175 (ιι)
2998 2112 3053 2159 et
3080 2106 3511 2162 comminaberis

1921 2184 2004 2241 eis
2040 2201 2072 2241 a
2100 2202 2207 2254 me,
2229 2189 2317 2245 18.
2343 2204 2469 2244 cum
2503 2190 2695 2246 dixero
2727 2191 2961 2263 iniquo:
3003 2192 3174 2249 Morte
3212 2196 3504 2251 morieris:

1922 2289 1979 2335 et
2020 2294 2126 2336 non
2155 2280 2479 2349 distinxistl,
2520 2299 2698 2354 neque
2729 2285 2947 2342 locutus
2978 2303 3038 2343 es
3067 2288 3134 2342 ad
3167 2288 3510 2358 distinguen-

1920 2373 2053 2429 dum
2088 2374 2309 2446 iniquo,
2344 2385 2406 2430 ut
2452 2387 2758 2433 revertatur
2808 2395 2839 2435 a
2890 2380 2992 2435 viis
3023 2381 3161 2444 suis,
3216 2392 3275 2436 ut
3322 2384 3505 2436 vivat:

1922 2464 2148 2536 iniquus
2181 2465 2272 2523 ille
2319 2468 2393 2539 (ὸ)
2418 2467 2473 2522 in
2516 2468 2783 2538 injustitia
2817 2486 2914 2525 sua
2948 2472 3243 2532 morietur.
3293 2480 3348 2527 et
3382 2489 3509 2527 san-

1923 2558 2145 2627 guinem
2180 2558 2305 2629 ejus
2333 2559 2402 2614 de
2434 2577 2601 2615 tuanu
2638 2573 2729 2617 tua
2758 2564 3059 2634 requiram.
3106 2564 3193 2620 19.
3241 2564 3306 2618 Ει
3347 2576 3426 2630 tu,
3458 2566 3507 2621 si

1882 2696 1887 2697 ν
1922 2649 2245 2707 distinxeris
2268 2652 2485 2723 iniquo,
2515 2670 2616 2709 nec
2643 2670 2900 2712 reversus
2925 2656 3091 2713 fuerit
3120 2659 3188 2713 ab
3217 2659 3508 2728 iniquitate

1920 2758 2045 2808 sua,
2083 2754 2139 2799 et
2169 2760 2201 2801 a
2229 2746 2317 2802 via
2346 2762 2469 2815 sua,
2502 2748 2725 2820 iniquus
2747 2751 2837 2807 ille
2868 2752 2923 2809 in
2961 2752 3233 2823 injustitia
3262 2770 3358 2810 sua
3389 2770 3507 2810 mo-

1920 2835 2114 2903 rietur,
2141 2845 2197 2892 et
2228 2844 2285 2892 tu
2317 2840 2559 2895 animam
2588 2850 2735 2897 tuam
2766 2843 3046 2901 liberabis.
3078 2845 3170 2901 20.
3199 2847 3263 2901 Et
3293 2863 3418 2902 cum
3447 2862 3509 2904 se

1919 2929 2183 2983 averterit
2210 2930 2397 3000 justus
2437 2947 2467 2985 a
2493 2932 2728 3003 justitiis
2758 2937 2896 3002 suis,
2919 2945 2975 2995 et
2994 2936 3185 2994 fecerit
3216 2939 3505 3006 delictum,

1923 3021 2089 3075 etiam
2115 3021 2258 3077 dabo
2290 3031 2560 3080 tormenta
2584 3025 2640 3080 in
2675 3025 2871 3083 faciem
2900 3029 3049 3100 ejus:
3077 3031 3193 3101 ipse
3219 3032 3504 3098 morietur,

1845 3138 1889 3197 α
1923 3115 2050 3183 quia
2085 3129 2194 3170 non
2229 3116 2535 3174 distinxisti
2566 3118 2617 3175 ei
2646 3138 2659 3175 :
2702 3131 2756 3176 et
2804 3122 2860 3177 in
2890 3123 3133 3194 peccatis
3162 3125 3278 3179 suis
3308 3126 3507 3181 morie—

1922 3212 2031 3274 tur,
2072 3208 2201 3279 quia
2254 3226 2363 3266 non
2404 3215 2988 3272 commemorabuntur
3018 3218 3068 3273 ei
3093 3216 3323 3288 justitiae
3362 3219 3503 3286 ejus,

1919 3316 2060 3372 quas
2095 3300 2245 3370 fecit,
2288 3313 2345 3360 et
2375 3307 2701 3377 sanguinem
2734 3307 2857 3377 ejus
2907 3308 2976 3364 de
3009 3326 3171 3364 manu
3202 3318 3293 3365 tua
3317 3312 3506 3380 requi-

1922 3408 2063 3448 ram.
2089 3393 2182 3450 21.
2221 3394 2294 3465 (c)
2328 3393 2408 3452 Tu
2438 3407 2621 3454 autem
2656 3399 2704 3453 si
2750 3400 3073 3457 distinxeris
3101 3402 3273 3471 justo,
3330 3414 3389 3457 ut
3437 3419 3508 3458 ne

1920 3496 2129 3557 peccet,
2159 3497 2215 3543 et
2265 3490 2383 3559 ipse
2412 3506 2520 3546 non
2566 3494 2896 3562 peccaverit,
2948 3495 3130 3564 justus
3182 3497 3292 3549 vita
3337 3498 3504 3562 vivet,

1919 3584 2048 3652 quia
2082 3582 2381 3639 distinxisti
2424 3584 2497 3651 ei,
2547 3593 2604 3640 et
2647 3583 2702 3640 tu
2731 3587 2973 3642 animam
3020 3598 3171 3642 tuam
3222 3587 3503 3643 liberabis.

1918 3675 2008 3728 22.
2046 3676 2110 3728 Et
2139 3674 2280 3731 facta
2313 3684 2400 3732 est
2430 3691 2596 3747 super
2640 3693 2727 3733 me
2758 3681 2827 3747 Χ
2855 3679 2927 3734 ibi
2959 3679 2981 3749 ζ
3022 3688 3232 3735 manus
3264 3678 3505 3745 Domini,

1918 3776 1973 3822 et
1996 3768 2134 3822 dixit
2160 3767 2230 3823 ad
2270 3784 2399 3829 me:
2437 3768 2635 3843 Surge,
2672 3781 2727 3826 et
2765 3773 3026 3843 egredere
3058 3773 3110 3827 in
3142 3789 3416 3842 campum,
3451 3780 3507 3830 et

1918 3860 1993 3915 ibi
2032 3861 2298 3917 allocutio
2324 3860 2418 3919 fiet
2445 3863 2514 3919 ad
2550 3872 2621 3920 te.
2654 3863 2745 3919 23.
2788 3863 2856 3920 Et
2885 3866 3123 3932 surrexi,
3165 3874 3221 3920 et
3249 3881 3506 3937 egressus

1919 3969 2039 4009 sum
2071 3953 2128 4009 in
2159 3970 2415 4028 campum
2441 3974 2455 4012 :
2481 3967 2537 4014 et
2563 3972 2691 4014 ecce
2719 3958 2792 4013 ibi
2825 3958 2994 4028 gloria
3038 3957 3254 4013 Domini
3302 3959 3503 4024 Stabat,

1919 4049 2063 4103 sicut
2094 4061 2159 4105 -ε-
2201 4050 2512 4119 adspectus,
2566 4061 2621 4106 et
2663 4050 2812 4107 sicut
2867 4051 2889 4119 ζ
2944 4052 3137 4122 gloria,
3172 4068 3338 4121 quam
3394 4051 3505 4106 vidi

1919 4155 2083 4206 super
2103 4139 2329 4195 ﬂuvium
2365 4140 2605 4197 Chobar.
2625 4141 2693 4199 Et
2722 4144 2860 4199 cado
2882 4158 3046 4213 super
3070 4143 3263 4198 faciem
3303 4160 3502 4207 meant,

1917 4232 2008 4285 2i.
2040 4234 2273 4289 etvenit
2301 4250 2467 4304 super
2506 4250 2595 4291 me
2622 4237 2871 4306 Spiritus,
2902 4246 2956 4292 et
2982 4238 3175 4292 statuit
3212 4254 3299 4291 ine
3340 4252 3508 4308 super

1918 4323 2085 4393 pedes
2114 4337 2292 4391 meos,
2324 4335 2381 4380 et
2418 4327 2638 4382 locutus
2667 4337 2751 4381 est
2799 4329 2865 4382 ad
2903 4344 3010 4391 me,
3046 4338 3102 4383 et
3140 4326 3279 4382 dixit
3324 4329 3456 4382 mihi
3486 4348 3501 4383 :

1924 4412 2239 4484 Ingredere,
2260 4425 2315 4471 et
2336 4416 2619 4474 includere
2650 4419 2702 4473 in
2736 4421 2917 4474 medio
2948 4420 3148 4476 domus
3171 4430 3295 4475 tuae.
3315 4421 3407 4475 25.
3438 4421 3506 4475 Et

227 4492 415 4549 ditent
460 4496 579 4551 tibi.
624 4497 677 4554 7.
730 4499 939 4558 Domus
987 4514 1171 4560 autem
1213 4504 1431 4563 lsraelis
1480 4525 1590 4564 non
1631 4512 1813 4567 volent
1846 4489 1890 4544 θ
1920 4515 2001 4571 ιιι,
2036 4504 2111 4561 ﬁli
2159 4506 2424 4575 hominis,
2461 4526 2590 4566 ecce
2618 4510 2744 4566 data
2788 4522 2918 4567 sunt
2957 4529 3126 4584 super
3160 4522 3215 4568 le
3262 4514 3502 4581 vincula.

226 4589 495 4644 exaudire
536 4598 610 4657 te,
645 4595 772 4664 quia
813 4611 923 4651 non
962 4599 1157 4653 volunt
1199 4601 1461 4657 exaudire
1507 4619 1631 4673 me;
1684 4606 1815 4676 quia

230 4682 420 4738 omnis
445 4684 642 4742 domus
684 4687 904 4745 lsraelis
957 4690 1182 4763 litigiosi
1210 4705 1360 4758 sunt,
1389 4703 1445 4750 et
1476 4695 1598 4751 duri
1627 4700 1813 4756 corde.

233 4772 290 4829 8.
320 4775 386 4831 Et
422 4792 551 4833 ecce
579 4780 705 4834 dedi
730 4780 924 4837 faciem
955 4792 1100 4839 tuam
1124 4794 1399 4855 potentem
1435 4799 1624 4851 contra
1648 4790 1818 4848 facies

231 4878 445 4931 eorum,
476 4875 533 4922 et
552 4872 957 4927 contentionem
987 4883 1137 4930 tuam
1160 4877 1533 4934 corroborabo
1554 4881 1819 4937 adversus

232 4959 644 5016 contentionem
692 4977 905 5032 eorum,
946 4966 1002 5022 9.
1030 4974 1086 5021 et
1110 4967 1236 5036 erit,
1277 4984 1491 5040 semper
1532 4972 1809 5031 duriorem

233 5056 383 5116 petra
412 5052 481 5119 Χ
508 5053 633 5109 dedi
668 5053 751 5125 (ιι)
790 5056 1024 5112 frontem
1061 5066 1212 5114 tuam
1247 5059 1270 5129 ζ
1306 5079 1319 5116 :
1351 5076 1422 5117 ne
1466 5064 1661 5121 timeas
1691 5081 1811 5132 eos,

232 5157 415 5212 neque
443 5160 643 5214 paveas
685 5165 717 5204 a
742 5150 885 5205 facie
917 5168 1129 5218 eorum,
1175 5155 1305 5225 quia
1343 5157 1541 5215 domus
1589 5159 1814 5218 irritans

231 5243 337 5291 est.
372 5236 459 5292 10.
492 5240 554 5295 Et
589 5240 728 5298 dixit
751 5244 818 5299 ad
853 5259 980 5300 me:
1015 5245 1117 5303 Fili
1162 5247 1424 5317 hominis,
1454 5265 1649 5308 omnes
1696 5268 1813 5309 ser-

237 5340 453 5393 mones,
478 5346 617 5402 quos
661 5334 877 5392 locutus
924 5350 1047 5392 sum
1085 5346 1298 5406 tecum,
1346 5357 1568 5400 assume
1601 5344 1657 5399 in
1711 5360 1810 5400 cor

1914 4610 1968 4654 et
2006 4600 2247 4656 vincient
2293 4611 2347 4657 te
2390 4602 2445 4656 in
2480 4604 2577 4669 eis,
2627 4616 2818 4659 etnon
2867 4607 3168 4676 egredieris
3210 4608 3279 4663 de
3324 4608 3504 4662 medio

1915 4710 2131 4751 eorum.
2163 4695 2257 4752 26.
2291 4696 2359 4753 Et
2400 4696 2644 4768 linguam
2689 4707 2836 4753 tuam
2884 4700 3051 4755 simul
3104 4702 3285 4772 ligabo
3326 4706 3392 4771 >ε<
3432 4703 3501 4755 ad

1914 4797 2104 4854 guttur
2161 4797 2317 4844 tuum
2350 4790 2401 4859 ζ,
2447 4800 2502 4846 et
2531 4792 2901 4861 obmutesces,
2938 4802 2991 4849 et
3027 4796 3279 4851 non‘eris
3318 4797 3400 4851 eis
3443 4795 3500 4849 in

1918 4880 2099 4932 virum
2134 4878 2521 4950 objurgantem
2549 4899 2567 4948 ;
2596 4882 2726 4952 quia
2751 4882 2950 4939 domus
3000 4885 3224 4940 irritans
3256 4894 3362 4940 est.
3406 4884 3502 4938 27.

1922 4968 2142 5026 Etcum
2171 4973 2389 5028 locutus
2422 4972 2581 5029 fuero
2616 4975 2683 5029 ad
2723 4985 2795 5042 te,
2840 4977 3080 5046 aperiam
3119 4992 3182 5031 os
3231 4985 3411 5042 tuum,
3448 4986 3504 5031 et

1920 5066 2072 5123 dices
2099 5064 2166 5121 ad
2197 5080 2329 5121 eos:
2373 5064 2500 5122 Haec
2528 5066 2660 5122 dicit
2700 5066 2779 5138 (d)
2806 5070 3019 5124 Adonai
3049 5067 3346 5124 Dominus:
3396 5067 3505 5135 Qui

1919 5159 2090 5226 audit,
2153 5157 2361 5225 audiat,
2410 5166 2466 5213 et
2516 5159 2611 5231 qui
2660 5161 2877 5216 rebellis
2914 5170 3017 5228 est,
3069 5161 3297 5217 rebellet
3326 5177 3340 5227 ;
3373 5162 3504 5231 quia

1918 5252 2116 5307 domus
2143 5250 2367 5307 irritans
2390 5259 2497 5306 est.

1990 5346 2127 5416 Cap.
2164 5344 2253 5399 IV.
2283 5346 2421 5403 -1,
2450 5345 2517 5400 Et
2551 5355 2629 5411 tu,
2662 5345 2739 5401 fili
2776 5347 3052 5412 hominis,
3098 5361 3254 5402 sume
3293 5347 3390 5402 tibi
3426 5347 3508 5402 la-

307 5507 386 5579 (o)
415 5510 558 5613 qudod
590 5512 784 5613 loqttar
808 5516 875 5567 ad
913 5524 991 5597 te.
1042 5515 1432 5613 El‘illglt'e‘ﬁﬁg'ls
1469 5531 1564 5603 .est
1620 5522 1674 5613 inn
1730 5522 1969 5613 medium
2024 5525 2437 5613 mei_spiritu.s.g
2490 5525 2573 5613 if),
2609 5522 3028 5613 ρριιξίξιυελῌζ)
3065 5526 3109 5582 Si
3142 5527 3504 5613 quemadmo-

231 5580 366 5679 dum
400 5580 1160 5679 audivelrinlt,‘agtluieverint.
1200 5580 1315 5679 "(\r)
1352 5589 1433 5655 S.,
1468 5591 1811 5679 impudentes
1849 5595 2000 5679 enim
2038 5580 2281 5679 su‘nt,_:et
2326 5596 2456 5677 sine
2736 5606 2807 5649 te.
2881 5580 3066 5679 (sf-3.,
3093 5580 3383 5679 sci-iptoria
3423 5608 3506 5653 ta-

232 5650 362 5705 bula
400 5653 653 5709 rotunda.
684 5654 748 5725 (t)
783 5650 868 5719 3.,
898 5658 1168 5726 planctus.
1198 5650 1277 5728 (η’)
1298 5650 1735 5719 contentionem.
1781 5665 1818 5737 (α

232 5722 313 5790 ly)
348 5720 433 5785 S.,
468 5738 664 5778 manus
697 5726 844 5780 enim
889 5728 1097 5783 Domini
1124 5738 1243 5783 erat
1280 5746 1443 5790 super
1473 5747 1576 5786 me.
1601 5734 1676 5790 (xl
1713 5732 1798 5790 8..

1926 5664 1977 5732 ἶι,
2058 5650 2384 5721 υιεειίἰοηθιιι
2414 5650 2576 5719 δίηιύι
2625 5664 2687 5735 (i.
2722 5679 2773 5719 e.
2802 5650 3235 5736 complosionem')
3252 5650 3496 5723 alarum.

1926 5775 1966 5790 ..
2014 5681 2270 5790 Eabitans
2300 5750 2420 5790 ezo.
2469 5738 2545 5790 (al
2579 5735 2664 5790 S..
2699 5746 2754 5790 et
2794 5739 3093 5790 nrmvenies
3135 5740 3381 5790 monebis
3406 5755 3496 5790 eos

232 5722 313 5791 ly)
348 5720 664 5803 S.,l_mann.s
689 5720 844 5803 enim
889 5720 1100 5803 Domini
1124 5720 1443 5803 erat'super
1473 5747 1576 5786 me.
1601 5734 1676 5803 (ι)
1713 5720 1800 5801 8.ξ
1832 5720 1966 5798 Ἧι..

2053 5738 2270 5792 abitans
2300 5750 2420 5805 ego.
2469 5738 2545 5807 (α)
2579 5735 2664 5798 8..
2699 5746 2754 5791 et
2793 5735 3093 5807 pravenies
3135 5740 3381 5796 monebis
3406 5755 3503 5796 eos

228 5808 263 5848 ι
292 5809 400 5848 tne.
426 5793 503 5864 (b)
540 5796 593 5849 in
626 5794 933 5869 iniquitate.
964 5799 1035 5871 (c)
1060 5797 1143 5867 8.,
1176 5800 1300 5870 ΤΙι..
1331 5793 1376 5856 si
1406 5816 1536 5857 vero
1565 5793 1893 5874 prteveneris
1919 5793 2195 5863 monueris
2214 5793 2449 5876 justum,
2473 5793 2540 5862 ὶιί
2559 5824 2626 5864 ne
2647 5793 2854 5878 peccet.
2890 5809 2969 5881 (ά)
3004 5793 3285 5866 Dominus.
