3864 6220
372 277 518 335 2695
1487 257 1717 337 codex
1767 260 2536 338 SYRIACO-HEXAPLARIS
3318 266 3333 281 ’
3502 278 3641 335 2696

375 406 567 461 terem,‘
602 402 656 450 et
685 408 853 465 pones
882 408 1009 451 eum
1033 403 1159 451 ante
1176 393 1371 451 faciem
1402 404 1573 463 tuam,
1597 407 1653 453 et
1671 398 1949 455 describes
1978 404 2025 463 Α
2054 399 2232 469 panis,
2288 408 2342 455 et
2369 414 2563 469 aqum:
2599 407 2652 454 et
2702 384 3087 468 corrumpetur
3132 395 3314 463 homo,
3368 402 3423 449 et
3477 393 3640 449 fratcr

371 502 539 557 super
565 500 633 542 eo
662 485 855 542 urbem
889 483 1196 541 Jerusalem
1226 506 1240 542 :
1269 487 1324 544 2.
1358 496 1413 543 et
1440 488 1600 545 dabis
1635 506 1803 560 super
1829 506 1950 545 eam
2056 492 2198 563 ejus,
2228 498 2281 545 et
2308 492 2612 562 liquescent
2639 491 2693 545 in
2722 489 3006 561 injustitiis
3036 487 3173 544 suis.

371 579 441 649 (ε)
471 576 855 643 inclusionem,
890 586 945 633 et
976 577 1271 634 aedificabis
1307 594 1472 650 super
1501 596 1619 636 eam
1653 581 1719 651 (Γ)
1750 597 1954 652 propu-
2125 585 2262 655 Cap.
2296 583 2533 640 V.-—Et
2557 593 2639 649 tu,
2665 584 2740 640 ﬁli
2784 583 3042 649 hominis,
3077 596 3234 638 sume
3272 580 3370 636 tibi
3394 578 3634 651 gladium

369 671 621 742 gnacula,
647 680 701 725 et
724 670 897 741 jacies
927 685 1092 740 super
1109 687 1229 728 eam
1264 671 1491 740 fossam,
1526 681 1581 728 et
1606 674 1764 730 dabis
1788 690 1953 745 super
2054 684 2272 731 acutum
2326 676 2451 747 plus
2500 691 2665 747 quam
2723 674 2993 731 novacula
3024 672 3287 738 tonsoris,
3327 682 3381 727 et
3422 671 3641 742 posside

368 777 489 817 eam
535 771 738 829 castra,
778 770 833 817 et
878 762 1161 817 ordinabis
1213 766 1481 823 stationes
1531 775 1587 821 et
1642 768 1868 824 balistas
1897 769 1951 824 in
2051 782 2176 823 eum
2205 768 2323 835 tibi,
2354 768 2658 824 ctinducas
2675 782 2800 823 eum
2825 781 2988 837 super
3013 773 3178 835 caput
3212 772 3638 832 tuum,etsupcr

366 869 522 926 gyro.
553 855 607 909 3.
636 852 701 909 Et
727 865 784 911 tu
816 871 973 911 sume
996 856 1093 911 tibi
1130 858 1462 928 sartaginem
1498 858 1662 926 ferri,
1700 870 1753 916 et
1777 877 1951 932 ponas
2052 858 2277 914 barbam
2312 869 2462 914 tuam
2491 876 2507 915 :
2533 869 2588 914 et
2617 872 2804 914 sumes
2842 860 2909 925 χ
2936 855 3031 910 tibi
3074 858 3097 926 ζ
3137 863 3394 910 stateram
3430 853 3637 924 ponde-

364 961 487 1000 eam
514 946 777 1016 parietem
828 946 957 1003 ferri
993 949 1137 1004 inter
1175 958 1228 1005 te
1266 958 1322 1005 et
1356 950 1501 1005 inter
1543 952 1755 1019 urbem,
1788 952 1864 1025 (g)
1897 964 1951 1010 et
2051 966 2197 1017 rum,
2226 961 2281 1006 et
2307 950 2518 1006 divides
2544 950 2726 1005 θεῖε.
2765 959 3019 1020 quartam
3060 956 3269 1017 partem
3321 946 3375 1001 in
3412 946 3536 1017 igne
3559 945 3637 1017 (η)

363 1035 587 1106 parabis
614 1035 810 1092 faciem
850 1047 1003 1094 tuum
1034 1053 1201 1109 super
1219 1054 1361 1107 eam,
1399 1040 1476 1111 (It)
1509 1050 1563 1097 et
1599 1042 1704 1098 erit
1730 1044 1786 1098 in
1819 1058 1951 1100 con-
2049 1043 2352 1116 dissipabis
2380 1043 2434 1097 in
2460 1042 2641 1098 medio
2665 1041 2839 1104 urbis,
2889 1038 2968 1111 (ο)
3014 1039 3173 1110 juxta
3214 1037 3637 1107 completionem

362 1127 631 1194 clusione,
678 1139 732 1184 et
776 1128 1073 1187 concludes
1113 1146 1233 1187 eam
1274 1150 1287 1187 :
1319 1133 1538 1201 signum
1567 1143 1653 1191 est
1682 1135 1789 1191 hoc
1819 1137 1948 1194 filiis
2048 1135 2262 1192 dierum
2297 1134 2671 1191 conclusionis
2699 1149 2714 1186 :
2746 1143 2800 1189 et
2827 1147 3014 1188 sumes
3044 1139 3294 1202 quartam
3323 1139 3636 1200 partem,+

361 1213 605 1271 lsraelis.
634 1215 689 1270 4.
723 1215 790 1272 Ει
831 1226 891 1273 ιιι
943 1220 1173 1275 cubabis
1201 1236 1367 1291 super
1410 1223 1553 1279 latus
1606 1233 1760 1280 tuum
1811 1228 1950 1284 sini-
2048 1238 2103 1285 et
2132 1229 2556 1284 combureseam
2581 1227 2635 1281 in
2656 1224 2968 1295 medioejus
2993 1233 3079 1279 :et
3093 1231 3344 1294 quartam
3369 1233 3578 1292 partem
3609 1224 3632 1291 ζ

362 1317 564 1374 strum,
583 1319 637 1363 et
654 1324 827 1380 pones
854 1310 1154 1379 injustitias
1191 1310 1391 1368 domus
1425 1312 1642 1373 lsraelis
1666 1332 1832 1387 super
1857 1334 1944 1388 eo,
2048 1320 2310 1377 concides
2340 1321 2394 1374 in
2423 1318 2603 1388 gladio
2627 1318 2835 1373 circum
2869 1332 2990 1371 eam
3018 1333 3032 1373 :
3061 1325 3115 1371 et
3144 1325 3397 1385 quartam
3424 1323 3635 1384 partem

358 1399 519 1471 juxta
552 1419 845 1458 numerum
878 1404 1095 1459 dierum
1128 1419 1192 1475 +
1226 1406 1525 1476 nonaginta
1558 1418 1613 1463 et
1641 1419 1859 1465 centum
1883 1413 1904 1482 ζ
1926 1454 1941 1480 ,
2047 1412 2328 1482 disperges
2370 1420 2537 1466 vento
2582 1426 2595 1463 :
2664 1417 2719 1465 et
2765 1409 3003 1480 gladium
3042 1408 3318 1464 evacuabo
3349 1417 3471 1476 post
3515 1421 3635 1462 eos.

358 1506 502 1563 quos
540 1494 770 1550 cubabis
805 1510 969 1564 super
1014 1512 1102 1563 eo,
1131 1506 1187 1552 et
1235 1512 1487 1553 assumes
1524 1498 1826 1567 injustitias
1852 1517 1948 1557 eo-
2047 1505 2099 1560 5.
2129 1503 2195 1561 Et
2222 1520 2411 1560 sumes
2438 1504 2564 1558 inde
2590 1517 2797 1575 paucos
2820 1504 2873 1556 in
2902 1518 3153 1565 numero,
3191 1512 3245 1556 et
3270 1501 3432 1557 simul
3458 1500 3636 1554 invol-

357 1600 504 1641 rum.
538 1585 592 1640 5.
630 1585 697 1640 Et
722 1600 823 1658 ego
860 1586 985 1641 dedi
1018 1588 1117 1643 tibi
1145 1588 1283 1645 duas
1326 1590 1625 1658 injustitias
1666 1608 1855 1648 eorum
1890 1594 1943 1648 in
2044 1612 2142 1653 ves
2170 1612 2265 1653 eos
2296 1597 2616 1652 indumento
2646 1604 2762 1651 tuo.
2789 1595 2841 1651 4.
2884 1593 2950 1650 Ει
2977 1610 3043 1650 ex
3093 1594 3181 1650 his
3212 1609 3396 1649 sumes
3432 1592 3635 1659 adhuc,

356 1691 646 1732 numerum
683 1678 921 1744 dierum,
952 1686 1006 1735 et
1046 1689 1267 1735 centum
1296 1682 1435 1748 dies,
1479 1692 1534 1737 et
1582 1700 1832 1739 assumes
1868 1686 1947 1739 in-
2045 1699 2100 1745 et
2130 1689 2391 1761 projicies
2421 1703 2487 1744 ea
2521 1688 2574 1743 in
2600 1687 2840 1743 medium
2885 1687 3049 1757 ignis,
3076 1696 3130 1742 et
3171 1686 3461 1742 combures
3491 1685 3637 1740 eain

351 1770 599 1840 justitias
628 1770 826 1827 domus
852 1772 1090 1830 lsraelis.
1123 1775 1177 1829 6.
1207 1774 1273 1829 Et
1293 1777 1710 1832 consummabis
1739 1778 1853 1834 haec
1875 1793 1938 1835 -:—
1973 1763 2016 1818 Β
2045 1780 2168 1851 igne
2202 1798 2217 1835 :
2248 1794 2316 1835 ex
2368 1794 2433 1836 ea
2479 1777 2790 1850 egredietur
2830 1777 3011 1848 ignis:
3062 1792 3125 1832 +
3154 1783 3207 1832 et
3243 1775 3394 1831 dices
3420 1774 3443 1843 ζ
3478 1774 3635 1829 οηιηί

353 1863 539 1918 omnia
589 1864 610 1932 ζ
646 1904 663 1931 ,
707 1872 763 1919 et
822 1864 1051 1921 cubabis
1096 1880 1260 1937 super
1300 1866 1445 1923 latus
1485 1879 1639 1922 tuum
1687 1869 1939 1924 dextrum
2045 1872 2234 1927 domui
2271 1870 2529 1927 lsraelis:
2563 1869 2614 1923 5.
2642 1868 2769 1925 Haec
2798 1866 3633 1924 dicitAdonaiDominuszllazc

354 1956 682 2023 Xsecundo
715 1955 739 2026 ζ
768 1997 784 2023 ,
831 1966 887 2013 et
926 1973 1179 2014 assumes
1219 1958 1520 2028 injustitias
1561 1959 1758 2015 domus
1788 1959 1943 2016 ludas
2043 1963 2373 2031 Jerusalem,
2407 1963 2484 2035 (p)
2516 1963 2572 2019 in
2604 1963 2785 2018 medio
2805 1963 3046 2033 gentium
3075 1962 3233 2031 posui
3277 1976 3423 2025 eam,
3451 1970 3506 2016 et
3540 1975 3635 2013 re-

350 2047 715 2120 quadraginta
745 2049 898 2105 dies:
931 2050 1077 2106 diem
1112 2050 1169 2106 in
1205 2066 1410 2106 annum
1447 2054 1607 2122 posui
1639 2053 1757 2108 tibi.
1786 2054 1837 2108 7.
1878 2054 1943 2108 Et
2043 2056 2234 2127 giones
2254 2071 2376 2127 qua:
2402 2055 2549 2111 circa
2575 2069 2721 2109 eam.
2755 2053 2809 2111 6.
2836 2054 2911 2124 (ιι)
2964 2052 3030 2106 Ει
3059 2053 3208 2108 dices
3231 2051 3295 2124 (‘)
3324 2052 3450 2120 jura
3509 2065 3632 2106 mea

351 2140 406 2196 in
443 2142 861 2198 conclusronem
886 2140 1192 2199 Jerusalem
1212 2144 1276 2215 (ἰ)
1294 2144 1515 2214 parabis
1549 2144 1743 2201 faciem
1764 2153 1937 2211 tuam,
2042 2149 2193 2221 (ipsi)
2220 2150 2407 2221 inique
2437 2164 2504 2204 ex
2533 2147 2806 2220 gentibus,
2839 2156 2894 2201 et
2922 2146 3164 2216 legitima
3193 2159 3312 2198 mea
3346 2158 3413 2198 ex
3455 2142 3635 2211 regio-

348 2242 403 2288 ct
436 2233 725 2290 brachium
753 2244 907 2291 tuum
938 2235 1346 2305 corroborabis,
1380 2250 1434 2292 et
1468 2239 1821 2309 prophetabis
1852 2254 1943 2293 su—
2043 2244 2232 2309 nibus,
2254 2257 2379 2313 quae
2417 2241 2564 2297 circa
2593 2255 2751 2306 eam;
2785 2237 2913 2308 quia
2951 2239 3078 2308 jura
3126 2252 3245 2291 mea
3286 2234 3631 2304 repulerunt,

348 2340 448 2396 per
468 2342 611 2382 earn.
646 2327 700 2383 8.
729 2325 795 2383 Et
814 2343 917 2400 ego
939 2344 1069 2385 ecce
1095 2328 1221 2385 dedi
1246 2344 1415 2401 super
1449 2338 1500 2386 te
1525 2331 1769 2398 vincula,
1796 2340 1850 2385 et
1873 2345 1941 2386 ne
2040 2343 2095 2390 et
2121 2334 2176 2389 in
2205 2333 2414 2405 legibus
2444 2332 2580 2388 meis
2605 2347 2715 2387 non
2743 2330 3099 2385 ambularunt
3121 2327 3174 2382 in
3198 2328 3301 2383 eis.
3322 2327 3375 2381 7.
3404 2326 3635 2396 Propter

346 2428 643 2475 convertas
700 2430 753 2477 te
776 2422 844 2477 de
881 2421 1054 2479 latere
1113 2430 1210 2477 tuo
1254 2423 1309 2477 in
1370 2422 1516 2478 latus
1559 2433 1736 2490 tuum,
1765 2424 1941 2480 donec
2045 2428 2148 2482 hoc
2177 2426 2292 2481 lucc
2335 2425 2471 2480 dicit
2503 2424 2716 2480 Adonai
2764 2423 3033 2478 Dominus
3069 2437 3083 2474 :
3131 2420 3238 2475 Pro
3267 2434 3333 2474 eo
3372 2421 3522 2489 quod
3556 2418 3631 2488 (r)

344 2513 606 2585 completi
657 2512 864 2570 fuerint
901 2513 1022 2570 dies
1082 2513 1459 2570 conclusionis
1515 2522 1643 2569 tute.
1704 2513 1758 2570 9.
1785 2512 1851 2568 Et
1878 2522 1937 2569 tu
2040 2518 2261 2573 necasio
2282 2527 2463 2573 vestra
2492 2531 2557 2571 ex
2592 2516 2869 2587 gentibus,
2916 2514 3117 2586 quaein
3148 2512 3385 2568 circuitu
3410 2520 3623 2576 vestro,

347 2622 507 2662 sume
544 2606 643 2662 tibi
674 2606 942 2673 triticum,
969 2615 1027 2663 et
1062 2606 1364 2672 hordeum,
1385 2616 1440 2662 et
1461 2606 1635 2670 fabas,
1667 2615 1722 2661 et
1742 2606 1936 2670 lentes,
2039 2607 2173 2663 etin
2202 2608 2464 2678 legitimis
2492 2607 2630 2662 meis
2653 2621 2762 2661 non
2792 2604 3142 2668 ambulastis,
3178 2611 3232 2659 et
3276 2600 3633 2672 iustificatio-

344 2708 401 2751 ct
433 2697 669 2764 milium,
718 2707 775 2753 et
820 2698 1076 2768 speltam,
1122 2706 1178 2754 et
1218 2699 1405 2753 mittes
1450 2713 1513 2753 ea
1544 2697 1599 2752 in
1638 2712 1734 2753 vas
1766 2712 1935 2751 unum
2041 2716 2140 2757 nes
2165 2715 2315 2755 meas
2334 2714 2443 2754 non
2468 2698 2697 2765 fecistis,
2725 2697 2817 2753 sed
2840 2692 3631 2767 nequejuxtajustificationes

350 2802 415 2838 αι-
442 2798 741 2845 testaceum
772 2790 796 2860 ζ
831 2807 845 2844 :
880 2799 936 2845 et
968 2789 1136 2846 facies
1170 2805 1231 2845 ea
1262 2790 1360 2845 tibi
1401 2789 1455 2844 in
1496 2805 1687 2859 panes,
1709 2790 1936 2860 etjuxta
2040 2792 2307 2861 gentium,
2342 2807 2465 2861 quae
2495 2794 2551 2845 in
2591 2790 2825 2845 circuitu
2878 2797 3083 2855 vestro,
3120 2786 3329 2841 fecistis
3362 2803 3375 2839 :
3404 2783 3458 2838 8.
3502 2797 3634 2853 pro-

343 2896 639 2937 numerum
661 2881 896 2945 dierum,
921 2896 1063 2952 quos
1086 2891 1143 2937 tu
1169 2882 1380 2938 dormis
1405 2897 1572 2953 super
1618 2882 1787 2937 latere
1819 2890 1933 2950 tuo,
2039 2892 2157 2956 pter
2188 2884 2293 2939 hoc
2309 2884 2425 2939 haec
2444 2882 2579 2938 dicit
2606 2882 2818 2937 Adouai
2841 2880 3109 2936 Dominus
3141 2895 3155 2931 :
3182 2877 3322 2933 Ecce
3338 2891 3441 2947 ego
3462 2888 3631 2945 super

342 2972 645 3043 nonaginta
672 2980 728 3028 et
753 2982 975 3027 centum
996 2971 1114 3029 dies
1141 2973 1396 3030 comedes
1447 2989 1533 3030 ea.
1573 2972 1660 3031 10.
1684 2972 1752 3027 Et
1779 2973 1935 3029 cibus
2038 2992 2159 3043 vos,
2187 2985 2243 3031 et
2266 2990 2367 3048 ego
2393 2975 2592 3031 faciam
2622 2975 2678 3029 in
2708 2973 2903 3028 medio
2919 2972 2996 3027 tui
3034 2970 3242 3041 judicia
3281 2983 3471 3023 coram
3497 2982 3634 3038 genr-

345 3072 496 3129 tuus,
524 3079 690 3135 quem
720 3063 1003 3132 comedes,
1033 3065 1089 3119 in
1117 3064 1361 3135 pondere
1396 3066 1586 3137 viginti
1617 3065 1783 3120 siclos
1806 3064 1930 3120 die:
2041 3072 2210 3135 ribus,
2238 3069 2292 3125 9,
2323 3068 2599 3124 etfaciam
2628 3066 2685 3122 in
2717 3076 2789 3131 ιθ,
2822 3080 2945 3136 qua:
2974 3079 3082 3119 non
3100 3061 3232 3129 Ieci,
3268 3070 3325 3116 et
3354 3074 3479 3130 qua:
3517 3073 3631 3113 non

344 3167 376 3210 ³
401 3164 647 3225 lemPOre
676 3170 853 3226 υεψιθ
885 3155 955 3211 ad
1000 3164 1219 3226 ῑεωυηε
1253 3156 1509 3212 comedes
1532 3172 1618 3212 ea.
1648 3156 1830 3211 -11.
1866 3154 1935 3213 Et
1962 3140 2004 3198 (ἶ
2042 3162 2241 3217 faciam
2270 3159 2474 3217 similia
2505 3159 2587 3215 eis
2626 3157 2864 3227 amplius
2902 3156 3061 3227 juxta
3099 3167 3294 3209 omnes
3333 3150 3630 3206 abomina-

342 3262 543 3317 aquam
578 3247 635 3302 in
676 3261 934 3303 mensura
962 3247 1139 3312 bibes,
1176 3258 1387 3304 sextam
1416 3258 1622 3319 partem
1651 3247 1708 3304 In
1738 3265 1769 3304 a
1791 3260 1931 3306 tem-
2042 3254 2222 3310 tiones
2248 3260 2393 3308 tuas.
2421 3250 2508 3305 10.
2533 3248 2767 3321 Propter
2797 3249 2903 3304 hoc
2934 3259 3115 3319 patres
3165 3244 3461 3301 comedent
3487 3242 3633 3297 ﬁlios

342 3356 478 3410 pore
535 3355 712 3411 usque
760 3339 830 3395 ad
899 3349 1119 3410 tempus
1175 3340 1357 3397 bibes.
1417 3341 1505 3395 12.
1537 3340 1605 3395 Ει
1632 3341 1706 3414 (Ic)
1738 3358 1930 3412 panem
2040 3347 2094 3401 in
2133 3344 2312 3401 medio
2341 3344 2443 3410 tui,
2468 3354 2525 3400 et
2552 3342 2647 3398 ﬁlii
2677 3340 2968 3399 comedent
2999 3349 3185 3411 patres
3219 3353 3234 3390 :
3262 3348 3317 3393 et
3348 3335 3549 3390 faciam
3574 3335 3630 3389 in

342 3432 762 3488 subcineritium
790 3433 981 3488 hordei
1003 3433 1260 3488 comedes
1294 3446 1358 3486 ea
1392 3449 1406 3486 :
1435 3431 1490 3486 in
1512 3432 1642 3486 ﬁmo
1669 3436 1931 3489 stercoris
2042 3449 2095 3492 te
2118 3436 2347 3508 judicia,
2397 3444 2453 3491 et
2488 3434 2800 3505 dispergam
2858 3446 3052 3488 omnes
3103 3428 3356 3485 residuos
3394 3437 3526 3482 tuos
3572 3426 3632 3480 in

344 3525 571 3580 humani
623 3525 934 3581 abscondes
978 3540 1043 3580 ea
1087 3533 1223 3580 ante.
1257 3523 1448 3579 oculos
1481 3538 1699 3587 eorum,
1735 3524 1824 3580 15.
1877 3534 1933 3581 et
2039 3546 2263 3587 omnem
2312 3537 2559 3585 ventum.
2614 3527 2704 3582 11.
2744 3525 2981 3597 Propter
3037 3523 3143 3578 hoc
3190 3520 3317 3576 vivo
3340 3534 3467 3590 ego,
3498 3517 3635 3573 dicit

341 3618 534 3674 dices:
574 3616 700 3674 llaec
740 3617 874 3673 dicit
913 3617 1181 3673 Dominus
1207 3631 1269 3673 -ε-
1302 3614 1447 3673 Deus
1486 3617 1708 3673 lsraelis
1736 3619 1795 3688 ξε
1838 3615 1932 3673 Sic
2037 3623 2249 3688 Adonai
2276 3621 2563 3687 Dominus,
2594 3619 2702 3676 nisi
2728 3634 2825 3689 pro
2853 3632 2919 3673 eo
2945 3616 3089 3688 quod
3114 3612 3317 3669 Sancta
3348 3627 3472 3667 mea
3496 3626 3634 3666 con-

342 3710 633 3766 comedeut
657 3710 752 3766 filii
788 3709 1006 3766 lsraelis
1031 3712 1100 3779 Χ
1125 3724 1325 3780 panem
1370 3709 1393 3778 ζ
1428 3696 1588 3764 suum
1622 3724 1733 3765 non
1763 3725 1929 3764 mun-
2038 3714 2317 3771 taminasti
2351 3714 2408 3768 in
2436 3712 2696 3768 omnibus
2729 3712 2798 3778 χ
2828 3707 2898 3780 (ε)
2944 3704 3453 3763 abominatiouibus
3494 3701 3630 3764 tuis,

339 3801 470 3856 dum
498 3802 563 3874 (l)
597 3802 652 3857 in
682 3802 959 3874 gentibus,
978 3802 1418 3873 quodispergam
1445 3817 1542 3858 eos
1568 3802 1716 3857 illuc.
1753 3802 1930 3858 M.Et
2036 3816 2091 3862 et
2116 3807 2170 3861 in
2192 3806 2453 3861 omnibus
2503 3805 2527 3874 ζ
2580 3801 3013 3874 inquinamentis
3043 3800 3176 3864 tuis,
3217 3797 3384 3853 etiam
3423 3809 3528 3865 ego
3562 3793 3631 3863 (ι)

338 3893 455 3948 dixi
490 3912 504 3949 :
537 3894 914 3965 Nequaquam,
943 3894 1173 3951 Domine
1209 3894 1355 3951 Deus
1383 3894 1634 3952 lsraelis:
1664 3896 1710 3950 si
1743 3896 1928 3950 anima
2034 3898 2305 3970 expellam
2336 3905 2390 3952 te
2419 3911 2434 3949 :
2468 3910 2577 3951 non
2609 3904 2796 3965 parcet
2825 3892 3021 3949 oculus
3050 3904 3240 3956 meus,
3283 3897 3339 3944 et
3366 3902 3471 3957 ego
3517 3900 3630 3941 non

338 4000 462 4039 rnca
497 4000 606 4039 non
641 3986 846 4057 polluta
876 4001 940 4044 +
972 3987 1026 4043 in
1077 3987 1428 4043 immunditia
1455 3988 1475 4055 ζ
1505 4026 1522 4052 ,
1566 3995 1622 4044 et
1680 3987 1927 4044 mortici-
2036 3991 2360 4048 miserebor.
2399 3990 2488 4044 12.
2524 3987 2728 4056 Quarta
2756 4001 2884 4057 pars
2906 3986 2984 4039 tui
3010 3984 3065 4039 in
3110 3991 3288 4037 morte
3328 3994 3631 4035 consume-

338 4078 514 4143 nium,
548 4086 605 4132 et
637 4088 857 4149 captum
891 4096 921 4134 a
963 4079 1097 4135 feris
1151 4097 1262 4134 non
1306 4080 1521 4134 comedi
1578 4095 1609 4135 a
1643 4080 1929 4135 nativitate
2035 4090 2162 4137 tur:
2193 4096 2255 4138 -ι-
2290 4089 2345 4136 et
2378 4088 2575 4150 quarta
2613 4093 2744 4148 pars
2774 4078 2852 4131 tui
2886 4078 2909 4147 ζ
2946 4076 3001 4129 in
3029 4074 3173 4128 fame
3206 4070 3553 4127 conficietur.
3575 4068 3632 4122 in

337 4184 460 4225 mea
487 4185 659 4241 usque
692 4178 863 4237 nunc,
899 4187 1078 4242 neque
1112 4171 1398 4242 ingressus
1426 4178 1510 4227 est
1551 4171 1604 4225 in
1641 4186 1706 4227 os
1739 4186 1926 4227 meum
2034 4172 2217 4228 medio
2248 4171 2325 4225 tui
2353 4189 2366 4225 :
2397 4174 2465 4238 Β(
2497 4178 2553 4224 et
2576 4178 2772 4240 quarta
2822 4182 2954 4237 pars
3013 4164 3095 4219 tui
3140 4164 3199 4218 in
3251 4161 3436 4233 gladio
3467 4160 3634 4215 cadet

341 4261 604 4317 +omnis
654 4261 678 4332 ζ
735 4276 868 4318 caro
915 4264 1220 4319 immunda.
1271 4263 1360 4319 15.
1401 4264 1468 4318 Ει
1497 4263 1640 4319 dixit
1685 4263 1751 4318 ad
1792 4280 1922 4319 me:
2035 4264 2182 4319 circa
2216 4273 2268 4318 te
2311 4262 2371 4331 ξε
2410 4271 2465 4317 et
2496 4270 2749 4332 quartam
2778 4266 2989 4329 partem
3025 4256 3101 4311 tui
3144 4255 3200 4309 in
3236 4269 3458 4309 omnem
3491 4267 3631 4307 ven—

336 4354 477 4411 Ecce
506 4356 630 4412 dedi
669 4357 767 4412 tibi
798 4361 867 4427 >κ
887 4358 956 4412 τὰ
980 4359 1003 4429 ζ
1031 4367 1273 4415 stercora
1318 4356 1483 4411 boum
1525 4372 1624 4426 pro
1666 4358 1927 4412 stercori-
2035 4368 2150 4411 tum
2175 4357 2486 4427 dispergam
2517 4370 2645 4409 eos:
2672 4364 2726 4407 et
2756 4351 2996 4423 gladium
3027 4349 3309 4405 evacuabo
3344 4356 3475 4418 post
3506 4360 3628 4401 eos.

336 4446 442 4502 bus
471 4446 749 4513 humanis,
773 4458 829 4503 et
854 4448 1020 4505 facies
1042 4463 1213 4519 panes
1243 4457 1367 4503 tuos
1414 4460 1581 4517 super
1605 4447 1705 4502 eis.
1735 4447 1821 4501 16.
1860 4446 1927 4501 Ει
1961 4505 1999 4519 ἢ
2035 4450 2123 4504 15.
2156 4449 2223 4504 Et
2276 4447 2640 4517 complebitur
2665 4446 2815 4500 furor
2849 4460 3028 4512 meus,
3080 4452 3138 4500 et
3168 4443 3250 4497 ira
3301 4456 3427 4496 mea
3461 4454 3632 4509 super

334 4537 474 4593 dixit
498 4538 566 4594 ad
589 4554 708 4594 me:
746 4541 852 4595 Fili
886 4505 1147 4607 hominis,
1182 4556 1311 4596 ecce
1326 4554 1428 4610 ego
1455 4505 1743 4609 cbnfringo
1763 4537 1924 4594 fulci-
1960 4505 2003 4560 Β
2032 4543 2237 4610 eos,)(
2279 4549 2333 4595 et
2360 4505 2691 4595 consolabor
2713 4538 2802 4609 (θ’)
2834 4538 2858 4608 ζ
2886 4581 2901 4605 ,
2925 4547 2980 4593 et
3010 4549 3334 4608 cognosces,
3372 4533 3504 4604 quia
3526 4545 3631 4602 ego

334 4638 582 4687 mentum
631 4632 789 4704 panis
825 4633 881 4689 in
930 4632 1259 4701 Jerusalem,
1314 4642 1369 4689 et
1400 4632 1696 4689 "comedent
1724 4647 1924 4702 panem
2035 4634 2302 4688 Dominus
2335 4633 2552 4687 locutus
2583 4646 2705 4687 sum
2729 4631 2785 4684 in
2810 4629 2928 4685 zelo
2952 4643 3109 4694 meo,
3160 4642 3288 4682 cum
3324 4625 3630 4694 implevero

332 4723 496 4780 etiam
527 4725 581 4780 in
619 4727 882 4797 pondere,
921 4735 977 4783 et
1006 4728 1060 4782 in
1086 4726 1315 4797 penuria
1342 4741 1357 4780 :
1388 4733 1445 4781 et
1467 4740 1664 4797 aquam
1696 4725 1750 4778 in
1773 4741 1926 4783 mcn-
2035 4726 2171 4781 iram
2203 4740 2381 4780 meam
2416 4726 2469 4779 in
2495 4724 2596 4778 eis.
2628 4724 2715 4781 14.
2746 4720 2813 4777 Et
2838 4736 3039 4792 ponam
3065 4728 3117 4776 te
3148 4720 3204 4774 in
3228 4718 3537 4781 desertum,
3573 4726 3629 4772 et

334 4833 488 4886 sura,
549 4829 606 4875 et
650 4820 751 4893 (ιη)
803 4820 857 4875 in
920 4820 1091 4875 exitio
1130 4821 1340 4885 bibent,
1375 4818 1465 4874 17.
1521 4827 1579 4874 ut
1609 4818 1765 4889 egeni
1796 4818 1929 4873 flant
2035 4816 2092 4872 in
2116 4816 2493 4887 opprobrium,
2523 4818 2590 4884 χ(
2615 4814 2670 4869 in
2706 4814 2980 4886 gentibus,
3033 4826 3159 4883 qua:
3208 4810 3357 4867 circa
3387 4818 3441 4865 te
3481 4808 3544 4876 ζ,
3573 4816 3624 4862 et

432 5129 503 5202 (e)
555 5124 641 5196 8.,
697 5131 962 5185 ambitum
1022 5131 1289 5202 bellig(i.
1339 5146 1391 5185 e.
1450 5130 1839 5202 obsidionem).
1910 5129 1977 5200 (ί)
2020 5127 2117 5202 8.,
2185 5129 2585 5202 munimentum
2668 5125 2834 5202 muri.
2908 5121 3155 5202 ‘(g)hS.,
3194 5130 3249 5173 et
3296 5127 3620 5202 convertes.

338 5190 523 5272 (ιηξξ,
557 5190 714 5257 υιέἰι
746 5202 1027 5257 conclusa.
1060 5201 1121 5272 (ἕ)
1146 5190 1231 5267 8.,
1266 5202 1550 5272 ordinabis
1586 5202 1780 5257 faciem
1798 5190 1988 5263 'tuan't',
2014 5210 2070 5255 et
2098 5190 2383 5254 brachium
2434 5210 2587 5253 tuum
2634 5198 2865 5272 nudum.
2900 5190 2983 5264 (li)
3009 5192 3096 5258 8.,
3129 5190 3621 5272 complementum.

340 5257 412 5331 (ω’
442 5257 579 5343 ξᾷθ
609 5282 869 5343 contactu
903 5257 1169 5342 gentium.
1205 5257 1301 5343 ('m)
1329 5270 1414 5343 8.,
1448 5257 1573 5326 cum
1602 5272 1889 5343 violentia,
1916 5257 1996 5336 ut,
2038 5286 2164 5343 cum
2197 5271 2354 5341 egeni
2378 5278 2508 5325 sunt
2536 5268 2693 5343 panis
2727 5257 2997 5343 etAaqtiaé,
3051 5257 3361 5343 confractio
3393 5260 3498 5313 eis.
3533 5257 3615 5327 (η)

336 5341 653 5395 comburcs.
687 5342 763 5413 (ο)
792 5340 875 5407 S.,
904 5333 1032 5397 cum
1064 5333 1318 5412 completi
1351 5333 1555 5397 fuerint
1583 5344 1722 5398 dies.
1757 5348 1830 5412 (ρ)

337 5411 560 5458 iudiciis
589 5412 726 5458 meis
757 5412 1089 5458 imnielnles-
1122 5429 1262 5458 nunc
1292 5427 1321 5458 η
1350 5414 1627 5458 omnibus-
1670 5412 1733 5458 (Ἴ
1758 5413 1861 5458 Prn

2095 5341 2180 5395 '.iu
2209 5333 2387 5396 medio
2419 5333 2683 5410 gentium.
2740 5340 2755 5401 (
2800 5338 2817 5403 )
2865 5333 2950 5398 S.,
2998 5342 3287 5387 mutarunt
3334 5345 3468 5383 vero
3518 5342 3621 5397 pro

2095 5420 2143 5458 et
2175 5413 2434 5458 mutarit-
2487 5411 2735 5458 legerunt
2761 5353 2905 5458 lxx
2937 5415 3157 5458 unum.
3194 5413 3243 5456 et
3277 5401 3443 5453 dices.
3487 5399 3621 5458 Qui:

331 5399 726 5483 jndiciismei‘s
750 5399 1089 5482 impietatcs,
1122 5399 1262 5483 qu'as
1292 5427 1322 5466 a
1350 5414 1627 5482 gentibus.
1670 5412 1733 5483 (ξ)
1755 5399 1857 5468 Pro

2096 5420 2143 5483 et
2175 5399 2449 5483 mutavit:
2484 5399 2905 5483 legerunt-LXX
2937 5415 3157 5483 unum,
3194 5413 3243 5456 et
3277 5401 3443 5483 dices.
3474 5399 3622 5483 .Qua:

336 5470 502 5553 lectio
529 5482 789 5553 absurda,
819 5470 964 5537 sicut
987 5492 1042 5537 et
1074 5470 1291 5553 ea'quae
1318 5470 1645 5553 εέιιυῐιιιιιιτ.
1675 5470 1889 5539 ’δέηδιιε
1917 5470 2061 5536 enim
2092 5482 2254 5536 Hebr.
2286 5470 2677 5553 veritatisfcst:
2715 5488 2766 5531 et
2802 5477 3035 5553 mutavit
3068 5472 3435 5553 (Jerusalem),
3466 5470 3621 5553 judi-

335 5550 420 5623 cia
478 5564 600 5623 mea
672 5551 726 5623 i_n
778 5541 1126 5622 impietatem
1185 5541 1311 5623 'prae
1379 5541 1651 5623 gentibus.
1723 5553 1927 5608 Dnscn.
2017 5554 2085 5623 (ν)
2139 5553 2260 5623 8.,Δ
2290 5552 2580 5623 multitudo
2639 5558 2819 5603 vestra
2882 5546 3005 5601 fuit.
3076 5541 3160 5623 ‘_(s)
3391 5541 3623 5623 pollutis

337 5621 469 5694 tuis_.
547 5616 930 5694 (")_Passiy'c,
973 5638 1003 5676 a
1042 5616 1217 5677 verbo-
1241 5616 1457 5677 εοηδόίυ
1494 5624 1586 5690 (cf.
1610 5622 1912 5694 Forcellini
1952 5616 2209 5694 lexicon).
2245 5620 2323 5678 Ita
2350 5622 2700 5692 reposuimus
2748 5628 2806 5673 ut
2863 5618 3191 5688 respondeat
3219 5616 3358 5685 Syro
3383 5620 3625 5678 suum,

335 5702 391 5747 et
425 5688 623 5745 Graeco
645 5689 1049 5762 Tctraplorum,
1086 5696 1152 5760 >ε<
1212 5695 1307 5747 καὶ
1334 5688 1854 5781 παραὶξηθὴσομαι.

558 5688 623 5745 co‘
645 5689 1049 5762 Tctraplorum,
1086 5696 1152 5760 >ε<
1212 5695 1307 5747 καὶ
1334 5688 1854 5781 παραὶξηθὴσομαι.
1886 5694 2084 5748 Dnacu.
