3864 6220
187 279 246 335 2‘.
259 278 327 333 ΖΠ

1424 288 1831 346 llEZECIELlS
1870 288 2102 346 CAPUT
2149 289 2261 346 Vll.

3329 288 3400 342 ‘26
3409 286 3479 342 98

188 399 330 452 ﬁlias
359 409 484 455 tuas
519 400 666 456 circa
696 411 748 457 te
785 416 976 457 coram
1007 406 1158 459 omni
1201 407 1430 462 viatore.
1461 410 1548 463 15.
1583 409 1650 463 Et
1682 409 1793 464 eris
1822 415 1867 469 Α
1901 409 2044 463 fame
2069 418 2425 463 consumetur
2455 427 2467 463 :
2503 418 2558 464 et
2600 405 2888 479 complebo
2923 407 3059 462 iram
3094 420 3272 462 meam
3316 421 3481 475 super

187 492 553 560 gemebunda,
583 498 647 564 >3(
677 503 734 549 et
769 496 1059 552 manifesta
1095 499 1162 568 (‘)
1205 500 1260 554 in
1303 501 1588 570 disciplina
1620 502 1698 570 (α)
1725 511 1780 556 et

187 584 492 640 destructio
528 587 548 656 1
578 587 631 641 in
663 589 1075 662 gentibus,qu:e
1121 591 1266 647 circa
1297 601 1383 656 te,
1440 609 1566 648 cum
1601 592 1781 649 fecero

189 674 245 728 in
277 687 328 730 te
351 678 558 747 judicia
586 683 653 748 Ἀ(
676 683 728 736 in
768 683 847 738 ira
872 700 1014 748 mea,
1040 687 1165 740 etin
1189 685 1374 741 furore
1408 689 1430 756 1
1463 697 1514 740 et
1543 686 1595 740 in
1620 686 1781 740 ultio-

190 783 260 822 ne
287 769 521 828 furoris:
545 789 647 844 ego
678 774 944 833 Dominus
991 779 1208 834 locutus
1240 794 1385 833 sum.
1433 779 1517 833 16.
1550 777 1780 845 Quando

189 863 397 919 misero
430 866 655 937 sagittas
687 870 944 934 )t<malas
978 872 1000 940 1
1037 871 1201 926 famis
1225 887 1389 941 super
1416 888 1532 931 eos,
1553 880 1783 926 eterunt

189 953 247 1007 in
277 954 663 1024 defectionem,
698 963 763 1025 3K
797 975 935 1029 quas
972 960 1185 1016 mittam
1217 977 1332 1022 eas,
1366 961 1431 1014 ad
1462 959 1781 1031 disperden-

187 1043 325 1098 dum
363 1061 510 1102 vos:
551 1057 606 1102 et
648 1048 846 1104 famem
887 1052 1234 1122 congregabo
1271 1052 1294 1118 1
1333 1066 1499 1121 super
1557 1065 1675 1112 vos,
1726 1058 1783 1105 et

187 1146 473 1194 conteram
507 1139 884 1197 fulcimentum
920 1145 1076 1212 panis
1102 1145 1201 1199 tui.
1229 1144 1314 1199 17.
1338 1143 1403 1197 Et
1418 1143 1659 1198 emittam
1684 1158 1781 1198 su-

188 1245 291 1299 per
325 1241 378 1286 te
409 1231 487 1302 (ε)
523 1233 746 1298 famem,
777 1242 832 1289 et
860 1235 1066 1291 bestias
1103 1235 1295 1301 malas,
1331 1235 1404 1306 (ῃ)
1429 1244 1481 1289 et
1504 1249 1703 1304 ponam
1726 1233 1782 1288 in

186 1333 356 1393 caput
375 1335 528 1381 tuum
548 1328 657 1398 (“),
681 1336 736 1383 et
765 1342 915 1383 mors
944 1337 998 1384 et
1026 1329 1252 1400 sanguis
1279 1328 1594 1386 transibunt
1619 1342 1785 1396 super

189 1422 264 1477 te,
301 1425 356 1469 et
385 1417 628 1486 gladium
661 1420 916 1475 inducam
954 1436 1120 1491 super
1143 1430 1194 1476 te
1224 1420 1468 1491 undique
1496 1439 1508 1474 :
1542 1435 1643 1491 ego
1675 1417 1784 1474 Do-

187 1502 378 1557 minus
408 1504 627 1560 locutus
655 1522 801 1562 sum.

261 1593 396 1662 Cap.
415 1593 579 1648 VL—
595 1596 617 1649 1
634 1638 647 1650 .
664 1597 730 1650 Et
755 1598 956 1653 factum
983 1608 1067 1652 est
1091 1599 1318 1655 verbum
1341 1598 1558 1655 Domini
1585 1598 1650 1654 ad
1672 1613 1784 1664 me,

187 1683 417 1741 dicens:
453 1687 506 1741 2.
541 1687 644 1743 Fili
701 1690 966 1756 hominis,
997 1707 1137 1762 pone
1183 1691 1378 1747 faciem
1439 1701 1589 1746 tuam
1621 1708 1786 1762 super

1881 517 2001 554 eos.
2036 502 2123 556 15.
2163 500 2228 556 Et
2249 501 2456 564 scietis,
2495 501 2640 572 quod
2666 517 2768 572 ego
2803 499 3093 564 Dominus,
3123 514 3248 554 eum
3278 497 3482 552 fuerint

1880 592 2048 646 occisi
2087 593 2254 646 vestri
2285 594 2426 646 inter
2458 593 2602 647 idola
2630 600 2814 648 vestra
2845 591 2993 647 circa
3026 590 3215 646 altaria
3250 599 3432 644 vestra
3462 605 3477 642 :

1883 698 2050 752 super
2066 699 2284 738 omnem
2310 683 2506 739 collem
2535 683 2841 746 excelsum,
2869 685 2935 752 >ῑ<
2953 693 3008 738 et
3033 698 3200 753 super
3219 681 3481 736 omnibus

1882 775 2188 831 verticibus
2232 776 2582 846 montium1,
2624 786 2680 832 et
2719 777 2909 832 subter
2949 791 3168 831 omnem
3218 775 3478 830 arborem

1883 867 2227 932 umbrosam,
2256 878 2308 924 et
2345 869 2537 925 subter
2563 885 2780 924 omnem
2827 885 3088 940 quercum
3121 869 3371 931 densam,
3400 868 3481 922 lo-

1882 975 2007 1015 cum
2072 960 2166 1016 ubi
2223 961 2494 1017 dederunt
2558 962 2631 1016 ibi
2688 961 2913 1017 odorem
2950 977 3174 1017 suavem
3218 961 3478 1018 omnibus

1884 1049 2047 1111 idolis
2073 1051 2211 1107 suis.
2243 1052 2332 1106 M.
2375 1053 2443 1108 Et
2491 1053 2783 1108 extendam
2832 1070 3056 1108 manum
3099 1069 3278 1108 meam
3314 1069 3479 1123 super

1882 1157 1999 1208 eos,
2038 1153 2094 1198 et
2119 1159 2320 1213 ponam
2347 1153 2548 1199 terram
2582 1145 2649 1215 (Γ)
2677 1145 2732 1198 in
2768 1145 3022 1209 exitium,
3055 1155 3109 1199 et
3153 1147 3206 1198 in
3251 1145 3480 1199 deletio-

1884 1249 2009 1289 nem
2042 1249 2071 1286 a
2101 1234 2320 1290 deserto
2351 1235 2612 1290 Deblatha
2642 1252 2706 1292 ex
2731 1237 2882 1291 omni
2906 1237 3240 1292 habitatione
3261 1252 3474 1304 eorum,

1884 1335 1939 1381 et
1967 1325 2339 1396 cognoscetis,
2376 1327 2520 1396 quod
2558 1342 2660 1397 ego
2698 1326 2982 1383 Dominus.

1956 1417 2089 1488 Cap.
2131 1416 2242 1472 VII.
2268 1451 2334 1459 —
2359 1420 2409 1473 1.
2445 1417 2509 1473 Et
2547 1419 2750 1473 factum
2779 1427 2863 1475 est
2905 1419 3132 1474 verbum
3167 1419 3379 1472 Domini
3407 1420 3476 1473 ad

1889 1524 1995 1574 me,
2033 1509 2223 1565 dicens
2255 1529 2268 1564 :
2302 1509 2356 1563 2.
2388 1509 2454 1564 Et
2481 1520 2559 1575 tu,
2590 1510 2664 1565 fili
2708 1510 3244 1576 hominis,ha:cdicit
3267 1510 3474 1564 Adonai

1889 1601 2159 1657 Dominus
2191 1613 2348 1658 terra:
2383 1604 2604 1658 lsraelis
2635 1621 2649 1657 :
2679 1602 2833 1658 Finis
2863 1604 3032 1668 venit,
3066 1603 3188 1657 finis
3222 1603 3477 1656 venitsu-

1891 1709 1980 1764 per
2016 1705 2257 1764 quatuor
2284 1695 2398 1751 alas
2429 1704 2606 1750 teri-1e.
2637 1694 2690 1747 7.
2721 1710 2784 1751 +
2809 1693 2973 1750 Venit
3001 1696 3124 1750 linis
3157 1697 3178 1765 1
3219 1711 3381 1765 super
3402 1704 3474 1757 te,

188 1788 412 1833 montes
444 1778 681 1845 lsraelis,
707 1791 761 1837 et
784 1785 1046 1854 prepheta
1089 1799 1256 1854 super
1287 1800 1405 1846 eos,
1439 1785 1492 1839 ’5.
1519 1793 1573 1840 et
1597 1786 1782 1840 dices:
1820 1776 1864 1832 Β
1895 1785 1987 1854 qui
2018 1785 2235 1842 habitas
2264 1801 2431 1856 super
2461 1795 2642 1841 terra:
2689 1785 2839 1840 venit
2883 1794 3098 1854 tempus
3121 1826 3136 1852 ,
3185 1785 3477 1856 appropin-

192 1866 405 1924 Montes
435 1869 649 1928 lsraelis
683 1916 699 1941 ,
736 1874 923 1930 audite
984 1876 1213 1930 verbum
1270 1876 1484 1931 Adonai
1524 1877 1779 1932 Domini:

189 1959 311 2016 lure
344 1963 476 2017 dicit
507 1964 718 2020 Adonai
760 1966 1028 2022 Dominus
1061 1969 1341 2023 montibus
1364 2011 1378 2033 ,
1429 1979 1484 2024 et
1529 1971 1783 2036 collibus,

187 2053 267 2122 (ε)
298 2064 355 2108 et
385 2056 633 2122 salebris,
665 2069 720 2114 et
745 2060 981 2114 vallibus
1018 2078 1032 2114 :
1063 2059 1206 2116 Ecce
1234 2077 1335 2132 ego
1388 2062 1588 2118 induco
1622 2078 1788 2133 super

186 2159 289 2200 vos
321 2145 659 2216 gladium,et
682 2149 1009 2206 delebuntur
1037 2153 1250 2209 excelsa
1282 2163 1489 2218 vestra,
1517 2157 1571 2209 4.
1611 2155 1688 2225 (a)
1727 2164 1784 2210 et

183 2239 493 2306 perdentur
526 2242 718 2298 altaria
748 2252 952 2308 vestra,
985 2245 1052 2313 Χ
1083 2247 1554 2316 etconterentur1
1586 2248 1784 2318 templa

181 2341 401 2399 vestra,
429 2343 482 2388 et
509 2334 764 2403 dejiciam
817 2336 1087 2392 cadavera
1144 2351 1326 2394 vestra
1380 2355 1568 2395 coram
1627 2339 1786 2396 idolis

179 2425 416 2481 vestris.
445 2427 499 2482 5.
531 2430 597 2497 Χ
629 2427 696 2483 Et
739 2428 883 2485 dabo
933 2431 1201 2487 cadavera
1262 2431 1502 2486 filiorum
1561 2431 1786 2488 lsraelis

179 2529 318 2574 ante
351 2519 547 2576 faciem
579 2522 853 2579 idolorum
880 2540 1070 2580 eorum
1108 2527 1129 2595 1
1158 2565 1173 2589 ,
1222 2533 1276 2581 et
1313 2526 1623 2596 dispergam
1658 2539 1784 2580 ossa

185 2621 379 2666 vestra
408 2615 558 2668 circa
592 2614 786 2668 altaria
825 2625 1030 2672 vestra.
1073 2616 1126 2671 6.
1159 2615 1217 2670 In
1264 2617 1415 2670 omni
1444 2617 1787 2672 habitatione

181 2712 377 2758 vestra
407 2704 574 2759 urbes
611 2705 843 2761 deserta!
872 2717 1058 2772 erunt,
1084 2715 1138 2762 et
1153 2707 1370 2784 excelsa
1394 2706 1781 2772 abolebuntur,

181 2806 246 2850 ut
273 2795 665 2868 deleantur,)(
690 2797 766 2867 (ὁ)
787 2799 1326 2854 etconculcabuntur
1343 2799 1455 2868 (“‘)
1473 2799 1665 2854 altaria
1687 2815 1785 2854 ve-

183 2898 328 2953 stra,
361 2899 417 2944 et
451 2901 824 2957 conterentur,
849 2899 903 2946 et
935 2892 1233 2947 cessabunt
1267 2892 1287 2960 1
1326 2891 1469 2947 idola
1501 2901 1705 2958 vestra,
1733 2902 1788 2948 et

185 2981 457 3036 tollentur
488 2982 715 3039 delubra
743 2994 949 3049 vestra,
969 2986 1037 3052 3K
1055 2994 1109 3039 et
1138 2986 1471 3040 delebuntur
1496 3001 1662 3055 opera
1693 3001 1786 3040 vc-

184 3081 304 3126 stra
341 3073 364 3142 1
396 3113 411 3137 ,
451 3071 503 3128 7.
530 3082 586 3128 et
610 3075 808 3129 cadent
841 3074 1010 3130 occisi
1059 3075 1114 3129 in
1167 3075 1348 3130 medio
1387 3075 1580 3142 vestri,
1611 3084 1666 3130 et
1687 3090 1784 3131 co-

185 3164 472 3233 gnoscetis
495 3207 510 3230 ,
548 3165 695 3236 quod
749 3181 849 3237 ego
911 3165 1199 3224 Dominus.
1232 3167 1285 3223 8.
1321 3167 1472 3236 )t(Et
1500 3167 1780 3223 residuum

185 3257 398 3312 faciam
436 3259 497 3327 1,
528 3257 656 3312 dum
699 3257 906 3314 fuerint
931 3275 997 3315 ex
1027 3260 1182 3314 vobis
1215 3260 1508 3316 evadentes
1539 3277 1568 3316 a
1603 3261 1783 3329 gladio

185 3349 242 3403 in
276 3350 561 3418 gentibus,
597 3361 650 3405 et
684 3350 739 3406 in
773 3351 1121 3422 dispersione
1149 3362 1332 3407 vestra
1362 3363 1417 3408 et
1455 3353 1508 3408 in
1543 3353 1784 3424 regioni-

184 3441 294 3497 bus
323 3458 338 3494 :
369 3441 423 3495 9.
449 3449 502 3495 et
533 3442 970 3498 recordabuntur
1005 3443 1135 3507 mei,
1171 3444 1264 3512 qui
1292 3443 1569 3500 evaserint
1602 3459 1668 3500 ex
1688 3459 1785 3499 vo-

185 3532 277 3586 his
325 3532 383 3586 in
418 3533 677 3603 gentibus
705 3575 720 3598 ,
775 3550 886 3604 quo
917 3535 1117 3606 captivi
1159 3535 1308 3590 ducti
1360 3534 1567 3591 fuerint
1618 3536 1780 3592 illuc:

185 3625 325 3695 quia
351 3625 532 3694 juravi
563 3626 718 3681 cordi
756 3642 952 3683 eorum
1011 3626 1342 3693 foruicauti,
1382 3631 1450 3698 3K
1497 3629 1587 3692 ei,
1636 3629 1783 3699 quod

184 3717 424 3772 recessit
450 3717 473 3786 1
501 3733 533 3771 a
568 3733 674 3782 me,
705 3727 760 3773 et
795 3718 973 3774 oculis
1007 3735 1197 3774 eorum
1230 3719 1635 3776 fornicantibus
1664 3729 1787 3790 post

185 3810 377 3864 studia
419 3825 517 3864 sua
551 3828 564 3865 :
593 3812 665 3880 (ο)
693 3820 748 3866 et
773 3813 1078 3882 percutient
1100 3812 1268 3870 facies
1299 3829 1448 3877 suas,
1473 3816 1541 3882 Χ
1563 3824 1785 3884 propter

187 3901 362 3967 mala,
394 3917 517 3972 qua:
541 3900 788 3957 fecerunt
828 3905 883 3958 in
911 3905 1174 3959 omnibus
1210 3905 1233 3973 1
1279 3904 1784 3960 abominationibus

185 3992 310 4048 suis
341 3994 408 4060 χ(
430 4002 484 4047 et
523 3994 576 4048 in
617 3996 876 4051 omnibus
903 3997 1100 4051 studiis
1124 3998 1240 4053 suis
1285 3999 1334 4068 1.
1371 3999 1456 4054 l0.
1481 3997 1547 4052 Et
1584 4013 1786 4068 cogno-

185 4094 374 4150 scent,
406 4086 552 4154 quod
585 4101 687 4157 ego
718 4087 986 4144 Dominus
1014 4092 1081 4159 »ζ
1134 4106 1240 4144 non
1299 4089 1504 4146 frustra
1562 4089 1782 4146 locutus

185 4191 347 4242 sum,
383 4187 443 4232 ut
475 4178 710 4234 facerem
755 4180 836 4236 eis
880 4183 1066 4237 omnia
1120 4183 1262 4236 mala
1305 4184 1419 4238 haec
1452 4183 1499 4252 1.
1535 4183 1622 4238 11.
1659 4182 1786 4239 Haec

183 4269 332 4323 dicit
357 4269 566 4324 Adonai
599 4270 903 4328 Dominus:
943 4273 1150 4328 Plaude
1181 4289 1370 4340 manu,
1427 4283 1482 4328 et
1531 4274 1785 4345 obstrepe

185 4362 448 4431 pedibus,
500 4365 579 4436 (ά)
631 4373 687 4420 et
733 4366 860 4420 dic:
893 4365 1027 4421 bene
1055 4365 1296 4436 quidem,
1326 4381 1492 4436 super
1527 4367 1785 4422 omnibus

1887 1876 2076 1946 quavit
2108 1877 2224 1932 dies
2287 1893 2394 1932 non
2431 1892 2556 1932 cum
2591 1877 3136 1948 praecipitationibus,
3166 1876 3240 1946 (g)
3280 1885 3334 1931 et
3366 1891 3475 1931 non

1886 1985 2013 2026 cum
2048 1969 2349 2025 doloribus.
2410 1969 2464 2024 8.
2521 1967 2681 2025 Nunc
2707 1969 2775 2024 de
2831 1969 3140 2040 propinquo
3201 1967 3475 2023 effundam

1888 2065 2026 2119 iram
2066 2078 2245 2117 meam
2278 2078 2445 2133 super
2482 2072 2554 2131 te,
2581 2073 2637 2118 et
2673 2061 2962 2132 complebo
2995 2059 3239 2115 furorem
3291 2074 3476 2114 meum

1887 2158 1941 2212 in
1985 2167 2058 2222 te,
2094 2157 2428 2226 etjudicabo
2458 2166 2509 2212 te
2540 2158 2594 2211 in
2631 2157 2731 2212 viis
2787 2155 2917 2222 tuis,
2962 2164 3017 2210 et
3052 2153 3196 2208 dabo
3225 2169 3391 2224 super
3421 2160 3478 2208 te.

1890 2265 2086 2305 omnes
2110 2249 2555 2305 abominatioues
2594 2257 2737 2305 tuas.
2800 2249 2855 2303 9.
2901 2245 3019 2302 Non
3058 2254 3248 2316 parcet
3276 2244 3474 2301 oculus

1891 2357 2072 2407 meus,
2105 2356 2283 2410 neque
2345 2340 2685 2406 miserebor;
2740 2339 2870 2409 quia
2909 2338 3029 2393 vias
3081 2347 3203 2392 tuas
3231 2351 3392 2407 super
3422 2346 3478 2392 te

1888 2435 2052 2499 daho,
2083 2443 2139 2488 et
2165 2433 2605 2488 abominationes
2643 2441 2752 2486 tute
2781 2431 2836 2486 in
2879 2430 3058 2485 medio
3086 2430 3162 2484 tui
3205 2438 3388 2494 erunt,
3422 2438 3478 2485 et

1888 2539 2210 2595 cOgnosces,
2265 2525 2412 2594 quod
2444 2538 2544 2593 ego
2574 2538 2697 2578 sum
2731 2521 3019 2588 Dominus,
3065 2521 3156 2592 qui
3206 2521 3472 2590 percutio.

1887 2616 1941 2672 3.
1976 2615 2132 2670 Nunc
2187 2615 2312 2670 finis
2354 2615 2419 2669 ad
2484 2623 2554 2680 te,
2587 2623 2641 2668 et
2697 2612 2913 2668 mittam
2948 2627 3050 2683 ego
3103 2627 3269 2682 super
3307 2622 3382 2677 et,
3421 2620 3478 2666 et

1889 2707 2130 2762 ulciscar
2173 2716 2224 2762 te
2287 2706 2341 2760 in
2374 2706 2476 2761 viis
2535 2705 2666 2769 tuis,
2723 2713 2778 2759 et
2827 2704 2968 2760 dabo
3002 2719 3166 2774 super
3199 2713 3252 2758 te
3279 2718 3474 2758 omnes

1888 2799 2322 2855 abominatioues
2347 2809 2486 2854 tuas.
2507 2799 2559 2853 4.
2578 2797 2697 2853 Non
2721 2805 2909 2869 parcet
2933 2798 3126 2852 oculus
3152 2813 3309 2851 meus
3338 2797 3474 2866 ("")

1887 2905 2050 2958 super
2079 2903 2148 2952 te,
2180 2905 2356 2961 neque
2387 2890 2720 2955 miserebor;
2748 2890 2877 2958 quia
2898 2889 3017 2942 vias
3057 2897 3180 2944 tuas
3221 2903 3389 2957 super
3423 2897 3475 2941 te

1887 2982 2053 3043 dabo,
2089 2991 2143 3035 et
2174 2980 2612 3035 abominationes
2643 2987 2748 3033 tua:
2783 2979 2836 3032 in
2863 2977 3044 3032 medio
3094 2977 3172 3032 tui
3211 2988 3394 3040 erunt,
3422 2987 3480 3032 et

1889 3071 2219 3141 scies,quod
2249 3086 2350 3139 ego
2380 3069 2663 3124 Dominus.
2690 3069 2740 3123 5.
2770 3067 2909 3134 Quia
2945 3068 3061 3124 hzec
3114 3069 3244 3123 dicit
3294 3067 3478 3123 Domi-

1893 3180 1994 3219 nus
2026 3163 2327 3217 Dominus:
2364 3163 2431 3230 )K
2456 3161 2665 3215 malitia
2699 3176 2807 3215 una
2863 3175 2990 3215 ecce
3037 3151 3113 3230 (lt)
3147 3159 3474 3229 prOpinqua.

1892 3253 1945 3308 6.
1981 3253 2135 3308 Finis
2181 3253 2350 3318 venit,
2384 3253 2533 3306 venit
2563 3252 2709 3317 linis,
2769 3250 3050 3322 evigilavit
3084 3251 3152 3306 ad
3185 3260 3235 3305 te
3261 3251 3310 3318 1.
3337 3249 3478 3306 Ecce

1891 3348 2040 3401 venit
2065 3345 2407 3415 complexio:
2443 3344 2530 3397 10.
2557 3358 2684 3399 ecce
2713 3343 2900 3398 dies+
2930 3345 3072 3414 parit
3111 3343 3160 3412 1,
3193 3358 3322 3397 ecce
3352 3343 3477 3398 finis

1891 3441 2041 3493 venit
2071 3453 2085 3490 :
2117 3439 2185 3505 Χ
2210 3450 2432 3508 egressa
2453 3435 2894 3504 esttcomplexio,
2929 3443 2984 3489 et
3017 3434 3204 3490 ﬂoruit
3231 3435 3398 3505 virga,
3423 3445 3480 3490 et

1894 3527 2323 3600 progerminavit
2369 3524 2626 3594 superbia
2676 3525 2743 3593 1,
2781 3523 3057 3592 evigilavit
3105 3524 3475 3578 contumelia:

1893 3623 1981 3676 11.
2016 3630 2071 3675 et
2103 3628 2351 3676 conteret
2376 3617 2612 3674 fulcrum
2643 3617 2838 3687 iniqui,
2860 3625 2914 3671 et
2947 3633 3054 3671 non
3102 3632 3226 3672 cum
3257 3628 3477 3687 pertur-

1893 3712 2139 3777 batione,
2163 3724 2342 3780 neque
2375 3725 2502 3765 cum
2535 3708 2908 3773 festinatione,
2966 3712 3032 3776 Ἀ(
3073 3717 3127 3764 et
3151 3725 3258 3764 non
3297 3724 3364 3763 ex
3395 3708 3478 3764 eis

1892 3817 2040 3873 sunt,
2069 3821 2249 3877 neque
2270 3806 2433 3861 decor
2467 3805 2522 3858 in
2547 3805 2627 3860 eis
2659 3804 2706 3872 1.
2754 3803 2839 3858 12.
2885 3795 3046 3858 Venit
3077 3810 3312 3870 tempus,
3348 3815 3480 3855 ecce

1890 3901 2050 3956 dies:
2087 3898 2182 3970 qui
2212 3898 2367 3964 emit,
2418 3912 2528 3950 non
2577 3896 2815 3960 laetetur,
2865 3905 2920 3950 et
2950 3895 3044 3965 qui
3099 3894 3328 3959 vendit,
3365 3908 3479 3948 non

1893 3991 2103 4062 lugeat:
2129 3992 2197 4058 Χ
2219 3989 2350 4059 quia
2399 3988 2480 4042 ira
2513 3988 2565 4041 in
2597 4001 2816 4042 omnem
2848 3985 3250 4041 multitudinem
3281 3985 3400 4054 ejus
3426 3985 3477 4053 1.

1893 4087 1980 4139 15.
2010 4083 2149 4150 Quia
2180 4097 2368 4138 emeus
2407 4081 2476 4136 ad
2509 4081 2833 4135 vendentem
2866 4095 2973 4136 non
3016 4078 3251 4149 amplius
3291 4093 3479 4132 rever-

1895 4187 2074 4231 tetur:
2110 4176 2263 4244 X6)
2299 4184 2352 4230 et
2380 4173 2618 4244 amplius
2646 4173 2699 4228 in
2735 4174 2846 4227 vita
2877 4173 3058 4228 vivere
3084 4187 3272 4228 eorum
3301 4189 3314 4238 ;
3346 4171 3479 4240 quia

1893 4271 2032 4326 visio
2055 4271 2109 4324 in
2139 4283 2359 4324 omnem
2422 4268 2833 4323 multitudinem
2888 4268 3008 4338 ejus
3048 4283 3157 4323 non
3184 4266 3382 4322 redibit
3413 4267 3506 4335 ξς,

1890 4373 1946 4418 et
1976 4364 2141 4417 homo
2174 4361 2230 4416 in
2281 4361 2442 4416 oculo
2491 4361 2616 4415 vita:
2661 4376 2773 4417 sua:
2809 4375 2916 4414 non
2969 4360 3258 4415 obtinebit.
3287 4358 3374 4412 14.
3403 4358 3483 4429 (Β)

185 4454 703 4511 abominationibus
727 4460 793 4525 χ(
828 4458 1096 4512 malorum
1128 4458 1150 4528 1
1186 4458 1384 4512 domus
1433 4455 1652 4512 lsraelis
1685 4475 1700 4512 :
1728 4457 1782 4511 in
1815 4484 1862 4544 Β
1891 4455 2139 4522 Claugite
2161 4454 2214 4507 in
2252 4453 2381 4508 tuba
2411 4493 2426 4516 ,
2461 4463 2515 4507 et
2538 4452 2784 4522 judicate
2831 4452 3039 4517 omnia,
3087 4454 3153 4520 ἃ(
3179 4461 3234 4507 et
3259 4467 3366 4506 non
3395 4459 3482 4506 est

186 4547 404 4616 gladio,
429 4559 483 4602 et
514 4549 566 4602 iu
587 4550 749 4616 fame,
767 4561 819 4604 et
845 4550 898 4604 in
917 4559 1094 4605 morte
1111 4552 1327 4605 cadent.
1357 4548 1446 4603 12.
1479 4547 1584 4616 Qui
1603 4550 1779 4618 longe,

187 4637 244 4690 in
284 4649 468 4692 morte
498 4640 783 4705 morietur,
811 4641 902 4710 qui
935 4655 1065 4695 vero
1095 4655 1281 4710 prOpe,
1315 4641 1370 4694 in
1402 4640 1583 4710 gladio
1604 4642 1780 4708 cadet,

186 4733 256 4798 χ(
294 4737 357 4784 et
381 4731 474 4801 qui
502 4731 722 4788 relictus
750 4732 912 4789 fuerit
948 4736 1009 4805 1,
1039 4735 1108 4804 (ε)
1143 4745 1200 4788 et
1228 4733 1320 4804 qui
1357 4732 1672 4800 conclusus,
1710 4733 1766 4788 in

1889 4547 2246 4617 protitiscens
2305 4545 2358 4599 in
2418 4545 2659 4610 bellum;
2724 4545 2855 4614 quia
2907 4544 2988 4599 ira
3023 4560 3141 4598 mea
3173 4545 3226 4598 in
3258 4558 3479 4599 omnem

1892 4642 2301 4700 multitudinem
2334 4641 2456 4711 ejus
2486 4643 2532 4711 1.
2563 4641 2650 4695 15.
2688 4641 2894 4696 Bellum
2931 4641 2986 4696 in
3022 4641 3204 4712 gladio
3235 4640 3391 4705 foris,
3426 4650 3483 4694 ct

1877 4733 2053 4790 fames
2082 4741 2137 4789 et
2167 4747 2316 4786 mors
2343 4731 2708 4787 intrinsecus:
2740 4731 2836 4802 qui
2872 4732 2925 4786 in
2967 4747 3186 4800 campo,
3217 4732 3267 4785 in
3296 4731 3480 4801 gladio

289 4941 334 5004 ε)
373 4936 459 5002 8.,
519 4937 762 5061 confregi
803 4947 876 4994 te.
955 4939 1017 5009 (')
1055 4937 1162 4992 Pro
1204 4947 1435 5004 κων-τη,
1484 4938 1630 5007 quod
1679 4955 1966 5009 perperam
2023 4940 2193 4995 edidit
2252 4938 2518 5009 Norberg,
2572 4947 2626 4993 et
2665 4955 2731 4993 ex
2781 4938 3001 5007 ingenio
3055 4940 3254 4999 vertit,
3323 4941 3480 4991 mise-

289 5008 414 5061 πίε.
451 5010 580 5061 auia
615 5011 666 5061 in
765 5009 862 5061 XX
905 5011 1112 5061 nostris
1151 5010 1287 5061 vidit
1327 5010 1612 5061 δηλαῖστή.
1665 5011 2042 5061 reponendum
2071 5019 2158 5061 est
2205 5013 2258 5061 in
2318 5011 2544 5061 Svriaco
2596 5019 2744 5061 textu
2797 5018 3036 5061 unm-n1.
3073 5019 3122 5061 et
3166 5010 3480 5061 manifesta.

186 5008 414 5072 rabilis,
451 5010 580 5079 quia
615 5011 666 5063 in

187 5079 260 5132 Et
292 5078 480 5149 reipsa
534 5078 784 5147 Tetrapla
829 5081 1055 5142 habent,
1103 5084 1165 5146 >ε<
1203 5080 1297 5132 καὶ
1334 5080 1490 5150 δήλη.
1518 5078 1722 5135 Dnacu.

189 5221 510 5289 completis.
549 5219 670 5286 T/i.,
699 5221 910 5276 rivulis.
983 5222 1061 5290 (a)

765 5009 862 5063 XX
905 5011 1112 5064 nostris
1151 5010 1287 5081 vidit
1327 5010 1612 5081 δηλαῖσςτή,
1665 5011 2042 5081 reponendum
2071 5019 2158 5065 est
2205 5013 2258 5065 in
2318 5011 2544 5081 Syriaco
2596 5019 2764 5081 textu»
2797 5018 3036 5081 δεῖν’-ρει,
3073 5019 3122 5062 et
3166 5010 3480 5081 ηιηηίίσδια.

1802 5081 1880 5149 (u)
1935 5080 2018 5142 8.,
2079 5092 2133 5150 et
2162 5077 2538 5150 ambiguitate.
2605 5082 2684 5150 (π)
2728 5077 2810 5142 8.,
2855 5080 3117 5150 gladium.
3183 5083 3271 5146 (")
3317 5080 3363 5150 _|.
3401 5091 3517 5150 c..f

190 5158 248 5203 et
301 5151 528 5218 puniam
562 5159 631 5204 te.
684 5150 853 5205 Senes
894 5170 906 5205 :
949 5151 1042 5203 καὶ
1089 5168 1140 5202 τι
1189 5151 1477 5220 ωρήσομαί
1529 5167 1607 5203 σε.
1671 5151 1869 5206 υιυιειι.

190 5221 510 5275 completis.
549 5219 670 5275 T/t..
699 5221 910 5275 rivulis.
983 5222 1061 5275 (al
1255 5230 1310 5274 ct
1344 5220 1780 5275 confrinuentur.
1845 5222 1869 5275 (ι

1973 5152 2049 5220 (y)
2091 5149 2174 5211 S..
2208 5148 2336 5220 qua:
2376 5148 2621 5204 reddent
2655 5159 2707 5220 te
2767 5148 2884 5204 sine
2917 5150 3125 5204 liberis.
3190 5152 3263 5217 (τ)
3301 5148 3384 5212 8.,
3426 5157 3482 5201 ct

1255 5217 1310 5274 ct
1344 5217 1780 5290 confringentur.
1845 5221 1918 5292 (ὁ)
1946 5217 2448 5286 8.,υιειὺόιοϋιιηι.
2527 5222 2633 5287 (””)
2665 5217 2904 5274 Verbum
2951 5221 3075 5290 Syr.
3126 5226 3342 5307 ponunt
3384 5236 3480 5289 po-

191 5317 314 5369 tius
359 5313 657 5384 significat,
718 5321 768 5384 et
822 5322 1246 5384 contemnantur.
1312 5311 1563 5384 Tetrapla
1614 5317 1679 5378 Ἀ(
1744 5331 1781 5384 κη

1891 5311 2329 5384 τλημμελήσωσι.
2386 5310 2592 5384 Βελειξ.

189 5382 551 5452 semetipsos.
589 5384 669 5455 (ιι)
729 5382 812 5455 8.,
873 5393 926 5438 et
955 5382 1303 5438 contristare.
1338 5383 1405 5450 (ε)
1449 5382 1530 5438 8..
1571 5391 1636 5455 _et
1691 5383 1781 5455 qui

1895 5384 2118 5455 baclus_
2140 5383 2209 5455 iu
2226 5384 2381 5455 urbe.
2449 5384 2516 5451 (Γ)

2673 5312 2742 5382 (c)
2812 5309 2910 5374 8.,
2971 5320 3028 5364 ιιι
3079 5311 3482 5379 reprehendant

2549 5381 2633 5446 8.,
2656 5381 2992 5450 corruptam,
3031 5390 3086 5435 et
3126 5382 3319 5435 iterum
3356 5397 3480 5435 cor-

190 5441 606 5524 rumpendam.‘
646 5441 722 5525 fg)
776 5441 862 5518 8.,
920 5463 975 5508 et
1017 5470 1122 5508 nou
1178 5470 1302 5507 cum
1343 5441 1831 5507 recrastinatione.
1911 5454 2042 5523 ("")
2080 5451 2262 5506 Edidit
2300 5441 2570 5522 Norberg,
2622 5441 2994 5515 oculus'tuus,
3043 5451 3474 5522 aduotavitque:

195 5571 216 5600 α
254 5535 374 5609 ’5η
402 5567 572 5613 meus,
609 5565 709 5618 pro
745 5532 873 5632 ’ῥ’-ε
913 5559 1056 5613 tuus,
1087 5558 1233 5602 certe
1267 5545 1574 5616 legendum.
1616 5565 1633 5595 ι
1682 5547 1781 5602 llel

1916 5548 2110 5602 oculus
2147 5563 2324 5602 meus.
2357 5545 2502 5600 LXX
2547 5545 2717 5600 nostri
2742 5555 2796 5600 et
2822 5545 3100 5615 Tetrapla,
3133 5547 3162 5598 ὁ
3199 5545 3479 5616 ὀφθαλμός

195 5663 332 5725 μου.
360 5644 575 5725 Ducit.
628 5643 716 5725 _(It)
747 5644 840 5706 Α.,
881 5643 1050 5722 venit.
1091 5641 1180 5725 ‘(i)
1213 5639 1296 5721 8.ἶ
1346 5638 1440 5696 sed
1471 5648 1524 5695 ct
1578 5640 1779 5711 ampliu

1894 5656 1956 5695 cc
2006 5641 2058 5694 in
2091 5639 2400 5696 viventibus
2436 5639 2544 5694 vita
2572 5652 2786 5694 eorum.
2849 5635 2921 5708 (it)
2952 5637 3038 5708 8.,
3074 5639 3394 5695 clanxeruut
3425 5638 3485 5692 lii

194 5712 252 5771 in
293 5716 447 5782 tuba,
493 5714 642 5786 quod
683 5712 1110 5785 przeparavcrint
1150 5713 1352 5767 omnia.
