  <div class='ocr_page' id='page_1' title='image "/cluster/home/n/w/nwhite01/storage/ocr_20150623/16 pt.3/nnc1.0046978674/163.png"; bbox 0 0 3864 6220; ppageno 0'>
   <div class='ocr_carea' id='block_1_1' title="bbox 406 260 554 318">
    <p class='ocr_par' dir='ltr' id='par_1_1' title="bbox 406 260 554 318">
     <span class='ocr_line' id='line_1_1' title="bbox 406 260 554 318; baseline 0.007 -1"><span class='ocrx_word' id='word_1_1' title='bbox 406 260 554 318; x_wconf 74' lang='grc'><strong>2699</strong></span> 
     </span>
    </p>
   </div>
   <div class='ocr_carea' id='block_1_2' title="bbox 1517 254 2585 317">
    <p class='ocr_par' dir='ltr' id='par_1_2' title="bbox 1517 254 2585 317">
     <span class='ocr_line' id='line_1_2' title="bbox 1517 254 2585 317; baseline 0 -1"><span class='ocrx_word' id='word_1_2' title='bbox 1517 257 1751 316; x_wconf 78' lang='lat' dir='ltr'><strong>CODEX</strong></span> <span class='ocrx_word' id='word_1_3' title='bbox 1784 254 2585 317; x_wconf 76' lang='lat' dir='ltr'><strong>SYRIACO-HEXAPLARIS.</strong></span> 
     </span>
    </p>
   </div>
   <div class='ocr_carea' id='block_1_3' title="bbox 3528 255 3675 311">
    <p class='ocr_par' dir='ltr' id='par_1_3' title="bbox 3528 255 3675 311">
     <span class='ocr_line' id='line_1_3' title="bbox 3528 255 3675 311; baseline -0.007 0"><span class='ocrx_word' id='word_1_4' title='bbox 3528 255 3675 311; x_wconf 77' lang='lat'><strong>2700</strong></span> 
     </span>
    </p>
   </div>
   <div class='ocr_carea' id='block_1_4' title="bbox 406 373 3677 449">
    <p class='ocr_par' dir='ltr' id='par_1_4' title="bbox 406 373 3677 449">
     <span class='ocr_line' id='line_1_4' title="bbox 406 373 3677 449; baseline -0 -18"><span class='ocrx_word' id='word_1_5' title='bbox 406 377 753 442; x_wconf 75' lang='lat' dir='ltr'><strong>conﬁciatur,</strong></span> <span class='ocrx_word' id='word_1_6' title='bbox 780 392 877 436; x_wconf 87' lang='lat' dir='ltr'><strong>eos</strong></span> <span class='ocrx_word' id='word_1_7' title='bbox 906 387 1114 443; x_wconf 87' lang='lat' dir='ltr'><strong>autem,</strong></span> <span class='ocrx_word' id='word_1_8' title='bbox 1146 376 1239 448; x_wconf 89' lang='lat' dir='ltr'><strong>qui</strong></span> <span class='ocrx_word' id='word_1_9' title='bbox 1268 376 1320 431; x_wconf 91' lang='lat' dir='ltr'><strong>in</strong></span> <span class='ocrx_word' id='word_1_10' title='bbox 1354 375 1510 442; x_wconf 91' lang='lat' dir='ltr'><strong>urbe,</strong></span> <span class='ocrx_word' id='word_1_11' title='bbox 1539 375 1737 440; x_wconf 89' lang='lat' dir='ltr'><strong>fames,</strong></span> <span class='ocrx_word' id='word_1_12' title='bbox 1758 386 1813 431; x_wconf 88' lang='lat' dir='ltr'><strong>et</strong></span> <span class='ocrx_word' id='word_1_13' title='bbox 1842 388 1993 429; x_wconf 92' lang='lat' dir='ltr'><strong>mors</strong></span> <span class='ocrx_word' id='word_1_14' title='bbox 2022 376 2068 433; x_wconf 85' lang='lat' dir='ltr'><strong>A</strong></span> <span class='ocrx_word' id='word_1_15' title='bbox 2102 373 2313 447; x_wconf 77' lang='lat' dir='ltr'><strong>inspexi</strong></span> <span class='ocrx_word' id='word_1_16' title='bbox 2343 378 2522 432; x_wconf 91' lang='lat' dir='ltr'><strong>oculis</strong></span> <span class='ocrx_word' id='word_1_17' title='bbox 2552 377 2689 433; x_wconf 91' lang='lat' dir='ltr'><strong>meis</strong></span> <span class='ocrx_word' id='word_1_18' title='bbox 2724 377 2789 434; x_wconf 90' lang='lat' dir='ltr'><strong>ad</strong></span> <span class='ocrx_word' id='word_1_19' title='bbox 2823 376 3161 449; x_wconf 83' lang='lat' dir='ltr'><strong>aquilonem,</strong></span> <span class='ocrx_word' id='word_1_20' title='bbox 3198 383 3253 430; x_wconf 88' lang='lat' dir='ltr'><strong>et</strong></span> <span class='ocrx_word' id='word_1_21' title='bbox 3281 390 3408 431; x_wconf 88' lang='lat' dir='ltr'><strong>ecce</strong></span> <span class='ocrx_word' id='word_1_22' title='bbox 3434 374 3506 430; x_wconf 88' lang='lat' dir='ltr'><strong>ab</strong></span> <span class='ocrx_word' id='word_1_23' title='bbox 3520 378 3677 446; x_wconf 82' lang='lat' dir='ltr'><strong>aqui-</strong></span> 
     </span>
    </p>
   </div>
   <div class='ocr_carea' id='block_1_5' title="bbox 408 469 1988 543">
    <p class='ocr_par' dir='ltr' id='par_1_5' title="bbox 408 469 1988 543">
     <span class='ocr_line' id='line_1_5' title="bbox 408 469 1988 543; baseline 0 -20"><span class='ocrx_word' id='word_1_24' title='bbox 408 481 717 527; x_wconf 82' lang='lat' dir='ltr'><strong>eensumet.</strong></span> <span class='ocrx_word' id='word_1_25' title='bbox 757 471 844 527; x_wconf 83' lang='grc'><strong>16.</strong></span> <span class='ocrx_word' id='word_1_26' title='bbox 885 471 949 543; x_wconf 86' lang='grc' dir='ltr'><strong>(ι)</strong></span> <span class='ocrx_word' id='word_1_27' title='bbox 982 470 1049 526; x_wconf 85' lang='lat' dir='ltr'><strong>Et</strong></span> <span class='ocrx_word' id='word_1_28' title='bbox 1085 470 1220 527; x_wconf 81' lang='lat' dir='ltr'><strong>salvi</strong></span> <span class='ocrx_word' id='word_1_29' title='bbox 1257 470 1511 531; x_wconf 79' lang='lat' dir='ltr'><strong>evadent.</strong></span> <span class='ocrx_word' id='word_1_30' title='bbox 1547 469 1761 540; x_wconf 88' lang='lat' dir='ltr'><strong>(m)qni</strong></span> <span class='ocrx_word' id='word_1_31' title='bbox 1793 482 1988 523; x_wconf 77' lang='lat' dir='ltr'><strong>evase~</strong></span> 
     </span>
    </p>
   </div>
   <div class='ocr_carea' id='block_1_6' title="bbox 408 561 1989 634">
    <p class='ocr_par' dir='ltr' id='par_1_6' title="bbox 408 561 1989 634">
     <span class='ocr_line' id='line_1_6' title="bbox 408 561 1989 634; baseline -0.001 -19"><span class='ocrx_word' id='word_1_32' title='bbox 408 576 521 616; x_wconf 66' lang='lat' dir='ltr'><strong>rint</strong></span> <span class='ocrx_word' id='word_1_33' title='bbox 548 580 614 618; x_wconf 88' lang='lat' dir='ltr'><strong>ex</strong></span> <span class='ocrx_word' id='word_1_34' title='bbox 641 564 743 630; x_wconf 88' lang='lat' dir='ltr'><strong>eis,</strong></span> <span class='ocrx_word' id='word_1_35' title='bbox 789 574 843 621; x_wconf 92' lang='lat' dir='ltr'><strong>et</strong></span> <span class='ocrx_word' id='word_1_36' title='bbox 890 574 1055 620; x_wconf 88' lang='lat' dir='ltr'><strong>erunt</strong></span> <span class='ocrx_word' id='word_1_37' title='bbox 1092 578 1255 634; x_wconf 84' lang='lat' dir='ltr'><strong>super</strong></span> <span class='ocrx_word' id='word_1_38' title='bbox 1307 564 1607 625; x_wconf 87' lang='lat' dir='ltr'><strong>montibus,</strong></span> <span class='ocrx_word' id='word_1_39' title='bbox 1632 564 1698 632; x_wconf 60' lang='grc' dir='ltr'><strong>χ(</strong></span> <span class='ocrx_word' id='word_1_40' title='bbox 1723 561 1863 617; x_wconf 83' lang='lat' dir='ltr'><strong>sicut</strong></span> <span class='ocrx_word' id='word_1_41' title='bbox 1892 576 1989 615; x_wconf 84' lang='lat' dir='ltr'><strong>co—</strong></span> 
     </span>
    </p>
   </div>
   <div class='ocr_carea' id='block_1_7' title="bbox 410 657 1987 726">
    <p class='ocr_par' dir='ltr' id='par_1_7' title="bbox 410 657 1987 726">
     <span class='ocr_line' id='line_1_7' title="bbox 410 657 1987 726; baseline -0.003 -16"><span class='ocrx_word' id='word_1_42' title='bbox 410 658 608 714; x_wconf 72' lang='lat' dir='ltr'><strong>Iumbze</strong></span> <span class='ocrx_word' id='word_1_43' title='bbox 637 657 965 713; x_wconf 65' lang='lat' dir='ltr'><strong>concreditae</strong></span> <span class='ocrx_word' id='word_1_44' title='bbox 992 657 1014 726; x_wconf 92' lang='lat'><strong>1</strong></span> <span class='ocrx_word' id='word_1_45' title='bbox 1054 676 1068 714; x_wconf 89' lang='lat'><strong>:</strong></span> <span class='ocrx_word' id='word_1_46' title='bbox 1105 675 1296 714; x_wconf 88' lang='lat' dir='ltr'><strong>omnes</strong></span> <span class='ocrx_word' id='word_1_47' title='bbox 1318 657 1588 721; x_wconf 92' lang='lat' dir='ltr'><strong>occidam,</strong></span> <span class='ocrx_word' id='word_1_48' title='bbox 1620 668 1987 724; x_wconf 82' lang='lat' dir='ltr'><strong>unumquem-</strong></span> 
     </span>
    </p>
   </div>
   <div class='ocr_carea' id='block_1_8' title="bbox 408 746 1981 818">
    <p class='ocr_par' dir='ltr' id='par_1_8' title="bbox 408 746 1981 818">
     <span class='ocr_line' id='line_1_8' title="bbox 408 746 1981 818; baseline -0.001 -16"><span class='ocrx_word' id='word_1_49' title='bbox 408 765 515 818; x_wconf 93' lang='lat' dir='ltr'><strong>que</strong></span> <span class='ocrx_word' id='word_1_50' title='bbox 551 750 605 803; x_wconf 92' lang='lat' dir='ltr'><strong>in</strong></span> <span class='ocrx_word' id='word_1_51' title='bbox 632 749 920 818; x_wconf 87' lang='lat' dir='ltr'><strong>injustitiis</strong></span> <span class='ocrx_word' id='word_1_52' title='bbox 954 751 1087 806; x_wconf 86' lang='lat' dir='ltr'><strong>suis.</strong></span> <span class='ocrx_word' id='word_1_53' title='bbox 1137 750 1221 805; x_wconf 77' lang='grc' dir='ltr'><strong>Π.</strong></span> <span class='ocrx_word' id='word_1_54' title='bbox 1270 748 1474 805; x_wconf 87' lang='lat' dir='ltr'><strong>Omnes</strong></span> <span class='ocrx_word' id='word_1_55' title='bbox 1524 764 1723 803; x_wconf 90' lang='lat' dir='ltr'><strong>manus</strong></span> <span class='ocrx_word' id='word_1_56' title='bbox 1776 746 1981 801; x_wconf 88' lang='lat' dir='ltr'><strong>dissol-</strong></span> 
     </span>
    </p>
   </div>
   <div class='ocr_carea' id='block_1_9' title="bbox 409 840 1987 911">
    <p class='ocr_par' dir='ltr' id='par_1_9' title="bbox 409 840 1987 911">
     <span class='ocr_line' id='line_1_9' title="bbox 409 840 1987 911; baseline 0 -18"><span class='ocrx_word' id='word_1_57' title='bbox 409 849 629 904; x_wconf 85' lang='lat' dir='ltr'><strong>ventur,</strong></span> <span class='ocrx_word' id='word_1_58' title='bbox 665 842 744 909; x_wconf 77' lang='grc' dir='ltr'><strong>(η)</strong></span> <span class='ocrx_word' id='word_1_59' title='bbox 771 848 827 895; x_wconf 88' lang='lat' dir='ltr'><strong>et</strong></span> <span class='ocrx_word' id='word_1_60' title='bbox 865 843 1051 897; x_wconf 88' lang='lat' dir='ltr'><strong>omnia</strong></span> <span class='ocrx_word' id='word_1_61' title='bbox 1105 840 1313 896; x_wconf 91' lang='lat' dir='ltr'><strong>femora</strong></span> <span class='ocrx_word' id='word_1_62' title='bbox 1361 841 1677 911; x_wconf 91' lang='lat' dir='ltr'><strong>polluentur</strong></span> <span class='ocrx_word' id='word_1_63' title='bbox 1721 842 1987 894; x_wconf 90' lang='lat' dir='ltr'><strong>humore:</strong></span> 
     </span>
    </p>
   </div>
   <div class='ocr_carea' id='block_1_10' title="bbox 410 930 1988 1003">
    <p class='ocr_par' dir='ltr' id='par_1_10' title="bbox 410 930 1988 1003">
     <span class='ocr_line' id='line_1_10' title="bbox 410 930 1988 1003; baseline -0.001 -19"><span class='ocrx_word' id='word_1_64' title='bbox 410 930 499 986; x_wconf 86' lang='grc'><strong>18.</strong></span> <span class='ocrx_word' id='word_1_65' title='bbox 534 942 587 987; x_wconf 90' lang='lat' dir='ltr'><strong>et</strong></span> <span class='ocrx_word' id='word_1_66' title='bbox 618 932 905 1003; x_wconf 91' lang='lat' dir='ltr'><strong>aceingent</strong></span> <span class='ocrx_word' id='word_1_67' title='bbox 944 948 1006 988; x_wconf 88' lang='lat' dir='ltr'><strong>se</strong></span> <span class='ocrx_word' id='word_1_68' title='bbox 1038 934 1239 993; x_wconf 89' lang='lat' dir='ltr'><strong>saccis.</strong></span> <span class='ocrx_word' id='word_1_69' title='bbox 1274 941 1330 988; x_wconf 91' lang='lat' dir='ltr'><strong>et</strong></span> <span class='ocrx_word' id='word_1_70' title='bbox 1371 933 1581 1003; x_wconf 90' lang='lat' dir='ltr'><strong>operiet</strong></span> <span class='ocrx_word' id='word_1_71' title='bbox 1632 946 1727 987; x_wconf 89' lang='lat' dir='ltr'><strong>eos</strong></span> <span class='ocrx_word' id='word_1_72' title='bbox 1760 940 1988 1001; x_wconf 90' lang='lat' dir='ltr'><strong>stupor;</strong></span> 
     </span>
    </p>
   </div>
   <div class='ocr_carea' id='block_1_11' title="bbox 409 1025 1992 1095">
    <p class='ocr_par' dir='ltr' id='par_1_11' title="bbox 409 1025 1992 1095">
     <span class='ocr_line' id='line_1_11' title="bbox 409 1025 1992 1095; baseline -0.001 -17"><span class='ocrx_word' id='word_1_73' title='bbox 409 1031 464 1078; x_wconf 93' lang='lat' dir='ltr'><strong>et</strong></span> <span class='ocrx_word' id='word_1_74' title='bbox 498 1038 662 1094; x_wconf 86' lang='lat' dir='ltr'><strong>super</strong></span> <span class='ocrx_word' id='word_1_75' title='bbox 687 1039 904 1079; x_wconf 91' lang='lat' dir='ltr'><strong>omnem</strong></span> <span class='ocrx_word' id='word_1_76' title='bbox 937 1025 1131 1081; x_wconf 90' lang='lat' dir='ltr'><strong>faciem</strong></span> <span class='ocrx_word' id='word_1_77' title='bbox 1159 1025 1334 1095; x_wconf 88' lang='lat' dir='ltr'><strong>pudor</strong></span> <span class='ocrx_word' id='word_1_78' title='bbox 1365 1040 1531 1095; x_wconf 90' lang='lat' dir='ltr'><strong>super</strong></span> <span class='ocrx_word' id='word_1_79' title='bbox 1571 1039 1691 1091; x_wconf 87' lang='lat' dir='ltr'><strong>eos,</strong></span> <span class='ocrx_word' id='word_1_80' title='bbox 1733 1033 1789 1079; x_wconf 92' lang='lat' dir='ltr'><strong>et</strong></span> <span class='ocrx_word' id='word_1_81' title='bbox 1826 1039 1992 1093; x_wconf 84' lang='lat' dir='ltr'><strong>super</strong></span> 
     </span>
    </p>
   </div>
   <div class='ocr_carea' id='block_1_12' title="bbox 409 1115 1994 1187">
    <p class='ocr_par' dir='ltr' id='par_1_12' title="bbox 409 1115 1994 1187">
     <span class='ocr_line' id='line_1_12' title="bbox 409 1115 1994 1187; baseline 0.001 -20"><span class='ocrx_word' id='word_1_82' title='bbox 409 1127 571 1169; x_wconf 89' lang='lat' dir='ltr'><strong>omne</strong></span> <span class='ocrx_word' id='word_1_83' title='bbox 598 1124 763 1184; x_wconf 79' lang='lat' dir='ltr'><strong>caput</strong></span> <span class='ocrx_word' id='word_1_84' title='bbox 791 1115 1095 1171; x_wconf 81' lang='lat' dir='ltr'><strong>calvitium.</strong></span> <span class='ocrx_word' id='word_1_85' title='bbox 1125 1116 1214 1173; x_wconf 82' lang='grc'><strong>19.</strong></span> <span class='ocrx_word' id='word_1_86' title='bbox 1245 1122 1547 1187; x_wconf 75' lang='lat' dir='ltr'><strong>Argentum</strong></span> <span class='ocrx_word' id='word_1_87' title='bbox 1573 1131 1764 1170; x_wconf 90' lang='lat' dir='ltr'><strong>eorum</strong></span> <span class='ocrx_word' id='word_1_88' title='bbox 1795 1116 1847 1169; x_wconf 90' lang='lat' dir='ltr'><strong>in</strong></span> <span class='ocrx_word' id='word_1_89' title='bbox 1877 1116 1994 1185; x_wconf 89' lang='lat' dir='ltr'><strong>pla-</strong></span> 
     </span>
    </p>
   </div>
   <div class='ocr_carea' id='block_1_13' title="bbox 412 1206 1992 1280">
    <p class='ocr_par' dir='ltr' id='par_1_13' title="bbox 412 1206 1992 1280">
     <span class='ocr_line' id='line_1_13' title="bbox 412 1206 1992 1280; baseline 0.003 -21"><span class='ocrx_word' id='word_1_90' title='bbox 412 1208 516 1261; x_wconf 86' lang='lat' dir='ltr'><strong>teis</strong></span> <span class='ocrx_word' id='word_1_91' title='bbox 559 1206 900 1277; x_wconf 90' lang='lat' dir='ltr'><strong>projicietur,</strong></span> <span class='ocrx_word' id='word_1_92' title='bbox 951 1218 1008 1263; x_wconf 92' lang='lat' dir='ltr'><strong>et</strong></span> <span class='ocrx_word' id='word_1_93' title='bbox 1055 1224 1251 1265; x_wconf 88' lang='lat' dir='ltr'><strong>aurum</strong></span> <span class='ocrx_word' id='word_1_94' title='bbox 1304 1224 1497 1265; x_wconf 90' lang='lat' dir='ltr'><strong>eorum</strong></span> <span class='ocrx_word' id='word_1_95' title='bbox 1549 1211 1624 1280; x_wconf 91' lang='grc' dir='ltr'><strong>(ο)</strong></span> <span class='ocrx_word' id='word_1_96' title='bbox 1669 1220 1992 1265; x_wconf 88' lang='lat' dir='ltr'><strong>contemne-</strong></span> 
     </span>
    </p>
   </div>
   <div class='ocr_carea' id='block_1_14' title="bbox 411 1298 1993 1367">
    <p class='ocr_par' dir='ltr' id='par_1_14' title="bbox 411 1298 1993 1367">
     <span class='ocr_line' id='line_1_14' title="bbox 411 1298 1993 1367; baseline 0.001 -18"><span class='ocrx_word' id='word_1_97' title='bbox 411 1304 501 1349; x_wconf 66' lang='grc' dir='ltr'><strong>ων</strong></span> <span class='ocrx_word' id='word_1_98' title='bbox 530 1310 544 1347; x_wconf 73' lang='grc' dir='ltr'><strong>Ξ</strong></span> <span class='ocrx_word' id='word_1_99' title='bbox 588 1298 657 1365; x_wconf 54' lang='grc' dir='ltr'>Χ</span> <span class='ocrx_word' id='word_1_100' title='bbox 678 1307 963 1367; x_wconf 84' lang='lat' dir='ltr'><strong>argentum</strong></span> <span class='ocrx_word' id='word_1_101' title='bbox 999 1315 1211 1361; x_wconf 84' lang='lat' dir='ltr'><strong>eorum.</strong></span> <span class='ocrx_word' id='word_1_102' title='bbox 1242 1308 1297 1355; x_wconf 89' lang='lat' dir='ltr'><strong>et</strong></span> <span class='ocrx_word' id='word_1_103' title='bbox 1317 1316 1511 1354; x_wconf 90' lang='lat' dir='ltr'><strong>aurum</strong></span> <span class='ocrx_word' id='word_1_104' title='bbox 1540 1313 1730 1354; x_wconf 91' lang='lat' dir='ltr'><strong>eorum</strong></span> <span class='ocrx_word' id='word_1_105' title='bbox 1764 1314 1873 1352; x_wconf 88' lang='lat' dir='ltr'><strong>non</strong></span> <span class='ocrx_word' id='word_1_106' title='bbox 1900 1313 1993 1351; x_wconf 73' lang='grc' dir='ltr'><strong>νει-</strong></span> 
     </span>
    </p>
   </div>
   <div class='ocr_carea' id='block_1_15' title="bbox 406 1387 1991 1462">
    <p class='ocr_par' dir='ltr' id='par_1_15' title="bbox 406 1387 1991 1462">
     <span class='ocr_line' id='line_1_15' title="bbox 406 1387 1991 1462; baseline 0.002 -19"><span class='ocrx_word' id='word_1_107' title='bbox 406 1387 540 1444; x_wconf 86' lang='lat' dir='ltr'><strong>lebit</strong></span> <span class='ocrx_word' id='word_1_108' title='bbox 566 1389 780 1460; x_wconf 84' lang='lat' dir='ltr'><strong>eripere</strong></span> <span class='ocrx_word' id='word_1_109' title='bbox 807 1406 904 1447; x_wconf 90' lang='lat' dir='ltr'><strong>eos</strong></span> <span class='ocrx_word' id='word_1_110' title='bbox 938 1392 990 1447; x_wconf 91' lang='lat' dir='ltr'><strong>in</strong></span> <span class='ocrx_word' id='word_1_111' title='bbox 1010 1393 1096 1447; x_wconf 92' lang='lat' dir='ltr'><strong>die</strong></span> <span class='ocrx_word' id='word_1_112' title='bbox 1125 1394 1221 1448; x_wconf 61' lang='lat' dir='ltr'><strong>iraa</strong></span> <span class='ocrx_word' id='word_1_113' title='bbox 1243 1391 1457 1449; x_wconf 84' lang='lat' dir='ltr'><strong>Domini</strong></span> <span class='ocrx_word' id='word_1_114' title='bbox 1488 1394 1509 1462; x_wconf 92' lang='lat'><strong>1</strong></span> <span class='ocrx_word' id='word_1_115' title='bbox 1538 1411 1551 1447; x_wconf 92' lang='lat'><strong>:</strong></span> <span class='ocrx_word' id='word_1_116' title='bbox 1582 1393 1777 1447; x_wconf 74' lang='lat' dir='ltr'><strong>anima:</strong></span> <span class='ocrx_word' id='word_1_117' title='bbox 1799 1407 1991 1446; x_wconf 90' lang='lat' dir='ltr'><strong>eorum</strong></span> 
     </span>
    </p>
   </div>
   <div class='ocr_carea' id='block_1_16' title="bbox 406 1483 1991 1552">
    <p class='ocr_par' dir='ltr' id='par_1_16' title="bbox 406 1483 1991 1552">
     <span class='ocr_line' id='line_1_16' title="bbox 406 1483 1991 1552; baseline 0.003 -16"><span class='ocrx_word' id='word_1_118' title='bbox 406 1495 519 1537; x_wconf 82' lang='lat' dir='ltr'><strong>non</strong></span> <span class='ocrx_word' id='word_1_119' title='bbox 573 1483 990 1551; x_wconf 87' lang='lat' dir='ltr'><strong>saturabuntur,</strong></span> <span class='ocrx_word' id='word_1_120' title='bbox 1030 1493 1085 1539; x_wconf 87' lang='lat' dir='ltr'><strong>et</strong></span> <span class='ocrx_word' id='word_1_121' title='bbox 1147 1496 1367 1541; x_wconf 79' lang='lat' dir='ltr'><strong>ventres</strong></span> <span class='ocrx_word' id='word_1_122' title='bbox 1423 1500 1616 1540; x_wconf 90' lang='lat' dir='ltr'><strong>eorum</strong></span> <span class='ocrx_word' id='word_1_123' title='bbox 1660 1500 1771 1539; x_wconf 90' lang='lat' dir='ltr'><strong>non</strong></span> <span class='ocrx_word' id='word_1_124' title='bbox 1799 1485 1991 1552; x_wconf 83' lang='lat' dir='ltr'><strong>imple-</strong></span> 
     </span>
    </p>
   </div>
   <div class='ocr_carea' id='block_1_17' title="bbox 404 1568 1986 1643">
    <p class='ocr_par' dir='ltr' id='par_1_17' title="bbox 404 1568 1986 1643">
     <span class='ocr_line' id='line_1_17' title="bbox 404 1568 1986 1643; baseline 0.003 -20"><span class='ocrx_word' id='word_1_125' title='bbox 404 1568 650 1638; x_wconf 85' lang='lat' dir='ltr'><strong>buntur;</strong></span> <span class='ocrx_word' id='word_1_126' title='bbox 693 1572 823 1642; x_wconf 89' lang='lat' dir='ltr'><strong>quia</strong></span> <span class='ocrx_word' id='word_1_127' title='bbox 881 1573 1159 1629; x_wconf 78' lang='lat' dir='ltr'><strong>cruciatus</strong></span> <span class='ocrx_word' id='word_1_128' title='bbox 1202 1574 1600 1643; x_wconf 81' lang='lat' dir='ltr'><strong>injuSIitiarum</strong></span> <span class='ocrx_word' id='word_1_129' title='bbox 1641 1590 1832 1628; x_wconf 88' lang='lat' dir='ltr'><strong>eorum</strong></span> <span class='ocrx_word' id='word_1_130' title='bbox 1867 1572 1986 1628; x_wconf 90' lang='lat' dir='ltr'><strong>fuit.</strong></span> 
     </span>
    </p>
   </div>
   <div class='ocr_carea' id='block_1_18' title="bbox 404 1657 1992 1735">
    <p class='ocr_par' dir='ltr' id='par_1_18' title="bbox 404 1657 1992 1735">
     <span class='ocr_line' id='line_1_18' title="bbox 404 1657 1992 1735; baseline 0.004 -23"><span class='ocrx_word' id='word_1_131' title='bbox 404 1657 497 1712; x_wconf 70' lang='lat'><strong>20.</strong></span> <span class='ocrx_word' id='word_1_132' title='bbox 531 1657 715 1716; x_wconf 82' lang='lat' dir='ltr'><strong>Electa</strong></span> <span class='ocrx_word' id='word_1_133' title='bbox 768 1661 958 1716; x_wconf 90' lang='lat' dir='ltr'><strong>mundi</strong></span> <span class='ocrx_word' id='word_1_134' title='bbox 992 1663 1046 1718; x_wconf 89' lang='lat' dir='ltr'><strong>in</strong></span> <span class='ocrx_word' id='word_1_135' title='bbox 1099 1664 1413 1735; x_wconf 86' lang='lat' dir='ltr'><strong>superbiam</strong></span> <span class='ocrx_word' id='word_1_136' title='bbox 1468 1675 1767 1735; x_wconf 85' lang='lat' dir='ltr'><strong>posuerunt</strong></span> <span class='ocrx_word' id='word_1_137' title='bbox 1818 1680 1905 1731; x_wconf 89' lang='lat' dir='ltr'><strong>ea,</strong></span> <span class='ocrx_word' id='word_1_138' title='bbox 1938 1672 1992 1719; x_wconf 90' lang='lat' dir='ltr'><strong>et</strong></span> 
     </span>
    </p>
   </div>
   <div class='ocr_carea' id='block_1_19' title="bbox 409 1750 1991 1823">
    <p class='ocr_par' dir='ltr' id='par_1_19' title="bbox 409 1750 1991 1823">
     <span class='ocr_line' id='line_1_19' title="bbox 409 1750 1991 1823; baseline 0.004 -17"><span class='ocrx_word' id='word_1_139' title='bbox 409 1750 683 1823; x_wconf 80' lang='lat' dir='ltr'><strong>imagines</strong></span> <span class='ocrx_word' id='word_1_140' title='bbox 712 1754 1187 1812; x_wconf 87' lang='lat' dir='ltr'><strong>abominationum</strong></span> <span class='ocrx_word' id='word_1_141' title='bbox 1246 1773 1470 1814; x_wconf 90' lang='lat' dir='ltr'><strong>suarum</strong></span> <span class='ocrx_word' id='word_1_142' title='bbox 1529 1774 1617 1814; x_wconf 87' lang='lat' dir='ltr'><strong>res</strong></span> <span class='ocrx_word' id='word_1_143' title='bbox 1662 1758 1991 1814; x_wconf 75' lang='lat' dir='ltr'><strong>oﬂeudicula</strong></span> 
     </span>
    </p>
   </div>
   <div class='ocr_carea' id='block_1_20' title="bbox 408 1843 1993 1922">
    <p class='ocr_par' dir='ltr' id='par_1_20' title="bbox 408 1843 1993 1922">
     <span class='ocr_line' id='line_1_20' title="bbox 408 1843 1993 1922; baseline 0.003 -23"><span class='ocrx_word' id='word_1_144' title='bbox 408 1859 509 1899; x_wconf 82' lang='lat' dir='ltr'><strong>sua</strong></span> <span class='ocrx_word' id='word_1_145' title='bbox 539 1843 789 1903; x_wconf 84' lang='lat' dir='ltr'><strong>fecerunt</strong></span> <span class='ocrx_word' id='word_1_146' title='bbox 819 1863 887 1904; x_wconf 86' lang='lat' dir='ltr'><strong>ex</strong></span> <span class='ocrx_word' id='word_1_147' title='bbox 946 1849 1030 1906; x_wconf 90' lang='lat' dir='ltr'><strong>eis</strong></span> <span class='ocrx_word' id='word_1_148' title='bbox 1076 1868 1089 1905; x_wconf 90' lang='lat'><strong>:</strong></span> <span class='ocrx_word' id='word_1_149' title='bbox 1130 1862 1353 1922; x_wconf 87' lang='lat' dir='ltr'><strong>propter</strong></span> <span class='ocrx_word' id='word_1_150' title='bbox 1409 1853 1513 1906; x_wconf 91' lang='lat' dir='ltr'><strong>hoc</strong></span> <span class='ocrx_word' id='word_1_151' title='bbox 1541 1851 1663 1907; x_wconf 83' lang='lat' dir='ltr'><strong>dedi</strong></span> <span class='ocrx_word' id='word_1_152' title='bbox 1717 1867 1782 1907; x_wconf 88' lang='lat' dir='ltr'><strong>ea</strong></span> <span class='ocrx_word' id='word_1_153' title='bbox 1831 1851 1910 1906; x_wconf 88' lang='lat' dir='ltr'><strong>eis</strong></span> <span class='ocrx_word' id='word_1_154' title='bbox 1940 1852 1993 1905; x_wconf 91' lang='lat' dir='ltr'><strong>in</strong></span> 
     </span>
    </p>
   </div>
   <div class='ocr_carea' id='block_1_21' title="bbox 407 1937 1997 2000">
    <p class='ocr_par' dir='ltr' id='par_1_21' title="bbox 407 1937 1997 2000">
     <span class='ocr_line' id='line_1_21' title="bbox 407 1937 1997 2000; baseline 0.004 -8"><span class='ocrx_word' id='word_1_155' title='bbox 407 1937 839 1996; x_wconf 86' lang='lat' dir='ltr'><strong>immunditiem.</strong></span> <span class='ocrx_word' id='word_1_156' title='bbox 867 1939 960 1996; x_wconf 77' lang='lat' dir='ltr'><strong>2i.</strong></span> <span class='ocrx_word' id='word_1_157' title='bbox 993 1940 1061 1997; x_wconf 87' lang='lat' dir='ltr'><strong>Et</strong></span> <span class='ocrx_word' id='word_1_158' title='bbox 1116 1944 1325 2000; x_wconf 85' lang='lat' dir='ltr'><strong>tradam</strong></span> <span class='ocrx_word' id='word_1_159' title='bbox 1358 1959 1422 1999; x_wconf 89' lang='lat' dir='ltr'><strong>ea</strong></span> <span class='ocrx_word' id='word_1_160' title='bbox 1464 1944 1518 1999; x_wconf 91' lang='lat' dir='ltr'><strong>in</strong></span> <span class='ocrx_word' id='word_1_161' title='bbox 1566 1960 1765 1999; x_wconf 89' lang='lat' dir='ltr'><strong>manus</strong></span> <span class='ocrx_word' id='word_1_162' title='bbox 1798 1944 1997 2000; x_wconf 89' lang='lat' dir='ltr'><strong>alieno-</strong></span> 
     </span>
    </p>
   </div>
   <div class='ocr_carea' id='block_1_22' title="bbox 406 2032 1995 2106">
    <p class='ocr_par' dir='ltr' id='par_1_22' title="bbox 406 2032 1995 2106">
     <span class='ocr_line' id='line_1_22' title="bbox 406 2032 1995 2106; baseline 0.004 -21"><span class='ocrx_word' id='word_1_163' title='bbox 406 2044 554 2097; x_wconf 88' lang='lat' dir='ltr'><strong>rum,</strong></span> <span class='ocrx_word' id='word_1_164' title='bbox 613 2038 673 2087; x_wconf 89' lang='lat' dir='ltr'><strong>ut</strong></span> <span class='ocrx_word' id='word_1_165' title='bbox 723 2032 990 2104; x_wconf 86' lang='lat' dir='ltr'><strong>diripiant</strong></span> <span class='ocrx_word' id='word_1_166' title='bbox 1048 2050 1134 2102; x_wconf 90' lang='lat' dir='ltr'><strong>ea,</strong></span> <span class='ocrx_word' id='word_1_167' title='bbox 1166 2044 1222 2091; x_wconf 92' lang='lat' dir='ltr'><strong>et</strong></span> <span class='ocrx_word' id='word_1_168' title='bbox 1271 2037 1689 2106; x_wconf 86' lang='lat' dir='ltr'><strong>corruptoribus</strong></span> <span class='ocrx_word' id='word_1_169' title='bbox 1744 2044 1904 2091; x_wconf 79' lang='lat' dir='ltr'><strong>teme</strong></span> <span class='ocrx_word' id='word_1_170' title='bbox 1940 2037 1995 2091; x_wconf 92' lang='lat' dir='ltr'><strong>in</strong></span> 
     </span>
    </p>
   </div>
   <div class='ocr_carea' id='block_1_23' title="bbox 405 2121 1993 2195">
    <p class='ocr_par' dir='ltr' id='par_1_23' title="bbox 405 2121 1993 2195">
     <span class='ocr_line' id='line_1_23' title="bbox 405 2121 1993 2195; baseline 0.003 -20"><span class='ocrx_word' id='word_1_171' title='bbox 405 2121 753 2191; x_wconf 64' lang='lat' dir='ltr'><strong>praedam,et</strong></span> <span class='ocrx_word' id='word_1_172' title='bbox 804 2124 1053 2195; x_wconf 90' lang='lat' dir='ltr'><strong>polluent</strong></span> <span class='ocrx_word' id='word_1_173' title='bbox 1101 2141 1188 2181; x_wconf 82' lang='lat' dir='ltr'><strong>ea.</strong></span> <span class='ocrx_word' id='word_1_174' title='bbox 1257 2126 1347 2181; x_wconf 75' lang='lat'><strong>22.</strong></span> <span class='ocrx_word' id='word_1_175' title='bbox 1409 2125 1476 2181; x_wconf 90' lang='lat' dir='ltr'><strong>Et</strong></span> <span class='ocrx_word' id='word_1_176' title='bbox 1514 2136 1759 2182; x_wconf 84' lang='lat' dir='ltr'><strong>avertam</strong></span> <span class='ocrx_word' id='word_1_177' title='bbox 1799 2126 1993 2183; x_wconf 90' lang='lat' dir='ltr'><strong>faciem</strong></span> 
     </span>
    </p>
   </div>
   <div class='ocr_carea' id='block_1_24' title="bbox 405 2214 1998 2289">
    <p class='ocr_par' dir='ltr' id='par_1_24' title="bbox 405 2214 1998 2289">
     <span class='ocr_line' id='line_1_24' title="bbox 405 2214 1998 2289; baseline 0.003 -21"><span class='ocrx_word' id='word_1_178' title='bbox 405 2227 584 2269; x_wconf 84' lang='lat' dir='ltr'><strong>meam</strong></span> <span class='ocrx_word' id='word_1_179' title='bbox 620 2214 690 2269; x_wconf 93' lang='lat' dir='ltr'><strong>ab</strong></span> <span class='ocrx_word' id='word_1_180' title='bbox 718 2215 820 2283; x_wconf 89' lang='lat' dir='ltr'><strong>eis,</strong></span> <span class='ocrx_word' id='word_1_181' title='bbox 854 2216 931 2288; x_wconf 82' lang='lat' dir='ltr'><strong>(p)</strong></span> <span class='ocrx_word' id='word_1_182' title='bbox 955 2227 1011 2273; x_wconf 92' lang='lat' dir='ltr'><strong>et</strong></span> <span class='ocrx_word' id='word_1_183' title='bbox 1040 2218 1290 2289; x_wconf 90' lang='lat' dir='ltr'><strong>polluent</strong></span> <span class='ocrx_word' id='word_1_184' title='bbox 1317 2219 1685 2275; x_wconf 85' lang='lat' dir='ltr'><strong>visitationem</strong></span> <span class='ocrx_word' id='word_1_185' title='bbox 1718 2235 1918 2285; x_wconf 89' lang='lat' dir='ltr'><strong>meam,</strong></span> <span class='ocrx_word' id='word_1_186' title='bbox 1944 2227 1998 2273; x_wconf 85' lang='lat' dir='ltr'><strong>et</strong></span> 
     </span>
    </p>
   </div>
   <div class='ocr_carea' id='block_1_25' title="bbox 405 2303 1996 2382">
    <p class='ocr_par' dir='ltr' id='par_1_25' title="bbox 405 2303 1996 2382">
     <span class='ocr_line' id='line_1_25' title="bbox 405 2303 1996 2382; baseline 0.004 -24"><span class='ocrx_word' id='word_1_187' title='bbox 405 2303 784 2375; x_wconf 82' lang='lat' dir='ltr'><strong>iugredientur</strong></span> <span class='ocrx_word' id='word_1_188' title='bbox 810 2307 864 2363; x_wconf 88' lang='lat' dir='ltr'><strong>in</strong></span> <span class='ocrx_word' id='word_1_189' title='bbox 889 2323 954 2365; x_wconf 89' lang='lat' dir='ltr'><strong>ea</strong></span> <span class='ocrx_word' id='word_1_190' title='bbox 978 2309 1053 2382; x_wconf 73' lang='grc' dir='ltr'><strong>(ᾳ)</strong></span> <span class='ocrx_word' id='word_1_191' title='bbox 1087 2326 1194 2366; x_wconf 84' lang='lat' dir='ltr'><strong>non</strong></span> <span class='ocrx_word' id='word_1_192' title='bbox 1214 2310 1458 2382; x_wconf 88' lang='lat' dir='ltr'><strong>provide,</strong></span> <span class='ocrx_word' id='word_1_193' title='bbox 1478 2311 1996 2367; x_wconf 90' lang='lat' dir='ltr'><strong>etcoutaminabunt</strong></span> 
     </span>
    </p>
   </div>
   <div class='ocr_carea' id='block_1_26' title="bbox 405 2395 1995 2473">
    <p class='ocr_par' dir='ltr' id='par_1_26' title="bbox 405 2395 1995 2473">
     <span class='ocr_line' id='line_1_26' title="bbox 405 2395 1995 2473; baseline 0.006 -25"><span class='ocrx_word' id='word_1_194' title='bbox 405 2409 493 2449; x_wconf 88' lang='lat' dir='ltr'><strong>ea.</strong></span> <span class='ocrx_word' id='word_1_195' title='bbox 524 2395 615 2452; x_wconf 74' lang='lat'><strong>25.</strong></span> <span class='ocrx_word' id='word_1_196' title='bbox 654 2396 724 2469; x_wconf 88' lang='lat' dir='ltr'><strong>(r)</strong></span> <span class='ocrx_word' id='word_1_197' title='bbox 767 2396 833 2454; x_wconf 78' lang='lat' dir='ltr'><strong>Et</strong></span> <span class='ocrx_word' id='word_1_198' title='bbox 885 2399 1090 2456; x_wconf 86' lang='lat' dir='ltr'><strong>facient</strong></span> <span class='ocrx_word' id='word_1_199' title='bbox 1144 2401 1600 2471; x_wconf 85' lang='lat' dir='ltr'><strong>permixtionem;</strong></span> <span class='ocrx_word' id='word_1_200' title='bbox 1650 2402 1779 2473; x_wconf 89' lang='lat' dir='ltr'><strong>quia</strong></span> <span class='ocrx_word' id='word_1_201' title='bbox 1850 2411 1995 2457; x_wconf 87' lang='lat' dir='ltr'><strong>terra</strong></span> 
     </span>
    </p>
   </div>
   <div class='ocr_carea' id='block_1_27' title="bbox 406 2486 1987 2564">
    <p class='ocr_par' dir='ltr' id='par_1_27' title="bbox 406 2486 1987 2564">
     <span class='ocr_line' id='line_1_27' title="bbox 406 2486 1987 2564; baseline 0.004 -23"><span class='ocrx_word' id='word_1_202' title='bbox 406 2486 569 2558; x_wconf 88' lang='lat' dir='ltr'><strong>plena</strong></span> <span class='ocrx_word' id='word_1_203' title='bbox 595 2488 664 2560; x_wconf 74' lang='grc' dir='ltr'><strong>(ε)</strong></span> <span class='ocrx_word' id='word_1_204' title='bbox 693 2490 885 2561; x_wconf 89' lang='lat' dir='ltr'><strong>judicii</strong></span> <span class='ocrx_word' id='word_1_205' title='bbox 935 2493 1308 2564; x_wconf 81' lang='lat' dir='ltr'><strong>sanguinum,</strong></span> <span class='ocrx_word' id='word_1_206' title='bbox 1343 2502 1400 2548; x_wconf 90' lang='lat' dir='ltr'><strong>et</strong></span> <span class='ocrx_word' id='word_1_207' title='bbox 1432 2494 1565 2548; x_wconf 86' lang='lat' dir='ltr'><strong>urbs</strong></span> <span class='ocrx_word' id='word_1_208' title='bbox 1600 2494 1758 2562; x_wconf 88' lang='lat' dir='ltr'><strong>plena</strong></span> <span class='ocrx_word' id='word_1_209' title='bbox 1794 2494 1987 2564; x_wconf 82' lang='lat' dir='ltr'><strong>iniqui-</strong></span> 
     </span>
    </p>
   </div>
   <div class='ocr_carea' id='block_1_28' title="bbox 407 2580 1999 2656">
    <p class='ocr_par' dir='ltr' id='par_1_28' title="bbox 407 2580 1999 2656">
     <span class='ocr_line' id='line_1_28' title="bbox 407 2580 1999 2656; baseline 0.004 -23"><span class='ocrx_word' id='word_1_210' title='bbox 407 2580 561 2635; x_wconf 83' lang='lat' dir='ltr'><strong>tatis.</strong></span> <span class='ocrx_word' id='word_1_211' title='bbox 597 2580 689 2637; x_wconf 69' lang='lat'><strong>24.</strong></span> <span class='ocrx_word' id='word_1_212' title='bbox 723 2583 792 2652; x_wconf 58' lang='grc' dir='ltr'>Χ</span> <span class='ocrx_word' id='word_1_213' title='bbox 817 2582 881 2638; x_wconf 82' lang='grc' dir='ltr'><strong>Ει</strong></span> <span class='ocrx_word' id='word_1_214' title='bbox 912 2584 1179 2639; x_wconf 85' lang='lat' dir='ltr'><strong>adducam</strong></span> <span class='ocrx_word' id='word_1_215' title='bbox 1217 2585 1393 2640; x_wconf 85' lang='lat' dir='ltr'><strong>malos</strong></span> <span class='ocrx_word' id='word_1_216' title='bbox 1452 2585 1720 2656; x_wconf 75' lang='lat' dir='ltr'><strong>gentium,</strong></span> <span class='ocrx_word' id='word_1_217' title='bbox 1741 2595 1798 2641; x_wconf 88' lang='lat' dir='ltr'><strong>et</strong></span> <span class='ocrx_word' id='word_1_218' title='bbox 1824 2586 1999 2640; x_wconf 63' lang='lat' dir='ltr'><strong>haere-</strong></span> 
     </span>
    </p>
   </div>
   <div class='ocr_carea' id='block_1_29' title="bbox 406 2671 1996 2749">
    <p class='ocr_par' dir='ltr' id='par_1_29' title="bbox 406 2671 1996 2749">
     <span class='ocr_line' id='line_1_29' title="bbox 406 2671 1996 2749; baseline 0.003 -22"><span class='ocrx_word' id='word_1_219' title='bbox 406 2671 664 2729; x_wconf 90' lang='lat' dir='ltr'><strong>ditabunt</strong></span> <span class='ocrx_word' id='word_1_220' title='bbox 700 2676 898 2732; x_wconf 90' lang='lat' dir='ltr'><strong>domos</strong></span> <span class='ocrx_word' id='word_1_221' title='bbox 930 2691 1125 2732; x_wconf 89' lang='lat' dir='ltr'><strong>eorum</strong></span> <span class='ocrx_word' id='word_1_222' title='bbox 1174 2678 1198 2746; x_wconf 99' lang='lat'><strong>1</strong></span> <span class='ocrx_word' id='word_1_223' title='bbox 1236 2697 1251 2733; x_wconf 69' lang='grc' dir='ltr'><strong><em>ι</em></strong></span> <span class='ocrx_word' id='word_1_224' title='bbox 1294 2688 1349 2733; x_wconf 90' lang='lat' dir='ltr'><strong>et</strong></span> <span class='ocrx_word' id='word_1_225' title='bbox 1393 2687 1635 2733; x_wconf 90' lang='lat' dir='ltr'><strong>avertam</strong></span> <span class='ocrx_word' id='word_1_226' title='bbox 1671 2677 1996 2749; x_wconf 91' lang='lat' dir='ltr'><strong>jactantiam</strong></span> 
     </span>
    </p>
   </div>
   <div class='ocr_carea' id='block_1_30' title="bbox 407 2763 1993 2842">
    <p class='ocr_par' dir='ltr' id='par_1_30' title="bbox 407 2763 1993 2842">
     <span class='ocr_line' id='line_1_30' title="bbox 407 2763 1993 2842; baseline 0.003 -23"><span class='ocrx_word' id='word_1_227' title='bbox 407 2763 477 2836; x_wconf 81' lang='grc' dir='ltr'><strong>(ι)</strong></span> <span class='ocrx_word' id='word_1_228' title='bbox 507 2764 848 2824; x_wconf 73' lang='lat' dir='ltr'><strong>fortitudinis</strong></span> <span class='ocrx_word' id='word_1_229' title='bbox 875 2783 1092 2834; x_wconf 87' lang='lat' dir='ltr'><strong>eorum,</strong></span> <span class='ocrx_word' id='word_1_230' title='bbox 1130 2780 1185 2826; x_wconf 91' lang='lat' dir='ltr'><strong>et</strong></span> <span class='ocrx_word' id='word_1_231' title='bbox 1210 2772 1525 2842; x_wconf 90' lang='lat' dir='ltr'><strong>polluentur</strong></span> <span class='ocrx_word' id='word_1_232' title='bbox 1554 2770 1755 2827; x_wconf 89' lang='lat' dir='ltr'><strong>Sancta</strong></span> <span class='ocrx_word' id='word_1_233' title='bbox 1778 2786 1993 2826; x_wconf 85' lang='lat' dir='ltr'><strong>eorum.</strong></span> 
     </span>
    </p>
   </div>
   <div class='ocr_carea' id='block_1_31' title="bbox 406 2857 1997 2934">
    <p class='ocr_par' dir='ltr' id='par_1_31' title="bbox 406 2857 1997 2934">
     <span class='ocr_line' id='line_1_31' title="bbox 406 2857 1997 2934; baseline 0.004 -22"><span class='ocrx_word' id='word_1_234' title='bbox 406 2857 501 2913; x_wconf 76' lang='lat'><strong>25.</strong></span> <span class='ocrx_word' id='word_1_235' title='bbox 529 2857 608 2929; x_wconf 77' lang='grc' dir='ltr'><strong>(ιι)</strong></span> <span class='ocrx_word' id='word_1_236' title='bbox 642 2858 893 2929; x_wconf 86' lang='lat' dir='ltr'><strong>Expiatio</strong></span> <span class='ocrx_word' id='word_1_237' title='bbox 924 2862 1127 2929; x_wconf 85' lang='lat' dir='ltr'><strong>veniet,</strong></span> <span class='ocrx_word' id='word_1_238' title='bbox 1154 2864 1233 2933; x_wconf 65' lang='lat' dir='ltr'><strong>(at)</strong></span> <span class='ocrx_word' id='word_1_239' title='bbox 1256 2873 1311 2919; x_wconf 90' lang='lat' dir='ltr'><strong>et</strong></span> <span class='ocrx_word' id='word_1_240' title='bbox 1341 2874 1546 2932; x_wconf 72' lang='lat' dir='ltr'><strong>quaeret</strong></span> <span class='ocrx_word' id='word_1_241' title='bbox 1572 2874 1855 2934; x_wconf 90' lang='lat' dir='ltr'><strong>pacem,et</strong></span> <span class='ocrx_word' id='word_1_242' title='bbox 1888 2879 1997 2918; x_wconf 89' lang='lat' dir='ltr'><strong>non</strong></span> 
     </span>
    </p>
   </div>
   <div class='ocr_carea' id='block_1_32' title="bbox 408 2947 1999 3025">
    <p class='ocr_par' dir='ltr' id='par_1_32' title="bbox 408 2947 1999 3025">
     <span class='ocr_line' id='line_1_32' title="bbox 408 2947 1999 3025; baseline 0.004 -22"><span class='ocrx_word' id='word_1_243' title='bbox 408 2947 536 3003; x_wconf 90' lang='lat' dir='ltr'><strong>erit.</strong></span> <span class='ocrx_word' id='word_1_244' title='bbox 566 2949 657 3005; x_wconf 70' lang='lat'><strong>26.</strong></span> <span class='ocrx_word' id='word_1_245' title='bbox 692 2950 786 3006; x_wconf 63' lang='lat' dir='ltr'><strong>Va:</strong></span> <span class='ocrx_word' id='word_1_246' title='bbox 816 2967 983 3022; x_wconf 88' lang='lat' dir='ltr'><strong>super</strong></span> <span class='ocrx_word' id='word_1_247' title='bbox 1016 2970 1097 3010; x_wconf 68' lang='lat' dir='ltr'><strong>vae</strong></span> <span class='ocrx_word' id='word_1_248' title='bbox 1134 2956 1267 3022; x_wconf 90' lang='lat' dir='ltr'><strong>erit,</strong></span> <span class='ocrx_word' id='word_1_249' title='bbox 1300 2963 1355 3011; x_wconf 91' lang='lat' dir='ltr'><strong>et</strong></span> <span class='ocrx_word' id='word_1_250' title='bbox 1393 2955 1620 3011; x_wconf 90' lang='lat' dir='ltr'><strong>nuntius</strong></span> <span class='ocrx_word' id='word_1_251' title='bbox 1660 2971 1825 3025; x_wconf 76' lang='lat' dir='ltr'><strong>super</strong></span> <span class='ocrx_word' id='word_1_252' title='bbox 1856 2972 1999 3010; x_wconf 90' lang='lat' dir='ltr'><strong>nun-</strong></span> 
     </span>
    </p>
   </div>
   <div class='ocr_carea' id='block_1_33' title="bbox 411 3040 1994 3119">
    <p class='ocr_par' dir='ltr' id='par_1_33' title="bbox 411 3040 1994 3119">
     <span class='ocr_line' id='line_1_33' title="bbox 411 3040 1994 3119; baseline 0.005 -24"><span class='ocrx_word' id='word_1_253' title='bbox 411 3040 549 3097; x_wconf 88' lang='lat' dir='ltr'><strong>tium</strong></span> <span class='ocrx_word' id='word_1_254' title='bbox 602 3043 728 3110; x_wconf 91' lang='lat' dir='ltr'><strong>erit,</strong></span> <span class='ocrx_word' id='word_1_255' title='bbox 779 3054 830 3102; x_wconf 91' lang='lat' dir='ltr'><strong>et</strong></span> <span class='ocrx_word' id='word_1_256' title='bbox 883 3055 1160 3117; x_wconf 69' lang='lat' dir='ltr'><strong>quaeretur</strong></span> <span class='ocrx_word' id='word_1_257' title='bbox 1222 3049 1364 3105; x_wconf 83' lang='lat' dir='ltr'><strong>visio</strong></span> <span class='ocrx_word' id='word_1_258' title='bbox 1418 3050 1487 3104; x_wconf 88' lang='lat' dir='ltr'><strong>de</strong></span> <span class='ocrx_word' id='word_1_259' title='bbox 1509 3050 1795 3119; x_wconf 85' lang='lat' dir='ltr'><strong>propheta,</strong></span> <span class='ocrx_word' id='word_1_260' title='bbox 1827 3058 1881 3103; x_wconf 91' lang='lat' dir='ltr'><strong>et</strong></span> <span class='ocrx_word' id='word_1_261' title='bbox 1910 3050 1994 3103; x_wconf 84' lang='lat' dir='ltr'><strong>lex</strong></span> 
     </span>
    </p>
   </div>
   <div class='ocr_carea' id='block_1_34' title="bbox 410 3134 1993 3207">
    <p class='ocr_par' dir='ltr' id='par_1_34' title="bbox 410 3134 1993 3207">
     <span class='ocr_line' id='line_1_34' title="bbox 410 3134 1993 3207; baseline 0.005 -18"><span class='ocrx_word' id='word_1_262' title='bbox 410 3134 611 3203; x_wconf 78' lang='lat' dir='ltr'><strong>peribit</strong></span> <span class='ocrx_word' id='word_1_263' title='bbox 632 3150 663 3192; x_wconf 88' lang='lat' dir='ltr'><strong>a</strong></span> <span class='ocrx_word' id='word_1_264' title='bbox 695 3137 1017 3207; x_wconf 84' lang='lat' dir='ltr'><strong>sacerdote,</strong></span> <span class='ocrx_word' id='word_1_265' title='bbox 1051 3150 1107 3195; x_wconf 90' lang='lat' dir='ltr'><strong>et</strong></span> <span class='ocrx_word' id='word_1_266' title='bbox 1152 3141 1449 3197; x_wconf 70' lang='lat' dir='ltr'><strong>consilium</strong></span> <span class='ocrx_word' id='word_1_267' title='bbox 1477 3156 1507 3196; x_wconf 92' lang='lat' dir='ltr'><strong>a</strong></span> <span class='ocrx_word' id='word_1_268' title='bbox 1539 3142 1873 3197; x_wconf 88' lang='lat' dir='ltr'><strong>senioribus.</strong></span> <span class='ocrx_word' id='word_1_269' title='bbox 1899 3140 1993 3197; x_wconf 72' lang='lat'><strong>27.</strong></span> 
     </span>
    </p>
   </div>
   <div class='ocr_carea' id='block_1_35' title="bbox 411 3225 1999 3306">
    <p class='ocr_par' dir='ltr' id='par_1_35' title="bbox 411 3225 1999 3306">
     <span class='ocr_line' id='line_1_35' title="bbox 411 3225 1999 3306; baseline 0.007 -25"><span class='ocrx_word' id='word_1_270' title='bbox 411 3229 480 3296; x_wconf 60' lang='grc' dir='ltr'><strong><em>χ</em></strong></span> <span class='ocrx_word' id='word_1_271' title='bbox 510 3225 626 3282; x_wconf 85' lang='lat' dir='ltr'><strong>Rex</strong></span> <span class='ocrx_word' id='word_1_272' title='bbox 650 3228 857 3300; x_wconf 77' lang='lat' dir='ltr'><strong>lugebit</strong></span> <span class='ocrx_word' id='word_1_273' title='bbox 886 3233 908 3302; x_wconf 94' lang='lat'><strong>1</strong></span> <span class='ocrx_word' id='word_1_274' title='bbox 933 3274 948 3299; x_wconf 90' lang='lat'><strong>,</strong></span> <span class='ocrx_word' id='word_1_275' title='bbox 974 3240 1027 3287; x_wconf 90' lang='lat' dir='ltr'><strong>et</strong></span> <span class='ocrx_word' id='word_1_276' title='bbox 1057 3232 1310 3303; x_wconf 82' lang='lat' dir='ltr'><strong>princeps</strong></span> <span class='ocrx_word' id='word_1_277' title='bbox 1334 3234 1525 3289; x_wconf 91' lang='lat' dir='ltr'><strong>induet</strong></span> <span class='ocrx_word' id='word_1_278' title='bbox 1554 3235 1631 3306; x_wconf 73' lang='grc' dir='ltr'><strong>(ῃ)</strong></span> <span class='ocrx_word' id='word_1_279' title='bbox 1658 3236 1909 3303; x_wconf 87' lang='lat' dir='ltr'><strong>exitium,</strong></span> <span class='ocrx_word' id='word_1_280' title='bbox 1942 3246 1999 3292; x_wconf 90' lang='lat' dir='ltr'><strong>et</strong></span> 
     </span>
    </p>
   </div>
   <div class='ocr_carea' id='block_1_36' title="bbox 412 3323 1999 3393">
    <p class='ocr_par' dir='ltr' id='par_1_36' title="bbox 412 3323 1999 3393">
     <span class='ocr_line' id='line_1_36' title="bbox 412 3323 1999 3393; baseline 0.005 -16"><span class='ocrx_word' id='word_1_281' title='bbox 412 3334 612 3377; x_wconf 84' lang='lat' dir='ltr'><strong>manus</strong></span> <span class='ocrx_word' id='word_1_282' title='bbox 642 3323 829 3393; x_wconf 90' lang='lat' dir='ltr'><strong>populi</strong></span> <span class='ocrx_word' id='word_1_283' title='bbox 884 3335 1044 3379; x_wconf 66' lang='lat' dir='ltr'><strong>terra:</strong></span> <span class='ocrx_word' id='word_1_284' title='bbox 1078 3324 1431 3381; x_wconf 90' lang='lat' dir='ltr'><strong>remittentur</strong></span> <span class='ocrx_word' id='word_1_285' title='bbox 1474 3346 1487 3382; x_wconf 92' lang='lat'><strong><em>:</em></strong></span> <span class='ocrx_word' id='word_1_286' title='bbox 1532 3329 1835 3384; x_wconf 89' lang='lat' dir='ltr'><strong>secundum</strong></span> <span class='ocrx_word' id='word_1_287' title='bbox 1880 3328 1999 3385; x_wconf 82' lang='lat' dir='ltr'><strong>vias</strong></span> 
     </span>
    </p>
   </div>
   <div class='ocr_carea' id='block_1_37' title="bbox 411 3414 1999 3489">
    <p class='ocr_par' dir='ltr' id='par_1_37' title="bbox 411 3414 1999 3489">
     <span class='ocr_line' id='line_1_37' title="bbox 411 3414 1999 3489; baseline 0.006 -21"><span class='ocrx_word' id='word_1_288' title='bbox 411 3427 607 3469; x_wconf 87' lang='lat' dir='ltr'><strong>eorum</strong></span> <span class='ocrx_word' id='word_1_289' title='bbox 641 3414 837 3472; x_wconf 84' lang='lat' dir='ltr'><strong>faciam</strong></span> <span class='ocrx_word' id='word_1_290' title='bbox 872 3417 975 3482; x_wconf 91' lang='lat' dir='ltr'><strong>eis,</strong></span> <span class='ocrx_word' id='word_1_291' title='bbox 1010 3418 1085 3489; x_wconf 63' lang='grc' dir='ltr'><strong>(ι)</strong></span> <span class='ocrx_word' id='word_1_292' title='bbox 1110 3428 1166 3474; x_wconf 91' lang='lat' dir='ltr'><strong>et</strong></span> <span class='ocrx_word' id='word_1_293' title='bbox 1194 3419 1249 3473; x_wconf 89' lang='lat' dir='ltr'><strong>in</strong></span> <span class='ocrx_word' id='word_1_294' title='bbox 1284 3419 1510 3489; x_wconf 89' lang='lat' dir='ltr'><strong>judiciis</strong></span> <span class='ocrx_word' id='word_1_295' title='bbox 1536 3436 1728 3478; x_wconf 87' lang='lat' dir='ltr'><strong>eorum</strong></span> <span class='ocrx_word' id='word_1_296' title='bbox 1760 3422 1999 3478; x_wconf 91' lang='lat' dir='ltr'><strong>ulciscar</strong></span> 
     </span>
    </p>
   </div>
   <div class='ocr_carea' id='block_1_38' title="bbox 413 3511 1443 3583">
    <p class='ocr_par' dir='ltr' id='par_1_38' title="bbox 413 3511 1443 3583">
     <span class='ocr_line' id='line_1_38' title="bbox 413 3511 1443 3583; baseline 0.004 -19"><span class='ocrx_word' id='word_1_297' title='bbox 413 3522 531 3574; x_wconf 84' lang='lat' dir='ltr'><strong>eos,</strong></span> <span class='ocrx_word' id='word_1_298' title='bbox 554 3521 610 3565; x_wconf 90' lang='lat' dir='ltr'><strong>et</strong></span> <span class='ocrx_word' id='word_1_299' title='bbox 630 3511 827 3577; x_wconf 86' lang='lat' dir='ltr'><strong>scient,</strong></span> <span class='ocrx_word' id='word_1_300' title='bbox 854 3513 1001 3583; x_wconf 90' lang='lat' dir='ltr'><strong>quod</strong></span> <span class='ocrx_word' id='word_1_301' title='bbox 1025 3529 1126 3581; x_wconf 77' lang='lat' dir='ltr'><strong>ego</strong></span> <span class='ocrx_word' id='word_1_302' title='bbox 1157 3513 1443 3570; x_wconf 85' lang='lat' dir='ltr'><strong>Dominus.</strong></span> 
     </span>
    </p>
   </div>
   <div class='ocr_carea' id='block_1_39' title="bbox 484 3600 1998 3672">
    <p class='ocr_par' dir='ltr' id='par_1_39' title="bbox 484 3600 1998 3672">
     <span class='ocr_line' id='line_1_39' title="bbox 484 3600 1998 3672; baseline 0.008 -17"><span class='ocrx_word' id='word_1_303' title='bbox 484 3600 615 3672; x_wconf 86' lang='lat' dir='ltr'><strong>Cap.</strong></span> <span class='ocrx_word' id='word_1_304' title='bbox 645 3600 873 3658; x_wconf 87' lang='lat' dir='ltr'><strong>Vlll.—</strong></span> <span class='ocrx_word' id='word_1_305' title='bbox 893 3604 947 3659; x_wconf 93' lang='grc'><strong>1.</strong></span> <span class='ocrx_word' id='word_1_306' title='bbox 979 3604 1046 3660; x_wconf 89' lang='lat' dir='ltr'><strong>Et</strong></span> <span class='ocrx_word' id='word_1_307' title='bbox 1076 3603 1279 3662; x_wconf 86' lang='lat' dir='ltr'><strong>factum</strong></span> <span class='ocrx_word' id='word_1_308' title='bbox 1309 3618 1394 3664; x_wconf 89' lang='lat' dir='ltr'><strong>est</strong></span> <span class='ocrx_word' id='word_1_309' title='bbox 1422 3608 1475 3663; x_wconf 92' lang='lat' dir='ltr'><strong>in</strong></span> <span class='ocrx_word' id='word_1_310' title='bbox 1509 3624 1657 3665; x_wconf 86' lang='lat' dir='ltr'><strong>anno</strong></span> <span class='ocrx_word' id='word_1_311' title='bbox 1684 3620 1840 3667; x_wconf 86' lang='lat' dir='ltr'><strong>sexto</strong></span> <span class='ocrx_word' id='word_1_312' title='bbox 1860 3626 1922 3668; x_wconf 84' lang='lat' dir='ltr'><strong>-t—</strong></span> <span class='ocrx_word' id='word_1_313' title='bbox 1942 3612 1998 3667; x_wconf 92' lang='lat' dir='ltr'><strong>in</strong></span> 
     </span>
    </p>
   </div>
   <div class='ocr_carea' id='block_1_40' title="bbox 415 3695 1998 3771">
    <p class='ocr_par' dir='ltr' id='par_1_40' title="bbox 415 3695 1998 3771">
     <span class='ocr_line' id='line_1_40' title="bbox 415 3695 1998 3771; baseline 0.008 -26"><span class='ocrx_word' id='word_1_314' title='bbox 415 3706 605 3747; x_wconf 81' lang='lat' dir='ltr'><strong>mense</strong></span> <span class='ocrx_word' id='word_1_315' title='bbox 632 3695 828 3762; x_wconf 90' lang='lat' dir='ltr'><strong>quinto</strong></span> <span class='ocrx_word' id='word_1_316' title='bbox 860 3696 882 3764; x_wconf 95' lang='lat'><strong>1</strong></span> <span class='ocrx_word' id='word_1_317' title='bbox 909 3713 925 3761; x_wconf 87' lang='lat'><strong>;</strong></span> <span class='ocrx_word' id='word_1_318' title='bbox 986 3696 1181 3765; x_wconf 90' lang='lat' dir='ltr'><strong>quinto</strong></span> <span class='ocrx_word' id='word_1_319' title='bbox 1232 3700 1476 3767; x_wconf 86' lang='lat' dir='ltr'><strong>mensis,</strong></span> <span class='ocrx_word' id='word_1_320' title='bbox 1519 3716 1623 3771; x_wconf 83' lang='lat' dir='ltr'><strong>ego</strong></span> <span class='ocrx_word' id='word_1_321' title='bbox 1655 3702 1913 3759; x_wconf 89' lang='lat' dir='ltr'><strong>sedebam</strong></span> <span class='ocrx_word' id='word_1_322' title='bbox 1942 3704 1998 3759; x_wconf 88' lang='lat' dir='ltr'><strong>in</strong></span> 
     </span>
    </p>
   </div>
   <div class='ocr_carea' id='block_1_41' title="bbox 418 3785 1997 3853">
    <p class='ocr_par' dir='ltr' id='par_1_41' title="bbox 418 3785 1997 3853">
     <span class='ocr_line' id='line_1_41' title="bbox 418 3785 1997 3853; baseline 0.007 -12"><span class='ocrx_word' id='word_1_323' title='bbox 418 3785 585 3841; x_wconf 87' lang='lat' dir='ltr'><strong>domo</strong></span> <span class='ocrx_word' id='word_1_324' title='bbox 608 3803 749 3853; x_wconf 89' lang='lat' dir='ltr'><strong>mea,</strong></span> <span class='ocrx_word' id='word_1_325' title='bbox 795 3798 850 3844; x_wconf 89' lang='lat' dir='ltr'><strong>et</strong></span> <span class='ocrx_word' id='word_1_326' title='bbox 878 3790 1124 3846; x_wconf 87' lang='lat' dir='ltr'><strong>seniores</strong></span> <span class='ocrx_word' id='word_1_327' title='bbox 1164 3788 1319 3847; x_wconf 69' lang='lat' dir='ltr'><strong>Judaa</strong></span> <span class='ocrx_word' id='word_1_328' title='bbox 1349 3792 1614 3849; x_wconf 85' lang='lat' dir='ltr'><strong>sedebant</strong></span> <span class='ocrx_word' id='word_1_329' title='bbox 1643 3810 1831 3851; x_wconf 92' lang='lat' dir='ltr'><strong>coram</strong></span> <span class='ocrx_word' id='word_1_330' title='bbox 1868 3812 1956 3853; x_wconf 89' lang='lat' dir='ltr'><strong>me</strong></span> <span class='ocrx_word' id='word_1_331' title='bbox 1984 3816 1997 3852; x_wconf 94' lang='lat'><strong>:</strong></span> 
     </span>
    </p>
   </div>
   <div class='ocr_carea' id='block_1_42' title="bbox 418 3877 2002 3953">
    <p class='ocr_par' dir='ltr' id='par_1_42' title="bbox 418 3877 2002 3953">
     <span class='ocr_line' id='line_1_42' title="bbox 418 3877 2002 3953; baseline 0.008 -20"><span class='ocrx_word' id='word_1_332' title='bbox 418 3888 476 3935; x_wconf 89' lang='lat' dir='ltr'><strong>et</strong></span> <span class='ocrx_word' id='word_1_333' title='bbox 495 3877 636 3937; x_wconf 79' lang='lat' dir='ltr'><strong>facta</strong></span> <span class='ocrx_word' id='word_1_334' title='bbox 669 3890 753 3936; x_wconf 87' lang='lat' dir='ltr'><strong>est</strong></span> <span class='ocrx_word' id='word_1_335' title='bbox 779 3896 943 3952; x_wconf 88' lang='lat' dir='ltr'><strong>super</strong></span> <span class='ocrx_word' id='word_1_336' title='bbox 968 3899 1054 3939; x_wconf 90' lang='lat' dir='ltr'><strong>me</strong></span> <span class='ocrx_word' id='word_1_337' title='bbox 1100 3886 1167 3952; x_wconf 58' lang='lat' dir='ltr'>X</span> <span class='ocrx_word' id='word_1_338' title='bbox 1216 3883 1291 3938; x_wconf 90' lang='lat' dir='ltr'><strong>ibi</strong></span> <span class='ocrx_word' id='word_1_339' title='bbox 1333 3884 1356 3953; x_wconf 94' lang='lat'><strong>1</strong></span> <span class='ocrx_word' id='word_1_340' title='bbox 1406 3901 1605 3942; x_wconf 80' lang='lat' dir='ltr'><strong>manus</strong></span> <span class='ocrx_word' id='word_1_341' title='bbox 1647 3887 1859 3944; x_wconf 87' lang='lat' dir='ltr'><strong>Adonai</strong></span> <span class='ocrx_word' id='word_1_342' title='bbox 1894 3887 2002 3944; x_wconf 91' lang='lat' dir='ltr'><strong>Do-</strong></span> 
     </span>
    </p>
   </div>
   <div class='ocr_carea' id='block_1_43' title="bbox 418 3968 2003 4047">
    <p class='ocr_par' dir='ltr' id='par_1_43' title="bbox 418 3968 2003 4047">
     <span class='ocr_line' id='line_1_43' title="bbox 418 3968 2003 4047; baseline 0.004 -22"><span class='ocrx_word' id='word_1_343' title='bbox 418 3968 575 4034; x_wconf 85' lang='lat' dir='ltr'><strong>mini,</strong></span> <span class='ocrx_word' id='word_1_344' title='bbox 597 3970 654 4025; x_wconf 75' lang='grc'><strong>2.</strong></span> <span class='ocrx_word' id='word_1_345' title='bbox 689 3979 744 4026; x_wconf 90' lang='lat' dir='ltr'><strong>et</strong></span> <span class='ocrx_word' id='word_1_346' title='bbox 766 3972 900 4036; x_wconf 90' lang='lat' dir='ltr'><strong>vidi,</strong></span> <span class='ocrx_word' id='word_1_347' title='bbox 927 3982 983 4027; x_wconf 92' lang='lat' dir='ltr'><strong>et</strong></span> <span class='ocrx_word' id='word_1_348' title='bbox 1004 3987 1134 4028; x_wconf 87' lang='lat' dir='ltr'><strong>ecce</strong></span> <span class='ocrx_word' id='word_1_349' title='bbox 1156 3972 1486 4040; x_wconf 86' lang='lat' dir='ltr'><strong>similitudo,</strong></span> <span class='ocrx_word' id='word_1_350' title='bbox 1514 3977 1581 4043; x_wconf 59' lang='lat'><strong>)0:</strong></span> <span class='ocrx_word' id='word_1_351' title='bbox 1624 3976 1779 4046; x_wconf 90' lang='lat' dir='ltr'><strong>quasi</strong></span> <span class='ocrx_word' id='word_1_352' title='bbox 1807 3977 2003 4047; x_wconf 89' lang='lat' dir='ltr'><strong>adspe-</strong></span> 
     </span>
    </p>
   </div>
   <div class='ocr_carea' id='block_1_44' title="bbox 416 4061 2000 4139">
    <p class='ocr_par' dir='ltr' id='par_1_44' title="bbox 416 4061 2000 4139">
     <span class='ocr_line' id='line_1_44' title="bbox 416 4061 2000 4139; baseline 0.004 -22"><span class='ocrx_word' id='word_1_353' title='bbox 416 4070 541 4117; x_wconf 83' lang='lat' dir='ltr'><strong>ctus</strong></span> <span class='ocrx_word' id='word_1_354' title='bbox 572 4061 596 4129; x_wconf 94' lang='lat'><strong>1</strong></span> <span class='ocrx_word' id='word_1_355' title='bbox 629 4062 767 4118; x_wconf 79' lang='lat' dir='ltr'><strong>viri:</strong></span> <span class='ocrx_word' id='word_1_356' title='bbox 796 4078 825 4117; x_wconf 91' lang='lat' dir='ltr'><strong>a</strong></span> <span class='ocrx_word' id='word_1_357' title='bbox 861 4063 1045 4119; x_wconf 91' lang='lat' dir='ltr'><strong>lumbo</strong></span> <span class='ocrx_word' id='word_1_358' title='bbox 1077 4064 1199 4133; x_wconf 83' lang='lat' dir='ltr'><strong>ejus</strong></span> <span class='ocrx_word' id='word_1_359' title='bbox 1228 4071 1285 4120; x_wconf 90' lang='lat' dir='ltr'><strong>et</strong></span> <span class='ocrx_word' id='word_1_360' title='bbox 1330 4080 1506 4135; x_wconf 91' lang='lat' dir='ltr'><strong>usque</strong></span> <span class='ocrx_word' id='word_1_361' title='bbox 1542 4066 1801 4123; x_wconf 86' lang='lat' dir='ltr'><strong>deorsum</strong></span> <span class='ocrx_word' id='word_1_362' title='bbox 1836 4069 2000 4139; x_wconf 89' lang='lat' dir='ltr'><strong>ignis,</strong></span> 
     </span>
    </p>
   </div>
   <div class='ocr_carea' id='block_1_45' title="bbox 384 4150 1998 4229">
    <p class='ocr_par' dir='ltr' id='par_1_45' title="bbox 384 4150 1998 4229">
     <span class='ocr_line' id='line_1_45' title="bbox 384 4150 1998 4229; baseline 0.006 -25"><span class='ocrx_word' id='word_1_363' title='bbox 384 4200 385 4203; x_wconf 45' lang='grc' dir='ltr'><strong>η</strong></span> <span class='ocrx_word' id='word_1_364' title='bbox 415 4159 472 4205; x_wconf 91' lang='lat' dir='ltr'><strong>et</strong></span> <span class='ocrx_word' id='word_1_365' title='bbox 510 4166 539 4204; x_wconf 91' lang='lat' dir='ltr'><strong>a</strong></span> <span class='ocrx_word' id='word_1_366' title='bbox 575 4150 760 4208; x_wconf 90' lang='lat' dir='ltr'><strong>lumbo</strong></span> <span class='ocrx_word' id='word_1_367' title='bbox 791 4152 913 4223; x_wconf 87' lang='lat' dir='ltr'><strong>ejus</strong></span> <span class='ocrx_word' id='word_1_368' title='bbox 942 4163 996 4209; x_wconf 86' lang='lat' dir='ltr'><strong>et</strong></span> <span class='ocrx_word' id='word_1_369' title='bbox 1024 4168 1192 4224; x_wconf 89' lang='lat' dir='ltr'><strong>supra</strong></span> <span class='ocrx_word' id='word_1_370' title='bbox 1214 4169 1340 4212; x_wconf 88' lang='lat' dir='ltr'><strong>eum</strong></span> <span class='ocrx_word' id='word_1_371' title='bbox 1370 4158 1438 4224; x_wconf 64' lang='lat' dir='ltr'>x</span> <span class='ocrx_word' id='word_1_372' title='bbox 1472 4156 1632 4225; x_wconf 88' lang='lat' dir='ltr'><strong>quasi</strong></span> <span class='ocrx_word' id='word_1_373' title='bbox 1655 4158 1998 4229; x_wconf 89' lang='lat' dir='ltr'><strong>adspectus1</strong></span> 
     </span>
    </p>
   </div>
   <div class='ocr_carea' id='block_1_46' title="bbox 383 4242 2005 4317">
    <p class='ocr_par' dir='ltr' id='par_1_46' title="bbox 383 4242 2005 4317">
     <span class='ocr_line' id='line_1_46' title="bbox 383 4242 2005 4317; baseline 0.006 -20"><span class='ocrx_word' id='word_1_374' title='bbox 383 4305 390 4315; x_wconf 44' lang='grc'><strong>,</strong></span> <span class='ocrx_word' id='word_1_375' title='bbox 415 4242 580 4300; x_wconf 76' lang='lat' dir='ltr'><strong>ﬂatus</strong></span> <span class='ocrx_word' id='word_1_376' title='bbox 611 4242 771 4311; x_wconf 83' lang='lat' dir='ltr'><strong>lenis,</strong></span> <span class='ocrx_word' id='word_1_377' title='bbox 800 4246 962 4316; x_wconf 87' lang='lat' dir='ltr'><strong>quasi</strong></span> <span class='ocrx_word' id='word_1_378' title='bbox 992 4246 1288 4317; x_wconf 86' lang='lat' dir='ltr'><strong>adspectus</strong></span> <span class='ocrx_word' id='word_1_379' title='bbox 1315 4247 1525 4303; x_wconf 89' lang='lat' dir='ltr'><strong>electri.</strong></span> <span class='ocrx_word' id='word_1_380' title='bbox 1561 4250 1617 4305; x_wconf 78' lang='grc'><strong>5.</strong></span> <span class='ocrx_word' id='word_1_381' title='bbox 1657 4248 1725 4305; x_wconf 84' lang='lat' dir='ltr'><strong>Et</strong></span> <span class='ocrx_word' id='word_1_382' title='bbox 1758 4252 2005 4309; x_wconf 81' lang='lat' dir='ltr'><strong>extendit</strong></span> 
     </span>
    </p>
   </div>
   <div class='ocr_carea' id='block_1_47' title="bbox 384 4336 2005 4407">
    <p class='ocr_par' dir='ltr' id='par_1_47' title="bbox 384 4336 2005 4407">
     <span class='ocr_line' id='line_1_47' title="bbox 384 4336 2005 4407; baseline 0.007 -18"><span class='ocrx_word' id='word_1_383' title='bbox 384 4376 385 4381; x_wconf 56' lang='grc' dir='ltr'><strong>η</strong></span> <span class='ocrx_word' id='word_1_384' title='bbox 417 4336 839 4394; x_wconf 76' lang='lat' dir='ltr'><strong>similitudinem</strong></span> <span class='ocrx_word' id='word_1_385' title='bbox 874 4355 1097 4407; x_wconf 89' lang='lat' dir='ltr'><strong>manus,</strong></span> <span class='ocrx_word' id='word_1_386' title='bbox 1136 4350 1191 4396; x_wconf 90' lang='lat' dir='ltr'><strong>et</strong></span> <span class='ocrx_word' id='word_1_387' title='bbox 1218 4342 1445 4397; x_wconf 88' lang='lat' dir='ltr'><strong>sustulit</strong></span> <span class='ocrx_word' id='word_1_388' title='bbox 1499 4356 1589 4397; x_wconf 90' lang='lat' dir='ltr'><strong>me</strong></span> <span class='ocrx_word' id='word_1_389' title='bbox 1632 4353 1829 4400; x_wconf 88' lang='lat' dir='ltr'><strong>ventus</strong></span> <span class='ocrx_word' id='word_1_390' title='bbox 1861 4346 2005 4401; x_wconf 88' lang='lat' dir='ltr'><strong>inter</strong></span> 
     </span>
    </p>
   </div>
   <div class='ocr_carea' id='block_1_48' title="bbox 2093 466 3677 540">
    <p class='ocr_par' dir='ltr' id='par_1_48' title="bbox 2093 466 3677 540">
     <span class='ocr_line' id='line_1_48' title="bbox 2093 466 3677 540; baseline 0.001 -19"><span class='ocrx_word' id='word_1_391' title='bbox 2093 467 2218 523; x_wconf 90' lang='lat' dir='ltr'><strong>Ione</strong></span> <span class='ocrx_word' id='word_1_392' title='bbox 2246 469 2312 524; x_wconf 92' lang='lat' dir='ltr'><strong>ad</strong></span> <span class='ocrx_word' id='word_1_393' title='bbox 2346 479 2579 538; x_wconf 91' lang='lat' dir='ltr'><strong>portam,</strong></span> <span class='ocrx_word' id='word_1_394' title='bbox 2610 485 2730 540; x_wconf 67' lang='lat' dir='ltr'><strong>quae</strong></span> <span class='ocrx_word' id='word_1_395' title='bbox 2758 486 2954 526; x_wconf 90' lang='lat' dir='ltr'><strong>versus</strong></span> <span class='ocrx_word' id='word_1_396' title='bbox 2994 470 3255 524; x_wconf 89' lang='lat' dir='ltr'><strong>orientem</strong></span> <span class='ocrx_word' id='word_1_397' title='bbox 3282 469 3350 536; x_wconf 59' lang='grc' dir='ltr'>Χ</span> <span class='ocrx_word' id='word_1_398' title='bbox 3373 466 3447 537; x_wconf 88' lang='lat' dir='ltr'><strong>(b)</strong></span> <span class='ocrx_word' id='word_1_399' title='bbox 3486 467 3677 523; x_wconf 86' lang='lat' dir='ltr'><strong>altaris</strong></span> 
     </span>
    </p>
   </div>
   <div class='ocr_carea' id='block_1_49' title="bbox 2095 560 3679 634">
    <p class='ocr_par' dir='ltr' id='par_1_49' title="bbox 2095 560 3679 634">
     <span class='ocr_line' id='line_1_49' title="bbox 2095 560 3679 634; baseline 0 -19"><span class='ocrx_word' id='word_1_400' title='bbox 2095 561 2279 633; x_wconf 91' lang='lat' dir='ltr'><strong>imago</strong></span> <span class='ocrx_word' id='word_1_401' title='bbox 2305 562 2405 617; x_wconf 86' lang='lat' dir='ltr'><strong>zeli</strong></span> <span class='ocrx_word' id='word_1_402' title='bbox 2459 563 2641 632; x_wconf 84' lang='lat' dir='ltr'><strong>hujus,</strong></span> <span class='ocrx_word' id='word_1_403' title='bbox 2682 579 2806 619; x_wconf 90' lang='lat' dir='ltr'><strong>cum</strong></span> <span class='ocrx_word' id='word_1_404' title='bbox 2845 563 3148 634; x_wconf 85' lang='lat' dir='ltr'><strong>ingreditur</strong></span> <span class='ocrx_word' id='word_1_405' title='bbox 3199 561 3342 633; x_wconf 86' lang='lat' dir='ltr'><strong>1(c).</strong></span> <span class='ocrx_word' id='word_1_406' title='bbox 3368 561 3421 617; x_wconf 87' lang='grc'><strong>6.</strong></span> <span class='ocrx_word' id='word_1_407' title='bbox 3452 560 3515 616; x_wconf 83' lang='lat' dir='ltr'><strong>Et</strong></span> <span class='ocrx_word' id='word_1_408' title='bbox 3536 562 3679 615; x_wconf 89' lang='lat' dir='ltr'><strong>dixit</strong></span> 
     </span>
    </p>
   </div>
   <div class='ocr_carea' id='block_1_50' title="bbox 2093 654 3677 728">
    <p class='ocr_par' dir='ltr' id='par_1_50' title="bbox 2093 654 3677 728">
     <span class='ocr_line' id='line_1_50' title="bbox 2093 654 3677 728; baseline -0.001 -18"><span class='ocrx_word' id='word_1_409' title='bbox 2093 656 2159 711; x_wconf 93' lang='lat' dir='ltr'><strong>ad</strong></span> <span class='ocrx_word' id='word_1_410' title='bbox 2186 672 2272 711; x_wconf 92' lang='lat' dir='ltr'><strong>me</strong></span> <span class='ocrx_word' id='word_1_411' title='bbox 2305 677 2317 711; x_wconf 92' lang='lat'>:</span> <span class='ocrx_word' id='word_1_412' title='bbox 2350 656 2454 712; x_wconf 80' lang='lat' dir='ltr'><strong>Fili</strong></span> <span class='ocrx_word' id='word_1_413' title='bbox 2489 658 2747 725; x_wconf 89' lang='lat' dir='ltr'><strong>hominis,</strong></span> <span class='ocrx_word' id='word_1_414' title='bbox 2785 658 3049 726; x_wconf 59' lang='lat' dir='ltr'><strong>Xvidisti</strong></span> <span class='ocrx_word' id='word_1_415' title='bbox 3090 657 3112 726; x_wconf 94' lang='lat'><strong>1</strong></span> <span class='ocrx_word' id='word_1_416' title='bbox 3141 696 3157 719; x_wconf 86' lang='lat'><strong>,</strong></span> <span class='ocrx_word' id='word_1_417' title='bbox 3184 656 3313 728; x_wconf 90' lang='lat' dir='ltr'><strong>quid</strong></span> <span class='ocrx_word' id='word_1_418' title='bbox 3352 655 3405 711; x_wconf 87' lang='lat' dir='ltr'><strong>hi</strong></span> <span class='ocrx_word' id='word_1_419' title='bbox 3429 654 3677 709; x_wconf 77' lang='lat' dir='ltr'><strong>faciunt?</strong></span> 
     </span>
    </p>
   </div>
   <div class='ocr_carea' id='block_1_51' title="bbox 2094 748 3675 823">
    <p class='ocr_par' dir='ltr' id='par_1_51' title="bbox 2094 748 3675 823">
     <span class='ocr_line' id='line_1_51' title="bbox 2094 748 3675 823; baseline -0.001 -22"><span class='ocrx_word' id='word_1_420' title='bbox 2094 748 2405 818; x_wconf 87' lang='lat' dir='ltr'><strong>iniquitates</strong></span> <span class='ocrx_word' id='word_1_421' title='bbox 2442 767 2692 821; x_wconf 85' lang='lat' dir='ltr'><strong>magnas,</strong></span> <span class='ocrx_word' id='word_1_422' title='bbox 2721 768 2858 823; x_wconf 91' lang='lat' dir='ltr'><strong>quas</strong></span> <span class='ocrx_word' id='word_1_423' title='bbox 2892 752 3091 806; x_wconf 89' lang='lat' dir='ltr'><strong>domus</strong></span> <span class='ocrx_word' id='word_1_424' title='bbox 3136 750 3356 807; x_wconf 85' lang='lat' dir='ltr'><strong>lsraelis</strong></span> <span class='ocrx_word' id='word_1_425' title='bbox 3393 751 3416 819; x_wconf 92' lang='lat'><strong>1</strong></span> <span class='ocrx_word' id='word_1_426' title='bbox 3466 748 3675 803; x_wconf 87' lang='lat' dir='ltr'><strong>faciunt</strong></span> 
     </span>
    </p>
   </div>
   <div class='ocr_carea' id='block_1_52' title="bbox 2091 839 3675 913">
    <p class='ocr_par' dir='ltr' id='par_1_52' title="bbox 2091 839 3675 913">
     <span class='ocr_line' id='line_1_52' title="bbox 2091 839 3675 913; baseline 0 -20"><span class='ocrx_word' id='word_1_427' title='bbox 2091 839 2204 905; x_wconf 86' lang='lat' dir='ltr'><strong>hic,</strong></span> <span class='ocrx_word' id='word_1_428' title='bbox 2228 852 2289 896; x_wconf 93' lang='lat' dir='ltr'><strong>ut</strong></span> <span class='ocrx_word' id='word_1_429' title='bbox 2322 858 2381 897; x_wconf 90' lang='lat' dir='ltr'><strong>se</strong></span> <span class='ocrx_word' id='word_1_430' title='bbox 2411 843 2666 913; x_wconf 88' lang='lat' dir='ltr'><strong>elongent</strong></span> <span class='ocrx_word' id='word_1_431' title='bbox 2693 859 2723 898; x_wconf 94' lang='lat' dir='ltr'><strong>a</strong></span> <span class='ocrx_word' id='word_1_432' title='bbox 2756 843 2975 900; x_wconf 88' lang='lat' dir='ltr'><strong>Sanctis</strong></span> <span class='ocrx_word' id='word_1_433' title='bbox 3002 844 3158 907; x_wconf 87' lang='lat' dir='ltr'><strong>meis,</strong></span> <span class='ocrx_word' id='word_1_434' title='bbox 3184 853 3236 897; x_wconf 88' lang='lat' dir='ltr'><strong>et</strong></span> <span class='ocrx_word' id='word_1_435' title='bbox 3258 843 3435 895; x_wconf 83' lang='lat' dir='ltr'><strong>adhuc</strong></span> <span class='ocrx_word' id='word_1_436' title='bbox 3465 839 3675 893; x_wconf 80' lang='lat' dir='ltr'><strong>videbis</strong></span> 
     </span>
    </p>
   </div>
   <div class='ocr_carea' id='block_1_53' title="bbox 2094 932 3676 1004">
    <p class='ocr_par' dir='ltr' id='par_1_53' title="bbox 2094 932 3676 1004">
     <span class='ocr_line' id='line_1_53' title="bbox 2094 932 3676 1004; baseline -0.002 -18"><span class='ocrx_word' id='word_1_437' title='bbox 2094 932 2415 1002; x_wconf 90' lang='lat' dir='ltr'><strong>iniquitates</strong></span> <span class='ocrx_word' id='word_1_438' title='bbox 2447 935 2711 1004; x_wconf 83' lang='lat' dir='ltr'><strong>majores.</strong></span> <span class='ocrx_word' id='word_1_439' title='bbox 2750 935 2800 990; x_wconf 87' lang='lat'><strong>7.</strong></span> <span class='ocrx_word' id='word_1_440' title='bbox 2834 936 2899 989; x_wconf 86' lang='lat' dir='ltr'><strong>Et</strong></span> <span class='ocrx_word' id='word_1_441' title='bbox 2942 934 3243 991; x_wconf 88' lang='lat' dir='ltr'><strong>introduxit</strong></span> <span class='ocrx_word' id='word_1_442' title='bbox 3273 949 3359 988; x_wconf 92' lang='lat' dir='ltr'><strong>me</strong></span> <span class='ocrx_word' id='word_1_443' title='bbox 3398 932 3465 987; x_wconf 88' lang='lat' dir='ltr'><strong>ad</strong></span> <span class='ocrx_word' id='word_1_444' title='bbox 3509 932 3676 985; x_wconf 53' lang='lat' dir='ltr'><strong>vesti-</strong></span> 
     </span>
    </p>
   </div>
   <div class='ocr_carea' id='block_1_54' title="bbox 2095 1024 3672 1095">
    <p class='ocr_par' dir='ltr' id='par_1_54' title="bbox 2095 1024 3672 1095">
     <span class='ocr_line' id='line_1_54' title="bbox 2095 1024 3672 1095; baseline 0.001 -18"><span class='ocrx_word' id='word_1_445' title='bbox 2095 1024 2282 1078; x_wconf 81' lang='lat' dir='ltr'><strong>bulum</strong></span> <span class='ocrx_word' id='word_1_446' title='bbox 2316 1026 2462 1093; x_wconf 85' lang='lat' dir='ltr'><strong>atrii,</strong></span> <span class='ocrx_word' id='word_1_447' title='bbox 2494 1029 2561 1095; x_wconf 63' lang='lat' dir='ltr'><strong>3K</strong></span> <span class='ocrx_word' id='word_1_448' title='bbox 2606 1037 2657 1082; x_wconf 87' lang='lat' dir='ltr'><strong>et</strong></span> <span class='ocrx_word' id='word_1_449' title='bbox 2682 1027 2813 1090; x_wconf 83' lang='lat' dir='ltr'><strong>vidi,</strong></span> <span class='ocrx_word' id='word_1_450' title='bbox 2855 1036 2911 1083; x_wconf 86' lang='lat' dir='ltr'><strong>et</strong></span> <span class='ocrx_word' id='word_1_451' title='bbox 2941 1043 3069 1083; x_wconf 89' lang='lat' dir='ltr'><strong>ecce</strong></span> <span class='ocrx_word' id='word_1_452' title='bbox 3118 1026 3361 1081; x_wconf 85' lang='lat' dir='ltr'><strong>foramen</strong></span> <span class='ocrx_word' id='word_1_453' title='bbox 3413 1040 3581 1079; x_wconf 87' lang='lat' dir='ltr'><strong>unum</strong></span> <span class='ocrx_word' id='word_1_454' title='bbox 3618 1026 3672 1078; x_wconf 90' lang='lat' dir='ltr'><strong>in</strong></span> 
     </span>
    </p>
   </div>
   <div class='ocr_carea' id='block_1_55' title="bbox 2094 1115 3677 1184">
    <p class='ocr_par' dir='ltr' id='par_1_55' title="bbox 2094 1115 3677 1184">
     <span class='ocr_line' id='line_1_55' title="bbox 2094 1115 3677 1184; baseline 0.002 -18"><span class='ocrx_word' id='word_1_455' title='bbox 2094 1115 2302 1184; x_wconf 85' lang='lat' dir='ltr'><strong>pariete</strong></span> <span class='ocrx_word' id='word_1_456' title='bbox 2330 1115 2379 1183; x_wconf 92' lang='lat'><strong>1.</strong></span> <span class='ocrx_word' id='word_1_457' title='bbox 2450 1115 2501 1170; x_wconf 85' lang='lat'><strong>8.</strong></span> <span class='ocrx_word' id='word_1_458' title='bbox 2558 1118 2623 1171; x_wconf 85' lang='lat' dir='ltr'><strong>Et</strong></span> <span class='ocrx_word' id='word_1_459' title='bbox 2657 1117 2800 1173; x_wconf 85' lang='lat' dir='ltr'><strong>dixit</strong></span> <span class='ocrx_word' id='word_1_460' title='bbox 2832 1117 2901 1172; x_wconf 88' lang='lat' dir='ltr'><strong>ad</strong></span> <span class='ocrx_word' id='word_1_461' title='bbox 2958 1133 3085 1173; x_wconf 87' lang='lat' dir='ltr'><strong>me:</strong></span> <span class='ocrx_word' id='word_1_462' title='bbox 3135 1116 3235 1171; x_wconf 82' lang='lat' dir='ltr'><strong>Fili</strong></span> <span class='ocrx_word' id='word_1_463' title='bbox 3262 1116 3519 1181; x_wconf 88' lang='lat' dir='ltr'><strong>hominis,</strong></span> <span class='ocrx_word' id='word_1_464' title='bbox 3548 1115 3677 1169; x_wconf 84' lang='lat' dir='ltr'><strong>fode</strong></span> 
     </span>
    </p>
   </div>
   <div class='ocr_carea' id='block_1_56' title="bbox 2097 1207 3676 1281">
    <p class='ocr_par' dir='ltr' id='par_1_56' title="bbox 2097 1207 3676 1281">
     <span class='ocr_line' id='line_1_56' title="bbox 2097 1207 3676 1281; baseline 0.001 -21"><span class='ocrx_word' id='word_1_465' title='bbox 2097 1209 2165 1273; x_wconf 62' lang='grc' dir='ltr'><strong><em>χ</em></strong></span> <span class='ocrx_word' id='word_1_466' title='bbox 2198 1223 2347 1262; x_wconf 90' lang='lat' dir='ltr'><strong>nunc</strong></span> <span class='ocrx_word' id='word_1_467' title='bbox 2377 1207 2432 1262; x_wconf 91' lang='lat' dir='ltr'><strong>in</strong></span> <span class='ocrx_word' id='word_1_468' title='bbox 2472 1207 2765 1278; x_wconf 88' lang='lat' dir='ltr'><strong>pariete1:</strong></span> <span class='ocrx_word' id='word_1_469' title='bbox 2818 1218 2873 1264; x_wconf 90' lang='lat' dir='ltr'><strong>et</strong></span> <span class='ocrx_word' id='word_1_470' title='bbox 2924 1208 3035 1264; x_wconf 91' lang='lat' dir='ltr'><strong>fodi</strong></span> <span class='ocrx_word' id='word_1_471' title='bbox 3061 1209 3114 1263; x_wconf 92' lang='lat' dir='ltr'><strong>in</strong></span> <span class='ocrx_word' id='word_1_472' title='bbox 3173 1208 3402 1281; x_wconf 77' lang='lat' dir='ltr'><strong>pariete,</strong></span> <span class='ocrx_word' id='word_1_473' title='bbox 3458 1216 3511 1261; x_wconf 86' lang='lat' dir='ltr'><strong>et</strong></span> <span class='ocrx_word' id='word_1_474' title='bbox 3545 1222 3676 1261; x_wconf 89' lang='lat' dir='ltr'><strong>ecce</strong></span> 
     </span>
    </p>
   </div>
   <div class='ocr_carea' id='block_1_57' title="bbox 2093 1296 3679 1367">
    <p class='ocr_par' dir='ltr' id='par_1_57' title="bbox 2093 1296 3679 1367">
     <span class='ocr_line' id='line_1_57' title="bbox 2093 1296 3679 1367; baseline -0.001 -16"><span class='ocrx_word' id='word_1_475' title='bbox 2093 1298 2298 1353; x_wconf 89' lang='lat' dir='ltr'><strong>ostium</strong></span> <span class='ocrx_word' id='word_1_476' title='bbox 2356 1314 2547 1353; x_wconf 89' lang='lat' dir='ltr'><strong>unum.</strong></span> <span class='ocrx_word' id='word_1_477' title='bbox 2617 1300 2673 1355; x_wconf 90' lang='lat'><strong>9.</strong></span> <span class='ocrx_word' id='word_1_478' title='bbox 2724 1298 2792 1353; x_wconf 86' lang='lat' dir='ltr'><strong>Et</strong></span> <span class='ocrx_word' id='word_1_479' title='bbox 2819 1299 2958 1353; x_wconf 78' lang='lat' dir='ltr'><strong>dixit</strong></span> <span class='ocrx_word' id='word_1_480' title='bbox 2996 1298 3063 1353; x_wconf 90' lang='lat' dir='ltr'><strong>ad</strong></span> <span class='ocrx_word' id='word_1_481' title='bbox 3096 1313 3227 1353; x_wconf 90' lang='lat' dir='ltr'><strong>me:</strong></span> <span class='ocrx_word' id='word_1_482' title='bbox 3265 1296 3571 1367; x_wconf 85' lang='lat' dir='ltr'><strong>ingredere,</strong></span> <span class='ocrx_word' id='word_1_483' title='bbox 3620 1304 3679 1350; x_wconf 77' lang='lat' dir='ltr'><strong>et</strong></span> 
     </span>
    </p>
   </div>
   <div class='ocr_carea' id='block_1_58' title="bbox 2095 1390 3679 1464">
    <p class='ocr_par' dir='ltr' id='par_1_58' title="bbox 2095 1390 3679 1464">
     <span class='ocr_line' id='line_1_58' title="bbox 2095 1390 3679 1464; baseline -0.003 -19"><span class='ocrx_word' id='word_1_484' title='bbox 2095 1391 2219 1445; x_wconf 90' lang='lat' dir='ltr'><strong>vide</strong></span> <span class='ocrx_word' id='word_1_485' title='bbox 2248 1391 2563 1462; x_wconf 87' lang='lat' dir='ltr'><strong>iniquitates</strong></span> <span class='ocrx_word' id='word_1_486' title='bbox 2592 1396 2661 1463; x_wconf 53' lang='grc' dir='ltr'>Χ</span> <span class='ocrx_word' id='word_1_487' title='bbox 2683 1393 2854 1448; x_wconf 90' lang='lat' dir='ltr'><strong>malas</strong></span> <span class='ocrx_word' id='word_1_488' title='bbox 2883 1392 2907 1462; x_wconf 95' lang='lat'><strong>1</strong></span> <span class='ocrx_word' id='word_1_489' title='bbox 2935 1432 2951 1458; x_wconf 93' lang='lat'><strong>,</strong></span> <span class='ocrx_word' id='word_1_490' title='bbox 2982 1407 3122 1464; x_wconf 91' lang='lat' dir='ltr'><strong>quas</strong></span> <span class='ocrx_word' id='word_1_491' title='bbox 3152 1392 3204 1446; x_wconf 92' lang='lat' dir='ltr'><strong>hi</strong></span> <span class='ocrx_word' id='word_1_492' title='bbox 3224 1390 3433 1445; x_wconf 84' lang='lat' dir='ltr'><strong>faciunt</strong></span> <span class='ocrx_word' id='word_1_493' title='bbox 3459 1390 3546 1443; x_wconf 92' lang='lat' dir='ltr'><strong>hic</strong></span> <span class='ocrx_word' id='word_1_494' title='bbox 3578 1390 3679 1443; x_wconf 85' lang='lat' dir='ltr'><strong>ho-</strong></span> 
     </span>
    </p>
   </div>
   <div class='ocr_carea' id='block_1_59' title="bbox 2095 1481 3679 1555">
    <p class='ocr_par' dir='ltr' id='par_1_59' title="bbox 2095 1481 3679 1555">
     <span class='ocr_line' id='line_1_59' title="bbox 2095 1481 3679 1555; baseline -0.004 -16"><span class='ocrx_word' id='word_1_495' title='bbox 2095 1484 2202 1541; x_wconf 88' lang='lat' dir='ltr'><strong>die.</strong></span> <span class='ocrx_word' id='word_1_496' title='bbox 2248 1484 2334 1539; x_wconf 87' lang='grc'><strong>10.</strong></span> <span class='ocrx_word' id='word_1_497' title='bbox 2364 1483 2430 1539; x_wconf 86' lang='lat' dir='ltr'><strong>Et</strong></span> <span class='ocrx_word' id='word_1_498' title='bbox 2456 1485 2741 1555; x_wconf 85' lang='lat' dir='ltr'><strong>ingressus</strong></span> <span class='ocrx_word' id='word_1_499' title='bbox 2768 1500 2912 1550; x_wconf 89' lang='lat' dir='ltr'><strong>sum,</strong></span> <span class='ocrx_word' id='word_1_500' title='bbox 2944 1494 2999 1539; x_wconf 93' lang='lat' dir='ltr'><strong>et</strong></span> <span class='ocrx_word' id='word_1_501' title='bbox 3020 1484 3150 1549; x_wconf 91' lang='lat' dir='ltr'><strong>vidi,</strong></span> <span class='ocrx_word' id='word_1_502' title='bbox 3183 1492 3235 1539; x_wconf 92' lang='lat' dir='ltr'><strong>et</strong></span> <span class='ocrx_word' id='word_1_503' title='bbox 3256 1498 3385 1537; x_wconf 83' lang='lat' dir='ltr'><strong>ecce</strong></span> <span class='ocrx_word' id='word_1_504' title='bbox 3414 1481 3679 1548; x_wconf 66' lang='lat' dir='ltr'><strong>)(omnis</strong></span> 
     </span>
    </p>
   </div>
   <div class='ocr_carea' id='block_1_60' title="bbox 2096 1572 3681 1649">
    <p class='ocr_par' dir='ltr' id='par_1_60' title="bbox 2096 1572 3681 1649">
     <span class='ocr_line' id='line_1_60' title="bbox 2096 1572 3681 1649; baseline -0.004 -17"><span class='ocrx_word' id='word_1_505' title='bbox 2096 1576 2402 1633; x_wconf 86' lang='lat' dir='ltr'><strong>similitudo</strong></span> <span class='ocrx_word' id='word_1_506' title='bbox 2454 1578 2666 1649; x_wconf 89' lang='lat' dir='ltr'><strong>reptilis</strong></span> <span class='ocrx_word' id='word_1_507' title='bbox 2713 1588 2767 1633; x_wconf 93' lang='lat' dir='ltr'><strong>et</strong></span> <span class='ocrx_word' id='word_1_508' title='bbox 2815 1577 3051 1647; x_wconf 89' lang='lat' dir='ltr'><strong>jumenti</strong></span> <span class='ocrx_word' id='word_1_509' title='bbox 3115 1575 3182 1645; x_wconf 92' lang='lat'><strong>1,</strong></span> <span class='ocrx_word' id='word_1_510' title='bbox 3238 1572 3681 1630; x_wconf 87' lang='lat' dir='ltr'><strong>abominationes</strong></span> 
     </span>
    </p>
   </div>
   <div class='ocr_carea' id='block_1_61' title="bbox 2097 1667 3681 1737">
    <p class='ocr_par' dir='ltr' id='par_1_61' title="bbox 2097 1667 3681 1737">
     <span class='ocr_line' id='line_1_61' title="bbox 2097 1667 3681 1737; baseline -0.005 -14"><span class='ocrx_word' id='word_1_511' title='bbox 2097 1685 2270 1737; x_wconf 66' lang='lat' dir='ltr'><strong>vanae,</strong></span> <span class='ocrx_word' id='word_1_512' title='bbox 2297 1682 2352 1726; x_wconf 90' lang='lat' dir='ltr'><strong>et</strong></span> <span class='ocrx_word' id='word_1_513' title='bbox 2377 1671 2562 1725; x_wconf 92' lang='lat' dir='ltr'><strong>omnia</strong></span> <span class='ocrx_word' id='word_1_514' title='bbox 2585 1671 2726 1727; x_wconf 87' lang='lat' dir='ltr'><strong>idola</strong></span> <span class='ocrx_word' id='word_1_515' title='bbox 2748 1670 2945 1726; x_wconf 89' lang='lat' dir='ltr'><strong>domus</strong></span> <span class='ocrx_word' id='word_1_516' title='bbox 2979 1669 3201 1725; x_wconf 88' lang='lat' dir='ltr'><strong>lsraelis</strong></span> <span class='ocrx_word' id='word_1_517' title='bbox 3222 1667 3494 1736; x_wconf 88' lang='lat' dir='ltr'><strong>descripta</strong></span> <span class='ocrx_word' id='word_1_518' title='bbox 3512 1679 3681 1733; x_wconf 81' lang='lat' dir='ltr'><strong>super</strong></span> 
     </span>
    </p>
   </div>
   <div class='ocr_carea' id='block_1_62' title="bbox 2100 1756 3682 1832">
    <p class='ocr_par' dir='ltr' id='par_1_62' title="bbox 2100 1756 3682 1832">
     <span class='ocr_line' id='line_1_62' title="bbox 2100 1756 3682 1832; baseline -0.004 -17"><span class='ocrx_word' id='word_1_519' title='bbox 2100 1760 2306 1831; x_wconf 84' lang='lat' dir='ltr'><strong>pariete</strong></span> <span class='ocrx_word' id='word_1_520' title='bbox 2334 1760 2788 1832; x_wconf 85' lang='lat' dir='ltr'><strong>circumquaque.</strong></span> <span class='ocrx_word' id='word_1_521' title='bbox 2835 1761 2923 1816; x_wconf 92' lang='grc'><strong>11.</strong></span> <span class='ocrx_word' id='word_1_522' title='bbox 2981 1759 3051 1815; x_wconf 84' lang='grc' dir='ltr'><strong>Ει</strong></span> <span class='ocrx_word' id='word_1_523' title='bbox 3095 1759 3435 1830; x_wconf 86' lang='lat' dir='ltr'><strong>septuaginta</strong></span> <span class='ocrx_word' id='word_1_524' title='bbox 3468 1756 3570 1810; x_wconf 88' lang='lat' dir='ltr'><strong>viri</strong></span> <span class='ocrx_word' id='word_1_525' title='bbox 3612 1756 3682 1809; x_wconf 90' lang='lat' dir='ltr'><strong>de</strong></span> 
     </span>
    </p>
   </div>
   <div class='ocr_carea' id='block_1_63' title="bbox 2098 1848 3683 1923">
    <p class='ocr_par' dir='ltr' id='par_1_63' title="bbox 2098 1848 3683 1923">
     <span class='ocr_line' id='line_1_63' title="bbox 2098 1848 3683 1923; baseline -0.004 -15"><span class='ocrx_word' id='word_1_526' title='bbox 2098 1853 2412 1909; x_wconf 90' lang='lat' dir='ltr'><strong>senioribus</strong></span> <span class='ocrx_word' id='word_1_527' title='bbox 2440 1853 2641 1909; x_wconf 91' lang='lat' dir='ltr'><strong>domus</strong></span> <span class='ocrx_word' id='word_1_528' title='bbox 2678 1854 2919 1919; x_wconf 89' lang='lat' dir='ltr'><strong>lsraelis,</strong></span> <span class='ocrx_word' id='word_1_529' title='bbox 2952 1856 3021 1923; x_wconf 67' lang='lat' dir='ltr'>x</span> <span class='ocrx_word' id='word_1_530' title='bbox 3059 1862 3116 1909; x_wconf 90' lang='lat' dir='ltr'><strong>et</strong></span> <span class='ocrx_word' id='word_1_531' title='bbox 3146 1851 3367 1907; x_wconf 77' lang='lat' dir='ltr'><strong>Jezonia</strong></span> <span class='ocrx_word' id='word_1_532' title='bbox 3409 1850 3551 1904; x_wconf 80' lang='lat' dir='ltr'><strong>filius</strong></span> <span class='ocrx_word' id='word_1_533' title='bbox 3580 1848 3683 1901; x_wconf 80' lang='lat' dir='ltr'><strong>Sa-</strong></span> 
     </span>
    </p>
   </div>
   <div class='ocr_carea' id='block_1_64' title="bbox 2097 1942 3683 2015">
    <p class='ocr_par' dir='ltr' id='par_1_64' title="bbox 2097 1942 3683 2015">
     <span class='ocr_line' id='line_1_64' title="bbox 2097 1942 3683 2015; baseline -0.003 -16"><span class='ocrx_word' id='word_1_534' title='bbox 2097 1946 2243 2015; x_wconf 89' lang='lat' dir='ltr'><strong>phan</strong></span> <span class='ocrx_word' id='word_1_535' title='bbox 2274 1946 2457 2002; x_wconf 86' lang='lat' dir='ltr'><strong>stabat</strong></span> <span class='ocrx_word' id='word_1_536' title='bbox 2492 1946 2515 2015; x_wconf 97' lang='lat'><strong>1</strong></span> <span class='ocrx_word' id='word_1_537' title='bbox 2551 1944 2605 2001; x_wconf 91' lang='lat' dir='ltr'><strong>in</strong></span> <span class='ocrx_word' id='word_1_538' title='bbox 2631 1947 2811 2002; x_wconf 90' lang='lat' dir='ltr'><strong>medio</strong></span> <span class='ocrx_word' id='word_1_539' title='bbox 2836 1961 3051 2010; x_wconf 91' lang='lat' dir='ltr'><strong>eorum,</strong></span> <span class='ocrx_word' id='word_1_540' title='bbox 3096 1956 3151 2001; x_wconf 90' lang='lat' dir='ltr'><strong>et</strong></span> <span class='ocrx_word' id='word_1_541' title='bbox 3192 1945 3410 2001; x_wconf 90' lang='lat' dir='ltr'><strong>stabant</strong></span> <span class='ocrx_word' id='word_1_542' title='bbox 3443 1942 3521 2013; x_wconf 85' lang='lat' dir='ltr'><strong>(d)</strong></span> <span class='ocrx_word' id='word_1_543' title='bbox 3553 1952 3683 1997; x_wconf 85' lang='lat' dir='ltr'><strong>ante</strong></span> 
     </span>
    </p>
   </div>
   <div class='ocr_carea' id='block_1_65' title="bbox 2097 2038 3679 2110">
    <p class='ocr_par' dir='ltr' id='par_1_65' title="bbox 2097 2038 3679 2110">
     <span class='ocr_line' id='line_1_65' title="bbox 2097 2038 3679 2110; baseline -0.003 -19"><span class='ocrx_word' id='word_1_544' title='bbox 2097 2038 2297 2094; x_wconf 87' lang='lat' dir='ltr'><strong>faciem</strong></span> <span class='ocrx_word' id='word_1_545' title='bbox 2332 2053 2525 2093; x_wconf 91' lang='lat' dir='ltr'><strong>eorum</strong></span> <span class='ocrx_word' id='word_1_546' title='bbox 2562 2055 2575 2091; x_wconf 93' lang='lat'><strong>:</strong></span> <span class='ocrx_word' id='word_1_547' title='bbox 2620 2048 2676 2094; x_wconf 93' lang='lat' dir='ltr'><strong>et</strong></span> <span class='ocrx_word' id='word_1_548' title='bbox 2708 2039 3087 2110; x_wconf 85' lang='lat' dir='ltr'><strong>unusquisque</strong></span> <span class='ocrx_word' id='word_1_549' title='bbox 3124 2038 3460 2093; x_wconf 89' lang='lat' dir='ltr'><strong>thuribulum</strong></span> <span class='ocrx_word' id='word_1_550' title='bbox 3513 2052 3679 2090; x_wconf 87' lang='lat' dir='ltr'><strong>suum</strong></span> 
     </span>
    </p>
   </div>
   <div class='ocr_carea' id='block_1_66' title="bbox 2096 2126 3680 2202">
    <p class='ocr_par' dir='ltr' id='par_1_66' title="bbox 2096 2126 3680 2202">
     <span class='ocr_line' id='line_1_66' title="bbox 2096 2126 3680 2202; baseline -0.004 -16"><span class='ocrx_word' id='word_1_551' title='bbox 2096 2143 2215 2186; x_wconf 89' lang='lat' dir='ltr'><strong>erat</strong></span> <span class='ocrx_word' id='word_1_552' title='bbox 2251 2131 2298 2186; x_wconf 90' lang='lat' dir='ltr'><strong>ei</strong></span> <span class='ocrx_word' id='word_1_553' title='bbox 2329 2130 2383 2186; x_wconf 92' lang='lat' dir='ltr'><strong>in</strong></span> <span class='ocrx_word' id='word_1_554' title='bbox 2418 2147 2604 2196; x_wconf 89' lang='lat' dir='ltr'><strong>manu,</strong></span> <span class='ocrx_word' id='word_1_555' title='bbox 2652 2141 2709 2187; x_wconf 92' lang='lat' dir='ltr'><strong>et</strong></span> <span class='ocrx_word' id='word_1_556' title='bbox 2732 2146 2899 2202; x_wconf 85' lang='lat' dir='ltr'><strong>vapor</strong></span> <span class='ocrx_word' id='word_1_557' title='bbox 2950 2135 3018 2200; x_wconf 56' lang='grc' dir='ltr'><strong>χ(</strong></span> <span class='ocrx_word' id='word_1_558' title='bbox 3061 2130 3270 2186; x_wconf 73' lang='lat' dir='ltr'><strong>nebula:</strong></span> <span class='ocrx_word' id='word_1_559' title='bbox 3306 2129 3329 2198; x_wconf 97' lang='lat'><strong>1</strong></span> <span class='ocrx_word' id='word_1_560' title='bbox 3389 2126 3680 2184; x_wconf 81' lang='lat' dir='ltr'><strong>suliimenti</strong></span> 
     </span>
    </p>
   </div>
   <div class='ocr_carea' id='block_1_67' title="bbox 2096 2219 3684 2286">
    <p class='ocr_par' dir='ltr' id='par_1_67' title="bbox 2096 2219 3684 2286">
     <span class='ocr_line' id='line_1_67' title="bbox 2096 2219 3684 2286; baseline -0.004 -9"><span class='ocrx_word' id='word_1_561' title='bbox 2096 2221 2446 2278; x_wconf 90' lang='lat' dir='ltr'><strong>ascendebat.</strong></span> <span class='ocrx_word' id='word_1_562' title='bbox 2468 2222 2554 2278; x_wconf 74' lang='grc'><strong>12.</strong></span> <span class='ocrx_word' id='word_1_563' title='bbox 2587 2222 2652 2277; x_wconf 88' lang='lat' dir='ltr'><strong>Et</strong></span> <span class='ocrx_word' id='word_1_564' title='bbox 2689 2224 2831 2278; x_wconf 86' lang='lat' dir='ltr'><strong>dixit</strong></span> <span class='ocrx_word' id='word_1_565' title='bbox 2862 2223 2929 2277; x_wconf 89' lang='lat' dir='ltr'><strong>ad</strong></span> <span class='ocrx_word' id='word_1_566' title='bbox 2959 2240 3046 2278; x_wconf 87' lang='lat' dir='ltr'><strong>me</strong></span> <span class='ocrx_word' id='word_1_567' title='bbox 3080 2241 3095 2277; x_wconf 91' lang='lat'><strong>:</strong></span> <span class='ocrx_word' id='word_1_568' title='bbox 3138 2221 3354 2286; x_wconf 78' lang='lat' dir='ltr'><strong>Vidisti,</strong></span> <span class='ocrx_word' id='word_1_569' title='bbox 3389 2220 3462 2274; x_wconf 81' lang='lat' dir='ltr'><strong>fili</strong></span> <span class='ocrx_word' id='word_1_570' title='bbox 3501 2219 3684 2273; x_wconf 87' lang='lat' dir='ltr'><strong>homi-</strong></span> 
     </span>
    </p>
   </div>
   <div class='ocr_carea' id='block_1_68' title="bbox 2099 2314 3682 2386">
    <p class='ocr_par' dir='ltr' id='par_1_68' title="bbox 2099 2314 3682 2386">
     <span class='ocr_line' id='line_1_68' title="bbox 2099 2314 3682 2386; baseline -0.001 -17"><span class='ocrx_word' id='word_1_571' title='bbox 2099 2315 2207 2379; x_wconf 87' lang='lat' dir='ltr'><strong>nis,</strong></span> <span class='ocrx_word' id='word_1_572' title='bbox 2231 2332 2355 2386; x_wconf 73' lang='lat' dir='ltr'><strong>qua:</strong></span> <span class='ocrx_word' id='word_1_573' title='bbox 2382 2317 2627 2373; x_wconf 83' lang='lat' dir='ltr'><strong>seniores</strong></span> <span class='ocrx_word' id='word_1_574' title='bbox 2658 2317 2861 2372; x_wconf 91' lang='lat' dir='ltr'><strong>domus</strong></span> <span class='ocrx_word' id='word_1_575' title='bbox 2891 2316 3111 2372; x_wconf 88' lang='lat' dir='ltr'><strong>lsraelis</strong></span> <span class='ocrx_word' id='word_1_576' title='bbox 3146 2315 3355 2370; x_wconf 82' lang='lat' dir='ltr'><strong>faciunt</strong></span> <span class='ocrx_word' id='word_1_577' title='bbox 3376 2330 3432 2370; x_wconf 72' lang='grc' dir='ltr'><strong>-ε-</strong></span> <span class='ocrx_word' id='word_1_578' title='bbox 3454 2314 3543 2368; x_wconf 91' lang='lat' dir='ltr'><strong>hic</strong></span> <span class='ocrx_word' id='word_1_579' title='bbox 3565 2314 3589 2381; x_wconf 97' lang='lat'><strong>1</strong></span> <span class='ocrx_word' id='word_1_580' title='bbox 3614 2316 3682 2380; x_wconf 59' lang='grc' dir='ltr'>Χ</span> 
     </span>
    </p>
   </div>
   <div class='ocr_carea' id='block_1_69' title="bbox 2099 2406 3684 2479">
    <p class='ocr_par' dir='ltr' id='par_1_69' title="bbox 2099 2406 3684 2479">
     <span class='ocr_line' id='line_1_69' title="bbox 2099 2406 3684 2479; baseline -0.001 -19"><span class='ocrx_word' id='word_1_581' title='bbox 2099 2407 2153 2460; x_wconf 92' lang='lat' dir='ltr'><strong>in</strong></span> <span class='ocrx_word' id='word_1_582' title='bbox 2184 2408 2425 2462; x_wconf 86' lang='lat' dir='ltr'><strong>tenebris</strong></span> <span class='ocrx_word' id='word_1_583' title='bbox 2454 2409 2478 2478; x_wconf 97' lang='lat'><strong>1</strong></span> <span class='ocrx_word' id='word_1_584' title='bbox 2511 2408 2891 2479; x_wconf 90' lang='lat' dir='ltr'><strong>unusquisque</strong></span> <span class='ocrx_word' id='word_1_585' title='bbox 2921 2423 3111 2465; x_wconf 88' lang='lat' dir='ltr'><strong>eorum</strong></span> <span class='ocrx_word' id='word_1_586' title='bbox 3167 2409 3221 2463; x_wconf 92' lang='lat' dir='ltr'><strong>in</strong></span> <span class='ocrx_word' id='word_1_587' title='bbox 3245 2406 3499 2461; x_wconf 86' lang='lat' dir='ltr'><strong>cubiculo</strong></span> <span class='ocrx_word' id='word_1_588' title='bbox 3554 2406 3684 2459; x_wconf 84' lang='lat' dir='ltr'><strong>abs-</strong></span> 
     </span>
    </p>
   </div>
   <div class='ocr_carea' id='block_1_70' title="bbox 2096 2496 3679 2571">
    <p class='ocr_par' dir='ltr' id='par_1_70' title="bbox 2096 2496 3679 2571">
     <span class='ocr_line' id='line_1_70' title="bbox 2096 2496 3679 2571; baseline -0.001 -18"><span class='ocrx_word' id='word_1_589' title='bbox 2096 2500 2321 2556; x_wconf 90' lang='lat' dir='ltr'><strong>condito</strong></span> <span class='ocrx_word' id='word_1_590' title='bbox 2378 2516 2511 2568; x_wconf 88' lang='lat' dir='ltr'><strong>suo;</strong></span> <span class='ocrx_word' id='word_1_591' title='bbox 2566 2502 2696 2571; x_wconf 92' lang='lat' dir='ltr'><strong>quia</strong></span> <span class='ocrx_word' id='word_1_592' title='bbox 2738 2502 2995 2557; x_wconf 88' lang='lat' dir='ltr'><strong>dixerunt</strong></span> <span class='ocrx_word' id='word_1_593' title='bbox 3035 2517 3048 2553; x_wconf 89' lang='lat'><strong>:</strong></span> <span class='ocrx_word' id='word_1_594' title='bbox 3087 2499 3206 2555; x_wconf 83' lang='lat' dir='ltr'><strong>Non</strong></span> <span class='ocrx_word' id='word_1_595' title='bbox 3245 2498 3388 2554; x_wconf 87' lang='lat' dir='ltr'><strong>videt</strong></span> <span class='ocrx_word' id='word_1_596' title='bbox 3428 2499 3496 2566; x_wconf 59' lang='grc' dir='ltr'>Χ</span> <span class='ocrx_word' id='word_1_597' title='bbox 3525 2496 3679 2565; x_wconf 89' lang='lat' dir='ltr'><strong>nos1</strong></span> 
     </span>
    </p>
   </div>
   <div class='ocr_carea' id='block_1_71' title="bbox 2103 2590 3684 2665">
    <p class='ocr_par' dir='ltr' id='par_1_71' title="bbox 2103 2590 3684 2665">
     <span class='ocr_line' id='line_1_71' title="bbox 2103 2590 3684 2665; baseline -0.001 -19"><span class='ocrx_word' id='word_1_598' title='bbox 2103 2592 2387 2660; x_wconf 85' lang='lat' dir='ltr'><strong>Dominus,</strong></span> <span class='ocrx_word' id='word_1_599' title='bbox 2422 2593 2715 2665; x_wconf 81' lang='lat' dir='ltr'><strong>dereliquit</strong></span> <span class='ocrx_word' id='word_1_600' title='bbox 2743 2592 3008 2649; x_wconf 86' lang='lat' dir='ltr'><strong>Dominus</strong></span> <span class='ocrx_word' id='word_1_601' title='bbox 3054 2604 3275 2649; x_wconf 85' lang='lat' dir='ltr'><strong>terram.</strong></span> <span class='ocrx_word' id='word_1_602' title='bbox 3325 2593 3412 2649; x_wconf 77' lang='lat' dir='ltr'><strong>l5.</strong></span> <span class='ocrx_word' id='word_1_603' title='bbox 3448 2590 3516 2646; x_wconf 83' lang='lat' dir='ltr'><strong>Et</strong></span> <span class='ocrx_word' id='word_1_604' title='bbox 3547 2591 3684 2645; x_wconf 78' lang='lat' dir='ltr'><strong>dixit</strong></span> 
     </span>
    </p>
   </div>
   <div class='ocr_carea' id='block_1_72' title="bbox 2100 2683 3683 2756">
    <p class='ocr_par' dir='ltr' id='par_1_72' title="bbox 2100 2683 3683 2756">
     <span class='ocr_line' id='line_1_72' title="bbox 2100 2683 3683 2756; baseline -0.002 -18"><span class='ocrx_word' id='word_1_605' title='bbox 2100 2686 2168 2739; x_wconf 90' lang='lat' dir='ltr'><strong>ad</strong></span> <span class='ocrx_word' id='word_1_606' title='bbox 2200 2700 2327 2741; x_wconf 90' lang='lat' dir='ltr'><strong>me:</strong></span> <span class='ocrx_word' id='word_1_607' title='bbox 2361 2686 2556 2742; x_wconf 83' lang='lat' dir='ltr'><strong>Adhuc</strong></span> <span class='ocrx_word' id='word_1_608' title='bbox 2582 2688 2649 2755; x_wconf 54' lang='grc' dir='ltr'><strong>Ἀ(</strong></span> <span class='ocrx_word' id='word_1_609' title='bbox 2681 2702 2983 2743; x_wconf 88' lang='lat' dir='ltr'><strong>conversus</strong></span> <span class='ocrx_word' id='word_1_610' title='bbox 3033 2687 3055 2756; x_wconf 97' lang='lat'><strong>1</strong></span> <span class='ocrx_word' id='word_1_611' title='bbox 3106 2685 3313 2741; x_wconf 89' lang='lat' dir='ltr'><strong>videbis</strong></span> <span class='ocrx_word' id='word_1_612' title='bbox 3361 2683 3683 2754; x_wconf 88' lang='lat' dir='ltr'><strong>iniquitates</strong></span> 
     </span>
    </p>
   </div>
   <div class='ocr_carea' id='block_1_73' title="bbox 2102 2772 3686 2848">
    <p class='ocr_par' dir='ltr' id='par_1_73' title="bbox 2102 2772 3686 2848">
     <span class='ocr_line' id='line_1_73' title="bbox 2102 2772 3686 2848; baseline -0.001 -19"><span class='ocrx_word' id='word_1_613' title='bbox 2102 2777 2363 2846; x_wconf 77' lang='lat' dir='ltr'><strong>majores.</strong></span> <span class='ocrx_word' id='word_1_614' title='bbox 2392 2794 2533 2848; x_wconf 91' lang='lat' dir='ltr'><strong>quas</strong></span> <span class='ocrx_word' id='word_1_615' title='bbox 2560 2772 2657 2833; x_wconf 85' lang='lat' dir='ltr'><strong>isti</strong></span> <span class='ocrx_word' id='word_1_616' title='bbox 2697 2777 2925 2834; x_wconf 86' lang='lat' dir='ltr'><strong>faciunt.</strong></span> <span class='ocrx_word' id='word_1_617' title='bbox 2952 2779 3041 2833; x_wconf 74' lang='lat' dir='ltr'><strong>M.</strong></span> <span class='ocrx_word' id='word_1_618' title='bbox 3070 2777 3135 2832; x_wconf 87' lang='lat' dir='ltr'><strong>Et</strong></span> <span class='ocrx_word' id='word_1_619' title='bbox 3165 2776 3465 2832; x_wconf 88' lang='lat' dir='ltr'><strong>introduxit</strong></span> <span class='ocrx_word' id='word_1_620' title='bbox 3503 2791 3588 2829; x_wconf 89' lang='lat' dir='ltr'><strong>me</strong></span> <span class='ocrx_word' id='word_1_621' title='bbox 3616 2772 3686 2828; x_wconf 88' lang='lat' dir='ltr'><strong>ad</strong></span> 
     </span>
    </p>
   </div>
   <div class='ocr_carea' id='block_1_74' title="bbox 2100 2866 3689 2943">
    <p class='ocr_par' dir='ltr' id='par_1_74' title="bbox 2100 2866 3689 2943">
     <span class='ocr_line' id='line_1_74' title="bbox 2100 2866 3689 2943; baseline -0.004 -16"><span class='ocrx_word' id='word_1_622' title='bbox 2100 2872 2435 2929; x_wconf 87' lang='lat' dir='ltr'><strong>vestibulum</strong></span> <span class='ocrx_word' id='word_1_623' title='bbox 2475 2872 2545 2943; x_wconf 79' lang='grc' dir='ltr'><strong>(ε)</strong></span> <span class='ocrx_word' id='word_1_624' title='bbox 2587 2884 2760 2943; x_wconf 70' lang='lat' dir='ltr'><strong>portae</strong></span> <span class='ocrx_word' id='word_1_625' title='bbox 2786 2872 2987 2928; x_wconf 91' lang='lat' dir='ltr'><strong>domus</strong></span> <span class='ocrx_word' id='word_1_626' title='bbox 3038 2870 3423 2940; x_wconf 66' lang='lat' dir='ltr'><strong>Domini,quaa</strong></span> <span class='ocrx_word' id='word_1_627' title='bbox 3462 2866 3689 2937; x_wconf 89' lang='lat' dir='ltr'><strong>respicit</strong></span> 
     </span>
    </p>
   </div>
   <div class='ocr_carea' id='block_1_75' title="bbox 2100 2962 3685 3035">
    <p class='ocr_par' dir='ltr' id='par_1_75' title="bbox 2100 2962 3685 3035">
     <span class='ocr_line' id='line_1_75' title="bbox 2100 2962 3685 3035; baseline -0.005 -15"><span class='ocrx_word' id='word_1_628' title='bbox 2100 2965 2168 3020; x_wconf 87' lang='lat' dir='ltr'><strong>ad</strong></span> <span class='ocrx_word' id='word_1_629' title='bbox 2195 2965 2505 3035; x_wconf 87' lang='lat' dir='ltr'><strong>aquilonem</strong></span> <span class='ocrx_word' id='word_1_630' title='bbox 2543 2984 2557 3020; x_wconf 91' lang='lat'><strong>:</strong></span> <span class='ocrx_word' id='word_1_631' title='bbox 2583 2975 2639 3020; x_wconf 90' lang='lat' dir='ltr'><strong>et</strong></span> <span class='ocrx_word' id='word_1_632' title='bbox 2670 2980 2799 3020; x_wconf 89' lang='lat' dir='ltr'><strong>ecce</strong></span> <span class='ocrx_word' id='word_1_633' title='bbox 2831 2965 2904 3019; x_wconf 89' lang='lat' dir='ltr'><strong>ibi</strong></span> <span class='ocrx_word' id='word_1_634' title='bbox 2936 2964 3192 3020; x_wconf 86' lang='lat' dir='ltr'><strong>mulieres</strong></span> <span class='ocrx_word' id='word_1_635' title='bbox 3219 2964 3492 3026; x_wconf 80' lang='lat' dir='ltr'><strong>sedentes,</strong></span> <span class='ocrx_word' id='word_1_636' title='bbox 3531 2962 3685 3030; x_wconf 87' lang='lat' dir='ltr'><strong>plan-</strong></span> 
     </span>
    </p>
   </div>
   <div class='ocr_carea' id='block_1_76' title="bbox 2102 3053 3686 3126">
    <p class='ocr_par' dir='ltr' id='par_1_76' title="bbox 2102 3053 3686 3126">
     <span class='ocr_line' id='line_1_76' title="bbox 2102 3053 3686 3126; baseline -0.003 -15"><span class='ocrx_word' id='word_1_637' title='bbox 2102 3068 2290 3126; x_wconf 87' lang='lat' dir='ltr'><strong>gentes</strong></span> <span class='ocrx_word' id='word_1_638' title='bbox 2322 3057 2649 3114; x_wconf 79' lang='lat' dir='ltr'><strong>Thammuz.</strong></span> <span class='ocrx_word' id='word_1_639' title='bbox 2686 3058 2778 3114; x_wconf 81' lang='lat' dir='ltr'><strong>l5.</strong></span> <span class='ocrx_word' id='word_1_640' title='bbox 2819 3057 2885 3114; x_wconf 85' lang='lat' dir='ltr'><strong>Et</strong></span> <span class='ocrx_word' id='word_1_641' title='bbox 2931 3058 3073 3113; x_wconf 80' lang='lat' dir='ltr'><strong>dixit</strong></span> <span class='ocrx_word' id='word_1_642' title='bbox 3097 3058 3163 3113; x_wconf 93' lang='lat' dir='ltr'><strong>ad</strong></span> <span class='ocrx_word' id='word_1_643' title='bbox 3200 3072 3324 3112; x_wconf 91' lang='lat' dir='ltr'><strong>me:</strong></span> <span class='ocrx_word' id='word_1_644' title='bbox 3359 3054 3579 3118; x_wconf 79' lang='lat' dir='ltr'><strong>Vidisti,</strong></span> <span class='ocrx_word' id='word_1_645' title='bbox 3614 3053 3686 3107; x_wconf 82' lang='lat' dir='ltr'><strong>(ili</strong></span> 
     </span>
    </p>
   </div>
   <div class='ocr_carea' id='block_1_77' title="bbox 2104 3147 3690 3219">
    <p class='ocr_par' dir='ltr' id='par_1_77' title="bbox 2104 3147 3690 3219">
     <span class='ocr_line' id='line_1_77' title="bbox 2104 3147 3690 3219; baseline -0.003 -15"><span class='ocrx_word' id='word_1_646' title='bbox 2104 3149 2365 3217; x_wconf 88' lang='lat' dir='ltr'><strong>hominis,</strong></span> <span class='ocrx_word' id='word_1_647' title='bbox 2398 3163 2453 3207; x_wconf 91' lang='lat' dir='ltr'><strong>et</strong></span> <span class='ocrx_word' id='word_1_648' title='bbox 2498 3154 2679 3207; x_wconf 88' lang='lat' dir='ltr'><strong>adhuc</strong></span> <span class='ocrx_word' id='word_1_649' title='bbox 2722 3156 2789 3219; x_wconf 56' lang='grc' dir='ltr'><strong><em>χ</em></strong></span> <span class='ocrx_word' id='word_1_650' title='bbox 2824 3167 2949 3206; x_wconf 91' lang='lat' dir='ltr'><strong>cum</strong></span> <span class='ocrx_word' id='word_1_651' title='bbox 3009 3149 3350 3206; x_wconf 88' lang='lat' dir='ltr'><strong>converteris</strong></span> <span class='ocrx_word' id='word_1_652' title='bbox 3385 3148 3408 3215; x_wconf 90' lang='lat'><strong>1</strong></span> <span class='ocrx_word' id='word_1_653' title='bbox 3437 3192 3452 3214; x_wconf 92' lang='lat'><strong>,</strong></span> <span class='ocrx_word' id='word_1_654' title='bbox 3480 3147 3690 3202; x_wconf 88' lang='lat' dir='ltr'><strong>videbis</strong></span> 
     </span>
    </p>
   </div>
   <div class='ocr_carea' id='block_1_78' title="bbox 2104 3237 3691 3311">
    <p class='ocr_par' dir='ltr' id='par_1_78' title="bbox 2104 3237 3691 3311">
     <span class='ocr_line' id='line_1_78' title="bbox 2104 3237 3691 3311; baseline -0.003 -17"><span class='ocrx_word' id='word_1_655' title='bbox 2104 3241 2521 3297; x_wconf 84' lang='lat' dir='ltr'><strong>adinventiones</strong></span> <span class='ocrx_word' id='word_1_656' title='bbox 2549 3242 2787 3311; x_wconf 87' lang='lat' dir='ltr'><strong>majores</strong></span> <span class='ocrx_word' id='word_1_657' title='bbox 2818 3242 2928 3297; x_wconf 91' lang='lat' dir='ltr'><strong>his.</strong></span> <span class='ocrx_word' id='word_1_658' title='bbox 2963 3240 3051 3296; x_wconf 83' lang='grc'><strong>16.</strong></span> <span class='ocrx_word' id='word_1_659' title='bbox 3083 3240 3147 3295; x_wconf 85' lang='lat' dir='ltr'><strong>Et</strong></span> <span class='ocrx_word' id='word_1_660' title='bbox 3183 3240 3486 3295; x_wconf 84' lang='lat' dir='ltr'><strong>introduxit</strong></span> <span class='ocrx_word' id='word_1_661' title='bbox 3519 3253 3607 3292; x_wconf 90' lang='lat' dir='ltr'><strong>me</strong></span> <span class='ocrx_word' id='word_1_662' title='bbox 3634 3237 3691 3290; x_wconf 90' lang='lat' dir='ltr'><strong>in</strong></span> 
     </span>
    </p>
   </div>
   <div class='ocr_carea' id='block_1_79' title="bbox 2104 3329 3693 3403">
    <p class='ocr_par' dir='ltr' id='par_1_79' title="bbox 2104 3329 3693 3403">
     <span class='ocr_line' id='line_1_79' title="bbox 2104 3329 3693 3403; baseline -0.003 -14"><span class='ocrx_word' id='word_1_663' title='bbox 2104 3335 2307 3391; x_wconf 88' lang='lat' dir='ltr'><strong>atrium</strong></span> <span class='ocrx_word' id='word_1_664' title='bbox 2341 3336 2572 3390; x_wconf 89' lang='lat' dir='ltr'><strong>interius</strong></span> <span class='ocrx_word' id='word_1_665' title='bbox 2604 3336 2800 3389; x_wconf 90' lang='lat' dir='ltr'><strong>domus</strong></span> <span class='ocrx_word' id='word_1_666' title='bbox 2830 3333 3046 3389; x_wconf 86' lang='lat' dir='ltr'><strong>Domini</strong></span> <span class='ocrx_word' id='word_1_667' title='bbox 3080 3353 3094 3389; x_wconf 89' lang='lat'><strong>:</strong></span> <span class='ocrx_word' id='word_1_668' title='bbox 3127 3343 3182 3389; x_wconf 85' lang='lat' dir='ltr'><strong>et</strong></span> <span class='ocrx_word' id='word_1_669' title='bbox 3215 3348 3380 3403; x_wconf 90' lang='lat' dir='ltr'><strong>super</strong></span> <span class='ocrx_word' id='word_1_670' title='bbox 3401 3329 3693 3387; x_wconf 78' lang='lat' dir='ltr'><strong>Vestibulis</strong></span> 
     </span>
    </p>
   </div>
   <div class='ocr_carea' id='block_1_80' title="bbox 2105 3424 3690 3498">
    <p class='ocr_par' dir='ltr' id='par_1_80' title="bbox 2105 3424 3690 3498">
     <span class='ocr_line' id='line_1_80' title="bbox 2105 3424 3690 3498; baseline -0.004 -14"><span class='ocrx_word' id='word_1_671' title='bbox 2105 3428 2293 3498; x_wconf 90' lang='lat' dir='ltr'><strong>templi</strong></span> <span class='ocrx_word' id='word_1_672' title='bbox 2324 3426 2538 3482; x_wconf 89' lang='lat' dir='ltr'><strong>Domini</strong></span> <span class='ocrx_word' id='word_1_673' title='bbox 2568 3426 2636 3498; x_wconf 81' lang='grc'><strong>(1)</strong></span> <span class='ocrx_word' id='word_1_674' title='bbox 2663 3427 2807 3482; x_wconf 90' lang='lat' dir='ltr'><strong>inter</strong></span> <span class='ocrx_word' id='word_1_675' title='bbox 2841 3425 3022 3481; x_wconf 59' lang='lat' dir='ltr'><strong>Atllam</strong></span> <span class='ocrx_word' id='word_1_676' title='bbox 3047 3438 3103 3480; x_wconf 92' lang='lat' dir='ltr'><strong>et</strong></span> <span class='ocrx_word' id='word_1_677' title='bbox 3127 3426 3268 3480; x_wconf 90' lang='lat' dir='ltr'><strong>inter</strong></span> <span class='ocrx_word' id='word_1_678' title='bbox 3298 3426 3493 3489; x_wconf 88' lang='lat' dir='ltr'><strong>altare,</strong></span> <span class='ocrx_word' id='word_1_679' title='bbox 3530 3424 3690 3495; x_wconf 73' lang='lat' dir='ltr'><strong>quasi</strong></span> 
     </span>
    </p>
   </div>
   <div class='ocr_carea' id='block_1_81' title="bbox 2105 3516 3695 3589">
    <p class='ocr_par' dir='ltr' id='par_1_81' title="bbox 2105 3516 3695 3589">
     <span class='ocr_line' id='line_1_81' title="bbox 2105 3516 3695 3589; baseline -0.002 -16"><span class='ocrx_word' id='word_1_680' title='bbox 2105 3518 2299 3589; x_wconf 90' lang='lat' dir='ltr'><strong>viginti</strong></span> <span class='ocrx_word' id='word_1_681' title='bbox 2318 3519 2386 3587; x_wconf 59' lang='grc' dir='ltr'>Χ</span> <span class='ocrx_word' id='word_1_682' title='bbox 2409 3528 2465 3575; x_wconf 90' lang='lat' dir='ltr'><strong>et</strong></span> <span class='ocrx_word' id='word_1_683' title='bbox 2482 3519 2727 3589; x_wconf 87' lang='lat' dir='ltr'><strong>quinque</strong></span> <span class='ocrx_word' id='word_1_684' title='bbox 2743 3518 2765 3587; x_wconf 95' lang='lat'><strong>1</strong></span> <span class='ocrx_word' id='word_1_685' title='bbox 2781 3517 2908 3581; x_wconf 91' lang='lat' dir='ltr'><strong>viri,</strong></span> <span class='ocrx_word' id='word_1_686' title='bbox 2936 3518 3244 3589; x_wconf 81' lang='lat' dir='ltr'><strong>posteriora</strong></span> <span class='ocrx_word' id='word_1_687' title='bbox 3270 3532 3462 3571; x_wconf 91' lang='lat' dir='ltr'><strong>eorum</strong></span> <span class='ocrx_word' id='word_1_688' title='bbox 3480 3516 3547 3570; x_wconf 91' lang='lat' dir='ltr'><strong>ad</strong></span> <span class='ocrx_word' id='word_1_689' title='bbox 3565 3524 3695 3571; x_wconf 87' lang='lat' dir='ltr'><strong>tem-</strong></span> 
     </span>
    </p>
   </div>
   <div class='ocr_carea' id='block_1_82' title="bbox 2106 3611 3693 3684">
    <p class='ocr_par' dir='ltr' id='par_1_82' title="bbox 2106 3611 3693 3684">
     <span class='ocr_line' id='line_1_82' title="bbox 2106 3611 3693 3684; baseline -0.002 -16"><span class='ocrx_word' id='word_1_690' title='bbox 2106 3614 2255 3684; x_wconf 92' lang='lat' dir='ltr'><strong>plum</strong></span> <span class='ocrx_word' id='word_1_691' title='bbox 2285 3613 2591 3679; x_wconf 90' lang='lat' dir='ltr'><strong>Domini,et</strong></span> <span class='ocrx_word' id='word_1_692' title='bbox 2619 3612 2788 3669; x_wconf 85' lang='lat' dir='ltr'><strong>facies</strong></span> <span class='ocrx_word' id='word_1_693' title='bbox 2804 3627 2995 3668; x_wconf 86' lang='lat' dir='ltr'><strong>eorum</strong></span> <span class='ocrx_word' id='word_1_694' title='bbox 3028 3611 3102 3683; x_wconf 89' lang='lat' dir='ltr'><strong>(g)</strong></span> <span class='ocrx_word' id='word_1_695' title='bbox 3136 3621 3332 3667; x_wconf 90' lang='lat' dir='ltr'><strong>contra</strong></span> <span class='ocrx_word' id='word_1_696' title='bbox 3365 3620 3460 3665; x_wconf 90' lang='lat' dir='ltr'><strong>:et</strong></span> <span class='ocrx_word' id='word_1_697' title='bbox 3487 3611 3544 3665; x_wconf 92' lang='lat' dir='ltr'><strong>hi</strong></span> <span class='ocrx_word' id='word_1_698' title='bbox 3564 3611 3693 3666; x_wconf 89' lang='lat' dir='ltr'><strong>ado-</strong></span> 
     </span>
    </p>
   </div>
   <div class='ocr_carea' id='block_1_83' title="bbox 2106 3703 3692 3777">
    <p class='ocr_par' dir='ltr' id='par_1_83' title="bbox 2106 3703 3692 3777">
     <span class='ocr_line' id='line_1_83' title="bbox 2106 3703 3692 3777; baseline -0.004 -13"><span class='ocrx_word' id='word_1_699' title='bbox 2106 3711 2313 3777; x_wconf 58' lang='lat' dir='ltr'><strong>rant):</strong></span> <span class='ocrx_word' id='word_1_700' title='bbox 2339 3724 2534 3764; x_wconf 88' lang='lat' dir='ltr'><strong>versus</strong></span> <span class='ocrx_word' id='word_1_701' title='bbox 2560 3707 2826 3762; x_wconf 89' lang='lat' dir='ltr'><strong>orientem</strong></span> <span class='ocrx_word' id='word_1_702' title='bbox 2851 3706 2875 3775; x_wconf 94' lang='lat'><strong>1</strong></span> <span class='ocrx_word' id='word_1_703' title='bbox 2900 3705 3090 3762; x_wconf 86' lang='lat' dir='ltr'><strong>solem.</strong></span> <span class='ocrx_word' id='word_1_704' title='bbox 3125 3706 3212 3759; x_wconf 87' lang='lat' dir='ltr'><strong>l7.</strong></span> <span class='ocrx_word' id='word_1_705' title='bbox 3230 3704 3298 3759; x_wconf 87' lang='lat' dir='ltr'><strong>Et</strong></span> <span class='ocrx_word' id='word_1_706' title='bbox 3318 3704 3459 3759; x_wconf 87' lang='lat' dir='ltr'><strong>dixit</strong></span> <span class='ocrx_word' id='word_1_707' title='bbox 3488 3703 3558 3758; x_wconf 91' lang='lat' dir='ltr'><strong>ad</strong></span> <span class='ocrx_word' id='word_1_708' title='bbox 3575 3718 3692 3760; x_wconf 88' lang='lat' dir='ltr'><strong>me:</strong></span> 
     </span>
    </p>
   </div>
   <div class='ocr_carea' id='block_1_84' title="bbox 2108 3793 3698 3869">
    <p class='ocr_par' dir='ltr' id='par_1_84' title="bbox 2108 3793 3698 3869">
     <span class='ocr_line' id='line_1_84' title="bbox 2108 3793 3698 3869; baseline -0.003 -14"><span class='ocrx_word' id='word_1_709' title='bbox 2108 3800 2327 3868; x_wconf 83' lang='lat' dir='ltr'><strong>Vidisti,</strong></span> <span class='ocrx_word' id='word_1_710' title='bbox 2352 3803 2427 3858; x_wconf 80' lang='lat' dir='ltr'><strong>illi</strong></span> <span class='ocrx_word' id='word_1_711' title='bbox 2442 3800 2677 3857; x_wconf 91' lang='lat' dir='ltr'><strong>hominis</strong></span> <span class='ocrx_word' id='word_1_712' title='bbox 2699 3817 2714 3855; x_wconf 91' lang='lat'><strong>:</strong></span> <span class='ocrx_word' id='word_1_713' title='bbox 2738 3798 3003 3869; x_wconf 92' lang='lat' dir='ltr'><strong>numquid</strong></span> <span class='ocrx_word' id='word_1_714' title='bbox 3026 3813 3190 3869; x_wconf 91' lang='lat' dir='ltr'><strong>parva</strong></span> <span class='ocrx_word' id='word_1_715' title='bbox 3217 3797 3405 3853; x_wconf 90' lang='lat' dir='ltr'><strong>domui</strong></span> <span class='ocrx_word' id='word_1_716' title='bbox 3434 3796 3511 3867; x_wconf 74' lang='lat' dir='ltr'><strong>(li)</strong></span> <span class='ocrx_word' id='word_1_717' title='bbox 3543 3793 3698 3850; x_wconf 70' lang='lat' dir='ltr'><strong>Iuda:</strong></span> 
     </span>
    </p>
   </div>
   <div class='ocr_carea' id='block_1_85' title="bbox 2108 3881 3699 3958">
    <p class='ocr_par' dir='ltr' id='par_1_85' title="bbox 2108 3881 3699 3958">
     <span class='ocr_line' id='line_1_85' title="bbox 2108 3881 3699 3958; baseline -0.008 -11"><span class='ocrx_word' id='word_1_718' title='bbox 2108 3891 2260 3958; x_wconf 92' lang='lat' dir='ltr'><strong>huic,</strong></span> <span class='ocrx_word' id='word_1_719' title='bbox 2305 3897 2368 3945; x_wconf 92' lang='lat' dir='ltr'><strong>ut</strong></span> <span class='ocrx_word' id='word_1_720' title='bbox 2414 3888 2659 3944; x_wconf 88' lang='lat' dir='ltr'><strong>facerent</strong></span> <span class='ocrx_word' id='word_1_721' title='bbox 2711 3885 3052 3956; x_wconf 89' lang='lat' dir='ltr'><strong>iniquitates,</strong></span> <span class='ocrx_word' id='word_1_722' title='bbox 3106 3900 3246 3955; x_wconf 87' lang='lat' dir='ltr'><strong>quas</strong></span> <span class='ocrx_word' id='word_1_723' title='bbox 3280 3883 3531 3938; x_wconf 88' lang='lat' dir='ltr'><strong>fecerunt</strong></span> <span class='ocrx_word' id='word_1_724' title='bbox 3576 3881 3699 3937; x_wconf 78' lang='lat' dir='ltr'><strong>hic?</strong></span> 
     </span>
    </p>
   </div>
   <div class='ocr_carea' id='block_1_86' title="bbox 2107 3976 3697 4054">
    <p class='ocr_par' dir='ltr' id='par_1_86' title="bbox 2107 3976 3697 4054">
     <span class='ocr_line' id='line_1_86' title="bbox 2107 3976 3697 4054; baseline -0.007 -14"><span class='ocrx_word' id='word_1_725' title='bbox 2107 3984 2237 4054; x_wconf 91' lang='lat' dir='ltr'><strong>quia</strong></span> <span class='ocrx_word' id='word_1_726' title='bbox 2267 3982 2613 4053; x_wconf 86' lang='lat' dir='ltr'><strong>repleverunt</strong></span> <span class='ocrx_word' id='word_1_727' title='bbox 2633 3990 2837 4035; x_wconf 89' lang='lat' dir='ltr'><strong>terram</strong></span> <span class='ocrx_word' id='word_1_728' title='bbox 2865 3980 3267 4051; x_wconf 66' lang='lat' dir='ltr'><strong>iniquitatibus,</strong></span> <span class='ocrx_word' id='word_1_729' title='bbox 3284 3980 3351 4047; x_wconf 56' lang='grc' dir='ltr'><strong><em>χ</em></strong></span> <span class='ocrx_word' id='word_1_730' title='bbox 3373 3987 3427 4032; x_wconf 89' lang='lat' dir='ltr'><strong>et</strong></span> <span class='ocrx_word' id='word_1_731' title='bbox 3443 3976 3697 4032; x_wconf 88' lang='lat' dir='ltr'><strong>conversi</strong></span> 
     </span>
    </p>
   </div>
   <div class='ocr_carea' id='block_1_87' title="bbox 2108 4071 3699 4145">
    <p class='ocr_par' dir='ltr' id='par_1_87' title="bbox 2108 4071 3699 4145">
     <span class='ocr_line' id='line_1_87' title="bbox 2108 4071 3699 4145; baseline -0.007 -11"><span class='ocrx_word' id='word_1_732' title='bbox 2108 4088 2238 4135; x_wconf 87' lang='lat' dir='ltr'><strong>sunt</strong></span> <span class='ocrx_word' id='word_1_733' title='bbox 2272 4078 2296 4145; x_wconf 95' lang='lat'><strong>1</strong></span> <span class='ocrx_word' id='word_1_734' title='bbox 2330 4076 2397 4132; x_wconf 92' lang='lat' dir='ltr'><strong>ad</strong></span> <span class='ocrx_word' id='word_1_735' title='bbox 2426 4075 2752 4131; x_wconf 89' lang='lat' dir='ltr'><strong>irritandum</strong></span> <span class='ocrx_word' id='word_1_736' title='bbox 2785 4089 2914 4131; x_wconf 89' lang='lat' dir='ltr'><strong>me:</strong></span> <span class='ocrx_word' id='word_1_737' title='bbox 2950 4074 3013 4144; x_wconf 82' lang='grc' dir='ltr'><strong>(ἱ)</strong></span> <span class='ocrx_word' id='word_1_738' title='bbox 3046 4083 3101 4128; x_wconf 90' lang='lat' dir='ltr'><strong>et</strong></span> <span class='ocrx_word' id='word_1_739' title='bbox 3125 4087 3255 4128; x_wconf 90' lang='lat' dir='ltr'><strong>ecce</strong></span> <span class='ocrx_word' id='word_1_740' title='bbox 3279 4071 3381 4141; x_wconf 91' lang='lat' dir='ltr'><strong>ipsi</strong></span> <span class='ocrx_word' id='word_1_741' title='bbox 3410 4073 3479 4138; x_wconf 62' lang='grc' dir='ltr'>Χ</span> <span class='ocrx_word' id='word_1_742' title='bbox 3504 4078 3699 4125; x_wconf 85' lang='lat' dir='ltr'><strong>exten-</strong></span> 
     </span>
    </p>
   </div>
   <div class='ocr_carea' id='block_1_88' title="bbox 2109 4163 3698 4241">
    <p class='ocr_par' dir='ltr' id='par_1_88' title="bbox 2109 4163 3698 4241">
     <span class='ocr_line' id='line_1_88' title="bbox 2109 4163 3698 4241; baseline -0.005 -15"><span class='ocrx_word' id='word_1_743' title='bbox 2109 4169 2565 4241; x_wconf 89' lang='lat' dir='ltr'><strong>duntpalmitem1</strong></span> <span class='ocrx_word' id='word_1_744' title='bbox 2583 4167 2743 4239; x_wconf 90' lang='lat' dir='ltr'><strong>quasi</strong></span> <span class='ocrx_word' id='word_1_745' title='bbox 2764 4167 3185 4224; x_wconf 88' lang='lat' dir='ltr'><strong>subsannantes.</strong></span> <span class='ocrx_word' id='word_1_746' title='bbox 3199 4167 3287 4222; x_wconf 89' lang='grc'><strong>18.</strong></span> <span class='ocrx_word' id='word_1_747' title='bbox 3300 4165 3368 4221; x_wconf 84' lang='grc' dir='ltr'>Ει</span> <span class='ocrx_word' id='word_1_748' title='bbox 3381 4181 3483 4236; x_wconf 85' lang='lat' dir='ltr'><strong>ego</strong></span> <span class='ocrx_word' id='word_1_749' title='bbox 3500 4163 3698 4220; x_wconf 88' lang='lat' dir='ltr'><strong>faciam</strong></span> 
     </span>
    </p>
   </div>
   <div class='ocr_carea' id='block_1_89' title="bbox 2109 4261 3701 4334">
    <p class='ocr_par' dir='ltr' id='par_1_89' title="bbox 2109 4261 3701 4334">
     <span class='ocr_line' id='line_1_89' title="bbox 2109 4261 3701 4334; baseline -0.004 -14"><span class='ocrx_word' id='word_1_750' title='bbox 2109 4264 2194 4321; x_wconf 90' lang='lat' dir='ltr'><strong>eis</strong></span> <span class='ocrx_word' id='word_1_751' title='bbox 2222 4280 2347 4321; x_wconf 92' lang='lat' dir='ltr'><strong>cum</strong></span> <span class='ocrx_word' id='word_1_752' title='bbox 2388 4262 2619 4319; x_wconf 88' lang='lat' dir='ltr'><strong>furore:</strong></span> <span class='ocrx_word' id='word_1_753' title='bbox 2672 4278 2783 4319; x_wconf 91' lang='lat' dir='ltr'><strong>non</strong></span> <span class='ocrx_word' id='word_1_754' title='bbox 2825 4269 3014 4334; x_wconf 91' lang='lat' dir='ltr'><strong>parcet</strong></span> <span class='ocrx_word' id='word_1_755' title='bbox 3058 4261 3254 4317; x_wconf 89' lang='lat' dir='ltr'><strong>oculus</strong></span> <span class='ocrx_word' id='word_1_756' title='bbox 3307 4275 3486 4325; x_wconf 89' lang='lat' dir='ltr'><strong>meus,</strong></span> <span class='ocrx_word' id='word_1_757' title='bbox 3517 4273 3701 4330; x_wconf 89' lang='lat' dir='ltr'><strong>neque</strong></span> 
     </span>
    </p>
   </div>
   <div class='ocr_carea' id='block_1_90' title="bbox 2111 4352 3701 4425">
    <p class='ocr_par' dir='ltr' id='par_1_90' title="bbox 2111 4352 3701 4425">
     <span class='ocr_line' id='line_1_90' title="bbox 2111 4352 3701 4425; baseline -0.003 -14"><span class='ocrx_word' id='word_1_758' title='bbox 2111 4356 2455 4414; x_wconf 86' lang='lat' dir='ltr'><strong>miserebor:</strong></span> <span class='ocrx_word' id='word_1_759' title='bbox 2486 4358 2555 4425; x_wconf 59' lang='grc' dir='ltr'><em>Χ</em></span> <span class='ocrx_word' id='word_1_760' title='bbox 2596 4365 2653 4412; x_wconf 91' lang='lat' dir='ltr'><strong>et</strong></span> <span class='ocrx_word' id='word_1_761' title='bbox 2691 4358 2970 4413; x_wconf 88' lang='lat' dir='ltr'><strong>vocabunt</strong></span> <span class='ocrx_word' id='word_1_762' title='bbox 3022 4355 3077 4410; x_wconf 91' lang='lat' dir='ltr'><strong>in</strong></span> <span class='ocrx_word' id='word_1_763' title='bbox 3121 4354 3353 4409; x_wconf 90' lang='lat' dir='ltr'><strong>auribus</strong></span> <span class='ocrx_word' id='word_1_764' title='bbox 3397 4352 3537 4407; x_wconf 87' lang='lat' dir='ltr'><strong>meis</strong></span> <span class='ocrx_word' id='word_1_765' title='bbox 3566 4366 3701 4407; x_wconf 85' lang='lat' dir='ltr'><strong>voce</strong></span> 
     </span>
    </p>
   </div>
   <div class='ocr_carea' id='block_1_91' title="bbox 419 4431 3088 4522">
    <p class='ocr_par' dir='ltr' id='par_1_91' title="bbox 419 4431 3088 4522">
     <span class='ocr_line' id='line_1_91' title="bbox 419 4431 3088 4522; baseline 0.007 -38"><span class='ocrx_word' id='word_1_766' title='bbox 419 4438 624 4484; x_wconf 90' lang='lat' dir='ltr'><strong>terram</strong></span> <span class='ocrx_word' id='word_1_767' title='bbox 650 4440 705 4487; x_wconf 89' lang='lat' dir='ltr'><strong>et</strong></span> <span class='ocrx_word' id='word_1_768' title='bbox 729 4431 871 4488; x_wconf 91' lang='lat' dir='ltr'><strong>inter</strong></span> <span class='ocrx_word' id='word_1_769' title='bbox 898 4432 1123 4499; x_wconf 68' lang='lat' dir='ltr'><strong>coelum,</strong></span> <span class='ocrx_word' id='word_1_770' title='bbox 1154 4443 1209 4489; x_wconf 90' lang='lat' dir='ltr'><strong>et</strong></span> <span class='ocrx_word' id='word_1_771' title='bbox 1241 4434 1471 4489; x_wconf 92' lang='lat' dir='ltr'><strong>adduxit</strong></span> <span class='ocrx_word' id='word_1_772' title='bbox 1492 4451 1579 4492; x_wconf 89' lang='lat' dir='ltr'><strong>me</strong></span> <span class='ocrx_word' id='word_1_773' title='bbox 1604 4437 1659 4492; x_wconf 92' lang='lat' dir='ltr'><strong>in</strong></span> <span class='ocrx_word' id='word_1_774' title='bbox 1694 4435 2004 4497; x_wconf 86' lang='lat' dir='ltr'><strong>Jerusalem</strong></span> <span class='ocrx_word' id='word_1_775' title='bbox 2036 4461 2081 4517; x_wconf 84' lang='grc' dir='ltr'><strong>ι)</strong></span> <span class='ocrx_word' id='word_1_776' title='bbox 2110 4466 2330 4522; x_wconf 80' lang='lat' dir='ltr'><strong>magna,</strong></span> <span class='ocrx_word' id='word_1_777' title='bbox 2361 4459 2417 4506; x_wconf 92' lang='lat' dir='ltr'><strong>et</strong></span> <span class='ocrx_word' id='word_1_778' title='bbox 2453 4466 2562 4505; x_wconf 91' lang='lat' dir='ltr'><strong>non</strong></span> <span class='ocrx_word' id='word_1_779' title='bbox 2596 4451 2884 4507; x_wconf 88' lang='lat' dir='ltr'><strong>exaudiam</strong></span> <span class='ocrx_word' id='word_1_780' title='bbox 2914 4465 3009 4505; x_wconf 89' lang='lat' dir='ltr'><strong>eos</strong></span> <span class='ocrx_word' id='word_1_781' title='bbox 3039 4448 3088 4517; x_wconf 94' lang='lat'><strong>1.</strong></span> 
     </span>
    </p>
   </div>
   <div class='ocr_carea' id='block_1_92' title="bbox 418 4520 2005 4603">
    <p class='ocr_par' dir='ltr' id='par_1_92' title="bbox 418 4520 2005 4603">
     <span class='ocr_line' id='line_1_92' title="bbox 418 4520 2005 4603; baseline 0.009 -26"><span class='ocrx_word' id='word_1_782' title='bbox 418 4520 475 4577; x_wconf 89' lang='lat' dir='ltr'><strong>iu</strong></span> <span class='ocrx_word' id='word_1_783' title='bbox 503 4522 716 4579; x_wconf 89' lang='lat' dir='ltr'><strong>visione</strong></span> <span class='ocrx_word' id='word_1_784' title='bbox 770 4523 866 4581; x_wconf 85' lang='lat' dir='ltr'><strong>Dei</strong></span> <span class='ocrx_word' id='word_1_785' title='bbox 920 4536 1048 4583; x_wconf 90' lang='lat' dir='ltr'><strong>ante</strong></span> <span class='ocrx_word' id='word_1_786' title='bbox 1102 4530 1434 4586; x_wconf 90' lang='lat' dir='ltr'><strong>vestibulum</strong></span> <span class='ocrx_word' id='word_1_787' title='bbox 1496 4542 1669 4602; x_wconf 66' lang='lat' dir='ltr'><strong>portat</strong></span> <span class='ocrx_word' id='word_1_788' title='bbox 1702 4534 2005 4603; x_wconf 91' lang='lat' dir='ltr'><strong>interioris,</strong></span> 
     </span>
    </p>
   </div>
   <div class='ocr_carea' id='block_1_93' title="bbox 415 4613 2008 4697">
    <p class='ocr_par' dir='ltr' id='par_1_93' title="bbox 415 4613 2008 4697">
     <span class='ocr_line' id='line_1_93' title="bbox 415 4613 2008 4697; baseline 0.01 -29"><span class='ocrx_word' id='word_1_789' title='bbox 415 4613 759 4684; x_wconf 88' lang='lat' dir='ltr'><strong>respicientis</strong></span> <span class='ocrx_word' id='word_1_790' title='bbox 782 4618 849 4674; x_wconf 89' lang='lat' dir='ltr'><strong>ad</strong></span> <span class='ocrx_word' id='word_1_791' title='bbox 872 4620 1285 4694; x_wconf 86' lang='lat' dir='ltr'><strong>aquilonem,(a)</strong></span> <span class='ocrx_word' id='word_1_792' title='bbox 1309 4623 1403 4678; x_wconf 91' lang='lat' dir='ltr'><strong>ubi</strong></span> <span class='ocrx_word' id='word_1_793' title='bbox 1427 4633 1547 4680; x_wconf 89' lang='lat' dir='ltr'><strong>erat</strong></span> <span class='ocrx_word' id='word_1_794' title='bbox 1565 4634 1746 4682; x_wconf 90' lang='lat' dir='ltr'><strong>statua</strong></span> <span class='ocrx_word' id='word_1_795' title='bbox 1775 4629 1845 4697; x_wconf 76' lang='grc' dir='ltr'>&gt;κ</span> <span class='ocrx_word' id='word_1_796' title='bbox 1867 4628 2008 4683; x_wconf 83' lang='lat' dir='ltr'><strong>ima-</strong></span> 
     </span>
    </p>
   </div>
   <div class='ocr_carea' id='block_1_94' title="bbox 416 4706 2006 4792">
    <p class='ocr_par' dir='ltr' id='par_1_94' title="bbox 416 4706 2006 4792">
     <span class='ocr_line' id='line_1_94' title="bbox 416 4706 2006 4792; baseline 0.01 -31"><span class='ocrx_word' id='word_1_797' title='bbox 416 4706 563 4778; x_wconf 88' lang='lat' dir='ltr'><strong>ginis</strong></span> <span class='ocrx_word' id='word_1_798' title='bbox 592 4710 737 4781; x_wconf 81' lang='lat' dir='ltr'><strong>zeli1</strong></span> <span class='ocrx_word' id='word_1_799' title='bbox 771 4714 1125 4782; x_wconf 89' lang='lat' dir='ltr'><strong>possidentis.</strong></span> <span class='ocrx_word' id='word_1_800' title='bbox 1160 4716 1214 4769; x_wconf 64' lang='grc' dir='ltr'><strong>αἱ.</strong></span> <span class='ocrx_word' id='word_1_801' title='bbox 1245 4716 1316 4770; x_wconf 85' lang='grc' dir='ltr'><strong>Ει</strong></span> <span class='ocrx_word' id='word_1_802' title='bbox 1350 4732 1482 4773; x_wconf 90' lang='lat' dir='ltr'><strong>ecce</strong></span> <span class='ocrx_word' id='word_1_803' title='bbox 1531 4718 1605 4774; x_wconf 93' lang='lat' dir='ltr'><strong>ibi</strong></span> <span class='ocrx_word' id='word_1_804' title='bbox 1667 4729 1786 4775; x_wconf 91' lang='lat' dir='ltr'><strong>erat</strong></span> <span class='ocrx_word' id='word_1_805' title='bbox 1833 4721 2006 4792; x_wconf 89' lang='lat' dir='ltr'><strong>gloria</strong></span> 
     </span>
    </p>
   </div>
   <div class='ocr_carea' id='block_1_95' title="bbox 415 4796 2006 4886">
    <p class='ocr_par' dir='ltr' id='par_1_95' title="bbox 415 4796 2006 4886">
     <span class='ocr_line' id='line_1_95' title="bbox 415 4796 2006 4886; baseline 0.014 -34"><span class='ocrx_word' id='word_1_806' title='bbox 415 4796 638 4855; x_wconf 91' lang='lat' dir='ltr'><strong>Domini</strong></span> <span class='ocrx_word' id='word_1_807' title='bbox 682 4801 778 4859; x_wconf 91' lang='lat' dir='ltr'><strong>Dei</strong></span> <span class='ocrx_word' id='word_1_808' title='bbox 843 4806 1082 4873; x_wconf 88' lang='lat' dir='ltr'><strong>lsraelis,</strong></span> <span class='ocrx_word' id='word_1_809' title='bbox 1148 4811 1455 4865; x_wconf 90' lang='lat' dir='ltr'><strong>secundum</strong></span> <span class='ocrx_word' id='word_1_810' title='bbox 1508 4812 1802 4883; x_wconf 89' lang='lat' dir='ltr'><strong>visionem,</strong></span> <span class='ocrx_word' id='word_1_811' title='bbox 1837 4832 2006 4886; x_wconf 88' lang='lat' dir='ltr'><strong>quam</strong></span> 
     </span>
    </p>
   </div>
   <div class='ocr_carea' id='block_1_96' title="bbox 414 4893 2005 4977">
    <p class='ocr_par' dir='ltr' id='par_1_96' title="bbox 414 4893 2005 4977">
     <span class='ocr_line' id='line_1_96' title="bbox 414 4893 2005 4977; baseline 0.013 -31"><span class='ocrx_word' id='word_1_812' title='bbox 414 4893 524 4947; x_wconf 88' lang='lat' dir='ltr'><strong>vidi</strong></span> <span class='ocrx_word' id='word_1_813' title='bbox 559 4894 611 4948; x_wconf 92' lang='lat' dir='ltr'><strong>in</strong></span> <span class='ocrx_word' id='word_1_814' title='bbox 646 4911 863 4968; x_wconf 81' lang='lat' dir='ltr'><strong>eampo.</strong></span> <span class='ocrx_word' id='word_1_815' title='bbox 891 4900 946 4954; x_wconf 85' lang='grc'><strong>5.</strong></span> <span class='ocrx_word' id='word_1_816' title='bbox 981 4900 1047 4955; x_wconf 85' lang='grc' dir='ltr'><strong>Ει</strong></span> <span class='ocrx_word' id='word_1_817' title='bbox 1090 4900 1231 4957; x_wconf 88' lang='lat' dir='ltr'><strong>dixit</strong></span> <span class='ocrx_word' id='word_1_818' title='bbox 1270 4903 1340 4957; x_wconf 91' lang='lat' dir='ltr'><strong>ad</strong></span> <span class='ocrx_word' id='word_1_819' title='bbox 1393 4920 1482 4960; x_wconf 90' lang='lat' dir='ltr'><strong>me</strong></span> <span class='ocrx_word' id='word_1_820' title='bbox 1520 4925 1532 4959; x_wconf 92' lang='lat'>:</span> <span class='ocrx_word' id='word_1_821' title='bbox 1579 4904 1682 4962; x_wconf 84' lang='lat' dir='ltr'><strong>Fili</strong></span> <span class='ocrx_word' id='word_1_822' title='bbox 1738 4908 2005 4977; x_wconf 89' lang='lat' dir='ltr'><strong>hominis,</strong></span> 
     </span>
    </p>
   </div>
   <div class='ocr_carea' id='block_1_97' title="bbox 413 4986 2002 5074">
    <p class='ocr_par' dir='ltr' id='par_1_97' title="bbox 413 4986 2002 5074">
     <span class='ocr_line' id='line_1_97' title="bbox 413 4986 2002 5074; baseline 0.013 -35"><span class='ocrx_word' id='word_1_823' title='bbox 413 4986 564 5055; x_wconf 80' lang='lat' dir='ltr'><strong>aperi</strong></span> <span class='ocrx_word' id='word_1_824' title='bbox 597 4987 804 5058; x_wconf 89' lang='lat' dir='ltr'><strong>inspice</strong></span> <span class='ocrx_word' id='word_1_825' title='bbox 826 4991 1004 5047; x_wconf 86' lang='lat' dir='ltr'><strong>oculis</strong></span> <span class='ocrx_word' id='word_1_826' title='bbox 1032 4994 1143 5050; x_wconf 92' lang='lat' dir='ltr'><strong>tuis</strong></span> <span class='ocrx_word' id='word_1_827' title='bbox 1178 4995 1246 5051; x_wconf 91' lang='lat' dir='ltr'><strong>ad</strong></span> <span class='ocrx_word' id='word_1_828' title='bbox 1298 4997 1615 5067; x_wconf 88' lang='lat' dir='ltr'><strong>aquilonem</strong></span> <span class='ocrx_word' id='word_1_829' title='bbox 1657 5018 1671 5055; x_wconf 89' lang='lat'><strong>:</strong></span> <span class='ocrx_word' id='word_1_830' title='bbox 1709 5011 1767 5056; x_wconf 89' lang='lat' dir='ltr'><strong>et</strong></span> <span class='ocrx_word' id='word_1_831' title='bbox 1811 5007 2002 5074; x_wconf 90' lang='lat' dir='ltr'><strong>aperui</strong></span> 
     </span>
    </p>
   </div>
   <div class='ocr_carea' id='block_1_98' title="bbox 2184 4540 3702 4612">
    <p class='ocr_par' dir='ltr' id='par_1_98' title="bbox 2184 4540 3702 4612">
     <span class='ocr_line' id='line_1_98' title="bbox 2184 4540 3702 4612; baseline -0.005 -14"><span class='ocrx_word' id='word_1_832' title='bbox 2184 4543 2319 4612; x_wconf 88' lang='lat' dir='ltr'><strong>Cap.</strong></span> <span class='ocrx_word' id='word_1_833' title='bbox 2338 4541 2431 4597; x_wconf 80' lang='lat' dir='ltr'><strong>IX.</strong></span> <span class='ocrx_word' id='word_1_834' title='bbox 2461 4541 2612 4595; x_wconf 84' lang='grc'><strong>-1,</strong></span> <span class='ocrx_word' id='word_1_835' title='bbox 2648 4541 2715 4595; x_wconf 90' lang='lat' dir='ltr'><strong>Et</strong></span> <span class='ocrx_word' id='word_1_836' title='bbox 2757 4540 3015 4597; x_wconf 89' lang='lat' dir='ltr'><strong>clamavit</strong></span> <span class='ocrx_word' id='word_1_837' title='bbox 3064 4540 3119 4594; x_wconf 90' lang='lat' dir='ltr'><strong>in</strong></span> <span class='ocrx_word' id='word_1_838' title='bbox 3159 4552 3323 4594; x_wconf 89' lang='lat' dir='ltr'><strong>aures</strong></span> <span class='ocrx_word' id='word_1_839' title='bbox 3356 4550 3508 4593; x_wconf 81' lang='lat' dir='ltr'><strong>meas</strong></span> <span class='ocrx_word' id='word_1_840' title='bbox 3563 4549 3702 4592; x_wconf 81' lang='lat' dir='ltr'><strong>voce</strong></span> 
     </span>
    </p>
   </div>
   <div class='ocr_carea' id='block_1_99' title="bbox 2112 4629 3701 4706">
    <p class='ocr_par' dir='ltr' id='par_1_99' title="bbox 2112 4629 3701 4706">
     <span class='ocr_line' id='line_1_99' title="bbox 2112 4629 3701 4706; baseline -0.004 -15"><span class='ocrx_word' id='word_1_841' title='bbox 2112 4651 2311 4706; x_wconf 87' lang='lat' dir='ltr'><strong>magna</strong></span> <span class='ocrx_word' id='word_1_842' title='bbox 2341 4636 2531 4690; x_wconf 89' lang='lat' dir='ltr'><strong>dicens</strong></span> <span class='ocrx_word' id='word_1_843' title='bbox 2576 4652 2589 4689; x_wconf 91' lang='lat'><strong>:</strong></span> <span class='ocrx_word' id='word_1_844' title='bbox 2622 4632 2696 4705; x_wconf 77' lang='lat' dir='ltr'><strong>(It)</strong></span> <span class='ocrx_word' id='word_1_845' title='bbox 2734 4632 3209 4705; x_wconf 88' lang='lat' dir='ltr'><strong>Appropinquavit</strong></span> <span class='ocrx_word' id='word_1_846' title='bbox 3236 4631 3371 4687; x_wconf 88' lang='lat' dir='ltr'><strong>ultio</strong></span> <span class='ocrx_word' id='word_1_847' title='bbox 3395 4629 3553 4685; x_wconf 88' lang='lat' dir='ltr'><strong>urbis</strong></span> <span class='ocrx_word' id='word_1_848' title='bbox 3596 4647 3609 4681; x_wconf 90' lang='lat'><strong>:</strong></span> <span class='ocrx_word' id='word_1_849' title='bbox 3643 4640 3701 4684; x_wconf 83' lang='lat' dir='ltr'><strong>et</strong></span> 
     </span>
    </p>
   </div>
   <div class='ocr_carea' id='block_1_100' title="bbox 2111 4724 3697 4798">
    <p class='ocr_par' dir='ltr' id='par_1_100' title="bbox 2111 4724 3697 4798">
     <span class='ocr_line' id='line_1_100' title="bbox 2111 4724 3697 4798; baseline -0.004 -16"><span class='ocrx_word' id='word_1_850' title='bbox 2111 4727 2495 4798; x_wconf 82' lang='lat' dir='ltr'><strong>unusquisque</strong></span> <span class='ocrx_word' id='word_1_851' title='bbox 2524 4737 2681 4781; x_wconf 91' lang='lat' dir='ltr'><strong>erant</strong></span> <span class='ocrx_word' id='word_1_852' title='bbox 2709 4726 2759 4781; x_wconf 93' lang='lat' dir='ltr'><strong>ei</strong></span> <span class='ocrx_word' id='word_1_853' title='bbox 2789 4741 2918 4781; x_wconf 90' lang='lat' dir='ltr'><strong>vasa</strong></span> <span class='ocrx_word' id='word_1_854' title='bbox 2941 4724 3231 4781; x_wconf 89' lang='lat' dir='ltr'><strong>deletionis</strong></span> <span class='ocrx_word' id='word_1_855' title='bbox 3269 4724 3323 4778; x_wconf 92' lang='lat' dir='ltr'><strong>in</strong></span> <span class='ocrx_word' id='word_1_856' title='bbox 3364 4737 3528 4777; x_wconf 89' lang='lat' dir='ltr'><strong>manu</strong></span> <span class='ocrx_word' id='word_1_857' title='bbox 3572 4736 3697 4775; x_wconf 89' lang='lat' dir='ltr'><strong>sua.</strong></span> 
     </span>
    </p>
   </div>
   <div class='ocr_carea' id='block_1_101' title="bbox 2109 4814 3699 4887">
    <p class='ocr_par' dir='ltr' id='par_1_101' title="bbox 2109 4814 3699 4887">
     <span class='ocr_line' id='line_1_101' title="bbox 2109 4814 3699 4887; baseline -0.004 -13"><span class='ocrx_word' id='word_1_858' title='bbox 2109 4820 2165 4879; x_wconf 74' lang='lat'><strong>2.</strong></span> <span class='ocrx_word' id='word_1_859' title='bbox 2187 4822 2254 4876; x_wconf 86' lang='lat' dir='ltr'><strong>Et</strong></span> <span class='ocrx_word' id='word_1_860' title='bbox 2281 4835 2407 4874; x_wconf 92' lang='lat' dir='ltr'><strong>ecce</strong></span> <span class='ocrx_word' id='word_1_861' title='bbox 2432 4835 2527 4873; x_wconf 86' lang='lat' dir='ltr'><strong>sex</strong></span> <span class='ocrx_word' id='word_1_862' title='bbox 2558 4819 2660 4873; x_wconf 87' lang='lat' dir='ltr'><strong>viri</strong></span> <span class='ocrx_word' id='word_1_863' title='bbox 2694 4818 2982 4873; x_wconf 90' lang='lat' dir='ltr'><strong>veniebant</strong></span> <span class='ocrx_word' id='word_1_864' title='bbox 3010 4834 3079 4873; x_wconf 88' lang='lat' dir='ltr'><strong>ex</strong></span> <span class='ocrx_word' id='word_1_865' title='bbox 3111 4818 3199 4871; x_wconf 89' lang='lat' dir='ltr'><strong>via</strong></span> <span class='ocrx_word' id='word_1_866' title='bbox 3226 4826 3397 4887; x_wconf 67' lang='lat' dir='ltr'><strong>portae</strong></span> <span class='ocrx_word' id='word_1_867' title='bbox 3437 4814 3699 4881; x_wconf 63' lang='lat' dir='ltr'><strong>excelsae,</strong></span> 
     </span>
    </p>
   </div>
   <div class='ocr_carea' id='block_1_102' title="bbox 2112 4907 3705 4987">
    <p class='ocr_par' dir='ltr' id='par_1_102' title="bbox 2112 4907 3705 4987">
     <span class='ocr_line' id='line_1_102' title="bbox 2112 4907 3705 4987; baseline -0.009 -16"><span class='ocrx_word' id='word_1_868' title='bbox 2112 4930 2237 4987; x_wconf 62' lang='lat' dir='ltr'><strong>quae</strong></span> <span class='ocrx_word' id='word_1_869' title='bbox 2269 4912 2494 4983; x_wconf 90' lang='lat' dir='ltr'><strong>respicit</strong></span> <span class='ocrx_word' id='word_1_870' title='bbox 2519 4910 2585 4965; x_wconf 93' lang='lat' dir='ltr'><strong>ad</strong></span> <span class='ocrx_word' id='word_1_871' title='bbox 2614 4910 2953 4981; x_wconf 89' lang='lat' dir='ltr'><strong>aquilonem,</strong></span> <span class='ocrx_word' id='word_1_872' title='bbox 2984 4919 3039 4966; x_wconf 88' lang='lat' dir='ltr'><strong>et</strong></span> <span class='ocrx_word' id='word_1_873' title='bbox 3068 4907 3505 4978; x_wconf 89' lang='lat' dir='ltr'><strong>uniuscujusque</strong></span> <span class='ocrx_word' id='word_1_874' title='bbox 3537 4921 3705 4961; x_wconf 83' lang='lat' dir='ltr'><strong>secu—</strong></span> 
     </span>
    </p>
   </div>
   <div class='ocr_carea' id='block_1_103' title="bbox 2113 5001 3705 5064">
    <p class='ocr_par' dir='ltr' id='par_1_103' title="bbox 2113 5001 3705 5064">
     <span class='ocr_line' id='line_1_103' title="bbox 2113 5001 3705 5064; baseline -0.007 -1"><span class='ocrx_word' id='word_1_875' title='bbox 2113 5009 2193 5063; x_wconf 92' lang='lat' dir='ltr'><strong>ris</strong></span> <span class='ocrx_word' id='word_1_876' title='bbox 2228 5008 2280 5062; x_wconf 93' lang='lat' dir='ltr'><strong>in</strong></span> <span class='ocrx_word' id='word_1_877' title='bbox 2315 5020 2483 5060; x_wconf 91' lang='lat' dir='ltr'><strong>manu</strong></span> <span class='ocrx_word' id='word_1_878' title='bbox 2535 5018 2636 5058; x_wconf 89' lang='lat' dir='ltr'><strong>sua</strong></span> <span class='ocrx_word' id='word_1_879' title='bbox 2670 5012 2764 5059; x_wconf 89' lang='lat' dir='ltr'><strong>:et</strong></span> <span class='ocrx_word' id='word_1_880' title='bbox 2798 5004 2879 5059; x_wconf 91' lang='lat' dir='ltr'><strong>vir</strong></span> <span class='ocrx_word' id='word_1_881' title='bbox 2909 5019 3053 5058; x_wconf 83' lang='lat' dir='ltr'><strong>unus</strong></span> <span class='ocrx_word' id='word_1_882' title='bbox 3090 5004 3145 5057; x_wconf 90' lang='lat' dir='ltr'><strong>in</strong></span> <span class='ocrx_word' id='word_1_883' title='bbox 3172 5001 3349 5056; x_wconf 88' lang='lat' dir='ltr'><strong>medio</strong></span> <span class='ocrx_word' id='word_1_884' title='bbox 3371 5014 3589 5064; x_wconf 87' lang='lat' dir='ltr'><strong>eorum,</strong></span> <span class='ocrx_word' id='word_1_885' title='bbox 3642 5006 3705 5052; x_wconf 86' lang='lat' dir='ltr'><strong>et</strong></span> 
     </span>
    </p>
   </div>
   <div class='ocr_carea' id='block_1_104' title="bbox 487 5152 1995 5240">
    <p class='ocr_par' dir='ltr' id='par_1_104' title="bbox 487 5152 1991 5240">
     <span class='ocr_line' id='line_1_104' title="bbox 487 5152 1991 5240; baseline 0.009 -34"><span class='ocrx_word' id='word_1_886' title='bbox 487 5152 552 5239; x_wconf 70' lang='grc' dir='ltr'><strong>μ)</strong></span> <span class='ocrx_word' id='word_1_887' title='bbox 593 5152 757 5237; x_wconf 58' lang='grc' dir='ltr'><strong>8.,ρι</strong></span> <span class='ocrx_word' id='word_1_888' title='bbox 777 5156 869 5240; x_wconf 77' lang='lat' dir='ltr'><strong>qui</strong></span> <span class='ocrx_word' id='word_1_889' title='bbox 903 5155 1151 5240; x_wconf 54' lang='lat' dir='ltr'><strong>fugerint</strong></span> <span class='ocrx_word' id='word_1_890' title='bbox 1184 5172 1249 5213; x_wconf 88' lang='lat' dir='ltr'><strong>ex</strong></span> <span class='ocrx_word' id='word_1_891' title='bbox 1279 5157 1381 5240; x_wconf 67' lang='lat' dir='ltr'><strong>eis.</strong></span> <span class='ocrx_word' id='word_1_892' title='bbox 1414 5160 1635 5240; x_wconf 74' lang='lat' dir='ltr'><strong>(m)_S.,</strong></span> <span class='ocrx_word' id='word_1_893' title='bbox 1677 5163 1951 5240; x_wconf 72' lang='lat' dir='ltr'><strong>homines,</strong></span> <span class='ocrx_word' id='word_1_894' title='bbox 1984 5236 1991 5240; x_wconf 22' lang='grc' dir='ltr'><strong><em>Δ</em></strong></span> 
     </span>
    </p>
   </div>
   <div class='ocr_carea' id='block_1_105' title="bbox 2102 5152 3702 5240">
    <p class='ocr_par' dir='ltr' id='par_1_105' title="bbox 2102 5154 3702 5240">
     <span class='ocr_line' id='line_1_105' title="bbox 2102 5154 3702 5240; baseline -0.004 -21"><span class='ocrx_word' id='word_1_895' title='bbox 2102 5214 2122 5240; x_wconf 25' lang='lat'><strong>._</strong></span> <span class='ocrx_word' id='word_1_896' title='bbox 2155 5162 2510 5240; x_wconf 79' lang='lat' dir='ltr'><strong>fugerint_ex</strong></span> <span class='ocrx_word' id='word_1_897' title='bbox 2558 5162 2668 5240; x_wconf 86' lang='lat' dir='ltr'><strong>eis._</strong></span> <span class='ocrx_word' id='word_1_898' title='bbox 2737 5159 2817 5240; x_wconf 66' lang='lat' dir='ltr'><strong>(rt)</strong></span> <span class='ocrx_word' id='word_1_899' title='bbox 2863 5158 3267 5240; x_wconf 71' lang='lat' dir='ltr'><strong>§.,et_omn_ia</strong></span> <span class='ocrx_word' id='word_1_900' title='bbox 3321 5172 3495 5240; x_wconf 78' lang='lat' dir='ltr'><strong>genua</strong></span> <span class='ocrx_word' id='word_1_901' title='bbox 3524 5154 3702 5213; x_wconf 88' lang='lat' dir='ltr'><strong>fluent</strong></span> 
     </span>
    </p>
   </div>
   <div class='ocr_carea' id='block_1_106' title="bbox 431 5221 888 5294">
    <p class='ocr_par' dir='ltr' id='par_1_106' title="bbox 431 5221 888 5294">
     <span class='ocr_line' id='line_1_106' title="bbox 431 5221 888 5294; baseline 0.009 -17"><span class='ocrx_word' id='word_1_902' title='bbox 431 5221 642 5294; x_wconf 65' lang='lat' dir='ltr'><strong>[Graece</strong></span> <span class='ocrx_word' id='word_1_903' title='bbox 685 5226 737 5281; x_wconf 91' lang='lat' dir='ltr'><strong>in</strong></span> <span class='ocrx_word' id='word_1_904' title='bbox 769 5221 888 5281; x_wconf 81' lang='lat' dir='ltr'><strong>cod.</strong></span> 
     </span>
    </p>
   </div>
   <div class='ocr_carea' id='block_1_107' title="bbox 1001 5227 1995 5307">
    <p class='ocr_par' dir='ltr' id='par_1_107' title="bbox 1001 5227 1992 5305">
     <span class='ocr_line' id='line_1_107' title="bbox 1001 5227 1992 5305; baseline 0.008 -24"><span class='ocrx_word' id='word_1_905' title='bbox 1001 5268 1015 5281; x_wconf 97' lang='lat'><strong>.</strong></span> <span class='ocrx_word' id='word_1_906' title='bbox 1061 5229 1245 5297; x_wconf 80' lang='grc' dir='ltr'><strong>ρεύσει</strong></span> <span class='ocrx_word' id='word_1_907' title='bbox 1280 5227 1468 5284; x_wconf 70' lang='grc' dir='ltr'><strong>ὕδατά.</strong></span> <span class='ocrx_word' id='word_1_908' title='bbox 1493 5227 1739 5305; x_wconf 60' lang='lat' dir='ltr'><strong>Damm]</strong></span> <span class='ocrx_word' id='word_1_909' title='bbox 1765 5249 1943 5304; x_wconf 64' lang='lat' dir='ltr'><strong>aquae.</strong></span> <span class='ocrx_word' id='word_1_910' title='bbox 1976 5236 1992 5298; x_wconf 91' lang='lat'><strong>(</strong></span> 
     </span>
    </p>
   </div>
   <div class='ocr_carea' id='block_1_108' title="bbox 2102 5227 3701 5307">
    <p class='ocr_par' dir='ltr' id='par_1_108' title="bbox 2102 5227 3701 5301">
     <span class='ocr_line' id='line_1_108' title="bbox 2102 5227 3701 5301; baseline -0.006 -11"><span class='ocrx_word' id='word_1_911' title='bbox 2102 5234 2165 5299; x_wconf 60' lang='grc' dir='ltr'><strong>ἰ,</strong></span> <span class='ocrx_word' id='word_1_912' title='bbox 2202 5227 2345 5289; x_wconf 63' lang='lat' dir='ltr'><strong>tinus</strong></span> <span class='ocrx_word' id='word_1_913' title='bbox 2378 5234 2547 5288; x_wconf 90' lang='lat' dir='ltr'><strong>siclus</strong></span> <span class='ocrx_word' id='word_1_914' title='bbox 2590 5233 2715 5288; x_wconf 88' lang='lat' dir='ltr'><strong>erit.</strong></span> <span class='ocrx_word' id='word_1_915' title='bbox 2746 5227 2825 5301; x_wconf 67' lang='grc' dir='ltr'><strong>(ρ’)</strong></span> <span class='ocrx_word' id='word_1_916' title='bbox 2856 5229 2940 5298; x_wconf 90' lang='grc'><strong>8.,</strong></span> <span class='ocrx_word' id='word_1_917' title='bbox 2972 5231 3065 5301; x_wconf 93' lang='lat' dir='ltr'><strong>qui</strong></span> <span class='ocrx_word' id='word_1_918' title='bbox 3104 5231 3397 5301; x_wconf 87' lang='lat' dir='ltr'><strong>profanant</strong></span> <span class='ocrx_word' id='word_1_919' title='bbox 3428 5242 3701 5281; x_wconf 82' lang='lat' dir='ltr'><strong>arcanum</strong></span> 
     </span>
    </p>
   </div>
   <div class='ocr_carea' id='block_1_109' title="bbox 415 5300 3703 5400">
    <p class='ocr_par' dir='ltr' id='par_1_109' title="bbox 415 5300 3703 5400">
     <span class='ocr_line' id='line_1_109' title="bbox 415 5300 3703 5400; baseline -0.003 -15"><span class='ocrx_word' id='word_1_920' title='bbox 415 5300 749 5400; x_wconf 55' lang='grc' dir='ltr'><strong>(ΝΠΊΪΨὈΠΒ</strong></span> <span class='ocrx_word' id='word_1_921' title='bbox 780 5337 1040 5400; x_wconf 48' lang='lat' dir='ltr'><strong>arceram</strong></span> <span class='ocrx_word' id='word_1_922' title='bbox 1085 5338 1193 5400; x_wconf 69' lang='lat' dir='ltr'><strong>pro</strong></span> <span class='ocrx_word' id='word_1_923' title='bbox 1219 5308 1545 5400; x_wconf 14' lang='grc' dir='ltr'><strong>κητωηξώί</strong></span> <span class='ocrx_word' id='word_1_924' title='bbox 1567 5300 1854 5398; x_wconf 80' lang='lat' dir='ltr'><strong>legendum</strong></span> <span class='ocrx_word' id='word_1_925' title='bbox 1887 5300 2041 5400; x_wconf 59' lang='lat' dir='ltr'><strong>putei</strong></span> <span class='ocrx_word' id='word_1_926' title='bbox 2073 5343 2274 5400; x_wconf 48' lang='lat' dir='ltr'><strong>meum:</strong></span> <span class='ocrx_word' id='word_1_927' title='bbox 2351 5326 2425 5399; x_wconf 85' lang='lat' dir='ltr'><strong>(q)</strong></span> <span class='ocrx_word' id='word_1_928' title='bbox 2459 5325 2542 5391; x_wconf 82' lang='lat'><strong>8.,</strong></span> <span class='ocrx_word' id='word_1_929' title='bbox 2589 5325 2718 5379; x_wconf 91' lang='lat' dir='ltr'><strong>dum</strong></span> <span class='ocrx_word' id='word_1_930' title='bbox 2769 5325 3141 5400; x_wconf 53' lang='lat' dir='ltr'><strong>irruperunt.“</strong></span> <span class='ocrx_word' id='word_1_931' title='bbox 3184 5322 3256 5392; x_wconf 92' lang='lat' dir='ltr'><strong>(r)</strong></span> <span class='ocrx_word' id='word_1_932' title='bbox 3300 5321 3386 5383; x_wconf 90' lang='lat' dir='ltr'><strong>S.,</strong></span> <span class='ocrx_word' id='word_1_933' title='bbox 3449 5319 3703 5376; x_wconf 79' lang='lat' dir='ltr'><strong>fecerunt</strong></span> 
     </span>
    </p>
   </div>
   <div class='ocr_carea' id='block_1_110' title="bbox 415 5389 968 5462">
    <p class='ocr_par' dir='ltr' id='par_1_110' title="bbox 415 5389 968 5462">
     <span class='ocr_line' id='line_1_110' title="bbox 415 5389 968 5462; baseline 0.009 -21"><span class='ocrx_word' id='word_1_934' title='bbox 415 5389 701 5462; x_wconf 65' lang='lat' dir='ltr'><strong>paxillutu.</strong></span> <span class='ocrx_word' id='word_1_935' title='bbox 785 5392 853 5462; x_wconf 70' lang='grc' dir='ltr'><strong>(ε)</strong></span> <span class='ocrx_word' id='word_1_936' title='bbox 887 5392 968 5447; x_wconf 84' lang='lat' dir='ltr'><strong>Ex</strong></span> 
     </span>
    </p>
   </div>
   <div class='ocr_carea' id='block_1_111' title="bbox 1051 5392 3699 5467">
    <p class='ocr_par' dir='ltr' id='par_1_111' title="bbox 1051 5392 3699 5467">
     <span class='ocr_line' id='line_1_111' title="bbox 1051 5392 3699 5467; baseline -0.002 -21"><span class='ocrx_word' id='word_1_937' title='bbox 1051 5392 1248 5467; x_wconf 69' lang='lat' dir='ltr'><strong>epulis.</strong></span> <span class='ocrx_word' id='word_1_938' title='bbox 1315 5397 1383 5467; x_wconf 80' lang='grc' dir='ltr'><strong>(ε)</strong></span> <span class='ocrx_word' id='word_1_939' title='bbox 1416 5396 1500 5459; x_wconf 82' lang='grc'><strong>8.,</strong></span> <span class='ocrx_word' id='word_1_940' title='bbox 1535 5392 2051 5455; x_wconf 65' lang='grc' dir='ltr'><strong>ἰιινέτθρυιιάότυηὶ.</strong></span> <span class='ocrx_word' id='word_1_941' title='bbox 2118 5400 2197 5466; x_wconf 83' lang='lat' dir='ltr'><strong>(u)</strong></span> <span class='ocrx_word' id='word_1_942' title='bbox 2232 5397 2317 5460; x_wconf 88' lang='grc'><strong>8.,</strong></span> <span class='ocrx_word' id='word_1_943' title='bbox 2348 5392 2470 5452; x_wconf 78' lang='lat' dir='ltr'><strong>cum</strong></span> <span class='ocrx_word' id='word_1_944' title='bbox 2510 5410 2716 5451; x_wconf 69' lang='lat' dir='ltr'><strong>mmror</strong></span> <span class='ocrx_word' id='word_1_945' title='bbox 2736 5392 2906 5467; x_wconf 65' lang='lat' dir='ltr'><strong>venit.</strong></span> <span class='ocrx_word' id='word_1_946' title='bbox 2976 5397 3055 5461; x_wconf 67' lang='lat' dir='ltr'><strong>(ac)</strong></span> <span class='ocrx_word' id='word_1_947' title='bbox 3102 5392 3168 5445; x_wconf 80' lang='lat' dir='ltr'><strong>Et</strong></span> <span class='ocrx_word' id='word_1_948' title='bbox 3236 5406 3449 5467; x_wconf 71' lang='lat' dir='ltr'><strong>quaeres</strong></span> <span class='ocrx_word' id='word_1_949' title='bbox 3481 5405 3699 5467; x_wconf 72' lang='lat' dir='ltr'><strong>pacein.</strong></span> 
     </span>
    </p>
   </div>
   <div class='ocr_carea' id='block_1_112' title="bbox 416 5457 3700 5546">
    <p class='ocr_par' dir='ltr' id='par_1_112' title="bbox 416 5457 3700 5546">
     <span class='ocr_line' id='line_1_112' title="bbox 416 5457 3700 5546; baseline 0.001 -34"><span class='ocrx_word' id='word_1_950' title='bbox 416 5458 495 5546; x_wconf 51' lang='grc' dir='ltr'><strong>εξ)</strong></span> <span class='ocrx_word' id='word_1_951' title='bbox 526 5457 621 5546; x_wconf 55' lang='lat'><strong>08.,</strong></span> <span class='ocrx_word' id='word_1_952' title='bbox 656 5457 970 5546; x_wconf 71' lang='lat' dir='ltr'><strong>mtevorem.</strong></span> <span class='ocrx_word' id='word_1_953' title='bbox 1003 5457 1280 5546; x_wconf 58' lang='lat' dir='ltr'><strong>(z)&#39;S.,_et</strong></span> <span class='ocrx_word' id='word_1_954' title='bbox 1313 5457 1376 5520; x_wconf 78' lang='lat' dir='ltr'><strong>in</strong></span> <span class='ocrx_word' id='word_1_955' title='bbox 1398 5457 1619 5536; x_wconf 86' lang='lat' dir='ltr'><strong>judiciis</strong></span> <span class='ocrx_word' id='word_1_956' title='bbox 1646 5484 1835 5546; x_wconf 78' lang='lat' dir='ltr'><strong>eorum</strong></span> <span class='ocrx_word' id='word_1_957' title='bbox 1862 5457 2268 5546; x_wconf 40' lang='lat' dir='ltr'><strong>judicabo‘e&#39;os.</strong></span> <span class='ocrx_word' id='word_1_958' title='bbox 2297 5457 2510 5546; x_wconf 44' lang='grc' dir='ltr'><strong>κιρ-8.,</strong></span> <span class='ocrx_word' id='word_1_959' title='bbox 2541 5483 2628 5532; x_wconf 90' lang='lat' dir='ltr'><strong>eo,</strong></span> <span class='ocrx_word' id='word_1_960' title='bbox 2654 5480 2766 5536; x_wconf 93' lang='lat' dir='ltr'><strong>quo</strong></span> <span class='ocrx_word' id='word_1_961' title='bbox 2792 5464 2935 5546; x_wconf 70' lang='lat' dir='ltr'><strong>fixus</strong></span> <span class='ocrx_word' id='word_1_962' title='bbox 2954 5457 3082 5546; x_wconf 68' lang='lat' dir='ltr'><strong>erat</strong></span> <span class='ocrx_word' id='word_1_963' title='bbox 3101 5457 3267 5546; x_wconf 67' lang='lat' dir='ltr'><strong>typus</strong></span> <span class='ocrx_word' id='word_1_964' title='bbox 3309 5457 3700 5546; x_wconf 34' lang='lat' dir='ltr'><strong>zelinzelotyp‘i.</strong></span> 
     </span>
    </p>
   </div>
   <div class='ocr_carea' id='block_1_113' title="bbox 416 5526 3705 5611">
    <p class='ocr_par' dir='ltr' id='par_1_113' title="bbox 416 5526 3705 5611">
     <span class='ocr_line' id='line_1_113' title="bbox 416 5526 3705 5611; baseline 0.006 -30"><span class='ocrx_word' id='word_1_965' title='bbox 416 5531 492 5607; x_wconf 60' lang='grc' dir='ltr'><strong>(ιζ)</strong></span> <span class='ocrx_word' id='word_1_966' title='bbox 514 5526 602 5611; x_wconf 80' lang='lat' dir='ltr'><strong>_S.,</strong></span> <span class='ocrx_word' id='word_1_967' title='bbox 623 5531 691 5583; x_wconf 85' lang='lat' dir='ltr'><strong>ab</strong></span> <span class='ocrx_word' id='word_1_968' title='bbox 719 5548 782 5611; x_wconf 79' lang='lat' dir='ltr'><strong>ea</strong></span> <span class='ocrx_word' id='word_1_969' title='bbox 804 5547 931 5611; x_wconf 54' lang='lat' dir='ltr'><strong>qnuze</strong></span> <span class='ocrx_word' id='word_1_970' title='bbox 955 5526 1147 5589; x_wconf 76' lang='lat' dir='ltr'><strong>versus</strong></span> <span class='ocrx_word' id='word_1_971' title='bbox 1174 5526 1367 5611; x_wconf 83' lang='lat' dir='ltr'><strong>altare,</strong></span> <span class='ocrx_word' id='word_1_972' title='bbox 1398 5526 1565 5611; x_wconf 63' lang='lat' dir='ltr'><strong>typus</strong></span> <span class='ocrx_word' id='word_1_973' title='bbox 1596 5540 1731 5611; x_wconf 77' lang='lat' dir='ltr'><strong>zeli,</strong></span> <span class='ocrx_word' id='word_1_974' title='bbox 1752 5540 1841 5611; x_wconf 75' lang='lat' dir='ltr'><strong>hic</strong></span> <span class='ocrx_word' id='word_1_975' title='bbox 1862 5526 1930 5594; x_wconf 58' lang='lat' dir='ltr'><strong>&#39;in</strong></span> <span class='ocrx_word' id='word_1_976' title='bbox 1961 5540 2209 5611; x_wconf 69' lang='lat' dir='ltr'><strong>introitu.</strong></span> <span class='ocrx_word' id='word_1_977' title='bbox 2239 5526 2330 5611; x_wconf 67' lang='lat' dir='ltr'><strong>(ei</strong></span> <span class='ocrx_word' id='word_1_978' title='bbox 2355 5526 2507 5607; x_wconf 67' lang='lat' dir='ltr'><strong>Ejus,</strong></span> <span class='ocrx_word' id='word_1_979' title='bbox 2535 5526 2929 5611; x_wconf 50' lang='lat' dir='ltr'><strong>quae-respicit</strong></span> <span class='ocrx_word' id='word_1_980' title='bbox 2954 5536 3007 5611; x_wconf 81' lang='lat' dir='ltr'><strong>in</strong></span> <span class='ocrx_word' id='word_1_981' title='bbox 3031 5526 3319 5611; x_wconf 78' lang='lat' dir='ltr'><strong>orientem.</strong></span> <span class='ocrx_word' id='word_1_982' title='bbox 3568 5526 3705 5611; x_wconf 55' lang='grc' dir='ltr'><strong>έῄιε</strong></span> 
     </span>
    </p>
   </div>
   <div class='ocr_carea' id='block_1_114' title="bbox 456 5597 3699 5686">
    <p class='ocr_par' dir='ltr' id='par_1_114' title="bbox 456 5597 3699 5686">
     <span class='ocr_line' id='line_1_114' title="bbox 456 5597 3699 5686; baseline 0.002 -33"><span class='ocrx_word' id='word_1_983' title='bbox 456 5597 685 5686; x_wconf 48' lang='lat' dir='ltr'><strong>ict‘t‘iras.</strong></span> <span class='ocrx_word' id='word_1_984' title='bbox 721 5601 790 5670; x_wconf 87' lang='lat' dir='ltr'><strong>(e)</strong></span> <span class='ocrx_word' id='word_1_985' title='bbox 819 5597 971 5686; x_wconf 81' lang='grc' dir='ltr'><strong>8.,ἱη</strong></span> <span class='ocrx_word' id='word_1_986' title='bbox 993 5597 1380 5686; x_wconf 74' lang='lat' dir='ltr'><strong>porta_domus</strong></span> <span class='ocrx_word' id='word_1_987' title='bbox 1415 5597 1650 5663; x_wconf 76' lang='lat' dir='ltr'><strong>Domini.</strong></span> <span class='ocrx_word' id='word_1_988' title='bbox 1683 5597 1755 5686; x_wconf 61' lang='lat' dir='ltr'><strong>(fi</strong></span> <span class='ocrx_word' id='word_1_989' title='bbox 1776 5608 1861 5673; x_wconf 91' lang='lat' dir='ltr'><strong>S.,</strong></span> <span class='ocrx_word' id='word_1_990' title='bbox 1896 5612 2035 5665; x_wconf 90' lang='lat' dir='ltr'><strong>inter</strong></span> <span class='ocrx_word' id='word_1_991' title='bbox 2059 5597 2473 5686; x_wconf 49' lang='lat' dir='ltr'><strong>vestibulum-et</strong></span> <span class='ocrx_word' id='word_1_992' title='bbox 2496 5597 2692 5663; x_wconf 77' lang='lat' dir='ltr'><strong>altare.</strong></span> <span class='ocrx_word' id='word_1_993' title='bbox 2723 5597 2902 5686; x_wconf 57' lang='lat' dir='ltr'><strong>(g):§.,</strong></span> <span class='ocrx_word' id='word_1_994' title='bbox 2933 5607 2999 5686; x_wconf 68' lang='lat' dir='ltr'><strong>ad</strong></span> <span class='ocrx_word' id='word_1_995' title='bbox 3022 5606 3310 5686; x_wconf 78' lang='lat' dir='ltr'><strong>orientem.</strong></span> <span class='ocrx_word' id='word_1_996' title='bbox 3345 5597 3423 5671; x_wconf 71' lang='lat' dir='ltr'><strong>fit)</strong></span> <span class='ocrx_word' id='word_1_997' title='bbox 3448 5600 3699 5686; x_wconf 60' lang='lat' dir='ltr'><strong>lsraelis:</strong></span> 
     </span>
    </p>
   </div>
   <div class='ocr_carea' id='block_1_115' title="bbox 442 5667 3700 5758">
    <p class='ocr_par' dir='ltr' id='par_1_115' title="bbox 442 5667 3700 5758">
     <span class='ocr_line' id='line_1_115' title="bbox 442 5667 3700 5758; baseline 0.004 -40"><span class='ocrx_word' id='word_1_998' title='bbox 442 5668 482 5749; x_wconf 44' lang='grc' dir='ltr'><strong>ἱ.)</strong></span> <span class='ocrx_word' id='word_1_999' title='bbox 508 5667 685 5758; x_wconf 36' lang='lat' dir='ltr'><strong>§.,.,et</strong></span> <span class='ocrx_word' id='word_1_1000' title='bbox 729 5667 1091 5758; x_wconf 50' lang='lat' dir='ltr'><strong>suiit,.qdasi</strong></span> <span class='ocrx_word' id='word_1_1001' title='bbox 1117 5677 1453 5758; x_wconf 77' lang='lat' dir='ltr'><strong>dimittentes</strong></span> <span class='ocrx_word' id='word_1_1002' title='bbox 1483 5667 1858 5735; x_wconf 50' lang='lat' dir='ltr'><strong>sonum&#39;s&#39;icut&#39;</strong></span> <span class='ocrx_word' id='word_1_1003' title='bbox 1884 5689 2106 5758; x_wconf 77' lang='lat' dir='ltr'><strong>cantum</strong></span> <span class='ocrx_word' id='word_1_1004' title='bbox 2134 5680 2193 5758; x_wconf 79' lang='lat' dir='ltr'><strong>in</strong></span> <span class='ocrx_word' id='word_1_1005' title='bbox 2236 5680 2466 5758; x_wconf 80' lang='lat' dir='ltr'><strong>naribus</strong></span> <span class='ocrx_word' id='word_1_1006' title='bbox 2510 5667 2898 5758; x_wconf 31' lang='lat' dir='ltr'><strong>eorum.:&quot;&#39;(k)—</strong></span> <span class='ocrx_word' id='word_1_1007' title='bbox 2928 5676 3012 5743; x_wconf 90' lang='grc'><strong>8.,</strong></span> <span class='ocrx_word' id='word_1_1008' title='bbox 3067 5667 3574 5747; x_wconf 85' lang='lat' dir='ltr'><strong>appropinquarunt</strong></span> <span class='ocrx_word' id='word_1_1009' title='bbox 3628 5674 3700 5730; x_wconf 87' lang='lat' dir='ltr'><strong>ad</strong></span> 
     </span>
    </p>
   </div>
   <div class='ocr_carea' id='block_1_116' title="bbox 418 5744 2894 5822">
    <p class='ocr_par' dir='ltr' id='par_1_116' title="bbox 418 5744 2894 5822">
     <span class='ocr_line' id='line_1_116' title="bbox 418 5744 2894 5822; baseline 0.004 -30"><span class='ocrx_word' id='word_1_1010' title='bbox 418 5744 787 5798; x_wconf 84' lang='lat' dir='ltr'><strong>visitationem</strong></span> <span class='ocrx_word' id='word_1_1011' title='bbox 832 5744 1009 5812; x_wconf 85' lang='lat' dir='ltr'><strong>urbis,</strong></span> <span class='ocrx_word' id='word_1_1012' title='bbox 1043 5756 1097 5803; x_wconf 89' lang='lat' dir='ltr'><strong>et</strong></span> <span class='ocrx_word' id='word_1_1013' title='bbox 1140 5751 1520 5821; x_wconf 82' lang='lat' dir='ltr'><strong>unusquisque</strong></span> <span class='ocrx_word' id='word_1_1014' title='bbox 1546 5766 1642 5807; x_wconf 87' lang='lat' dir='ltr'><strong>vas</strong></span> <span class='ocrx_word' id='word_1_1015' title='bbox 1672 5750 2040 5822; x_wconf 86' lang='lat' dir='ltr'><strong>corruptionis</strong></span> <span class='ocrx_word' id='word_1_1016' title='bbox 2067 5750 2191 5817; x_wconf 90' lang='lat' dir='ltr'><strong>erit,</strong></span> <span class='ocrx_word' id='word_1_1017' title='bbox 2221 5759 2305 5805; x_wconf 86' lang='lat' dir='ltr'><strong>est</strong></span> <span class='ocrx_word' id='word_1_1018' title='bbox 2336 5749 2385 5806; x_wconf 88' lang='lat' dir='ltr'><strong>ei</strong></span> <span class='ocrx_word' id='word_1_1019' title='bbox 2408 5750 2463 5805; x_wconf 91' lang='lat' dir='ltr'><strong>in</strong></span> <span class='ocrx_word' id='word_1_1020' title='bbox 2501 5764 2666 5804; x_wconf 87' lang='lat' dir='ltr'><strong>manu</strong></span> <span class='ocrx_word' id='word_1_1021' title='bbox 2696 5744 2857 5819; x_wconf 35' lang='lat' dir='ltr'><strong>ejus.’</strong></span> <span class='ocrx_word' id='word_1_1022' title='bbox 2882 5767 2894 5781; x_wconf 68' lang='grc' dir='ltr'><em>ν</em></span> 
     </span>
    </p>
   </div>
  </div>
