3864 6220
196 248 333 307 27οΙ

1487 247 1899 319 ιιειεοιειιε
1936 252 2169 311 CAPUT
2206 255 2298 313 Il.

3335 254 3481 310 2702

203 366 431 423 indutus
459 364 521 438 (ι)
574 364 800 436 pedere,
839 374 895 419 et
951 379 1089 421 zona
1114 365 1328 438 saphiri
1389 383 1555 439 super
1600 366 1786 423 lumbo
1814 366 1859 424 Δ
1892 367 1978 422 nis
2011 369 2202 425 subter
2230 370 2347 425 alas
2376 384 2593 426 eorum.
2627 372 2682 428 9.
2717 371 2783 425 Et
2818 368 2949 434 vidi,
2994 376 3050 425 et
3076 382 3203 424 ecce
3239 375 3479 437 quatuor

201 459 323 526 ejus
358 476 371 512 :
403 467 457 513 et
498 458 733 528 ingressi
767 471 918 525 sunt,
954 467 1009 513 et
1048 467 1318 514 steterunt
1341 458 1499 529 juxta
1524 475 1585 515 -r-
1617 460 1790 514 altare

208 552 231 619 1
269 553 416 607 aeris.
448 553 505 608 5.
537 551 603 606 Et
637 552 809 623 gloria
851 550 945 606 Dei
993 551 1209 609 lsraelis
1246 553 1530 610 descendit
1559 554 1628 609 de
1655 553 1791 609 Che-

208 645 411 710 rubim,
444 658 564 713 qua:
593 653 709 699 erat
733 658 896 714 super
920 645 1019 711 eis,
1056 644 1110 700 in
1144 646 1307 701 limen
1335 647 1533 702 domus
1568 663 1583 701 :
1609 655 1663 700 et
1695 660 1793 701 vo-

206 735 350 788 cavit
382 735 561 789 virum
592 736 843 791 indutum
884 736 1107 806 podere,
1143 738 1231 793 cui
1270 747 1388 794 erat
1417 754 1582 810 super
1604 739 1793 794 lumbo

207 828 329 896 ejus
353 843 513 883 zona.
539 829 594 883 4.
630 827 698 883 Ει
728 828 871 884 dixit
899 829 1168 887 Dominus
1198 832 1265 887 ad
1296 848 1421 887 eum
1451 851 1465 888 :
1495 831 1694 886 Transi
1724 834 1790 899 3K

210 937 307 989 per
332 921 566 975 mediam
602 922 790 977 urbem
836 923 1072 979 mediam
1115 926 1138 995 1
1186 923 1514 991 Jerusalem,
1546 934 1601 978 et
1629 926 1694 979 da
1720 925 1795 979 si-

211 1030 377 1082 gnum
408 1029 571 1083 super
602 1012 813 1069 frontes
839 1015 1083 1069 virorum
1115 1016 1470 1086 gementium,
1504 1025 1559 1071 et
1583 1015 1796 1070 lamen-

211 1105 445 1160 tantium
476 1122 641 1175 super
671 1107 928 1163 omnibus
961 1108 1366 1175 iniquitatibus,
1410 1123 1532 1179 quae
1574 1109 1709 1163 fiunt
1739 1108 1794 1164 in

213 1198 394 1252 medio
419 1197 515 1269 (ιη)
557 1214 775 1254 eorum.
815 1200 867 1254 5.
920 1201 987 1255 Et
1020 1200 1130 1256 illis
1171 1200 1326 1267 dixit,
1360 1201 1616 1256 audiente
1665 1217 1792 1256 me:

211 1290 289 1345 Ite
338 1290 394 1345 in
427 1291 616 1346 urbem
651 1300 775 1362 post
822 1307 970 1358 eum,
1027 1301 1082 1347 et
1134 1294 1425 1363 percutite,
1460 1310 1527 1348 ne
1561 1294 1797 1364 parcatis

211 1382 390 1439 oculis
437 1383 657 1449 vestris,
707 1399 808 1439 nec
836 1385 1214 1440 misereamiui
1256 1385 1310 1440 6.
1348 1386 1605 1451 senioris,
1637 1386 1799 1440 etin-

212 1475 403 1539 famis,
428 1485 484 1531 et
508 1475 735 1547 virginis
766 1495 780 1531 :
809 1485 864 1531 et
890 1478 1168 1548 parvulos,
1201 1487 1258 1532 et
1285 1479 1541 1533 mulieres
1567 1477 1799 1533 occidite

212 1571 268 1622 tu
310 1568 775 1635 internecionem;
811 1570 1071 1626 omnibus
1110 1585 1262 1636 vero,
1295 1585 1456 1641 super
1485 1571 1686 1643 quibus
1717 1580 1801 1627 est

210 1661 454 1730 signum,
490 1676 559 1717 ne
589 1662 1064 1733 appropinquetis,
1095 1671 1151 1718 et
1178 1679 1209 1719 a
1252 1662 1460 1719 sanctis
1492 1664 1627 1719 meis
1663 1663 1791 1718 inci-

1896 469 2032 513 rota:
2061 460 2280 515 stabant
2304 478 2334 516 a
2366 462 2537 519 latere
2569 461 2868 518 Cherubim
2904 471 2919 515 ξ
2949 471 3068 516 rota
3096 474 3218 514 ‘una
3248 475 3278 513 a
3311 458 3482 513 latere

1896 548 2116 607 Cherub
2149 553 2335 620 unius,
2368 557 2436 624 χ
2461 565 2516 611 et
2539 566 2656 610 rota
2686 570 2793 610 una
2828 571 2858 609 a
2882 555 3052 609 latere
3081 554 3300 610 Cherub
3320 553 3484 607 unius

1903 642 1926 711 1
1961 661 1975 698 :
2003 655 2055 698 et
2079 644 2370 715 adspectus
2398 656 2646 702 rotarum
2675 648 2830 718 quasi
2859 647 3149 716 adspectus
3185 645 3386 717 lapidis
3406 642 3481 715 (ο)

1899 736 2243 792 carbunculi.
2278 738 2362 795 10.
2393 740 2453 794 Et
2499 740 2792 809 adspectus
2820 754 3008 795 earum
3049 738 3349 794 similitudo
3376 752 3482 790 una

1899 838 2137 897 quatuor
2170 830 2324 900 ipsis,
2362 832 2825 901 quemadmodum
2876 847 2997 888 curn
3036 830 3202 886 fuerit
3244 842 3360 885 rota
3428 829 3482 883 iu

1902 919 2082 974 medio
2109 932 2260 976 rotae.
2298 922 2382 975 ll.
2417 925 2549 979 Cum
2585 923 2746 990 irent,
2792 924 2845 977 iu
2877 931 3117 994 quatuor
3143 933 3325 994 partes
3355 938 3484 978 suas

1901 1010 2074 1071 ibant,
2112 1028 2221 1065 non
2254 1018 2687 1080 revertebantur,
2723 1030 2845 1068 cum
2901 1015 3079 1069 irent:
3133 1015 3211 1086 (p)
3263 1014 3392 1084 quia
3427 1013 3482 1067 in

1902 1099 2083 1157 locum
2112 1121 2273 1174 quem
2308 1108 2640 1175 reSpicirbat
2679 1125 2848 1163 unum
2902 1108 3232 1179 principium
3267 1111 3332 1175 >κ
3364 1117 3488 1177 post

1903 1194 2034 1250 illud
2072 1197 2093 1264 1
2125 1198 2295 1265 ibant,
2325 1208 2380 1253 et
2409 1216 2515 1254 non
2547 1202 3026 1267 convertebantur,
3048 1216 3172 1256 cttm
3200 1201 3357 1254 irent.
3394 1198 3481 1254 12.

1905 1286 1974 1353 >κ
2008 1286 2072 1340 Ει
2105 1289 2285 1343 omnis
2310 1304 2438 1343 caro
2473 1306 2661 1345 eorum
2700 1292 2747 1359 1.
2771 1300 2825 1346 et
2858 1293 3019 1346 dorsa
3050 1307 3263 1357 eorum,
3296 1300 3349 1344 et
3371 1305 3491 1345 ma-

1904 1392 2011 1431 nus
2047 1392 2260 1443 eorum,
2285 1388 2340 1433 et
2368 1380 2469 1434 ala:
2504 1396 2718 1446 eorum,
2744 1390 2795 1435 et
2825 1391 2958 1436 rotae
2992 1381 3161 1447 plena
3185 1379 3359 1434 oculis
3393 1394 3492 1450 per

1905 1469 2196 1525 circuitum
2235 1480 2476 1542 quatuor
2523 1473 2657 1529 rotis
2709 1490 2922 1529 eorum.
2976 1474 3066 1527 15.
3100 1472 3254 1528 Rotis
3306 1482 3487 1526 autem

1906 1561 2029 1617 istis
2066 1564 2138 1633 (q)
2173 1563 2489 1621 invocatum
2523 1576 2605 1620 est
2634 1564 2840 1636 Gclgel,
2871 1565 3124 1620 audiente
3148 1580 3255 1619 me.
3298 1564 3381 1618 14.
3422 1566 3491 1633 χ

1906 1653 1973 1709 Ει
2005 1666 2244 1726 quatuor
2273 1656 2443 1713 facies
2482 1659 2573 1712 uni
2610 1677 2624 1713 :
2663 1658 2831 1716 facies
2867 1660 3032 1715 unius
3057 1658 3225 1714 facies
3246 1658 3488 1721 Cherub,

212 1752 373 1821 pile:
433 1762 489 1809 et
520 1731 904 1825 inceperunta
942 1756 1078 1810 viris
1131 1758 1200 1825 χε
1254 1756 1564 1812 senioribus
1596 1757 1644 1826 1,
1704 1758 1796 1826 qui
1828 1731 1955 1804 Bet
1982 1750 2150 1806 facies
2185 1752 2409 1808 secundi
2468 1751 2637 1809 facies
2692 1754 2956 1817 hominis,
3004 1762 3061 1808 et
3106 1752 3272 1808 facies
3327 1753 3490 1807 tertia

210 1852 373 1899 erant
405 1844 554 1901 intus
589 1847 645 1901 in
678 1848 864 1903 domo.
900 1847 954 1902 7.
990 1846 1058 1901 Et
1089 1848 1228 1904 dixit
1252 1848 1317 1903 ad
1355 1863 1451 1903 eos
1476 1866 1490 1903 :
1518 1847 1798 1903 Contami-

213 1946 342 1991 uate
376 1937 623 2005 domum,
655 1946 712 1994 et
744 1940 966 2011 implete
994 1942 1111 1996 vias
1144 1941 1379 1996 mortuis
1405 1950 1690 2007 exeuntes,
1746 1950 1801 1995 et

210 2029 407 2086 caedite
432 2032 497 2099 Χ
554 2040 609 2087 et
652 2034 913 2102 percutite
944 2036 1131 2091 urbem
1184 2035 1232 2104 1.
1260 2036 1313 2090 8.
1356 2034 1425 2089 Et
1458 2034 1663 2092 factum
1693 2044 1797 2101 est,

210 2124 344 2177 dum
377 2135 761 2193 percuterent,
796 2128 865 2196 >κ
916 2129 1140 2183 relictus
1173 2145 1292 2184 sum
1335 2145 1438 2203 ego
1470 2131 1519 2201 1,
1567 2141 1621 2185 et
1665 2130 1803 2185 cado

210 2231 384 2286 super
416 2215 615 2272 faciem
666 2233 871 2285 meam,
901 2228 953 2273 et
992 2221 1244 2289 clamavi,
1277 2230 1331 2277 et
1359 2223 1505 2277 dixi:
1532 2221 1625 2277 Vae
1643 2222 1800 2280 mihi.

172 2348 183 2357 ρ
208 2310 431 2365 Adonai
458 2309 711 2376 Domine,
738 2310 984 2367 delevisti
1012 2322 1067 2367 tu
1096 2314 1348 2370 residuos
1377 2314 1612 2377 lsraelis,
1635 2313 1804 2369 effun-

207 2405 351 2457 dens
405 2400 645 2457 furorem
679 2412 829 2458 tuum
865 2419 1030 2473 super
1081 2403 1428 2461 Jerusalem?
1474 2406 1527 2464 9.
1562 2404 1630 2460 Et
1666 2407 1805 2461 dixit

207 2496 277 2551 ad
313 2511 404 2551 me
441 2513 456 2551 :
490 2496 759 2567 lnjustitia
787 2496 983 2551 domus
1015 2495 1231 2552 lsraelis
1264 2506 1318 2552 et
1359 2496 1513 2553 Judze
1557 2497 1806 2569 magniﬁ-

212 2600 341 2644 cata
371 2599 459 2645 est
486 2590 645 2644 Valde
667 2589 853 2654 valde;
886 2589 1015 2659 quia
1043 2589 1247 2660 repleta
1286 2598 1369 2645 est
1394 2599 1538 2644 terra
1565 2590 1802 2660 pupulis,

207 2693 266 2737 et
301 2683 439 2740 urbs
486 2684 691 2754 repleta
737 2693 823 2740 est
873 2683 1142 2753 iujustitia
1196 2693 1251 2739 et
1280 2684 1647 2750 immunditia,
1675 2686 1806 2755 quia

209 2778 519 2831 dixerunt:
554 2775 861 2846 Dereliquit
888 2776 1154 2832 Dominus
1182 2785 1406 2841 terram,
1441 2793 1539 2831 nec
1588 2778 1808 2847 inspicit

211 2871 487 2926 Dominus
518 2890 532 2927 :
562 2870 646 2926 l0.
682 2885 743 2926 σε·
772 2878 826 2926 et
857 2885 957 2940 ego
973 2886 1092 2924 sum
1121 2886 1358 2941 superne
1388 2872 1437 2941 1,
1464 2886 1575 2925 non
1624 2878 1810 2935 parcet

209 2961 419 3017 oculus
452 2977 625 3026 meus,
660 2975 840 3030 neque
868 2959 1177 3015 miseraber
1210 2977 1223 3013 :
1258 2960 1377 3014 vias
1408 2975 1601 3014 eorum
1631 2959 1686 3013 in
1715 2976 1809 3015 ca-

213 3055 327 3123 pita
356 3068 551 3107 eorum
596 3051 739 3106 dedi.
778 3051 863 3105 11.
896 3048 962 3105 Et
993 3064 1122 3105 ecce
1165 3051 1248 3104 vir
1279 3051 1373 3121 qui
1426 3050 1652 3106 indutus
1692 3058 1811 3104 erat

216 3146 304 3218 (ιι)
330 3145 556 3215 podere,
582 3156 638 3199 et
659 3144 940 3200 accinctus
971 3144 1220 3199 lumbum
1256 3161 1415 3199 suum
1445 3159 1603 3207 zona,
1636 3154 1690 3199 et
1718 3160 1810 3198 re-

214 3237 450 3307 spondit
476 3238 546 3307 χ
576 3236 798 3292 verbum
818 3236 867 3305 1,
903 3235 1095 3293 dicens
1122 3255 1136 3292 :
1166 3236 1315 3303 Feci,
1340 3236 1482 3292 sicut
1503 3236 1808 3307 praecepisti

215 3327 380 3383 mihi.

288 3421 430 3489 Cap.
464 3417 534 3475 Χ.
556 3450 626 3463 --
647 3419 700 3473 l.
744 3417 811 3472 Et
836 3418 968 3485 vidi,
999 3429 1052 3475 ct
1096 3436 1223 3476 ecce
1249 3437 1416 3492 super
1442 3421 1805 3487 firmamento,

216 3512 369 3583 quod
405 3526 572 3580 supra
598 3518 762 3581 caput
784 3510 1101 3577 Cherubim,
1128 3513 1287 3581 quasi
1319 3513 1456 3583 lapis
1490 3516 1716 3584 saphiri,
1742 3519 1809 3585 χ(

217 3604 382 3675 quasi
408 3604 599 3674 visio1
648 3603 950 3659 similitudo
977 3604 1163 3659 throni
1195 3609 1264 3673 Ἀ(
1292 3608 1547 3676 apparuit
1574 3608 1597 3677 1
1645 3623 1811 3678 super

216 3698 325 3753 eis.
355 3695 495 3751 2.Et
522 3696 660 3751 dixit
688 3696 755 3751 ad
779 3697 955 3751 virum
982 3697 1233 3752 indutum
1257 3699 1394 3753 stola
1426 3701 1516 3767 Χ,
1538 3709 1591 3753 et
1624 3699 1700 3753 ait
1734 3699 1756 3767 1
1793 3718 1807 3753 :

218 3790 515 3861 Ingredere
544 3789 859 3844 inmedium
890 3799 1157 3856 rotarum,
1192 3798 1248 3845 et
1272 3789 1466 3847 subtus
1490 3790 1807 3860 Cherubim,

218 3893 275 3938 et
298 3881 469 3953 imple
523 3896 736 3952 pugnos
791 3889 915 3937 tuos
965 3883 1298 3939 carbonibus
1344 3882 1487 3954 ignis
1522 3883 1589 3938 de
1631 3883 1812 3939 medio

216 3974 550 4040 Cherubim,
582 3985 637 4029 et
679 3975 930 4048 disperge
960 3992 1125 4046 super
1156 3978 1344 4033 urbem
1382 3996 1396 4031 :
1432 3985 1487 4032 et
1530 3978 1812 4046 ingressus

219 4078 307 4127 est
334 4082 524 4123 coram
561 4083 668 4135 me,
717 4068 771 4123 5.
824 4077 878 4122 et
920 4067 1217 4123 Cherubim
1265 4069 1485 4124 stabant
1516 4085 1547 4123 a
1588 4069 1811 4125 dextera

218 4166 448 4232 domus,
504 4180 627 4219 cum
682 4164 1058 4235 ingrederetur
1103 4163 1230 4218 vir:
1277 4172 1332 4218 et
1360 4163 1535 4219 nubes
1566 4163 1814 4234 implevit

218 4257 429 4313 atrium
458 4254 712 4311 interius.
742 4256 796 4310 4.
828 4254 897 4311 Et
933 4255 1145 4311 elevata
1171 4264 1255 4310 est
1291 4255 1464 4326 gloria
1500 4256 1717 4312 Domini
1746 4257 1815 4312 de

194 4334 525 4403 Cherubim
554 4346 609 4400 in
635 4346 801 4401 limen
848 4349 1061 4412 domus,
1100 4354 1156 4401 et
1180 4347 1423 4417 implevit
1456 4348 1678 4404 domum
1709 4366 1811 4403 nu-

1901 1844 2098 1911 leonis,
2130 1854 2184 1899 et
2216 1845 2382 1901 facies
2411 1855 2606 1917 quarta
2636 1849 2833 1918 aquilae
2863 1848 2912 1917 1.
2946 1846 3034 1902 15.
3063 1845 3128 1901 Et
3150 1828 3492 1902 sustulerunt

1903 1953 1962 1993 se
1992 1936 2313 2005 Cherubim,
2345 1940 2449 1997 hoc
2487 1940 2666 2009 ipsum
2715 1938 2941 2003 animal,
2988 1936 3134 2008 quod
3182 1936 3289 1992 vidi
3324 1950 3492 2005 super

1902 2029 2129 2086 fluvium
2161 2031 2399 2089 Chobar.
2435 2033 2523 2087 l6.
2549 2033 2615 2087 Et
2646 2049 2767 2087 cum
2804 2032 2943 2086 irent
2965 2030 3287 2096 Cherubim,
3340 2029 3494 2083 ibant

1904 2133 2057 2189 rotae,
2087 2132 2141 2178 et
2175 2123 2256 2177 har.
2287 2124 2609 2195 propinquae
2640 2123 2720 2179 eis
2759 2142 2773 2179 :
2818 2132 2872 2178 et
2902 2139 3028 2178 cum
3071 2122 3327 2178 tollerent
3346 2120 3491 2180 Che-

1903 2217 2081 2271 rubim
2129 2216 2247 2271 alas
2300 2232 2449 2283 suas,
2505 2228 2566 2271 ut
2599 2233 2657 2272 se
2689 2216 2968 2271 elcvarent
3003 2231 3034 2270 a
3070 2224 3238 2279 terra,
3271 2230 3378 2269 nou
3421 2213 3492 2283 (ν)

1906 2308 2325 2367 revertebantur
2356 2320 2488 2367 rotar
2512 2326 2727 2375 eorum,
2760 2312 2827 2378 >κ
2855 2309 3019 2362 etiam
3058 2309 3176 2379 ipse
3203 2311 3271 2376 >κ
3292 2307 3362 2361 ab
3387 2307 3490 2371 eis.

1904 2426 2029 2481 qua:
2069 2426 2098 2464 a
2136 2410 2305 2463 latere
2336 2419 2523 2459 eorum
2560 2404 2608 2474 1.
2661 2402 2747 2457 17.
2779 2402 2917 2454 Cum
2970 2408 3199 2461 starent,
3252 2398 3493 2462 stabant,

1905 2513 1962 2561 et
1995 2518 2120 2559 cum
2154 2514 2216 2556 se
2242 2498 2516 2561 efferrent,
2536 2511 2595 2551 se
2624 2492 3063 2549 eﬂ‘erebantcum
3090 2489 3350 2560 eis;quia
3382 2488 3496 2557 spi-

1907 2596 2047 2650 ritus
2086 2592 2206 2647 vitze
2230 2590 2284 2645 in
2316 2589 2395 2644 eis
2416 2595 2553 2643 erat.
2602 2586 2689 2641 18.
2732 2586 2796 2641 Ει
2824 2598 3044 2654 egressa
3070 2591 3154 2637 est
3183 2580 3355 2651 gloria
3383 2579 3496 2635 Do-

1909 2686 2045 2742 mini
2078 2687 2147 2753 >κ
2177 2698 2207 2737 a
2257 2681 2449 2737 limine
2482 2681 2506 2750 1
2541 2678 2761 2744 domus,
2792 2685 2846 2731 et
2881 2674 3130 2730 ascendit
3161 2688 3324 2743 super
3349 2670 3496 2727 Che-

1908 2779 2115 2835 rubim.
2146 2776 2234 2833 19.
2278 2777 2347 2831 Et
2373 2773 2721 2830 sustulerunt
2762 2769 3059 2825 Cherubim
3089 2767 3206 2821 alas
3254 2780 3406 2831 suas,
3443 2772 3499 2819 et

1910 2888 1969 2927 se
1996 2873 2284 2927 elevarunt
2321 2868 2389 2922 de
2434 2877 2580 2921 terra
2611 2879 2797 2919 coram
2837 2878 2945 2929 me,
2978 2861 3107 2916 dum
3140 2857 3496 2927 egredieban-

1913 2976 2002 3020 tur
2029 2978 2250 3035 quoque
2283 2970 2415 3015 rota:
2445 2975 2475 3013 a
2515 2958 2684 3011 latere
2714 2969 2907 3010 eorum
2939 2972 2952 3007 :
2990 2961 3045 3006 et
3067 2958 3335 3006 steterunt
3372 2956 3499 3002 ante

1838 3082 1882 3142 ς
1914 3057 2242 3113 vestibulum
2274 3061 2445 3123 portae
2460 3052 2656 3107 domus
2679 3046 2917 3106 Domini.
2938 3044 3162 3142 (siquae
3192 3057 3222 3096 e
3254 3041 3497 3142 regione,

1912 3162 1966 3204 et
1996 3150 2170 3220 gloria
2206 3148 2300 3202 Dei
2345 3144 2564 3201 lsraelis
2612 3150 2731 3196 erat
2780 3156 2946 3209 super
2977 3139 3058 3193 eis
3101 3137 3355 3206 desuper.
3403 3134 3497 3190 20.

1913 3242 2029 3299 Hoc
2055 3241 2257 3297 animal
2286 3248 2392 3307 est,
2428 3237 2573 3309 quod
2600 3236 2841 3292 videram
2865 3233 3050 3288 subter
3083 3230 3253 3285 Deum
3283 3227 3500 3284 lsraelis

1912 3351 2073 3407 super
2131 3334 2354 3390 fluvium
2407 3330 2649 3392 Chobar,
2683 3336 2739 3383 et
2790 3325 3040 3398 cognovi,
3077 3323 3221 3393 quod
3275 3320 3501 3375 Cherub

1912 3438 2079 3485 esset.
2112 3428 2204 3482 21.
2262 3426 2508 3494 Quatuor
2538 3424 2704 3478 facies
2737 3422 2830 3475 uni
2874 3430 2928 3474 et
2960 3426 3199 3488 quatuor
3228 3419 3328 3471 alae
3356 3416 3451 3469 uni
3481 3431 3496 3468 :

1912 3533 1963 3578 et
1994 3520 2297 3578 similitudo
2330 3532 2589 3572 manuum
2622 3515 2865 3569 hominis
2893 3513 2995 3565 sub
3024 3510 3125 3565 alis
3164 3524 3375 3563 eorum.
3404 3507 3496 3563 22.

1913 3618 1981 3672 Et
2008 3615 2309 3671 similitudo
2333 3611 2592 3666 facierum
2621 3623 2811 3663 eorum
2843 3622 2857 3657 :
2887 3606 2969 3659 hae
2993 3604 3160 3659 facies
3177 3612 3329 3669 sunt,
3361 3616 3501 3670 quas

1914 3707 2023 3762 vidi
2049 3709 2115 3775 Χ
2146 3704 2249 3760 sub
2273 3703 2445 3775 gloria
2474 3701 2567 3755 Dei
2590 3697 2807 3755 lsraelis
2833 3698 2856 3767 1
2887 3711 3053 3765 super
3085 3693 3313 3749 ﬂuvium
3353 3693 3503 3747 Cho-

1915 3801 2098 3867 barx
2120 3797 2437 3868 adspeetum
2465 3808 2654 3847 eorum
2688 3793 2713 3862 1
2750 3809 2765 3845 :
2789 3798 2843 3846 et
2876 3791 2991 3845 haec
3015 3785 3445 3858 unumquodque
3467 3801 3501 3840 e

1914 3892 2133 3963 regione
2162 3888 2320 3944 faciei
2345 3903 2457 3943 suae
2487 3886 2639 3940 ibant

1986 3985 2118 4054 Cap.
2158 3982 2254 4046 XI,
2281 3985 2333 4035 1.
2363 3980 2429 4035 Et
2456 3976 2757 4046 assumpsit
2782 3991 2869 4031 me
2893 3974 3118 4045 spiritus
3150 3981 3204 4027 et
3229 3971 3385 4026 duxit
3412 3984 3501 4025 me

1915 4094 2081 4149 super
2127 4085 2340 4147 portam
2386 4074 2584 4129 domus
2618 4070 2859 4135 Domini,
2902 4083 3025 4139 qua:
3054 4083 3084 4122 e
3114 4066 3337 4137 regione
3369 4064 3499 4130 mei,

1918 4172 1985 4241 (ι)
2014 4169 2395 4239 respicientem
2424 4166 2477 4220 in
2513 4166 2781 4219 orientem
2811 4182 2824 4216 :
2861 4170 2916 4216 et
2950 4176 3078 4216 ecce
3106 4169 3233 4214 ante
3255 4157 3500 4213 vestibu-

1916 4264 2027 4317 lum
2056 4270 2226 4332 portae
2257 4258 2415 4330 quasi
2451 4255 2645 4327 viginti
2672 4266 2726 4309 et
2754 4254 3000 4323 quinque
3036 4253 3159 4318 viri,
3191 4261 3245 4305 et
3282 4250 3392 4304 vidi
3444 4250 3500 4303 in

1916 4353 2099 4409 medio
2122 4367 2313 4407 eorum
2341 4348 2623 4403 Jazaniam
2659 4346 2828 4399 lilium
2854 4345 3021 4406 Azur,
3052 4351 3107 4397 et
3142 4341 3408 4396 Pbaltiam
3439 4341 3504 4394 li-

219 4441 322 4495 bes
362 4457 377 4493 :
407 4446 465 4494 et
485 4439 682 4493 atrium
718 4439 1000 4509 impletum
1044 4452 1127 4495 est
1159 4441 1447 4510 splendore
1490 4442 1673 4510 gloriae
1704 4441 1812 4497 Do-
1843 4438 1889 4494 D
1918 4445 2048 4499 lium
2082 4442 2314 4507 Batueae,
2353 4440 2447 4509 qui
2477 4446 2606 4493 sunt
2651 4437 2704 4491 in
2738 4436 3039 4506 principatu
3091 4433 3297 4505 populi.
3342 4432 3397 4486 2.
3438 4431 3505 4486 Et

220 4532 384 4587 mini.
418 4532 476 4587 5.
511 4533 575 4587 Et
600 4548 703 4587 vox
730 4533 940 4587 alarum
969 4532 1265 4588 Cherubim
1292 4534 1618 4590 audiebatur
1642 4551 1816 4605 usque

220 4624 294 4680 ad
337 4625 537 4679 atrium
565 4628 827 4692 exterius,
852 4625 1007 4695 quasi
1037 4639 1141 4679 vox
1165 4624 1257 4679 Dei
1287 4626 1485 4681 Saddai
1516 4627 1814 4697 loquentis.

220 4716 281 4773 6.
325 4716 396 4771 Et
425 4715 631 4772 factum
645 4726 750 4780 est.
800 4733 924 4772 curn
956 4717 1278 4788 praeciperet
1305 4719 1423 4773 viro
1457 4719 1646 4775 induto
1676 4718 1818 4775 stola

222 4818 445 4875 sancta,
475 4808 690 4874 dicens,
722 4805 892 4864 Sume
938 4809 1117 4878 ignem
1143 4809 1209 4863 de
1235 4810 1412 4864 medio
1434 4819 1700 4879 rotarum,
1751 4812 1820 4868 de

223 4904 416 4958 medio
441 4901 764 4968 Cherubim;
794 4912 848 4956 et
880 4900 1161 4972 ingressus
1187 4911 1292 4969 est,
1316 4913 1371 4956 et
1403 4903 1552 4958 stetit
1586 4920 1615 4957 a
1647 4906 1817 4961 latere

226 5010 503 5055 rotarum.
537 4998 590 5053 7.
636 4997 702 5052 Et
733 4998 978 5054 extendit
1021 4997 1242 5053 Cherub
1282 5014 1506 5054 manum
1562 5017 1717 5056 suam
1747 5005 1816 5071 )r(

223 5093 297 5149 de
342 5091 523 5146 medio
556 5090 852 5146 Cherubim
890 5089 914 5158 1
971 5090 1027 5144 in
1062 5090 1307 5145 medium
1356 5091 1497 5161 ignis
1531 5093 1816 5149 existentis

224 5184 284 5238 in
313 5182 501 5238 medio
525 5182 844 5247 Cherubim,
872 5190 927 5237 et
979 5182 1195 5247 sumsit,
1244 5194 1298 5237 et
1330 5182 1480 5238 dedit
1523 5184 1578 5238 in
1619 5201 1816 5242 manus

225 5274 410 5331 induti
439 5274 577 5330 stola
631 5283 825 5329 sancta
880 5291 896 5328 :
949 5281 1004 5328 et
1056 5272 1285 5342 accepit,
1322 5283 1378 5329 et
1412 5290 1667 5344 egressus
1706 5287 1812 5333 est.

224 5368 280 5422 8.
310 5365 381 5422 Et
412 5366 521 5423 vidi
550 5365 845 5423 Cherubim
880 5364 1293 5421 similitudinem
1324 5382 1584 5422 manuum
1629 5368 1809 5427 homi-

1916 4538 2055 4593 dixit
2086 4535 2353 4589 Dominus
2388 4531 2456 4586 ad
2505 4546 2640 4585 me:
2680 4529 2782 4585 Fili
2845 4528 3104 4595 hominis,
3140 4528 3195 4582 hi
3234 4526 3357 4594 viri,
3407 4527 3500 4596 qui

1917 4629 2160 4699 cogitant
2193 4639 2352 4689 vana,
2406 4634 2461 4677 et
2510 4620 2810 4676 consulunt
2850 4618 3145 4674 consilium
3197 4616 3401 4670 malum
3447 4616 3505 4671 in

1918 4722 2054 4777 urbe
2080 4720 2210 4783 ista,
2238 4718 2291 4773 5.
2328 4715 2423 4786 qui
2458 4714 2689 4769 dicunt:
2720 4711 2914 4766 Nonne
2947 4719 3194 4765 recenter
3223 4707 3505 4764 aedificata!

1919 4823 2051 4871 sunt
2098 4811 2339 4868 domus?
2390 4807 2519 4865 Haec
2559 4817 2642 4863 est
2666 4808 2797 4871 olla,
2849 4820 2948 4859 nos
2978 4814 3161 4858 autem
3196 4815 3413 4857 carnes.
3446 4800 3502 4855 4.

1915 4906 2146 4975 Propter
2175 4905 2276 4957 hoc
2332 4900 2593 4971 propheta
2621 4913 2787 4967 super
2831 4910 2950 4959 eos,
2980 4894 3264 4964 propheta,
3297 4891 3371 4945 ﬁli
3403 4890 3505 4944 ho-

1916 4998 2104 5055 minis.
2129 4996 2183 5050 4.
2232 4994 2299 5048 Ει
2338 4991 2537 5046 cecidit
2568 5006 2731 5060 super
2780 5004 2867 5043 me
2897 4987 3128 5057 spiritus
3162 4984 3398 5066 Domini,
3448 4990 3506 5037 et

1914 5091 2053 5147 dixit
2076 5087 2144 5143 ad
2171 5102 2257 5141 me
2286 5099 2301 5138 :
2331 5083 2431 5137 Dic
2463 5100 2476 5136 :
2507 5080 2635 5136 Haec
2662 5079 2795 5134 dicit
2814 5078 3079 5133 Dominus
3117 5093 3130 5128 :
3157 5077 3238 5132 sic
3259 5074 3501 5137 dixistis,

1914 5186 2112 5239 domus
2146 5176 2385 5242 lsraelis,
2417 5186 2472 5229 et
2500 5173 2863 5243 cogitationes
2903 5170 3131 5239 spiritus
3179 5168 3346 5223 vestri
3401 5180 3505 5236 ego

1920 5277 1996 5348 (ιι)
2030 5272 2154 5329 novi
2193 5289 2207 5325 :
2250 5268 2303 5324 6.
2356 5265 2759 5335 multiplicastis
2806 5264 2886 5333 (xl
2928 5269 3173 5317 mortuos
3200 5268 3415 5314 vestros
3448 5260 3502 5312 in

1918 5369 2053 5427 urbe
2083 5366 2207 5430 hac,
2225 5368 2280 5417 et
2311 5358 2635 5431 implevistis
2659 5356 2779 5411 vias
2802 5354 2922 5426 ejus
2946 5352 3167 5409 occisis.
3194 5350 3247 5405 7.
3279 5348 3506 5420 Propter

305 5532 374 5607 (ι)
393 5531 816 5607 ,8.,Διίιιιειιηιῌ
833 5533 923 5607 cui
959 5542 1079 5607 erat
1107 5532 1309 5607 tabula
1353 5534 1657 5607 scriptoris.
1702 5535 1797 5607 (ιη)
1830 5538 1973 5605 ejus.
2047 5533 2128 5607 (η)
2176 5532 2259 5607 8.,
2287 5532 2537 5607 linteum,
2575 5527 2664 5583 cui
2718 5535 2832 5580 erat
2872 5523 3159 5607 scriptoria
3208 5522 3388 5607 tabula
3415 5518 3502 5607 ¹ἰιι

228 5593 438 5686 lumbis
455 5593 606 5686 ejus.
670 5604 748 5677 (o)
772 5593 1181 5686 8.,hyacinthi.
1222 5593 1605 5686 _He_br.,.'1‘h‘._,
1637 5593 1981 5686 chrysolithi.
2024 5593 2136 5686 λῃ)
2169 5593 2255 5667 8.,
2291 5603 2343 5657 in
2376 5593 2781 5686 quemcumque
2816 5596 2960 5686 enim
2993 5593 3506 5686 lgrtturnirrclilltabal

229 5684 420 5744 caput.
455 5668 513 5729 ili
563 5668 689 5730 eum
728 5668 862 5746 post
916 5668 969 5731 id
1000 5675 1370 5731 adhaerebant.
1437 5668 1522 5746 (q)
1555 5668 1638 5743 8.,
1669 5668 1983 5734 invocatum
2021 5668 2126 5731 fuit
2162 5668 2782 5729 nonien‘volutationes.

233 5749 311 5814 (ε)
340 5742 420 5811 8.,
453 5762 635 5802 unus
665 5748 955 5803 orientem.
1046 5747 1110 5809 (ι)
1139 5745 1221 5812 8.,
1266 5746 1608 5804 orientalem.
1706 5750 1787 5817 (ιι)
1814 5750 1895 5811 8..
1933 5748 2189 5817 prreveni,
2248 5745 2392 5799 novi.
2491 5743 2570 5807 (ιτ)
2603 5737 2685 5805 8.,
2730 5755 2782 5808 ρ(

1731 5760 1787 5817 u)
1814 5760 1895 5811 8..
1933 5763 2189 5818 praeveni,
2248 5760 2392 5799 novt.

233 5742 318 5814 (si
340 5742 420 5811 8.,
453 5762 635 5802 unus
665 5742 955 5803 orientem.
1046 5747 1110 5809 (ι)
1139 5745 1221 5812 8.,
1266 5742 1608 5804 orientalem.

2885 5666 2955 5737 (r)
2988 5664 3074 5733 8.,
3126 5666 3500 5721 remanebant.

2491 5743 2570 5807 (π)
2603 5737 2685 5805 8.,
2730 5753 3020 5808 percussos
3058 5754 3088 5793 ιι
3130 5737 3303 5793 vobis.
