3864 6220
375 286 518 343 2703

1513 295 1741 355 CODEX
1789 295 2579 355 SYRIACO-IIEXAPLARIS.

3503 305 3642 361 270':

374 400 481 454 hoc
510 400 625 455 haec
668 401 802 457 dicit
844 403 1053 460 Adonal
1113 404 1377 463 Dominus
1420 410 1701 467 :Mortuos
1732 420 1963 477 vestros,
1995 414 2043 472 Α
2141 411 2273 483 Cap.
2310 413 2424 477 XII,
2458 416 2507 468 1.
2564 413 2630 467 Et
2680 412 2879 469 factum
2920 426 3003 472 est
3038 418 3260 473 verbum
3305 418 3521 476 Domini
3573 422 3643 477 ad

373 508 514 561 quos
538 496 886 562 percussistis
913 496 965 550 in
986 498 1162 554 medio
1196 501 1336 570 ejus,
1370 502 1423 557 hi
1454 512 1583 558 sunt
1611 519 1828 569 carnes,
1846 504 1965 559 haac

374 595 553 641 autem
603 596 688 643 est
736 589 865 652 olla,
916 598 970 644 et
1015 606 1109 645 vos
1149 593 1375 647 educam
1421 595 1487 647 de
1516 596 1695 649 medio
1734 596 1877 666 ejus.
1907 596 1962 651 8.

375 676 627 733 Gladium
683 680 909 747 timetis,
962 691 1016 737 et
1072 684 1306 754 gladium
1340 685 1595 741 inducam
1646 703 1813 756 super
1843 702 1961 753 vos,

376 770 453 824 ait
476 771 553 841 (ῃ)
578 770 840 827 Dominus
884 773 1167 831 Dominus.
1198 776 1249 831 9.
1284 775 1349 831 Et
1371 778 1602 833 educam
1628 795 1725 833 vos
1746 779 1813 833 de
1846 794 1965 834 me-

375 861 469 915 dio
497 864 640 932 ejus,
669 875 721 918 et
747 866 957 920 tradam
992 882 1089 921 vos
1127 872 1178 921 in
1205 884 1401 923 manus
1432 870 1761 935 alienorum,
1794 879 1847 925 et
1869 869 1961 925 fa-

375 954 517 1009 ciam
548 956 601 1009 in
643 957 796 1011 vobis
829 957 1035 1026 judicia
1063 977 1076 1013 :
1108 959 1195 1013 10.
1234 960 1287 1013 in
1317 961 1500 1030 gladio
1534 962 1765 1029 cadetis,
1796 977 1965 1033 super

376 1048 450 1118 (ι)
477 1050 756 1104 montibus
790 1051 1280 1118 lsraelisjudicabo
1312 1069 1427 1119 vos,
1464 1062 1520 1107 et
1570 1054 1777 1121 scietis,
1817 1054 1960 1125 quod

375 1155 477 1208 ego
504 1139 789 1196 Dominus.
826 1142 914 1196 11.
971 1141 1097 1198 Haec
1128 1146 1285 1199 vobis
1335 1162 1442 1200 non
1483 1147 1589 1201 erit
1618 1146 1671 1201 in
1697 1148 1886 1213 ollam,
1910 1157 1965 1203 et

376 1248 475 1287 vos
511 1251 618 1289 non
654 1235 807 1291 eritis
832 1236 885 1291 in
913 1237 1092 1291 medio
1117 1239 1235 1307 ejus
1262 1240 1316 1292 in
1347 1255 1577 1295 carnes:
1621 1257 1787 1311 super
1806 1257 1966 1296 mon-

376 1326 521 1380 tibus
554 1325 767 1382 lsraelis
791 1329 1051 1399 judicabo
1075 1346 1189 1385 vos.
1213 1331 1300 1385 l2.
1337 1332 1404 1385 Et
1428 1334 1792 1401 cognoscetis,
1816 1334 1962 1403 quod

375 1436 477 1488 ego
506 1421 793 1487 Dominus;
828 1425 895 1488 >ε<
924 1423 1049 1491 quia
1081 1422 1133 1477 in
1158 1423 1651 1493 justifieationibus
1689 1427 1825 1481 meis
1852 1442 1957 1481 non

375 1512 719 1577 ambulastis,
744 1523 799 1568 et
818 1514 1022 1582 judicia
1043 1530 1162 1569 mea
1191 1531 1301 1570 non
1333 1514 1558 1584 fecistis,
1588 1526 1642 1572 et
1665 1520 1961 1574 secundum

373 1606 575 1676 judicia
612 1606 881 1675 gentium,
934 1622 1058 1677 qua:
1089 1608 1235 1663 circa
1291 1624 1409 1675 vos,
1458 1610 1668 1666 fecistis
1700 1613 1747 1679 ζ.
1780 1612 1866 1668 13.
1898 1612 1960 1667 Et

378 1700 581 1754 factum
617 1708 720 1765 est,
744 1715 869 1755 cum
900 1701 1302 1771 prOphetarem,
1344 1712 1398 1758 et
1431 1702 1644 1757 Phaltia
1684 1704 1830 1759 ﬁlius
1857 1704 1962 1759 Ba-

378 1810 508 1848 naeze
545 1803 795 1848 mortuus
816 1802 901 1848 est
937 1813 949 1848 :
983 1804 1037 1849 et
1070 1795 1241 1850 cecidi
1262 1812 1425 1866 super
1451 1795 1653 1851 faciem
1685 1812 1881 1861 meam,
1907 1807 1960 1852 et

375 1888 676 1942 exclamavi
706 1903 837 1944 voce
866 1904 1087 1958 magna,
1115 1898 1169 1944 et
1190 1889 1305 1943 dixi
1334 1907 1347 1945 :
1380 1887 1470 1944 Vae
1511 1890 1664 1954 mihi,
1694 1906 1773 1945 vae
1803 1889 1957 1955 mihi,

376 1981 587 2035 Adonai
644 1980 896 2044 Domine,
956 1982 1490 2037 consummationem
1533 1991 1589 2036 tu
1647 1982 1786 2038 facis
1824 1984 1961 2040 resi-

375 2050 847 2128 duutn'lsraelis?
902 2072 989 2126 M.
1026 2074 1092 2128 Et
1120 2071 1323 2129 factum
1366 2082 1451 2129 est
1487 2074 1711 2128 verbum
1743 2073 1961 2129 Domini

375 2166 443 2220 ad
474 2181 580 2231 me,
602 2165 791 2221 dicens
822 2183 835 2220 :
864 2166 950 2221 15.
983 2165 1083 2220 Fili
1110 2165 1371 2231 hominis,
1403 2168 1482 2237 (α)
1523 2165 1578 2221 hi
1613 2165 1812 2223 fratres
1856 2168 1957 2233 tui,

377 2256 577 2313 fratres
612 2258 709 2323 tui,
737 2267 791 2312 et
825 2257 927 2312 viri
956 2257 1287 2327 captivitatis
1322 2268 1449 2323 tum,
1480 2266 1535 2313 et
1554 2259 1733 2313 omnis
1762 2260 1961 2316 domus

376 2348 593 2404 lsraelis
621 2358 999 2405 consummata
1029 2360 1131 2415 est,
1160 2350 1362 2419 quibus
1394 2351 1651 2406 dixerunt
1684 2351 1764 2407 eis
1802 2351 1960 2406 habi-

375 2452 579 2499 tatores
614 2441 918 2497 Jerusalem
966 2460 979 2496 :
1011 2440 1195 2513 Longe
1217 2441 1421 2497 abestis
1443 2458 1474 2497 a
1503 2442 1755 2507 Domino,
1799 2444 1961 2501 nobis

376 2538 445 2603 )t(
478 2544 666 2590 nostra
698 2536 863 2605 :data
888 2545 972 2589 est
994 2545 1139 2591 terra
1170 2536 1223 2591 in
1262 2536 1656 2592 hzereditatem.
1688 2537 1777 2592 16.
1820 2536 1958 2593 Pro-

376 2638 497 2697 pter
520 2629 625 2682 hoc
648 2627 769 2681 dic:
799 2626 922 2682 llaec
954 2628 1087 2682 dicit
1114 2629 1325 2683 Adonai
1352 2628 1617 2685 Dominus
1650 2648 1665 2685 :
1694 2628 1851 2697 Quod
1875 2645 1962 2685 re-

377 2721 573 2791 pellam
602 2736 698 2776 eos
721 2720 773 2774 in
799 2728 1005 2791 gentes,
1029 2730 1084 2776 et
1107 2722 1417 2794 dispergam
1440 2738 1536 2779 eos
1562 2723 1615 2777 in
1648 2735 1835 2793 gentes
1859 2723 1957 2793 (ὁ),

374 2821 431 2865 et
457 2811 765 2881 dispergam
813 2826 909 2865 eos
957 2812 1013 2865 in
1057 2828 1275 2869 omnem
1325 2824 1547 2879 terram,
1579 2825 1637 2870 et
1666 2831 1761 2870 ero
1789 2816 1869 2871 eis
1902 2815 1957 2869 in

377 2904 750 2959 sanctuarium
787 2920 1015 2974 parvum
1047 2906 1100 2960 in
1129 2907 1467 2975 regionibus,
1491 2924 1837 2978 quocumque
1868 2906 1958 2963 fu-

376 2996 520 3050 erint
560 2997 788 3066 ingressi
828 2997 980 3053 illuc.
1045 2998 1133 3051 17.
1167 2997 1397 3069 Propter
1432 3001 1535 3055 hoc
1563 2999 1695 3055 dic:
1732 2998 1855 3054 Haec
1875 3000 1958 3055 di-

2067 520 2174 569 me,
2216 506 2447 562 dicens:
2477 506 2533 560 2.
2574 507 2679 563 Fili
2718 509 2977 573 hominis,
3014 510 3067 564 in
3124 511 3300 566 medio
3337 512 3406 583 (e)
3444 512 3645 585 iniqui-

2065 607 2241 654 tatum
2274 616 2461 655 eorum
2499 610 2554 657 tu
2602 602 2849 668 habitas,
2884 602 3085 673 quibus
3119 614 3245 658 sunt
3286 607 3430 661 oculi
3466 609 3531 661 ad
3565 609 3645 661 vi-

2064 692 2323 757 dendum,
2360 703 2416 749 et
2449 710 2557 749 non
2591 696 2811 761 vident,
2862 706 2916 749 et
2945 710 3107 751 aures
3140 705 3265 751 sunt
3312 698 3393 751 eis
3431 699 3496 751 ad
3541 715 3642 752 an-

2065 784 2348 850 diendum,
2389 792 2445 838 et
2478 799 2588 839 non
2618 783 2869 847 audiunt,
2903 782 3030 853 quia
3054 783 3248 837 domus
3286 783 3509 839 irritans
3536 796 3639 839 est.

2064 876 2118 931 5.
2152 875 2216 930 Et
2247 884 2326 943 tu,
2362 875 2436 930 ﬁli
2468 876 2729 940 hominis,
2788 875 2875 931 fac
2904 876 2998 931 tibi
3025 892 3155 931 vasa
3182 876 3535 946 captivitatis,
3586 886 3643 933 et

2063 970 2339 1040 captivare
2363 970 2597 1024 interdiu
2624 985 2810 1025 coram
2835 971 2935 1036 eis,
2962 978 3018 1025 et
3041 970 3408 1041 captivaberis
3430 970 3495 1025 de
3522 972 3641 1026 loco

2065 1071 2160 1117 tuo
2195 1063 2250 1117 in
2291 1063 2472 1118 locum
2521 1064 2689 1118 alium
2722 1079 2907 1119 coram
2943 1065 3055 1129 eis,
3092 1074 3154 1119 ut
3197 1064 3436 1131 videant,
3495 1064 3643 1134 quod

2064 1156 2262 1211 domus
2314 1155 2540 1212 irritans
2580 1164 2685 1211 est.
2721 1155 2777 1209 4.
2811 1154 2876 1211 Ει
2922 1154 3164 1225 proferes
3209 1172 3336 1209 vasa
3368 1166 3481 1219 tua,
3514 1172 3642 1210 vasa

2063 1247 2419 1318 captivitatis,
2467 1246 2705 1303 interdiu
2752 1248 2821 1319 (Γ)
2868 1246 2936 1301 ad
2969 1248 3158 1302 oculos
3202 1263 3433 1313 eorum,
3474 1258 3527 1301 et
3583 1258 3643 1301 tu

2062 1339 2359 1409 egredieris
2407 1354 2637 1410 vespere
2686 1355 2871 1395 coram
2912 1340 3015 1404 eis,
3054 1342 3121 1408 χ
3182 1341 3329 1395 sicut
3367 1340 3646 1411 egreditur

2065 1432 2311 1502 captivus
2357 1433 2405 1503 ζ.
2456 1433 2511 1487 5.
2561 1432 2643 1487 Ad
2694 1434 2885 1488 oculos
2933 1448 3123 1487 eorum
3178 1432 3401 1502 perfode
3447 1433 3541 1487 tibi
3588 1433 3644 1486 in

2066 1524 2349 1592 parietem,
2378 1532 2433 1577 et
2458 1523 2757 1595 egredieris
2782 1538 2874 1593 per
2897 1539 3043 1577 eum.
3078 1522 3132 1577 6.
3157 1523 3351 1578 Coram
3377 1523 3457 1578 eis
3481 1537 3648 1592 super

2068 1611 2310 1667 humeris
2344 1612 2418 1683 (g)
2453 1613 2781 1683 portaberis,
2828 1622 2879 1667 et
2920 1614 3272 1669 absconditus
3307 1614 3643 1684 egredieris:

2069 1704 2260 1758 faciem
2323 1714 2471 1758 tuam
2523 1706 2826 1773 cooperies,
2879 1713 2931 1759 et
2976 1721 3081 1759 non
3137 1705 3344 1760 videbis
3398 1714 3644 1772 terram;

2063 1796 2191 1864 quia
2220 1806 2531 1866 portentum
2576 1795 2699 1851 dedi
2729 1804 2781 1851 te
2810 1796 2993 1851 domui
3040 1796 3274 1851 lsraelis.
3314 1796 3366 1851 7.
3413 1797 3477 1851 Et
3540 1796 3645 1852 feci

2063 1890 2159 1953 ita,
2198 1888 2357 1958 juxta
2410 1888 2619 1953 omnia,
2666 1904 2790 1959 qua:
2824 1897 3158 1960 przeceperat
3205 1889 3375 1944 mihi:
3412 1898 3466 1944 et
3513 1904 3650 1948 vasa

2062 1980 2284 2049 protuli,
2309 1982 2465 2051 quasi
2494 1996 2625 2036 vasa
2671 1982 3005 2052 captivitatis
3041 1981 3298 2048 interdiu,
3342 1991 3398 2036 et
3423 1995 3648 2051 vespere

2062 2073 2269 2145 perfodi
2320 2074 2455 2128 mihi
2494 2072 2756 2145 parietem
2791 2089 2954 2127 manu
2993 2089 3146 2139 mea,
3182 2083 3237 2127 et
3290 2073 3647 2129 absconditus

2061 2182 2315 2236 egressus
2346 2181 2489 2227 sum,
2515 2181 2679 2235 super
2704 2165 2952 2221 humeris
2984 2165 3057 2237 (h)
3090 2173 3337 2236 portatus
3374 2181 3497 2220 sum
3548 2179 3646 2219 co-

2060 2275 2181 2314 ram
2206 2259 2308 2314 eis.
2343 2257 2397 2313 8.
2438 2257 2506 2312 Et
2542 2257 2742 2313 factum
2774 2265 2859 2312 est
2893 2263 3120 2312 verbum
3174 2256 3386 2312 Domini
3438 2256 3505 2310 ad
3555 2270 3670 2345 me.

2060 2371 2245 2422 mane,
2272 2356 2503 2411 dicens:
2543 2355 2598 2410 9.
2632 2352 2736 2408 Fili
2763 2353 3021 2418 hominis,
3052 2367 3233 2406 nonne
3280 2351 3390 2405 dixi
3428 2352 3491 2421 (')
3524 2348 3646 2416 tibi,

2061 2447 2259 2503 domus
2292 2446 2531 2511 lsraelis,
2561 2445 2760 2499 domus
2807 2444 3031 2498 irritans
3064 2453 3167 2504 est.
3200 2445 3332 2514 quid
3372 2452 3429 2499 tu
3466 2444 3601 2504 facis
3622 2449 3647 2501 2

2063 2540 2150 2594 10.
2184 2540 2280 2594 Dic
2307 2538 2372 2591 ad
2401 2552 2536 2593 eos:
2586 2534 2714 2591 Haec
2752 2535 2884 2591 dicit
2929 2535 3192 2589 Dominus
3253 2534 3516 2594 Dominus
3578 2539 3644 2610 (ἱ)

2060 2632 2295 2703 principi
2325 2640 2379 2685 et
2406 2630 2531 2684 duci
2564 2630 2616 2684 in
2645 2627 2975 2693 Jerusalem,
3008 2638 3061 2684 et
3082 2630 3227 2683 omni
3261 2628 3445 2684 domui
3470 2630 3646 2687 lsrae-

2060 2722 2149 2786 lis,
2190 2722 2282 2791 qui
2329 2720 2537 2776 suntin
2585 2719 2765 2775 medio
2813 2734 3028 2783 eorum,
3077 2719 3163 2773 11.
3201 2720 3308 2785 dic,
3351 2722 3495 2789 quod
3544 2738 3645 2790 ego

2060 2821 2312 2884 portenta
2343 2812 2559 2866 faciocao
2586 2812 2639 2865 in
2691 2812 2872 2867 medio
2908 2812 2931 2883 ζ
2964 2829 2977 2866 :
3010 2811 3472 2881 qu°madmodum
3519 2812 3642 2877 feci,

2061 2905 2141 2960 sic
2171 2904 2276 2960 erit
2307 2904 2379 2970 ei,
2408 2906 2461 2958 in
2495 2904 2909 2974 demigratione,
2942 2912 2997 2958 et
3027 2904 3079 2956 in
3118 2903 3430 2975 captivitate
3465 2903 3643 2969 ibunt,

2062 2998 2151 3053 l2.
2177 3008 2231 3053 et
2260 2998 2537 3068 princeps,
2568 2998 2660 3067 qui
2691 2996 2744 3051 in
2780 2996 2961 3051 medio
2988 3012 3207 3061 eorum,
3239 3012 3404 3065 super
3448 3000 3643 3053 humeo

375 3089 450 3143 cit
481 3088 689 3143 Adouai
716 3088 978 3145 Dominus
1006 3105 1021 3143 :
1045 3089 1111 3143 Et
1134 3090 1429 3161 suscipiam
1462 3107 1557 3147 eos
1586 3091 1654 3147 de
1680 3093 1953 3163 gentibus,
1983 3100 2027 3158 c
2063 3093 2138 3147 ris
2163 3091 2487 3163 portabitur,
2528 3100 2582 3145 et
2608 3091 2959 3146 absconditus
2996 3091 3315 3162 egredietur
3347 3106 3441 3160 per
3470 3091 3648 3159 parie-

375 3191 423 3233 et
449 3180 791 3251 congregabo
820 3196 915 3235 eos
975 3181 1042 3236 de
1091 3181 1425 3251 regionibus,
1473 3181 1674 3251 quibus
1724 3182 1956 3252 dispersi

375 3290 471 3330 cos
492 3274 543 3327 in
568 3275 671 3340 eis,
706 3282 760 3328 et
790 3274 933 3329 dabo
956 3275 1036 3328 eis
1056 3282 1255 3329 terram
1286 3272 1501 3329 lsraelis
1537 3293 1551 3328 :
1577 3274 1663 3329 18.
1696 3284 1749 3328 et
1780 3275 1959 3345 ingre-

375 3369 593 3423 dientur
619 3369 770 3430 illuc,
804 3378 859 3424 et
879 3366 1129 3424 auferent
1151 3384 1343 3423 omnes
1359 3368 1796 3425 abominationes
1815 3371 1955 3441 ejus,

374 3470 636 3516 ctomnes
663 3460 979 3529 iniquitates
1009 3460 1129 3530 ejus
1162 3459 1229 3514 de
1255 3476 1339 3515 ea.
1373 3460 1459 3515 19.
1493 3460 1558 3514 Et
1578 3461 1720 3516 dabo
1750 3462 1831 3517 eis
1866 3479 1962 3518 cor

375 3552 547 3617 aliud,
582 3561 634 3607 et
664 3551 916 3622 spiritum
958 3566 1160 3606 novum
1190 3552 1331 3606 dabo
1360 3551 1414 3606 in
1462 3554 1562 3619 eis,
1591 3564 1643 3608 et
1675 3555 1959 3609 extraham

376 3660 471 3699 cor
499 3660 690 3699 eorum
732 3644 1003 3713 lapideum
1044 3660 1112 3700 ex
1158 3658 1327 3700 carne
1374 3661 1587 3711 eorum,
1630 3657 1684 3700 et
1712 3647 1852 3701 dabo
1880 3648 1960 3703 eis

376 3750 472 3787 cor
507 3748 789 3797 carneum,
823 3732 913 3787 20.
948 3740 1010 3788 ut
1058 3733 1112 3787 in
1164 3735 1449 3803 praeceptis
1480 3736 1616 3789 meis
1654 3737 1958 3802 ambulent,

376 3826 867 3894 etjustificationes
897 3840 1049 3880 meas
1075 3826 1411 3892 custodiant,
1443 3836 1496 3882 et
1525 3827 1727 3883 faciant
1759 3846 1855 3896 ea;
1908 3839 1963 3885 et

375 3926 538 3972 erunt
564 3917 698 3972 mihi
729 3919 782 3972 in
828 3919 1186 3988 populum,et
1216 3935 1317 3987 ego
1341 3936 1436 3975 ero
1460 3922 1542 3976 eis
1575 3921 1626 3975 in
1669 3921 1862 3988 Deum,
1895 3937 1959 3979 σε·

380 4011 509 4066 dicit
546 4010 808 4066 Dominus
844 4014 891 4081 ζ.
915 4013 1005 4066 2i.
1036 4012 1103 4081 (ε)
1136 4013 1202 4068 Ει
1231 4014 1528 4068 secundum
1558 4029 1653 4069 cur
1676 4016 1964 4071 abomina-

379 4105 588 4158 tionum
646 4120 870 4159 suarum
914 4114 969 4159 et
1006 4105 1358 4176 iniquitatum
1382 4124 1630 4171 suarum,
1666 4125 1775 4178 quo
1802 4112 1963 4166 modo

380 4212 475 4252 cor
506 4212 694 4251 eorum
727 4197 857 4263 ibat,
890 4198 1006 4252 vias
1031 4214 1221 4254 eorum
1266 4201 1318 4253 in
1355 4201 1534 4271 capita
1587 4218 1777 4257 eorum
1817 4204 1962 4271 dedi,

380 4288 513 4343 dicit
533 4287 743 4345 Adonai
781 4290 1063 4346 Dominus.
1102 4292 1191 4345 22.
1220 4292 1281 4345 Et
1307 4294 1647 4349 sustulerunt
1669 4294 1962 4351 Cherubim

380 4381 497 4435 alas
537 4394 685 4446 suas,
733 4391 788 4437 et
834 4392 966 4439 rotae
1008 4401 1038 4438 a
1084 4384 1253 4439 latere
1300 4400 1513 4449 eorum,
1548 4395 1603 4440 et
1653 4387 1825 4456 gloria
1870 4388 1963 4443 Dei

382 4472 601 4529 lsraelis
630 4490 795 4545 super
821 4476 891 4533 iis
929 4493 1095 4546 supra
1133 4494 1249 4534 eos.
1284 4478 1375 4533 23.
1413 4478 1477 4532 Et
1518 4480 1764 4535 ascendit
1793 4480 1966 4550 gloria

382 4566 602 4622 Domini
631 4567 699 4622 de
719 4569 896 4625 medio
929 4571 1104 4637 urbis,
1156 4579 1211 4626 et
1257 4573 1408 4626 stetit
1449 4588 1613 4641 super
1646 4584 1849 4638 inonte,
1890 4572 1968 4643 (p)

382 4659 626 4730 quierat
669 4676 701 4716 e
756 4663 981 4733 regione
1019 4664 1189 4718 urbis.
1228 4665 1318 4719 2i.
1357 4666 1420 4719 lit
1472 4666 1700 4735 spiritus
1746 4669 1971 4722 sustulit

382 4767 493 4818 me,
525 4762 582 4808 et
606 4752 763 4809 duxit
794 4771 881 4811 me
912 4756 964 4810 in
996 4765 1196 4810 terram
1224 4756 1605 4812 Chaldzeorum
1640 4759 1705 4811 ad
1736 4760 1970 4827 captivi—

385 4858 549 4905 tatem
584 4848 637 4904 in
666 4849 875 4904 visione
900 4850 952 4904 in
976 4850 1171 4919 spiritu
1200 4849 1313 4904 Dei.
1340 4849 1398 4904 Et
1426 4851 1644 4905 ascendi
1675 4868 1704 4905 a
1731 4852 1965 4916 visione,

384 4956 549 5009 quam
586 4938 714 4993 vidi.
747 4938 839 4993 25.
871 4938 938 4992 Et
970 4940 1186 4994 locutus
1216 4954 1339 4993 sum
1373 4939 1438 4993 ad
1466 4940 1834 5009 captivitatem
1855 4958 1967 4997 0m-

384 5032 476 5085 nia
510 5029 673 5085 verba
701 5027 938 5096 Domini,
969 5044 1089 5099 qua:
1115 5029 1431 5084 ostenderat
1452 5029 1605 5085 mihi.

2064 3195 2198 3250 tem,
2237 3194 2293 3239 et
2321 3183 2605 3255 perfodiet,
2644 3190 2703 3237 ut
2755 3184 3071 3253 egrediatur
3102 3198 3196 3253 per
3228 3198 3352 3237 eum
3384 3202 3397 3236 :
3446 3180 3645 3241 faciem

2062 3293 2216 3333 suam
2250 3277 2548 3346 c00periet,
2573 3285 2628 3330 ut
2654 3290 2723 3329 ne
2753 3276 3002 3329 videatur
3025 3274 3205 3336 oculo,
3227 3283 3281 3328 et
3305 3273 3419 3342 ipse
3445 3283 3645 3328 terram

2061 3385 2170 3426 non
2205 3371 2430 3426 videbit.
2463 3371 2552 3425 15.
2609 3370 2672 3425 Et
2722 3369 3027 3439 expandam
3083 3376 3200 3422 rete
3252 3382 3432 3421 meum
3484 3381 3648 3436 super

2061 3481 2211 3529 eum,
2243 3474 2297 3520 et
2338 3463 2585 3534 capietur
2622 3463 2674 3517 in
2726 3471 2882 3530 septo
2920 3476 3061 3525 meo,
3106 3469 3161 3515 et
3202 3461 3399 3515 ducam
3428 3474 3554 3513 eum
3590 3459 3645 3512 in

2064 3556 2418 3629 Babylonem,
2452 3556 2507 3610 in
2539 3565 2741 3609 terram
2766 3550 3147 3608 Chaldaeorum
3171 3591 3185 3613 ,
3232 3558 3287 3605 et
3321 3552 3495 3621 ipsam
3538 3565 3645 3604 non

2064 3651 2287 3714 videbit,
2324 3660 2380 3705 et
2416 3649 2488 3705 ibi
2536 3649 2820 3702 morietur.
2860 3646 2949 3700 14.
3000 3642 3067 3697 Et
3097 3658 3320 3707 omnes,
3356 3642 3449 3713 qui
3496 3642 3647 3697 circa

2063 3761 2212 3810 eum,
2260 3743 2617 3798 auxiliatores
2663 3740 2805 3811 ejus,
2842 3740 2915 3809 (k)
2964 3746 3020 3792 et
3059 3751 3253 3791 omnes
3299 3743 3647 3806 protegentes

2064 3854 2188 3893 eutn
2220 3837 2526 3906 dispergam
2561 3834 2614 3888 in
2653 3848 2871 3887 omnem
2898 3840 3144 3894 ventum,
3177 3837 3229 3881 ct
3271 3827 3510 3898 gladium
3560 3825 3647 3880 ef-

2066 3930 2288 3985 fundam
2324 3936 2448 3999 post
2477 3942 2594 3981 eos.
2620 3925 2708 3980 15.
2743 3924 2806 3978 Et
2829 3923 3023 3983 scient,
3050 3920 3198 3991 quod
3226 3934 3326 3990 ego
3357 3919 3645 3981 Dominus,

2065 4022 2289 4094 quando
2323 4020 2636 4089 disperscro
2670 4031 2766 4070 eos
2818 4016 2871 4069 in
2928 4013 3199 4083 gentibus,
3235 4021 3290 4066 et
3339 4010 3649 4081 dispersem

2065 4132 2160 4172 eos
2193 4116 2246 4169 in
2293 4112 2627 4184 regionibus.
2663 4108 2752 4163 16.
2790 4106 2857 4160 Et
2905 4106 3212 4175 relinquam
3265 4102 3547 4159 residuum
3582 4118 3650 4157 ex

2066 4209 2148 4264 eis
2170 4207 2318 4261 viros
2344 4205 2396 4259 in
2421 4217 2655 4258 numero
2684 4216 2713 4256 a
2742 4199 2947 4271 gladio,
2974 4208 3028 4253 et
3047 4213 3075 4251 a
3106 4195 3272 4258 fame,
3302 4205 3357 4249 et
3385 4210 3414 4248 a
3446 4205 3650 4258 morte,

2069 4310 2128 4352 ut
2167 4299 2279 4352 sint
2310 4302 2597 4349 narrantes
2628 4304 2821 4345 omnes
2849 4287 3165 4357 iniquitates
3190 4299 3379 4340 eorum
3418 4284 3472 4338 in
3519 4300 3654 4353 gen-

2074 4390 2240 4453 tibus,
2273 4403 2380 4456 quo
2411 4382 2644 4453 ingressi
2676 4380 2881 4435 fuerint
2901 4379 3049 4443 illuc,
3073 4387 3126 4433 et
3153 4377 3345 4440 scient,
3378 4376 3521 4446 quod
3550 4391 3651 4443 ego

2074 4481 2352 4535 Dominus.
2391 4477 2477 4531 17.
2517 4475 2579 4529 Et
2605 4474 2807 4529 factum
2836 4483 2921 4527 est
2949 4470 3173 4524 verbum
3203 4468 3412 4523 Domini
3443 4468 3510 4521 ad
3540 4483 3649 4529 me,

2067 4572 2256 4627 dicens
2290 4588 2303 4623 :
2337 4567 2422 4622 18.
2460 4564 2559 4620 Fili
2588 4562 2849 4627 hominis,
2883 4575 3078 4631 panem
3118 4568 3271 4614 tuum
3303 4559 3365 4627 (ι)
3406 4572 3531 4611 cum
3558 4573 3652 4626 pe-

2068 4664 2222 4717 nuria
2255 4660 2529 4721 comedes,
2569 4665 2624 4711 et
2657 4670 2856 4727 aquam
2904 4669 3029 4708 cum
3081 4651 3333 4705 cruciatu
3379 4649 3650 4717 angustiae

2068 4757 2241 4810 bibes.
2278 4752 2365 4807 19.
2398 4751 2465 4805 Et
2514 4749 2664 4804 dices
2703 4747 2770 4802 ad
2807 4745 3063 4817 populum
3099 4752 3301 4797 terrae:
3359 4738 3485 4796 Haec
3518 4740 3653 4794 dicit

2068 4846 2278 4902 Adonai
2323 4843 2587 4898 Dominus
2620 4838 2997 4896 habitantibus
3049 4837 3105 4891 in
3142 4834 3444 4891 Jerusalem
3488 4848 3652 4902 super

2073 4948 2217 4993 terra
2250 4936 2464 4990 lsraelis
2492 4951 2506 4988 :
2535 4931 2711 4987 Panes
2740 4945 2872 4987 suos
2895 4928 2988 4999 (τη)
3020 4943 3144 4983 cum
3196 4925 3421 4998 penuria
3461 4940 3651 4980 come-

2072 5031 2222 5095 dent,
2260 5039 2313 5085 et
2345 5042 2544 5099 aquam
2584 5040 2739 5081 suam
2768 5024 2847 5094 (n)
2876 5037 3000 5076 cum
3031 5019 3200 5076 exitio
3241 5018 3449 5084 bibent,
3483 5017 3556 5087 (0)
3592 5026 3653 5072 ut

460 5192 534 5263 (y)
572 5188 802 5263 Adonai.
856 5189 1229 5263 '(z)_Finibus.
1308 5193 1384 5262 (α)
1418 5191 1509 5255 Α.,
1547 5200 1769 5263 propter
1817 5191 2013 5263 fratres
2050 5199 2196 5263 tuos,
2251 5189 2450 5263 fratres
2508 5198 2654 5263 tuos,
2714 5179 3251 5263 vir9§_pl‘QPil"l“03
3277 5177 3657 5263 senuswifl

387 5258 635 5318 omnium
668 5258 940 5315 domuum
964 5258 1199 5323 lsraelis,
1223 5258 1434 5324 omnes,
1479 5258 1681 5328 quibus
1706 5262 1963 5317 dixerunt
2003 5262 2335 5315 habitatores
2366 5259 2693 5315 Jerusalem.

2771 5255 2845 5322 (b)
2884 5249 2947 5305 Et
2986 5251 3410 5326 dispergentum
3462 5249 3658 5326 (c)_S.,

390 5317 629 5404 quorum
654 5341 834 5386 autem
881 5331 948 5385 ad
983 5317 1343 5401 cogitationes
1375 5317 1807 5404 profunditatum
1842 5348 2066 5387 suarum
2106 5342 2161 5385 et
2187 5330 2655 5404 abominationum
2704 5317 3457 5404 suat-ntulforcommittit.
3500 5319 3656 5404 fiam

390 5402 581 5459 eorum
618 5402 673 5455 in
710 5413 873 5472 caput
905 5417 1094 5455 eorum
1130 5405 1308 5471 posui.

392 5489 580 5530 sumes
650 5472 770 5541 7U!)
820 5472 902 5534 8.,
948 5476 1175 5541 gestavi.

1271 5474 1333 5543 Γ)
1372 5464 1477 5527 mc,
1501 5464 1741 5543 Norberg
1782 5492 1795 5527 :
1837 5493 1855 5524 ί
1894 5483 2071 5536 ΊἿῚΞΝ,
2106 5464 2375 5535 dixerunt,

1406 5400 1647 5473 (dif/1.,
1672 5405 1765 5472 qui
1801 5406 1870 5457 ab
1911 5419 1961 5457 Ol

2071 5414 2139 5455 te.
2217 5401 2285 5469 (ε)
2320 5400 2523 5455 Domus
2561 5395 2849 5473 irritantis.
2895 5389 3221 5473 ⁸(ι’)ιεοιηιςη
3263 5387 3379 5466 εἰς..
3406 5388 3515 5473 ,(9)
3551 5392 3662 5442 As-

2424 5485 2521 5540 pro
2564 5477 2737 5540 mpx
2793 5457 3282 5540 diqi,mlegert_du.m
3332 5457 3564 5540 videtur.
3619 5477 3654 5540 Δι

393 5527 601 5599 'i‘exms
643 5527 1024 5613 TetrapIo'rti'm
1048 5583 1062 5607 ,
1113 5527 1289 5597 cirrov‘
1313 5527 1630 5613 ambiguum
1660 5527 1787 5598 est.
1822 5527 2163 5598 Ortini—utalia
2222 5527 2577 5610 exemplaria,
2602 5534 2797 5613 cirrata.
2836 5534 2996 5613 Hebr.
3033 5527 3089 5584 et
3138 5527 3660 5613 Vulg.,mdixe_runt.

359 5614 608 5669 ‘Dtucu.
661 5617 747 5684 _(_i)
782 5604 865 5676 8.,
924 5604 1143 5684 propter
1202 5604 1497 5684 principem
1555 5630 1696 5670 onus
1754 5618 1874 5668 hoc.
1952 5613 2025 5681 (k)
2081 5614 2164 5677 8.,
2224 5627 2281 5684 ct
2333 5604 2524 5666 omnes
2567 5609 2680 5662 alas
2719 5608 2839 5675 ejus
2888 5604 3219 5684 dispergant.

1226 5687 1324 5756 (νη)
1369 5685 1452 5749 8.,
1506 5701 1628 5739 cum
1662 5701 1770 5739 non
1810 5685 2020 5739 ordine.

393 5686 536 5750 ejus.
648 5682 688 5753 (Ι
704 5679 723 5749 )
738 5685 874 5738 Cum
911 5679 1118 5739 dolere.

394 5764 561 5810 terra.

3329 5596 3451 5661 Th.,
3482 5597 3660 5651 fulcra

2128 5668 2207 5752 (il)
2245 5683 2325 5747 8.,
2363 5698 2485 5736 eum
2523 5668 2771 5734 mwrorc'.
2880 5673 2955 5745 (ο)
2978 5668 3097 5733 ⁷8..
3128 5678 3186 5724 ut
3224 5684 3329 5724 non
3361 5679 3554 5725 ornata
3587 5668 3665 5723 sit
