3864 6220
146 281 297 342 2705

1432 275 1847 338 BEZECIELIB
1876 277 2109 339 CAPUT
2144 282 2290 342 XIV.

3275 268 3418 335 2706

148 410 540 476 corrumpatur
568 412 715 468 terra
745 420 870 462 cum
902 406 1241 477 plenitudine
1269 407 1421 479 ejus;
1447 409 1503 462 in
1540 403 1729 474 impie-
1756 402 1805 460 Α
1830 400 2045 458 Adonai
2080 401 2366 458 Dominus.
2406 399 2494 454 10.
2531 395 2634 451 Pro
2663 410 2730 451 eo
2773 391 2920 465 quod
2951 392 3282 461 deceperunt
3313 402 3415 458 po-

151 507 267 554 tate
287 501 433 554 enim
464 515 680 565 omnes,
711 501 805 572 qui
845 502 1097 558 habitant
1127 504 1182 558 in
1215 519 1303 560 ea.
1336 504 1429 559 20.
1460 502 1530 558 Et
1566 500 1732 557 urbes

150 606 370 696 eorum,
404 609 528 664 quae
562 593 878 651 habitantur
899 635 916 661 ,
951 597 1335 664 vastabantur,
1362 606 1418 651 et
1448 605 1592 651 terra
1653 593 1731 663 (ρ)

152 686 206 736 in
239 686 467 740 exitium
500 687 623 750 erit,
652 694 707 741 et
737 689 1100 756 cognoscetis,
1134 690 1277 758 quod
1310 704 1410 758 ego
1449 686 1730 742 Dominus.

152 780 244 833 2|.
274 780 343 834 Et
373 779 576 836 factum
610 789 694 836 est
722 781 946 836 verbum
985 779 1202 835 Domini
1256 781 1322 835 ad
1354 795 1463 844 me,
1504 779 1729 835 dicens:

151 872 245 926 22.
287 871 391 926 Fili
447 872 710 935 hominis,
746 888 869 943 quae
902 873 1165 942 parabola
1210 872 1327 927 haec
1370 871 1524 926 vobis
1567 883 1733 940 super

155 973 304 1018 terra
337 964 578 1027 lsraelis,
610 964 918 1021 dicentibus
951 964 1142 1021 vobis:
1176 963 1345 1036 Longi
1379 963 1520 1030 dies,
1567 960 1730 1033 periit

151 1052 337 1107 ornnis
385 1053 575 1107 visio?
614 1051 703 1109 25.
741 1054 969 1125 Propter
1015 1055 1121 1111 hoc
1170 1054 1260 1109 dic
1305 1058 1372 1111 ad
1425 1069 1561 1109 eos:
1605 1051 1733 1108 Hzec

150 1142 291 1199 dicit
328 1145 540 1200 Adonai
582 1146 881 1202 Dominus:
918 1146 992 1218 (q)
1024 1148 1093 1202 Et
1129 1154 1370 1202 avertam
1417 1145 1733 1215 parabolam

153 1235 317 1289 istam
354 1245 408 1292 et
457 1252 566 1292 non
591 1237 736 1293 ultra
775 1238 959 1294 dicent
992 1240 1308 1309 parabolam
1349 1239 1508 1295 istam
1537 1239 1735 1295 domus

153 1325 374 1384 lsraelis
401 1349 416 1396 ;
445 1330 575 1400 quia
639 1330 883 1401 loqueris
930 1332 997 1386 ad
1043 1347 1159 1396 eos,
1190 1353 1261 1381 ω»
1297 1332 1483 1387 dicens
1520 1331 1543 1400 ζ
1573 1349 1586 1385 :
1620 1333 1734 1401 Ap-

153 1422 595 1490 propinquarunt
652 1423 789 1488 dies,
843 1430 900 1479 et
959 1424 1183 1479 verbum
1240 1427 1422 1479 omnis
1477 1425 1734 1481 visionis.

152 1511 246 1566 2i.
278 1512 421 1580 Quia
450 1530 559 1569 non
589 1514 697 1570 erit
731 1516 876 1571 ultra
898 1516 1079 1573 omnis
1109 1518 1247 1573 visio
1275 1517 1434 1582 falsa,
1460 1518 1533 1588 (r)
1563 1526 1618 1573 et
1648 1516 1736 1573 di-

153 1603 351 1658 vinans
381 1620 502 1673 quae
526 1604 950 1675 pulchritudinis
978 1606 1031 1660 in
1065 1607 1247 1662 medio
1284 1605 1520 1661 ﬁliorum
1561 1606 1739 1663 Israe-

151 1693 242 1748 lis.
282 1694 378 1749 25.
421 1696 562 1761 Quia
608 1711 709 1766 ego
751 1696 1018 1752 Dominus
1066 1697 1282 1768 loquar,
1332 1699 1526 1767 loquar
1566 1697 1735 1753 verba

152 1801 301 1851 mea,
331 1786 630 1853 etfaciam,
657 1799 843 1844 etnon
886 1790 1222 1862 prolongabo
1277 1790 1552 1860 amplius;
1608 1788 1739 1859 quia

151 1879 213 1934 in
241 1879 441 1936 diebus
476 1880 677 1937 vestris
710 1881 908 1937 domus
931 1904 1003 1931 ωδ
1032 1881 1247 1938 lsraelis
1276 1881 1299 1952 ζ
1348 1882 1608 1947 irritans;
1652 1881 1737 1935 lo-

150 1987 297 2041 quar
323 1973 573 2039 verbum,
621 1982 676 2029 et
708 1974 944 2043 faciam,
996 1975 1129 2031 dicit
1185 1974 1397 2031 Adonai
1450 1975 1735 2030 Dominus.

151 2064 247 2118 26.
293 2064 361 2119 Et
390 2065 590 2121 factum
623 2076 709 2122 est
746 2068 971 2123 verbum
1013 2067 1230 2124 Domini
1263 2069 1330 2124 ad
1361 2084 1471 2135 me,
1506 2067 1734 2124 dicens:

152 2156 249 2212 27.
284 2156 392 2213 Fili
422 2160 693 2224 hominis,
727 2174 856 2215 ecce
898 2160 1097 2216 domus
1130 2160 1344 2216 lsraelis
1372 2161 1618 2225 irritans,
1657 2159 1739 2214 di-

149 2249 331 2304 cendo
349 2250 538 2305 dicunt
563 2269 576 2305 :
602 2250 774 2313 Visio,
800 2266 963 2321 quam
988 2251 1077 2306 hic
1104 2252 1269 2317 videt,
1297 2251 1349 2304 in
1374 2251 1492 2306 dies
1514 2251 1736 2317 multos,

148 2340 206 2396 el
234 2342 288 2395 itt
322 2350 565 2411 tempora
598 2342 759 2412 longa
789 2342 891 2396 iste
914 2343 1225 2414 prophetat.
1259 2343 1352 2399 28.
1377 2343 1606 2413 Propter
1634 2342 1739 2397 hoc

149 2434 241 2488 dic
268 2434 339 2489 ad
374 2449 511 2489 eos:
549 2433 676 2489 Haec
710 2434 845 2490 dicit
884 2434 1095 2490 Adonai
1128 2433 1393 2491 Dominus
1422 2454 1433 2488 :
1466 2433 1582 2489 Non
1612 2450 1740 2505 pro-

149 2525 530 2597 longabuntur
556 2527 699 2582 ultra
734 2528 920 2582 omnia
967 2527 1132 2582 verba
1186 2543 1329 2592 mea,
1376 2543 1739 2598 quaecumque

148 2622 375 2677 locutus
410 2621 604 2676 fuero:
636 2622 831 2693 loquar
868 2621 1122 2684 verbum,
1159 2620 1230 2691 (ε)
1276 2628 1331 2676 et
1357 2620 1576 2687 faciam,
1607 2619 1742 2675 dicit

149 2716 369 2770 Adonai
393 2714 673 2771 Dominus.

224 2810 363 2880 Cap.
401 2809 541 2877 XIII,
584 2811 635 2864 1.
671 2809 740 2865 Ει
773 2809 976 2866 factum
1012 2817 1098 2866 est
1131 2809 1356 2865 verbum
1411 2806 1625 2861 Domini
1670 2805 1740 2861 ad

154 2919 263 2967 me,
304 2902 533 2958 dicens:
564 2903 619 2960 2.
651 2902 754 2958 Fili
796 2904 1060 2965 hominis,
1100 2902 1364 2973 propheta
1410 2916 1573 2971 super
1614 2915 1741 2970 pro-

153 2997 351 3065 phetas
378 2995 618 3061 Israelis,
646 3000 738 3065 qui
766 2996 1120 3066 prophetam,
1158 2999 1225 3063 ῖς(
1246 3003 1301 3049 et
1326 2994 1474 3049 dices
1501 2992 1740 3063 prophe-

157 3088 393 3189 tis,”qui
426 3088 754 3189 prephetant
778 3089 846 3143 de
890 3087 1059 3143 corde
1117 3103 1239 3153 suo,
1279 3097 1333 3143 et
1366 3086 1737 3157 prophetabis,
1767 3129 1811 3189 ο

158 3191 215 3234 et
238 3180 392 3253 dices
423 3181 490 3234 ad
524 3196 620 3235 eos
654 3180 676 3248 ζ
712 3199 725 3234 :
757 3181 957 3236 Audite
987 3181 1211 3234 verbum
1251 3179 1490 3234 Domini.
1522 3180 1576 3233 3.
1618 3178 1745 3233 Haec

158 3271 292 3327 dicit
334 3270 545 3325 Adonai
592 3270 893 3326 Dominus:
932 3270 1021 3325 Va:
1057 3270 1142 3325 his
1188 3270 1281 3340 qui
1317 3269 1642 3339 prophetant
1679 3267 1747 3321 de

158 3366 328 3423 corde
361 3381 486 3426 suo.
520 3366 587 3433 >κ
624 3365 1035 3420 ambulantibus
1062 3372 1189 3434 post
1218 3363 1471 3433 spiritum
1503 3376 1663 3416 suum
1696 3360 1744 3428 ζ,

159 3468 216 3514 et
252 3458 484 3512 omnino
510 3472 616 3510 non
653 3457 859 3511 vident.
897 3456 951 3509 4.
983 3454 1140 3510 Sicut
1186 3455 1377 3524 vulpes
1409 3454 1463 3507 in
1514 3452 1747 3507 desertis

162 3554 446 3621 propheta:
485 3551 588 3614 tui,
641 3547 826 3614 Israel,
865 3552 933 3617 ῖς(
961 3556 1119 3602 erant
1148 3546 1171 3616 ζ
1201 3563 1217 3601 :
1246 3547 1298 3601 5.
1342 3546 1407 3617 (ι)
1439 3560 1547 3600 non
1582 3552 1751 3599 stete-

164 3652 295 3698 runt
345 3643 399 3698 in
442 3642 740 3696 firmitate:
792 3650 847 3695 et
888 3646 1293 3710 congregarunt
1338 3652 1529 3708 greges
1584 3652 1751 3708 super

162 3737 388 3791 domum
420 3734 636 3789 lsraelis
663 3752 677 3788 :
714 3749 821 3788 non
870 3740 1309 3798 resurrexerunt,
1341 3730 1436 3799 qui
1473 3728 1663 3783 dicunt
1694 3728 1747 3782 in

163 3830 251 3882 die
283 3827 525 3888 Domini,
574 3826 631 3878 6.
675 3824 922 3878 videntes
961 3822 1266 3885 mendacia,
1315 3820 1391 3891 (υ)
1435 3818 1751 3874 divinantes

165 3938 305 3975 vana
342 3920 438 3990 qui
476 3920 706 3974 dicunt:
746 3915 889 3971 Dicit
920 3915 1186 3970 Dominus
1214 3931 1229 3982 ;
1262 3922 1318 3967 et
1354 3912 1617 3967 Dominus
1642 3926 1751 3965 non

166 4016 318 4070 misit
371 4028 489 4075 eos,
542 4020 597 4066 et
650 4018 941 4080 coeperunt
989 4009 1259 4063 suscitare
1318 4020 1648 4061 sermonem.
1700 4003 1750 4057 7.

168 4106 365 4161 Nonne
413 4105 679 4158 visionem
719 4102 980 4156 falsorum
1025 4098 1257 4162 vidistis,
1288 4109 1341 4153 et
1387 4096 1754 4152 divinationes

167 4216 345 4255 vanas
381 4196 652 4253 dixistis?
685 4197 755 4263 31(
795 4202 851 4249 et
891 4192 1107 4248 dixistis
1140 4210 1153 4246 :
1194 4191 1339 4245 Dicit
1364 4190 1667 4255 Dominus;
1702 4195 1757 4243 et

169 4309 273 4360 ego
307 4308 417 4346 non
448 4290 665 4345 locutus
709 4303 830 4343 sum
874 4287 922 4354 ζ.
958 4285 1010 4339 8.
1047 4287 1274 4353 Propter
1305 4284 1409 4337 hoc
1452 4283 1579 4337 dic:
1632 4280 1758 4335 Hac

167 4386 309 4441 dicit
338 4383 552 4438 Adouai
587 4381 892 4436 Dominus:
928 4379 1041 4431 Pro
1073 4393 1138 4431 eo
1178 4375 1324 4445 quod
1359 4374 1526 4428 verba
1577 4382 1756 4426 vestra

1845 495 2036 564 pulum
2075 508 2284 554 meum,
2309 492 2589 547 dicentes:
2620 487 2758 551 Pax,
2786 494 2841 541 et
2878 500 2986 538 non
3016 491 3135 537 crat
3164 496 3302 551 pax:
3339 478 3418 549 (π)

1843 595 1895 640 et
1938 586 2042 640 iste
2089 584 2323 640 aedificat
2366 582 2649 653 parietem,
2686 586 2741 632 et
2783 576 2872 631 isti
2914 575 3092 628 linunt
3137 588 3261 628 eum
3301 571 3421 627 sine

1848 679 2080 743 ratione,
2113 676 2342 730 malleus
2365 673 2523 729 cadet
2557 671 2605 738 ζ.
2640 671 2727 723 11.
2750 667 2845 721 Dic
2878 666 2944 720 ad
2975 680 3090 730 eos,
3122 664 3216 734 qui
3242 664 3422 716 linunt

1847 769 1965 825 sine
2000 769 2257 823 ratione:
2293 766 2483 831 Cadet,
2543 773 2598 819 et
2635 762 2742 817 erit
2789 758 2971 830 pluvia
3023 755 3318 819 inundans,
3367 762 3422 807 et

1845 860 1989 915 dabo
2020 860 2226 930 lapides
2253 856 2602 927 praegranch
2637 867 2701 909 -ι-
2733 853 2787 905 in
2817 851 3106 921 iuncturas
3139 862 3328 901 eorum
3368 844 3419 913 ζ,

1844 953 2066 1015 cadent,
2109 962 2163 1006 et
2218 959 2439 1005 ventum
2496 947 2859 1009 auferentem,
2908 951 2964 996 et
3026 940 3419 1006 disrumpetur.

1847 1046 1934 1100 i2.
1958 1044 2021 1099 Et
2045 1059 2171 1100 ecce
2200 1042 2393 1099 cecidit
2423 1039 2628 1110 paries,
2654 1036 2729 1107 (y)
2763 1044 2817 1090 et
2842 1049 2951 1087 non
2983 1032 3167 1086 dicent
3198 1028 3264 1082 ad
3290 1042 3419 1082 vos:

1844 1137 1949 1194 Ubi
1978 1147 2063 1193 est
2101 1136 2266 1191 litura
2298 1142 2505 1194 vestra,
2537 1145 2699 1200 quam
2735 1124 3035 1180 linivistis?
3070 1122 3156 1176 15.
3190 1119 3425 1189 Propter

1844 1230 1951 1284 hoc
1975 1211 2093 1281 haec
2132 1226 2265 1281 dicit
2304 1220 2515 1277 Adonai
2570 1218 2871 1272 Dominus:
2918 1213 3092 1267 Etiam
3137 1208 3420 1279 projieiam

1844 1323 2030 1378 ﬂatum
2066 1317 2405 1372 auferentem
2432 1327 2555 1367 cum
2593 1309 2780 1363 furore
2803 1322 2943 1370 meo,
2974 1312 3027 1359 et
3057 1300 3236 1373 pluvia
3259 1299 3421 1352 inun-

1843 1418 1983 1472 dans
2017 1412 2176 1468 inira
2210 1424 2332 1464 mea
2361 1408 2487 1470 erit,
2514 1413 2568 1458 et
2608 1402 2814 1472 lapides
2852 1396 3198 1469 przegrandes
3232 1394 3287 1446 iu
3340 1391 3424 1445 fu-

1844 1525 1970 1567 rore
1994 1508 2247 1563 inducam
2284 1503 2339 1556 in
2366 1496 2896 1555 consummationem
2927 1510 2941 1545 :
2977 1490 3064 1544 14.
3104 1497 3156 1542 et
3181 1492 3421 1541 evertam

1845 1603 2132 1676 parietem,
2156 1611 2319 1669 quem
2349 1590 2631 1652 linivistis,
2659 1597 2720 1643 ut
2759 1587 2919 1642 cadat
2943 1602 2957 1637 :
2990 1593 3045 1638 et
3067 1593 3268 1651 ponam
3294 1590 3423 1631 eum

1848 1670 2013 1767 super
2051 1703 2276 1756 terram,
2312 1698 2367 1745 et
2409 1687 2730 1755 detegentur
2782 1676 3135 1732 fundamenta
3181 1670 3322 1740 ejus,
3369 1673 3426 1720 et

1771 1765 1816 1826 Β
1845 1765 2043 1855 cadet,
2077 1796 2132 1842 et
2178 1790 2533 1841 consumetur
2584 1790 2710 1831 cum
2762 1765 3323 1842 reprehensionibus,
3370 1765 3428 1814 et

1846 1852 2208 1953 cognoscetis,
2258 1875 2384 1945 quia
2417 1886 2519 1943 ego
2567 1867 2853 1921 Dominus.
2892 1862 2983 1917 15.
3023 1860 3085 1913 Et
3126 1852 3415 1953 complebo

1848 1974 2087 2030 furorem
2124 1983 2306 2024 meum
2355 1979 2519 2034 super
2548 1959 2809 2031 parietem
2833 1996 2847 2021 ,
2877 1962 2931 2009 et
2986 1965 3154 2020 super
3185 1961 3301 2011 eos,
3328 1941 3424 2013 qui

1847 2067 2027 2123 linunt
2062 2077 2213 2130 eum,
2242 2068 2295 2113 et
2326 2056 2505 2113 cadet.
2543 2052 2612 2106 Et
2647 2050 2758 2105 dixi
2789 2048 2855 2103 ad
2900 2061 3034 2100 vos:
3067 2040 3184 2096 Non
3216 2046 3300 2094 est
3326 2048 3425 2100 pa-

1846 2158 1981 2223 ries,
2046 2127 2226 2223 neque
2284 2148 2380 2218 qui
2429 2145 2611 2199 linunt
2659 2155 2806 2196 eum.
2856 2136 2945 2191 16.
3010 2132 3084 2204 (z)
3145 2127 3429 2223 Propheta:

1846 2215 2099 2312 Israelis,
2136 2215 2230 2314 qui
2293 2215 2623 2311 prophetam
2679 2246 2847 2302 super
2888 2223 3213 2287 Jerusalem,
3245 2228 3300 2274 et
3332 2215 3427 2287 qui

1846 2343 2033 2398 vident
2062 2307 2111 2395 ei
2142 2307 2353 2408 pacem,
2379 2307 2435 2386 et
2464 2344 2566 2399 pax
2603 2340 2711 2379 non
2746 2330 2852 2385 est,
2895 2316 3031 2374 dicit
3077 2309 3289 2367 Adonai
3318 2307 3426 2360 Do-

1847 2435 2051 2490 minus.
2086 2400 2175 2484 ti.
2239 2425 2306 2479 Et
2366 2432 2446 2488 tu,
2509 2418 2583 2474 fili
2633 2412 2892 2476 hominis,
2951 2407 3180 2462 obtirma
3232 2400 3424 2456 faciem

1848 2535 1997 2581 tuam
2051 2536 2215 2592 super
2254 2516 2393 2572 tilias
2435 2511 2618 2584 populi
2676 2506 2780 2573 tui,
2830 2497 2923 2574 qui
2979 2491 3430 2592 prophetantnde

1847 2619 2014 2675 corde
2044 2583 2169 2677 suo,
2198 2621 2251 2667 et
2272 2583 2533 2678 prepheta
2558 2617 2722 2671 super
2744 2613 2859 2663 eas,
2890 2592 2974 2648 18.
2998 2601 3052 2645 et
3077 2590 3225 2644 dices
3253 2604 3267 2640 :
3300 2583 3428 2678 Haec

1848 2708 1985 2766 dicit
2016 2703 2227 2761 Adonai
2281 2699 2583 2754 Dominus:
2618 2693 2709 2747 Va:
2748 2689 2857 2753 his,
2893 2685 2985 2755 qui
3027 2685 3300 2737 consunnt
3350 2674 3428 2745 (α)

1848 2798 2139 2858 cervicalia
2175 2794 2363 2851 subter
2385 2802 2601 2846 omnem
2631 2782 2878 2838 cubitum
2904 2789 3125 2837 manus,
3148 2781 3201 2825 et
3224 2768 3430 2823 faciunt

1847 2892 2117 2950 velamina
2148 2886 2225 2959 (b)
2252 2899 2418 2954 super
2445 2895 2609 2936 omne
2639 2882 2807 2944 caput
2842 2871 3021 2925 omnis
3065 2872 3307 2926 staturae,
3361 2859 3426 2912 ad

1849 2956 2286 3059 perturbandum
2318 2975 2570 3030 animas:
2606 2967 2676 3039 (c)
2716 2966 2912 3020 anima:
2944 2956 3271 3031 perturbata:
3303 2959 3433 3006 sunt

1850 3043 2040 3153 populi
2111 3072 2239 3137 mei,
2295 3078 2352 3124 et
2388 3066 2600 3121 animas
2648 3057 2972 3115 liberabant.
3010 3052 3098 3106 19.
3151 3047 3212 3101 Et
3250 3043 3433 3153 profa-

1847 3135 2054 3229 riabaut
2092 3179 2182 3221 me
2217 3135 2285 3216 ad
2339 3156 2601 3228 populum
2651 3164 2833 3206 meum
2884 3151 3106 3216 propter
3163 3135 3430 3209 pugillum

1847 3263 2063 3329 hordei,
2088 3269 2143 3315 et
2171 3266 2392 3328 propter
2422 3250 2723 3319 fragmenta
2756 3241 2935 3312 panis,
2972 3234 3039 3289 ad
3070 3230 3429 3287 occidendum

1848 3362 2085 3423 animas,
2117 3367 2257 3425 quas
2290 3362 2397 3402 non
2421 3340 2663 3414 oportuit
2693 3335 2855 3398 mori,
2894 3340 2949 3386 et
2978 3329 3045 3382 ad
3077 3320 3427 3380 liberandum

1851 3455 2083 3515 animas,
2116 3461 2256 3519 quas
2293 3457 2402 3497 non
2433 3432 2676 3506 oportuit
2708 3429 2913 3491 vivere,
2964 3436 3089 3476 cum
3138 3412 3438 3519 emsimlo-

2116 3503 2318 3611 populo
2358 3503 2598 3587 audienti
2640 3521 2863 3578 concisa
2916 3514 3081 3570 verba
3110 3523 3273 3619 vana.
3337 3503 3433 3557 20.

1852 3600 2081 3708 Propter
2104 3600 2206 3688 hoc
2235 3631 2350 3684 hzec
2373 3624 2507 3681 dicit
2540 3616 2803 3673 Dominus
2836 3609 3100 3665 Dominus
3126 3622 3139 3658 :
3171 3600 3309 3708 Ecce
3337 3612 3437 3697 ego

1853 3687 2019 3799 super
2049 3720 2339 3781 cervicalia
2374 3725 2579 3775 vestra,
2615 3722 2780 3778 super
2810 3717 2933 3773 qua:
2972 3699 3050 3767 (Δ)
3105 3687 3438 3799 perturbatis

1854 3779 1953 3878 ibir
1969 3819 2181 3876 animas
2202 3834 2217 3868 :
2240 3823 2294 3868 et
2326 3808 2632 3864 discindam
2663 3814 2727 3856 ea
2758 3799 2824 3852 de
2852 3791 3091 3849 brachiis
3116 3783 3334 3848 vestris,
3365 3779 3434 3848 (e)

1854 3926 1911 3972 et
1943 3914 2190 3971 emittam
2233 3903 2468 3964 animas,
2505 3911 2641 3966 quas
2693 3906 2792 3945 vos
2823 3884 3068 3943 evertitis
3092 3880 3307 3935 animas
3341 3890 3438 3929 eo-

1855 4023 1980 4064 rutu
2015 4005 2069 4059 in
2110 3998 2506 4070 dispersiouem
2537 4008 2550 4045 :
2580 3997 2633 4043 et
2680 3981 2986 4040 discindam
3029 3972 3302 4029 velamina
3340 3980 3434 4021 ve-

1856 4109 1991 4161 stra,
2024 4102 2079 4147 et
2106 4069 2352 4145 liberabo
2401 4080 2663 4154 populum
2705 4088 2887 4129 meum
2947 4085 2978 4125 e
3022 4078 3188 4121 manu
3220 4069 3439 4127 vestra,

1856 4201 1911 4247 et
1935 4204 2043 4243 non
2074 4191 2237 4239 erunt
2265 4182 2408 4234 ultra
2432 4176 2484 4229 in
2523 4170 2779 4226 manibus
2814 4163 3012 4219 vestris
3065 4160 3120 4213 in
3151 4154 3441 4213 conturba-

1862 4244 2060 4337 iionem
2094 4293 2108 4329 :
2142 4282 2196 4328 et
2230 4266 2597 4340 cognoscetis,
2628 4259 2774 4331 quod
2800 4274 2900 4327 ego
2935 4253 3216 4308 Dominus.
3246 4247 3337 4302 22.
3372 4244 3440 4315 (Γ)

1858 4373 1965 4427 Pro
1989 4385 2053 4424 eo
2076 4364 2221 4439 quod
2244 4357 2646 4435 perturbabatis
2678 4368 2773 4407 cor
2800 4350 2937 4421 justi
2978 4345 3202 4412 injuste,
3246 4351 3301 4396 et
3338 4354 3442 4409 ego

170 4475 484 4538 mendacia,
535 4481 590 4528 et
642 4471 1009 4527 divinationes
1053 4476 1248 4522 vestrae
1304 4480 1475 4529 vanae,
1533 4473 1755 4534 propter
1786 4470 1831 4526 D
1861 4480 1969 4519 non
2012 4436 2401 4531 perturbabam
2438 4465 2587 4515 eum,
2630 4454 2685 4501 et
2717 4444 2785 4499 ad
2818 4436 3284 4497 corroborandum
3320 4447 3439 4486 ma-

173 4570 280 4623 hoe
319 4582 450 4622 ecce
507 4582 610 4635 ego
662 4579 826 4633 super
876 4576 998 4625 vos,
1033 4560 1167 4614 dicit
1207 4557 1418 4611 Adonai
1461 4556 1751 4619 Dominus,

172 4658 231 4713 9.
260 4666 316 4713 et
348 4657 638 4713 extendam
669 4669 890 4708 manum
924 4666 1100 4706 meam
1132 4663 1296 4718 super
1317 4648 1629 4716 prophetas,
1659 4646 1753 4716 qui

174 4751 364 4806 vident
395 4747 703 4811 mendacia,
734 4755 788 4801 et
816 4744 907 4814 qui
938 4744 1123 4799 caesim
1150 4741 1452 4810 loquuntur
1484 4754 1625 4793 vana
1655 4756 1666 4792 :
1701 4736 1755 4791 in

176 4842 474 4913 disciplina
511 4840 694 4911 populi
720 4838 824 4893 mei
855 4852 963 4891 non
1009 4843 1191 4895 erunt,
1218 4854 1291 4881 ως
1313 4841 1367 4887 et
1397 4833 1453 4886 in
1483 4833 1755 4902 scriptura

177 4937 383 4992 domus
434 4933 713 5002 lsraelis:
770 4946 879 4985 non
934 4929 1276 4992 scribentur,
1340 4934 1394 4981 et
1445 4927 1496 4978 in
1552 4932 1756 4979 terram

179 5030 401 5087 lsraelis
424 5044 532 5083 non
562 5026 955 5097 ingredientur,
984 5033 1039 5079 et
1078 5022 1271 5087 scient,
1300 5019 1444 5092 quod
1486 5034 1586 5089 ego
1630 5034 1753 5073 sum

257 5246 340 5314 ,p)
390 5238 476 5299 8..
517 5252 628 5314 non
654 5233 1083 5314 priimam-erit;

185 5305 388 5384 (s)"S.,
432 5317 485 5363 et
508 5306 672 5384 simul
728 5305 838 5359 ﬁet.

187 5379 285 5456 pro
316 5399 384 5437 eo
423 5379 570 5456 quod
603 5384 829 5456 starent,

188 5669 447 5722 liberare.

186 5738 351 5794 Datis.

1192 5230 1265 5301 (ᾳ)
1325 5228 1409 5296 8.,
1444 5228 1606 5301 etiam
1662 5243 1738 5298 qu

1851 5238 1953 5279 tere
2001 5218 2219 5275 "aCialn.
2309 5218 2381 5283 (τ)
2415 5218 2523 5292 ’δὀν
2548 5280 2557 5289 .
2578 5218 2633 5263 et
2666 5220 2775 5260 non
2805 5218 3391 5301 GlYlﬂall‘9l.lll:al)l‘;u'l;uli2

2254 5300 2257 5301 ν
2320 5288 2589 5301 λκμ---η--ρ
2632 5289 2812 5301 ..η-...ν-
2847 5284 2986 5301 mw...
3045 5283 3058 5301 ι
3085 5282 3097 5301 ι
3236 5278 3289 5301 ς.
3327 5278 3353 5301 ι,

959 5260 1083 5287 cus.
1192 5260 1265 5301 μη
1325 5260 1409 5296 υ.,
1444 5260 1606 5284 cudi"
1662 5260 1953 5298 ιιυιυοιυιν
2002 5260 2219 5275 "ww..."
2310 5260 2379 5283 VI
2415 5260 2523 5292 ’τῇ
2548 5280 2557 5289 .
2589 5260 2602 5263 _
2881 5274 2890 5283 .
3044 5270 3054 5280 I
3086 5266 3096 5276 .
3384 5260 3391 5269 Ι

930 5306 994 5373 (ι)
1045 5302 1127 5368 8.,
1178 5317 1283 5373 non
1321 5299 1642 5373 ascendistis
1682 5301 1752 5373 in
1795 5305 2054 5373 rupturae
2092 5260 3449 5373 nequeAseptwstts‘segemnctg-Ieanltltggigﬁrag‘ﬁ,

874 5367 1017 5429 sicut
1045 5367 1299 5429 inbello.
1328 5372 1383 5423 in
1417 5369 1505 5423 die
1540 5367 1779 5421 Domini.

185 5424 385 5512 ﬁcabat
416 5424 673 5521 plarietem
725 5424 868 5521 sith
892 5424 1198 5521 dirutum}.
1220 5424 1299 5521 illi
1331 5450 1511 5521 autem
1572 5438 1833 5521 liniebant
1859 5424 2161 5521 ieumpnon
2182 5424 2453 5521 Iconqdito.

188 5502 509 5581 infitiata
559 5514 1054 5588 quam_linivistis?
1135 5502 1206 5584 (ὲ)
1255 5510 1345 5588 _S.,
1386 5509 1481 5564 sed
1530 5510 1810 5588 prephetze
1859 5502 2100 5582 lsraelis.

186 5572 491 5651 Effviééﬁi.
568 5572 661 5712 3c)
715 5586 798 5653 8.,
853 5588 1065 5640 animas
1110 5572 1453 5637 venabantur
1501 5572 1703 5648 p'opu'lo
1759 5592 1920 5641 meo;
1979 5572 2193 5627 animas
2251 5574 2435 5619 autem

188 5669 447 5712 lilmrare.
556 5659 572 5712 ί
619 5669 634 5706 t
681 5654 1043 5712 S..venamini
1091 5653 1325 5712 animas.
1375 5649 1531 5712 quasi
1561 5649 1824 5705 volarent.
1906 5648 1977 5712 (e)
2020 5641 2103 5709 8.,
2138 5646 2192 5696 et
2215 5636 2435 5693 dimitta‘

556 5636 1059 5730 (Ji’sf,'éetiéiimii'
1091 5636 1325 5720 animas,
1375 5636 1531 5721 quasi
1561 5636 1824 5705 volarent.
1906 5636 1977 5717 (e)
2020 5641 2103 5709 8.,
2138 5646 2192 5696 et
2215 5636 2507 5693 dimittam.

1865 4571 1969 4610 nus
1994 4550 2192 4621 iniqui,
2215 4558 2276 4603 ut
2304 4544 2528 4601 omnino
2559 4556 2665 4595 non
2696 4553 2755 4593 se
2783 4541 3049 4589 averteret
3078 4551 3149 4579 ωο
3174 4530 3241 4582 ah
3290 4525 3441 4594 inju-

1864 4646 2012 4702 stitia
2052 4619 2172 4710 sua,
2204 4648 2259 4695 et
2286 4640 2310 4709 ζ
2345 4654 2375 4693 a
2404 4637 2495 4689 via
2521 4649 2619 4689 sua
2649 4630 2814 4692 mala,
2842 4635 2896 4681 et
2925 4624 3135 4677 viveret
3161 4639 3176 4688 ;
3198 4619 3289 4673 25.
3324 4632 3445 4686 pro-

1862 4748 1985 4811 pter
2027 4737 2133 4791 hoc
2160 4709 2445 4788 mendacia
2489 4741 2597 4780 non
2647 4718 2927 4782 videbitis,
2978 4722 3035 4770 et
3081 4709 3447 4765 divinationes

1865 4804 1976 4886 non
1999 4823 2312 4883 divinabitis
2329 4819 2563 4890 amplius
2588 4835 2602 4869 :
2630 4824 2685 4869 et
2702 4810 2952 4867 liberabo
2971 4804 3231 4877 populqu
3266 4811 3447 4853 meum

1865 4925 1933 4981 de
1970 4936 2135 4977 manu
2158 4922 2436 4979 vcstra,et
2465 4904 2831 4981 cognoscetis,
2865 4900 2996 4972 quia
3028 4912 3128 4966 ego
3159 4892 3445 4947 Dominus.

1935 5014 2066 5086 Cap.
2092 5009 2235 5077 XIV,
2275 5009 2328 5063 1.
2358 5006 2426 5061 Et
2458 4980 2725 5058 venerunt
2748 4996 2814 5052 ad
2851 5009 2942 5049 me
2972 4990 3074 5046 viri
3105 4989 3172 5044 de
3217 4980 3451 5041 seniori.

2309 5210 2381 5283 (r)
2416 5208 2523 5283 8.,
2548 5280 2557 5283 _
2578 5217 2633 5263 et
2666 5220 2775 5260 non
2805 5189 3444 5283 divinati‘olubr'icitat'is.

2567 5329 2784 5418 (τῆς,
2815 5352 2868 5396 et
2901 5329 3452 5418 ipsepuidemyatdi-

2556 5399 2641 5488 (ω’
2679 5399 2783 5488 8.,’
2805 5399 2984 5488 aunbn
3019 5399 3231 5488 dicetur
3253 5399 3449 5488 vobis:

2180 5478 2256 5567 (e)
2292 5493 2373 5557 8.,
2432 5478 2627 5545 strata:
2702 5486 2776 5606 ab)
2836 5483 2924 5543 8.,
2987 5478 3174 5532 subter
3233 5484 3451 5551 omnem

2180 5585 2192 5606 ι
2252 5574 2433 5606 nullum
2484 5559 2641 5606 voltis
2697 5552 2916 5606 tixistis
2948 5549 3008 5606 (i.
3046 5563 3098 5602 e.
3147 5540 3451 5606 studmstns)

2484 5540 2641 5615 vobis
2697 5540 2919 5608 diiistis
2948 5549 3008 5620 (i.
3046 5563 3098 5602 e.
3146 5540 3452 5620 studuistis)

2600 5627 2666 5699 (ι’)
2707 5623 2791 5692 8.,
2818 5623 2891 5680 ob
2920 5616 2971 5678 id
3013 5616 3162 5690 quod
3230 5621 3454 5682 torque-

1871 5354 1950 5435 ζει)
2003 5361 2059 5415 in
2102 5354 2460 5435 divinatione.
