3864 6220
449 273 590 332 2707

1565 293 1795 350 CODEX
1836 288 2631 349 SYRIACO-HEXAPLARIS.

3575 292 3716 346 2708

445 396 548 450 bus
603 394 840 463 Israelis,
881 410 934 454 et
987 406 1248 460 sederunt
1281 423 1466 463 coram
1509 411 1647 467 faeie
1680 427 1822 467 mea.
1854 414 1910 467 2.
1953 415 2020 468 Et
2052 415 2090 468 Α
2123 424 2338 471 eorum,
2386 417 2480 462 aut
2530 408 2652 461 ﬁlia:
2685 420 2876 461 eorum
2931 409 3324 473 servabuntur,
3363 407 3458 463 sed
3514 409 3560 463 si
3611 409 3712 476 ipsi

446 489 648 542 factum
674 500 758 543 est
785 492 1010 547 verbum
1048 494 1265 552 Domini
1305 500 1372 554 ad
1402 517 1508 565 me,
1540 503 1729 559 dicens
1756 519 1771 556 :
1822 505 1876 558 '5.
1927 504 2028 561 Fili

447 577 712 646 hominis,
760 584 862 636 viri
902 585 994 638 isti
1028 601 1332 655 posuerunt
1381 593 1456 662 (g)
1511 597 1872 664 cogitationes
1902 614 2031 653 suas

448 689 613 741 super
653 674 815 728 corda
849 692 970 742 sua,
991 689 1043 732 et
1066 697 1269 750 ponere
1297 686 1349 738 in
1381 686 1559 754 capita
1591 689 1651 756 (i.
1684 703 1733 743 e.
1764 695 2032 745 attrahere

447 768 678 838 pwnam)
703 769 1097 837 injustitiarum
1134 791 1359 829 suarum
1394 792 1693 846 posuerunt
1726 783 1802 851 (It)
1841 798 2028 837 coram

449 857 692 913 faciehus
752 862 912 916 suis:
970 864 1014 916 si
1075 867 1459 934 respondendo
1513 875 1853 942 respondebo
1913 877 2034 930 eis?

447 951 501 1006 4.
535 951 762 1024 Pr0pter
812 957 916 1010 hoc
956 959 1179 1029 loquere
1220 964 1318 1028 eis,
1369 975 1421 1018 et
1455 965 1607 1021 dices
1630 968 1694 1020 ad
1731 986 1862 1024 eos:
1906 970 2034 1028 Haec

447 1043 582 1099 dicit
633 1046 841 1102 Adonai
905 1049 1210 1109 Dominus:
1277 1054 1494 1120 llomo,
1535 1059 1698 1114 homo
1740 1062 1807 1115 de
1867 1064 2033 1119 domo

448 1133 686 1203 Israelis,
724 1141 817 1208 qui
849 1145 1094 1210 posuerit
1129 1146 1484 1216 c0gilaliones
1521 1167 1686 1220 super
1727 1168 1824 1207 cor
1846 1171 2031 1222 suum,

447 1239 502 1281 et
561 1239 892 1287 tormentum
952 1236 1231 1304 injustitia:
1289 1255 1402 1294 sua:
1452 1244 1786 1298 ordinaverit
1845 1264 2031 1302 coram

451 1323 587 1375 l'acie
609 1341 730 1389 sua,
768 1337 820 1380 et
850 1329 1060 1382 venerit
1085 1330 1150 1384 ad
1184 1333 1539 1401 prophetam,
1575 1337 1643 1404 χ
1683 1336 1751 1390 ad
1796 1340 2030 1394 interro-

448 1416 684 1486 gandum
723 1433 846 1472 eum
880 1422 933 1474 in
967 1437 1053 1476 me
1080 1422 1128 1490 ζ,
1169 1439 1270 1493 ego
1298 1424 1563 1482 Dominus
1598 1430 1661 1497 (ἰ)
1691 1434 2034 1500 respondebo

447 1509 496 1560 ei
532 1509 582 1561 in
613 1510 718 1576 his,
751 1512 803 1565 in
848 1514 1050 1582 quibus
1084 1526 1298 1570 tenetur
1333 1534 1485 1574 luens
1508 1519 1648 1589 ejus,
1676 1523 1728 1576 5.
1760 1523 1833 1592 (Is)
1867 1534 1925 1579 ut
1970 1525 2032 1596 (ι)

449 1610 719 1657 averteret
747 1603 970 1660 domum
1009 1604 1226 1664 lsraclis
1261 1613 1564 1666 secundum
1615 1617 1779 1670 corda
1814 1632 2029 1684 eorum,

446 1711 570 1764 qua:
631 1696 955 1752 abalienata:
1013 1713 1144 1754 sunt
1189 1717 1218 1755 a
1273 1719 1360 1757 me
1398 1705 1759 1770 cogitationes
1817 1724 2028 1764 eorum.

442 1784 500 1840 6.
546 1786 781 1858 Propter
815 1791 919 1845 hoc
961 1793 1050 1847 dic
1083 1794 1147 1848 ad
1180 1795 1402 1849 domum
1457 1795 1710 1853 Israelis:
1747 1802 1861 1855 base
1900 1802 2034 1858 dicit

449 1877 714 1936 Dominus
769 1882 1070 1940 Dominus:
1131 1889 1536 1954 convertimini,
1595 1901 1649 1945 et
1719 1893 1961 1950 recedite
1999 1911 2031 1951 a

442 1971 644 2025 studiis
678 1975 898 2042 vestris,
927 1988 980 2031 et
1009 1979 1077 2032 ab
1107 1981 1361 2036 omnibus
1395 1982 1771 2052 impietatibus
1812 1990 2028 2055 vestris,

439 2074 498 2114 et
528 2067 832 2121 convertite
893 2068 1059 2124 facies
1099 2081 1312 2127 vestras
1350 2096 1421 2122 σου
1446 2077 1512 2130 ad
1578 2092 1663 2132 me
1705 2078 1751 2146 ζ.
1806 2081 1857 2134 7.
1894 2081 2029 2148 Quia

445 2155 635 2220 homo,
677 2158 841 2212 homo
864 2162 930 2215 de
963 2161 1130 2216 domo
1170 2164 1407 2233 Israelis,
1457 2178 1511 2224 et
1552 2169 1620 2224 de
1657 2173 1904 2240 advenis,
1937 2176 2029 2244 qui

443 2250 612 2303 additi
645 2263 772 2306 sunt
807 2254 860 2307 in
889 2253 1106 2322 lsraele,
1137 2260 1468 2331 quicumque
1497 2263 1841 2322 abalienatus
1867 2267 2032 2322 fuerit

441 2353 472 2394 π
504 2357 610 2407 me,
636 2352 689 2397 et
713 2347 955 2413 posuerit
985 2350 1348 2420 cogitationes
1381 2370 1508 2408 suas
1534 2371 1698 2426 super
1718 2374 1814 2412 cor
1844 2375 2027 2426 suum,

439 2441 494 2485 et
531 2448 730 2502 ponere
769 2436 821 2489 in
853 2450 1018 2508 caput
1054 2441 1114 2511 (i.
1145 2457 1195 2496 e.
1229 2445 1498 2500 attrahere
1537 2450 1770 2519 poenam)
1798 2449 2029 2519 justitize

439 2540 554 2579 sum
613 2527 947 2586 ordinaverit
981 2548 1163 2588 coram
1237 2536 1377 2593 facie
1422 2555 1542 2605 sua,
1607 2550 1662 2595 et
1700 2545 1910 2598 venerit
1963 2546 2029 2598 ad

441 2618 787 2688 prophetam,
829 2623 895 2677 ad
933 2624 1386 2698 interrogandum
1415 2647 1540 2686 eum
1569 2633 1622 2688 in
1659 2651 1766 2699 me,
1797 2636 1892 2707 (πη)
1929 2654 2031 2706 ego

448 2709 712 2766 Dominus
738 2717 1085 2785 respondebo
1115 2721 1162 2774 ei
1205 2721 1258 2775 in
1292 2738 1358 2778 eo
1391 2739 1501 2794 quo
1534 2735 1750 2781 tenetur
1787 2727 1839 2781 in
1890 2729 2028 2798 ipso.

444 2799 500 2854 8.
553 2799 619 2855 Et
645 2804 954 2861 obﬁrmabo
983 2809 1181 2866 faciem
1210 2829 1388 2868 meam
1435 2831 1604 2886 super
1649 2817 1929 2874 hominem
1963 2821 2029 2874 il-

445 2889 578 2956 lum,
609 2894 686 2966 (η)
735 2905 788 2951 et
821 2914 1017 2968 ponam
1059 2918 1184 2958 eum
1227 2905 1304 2977 (ο)
1338 2907 1393 2962 in
1445 2908 1746 2974 desertum,
1789 2933 1862 2959 om
1891 2921 1945 2967 et
1976 2913 2028 2966 in

443 2988 854 3055 corruptionem
909 2992 957 3060 ζ,
999 3003 1052 3047 et
1097 2996 1280 3050 tollam
1330 3014 1454 3052 eum
1506 2999 1573 3055 de
1624 3003 1806 3056 medio
1845 3005 2027 3074 populi

2134 501 2234 554 soli
2262 503 2646 564 servabuntur,
2684 511 2824 554 terra
2858 509 3040 556 autem
3089 504 3190 556 erit
3228 502 3280 556 in
3329 501 3712 570 perditionem.

2137 595 2221 648 17.
2249 596 2357 648 Aut
2383 599 2428 650 si
2463 595 2530 665 (δ)
2556 595 2720 650 etiam
2752 596 2989 666 gladium
3035 597 3288 651 inducam
3318 613 3485 666 super
3514 606 3714 651 terram

2137 686 2370 750 illam,et
2397 688 2575 741 dicam
2601 707 2612 742 :
2638 687 2860 742 Gladius
2888 697 3131 744 transeat
3160 706 3258 760 per
3284 700 3509 753 terram,
3536 701 3590 745 et
3608 690 3714 742 tol-

2136 779 2242 832 lam
2277 781 2344 834 de
2371 796 2433 834 ea
2465 780 2742 834 hominem
2779 781 3183 850 etjumentum.
3219 784 3304 838 18.
3353 782 3419 836 Ει
3457 793 3571 837 tres
3614 784 3710 836 viri

2135 871 2224 924 isti
2270 872 2323 924 in
2366 873 2548 926 medio
2595 873 2716 941 ejus
2759 872 2980 940 fuerint,
3013 876 3139 930 vivo
3188 890 3308 945 ego,
3339 877 3471 930 dicit
3503 876 3713 930 Adonai

2136 964 2420 1030 Dominus,
2459 981 2566 1020 non
2603 966 2914 1022 liberabunt
2942 968 3103 1034 ﬁlios,
3139 979 3235 1023 aut
3261 969 3423 1037 ﬁlias,
3453 991 3523 1017 εισο
3566 970 3659 1024 sed
3689 969 3710 1035 ζ

2135 1057 2236 1126 ipsi
2277 1058 2378 1112 soli
2413 1060 2808 1114 servabuntur.
2847 1060 2932 1114 19.
2969 1063 3076 1116 Aut
3122 1060 3186 1132 (t)
3237 1062 3283 1115 si
3311 1078 3530 1131 quoque
3567 1078 3714 1115 mor-

2135 1156 2243 1200 tem
2299 1147 2588 1202 immittam
2623 1165 2788 1219 super
2844 1159 3047 1205 terram
3096 1152 3280 1216 illam,
3333 1162 3386 1206 et
3439 1152 3715 1206 effundam

2136 1237 2376 1294 furorem
2422 1257 2602 1293 meum
2635 1257 2801 1310 super
2830 1257 2948 1297 eam
2999 1243 3053 1297 in
3107 1246 3395 1313 sanguine.
3427 1244 3494 1298 ad
3530 1245 3718 1298 delen-

2135 1331 2264 1384 dum
2306 1348 2371 1386 ex
2402 1348 2463 1386 ea
2507 1333 2788 1388 hominem
2823 1345 2875 1388 et
2902 1334 3240 1404 jumentum,
3265 1336 3355 1389 20.
3390 1346 3441 1389 et
3473 1336 3610 1400 Noe,
3667 1348 3720 1391 et

2138 1423 2344 1488 Daniel,
2378 1435 2429 1479 et
2458 1424 2560 1479 Job
2585 1425 2637 1479 in
2668 1427 2848 1481 medio
2880 1427 3022 1496 ejus,
3040 1428 3163 1481 vivo
3193 1444 3317 1498 ego,
3349 1429 3478 1483 dicit
3505 1429 3721 1483 Adonai

2139 1508 2424 1577 Dominus,
2461 1513 2507 1566 si
2564 1513 2682 1577 lilii,
2738 1523 2833 1568 aut
2887 1514 3012 1570 ﬁlia:
3070 1516 3467 1587 relinquentur,
3520 1519 3628 1586 ipsi
3669 1521 3720 1574 in

2131 1602 2353 1672 justitia
2393 1621 2490 1658 sua
2532 1605 2842 1662 liberabunt
2873 1609 3086 1663 animas
3118 1625 3266 1664 suas.
3301 1610 3392 1663 2t.
3428 1610 3554 1666 Haec
3589 1612 3723 1666 dicit

2137 1695 2348 1749 Adonai
2395 1694 2659 1753 Dominus
2697 1714 2712 1755 :
2748 1697 2804 1753 Si
2865 1709 3044 1754 autem
3079 1710 3132 1755 et
3201 1712 3439 1770 quatuor
3480 1703 3722 1758 ultiones

2139 1799 2289 1840 meas
2317 1787 2512 1852 malas,
2545 1787 2808 1857 gladium,
2842 1797 2898 1844 et
2930 1788 3152 1857 famem,
3186 1802 3239 1846 et
3285 1792 3490 1846 bestias
3519 1794 3720 1858 malas,

2134 1886 2188 1930 et
2210 1889 2439 1933 mortem
2471 1879 2752 1935 immisero
2780 1896 2946 1951 super
2970 1881 3299 1948 Jerusalem,
3318 1885 3384 1938 ad
3409 1885 3711 1940 delendum

2133 1983 2198 2022 ex
2241 1984 2303 2022 ea
2343 1969 2621 2024 hominem
2653 1978 2707 2024 et
2728 1969 3056 2040 jumentuin.
3091 1972 3182 2025 22.
3217 1973 3297 2041 (u)
3325 1972 3388 2027 Et
3414 1989 3541 2028 ecce
3578 1978 3721 2029 resi-

2135 2062 2226 2116 dui
2271 2063 2325 2115 in
2359 2077 2445 2124 ea,
2480 2063 2575 2132 qui
2607 2063 2808 2118 servati
2842 2080 2910 2118 ex
2945 2079 3029 2129 ea,
3083 2064 3186 2134 ipsi
3217 2065 3450 2119 educent
3479 2065 3621 2118 ﬁlios
3667 2075 3724 2120 et

2134 2156 2298 2219 ﬁlias,
2326 2172 2452 2210 ecce
2479 2156 2581 2226 ipsi
2617 2156 2968 2227 egredientur
2988 2159 3054 2212 ad
3087 2172 3208 2221 vos,
3241 2158 3323 2228 (π)
3353 2168 3408 2212 et
3457 2159 3722 2215 videbitis

2135 2251 2252 2305 vias
2274 2266 2488 2314 eorum,
2519 2261 2572 2303 et
2600 2249 2675 2320 (y)
2701 2251 3063 2320 cogitationes
3095 2267 3312 2317 eorum,
3345 2264 3398 2306 et
3428 2253 3722 2323 paenitebit

2136 2358 2232 2397 vos
2261 2359 2426 2411 super
2465 2342 2648 2408 malis,
2686 2358 2809 2412 qua:
2841 2344 3030 2396 induxi
3076 2359 3242 2413 super
3274 2342 3605 2411 Jerusalem,
3643 2347 3720 2418 (ι)

2135 2435 2394 2490 omnibus
2421 2435 2601 2500 malis,
2636 2451 2760 2506 quae
2787 2435 2975 2490 induxi
3003 2451 3169 2504 super
3197 2452 3339 2491 eam.
3371 2437 3459 2491 23.
3493 2438 3559 2491 Et
3586 2455 3722 2493 con-

2135 2527 2461 2580 solabuntur
2525 2543 2655 2592 vos,
2714 2527 2841 2596 quia
2904 2528 3156 2582 videbitis
3203 2529 3322 2583 vias
3377 2546 3590 2594 eorum,
3656 2543 3710 2587 et

2135 2620 2508 2690 cogitationes
2555 2637 2770 2684 eorum,
2823 2630 2876 2675 et
2919 2623 3103 2676 scietis
3160 2623 3306 2691 quod
3369 2639 3476 2677 non
3515 2624 3717 2680 frustra

2134 2714 2237 2768 feci
2271 2715 2478 2779 omnia,
2509 2730 2632 2785 qua:
2664 2713 2766 2768 feci
2798 2715 2850 2768 in
2886 2731 2970 2780 ea,
2999 2716 3129 2770 dicit
3170 2717 3380 2770 Adonai
3429 2715 3715 2773 Dominus.

2203 2808 2338 2878 Cap.
2379 2807 2497 2874 XV,
2536 2811 2586 2863 1.
2633 2807 2697 2862 Ει
2747 2807 2951 2862 factum
3006 2817 3091 2863 est
3121 2811 3345 2863 verbum
3396 2810 3615 2865 Domini
3651 2811 3718 2866 ad

2134 2917 2244 2965 me,
2275 2901 2464 2956 dicens
2490 2919 2503 2954 :
2527 2903 2581 2954 2.
2622 2900 2686 2954 Ει
2714 2909 2794 2966 tu,
2835 2900 2909 2954 ﬁli
2942 2901 3202 2968 hominis,
3227 2903 3358 2971 quid
3391 2904 3480 2957 ﬁet
3509 2904 3718 2974 lignum

2133 2995 2263 3050 vitis
2286 3009 2353 3050 ex
2394 2994 2651 3048 orlinibus
2701 2994 2863 3064 lignis
2899 2992 2977 3066 (α)
3016 2995 3324 3063 palmitum,
3356 2995 3448 3064 qui
3485 3003 3615 3049 sunt
3663 2994 3715 3049 in

443 3077 572 3143 mei,
606 3088 661 3133 et
692 3087 1060 3151 cognoscetis,
1091 3090 1237 3159 quod
1266 3107 1367 3161 ego
1402 3091 1686 3149 Dominus,
1713 3095 1765 3148 9,
1804 3095 1870 3150 Ει
1901 3114 2028 3167 pro-
2057 3108 2100 3166 ρ
2134 3089 2295 3160 lignis
2324 3088 2474 3142 silva:
2498 3089 2520 3140 ?
2548 3088 2602 3142 5.
2636 3086 2692 3141 Si
2722 3096 2942 3143 sument
2977 3087 3045 3142 de
3077 3102 3141 3143 ea
3168 3087 3372 3158 lignum
3398 3089 3464 3143 ad
3502 3087 3713 3143 facien-

444 3169 603 3238 pheta
632 3174 675 3226 si
711 3179 993 3242 erraverit,
1039 3191 1092 3234 et
1138 3182 1354 3239 locutus
1404 3184 1568 3239 fuerit
1599 3191 1664 3255 >ε<
1713 3189 1938 3243 verbum
1970 3191 2022 3259 ζ.

441 3279 542 3332 ego
590 3262 857 3324 Dominus
889 3286 1078 3327 errare
1122 3273 1225 3328 feci
1257 3277 1582 3347 prophetam
1624 3280 1801 3344 illum,
1844 3291 1896 3335 et
1931 3299 2028 3335 ex-

441 3357 660 3412 tendam
699 3376 920 3416 manum
958 3381 1132 3420 meam
1167 3383 1334 3437 super
1369 3386 1518 3433 etuti,
1555 3380 1609 3424 et
1643 3371 1874 3426 aboleho
1903 3389 2027 3427 eum

441 3450 512 3504 de
541 3451 722 3506 medio
747 3455 932 3524 populi
957 3457 1062 3511 mei
1086 3457 1270 3514 Israel.
1305 3461 1388 3514 10.
1421 3461 1488 3516 Et
1515 3464 1787 3533 accipient
1813 3466 2029 3535 injusti-

445 3544 578 3597 tiam
614 3561 770 3600 suam
795 3588 810 3612 ,
865 3551 1168 3606 secundum
1211 3553 1538 3624 injustitiam
1599 3557 2025 3629 interrogantis:

444 3638 522 3703 (ρ)
548 3648 600 3691 et
631 3640 932 3695 secundum
959 3642 1285 3712 injustitiam
1314 3647 1564 3702 similiter
1594 3650 1875 3718 pr0pheta:
1901 3653 2028 3714 erit,

449 3727 538 3781 11.
577 3737 636 3781 ut
664 3745 730 3783 ne
758 3741 906 3786 erret
934 3733 1070 3787 ultra
1097 3735 1296 3790 domus
1325 3736 1542 3793 lsraelis
1586 3757 1614 3792 a
1648 3757 1751 3805 me,
1783 3753 1836 3796 et
1868 3750 1926 3796 ut
1961 3760 2030 3800 nc

445 3819 889 3876 contaminemur
928 3824 1108 3878 adhuc
1148 3825 1202 3879 in
1235 3829 1492 3883 omnibus
1517 3830 1729 3886 delictis
1762 3833 1877 3887 suis
1907 3854 1918 3888 :
1977 3845 2030 3889 et

438 3920 608 3963 erunt
656 3914 787 3966 mihi
821 3914 873 3967 in
924 3920 1185 3986 populum
1209 3959 1224 3981 ,
1271 3929 1325 3974 et
1353 3937 1452 3990 ego
1482 3938 1579 3976 ero
1610 3925 1690 3978 eis
1723 3924 1775 3978 in
1833 3925 2026 3988 Demn,

441 4003 577 4059 dicit
618 4007 825 4062 Adonai
860 4009 1147 4067 Dominus.
1190 4014 1274 4067 12.
1325 4013 1389 4067 Et
1436 4014 1639 4069 factum
1672 4027 1757 4072 est
1799 4019 2027 4072 verbum

443 4095 661 4151 Domini
687 4099 755 4153 ad
798 4118 905 4164 me,
938 4103 1168 4158 dicens:
1206 4106 1290 4159 15.
1329 4105 1430 4160 Fili
1475 4109 1746 4174 hominis,
1793 4119 1937 4165 terra
1982 4115 2029 4167 si

442 4193 751 4259 peccaverit
785 4195 918 4249 mihi
952 4238 968 4262 ,
1007 4197 1080 4268 (q)
1118 4199 1486 4270 delinquendo
1517 4202 1800 4269 delictum,
1836 4215 1891 4259 et
1933 4221 2029 4260 ex-

445 4281 664 4334 tendam
712 4299 934 4339 manum
980 4303 1156 4341 meam
1193 4305 1357 4360 super
1403 4308 1544 4359 eam,
1578 4303 1632 4348 et
1680 4295 2026 4367 confringant

443 4369 681 4427 fulcrum
715 4377 872 4444 panis
894 4377 1034 4446 ejus,
1061 4391 1113 4434 et
1141 4380 1430 4436 immittam
1455 4401 1620 4453 super
1646 4402 1765 4440 eam
1801 4387 2024 4455 famem,

2132 3185 2263 3237 dum
2294 3183 2347 3235 in
2379 3181 2560 3251 opus?
2584 3181 2629 3235 si
2661 3191 2880 3236 sument
2912 3179 2980 3236 de
3011 3194 3075 3235 ea
3105 3181 3365 3250 paxillutn
3394 3179 3462 3235 ad
3489 3196 3718 3250 suspen-

2131 3275 2371 3330 dendum
2407 3289 2573 3343 super
2626 3289 2694 3329 eo
2733 3288 2897 3328 omne
2943 3273 3168 3327 vas‘H.
3221 3274 3294 3344 (b)
3335 3273 3710 3342 Praeterquam

2131 3366 2276 3437 quod
2305 3367 2412 3437 igni
2443 3366 2568 3420 data
2594 3376 2680 3420 est
2705 3367 2759 3420 in
2789 3366 3300 3436 consumptionem:
3333 3367 3714 3436 purgationem

2133 3457 2276 3526 ejus,
2311 3473 2433 3526 qua:
2464 3457 2516 3510 in
2551 3457 2698 3510 omni
2727 3472 2894 3520 anno,
2927 3456 3205 3512 consumit
3237 3457 3399 3526 ignis,
3435 3465 3490 3510 et
3530 3456 3718 3510 deﬁcit

2133 3549 2186 3603 in
2216 3549 2419 3604 ﬁnem:
2476 3549 2738 3618 numquid
2788 3549 2922 3602 utile
2963 3549 3070 3602 erit
3104 3549 3156 3601 in
3205 3550 3386 3618 opus?
3435 3551 3487 3603 5.
3527 3548 3718 3620 Neque

2132 3641 2314 3695 adhuc
2346 3641 2475 3694 dum
2501 3647 2586 3694 est
2619 3640 2909 3708 integrum,
2939 3654 3046 3691 non
3081 3638 3186 3691 erit
3208 3639 3260 3691 in
3287 3639 3471 3707 Opus?
3505 3647 3716 3706 quanto

2132 3733 2308 3802 magis
2338 3732 2382 3786 si
2430 3733 2594 3784 etiam
2650 3731 2790 3800 ignis
2823 3729 3227 3798 consumpserit
3256 3729 3388 3783 illud
3426 3730 3481 3783 in
3525 3729 3714 3794 ﬁnem,

2129 3829 2176 3881 si
2207 3827 2311 3881 erit
2359 3826 2538 3880 adhuc
2569 3825 2620 3877 in
2663 3824 2844 3892 opus?
2901 3823 2955 3875 6.
2987 3821 3221 3891 Propter
3257 3822 3360 3876 hoc
3397 3821 3486 3875 dic
3517 3840 3531 3876 :
3589 3820 3716 3877 Haec

2131 3921 2261 3976 dicit
2285 3919 2497 3973 Adonai
2527 3919 2823 3971 Dominus:
2847 3913 3321 3982 Quemadmodum
3348 3915 3556 3986 lignum
3590 3917 3716 3970 vitis

2134 4011 2186 4065 in
2214 4010 2378 4080 lignis
2409 4009 2580 4074 silva),
2615 4009 2761 4077 quod
2801 4007 2923 4060 dedi
2961 4006 3092 4060 illud
3125 4007 3234 4076 igni
3263 4008 3315 4060 in
3341 4010 3715 4078 consumptio-

2133 4117 2279 4165 nem,
2330 4101 2408 4157 sic
2447 4101 2568 4154 dedi
2615 4100 2926 4153 habitantes
2958 4099 3010 4152 in
3062 4098 3387 4153 Jerusalem.
3433 4101 3483 4154 7.
3541 4105 3614 4171 (ε)
3654 4103 3718 4160 Et

2132 4196 2274 4251 dabo
2303 4194 2497 4248 faciem
2541 4209 2716 4247 meam
2744 4208 2908 4261 super
2938 4207 3034 4247 eos
3064 4215 3074 4246 ;
3101 4192 3168 4246 de
3195 4192 3318 4263 igne
3337 4196 3714 4263 cgredientur.

2131 4299 2184 4346 ct
2232 4289 2374 4358 ignis
2407 4287 2692 4341 devorabit
2721 4303 2834 4351 eos,
2871 4295 2925 4340 et
2969 4288 3163 4351 scient,
3201 4290 3346 4357 quod
3382 4303 3484 4358 ego
3530 4289 3715 4346 Domi—

2134 4404 2258 4450 nus,
2316 4400 2440 4440 cum
2484 4383 2847 4438 obﬁrmavero
2907 4380 3099 4435 faciem
3142 4397 3319 4436 meam
3381 4398 3548 4452 super
3599 4400 3712 4438 eos.

439 4477 500 4520 et
529 4469 713 4522 tollam
745 4472 811 4525 de
844 4488 904 4526 ea
943 4475 1223 4529 hominem
1271 4488 1324 4530 et
1351 4478 1684 4546 jumentum.
1741 4482 1827 4535 H.
1869 4483 1934 4536 Et
1981 4484 2026 4536 si
2058 4455 2104 4511 θ
2133 4481 2185 4534 8.
2221 4480 2285 4534 Ει
2313 4480 2457 4533 dabo
2515 4486 2714 4530 terram
2757 4477 2809 4529 in
2849 4475 3266 4540 desolationem,
3316 4492 3414 4546 pro
3465 4494 3533 4533 eo
3568 4480 3713 4549 quod

442 4557 650 4614 fuerint
682 4563 768 4616 isti
799 4575 909 4620 tres
944 4567 1045 4620 viri
1087 4569 1138 4622 in
1170 4570 1349 4623 medio
1376 4570 1517 4638 ejus,
1555 4570 1688 4635 Noe,
1724 4583 1778 4626 et
1805 4573 2027 4638 Daniel,

440 4667 500 4707 et
526 4652 652 4720 Job,
684 4656 786 4725 ipsi
812 4657 862 4710 in
887 4659 1104 4727 justitia
1129 4679 1227 4715 sua
1249 4665 1636 4728 servabuntur,
1663 4665 1798 4720 dicit
1818 4668 2030 4723 Adonai

446 4744 733 4804 Dominus.
776 4749 864 4804 15.
911 4751 968 4806 Si
1003 4761 1059 4806 et
1103 4754 1308 4809 bestias
1355 4761 1525 4814 malas
1561 4757 1831 4812 induxero
1867 4775 2033 4830 super

445 4850 673 4905 terram,
709 4853 764 4896 et
789 4859 1026 4913 posuero
1053 4846 1108 4899 in
1136 4856 1302 4916 caput
1334 4848 1393 4917 (i.
1429 4863 1480 4902 e.
1518 4851 1759 4920 puniant)
1785 4852 1927 4920 ejus,
1959 4853 2030 4922 (ν)

443 4942 498 4985 et
528 4935 633 4987 erit
685 4935 739 4989 in
779 4937 1032 5003 exitium,
1080 4948 1135 4993 et
1177 4955 1285 4993 non
1338 4941 1442 4994 erit
1481 4943 1759 4998 transiens
1790 4943 1935 4997 viam
1997 4962 2031 5000 a

441 5025 583 5080 facie
619 5025 942 5093 bestiarum,
976 5030 1064 5083 16.
1099 5039 1154 5084 et
1188 5031 1274 5085 isti
1309 5040 1422 5086 tres
1452 5033 1554 5087 viri
1589 5034 1645 5088 in
1690 5036 1872 5091 medio
1910 5037 2031 5106 ejus

442 5117 688 5184 fuerint;
725 5120 850 5175 vivo
901 5135 1024 5188 ego,
1057 5123 1192 5177 dicit
1243 5124 1452 5179 Adonai
1495 5123 1788 5194 Dominus,
1844 5129 1892 5185 si
1932 5130 2028 5184 ﬁlii

2131 4574 2482 4642 deliquerunt
2513 4570 2731 4636 delicto,
2765 4569 2895 4622 dicit
2921 4569 3130 4622 Adonai
3171 4568 3460 4626 Dominus.

2203 4666 2335 4735 Cap.
2370 4662 2512 4718 XVI.
2546 4693 2614 4702 —
2646 4663 2695 4714 1.
2734 4661 2795 4713 Et
2826 4659 3027 4716 factum
3079 4672 3165 4716 est
3213 4663 3439 4718 verbum
3495 4663 3711 4721 Domini

2131 4757 2199 4812 ad
2227 4772 2335 4824 me,
2366 4756 2556 4810 dicens
2595 4755 2686 4808 εἳ.
2721 4751 2818 4807 Fili
2853 4753 3111 4819 hominis,
3136 4754 3427 4810 testiﬁcare
3452 4755 3715 4813 Hieroso-

2131 4853 2290 4923 lyma:
2319 4849 2636 4920 iniquitates
2665 4846 2801 4914 ejus,
2839 4846 2892 4899 5.
2924 4857 2976 4899 et
3005 4846 3153 4902 dices
3181 4865 3194 4900 ε
3235 4846 3359 4902 Haec
3391 4847 3526 4903 dicit
3565 4851 3714 4907 Ado-

2132 4944 2222 4999 nai
2247 4942 2512 4997 Dominus
2538 4941 2604 4993 ad
2632 4938 2930 4993 Jerusalem
2961 4957 2974 4991 :
3009 4937 3086 5009 (d)
3112 4938 3285 4993 Radix
3319 4949 3432 5006 tua,
3457 4950 3511 4996 et
3543 4958 3711 5013 gene-

2133 5037 2272 5092 ratio
2294 5044 2383 5088 tua
2409 5035 2475 5088 de
2503 5043 2648 5086 terra
2677 5029 2930 5084 Chanaan
2976 5047 2989 5082 :
3034 5038 3186 5099 pater
3212 5040 3337 5086 tuus
3373 5033 3709 5097 Amori-scus,

2131 5142 2188 5186 et
2218 5137 2392 5184 mater
2416 5136 2506 5180 tua
2533 5125 2761 5178 Hettaea.
2786 5120 2839 5174 4.
2869 5119 2939 5192 (ε)
2974 5120 3044 5176 Ει
3077 5122 3354 5192 generatio
3381 5130 3474 5176 tua
3502 5123 3562 5178 in
3604 5124 3712 5188 die,

517 5253 592 5323 (ει)
635 5253 1098 5336 ,8.,“]”Ιι.,ηἰ“‹1‹)1ςι
1159 5275 1281 5314 sua.
1359 5261 1445 5336 (Ιι)
1486 5259 1598 5336 S_.,_
1627 5270 1841 5316 contra.
1919 5266 1980 5336 (ἱ)
2026 5302 2029 5319 .

2165 5260 2509 5334 respondebo
2566 5257 2616 5313 ei
2666 5255 2736 5310 ob
2785 5255 3195 5336 multitudinem
3238 5253 3512 5336 idolorum
3549 5272 3717 5336 ευρ-

443 5339 587 5379 rum.
626 5324 700 5396 (It)
744 5324 842 5383 Ne.

921 5328 984 5399 (ι)
1012 5332 1352 5384 Averterent.

445 5396 684 5463 signum.

791 5401 866 5469 (ρ)
897 5398 979 5464 8.,
1011 5401 1092 5456 sic
1118 5401 1379 5470 iniquitas
1403 5398 1682 5470 prophetae
1704 5398 1828 5458 erit.

447 5467 650 5553 pervia,
679 5483 746 5524 co
772 5467 918 5550 quod
957 5486 1063 5553 non
1107 5467 1479 5553 sittransie'ns
1508 5467 1676 5553 in_via
1718 5467 1939 5553 propter
1957 5467 2201 5553 bestias.
2273 5474 2341 5544 (δ)
2386 5475 2452 5553 ﬁt

445 5537 827 5613 relinquentur
864 5540 1004 5595 inea
1035 5541 1271 5612 fugitivi.
1309 5543 1396 5596 isti
1429 5537 1838 5613 hominesfqu'i
1865 5549 2102 5604 educent
2130 5537 2353 5604 lilios'e't
2382 5543 2543 5597 ﬁlias.

441 5607 570 5687 tias.
649 5607 724 5678 (ι)
756 5608 842 5687 8.,
869 5626 1035 5687 super
1059 5607 1339 5687 omnibus,
1376 5629 1500 5683 qua:
1532 5607 1721 5670 induxi
1748 5607 1912 5687 super
1943 5636 2086 5673 eam.

1431 5330 1644 5410 (m)_S.,
1679 5330 2020 5410 respondebo
2049 5330 2103 5410 ei
2129 5352 2230 5408 ego
2259 5330 2354 5405 per
2391 5342 2846 5410 manummeam.

1924 5408 1999 5477 (q)
2035 5408 2119 5472 8.,
2152 5407 2277 5463 cum
2305 5407 2636 5477 contempsit
2660 5407 3055 5477 contemptum.

2924 5326 3005 5396 (η)
3032 5325 3114 5390 8.,
3147 5333 3203 5379 et.
3237 5335 3448 5396 notum.
3540 5328 3617 5395 (ο)
3651 5328 3713 5381 1η

3159 5396 3229 5466 (r)
3264 5394 3348 5457 S.,
3382 5405 3435 5449 et
3467 5396 3574 5450 erit
3600 5394 3715 5451 non

2705 5469 3046 5538 (1)7Autem,
3085 5467 3162 5537 (υ)
3198 5467 3282 5529 8.,
3331 5476 3715 5538 verumtamen

2641 5535 2722 5608 (at)
2751 5535 2841 5603 8.,
2870 5546 2930 5608 ut
2961 5535 3211 5591 videatis.
3327 5537 3404 5606 fy)
3430 5535 3515 5600 S.,
3553 5545 3715 5592 astu-

2189 5621 2268 5689 (a)
2311 5614 2394 5677 8.,
2430 5610 2673 5689 palmite,
2704 5607 2798 5678 qui
2835 5609 2880 5664 si
2907 5607 3073 5689 fuerit
3096 5609 3157 5688 _in
3189 5608 3352 5678 lignis
3375 5608 3562 5689 sylvas.
3628 5609 3717 5689 .(b)

2273 5474 2341 5544 (ε)
2388 5475 2606 5544 Autem.

442 5674 532 5753 8.,
571 5674 753 5733 nonne
783 5681 892 5748 igni
928 5674 1053 5736 data
1085 5694 1169 5737 est
1201 5685 1253 5736 iu
1280 5674 1756 5753 consumptionem
1780 5674 1991 5744 ?'duas
2023 5674 2398 5745 extremitates
2431 5674 2562 5752 'ejus
2605 5674 2949 5753 consumpsit
3000 5678 3163 5749 ignis.
3209 5689 3264 5732 el
3315 5677 3557 5734 medium
3592 5677 3718 5748 eius

442 5747 720 5805 adurens:
754 5747 882 5804 uum
912 5754 1156 5821 proderit
1180 5755 1248 5809 ad
1278 5755 1454 5825 opus?
1520 5747 1600 5821 '(c)
1642 5755 1704 5811 Et
1733 5760 2060 5815 obﬁrmabo.

2139 5759 2219 5817 id)
2254 5756 2335 5816 S..
2365 5750 2531 5812 datio.
2612 5751 2678 5815 (e)
2717 5750 2798 5811 S..
2824 5759 2878 5805 ct
2903 5765 3026 5806 cum
3048 5757 3172 5804 nata
3197 5761 3274 5804 es.
