3864 6220
138 282 268 337 Ξῖοθ

1372 255 1778 318 HEZECIELIS
1815 254 2045 311 CAPUT
2087 254 2226 310 XVI.

3251 239 3399 296 2710

135 412 232 468 quo
257 401 390 452 nata
416 409 497 458 es,
525 407 630 447 non
653 391 893 460 ligarunt
920 383 1190 441 mamillas
1225 390 1369 442 tuas,
1388 388 1443 432 et
1487 377 1542 432 in
1574 388 1714 443 aqua
1747 376 1789 431 Α
1822 373 1967 425 nuda
2023 381 2077 424 et
2117 369 2481 436 discooperta,
2513 371 2566 417 et
2612 361 2739 414 dum
2769 365 3057 415 cruentata
3089 363 3144 410 tu
3177 353 3231 409 in
3271 369 3400 407 san-

1638 466 1650 468 -
1895 462 1905 468 .
2167 460 2178 468 .
2225 458 2236 468 .
2297 457 2308 468 .
2363 454 2430 468 ρ.-
2483 453 2538 468 η.
2573 451 2596 468 ρ
2633 463 2671 468 Α,
2963 456 3073 468 μη,
3112 446 3183 468 ,_,
3214 460 3400 468 ψη,

134 466 236 547 non
260 487 374 541 lota
403 502 463 542 es
498 488 560 557 (f)
598 486 652 540 in
677 485 930 544 salutem,
973 494 1075 534 nec
1109 477 1222 532 sale
1248 474 1405 530 salita
1438 486 1519 535 es,
1553 478 1606 523 et
1629 466 1712 520 fa-

129 582 259 637 sciis
300 596 411 635 non
451 578 683 633 fasciata
705 590 764 629 es
799 592 811 628 :
843 572 895 625 5.
934 585 1036 626 nec
1072 565 1314 638 pepercit
1339 563 1531 617 oculus
1562 571 1715 613 meus

129 689 294 744 super
313 682 391 737 te,
423 670 492 726 ad
515 669 831 724 faciendum
864 663 959 718 tibi
989 676 1157 716 unum
1205 673 1270 712 ex
1319 656 1407 711 bis
1439 652 1714 712 omnibus,

135 769 198 824 ad
228 766 544 835 patiendum
578 758 856 830 quippiam
887 771 1052 824 super
1077 763 1167 808 te:
1199 760 1255 806 et
1280 747 1516 820 proiecta
1549 760 1608 799 es
1628 759 1721 798 su-

135 876 228 931 per
259 859 454 913 faciem
503 854 682 925 campi
729 849 1088 922 perversitate
1125 845 1324 900 animze
1363 852 1491 904 tuae,
1525 839 1578 892 in
1610 837 1716 900 die,

136 969 246 1022 quo
307 961 434 1004 nata
475 964 555 1004 es.
598 946 652 1002 6.
705 945 772 998 Et
819 940 1048 998 transivi
1086 953 1252 1008 super
1302 946 1374 999 te,
1428 941 1484 986 et
1528 931 1634 985 vidi
1670 938 1722 984 te

138 1053 478 1098 cruentatam
511 1040 564 1093 in
602 1036 866 1107 sanguine
896 1043 1016 1097 tuo,
1050 1040 1103 1085 et
1134 1029 1250 1084 dixi
1290 1028 1384 1082 tibi
1420 1044 1432 1080 :
1467 1041 1533 1080 ex
1591 1038 1720 1076 san-

137 1136 301 1208 guiue
333 1144 426 1186 tuo
453 1128 684 1184 vivendo
709 1133 850 1187 vive.
878 1125 928 1178 7.
961 1122 1321 1190 Multiplicare
1349 1135 1364 1172 :
1401 1118 1542 1172 sicut
1569 1122 1725 1169 ortus

139 1225 255 1294 agri
288 1224 410 1278 dedi
441 1232 514 1286 te,
563 1229 616 1275 et
667 1217 1020 1287 multiplicata
1061 1230 1142 1278 es,
1186 1222 1241 1266 et
1269 1209 1608 1279 magnilicata
1641 1220 1722 1266 es,

141 1320 214 1388 (g)
241 1329 292 1373 et
333 1317 580 1386 ingressa
611 1328 671 1366 es
702 1313 755 1364 in
794 1311 957 1363 urbes
990 1309 1207 1361 urbium
1239 1323 1253 1358 :
1293 1304 1457 1357 ubera
1494 1312 1584 1354 tua
1607 1314 1725 1352 ere-

142 1424 227 1465 cta
290 1419 439 1474 sunt,
491 1416 544 1460 et
595 1406 736 1473 pilus
774 1411 902 1455 tuus
951 1408 1104 1454 ortus
1135 1407 1240 1458 est,
1288 1408 1343 1448 tu
1393 1401 1573 1448 autem
1605 1404 1727 1442 eras

144 1504 312 1567 nuda,
348 1511 402 1556 et
419 1500 783 1565 discooperta.
808 1493 859 1548 8.
901 1492 966 1545 Et
992 1489 1216 1545 transivi
1255 1502 1417 1556 super
1441 1494 1513 1548 te,
1544 1491 1596 1536 et
1620 1480 1725 1534 vidi

146 1606 198 1652 te
230 1616 242 1650 :
269 1607 323 1651 et
348 1609 477 1650 ecce
509 1603 720 1658 tempus
772 1595 946 1651 tuum,
989 1593 1043 1637 et
1080 1593 1292 1650 tempus
1345 1578 1418 1648 (It)
1457 1577 1728 1631 diverten-

144 1691 282 1746 tium
317 1707 328 1742 :
361 1699 416 1742 et
445 1683 677 1753 expandi
711 1674 826 1734 alas
855 1693 1017 1745 snper
1047 1686 1118 1738 te,
1146 1683 1198 1727 et
1229 1671 1424 1742 operui
1477 1666 1726 1737 pudenda

143 1787 262 1840 tua,
295 1773 546 1844 etjuravi
592 1771 688 1825 tibi
722 1788 734 1824 :
788 1777 842 1822 et
871 1767 1152 1837 ingressus
1174 1779 1295 1818 sum
1333 1761 1388 1815 in
1429 1769 1728 1814 testamen-

145 1878 261 1921 tum
311 1876 508 1928 tecum,
554 1861 685 1915 dicit
726 1858 938 1914 Adonai
995 1854 1260 1909 Dominus
1300 1869 1313 1905 :
1364 1860 1419 1904 et
1474 1847 1614 1902 facta
1673 1861 1733 1900 es

144 1960 306 2023 mihi,
330 1958 382 2012 9.
411 1967 464 2010 et
498 1956 603 2010 lavi
630 1964 679 2008 te
707 1954 757 2007 in
776 1965 938 2021 aqua,
970 1957 1023 2002 et
1048 1946 1196 2001 ablui
1231 1944 1551 2013 sanguinem
1579 1949 1732 1994 tuum

146 2069 174 2107 a
212 2062 290 2116 te,
325 2061 378 2106 et
409 2052 538 2103 unxt
573 2056 624 2102 te
651 2048 704 2100 in
727 2047 867 2098 oleo.
913 2040 999 2096 10.
1035 2039 1102 2095 Ει
1130 2038 1278 2093 indui
1313 2046 1364 2092 te
1389 2032 1736 2090 versicolori-

146 2146 272 2209 bus,
310 2152 364 2196 et
390 2139 625 2196 calceavi
667 2147 716 2191 te
770 2132 1087 2207 hyacintho.
1121 2137 1175 2184 et
1208 2127 1423 2183 accinxi
1453 2135 1506 2180 te
1546 2125 1734 2195 bysso,

148 2237 210 2307 (ί)
241 2245 303 2291 et
333 2230 663 2288 circumdedi
697 2244 744 2283 te
773 2227 1066 2294 trichapto,
1090 2222 1176 2276 11.
1206 2231 1260 2276 et
1278 2219 1468 2275 ornavi
1496 2228 1549 2272 te
1576 2232 1740 2271 orna-

147 2336 364 2392 mento,
394 2340 449 2382 et
494 2325 651 2394 posui
685 2320 924 2375 armillas
951 2332 1114 2386 super
1165 2329 1362 2368 manus
1406 2321 1548 2377 tuas,
1585 2319 1639 2364 et
1665 2308 1739 2378 (li)

147 2431 410 2492 torquem
456 2419 508 2472 in
550 2416 752 2470 collum
789 2421 942 2466 tuum
993 2428 1007 2463 :
1046 2409 1132 2463 i2.
1165 2415 1218 2461 et
1245 2404 1369 2460 dedi
1406 2403 1652 2457 inaurem
1679 2398 1740 2472 (ι)

149 2515 217 2567 ad
261 2526 454 2566 narem
483 2517 651 2572 tuam,
682 2516 735 2560 et
763 2503 970 2558 rotulas
1009 2515 1173 2570 super
1201 2513 1362 2551 aures
1397 2507 1540 2559 tuas,
1570 2501 1624 2547 et
1645 2505 1740 2546 co-

150 2620 350 2660 ronam
383 2600 723 2674 gloriationis
745 2613 909 2668 super
937 2603 1102 2664 caput
1122 2602 1275 2646 tuum
1309 2608 1322 2644 :
1356 2588 1444 2642 15.
1475 2596 1529 2640 et
1552 2593 1744 2638 ornata

151 2715 212 2753 es
263 2713 409 2752 auro
455 2703 508 2749 et
548 2702 792 2760 argento,
846 2697 902 2744 et
955 2686 1281 2742 vestimenta
1329 2690 1421 2735 tua
1475 2677 1650 2750 byssi,
1692 2682 1748 2730 et

155 2791 458 2860 trichapta,
491 2795 544 2842 et
575 2785 672 2858 (m)
715 2779 1068 2838 versicoloria
1100 2796 1114 2833 :
1147 2776 1405 2840 similam,
1431 2779 1484 2827 et
1512 2769 1638 2835 mel,
1693 2761 1749 2822 et

155 2886 346 2938 oleum
384 2878 694 2942 comedisti,
735 2886 790 2931 et
828 2875 969 2930 facta
1017 2888 1078 2927 es
1108 2870 1338 2940 pulchra
1384 2865 1541 2920 valde
1568 2861 1747 2927 valde,

157 2978 234 3047 (ιι)
275 2985 334 3030 et
378 2982 528 3029 recta
569 2970 714 3025 ivisti
770 2971 838 3037 χ
887 2968 940 3020 in
979 2978 1208 3036 regnum
1243 2962 1268 3032 ζ
1314 2979 1328 3015 :
1375 2958 1464 3011 M.
1501 2965 1555 3010 et
1583 2954 1752 3010 exivit

159 3081 367 3122 nomen
423 3073 574 3119 tuum
638 3062 691 3114 in
759 3057 1013 3130 gentibus
1075 3054 1143 3109 de
1189 3048 1598 3123 pulchritudine
1636 3056 1749 3109 tua,

159 3161 293 3230 quia
345 3156 675 3225 completum
734 3159 853 3206 erat
920 3149 973 3202 in
1042 3142 1448 3217 pulchritudine
1512 3137 1750 3201 decoris,

161 3228 330 3321 ouant
357 3245 616 3304 constitui
658 3258 821 3311 super
854 3250 923 3306 te,
944 3238 1086 3316 dicit
1113 3235 1322 3289 Adonai
1355 3231 1635 3288 Dominus.
1662 3228 1750 3282 15.

163 3339 230 3395 Et
254 3337 465 3393 confisa
489 3334 639 3389 fuisti
669 3346 835 3401 super
851 3326 1251 3400 puldhritudine
1284 3333 1396 3383 tua.
1430 3330 1484 3376 et
1517 3327 1755 3383 scortata

165 3449 225 3489 es
255 3446 424 3500 Super
449 3427 668 3482 nomine
695 3434 808 3488 tuo,
841 3431 894 3476 et
921 3419 1158 3476 effndisti
1189 3415 1576 3472 scortationem
1605 3409 1758 3464 tuam

167 3539 336 3594 super
355 3536 573 3575 onmem
621 3518 884 3571 viatorem
928 3531 942 3567 :
973 3511 1074 3582 ipsi
1101 3526 1245 3565 eras.
1277 3508 1362 3562 16.
1395 3505 1460 3560 Ει
1489 3503 1660 3559 tulisti
1690 3502 1758 3558 de

168 3617 416 3671 vestibus
461 3614 591 3676 tuis,
640 3618 694 3665 et
745 3606 922 3663 fecisti
977 3605 1074 3659 tibi
1110 3604 1184 3671 (ο)
1231 3600 1375 3655 idola
1427 3605 1673 3661 consula,
1704 3603 1760 3651 et

170 3719 419 3768 scortata
453 3725 513 3763 es
553 3720 716 3776 super
738 3719 825 3770 ea,
876 3704 953 3773 (ρ)
981 3710 1036 3755 et
1066 3716 1174 3754 non
1205 3695 1553 3768 ingredieris,
1583 3708 1760 3762 neque

172 3807 286 3860 ﬁet.
311 3804 399 3857 17.
423 3802 485 3856 Et
515 3797 760 3854 sumsisti
797 3811 921 3849 vasa
951 3791 1291 3864 gloriationis
1317 3799 1420 3843 tum
1449 3787 1515 3842 de
1537 3794 1762 3857 argento

173 3914 326 3962 meo,
356 3905 409 3949 et
434 3894 498 3948 de
525 3906 660 3946 auro
683 3905 823 3953 meo,
857 3887 924 3941 de
948 3886 1035 3950 iis,
1056 3891 1191 3954 'quae
1219 3881 1339 3936 dedi
1359 3880 1478 3946 tibi,
1503 3888 1556 3934 et
1587 3877 1764 3934 fecisti

175 3991 274 4044 tibi
310 3985 578 4056 imagines
605 3980 961 4043 masculinas,
999 3985 1054 4031 et
1082 3983 1320 4031 scortata
1358 3988 1418 4027 es
1453 3972 1507 4025 in
1537 3972 1642 4036 eis,
1673 3970 1762 4025 18.

173 4089 230 4135 et
258 4075 508 4133 sumsisti
541 4073 924 4127 vestimentum
973 4075 1122 4120 tuum
1155 4065 1394 4127 varium,
1419 4072 1472 4116 et
1503 4060 1769 4131 operuisti

172 4190 296 4238 eas,
327 4179 382 4225 et
409 4169 590 4224 oleum
631 4178 836 4228 meum,
865 4169 920 4213 et
959 4167 1204 4216 aromata
1237 4171 1356 4210 mea
1381 4155 1615 4224 posuisti
1643 4163 1770 4207 ante

176 4268 379 4322 faciem
409 4275 594 4315 earum
631 4276 646 4312 :
679 4257 765 4310 19.
812 4263 866 4309 et
907 4265 1076 4322 panes
1112 4264 1284 4313 meos,
1319 4263 1460 4318 quos
1494 4246 1616 4300 dedi
1646 4245 1770 4309 tibi,

177 4358 449 4418 similam,
480 4361 534 4405 et
563 4351 765 4413 oleum,
797 4356 850 4400 et
897 4345 1004 4398 mel
1035 4343 1198 4397 edere
1224 4349 1276 4394 te
1301 4340 1428 4405 feci,
1459 4349 1512 4394 et
1543 4338 1768 4407 posuisti

1818 462 1978 532 guine
2009 470 2101 513 tuo
2129 457 2333 513 vixisti.
2363 454 2454 508 25.
2483 453 2546 506 Et
2572 451 2770 505 factum
2810 463 2910 518 est,
2962 456 3077 521 post
3111 446 3184 516 (ᾳ)
3209 460 3402 499 omnes

1818 552 2056 631 malitias
2091 561 2232 614 tuas,
2268 550 2334 617 Χ
2365 562 2464 608 va,
2497 560 2576 599 va:
2624 541 2723 596 tibi
2768 542 2815 611 ζ,
2848 539 2979 594 dicit
3029 537 3240 592 Adonai
3293 535 3403 592 Do-

1821 628 2025 708 minus,
2059 642 2149 696 24.
2186 650 2237 695 et
2261 636 2541 693 aediﬁcasti
2567 635 2661 689 tibi
2693 634 2914 687 domum
2945 628 3320 692 scortationis,
3349 634 3404 681 et

1822 735 1999 790 fecisti
2037 734 2133 788 tibi
2188 731 2560 786 habitaculum
2593 728 2646 781 in
2691 725 2839 780 omni
2877 724 3076 792 platea,
3109 721 3200 774 25.
3231 729 3285 775 et
3311 736 3406 775 su-

1821 845 1917 898 per
1943 826 2211 897 principio
2241 823 2418 878 omnis
2441 822 2540 874 vim
2570 816 2849 873 aedilicasti
2879 817 3107 885 lupanar
3142 822 3320 874 tuum,
3352 820 3409 864 et

1822 919 2117 990 corrupisti
2174 914 2640 987 pulchritudinem
2696 921 2842 965 tuam
2898 927 2911 963 ς
2982 916 3035 962 et
3095 903 3405 960 divaricasti

1822 1027 1982 1068 crura
2021 1018 2110 1063 tua
2128 1008 2276 1061 omni
2299 1003 2516 1064 viatori,
2544 1011 2596 1056 et
2625 997 2994 1068 multiplicasti
3020 996 3407 1050 scortationem

1823 1107 1996 1163 tuam,
2031 1095 2122 1150 26.
2155 1103 2210 1149 et
2238 1101 2475 1148 scortata
2507 1106 2566 1145 es
2620 1104 2782 1157 super
2827 1087 2965 1140 filios
2992 1084 3236 1155 Egypti,
3274 1082 3411 1136 vici-

1826 1206 1925 1245 nos
1949 1199 2093 1251 tuos,
2134 1201 2340 1257 magna:
2363 1184 2569 1246 carnis,
2596 1190 2650 1235 et
2684 1180 2913 1234 multum
2963 1188 3201 1233 scortata
3244 1193 3304 1231 es
3343 1176 3410 1242 ad

1827 1281 2152 1336 irritandum
2211 1293 2319 1332 me.
2377 1275 2466 1330 27.
2504 1274 2559 1329 Si
2610 1282 2790 1327 autem
2843 1271 3139 1324 extendere
3180 1283 3407 1323 manum

1828 1391 2005 1430 meam
2028 1390 2191 1444 super
2217 1382 2288 1432 te.
2317 1379 2372 1424 et
2405 1371 2588 1425 tollam
2613 1367 2854 1437 legitima
2892 1375 3002 1430 tua,
3028 1371 3081 1417 et
3115 1361 3328 1415 tradam
3357 1368 3414 1412 te

1829 1469 1881 1520 in
1913 1465 2124 1519 animas
2150 1462 2447 1516 odientium
2498 1469 2568 1519 te,
2612 1457 2752 1511 ﬁlias
2801 1456 3256 1524 alienigenarum,
3293 1463 3417 1519 quae

1831 1559 2100 1613 declinare
2132 1566 2183 1609 te
2214 1554 2419 1608 faciunt
2456 1549 2527 1620 (r)
2561 1566 2592 1604 a
2638 1551 2723 1602 via
2771 1558 2883 1614 tua,
2917 1546 3082 1615 impie
3108 1541 3286 1614 egisti.
3319 1542 3416 1595 28.

1835 1648 1899 1702 Et
1921 1657 2155 1702 scortata
2198 1661 2257 1699 es
2287 1659 2452 1713 super
2481 1641 2551 1712 (ε)
2595 1641 2731 1696 ﬁlios
2767 1642 2958 1702 Assur,
2989 1646 3043 1689 et
3074 1652 3180 1690 non
3225 1635 3304 1688 sic
3337 1649 3421 1689 sa-

1766 1725 1803 1777 Β
1835 1743 1964 1795 tiata
1991 1756 2071 1805 es,
2093 1749 2146 1793 et
2186 1745 2423 1792 scortata
2461 1750 2539 1800 es,
2565 1743 2617 1787 et
2646 1749 2754 1786 non
2785 1732 2977 1785 satiata
3016 1728 3188 1790 fuiSti,
3217 1727 3309 1781 29.
3365 1733 3420 1779 et

1837 1828 2203 1898 multiplicasti
2231 1828 2293 1895 (t)
2315 1825 2678 1880 scortationes
2708 1831 2829 1875 tuas
2862 1824 2928 1888 >θ<
2950 1819 3015 1873 ad
3045 1827 3246 1872 terram
3273 1816 3418 1871 Cha-

1838 1939 2003 1984 naan,
2033 1930 2085 1974 et
2114 1920 2136 1988 ζ
2166 1919 2573 1981 Chaldaeorum,
2623 1929 2722 1968 nec
2768 1914 2818 1965 in
2851 1912 2937 1965 his
2965 1913 3174 1980 expleta
3208 1923 3286 1962 es.
3329 1908 3419 1962 50.

1839 2012 1919 2085 (α)
1952 2010 2092 2077 Quid
2133 2024 2330 2078 ponam
2364 2006 2439 2076 (as)
2485 2020 2582 2059 cor
2613 2011 2790 2066 tuum,
2835 2001 2967 2054 dicit
2996 1998 3204 2052 Adonai
3239 1998 3426 2051 Domi-

1839 2106 2122 2160 nus?cum
2165 2100 2335 2155 facias
2361 2100 2476 2152 haec
2510 2097 2693 2151 omnia
2711 2109 2873 2162 opera
2906 2090 3152 2146 mulieris
3189 2089 3425 2145 fornica-

1839 2199 1956 2262 τίω,
1984 2200 2052 2266 Ἀ(
2080 2195 2152 2267 (y)
2180 2193 2512 2248 conﬁdenter
2537 2188 2750 2260 agentis
2793 2186 2842 2254 ζ,
2877 2192 3111 2239 scortata
3146 2200 3205 2238 es
3245 2182 3424 2252 tripli-

1842 2264 2176 2358 citersnper
2223 2285 2441 2340 filiabus
2489 2280 2651 2348 tuis:
2693 2280 2826 2334 :5l.
2880 2277 3099 2348 quando
3145 2264 3424 2329 aedilicasti

1844 2385 2074 2453 lupanar
2100 2390 2252 2435 tuum
2284 2392 2444 2446 super
2478 2373 2744 2445 principio
2765 2371 2946 2425 omnis
2977 2373 3097 2433 viae,
3133 2379 3186 2421 et
3209 2362 3430 2420 habita-'-

1844 2477 2029 2532 culum
2054 2482 2206 2526 tuum
2247 2469 2419 2525 fecisti
2466 2468 2518 2521 in
2545 2466 2693 2522 onmi
2725 2463 2918 2534 platea.
2953 2470 3006 2517 et
3032 2477 3138 2515 non
3189 2457 3332 2512 facta
3369 2450 3430 2513 es

1846 2570 1991 2625 sicut
2031 2565 2288 2621 meretrix
2342 2565 2414 2633 (ι)
2463 2573 2806 2630 congregans
2853 2554 3153 2616 mercedes,
3204 2551 3293 2606 52.
3355 2548 3435 2621 (a)

1847 2663 2046 2717 mulier
2073 2660 2388 2715 adulterans
2447 2654 2708 2709 desubter
2756 2650 2876 2704 viro
2923 2662 3024 2702 suo
3069 2660 3193 2700 cum
3237 2643 3434 2698 alienis

1850 2755 2047 2812 similis
2087 2752 2207 2816 tibi,
2241 2765 2359 2819 qua:
2390 2763 2418 2800 a
2454 2748 2570 2801 viro
2623 2760 2723 2800 suo
2755 2741 2956 2810 accipit
3001 2736 3303 2799 mercedes,
3339 2734 3434 2789 55.

1849 2856 1905 2901 et
1934 2845 2192 2900 omnibus
2223 2840 2594 2896 scortantihus
2623 2851 2746 2890 cum
2771 2850 2834 2889 ea
2866 2831 3073 2886 addens
3095 2829 3190 2883 dat
3225 2841 3438 2881 merce-

1853 2937 1951 2993 des
1973 2955 1985 2991 :
2007 2946 2058 2990 et
2087 2945 2140 2989 tu
2165 2933 2357 2988 dedisti
2383 2935 2451 2998 Χ
2480 2929 2755 2984 mercedes
2775 2924 3032 2978 omnibus
3058 2921 3079 2989 ζ
3101 2911 3444 2974 amatoribus

1780 3061 1823 3119 ο
1856 3019 1990 3093 tuis,
2019 3038 2074 3084 et
2099 3028 2371 3080 onerahas
2402 3039 2520 3082 eos,
2554 3029 2613 3074 ut
2645 3020 2894 3073 venirent
2932 3017 2998 3070 ad
3041 3023 3094 3068 te
3132 3029 3162 3066 e
3206 3011 3440 3066 circuitu

1858 3133 1952 3179 tuo
1981 3121 2036 3175 in
2070 3119 2404 3176 scortatione
2430 3125 2543 3169 tua.
2566 3113 2654 3168 51.
2691 3112 2764 3181 (b)
2801 3110 2866 3164 Et
2891 3109 3028 3163 facta
3053 3104 3203 3161 estin
3241 3113 3292 3157 te.
3323 3118 3448 3171 perl-

1855 3213 2089 3269 versitas
2122 3211 2244 3280 plus
2301 3221 2464 3279 quam
2518 3205 2570 3257 in
2606 3200 2952 3264 mulieribus,
3004 3199 3057 3254 in
3109 3195 3445 3251 scortatione

1856 3314 1972 3370 tua,
2008 3312 2062 3358 et
2092 3311 2217 3373 post
2252 3309 2303 3354 te
2351 3314 2457 3352 non
2487 3303 2740 3350 scortata:
2774 3301 2920 3358 sunt,
2959 3291 3012 3344 in
3045 3306 3131 3353 eo,
3165 3287 3309 3358 quod
3350 3285 3449 3338 ad-

1856 3398 2014 3452 deres
2061 3396 2197 3449 dans
2246 3390 2548 3454 mercedes,
2601 3395 2656 3440 et
2706 3386 2801 3439 tibi
2839 3379 3126 3436 mercedes
3160 3393 3266 3431 non
3307 3375 3449 3442 data;

1860 3499 2006 3554 sunt,
2037 3498 2092 3542 et
2115 3486 2255 3540 facta
2299 3482 2506 3538 suntin
2557 3488 2608 3534 te
2637 3492 2913 3549 perversa.
2943 3473 3033 3527 55.
3072 3472 3298 3538 Propter
3321 3467 3450 3530 hoc,

1862 3580 2147 3645 meretrix,
2177 3577 2302 3631 audi
2337 3575 2563 3628 verbum
2597 3569 2833 3625 Domini.
2865 3566 2953 3621 56.
2988 3563 3114 3618 Haec
3141 3558 3275 3616 dicit
3304 3559 3451 3619 Ado-

1865 3677 1951 3730 nai
1989 3674 2253 3727 Dominus
2286 3666 2427 3723 :Pro
2449 3683 2515 3720 eo
2541 3665 2684 3735 quod
2715 3659 2951 3715 elfudisti
2983 3673 3057 3712 ωε
3087 3651 3453 3717 tuum,etiam

1865 3767 2195 3825 revelabitur
2232 3761 2514 3833 turpitudo
2565 3755 2916 3812 scortationis
2955 3762 3060 3804 tua:
3081 3747 3148 3800 ad
3179 3753 3456 3799 amatores

1867 3875 2012 3929 tuos,
2044 3871 2098 3915 et
2135 3860 2190 3913 iu
2223 3871 2416 3912 onmes
2438 3852 2793 3922 cogitationes
2822 3843 3173 3914 iniquitatum
3211 3847 3456 3900 tuarum,

1870 3968 1923 4012 et
1947 3958 1998 4010 in
2023 3950 2384 4022 sanguinibus
2414 3947 2650 4000 filiorum
2684 3951 2924 4004 tuorum,
2963 3951 3102 4006 quos
3126 3929 3320 3988 dedisti
3351 3929 3453 3984 eis.

1868 4052 1958 4105 57.
2003 4049 2232 4117 Propter
2263 4044 2367 4097 hoc
2416 4054 2480 4096 -t—
2538 4052 2664 4092 ecce
2702 4049 2802 4104 ego
2834 4046 2996 4100 super
3023 4039 3076 4083 te
3127 4027 3150 4097 ζ
3186 4039 3460 4094 congrego

1871 4157 2061 4196 omnes
2099 4146 2372 4192 amatores
2401 4142 2546 4196 tuos,
2579 4130 2631 4183 in
2660 4127 2859 4197 quibus
2897 4133 2946 4176 te
2968 4114 3368 4174 commiscuisti
3402 4116 3458 4167 in

1871 4234 1976 4298 eis,
2015 4242 2068 4286 et
2113 4244 2324 4294 omnes,
2385 4240 2526 4294 quos
2555 4219 2777 4283 amasti,
2818 4230 2942 4270 cum
2993 4210 3270 4274 omnibus,
3318 4220 3463 4276 quos

1873 4328 2068 4382 oderas
2107 4343 2122 4379 :
2174 4331 2228 4377 et
2281 4315 2625 4389 congregabo
2681 4326 2778 4366 eos
2825 4321 2989 4377 super
3022 4313 3071 4359 te
3103 4301 3362 4369 undique,
3407 4306 3463 4350 et

177 4396 449 4418 .......-_.,
481 4396 534 4405 ν-
567 4396 765 4413 -.-----,
804 4396 849 4400 η
1048 4396 1056 4397 ,
1413 4396 1426 4405 ι
1543 4396 1553 4407 _

177 4467 245 4505 ea
269 4458 402 4503 ante
428 4445 621 4499 faciem
653 4456 840 4496 earum
874 4438 928 4491 in
952 4426 1175 4490 odorem
1207 4447 1452 4488 suavem.
1481 4431 1542 4484 Et
1567 4430 1771 4485 factum
1806 4411 1848 4464 υ
1879 4417 2130 4473 revelabo
2169 4412 2407 4468 Illaliliils
2454 4419 2575 4464 luas
2607 4406 2672 4459 ad
2718 4409 2912 4466 eos,“
2956 4396 3219 4451 Videbunl
3243 4404 3462 4449 omnem

2503 4501 2565 4505 _-
2626 4499 2662 4505 η
2767 4494 2831 4505 ..
2993 4497 3006 4505 ,
3070 4487 3275 4505 ΔΑΗ,
3309 4481 3433 4505 μμ,

179 4551 269 4598 est
302 4536 587 4610 posthaec,
615 4532 748 4586 dicit
768 4528 982 4584 Adonai
1004 4525 1292 4589 Dominus,
1316 4521 1406 4576 20.
1442 4531 1497 4575 et
1523 4521 1772 4575 sumsisti

183 4634 337 4689 ﬁlios
359 4640 501 4692 tuos,
528 4637 582 4680 et
608 4626 745 4679 ﬁlias
778 4633 922 4686 tuas,
951 4633 1091 4688 quas
1115 4615 1349 4685 genuisti
1378 4615 1446 4680 Χ
1469 4612 1599 4666 mihi
1631 4612 1679 4680 ζ,
1720 4622 1774 4668 et

184 4720 515 4782 sacriﬁcasti
561 4733 624 4772 ea
667 4717 747 4770 eis
781 4715 833 4767 in
868 4709 1307 4766 consumtionem
1341 4724 1354 4760 :
1391 4706 1548 4776 quasi
1575 4721 1767 4775 parum

185 4823 434 4873 scortata
464 4811 561 4873 sis,
606 4807 695 4860 2t.
733 4814 788 4860 et
818 4800 1069 4857 mactasti
1091 4799 1230 4852 tilios
1283 4807 1429 4860 tuos,
1479 4803 1534 4848 et
1578 4795 1774 4850 dedisti

186 4926 310 4976 eos,
344 4921 468 4963 cum
503 4901 769 4960 reduxisti
823 4898 892 4953 ab
915 4897 998 4950 eis
1024 4909 1140 4949 eos.
1181 4890 1272 4944 22.
1302 4889 1419 4944 Hoc
1455 4887 1572 4958 plus
1609 4902 1774 4957 quam

188 5003 374 5059 omnis
410 4995 672 5054 scortatio
705 5002 818 5056 tua,
868 4993 935 5058 Ἀ(
990 4996 1046 5042 et
1096 4981 1534 5039 abominationes
1567 4979 1722 5048 tuae:
1761 4998 1774 5032 :

187 5104 246 5148 at
282 5107 395 5147 non
433 5087 719 5145 recordata
767 5097 828 5137 es
879 5078 986 5136 diei
1039 5073 1288 5148 pueritia
1319 5079 1449 5138 tute,
1479 5069 1609 5125 dum
1655 5082 1779 5122 eras

265 5255 338 5326 (ι’)
391 5251 489 5316 8.,
543 5249 682 5314 τΙι.,
734 5249 790 5301 in
853 5249 1271 5312 imprudentiam.
1365 5249 1442 5305 (g)

195 5325 422 5382 amoris.
500 5322 561 5390 (ἱ)
599 5318 685 5382 8.,
738 5325 793 5372 et
842 5312 1016 5390 velavi
1069 5320 1121 5365 te
1175 5305 1461 5390 velamine.

192 5398 410 5451 riorum
438 5391 758 5446 multorum.

734 5247 790 5301 in
853 5237 1271 5312 impudentiam.
1353 5232 1442 5312 _(g)
1487 5232 1572 5295 8.,
1625 5243 1679 5287 et
1724 5233 1970 5303 ingressa
2029 5222 2628 5312 eslinnornameutum
2682 5212 3157 5312 ornamentorum.

1660 5302 1691 5312 "
1851 5301 1881 5312 "
2083 5297 2096 5312 ι
2125 5295 2138 5312 \
2321 5302 2485 5312 η---υι-
2529 5298 2712 5312 ..η-η...
2761 5291 2906 5312 mmn
3038 5288 3086 5312 m

1353 5291 1461 5359 ἱὶῖἐ.
1541 5291 1615 5376 (lt)
1653 5302 1741 5376 8.,
1775 5291 2025 5376 Eollare._
2080 5293 2145 5366 (ι)
2321 5302 2485 5376 δμνςι·
2529 5291 2932 5376 nalrematuam.

837 5359 1046 5454 (ιδ-8.,
1071 5359 1143 5435 'ét
1174 5359 1468 5454 eatendisti
1518 5359 1612 5454 μὲ]
1666 5359 2099 5454 (οῇ¹8.,ηεχοθιεε’
2123 5359 2507 5454 multicolor-ia.

226 5426 410 5449 lUluul
441 5426 758 5446 Illuuvuuun
861 5426 892 5437 η
961 5426 1019 5435 ν-
1091 5426 1143 5435 vv
1177 5426 1468 5433 ν--υ--κκ--γ
1522 5426 1587 5429 ν--
1778 5426 1819 5428 ,κ

194 5426 378 5535 ineque
410 5463 598 5535 futura.
624 5468 770 5535 suLnt.
837 5426 923 5524 \(ql)
959 5426 1160 5505 omnes
1191 5445 1488 5514 injustitias
1515 5426 1685 5498 tuas.‘
1724 5426 1923 5535 '(lr)l'S.,
1948 5446 2101 5493 extra
2137 5450 2168 5487 a
2197 5426 2701 5535 viislttt‘issolrdidis.

968 5533 975 5535 _
1120 5524 1128 5535 ι
1177 5521 1190 5535 \
1234 5518 1264 5535 ο
1349 5516 1378 5535 ἓ.
1442 5530 1539 5535 .____
1599 5530 1745 5535 ____-_,
1776 5532 1794 5535 ..
1825 5530 1872 5535 -.ι
1909 5525 2000 5535 ..Α-
2049 5517 2202 5535 ..ιιι-η
2330 5516 2360 5535 α·
2522 5501 2616 5535 ἰμα,
2697 5512 2701 5535 l

195 5515 394 5590 £56515
413 5515 510 5588 es.
581 5515 1038 5599 (t)1‘est_a_m:enta.
1117 5521 1194 5589 (α)
1229 5518 1312 5583 8.,
1346 5516 1398 5570 in
1435 5530 1545 5599 quo
1598 5515 1876 5599 mundabo
1905 5525 2000 5565 cor
2049 5517 2228 5599 tuum.

1878 4509 2273 4579 turpitudinem
2298 4515 2470 4558 tuam.
2503 4501 2594 4555 58.
2624 4499 2690 4552 Et
2730 4494 2962 4549 ulciscar
2993 4497 3047 4542 te
3069 4487 3279 4541 ultione
3308 4481 3467 4536 adul-

1879 4611 2140 4660 terarum,
2167 4604 2222 4651 et
2250 4590 2646 4648 eﬂundeutium
2697 4583 3040 4654 sanguinem,
3083 4587 3136 4632 et
3167 4588 3359 4646 ponam
3417 4581 3471 4625 te

1877 4697 1933 4750 in
1957 4691 2278 4760 sanguinem
2317 4685 2543 4747 furoris,
2580 4690 2635 4735 et
2686 4679 2808 4733 zeli.
2844 4675 2932 4730 59.
2966 4673 3032 4726 Et
3065 4670 3272 4724 tradam
3323 4675 3373 4718 te
3411 4664 3471 4717 in

1880 4797 2080 4840 manus
2101 4794 2315 4841 eorum,
2348 4785 2401 4830 et
2430 4775 2745 4830 subvertent
2789 4769 3020 4838 lupanar
3048 4772 3227 4826 tuum,
3274 4765 3328 4811 et
3373 4771 3470 4808 ex-

1883 4875 2193 4945 stirpabunt
2225 4871 2295 4941 (c)
2328 4864 2696 4923 habitaculum
2726 4871 2906 4920 tuum,
2927 4867 2981 4911 et
3005 4861 3208 4909 exuent
3231 4861 3282 4904 te
3305 4847 3472 4901 vesti-

1883 4942 2089 5023 mentis
2115 4964 2250 5027 tuis,
2273 4969 2329 5015 et
2374 4959 2563 5013 tollent
2593 4969 2722 5009 vasa
2757 4949 3097 5023 gloriationis
3149 4956 3273 5009 tuae,
3302 4951 3358 4997 et
3386 4942 3471 4995 di-

1886 5061 2110 5116 mittent
2142 5066 2195 5110 te
2244 5053 2472 5115 nudam,
2500 5057 2554 5104 et
2607 5047 3037 5113 discoopertam.
3069 5038 3160 5093 40.
3197 5037 3262 5091 Et
3297 5035 3472 5088 addu-

3258 5195 3335 5269 (h)
3387 5193 3474 5258 8..

3013 5273 3110 5342 (m)
3159 5267 3248 5342 8.,
3270 5267 3276 5269 1
3300 5267 3477 5322 texto-

2586 5355 2662 5423 (p)
2724 5349 2809 5415 8.,
2842 5362 2965 5423 quae
3001 5339 3123 5423 "non
3152 5339 3294 5420 facta
3324 5346 3474 5400 sunt,

2778 5410 2968 5490 (a)-8.,
2998 5413 3156 5490 filias,
3203 5410 3332 5490 quia
3366 5423 3479 5490 non

2304 5479 2620 5568 (acii—Filias.
2644 5566 2650 5568 _
2697 5479 2906 5568 (μγ-8.,
2933 5479 3260 5568 imperiosae
3278 5567 3285 5568 ί
3303 5479 3476 5568 donni.

197 5550 394 5590 satiata
423 5550 501 5588 es.
581 5550 646 5599 tu
681 5550 1038 5583 Icswmcma-
1117 5550 1194 5589 ψ)
1229 5550 1312 5583 σιν
1346 5550 1398 5570 ιι·
1435 5550 1545 5586 -ιυυ
1599 5550 1875 5568 ιιιυιιυαυν
1906 5550 1991 5565 ννι
2052 5550 2228 5561 ·“-··--
2703 5550 2766 5562 ’ν’
2894 5550 2902 5555 -
3032 5550 3046 5553 -

197 5608 274 5676 (z)
306 5603 388 5668 S.,
415 5606 467 5657 in
494 5600 748 5670 tenuitate
775 5596 897 5650 fidei
933 5604 1268 5661 congregans
1299 5584 1594 5641 mercedes.
1671 5586 1751 5655 (a)
1787 5584 1875 5648 8.,
1919 5596 1952 5636 o
1984 5577 2177 5633 mulier
2210 5573 2454 5626 adultera
2485 5566 2760 5635 accipiens
2793 5559 3052 5615 desubter
3075 5554 3194 5636 viro
3224 5565 3327 5607 suo
3349 5550 3480 5629 alie-

503 5673 534 5676 μ-
808 5669 817 5676 .
1083 5663 1094 5676 .
1144 5675 1150 5676 ,
1191 5659 1405 5676 J_,,.____
1551 5665 1728 5676 -_-.-_-
1781 5669 1898 5676 μη.-
1951 5652 2051 5676 ιη...
2106 5643 2297 5676 Amnon:
2402 5639 2477 5676 [In
2529 5636 2565 5676 Ω
2645 5647 2696 5676 pl
2735 5632 2942 5676 factum
2977 5633 3062 5676 est
3087 5640 3146 5676 In
3177 5621 3400 5676 teuuod
3428 5634 3480 5673 Ill

200 5643 329 5731 λέξο.
361 5643 626 5730 ὁιηιιὶὺῖιε
656 5669 852 5724 scortis
883 5643 1165 5718 mercgdes
1181 5659 1406 5717 dantur:
1460 5666 1517 5712 tu
1549 5643 1746 5710 autem
1776 5643 1902 5710 cum
1951 5652 2053 5706 hoc
2105 5643 2322 5700 dedisti.

200 5747 474 5818 opposito.
553 5742 625 5814 (ε)
658 5741 740 5808 8.,
768 5735 1106 5794 altitudinem
1140 5739 1311 5784 tuam.

2402 5621 2497 5710 (bi
2527 5621 2619 5702 S.,'
2645 5647 2698 5690 et
2735 5632 2942 5688 factum
2977 5633 3062 5682 est
3087 5624 3146 5680 iu
3177 5631 3231 5680 te
3253 5621 3400 5692 quod
3427 5621 3480 5673 iu
