3864 6220
466 248 601 306 ρτςι

1570 266 1799 322 CODEX
1844 269 2637 333 SYRIACO-HEXAPLARIS.

3579 292 3723 347 2719.

463 378 585 423 cent
614 384 778 438 super
802 382 851 425 te
899 372 1110 440 turbas,
1151 382 1205 428 et
1239 376 1557 445 lapidabunt
1586 391 1636 436 te
1667 383 1720 437 in
1750 385 2037 455 lapidibus,
2072 389 2116 444 A
2144 386 2457 444 velarenlur
2527 391 2749 446 malitia?
2802 401 2907 448 luat
2942 434 2958 459 .
3041 397 3499 465 Quemadmodum
3570 418 3720 459 nunc

461 469 515 513 et
536 461 784 516 occident
818 470 871 518 te
906 464 957 517 in
986 465 1181 535 gladiis
1210 468 1345 524 suis.
1376 472 1464 526 4i.
1506 472 1571 528 Et
1600 477 1923 533 comburent
1945 480 2042 534 do-

462 568 583 607 mos
606 562 722 609 tuas
763 556 818 609 in
868 556 1011 627 igne,
1044 568 1098 613 et
1149 558 1350 616 facient
1390 563 1444 618 in
1491 573 1541 619 te
1590 568 1823 624 ultiones
1851 587 2036 627 coram

458 647 781 702 mulieribus
814 650 998 704 multis
1032 668 1044 701 :
1078 661 1132 706 et
1161 663 1400 710 avertam
1428 670 1479 712 te
1507 675 1536 713 a
1572 664 1897 719 scortatione
1919 676 2033 733 tua,

456 745 510 788 et
540 739 819 795 mercedes
860 756 965 794 non
996 742 1151 799 dabis
1183 746 1345 801 ultra.
1369 749 1456 803 ιη.
1494 749 1557 804 Et
1582 750 1850 808 dimittam
1883 754 2035 812 furo-

455 843 569 882 rem
598 845 775 884 meum
826 848 991 902 super
1023 844 1094 900 te,
1132 848 1185 892 et
1236 840 1455 894 tolletur
1483 843 1632 897 zelus
1664 862 1818 900 meus
1848 862 1877 901 a
1926 858 1976 902 te
2015 867 2028 903 :

453 928 505 971 et
532 921 893 989 requiescam,
917 933 970 978 et
999 928 1346 983 non‘curabo
1386 934 1649 1002 amplius;
1678 935 1766 990 43.
1794 953 1889 1005 pro
1946 940 2031 994 his

451 1013 593 1079 quod
629 1028 736 1067 non
793 1018 1072 1072 recordata
1127 1036 1188 1077 es
1224 1023 1433 1078 dierum
1470 1028 1848 1105 adolescentia:
1900 1041 2025 1100 tute,

452 1104 530 1173 id)
567 1114 619 1159 et
668 1107 890 1162 tristitia
924 1110 1196 1169 aﬂiciebas
1259 1133 1344 1168 me
1384 1118 1435 1171 in
1493 1120 1577 1175 his
1625 1104 1928 1180 omnibus:
1974 1137 2029 1183 et

448 1210 549 1263 ego
579 1212 705 1252 ecce
736 1200 852 1256 vias
877 1212 997 1258 tuas
1028 1204 1080 1257 in
1113 1220 1268 1275 capu’
1301 1215 1455 1263 tuum
1486 1210 1630 1278 dedi,
1668 1215 2022 1274 dieitAdonai

449 1284 710 1345 Dominus
746 1309 759 1345 :
786 1292 853 1363 (e)
885 1304 936 1348 et
965 1295 1044 1349 sic
1081 1295 1253 1353 fecisti
1284 1300 1611 1371 impietatem
1643 1322 1807 1377 super
1831 1326 2022 1367 omnes

446 1377 763 1447 iniquitates
801 1395 938 1439 tuas.
969 1386 1058 1441 44.
1087 1387 1210 1445 Haec
1241 1404 1370 1447 sunt
1390 1396 1594 1463 omnia,
1620 1412 1741 1465 qua:
1764 1401 2021 1459 dixerunt

444 1485 609 1537 super
640 1473 770 1526 tein
810 1477 1088 1543 parabola,
1122 1482 1362 1539 dicentes
1396 1507 1406 1540 :
1446 1486 1598 1543 Sicut
1628 1499 1819 1559 mater,
1851 1494 2016 1550 etiam

444 1562 572 1616 tilia.
606 1564 695 1619 45.
733 1566 865 1622 Filia
905 1573 1091 1628 matris
1132 1583 1237 1630 tua:
1277 1586 1330 1631 tu
1362 1595 1438 1645 es,
1464 1597 1586 1651 qum
1618 1587 2013 1654 repulitvirum

439 1668 621 1717 suum,
646 1668 697 1711 et
729 1659 869 1715 filios
899 1677 1049 1727 suos,
1076 1665 1137 1735 (ﬁ
1161 1676 1215 1721 et
1240 1684 1483 1725 sororem
1501 1688 1748 1730 sororum
1774 1687 2011 1749 tuarum,

2141 480 2488 547 Opprobrium
2531 498 2591 538 es
2642 483 2877 539 filiarum
2918 486 3106 558 Syriae,
3139 500 3191 542 et
3219 491 3487 556 omnium,
3512 508 3638 564 qua:
3663 498 3716 550 in

2139 569 2366 625 circuitu
2400 573 2539 643 ejus,
2576 575 2807 631 ﬁliarum
2848 578 3300 651 alienigenarum,
3326 599 3450 655 quae
3478 588 3719 643 cireum-

2136 660 2270 716 dant
2298 673 2349 717 te
2380 664 2743 722 circumcirca
2774 678 2849 733 te,
2871 670 2960 724 58.
3010 670 3089 741 (η)
3134 674 3441 744 impietates
3481 688 3628 746 tuas,
3662 690 3717 735 et

2136 752 2458 823 iniquitates
2494 768 2618 815 tuas
2647 771 2701 814 tu
2732 764 2961 831 portasti
2994 781 3108 833 eas,
3139 767 3271 822 dicit
3298 767 3587 827 Dominus.
3620 772 3710 828 59.

2132 845 2200 911 )af
2235 844 2372 911 Quia
2404 849 2426 916 ζ
2483 850 2598 905 haec
2651 852 2784 906 dicit
2820 854 3035 911 Adonai
3078 858 3339 915 Dominus
3372 879 3385 913 :
3429 860 3609 917 Etiam
3633 864 3713 918 fa-

2132 936 2273 991 ciam
2306 939 2358 993 in
2392 949 2461 1006 te,
2497 942 2640 997 sicut
2672 944 2890 1012 fecisti,
2937 948 3082 1003 sicut
3130 951 3427 1022 despexisti
3480 955 3623 1021 haec,
3653 968 3711 1012 ut

2130 1031 2591 1099 transgredereris
2624 1044 3012 1094 testamentum
3043 1057 3225 1098 meum
3255 1064 3267 1100 :
3300 1045 3387 1101 60.
3433 1056 3489 1102 et
3522 1064 3710 1105 recor-

2127 1117 2298 1172 dabor
2319 1136 2420 1191 ego
2467 1128 2779 1180 testamenti
2822 1130 2948 1195 mei,
3010 1118 3154 1200 quod
3207 1142 3387 1190 tecum
3429 1136 3484 1192 in
3512 1137 3706 1196 diebus

2126 1211 2377 1278 pueritiae
2411 1222 2541 1281 tuae,
2583 1225 2637 1271 et
2669 1220 2949 1276 suscitabo
2973 1223 3067 1278 tibi
3097 1234 3482 1285 testamentum
3497 1235 3703 1303 sempi-

2124 1307 2363 1358 ternum.
2396 1306 2488 1361 6i.
2519 1307 2594 1378 (ο)
2625 1308 3080 1371 Etrecordaberis
3107 1318 3209 1374 via:
3237 1331 3361 1386 tuae,
3388 1332 3442 1377 et
3463 1335 3704 1379 contem-

2122 1396 2292 1458 neris,
2321 1410 2447 1450 cum
2485 1400 2756 1469 receperis
2806 1418 3027 1461 sorores
3070 1418 3192 1465 tuas
3224 1412 3461 1482 majores
3484 1426 3537 1472 te
3572 1434 3698 1473 cum

2115 1481 2431 1553 junioribus
2464 1497 2536 1556 te,
2567 1500 2623 1545 et
2652 1492 2795 1547 dabo
2824 1510 2919 1551 eas
2961 1498 3059 1553 tibi
3096 1501 3150 1555 in
3203 1481 3606 1572 probationem.
3647 1524 3701 1567 et

2120 1591 2227 1631 non
2254 1595 2321 1633 ex
2344 1589 2670 1638 testamento
2702 1593 2813 1641 tuo.
2851 1587 2940 1642 62.
2983 1589 3051 1647 Ει
3077 1598 3353 1652 suscitabo
3402 1616 3504 1670 ego
3534 1613 3699 1657 testa—

2118 1679 2363 1725 mentum
2392 1689 2573 1730 meum
2601 1685 2804 1745 tecum,
2834 1692 2889 1737 et
2918 1699 3240 1755 cognosces,
3279 1692 3423 1760 quod
3453 1708 3557 1764 ego
3586 1694 3694 1749 Do-

436 1762 558 1813 quu:
590 1748 661 1817 (gi
705 1754 1018 1819 repulerunt
1048 1758 1195 1813 viros
1234 1776 1385 1827 suos,
1419 1773 1473 1817 et
1504 1766 1645 1822 filios
1674 1786 1806 1826 suos
1845 1790 1858 1826 :
1894 1789 1992 1828 ma-

2115 1761 2299 1818 minus
2324 1782 2338 1831 ;
2363 1764 2453 1821 85.
2483 1776 2546 1823 ut
2575 1772 2898 1840 recorderis,
2957 1786 3011 1831 et
3057 1778 3372 1848 erubescas,
3402 1793 3458 1837 et
3482 1800 3590 1839 neu
3620 1786 3695 1840 sit

438 1848 517 1890 ter
545 1852 720 1896 vestra
758 1842 997 1912 Hethaza,
1021 1858 1074 1903 et
1095 1860 1245 1919 pater
1280 1866 1458 1910 vester
1489 1860 1563 1927 (Ιι)
1591 1861 1895 1919 Amoraeus.
1914 1866 2006 1925 46.

432 1930 519 1985 46.
561 1932 725 1989 Soror
755 1949 927 1992 vestra
947 1943 1128 1997 senior
1163 1945 1432 2016 Samaria,
1463 1951 1596 2020 hare,
1616 1964 1669 2009 et
1705 1956 1828 2013 filiae
1856 1962 2001 2031 ejus,

431 2037 554 2090 quae
585 2023 833 2081 habitant
866 2044 895 2083 a
924 2029 1148 2088 sinistra
1185 2045 1271 2090 tua
1298 2057 1312 2092 :
1340 2050 1394 2093 et
1419 2056 1577 2097 soror
1611 2023 1907 2117 tuajunior
1930 2060 2002 2117 te,

429 2127 550 2181 qum
580 2114 840 2173 habitata
891 2124 1081 2178 dextra
1108 2134 1197 2181 tua
1222 2127 1482 2199 Sodoma,
1515 2143 1567 2188 et
1590 2114 1876 2209 lilize'ejus.
1910 2114 2003 2200 47.

429 2204 534 2259 Sed
569 2222 677 2262 non
707 2209 787 2265 sic
800 2214 1018 2281 quidem
1046 2218 1097 2270 in
1126 2219 1227 2275 viis
1260 2236 1446 2277 earum
1474 2230 1785 2297 ambulasti,
1827 2250 2004 2305 neque

425 2299 725 2354 secundum
766 2302 1079 2372 iniquitates
1126 2324 1312 2366 earum
1344 2314 1499 2383 egisti
1528 2299 1997 2397 paullominus—X

422 2387 565 2441 sicut
621 2389 800 2445 dicere
833 2391 893 2461 ζ,
946 2404 1003 2449 et
1067 2402 1461 2470 transgrederis
1525 2422 1620 2464 eas
1662 2412 1714 2464 in
1744 2417 1998 2473 omnibus

420 2479 523 2534 viis
552 2480 679 2535 tuis.
706 2479 797 2536 48.
836 2482 968 2538 Vivo
994 2502 1117 2557 ego,
1178 2490 1312 2545 dicit
1368 2494 1578 2552 Adonai
1636 2499 1923 2574 Dominus,
1949 2509 1997 2563 si

418 2567 546 2624 fecit
578 2570 814 2628 Sodoma
844 2591 1003 2632 soror
1043 2588 1134 2635 tua
1186 2581 1324 2653 ipsa,
1379 2596 1431 2641 et
1465 2590 1587 2645 tilia:
1629 2593 1770 2663 ejus,
1800 2612 1994 2666 quem-

416 2661 710 2718 admodum
741 2664 918 2723 fecisti
951 2685 1029 2737 tu,
1070 2682 1123 2728 et
1144 2674 1267 2730 illia:
1308 2686 1432 2733 tuas.
1480 2682 1569 2737 49.
1607 2661 1993 2747 verumtamen

416 2754 533 2809 haec
571 2760 638 2825 χ
678 2770 761 2814 cst
790 2759 812 2829 ζ
839 2762 941 2816 fuit
1000 2764 1261 2836 iniquitas
1319 2771 1570 2831 Sodoma:
1622 2782 1830 2838 sororis
1866 2794 1988 2854 tute,

414 2850 670 2916 superbia
730 2851 783 2905 in
841 2856 1127 2913 saturitate
1191 2877 1391 2930 panum
1422 2906 1434 2927 ,
1467 2876 1521 2921 et
1554 2869 1608 2922 in
1639 2850 1991 2934 ahundantiis

413 2935 523 2988 vini
576 2938 801 2996 delicate
856 2945 1130 3017 vivebant,
1178 2951 1295 3021 ipsa
1318 2957 1528 3013 ’etlilia:
1585 2962 1742 3031 ejus:
1798 2967 1989 3023 -t-hoc

410 3040 528 3083 Ctal
561 3031 609 3085 ei
645 3032 702 3102 ζ,
753 3042 805 3090 et
857 3036 984 3092 filiis
1009 3040 1129 3109 ejus
1159 3044 1221 3114 (ἰ)
1272 3054 1325 3100 et
1375 3064 1599 3107 manum
1644 3060 1899 3127 pauperis
1932 3072 1987 3117 et

409 3121 564 3190 egeni
584 3138 687 3176 non
705 3129 1208 3200 apprehendebant,
1252 3137 1341 3195 50.
1369 3151 1423 3195 et
1448 3121 1984 3220 magna-gloriaban-

410 3220 520 3277 tur,
548 3222 601 3268 et
629 3214 874 3273 fecerunt
904 3221 1217 3293 iniquitates
1240 3245 1423 3288 coram
1446 3214 1837 3303 me,etabstuli
1866 3262 1981 3315 eas,

406 3300 548 3356 sicut
578 3302 709 3358 vidi.
743 3306 831 3360 5|.
888 3307 954 3365 Et
1008 3311 1256 3374 Samaria
1314 3300 1615 3383 secundum
1688 3300 1977 3396 dimidium

404 3404 751 3460 peccatorum
782 3408 1000 3459 tuorum
1025 3423 1134 3463 non
1181 3416 1469 3481 peccavit:
1505 3430 1557 3475 et
1604 3427 1978 3496 multiplicasti

402 3482 720 3557 iniquitates
752 3504 873 3548 tuas
900 3499 1023 3566 plus
1054 3516 1219 3570 quam
1235 3520 1331 3571 eae,
1351 3518 1405 3562 et
1426 3510 1738 3580 justiticasti
1761 3535 1978 3578 sorores

403 3585 525 3634 tuas
558 3580 612 3635 in
660 3586 916 3644 omnibus
973 3591 1355 3663 iniquitatibus
1407 3604 1534 3673 tuis,
1593 3624 1731 3677 quas
1776 3611 1973 3673 fecisti.

399 3666 488 3722 52.
528 3668 600 3742 (ft)
628 3670 694 3727 Et
725 3684 778 3729 tu
814 3680 1026 3737 sustine
1055 3692 1385 3745 tormentum
1420 3666 1572 3750 tuum
1608 3666 1675 3753 in
1709 3717 1797 3769 eo,
1826 3708 1970 3775 quod

397 3765 712 3833 corruperis
773 3783 995 3829 sorores
1052 3786 1174 3833 tuas
1227 3779 1281 3834 in
1322 3788 1560 3852 peccatis
1590 3792 1736 3857 tuis,
1771 3797 1973 3865 quibus

396 3850 583 3923 inique
611 3858 765 3927 egisti
788 3860 932 3928 plus,
959 3880 1121 3934 quam
1156 3885 1252 3938 ea),
1295 3850 1348 3928 et
1380 3876 1694 3945 justilicasti
1718 3850 1810 3941 eas
1849 3890 1971 3958 plus

393 3961 555 4014 quam
597 3959 675 4004 te:
705 3962 760 4006 et
803 3964 857 4008 tu
903 3960 1194 4030 erubesce,
1250 3978 1303 4023 et
1352 3975 1572 4044 suscipe
1614 3980 1968 4048 ignominiam

395 4048 567 4108 tuam,
600 4060 665 4099 eo
694 4050 839 4116 quod
864 4051 1255 4121 justillcaveris
1321 4079 1540 4124 sorores
1607 4081 1749 4128 tuas.
1793 4075 1881 4132 53.
1904 4078 1971 4135 Et

391 4147 708 4192 convertam
743 4145 1110 4205 reversionem
1154 4168 1342 4211 earum
1364 4196 1381 4224 ,
1420 4168 1832 4227 conversionem
1866 4172 1967 4230 So-

389 4223 586 4289 domae,
624 4230 687 4301 (ι)
712 4242 766 4287 et
791 4250 1041 4295 sororum
1071 4245 1191 4313 ejus
1220 4266 1233 4301 :
1260 4257 1314 4303 et
1341 4266 1652 4313 convertam
1698 4268 1964 4322 reversio-

387 4331 512 4371 nem
546 4319 829 4394 Samarne,
862 4340 915 4384 et
957 4334 1192 4392 filiarum
1233 4340 1385 4409 ejus:
1411 4354 1465 4400 et
1495 4363 1806 4411 convertam
1833 4374 1966 4415 con-

383 4512 627 4559 mentum
646 4516 821 4575 tuum,
859 4516 955 4583 (ml
974 4526 1028 4572 et
1045 4528 1415 4586 contemneris
1440 4547 1503 4585 ex
1529 4512 1785 4596 omnibus
1803 4583 1818 4608 ,
1842 4560 1964 4613 quae

383 4589 555 4613 ,μην
655 4598 699 4613 ..
767 4602 797 4613 ._
898 4608 914 4613 -

381 4589 581 4671 fecisti,
600 4598 666 4651 ad
688 4600 1009 4662 irritandam
1033 4626 1139 4665 me.
1162 4613 1251 4668 55.
1268 4614 1333 4671 Et
1353 4634 1615 4681 sorortua
1635 4589 1963 4697 Sodom;,et

377 4683 501 4739 lilia:
532 4688 648 4757 ejus
671 4696 1038 4767 restituentur,
1078 4704 1219 4761 sicut
1244 4720 1401 4767 erant
1427 4729 1457 4768 a
1487 4717 1858 4790 principio:et
1878 4736 1956 4794 tu,

373 4786 429 4830 et
455 4777 577 4833 lilia:
612 4792 716 4838 tua:
768 4792 1152 4862 restituemini,
1212 4801 1355 4856 sicut
1397 4808 1564 4864 eratis
1605 4827 1633 4865 a
1664 4815 1956 4888 principio.

380 4868 445 4888 ...ρ
499 4870 555 4888 η,
629 4876 639 4887 .
680 4877 690 4888 .
732 4878 752 4888 -
791 4882 802 4888 .
959 4885 982 4888 -

376 4868 466 4924 56.
498 4870 563 4926 Et
589 4876 692 4931 nisi
727 4878 923 4940 fuisset
952 4885 1189 4946 Sodoma
1231 4910 1387 4951 soror
1410 4908 1501 4955 tua
1529 4905 1581 4957 in
1616 4868 1871 4963 auditumr
1893 4912 1945 4966 in

369 4978 467 5019 ore
493 4972 609 5035 tuo,
634 4969 689 5025 in
713 4972 907 5034 diebus
927 4983 1202 5051 superbiae
1255 4995 1380 5056 tua},
1416 4992 1502 5046 57.
1531 5007 1821 5070 antequam
1854 5021 1943 5060 re-

376 5262 409 5267 "
496 5262 529 5266 Ὗ
812 5262 815 5263 ,
872 5262 1015 5267 __-_--
1096 5262 1166 5285 γη
1218 5262 1301 5286 υο,
1340 5262 1397 5277 ιι-
1421 5262 1661 5283 υυυιιιιιο
1716 5262 1978 5299 λυυΙυΙυΙΙΙ

366 5262 519 5374 ginem
569 5276 811 5374 obscure,
854 5292 901 5374 et
956 5283 1233 5374 incertum,
1281 5308 1383 5374 quo
1422 5297 1792 5374 pertineant)._
1840 5306 1903 5374 (ἰ)
1942 5306 1978 5360 8

364 5338 437 5407 (k)
459 5338 539 5405 8.,
568 5346 729 5398 etiam
772 5338 825 5400 tu
862 5352 903 5403 it

364 5409 617 5488 ﬁliarum.
698 5418 791 5488 (m)
825 5417 906 5482 S.,

361 5552 702 5629 summitates
735 5568 1033 5641 ramorum.
1064 5564 1181 5641 ΤΙι..
1225 5552 1475 5641 virgulta.

361 5688 524 5745 tionis
581 5688 873 5767 suan'T/n,
902 5688 963 5755 ei
996 5688 1197 5771 phiala.

1555 5579 1737 5671 (r)rS-.,
1775 5583 1826 5636 in
1858 5579 2384 5671 urbe-mercatoria.
2424 5579 2945 5671 ΤΙι.,ῗθιΙιΙιιεριῖῗίίιιιι
2979 5579 3242 5671 δίιτρὶιίιιεῖ

1170 5620 1181 5630 -
1348 5620 1475 5627 πω
1580 5620 1590 5627 υ
1656 5620 1713 5636 υ.
1859 5620 1991 5640 ...νυ
2040 5620 2143 5641 ...σι

360 5620 840 5726 πξζὶξὶηεὲῗθιθθᾷμ
873 5634 1195 5726 θηρίιξριᾷιιηι
1216 5620 1521 5726 firmitatem
1542 5620 1740 5706 radicis
1770 5670 1932 5723 super
1954 5671 2147 5726 aquas.

406 5705 419 5726 Ι
445 5705 473 5726 Il
647 5709 691 5726 ω
822 5715 831 5726 ι
905 5716 963 5726 Α..
999 5718 1027 5726 --
1076 5721 1115 5726 ,η
1152 5724 1168 5726 νς

2113 1852 2211 1906 tibi
2248 1854 2391 1911 ultra
2422 1861 2634 1929 aperire
2667 1866 2822 1934 θεῖε(
2856 1875 3007 1922 tuum
3058 1869 3079 1938 ζ
3136 1886 3165 1925 a
3202 1872 3340 1930 facie
3377 1875 3694 1945 ignominia:

2111 1953 2238 2010 tute,
2277 1964 2403 2004 cum
2437 1954 2703 2023 propitius
2745 1958 2903 2013 fuero
2963 1961 3059 2017 tibi
3107 1963 3265 2034 juxta
3324 1972 3531 2035 omnia,
3566 1987 3692 2042 quae

2110 2035 2309 2108 fecisti,
2339 2041 2474 2097 dicit
2498 2044 2711 2100 Adonai
2744 2045 3028 2109 Dominus.

2180 2150 2313 2222 Cap.
2349 2151 2514 2209 XVII.
2538 2185 2610 2196 —
2632 2158 2682 2212 1.
2715 2158 2782 2215 Ει
2820 2161 3021 2219 factum
3060 2176 3146 2222 est
3194 2170 3420 2225 verbum
3465 2172 3685 2230 Domini

2104 2241 2174 2296 ad
2199 2258 2305 2308 me,
2335 2243 2524 2301 dicens
2548 2264 2561 2301 :
2593 2247 2649 2302 2.
2682 2247 2783 2305 Fili
2810 2252 3071 2321 hominis,
3100 2275 3258 2314 narra
3284 2265 3681 2331 narrationem,

2104 2338 2159 2385 et
2180 2331 2268 2387 die
2297 2335 2612 2402 parabolam
2643 2340 2713 2394 ad
2762 2341 2987 2399 domum
3029 2346 3269 2413 lsraelis,
3324 2352 3377 2405 ὅ.
3407 2365 3459 2408 et
3485 2354 3679 2411 dices:

2103 2420 2230 2479 ilaac
2257 2425 2391 2480 dicit
2424 2428 2633 2483 Adonai
2667 2432 2931 2491 Dominus
2959 2456 2973 2492 :
3005 2438 3202 2509 Aquila
3228 2458 3443 2514 magna,
3482 2462 3679 2517 magna

2102 2516 2225 2584 alis,
2257 2516 2414 2587 longa
2449 2521 2795 2587 extensione,
2832 2527 2989 2596 plena
3022 2533 3309 2602 unguium,
3348 2537 3438 2591 cui
3471 2546 3561 2593 est
3582 2540 3681 2593 im-

2098 2616 2256 2676 petus
2293 2609 2534 2665 intrandi
2568 2612 2622 2667 in
2651 2613 2920 2671 Libanum
2955 2630 3046 2675 :et
3089 2626 3326 2694 sumpsit
3377 2628 3454 2699 (ρ)
3506 2631 3677 2685 electa

2097 2697 2272 2761 cedri,
2298 2699 2351 2753 4.
2383 2701 2458 2770 (ᾳ)
2490 2705 2834 2762 summitates
2866 2712 3247 2771 teneritudinis
3276 2697 3598 2785 infirmavit,
3622 2732 3675 2777 et

2095 2791 2325 2846 adduxit
2348 2808 2442 2849 eas
2470 2795 2524 2849 in
2549 2805 2749 2852 terram
2774 2790 3056 2869 Chanaan,
3090 2807 3162 2875 (ν)
3195 2807 3250 2862 in
3284 2811 3416 2866 urbe
3463 2818 3673 2871 umnita

2093 2883 2277 2952 posuit
2308 2900 2420 2940 eas.
2442 2886 2496 2941 5.
2542 2887 2607 2943 Et
2630 2893 2830 2947 sumsit
2874 2896 2942 2949 de
2992 2900 3197 2954 semine
3234 2911 3408 2969 terrae,
3440 2915 3495 2959 et
3527 2907 3675 2964 dedit

2092 2972 2224 3029 illud
2249 2975 2316 3046 (δ)
2348 2978 2399 3030 in
2423 2994 2617 3049 campo
2640 2982 3029 3050 plantationem
3051 2990 3119 3057 χ
3137 3001 3412 3062 acceptam
3451 2997 3473 3065 ζ
3504 3013 3675 3067 super

2090 3080 2291 3135 aquam
2329 3070 2555 3125 multam
2584 3087 2596 3123 :
2623 3073 2835 3130 visibile
2856 3078 3129 3135 ordinavit
3150 3082 3305 3136 illud.
3327 3084 3377 3139 6.
3401 3084 3467 3140 Et
3486 3099 3668 3145 ortum

2088 3170 2192 3227 est,
2222 3171 2274 3216 et
2313 3162 2520 3218 factum
2560 3176 2644 3222 est
2704 3168 2756 3222 in
2805 3170 2967 3226 vitem
3028 3173 3323 3243 infirmam,
3353 3190 3406 3232 et
3441 3196 3666 3251 parvam

2085 3255 2482 3324 magnitudine,
2542 3269 2602 3314 ut
2659 3260 2975 3320 viderentur
3030 3268 3283 3336 palmites
3338 3271 3458 3339 ejus
3502 3291 3670 3344 super

2081 3360 2201 3400 eam
2232 3364 2243 3399 :
2278 3356 2333 3402 et
2364 3350 2575 3406 radices
2598 3352 2720 3420 ejus
2751 3356 2855 3410 sub
2881 3372 2944 3411 ea
2991 3371 3176 3415 erant:
3228 3372 3284 3417 et
3311 3363 3451 3420 facta
3494 3379 3581 3421 est
3611 3370 3665 3425 in

2080 3438 2297 3495 vineam
2328 3457 2604 3514 magnam.
2634 3456 2689 3501 et
2723 3445 2853 3502 fecit
2886 3449 2951 3520 (t)
3009 3456 3357 3526 propagines,
3392 3468 3449 3513 et
3478 3472 3663 3517 exten-

2077 3531 2157 3585 dit
2178 3533 2360 3603 virgas
2387 3551 2536 3590 suas.
2587 3536 2638 3592 7.
2658 3536 2724 3593 Et
2748 3540 2888 3595 faeta
2925 3554 3009 3599 est
3029 3547 3210 3616 aquila
3236 3551 3407 3605 altera
3440 3569 3662 3626 magna,

2076 3638 2272 3695 magna
2304 3627 2428 3695 alis,
2469 3629 2641 3685 multa
2676 3634 2989 3703 unguibus:
3024 3650 3077 3692 et
3105 3655 3232 3697 ecce
3259 3643 3385 3700 vitis
3414 3646 3532 3702 haec
3553 3648 3662 3703 im-

2073 3715 2273 3784 plicata
2309 3720 2377 3773 ad
2406 3735 2549 3787 eam,
2579 3732 2631 3777 et
2681 3725 2892 3782 radices
2918 3730 3037 3798 ejus
3061 3732 3130 3787 ad
3165 3748 3285 3789 eam
3320 3744 3375 3790 et
3400 3740 3661 3808 palmites

2073 3822 2205 3862 suos
2228 3810 2419 3865 subter
2446 3829 2504 3867 se
2543 3816 2727 3871 emisit
2778 3819 2850 3884 ei,
2905 3832 2965 3876 ut
2995 3823 3240 3896 irrigaret
3268 3845 3388 3885 eam
3414 3834 3495 3903 (ιι)
3529 3852 3655 3891 cum

2073 3897 2198 3953 bolo
2260 3902 2611 3970 plantatiouis
2668 3925 2801 3964 sum.
2863 3912 2915 3966 8.
2981 3913 3034 3969 ln
3087 3933 3284 3990 eampo
3313 3897 3459 3979 bono
3488 3943 3657 3997 super

2070 4006 2269 4061 aquam
2298 3998 2524 4051 multam
2561 3999 2674 4055 haec
2705 4002 3097 4076 impinguatur,
3128 4022 3186 4065 ut
3212 4014 3653 4088 faciatvirgulta,

2068 4093 2121 4135 et
2154 4084 2422 4142 utalferat
2478 4087 2740 4159 fructum,
2801 4106 2860 4150 ut
2918 4100 3317 4162 sit‘invineam
3366 4127 3650 4183 magnam.

2068 4174 2120 4227 9.
2155 4174 2384 4248 Propter
2410 4181 2515 4236 hoc
2540 4184 2662 4239 dic:
2697 4186 2823 4244 Haec
2849 4191 2981 4247 dicit
2999 4195 3207 4253 Adonai
3239 4174 3509 4263 Dominus
3535 4211 3652 4280 ιιι)

2065 4264 2122 4319 Si
2156 4268 2445 4341 dirigatur,
2475 4291 2661 4334 nonne
2689 4281 2903 4338 radices
2947 4290 3333 4350 tener'tltuiiuis
3379 4299 3501 4367 ejus
3528 4342 3544 4365 ,
3593 4264 3651 4359 et

2068 4358 2282 4418 fructus
2315 4364 2435 4434 ejus
2489 4376 2841 4437 putrescent?
2866 4388 2921 4432 et
2970 4395 3223 4439 arescent
3276 4392 3485 4457 omnia,
3518 4410 3647 4465 qua:

1993 4457 2037 4512 υ
2067 4453 2408 4517 przeveniunt
2440 4462 2753 4528 germinant
2778 4481 2843 4521 ex
2868 4484 2953 4533 ea,
2991 4474 3058 4542 )t(
3083 4490 3332 4534 arescent
3364 4484 3387 4551 ζ
3411 4524 3427 4549 ,
3454 4494 3510 4539 et
3531 4502 3643 4543 non

2062 4540 2117 4596 in
2180 4545 2405 4604 brachio
2459 4568 2679 4624 magno,
2738 4575 2915 4631 neque
2974 4540 3267 4640 inpoptllo
3300 4540 3639 4646 mul'to,ad

2059 4635 2403 4695 evellendum
2431 4658 2552 4699 eam
2602 4662 2632 4701 e
2673 4651 2950 4710 radicibus
3001 4635 3256 4718 suisill).
3287 4667 3359 4721 Et
3390 4635 3516 4725 ecce
3541 4675 3642 4729 im-

2058 4730 2387 4800 pinguatur:
2450 4742 2717 4811 numquid
2776 4744 3093 4814 dirigetur?
3143 4753 3336 4813 Nonne
3381 4763 3545 4818 simul
3570 4782 3640 4823 ac

2060 4824 2297 4893 tetigerit
2322 4841 2440 4881 eam
2474 4840 2671 4887 ventus
2703 4838 2965 4904 uredinis,
2996 4856 3208 4901 arescet
3243 4851 3534 4909 ariditate?
3557 4859 3637 4929 (y)

2055 4930 2180 4970 eum
2213 4918 2338 4975 bolo
2374 4925 2639 4991 germinis
2669 4944 2897 4987 arescet.
2938 4935 3022 4989 ll.
3056 4937 3119 4992 Et
3152 4944 3350 4997 tactum
3400 4959 3485 5001 est
3510 4967 3638 5006 ver-

2051 5006 2184 5061 bum
2228 5008 2446 5068 Domini
2467 5015 2534 5069 ad
2563 5032 2670 5083 me,
2702 5021 2929 5079 dicens:
2998 5028 3085 5083 12.
3119 5029 3219 5086 Fili
3248 5034 3506 5103 hominis,
3540 5043 3637 5098 die

1083 5151 2931 5263 pzpvtécaba'smm‘a'{Sehﬁhetmnonufeci‘juxta7abominationes
2968 5195 3111 5263 tuas.
3188 5196 3257 5263 (Γ)
3291 5206 3345 5251 et
3382 5214 3629 5261 sorores.

2057 5253 2163 5292 rea:
2214 5244 2386 5309 estis,
2429 5260 2658 5313 quarum
2690 5254 2833 5330 enim
2879 5256 2934 5310 in
2980 5244 3332 5327 judicio‘filite
3361 5244 3629 5330 videmini

1989 5346 2049 5410 ..Ἀ
2080 5324 2302 5365 manum
2336 5328 2466 5394 vero
2520 5324 2743 5388 pauperi
2792 5333 2846 5378 et
2888 5324 3206 5410 egenonon
3249 5324 3625 5410 porrigebat—it:

628 5346 637 5356 .
866 5352 876 5360 .
1221 5346 1231 5354 ,
1293 5346 1306 5361 ,
1422 5346 1476 5361 ,-
1522 5346 1763 5367 “HW---”
1840 5346 1902 5374 ν,
1942 5346 2027 5371 υ.,
2080 5346 2302 5365 manum
2343 5346 2466 5394 τωρ
2520 5346 2743 5388 pauper!
2792 5346 2846 5378 et
2888 5346 3060 5396 egeno
3096 5349 3201 5389 non
3249 5352 3259 5405 Ι

525 5353 1718 5464 inettaq‘tmtuqttaqueppgﬁiaupntidpre‘mntuum,
1738 5372 2138 5464 sky-quidem
2167 5393 2434 5464 superasti
2469 5401 2686 5444 sorores
2709 5403 2828 5448 tuas
2867 5402 3103 5464 peccatis
3134 5406 3259 5458 tuis.

956 5432 1009 5477 et
1038 5427 1326 5507 erubesces
1360 5448 1457 5501 pro
1507 5427 1760 5511 omnibus
1814 5427 2163 5511 qum‘fccisti,
2207 5427 2500 5509 consolans
2532 5474 2644 5511 eas.

894 5478 903 5482 _
1110 5478 1130 5479 η
1154 5478 1159 5479 ,
1182 5478 1324 5484 e---..
1398 5478 1410 5484 -
1428 5478 1455 5487 υ
1508 5478 1760 5495 vum-unua
1814 5478 1822 5493 ι
1852 5478 1933 5499 ua;
1967 5478 2138 5501 ιυιιδιι
2207 5478 2500 5509 υυΙΙδυΙὶΙΙΙδ
2532 5478 2644 5511 63).
2748 5480 2775 5514 η
2852 5478 2868 5499 ε

363 5478 437 5543 (o)
465 5478 623 5560 S.,.et
659 5478 785 5539 cum
826 5489 879 5542 in
908 5498 1223 5604 memtg'li’am
1256 5478 1728 5604 revdpaverisyigs
1775 5478 2311 5604 tuIas,'repI'ehendes
2351 5478 2740 5595 temetipsum}
2785 5478 2868 5604 )(pj

363 5562 702 5604 summitates
735 5568 1029 5604 rnmnritm.
1225 5572 1375 5604 υἷι-η·-
1407 5585 1452 5604 In
1558 5584 1603 5604 ἰ·
1775 5583 1823 5604 ²--
1970 5601 1983 5604 λ
2058 5603 2077 5604 ⁷⁷
2108 5603 2113 5604 ⁷
2229 5602 2237 5604 ‘
2316 5593 2325 5603 '
2426 5594 2489 5604 ”“”
2618 5601 2626 5604 “
2656 5602 2662 5604 ’

3338 5409 3417 5478 (1)
3437 5409 3522 5474 S.,
3568 5429 3630 5472 et

2874 5468 2976 5542 i.,__
3002 5468 3429 5535 abominationes
3470 5468 3623 5542 tuas.

2914 5539 3030 5599 7/2.,
3075 5547 3341 5620 capitella.
3421 5539 3623 5620 ((1)5;

3322 5622 3390 5690 (δ)
3420 5620 3505 5687 8.,
3563 5628 3623 5681 in

2228 5660 2290 5730 (ι)
2325 5661 2409 5726 8.,
2440 5669 2669 5763 radices.
2749 5675 2828 5749 (ιι)
2859 5660 3619 5763 eisi-struwcvturziv’plat’ttd:

1276 5712 1352 5782 (an)
1384 5713 1465 5781 S.,
1494 5734 1623 5775 num
1651 5712 2021 5782 extendatur:
2069 5728 2144 5799 (ῃ)
2178 5712 2419 5798 8.,’ρῖιιιῖ
