3864 6220
211 243 357 300 9715

1450 229 1855 288 HEZECIELIS
1876 227 2108 286 CAPUT
2146 229 2334 287 XVIII.

3354 231 3497 288 9.7M

214 359 284 412 ad
308 358 535 412 domum
587 353 805 411 lsraelis
848 354 1155 411 irritantem
1207 371 1224 409 :
1276 351 1394 407 Non
1446 352 1623 410 scitis,
1676 349 1806 420 quid
1838 358 1883 411 Α
1914 350 1968 403 5.
1992 347 2131 403 Vivo
2154 364 2277 420 ego,
2318 348 2451 404 dicit
2483 348 2696 404 Adonai
2730 347 2994 404 Dominus
3043 366 3056 402 :
3088 348 3134 404 si
3175 347 3342 404 fuerit
3377 365 3497 405 am-

215 451 330 505 sint
369 450 504 510 hate.
531 463 655 518 qua;
704 447 857 503 dixi?
900 448 989 503 dic
1046 446 1167 502 eis:
1198 444 1271 516 (ι)
1302 444 1441 499 Ecce
1493 445 1675 497 Vt‘llieI.
1709 458 1805 497 rex

220 542 515 612 Babylonis
538 556 705 610 super
731 540 1062 604 Jerusalem,
1088 548 1143 593 et
1165 538 1347 607 capiet
1373 553 1519 601 eam,
1545 545 1599 591 et
1624 549 1805 604 regem

220 634 366 702 ejus,
409 642 466 687 et.
496 633 772 702 principes
796 630 934 701 ejus,
963 640 1018 685 et
1046 630 1207 685 ducet
1223 643 1320 684 eos
1349 628 1414 682 ad
1447 626 1804 694 semetipsum

223 726 279 799 in
321 724 680 796 Babylonem.
720 723 808 777 15.
835 722 901 776 Et
930 732 1113 777 sumet
1172 721 1238 775 de
1285 718 1495 774 semine
1542 716 1718 784 regni.
1754 723 1810 770 et

219 823 479 890 disponet
508 817 579 872 ad
617 834 743 873 eum
771 824 1184 881 testamentum,
1222 824 1276 870 et
1329 812 1639 867 introducet
1679 824 1806 864 eum

222 914 280 967 in
304 911 706 976 maledictione,
732 918 786 963 et
813 908 1086 978 principes
1113 916 1272 960 terra:
1297 905 1493 974 capiet,
1524 903 1612 956 14.
1652 900 1811 973 (a)ut

223 1005 300 1058 sit
333 1003 388 1057 in
423 1016 657 1071 regnum
693 998 997 1062 inﬁrmum,
1030 998 1179 1068 quod
1224 996 1452 1050 omnino
1478 1008 1589 1048 non
1629 992 1810 1048 eleva-

220 1096 393 1160 bitur,
419 1094 487 1148 ad
519 1091 945 1149 custodiendum
981 1098 1370 1146 testamentum
1403 1086 1545 1157 ejus,
1594 1097 1647 1142 et
1695 1093 1811 1141 sta-

225 1196 343 1244 tuet
369 1185 524 1241 illud.
568 1185 657 1240 15.
690 1184 757 1239 Et
794 1183 1012 1238 recedet
1042 1182 1111 1237 ab
1139 1198 1226 1247 eo,
1266 1179 1533 1235 mittendo
1584 1177 1809 1232 nuntios

222 1280 280 1333 in
313 1278 637 1350 .‘Egyptum,
699 1276 767 1331 ad
818 1275 1056 1330 dandum
1115 1275 1164 1328 ei
1198 1287 1392 1349 equos,
1450 1279 1504 1324 et
1549 1269 1809 1339 populum

222 1369 486 1422 multum.
527 1365 584 1421 Si
617 1366 907 1437 dirigetur,
933 1365 980 1419 si
1012 1364 1342 1427 servabitur,
1379 1362 1472 1431 qui
1520 1360 1650 1415 facit
1680 1375 1813 1414 con-

227 1462 440 1516 traria?
468 1460 541 1531 (b)
577 1471 630 1515 et
661 1460 781 1534 qui_
817 1457 1220 1529 transgreditur
1276 1463 1665 1511 testamentum
1701 1492 1716 1513 ,
1764 1450 1812 1506 si

225 1553 572 1608 salvabitur?
606 1553 692 1607 16.
728 1549 958 1620 Propter
993 1550 1096 1603 hoc
1127 1549 1250 1601 vivo
1275 1561 1399 1617 ego,
1436 1545 1569 1598 dicit
1597 1540 1812 1597 Adonai

226 1647 516 1711 Dominus,
550 1646 653 1700 nisi
683 1646 737 1699 in
778 1645 897 1700 loco
932 1643 1097 1713 regis,
1134 1641 1228 1711 qui
1259 1654 1488 1708 regnare
1512 1636 1638 1691 fecit
1658 1651 1808 1699 enin,

222 1741 319 1809 qui
350 1739 555 1809 Sprevit
592 1735 1033 1792 maledictionem
1068 1747 1269 1794 meam,
1291 1740 1346 1785 et
1375 1729 1469 1799 qui
1507 1737 1812 1796 transgres-

223 1851 324 1889 sus
353 1842 432 1888 est
467 1840 856 1887 testamentum
894 1841 1099 1889 meum,
1132 1840 1258 1879 cum
1304 1838 1370 1877 eo
1400 1824 1454 1875 in
1502 1820 1682 1875 medio
1707 1817 1810 1872 Ba-

221 1926 446 1997 bylonis
476 1924 762 1979 morietur.
804 1921 890 1976 17.
928 1919 996 1974 Et
1041 1934 1153 1973 non
1204 1919 1259 1972 in
1317 1917 1519 1970 virtute
1586 1925 1807 1982 magna,

223 2034 407 2088 neque
440 2018 494 2070 in
533 2015 690 2071 turba
722 2014 891 2069 multa
945 2010 1112 2067 faciet
1140 2010 1404 2065 adversus
1448 2021 1573 2061 eum
1596 2003 1813 2058 Pharao

221 2112 453 2178 bellum,
485 2111 536 2163 in
560 2109 711 2179 jactu
740 2107 924 2172 fossae,
949 2112 1004 2160 et
1046 2104 1101 2158 in
1134 2111 1411 2159 structura
1437 2098 1732 2154 stationum
1759 2106 1814 2151 et

220 2205 575 2267 balistarum,
609 2212 668 2257 ut
701 2200 923 2270 dejiciat
951 2198 1162 2253 animas
1201 2195 1423 2250 multas.
1457 2192 1545 2247 18.
1580 2190 1646 2245 Et
1660 2204 1814 2261 spre-

218 2298 308 2351 vit
330 2296 723 2367 juramentum,
764 2303 822 2347 ut
852 2290 1325 2360 transgrederetur
1381 2291 1809 2341 testamentum:

214 2399 281 2446 et
339 2403 466 2443 ecce
492 2386 562 2457 (ε)
585 2386 967 2440 deditmanum
990 2390 1242 2446 suam,et
1263 2380 1451 2435 omnia
1482 2378 1597 2433 haec
1614 2376 1811 2432 fecit-t-

219 2482 279 2538 ei
309 2482 336 2552 ζ
367 2500 380 2536 :
416 2496 545 2535 num
580 2476 924 2534 salvabitur?
961 2475 1046 2530 19.
1096 2474 1326 2545 Propter
1358 2473 1463 2527 hoc
1502 2472 1593 2527 dic
1631 2490 1645 2525 :
1687 2469 1815 2526 Haec

220 2574 367 2629 dicit
392 2571 603 2627 Adonai
634 2568 898 2624 Dominus
924 2586 937 2621 :
969 2566 1108 2622 Vivo
1138 2580 1272 2637 ego,
1314 2564 1419 2619 nisi
1438 2564 1813 2634 juramentum

221 2680 440 2729 meum,
475 2663 622 2733 quod
648 2661 875 2730 sprevit,
898 2668 955 2714 et
994 2667 1383 2714 testamentum
1429 2671 1634 2719 meum,
1668 2654 1815 2724 quod

223 2767 583 2827 trangressus
612 2762 714 2818 est,
736 2760 792 2807 et
817 2751 959 2806 dabo
984 2749 1116 2804 illud
1164 2748 1219 2803 in
1257 2755 1422 2819 caput.
1448 2747 1566 2815 ejus
1594 2766 1607 2801 :
1642 2745 1730 2799 20.
1764 2753 1818 2800 et

221 2850 524 2909 extendam
556 2862 723 2917 super
755 2860 880 2900 eum
915 2853 1028 2899 rete
1045 2842 1580 2912 meum,etcapietur
1609 2840 1663 2894 in
1685 2855 1816 2912 gyro

221 2947 387 3015 ejus:
424 2959 486 3001 σε-
517 2954 571 2998 et
603 2944 799 2997 ducam
828 2954 954 2993 eum
981 2938 1036 2992 in
1060 2937 1414 3007 Babylonem,
1437 2933 1817 3004 etdijudicabo

226 3056 361 3096 cum
399 3054 466 3093 eo
495 3039 565 3093 ibi
589 3036 915 3107 injustitiam
944 3035 1084 3105 ejus,
1140 3046 1306 3102 quam
1369 3029 1573 3099 injuste
1612 3027 1722 3097 egit
1762 3027 1816 3081 in

224 3150 365 3190 me:
396 3132 487 3186 ξι.
523 3132 598 3201 (d)
628 3141 683 3185 et
717 3144 911 3184 omnes
958 3125 1179 3198 profugi
1234 3123 1407 3194 ejus:
1446 3122 1503 3176 in
1555 3120 1704 3175 omni
1736 3119 1821 3174 in-

228 3225 541 3283 structione
571 3223 694 3278 belli
723 3222 843 3292 ejus
874 3221 929 3274 in
953 3218 1135 3290 gladio
1151 3215 1376 3272 cadent:
1406 3214 1543 3286 (e)et
1570 3212 1821 3268 residuos

228 3333 429 3375 eorum
460 3317 516 3371 in
544 3327 763 3369 omnem
791 3321 1016 3365 ventum
1070 3306 1464 3370 disseminabo,
1511 3315 1567 3358 et
1616 3317 1822 3373 cogno-

229 3410 426 3474 sectis,
464 3407 593 3479 quia
626 3420 729 3476 ego
761 3402 1029 3457 Dominus
1055 3400 1271 3455 locutus
1303 3412 1449 3453 sum.
1484 3394 1575 3450 22.
1595 3393 1823 3465 Propter

231 3506 347 3562 hoc
377 3504 496 3558 haec
525 3500 658 3557 dicit
685 3496 896 3553 Adonai
930 3494 1193 3549 Dominus
1221 3507 1236 3545 :
1276 3493 1342 3545 Et
1370 3504 1583 3545 sumam
1616 3479 1732 3559 ego
1753 3486 1824 3541 de

230 3598 429 3653 electis
459 3593 609 3651 cedri
648 3593 716 3647 de
742 3589 969 3652 vertice,
995 3590 1063 3655 Χ
1089 3596 1143 3640 et
1174 3584 1317 3640 dabo
1345 3583 1413 3638 de
1434 3580 1611 3652 capite
1635 3594 1824 3648 propa-

233 3690 431 3761 ginum
457 3687 577 3757 ejus
612 3686 675 3756 ζ,
707 3682 872 3740 corda
913 3694 1102 3735 eorum
1135 3677 1447 3741 inﬂrmabo,
1483 3684 1539 3729 et
1571 3670 1824 3743 plantabo

234 3796 348 3853 ego
420 3793 586 3849 super
644 3784 886 3831 montem
946 3770 1249 3836 excelsum,
1290 3768 1383 3823 25.
1406 3775 1460 3821 et
1492 3764 1823 3835 suspendam

232 3884 369 3925 eum
406 3868 459 3922 in
497 3874 681 3921 monte
710 3862 933 3919 sublimi
989 3861 1227 3915 lsraelis.
1278 3859 1343 3913 Et
1378 3856 1654 3928 plantabo,
1682 3853 1746 3925 (ι)
1771 3862 1826 3909 et

231 3959 739 4032 proferetgermen,
762 3963 816 4010 et
842 3954 1007 4008 faciet
1030 3951 1291 4016 fructum,
1320 3961 1373 4004 et
1391 3950 1493 4003 erit
1520 3949 1575 4001 in
1600 3948 1822 4001 cedrum

235 4069 499 4124 magnam
534 4070 547 4105 :
586 4060 639 4105 et
667 4050 978 4119 requiescet
1007 4046 1111 4102 sub
1157 4060 1223 4100 ea
1259 4044 1333 4114 (g)
1377 4042 1558 4097 omnis
1585 4041 1723 4105 avis,
1772 4047 1826 4092 et

233 4160 408 4203 omne
430 4143 648 4199 volatile
676 4143 779 4197 sub
834 4140 1029 4194 umbra
1063 4139 1181 4208 ejus
1228 4152 1288 4192 -ε-
1332 4135 1638 4206 requiescet
1675 4134 1738 4203 ζ.
1773 4141 1827 4186 ct

235 4238 499 4311 palmites
522 4237 645 4306 ejus
672 4235 1058 4299 restituentur,
1084 4231 1175 4285 24.
1198 4238 1252 4284 et
1272 4228 1448 4285 scient
1467 4226 1647 4282 omnia
1681 4226 1826 4296 ligna

236 4329 457 4399 campi;
499 4328 628 4398 quia
652 4342 754 4397 ego
779 4324 1069 4389 Dominus,
1100 4322 1192 4393 qui
1228 4320 1458 4375 humilio
1502 4318 1706 4389 lignum
1734 4332 1828 4372 ex-

1908 439 2054 509 plius
2077 440 2309 495 dicenda
2332 438 2594 510 parabola
2625 439 2740 494 haec
2770 439 2823 493 in
2854 438 3084 506 lsraele;
3110 439 3167 493 4.
3218 440 3348 510 quia
3376 455 3498 495 om-

1908 550 2006 589 nes
2040 533 2237 588 animae
2263 550 2397 588 mea!
2426 544 2574 599 sunt,
2599 533 3063 603 quemadmodum
3101 533 3282 588 anima
3301 536 3495 605 patris,

1909 628 1982 682 ita
2008 635 2058 681 et
2094 628 2276 682 anima
2305 627 2426 692 filii,
2462 643 2597 681 mea:
2626 635 2795 682 sunt:
2829 626 3012 680 anima
3063 642 3188 696 quae
3232 642 3497 697 peccave-

1908 722 2003 782 rit.
2032 720 2092 791 (i)
2128 721 2246 790 ipsa
2296 719 2585 774 morietur.
2631 720 2684 775 5.
2731 718 2910 773 Homo
2950 730 3155 783 autem,
3192 720 3284 789 qui
3332 718 3499 773 fuerit

1906 813 2112 884 justus,
2168 810 2414 882 quifaeit
2459 811 2731 882 judicium
2781 811 3161 881 etjustitiam,
3217 812 3271 866 6.
3332 827 3497 880 super

1909 903 2191 958 montibus
2220 918 2329 957 non
2364 902 2685 968 comederit,
2718 910 2773 956 et
2797 901 2987 956 oculos
3014 918 3145 958 suos
3174 918 3279 956 non
3312 912 3499 957 sustu-

1909 993 2035 1048 lerit
2064 993 2130 1048 ad
2165 992 2238 1064 (It)
2272 992 2635 1062 cogitationes
2662 994 2858 1046 domus
2891 992 3131 1057 lsraelis,
3180 1004 3235 1047 et
3266 1008 3495 1048 uxorem

1912 1085 2150 1156 proximi
2176 1084 2263 1140 sui
2292 1099 2403 1140 non
2433 1084 2709 1155 polluerit,
2738 1092 2791 1138 et
2818 1084 2886 1139 ad
2916 1084 3224 1147 mulierem,
3259 1103 3383 1157 quae
3413 1094 3499 1140 est

1911 1177 1964 1231 in
1999 1185 2310 1240 menstruo,
2350 1191 2458 1230 non
2490 1174 2807 1240 accesserit,
2856 1174 2907 1230 ‘7.
2967 1185 3022 1229 et
3070 1174 3342 1229 hominem
3388 1191 3496 1229 non

1911 1268 2211 1338 subegerit,
2255 1267 2452 1339 pignus
2478 1266 2743 1321 debitoris
2784 1265 3100 1330 reddiderit,
3136 1274 3192 1321 et
3244 1266 3495 1336 rapinam

1912 1376 2021 1414 non
2055 1360 2320 1429 rapuerit,
2358 1373 2555 1429 panem
2589 1373 2748 1412 suum
2777 1358 3041 1413 esurienti
3056 1356 3287 1422 dederit,
3316 1369 3371 1411 et
3395 1372 3499 1410 nu-

1912 1454 2040 1508 dum
2074 1452 2351 1522 operuerit
2380 1461 2554 1515 veste,
2618 1450 2670 1505 8.
2706 1460 2762 1505 et
2806 1458 3093 1522 argentum
3131 1465 3291 1505 suum
3332 1465 3500 1520 super

1914 1559 2081 1599 usura
2113 1559 2221 1597 non
2251 1542 2481 1607 dederit,
2509 1550 2565 1597 et
2588 1541 2927 1611 superﬂuum
2968 1556 3077 1595 non
3112 1541 3392 1606 sumserit,
3428 1540 3498 1596 ab

1915 1634 2186 1705 injustitia
2216 1635 2477 1689 averterit
2502 1650 2725 1689 manum
2752 1650 2933 1700 suam,
2961 1632 3231 1703 judicium
3287 1633 3499 1704 justum

1844 1722 1884 1777 Β
1915 1726 2109 1783 fecerit
2171 1728 2313 1782 inter
2337 1726 2514 1782 virum
2536 1736 2597 1803 let.
2654 1742 2715 1783 οε-
2761 1727 2902 1781 inter
2936 1727 2958 1796 ζ
3010 1727 3322 1797 proximum
3356 1727 3499 1795 ejus,

1921 1822 1974 1877 9.
1995 1829 2049 1875 et
2071 1821 2123 1875 iu
2148 1820 2433 1890 praeceptis
2463 1818 2598 1873 meis
2616 1818 2997 1883 ambulaverit,
3017 1826 3070 1873 et
3080 1817 3502 1888 justilicationes

1920 1926 2072 1966 meas
2118 1909 2517 1976 custodiverit,
2578 1918 2640 1963 ut
2687 1906 2852 1963 faciat
2882 1923 3009 1974 eas;
3060 1909 3245 1978 justus
3275 1909 3364 1963 hic
3393 1917 3501 1975 est,

1920 2004 2033 2058 vita
2061 2004 2227 2069 vivet,
2257 2002 2390 2057 dicit
2417 2001 2625 2057 Adonai
2651 1999 2937 2055 Dominus.
2978 2000 3063 2055 10.
3092 1998 3157 2054 Ει
3186 2000 3231 2054 si
3255 1999 3505 2070 genuerit

1921 2098 2095 2154 filium
2125 2097 2188 2169 (Ι)
2222 2108 2621 2166 corruptorem,
2655 2094 3020 2150 eﬂ‘undentem
3070 2094 3416 2163 sanguinem,
3448 2103 3504 2148 et

1922 2190 2212 2246 facientem
2254 2196 2499 2259 peccata,
2528 2187 2614 2241 11.
2646 2185 2700 2240 in
2733 2185 2817 2239 via
2848 2184 3018 2254 patris
3070 2184 3156 2239 sui
3210 2183 3344 2254 justi
3392 2199 3502 2238 non

1922 2283 2240 2348 ambulavit,
2274 2281 2367 2338 sed
2393 2293 2448 2336 et
2471 2296 2636 2351 super
2676 2278 2954 2333 montibus
2987 2276 3245 2341 comedit,
3279 2285 3334 2331 et
3368 2292 3505 2331 uxo-

1921 2393 2039 2433 rem
2068 2375 2163 2447 (m)
2190 2374 2424 2446 proximi
2451 2372 2536 2427 sui
2569 2372 2781 2442 polluit,
2808 2369 2895 2425 12.
2936 2379 2990 2425 et
3013 2385 3242 2440 egenum
3280 2377 3335 2423 et
3366 2383 3504 2438 pau-

1923 2484 2109 2542 perem
2141 2467 2372 2538 subegit,
2412 2476 2467 2521 et
2524 2464 2767 2535 rapinam
2824 2462 3026 2533 rapuit,
3077 2472 3132 2517 et
3156 2461 3353 2531 pignus
3392 2474 3502 2514 non

1922 2560 2180 2622 reddidit,
2203 2568 2258 2614 et
2292 2557 2345 2612 in
2373 2557 2517 2612 idola
2552 2556 2736 2627 posuit
2764 2554 2956 2608 oculos
2982 2566 3135 2617 suos,
3160 2550 3503 2621 iniquitatem

1924 2654 2076 2720 fecit,
2105 2656 2193 2709 15.
2224 2669 2348 2709 cum
2379 2666 2546 2707 usura
2584 2649 2751 2715 dedit,
2802 2656 2857 2701 et
2888 2643 3225 2715 superﬂuum
3265 2643 3502 2707 sumsit;

1925 2750 2004 2822 (η)
2031 2749 2119 2804 hic
2159 2747 2269 2801 vita
2301 2761 2410 2800 non
2442 2745 2587 2798 vivet
2614 2760 2629 2799 :
2662 2756 2853 2796 omnes
2881 2740 2977 2793 has
3018 2737 3338 2808 iniquitates
3357 2735 3505 2799 fecit,

1924 2852 2102 2897 morte
2154 2836 2617 2894 mortiticabitur:
2675 2832 2900 2902 sanguis
2944 2831 3066 2901 ejus
3096 2846 3262 2901 super
3318 2828 3502 2897 ipsum

1926 2935 2050 2992 erit.
2084 2932 2171 2987 M.
2205 2930 2263 2986 Si
2295 2940 2473 2984 autem
2504 2926 2751 2998 genuerit
2781 2924 2952 2979 tilium
2978 2964 2992 2987 ,
3016 2933 3072 2977 et
3104 2922 3299 2977 viderit
3322 2921 3507 2976 omnia

1927 3034 2148 3098 peccata
2178 3021 2347 3094 patris
2373 3020 2480 3087 sui,
2508 3035 2631 3090 quae
2672 3016 2817 3082 fecit,
2850 3025 2905 3070 et
2965 3010 3247 3077 timuerit,
3284 3021 3339 3066 et
3395 3027 3506 3065 non

1925 3116 2114 3171 fecerit
2138 3109 2440 3168 secundum
2485 3124 2571 3174 ea,
2611 3106 2697 3160 15.
2749 3120 2914 3174 super
2966 3103 3245 3158 montibus
3274 3117 3383 3154 non
3414 3116 3508 3155 co-

1927 3208 2118 3273 medit,
2147 3214 2202 3260 et
2227 3204 2419 3259 oculos
2471 3216 2604 3255 suos
2661 3213 2767 3252 non
2808 3195 2991 3266 posuit
3053 3193 3121 3248 ad
3144 3192 3507 3262 cogitationes

1926 3302 2122 3358 domus
2155 3297 2397 3361 lsraelis,
2426 3303 2481 3349 et
2510 3307 2732 3348 uxorem
2768 3287 3001 3361 proximi
3031 3286 3114 3341 sui
3146 3300 3256 3339 non
3286 3282 3505 3353 polluit,

1929 3390 2018 3445 16.
2048 3398 2101 3445 et
2132 3388 2409 3443 hominem
2439 3398 2547 3438 non
2570 3380 2803 3450 subegit,
2828 3386 2882 3431 et
2907 3377 3105 3447 pignus
3141 3391 3252 3429 non
3287 3374 3507 3440 sumsit,

1926 3493 1987 3539 et
2008 3482 2255 3553 rapinam
2286 3494 2392 3534 non
2424 3474 2628 3546 rapuit,
2655 3487 2849 3543 panem
2875 3486 3035 3525 suum
3062 3466 3508 3530 esurientidedit,

1935 3585 1990 3631 et
2026 3574 2232 3630 nudum
2265 3569 2480 3641 operuit
2527 3569 2597 3636 Χ
2623 3573 2771 3619 veste
2800 3565 2823 3632 ζ
2848 3604 2864 3629 ,
2913 3562 3003 3616 17.
3043 3570 3097 3615 et
3144 3559 3213 3614 ab
3238 3558 3508 3628 injustitia

1932 3667 2131 3723 avertit
2151 3678 2375 3720 manum
2412 3675 2589 3726 suam,
2653 3670 2879 3712 usuram
2928 3664 2982 3709 et
3032 3651 3365 3722 superﬂuum
3399 3665 3507 3704 non

1930 3760 2153 3824 sumsit,
2187 3756 2458 3829 justitiam
2495 3751 2642 3814 fecit,
2680 3757 2735 3805 et
2798 3749 2853 3803 in
2908 3744 3194 3817 praeceptis
3226 3743 3364 3798 meis
3392 3758 3511 3798 am-

1930 3853 2176 3918 bulavit;
2213 3850 2301 3903 hic
2352 3862 2459 3901 nou
2487 3844 2751 3899 morietur
2798 3843 2851 3895 in
2892 3840 3177 3911 injustitiis
3198 3838 3370 3909 patris
3399 3835 3507 3901 sui,

1930 3946 2042 3999 vita
2072 3943 2238 3997 vivet.
2278 3970 2347 3980 —-
2389 3937 2476 3992 18.
2524 3935 2682 3989 Pater
2742 3935 2859 4005 ejus
2884 3944 3062 3987 autem
3127 3930 3172 3985 si
3219 3928 3512 3983 afﬂictione

1932 4034 2206 4101 aﬂlixerit,
2240 4041 2295 4087 et
2317 4030 2563 4100 rapuerit
2616 4026 2859 4097 rapinam
2892 4027 2959 4092 Βῆ(
2991 4022 3178 4076 fratris
3209 4020 3271 4090 ζ,
3297 4029 3351 4076 et
3382 4035 3515 4074 con-

1933 4131 2102 4186 traria
2129 4125 2321 4181 fecerit
2346 4123 2400 4176 in
2444 4119 2624 4175 medio
2654 4116 2836 4188 populi
2856 4115 2994 4182 mei;
3046 4114 3209 4169 etiam
3245 4112 3514 4167 morietur

1934 4226 1991 4280 in
2019 4218 2290 4293 injustitia
2318 4232 2439 4272 sua.
2471 4212 2561 4268 19.
2596 4210 2670 4284 (ο)
2704 4211 2770 4265 Ει
2802 4208 2987 4265 dicitis
3016 4227 3030 4263 :
3073 4205 3215 4273 Quid
3260 4212 3345 4260 est
3366 4205 3513 4275 quod

1934 4332 2045 4373 non
2083 4314 2206 4370 tulit
2236 4312 2382 4366 filius
2432 4305 2754 4377 iniustitiam
2801 4301 2971 4374 patris
3020 4300 3148 4355 sui?
3187 4296 3326 4365 Quia
3368 4298 3514 4352 ﬁlius

236 4390 479 4489 celsum,
515 4390 569 4477 et
599 4390 780 4476 exalto
805 4419 1012 4491 lignum
1039 4390 1267 4478 humile,
1288 4422 1341 4468 et
1370 4409 1825 4479 arefacioliguum
1859 4435 1912 4495 υ
1940 4404 2373 4464 misericordiam
2407 4408 2461 4456 et
2508 4396 2779 4469 justitiam
2826 4393 2973 4457 fecit,
3034 4391 3219 4448 omnia
3272 4390 3516 4460 legitima

236 4518 443 4581 viride,
475 4526 531 4570 et
562 4515 743 4570 denuo
776 4513 1052 4568 virescere
1097 4507 1297 4562 faciam
1342 4504 1549 4574 lignum
1590 4502 1827 4557 aridum.

238 4611 365 4682 Ego
398 4608 664 4663 Dominus
694 4605 912 4659 locutus
937 4614 1085 4664 sum,
1112 4605 1167 4652 et
1187 4611 1410 4668 quoque
1431 4594 1649 4648 faciam.

317 4699 475 4756 CAP.
498 4697 683 4753 XVIII.
703 4699 838 4751 -1.
866 4694 933 4749 Et
948 4693 1152 4749 factum
1171 4699 1256 4746 est
1282 4689 1507 4744 verbum
1522 4687 1735 4741 Domini
1761 4684 1830 4740 ad

240 4809 340 4850 me
376 4793 568 4849 dicens
612 4810 627 4846 :
659 4793 714 4845 '2.
743 4788 845 4843 Fili
890 4784 1154 4849 hominis,
1205 4782 1335 4854 quid
1359 4781 1516 4836 vobis
1571 4778 1830 4849 parabola

242 4893 368 4944 haec
394 4888 471 4957 (Ii)
500 4887 554 4941 in
585 4885 711 4939 filiis
742 4882 982 4944 lsraelis.
1013 4879 1256 4935 dicentes
1292 4893 1305 4929 :
1356 4875 1546 4930 Patres
1579 4872 1831 4927 comede-

244 4991 379 5036 runt
428 4993 563 5034 uvas
582 4977 829 5041 acerbas,
856 4981 912 5028 et
942 4972 1133 5028 dentes
1160 4969 1394 5024 filiorum
1434 4965 1827 5037 stupuerunt‘.

1940 4518 2060 4558 mea
2085 4495 2404 4561 custodivit,
2431 4502 2485 4548 et
2513 4490 2643 4547 fecit
2682 4505 2747 4545 ea
2778 4508 2792 4544 :
2826 4488 2936 4542 vita
2976 4486 3138 4541 vivet.
3182 4484 3273 4540 20.
3316 4484 3515 4539 Anima

1937 4602 2119 4650 autem
2149 4602 2384 4662 peccans
2418 4589 2483 4653 )t(
2511 4584 2624 4653 ipsa
2663 4582 2684 4650 ζ
2712 4581 3006 4646 morietur;
3042 4580 3184 4634 ﬁlius
3207 4586 3387 4632 autem
3408 4592 3515 4630 non

1934 4685 2167 4755 accipiet
2190 4679 2513 4752 injustitiam
2543 4676 2733 4746 patris,
2778 4688 2953 4743 neque
3000 4684 3152 4741 pater
3177 4669 3406 4739 accipiet
3434 4669 3517 4721 in-

1930 4775 2202 4848 justitiam
2248 4770 2345 4824 ﬂlii
2398 4768 2483 4823 sui
2516 4764 2767 4835 :justitia
2810 4764 2943 4833 justi
2985 4779 3151 4832 super
3183 4761 3360 4831 ipsum
3391 4759 3514 4823 erit,

1934 4877 1989 4923 et
2023 4864 2285 4935 iniquitas
2314 4860 2486 4929 iniqui
2518 4873 2682 4928 super
2708 4857 2887 4926 ipsum
2937 4855 3060 4909 erit.
3092 4854 3180 4908 21.
3217 4852 3440 4921 Iniquus
3471 4848 3517 4903 si

1936 4976 1997 5017 se
2025 4954 2354 5015 converterit
2387 4954 2457 5008 ab
2506 4951 2765 5007 omnibus
2787 4946 3173 5020 iniquitatibus
3218 4945 3355 5010 suis,
3381 4956 3520 5014 quas

322 5163 397 5235 (κ)
431 5158 679 5235 Quando.
712 5154 786 5226 (ο)
811 5153 895 5235 5.,
918 5166 1019 5222 pro
1047 5147 1286 5235 conquod
1302 5156 1450 5235 esset
1474 5161 1697 5235 regnpm
1723 5143 2030 5235 humileuut
2058 5156 2125 5196 ne
2146 5154 2205 5194 se
2232 5138 2469 5235 eﬂ'erret,
2497 5134 2589 5235 sed
2616 5133 2921 5235 custodit-let
2935 5129 3135 5235 gradus.
3154 5126 3295 5197 ejus,
3328 5136 3520 5235 ut's'ta-

246 5198 1807 5292 iuéiéi‘iﬁﬁlii'iieéé’séi’aﬁiéni;b26461}insignibus
1840 5216 1895 5268 in
1923 5198 2827 5292 )Egyptumautdarentureiuequi.
2848 5202 3104 5284 (b)l§tqui
3122 5198 3522 5292 trapsglreditur

246 5268 665 5362 ίὲξίὲηιξειιιυιη,
707 5299 752 5353 si
784 5294 1021 5376 effugiet.
1098 5290 1170 5362 (ε)
1197 5268 1369 5376 Dedi.‘
1428 5288 1507 5358 (ά)
1546 5286 1632 5350 8.,
1656 5268 1719 5340 ’ἐι
1748 5268 2183 5376 οῐηξιςεορῗὸἶυεί
2213 5268 2498 5376 ejuslc‘urg
2523 5268 2779 5330 omnibus
2810 5268 3178 5376 pennisNejus.
3208 5268 3371 5338 (ej'Et
3391 5285 3521 5376 Iom-

451 5374 459 5376 Α
515 5374 538 5376 Η
865 5366 875 5376 “
1227 5360 1239 5376 ¹
1280 5360 1293 5376 ‘
1327 5358 1345 5376 ¹
1482 5374 1518 5376 4-
1559 5360 1582 5376 ³-
1819 5362 1829 5376 ¹
1857 5373 1866 5376 -
1972 5370 2104 5376 --έιι-
2155 5360 2292 5376 ιι---η-
2374 5354 2389 5370 ο
2504 5361 2747 5376 nmmum...
2792 5343 2949 5376 nn...“
3044 5357 3103 5376 η,
3124 5354 3237 5376 mn,
3288 5354 3384 5376 um,
3410 5355 3520 5376 “nn

248 5339 673 5443 :3;
1197 5339 1305 5429 ⁷(ξιῖ
1327 5339 1529 5412 Omnes
1558 5339 1766 5412 bestiae.
1816 5356 1891 5422 (h)
1928 5339 2104 5424 super
2135 5339 2319 5405 “terra.
2350 5350 2413 5419 (')
2458 5346 2748 5417 Perperam
2792 5339 3237 5443 vertit-Norberg
3288 5339 3521 5443 verb’um

819 5437 830 5443 -
912 5436 928 5443 ρ
970 5435 978 5443 .
1230 5441 1236 5443 .
1313 5438 1361 5443 _,
1394 5441 1421 5443 _
1548 5430 1557 5438 -
1692 5427 1702 5443 ,-
1786 5427 1863 5443 ιιι.
1911 5435 1924 5443 .
1976 5428 2118 5443 _.:_,_-
2180 5420 2372 5443 -.--..-.ι.
2398 5437 2409 5443 -
2459 5427 2591 5443 ...η-,ι
2627 5416 2846 5443 “nmina
2878 5424 2958 5443 un
2983 5422 3119 5443 nun!
3184 5420 3366 5443 ﬂunnr
3435 5425 3521 5443 nu-

251 5410 1929 5526 "iiinfitl-gﬁurdrnntfyp'nenimrsiguificat
1962 5410 2125 5479 etiam
2173 5410 2411 5490 stupuit}
2459 5410 2592 5472 teste
2627 5416 2846 5469 nomine
2877 5422 3143 5499 ΝΠἸΡἸἫ,
3179 5420 3366 5478 stupor
3396 5410 3524 5461 den-

1170 5524 1176 5526 .
1389 5521 1398 5526 -
1472 5521 1482 5526 -
1828 5518 1839 5526 .
2005 5517 2015 5526 .
2154 5517 2164 5526 .
2223 5524 2230 5526 .
2488 5522 2497 5526 -
2553 5511 2565 5526 ι
2645 5518 2683 5526 ,ν
2780 5507 2849 5526 [ΙΛ
2890 5504 3031 5526 IJ-I-
3139 5501 3197 5526 In
3236 5499 3269 5526 (τ
3340 5510 3488 5526 a-....-

256 5499 415 5592 tiam.
449 5499 656 5590 DRAC'ﬂ:
733 5533 794 5602 (ἱ)
827 5499 1067 5599 Et-ejus,
1089 5524 1184 5594 qui
1213 5499 1513 5579 comederit
1544 5534 1677 5572 uvas
1698 5518 1945 5582 acerbas,
1968 5517 2090 5586 ejus
2116 5517 2504 5585 obstupescent
2534 5511 2745 5565 dentes.
2777 5507 2852 5634 (1ίᾶ
2889 5504 3058 5585 ldola.
3137 5501 3198 5572 (Ι)
3231 5499 3315 5569 S.,
3340 5510 3524 5555 trans--

256 5606 590 5634 ...ηιεηληω
629 5603 802 5634 rma.”
902 5602 998 5634 {mi
1046 5596 1083 5634 ,ρ
1170 5592 1374 5634 ΐναινῑς-
1451 5590 1528 5634 (ni
1560 5587 1642 5634 8--
1676 5604 1807 5634 unm
1860 5589 2041 5634 vivet?
2090 5602 2197 5634 non
2230 5587 2390 5634 vivet.
2470 5582 2543 5634 toi
2589 5580 2675 5634 S..
2718 5588 2773 5634 et
2857 5577 3035 5633 ixistis
3087 5585 3309 5630 autem:
3356 5586 3524 5634 quare

324 5606 591 5662 edientem
629 5603 825 5658 foedus.

276 5660 401 5734 Inui
426 5660 537 5734 non
568 5674 802 5751 portavit
842 5660 989 5746 filius
1016 5666 1359 5738 iniquitatem
1388 5661 1560 5734 patris
1586 5660 1708 5715 sui?

902 5580 1128 5670 (uiis;
1170 5592 1376 5670 fratris.
1451 5590 1528 5670 (η)
1559 5587 1809 5670 S.,.uum
1860 5580 2041 5645 vivet?
2090 5602 2198 5643 non
2230 5580 2390 5641 vivet.
2470 5582 2543 5653 (ο)
2589 5580 2675 5647 S.,
2718 5588 2773 5636 ct

2857 5576 3035 5633 ixistis
3087 5585 3268 5630 autem
3294 5592 3309 5630 :
3356 5586 3526 5642 quare
