3864 6220
365 245 510 304 2715

1474 246 1703 304 CODEX
1747 247 2541 306 SYRIACO-llEXAPLARlS.

3495 247 3638 303 2710

365 361 517 425 fecit,
557 370 611 416 et
642 359 965 416 custodierit
991 362 1174 414 omnia
1211 373 1481 432 prteeepta
1517 375 1730 431 mea,et
1764 365 1953 420 fecerit
1983 373 2027 427 Α
2061 377 2187 422 runt
2215 384 2339 422 eum
2367 370 2419 422 in
2444 382 2623 430 camo,
2651 374 2705 420 et
2742 364 2795 418 in
2828 378 3027 418 cavea:
3060 362 3208 417 venit
3229 363 3293 416 ad
3327 376 3506 432 regem
3533 360 3638 416 Ba-

362 453 629 523 justitiam
659 463 713 508 et
735 453 1189 519 misericordiam,
1245 458 1354 511 vita
1407 459 1570 524 vivet,
1613 469 1796 514 etnon
1831 479 1950 516 mo-

366 547 556 600 rietur:
586 545 677 599 22.
734 545 808 616 (ρ)
865 547 1050 599 omnia
1095 546 1288 602 delicta
1315 551 1455 618 ejus,
1485 567 1606 620 qua:
1661 551 1804 616 fecit,
1843 567 1950 607 non

364 638 945 691 commemorabuntur
997 640 1064 706 χ
1116 639 1187 701 ei,
1244 640 1339 694 sed
1403 640 1510 709 :in
1555 643 1768 711 justitia
1826 661 1947 708 sua,

364 747 528 800 quam
560 729 707 792 fecit,
739 731 899 784 vivet.
925 731 1015 784 25.
1035 729 1309 802 Numquid
1339 734 1568 790 volendo
1599 736 1774 790 volam
1803 753 1950 790 mor-

365 834 471 877 tem
509 823 704 892 iniqui,
733 823 867 878 dicit
898 823 1166 879 Dominus
1199 824 1487 890 Dominus.
1518 829 1660 884 sicut
1715 829 1769 884 id
1802 833 1945 900 quod

364 929 424 969 se
452 924 736 970 convertat
761 931 791 970 a
822 915 909 970 via
938 933 1036 972 sua
1077 918 1218 973 mala
1250 930 1304 974 et
1330 921 1510 976 vivet?
1538 922 1629 977 24.
1656 923 1792 978 Cum
1817 940 1947 979 vero

363 1024 423 1062 se
458 1008 917 1079 averteritjustus
959 1026 991 1064 a
1041 1010 1257 1081 justitia
1295 1029 1417 1077 sua,
1476 1024 1530 1069 et
1585 1016 1774 1071 fecerit
1806 1019 1948 1088 inju-

360 1101 566 1154 stitiam
602 1139 617 1165 ,
659 1102 960 1156 secundum
990 1118 1181 1159 omnes
1237 1106 1572 1176 iniquitates,
1627 1127 1766 1180 quas
1819 1112 1948 1167 fecit

360 1193 605 1262 iniquus,
645 1194 692 1248 si
724 1193 934 1260 fecerit,
961 1211 1066 1250 non
1099 1199 1264 1264 vivet,
1322 1216 1515 1256 omnes
1541 1202 1768 1272 justitize
1802 1205 1942 1274 ejus,

360 1303 500 1355 quas
564 1288 712 1352 fecit,
762 1304 870 1343 non
925 1292 1504 1346 commemorabuntur
1540 1295 1625 1347 ei:
1655 1295 1708 1348 in
1744 1297 1944 1351 delicto

360 1396 483 1440 suo.
513 1382 566 1435 in
599 1382 742 1450 quod
777 1383 996 1450 cecidit,
1024 1395 1081 1438 et
1121 1385 1176 1439 in
1212 1389 1452 1457 peccatis
1496 1389 1634 1454 suis,
1668 1406 1792 1458 qua:
1819 1407 1943 1460 pee-

357 1475 520 1537 cavit,
550 1475 602 1527 in
631 1475 709 1529 eis
744 1476 1022 1531 morietur.
1051 1477 1216 1532 25.Et
1253 1480 1471 1535 dixistis
1513 1499 1525 1534 :
1558 1480 1676 1535 Non
1721 1495 1864 1538 recta
1905 1486 1944 1539 it

357 1568 443 1621 via
480 1567 695 1622 Domini
729 1587 742 1623 :
781 1570 967 1624 audite
1000 1584 1208 1636 autent,
1239 1573 1435 1629 domus
1479 1574 1734 1634 Israelis:
1781 1595 1942 1632 num-

356 1662 486 1730 quid
514 1663 594 1714 via
629 1678 745 1716 mea
777 1679 881 1716 non
915 1675 1060 1718 recta
1099 1665 1180 1718 it?
1231 1664 1420 1721 Nonne
1477 1669 1560 1722 via
1608 1678 1786 1724 vestra
1834 1688 1939 1725 non

358 1763 503 1808 recta
535 1755 618 1808 it?
650 1755 738 1808 26.
764 1756 900 1810 Cum
933 1760 1190 1812 averterit
1221 1775 1278 1813 se
1300 1759 1484 1830 justus
1513 1777 1542 1816 a
1566 1762 1783 1831 justitia
1816 1779 1940 1827 sua,

355 1853 411 1898 et
445 1845 632 1899 fecerit
664 1847 945 1911 delictum,
978 1858 1029 1901 et
1055 1850 1322 1904 morietur
1353 1851 1408 1904 in
1451 1853 1670 1918 delicto,
1696 1857 1840 1922 quod
1870 1854 1945 1908 fe-

355 1936 450 2000 cit,
489 1939 541 1990 in
571 1954 635 1992 eo
661 1939 940 1993 morietur.
965 1941 1053 1993 2'7.
1091 1941 1154 1996 Et
1191 1958 1315 1996 cum
1351 1945 1606 1999 averterit
1629 1961 1687 2000 se
1723 1946 1945 2016 iniquus

355 2030 425 2082 ab
466 2029 751 2100 iniquitate
782 2047 900 2095 sua,
933 2049 1098 2102 quam
1128 2033 1276 2100 fecit,
1333 2045 1388 2089 et
1433 2035 1623 2091 fecerit
1647 2038 1941 2108 judicium,

355 2123 723 2190 etjustitiam,
757 2125 842 2178 hic
866 2126 1104 2179 animam
1132 2141 1286 2181 suam
1336 2129 1650 2182 custodivit.
1674 2129 1846 2196 28.x
1881 2129 1945 2184 Et

355 2213 491 2267 vidit
517 2213 540 2281 ζ
573 2255 588 2279 ,
613 2223 666 2267 et
697 2230 755 2268 se
786 2216 983 2269 avertit
1014 2217 1082 2269 ab
1115 2217 1373 2272 omnibus
1403 2219 1774 2287 impietatibus
1800 2221 1938 2285 suis,

354 2321 493 2373 quas
531 2305 676 2370 fecit,
704 2307 812 2360 vita
846 2309 1008 2374 vivet,
1046 2325 1152 2363 non
1187 2311 1470 2364 morietur.
1507 2310 1598 2364 29.
1639 2311 1702 2364 Et
1751 2312 1943 2366 dicunt

353 2398 551 2450 domus
575 2396 809 2462 lsraelis,
845 2398 962 2452 Non
994 2412 1138 2454 recta
1174 2401 1213 2455 it
1243 2402 1330 2456 via
1391 2403 1630 2457 Domini.
1665 2402 1939 2475 Numquid

353 2495 438 2543 via
467 2506 586 2544 mea
647 2509 754 2546 non
808 2504 953 2547 recta
1009 2494 1070 2557 it,
1100 2494 1298 2550 domus
1359 2495 1826 2554 Israelis?Nonne
1854 2499 1941 2554 via

354 2591 534 2634 vestra
593 2598 700 2636 non
741 2593 886 2637 recta
921 2584 1001 2637 it?
1054 2585 1144 2638 50.
1177 2588 1244 2653 >κ
1283 2584 1511 2654 Propter
1541 2587 1644 2640 hoc
1679 2586 1703 2656 ζ
1737 2605 1939 2642 unum-

353 2689 630 2743 quemque
661 2675 960 2729 secundum
983 2676 1123 2729 viam
1146 2693 1302 2731 suam
1328 2677 1584 2746 judicabo
1609 2695 1725 2744 vos,
1745 2681 1941 2734 domus

356 2763 597 2830 lsraelis,
649 2765 781 2820 dicit
812 2767 1021 2824 Adonai
1067 2766 1351 2823 Dominus.
1411 2769 1826 2832 Convertimini,
1888 2781 1942 2825 et

354 2857 583 2910 avertite
609 2872 706 2912 vos
737 2859 805 2912 ab
828 2860 1083 2914 omnibus
1108 2861 1477 2930 impietatibus
1510 2864 1726 2924 vestris,
1760 2873 1939 2918 etnon

355 2956 518 3002 erunt
546 2947 700 3003 vobis
730 2949 783 3001 in
817 2959 1145 3005 tormentum
1172 2951 1472 3020 injustitiae.
1497 2953 1586 3007 51.
1620 2951 1876 3022 Projicite
1909 2970 1937 3006 a

355 3039 512 3093 vobis
580 3055 769 3095 omnes
836 3042 1143 3112 impietates
1174 3054 1407 3112 vestras,
1447 3061 1586 3116 quas
1618 3047 1782 3116 impie
1826 3047 1940 3110 egi-

356 3134 458 3186 stis
487 3133 540 3187 in
566 3147 674 3197 me,
707 3142 763 3188 et
829 3132 991 3188 facile
1025 3136 1181 3190 vobis
1212 3153 1308 3190 cor
1343 3153 1566 3201 novum,
1596 3149 1650 3191 et
1689 3139 1941 3207 spiritum

359 3242 580 3289 novum,
616 3237 671 3281 et
698 3227 857 3282 facite
898 3231 1080 3281 omnia
1134 3241 1403 3300 praacepta
1464 3245 1584 3284 mea
1619 3250 1632 3285 :
1686 3242 1738 3285 et
1771 3247 1942 3300 quare

356 3319 706 3384 moriemini,
781 3321 977 3375 domus
1017 3319 1233 3375 lsraelis
1264 3322 1286 3373 ?
1317 3321 1450 3374 dicit
1505 3321 1788 3376 Dominus.
1849 3321 1939 3376 52.

353 3410 495 3479 Quia
528 3429 634 3467 non
670 3413 792 3466 volo
819 3422 1048 3467 mortem
1077 3413 1386 3477 morientis,
1413 3414 1545 3467 dicit
1585 3415 1795 3468 Adonai
1837 3413 1942 3465 Do-

356 3508 540 3561 minus
574 3525 585 3560 :
633 3510 700 3574 >ε<
743 3507 1211 3570 etconverlimini,
1238 3517 1289 3561 et
1315 3507 1478 3561 vivite
1513 3507 1560 3576 ζ.

426 3599 578 3652 CAP.
615 3599 756 3654 XIX.
787 3627 856 3642 --
884 3599 935 3653 1.
979 3599 1043 3652 Ει
1079 3608 1134 3651 ιιι
1159 3599 1231 3652 fili
1257 3599 1515 3663 hominis,
1556 3615 1709 3653 sume
1737 3599 1943 3653 lamen-

357 3694 614 3746 tationem
659 3692 732 3763 (q)
752 3708 916 3760 super
955 3691 1254 3762 principem
1297 3691 1534 3758 lsraelis,
1585 3693 1640 3746 2.
1665 3702 1718 3746 et
1748 3694 1937 3746 dices:

353 3784 535 3850 Quare
558 3796 732 3839 mater
756 3796 846 3840 tua
869 3785 1044 3839 catula
1095 3785 1146 3838 in
1209 3786 1389 3840 medio
1441 3785 1655 3840 leonum
1693 3787 1762 3856 (r)
1802 3786 1940 3840 facta

353 3878 472 3931 est?
500 3879 551 3931 in
584 3880 763 3933 medio
790 3879 1006 3934 leonum
1038 3878 1106 3947 (ε)
1133 3880 1512 3948 multiplicavit
1539 3881 1750 3934 catulos
1788 3896 1937 3934 suos.

353 3970 408 4022 5.
437 3968 502 4022 Et
530 3970 802 4024 subsilivit
831 3986 978 4024 unus
1007 3985 1073 4024 ex
1102 3970 1302 4024 catulis
1329 3972 1470 4040 ejus,
1515 3973 1596 4025 leo
1632 3971 1809 4025 factus
1834 3981 1939 4033 est,

353 4073 410 4124 et
437 4063 629 4116 didicit
663 4079 854 4132 rapere
893 4064 1117 4133 rapinas
1147 4081 1159 4114 :
1213 4064 1464 4118 homines
1512 4065 1768 4118 comedit.
1796 4064 1848 4118 4.
1877 4065 1942 4119 Et

353 4153 650 4207 audierunt
706 4154 768 4223 (ι)
799 4169 960 4223 super
988 4171 1054 4210 eo
1107 4165 1294 4226 gentes
1320 4174 1334 4210 :
1391 4157 1444 4209 in
1476 4157 1828 4226 corruptione
1849 4172 1943 4210 eo-

352 4257 476 4297 rum
530 4253 719 4312 captus
784 4253 890 4310 est,
935 4254 990 4298 et
1043 4245 1387 4300 adduxerunt
1413 4263 1537 4301 eum
1589 4247 1642 4300 in
1699 4263 1855 4302 camo
1884 4248 1937 4302 in

353 4342 558 4387 terram
585 4335 828 4405 Egypti.
867 4335 921 4389 5.
957 4335 1022 4390 Et
1050 4337 1206 4401 vidit,
1237 4337 1381 4406 quod
1425 4337 1675 4408 repulsus
1708 4349 1848 4395 esset
1870 4341 1939 4395 ab

353 4439 441 4489 ea,
477 4435 527 4478 et
558 4426 808 4494 periisset
847 4428 928 4498 (ιι)
960 4429 1264 4483 substantia
1289 4430 1430 4498 ejus,
1453 4441 1506 4485 et
1550 4433 1742 4486 sumsit
1770 4434 1936 4488 alium
1971 4413 2014 4470 Ῑ)

354 4514 426 4568 de
459 4517 654 4571 catulis
685 4519 824 4583 suis,
861 4520 1072 4574 leonem
1125 4523 1408 4575 constituit
1444 4538 1589 4576 eum.
1621 4523 1672 4576 6.
1718 4524 1782 4578 Et
1810 4542 1944 4579 eon-

354 4609 677 4663 versabatur
705 4612 756 4664 in
789 4613 968 4666 medio
994 4614 1211 4668 leonum
1242 4634 1252 4668 :
1285 4615 1368 4668 leo
1405 4615 1582 4671 factus
1623 4627 1730 4681 est,
1777 4629 1831 4672 et
1860 4619 1944 4671 di-

353 4699 489 4753 dicit
517 4717 708 4772 rapere
737 4705 963 4774 rapinas
992 4721 1005 4757 :
1043 4706 1295 4760 homines
1329 4709 1604 4764 comedit:
1673 4709 1727 4763 7.
1758 4719 1811 4764 et
1849 4725 1944 4778 pa-

353 4791 614 4846 scebatur
642 4793 693 4846 in
725 4795 953 4848 audacia
977 4811 1096 4861 sua,
1123 4806 1177 4850 et
1216 4797 1381 4853 urbes
1426 4813 1618 4852 eorum
1653 4801 1939 4865 desolavit,

351 4893 409 4940 et
439 4888 670 4939 vastavit
704 4897 930 4953 terram,
973 4898 1025 4942 et
1047 4890 1439 4958 plenitudinem
1468 4892 1586 4960 ejus
1616 4907 1646 4945 a
1679 4909 1808 4946 voce
1845 4910 1939 4946 ru-

355 4975 500 5045 gitus
527 4977 634 5030 sui.
665 4978 745 5047 (1:)
780 4979 832 5030 8.
861 4976 929 5031 Et
944 4977 1226 5034 'dederunt
1285 4996 1451 5049 super
1482 4996 1602 5035 eum
1629 4991 1814 5052 gentes
1840 4999 1941 5036 un-

354 5068 522 5137 dique
551 5083 581 5123 e
617 5070 950 5139 regionibus,
981 5081 1036 5125 et
1056 5073 1437 5141 expanderunt
1467 5089 1631 5143 super
1661 5091 1783 5128 eum
1806 5077 1940 5130 retia

353 5174 454 5214 sua
484 5179 496 5215 :
535 5161 590 5215 in
614 5165 972 5235 corruptione
1002 5179 1191 5220 eorum
1216 5177 1408 5234 captus
1429 5177 1530 5222 est.
1565 5167 1617 5222 9.
1649 5168 1717 5223 Et
1745 5184 1941 5239 posue-

525 5343 728 5434 Omlnes
759 5347 1038 5434 iniustitia:
1070 5347 1223 5434 ejus.l
1269 5349 1361 5434 \(q‘)
1399 5349 1484 5416 8.,
1513 5360 1733 5434 propter
1769 5351 2063 5434 principes.

1207 5421 1282 5487 (ιι)
1313 5419 1398 5480 8.,
1431 5419 1781 5490 exspectatio
1810 5419 1962 5494 ejus;
2061 5423 2181 5486 Tlt.,
2220 5436 2344 5490 spes
2381 5419 2520 5490 ejus.

1201 5489 1286 5548 8..
1313 5492 1680 5548 plantatorum
1712 5510 1836 5548 cuin
1868 5509 1953 5547 ea.
1982 5491 2106 5548 Th..
2143 5493 2527 5545 umbrosorum

355 5489 432 5566 .(y)
609 5489 661 5539 in
694 5489 1008 5569 Egyptum.
1088 5489 1160 5612 qi)
1201 5489 1286 5553 8.,
1313 5489 1680 5559 plantatorum
1712 5489 1953 5574 cutn'ea.
1982 5491 2106 5555 Th.,
2143 5489 2549 5545 umbrosorum.

354 5571 409 5634 tu
444 5569 646 5634 virgam
683 5575 921 5634 regnant.
985 5559 1056 5630 (c)
1140 5570 1345 5634 eceata.
1390 5631 1400 5634 Α
1442 5561 1520 5631 (d)
1557 5564 1786 5618 Adonai.
1864 5565 1932 5634 (ε)
1975 5562 2137 5634 Deus.
2217 5562 2284 5634 (Γ)
2326 5560 2425 5634 3..
2454 5574 2508 5616 el
2543 5563 2549 5615 1

352 5629 431 5694 (y‘)
475 5623 560 5690 8f,
611 5645 727 5697 quae
747 5623 850 5684 ἐει
889 5623 1051 5686 timor
1097 5623 1461 5686 adorationis‘
1500 5623 1755 5688 omnibus
1817 5623 1998 5690 terris.
2051 5632 2173 5697 Tli.,

350 5417 514 5470 cavit.
593 5417 656 5483 (ι)
689 5416 769 5477 S.,
810 5416 906 5472 ’I‘Ii.
951 5419 1018 5473 de
1041 5416 1128 5474 eo.

355 5489 432 5566 ΩΙ)
480 5484 565 5564 βα,
609 5488 661 5539 in
694 5485 1008 5566 Egyptum.

359 5711 450 5766 μι-
481 5715 568 5754 ea.

2057 461 2292 531 bylonis,
2325 472 2379 515 et
2406 460 2709 514 introduxit
2738 475 2864 513 eum
2898 458 2973 529 (y)
3011 458 3064 512 in
3111 472 3407 520 carcerem,
3469 465 3529 510 ut
3568 471 3636 510 ne

2054 551 2334 604 audiretur
2362 567 2462 604 vox
2499 551 2620 618 ejus
2643 565 2808 618 super
2846 557 3060 603 montes
3088 547 3322 601 Israelis.
3347 547 3434 600 10.
3465 545 3636 599 Mater

2053 653 2145 696 tua
2172 643 2646 706 sicutvitis,’sicut
2684 642 2785 696 llos
2835 642 2888 696 in
2935 641 3333 705 malogranato,
3388 639 3630 708 plantata

2051 737 2106 790 in
2139 751 2313 805 aqua:
2339 735 2550 791 fructus
2583 735 2724 804 ejus,
2748 745 2802 788 et
2836 750 3057 805 germen
3080 733 3200 802 ejus
3228 731 3429 786 factum
3461 739 3542 785 est
3568 747 3633 784 ex

2049 844 2191 898 aqua
2223 829 2410 884 multa.
2449 831 2535 884 11.
2566 829 2630 884 Et
2659 829 2800 884 facta
2848 837 2932 883 est
2960 827 3011 883 ei
3061 827 3211 897 virga
3240 825 3451 880 roboris
3472 840 3635 890 sui-er

2051 923 2256 977 tribum
2282 924 2506 987 dueum,
2534 933 2589 978 et
2611 923 2848 978 exaltata
2889 930 2976 976 est
3020 919 3073 974 in
3110 919 3490 990 magnitudine
3511 934 3632 983 sua,

2051 1013 2104 1068 in
2145 1017 2326 1070 medio
2357 1017 2429 1086 (ι)
2481 1016 2865 1088 propaginum.
2906 1015 2971 1068 Et
3003 1014 3138 1069 vidit
3202 1013 3632 1084 magnitudinem

2049 1121 2205 1160 suam
2256 1107 2309 1161 in
2362 1107 2712 1162 multitudine
2764 1106 3051 1178 palmitum
3110 1121 3379 1161 suorum:
3445 1104 3532 1159 l2.
3579 1112 3634 1157 et

2048 1197 2327 1251 Confracta
2362 1207 2446 1252 est
2477 1199 2531 1252 in
2567 1198 2772 1261 furore,
2815 1213 2981 1267 super
3011 1206 3213 1252 terram
3246 1197 3485 1267 projecta
3523 1205 3630 1260 est,

2047 1300 2101 1344 et
2131 1300 2328 1345 ventus
2359 1291 2600 1346 uredinis
2631 1289 2857 1346 arefecit
2905 1291 3078 1345 electa
3128 1291 3245 1359 ejus
3279 1309 3291 1344 :
3345 1289 3630 1343 vindicata:

2048 1390 2270 1448 suut,et
2305 1393 2638 1438 exaruerunt
2669 1383 2835 1452 virgae
2869 1382 3082 1437 roboris
3108 1382 3228 1452 ejus
3259 1397 3272 1432 :
3323 1379 3464 1450 ignis
3500 1394 3631 1432 con-

2047 1476 2246 1528 sumsit
2267 1488 2388 1527 eam
2418 1491 2432 1529 :
2466 1474 2550 1527 15.
2586 1485 2641 1528 et
2662 1490 2806 1528 nunc
2837 1474 3154 1542 plantarunt
3176 1488 3295 1527 eam
3324 1473 3376 1525 in
3412 1472 3632 1525 deserto

2049 1566 2102 1618 in
2133 1575 2274 1618 terra
2317 1565 2435 1619 sine
2491 1580 2654 1636 aqua.
2707 1567 2795 1620 M.
2826 1565 2890 1620 Et
2917 1567 3084 1620 exivit
3131 1565 3267 1636 ignis
3294 1580 3324 1618 e
3370 1565 3515 1633 virga
3554 1563 3631 1632 (a)

2049 1658 2348 1712 electorum
2381 1659 2524 1727 ejus,
2559 1667 2613 1714 et
2639 1660 2874 1713 comedit
2919 1674 3066 1722 eam,
3099 1668 3153 1712 et
3198 1673 3303 1710 non
3333 1664 3449 1710 erat
3478 1655 3528 1707 in
3565 1668 3632 1708 ea

2049 1755 2199 1824 virga
2225 1754 2438 1808 roboris
2467 1770 2484 1808 :
2516 1754 2592 1822 (b)
2625 1753 2679 1808 in
2713 1753 2936 1818 tribum,
2976 1753 3029 1806 in
3067 1751 3384 1820 parabolatn
3418 1749 3632 1800 lamen-

2049 1847 2274 1902 tationis
2307 1859 2410 1911 est,
2434 1855 2489 1902 et
2518 1848 2622 1902 erit
2647 1848 2700 1900 in
2733 1846 3200 1900 lamentationem.

2115 1939 2266 1998 CAP.
2300 1939 2546 1994 ΧΧ.--1.
2575 1939 2640 1992 Ει
2665 1938 2865 1994 factum
2903 1948 2986 1993 est
3019 1938 3071 1991 in
3119 1952 3262 1990 anno
3289 1932 3537 2003 septimo,
3574 1933 3630 1986 in

2049 2047 2239 2087 mense
2265 2031 2482 2100 quinto,
2515 2029 2729 2084 decimo
2747 2029 2974 2093 mensis,
3005 2037 3275 2081 venerunt
3303 2025 3401 2079 viri
3433 2041 3496 2077 ex
3533 2038 3625 2077 se-

2048 2124 2300 2177 nioribus
2325 2122 2524 2177 domus
2556 2121 2792 2185 lsraelis,
2819 2120 2885 2174 ad
2947 2118 3396 2188 interrogandum
3444 2114 3631 2168 Domi-

2047 2232 2203 2279 num,
2235 2225 2290 2269 et
2322 2215 2580 2268 sederunt
2616 2224 2743 2268 ante
2773 2213 2966 2267 faciem
3009 2227 3208 2266 meam.
3241 2210 3294 2263 2.
3329 2209 3393 2263 Et
3424 2209 3628 2263 factum

2044 2318 2126 2363 est
2155 2307 2378 2362 verbum
2409 2306 2618 2360 Domini
2642 2307 2708 2359 ad
2730 2323 2836 2369 me,
2871 2305 3058 2358 dicens
3087 2322 3099 2357 :
3142 2305 3194 2358 5.
3235 2301 3332 2356 Fili
3369 2301 3626 2364 hominis,

2046 2403 2272 2470 loquere
2306 2399 2372 2454 ad
2397 2400 2645 2454 seniores
2677 2399 2874 2453 donius
2894 2397 3131 2460 lsraelis,
3160 2405 3213 2450 et
3239 2397 3382 2450 dices
3413 2394 3478 2448 ad
3499 2410 3626 2448 eos:

2043 2492 2172 2549 llaec
2210 2493 2342 2547 dicit
2368 2490 2578 2544 Adonai
2608 2489 2877 2544 Dominus
2925 2508 2937 2543 :
2974 2489 3031 2543 Si
3073 2489 3136 2542 ad
3187 2485 3625 2557 interrogandum

2044 2602 2132 2640 me
2171 2599 2269 2639 vos
2299 2581 2687 2637 venitis?Vivo
2708 2597 2831 2652 ego,
2855 2581 2899 2636 si
2925 2580 3258 2650 respondero
3285 2580 3464 2640 vobis,
3495 2579 3629 2632 dicit

2042 2677 2257 2731 Adonai
2288 2675 2574 2741 Dominus,
2607 2675 2662 2729 4.
2699 2673 2744 2729 si
2771 2673 2917 2727 ultus
2949 2671 3106 2726 fuero
3155 2687 3249 2727 eos
3284 2670 3521 2724 ultione:
3553 2669 3627 2723 tili

2044 2767 2287 2822 hominis
2303 2798 2330 2833 ι,
2363 2766 2435 2836 (c)
2464 2765 2783 2836 iniquitates
2834 2775 3051 2834 patrum
3098 2779 3286 2818 eorum
3319 2770 3630 2818 eontestare

2042 2857 2146 2922 eis,
2177 2857 2229 2911 5.
2257 2865 2311 2912 et
2344 2858 2494 2912 dices
2543 2858 2609 2911 ad
2632 2872 2726 2911 eos
2755 2875 2768 2910 :
2806 2856 2928 2910 llaec
2969 2855 3101 2910 dicit
3150 2856 3230 2925 (ά)
3264 2853 3530 2908 Dominus
3558 2854 3626 2922 (c)

2041 2949 2346 3005 Dominus:
2383 2949 2456 3004 Ex
2493 2949 2581 3004 die
2610 2965 2718 3019 quo
2759 2950 2892 3018 elegi
2939 2949 3158 3001 domum
3201 2947 3436 3012 Israelis,
3487 2949 3554 3017 (ﬁ
3575 2956 3630 3001 et

1969 3067 2012 3126 ο
2047 3046 2259 3100 innotui
2281 3044 2475 3100 semini
2501 3045 2697 3099 domus
2729 3041 2941 3106 Jacobi,
2974 3051 3028 3095 et
3058 3043 3268 3096 innotui
3299 3043 3378 3096 eis
3411 3041 3463 3093 in
3485 3050 3629 3097 terra

2045 3135 2288 3207 Egypti,
2319 3145 2375 3190 et
2399 3136 2516 3206 cepi
2550 3151 2646 3191 eos
2678 3151 2839 3188 manu
2869 3149 3007 3199 mea,
3040 3134 3260 3188 dicens:
3293 3131 3406 3203 Ego
3440 3132 3624 3187 Domi-

2049 3245 2154 3284 nus
2187 3227 2331 3282 Deus
2357 3240 2569 3292 vester;
2603 3229 2656 3282 6.
2699 3228 2752 3282 in
2776 3229 2862 3282 die
2888 3227 2978 3280 illo
3015 3227 3130 3295 Cepi
3163 3241 3257 3280 eos
3294 3241 3458 3280 manu
3485 3241 3627 3289 mea,

2046 3329 2107 3372 ut
2134 3320 2421 3373 educerem
2457 3335 2553 3374 eos
2581 3335 2640 3375 ex
2667 3330 2808 3372 terra
2847 3317 3068 3388 Algypti
3106 3319 3160 3371 in
3203 3327 3422 3380 terram,
3461 3329 3625 3386 quam

2044 3412 2230 3480 paravi
2257 3412 2572 3474 eis,terram
2607 3410 2859 3464 fluentem
2889 3411 3046 3474 lacte,
3075 3420 3128 3463 et
3164 3410 3343 3475 melle,
3381 3409 3629 3480 (g)favus

2043 3515 2127 3558 est
2158 3505 2279 3573 plus
2304 3518 2468 3573 quam
2493 3505 2672 3558 omnis
2696 3513 2860 3557 terra.
2885 3505 2937 3557 7.
2961 3503 3023 3556 Et
3046 3503 3156 3557 dixi
3188 3504 3251 3555 ad
3277 3518 3406 3557 eos:
3441 3502 3629 3559 Unus-

2044 3596 2277 3666 quisque
2323 3596 2761 3650 abominationes
2811 3596 2880 3648 ab
2926 3596 3099 3650 oculis
3128 3595 3245 3650 suis
3273 3596 3543 3665 projieiat,
3574 3605 3628 3650 et

2045 3687 2099 3740 in
2139 3687 2335 3741 studiis
2386 3685 2605 3758 Egypti
2667 3702 2735 3741 ne
2789 3687 3158 3756 polluamini:
3215 3703 3316 3755 ego
3364 3687 3628 3744 Dominus

2045 3774 2190 3832 Deus
2218 3788 2414 3832 vester.
2453 3779 2508 3833 8.
2537 3777 2601 3831 Et
2635 3788 2981 3833 recesserunt
3027 3796 3052 3832 a
3102 3794 3209 3844 me,
3241 3789 3296 3833 et
3323 3796 3430 3833 non
3472 3781 3629 3833 volu-

2043 3879 2206 3923 erunt
2233 3871 2492 3923 exaudire
2523 3887 2648 3925 tne:
2683 3873 2747 3938 >ε<
2777 3871 3159 3940 unusquisque
3189 3886 3328 3925 unus
3356 3871 3376 3937 ζ
3407 3871 3627 3924 abomi-

2045 3962 2292 4016 nationes
2318 3963 2386 4016 ab
2421 3963 2595 4016 oculis
2619 3964 2734 4016 suis
2769 3979 2875 4015 non
2923 3962 3294 4031 projecerunt,
3358 3970 3413 4015 et
3447 3963 3627 4016 studia

2045 4053 2264 4125 Egypti
2294 4071 2399 4109 non
2431 4057 2790 4125 reliquerunt.
2831 4053 2895 4108 Et
2927 4055 3060 4118 dixi,
3081 4063 3134 4109 et
3159 4054 3432 4108 effundam
3471 4055 3626 4108 furo-

2045 4163 2159 4202 rem
2195 4164 2376 4203 meum
2406 4165 2568 4218 super
2585 4164 2701 4212 eos,
2729 4148 2795 4201 ad
2821 4149 3154 4217 implendum
3188 4148 3322 4201 iram
3366 4163 3544 4201 meam
3573 4150 3625 4201 in

2043 4241 2124 4295 eis
2158 4241 2209 4293 in
2249 4242 2428 4294 medio
2461 4251 2618 4294 terra:
2645 4240 2886 4311 Egypti.
2943 4241 2997 4295 9.
3031 4240 3094 4294 Et
3145 4239 3269 4306 feci,
3329 4249 3388 4294 ut
3421 4257 3624 4296 nomen

2044 4349 2226 4388 meum
2263 4335 2485 4388 omnino
2518 4350 2624 4387 non
2659 4333 3046 4403 profanaretur
3103 4349 3289 4388 coram
3342 4335 3624 4404 gentibus,

2042 4442 2278 4496 quarum
2312 4428 2411 4496 ipsi
2445 4437 2572 4480 sunt
2599 4429 2652 4480 in
2682 4428 2858 4480 medio
2889 4441 3098 4492 earum,
3147 4427 3200 4481 in
3233 4427 3433 4497 quibus
3467 4428 3626 4481 inno-

2043 4519 2121 4573 tui
2153 4520 2218 4573 ad
2245 4535 2340 4573 eos
2373 4535 2557 4572 coram
2587 4519 2690 4582 eis,
2745 4531 2802 4571 ut
2850 4519 3136 4573 educerem
3205 4535 3301 4574 eos
3349 4536 3415 4575 ex
3476 4530 3625 4574 terra

2044 4612 2295 4685 A‘ngpti.
2331 4613 2418 4665 10.
2452 4610 2518 4665 Et
2548 4611 2712 4665 eduxi
2743 4626 2838 4665 eos
2867 4627 2934 4665 ex
2989 4621 3128 4666 terra
3189 4611 3426 4684 Egypti,
3448 4623 3503 4666 et
3528 4615 3627 4666 ad-

2043 4707 2172 4761 duxi
2199 4721 2295 4760 eos
2323 4707 2374 4759 in
2413 4713 2615 4758 terram
2645 4704 2947 4767 desertum,
2981 4703 3066 4758 11.
3098 4713 3153 4762 et
3194 4705 3316 4758 dedi
3370 4707 3451 4760 eis
3485 4723 3626 4775 pra:-

2043 4807 2200 4868 cepta
2234 4813 2376 4860 mea,
2415 4806 2466 4851 et
2487 4796 2906 4866 justificationes
2967 4811 3120 4851 meas
3169 4807 3327 4852 notas
3384 4797 3486 4851 feci
3517 4801 3623 4862 eis,

2041 4907 2164 4961 qum
2218 4891 2380 4944 faciet
2428 4905 2491 4944 ea
2542 4889 2727 4953 homo,
2781 4901 2833 4944 et
2875 4890 2949 4962 (Ii)
2999 4891 3144 4945 vivet
3200 4891 3254 4944 in
3285 4891 3385 4947 eis.
3438 4890 3526 4944 l2.
3559 4890 3628 4944 Et

2042 4983 2268 5036 sabbata
2301 4996 2419 5035 mea
2453 4980 2577 5036 dedi
2601 4982 2702 5045 eis,
2736 4988 2794 5034 ut
2818 4989 2999 5035 essent
3033 4981 3086 5034 in
3119 4981 3333 5052 signum
3366 4983 3508 5035 inter
3537 4997 3626 5036 me

2043 5083 2099 5128 et
2128 5073 2272 5127 inter
2306 5087 2420 5135 eos,
2447 5080 2506 5126 ut
2535 5071 2737 5126 scirent
2785 5072 2912 5140 quia
2967 5086 3068 5142 ego
3099 5071 3382 5136 Dominus,
3419 5074 3628 5127 sancti-

2039 5168 2211 5222 ticans
2239 5182 2353 5222 eos.
2384 5167 2470 5221 15.
2495 5164 2557 5220 Ει
2582 5165 2692 5221 dixi
2724 5164 2789 5220 ad
2813 5166 3035 5220 domum
3055 5165 3268 5222 lsraelis
3297 5168 3350 5222 in
3377 5167 3623 5222 deserto:

2156 5349 2278 5414 Th.,
2327 5351 2381 5404 in
2424 5347 2714 5420 principes.

2061 5423 2181 5486 Tlt.,
2220 5436 2344 5490 spes
2381 5422 2520 5490 ejus.

2807 5350 2875 5420 (Γ)
2915 5350 2998 5414 δον
3030 5351 3191 5405 εεάίιο
3266 5352 3335 5422 (sl
3369 5351 3458 5418 8.,
3488 5353 3628 5405 edu-

2599 5418 2693 5492 (x)
2720 5418 2888 5492 S_.,'e't
2923 5431 3225 5490 posuerunt
3269 5418 3434 5492 super
3468 5439 3623 5478 eum.

2627 5490 2704 5560 (a)
2735 5490 2854 5558 Th.,
2885 5508 3162 5546 ramorum
3194 5490 3347 5562 ejus.
3415 5493 3489 5556 (ὁ)
3531 5493 3624 5559 8.,

2209 5562 2284 5686 μ’)
2320 5560 2410 5643 .S.,
2454 5574 2508 5616 et
2543 5563 2716 5617 levavi
2767 5578 2987 5642 manum
3024 5578 3122 5643 pro
3153 5560 3364 5620 semine
3397 5563 3623 5642 demus.

2231 5633 2470 5686 ortttndo
2511 5641 2596 5686 est
2645 5634 2903 5686 omnibus
2955 5643 3138 5686 terris.
3247 5634 3326 5686 Ut)
3355 5631 3440 5686 8..
3475 5644 3623 5686 Vivet

2231 5633 2470 5688 ertitudo
2511 5641 2596 5688 est
2645 5632 2903 5688 omnibus
2955 5631 3138 5690 terris.
3247 5634 3326 5705 (It)
3355 5631 3440 5699 8.,
3475 5636 3624 5689 vivet
