1932 3110
97 119 163 149 ΩἸΠ

705 117 909 147 HEZECIELIS
927 117 1041 146 CAPUT
1063 117 1122 146 XX.

1650 121 1720 151 Ἦίὸ

97 176 122 204 in
135 175 274 212 praeceptis
288 176 355 203 meis
369 177 518 210 ambulate,
534 181 561 204 et
572 177 784 210 iustiﬁcationes
805 184 881 204 meas
895 177 917 204 Α
931 183 1031 208 meam,
1050 180 1080 202 ut
1094 175 1187 203 darem
1199 182 1258 203 eam
1277 174 1341 203 illis.
1353 175 1522 203 Etviderunt
1539 182 1648 204 omnem
1663 179 1721 206 col-

96 223 238 255 custodite,
255 227 284 249 ut
295 222 399 250 faciatis
415 230 473 253 eas.
487 231 556 259 quas
579 223 660 251 faciet
674 231 720 251 eas
747 224 839 253 bomo.
857 228 884 250 ct

96 269 164 296 vivet
176 269 202 295 in
217 269 268 296 eis.
283 268 315 296 Et
333 269 475 297 irritarunt
490 278 533 297 me
552 271 650 297 domus
666 269 773 297 lsraelis
785 270 811 296 in
829 270 880 296 de-

97 319 167 341 serto
182 323 190 340 :
205 314 231 341 in
251 315 395 349 przecepﬁs
408 316 476 343 meis
486 323 541 342 non
562 315 747 347 ambularunt,
763 320 788 342 et
803 315 883 349 justi-

96 360 236 388 ﬁcationes
250 367 325 387 meas
337 361 505 395 repulerunt,
519 369 587 395 quas
598 360 680 388 faciet
690 368 737 387 eas
754 361 846 391 homo,
857 364 885 386 et

95 408 164 435 vivet
175 408 201 434 in
215 407 256 434 eis
271 415 278 433 :
293 412 321 434 et
335 407 446 435 sabbata
466 415 527 434 mea
542 407 730 442 profanarum
750 407 837 434 valde.
852 407 883 434 Et

94 453 148 480 dixi
167 453 223 481 :Et
237 452 374 479 effundam
386 452 505 480 furorem
519 461 609 480 meum
624 460 706 487 super
724 460 771 480 eos
796 452 822 479 in
836 453 883 479 de-

95 505 179 532 serto,
196 503 223 525 et
241 506 403 526 consumam
429 506 487 525 eos.
509 499 552 525 Η.
584 498 617 525 Et
643 498 705 531 feci,
733 502 762 525 ut
783 505 882 524 nomen

94 553 181 571 meum
197 544 309 571 omnino
321 552 375 571 non
407 542 599 579 profanare'tur
628 551 721 571 coram
744 544 881 579 gentibus,

94 598 206 624 quarum
226 590 308 617 eduxi
326 598 373 618 eos
392 594 455 617 ante
469 590 565 617 oculos
581 597 686 617 earum.
715 589 759 616 15.
782 588 815 616 Et
831 597 881 623 ego

91 635 177 662 levavi
193 643 304 663 nianum
318 644 406 663 meatu
420 643 503 671 super
519 643 567 663 eos
594 636 621 662 in
650 636 767 668 deserto,
782 640 881 662 utom-

94 681 158 707 nino
171 689 225 708 non
241 682 443 710 iutroducerem
461 690 508 709 eos
539 682 565 709 in
583 686 694 715 terram,
720 690 802 716 quam
820 682 882 709 dedi

93 727 141 757 eis,
164 730 262 753 terrain
280 727 408 754 liuentem
430 728 499 754 laete
523 732 550 754 et
573 728 671 754 melle:
697 728 726 762 (ι)
748 728 826 756 favus
841 733 882 756 est

96 770 154 805 plus
173 779 255 806 quam
270 772 361 800 omnis
379 777 461 799 terra.
476 772 518 799 16.
531 772 584 800 Pro
598 781 631 800 eo
648 774 721 807 quod
748 773 881 808 justitica-

95 817 179 844 tiones
199 826 274 845 meas
301 819 471 853 repulerunt,
485 824 510 845 et
526 819 551 845 in
583 819 724 854 prazeeptis
745 820 812 847 meis
826 828 879 846 non
895 830 916 858 Β

92 863 263 890 ambularunt
283 864 309 890 in
327 865 378 896 eis,
399 869 427 891 et
437 865 549 892 sabbata
567 872 625 891 mea
644 864 878 900 profanarunt,(k)

91 913 118 936 et
130 914 191 943 post
204 911 382 945 cogitationes
392 912 516 939 cordium
528 919 640 939 suorum
657 912 875 946 ambulaverunt,

96 954 139 982 17.
156 959 183 982 et
199 957 319 990 pepercit
333 957 429 984 oculus
444 965 522 986 meus
539 966 621 994 super
649 967 707 991 eos,
736 960 768 986 ad
788 960 880 987 deleu-

92 1000 151 1027 duni
170 1008 230 1032 eos,
257 1006 285 1028 ct
314 1010 368 1030 non
383 1002 433 1031 feci
448 1012 495 1031 eos
523 1004 550 1031 in
572 1006 834 1032 emisummationeni
852 1005 880 1032 in

91 1048 209 1075 deserto.
225 1048 267 1075 18.
279 1049 310 1076 Ει
327 1050 381 1077 dixi
394 1050 427 1077 ad
453 1051 523 1078 filios
538 1058 634 1078 eorum
658 1051 685 1078 in
702 1052 809 1080 deserto
824 1060 831 1078 :
850 1051 878 1079 In

91 1094 220 1128 legitimis
235 1100 342 1129 patrum
357 1101 511 1123 vestrorum
533 1105 567 1128 ne
591 1097 734 1128 ineedatis.
751 1103 779 1126 et
803 1099 881 1133 justi-

94 1140 235 1168 ﬁeationes
243 1148 338 1168 eorum
354 1149 387 1168 ne
402 1142 572 1175 custodiatis,
590 1148 618 1170 et
630 1143 729 1170 studiis
741 1144 772 1178 (ι)
784 1152 879 1172 eorum

92 1192 121 1212 -ι-
137 1194 170 1212 ne
180 1186 263 1213 simul
277 1188 458 1219 miseeamini,
469 1193 496 1215 et
514 1189 525 1222 ζ
540 1196 572 1215 ne
586 1189 755 1223 polluamini.
771 1191 812 1218 19.
825 1190 879 1225 Ego

93 1229 227 1257 Dominus
244 1230 315 1258 Deus
328 1236 437 1258 vester:
453 1232 478 1258 in
489 1233 631 1267 praeceptis
645 1241 714 1260 meis
730 1234 878 1265 ambulate,

91 1282 117 1302 et
133 1276 345 1311 justificationes
358 1285 432 1305 meas
447 1279 599 1312 custodite,
626 1282 653 1306 et
670 1279 749 1307 facile
760 1287 817 1307 eas.
832 1280 878 1307 ‘20.

90 1321 124 1348 Et
139 1322 254 1350 sabbata
271 1331 331 1350 mea
347 1324 526 1357 sanctiﬁcate,
539 1330 566 1351 et
576 1325 631 1352 sint
646 1325 673 1352 in
689 1326 796 1361 signum
809 1326 880 1354 inter

90 1375 132 1395 me
148 1373 175 1396 et
190 1370 225 1402 ΞΑ(
242 1368 311 1395 inter
328 1369 339 1403 ξ
354 1377 413 1401 vos,
434 1373 463 1396 ut
482 1370 585 1401 sciatis,
603 1371 666 1405 quia
684 1378 734 1406 ego
748 1371 878 1399 Dominus

90 1413 159 1442 Deus
170 1419 272 1441 vester.
286 1414 331 1442 2i.
347 1414 379 1442 Et
391 1417 605 1443 exareerbarunt
617 1424 670 1450 me,
697 1424 729 1445 -ε-
753 1422 779 1444 et
798 1418 808 1451 ζ
830 1417 879 1445 ﬁlii

89 1467 182 1488 eorum
199 1461 225 1488 in
240 1462 383 1496 praeceptis
396 1462 463 1489 meis
481 1470 533 1489 non
551 1463 735 1494 ambularunt.
753 1468 780 1491 et
797 1464 879 1499 justi-

935 222 988 249 lem
1004 223 1156 254 excelsum,
1172 227 1200 250 et
1218 230 1327 250 omnem
1355 222 1480 249 arborem
1509 222 1678 256 umbrosam,
1693 230 1722 252 et

935 268 1125 295 sacriﬁcarunt
1149 268 1185 295 ibi
1203 268 1255 296 diis
1278 269 1346 298 suis.
1372 275 1401 296 +
1420 273 1448 295 et
1470 269 1670 298 constituerunt
1683 271 1721 298 ibi

935 312 1101 347 spiraculum
1109 312 1242 340 donorum
1256 320 1368 339 suorum
1380 312 1390 346 ζ
1403 332 1409 343 .
1419 318 1444 339 et
1451 318 1600 347 posuerunt
1608 314 1645 341 ibi
1653 317 1721 342 odo-

935 365 992 384 rem
1011 365 1123 385 suavem
1137 366 1228 388 suum,
1238 362 1265 385 ct
1279 358 1433 385 Iibuverunt
1454 359 1582 386 libamina
1598 367 1658 387 sua.
1672 361 1718 388 29.

935 404 967 430 Et
984 403 1039 430 dixi
1055 404 1088 431 ad
1101 411 1147 431 eos
1160 404 1246 437 :Quid
1262 409 1302 431 est
1321 405 1357 439 (p)
1373 405 1476 437 Abana,
1490 405 1562 439 quod
1579 407 1720 434 vosiutra-

934 450 969 477 tis
983 450 1067 477 illuc?
1078 450 1111 477 Et
1126 455 1259 478 vocarunt
1276 458 1374 478 nomen
1387 451 1446 485 ejus
1465 451 1501 486 (q)
1517 452 1621 483 Abana,
1631 460 1720 487 usque

933 498 965 522 ad
986 496 1056 523 diem
1074 496 1244 524 hodiernum.
1259 497 1304 523 50.
1319 496 1430 531 Propter
1443 496 1495 524 hoc
1508 497 1552 524 die
1563 498 1596 524 ad
1608 498 1720 525 domum

934 540 1043 570 lsi-aclis
1056 552 1062 569 :
1078 542 1140 570 llaec
1154 538 1224 569 dicit
1231 541 1362 569 Dominus
1374 542 1409 577 (r)
1422 541 1568 570 Dominus:
1585 543 1612 569 Si
1627 543 1654 570 in
1666 543 1720 570 iiii-

933 588 1082 621 qnitatibus
1094 592 1199 622 patrum
1211 592 1363 615 vestrorum
1375 595 1424 615 vos
1436 588 1598 622 polluimini,
1615 593 1643 615 et
1658 593 1722 623 post

933 633 1149 661 abominatioues
1162 641 1256 662 eorum
1273 641 1320 660 vos
1329 634 1500 664 scortamini.
1524 635 1568 662 3i.
1579 640 1606 661 et
1619 634 1645 662 in
1664 636 1721 670 pri-

933 679 1017 706 mitiis
1029 687 1173 707 munerum
1199 685 1350 707 vestrorqu
1383 681 1410 707 in
1432 681 1650 715 separationibus
1673 690 1720 710 ve-

932 726 1007 757 stris,
1024 733 1085 752 cum
1099 726 1242 753 traducitis
1257 727 1329 753 ﬁlios
1345 732 1452 754 vestros
1468 727 1494 754 in
1508 728 1584 762 igne,
1600 736 1648 756 vos
1658 729 1720 764 pol—

932 769 1039 797 luimiui
1062 771 1088 797 in
1101 771 1228 798 omnibus
1241 771 1452 806 cogitationibus
1467 772 1566 799 vestris
1583 780 1670 807 usque
1683 773 1718 801 ad

932 815 1003 842 diem
1022 816 1184 843 hodiernum
1199 825 1205 843 :
1220 822 1247 844 et.
1262 825 1312 852 ego
1332 817 1502 852 respondebo
1516 818 1604 851 vobis,
1621 819 1719 846 domus

931 861 1056 889 lsraelis?
1081 861 1147 890 Vivo
1171 871 1232 899 ego,
1259 864 1325 891 dicit
1355 864 1460 891 Adonai
1481 864 1624 895 Dominus.
1637 865 1659 892 si
1674 873 1718 892 re-

931 908 1071 943 spondebo
1088 909 1175 942 vobis,
1202 915 1229 936 et
1248 910 1270 937 si
1294 910 1422 937 ascendet
1434 918 1517 945 super
1533 910 1658 945 spiritum
1671 919 1718 938 vc-

931 958 1017 981 strum
1031 955 1093 987 boc,
1111 955 1155 981 52.
1170 959 1198 982 et
1208 963 1262 981 non
1281 955 1344 988 erit,
1362 956 1593 990 quemadmodum
1611 964 1659 983 vos
1678 957 1719 983 di-

931 1000 994 1027 cltis
1006 1008 1013 1026 :
1032 1000 1140 1028 Erimus
1153 1001 1223 1029 sicut
1233 1006 1336 1036 gentes,
1351 1005 1378 1029 et
1390 1002 1462 1030 sicut
1475 1001 1562 1030 tribus
1581 1006 1669 1035 terrae,
1683 1003 1718 1030 ad

931 1047 1074 1075 colendum
1085 1048 1169 1083 ligna,
1181 1053 1207 1075 et
1218 1048 1332 1083 lapides.
1347 1049 1393 1076 '55.
1407 1049 1618 1084 +Propterboe
1634 1050 1645 1084 ζ
1658 1051 1718 1077 νὶνο

930 1101 991 1128 ego,
1006 1093 1072 1120 dicit
1083 1093 1189 1121 Adonai
1202 1093 1334 1122 Dominus
1346 1114 1354 1127 ,
1371 1095 1425 1123 nisi
1437 1095 1464 1122 in
1477 1103 1558 1122 manu
1571 1096 1720 1130 potenti,et

931 1140 957 1166 iu
977 1139 1089 1168 brachio
1104 1140 1223 1173 excelso,
1245 1145 1272 1168 et
1286 1141 1312 1167 in
1338 1141 1431 1169 furore
1460 1141 1547 1169 effuso
1569 1149 1718 1177 regnaVcro

930 1194 1013 1221 super
1025 1194 1085 1220 vos,
1095 1187 1141 1214 54.
1155 1191 1182 1214 et
1197 1187 1311 1214 educam
1346 1195 1396 1214 vos
1422 1195 1455 1214 ex
1474 1188 1597 1222 populis,
1614 1193 1641 1215 et
1653 1189 1719 1215 reei-

930 1232 1002 1267 piam
1016 1240 1065 1260 vos
1081 1240 1097 1259 e
1108 1233 1276 1268 regionibus,
1294 1233 1395 1267 quibus
1408 1233 1522 1268 dispersi
1535 1235 1600 1260 cstis
1626 1235 1650 1260 iu
1665 1235 1715 1266 eis,

931 1278 958 1304 in
973 1285 1055 1306 manu
1071 1279 1185 1314 potenti,
1205 1279 1269 1305 etin
1288 1279 1399 1305 brachio
1415 1279 1533 1311 excelso,
1547 1285 1573 1306 et
1588 1280 1613 1305 ir.
1625 1280 1716 1306 furore

930 1324 1028 1353 effuso.
1045 1324 1090 1352 55.
1104 1325 1137 1353 Et
1145 1325 1278 1353 adducam
1293 1333 1340 1352 vos
1351 1326 1376 1351 in
1391 1325 1526 1352 desertum
1541 1325 1715 1359 populorum,

929 1375 958 1398 et
969 1371 1074 1405 judicio
1090 1372 1252 1398 coutendam
1269 1371 1401 1397 adversus
1412 1378 1460 1397 vos
1484 1370 1520 1397 ibi
1540 1370 1607 1397 facie
1621 1375 1717 1398 contra

930 1418 1037 1445 faciem.
1054 1418 1098 1444 56.
1110 1418 1345 1451 Quemadmodum
1357 1417 1459 1450 judicio
1477 1417 1602 1444 contendi
1623 1417 1719 1444 adver—

930 1470 978 1490 sus
990 1468 1080 1498 patres
1091 1468 1196 1491 vestros
1206 1464 1231 1489 in
1244 1464 1361 1493 deserto,
1376 1470 1438 1489 cum
1449 1462 1529 1489 eduxi
1543 1470 1589 1489 eos
1598 1470 1629 1489 ex
1644 1466 1717 1489 terra

90 1506 231 1544 ﬁcationes
259 1515 335 1535 nicas
367 1516 421 1535 non
450 1509 652 1541 custodierunt,
674 1510 708 1538 ad
726 1510 917 1542 faciendumc
932 1508 1054 1545 Egypti,
1073 1508 1252 1543 sicjudicabo
1266 1516 1322 1541 vos,
1340 1509 1406 1535 dicit
1431 1508 1606 1543 Dominus(s)
1626 1508 1717 1534 Domi-

90 1558 135 1578 eas
146 1559 218 1586 quas
232 1551 315 1579 faciet
342 1554 376 1586 X
399 1561 446 1580 eas
460 1554 471 1588 ζ
490 1553 587 1587 homo,
602 1559 629 1582 ct
654 1555 726 1583 vivet
742 1555 769 1582 in
783 1556 834 1589 eis,
854 1561 882 1584 et

91 1597 205 1625 sabbata
221 1606 281 1625 mea
291 1599 479 1633 profanarunt.
493 1600 525 1627 Et
537 1601 593 1628 dixi
605 1601 743 1630 effundere
758 1603 879 1631 furorem

91 1650 179 1670 neum
199 1652 280 1678 super
291 1652 348 1677 eos,
369 1645 401 1672 ad
418 1647 607 1682 complendum
620 1649 688 1675 iratn
700 1657 787 1677 meam
800 1658 881 1685 super

89 1697 134 1717 eos
163 1690 191 1717 in
222 1691 341 1719 deserto.
368 1692 413 1719 εἳ.
438 1695 470 1727 ὶεε
501 1694 534 1721 Et
566 1695 687 1722 converti
712 1696 752 1723 eis
769 1704 880 1724 manum

90 1742 177 1762 meam
197 1736 209 1770 ζ
222 1756 230 1767 ,
244 1742 271 1763 et
290 1736 350 1770 feci,
367 1743 395 1764 ut
416 1746 515 1765 nomen
533 1747 623 1766 iueum
637 1748 719 1775 super
732 1749 812 1769 omne
826 1750 879 1769 non

90 1782 281 1817 profanaretur
297 1791 390 1810 coram
401 1784 518 1818 populis.
533 1792 649 1819 quorum
666 1785 747 1812 eduxi
761 1795 808 1814 eos
818 1792 880 1815 ante

89 1828 183 1855 oculos
199 1836 303 1855 eorum.
319 1829 364 1856 25.
372 1829 404 1856 Et
422 1831 455 1863 Χ
472 1830 484 1864 ε
502 1830 585 1857 levavi
604 1839 715 1860 manum
730 1840 816 1860 meam
833 1841 880 1861 su-

90 1880 135 1907 per
146 1880 196 1900 cos
213 1873 239 1900 in
256 1873 374 1906 deserto,
393 1874 425 1901 ad
443 1875 654 1910 dispergendqu
677 1885 724 1904 eos
748 1878 774 1904 in
789 1879 879 1912 genti-

90 1918 150 1951 bus,
165 1925 194 1946 et
211 1919 244 1946 ad
275 1920 508 1948 disseminandum
536 1930 583 1950 eos
603 1923 630 1949 in
652 1924 819 1958 regionibus.
832 1924 877 1951 ‘25.

91 1972 139 1998 pro
153 1973 188 1992 eo
207 1967 279 2000 quod
297 1966 510 2001 justiﬁeationes
531 1977 604 1995 meas
619 1977 673 1996 non
695 1969 833 2002 fecerunt,
851 1975 878 1997 et

90 2017 225 2047 praecepta
244 2020 303 2039 mea
317 2014 487 2048 repulerunt,
503 2020 529 2041 et
545 2014 658 2041 sabbata
677 2023 735 2042 mea
751 2015 879 2050 profana-

90 2062 164 2092 runt,
179 2058 229 2094 (m)
247 2063 274 2086 et
293 2065 353 2094 post
366 2061 543 2096 cogitationes
558 2066 665 2095 patrum
676 2070 788 2089 suorum
798 2066 878 2089 erant

88 2105 160 2131 oculi
180 2112 289 2133 eorum.
309 2105 356 2133 25.
380 2105 412 2133 Et
432 2113 484 2141 ego
508 2106 568 2133 dedi
601 2108 642 2134 eis
662 2113 796 2142 praerepta
822 2116 875 2135 non

89 2150 170 2182 bona.
189 2156 218 2179 et
231 2152 451 2187 justiﬁcaliones,
469 2154 569 2188 quibus
595 2162 649 2180 non
675 2154 804 2181 viventin
824 2155 873 2182 eis.

89 2196 133 2224 26.
155 2197 190 2224 Et
217 2199 337 2233 polluam
356 2207 403 2226 eos
421 2200 447 2226 iu
475 2200 634 2227 muneribus
668 2200 738 2233 suis,
764 2200 874 2235 quando
890 2188 913 2216 θ

89 2243 236 2271 traduxero
257 2251 339 2271 omne
351 2245 389 2278 (ιι)
403 2245 530 2280 aperiens
546 2250 665 2278 uterum,
682 2249 711 2272 ut
732 2246 768 2280 (ο)
785 2246 878 2273 abole-

87 2295 129 2315 am
141 2296 202 2321 eos,
217 2291 249 2323 >ε<
259 2293 287 2316 ut
303 2289 314 2324 ζ
329 2290 427 2323 sciant,
444 2290 517 2324 quod
529 2297 579 2325 ego
593 2289 736 2318 Dominus.
751 2290 795 2317 27.
810 2290 878 2318 Pro-

87 2338 146 2368 pter
161 2335 215 2361 hoc
232 2335 343 2369 loquere
359 2335 392 2362 ad
415 2335 527 2362 domum
548 2335 666 2368 Israelis,
694 2336 730 2363 ﬁli
747 2336 876 2369 hominis,

86 2383 113 2405 et
123 2379 201 2406 dices
213 2379 246 2406 ad
262 2387 325 2406 eos:
343 2379 404 2407 lla-c
417 2380 483 2407 dicit
498 2380 604 2407 Adouai
619 2380 749 2408 Dominus
762 2390 768 2408 ε
784 2380 877 2416 Usque

86 2424 118 2451 ad
132 2425 186 2451 hoc
200 2425 233 2452 ad
247 2425 416 2453 iracundiam
436 2430 622 2459 provocat-unt
638 2433 681 2453 me
693 2431 784 2458 patres
793 2427 874 2454 vestri

87 2469 113 2496 in
130 2470 238 2498 delictis
252 2471 321 2504 suis,
339 2472 364 2497 in
379 2472 480 2506 quibus
493 2471 670 2506 deliquerunt
681 2472 706 2498 in
717 2480 769 2499 me.
783 2472 827 2499 28.
841 2472 875 2499 Et

87 2515 226 2544 introduxi
236 2525 283 2545 eos
296 2517 323 2544 in
342 2521 451 2550 terram,
469 2524 551 2552 super
572 2526 652 2553 quatit
667 2518 751 2544 levavi
763 2526 873 2545 inanqu

121 2587 153 2622 (ἱ)
165 2586 212 2629 _S.,
226 2594 287 2627 qua;
307 2591 349 2614 est
379 2586 460 2614 timor
486 2587 656 2629 adiit-altionis
685 2588 813 2629 omnibus
832 2589 923 2629 terris.
938 2588 1001 2629 fl‘h.,
1016 2587 1149 2629 fortitudo
1164 2592 1220 2629 est__
1237 2588 1365 2629 omnibus
1385 2587 1475 2629 terris.

771 2623 801 2657 tl;
835 2623 955 2666 Egypti.
982 2659 986 2664 Ι
1011 2623 1059 2658 (ηι)
1075 2623 1103 2649 S.

777 2678 783 2684 .
824 2659 861 2693 (0)
879 2661 920 2690 δη
936 2659 1103 2693 delinqnent.

460 2693 491 2727 (ι)
514 2692 554 2723 8.,
570 2697 597 2719 et
626 2693 775 2727 puriﬁcabo
791 2701 840 2720 vos
865 2694 891 2720 in
916 2694 1018 2720 annulo
1038 2693 1158 2720 foederis.
1178 2693 1239 2724 'l'lt.,
1255 2698 1281 2720 ct
1295 2693 1434 2720 traducain
1448 2702 1496 2720 vos
1517 2695 1543 2720 in
1566 2694 1711 2721 tradilione

88 2622 211 2648 resceliat
240 2622 313 2648 enim
334 2630 381 2649 cor
406 2629 500 2649 eorum
523 2623 601 2649 idolis
621 2630 723 2649 earnm.

87 2662 194 2690 patrum
205 2664 311 2683 εοτυη).

87 2695 122 2722 (ri
140 2692 221 2719 Deus.
275 2693 308 2726 (ε)
325 2693 405 2719 Dens.

88 2726 207 2765 finieris.
235 2728 285 2765 lu)
302 2727 380 2754 Deus.

351 2658 389 2692 (η)
404 2655 465 2687 ΤΙι..
478 2658 687 2692 primogenitum
704 2655 783 2684 uteri.

422 2730 459 2763 (τ)
477 2728 518 2759 8.,
546 2728 625 2754 idolis
656 2729 714 2754 suis
740 2729 776 2754 ire
803 2729 913 2760 servile,
936 2733 1077 2762 postquam
1096 2736 1149 2755 non
1168 2729 1250 2756 vultis
1265 2729 1361 2756 audire
1380 2737 1432 2755 me.

933 1555 1051 1583 nus.5'l.
1061 1554 1095 1581 Et
1114 1554 1253 1581 traducem
1275 1561 1324 1581 ves
1340 1554 1392 1581 sub
1412 1554 1487 1589 virga
1508 1561 1578 1586 mea,
1592 1555 1624 1588 (ι)
1637 1559 1665 1581 et
1679 1555 1718 1581 in-

932 1600 1072 1627 troducam
1087 1607 1135 1626 vos
1147 1600 1173 1627 in
1183 1606 1296 1626 numero
1307 1599 1502 1633 Xtestamenti
1517 1599 1528 1632 ζ
1541 1619 1548 1631 ,
1568 1599 1613 1627 58.
1628 1604 1655 1627 et
1668 1600 1719 1627 eli-

930 1654 992 1681 gam
1003 1653 1018 1673 e
1033 1646 1112 1673 vobis
1126 1649 1264 1680 apostatas
1283 1650 1310 1672 et
1321 1645 1420 1680 impios
1432 1654 1440 1678 ;
1456 1644 1545 1680 quiae
1557 1649 1628 1672 terra
1643 1645 1717 1673 inco-

931 1692 1001 1718 latus
1011 1699 1105 1718 eorum
1116 1692 1229 1718 educam
1245 1699 1307 1723 eos,
1323 1696 1350 1718 et
1365 1692 1391 1718 in
1412 1696 1511 1718 terram
1540 1691 1647 1718 lsraelis
1661 1698 1716 1718 non

931 1738 1126 1773 ingredientur,
1143 1742 1170 1766 et
1194 1737 1376 1773 cognoscetis,
1404 1737 1478 1772 quod
1495 1744 1545 1770 ego
1573 1736 1715 1763 Dominus.

929 1784 973 1811 59.
993 1784 1025 1811 Et
1036 1792 1094 1816 vos,
1111 1784 1210 1812 domus
1223 1784 1342 1816 lsraelis,
1360 1786 1417 1811 haec
1445 1784 1513 1811 dicit
1528 1783 1659 1810 Dominus
1676 1784 1715 1819 (οι)

929 1829 1080 1857 Dominus:
1105 1828 1296 1863 Unusquisque
1315 1829 1353 1863 (π)
1380 1829 1469 1855 studia
1498 1836 1545 1855 sua
1568 1828 1672 1860 tollite,
1689 1834 1717 1856 et

929 1882 989 1910 post
1006 1876 1063 1903 haec
1075 1876 1097 1903 si
1109 1883 1158 1903 vos
1169 1883 1222 1903 non
1243 1875 1387 1903 audieritis
1402 1883 1456 1907 me,
1467 1880 1494 1902 ct
1506 1883 1602 1903 nomen
1621 1884 1714 1903 meum

929 1926 1054 1948 sanctum
1076 1929 1130 1948 non
1157 1921 1366 1956 profanaveritis
1390 1921 1508 1956 amplius
1536 1922 1563 1948 in
1585 1922 1716 1949 donisvc-

928 1968 1004 2000 stris,
1020 1973 1046 1995 et
1062 1968 1091 1994 in
1101 1967 1200 1995 studiis
1226 1967 1345 1999 vestris;
1367 1966 1412 1993 40.
1441 1967 1504 2001 quia
1525 1975 1606 2001 super
1622 1972 1715 1995 monte

928 2012 1080 2039 sanctitatis
1097 2020 1180 2045 mem;
1196 2020 1278 2047 super
1294 2016 1388 2039 monte
1399 2013 1507 2039 excelso
1520 2012 1636 2045 Israelii,
1648 2013 1715 2040 dicit

928 2059 1060 2086 Dominus
1075 2058 1218 2092 Dominus,
1232 2059 1267 2085 ibi
1280 2058 1371 2085 colent
1390 2054 1537 2085 servitium.
1562 2060 1653 2086 omnis
1666 2060 1715 2086 de-

928 2105 1107 2133 muslsraelis
1121 2114 1207 2140 usque
1220 2106 1253 2132 ad
1270 2106 1349 2133 ﬁnem
1369 2115 1376 2134 :
1403 2111 1430 2134 et
1450 2107 1485 2134 ibi
1511 2107 1669 2141 suscipiam,
1686 2112 1714 2134 et

928 2150 963 2178 ibi
976 2150 1091 2178 visitabo
1101 2151 1236 2185 primitias
1248 2156 1362 2182 vestras,
1372 2156 1398 2177 et
1414 2151 1548 2186 primitias
1562 2153 1699 2186 separatio
1708 2167 1714 2172 -

928 2205 993 2223 num
1004 2201 1156 2223 vestrarum
1173 2197 1199 2222 in
1223 2196 1352 2223 omnibus
1372 2197 1639 2224 sanctiﬁcatiouibus
1666 2205 1713 2224 ve-

928 2241 1001 2269 stris.
1014 2241 1057 2268 4-1,
1078 2240 1106 2267 In
1128 2241 1212 2268 odore
1239 2241 1316 2268 suavi
1337 2241 1484 2275 suscipiam
1507 2249 1558 2276 ego
1568 2249 1629 2273 vos,
1650 2250 1713 2269 eum

926 2287 1048 2314 eduxero
1060 2294 1108 2313 vos
1120 2294 1152 2313 ex
1163 2279 1301 2323 gentibus,
1320 2292 1347 2314 et
1363 2296 1508 2323 suscepero
1530 2298 1576 2317 vos
1591 2298 1605 2317 e
1625 2298 1715 2324 regio-

928 2334 1020 2364 nibus,
1034 2333 1134 2367 quibus
1144 2334 1260 2368 dispersi
1274 2334 1342 2360 estis
1362 2334 1389 2361 in
1402 2335 1451 2367 eis,
1471 2341 1499 2363 et
1520 2336 1714 2363 sanctifieabor

928 2379 955 2406 in
971 2380 1046 2407 vobis
1060 2384 1122 2406 ante
1133 2380 1227 2406 oculos
1241 2380 1413 2414 populorum.
1427 2380 1471 2407 42.
1489 2381 1521 2408 Et
1533 2381 1714 2417 cognoscetis.

927 2425 992 2460 quia
1007 2433 1057 2460 ego
1070 2424 1214 2458 Dominus,
1229 2433 1291 2452 cum
1304 2426 1483 2459 introduxero
1497 2435 1546 2455 vos
1567 2428 1595 2455 in
1612 2433 1714 2456 terram

927 2471 1046 2504 lsraelis,
1063 2471 1089 2498 in
1106 2475 1217 2504 terram,
1235 2479 1318 2506 quam
1336 2473 1420 2500 levavi
1431 2481 1542 2501 manum
1566 2482 1652 2501 meam
1664 2481 1714 2501 su-

927 2523 975 2550 per
993 2524 1065 2549 eam,
1074 2516 1106 2543 ad
1118 2516 1238 2543 dandum
1251 2525 1310 2544 eam
1319 2518 1442 2553 patribus
1451 2519 1556 2546 vestris.
1570 2519 1614 2546 45.
1630 2519 1667 2554 (y)
1679 2519 1713 2546 Ει

1514 2588 1550 2624 (Ir)
1566 2587 1608 2620 S.,
1620 2588 1710 2615 adlue-

1011 2623 1059 2658 (m)
1075 2622 1116 2655 S.,
1132 2628 1158 2649 et
1178 2623 1400 2650 adhzereseebant
1418 2623 1489 2650 oculi
1503 2622 1598 2650 eorum
1628 2624 1710 2651 idolis

1144 2659 1180 2692 (μ)
1195 2658 1318 2685 ΑΒΑΝΑ.
1357 2662 1395 2693 (q)
1410 2658 1489 2691 lleb.,
1504 2658 1586 2685 Bama
1604 2660 1708 2687 BAMA.

1484 2729 1521 2764 (υ)
1543 2728 1584 2759 S.,
1601 2734 1628 2755 et
1646 2737 1710 2756 cum

88 2763 113 2787 in
128 2763 288 2798 uwtnorintn
310 2765 501 2791 revocaverilis
521 2763 556 2789 ibi
570 2771 627 2789 vias
638 2768 664 2790 ct
685 2763 800 2789 consnlia
818 2769 916 2795 vestra,
939 2765 964 2789 in
981 2764 1080 2797 quibus
1097 2771 1144 2790 vos
1163 2764 1310 2797 polluistis,
1329 2764 1434 2798 parvuli
1454 2765 1612 2790 videbnnini
1627 2765 1653 2790 in
1670 2763 1711 2791 eis

87 2799 148 2829 (vox
172 2797 287 2839 ζττζινίη
310 2799 358 2828 eis,
381 2799 447 2825 mini
468 2798 641 2832 transposita,
658 2802 684 2824 et
699 2806 822 2832 proxnne
839 2807 854 2825 a
877 2799 1010 2833 polluislis
1031 2799 1187 2825 colloeanda
1203 2797 1334 2833 videtur),
1348 2804 1458 2834 propter
1483 2806 1578 2825 omnes
1593 2799 1711 2827 malitias

87 2847 202 2875 vestras,
218 2850 288 2877 quas
305 2844 417 2877 fecistis,
433 2848 461 2871 et
485 2845 587 2876 scietis,
617 2844 688 2879 quod
705 2852 755 2879 ego
774 2843 918 2879 Dominus,
937 2853 998 2873 cum
1014 2845 1103 2873 fecero
1122 2846 1188 2873 bene
1206 2846 1282 2873 vobis
1298 2853 1408 2881 propter
1428 2854 1525 2873 nomen
1543 2855 1645 2875 meum.

225 2890 361 2920 ΡΑτιιοι..
374 2890 432 2921 Gn.
450 2890 519 2922 ΧΠ
526 2912 534 2920 .
1515 2892 1552 2923 86
