3864 6220
415 211 556 282 2719

1524 197 1752 258 CODEX
1783 196 2570 258 SYRIACO-HEXAPLARIS.

3524 204 3670 259 2729

417 326 843 385 recordabimini
882 325 957 383 ibi
992 323 1204 380 viarum
1258 329 1658 384 vestrarum,ct
1681 319 1988 377 studiorum
2017 323 2065 380 Δ
2093 328 2174 374 est
2203 329 2425 390 paratus
2449 361 2465 386 ,
2505 330 2564 376 ut
2614 317 2774 375 detur
2818 319 2872 377 in
2905 335 3127 377 manum
3167 320 3546 383 confodicmis.
3574 328 3664 383 12.

415 433 742 486 vestrorum,
767 421 819 474 in
843 419 1042 490 quibus
1072 415 1264 488 polluti
1293 415 1428 470 estis
1453 414 1505 469 iu
1529 413 1631 478 eis,
1657 413 1730 484 (ι)
1762 423 1816 467 et
1842 411 1990 465 vidc-

415 517 545 569 bitis
580 512 746 568 facies
777 520 988 567 vestras
1017 511 1070 565 in
1117 509 1378 564 omnibus
1419 508 1646 563 malitiis
1683 507 1897 571 vestris,
1925 509 1992 575 Χ

415 623 555 677 quas
578 604 786 660 fecistis
813 605 836 674 ζ
862 646 876 669 ,
910 603 998 656 14.
1033 611 1087 657 et
1142 601 1349 664 scietis,
1394 601 1521 671 quia
1561 615 1661 670 ego
1706 599 1989 666 Dominus,

416 718 540 754 cum
572 700 749 753 fecero
773 698 928 752 vobis
963 697 1062 759 sic,
1098 704 1152 748 ut
1190 709 1390 748 nomen
1430 709 1608 748 meum
1647 694 1838 761 χιιοη
1866 706 1994 761 pro—

417 788 676 855 fanetur:
703 786 1000 842 secundum
1034 785 1148 839 vias
1170 792 1381 838 vestras
1407 784 1668 849 malas,et
1691 784 1990 838 secundum

417 880 597 933 studia
630 889 807 933 vestra
839 877 1335 946 corrupta,domus
1359 875 1593 940 lsraelis,
1620 876 1752 930 dicit
1783 875 1992 930 Adouai

417 971 701 1026 Dominus.
735 970 824 1023 45.
855 970 917 1022 Et
953 968 1155 1022 factum
1190 981 1272 1023 est
1302 969 1527 1022 verbum
1557 967 1771 1022 Domini
1795 967 1861 1022 ad
1883 984 1992 1032 me,

423 1065 643 1119 dicens:
671 1060 762 1115 46.
789 1061 892 1116 Fili
921 1061 1180 1124 hominis,
1231 1061 1461 1114 oblirma
1497 1061 1690 1115 faciem
1736 1069 1884 1114 tuam
1914 1060 1990 1130 (a)

417 1169 583 1222 super
613 1150 891 1216 'l'haeman,
915 1160 967 1206 ct
994 1152 1204 1220 respice
1235 1166 1399 1219 super
1424 1152 1498 1220 (b)
1527 1151 1749 1218 Darom,
1789 1161 1842 1206 et
1868 1167 1996 1222 pro-

421 1246 584 1314 pheta
621 1259 785 1313 super
819 1243 1008 1298 silvam
1029 1245 1221 1298 ducem
1247 1242 1561 1313 Nageb,47.
1595 1253 1649 1298 et
1670 1245 1819 1300 dices
1846 1245 1995 1299 silvae

417 1333 604 1405 Nageb
634 1352 648 1388 :
672 1333 809 1389 Audi
838 1336 1062 1389 verbum
1096 1335 1344 1390 Domini:
1371 1337 1485 1392 haec
1505 1337 1636 1391 dicit
1661 1337 1870 1392 Adonai
1890 1337 1994 1391 Do-

418 1431 603 1484 minus
640 1446 655 1484 :
683 1426 822 1483 Ecce
854 1443 958 1498 ego
983 1428 1257 1484 succendo
1287 1430 1341 1484 in
1364 1438 1415 1484 te
1441 1429 1642 1499 ignem,
1671 1438 1727 1484 et
1767 1431 1994 1486 devora-

419 1520 500 1575 bit
529 1521 582 1575 in
623 1531 678 1576 te
704 1535 866 1575 omne
889 1519 1095 1590 lignnm
1121 1519 1320 1584 viride,
1373 1531 1428 1575 et
1463 1536 1625 1575 omne
1658 1522 1862 1591 lignum
1885 1521 1996 1575 ari-

417 1613 582 1668 dum:
613 1628 720 1668 non
759 1613 1108 1682 extinguetur
1136 1611 1375 1678 ﬂamma,
1423 1628 1544 1682 quae
1580 1627 1841 1668 succensa
1885 1623 1991 1679 est,

419 1717 473 1761 et
492 1705 703 1761 ardebit
734 1706 786 1760 in
817 1721 878 1760 es
916 1705 1101 1760 omnis
1130 1703 1298 1760 facies
1348 1705 1416 1760 ab
1449 1705 1659 1760 oriente
1707 1719 1884 1774 usque
1922 1705 1990 1759 ad

422 1799 750 1870 aquilonem.
774 1796 863 1850 48.
891 1799 959 1869 (c)
991 1796 1054 1852 Et
1077 1805 1408 1868 c0gnoscent
1448 1798 1626 1852 omnis
1668 1813 1818 1864 caro,
1845 1797 1990 1867 quod

413 1906 523 1960 ego
561 1891 844 1953 Dominus.
873 1902 926 1944 et
947 1889 1202 1944 succendi
1228 1904 1368 1954 eam,
1395 1898 1450 1944 et
1476 1905 1584 1944 non
1622 1891 1988 1960 extinguetur.

420 1983 512 2039 49.
543 1981 611 2037 Et
639 1982 788 2039 dixi:
817 1981 1198 2052 Nequaquam,
1227 1980 1476 2047 Domine,
1509 1980 1752 2046 Domine,
1808 1982 1882 2036 illi
1905 1982 1991 2037 di-

405 2085 550 2133 cnnt
577 2075 645 2131 ad
671 2090 758 2131 me
789 2092 804 2130 :
837 2072 1027 2129 Nonne
1059 2073 1174 2128 haec
1195 2072 1450 2144 parabola
1481 2081 1586 2139 est,
1637 2089 1758 2145 qua:
1793 2074 1994 2130 dicitur

409 2165 578 2222 Ihmc?

490 2257 644 2320 BAP.
677 2254 949 2313 XXl.—l.
987 2255 1052 2311 Et
1091 2257 1295 2312 factum
1313 2267 1396 2313 est
1420 2257 1644 2313 verbum
1669 2257 1889 2313 Domini
1921 2257 1990 2313 ad

422 2366 532 2414 me,
576 2350 803 2406 dicens:
837 2348 893 2404 2.
932 2349 1034 2405 Fili
1060 2348 1322 2414 hominis,
1351 2348 1584 2404 obtirma
1625 2348 1818 2405 faciem
1843 2359 1990 2405 tuam

423 2459 586 2513 super
616 2441 942 2508 Jerusalem,
966 2450 1020 2498 et
1046 2442 1256 2513 respice
1283 2443 1448 2512 super
1466 2441 1668 2497 Sancta
1699 2458 1915 2508 eorum,
1938 2451 1995 2499 et

406 2535 772 2606 .prophetabis
803 2549 966 2603 super
995 2543 1196 2589 terram
1247 2532 1484 2601 lsraelis,
1533 2535 1589 2590 5.
1634 2543 1689 2590 et
1729 2535 1879 2591 dices
1925 2535 1993 2590 ad

423 2639 626 2682 terram
649 2627 904 2682 lsraelis:
947 2625 1071 2681 Haec
1095 2627 1226 2682 dicit
1245 2625 1507 2683 Dominus
1534 2627 1830 2683 Dominus:
1856 2627 1994 2684 Ecce

409 2733 526 2787 ego
552 2717 621 2771 ad
659 2727 733 2782 te,
759 2727 812 2772 et
826 2716 1134 2787 evaginabo
1166 2717 1400 2772 cultrum
1428 2719 1734 2773 manualem
1761 2734 1942 2774 meum
1961 2731 1994 2771 e

418 2810 619 2880 vagina
639 2825 764 2873 sua,
800 2820 854 2864 et
883 2811 1170 2866 exsiccabo
1199 2827 1265 2867 ex
1284 2823 1337 2866 te
1361 2811 1624 2880 injustum
1647 2820 1702 2866 et
1721 2811 1990 2881 iniquum.

416 2899 478 2956 r4.
512 2901 589 2972 (ά)
629 2913 692 2957 +
725 2900 831 2956 Pro
882 2915 950 2956 eo
994 2902 1139 2972 quod
1166 2903 1389 2974 perdam
1432 2918 1496 2959 ex
1532 2912 1586 2958 te
1630 2903 1894 2973 injustum
1939 2911 1995 2958 et

2096 409 2310 475 Clama,
2344 422 2398 468 et
2426 411 2596 475 ulula,
2638 411 2715 467 ﬁli
2748 413 3024 480 hominis;
3054 415 3184 485 quia
3224 415 3328 472 hoc
3359 416 3560 473 factum
3582 431 3664 478 cst

2096 500 2152 556 in
2189 504 2394 573 populo
2417 520 2557 571 meo,
2590 504 2694 558 hoc
2741 503 2795 559 in
2852 506 3110 561 omnibus
3144 508 3375 563 ducibus
3405 512 3621 565 lsrnelis
3643 526 3666 564 :

2095 591 2494 661 inhabitabunt,
2529 597 2656 666 quia
2685 597 2896 668 gladius
2926 598 3027 652 fuit
3045 599 3239 668 populo
3259 616 3381 655 meo
3405 620 3418 654 :
3446 613 3668 671 propter

2097 685 2198 741 hoc
2227 688 2424 758 plaude
2451 705 2616 758 super
2648 706 2868 744 manum
2901 700 3083 758 tuam,
3105 693 3194 748 15.
3231 694 3294 763 (i)
3336 695 3467 764 quia
3495 696 3663 764 justi-

2095 779 2288 834 ﬁcatus
2321 793 2402 836 est
2432 799 2446 835 :
2475 790 2532 835 et
2564 781 2697 851 quid
2724 783 2768 836 si
2807 783 2968 837 etiam
2997 784 3171 839 tribus
3217 785 3434 855 repulsa
3466 786 3672 841 fuerit?

2092 869 2210 925 Non
2238 873 2362 939 erit,
2409 873 2541 928 dicit
2586 873 2851 929 Dominus
2881 874 3164 932 Dominus.
3222 876 3309 931 M.
3368 877 3433 932 Et
3464 886 3544 940 tu.
3587 880 3664 932 liti

2099 963 2360 1028 hominis,
2402 967 2688 1036 propheta,
2709 976 2764 1022 et
2800 968 3083 1038 complode
3108 986 3328 1025 manum
3360 987 3526 1041 super
3550 988 3666 1026 ina-

2097 1070 2251 1121 num,
2285 1056 2357 1128 (βε)
2380 1065 2435 1112 et
2467 1057 2682 1127 duplica
2714 1059 2985 1128 gladium:
3028 1060 3244 1130 gladius
3295 1062 3485 1116 tertius
3517 1065 3667 1118 occi-

2095 1162 2281 1202 sorum
2323 1158 2426 1216 est,
2456 1150 2664 1220 gladius
2690 1151 2997 1206 occisorum
3022 1168 3290 1222 magnus:
3344 1164 3396 1209 et
3434 1155 3665 1210 terrebis

2094 1255 2212 1303 eos,
2238 1240 2328 1296 15.
2361 1251 2420 1296 ιιι
2445 1245 2784 1313 percutiatur
2831 1260 2994 1299 omne
3033 1261 3128 1300 cor
3181 1247 3268 1317 (ι),
3307 1258 3356 1302 et
3399 1249 3668 1318 multipli-

2093 1333 2517 1388 centurinfirmi
2567 1351 2729 1404 super
2778 1351 2995 1391 omnem
3044 1342 3563 1407 portamxeorum
3599 1341 3663 1410 ζε

2095 1425 2192 1496 (in)
2236 1426 2427 1480 traditi
2456 1436 2585 1481 sunt
2631 1429 2683 1482 in
2723 1429 3028 1484 occisiones
3073 1430 3280 1500 gladii:
3318 1431 3455 1485 bene
3490 1431 3667 1486 factus

2093 1525 2178 1572 est
2195 1517 2260 1572 ad
2288 1517 2658 1588 splendorem,
2697 1518 2834 1574 bene
2858 1518 3033 1575 factus
3053 1531 3134 1576 est
3158 1520 3224 1575 ad
3257 1523 3666 1576 mactationem.

2095 1608 2185 1665 16.
2226 1607 2392 1675 Vade,
2420 1626 2689 1666 exacuere
2741 1626 2772 1664 a
2804 1611 3011 1674 dextra.
3077 1620 3133 1666 et
3163 1629 3193 1667 a
3249 1614 3493 1678 sinistra,
3517 1630 3660 1684 quo-

2094 1713 2329 1768 cumque
2355 1699 2522 1756 facics
2564 1709 2653 1756 tua
2680 1704 2916 1756 excitata
2947 1702 3132 1759 fuerit.
3157 1702 3244 1760 17.
3274 1701 3339 1756 Et
3360 1720 3461 1774 ego
3482 1715 3665 1759 autem

2093 1790 2435 1859 complodam
2479 1806 2701 1846 manum
2759 1810 2933 1848 meam
2991 1794 3059 1848 ad
3116 1809 3336 1849 manum
3388 1806 3667 1856 meam.et

2094 1882 2384 1935 immittam
2439 1881 2680 1937 furorem
2736 1899 2916 1940 meum
2958 1900 3103 1957 :ego
3144 1885 3402 1942 Dominus
3447 1887 3665 1942 locutus

2093 1988 2238 2026 sum.
2280 1972 2368 2028 18.
2404 1973 2470 2029 Et
2500 1973 2702 2030 factum
2727 1986 2809 2031 est
2848 1977 3071 2032 verbum
3099 1976 3311 2032 Domini
3335 1979 3402 2032 ad
3441 1995 3548 2042 me,
3576 1978 3668 2032 di-

2093 2078 2255 2119 cens:
2284 2064 2370 2120 19.
2406 2065 2470 2118 Et
2500 2075 2554 2119 tu
2592 2066 2666 2119 illi
2706 2066 2940 2123 hominis
2965 2107 2980 2132 ,
3014 2067 3205 2122 ordina
3256 2068 3350 2121 tibi
3399 2067 3499 2137 ipsi
3523 2066 3669 2122 duas

2094 2157 2232 2219 vias.
2257 2157 2347 2212 20.
2384 2166 2442 2212 ut
2474 2158 2807 2229 ingrediatur
2835 2159 3049 2229 gladius
3069 2159 3210 2230 regis
3239 2158 3532 2231 Babylonis
3557 2173 3572 2209 :
3595 2173 3666 2212 es

2095 2249 2315 2317 regione
2347 2264 2452 2302 una
2469 2249 2816 2319 egredientur
2845 2251 3184 2320 principatus
3205 2251 3337 2314 duo.
3365 2264 3417 2307 et
3437 2268 3663 2307 manum

2093 2340 2163 2407 Χ
2197 2339 2265 2393 ad
2306 2340 2610 2408 parandum
2644 2341 2666 2410 ζ
2697 2343 2752 2395 in
2780 2343 3049 2413 principio
3104 2343 3205 2398 via:
3261 2347 3452 2401 urbis:
3499 2362 3666 2416 super

2093 2430 2363 2501 principio
2393 2432 2494 2485 viae
2521 2431 2820 2500 ordinabis,
2855 2442 2915 2488 ut
2959 2434 3295 2505 ingrediatur
3329 2435 3539 2504 gladius
3569 2454 3663 2493 su-

2093 2537 2188 2592 per
2210 2521 2480 2588 Rabbath,
2508 2537 2672 2592 super
2691 2523 2830 2580 filios
2846 2525 3104 2592 Ammon,
3131 2535 3187 2580 et
3213 2541 3374 2596 super
3393 2524 3663 2590 Judaeum.

2093 2621 2148 2666 et
2205 2627 2370 2682 super
2422 2609 2725 2667 Jerusalem
2766 2615 2844 2683 (η)
2885 2613 2939 2667 in
2981 2614 3159 2669 medio
3199 2615 3340 2684 ejus.
3396 2615 3486 2669 21.
3522 2615 3661 2681 Quia

2103 2699 2272 2756 stabit
2300 2715 2392 2755 rex
2421 2699 2714 2770 Babylonis
2745 2700 2818 2770 (ο)
2841 2715 3003 2771 super
3021 2701 3163 2755 viam
3182 2702 3664 2772 antiquam.super

2090 2791 2365 2862 principio
2397 2791 2626 2846 duarum
2653 2792 2884 2857 viarum,
2937 2792 3004 2846 ad
3050 2792 3404 2847 divinandum
3448 2793 3664 2847 divina-

2095 2884 2323 2950 tionem,
2360 2882 2437 2954 (p)
2469 2883 2537 2938 ad
2564 2883 2986 2938 concutiendum
3026 2883 3231 2953 virgam
3255 2925 3270 2950 ,
3302 2895 3354 2939 et
3387 2885 3454 2939 ad
3491 2887 3666 2938 inter-

409 2991 672 3062 a’niquum
704 2992 766 3060 ζ,
791 2993 870 3047 sic
913 2993 1222 3062 egredietur
1259 2994 1431 3048 culter
1481 2995 1749 3051 manualis
1787 3009 1992 3050 meuse

2095 2976 2398 3046 rogandum
2431 2975 2486 3028 in
2511 2975 2876 3044 sculptilibus,
2909 2984 2960 3030 et
2983 2974 3050 3028 ad
3093 2975 3486 3044 explorandum
3511 2975 3663 3030 vati—

425 3087 621 3156 vagina
652 3103 751 3142 sua
778 3102 944 3157 super
971 3103 1190 3142 omnem
1219 3103 1440 3143 carnem
1478 3089 1547 3144 ab
1575 3089 1784 3144 oriente
1823 3103 1995 3158 usque

423 3177 493 3231 ad
531 3177 887 3247 aquilonem:
925 3178 979 3234 5.
1016 3185 1070 3232 et
1123 3188 1420 3246 cognoscet
1474 3179 1654 3232 omnis
1683 3193 1836 3242 caro,
1866 3179 1995 3250 quia

424 3269 816 3343 ego-Dominus
838 3268 1116 3338 evaginavi
1141 3268 1378 3323 cultrum
1423 3269 1727 3324 manualem
1765 3286 1942 3325 meum
1965 3287 1996 3327 e

416 3364 620 3434 vagina
650 3378 785 3428 sua,
834 3368 890 3416 et
943 3374 1052 3414 non
1106 3368 1407 3414 revertetur
1438 3361 1693 3430 amplius.
1729 3359 1781 3416 6.
1817 3361 1884 3416 Et
1911 3370 1992 3428 tu,

426 3456 501 3511 illi
539 3453 794 3517 hominis,
827 3450 1121 3520 ingemisce
1152 3451 1221 3522 (ε)
1262 3451 1318 3504 in
1372 3452 1702 3506 contritione
1729 3452 1898 3506 lumbi
1926 3465 1992 3509 -t—

416 3543 505 3596 tui
544 3541 593 3609 ζ,
619 3549 673 3595 et
693 3538 970 3593 doloribus
1001 3553 1185 3609 gemes
1201 3547 1339 3594 .ante
1379 3541 1568 3595 oculos
1602 3556 1816 3595 eorum.
1845 3540 1893 3595 7.
1921 3542 1992 3596 Et

421 3632 548 3696 erit,
575 3631 622 3686 si
651 3628 886 3685 dixerint
911 3628 979 3682 ad
1004 3638 1056 3684 te
1080 3648 1092 3682 :
1115 3628 1294 3695 Quare
1309 3640 1371 3684 tu
1391 3632 1597 3700 gemis?
1617 3641 1670 3686 et
1693 3631 1863 3696 dices,
1884 3631 1991 3686 Pro

426 3722 642 3786 nuntio,
676 3719 805 3789 quia
855 3719 1030 3784 venit,
1094 3727 1150 3774 et
1205 3720 1539 3788 percutietur
1586 3735 1748 3775 omne
1789 3736 1906 3789 cor,
1939 3730 1994 3777 et

425 3811 790 3868 dissolventur
823 3825 1015 3865 omnes
1053 3825 1270 3874 manus,
1309 3817 1365 3864 et
1388 3811 1556 3865 exibit
1583 3812 1766 3866 anima
1789 3827 1852 3869 +
1874 3829 1997 3869 om-

427 3903 512 3959 nis
564 3915 627 3958 +
687 3900 889 3962 carnis,
921 3907 976 3955 et
1014 3901 1036 3970 ζ
1102 3899 1287 3955 omnis
1323 3899 1573 3970 spiritus,
1611 3902 1676 3973 (ι’)
1727 3912 1785 3957 et
1807 3903 1993 3961 omnia

425 3993 593 4048 latera
628 3991 935 4062 polluentur
971 3990 1236 4045 humore:
1270 4005 1398 4046 ecce
1424 3994 1593 4055 venit,
1632 4001 1688 4048 et
1713 3995 1836 4061 erit,
1860 3995 1993 4051 dicit

425 4083 692 4138 Dominus
714 4080 1000 4135 Dominus.
1022 4080 1077 4134 8.
1101 4079 1167 4136 Et
1195 4080 1400 4136 factum
1425 4093 1510 4139 est
1532 4084 1756 4140 verbum
1776 4085 1992 4144 Domini

423 4176 492 4229 ad
523 4191 628 4237 me,
663 4173 891 4229 dicens:
923 4173 977 4229 9.
1009 4172 1109 4227 Fili
1137 4173 1396 4234 hominis.
1431 4176 1697 4244 propheta
1721 4186 1776 4233 et
1803 4177 1984 4237 dices:

425 4262 553 4317 llaec
581 4262 714 4317 dicit
741 4261 953 4316 Adonai
1010 4260 1319 4318 Dominus:
1370 4261 1487 4328 Dic,
1519 4264 1734 4333 gladie,
1789 4269 1988 4339 gladie,

2095 3069 2297 3122 ciuium
2322 3067 2522 3137 jecoris
2555 3084 2584 3121 a
2619 3067 2808 3122 dextra
2847 3084 2968 3122 sua.
3001 3067 3091 3121 22.
3139 3082 3200 3122 σι-
3245 3066 3355 3135 Et:
3398 3068 3537 3123 facta
3578 3077 3668 3123 est

2095 3158 2357 3214 divinatio
2381 3173 2540 3228 super
2558 3157 2878 3225 Jerusalem,
2914 3157 3306 3224 adjaciendum
3328 3158 3400 3228 ((1)
3429 3158 3656 3223 fossam,

2094 3263 2148 3306 et
2176 3250 2242 3305 ad
2271 3249 2625 3319 aperiendum
2666 3264 2729 3303 os
2784 3248 2839 3302 in
2889 3247 3146 3311 clamore,
3202 3248 3267 3300 ad
3311 3247 3663 3300 exaltandum

2094 3355 2285 3395 vocem
2320 3354 2486 3408 super
2511 3339 2769 3402 clamore,
2803 3337 2873 3407 (r)
2909 3335 2973 3389 ad
2997 3335 3305 3406 jaciendum
3333 3335 3542 3389 foveam
3566 3352 3666 3390 su-

2094 3447 2187 3502 per
2210 3431 2543 3502 portasejus,
2568 3436 2622 3483 et
2641 3428 2705 3482 ad
2726 3427 3039 3497 jaciendum
3063 3429 3342 3496 cespitem,
3374 3437 3429 3481 et
3448 3428 3514 3480 ad
3539 3427 3668 3481 aedi-

2094 3524 2368 3580 ﬁcandum
2390 3520 2673 3577 machinas
2689 3519 3058 3589 jaeulatrices.
3088 3519 3178 3572 23.
3205 3518 3488 3587 Etipseeis
3503 3520 3664 3588 quasi

2093 3618 2344 3673 divinans
2364 3612 2750 3668 divinationem
2769 3625 2954 3664 coram
2972 3610 3071 3674 eis,
3095 3612 3162 3677 χ(
3213 3618 3267 3662 et
3298 3609 3670 3662 sabbatizabit

2093 3711 2318 3767 sabbata
2338 3707 2418 3762 eis
2447 3707 2493 3776 ζ,
2524 3717 2578 3760 et
2600 3705 2715 3774 ipse
2735 3699 3232 3757 commonefacieus
3256 3701 3323 3754 de
3352 3716 3496 3754 novo
3515 3700 3660 3768 inju-

2093 3802 2297 3858 stitiam
2326 3799 2446 3869 ejus
2471 3797 2538 3852 ad
2561 3794 2978 3852 recordandum.
2998 3793 3087 3847 24.
3133 3790 3361 3862 Propter
3391 3793 3496 3846 hoc
3548 3793 3672 3846 haec

2095 3894 2230 3949 dicit
2260 3893 2522 3947 Dominus
2551 3889 2622 3961 (r)
2651 3887 2956 3942 Dominus:
2993 3883 3097 3938 Pro
3143 3900 3208 3938 eo
3262 3886 3406 3954 quod
3449 3885 3500 3937 in
3551 3899 3672 3937 nie-

2095 3987 2329 4042 moriam
2382 3981 2677 4038 revocastis
2735 3978 3034 4047 injustitias
3097 3986 3301 4032 vestras
3343 3977 3397 4030 in
3452 3976 3667 4030 revela-

2093 4083 2242 4138 tioue
2274 4081 2612 4150 impietatum
2653 4084 2982 4137 vestrarum,
3019 4084 3077 4127 ut
3109 4071 3419 4125 viderentur
3442 4080 3670 4138 peccata

2094 4185 2297 4241 vestra,
2330 4174 2384 4228 in
2417 4171 2676 4226 omnibus
2714 4166 3083 4237 impietatibus
3122 4163 3337 4226 vestris,
3382 4177 3436 4217 «i-
3465 4169 3522 4214 ct
3559 4161 3580 4227 ζ
3609 4162 3667 4214 in

2098 4267 2354 4322 omnibus
2377 4263 2570 4319 studiis
2598 4261 2812 4324 vestris,
2853 4275 2950 4330 pro
2973 4273 3038 4312 eo
3067 4256 3212 4326 quod
3257 4255 3307 4308 in
3340 4255 3668 4306 memoriam

427 4371 644 4420 acuere,
670 4362 725 4409 et
757 4353 938 4410 furore
968 4353 1292 4420 exardesce,
1315 4354 1401 4409 10.
1460 4365 1521 4410 ut
1557 4367 1761 4415 mactes
1785 4371 1992 4418 macla-
2023 4354 2071 4414 Ι)
2098 4356 2423 4421 revocastis;
2447 4353 2501 4406 iu
2536 4352 2656 4406 istis
2709 4347 3019 4420 capiemini.
3083 4345 3172 4398 25.
3225 4342 3291 4396 Et
3326 4353 3379 4395 tu
3411 4339 3664 4410 profane,

425 4449 644 4502 tiones:
680 4461 911 4511 acuere,
951 4455 1012 4500 ut
1061 4445 1138 4501 sis
1185 4445 1239 4499 in
1291 4445 1551 4516 polimen,
1580 4449 1652 4519 (g)
1677 4461 1896 4517 paratus
1926 4454 1995 4510 ad
2094 4451 2300 4521 inique,
2327 4447 2435 4506 dux
2470 4444 2711 4506 lsraelis,
2750 4442 2908 4511 cujus
2935 4438 3081 4493 venit
3110 4438 3226 4491 dies
3259 4476 3275 4501 ,
3320 4436 3371 4490 in
3417 4444 3666 4503 tempore

421 4537 882 4593 dissolutionem:
922 4537 1127 4602 occide,
1172 4546 1486 4602 contemne,
1527 4552 1589 4593 ει-
1633 4539 1710 4594 tili
1735 4542 1809 4596 mi
1845 4544 1993 4615 ;,(Ιι)
2061 4542 2159 4614 ,(ι)
2189 4540 2314 4596 linis
2346 4534 2752 4607 iniustitiaa.26.
2778 4532 2901 4587 Haec
2921 4531 3055 4585 dicit
3083 4528 3347 4583 Dominus
3371 4524 3661 4578 Dominus:

413 4631 623 4700 .rcpelle
647 4644 808 4684 omne
842 4628 1071 4699 lignum.
1107 4628 1193 4680 11.
1233 4626 1298 4682 Et
1316 4628 1462 4684 dedit
1492 4645 1616 4685 eum
1645 4641 1894 4700 paratum
1927 4636 1996 4690 ad
2091 4630 2374 4688 Abstulisti
2398 4644 2427 4683 a
2459 4637 2509 4682 te
2533 4626 2785 4689 cidarim,
2815 4637 2868 4678 ct
2888 4623 3117 4694 posuisti
3141 4636 3302 4689 super
3331 4629 3379 4674 te
3402 4634 3663 4672 coronam

427 4720 726 4775 tenendum
762 4719 1016 4773 manibus
1038 4719 1254 4788 ipsius:
1312 4719 1584 4789 expolitus
1622 4731 1707 4777 est
1753 4723 1991 4794 gladius,
2093 4730 2252 4807 hanc,
2285 4741 2391 4780 non
2420 4722 2546 4778 talis
2569 4721 2712 4776 erit:
2748 4717 3044 4774 humiliasti
3078 4716 3371 4778 excelsum,
3421 4723 3475 4767 et
3513 4713 3667 4766 exal-

495 4863 570 4930 (ι)
598 4859 1012 4934 ῡ1·ρει·ςυιὶθιὶε.
1089 4859 1165 4934 (τι)
1195 4874 1358 4934 super
1389 4857 1646 4934 Thaeman
1676 4871 1754 4934 et
1784 4863 2006 4921 Darom.
2031 4866 2116 4926 8..
2145 4879 2310 4934 super
2347 4867 2592 4916 austrum
2625 4858 2768 4934 viam
2806 4856 3002 4934 austri,
3043 4869 3230 4909 curam
3260 4851 3418 4934 habe,
3449 4860 3503 4934 et
3534 4867 3667 4934 p-ro-

423 4924 584 5018 ιξιιέειξι
617 4924 866 5018 “sylva
894 4924 1342 5011 reaionis’aus'lri
1371 4932 1612 5018 εεαέεεε-
1689 4932 1765 5018 (θ)
1799 4933 2010 5018 Begu";
2097 4924 2168 5018 (ε)
2205 4924 2270 5018 θὶι
2310 4940 2620 5018 cognosch
2659 4927 2971 5018 .14”)ng
2997 4941 3161 5018 ευιξετ
3189 4924 3665 5018 qujl’f'ifstfl’f:

422 4996 614 5063 liscu5.
645 5001 710 5053 ad
730 4996 889 5054 linem
924 4996 1281 5072 reperiuntur
1306 5001 1356 5053 in
1389 4999 1632 5072 Hebraeo.
1698 4996 1800 5071 ⁷(ε)
1838 4996 1927 5070 δῖ,
1952 4996 2115 5062 δίου(
2145 4996 2198 5060 in
2234 4996 2496 5057 fractnme
2541 4999 2730 5072 lumbi.
2836 4997 2903 5067 (ί)
2933 4996 3016 5060 S.,
3053 5005 3115 5072 et
3135 5010 3228 5063 per
3252 4996 3434 5072 omnia
3479 5006 3662 5072 genua

417 5061 787 5146 Πιιβηι-δίιιέπ-
867 5069 941 5146 (9)
973 5061 1057 5131 S-v
1099 5071 1439 5146 θιέείιιειιμε.
1473 5071 1555 5123 νει
1593 5061 1860 5140 Ῐυδίθῖιίης
1962 5061 2132 5146 virga,
2165 5074 2238 5146 fili
2271 5075 2367 5146 mi.
2444 5069 2630 5146 th)AS.,
2665 5061 2945 5146 aversatus
2979 5081 3043 5146 es
3069 5061 3309 5145 aliorum
3345 5063 3530 5146 lign‘o;
3565 5061 3662 5146 sed

388 5130 640 5197 "dabitur
667 5130 718 5195 ci
757 5130 1097 5215 et-aginatus,
1137 5130 1493 5215 ut-capiatur
1535 5130 1718 5215 manu.
1796 5146 1856 5213 (ἱ)
1893 5145 1977 5209 8.,
2013 5130 2075 5200 οῖ’
2091 5130 2220 5215 quid
2254 5130 2543 5215 probatio?
2563 5130 2966 5215 etquidetiani
3000 5137 3046 5189 si
3079 5137 3247 5212 virga.
3330 5132 3409 5211 με)
3437 5130 3520 5189 8..
3555 5133 3662 5182 (lu-

424 5214 714 5285 plit-abitur
765 5209 908 5264 enim
947 5211 1177 5285 gladius,
1209 5213 1404 5265 tertius
1451 5213 1780 5285 autemcjus
1804 5209 2024 5283 gladius
2066 5209 2445 5285 percussorum
2481 5213 2569 5285 hic
2611 5218 2695 5262 est
2745 5209 2956 5285 gladius
3005 5209 3374 5285 percussioniﬁs
3423 5217 3663 5285 magna,

420 5271 512 5352 qui
546 5297 708 5356 super
761 5297 874 5356 eos
909 5271 1280 5356 InvauuiuiSsus
1327 5289 1467 5352 est._
1528 5282 1589 5349 (ι)
1623 5271 1859 5356 ΔΙξᾷᾷιηιιιίῖ.
1932 5271 2183 5356 ν(υι)’8.,
2226 5283 2349 5356 dedi
2397 5281 2639 5356 gladium
2682 5271 3243 5356 pi-ﬁliatumpacutuin
3287 5290 3301 5356 ς
3337 5271 3513 5356 factus
3549 5279 3660 5356 est

421 5345 635 5408 acutus.
685 5352 797 5419 ipse
833 5352 974 5423 sicut
1014 5350 1193 5423 fulgur
1227 5361 1386 5402 notus
1424 5345 1546 5409 εει(
1569 5345 1633 5403 ad
1680 5345 2052 5421 jugulandum'
2073 5345 2288 5408 transiit
2320 5369 2334 5405 :
2372 5345 2738 5423 revertimini,
2762 5347 3036 5423 ascendite
3085 5345 3150 5397 ad
3183 5346 3450 5423 tlextram,
3484 5345 3668 5423 transi

422 5412 901 5493 (prm'izy'transi
956 5412 1241 5493 legendum
1281 5429 1418 5493 132‘;
1457 5412 1697 5475 transite'
1733 5412 1880 5493 puto)
1936 5428 2001 5478 ad
2044 5426 2343 5480 sinistram.
2451 5421 2527 5489 (η)
2578 5421 2672 5493 βη
2701 5412 2780 5493 λῃ
2831 5412 3318 5493 ἱιιςίυείοιιθητνρη
3364 5412 3661 5493 munitam.

422 5484 652 5563 (Zur/1.,
714 5506 875 5560 super
914 5484 1389 5563 prifu—ipiuinvim,
1437 5506 1597 5558 super
1645 5484 1913 5563 principio
1961 5497 2192 5548 duarum
2238 5484 2519 5563 viarum.’
2574 5491 2649 5558 (p)
2699 5487 2817 5563 Th.,
2855 5484 3382 5563 adconcnticnduui
3421 5484 3661 5563 sagittis.

423 5556 497 5630 ((1)
525 5560 605 5625 8..
639 5556 818 5615 turres
843 5556 1144 5631 murorum.
1183 5558 1302 5631 Tir,
1341 5556 1540 5631 turrcs.
1645 5556 1721 5631 Ir)
1764 5556 1848 5630 δῖ,
1883 5567 1948 5620 ad
1995 5564 2308 5622 fodiendum
2349 5556 2604 5631 lapidem,
2637 5567 2690 5613 ct
2725 5559 2793 5614 ad
2839 5556 3217 5612 aediﬁcandum
3266 5556 3659 5623 scpimcutuus.

423 5635 492 5702 (r)
526 5632 687 5688 Deus.
763 5634 827 5700 (ι)
850 5630 931 5697 8.,
977 5632 1237 5700 iniquitas
1268 5630 1484 5685 detinita
1517 5630 1768 5688 termino.
