3864 6220
182 151 307 207 272i

1292 222 1301 231 .
1343 147 1749 206 nszecrsus
1785 147 2015 207 earur
2078 150 2243 207 χχιι.

3272 158 3339 211 27
3348 158 3414 213 ἓν]

179 268 297 325 tain
320 265 540 326 humile.
570 269 661 327 27.
685 270 1031 341 lnjustitiarn,
1064 274 1127 341 χ(
1155 260 1475 340 iujuslitiam
1506 261 1567 340 ξ,
1602 271 1745 338 inju-
1777 282 1819 336 Α
1849 273 2018 327 oblita
2055 290 2137 341 cs,
2176 274 2307 330 dicit
2348 275 2611 331 Dominus
2643 276 2931 331 Dominus.
2981 277 3068 330 15.
3123 275 3177 329 Si
3234 291 3415 331 autem

180 362 379 416 stitiam
410 364 608 431 po‘n'am
649 376 793 426 eam.
822 372 923 416 nec
966 362 1082 416 haec
1124 361 1250 414 talis
1280 362 1403 425 erit,
1451 360 1624 414 donec
1663 375 1745 412 ve-

179 454 312 518 niat,
351 455 438 507 cui
465 452 742 516 convenit,
775 463 828 507 et
852 453 1061 508 tradam
1087 454 1159 509 ei.
1185 455 1277 509 28.
1305 452 1370 507 Et
1409 465 1464 508 tu
1488 493 1502 516 ,
1542 453 1617 506 fili
1649 452 1746 505 ho-

179 544 362 609 minis.
393 546 683 614 propheta,
714 555 769 599 et
802 545 955 601 dices
993 563 1007 599 :
1037 545 1163 601 llaec
1201 546 1333 599 dicit
1366 542 1628 597 Dominus
1662 542 1746 615 (ιι)

181 638 439 692 Dominus
470 638 535 692 ad
571 637 712 693 ﬁlios
740 636 971 692 Ammon
996 676 1012 699 .
1062 645 1116 692 et
1152 637 1217 691 ad
1269 635 1618 707 Opprobrium
1649 651 1747 690 eo-

178 745 322 788 rum.
344 738 400 784 et
423 729 573 784 dices
606 747 621 785 :
652 727 899 795 Gladius,
932 727 1144 799 gladius
1186 730 1504 799 evaginatus
1531 729 1596 783 ad
1633 745 1749 783 ma-

180 822 467 877 ctationem
503 862 518 883 .
578 830 635 877 et
691 822 1007 887 evagiuatus
1051 818 1120 875 a'd
1191 821 1747 884 e‘ousummationem.

180 930 363 984 surge.
398 922 457 968 ut
489 913 717 985 fulgeas,
742 913 835 967 29.
862 915 914 967 in
942 915 1151 969 visione
1185 922 1272 966 tua
1303 921 1440 967 vana
1463 952 1480 976 ,
1534 925 1588 967 et
1624 927 1746 966 cum

180 1006 449 1061 divinabis
478 1005 637 1071 falsa,
667 1006 731 1059 ad
765 1005 1088 1059 tradendum
1135 1016 1188 1061 te
1228 1022 1391 1076 super
1438 1006 1575 1061 colla
1604 1003 1751 1059 occi-

179 1106 364 1152 sorum
402 1098 733 1168 iniquorum,
763 1107 994 1169 quorum
1044 1098 1191 1152 venit
1224 1099 1340 1152 dies
1390 1097 1443 1151 in
1504 1108 1751 1167 tempore

180 1191 303 1244 finis
330 1189 629 1259 iniustitiae.
660 1191 747 1247 50.
776 1181 1094 1255 Revertere,
1122 1205 1189 1244 ne
1222 1190 1512 1260 hospiteris
1546 1191 1599 1245 in
1632 1192 1752 1245 loco

184 1280 305 1345 hoc.
332 1296 443 1350 quo
483 1288 645 1336 natus
673 1298 753 1346 es.
783 1282 836 1337 in
862 1292 1005 1337 terra
1032 1282 1112 1353 (π)
1143 1291 1231 1337 tua
1263 1282 1523 1351 judicabo
1554 1290 1628 1348 te,
1656 1283 1746 1337 51.

181 1381 235 1425 et
259 1372 534 1427 effundam
568 1387 733 1442 super
769 1382 822 1427 te
852 1372 1091 1427 furorem
1152 1390 1357 1438 meum,
1406 1374 1460 1427 in
1497 1374 1620 1441 igne
1660 1375 1754 1429 irze

183 1473 316 1517 mea:
346 1462 576 1519 suﬂlabo
605 1477 769 1534 super
790 1474 844 1519 te
874 1481 888 1518 :
917 1474 970 1519 et
999 1465 1208 1520 tradam
1260 1474 1311 1519 te
1368 1464 1420 1518 in
1455 1480 1651 1518 manus
1680 1464 1757 1518 vi-

186 1570 368 1609 rorum
429 1556 783 1609 barbarorum
836 1554 1186 1612 eonﬂantium
1236 1556 1755 1625 corruptionem.—

1849 378 2173 434 percussero
2204 380 2428 422 manum
2470 381 2644 421 ineant
2674 367 2739 421 ad
2775 380 2995 422 manum
3022 384 3193 421 meam
3220 368 3290 439 (ε)
3322 385 3413 421 sn-

1848 473 1945 527 per
1976 458 2066 524 iis,
2101 474 2222 527 qua:
2278 458 2694 523 consummasti,
2744 473 2868 528 qua:
2920 458 3117 522 fecisti,
3170 471 3218 512 et
3254 472 3416 528 super

1848 550 2207 620 sanguinibus
2246 550 2375 614 tuis,
2406 550 2501 620 qui
2531 549 2658 605 facti
2690 560 2815 605 sunt
2850 551 2902 604 in
2939 550 3117 605 medio
3140 550 3237 610 tui.
3262 551 3347 605 l-l.
3373 551 3416 606 si

1851 643 2145 697 sustinebit
2181 643 2497 698 cortutnn?
2538 642 2584 697 si
2631 642 2949 697 detinebunt
3000 658 3193 697 manus
3222 659 3417 698 manus

1850 743 1961 789 tua:
1992 734 2046 789 in
2078 734 2287 799 diebus,
2317 750 2455 804 quos
2483 750 2585 805 ego
2616 733 2758 789 facio
2799 735 2852 788 in
2885 734 2975 789 te?
3012 734 3120 804 Ego
3160 735 3417 788 Dominus

1850 825 2068 881 locutus
2099 839 2242 889 sum,
2290 835 2344 879 et
2389 825 2606 880 faciam.
2654 825 2742 880 15.
2802 825 2869 879 Et
2921 825 3230 894 dispergam
3277 839 3326 879 te
3367 827 3419 879 iu

1851 917 2126 988 gentibus,
2152 926 2205 971 et
2234 917 2607 971 disseminabo
2635 927 2688 971 te
2723 918 2775 970 in
2813 918 3147 987 regionibus,
3204 925 3260 970 et
3292 917 3427 969 ιιυηι

1851 1006 1958 1060 eiet
1983 1006 2325 1060 imniunditia
2356 1015 2446 1060 tua
2487 1022 2514 1060 a
2548 1015 2599 1060 te
2636 1014 2648 1060 ξ
2686 1006 2750 1060 16
2806 1008 2885 1075 (d)
2925 1010 2979 1060 et
3011 1007 3336 1061 ha-reditabo
3365 1007 3420 1060 in

1852 1107 1904 1153 te
1929 1107 2053 1152 ante
2082 1100 2271 1153 oculos
2310 1100 2574 1169 gentium,
2598 1109 2649 1153 et
2675 1100 2883 1159 scietis.
2942 1100 3069 1169 quia
3110 1116 3209 1169 ego
3239 1100 3420 1155 Domi-

1855 1206 1978 1243 nus.
2010 1180 2095 1244 l7.
2130 1190 2197 1243 Et
2222 1189 2426 1245 factum
2464 1200 2549 1244 est
2576 1190 2802 1246 verbum
2853 1189 3068 1244 Domini
3100 1189 3167 1242 ad
3194 1204 3299 1251 me,
3334 1190 3420 1242 di-

1854 1297 1982 1336 cens
2009 1299 2020 1333 :
2050 1281 2134 1336 l8.
2164 1280 2265 1335 Fili
2305 1282 2562 1348 hominis,
2588 1297 2715 1336 ecce
2743 1281 2868 1335 facti
2908 1289 3037 1335 sunt
3065 1280 3198 1333 mihi
3223 1281 3421 1335 domtts

1854 1372 2067 1427 lsraa-lis
2101 1373 2171 1443 (ε)
2203 1373 2349 1426 misti
2381 1389 2572 1428 omnes
2602 1386 2730 1437 aere,
2758 1382 2812 1426 et
2842 1372 3005 1437 ferro,
3047 1382 3102 1427 et
3130 1384 3344 1434 stanno,
3371 1381 3418 1424 et

1855 1463 2077 1533 plumbo
2104 1462 2157 1516 in
2184 1462 2363 1517 medio
2384 1462 2665 1529 )Kcaminl
2704 1464 2725 1531 ζ
2753 1461 2819 1530 (Γ)
2846 1460 2994 1515 misti
3028 1466 3255 1531 argento
3271 1446 3424 1513 sunt.

1859 1554 1947 1608 l9.
1979 1544 2206 1623 Propter
2230 1556 2333 1607 hoc
2352 1553 2472 1607 dic:
2501 1549 2627 1606 llam
2662 1551 2796 1606 dicit
2827 1551 3087 1607 Dominus
3115 1547 3378 1604 Dominus
3408 1566 3421 1600 :

183 1644 271 1699 '52.
300 1644 355 1699 ln
395 1645 519 1716 igne
547 1647 656 1702 eris
684 1647 863 1710 'cibns,
913 1646 1134 1716 sanguis
1186 1654 1315 1701 tuus
1361 1618 1466 1701 erit
1490 1646 1543 1699 in
1572 1648 1752 1701 medio
1787 1618 1826 1673 Β
1855 1644 1962 1699 Pro
1988 1659 2054 1699 eo
2077 1618 2222 1714 quod
2250 1642 2377 1697 facti
2405 1644 2539 1698 estis
2570 1650 2764 1699 omnes
2790 1644 2844 1697 in
2876 1658 3039 1697 unam
3085 1641 3424 1697 commistio-

183 1746 339 1793 ιρι-ηε
367 1751 510 1793 ture:
540 1756 646 1795 non
676 1739 779 1795 erit
807 1740 1069 1795 memoria
1097 1739 1196 1803 tui,
1222 1737 1347 1808 quia
1373 1753 1473 1808 ego
1488 1736 1754 1795 Dominus

183 1827 397 1882 loeutus
423 1843 567 1882 sum.

249 1917 408 1972 CAP.
439 1916 750 1971 χχιι-εί.
789 1917 854 1972 Et
880 1916 1084 1973 factum
1098 1928 1182 1973 est
1210 1919 1433 1974 verbum
1452 1919 1667 1975 Domini
1687 1916 1753 1975 ad

179 2024 291 2073 me,
312 2008 501 2064 dicens
528 2009 617 2062 :2.
636 2009 794 2073 Ettn,
827 2011 898 2064 lili
926 2010 1185 2074 hominis,
1211 2012 1255 2065 si
1270 2011 1502 2080 juclicas,
1535 2020 1627 2067 aut
1648 2028 1753 2065 non

175 2096 398 2166 jndicas
434 2098 624 2151 urbem
672 2099 1034 2167 sanguinem?
1090 2110 1146 2154 et
1195 2101 1424 2155 ostende
1465 2100 1515 2155 ei
1563 2115 1755 2157 omnes

180 2188 504 2259 iniquitates
527 2203 679 2250 suas.
710 2189 765 2243 5.
796 2199 849 2244 et
874 2190 1054 2247 dices:
1087 2189 1211 2245 Haec
1237 2191 1368 2246 dicit
1393 2192 1469 2262 (g)
1496 2190 1757 2248 Dominus

181 2281 257 2352 (ι)
292 2281 594 2336 Dominus:
622 2280 667 2337 0
700 2283 830 2337 urbs
860 2283 1144 2339 effundens
1170 2285 1462 2355 sanguines
1494 2284 1546 2339 in
1580 2286 1758 2340 medio

180 2375 289 2439 sui,
319 2383 385 2429 ut
414 2375 598 2429 veniat
622 2383 836 2444 tempus
864 2374 1005 2444 ejus.
1046 2384 1100 2431 et
1146 2375 1355 2431 faciens
1400 2378 1758 2445 cogitationes

178 2475 375 2519 contra
409 2463 783 2534 semetipsam,
821 2463 889 2519 ad
930 2463 1283 2534 polluendum
1338 2479 1417 2519 se.
1455 2465 1509 2519 4.
1549 2464 1602 2518 In
1634 2480 1759 2519 san-

180 2556 444 2625 guinibus
471 2571 683 2621 eorum,
714 2572 854 2627 quos
880 2555 1139 2621 elfudisti,
1174 2555 1418 2611 cecidisti
1450 2572 1464 2609 :
1498 2564 1552 2610 et
1584 2555 1637 2609 in
1666 2570 1759 2610 co-

180 2644 541 2715 gitationibus
574 2645 703 2709 tuis,
755 2660 893 2716 quas
938 2643 1151 2710 fecisti,
1209 2646 1408 2716 polluta
1471 2645 1667 2701 fuisti:
1700 2655 1760 2701 et

180 2737 625 2806 appropinquare
652 2736 825 2792 fecisti
858 2738 974 2793 dies
1004 2748 1147 2800 tuos.
1177 2747 1231 2793 et
1256 2738 1531 2793 adduxisti
1547 2747 1759 2808 tempus

181 2842 458 2883 annorum
496 2840 735 2886 tuorum.
772 2831 1000 2902 Propter
1030 2830 1133 2886 hoc
1192 2830 1315 2885 dedi
1377 2840 1430 2887 te
1477 2832 1531 2885 in
1563 2848 1759 2903 oppro-

180 2920 367 2976 brium
400 2922 673 2993 gentibus.
704 2932 758 2977 et
788 2924 840 2978 in
886 2925 1193 2979 irrisionem
1231 2924 1487 2979 omnibus
1521 2925 1757 2995 regioni-

178 3014 307 3078 bus,
338 3015 398 3069 ὅ.
429 3031 550 3084 qua:
582 3031 747 3085 prope
766 3026 893 3069 sunt
920 3016 986 3069 ad
1018 3024 1091 3080 te.
1136 3027 1336 3088 etquae.
1361 3017 1551 3088 procul
1583 3031 1730 3072 remo

186 3118 253 3161 Ic
286 3117 415 3161 sunt
446 3124 477 3161 a
510 3116 582 3170 te,
618 3106 694 3177 (α)
744 3116 796 3160 et
852 3107 1081 3162 illudent
1120 3108 1174 3163 in
1230 3118 1302 3172 te.
1339 3109 1618 3163 immunda
1656 3108 1757 3162 ista

181 3199 493 3261 nominata,
523 3208 579 3251 et
613 3198 780 3252 multa
812 3197 864 3251 in
912 3198 1314 3268 iniquitatibus.
1341 3200 1394 3253 6.
1428 3198 1568 3254 Ecce
1593 3201 1760 3254 duces

182 3292 384 3343 donius
424 3289 656 3354 lsraelis,
688 3290 1060 3359 unusquisque
1080 3290 1146 3343 ad
1173 3300 1433 3361 COgnalos
1473 3303 1622 3351 suos.
1660 3290 1763 3344 tui-

180 3391 451 3435 seuerunt
477 3379 605 3434 sein
637 3390 706 3441 te.
732 3378 1438 3449 uteﬂ‘undantsanguinem.
1458 3379 1512 3435 7.
1543 3377 1760 3433 Patrem

183 3481 238 3526 et
269 3482 503 3527 matrem
536 3472 930 3527 maledicebant
956 3471 1009 3524 in
1036 3482 1106 3535 te,
1126 3480 1180 3525 et
1204 3473 1466 3527 adversus
1498 3473 1761 3526 advenam

185 3567 660 3621 conversabantur
692 3566 745 3619 in
776 3564 1058 3636 injustitiis
1100 3566 1153 3619 in
1186 3575 1273 3620 te:
1307 3566 1569 3635 pupillum
1599 3573 1654 3620 et
1681 3565 1762 3616 via-

185 3659 354 3712 duam
386 3659 767 3728 opprimebant
797 3660 851 3713 in
890 3669 942 3715 te
966 3677 980 3713 :
1006 3659 1059 3712 8.
1090 3667 1144 3713 et
1172 3660 1373 3713 Sancta
1402 3675 1521 3713 mea
1549 3672 1766 3726 sperne-

188 3749 344 3811 bant.
394 3758 451 3802 et
510 3749 735 3803 sabbata
785 3765 905 3803 mea
973 3748 1288 3818 polluebant
1343 3749 1397 3803 in
1450 3757 1520 3805 te.
1560 3748 1613 3801 9.
1647 3746 1763 3801 Viri

187 3842 435 3897 latrones
474 3843 541 3907 Χ
579 3850 737 3895 erant
772 3840 794 3909 ζ
828 3842 879 3894 in
918 3847 993 3905 te,
1020 3849 1077 3895 ut
1112 3841 1450 3896 effunderent
1477 3840 1531 3894 in
1558 3849 1609 3895 te
1638 3856 1763 3894 san-

184 3934 454 4004 guinem:
503 3943 558 3987 et
588 3948 751 4003 super
776 3933 1052 3989 montibus
1093 3933 1451 3988 comedebant
1490 3932 1543 3986 in
1578 3939 1652 3987 te:
1690 3930 1765 3999 (ὁ)

187 4042 298 4079 non
338 4036 528 4081 sancta
593 4026 867 4082 faciebant
921 4026 975 4079 in
1005 4026 1183 4080 medio
1246 4026 1348 4079 tui.
1386 4024 1475 4079 lt).
1512 4024 1765 4079 Pudenda

186 4119 363 4185 patris
394 4127 703 4173 retexerunt
731 4118 784 4172 in
810 4128 881 4183 te,
906 4128 961 4172 et
992 4118 1044 4171 in
1076 4117 1435 4173 immunditiis
1459 4125 1766 4171 menstrua-

186 4219 301 4262 tam
342 4210 705 4265 humiliabant
731 4208 803 4266 in'
844 4220 916 4267 te.
971 4211 1059 4265 ll.
1106 4209 1495 4281 Unusquisque
1538 4224 1761 4264 uxorem

1854 1749 1999 1797 nem,
2030 1743 2251 1804 propter
2278 1735 2380 1788 hoc
2412 1748 2539 1788 ecce
2594 1748 2695 1803 ego
2739 1732 2993 1803 recipiam
3024 1747 3124 1787 vos
3159 1733 3213 1787 in
3245 1732 3426 1786 medio

1853 1824 2177 1883 Jerusalem.
2208 1825 2298 1879 20.
2337 1824 2487 1879 Sicut
2524 1824 2781 1895 recipitur
2822 1834 3130 1896 argentum.
3165 1834 3217 1880 et
3246 1841 3341 1888 res,
3371 1833 3426 1877 et

1856 1918 2080 1983 ferrem,
2113 1927 2167 1973 et
2191 1927 2467 1982 stannum,
2509 1926 2564 1972 et
2623 1918 2899 1988 plumbum
2960 1919 3013 1972 in
3063 1920 3298 1973 medium
3332 1932 3424 1973 ca-

1856 2012 2009 2076 mini,
2042 2011 2108 2067 ad
2138 2008 2460 2066 sulllandum
2488 2010 2543 2065 in
2570 2011 2699 2066 illud
2728 2012 3005 2083 ignem,ut
3030 2012 3315 2075 conlietur.
3351 2013 3426 2067 ita

1858 2104 2113 2175 recipiam
2146 2121 2243 2161 vos
2265 2106 2317 2159 in
2352 2107 2433 2160 ira
2478 2121 2620 2168 mea.
2655 2107 2789 2175 )Ket
2818 2107 2870 2159 in
2900 2106 3083 2161 furore
3108 2104 3131 2174 ζ
3157 2147 3172 2171 ,
3204 2116 3258 2160 et
3294 2122 3429 2161 con-

1856 2196 2109 2268 gregabo.
2132 2204 2186 2250 et
2204 2195 2452 2250 conflabo
2473 2212 2588 2261 vos,
2610 2196 2672 2250 2i
2688 2236 2700 2250 .
2733 2199 2801 2265 χ
2819 2206 2873 2251 et
2889 2201 3234 2268 congregabo
3256 2212 3350 2251 vos
3375 2200 3425 2265 ζ,

1855 2299 1909 2341 et
1938 2288 2163 2341 sulllabo
2186 2303 2348 2356 super
2372 2302 2471 2343 vos
2504 2288 2560 2342 in
2613 2289 2737 2358 igne
2770 2289 2865 2343 ira:
2900 2304 3053 2352 mete.
3086 2297 3140 2344 et
3167 2289 3429 2342 conﬂabi-

1859 2380 1989 2433 mini
2030 2379 2084 2433 in
2114 2380 2292 2433 medio
2318 2379 2457 2450 ejus.
2508 2379 2600 2434 22.
2649 2381 3120 2447 Quemadmodum
3160 2380 3430 2435 conflatur

1857 2479 2138 2539 argentum
2174 2471 2227 2524 in
2255 2470 2436 2525 medio
2466 2471 2687 2536 camini,
2721 2471 2794 2525 ita
2826 2469 3192 2527 conﬂabimini
3224 2471 3277 2527 in
3310 2489 3429 2529 me-

1857 2560 1948 2613 dio
1974 2560 2114 2627 ejus,
2145 2568 2199 2613 et
2227 2561 2591 2630 cognoscetis,
2646 2561 2772 2629 quia
2822 2576 2923 2632 ego
2975 2560 3237 2617 Dominus
3264 2562 3429 2617 elfudi

1858 2650 2095 2705 furorem
2121 2667 2298 2706 meum
2335 2666 2502 2721 super
2524 2667 2638 2707 vos.
2666 2652 2756 2707 25.
2782 2653 2846 2708 Et
2870 2653 3070 2708 factum
3101 2662 3183 2709 est
3201 2655 3429 2708 verbum

1858 2742 2072 2799 Domini
2103 2744 2169 2799 ad
2205 2758 2314 2805 me.
2360 2745 2586 2799 dicens:
2631 2744 2724 2798 24.
2766 2743 2866 2798 Fili
2898 2745 3161 2807 hominis,
3211 2745 3302 2799 die
3341 2746 3427 2800 ei:

1860 2834 1939 2889 Tu
1978 2852 2038 2890 es
2090 2845 2229 2890 terra
2261 2836 2335 2905 (g)
2378 2848 2483 2889 non
2522 2838 2816 2906 eomplnta.
2848 2852 3023 2905 neque
3060 2835 3239 2907 pluvia
3286 2836 3431 2892 facta

1785 2950 1829 3006 ο
1861 2938 1942 2981 est
1976 2942 2136 2996 super
2165 2936 2217 2982 te
2256 2927 2308 2981 in
2341 2927 2428 2981 die
2452 2928 2562 2981 ira.
2597 2927 2688 2981 25.
2723 2926 2894 2998 Cujus
2949 2929 3116 2983 duces
3166 2928 3218 2982 in
3251 2930 3433 2982 medio

1859 3020 2000 3089 ejus,
2049 3019 2189 3073 sicut
2227 3019 2412 3073 leones
2467 3019 2742 3089 rugientes
2772 3059 2788 3083 ,
2868 3020 3140 3090 rapientes
3188 3022 3430 3089 rapinas.

1861 3110 2073 3162 animas
2125 3108 2449 3163 devorantes
2512 3109 2566 3160 in
2622 3106 2884 3175 potentia,
2936 3116 2990 3160 et
3053 3108 3223 3176 pretia
3280 3107 3431 3158 acei-
3486 3102 3490 3107 ’

1862 3202 2072 3269 pientes
2140 3198 2192 3252 in
2247 3198 2532 3265 injustitia.
2584 3198 2650 3251 Et
2682 3198 2858 3252 viduae.
2913 3207 3018 3252 tnze
3061 3198 3430 3266 multiplicata:

1862 3304 1990 3348 sunt
2018 3294 2071 3346 in
2108 3291 2284 3346 medio
2315 3290 2417 3344 tui.
2443 3288 2536 3342 26.
2569 3288 2635 3344 Et
2675 3288 2985 3343 sacerdotes
3031 3287 3153 3357 ejus
3188 3288 3262 3358 (ἢ)
3291 3303 3432 3357 pra:-

1861 3387 2087 3441 varicati
2121 3393 2246 3439 sunt
2280 3384 2379 3453 legi
2408 3398 2560 3447 meae,
2597 3393 2651 3437 et
2694 3382 3010 3453 polluebant
3053 3380 3251 3435 Sancta
3274 3396 3430 3434 mea:

1865 3477 2004 3531 inter
2041 3486 2288 3529 sanctum
2321 3473 2383 3541 (ἱ)
2424 3480 2478 3525 et
2533 3470 2820 3541 profanum
2853 3485 2962 3524 non
3002 3468 3430 3537 distinguebant,

1863 3578 1917 3623 et
1956 3570 2094 3624 inter
2123 3567 2465 3621 immundum
2498 3575 2549 3619 et
2582 3572 2845 3618 mundum
2877 3578 2982 3616 non
3003 3560 3432 3631 distinguebant.

1864 3673 1895 3714 a
1926 3658 2163 3714 sabbatis
2193 3657 2331 3710 meis
2358 3655 2677 3727 operiebant
2710 3655 2901 3710 oculos
2922 3668 3049 3708 suos
3078 3672 3092 3707 :
3136 3653 3207 3722 (k)
3236 3660 3289 3706 et
3309 3662 3436 3721 pro-

1865 3751 2090 3805 fanabar
2111 3748 2165 3804 in
2191 3749 2371 3803 medio
2401 3764 2616 3803 eorum.
2647 3747 2739 3801 27.
2770 3745 3051 3815 Principes
3081 3745 3201 3814 ejus
3233 3744 3286 3798 in
3315 3746 3433 3797 me:

1865 3845 1956 3899 dio
1977 3842 2117 3912 ejus,
2148 3843 2292 3896 sicut
2324 3840 2431 3910 lupi
2457 3841 2731 3909 rapientes
2759 3840 2999 3908 rapinas.
3045 3838 3111 3890 ad
3150 3835 3437 3890 effundene

1865 3937 1993 3992 dum
2039 3933 2383 4003 sanguinem,
2423 3934 2489 3999 χ(
2542 3930 2607 3985 ad
2649 3929 2981 4001 perdendum
3035 3929 3247 3983 animas
3280 3929 3300 3995 ζ
3328 3969 3341 3991 ,
3376 3940 3437 3981 ut

1866 4029 2091 4084 avaritia
2129 4026 2429 4081 lucrentur.
2456 4025 2546 4078 28.
2574 4024 2635 4076 Et
2664 4023 2941 4093 prophetre
2964 4022 3104 4089 ejus.
3133 4022 3194 4091 (Ι)
3223 4036 3435 4091 ungen-

1868 4131 1948 4177 tes
1971 4135 2087 4185 eos,
2130 4119 2346 4180 cadent.
2378 4116 2627 4170 videntes
2679 4131 2840 4176 vana,
2872 4114 3175 4167 divinantes
3206 4115 3269 4180 Χ
3300 4114 3380 4165 eis
3411 4113 3433 4179 ζ

1868 4211 2175 4274 mendacia.
2207 4211 2447 4264 dicentes
2473 4226 2486 4262 :
2511 4208 2638 4261 llzec
2664 4207 2795 4260 dicit
2820 4206 3030 4259 Adonai
3066 4206 3346 4268 Dominus,
3384 4214 3440 4258 et

187 4303 434 4372 proximi
456 4303 540 4356 sui
566 4304 754 4374 inique
814 4303 1114 4374 ignominia
1147 4302 1346 4367 affecit.
1370 4311 1424 4357 et
1467 4303 1765 4373 unusquis—
1796 4287 1839 4342 υ
1868 4302 2135 4357 Dominus
2166 4317 2274 4356 non
2310 4302 2524 4357 locutus
2558 4311 2643 4354 est
2670 4319 2681 4354 :
2716 4300 2801 4354 29.
2827 4300 3083 4367 pupulum
3135 4309 3291 4352 terra:
3317 4313 3440 4367 pre-

182 4410 299 4463 que
362 4410 562 4449 nurum
614 4411 769 4449 suam
824 4395 1218 4450 contaminavit
1274 4395 1327 4449 in
1375 4395 1670 4464 impietate.
1713 4402 1768 4447 et

184 4488 574 4558 unusquisque
600 4504 842 4543 sororem
875 4503 1052 4552 suam.
1110 4488 1274 4542 filiam
1328 4494 1496 4559 patris
1522 4487 1630 4550 sui,
1664 4486 1768 4540 hu-

185 4580 481 4633 miliabant
510 4579 564 4634 in
614 4589 683 4634 te.
734 4580 822 4633 l2.
872 4579 1070 4633 Munus
1114 4581 1453 4650 accipiebant
1509 4579 1560 4632 in
1602 4588 1674 4639 te,
1706 4586 1770 4630 ut

184 4668 538 4725 effunderent
591 4671 954 4742 sanguinem:
1034 4687 1252 4726 usuram
1319 4681 1373 4726 ct
1431 4669 1764 4740 superfluum

188 4762 616 4832 aeeipiebantin
646 4770 737 4817 te:
787 4773 841 4818 et
883 4765 1276 4820 consummasti
1333 4761 1765 4817 consummatio-

188 4869 322 4908 nem
353 4855 576 4909 malitiae
599 4864 725 4918 tuae,
760 4872 875 4925 qua:
929 4856 982 4910 in
1014 4856 1369 4925 oppressione
1403 4869 1416 4905 :
1451 4854 1555 4908 mei
1584 4863 1764 4909 autem

264 4996 348 5061 (ιι)
380 4992 543 5048 Deus.
619 4996 695 5063 (τε)
723 4992 805 5059 8.,
833 5010 1080 5064 possessa
1116 5003 1230 5049 tua.
1268 4992 1388 5051 Tli..
1422 4993 1756 5047 stabiliment

1863 4992 1999 5046 dicis
2030 4998 2156 5064 tum.
2206 4991 2312 5064 (ῃ)
2342 4989 2570 5045 Adonai.
2646 4990 2721 5063 (ι.)
2751 4990 2916 5064 Deus.

188 5064 359 5134 edere
417 5064 679 5119 facientes
726 5062 917 5120 manus
946 5082 1108 5134 super
1162 5077 1249 5134 te.
1287 5065 1599 5117 clamabunt
1627 5064 1723 5116 tibi
1762 5063 2108 5124 :immnnda,
2137 5062 2291 5116 valde
2337 5064 2631 5134 nominata.

1437 5140 1507 5202 (c)
1542 5134 1629 5198 8.,
1659 5134 2076 5187 defraudatione
2109 5142 2222 5195 tua,
2264 5148 2429 5202 quam
2466 5132 2661 5185 fecisti.

814 5210 882 5274 (ρ)
919 5205 1000 5269 8.,
1034 5205 1313 5275 permistio
1340 5212 1496 5257 tetra.
1532 5202 1650 5267 Th.,
1687 5204 1741 5256 in
1778 5204 2069 5258 calculum.

835 5270 910 5346 (ἐι)
947 5270 1181 5344 8.,’ίιυευ
1212 5290 1317 5327 non
1343 5275 1599 5327 mundata
1632 5281 1736 5346 est,
1770 5289 2111 5346 superquam
2147 5270 2322 5346 hiems
2365 5290 2470 5346 non
2510 5272 2647 5346 facta
2680 5280 2785 5346 e_st.
2821 5272 2872 5325 in
2897 5271 2994 5346 die
3028 5270 3441 5346 increpationis.

193 5133 324 5193 Th..
354 5134 599 5188 ZEMMA
630 5136 688 5204 (i.
726 5150 775 5189 e.
815 5135 977 5191 llebr.
1009 5145 1123 5194 mar
1149 5133 1360 5201 scelus).

191 5220 387 5257 Coram
439 5207 711 5273 gentibus.

192 5278 391 5327 moria:
423 5277 574 5328 factm
597 5284 746 5330 sunt.

1868 4405 2080 4451 mentes
2108 4394 2332 4463 injuste,
2357 4404 2410 4448 et
2451 4392 2770 4462 diripienles
2831 4392 3076 4461 rapinas.
3126 4404 3357 4459 egenum
3386 4397 3442 4443 et

1867 4502 2160 4558 pauperem
2193 4485 2582 4555 opprimenles,
2632 4492 2687 4538 et
2728 4498 2856 4553 erga
2899 4483 3162 4537 advenam
3207 4480 3303 4551 (in)
3330 4496 3438 4535 non

1866 4586 2257 4635 conversantes
2289 4594 2412 4633 cum
2433 4576 2664 4647 judicio.
2697 4577 2786 4633 '50.
2825 4576 2891 4630 Et
2920 4575 3229 4645 quagrebam
3263 4590 3329 4629 ex
3359 4574 3441 4628 eis

1865 4674 2065 4737 virum,
2099 4672 2175 4743 (η)
2208 4670 2298 4741 qui
2326 4679 2741 4726 conversaretur
2774 4677 2939 4733 recte,
2979 4678 3032 4721 et
3063 4667 3156 4736 qui
3189 4675 3443 4721 stareth

1873 4774 1988 4819 toto
2019 4773 2143 4818 ante
2171 4763 2366 4819 faciem
2398 4779 2573 4818 meam
2602 4762 2655 4817 in
2697 4773 2939 4832 tempore
2970 4762 3042 4831 (ο)
3074 4763 3184 4819 ine.
3213 4768 3272 4814 nt
3302 4760 3440 4813 nein

1875 4855 2033 4909 linem
2064 4854 2299 4909 delerem
2338 4869 2481 4918 eam,
2514 4863 2570 4907 et
2620 4869 2729 4907 non
2784 4853 2987 4907 inveni.
3042 4850 3131 4905 5L
3187 4847 3442 4905 Etclfudi

2995 4990 3072 5059 (a)
3102 4990 3187 5053 s.,
3225 4990 3442 5059 signum

2746 5062 2820 5131 (ὁ)
2981 5061 3440 5117 abominatinnes.

2742 5130 2939 5200 (1)83
2981 5139 3037 5184 et
3094 5142 3327 5200 pnngam
3385 5140 3444 5183 te.

2175 5205 2243 5272 (Ῑ)
2276 5196 2359 5265 8.,
2391 5202 2669 5270 permistio
2708 5196 2868 5255 tetra.
2898 5196 3039 5272 Tir.
3063 5200 3116 5254 in
3151 5196 3441 5269 argentum

192 5342 261 5417 .lu
301 5356 521 5417 amenta
552 5362 675 5414 «pne
703 5340 949 5417 sitnul'(i.
982 5364 1030 5417 ς.
1060 5340 1476 5417 εὐηλαιήαιὶοηεε)
1508 5340 1894 5417 prophetarum
1925 5340 2045 5412 ejus
2078 5342 2130 5396 in
2168 5344 2507 5417 Iiiedio_ejiis.
2590 5342 2665 5417 (ξι)
2686 5340 2779 5417 8.,
2816 5340 3210 5417 quiducebant
3241 5341 3294 5393 in
3325 5344 3443 5397 vio—

195 5415 369 5467 lentia
402 5412 792 5485 legem—meam.
868 5412 930 5485 (ἱ)
970 5415 1054 5481 8.,
1085 5416 1437 5468 mundanum.
1515 5412 1587 5483 (lt)
1617 5413 1681 5467 Et
1714 5414 1938 5485 sabbata
1968 5412 2505 5485 meaprofanabant.

2582 5409 2645 5482 (ἰ)
2678 5410 2762 5473 8.,
2797 5409 2891 5480 qui
2926 5409 3304 5482 liniebanteos
3335 5427 3443 5467 non

193 5477 574 5541 condaneirto.
614 5487 732 5554 Tlt.,
778 5477 1051 5543 stultitiaf
1102 5488 1197 5555 (in)
1229 5485 1309 5547 8.,
1338 5477 1729 5553 oppresserunt
1756 5484 1958 5553 inique.
2038 5477 2229 5556 (u)'S.,
2261 5484 2351 5552 qui
2381 5477 2672 5538 aedificaret
2698 5477 2904 5552 sepelit.
2984 5482 3059 5549 (ο)
3095 5477 3297 5534 Terr-zu.
