3864 6220
411 235 553 291 2523

1520 227 1747 285 (ΙΟΒΕΧ
1789 220 2577 281 SYRIACOJIEXAPLARIS.

3526 220 3633 278 27?.
3645 226 3673 277 δ

411 369 578 425 super
606 368 727 409 eam
755 352 993 408 furorem
1028 365 1210 407 meum
1244 349 1299 404 in
1343 348 1466 419 igne
1492 347 1590 402 ira:
1607 361 1742 400 mea:
1770 344 1835 401 ad
1855 358 1985 398 con—
2016 347 2060 401 Δ
2087 341 2177 396 20.
2213 343 2293 413 (d)
2344 352 2398 397 et
2438 353 2489 397 te
2545 339 2843 413 apposuisti
2894 350 3017 411 post
3077 338 3384 408 Chaldaeos,
3435 355 3675 410 quorum

415 448 797 503 summandum
831 451 897 516 ζει(
935 462 1032 502 eos
1067 446 1089 515 ζ
1114 465 1127 500 :
1155 446 1269 500 vias
1293 458 1484 499 eorum
1514 442 1567 496 in
1597 440 1774 511 capita
1800 452 1990 492 eorum

414 542 558 605 dedi,
602 540 735 595 dicit
770 539 1036 595 Dominus
1079 539 1362 592 Dominus.

485 633 640 689 CAP.
674 632 993 687 XXlll.-—i.
1026 632 1088 684 Et
1110 630 1310 684 factum
1338 635 1421 684 est
1442 626 1666 681 verbum
1688 621 1897 677 Domini
1924 618 1994 674 ad

418 740 523 783 me.
556 723 784 778 dicens:
836 720 893 773 2.
922 721 1021 776 Fili
1055 718 1315 781 hominis,
1374 717 1494 771 duae
1552 713 1807 768 mulieres
1837 716 1995 763 erant

421 817 545 869 lilia:
573 815 762 869 matris
800 813 966 867 unius
988 853 1002 877 ,
1027 813 1079 865 5.
1116 822 1169 865 et
1196 810 1473 864 fornicata:
1494 815 1619 862 sunt
1650 806 1704 859 in
1734 802 1991 872 Egypto,

418 904 472 956 in
507 902 873 956 adolescentia
914 916 1012 955 sua
1043 904 1109 968 )s(
1139 900 1417 954 fornicata:
1469 906 1598 951 sunt
1631 894 1794 965 :zibi
1851 892 1995 947 ceci-

417 996 615 1049 derunt
646 995 813 1049 ubera
838 1010 1053 1056 earum,
1079 992 1152 1063 (ρ)
1190 1001 1244 1046 et
1268 992 1339 1046 ibi
1370 989 1721 1059 devirginatte
1750 996 1997 1042 suutuu-

417 1087 582 1142 trices
615 1085 986 1156 virginitatum
1022 1099 1231 1139 earum.
1270 1084 1323 1137 4.
1356 1080 1586 1135 Nomina
1608 1088 1788 1133 autem
1803 1091 1992 1131 earum

417 1178 592 1235 Obola
626 1179 833 1242 senior,
871 1187 925 1231 et
957 1174 1188 1231 Oltoliba
1209 1190 1367 1229 soror
1400 1173 1541 1242 ejus.
1573 1169 1641 1224 Et
1670 1168 1827 1224 facta:
1865 1176 1995 1223 sunt

418 1268 573 1335 mihi,
606 1276 660 1322 et
688 1275 1015 1337 pepererunt
1050 1265 1211 1331 filios,
1252 1274 1306 1318 et
1340 1262 1476 1317 tilias
1509 1278 1523 1313 :
1566 1268 1620 1313 et
1652 1259 1876 1313 nomina
1902 1273 1995 1312 ea-

418 1371 564 1417 rum,
596 1354 842 1409 Samaria
883 1353 1077 1418 Ohola,
1105 1362 1159 1407 et
1181 1351 1481 1407 Jerusalem
1537 1348 1790 1404 Oltoliba.
1844 1349 1897 1402 5.
1932 1344 1997 1400 Et

420 1430 686 1501 fornicata
717 1453 801 1499 est
848 1444 1020 1499 Ohola
1071 1458 1102 1498 a
1164 1458 1272 1509 me,
1321 1442 1396 1513 (ιι)
1428 1450 1483 1496 et
1507 1456 1567 1495 se
1594 1439 1849 1511 apposuit
1872 1444 1996 1507 post

420 1544 695 1591 amatores
719 1551 869 1597 suos,
904 1546 1028 1605 post
1055 1532 1312 1604 Assyrios
1334 1533 1545 1587 vicinos
1571 1531 1620 1586 ei
1642 1570 1657 1594 ,
1686 1528 1738 1583 6.
1771 1526 1995 1582 indutos

420 1625 811 1698 hyacinthinis,
869 1627 1162 1695 principes,
1198 1634 1253 1679 et
1305 1624 1511 1679 duces:
1550 1622 1780 1692 juvenes
1812 1620 1991 1685 electi,

418 1731 614 1772 ornnes
641 1717 851 1786 equites
894 1716 1208 1786 equitantes
1256 1729 1422 1784 super
1460 1715 1636 1783 equis.
1667 1712 1721 1764 7.
1754 1712 1819 1765 Et
1845 1710 1995 1766 dedit

419 1807 837 1863 fornicationem
892 1822 1050 1863 suam
1085 1821 1249 1877 super
1277 1821 1411 1862 eos:
1448 1804 1604 1859 electi
1629 1804 1721 1857 ﬁlii
1746 1803 1997 1874 Assyrio-

419 1916 541 1954 rum
571 1916 785 1965 omnes,
819 1908 875 1955 et
902 1914 1067 1970 super
1098 1914 1311 1964 omnes,
1371 1912 1539 1968 super
1570 1913 1710 1968 quos
1734 1911 1794 1952 se
1821 1896 1997 1965 impo-

422 1992 571 2046 suit:
603 1992 657 2046 in
691 1991 950 2046 omnibus
978 1989 1402 2060 cogitationibus
1448 1989 1521 2060 (r)
1574 2003 1765 2044 eorum
1788 1988 1997 2057 polluta

421 2066 564 2137 facta
594 2091 697 2138 est.
728 2082 783 2136 8.
819 2082 884 2137 Et
908 2080 1322 2137 fornicationem
1352 2095 1508 2136 suam
1534 2096 1600 2135 ex
1626 2079 1866 2152 Egypto
1887 2095 1997 2135 non

422 2174 671 2246 reliquit;
703 2175 834 2245 quia
864 2190 989 2230 cum
1012 2175 1129 2244 ipsa
1156 2172 1505 2228 dormiebant
1534 2172 1590 2226 in
1620 2173 1995 2227 adolescentia

420 2262 564 2339 ejus,
592 2277 647 2325 et
674 2268 777 2339 ipsi
802 2269 1211 2339 devirginarunt
1243 2268 1315 2340 (ε)
1375 2284 1518 2333 eam,
1554 2276 1610 2322 et
1649 2265 1998 2321 eﬂunderunt

421 2363 837 2418 fornicationem
871 2377 1025 2418 suam
1055 2377 1218 2432 super
1246 2377 1392 2416 eam.
1423 2362 1473 2417 9.
1502 2359 1728 2430 Propter
1759 2359 1863 2414 hoc
1886 2370 1999 2413 tra-

420 2453 533 2508 didi
567 2468 689 2508 eam
725 2453 780 2507 in
810 2467 1011 2507 manus
1044 2462 1352 2507 amatorum
1376 2452 1515 2522 ejus,
1547 2452 1602 2505 in
1632 2466 1829 2506 manus
1861 2450 2002 2505 ﬁlio-

420 2560 546 2599 rum
581 2545 957 2616 Assyriorum,
986 2560 1150 2615 super
1176 2559 1294 2610 eos,
1319 2554 1443 2615 post
1478 2559 1618 2615 quos
1638 2559 1698 2599 se
1726 2543 1998 2615 apposuit.

421 2635 630 2713 i0.llsti
660 2646 976 2691 retexerunt
1006 2637 1071 2707 (t)
1104 2635 1351 2707 pudenda
1388 2635 1530 2705 ejus.
1574 2635 1736 2702 filios,
1772 2643 1827 2690 et
1864 2634 2003 2690 ﬁlias

421 2712 543 2797 ejus
575 2737 913 2793 sumserunt,
938 2738 995 2783 et
1020 2743 1141 2782 eam
1196 2729 1252 2782 in
1309 2727 1490 2799 gladio
1544 2728 1899 2783 occiderunt:
1949 2734 2005 2782 et

424 2816 569 2875 facta
595 2828 680 2875 est
709 2834 893 2874 sermo
919 2818 972 2874 in
1001 2819 1283 2885 mulieres,
1315 2827 1369 2874 et
1398 2819 1661 2874 ultionem
1712 2817 1788 2889 (tt)
1820 2817 1923 2873 feci
1948 2818 2001 2872 in

421 2923 488 2962 ea
519 2922 583 2964 -ι-
610 2907 665 2963 in
698 2909 837 2965 tilias
867 2908 988 2980 ejus
1010 2909 1059 2978 ζ.
1093 2910 1178 2965 11.
1210 2908 2001 2979 EtviditsororejusOboliba,

2094 433 2236 487 sicut
2266 434 2544 489 asinorum
2575 448 2768 489 carnes
2796 448 2985 487 eorum
3009 473 3027 499 ,
3057 441 3113 487 et
3135 432 3374 488 verenda
3403 447 3677 502 equorum

2094 526 2327 580 verenda
2356 542 2546 581 eorum
2575 544 2589 580 :
2615 525 2707 579 2i.
2726 517 2798 579 'et
2826 524 3057 580 visitasti
3089 525 3161 593 (ε)
3193 525 3504 594 iniquitates
3543 525 3679 578 ado-

2094 616 2364 673 lescentia:
2394 626 2520 682 tuae,
2547 634 2671 689 qua:
2700 617 2940 672 faciebas
2970 617 3023 672 in
3048 616 3283 688 Egypto
3304 617 3373 687 (ι’)
3408 618 3463 671 in
3492 617 3671 671 diver-

2095 709 2243 764 sorio
2281 720 2397 773 tuo,
2430 714 2524 766 ubi
2556 711 2724 766 ubera
2771 709 3151 764 adolescentia
3184 718 3285 763 tua:
3331 708 3673 763 ceciderunt.

2093 802 2185 856 22.
2216 802 2447 873 Propter
2482 804 2587 858 hoc
2611 801 2862 865 Oholiba,
2896 801 3012 855 haec
3035 800 3171 856 dicit
3198 799 3464 855 Dominus
3489 798 3680 853 Domi-

2097 909 2241 949 nus:
2296 893 2436 949 Ecce
2487 909 2587 962 ego
2609 893 2817 948 suscito
2858 899 3131 947 amatores
3186 903 3312 947 tuos
3345 906 3509 960 super
3542 900 3615 955 te,
3642 906 3677 944 a

2095 986 2296 1056 quibus
2328 986 2555 1041 recessit
2584 986 2767 1040 anima
2796 994 2886 1040 tua
2912 986 2980 1040 ab
3014 986 3097 1041 eis
3137 1001 3151 1038 :
3197 994 3250 1040 et
3285 984 3553 1039 adducam
3580 998 3680 1040 eos

2096 1093 2261 1149 super
2286 1088 2339 1133 te
2369 1079 2629 1148 undique,
2661 1079 2751 1135 25.
2815 1081 2959 1135 filios
3007 1077 3323 1150 Babylonis,
3376 1086 3429 1132 et
3482 1092 3679 1131 omnes

2094 1169 2402 1237 Chaldaeos,
2451 1169 2617 1236 Pbut,
2672 1181 2726 1226 et
2770 1170 2909 1236 Sud,
2940 1180 2995 1226 et
3045 1169 3178 1236 Coa,
3223 1178 3279 1224 et
3314 1184 3506 1224 omnes
3533 1169 3680 1223 filius

2095 1263 2441 1334 Assyriorum
2473 1280 2595 1319 eum
2622 1265 2724 1327 eis,
2748 1264 2977 1335 juvenes
2999 1262 3222 1328 electos,
3246 1264 3436 1323 duces,
3454 1269 3510 1316 et
3540 1276 3680 1328 prae-

2096 1352 2291 1419 fectos,
2323 1369 2519 1409 omnes
2572 1354 2815 1419 triarios,
2868 1362 2924 1408 et
2982 1353 3313 1416 nominatos,
3366 1350 3683 1420 equitantes

2097 1460 2261 1515 super
2285 1446 2444 1514 equis
2472 1460 2685 1500 omnes.
2708 1444 2799 1498 24.
2831 1444 3064 1499 Venient
3092 1458 3256 1512 super
3280 1450 3333 1496 te
3359 1442 3429 1495 ab
3465 1439 3682 1509 aquilo-

2098 1550 2186 1602 ne,
2211 1551 2431 1602 currus,
2457 1545 2513 1590 et
2543 1546 2676 1591 Γοιω
2698 1552 2823 1591 cum
2853 1535 3201 1590 multitudine
3249 1532 3601 1603 populorum,
3625 1539 3683 1585 et

2098 1627 2294 1698 clypei,
2324 1628 2503 1697 peltas:
2539 1638 2593 1682 et
2624 1629 2802 1682 mittet
2832 1627 3130 1683 custodiam
3161 1641 3323 1696 super
3365 1634 3414 1678 te
3441 1624 3685 1679 cireum-

2099 1719 2268 1775 circa.
2307 1719 2397 1777 25.
2426 1721 2495 1776 Et
2517 1721 2659 1775 dabo
2692 1730 2819 1775 ante
2854 1719 3049 1775 faciem
3086 1733 3279 1774 eorum
3304 1716 3599 1787 judicium,
3621 1721 3683 1769 ct

2099 1811 2432 1867 ulciscentur
2464 1822 2517 1867 te
2549 1812 2603 1867 in
2625 1812 2844 1883 iudiciis
2857 1812 3007 1867 suis:
3037 1820 3094 1866 et
3123 1812 3263 1866 dabo
3288 1810 3463 1864 zelum
3495 1821 3682 1861 meum

2100 1903 2158 1959 in
2184 1916 2258 1970 te,
2290 1914 2347 1959 et
2375 1904 2579 1960 facient
2610 1914 2788 1959 tecum
2822 1904 2876 1958 in
2901 1904 2981 1958 ira
2998 1902 3224 1959 furoris.
3259 1899 3461 1956 Nasum
3495 1908 3681 1963 tuum,

2098 2006 2152 2051 et
2187 2010 2349 2050 aures
2381 2004 2502 2052 tuas
2532 1995 2808 2062 auferent,
2857 2004 2912 2051 et
2963 1995 3213 2051 residuos
3261 2001 3383 2047 tuos
3409 1991 3464 2045 in
3494 1988 3686 2062 gladio

2100 2087 2363 2158 dejicieut
2387 2107 2400 2143 :
2428 2088 2517 2144 isti
2556 2088 2696 2144 filios
2728 2101 2873 2153 tuos,
2909 2096 2963 2142 et
3011 2087 3154 2142 filias
3185 2096 3309 2140 tuas
3355 2084 3594 2155 capient,
3625 2091 3684 2137 et

2100 2178 2350 2233 residuos
2384 2187 2507 2234 tuos
2546 2177 2624 2250 (9)
2654 2177 2939 2233 devorabit
2972 2176 3113 2248 ignis
3140 2174 3271 2230 :26.
3316 2183 3373 2230 et
3403 2185 3606 2229 exuent
3627 2184 3685 2228 te

2100 2272 2344 2327 vestibus
2379 2271 2509 2339 tuis,
2539 2285 2593 2327 et
2615 2272 2835 2341 capient
2872 2286 3004 2326 vasa
3046 2269 3386 2341 gioriationis
3430 2278 3559 2323 tua.
3586 2267 3680 2323 27.

2103 2363 2180 2434 (It)
2200 2364 2267 2418 Et
2297 2373 2537 2418 avertam
2559 2363 2866 2432 impietates
2892 2371 3013 2416 tuas
3035 2376 3068 2415 a
3097 2369 3173 2426 te,
3185 2369 3240 2416 et
3260 2359 3683 2414 fornicationem

2103 2463 2254 2508 tuam
2276 2455 2339 2524 (ί)
2375 2455 2443 2508 de
2472 2462 2618 2509 terra
2638 2453 2899 2525 Egypti:
2947 2463 3003 2509 et
3046 2468 3153 2509 non
3207 2451 3445 2507 elevabis
3492 2452 3685 2506 oculos

2105 2555 2235 2601 tuos
2264 2561 2429 2617 super
2462 2561 2580 2613 eos,
2629 2556 2685 2601 et
2729 2545 2947 2616 Egypti
2992 2561 3101 2600 non
3160 2544 3533 2600 recordaberis
3561 2560 3684 2598 am-

2105 2638 2273 2708 plius.
2296 2637 2387 2691 28.
2415 2635 2554 2703 Quia
2595 2638 2708 2691 haec
2730 2636 2863 2692 dicit
2889 2634 3152 2692 Dominus
3201 2635 3495 2690 Dominus:
3545 2634 3685 2689 Ecce

2106 2742 2211 2798 ego
2235 2726 2393 2781 trado
2421 2737 2472 2781 te
2496 2727 2553 2780 in
2577 2743 2772 2782 manus
2824 2742 3042 2791 eorum,
3080 2740 3220 2795 quos
3281 2724 3409 2780 odio
3438 2725 3628 2791 babes,
3651 2740 3683 2780 a

2104 2820 2310 2889 quibus
2344 2820 2569 2875 recessit
2595 2819 2780 2874 anima
2816 2827 2993 2874 vestra
3021 2818 3090 2873 ab
3114 2819 3215 2874 eis.
3243 2817 3331 2873 29.
3383 2818 3450 2872 Et
3484 2817 3691 2872 facient

2106 2905 2161 2959 in
2192 2914 2243 2961 te
2264 2905 2319 2961 in
2345 2906 2493 2973 odio,
2525 2916 2579 2961 et
2603 2916 2820 2963 sument
2867 2921 3060 2961 ornnes
3096 2907 3311 2964 labores
3362 2918 3508 2971 tuos,
3535 2921 3600 2963 -t—
3630 2916 3689 2961 et

422 3012 478 3056 et
497 3002 1166 3072 corrupitimpositionem
1192 3019 1349 3060 suam
1376 3003 1677 3074 plusquam
1695 3018 1781 3069 ea,
1812 3011 1863 3057 et
1896 3002 2006 3057 lor-
2032 3041 2077 3100 ο
2108 2998 2390 3053 molestias
2424 3006 2540 3055 tuas
2572 2998 2595 3066 ζ
2622 3039 2639 3064 ,
2665 3006 2720 3053 et
2742 2998 2854 3054 eris
2881 2999 3047 3063 nuda,
3082 3007 3137 3054 et
3162 3000 3471 3068 ignominiae
3496 2999 3682 3070 plena.

424 3095 753 3150 nicationem
786 3111 939 3151 suam
968 3096 1091 3166 plus
1122 3112 1285 3167 quam
1310 3096 1601 3152 fornicatio
1622 3096 1831 3152 sororis
1862 3110 1995 3151 suae.

424 3188 514 3243 12.
548 3187 678 3244 Post
710 3188 851 3242 filios
872 3188 1226 3259 Assyriorum
1258 3203 1317 3243 sc.
1336 3188 1612 3259 apposuit,
1634 3188 1929 3259 principes,
1946 3196 2001 3241 et

423 3278 593 3333 duces
627 3279 836 3335 vicinos
862 3281 936 3347 ei,
969 3279 1191 3334 indutos
1230 3279 1309 3349 (at)
1356 3279 1746 3350 byacintltinis,
1788 3278 2001 3349 equites

422 3370 731 3440 equitantes
754 3386 920 3441 super
940 3386 1111 3441 equos
1136 3386 1151 3422 :
1188 3371 1561 3427 adolescentes
1599 3371 1755 3425 electi
1784 3385 2000 3426 omnes.

427 3463 514 3517 15.
554 3461 620 3517 Et
642 3463 772 3530 vidi,
805 3464 952 3533 quod
998 3464 1219 3534 pollutae
1270 3472 1475 3527 essent,
1545 3464 1633 3518 via
1674 3478 1780 3516 una
1822 3462 2005 3517 amba-

426 3572 549 3611 rum
575 3572 590 3609 :
618 3557 703 3611 14.
735 3568 788 3613 et
815 3557 1016 3629 adjecit
1036 3558 1103 3612 ad
1132 3557 1548 3613 fornicationem
1578 3574 1759 3624 suam,
1789 3567 1843 3612 et
1870 3557 2008 3613 vidit

425 3650 574 3704 viros
598 3650 844 3719 depictos
874 3665 1036 3720 super
1064 3652 1293 3721 pariete,
1329 3651 1594 3721 imagines
1623 3651 2005 3707 Cltaldatorum

424 3741 671 3811 depictos
704 3742 780 3811 (ν)
805 3741 858 3795 in
886 3740 1049 3811 style,
1091 3741 1180 3795 15.
1215 3741 1490 3796 accinctos
1526 3742 1818 3812 variegatis
1844 3757 2009 3811 super

429 3833 646 3888 lumbos
680 3848 832 3898 suos,
863 3832 938 3903 (ι)
971 3840 1026 3887 et
1059 3832 1187 3903 pilei
1219 3833 1373 3887 tincti
1399 3849 1564 3902 super
1604 3834 1877 3903 capitibus
1915 3849 2011 3887 co-

426 3938 574 3987 rum,
610 3926 686 3995 (a)
712 3924 880 3979 facies
913 3923 1103 3995 triplex
1127 3924 1405 3987 omnium,
1437 3924 1735 3979 similitudo
1775 3926 2009 3979 filiorum

2105 3099 2162 3145 et
2185 3090 2513 3146 revelabitur
2537 3091 2833 3161 ignominia
2861 3090 3238 3147 fornicationis
3270 3091 3485 3163 tua“)
3505 3102 3560 3148 et
3587 3094 3689 3146 im-

2099 3182 2872 3253 pietatistuanetfornicatio
2912 3195 3027 3238 tua.
3082 3182 3172 3238 50.
3232 3185 3359 3239 fecit
3399 3184 3517 3240 haec
3563 3184 3689 3250 tibi,

2100 3289 2227 3328 cum
2276 3280 2514 3327 scortata
2545 3286 2605 3326 es
2651 3280 2775 3342 post
2813 3280 3021 3342 gentes,
3050 3280 3107 3326 et
3132 3272 3335 3341 polluta
3376 3271 3510 3327 esin
3538 3273 3691 3344 cogi-

2102 3365 2402 3420 tatiouibus
2428 3380 2638 3421 earum.
2674 3365 2764 3419 51.
2802 3364 2862 3418 In
2889 3365 2972 3418 via
3002 3364 3213 3420 sororis
3242 3374 3345 3419 tua:
3366 3365 3690 3429 ambulasti,

2103 3466 2160 3513 et
2187 3456 2330 3512 dabo
2357 3456 2581 3513 calicem
2612 3456 2730 3527 ejus
2762 3458 2816 3511 in
2846 3472 3046 3513 manus
3076 3466 3225 3512 tuas.
3261 3458 3350 3513 '52.
3396 3456 3525 3514 Haec
3560 3460 3692 3515 dicit

2106 3549 2375 3606 Dominus
2395 3548 2700 3606 Dominus:
2734 3550 2972 3605 Calicem
3026 3550 3233 3605 sororis
3287 3558 3393 3605 tua:
3424 3550 3600 3614 bibes,
3624 3550 3693 3617 (ι)

2107 3642 2459 3711 profundum,
2490 3650 2544 3696 et
2597 3641 2790 3705 latum,
2825 3644 2893 3711 Χ
2919 3651 2973 3696 et
3012 3642 3116 3696 erit
3165 3642 3221 3695 in
3259 3642 3524 3705 derisum.
3547 3651 3605 3698 et
3632 3643 3690 3697 in

2109 3731 2407 3787 ludibrium
2444 3733 2491 3800 ζ,
2526 3730 2895 3786 abundantem
2933 3729 3000 3785 ad
3021 3732 3401 3800 complendum
3454 3732 3693 3788 ebrieta-

2111 3833 2242 3888 tem,
2263 3823 2351 3878 55.
2370 3833 2425 3878 et
2445 3823 2808 3878 dissolutione
2830 3823 3155 3892 repieberis:
3176 3822 3399 3877 calicem
3420 3826 3485 3892 Χ
3499 3838 3694 3877 corru-

2111 3917 2396 3989 ptionis,et
2416 3919 2438 3985 ζ
2458 3917 2631 3981 exitii,
2650 3918 2876 3972 calicem
2888 3919 3094 3973 sororis
3108 3927 3213 3972 tua:
3233 3916 3518 3983 Samaria,
3533 3917 3622 3973 '54.
3637 3928 3693 3973 et

429 4010 743 4080 Babylonis,
773 4020 930 4065 terrae
951 4010 1354 4076 Chaldaeorum,
1390 4013 1627 4082 regionis
1665 4014 1807 4082 ejus.
1830 4013 1915 4068 16.
1948 4013 2013 4068 Et
2114 4008 2267 4063 bibes
2289 4024 2438 4075 eum,
2460 4010 2527 4076 χ(
2549 4008 2887 4077 etexprimes
2906 4025 3030 4064 eum
3068 4010 3114 4079 ζ,
3146 4009 3239 4079 (m)
3266 4022 3320 4063 et
3341 4008 3690 4073 festivitates,

429 4117 489 4157 se
518 4103 699 4171 posuit
736 4113 861 4173 post
887 4118 983 4159 eos
1013 4105 1067 4158 in
1102 4103 1362 4175 adspectu
1413 4106 1698 4159 oculorum
1743 4121 1967 4160 suorum
1996 4123 2010 4159 :

2114 4110 2167 4153 et
2185 4098 2461 4153 novilunia
2478 4098 2600 4168 ejus
2622 4107 2887 4163 avertam;
2908 4099 3033 4167 quia
3054 4114 3152 4168 ego
3174 4098 3385 4152 locutus
3405 4096 3693 4163 sum,dicit

430 4184 485 4269 et
510 4193 657 4248 misit
672 4194 891 4249 nuntios
911 4194 978 4249 ad
998 4210 1093 4250 eos
1115 4194 1168 4249 in
1188 4204 1389 4250 terram
1409 4194 1813 4250 Cltaldzeorum.
1840 4196 1926 4251 17.
1949 4196 2016 4250 Et
2115 4192 2326 4247 Adonai
2351 4189 2631 4246 Dominus.
2654 4191 2743 4246 55.
2775 4189 3003 4259 Propter
3035 4190 3137 4245 hoc
3170 4191 3285 4245 haec
3314 4190 3449 4245 dicit
3470 4190 3688 4244 Adouai

429 4294 694 4339 venerunt
727 4284 793 4338 ad
828 4300 947 4339 eam
1006 4284 1101 4338 filii
1134 4284 1456 4356 Babylonis,
1490 4284 1556 4338 ad
1590 4285 1772 4339 cubile
1831 4286 2015 4340 diver-

2120 4281 2413 4337 Domiuus:
2437 4278 2547 4334 Pro
2562 4295 2630 4335 eo
2644 4279 2787 4349 quod
2814 4279 2980 4334 oblita
3008 4294 3067 4333 es
3086 4278 3212 4344 mei,
3244 4277 3586 4347 etprojecisti
3606 4292 3695 4331 me

431 4375 682 4439 tentium,
706 4384 758 4430 et
785 4375 1099 4445 polluebant
1135 4391 1255 4429 eam
1290 4376 1342 4430 in
1378 4375 1739 4431 fornicatione
1772 4376 1911 4446 ejus,
1935 4377 2008 4447 (ὁ)
2039 4395 2086 4453 ι)
2120 4384 2244 4443 post
2274 4387 2471 4442 corpus
2500 4381 2672 4439 tuum,
2698 4383 2753 4427 et
2781 4379 2838 4425 tu
2864 4372 2941 4442 (η)
2965 4371 3494 4442 accipeimpietatcm
3513 4379 3693 4435 tuam,

430 4477 486 4543 et
514 4466 717 4537 polluta
751 4466 915 4522 estin
946 4467 1046 4529 cis.
1078 4474 1134 4521 et
1178 4466 1405 4522 recessit
1432 4467 1613 4522 anima
1640 4467 1762 4538 ejus
1785 4470 1853 4521 ab
1880 4467 2005 4523 illis.

433 4560 522 4638 18.
557 4558 622 4612 Et
648 4560 844 4614 retexit
870 4559 1279 4614 fornicationem
1306 4575 1485 4624 suam,
1527 4568 1582 4614 et
1610 4560 1809 4615 retexit
1838 4561 2011 4631 pudo-

434 4666 570 4706 rem.
608 4649 675 4705 Et
707 4651 932 4706 recessit
960 4651 1141 4704 anima
1173 4666 1293 4705 mea
1323 4650 1393 4704 ab
1422 4666 1511 4716 ea,
1544 4652 2008 4721 quemadmodum

433 4743 662 4799 recessit
680 4743 865 4798 anima
898 4759 1018 4798 mea
1053 4758 1083 4796 a
1109 4758 1295 4798 sorore
1331 4742 1471 4813 ejus.
1506 4741 1596 4797 19.
1639 4744 1707 4798 Et
1745 4744 2011 4813 multipli-

434 4835 570 4890 casti
602 4834 1012 4891 fornicationem
1044 4844 1215 4898 tuam,
1257 4835 1329 4903 (c)
1362 4834 1427 4889 ad
1464 4832 1862 4889 recordandum
1891 4835 2010 4890 dics

435 4925 815 4981 adolescentia:
840 4936 967 4990 tute,
997 4925 1051 4979 in
1080 4925 1279 4994 quibus
1298 4923 1561 4978 fornicata
1575 4939 1634 4977 es
1658 4925 1710 4977 in
1738 4922 1973 4995 JEgypto
1998 4942 2010 4978 :

510 5037 585 5107 (ρ)
622 5034 705 5099 8.,
740 5045 795 5091 et
820 5035 893 5090 ibi
928 5035 1301 5107 adoleverunt.

438 5105 525 5175 (ni
552 5107 847 5169 Fecerunt.
914 5108 993 5177 (τε)
1031 5106 1117 5171 8.,
1175 5107 1518 5175 compositis.
1596 5107 1672 5175 (y)
1707 5105 1791 5169 8.,

438 5178 515 5245 (τι)
559 5178 641 5248 8.,
704 5178 997 5248 adspectus
1034 5186 1312 5248 ternorum
1350 5187 1639 5231 staturum.

1381 5036 1461 5112 (q)_
1495 5034 1578 5101 8.,
1603 5045 1662 5112 et
1688 5052 1746 5112 se
1769 5036 1978 5112 effudit.
2030 5039 2129 5112 _(r)
2161 5036 2312 5105 Ejus.

1849 5108 1901 5160 in
1961 5108 2258 5165 coluribus.

1772 5177 1844 5248 (ὁ)
1885 5177 1969 5241 8.,
2002 5191 2057 5235 et
2086 5181 2340 5245 decerpta
2375 5184 2477 5229 est.

2116 4474 2172 4521 et
2210 4464 2626 4519 fornicationem
2680 4475 2856 4520 tuam.
2914 4463 3001 4518 56.
3058 4461 3122 4516 Et
3158 4462 3295 4516 dixit
3335 4462 3603 4517 Dominus
3622 4462 3691 4517 ad

2119 4575 2245 4613 me:
2278 4558 2378 4612 Fili
2405 4557 2666 4621 hominis,
2688 4556 2763 4627 (ο)
2795 4556 2840 4610 si
2864 4555 3137 4625 judicabis
3166 4554 3393 4610 Obolam
3427 4565 3484 4611 et
3506 4556 3694 4610 Oholi-

2120 4645 2269 4709 bam,
2311 4655 2366 4699 et
2425 4644 2772 4698 annuntiabis
2824 4645 2904 4699 eis
2952 4645 3273 4714 iniquitates
3321 4661 3555 4710 earum;
3598 4645 3693 4700 57.

2121 4738 2248 4807 quia
2282 4737 2723 4799 machabautnr,
2758 4745 2812 4790 et
2839 4735 3061 4806 sanguis
3098 4736 3150 4789 in
3194 4737 3447 4792 manibus
3478 4753 3692 4805 earum,

2117 4830 2191 4901 (ρ)
2223 4838 2278 4885 et
2325 4827 2675 4899 cogitationes
2727 4844 2912 4882 earum
2974 4827 3404 4893 moecbabantur,
3456 4836 3512 4883 et
3553 4829 3698 4884 ﬁlios

2121 4938 2276 4987 suos,
2311 4936 2451 4991 quos
2476 4930 2804 4991 pepererunt
2823 4920 2975 4982 mihi,
2996 4919 3352 4975 traducebant
3370 4936 3465 4990 per
3488 4921 3700 4992 ignem,

2404 5032 2473 5099 (ε)
2502 5033 2587 5097 8.,
2629 5033 2753 5097 Th.,
2781 5034 3025 5101 virgines
3048 5033 3191 5102 ejus.
3305 5034 3370 5103 (ι)
3394 5032 3694 5092 Pudorem.

2341 5103 2522 5173 (5)8,
2574 5107 2840 5159 velamen.
2886 5103 3007 5169 Th.,
3054 5114 3109 5158 et
3149 5105 3359 5160 cidares
3390 5104 3691 5160 inclinatas.

2594 5175 2676 5245 '(c)
2708 5174 2794 5237 8.,
2828 5190 2923 5245 per
2971 5174 3024 5227 id
3082 5176 3227 5244 quod
3276 5175 3562 5229 recordata
3590 5176 3692 5231 sis.

437 5244 519 5315 (ά)
550 5246 633 5313 8.,
667 5257 722 5302 et
745 5255 795 5301 te
809 5244 1131 5303 eﬂ'tttidebas
1158 5246 1223 5300 ad
1252 5262 1415 5315 opera
1446 5262 1660 5301 eorum.
1694 5244 1899 5308 Th.,'et
1935 5249 2224 5305 subsiliisti
2258 5244 2425 5316 super
2453 5244 2664 5316 electos
2686 5244 2901 5299 eorum.
2932 5314 2939 5316 Α
2979 5244 3048 5315 (e)
3071 5245 3158 5308 8.,
3195 5246 3692 5316 abominationem.

467 5319 510 5384 f)
536 5317 625 5388 8.,
654 5322 1109 5388 quandocumque
1126 5317 1462 5371 adoleverint
1485 5318 1553 5372 (10
1582 5316 1818 5388 Egypto
1856 5319 2000 5373 nutri

2131 5328 2257 5372 tua}.

2357 5314 2432 5385 (g)
2470 5314 2810 5385 Consument
2842 5315 2894 5369 in
2929 5313 3073 5385 igne.
3150 5318 3227 5383 (It)
3258 5313 3345 5377 8.,
3382 5324 3435 5369 et
3466 5329 3697 5369 cessare

437 5320 510 5442 ν)
540 5320 625 5380 8.,
654 5322 1109 5388 quandocumque
1126 5320 1462 5371 adoleverint
1485 5320 1553 5372 (10
1582 5320 1818 5387 Egypto
1856 5320 2102 5374 nutrices
2131 5328 2257 5372 tute.
2357 5320 2432 5385 (g)
2470 5320 2810 5369 Consument
2842 5320 2894 5369 in
2929 5320 3073 5385 igne.
3150 5320 3227 5383 (It)
3258 5320 3345 5377 8.,
3382 5324 3435 5369 et
3466 5329 3697 5369 cessare

465 5387 636 5442 aciam
681 5389 1341 5460 abontinatioucmtuam
1378 5403 1408 5440 a
1442 5397 1512 5460 te.
1573 5388 1653 5460 ti)
1680 5374 1762 5453 8.,
1795 5404 1937 5452 eam,
1968 5406 2093 5460 qua:
2113 5390 2181 5443 de
2203 5399 2375 5460 terra.
2453 5384 2525 5455 (k)
2554 5384 2634 5460 8.,
2664 5393 2719 5439 et
2758 5386 3097 5439 abominatio
3146 5395 3258 5449 tua,
3286 5394 3345 5460 et
3402 5386 3697 5460 fornicatio

442 5468 534 5529 tua
558 5475 577 5529 γε
606 5469 767 5514 erunt
804 5460 917 5514 htec
949 5458 1064 5513 tibi.
1146 5456 1206 5526 (ι)
1241 5456 1327 5522 8.,
1355 5456 1647 5529 profunda,
1670 5468 1725 5513 et
1749 5456 2014 5529 spatiosa}
2053 5460 2165 5515 eris
2200 5458 2255 5512 in
2288 5457 2483 5529 risum,
2514 5465 2568 5509 ct
2589 5458 2642 5529 in
2669 5471 2999 5529 sermonem,
3030 5470 3153 5525 qum
3182 5456 3387 5529 multos
3408 5457 3688 5529 contines.

443 5525 738 5593 Ebrietate,
768 5538 824 5583 et
856 5545 961 5583 non
1014 5525 1298 5583 curatione
1330 5525 1647 5598 repleberis.

443 5598 614 5663 labis;
672 5599 802 5668 quia
858 5614 959 5667 ego
1016 5600 1232 5656 locutus
1261 5614 1404 5655 sunt.

443 5682 545 5721 sua
583 5670 1013 5724 mtecltabantnr.

1512 5600 1589 5672 (η)
1622 5598 1707 5665 8.,
1741 5598 1897 5671 porta
1935 5599 2397 5656 abmninationem
2421 5606 2593 5651 tuam.

1755 5526 1850 5599 (in)
1881 5529 1966 5592 8..
2005 5538 2060 5584 et
2099 5539 2268 5583 testas
2293 5526 2411 5597 ejus
2451 5526 2723 5587 comedcs,
2751 5526 2892 5599 sicut
2917 5542 3061 5591 ossa,
3092 5536 3144 5579 et
3177 5527 3341 5599 ubera
3394 5537 3497 5599 tua_
3534 5526 3696 5599 depi-

2701 5598 2776 5665 (ο)
2804 5596 3012 5652 Nonne.
3126 5596 3199 5666 (μ)
3231 5593 3314 5663 8.,
3350 5606 3403 5651 et
3432 5595 3502 5651 ad
3547 5593 3697 5651 idola
