3864 6220
489 312 631 373 2⁵727

492 429 546 483 in
588 430 847 497 iniustitia
889 440 1066 486 vestra
1102 433 1163 503 (ἰ)
1213 432 1286 505 (k)
1335 444 1385 489 et
1433 434 1852 490 consolabimini
1886 448 2057 488 unus-r
2085 433 2130 491 Δ

491 520 725 588 quisque
766 518 985 573 fratrem
1028 536 1210 575 suum.
1260 522 1349 576 21.
1392 521 1457 576 Et
1495 522 1597 576 erit
1627 520 1867 575 llezeciel
1906 518 2058 573 vobis

493 612 545 664 in
577 620 885 681 portentum
911 630 925 667 :
950 612 1247 668 secundum
1273 615 1478 681 omnia,
1499 630 1617 684 qua:
1644 613 1790 677 fecit,
1825 610 2056 676 facietis,

490 719 615 758 cum
666 704 913 758 verterint
969 706 1101 770 haec,
1152 716 1206 761 et
1243 708 1603 776 cognosretis,
1658 708 1914 776 quoniam
1958 719 2060 777 ego

489 795 700 849 Adonai
732 795 1019 851 Dominus.
1054 797 1144 852 25.
1178 797 1246 851 Ει
1270 807 1349 863 ιιι,
1385 799 1459 853 fili
1492 799 1751 865 hominis,
1788 813 1970 854 nonne
2003 799 2058 853 in

490 885 599 948 die,
645 888 863 957 quando
906 904 1156 944 sumsere
1203 890 1366 945 robur
1388 892 1454 959 3a:
1486 906 1674 945 eorum
1710 892 1732 960 ζ
1764 890 1832 944 ab
1861 891 1963 955 eis,
2006 898 2061 946 et

490 977 779 1031 elationem
829 979 1169 1048 gloriationis
1197 995 1409 1044 eorum,
1451 980 1829 1035 desiderabilia
1875 979 2059 1035 oculo-

490 1083 613 1126 rum
675 1084 891 1134 eorum,
943 1079 997 1125 et
1052 1071 1340 1130 elationem
1395 1072 1586 1126 anima:
1639 1088 1853 1134 eorum,
1917 1072 2058 1128 ﬁlios

488 1172 703 1219 eorum,
752 1169 804 1215 et
851 1160 989 1215 tilias
1024 1176 1236 1226 eorum,
1266 1161 1357 1216 26.
1392 1162 1444 1216 in
1484 1162 1572 1216 die
1605 1162 1699 1217 illo
1731 1163 1927 1227 veniet,
1963 1165 2057 1234 qui

491 1249 675 1303 salvus
702 1248 877 1307 factus
906 1251 1087 1315 fuerit,
1135 1253 1201 1308 ad
1249 1263 1320 1319 te,
1372 1263 1433 1308 ut
1481 1254 1627 1313 dicat
1655 1254 1750 1313 tibi
1793 1255 1846 1309 in
1897 1270 2059 1311 aures

489 1341 653 1394 tuas?
679 1338 767 1397 27.
802 1340 858 1398 In
888 1343 975 1398 die
1001 1344 1093 1399 illo
1117 1347 1389 1414 aperietur
1417 1362 1479 1401 os
1510 1356 1661 1403 tuum
1695 1348 1763 1404 ad
1787 1363 1930 1413 eum,
1963 1348 2057 1418 qui

490 1431 674 1487 salvus
715 1432 890 1492 factus
925 1434 1104 1500 fuerit,
1151 1446 1204 1491 et
1257 1436 1518 1507 loqueris,
1572 1455 1671 1495 nec
1716 1439 2060 1498 obmutesces

489 1524 741 1592 amplius,
796 1528 986 1583 cteris
1032 1529 1113 1584 eis
1153 1530 1205 1587 in
1252 1540 1581 1602 portentum,
1615 1542 1671 1589 et
1706 1543 2057 1604 cognoscent,

489 1615 746 1683 qumiiam
781 1634 882 1688 ego
921 1618 1201 1681 Dominus.

559 1702 711 1761 CAP.
745 1706 910 1765 xxv.
928 1741 997 1751 —
1018 1710 1064 1765 ι.
1091 1688 1430 1782 διιρρτἰιιίοε
1462 1713 1715 1773 Ammon.
1761 1713 1826 1768 Et
1853 1712 2054 1768 factum

490 1804 572 1848 est
598 1798 820 1854 verbum
869 1799 1086 1855 Domini
1128 1776 1195 1857 ad
1244 1819 1350 1871 me,
1390 1805 1578 1861 dicens
1612 1824 1625 1861 :
1656 1805 1711 1865 2,
1748 1804 1850 1866 Fili
1880 1807 2057 1861 homi-
2088 1776 2130 1833 Β

492 1887 600 1949 nis,
628 1889 853 1944 obﬁrma
888 1891 1077 1953 faciem
1123 1904 1269 1955 tuam
1302 1911 1466 1965 super
1510 1896 1651 1953 ﬁlios
1695 1899 1949 1964 Ammon,
2004 1906 2060 1953 et

490 1976 751 2043 propheta
798 1996 963 2050 super
1003 1997 1130 2049 eos,
1191 1984 1243 2038 5.
1300 1995 1354 2041 et
1400 1986 1550 2046 dices
1594 1987 1719 2049 ﬁliis
1773 1991 2056 2045 Ammon:

487 2066 686 2122 Audite
724 2070 951 2126 verbum
983 2074 1193 2130 Adonai
1223 2076 1439 2132 Domini
1472 2097 1485 2133 :
1523 2079 1639 2139 hare
1678 2081 1811 2137 dicit
1848 2082 2056 2141 Adonai

490 2155 753 2216 Dominus
781 2161 875 2231 (l):
908 2162 1014 2219 Pro
1041 2181 1108 2221 eo
1130 2168 1275 2236 quod
1305 2169 1479 2238 gavisi
1507 2172 1641 2228 estis
1669 2189 1831 2244 super
1857 2174 2055 2230 Sancta

487 2264 629 2317 mea,
661 2252 807 2321 quod
840 2256 1124 2324 profanata
1176 2270 1325 2324 sunt,
1360 2271 1413 2315 et
1456 2277 1619 2333 super
1649 2273 1848 2322 terram
1879 2266 2058 2325 Israe-

487 2341 577 2406 lis,
600 2344 745 2413 quod
769 2345 1011 2402 desolata
1040 2360 1145 2414 est,
1180 2361 1234 2406 et
1267 2368 1431 2423 super
1459 2355 1678 2410 domum
1707 2355 1880 2423 Iudae,
1911 2362 2056 2430 quod

486 2434 737 2493 abii-runt
782 2438 834 2493 in
874 2441 1214 2511 captivitate;
1264 2443 1317 2498 4.
1360 2459 1582 2517 pr0pter
1632 2448 1737 2504 hoc
1784 2466 1910 2507 ecce
1957 2469 2057 2523 ego

487 2528 645 2586 trado
671 2545 769 2585 vos
802 2533 898 2600 (m)
941 2536 1065 2593 ﬁliis
1097 2538 1296 2595 Cedem
1336 2541 1389 2595 in
1429 2541 1820 2615 haereditatem,
1874 2558 1927 2603 et
1959 2564 2056 2604 ca-

488 2623 963 2681 stramelabuntur
988 2627 1040 2682 in
1078 2631 1414 2700 supellectile
1448 2650 1546 2690 sua
1582 2636 1636 2690 in
1663 2645 1736 2705 te,
1763 2649 1818 2694 et
1850 2640 2058 2699 dabunt

484 2712 543 2767 in
579 2722 631 2767 te
678 2716 908 2772 tentoria
958 2735 1057 2779 sua
1092 2738 1106 2776 :
1142 2722 1233 2777 isti
1271 2729 1557 2783 comedent
1587 2728 1802 2787 fructus
1829 2740 1974 2801 tuos,
2003 2746 2057 2791 et

487 2804 578 2864 isti
610 2804 793 2861 bibent
818 2808 1030 2879 adipem
1057 2823 1227 2869 tuam.
1257 2814 1311 2869 5.
1345 2814 1411 2871 Et
1441 2818 1582 2873 dabo
1611 2820 1798 2877 urbem
1820 2824 2055 2879 Ammon

486 2898 540 2950 in
568 2914 830 2968 pascuum
851 2904 1209 2970 camelorum,
1231 2916 1283 2962 et
1298 2907 1436 2965 ﬁlios
1466 2910 1699 2967 Ammon
1721 2913 1773 2967 in
1791 2930 2054 2985 pascuum

484 2989 694 3056 ovium,
735 3000 788 3048 et
821 2997 1182 3067 cognoscetis,
1223 2998 1350 3068 quia
1396 3016 1497 3071 ego
1524 3000 1735 3058 Adonai
1767 3004 2052 3061 Dominus.

484 3080 538 3135 6.
571 3080 709 3148 Quia
741 3083 857 3143 hac
902 3084 1032 3140 dicit
1077 3086 1287 3142 Adonai
1317 3088 1579 3148 Dominus
1612 3111 1626 3148 :
1659 3092 1766 3148 Pro
1810 3110 1877 3150 eo
1908 3097 2052 3167 quod
2081 3104 2128 3168 (ζ

484 3173 734 3242 plausisti
767 3191 931 3230 manu
957 3186 1069 3244 tua,
1098 3187 1153 3234 et
1185 3181 1464 3251 strepuisti
1496 3183 1632 3253 pede
1654 3194 1767 3249 tuo,
1798 3194 1853 3241 et
1873 3187 2057 3257 gavisa

485 3280 547 3320 es
581 3281 646 3320 ex
670 3268 854 3323 anima
883 3277 975 3326 tua
1006 3286 1174 3341 super
1205 3280 1407 3328 terram
1434 3272 1694 3344 lsraelis;
1743 3277 1795 3332 7.
1834 3290 2058 3352 propter

486 3357 590 3413 hoc
610 3362 677 3426 >ί<
695 3374 823 3417 ecce
851 3376 950 3430 ego
978 3360 1000 3429 ζ
1027 3364 1314 3426 extendam
1343 3380 1564 3421 manum
1590 3383 1763 3424 meam
1795 3386 1958 3445 super
1982 3383 2055 3439 te,

482 3455 538 3501 et
575 3445 718 3502 dabo
748 3458 800 3503 te
828 3449 882 3503 in
912 3450 1270 3520 direptionem
1312 3452 1365 3507 in
1393 3456 1668 3527 gentibus,
1697 3466 1751 3513 et
1777 3459 1967 3515 delebo
2007 3470 2060 3515 te

483 3557 549 3595 ex
584 3543 821 3612 populis,
856 3554 912 3598 et
945 3544 1167 3614 perdam
1208 3552 1263 3601 te
1306 3562 1339 3602 e
1383 3548 1699 3618 regionibus
1731 3551 2055 3625 perditione,

483 3643 539 3687 et
573 3637 937 3699 cognoscetis,
981 3637 1111 3707 quia
1142 3651 1243 3707 ego
1287 3636 1573 3698 Dominus.
1606 3640 1661 3699 8.
1700 3640 1874 3711 Super
1903 3643 2058 3703 Moab

482 3729 539 3774 et
580 3722 722 3775 Seir.
759 3718 884 3777 [hee
911 3722 1044 3778 dicit
1078 3724 1283 3782 Adonai
1319 3724 1581 3785 Dominus
1613 3744 1629 3781 :
1659 3727 1767 3784 Pro
1802 3746 1867 3786 eo
1910 3734 2057 3803 quod

481 3810 619 3865 dixit
676 3809 855 3874 Moab,
903 3815 972 3883 χ
1016 3824 1068 3868 et
1113 3813 1232 3869 Seir
1263 3815 1333 3884 3:
1384 3815 1548 3886 Ecce,
1598 3821 2056 3890 quemadmodum

482 3914 675 3955 omnes
700 3913 906 3971 gentes,
935 3906 1127 3959 domus
1147 3919 1211 3964 σιμ
1235 3903 1448 3962 lsraelis
1482 3917 1537 3970 et
1560 3907 1729 3966 Iuda).
1760 3911 1813 3967 9.
1833 3910 2059 3987 Propter

482 3991 589 4045 hoc
618 4008 744 4048 ecce
777 4009 876 4061 ego
903 3994 1144 4050 dissolvo
1192 3997 1481 4054 humerum
1520 4001 1676 4057 Moab
1712 4020 1779 4058 ex
1830 4006 2056 4064 urbibus

479 4097 851 4140 extremarum
903 4088 1253 4147 altitudinum
1321 4090 1462 4161 ejus,
1529 4102 1727 4149 terram
1789 4096 2054 4166 electam,

480 4178 705 4233 domum
753 4177 886 4234 Beth
935 4182 1186 4243 Asimuth
1238 4199 1403 4254 super
1461 4183 1668 4241 fontem
1707 4188 1881 4253 urbis,
1935 4207 2058 4262 quae

481 4272 622 4340 apud
653 4287 802 4326 mare
834 4291 847 4327 :
879 4272 962 4327 l0.
1009 4274 1146 4330 ﬁlios
1186 4273 1386 4330 Cedem
1436 4292 1602 4348 super
1635 4280 1775 4336 ﬁlios
1821 4282 2056 4343 Ammon

478 4363 603 4417 dedi
655 4364 705 4418 ei
745 4364 824 4435 (η)
870 4366 924 4420 in
971 4367 1362 4434 haereditatem,
1424 4378 1484 4422 ut
1521 4385 1627 4424 non
1683 4373 1944 4429 memoria
1985 4375 2057 4431 sit

1541 317 1767 374 CODEX
1812 312 2606 375 SYRIACO-HEXAPLABIS.

3580 308 3713 366 2728

2158 429 2451 487 ldummam
2488 432 2543 487 in
2578 447 2739 487 manu
2774 430 2956 503 popull
3003 427 3107 485 mei
3134 425 3346 484 Israelis
3383 444 3396 484 :
3432 435 3483 481 et
3523 425 3714 481 facient

2159 524 2213 578 iu
2263 523 2495 580 Idumam
2545 525 2697 596 juxta
2754 524 2892 578 iram
2943 536 3141 589 meam,
3183 531 3238 576 et
3277 520 3433 589 juxta
3480 518 3711 572 furorem

2156 630 2361 681 meum,
2392 625 2446 671 et
2472 624 2802 687 cognoscent
2831 616 3090 670 ultionem
3122 628 3318 678 meam,
3344 612 3477 666 dicit
3515 609 3715 663 Adonai

2157 704 2443 761 Dominus.
2490 706 2577 761 15.
2612 706 2788 773 Super
2819 705 3171 776 alienigenas.
3199 702 3427 773 Propter
3465 704 3570 757 hoe
3607 702 3719 755 lucc

2156 794 2291 849 dicit
2329 796 2539 851 Adonai
2566 796 2828 852 Dominus
2863 814 2876 850 :
2908 794 3014 850 Pro
3051 809 3117 850 eo
3144 794 3286 864 quod
3313 793 3553 848 fecerunt
3586 792 3719 845 alic-

2157 886 2368 957 nigenae
2389 888 2441 941 in
2469 887 2695 953 ultione,
2720 896 2776 942 et
2795 887 3103 941 excitarunt
3124 885 3401 947 ultionem,
3428 882 3723 953 gaudentes

2156 994 2219 1035 ex
2253 980 2458 1045 anima,
2513 979 2586 1051 (ο)
2639 987 2698 1033 ιιι
2741 978 2981 1033 delerent
3009 991 3183 1047 usque
3209 975 3262 1029 in
3292 984 3587 1039 internum;
3630 970 3719 1025 16.

2157 1080 2374 1143 propter
2400 1072 2504 1128 hoc
2531 1071 2645 1127 hzec
2678 1070 2811 1126 dicit
2839 1067 3048 1123 Adonai
3098 1066 3360 1122 Dominus
3396 1083 3409 1119 :
3446 1063 3583 1118 Ecce
3624 1077 3727 1134 ego

2157 1162 2392 1217 extendo
2424 1177 2645 1217 manum
2674 1176 2849 1216 meam
2897 1174 3063 1229 super
3105 1158 3457 1227 alienigenas,
3491 1162 3547 1207 et
3587 1168 3726 1223 pes-

2159 1253 2410 1308 sundabo
2442 1253 2518 1323 (ρ)
2552 1250 2859 1318 Cretenses,
2883 1260 2938 1305 et
2971 1250 3188 1320 perdam
3221 1247 3545 1317 reliquos-t-
3567 1243 3726 1298 habi-

2158 1353 2337 1399 tantes
2365 1344 2387 1413 ζ
2418 1359 2582 1414 super
2623 1359 2721 1398 ora
2779 1342 3009 1397 marina.
3050 1340 3138 1395 17.
3182 1338 3249 1394 Ει
3284 1337 3482 1394 faciant
3535 1337 3589 1391 in
3645 1336 3729 1390 eis

2160 1436 2394 1490 ultiones
2424 1450 2652 1506 magnas
2672 1434 2811 1503 )(in
2843 1430 3316 1501 redargutionihus
3346 1428 3549 1483 furoris
3577 1428 3599 1496 ζ
3629 1467 3644 1491 ,
3674 1438 3731 1481 et

2160 1536 2506 1598 cognoscent,
2536 1526 2661 1597 quia
2692 1541 2791 1595 ego
2815 1524 3026 1579 Adonai
3053 1521 3334 1585 Dominus,
3368 1535 3492 1575 cum
3526 1519 3731 1573 dedero

2160 1620 2422 1675 ultionem
2458 1634 2633 1673 meam
2662 1632 2825 1687 super
2844 1631 2961 1671 eos.

2229 1710 2383 1767 CAP.
2434 1708 2779 1765 κιαι-ι.
2826 1705 3004 1779 Super
3041 1704 3266 1778 Tyrum,
3310 1703 3378 1758 Et
3410 1701 3615 1757 factum
3648 1710 3734 1755 est

2159 1803 2213 1859 in
2245 1817 2390 1859 anno
2418 1801 2728 1866 undecimo,
2760 1815 2868 1854 uno
2896 1798 3121 1863 mensis,
3172 1795 3371 1852 factum
3398 1801 3480 1850 est
3504 1792 3733 1848 verbum

2161 1895 2375 1951 Domini
2422 1896 2489 1950 ad
2535 1910 2643 1960 me,
2691 1894 2881 1948 dicens
2914 1910 2927 1946 :
2956 1890 3013 1946 2.
3061 1889 3165 1945 Fili
3211 1887 3493 1943 hominis:
3523 1900 3628 1957 pro
3668 1900 3733 1939 eo

2159 1990 2305 2061 quod
2335 1990 2472 2045 dixit
2500 1987 2676 2060 Tyrus
2708 2002 2872 2056 super
2889 1982 3190 2040 Jerusalem
3229 2000 3243 2036 :
3275 1979 3381 2043 Ah,
3414 1979 3574 2041 bene,
3600 1991 3734 2042 eous

2159 2084 2333 2141 fracta
2356 2093 2457 2150 est,
2488 2083 2668 2156 periit,
2701 2090 2891 2154 gentes
2916 2092 3195 2136 conversa:
3216 2085 3344 2130 sunt
3374 2073 3441 2128 ad
3469 2089 3577 2137 me,
3611 2086 3734 2142 qua

2158 2177 2338 2246 plena,
2365 2175 2579 2230 deserta
2602 2183 2683 2228 est
2707 2191 2722 2241 ;
2754 2172 2808 2227 5.
2837 2182 3058 2244 propter
3085 2169 3189 2223 hoc
3218 2167 3334 2221 haec
3359 2163 3491 2219 dicit
3516 2164 3729 2217 Adonai

2158 2270 2427 2327 Dominus
2455 2288 2468 2325 :
2502 2269 2570 2337 Ἀ(
2596 2265 2734 2321 Ecce
2761 2279 2863 2335 ego
2892 2265 2916 2332 ζ
2948 2263 3113 2333 super
3149 2271 3222 2325 te,
3254 2258 3415 2333 Tyre,
3454 2268 3511 2314 et
3535 2272 3732 2313 ascen-

2157 2364 2285 2420 dere
2320 2362 2516 2419 faciam
2545 2374 2711 2430 super
2745 2367 2796 2413 te
2835 2363 3022 2428 gentes
3059 2352 3280 2419 multas,
3315 2351 3454 2407 sicut
3485 2348 3731 2405 ascendit

2157 2467 2307 2506 mare
2337 2451 2390 2505 in
2418 2448 2675 2504 ﬂuctibus
2699 2446 2832 2501 suis.
2875 2445 2929 2500 4.
2971 2441 3038 2498 Ει
3075 2441 3331 2511 dejicient
3361 2454 3552 2494 muros
3581 2436 3731 2509 Tyri,

2155 2552 2209 2597 et
2239 2540 2495 2611 dejicient
2524 2547 2703 2593 turres
2735 2546 2856 2591 tuas
2887 2553 2900 2590 :
2934 2544 2989 2589 et
3010 2530 3287 2587 ventilabo
3309 2528 3588 2599 pulverem
3612 2525 3733 2595 ejus

2156 2634 2225 2690 de
2256 2650 2342 2697 ea,
2381 2641 2436 2688 et
2460 2631 2602 2687 dabo
2626 2644 2746 2685 eam
2783 2628 2836 2683 in
2863 2634 3077 2697 petram
3113 2623 3323 2678 lavem.
3356 2620 3409 2675 5.
3457 2616 3736 2686 Expansio

2158 2726 2355 2782 retium
2393 2724 2498 2780 erit
2527 2724 2580 2778 iu
2605 2721 2785 2777 medio
2819 2718 3018 2783 maris;
3060 2716 3189 2787 quia
3216 2728 3322 2785 ego
3339 2712 3554 2767 locutus
3586 2723 3730 2773 sum,

2156 2816 2289 2871 dicit
2330 2813 2594 2869 Dominus
2650 2809 2917 2865 Dominus
2956 2825 2971 2862 :
3004 2815 3059 2861 et
3102 2804 3210 2860 erit
3266 2804 3322 2858 in
3369 2799 3733 2871 direptionem

2156 2906 2407 2977 gentibus
2439 2923 2453 2960 :
2485 2904 2536 2959 6.
2566 2906 2633 2971 κ(
2657 2912 2710 2957 et
2733 2901 2858 2956 ﬁliae
2888 2899 3008 2970 ejus
3050 2898 3135 2953 be
3178 2898 3227 2967 ζ,
3279 2908 3402 2965 quae
3426 2893 3479 2948 in
3512 2904 3733 2960 campo.

2156 2999 2337 3070 gladio
2382 2996 2717 3059 occidentur,
2783 3002 2836 3048 et
2877 2992 3086 3057 scient,
3136 2988 3264 3060 quia
3303 3000 3404 3059 ego
3443 2983 3737 3039 Dominus.

2160 3086 2212 3142 7.
2272 3085 2411 3153 Quia
2469 3086 2584 3140 haec
2627 3084 2759 3139 dicit
2817 3081 3025 3136 Adonai
3082 3077 3344 3133 Dominus
3390 3093 3406 3132 :
3450 3089 3580 3130 ecce
3634 3088 3741 3142 ego

2160 3176 2372 3233 adduco
2413 3193 2578 3246 super
2617 3185 2688 3240 te,
2729 3174 2891 3246 Tyre,
2917 3170 3511 3227 Nabuchodonoson
3547 3180 3737 3236 regem

2159 3267 2453 3341 Babylonis
2486 3268 2555 3322 ab
2584 3267 2858 3338 aquilone,
2893 3279 2985 3318 rex
3025 3277 3211 3333 regum
3250 3269 3353 3325 est,
3379 3274 3505 3315 cum
3550 3258 3741 3328 equis.

2159 3370 2214 3415 et
2253 3358 2527 3423 curribus,
2560 3366 2618 3411 et
2650 3355 2948 3426 equitibus,
2989 3362 3043 3408 et
3087 3358 3230 3408 emtu
3262 3350 3505 3422 gentium
3532 3350 3743 3405 multa-

2160 3466 2286 3506 rum
2312 3465 2372 3506 -ιν
2396 3450 2551 3505 valde
2584 3450 2633 3520 ζ.
2680 3448 2732 3503 8.
2788 3445 2889 3502 Hic
2921 3445 3062 3502 ﬁlias
3087 3453 3229 3510 tuas,
3265 3458 3389 3513 qua:
3419 3442 3473 3496 iu
3514 3455 3743 3510 campo,

2159 3544 2341 3616 gladio
2370 3542 2603 3607 occidet,
2635 3549 2690 3596 et
2720 3538 2870 3594 dabit
2915 3552 3079 3608 super
3120 3545 3174 3591 te
3196 3548 3260 3591 -t-
3285 3533 3544 3590 excubias
3572 3534 3596 3602 ζ
3626 3572 3643 3598 ,
3686 3542 3750 3587 et

2158 3634 2448 3690 asdilicabit
2478 3633 2622 3689 circa
2673 3642 2747 3697 te,
2783 3640 2838 3687 et
2878 3630 3043 3685 faciet
3089 3642 3256 3699 super
3306 3635 3359 3681 te
3393 3627 3447 3680 in
3498 3624 3745 3680 circuitu

2159 3725 2387 3793 fossam,
2443 3737 2499 3781 et
2538 3722 2950 3780 tumultuariam
2992 3721 3279 3777 stationem
3323 3732 3630 3783 armorum,
3686 3725 3751 3771 et

2158 3817 2377 3873 lanceas
2406 3830 2536 3871 suas
2563 3824 2753 3870 contra
2778 3826 2830 3871 te
2853 3814 3022 3870 dabit.
3051 3813 3105 3868 9.
3144 3810 3329 3867 Muros
3356 3820 3498 3875 tuos,
3530 3820 3588 3865 et
3618 3819 3750 3864 tur-

2159 3925 2247 3965 res
2278 3916 2404 3964 tuas
2445 3907 2625 3962 diruet
2651 3907 2704 3961 in
2751 3906 2944 3977 gladiis
2989 3904 3123 3961 suis.
3159 3900 3247 3957 10.
3296 3901 3344 3956 Δ
3385 3899 3752 3958 multitudine

2159 4013 2427 4070 equorum
2491 3998 2611 4068 ejus
2663 3997 2869 4067 aperiet
2919 4004 2969 4050 te
3010 3994 3190 4065 pulvis
3248 4008 3437 4048 eorum
3474 4007 3549 4047 :a
3601 4005 3753 4045 voce

2157 4090 2404 4161 equitum
2432 4089 2575 4160 ejus,
2615 4098 2668 4144 et
2691 4098 2936 4143 rotarum
2973 4101 3236 4143 curruum
3259 4084 3381 4155 ejus
3406 4082 3751 4139 concutien-

2159 4194 2250 4238 tur
2298 4184 2442 4239 muri
2494 4183 2571 4238 tui
2601 4200 2615 4238 :
2645 4198 2771 4237 cum
2819 4180 3119 4253 ingreditur
3166 4190 3353 4249 portas
3401 4186 3548 4237 tuas.
3589 4175 3753 4230 sicut

2160 4277 2473 4348 ingrediens
2523 4277 2581 4332 in
2627 4276 2816 4331 urbem
2869 4290 2936 4330 ex
2990 4288 3202 4342 campo.
3263 4270 3352 4326 11.
3404 4267 3461 4324 In
3513 4268 3753 4337 ungulis

2157 4386 2423 4444 equorum
2455 4385 2679 4425 suorum
2710 4366 3113 4421 eoneulcabunt
3128 4379 3319 4418 omnes
3336 4361 3545 4433 plateas
3573 4370 3749 4416 tuas:

478 4456 714 4511 ﬁliorum
753 4457 987 4511 Ammon
1014 4460 1150 4526 Xin
1181 4462 1435 4530 gentibus
1465 4462 1487 4536 ζ
1523 4498 1539 4515 .
1569 4461 1653 4516 ll.
1696 4463 1764 4518 l-It
1797 4465 1850 4518 in
1892 4465 2053 4523 Moab
2088 4441 2134 4501 D
2159 4441 2419 4533 populum
2452 4471 2604 4516 tuum
2636 4459 2816 4530 gladio
2852 4458 3062 4514 occidet
3093 4475 3108 4513 :
3134 4466 3190 4511 et
3226 4455 3591 4511 substantiam
3624 4451 3757 4512 for-

478 4548 677 4603 l'aciam
719 4548 1004 4610 ultionem,
1038 4563 1088 4605 et
1124 4562 1475 4622 cognoscent,
1509 4555 1768 4625 quoniam
1811 4572 1912 4629 ego
1944 4557 2052 4614 Do-

477 4640 682 4698 minus.
714 4641 800 4695 12.
833 4640 1007 4711 Super
1032 4640 1344 4697 ldumzeam.
1374 4641 1499 4698 llaec
1528 4645 1660 4700 dicit
1697 4645 1909 4701 Adonai
1943 4647 2052 4702 Do-

478 4735 661 4794 minus
693 4750 705 4786 :
741 4731 845 4786 Pro
892 4749 959 4787 eo
1002 4734 1147 4803 quod
1194 4733 1323 4789 fecit
1354 4732 1607 4799 ldumasa,
1651 4752 1776 4792 cum
1817 4739 2051 4794 ulcisce-

476 4835 669 4879 rentur
715 4825 920 4879 ultione
962 4825 1016 4877 in
1059 4826 1281 4880 domum
1338 4825 1528 4894 Judae,
1580 4839 1633 4883 et
1676 4830 2052 4887 custodierunt

473 4915 1013 4981 excandescentiam,
1038 4929 1092 4971 et
1119 4918 1217 4971 ulti
1248 4929 1376 4973 sunt
1407 4921 1651 4987 ultione;
1699 4921 1785 4977 15.
1832 4932 2051 4993 propter

476 5008 580 5062 hoc
617 5010 730 5062 hzec
763 5009 892 5063 dicit
917 5009 1132 5064 Adonai
1168 5010 1430 5067 Dominus
1458 5030 1471 5067 :
1498 5010 1565 5066 Et
1604 5016 1889 5068 extendam
1934 5031 2053 5070 ma-

474 5114 605 5152 num
634 5114 810 5160 meam
846 5115 1009 5169 super
1054 5088 1365 5169 ldumavam,
1409 5114 1462 5158 et
1503 5107 1847 5173 pessundabo
1886 5106 1953 5161 de
1992 5124 2053 5161 ea

476 5190 753 5252 hominem
792 5199 847 5245 et
870 5190 1205 5261 jumentum,
1253 5204 1308 5248 et
1340 5210 1535 5263 ponam
1566 5212 1685 5251 eam
1724 5198 1995 5254 desertam
2035 5217 2049 5254 :

472 5280 529 5338 et
559 5297 622 5336 cx
661 5279 921 5336 Tlneman
967 5292 1022 5336 et
1073 5282 1255 5339 Dadan
1311 5288 1747 5356 persecutionem
1787 5290 2053 5361 patientes

474 5374 528 5434 in
567 5376 745 5443 gladio
776 5376 990 5430 cadent.
1022 5376 1108 5429 14.
1138 5377 1201 5432 Et
1232 5380 1374 5433 dabo
1402 5381 1656 5436 ultionem
1688 5399 1863 5439 meam
1891 5400 2055 5455 super

546 5578 609 5645 (ἰ)
634 5575 903 5654 Nec(hme
941 5595 1046 5635 vox
1092 5580 1160 5634 ad
1212 5591 1397 5654 notam
1430 5586 1677 5654 proxime

478 5648 637 5715 pictis
664 5650 1040 5718 unusquisque
1070 5666 1168 5718 per
1207 5648 1443 5707 fratrem'
1470 5672 1653 5710 suum.

1691 5589 2415 5710 Iprteeedentempertinere
2453 5584 2713 5653 videtur).
2790 5584 2865 5651 (It)
2906 5584 2991 5662 S_.,
3022 5588 3065 5660 et

1735 5659 1812 5710 lt..
1852 5668 1907 5710 et
1939 5669 2185 5710 ueniens-
2263 5658 2327 5710 (ll
2366 5655 2453 5710 8..
2480 5671 2577 5710 tiro
2601 5670 2667 5709 eo
2699 5652 2845 5710 quod
2883 5652 3065 5705 dixisti

1735 5659 1812 5734 (ιη
1849 5668 1907 5734 et
1939 5676 2056 5729 gem

2159 5679 2188 5734 ιτ
2263 5658 2327 5729 (ι)
2366 5655 2453 5734 3,,
2480 5671 2577 5734 Prii
2601 5646 3200 5734 suiquod‘dixistipa‘h
3222 5647 3402 5734 bene}
3439 5727 3452 5734 Δ
3480 5646 3590 5734 (ιιι)
3624 5650 3777 5713 τΙι..

2157 4554 2409 4610 titudinis
2456 4563 2561 4608 tute
2596 4566 2761 4622 super
2794 4559 2989 4606 terram
3026 4548 3275 4604 deducet.
3315 4546 3406 4600 12.
3439 4542 3509 4599 Ει
3534 4544 3763 4615 depor-

2157 4647 2293 4701 tabit
2326 4646 2622 4716 potentiam
2656 4654 2829 4709 tuam,
2862 4651 2918 4698 et
2947 4640 3203 4711 spoliabit
3231 4654 3353 4711 qua:
3376 4637 3657 4709 possides,
3696 4647 3763 4696 et

2150 4738 2321 4808 jaciet
2341 4738 2596 4793 deorsum
2630 4749 2817 4790 muros
2846 4743 2969 4789 tuos
2998 4750 3012 4787 :
3043 4742 3099 4787 et
3134 4732 3327 4787 domos
3364 4739 3489 4786 tuas
3519 4729 3767 4786 desideh

2154 4830 2377 4895 rabiles,
2420 4837 2476 4883 et
2506 4826 2713 4897 lapides
2736 4834 2883 4891 tuos,
2914 4833 2970 4879 et
3002 4823 3147 4895 ligna
3188 4831 3303 4886 tua,
3348 4831 3404 4877 et
3448 4819 3761 4891 pulverem

2160 4932 2314 4978 tuum
2367 4922 2422 4976 in
2477 4918 2715 4975 medium
2759 4916 2929 4972 maris
2969 4914 3198 4987 injiciet.
3237 4913 3324 4968 13.
3376 4911 3442 4966 Et
3488 4912 3769 4967 destruet

2161 5014 2564 5075 multitudinem
2613 5012 3102 5067 instrumentorum
3135 5006 3357 5062 musica:
3391 5013 3516 5067 tuae,
3542 5011 3607 5058 et
3639 5019 3772 5060 vox

2157 5107 2494 5161 cithararum
2524 5114 2742 5158 tuarum
2771 5117 2880 5157 non
2909 5100 3163 5155 audietur
3194 5098 3249 5153 in
3278 5105 3330 5151 te
3352 5094 3623 5164 amplius.
3660 5096 3772 5152 16.

2158 5197 2227 5252 Ει
2258 5197 2401 5252 dabo
2443 5205 2496 5250 te
2538 5196 2593 5248 in
2633 5204 2837 5261 petram
2879 5191 3086 5257 latvem,
3135 5198 3191 5244 et
3229 5186 3492 5257 expansio
3533 5187 3775 5243 retium

2158 5291 2311 5345 eris:
2344 5304 2448 5342 non
2496 5284 2848 5341 :ediﬁcaberis
2881 5282 3137 5352 amplius,
3194 5279 3323 5351 quia
3368 5293 3472 5349 ego
3519 5277 3781 5337 locutus

2158 5399 2305 5445 sum,
2350 5384 2481 5436 dicit
2524 5377 2735 5432 Adnnai
2786 5374 3067 5430 Dominus.
3119 5373 3206 5427 15.
3267 5369 3406 5437 Quia
3455 5369 3577 5425 hanc
3614 5372 3785 5427 dicit

2790 5583 2865 5651 (It)
2906 5578 2989 5645 8.,
3022 5588 3073 5651 et
3103 5575 3733 5651 consolationemracci
3753 5609 3771 5620 .

480 5718 606 5779 ﬁliis
646 5719 893 5774 orientis.
953 5717 1168 5793 ’(n)’S.,
1199 5723 1252 5778 in
1293 5724 1519 5783 clatum.
1599 5729 1673 5794 (0)
1716 5717 1809 5793 δ..
1847 5730 1899 5785 in
1940 5717 2056 5787 ἷευιι

2159 5717 2355 5792 tionem
2393 5717 2448 5789 in
2480 5717 2770 5787 inimicitia
2807 5732 3029 5783 aeterna.
3107 5721 3183 5792 ut)
3216 5717 3300 5784 8.,
3337 5718 3778 5784 destructorrs,
3842 5786 3843 5793 η
