3864 6220
215 353 371 411 2729

1420 351 1828 412 HEZECIELIS
1863 350 2093 408 CAPUT
2132 350 2346 410 ιχγιι.

3322 353 3479 408 επτπ

220 469 486 525 Dominus
519 465 784 523 Dominus
810 466 956 540 Tyro
983 485 997 524 :
1024 466 1213 524 Nonne
1242 482 1276 525 ι
1301 482 1432 524 voce
1458 471 1631 524 ruime
1659 476 1784 532 tum,
1816 472 1857 528 A
1891 466 1947 520 hi
1978 465 2246 521 dederunt
2286 465 2516 536 gloriam
2543 472 2714 520 tuam.
2744 463 2831 520 ll.
2861 464 2982 520 Filii
3012 463 3368 528 Arudiorum,
3409 476 3481 521 et

217 577 347 615 cum
375 560 739 631 ingemuerint
767 561 932 616 occisi
976 561 1079 626 tui,
1119 578 1242 616 cum
1275 562 1592 634 evagiuatus
1625 561 1788 616 fuerit

218 651 439 721 gladius
468 652 521 705 in
553 652 735 707 medio
765 652 866 717 tui,
900 653 1389 708 commovebuntur
1421 653 1654 708 insulae?
1699 652 1784 708 16.

217 742 286 796 Et
315 743 644 798 descendent
679 744 748 798 de
792 743 943 798 soliis
973 744 1088 799 suis
1121 760 1308 801 omnes
1338 746 1610 815 principes
1634 751 1702 814 χ(
1722 763 1785 800 ex

216 834 475 902 gentibus
519 835 541 904 ζ
581 837 768 900 maris,
817 843 871 889 et
915 835 1104 889 tollent
1157 835 1368 892 cidares
1417 838 1483 892 de
1521 839 1788 907 capitibus

215 927 356 988 Suis,
390 935 444 980 et
467 925 789 980 vestimenta
819 925 967 980 varia
995 942 1093 981 sua
1125 937 1322 982 exuent
1362 945 1375 982 :
1403 937 1626 998 stupore
1674 938 1790 984 stu-

213 1019 443 1088 pebunt,
503 1034 668 1087 super
719 1027 917 1072 terram
961 1021 1254 1084 sedebunt,
1309 1028 1362 1075 et
1421 1020 1789 1075 formidabunt

215 1108 574 1177 perditionem
638 1121 815 1169 suam,
865 1115 921 1162 et
978 1116 1194 1176 gement
1246 1123 1412 1178 super
1455 1119 1550 1163 te:
1593 1109 1679 1163 17.
1736 1120 1789 1164 et

214 1207 500 1252 assument
537 1214 700 1267 super
732 1207 784 1253 te
817 1199 1279 1262 lamentationem,
1314 1213 1368 1254 et
1401 1201 1582 1256 dicent
1602 1204 1671 1270 χ(
1693 1201 1787 1256 tibi

225 1290 250 1357 ζ
293 1307 307 1343 :
339 1290 623 1356 Quomodo
652 1291 883 1361 periisti,
913 1301 966 1347 et
992 1293 1256 1348 dissoluta
1285 1309 1346 1349 es
1380 1309 1445 1348 ex
1473 1295 1631 1357 mari,
1660 1295 1789 1349 urbs

212 1371 895 1453 celebrata,)(quze'facta
932 1393 1050 1438 erat
1093 1383 1249 1439 fortis
1284 1384 1338 1438 in
1369 1385 1528 1449 mari,
1567 1385 1704 1454 ipsa,
1735 1395 1789 1440 et

213 1472 584 1527 inhabitantes
601 1489 720 1528 eam
756 1473 802 1541 ζ,
832 1489 953 1544 quas
974 1473 1123 1528 dedit
1149 1475 1397 1530 timorem
1427 1491 1583 1530 suum
1613 1477 1789 1531 omni-

212 1564 318 1618 bus
353 1564 723 1620 habitantibus
758 1564 812 1619 in
839 1566 936 1620 ea?
980 1565 1065 1620 18.
1104 1565 1170 1620 Et
1210 1567 1477 1622 timebunt
1525 1568 1717 1624 insula:
1756 1584 1787 1624 a

211 1652 303 1706 die
330 1653 500 1707 ruinae
523 1663 648 1713 tuae.
670 1657 801 1722 Xet
839 1655 1304 1724 pcrturbabuntur
1335 1656 1528 1712 insulae
1557 1658 1610 1711 in
1652 1658 1788 1713 mari

217 1745 243 1812 ζ
280 1745 354 1815 (τι)
385 1746 454 1800 ab
486 1748 632 1801 exitu
664 1747 863 1801 comite
893 1747 994 1801 tui.
1025 1747 1112 1802 19.
1139 1748 1278 1814 Quia
1307 1749 1422 1804 haec
1449 1750 1580 1806 dicit
1606 1751 1786 1804 Donii-

213 1851 322 1891 nus
356 1835 898 1903 DominuszQuando
937 1838 1136 1892 dedero
1166 1847 1217 1893 te
1251 1839 1440 1894 urbem
1465 1839 1784 1906 desolatam,

212 1929 359 1982 sicut
399 1929 582 1993 urbes,
639 1945 760 1999 quae
801 1945 907 1983 non
949 1929 1283 1995 habitantur,
1343 1947 1466 1985 cum
1514 1931 1788 1987 adduxere

212 2034 382 2088 super
413 2028 464 2073 te
484 2019 764 2090 abyssum,
799 2029 854 2074 et
873 2021 1075 2090 operiet
1114 2031 1166 2076 te
1187 2037 1328 2092 aqua
1363 2023 1551 2078 multa.
1584 2023 1675 2078 20.
1722 2023 1788 2080 Et

209 2108 542 2165 descendere
589 2109 785 2166 faciam
834 2122 887 2167 te
933 2113 1000 2168 ad
1060 2128 1177 2178 eos,
1229 2113 1323 2184 qui
1361 2115 1699 2171 descendunt
1732 2117 1784 2170 in

211 2199 426 2255 foveam
489 2202 556 2256 ad
607 2203 866 2272 populum
937 2205 1366 2275 sempiternum,
1431 2215 1486 2260 et
1539 2207 1787 2263 habitare

209 2291 412 2346 faciam
438 2301 491 2348 te
521 2293 576 2347 in
606 2294 892 2364 profundis
905 2304 1082 2362 terrae,
1105 2297 1247 2351 sicut
1274 2297 1622 2353 solitudinem
1651 2314 1788 2354 sem-

209 2384 479 2454 piternain
522 2401 646 2440 cum
683 2385 789 2450 his,
838 2387 930 2456 qui
975 2387 1311 2444 descendunt
1357 2389 1410 2443 in
1457 2388 1688 2455 foveam,
1726 2398 1786 2444 ut

209 2491 280 2530 ne
311 2475 572 2531 habiteris
601 2478 696 2544 (r),
741 2493 916 2547 neque
959 2494 1214 2550 resurgas
1257 2495 1424 2550 super
1454 2490 1598 2536 terra
1640 2482 1783 2538 vitm.

204 2565 302 2621 21.
337 2565 700 2622 Perditionem
735 2568 876 2623 dabo
905 2579 977 2634 te,
1019 2578 1074 2624 et
1117 2585 1223 2624 non
1259 2572 1490 2628 essistes
1527 2573 1781 2643 amplius,

213 2661 352 2724 Xet
384 2657 703 2728 requireris,
753 2667 806 2714 et
839 2675 944 2715 non
987 2660 1280 2717 invenieris
1316 2662 1362 2732 ζ,
1414 2663 1467 2718 in
1505 2665 1788 2736 sempiter-

207 2769 368 2814 num,
399 2753 530 2807 dicit
560 2751 824 2807 Dominus
853 2751 1136 2810 Dominus.

280 2843 436 2899 CAP.
470 2841 680 2899 XXVII.
703 2844 836 2899 -1,
873 2842 937 2898 Et
960 2843 1160 2900 factum
1198 2853 1283 2902 est
1314 2847 1536 2903 verbum
1572 2847 1784 2905 Domini

207 2935 277 2988 ad
313 2949 419 3000 me,
449 2934 636 2989 dicens
662 2952 676 2988 :
701 2933 754 2988 2.
782 2934 848 2988 Et
875 2943 955 2998 tu,
987 2933 1060 2988 illi
1083 2935 1340 3000 hominis,
1377 2952 1596 2993 assume
1623 2953 1788 3008 super

208 3026 416 3099 Tyrum
464 3026 933 3091 lamentationem,
973 3027 1026 3081 3.
1059 3035 1113 3081 et
1144 3027 1293 3084 dices
1331 3027 1473 3100 Tyro
1521 3029 1786 3088 habitanti

1889 559 2126 628 potentia
2171 567 2263 613 tua
2295 573 2461 628 super
2497 557 2671 612 muris
2708 553 2976 625 tuiinn
3013 558 3243 611 circuitu
3274 558 3296 626 ζ
3330 574 3344 611 :
3383 559 3463 626 (ῃ)

1888 651 2142 707 custodes
2189 651 2246 706 in
2305 651 2549 706 turribus
2600 650 2708 704 tuis
2748 659 2936 712 erant.
3003 649 3286 721 pharetras
3333 665 3462 704 suas

1889 744 2290 813 suspenderunt
2343 757 2509 812 super
2565 753 2754 813 portus
2807 752 2930 798 tuos
2981 743 3035 796 in
3087 743 3316 797 circuitu
3359 741 3460 795 :hi

1889 836 2237 906 perfecerunt
2293 835 2546 889 decorem
2623 843 2796 888 tuum.
2862 835 2949 890 12.
3005 833 3461 902 Carthaginienses

1889 928 2256 996 negotiatores
2303 927 2380 982 tui
2433 941 2462 981 a
2511 925 2858 981 multitudine
2894 926 3074 981 omnis
3111 926 3325 980 roboris
3358 926 3487 990 tui,.

1889 1028 2192 1090 argentum,
2226 1029 2279 1073 et
2311 1034 2524 1081 aurum,
2564 1026 2618 1073 et
2646 1033 2740 1079 aes,
2770 1026 2824 1071 et
2853 1017 3078 1078 ferrum,
3109 1026 3162 1070 et
3183 1026 3489 1083 stannum,.

1888 1120 1943 1166 et
1987 1111 2268 1180 plumbum
2303 1111 2569 1166 dederunt
2611 1108 2883 1164 nundinas
2918 1119 3056 1163 tuas.
3103 1109 3189 1164 15.
3229 1109 3456 1174 Graecia,-

1889 1211 1944 1257 et
1969 1204 2242 1268 universa,
2270 1212 2323 1256 et
2354 1203 2600 1273 regiones
2641 1210 2898 1265 extensae,
2930 1201 3017 1255 isti
3048 1201 3461 1271 negotiabantur

1891 1292 1990 1347 tibi
2021 1293 2074 1347 in
2110 1292 2397 1347 animabus
2430 1292 2734 1355 hominum,
2770 1300 2824 1345 et
2857 1306 2988 1345 vasa
3033 1292 3157 1345 aeris
3193 1291 3459 1345 dederunt

1890 1395 2185 1439 mercatum
2215 1393 2389 1439 tuum.
2439 1384 2524 1438 14.
2565 1382 2606 1437 Ε
2643 1383 2806 1437 domo
2837 1381 3142 1452 Thorgama
3171 1398 3362 1452 equos,
3404 1393 3458 1438 et

1887 1478 2119 1549 equites,
2153 1478 2404 1533 etmulos
2432 1476 2697 1531 dederunt
2723 1475 2996 1530 nundinas
3031 1485 3174 1530 tuas.
3208 1475 3295 1530 15.
3331 1473 3457 1530 Filii

1888 1568 2226 1623 Rhodiorum
2271 1567 2636 1637 negotiatores
2676 1567 2756 1621 tui
2801 1581 2866 1620 ex
2907 1566 3098 1620 insulis
3131 1567 3458 1636 multiplica-

1890 1665 2018 1711 runt
2062 1665 2357 1711 mercatqu
2405 1665 2555 1710 tuum
2601 1655 2789 1710 dentes
2828 1655 3222 1723 elephantinos,
3271 1664 3325 1709 et
3372 1656 3458 1711 his

1892 1746 2218 1802 introductis
2263 1745 2530 1801 reddebas
2572 1745 2849 1800 mercedes
2881 1755 3024 1809 tuas,
3067 1745 3152 1799 16.
3188 1745 3456 1812 homines,

1890 1848 2187 1894 mercatum
2243 1848 2394 1893 tuum
2446 1855 2476 1893 a
2519 1837 2860 1892 multitudine
2915 1838 3183 1892 commisti
3239 1839 3340 1902 tui,
3381 1840 3456 1906 (ε)

1888 1930 2113 2001 benafeg
2159 1929 2356 2000 (Hebr.
2396 1939 2540 2011 ’,ΣΠ
2568 1930 2622 1999 ⁸)
2670 1937 2896 1993 stat-ten,
2947 1938 3002 1982 et
3051 1929 3343 1984 varietates
3389 1945 3462 1983 es

1887 2023 2132 2089 Tharsis,
2165 2035 2218 2079 et
2257 2023 2552 2088 Damotli“,
2577 2031 2630 2076 et
2658 2021 2938 2076 Chorchor
2966 2021 3231 2076 dederunt
3261 2022 3470 2076 nundi‘

1887 2132 1985 2172 nas
2025 2125 2170 2170 tuas.
2199 2117 2285 2172 17.
2313 2115 2473 2180 Juda,
2527 2125 2581 2169 et
2613 2114 2708 2168 filii
2735 2113 2971 2178 lsraelis,
3005 2113 3056 2167 hi
3091 2115 3466 2185 negotiatores

1886 2210 1963 2264 tui
2005 2209 2058 2263 in
2108 2209 2414 2264 venditione
2470 2207 2748 2273 frumenti,
2794 2216 2847 2262 et
2886 2216 3463 2277 unguentorum-eet

1885 2299 2046 2354 casia:
2076 2316 2089 2352 :
2119 2307 2173 2352 et
2220 2299 2327 2352 mel
2377 2298 2613 2367 primum
2664 2298 2712 2366 ζ,
2759 2306 2811 2351 et
2861 2298 3062 2360 oleum,
3109 2305 3162 2350 et
3218 2297 3454 2351 resinam

1885 2386 2150 2441 dederunt
2183 2387 2235 2440 in
2273 2387 2619 2441 commistum
2646 2396 2818 2439 tuum.
2853 2385 2938 2439 18.
2970 2384 3269 2439 Damascus
3300 2399 3459 2454 nego-

1887 2479 2109 2534 tiatores
2167 2479 2240 2534 tui
2287 2479 2339 2532 in
2402 2478 2748 2532 multitudine
2795 2493 3020 2546 operum
3067 2488 3320 2542 tuorum,
3387 2491 3455 2530 ex

1886 2570 2233 2624 multitudine
2278 2570 2458 2625 omnis
2517 2569 2771 2640 potentia:
2823 2579 2972 2624 tum:
3011 2569 3087 2638 (α)
3134 2569 3320 2623 vinutn
3385 2583 3451 2622 ex

1885 2663 2115 2728 Helbon,
2143 2673 2279 2719 +et
2326 2664 2504 2718 lanam
2553 2680 2618 2718 ex
2671 2663 2872 2727 Mileto,
2921 2673 2974 2719 et
3020 2665 3204 2718 vinum
3238 2664 3286 2732 ζ,
3315 2668 3457 2732 Xa

1885 2751 2022 2815 Dan,
2071 2760 2123 2805 et
2151 2750 2320 2806 Javan
2359 2769 2424 2806 ex
2460 2751 2585 2807 0ch
2621 2755 2644 2822 ζ
2681 2769 2741 2809 -ι-
2765 2755 2815 2807 in
2846 2754 3117 2809 nundinas
3151 2764 3271 2809 tuas
3302 2755 3458 2810 dede-

1884 2855 2014 2899 runt
2047 2845 2093 2914 ζ.
2124 2844 2205 2898 19.
2237 2844 2312 2898 Ex
2336 2845 2460 2900 Asel
2493 2843 2697 2899 ferrum
2730 2861 2892 2913 opere
2926 2845 3148 2910 factum,
3178 2857 3230 2900 et
3255 2857 3374 2900 rota
3401 2847 3453 2900 in

1887 2935 2175 2989 commisto
2201 2943 2294 2988 tuo
2323 2943 2425 2989 est.
2467 2934 2556 2992 20.
2606 2934 2789 2989 Dadan
2826 2937 3186 3003 negotiatores
3216 2938 3292 2990 tui
3328 2954 3453 2992 cum

1885 3027 2130 3097 iumento
2166 3027 2335 3081 electo
2389 3026 2454 3080 ad
2504 3044 2717 3082 currus.
2758 3029 2845 3082 21.
2901 3029 3120 3093 Arabia,
3173 3038 3228 3084 et
3263 3043 3455 3084 Omnes

207 3133 377 3188 super
432 3117 715 3173 introitum
777 3118 966 3182 maris,
1037 3119 1285 3190 emporio
1340 3121 1670 3190 populorum
1716 3136 1782 3175 ex
1811 3128 1852 3186 ο
1887 3120 2158 3188 principes
2178 3119 2369 3184 Cedar,
2401 3118 2454 3172 hi
2487 3120 2854 3190 negotiatores
2889 3136 2986 3190 per
3019 3135 3238 3174 manum
3281 3130 3451 3184 tuam,

207 3211 406 3266 insulis
435 3209 621 3265 multis
648 3226 662 3264 :
691 3207 814 3265 Haec
839 3210 971 3265 dicit
1000 3209 1265 3266 Dominus
1297 3210 1560 3267 Dominus
1584 3210 1729 3282 Tyro
1767 3229 1780 3266 :

205 3299 290 3355 'l‘u
322 3301 506 3356 dixisti
544 3319 559 3356 :
595 3300 708 3371 Ego
734 3302 891 3371 posui
922 3301 1056 3357 mihi
1091 3303 1161 3374 (ε)
1205 3303 1455 3359 decorem
1493 3319 1695 3370 meum,
1726 3301 1780 3357 4.

207 3391 265 3446 in
306 3392 472 3448 corde
503 3393 671 3447 maris
701 3394 766 3461 (ι)
798 3393 1035 3449 Beelimo
1069 3412 1082 3448 :
1118 3395 1212 3449 lilii
1241 3394 1317 3450 tui
1345 3405 1645 3466 posuerunt
1686 3396 1782 3450 tibi

205 3485 488 3540 decorem.
521 3485 572 3539 5.
617 3485 823 3540 Cedrus
867 3501 933 3541 ex
987 3485 1148 3542 Sanir
1189 3489 1452 3544 aedificata
1497 3499 1581 3544 est
1635 3488 1730 3543 tibi
1765 3507 1778 3544 :

209 3592 363 3632 zona:
409 3591 653 3632 asserum
687 3578 924 3648 cypressi
955 3594 1019 3632 ex
1055 3577 1262 3635 Libano
1298 3588 1491 3635 sumta:
1533 3591 1680 3645 sunt,
1713 3580 1780 3636 ad

206 3669 518 3723 faciendum
553 3668 649 3723 tibi
680 3669 852 3725 malos
883 3669 1162 3740 abiegnos,
1191 3669 1245 3723 6.
1276 3685 1307 3725 e
1330 3657 1550 3740 regione
1579 3670 1780 3740 Bajsan

207 3759 457 3817 fecerunt
481 3775 662 3814 remos
690 3768 834 3825 tuos,
871 3761 1068 3830 templa
1108 3769 1200 3815 tua
1227 3760 1474 3816 fecerunt
1494 3777 1558 3816 ex
1592 3763 1777 3830 ebore,

205 3851 402 3904 domos
447 3850 648 3905 densas
686 3866 751 3904 ex
791 3850 982 3906 insulis
1027 3850 1431 3908 Chethaeorum.
1472 3853 1526 3908 7.
1577 3853 1779 3925 Byssus

207 3955 334 3993 rum
357 3939 616 3992 varietate
647 3955 711 3994 ex
743 3938 976 4011 Egypto
1014 3939 1155 3996 facta
1191 3950 1271 3997 est
1301 3941 1396 3998 tibi
1427 3952 1679 4007 stratum,
1709 3945 1775 4000 ad

203 4029 518 4095 ponendum
556 4030 650 4084 tibi
698 4029 777 4100 (ιι)
824 4031 1074 4100 gloriam,
1104 4038 1242 4088 ψει
1298 4033 1364 4087 ad
1422 4034 1775 4102 aperiendum

207 4129 261 4170 te
297 4119 319 4187 ζ
353 4117 666 4190 hyacintho,
714 4128 767 4174 et
792 4135 1054 4189 purpura,
1087 4136 1150 4176 es
1195 4121 1389 4178 insulis
1416 4121 1595 4185 Elisae,
1637 4123 1775 4179 facta

201 4219 337 4262 sunt
365 4208 697 4278 operimenta
734 4217 844 4262 tua.
878 4209 1003 4265 8.-t-
1029 4208 1094 4263 Et
1128 4211 1400 4281 principes
1433 4212 1512 4267 tui
1551 4213 1598 4282 ζ,
1624 4213 1776 4268 habi-

204 4310 390 4356 tantes
420 4301 472 4355 in
509 4301 730 4366 Sidone,
759 4310 811 4356 et
843 4301 1030 4355 Arudii
1059 4301 1279 4357 fuerunt
1303 4303 1560 4358 ductores
1596 4319 1776 4359 remo-

202 4407 328 4445 rum
355 4402 570 4446 tuorum
600 4411 614 4447 :
647 4393 917 4459 sapientes
961 4394 1060 4457 tui,
1094 4393 1254 4464 Tyre,
1285 4396 1379 4466 qui
1413 4406 1570 4450 erant
1607 4396 1660 4450 in
1697 4405 1770 4461 te,

204 4481 260 4535 hi
294 4491 472 4538 nautae
493 4483 590 4537 tui.
615 4483 668 4536 9.
702 4482 952 4539 Seniores
978 4487 1056 4552 (ε)
1086 4458 1398 4552 bibliorum,
1423 4496 1477 4541 et
1501 4458 1771 4557 sapientes
1802 4458 1846 4514 θ

201 4589 419 4639 eorum,
453 4575 548 4642 qui
579 4582 736 4629 erant
763 4575 815 4629 in
847 4585 918 4641 te,
955 4576 1008 4630 hi
1031 4577 1458 4631 corroborabant
1485 4579 1774 4634 consilium

201 4674 358 4718 tuum
389 4681 402 4717 :
429 4674 483 4719 et
509 4680 699 4720 omnes
729 4683 892 4722 naves
924 4668 1112 4730 maris,
1139 4677 1192 4723 et
1219 4669 1468 4725 ductores
1502 4685 1776 4726 remorum

201 4771 394 4809 earum
452 4755 578 4811 facti
645 4767 773 4812 sunt
821 4758 916 4812 tibi
962 4759 1031 4812 ab
1079 4773 1372 4815 occasuum
1425 4776 1642 4816 occasu.
1689 4763 1777 4818 10.

201 4844 406 4910 Persae,
440 4856 493 4901 et
523 4847 676 4918 Lydi,
709 4859 763 4902 et
787 4848 981 4919 Libyes
1007 4859 1165 4904 erant
1187 4850 1243 4904 in
1272 4852 1509 4920 potentia
1537 4861 1648 4919 tua,
1677 4854 1778 4908 viri

201 4937 494 4993 bellatores
523 4940 599 4992 tui
639 4940 856 5011 clypeos
891 4949 944 4996 et
968 4940 1153 5011 galeas
1182 4943 1584 5011 suspenderunt
1611 4945 1662 4997 in
1696 4953 1770 5008 te,

1884 3208 2141 3271 camelos,
2171 3215 2224 3262 et
2257 3208 2473 3274 arietes,
2505 3217 2557 3262 et
2588 3224 2778 3278 agnos,
2819 3208 2870 3262 in
2912 3210 3111 3279 quibus
3139 3211 3457 3264 mercaban-

1883 3306 1973 3352 tur
1996 3297 2111 3352 tibi.
2142 3296 2232 3351 22.
2256 3295 2634 3367 Negotiatores
2662 3300 2836 3362 Salue,
2861 3309 2914 3354 et
2933 3300 3170 3364 Raamaa,
3199 3299 3252 3354 hi
3285 3316 3455 3370 nego-

1884 3389 2105 3445 tiatores
2153 3388 2232 3444 tui
2281 3405 2404 3443 cum
2448 3391 2784 3445 aromatibus
2830 3392 3041 3461 primis,
3085 3400 3140 3446 et
3182 3391 3454 3460 lapidibus

1881 3478 2059 3542 bonis,
2112 3489 2167 3534 et
2219 3494 2411 3533 aurum
2445 3480 2710 3536 dederunt
2745 3482 3018 3536 nundinas
3047 3491 3186 3536 tuas.
3219 3483 3311 3538 2'5.
3344 3480 3456 3537 lla-

1881 3587 2004 3634 ran,
2033 3582 2084 3626 et
2107 3570 2384 3636 Chanaan,
2404 3574 2471 3639 X
2491 3580 2543 3624 et
2575 3569 2781 3637 Dadan,
2813 3574 2836 3642 ζ
2871 3587 2932 3629 -ι-
2955 3574 3008 3627 hi
3036 3574 3058 3643 ζ
3091 3574 3453 3643 negotiatores

1883 3660 2003 3714 tui:
2037 3661 2104 3726 )t(
2133 3657 2273 3712 Saba
2308 3659 2357 3727 ζ,
2406 3658 2599 3724 Assur,
2657 3671 2712 3714 et
2767 3661 3033 3717 Chalinun
3089 3665 3453 3734 negotiatores

1881 3750 1982 3812 tui,
2028 3749 2117 3804 24.
2151 3749 2388 3805 ferentes
2433 3753 2886 3820 mercatumXin
2935 3753 3242 3818 Maehalim,
3293 3764 3347 3810 et
3395 3756 3448 3810 iu

1881 3841 2088 3897 Galima
2138 3843 2160 3911 ζ
2207 3841 2557 3912 byacintbum
2592 3845 2660 3912 Χ
2694 3843 2768 3912 (b)
2807 3855 2860 3900 et
2907 3847 3240 3918 Variegatum
3297 3850 3345 3918 ζ,
3397 3859 3453 3904 et

1878 3933 2166 3988 thesauros
2213 3935 2438 3998 electos,
2487 3935 2684 4005 ligatos
2733 3931 2976 4004 funibus,
3029 3947 3084 3994 et
3139 3956 3303 3996 naves
3355 3941 3448 3997 25.

1876 4042 2264 4096 cupressorum
2306 4027 2362 4081 in
2410 4027 2486 4082 eis
2527 4031 2593 4096 >κ
2625 4029 2921 4100 negotiatio
2967 4039 3058 4085 tua
3097 4031 3120 4100 ζ
3163 4031 3451 4102 Carthagi-

1877 4134 2073 4172 nenses
2100 4117 2463 4188 negotiatores
2489 4119 2565 4173 tui
2596 4119 2649 4173 in
2673 4121 3020 4177 multitudine
3049 4123 3448 4192 negotiatorum

1876 4217 2116 4273 tuorum,
2153 4209 2206 4263 in
2240 4210 2534 4264 commisto
2566 4219 2679 4264 tuo.
2716 4211 2781 4264 Et
2822 4213 3026 4281 repleta
3053 4228 3135 4277 es,
3170 4221 3225 4267 et
3255 4229 3451 4283 aggra-

1874 4309 1996 4354 vata
2029 4315 2089 4355 es
2119 4301 2274 4356 valde
2318 4301 2373 4356 in
2411 4302 2574 4356 corde
2606 4303 2772 4358 maris
2806 4321 2819 4357 :
2851 4305 2939 4358 26.
2993 4305 3048 4359 in
3096 4320 3238 4375 aqua
3280 4306 3450 4360 multa

1875 4391 2216 4446 adduxerunt
2248 4402 2300 4446 te
2328 4392 2582 4448 ductores
2622 4410 2898 4449 remorum
2930 4405 3170 4463 tuorum,
3222 4397 3449 4466 spiritus

1875 4483 2046 4536 austri
2087 4481 2350 4552 confregit
2391 4491 2444 4537 te
2489 4484 2542 4537 in
2578 4486 2741 4540 corde
2776 4486 2942 4541 muris
2968 4505 2981 4541 :
3012 4486 3104 4543 27.
3150 4497 3308 4541 erant
3341 4487 3451 4541 vir-

1876 4581 2018 4627 tutes
2045 4584 2171 4638 tuae,
2209 4581 2263 4628 et
2295 4589 2502 4630 merces
2535 4583 2645 4642 tua,
2675 4587 2726 4630 et
2758 4578 3172 4633 couimistorum
3203 4589 3445 4642 tuorum,

1875 4672 1929 4718 et
1955 4662 2205 4718 ductores
2247 4677 2526 4718 remorum
2558 4674 2796 4732 tuorum,
2831 4675 2886 4721 et
2915 4668 3305 4736 gubernatores
3345 4669 3446 4734 lui,

1877 4767 1928 4811 et
1949 4755 2252 4812 consiliarii
2275 4758 2373 4822 tui,
2403 4766 2457 4812 et
2476 4759 2750 4813 commisti
2777 4759 2855 4814 tui
2886 4776 2952 4815 ex
2987 4761 3290 4817 commistis
3313 4761 3444 4826 tuis,

1877 4859 1931 4902 et
1956 4864 2147 4904 omnes
2177 4850 2466 4906 bellatores
2499 4852 2599 4915 tui,
2625 4852 2719 4922 qui
2752 4852 2805 4907 in
2834 4863 2887 4907 te
2921 4872 2935 4908 :
2965 4862 3019 4908 et
3055 4854 3235 4910 omnis
3269 4863 3447 4910 costus

1881 4949 2030 5006 tuus,
2062 4941 2130 5010 Χ
2157 4941 2292 5012 qui:
2319 4943 2372 4996 in
2403 4942 2582 4996 medio
2611 4942 2712 5006 tui,
2747 4943 2941 4998 cadent
2962 4943 3015 4997 in
3046 4945 3209 4999 corde
3239 4950 3443 5001 maris:

277 5161 354 5229 (q)
385 5161 563 5245 Sumab
593 5177 660 5216 eo
689 5165 831 5233 quod
858 5182 966 5245 non
1001 5167 1072 5245 sit
1100 5167 1287 5245 egredi
1313 5184 1342 5223 a
1376 5178 1471 5245 te._
1521 5171 1593 5245 _(r)
1624 5172 1745 5245 ΤΙι..
1773 5182 1827 5229 et
1853 5174 1995 5229 dabo
2015 5173 2188 5245 robur
2222 5171 2276 5226 in
2313 5181 2473 5245 terra
2492 5173 2812 5245 viventium.
2890 5173 2959 5244 (ε)
3001 5174 3085 5236 8.,
3119 5174 3354 5245 perfecta
3375 5177 3446 5245 in

198 5232 400 5314 σΙηξ-υηε
457 5231 575 5314 ἰςΙιη
598 5231 1109 5314 ,εφνὶιεεειμιυς‹›ι·ἱδ.-
1134 5231 1214 5314 ἶρ)
1238 5237 1349 5314 _S.._
1370 5231 1543 5314 ricini
1574 5231 1672 5309 tui,
1699 5231 1754 5298 et
1800 5246 1892 5314 qui
1947 5244 2215 5298 aedificant
2239 5253 2310 5306 te,
2353 5243 2696 5310 perfecerunt
2718 5231 2969 5299 decorem
2997 5231 3170 5314 tuum.
3250 5249 3327 5312 tu)
3357 5231 3444 5310 8.,

195 5303 451 5376 solum.“
480 5301 716 5376 (x;_Th._,
745 5303 1036 5372 llebraice;
1071 5301 1272 5374 Gaibal,
1311 5311 1555 5365 FABAA.
1603 5301 1686 5376 Sf,
1723 5301 1997 5368 salientes
2028 5301 2320 5367 mixturam
2355 5301 2535 5366 tuam.

196 5372 648 5464 E‘l.l-lll-:lutl-l_ll.h/?.,_
667 5374 778 5464 δξιυ
799 5383 906 5464 .e'stl,
929 5384 990 5464 et
1015 5393 1118 5464 non
1149 5389 1236 5464 est
1259 5372 1389 5449 (quo
1431 5372 1804 5464 haccobscura
1841 5386 2166 5464 pertineant,
2205 5372 2660 5464 nmL‘intelligo):

2613 5315 2688 5383 (y)
2716 5315 2801 5376 8.,
2835 5315 2928 5367 sed
2957 5324 3008 5368 et
3041 5313 3199 5368 Medi.
3238 5316 3360 5380 Th.,
3391 5326 3449 5372 et

2778 5384 2965 5450 (248.,
3022 5386 3171 5438 varie
3226 5388 3449 5440 intextae

198 5456 496 5524 ραι-μυεῖν..
519 5440 581 5504 (⁸)
615 5454 681 5524 :_
709 5445 760 5496 in
799 5443 958 5524 Hebr:
1001 5456 1054 5524 et
1101 5448 1153 5500 in
1204 5440 1323 5518 Sy'r'.
1391 5451 1587 5506 servile
1609 5461 1709 5516 Cat,
1756 5440 2164 5524 signiﬁcatque,
2199 5454 2272 5506 in.
2307 5440 2666 5524 Theodotiui:
2700 5453 2756 5505 ὲν
2783 5440 2988 5522 ’νάφέῇ
3024 5454 3107 5508 Cf.
3142 5470 3304 5524 supra
3348 5473 3448 5508 nu-

197 5512 432 5591 iit-Illuatl
485 5510 630 5590 hunc
670 5513 869 5566 locum.
924 5514 1140 5591 Syriaca
1200 5510 1300 5572 vos
1368 5528 1548 5576 textus
1608 5510 1960 5584 nostrirnon
2003 5510 2239 5591 betmfeg.
2294 5524 2385 5576 sed
2440 5525 2490 5576 iu
2542 5523 2696 5591 uafeg
2752 5510 3011 5578 vertenda
3068 5535 3168 5579 est.
3212 5510 3442 5580 Ἧιιλειι.

195 5584 293 5660 i")_
333 5583 455 5661 Syr.
487 5581 742 5661 scriptor,
761 5595 832 5661 _ut
865 5581 1019 5661 nobis
1048 5587 1277 5661 videtu_r,
1305 5593 1487 5656 posuit
1514 5603 1548 5649 ’τ
1580 5609 1676 5659 pro
1695 5607 1756 5657 ﬁ,
1789 5581 1843 5647 et
1878 5593 2111 5648 llaniuth
2138 5581 2460 5661 legendum.
2497 5581 2697 5647 υιιΑὲιῖ.

2775 5597 2851 5661 (τι)
2883 5594 2968 5656 S.,
2995 5595 3046 5647 in
3075 5595 3198 5648 vino
3234 5597 3443 5665 pingui,

193 5661 246 5732 t‘t
284 5651 334 5703 in
373 5653 495 5704 lana
524 5653 830 5732 splendida.
871 5653 1099 5732 bt_Dan,
1127 5667 1180 5710 ct
1211 5651 1403 5732 lavari,
1463 5651 1835 5719 vadentes'ad
1879 5664 2152 5720 nundinas
2183 5651 2326 5728 tuas,
2367 5663 2692 5720 addiderunt
2730 5651 2998 5720 fe‘rruni':
3037 5651 3450 5732 stactefetvca;

196 5719 375 5777 lamus
420 5723 749 5779 commercia
797 5733 888 5778 tua
928 5723 1162 5782 fuerunt.
1242 5730 1314 5796 (li)
1349 5719 1408 5782 Et
1435 5745 1717 5802 purpuras.
