3864 6220
393 312 528 368 97ῧί

1519 314 1743 371 CODEX
1777 312 2241 370 SYDlACO-IIEX
2254 311 2565 371 APLARlS.

3517 313 3659 370 27:2

394 426 447 482 in
479 427 566 479 die
597 424 767 479 ruinae
795 433 922 489 tum,
942 426 1032 482 28.
1067 426 1133 482 ad
1166 440 1353 483 vocem
1386 428 1643 483 clamoris
1675 430 1748 483 tui
1774 429 1968 498 guber-
1997 433 2042 487 Α
2071 442 2222 493 gens,
2277 428 2547 489 sardium,
2601 435 2654 481 et
2705 426 3008 496 topazium,
3060 435 3114 479 et
3170 425 3541 492 smaragdum,
3603 440 3658 482 es

390 528 613 571 natores
647 517 725 571 tui
770 516 840 587 (c)
874 518 1113 573 timendo
1163 520 1447 575 timebunt.
1488 522 1576 575 29.
1632 523 1699 575 Et
1743 522 1969 576 descen-

392 606 522 660 dent
568 607 631 661 de
688 608 913 660 navibus
972 610 1088 663 suis
1139 626 1329 664 omnes
1388 612 1643 666 ductores
1695 628 1967 666 remorum

393 705 636 759 tuorum,
665 707 712 751 et
749 698 999 767 epibatze.
1030 710 1078 753 et
1112 704 1361 755 selentes
1397 703 1449 756 in
1475 718 1635 772 prora
1669 704 1823 757 navis
1854 720 1970 757 ma-

394 788 470 842 ris
501 803 665 858 super
691 798 887 843 terram
926 791 1166 855 stabunt,
1212 794 1300 847 50.
1339 803 1393 848 et
1421 795 1702 849 ululabunt
1735 811 1897 862 super
1922 807 1971 851 te

393 894 527 932 voce
560 895 681 943 sua,
711 889 764 934 et
795 880 1110 935 clamabunt
1139 898 1344 949 amare,
1386 895 1440 938 et
1462 885 1667 953 jacient
1692 886 1968 955 pulverem

396 983 562 1037 super
624 979 787 1038 caput
838 985 1018 1035 suum,
1080 980 1133 1025 et
1171 972 1407 1027 cinerem
1436 985 1681 1029 srernent
1709 975 1834 1030 sibi.
1876 975 1966 1029 5f.

397 1059 465 1125 χ
489 1055 553 1111 Ει
592 1057 952 1114 decalvabunt
1000 1078 1164 1131 super
1206 1074 1257 1117 te
1306 1064 1570 1129 calvities,
1606 1074 1661 1120 et
1687 1066 1973 1133 acciugent

396 1165 606 1215 saccos,
637 1160 692 1205 et
722 1151 926 1207 ﬂebunt
955 1170 1052 1223 pro
1092 1166 1143 1210 te
1187 1156 1239 1209 in
1271 1157 1729 1213 amaritudinibus
1751 1158 1967 1218 animm,

393 1249 449 1295 et
507 1242 780 1311 planctum
825 1260 1071 1300 amarum
1106 1265 1118 1300 :
1150 1248 1239 1301 52.
1298 1256 1516 1302 sument
1568 1266 1735 1320 super
1775 1259 1826 1305 te
1878 1251 1971 1304 lilii

392 1346 583 1387 eorum
614 1334 1075 1403 lamentationem,
1126 1340 1423 1395 laniculum
1464 1340 1589 1413 Tyri
1627 1343 1794 1412 :quis
1834 1342 1975 1397 sicut

395 1421 591 1494 Tyrus,
620 1442 741 1497 qua:
774 1429 1047 1483 obmutuit
1084 1432 1135 1484 in
1182 1431 1359 1485 medio
1386 1434 1589 1488 maris?
1619 1433 1639 1501 ζ
1672 1435 1760 1493 55,
1791 1432 1976 1499 Quan-

395 1521 532 1585 lam,
558 1538 722 1591 quam
756 1524 1056 1577 mercedem
1100 1523 1349 1578 invenisti
1394 1526 1460 1579 de
1506 1526 1683 1579 mari?
1714 1526 1970 1583 saturasti

396 1624 584 1679 gentes
630 1629 696 1670 ex
756 1615 1104 1669 multitudine
1149 1624 1265 1677 tua.
1322 1625 1376 1669 et
1442 1632 1470 1670 a
1534 1618 1824 1672 commisto
1879 1628 1974 1672 tuo

394 1706 583 1759 ditasti
611 1720 802 1759 omnes
830 1720 983 1775 reges
1019 1714 1196 1759 teme.
1221 1704 1309 1759 54.
1338 1703 1493 1759 Nunc
1515 1705 1887 1760 confracta‘es
1916 1706 1969 1759 in

394 1798 559 1861 mari,
597 1798 649 1851 in
680 1797 950 1867 profundo
993 1813 1147 1867 aquae
1175 1799 1523 1853 commistum
1570 1798 1668 1863 tui,
1700 1807 1755 1853 et
1790 1797 1969 1852 omnis

394 1899 569 1945 cintus
612 1900 736 1946 tuus
771 1890 823 1944 in
869 1889 1049 1943 medio
1096 1889 1192 1943 tui.
1250 1889 1339 1942 55.
1407 1888 1733 1943 Ceciderunt
1774 1902 1969 1943 omnes

393 1983 649 2035 ductores
701 1996 979 2033 remorum
1025 1988 1266 2040 tuorum,
1314 1994 1505 2034 omnes
1548 1979 1860 2033 habitantes
1912 1978 1966 2033 in

394 2071 590 2125 insulis
639 2071 941 2125 contristati
986 2080 1114 2124 sunt
1165 2086 1329 2140 super
1368 2080 1441 2134 te,
1479 2079 1533 2124 et
1583 2084 1737 2140 reges
1777 2084 1968 2124 eorum

392 2170 617 2233 stupore
662 2162 1059 2230 obstupuerunt
1109 2161 1212 2229 (ά),
1263 2169 1317 2213 et
1358 2159 1636 2214 lacrimata
1678 2167 1761 2214 est
1801 2158 1969 2215 facies

390 2271 581 2309 comm
610 2270 775 2324 super
810 2262 884 2308 te.
919 2254 1008 2307 56.
1039 2250 1415 2322 Negotiatores
1441 2267 1471 2307 e
1504 2251 1754 2322 gentibus
1782 2252 1971 2307 sibila-

388 2356 587 2403 verunt
613 2364 777 2417 super
807 2356 858 2401 te
886 2364 904 2400 :
932 2347 1167 2417 perditio
1210 2346 1349 2400 facta
1378 2360 1459 2409 es,
1506 2354 1562 2399 et
1591 2359 1700 2399 non
1730 2346 1968 2417 amplius

389 2442 500 2498 eris
528 2444 581 2495 in
614 2441 902 2506 saeculum,
934 2440 1066 2494 dicit
1094 2439 1303 2494 Adonai
1332 2438 1619 2494 Dominus.

460 2534 610 2589 CAP.
631 2533 971 2589 XXVlll.—l
986 2574 1000 2585 .
1021 2531 1195 2602 Super
1214 2532 1483 2601 principes
1504 2531 1651 2601 Tyri.
1677 2531 1743 2585 Et
1764 2530 1964 2586 factum

388 2631 473 2677 est
522 2623 747 2677 verbum
795 2620 1008 2674 Doinini
1048 2622 1113 2675 ad
1152 2637 1257 2683 me,
1292 2621 1480 2675 dicens
1514 2621 1609 2674 :2.
1659 2620 1724 2674 Et
1766 2634 1845 2685 tu,
1893 2620 1966 2675 fili

389 2714 647 2776 hominis,
710 2714 799 2767 dic
850 2712 1077 2781 principi
1130 2711 1302 2783 Tyri:
1341 2710 1466 2767 Haec
1516 2712 1650 2767 dicit
1700 2712 1966 2768 Dominus

387 2804 655 2860 Dominus
688 2823 706 2859 :
740 2805 845 2860 Pro
870 2822 936 2860 eo
966 2805 1112 2875 quod
1138 2806 1403 2860 elevatum
1442 2816 1524 2861 est
1568 2822 1663 2862 cor
1695 2816 1872 2869 tuum,
1912 2816 1964 2861 et

388 2899 574 2952 dixisti
607 2916 620 2952 :
649 2897 789 2953 Dens
819 2914 938 2953 sum
975 2914 1096 2969 ego,
1137 2900 1499 2955 habitaculum
1531 2899 1623 2954 Dei
1671 2900 1964 2954 inhabitavi

387 2990 445 3045 in
468 2991 633 3045 corde
663 2991 850 3056 maris,
883 3003 937 3046 tu
970 3000 1148 3046 autem
1179 3008 1239 3047 es
1269 2992 1455 3056 homo,
1491 3000 1546 3047 et
1575 3008 1681 3046 non
1714 2991 1877 3051 Deus.
1912 3000 1966 3046 et

2074 519 2490 584 carbunculum,
2556 528 2611 573 et
2681 519 3004 588 sapliiruni,
3075 528 3130 571 et
3190 517 3659 587 jaspidem.+et

2074 623 2378 679 argentum,
2415 622 2467 666 et
2500 628 2689 665 aurum
2723 612 2771 680 ζ,
2800 620 2854 665 et
2900 611 3178 681 ligurium,
3212 619 3265 662 et
3306 609 3564 674 achaten,
3605 618 3659 663 et

2073 705 2461 775 amethystum,
2488 712 2544 758 et
2568 703 2984 774 clirystvlithum,
3012 712 3065 756 et
3097 700 3382 771 beryllum,
3418 709 3473 755 et
3519 715 3659 769 ony-

2073 803 2250 864 clicm,
2282 810 2335 855 et
2362 815 2496 853 auro
2529 799 2821 870 implevisti
2871 801 3158 852 thesauros
3190 806 3334 862 tuos,
3370 804 3424 849 et
3458 794 3653 848 horrea

2075 903 2164 947 tua
2192 894 2306 947 tibi.
2352 894 2438 947 14.
2480 893 2522 945 A
2554 892 2661 954 die,
2692 906 2800 959 quo
2832 898 3047 943 creatus
3073 903 3156 950 es,
3186 889 3252 955 )a(
3274 886 3349 955 (g)
3384 900 3656 955 praepara-

2074 998 2202 1041 runt
2237 989 2260 1056 ζ
2292 1003 2411 1041 cum
2439 989 2503 1052 >ε<
2527 983 2745 1038 Cberub
2777 992 2962 1044 uncto,
2993 980 3351 1033 commoranti
3392 980 3445 1031 in
3471 978 3654 1031 taber-

2075 1054 2269 1133 naculo
2298 1080 2321 1147 ζ
2358 1097 2371 1132 :
2406 1085 2461 1131 et
2487 1076 2608 1132 dedi
2641 1084 2693 1129 te
2719 1074 2771 1128 in
2798 1085 2982 1128 monte
3016 1054 3348 1135 sancto/Dei,
3386 1069 3564 1124 factus
3596 1086 3655 1125 es

2076 1169 2127 1222 in
2151 1169 2330 1223 medio
2359 1169 2598 1239 lapidum
2636 1167 2942 1237 igneorum.
2972 1164 3063 1218 15.
3094 1162 3262 1217 Fuisti
3295 1162 3415 1217 sine
3438 1160 3655 1215 macula

2075 1272 2130 1316 tu
2163 1262 2214 1315 in
2251 1260 2441 1314 diebus
2471 1258 2601 1320 tuis,
2640 1273 2669 1310 a
2709 1257 2817 1322 die,
2864 1270 2973 1326 quo
3001 1263 3055 1309 tu
3089 1265 3308 1309 creatus
3346 1269 3428 1319 es,
3479 1252 3655 1308 donec

2076 1354 2309 1408 inventae
2338 1350 2763 1420 suutinjustitiae
2791 1358 2893 1402 tua:
2920 1348 2972 1400 in
3005 1356 3074 1401 te.
3109 1345 3195 1400 16.
3228 1346 3269 1399 Α
3304 1343 3655 1399 multitudine

2078 1446 2465 1518 negotiationis
2502 1455 2607 1500 tua:
2636 1440 2926 1513 implevisti
2957 1439 3036 1511 (Ii)
3070 1440 3287 1496 cellaria
3320 1450 3411 1494 tua
3444 1439 3654 1507 iniqui-

2074 1547 2207 1603 tate,
2252 1546 2306 1593 et
2332 1535 2591 1607 peccasti,
2634 1544 2688 1588 et
2727 1546 3022 1602 percussus
3054 1547 3113 1586 es
3151 1546 3183 1585 a
3222 1538 3403 1584 monte
3432 1528 3526 1583 Dei
3560 1538 3656 1582 :et

2074 1629 2301 1684 adduxit
2330 1636 2380 1683 te
2401 1626 2621 1683 Cherub
2640 1627 2706 1693 »ξ
2721 1622 3053 1679 obumbrans
3073 1621 3094 1689 ζ
3113 1621 3179 1675 de
3202 1620 3380 1677 medio
3407 1620 3656 1689 lapidum

2075 1722 2383 1791 igneorum.
2434 1718 2519 1772 l7.
2568 1716 2781 1771 Elatum
2826 1722 2911 1782 est
2943 1727 3040 1768 cor
3073 1721 3224 1767 tuum
3265 1727 3429 1782 super
3453 1710 3658 1766 decore

2074 1822 2189 1876 tuo,
2220 1818 2475 1880 corrupta
2506 1817 2588 1863 est
2609 1806 2837 1863 scicntia
2871 1813 2964 1859 tua
3012 1819 3137 1859 cum
3185 1804 3379 1859 decore
3420 1812 3516 1858 tuo
3550 1818 3653 1859 ται-

2072 1914 2294 1977 propter
2342 1903 2748 1958 multitudinem
2796 1912 3151 1971 peccatorum
3184 1909 3400 1952 tuorum
3437 1896 3657 1966 :super

2074 2007 2270 2051 terram
2306 1994 2509 2065 projeci
2559 2003 2629 2057 te,
2662 2007 2846 2045 coram
2874 1992 3091 2061 regibus
3117 1988 3238 2045 dedi
3266 1998 3338 2053 te,
3372 1995 3432 2041 ut
3458 1986 3656 2040 illude-

2069 2088 2229 2141 reris.
2276 2087 2367 2142 18.
2420 2087 2651 2154 Propter
2706 2082 3108 2137 multitudinem
3174 2079 3239 2150 (i)
3299 2085 3649 2147 peccatorqu

2069 2187 2314 2243 tuorum,
2346 2186 2399 2231 et
2423 2174 2817 2245 injustitiarum
2850 2169 3232 2241 negotiationis
3260 2177 3363 2223 tua?
3384 2166 3457 2236 (lt)
3482 2165 3654 2236 pollui

2071 2272 2132 2341 (Ι)
2165 2288 2321 2328 sacra
2368 2282 2481 2338 tua,
2530 2280 2583 2325 et
2624 2269 2855 2324 educam
2892 2268 3069 2339 ignem
3105 2268 3171 2322 de
3209 2267 3390 2322 medio
3422 2265 3525 2331 tui,
3564 2264 3661 2318 hic

2076 2362 2361 2418 devorabit
2390 2371 2442 2417 te
2470 2379 2483 2416 :
2517 2369 2572 2416 et
2599 2360 2740 2415 dabo
2772 2369 2822 2413 te
2854 2359 2906 2413 in
2935 2359 3171 2414 cinerem
3203 2373 3364 2429 super
3390 2366 3533 2412 terra
3558 2364 3654 2410 tua

2068 2468 2253 2508 coram
2297 2452 2550 2507 omnibus
2581 2449 2888 2504 videntibus
2937 2458 3010 2503 te.
3056 2450 3141 2502 t9.
3186 2448 3251 2501 Et
3297 2462 3511 2512 omnes,
3556 2444 3656 2516 qui

2070 2555 2340 2601 noverunt
2369 2554 2422 2599 te
2450 2544 2504 2598 in
2554 2541 2830 2612 gentibus.
2856 2540 3328 2596 contristabuntur
3359 2552 3521 2608 super
3557 2548 3612 2592 te
3635 2556 3652 2591 :

2069 2634 2298 2705 perditio
2343 2631 2519 2686 factus
2552 2646 2633 2693 es,
2668 2640 2723 2683 et
2758 2644 2867 2683 non
2899 2629 3131 2683 exsistes
3167 2628 3399 2699 amplius
3444 2628 3500 2682 in
3550 2642 3654 2682 sa:-

2067 2727 2271 2782 culuin.
2302 2722 2391 2779 20.
2420 2722 2596 2792 Super
2625 2720 2907 2776 Sidonem.
2958 2718 3024 2772 Et
3052 2718 3256 2775 factum
3301 2728 3385 2776 est
3427 2718 3653 2773 verbum

2069 2816 2287 2872 Domini
2345 2814 2413 2868 ad
2455 2827 2562 2876 me,
2619 2811 2808 2866 dicens
2844 2829 2858 2865 :
2888 2812 2978 2866 2i.
3024 2811 3126 2866 Fili
3191 2810 3450 2871 hominis.
3512 2824 3659 2878 pone

2067 2908 2259 2963 faciem
2322 2915 2470 2961 tuam
2531 2918 2695 2974 super
2750 2901 3028 2966 Sidouem,
3076 2911 3131 2956 et
3174 2900 3435 2972 propheta
3483 2915 3658 2969 super

2066 3013 2209 3062 eam,
2238 2997 2330 3051 22.
2353 3003 2407 3051 et
2426 2996 2515 3050 die
2547 3012 2561 3048 :
2592 2991 2717 3048 Haec
2753 2992 2885 3047 dicit
2923 2992 3128 3045 Adonai
3160 2990 3423 3046 Dominus
3452 3009 3467 3044 :
3500 2989 3643 3045 Ecce

389 3081 584 3136 dedit“
629 3097 725 3137 ποτ
784 3093 932 3136 "tum
958 3121 972 3147 9
1029 3084 1171 3137 Sim“
1226 3099 1320 3138 (εοΐ
1384 3084 1519 3148 Dei;
1581 3084 1635 3138 5-
1698 3083 1960 3154 numquid
1991 3102 2034 3161 ο
2067 3108 2168 3163 ego
2201 3105 2365 3160 super
2404 3098 2475 3153 te,
2513 3086 2704 3150 Sidon,
2729 3094 2779 3140 et
2808 3084 3153 3154 glorifirabor
3192 3084 3351 3148 inte,
3389 3091 3445 3138 et
3482 3083 3655 3149 scies,

391 3174 609 3243 sapiens
639 3189 699 3230 es
730 3175 850 3245 plus
878 3191 1041 3245 quam
1072 3175 1295 3231 Daniel?
1324 3184 1420 3230 aut
1453 3178 1523 3245 (ε)
1556 3176 1829 3245 sapientes
1852 3193 1961 3231 non

2064 3185 2190 3255 quia
2236 3195 2570 3253 ego-rsum
2604 3179 2627 3247 ζ
2658 3177 2944 3241 Dominus,
2988 3178 3209 3247 quando
3253 3176 3432 3231 fecero
3480 3176 3536 3230 in
3592 3184 3648 3232 te

388 3268 709 3323 erudierunt
737 3277 787 3322 te
810 3267 863 3322 iu
893 3267 1116 3323 scientia
1135 3269 1275 3321 sua?
1301 3269 1354 3321 ι.
1373 3268 1625 3335 Nunquid
1657 3269 1706 3322 in
1732 3270 1961 3324 scientia
2030 3326 2041 3339 ,
2059 3275 2287 3345 judicia,
2318 3281 2371 3327 et
2398 3270 2782 3327 sanctificabor
2820 3268 2874 3323 in
2915 3278 2986 3323 te.
3019 3268 3109 3323 25.
3146 3266 3212 3322 Et
3241 3267 3450 3323 mittam
3480 3283 3659 3337 super

392 3373 511 3421 tua.
537 3370 631 3414 aut
662 3360 717 3414 in
752 3360 1048 3430 sagacitate
1082 3372 1173 3414 tua
1214 3361 1387 3415 fecisti
1425 3361 1520 3414 tibi
1566 3360 1960 3425 fortitudinem,

387 3463 444 3508 et
485 3452 663 3508 fecisti
708 3467 925 3518 aurum,
974 3461 1025 3507 et
1065 3460 1346 3523 argentum
1388 3453 1441 3505 in
1487 3453 1761 3508 thesauris
1810 3453 1962 3509 tuis?

390 3545 442 3600 5.
490 3554 586 3599 aut
632 3546 686 3599 in
727 3546 954 3600 scientia
996 3555 1086 3599 tua
1140 3545 1337 3608 multa,
1385 3554 1441 3599 et
1491 3545 1545 3599 in
1600 3547 1964 3616 negotiatione

388 3636 755 3705 multiplicasti
814 3637 1184 3692 fortitudinem
1243 3645 1387 3690 tuam
1427 3654 1441 3690 :
1485 3637 1686 3692 elatum
1735 3648 1819 3693 est
1869 3654 1964 3693 cor

387 3736 544 3782 tuum
579 3728 630 3781 in
667 3727 982 3781 fortitudine
1020 3736 1133 3781 tua.
1175 3728 1227 3780 ti.
1271 3725 1492 3796 Propter
1527 3728 1645 3803 hoc
1682 3728 1797 3783 haec
1832 3731 1967 3786 dicit

388 3817 655 3873 Dominus
697 3817 1005 3872 Dominus:
1039 3818 1175 3883 Quia
1219 3816 1414 3872 dedisti
1468 3833 1565 3873 cor
1602 3828 1779 3883 tuum,
1820 3820 1964 3876 sicut

388 3924 486 3963 eor
513 3909 635 3973 Dei,
670 3909 724 3963 '1.
777 3925 877 3979 pro
909 3909 1013 3963 hoc
1040 3925 1169 3963 ecce
1195 3924 1295 3979 ego
1331 3910 1543 3965 adduco
1567 3926 1732 3980 super
1762 3920 1815 3966 te
1837 3928 1963 3967 cor-

388 4006 640 4071 ruptores
668 4002 876 4056 allenos
907 4018 936 4054 e
966 4002 1239 4071 gentibus,
1279 4010 1334 4057 et
1381 4004 1723 4059 evacuabnnt
1754 4004 1963 4075 gladios

390 4108 519 4145 suos
541 4106 707 4159 super
744 4100 817 4154 te,
859 4100 913 4144 et
964 4107 1130 4160 super
1170 4093 1418 4145 decorem
1462 4093 1702 4148 scientia:
1743 4103 1870 4163 tum,
1909 4105 1965 4151 et

390 4192 633 4237 sternent
656 4182 905 4237 decorem
932 4191 1081 4236 tuum
1106 4182 1159 4237 in
1183 4181 1565 4251 perditionem,
1582 4183 1635 4237 8.
1669 4193 1723 4239 et
1741 4186 1966 4241 descen-

389 4276 518 4328 dere
562 4274 759 4329 facient
813 4283 885 4335 te.
925 4283 979 4327 et
1020 4274 1270 4328 morieris
1326 4284 1502 4329 morte
1547 4276 1853 4331 occisorum
1907 4279 1964 4333 in

390 4368 552 4421 corde
583 4366 770 4420 maris.
799 4363 851 4418 9.
888 4363 1163 4433 Numquid
1197 4365 1427 4419 dicendo
1454 4365 1604 4421 dices
1633 4365 1815 4423 :Deus
1843 4382 1961 4422 sum

2066 3378 2116 3421 te
2145 3372 2397 3426 mortem,
2438 3371 2492 3416 et
2535 3362 2855 3431 sanguinem
2893 3360 2946 3415 in
2980 3361 3173 3430 plateis
3210 3359 3340 3423 tuis,
3367 3368 3422 3413 et
3449 3360 3658 3414 cadent

2064 3458 2233 3514 occisi
2257 3460 2324 3525 Χ
2347 3457 2400 3510 in
2430 3455 2609 3509 medio
2638 3454 2758 3521 ejus
2792 3455 2816 3523 ζ
2847 3454 2899 3507 in
2931 3453 3127 3522 gladiis
3160 3452 3213 3505 in
3243 3461 3294 3506 te
3318 3452 3466 3507 circa
3497 3463 3572 3519 te,
3602 3460 3660 3506 et

2065 3551 2261 3613 scient,
2320 3548 2451 3618 quia
2482 3562 2583 3617 ego
2623 3562 2745 3601 sum
2793 3544 3079 3601 Dominus.
3125 3543 3216 3599 2i.
3267 3543 3335 3597 Et
3382 3557 3496 3598 non
3547 3542 3657 3598 erit

2070 3641 2307 3711 amplius
2338 3640 2393 3693 in
2425 3638 2588 3693 domo
2615 3635 2834 3691 lsraelis
2864 3636 3119 3691 stimulus
3147 3633 3555 3698 amaritudinis,
3597 3642 3656 3690 et

2070 3734 2227 3803 spina
2254 3730 2486 3787 miseriae
2512 3729 2582 3784 ab
2609 3728 2890 3794 omnibus,
2922 3729 3016 3799 qui
3052 3727 3196 3783 circa
3226 3741 3341 3793 eos,
3375 3726 3472 3796 qui
3506 3740 3661 3796 spre-

2069 3837 2262 3883 verunt
2286 3840 2402 3889 eos,
2441 3834 2496 3879 et
2536 3823 2733 3887 scient,
2771 3821 2899 3891 quia
2947 3834 3048 3891 ego
3076 3834 3195 3874 sum
3233 3817 3441 3873 Adonai
3471 3815 3661 3873 Domi-

2066 3936 2189 3975 nus.
2220 3918 2312 3973 25.
2340 3916 2467 3971 Hzec
2488 3916 2620 3970 dicit
2649 3914 2860 3971 Adouai
2890 3912 3151 3966 Dominus
3185 3927 3199 3963 :
3226 3909 3291 3964 Et
3310 3908 3665 3977 congregatio

2064 4014 2285 4069 domum
2323 4010 2537 4067 lsraelis
2570 4024 2633 4063 ex
2661 4007 2933 4077 gentibus,
2960 4020 3069 4074 quo
3100 4002 3328 4072 dispersi
3356 4010 3483 4057 sunt
3504 4001 3665 4075 illuc.

2063 4117 2118 4160 et
2163 4104 2545 4161 sanctificabor
2583 4101 2640 4154 in
2679 4100 2760 4154 eis
2804 4113 2987 4153 coram
3032 4096 3285 4167 gentibus
3324 4103 3381 4150 et
3408 4094 3655 4163 populis.

2063 4197 2153 4251 26.
2212 4195 2278 4248 Et
2337 4192 2664 4247 habitabunt
2710 4204 2873 4258 super
2931 4197 3075 4241 terra
3129 4200 3253 4250 sua,
3307 4201 3470 4255 quam
3530 4184 3662 4241 dedi

2067 4303 2227 4345 servo
2268 4301 2389 4340 meo
2418 4283 2645 4345 Jacobo,
2687 4293 2740 4336 et
2784 4280 3114 4334 habitabunt
3158 4293 3321 4347 super
3354 4293 3417 4332 ea
3449 4277 3504 4330 in
3533 4292 3653 4347 spe,

2064 4390 2119 4435 et
2179 4377 2525 4434 aadiﬁcabunt
2569 4375 2781 4435 domos,
2839 4380 2894 4426 et
2952 4369 3282 4440 plantabunt
3337 4367 3544 4431 vineas,
3603 4376 3662 4423 et

388 4474 712 4529 ego,eoram
752 4458 1123 4513 occidentibus
1157 4459 1241 4510 te?
1276 4466 1332 4511 tu
1372 4467 1553 4512 autem
1596 4474 1656 4513 es
1695 4459 1880 4524 homo,
1905 4468 1960 4515 et

2071 4468 2390 4527 babitabunt
2415 4466 2469 4519 in
2498 4480 2613 4535 spe,
2636 4479 2761 4519 cum
2788 4462 2967 4515 fecero
2988 4460 3257 4527 judicium
3285 4458 3337 4511 in
3374 4458 3658 4536 omnibus,

390 4567 497 4605 non
551 4551 691 4605 Deus
741 4553 796 4605 in
859 4550 1205 4605 multitudine
1260 4550 1655 4606 homicidarum
1719 4560 1961 4606 tuorum.

390 4646 478 4700 σθ.
508 4644 773 4699 Mortibus
807 4642 1317 4697 incircumcisorum
1346 4642 1599 4697 morieris
1624 4642 1677 4695 in
1710 4644 1965 4699 manibus

390 4739 719 4803 alienorum,
773 4738 898 4806 quia
955 4751 1057 4806 ego
1109 4736 1324 4789 locutus
1380 4750 1526 4803 sum,
1572 4735 1703 4789 dicit
1756 4735 1966 4791 Adonai

388 4831 670 4885 Dominus.
711 4830 795 4883 il.
831 4829 894 4882 Et
917 4828 1119 4882 factum
1146 4838 1232 4881 est
1257 4827 1483 4881 verbum
1523 4827 1732 4881 Domini
1759 4828 1826 4881 ad
1858 4843 1965 4889 me,

388 4926 575 4979 dicens
626 4943 639 4979 :
692 4925 776 4977 Η..
831 4922 930 4975 Fili
991 4920 1264 4985 hominis,
1328 4936 1483 4975 sume
1524 4920 1964 4975 lamentationem

389 5034 551 5086 super
587 5018 885 5087 principem
921 5014 1071 5086 Tyri,
1107 5024 1161 5069 et
1196 5013 1285 5067 dic
1310 5013 1359 5067 ei
1395 5030 1407 5066 :
1442 5012 1565 5067 Hzec
1615 5014 1747 5067 dicit
1776 5013 1961 5067 Domi-

389 5124 493 5161 nus
534 5107 797 5161 Dominus
831 5124 845 5161 :
878 5107 959 5161 Tu
1004 5122 1064 5162 es
1109 5105 1343 5177 sigillum
1374 5104 1441 5175 (f)
1472 5105 1863 5170 similitudinis,
1894 5109 1961 5175 χ

387 5208 577 5270 plenus
626 5201 887 5271 sapientia
929 5200 977 5269 ζ,
1005 5206 1059 5254 et
1104 5214 1305 5253 corona
1336 5198 1549 5253 decoris
1596 5200 1679 5253 l3.
1724 5199 1775 5252 in
1809 5203 1963 5255 volu-

386 5301 534 5361 ptate
562 5290 717 5345 faciei
752 5291 843 5345 Dei
877 5289 1047 5355 fuisti,
1094 5304 1311 5343 omnem
1351 5287 1583 5357 lapidem
1610 5290 1808 5345 bonum
1840 5292 1963 5346 ein-

457 5526 524 5592 (c)
558 5522 641 5584 S.,
684 5531 1201 5596 commovebuntur,
1233 5522 1324 5596 qui
1351 5523 1559 5591 procul.
1598 5521 1731 5596 Ila,
1754 5523 2249 5596 commovebuntur
2273 5520 2544 5596 regiones.
2606 5520 2730 5596 _(d)_
2759 5520 2841 5581 8.,
2875 5520 3334 5596 permutabuntur
3386 5520 3458 5596 ini

1184 5584 1368 5660 (eis;
1402 5610 1564 5648 omne
1601 5584 1869 5647 ineffabile
1904 5608 1963 5646 nc

1184 5663 1259 5727 (9)
1293 5661 1374 5725 8..
1408 5665 1708 5719 stabilitum
1738 5672 1841 5717 cst.
1935 5663 1963 5723 fl

2071 5593 2261 5647 ransiit
2291 5584 2363 5644 te:
2402 5589 2457 5644 In
2503 5584 2769 5659 sapientia
2801 5584 2914 5649 tua,
2955 5597 3009 5641 et
3046 5588 3101 5639 in
3143 5584 3495 5651 intelligentia
3537 5590 3660 5634 tua.

2071 5664 2138 5725 Β..
2181 5662 2421 5715 medium
2454 5661 2551 5715 tui.
2632 5660 2693 5727 (i)
2719 5656 3030 5727 lniquitatis
3057 5665 3181 5711 tuae.
3280 5654 3352 5727 (Β)
3376 5649 3660 5706 Polluisti.

386 5596 651 5651 facii-rum
693 5604 1080 5646 mercatorum.

386 5665 456 5731 in
519 5663 640 5726 Th.,
676 5663 1110 5731 praeparationis.
1184 5663 1259 5733 (g)
1292 5661 1374 5733 δ..
1408 5665 1708 5719 stabilitttm
1738 5672 1841 5717 est.

2067 4562 2159 4630 qui
2203 4556 2595 4614 contemserint
2624 4570 2718 4609 eos
2754 4554 2805 4607 iu
2836 4552 3070 4606 circuitu
3105 4566 3318 4612 eorum,
3364 4559 3418 4604 et
3454 4550 3657 4613 scient,

2067 4650 2212 4720 quod
2275 4664 2375 4718 ego
2434 4662 2553 4703 sum
2609 4644 2874 4709 Dominus
2930 4642 3071 4695 Deus
3124 4656 3348 4705 eorum,
3396 4649 3451 4695 et
3512 4638 3659 4694 Deus

2070 4749 2284 4811 patrum
2320 4754 2535 4793 eorum.

2145 4832 2298 4886 CAP.
2322 4829 2512 4884 XXIX.
2538 4827 2674 4883 -Ι,
2700 4827 2875 4894 Super
2892 4826 3182 4899 Aﬂgyptum
3209 4836 3263 4881 et
3292 4825 3652 4880 Pharaonem.

2073 4924 2132 4979 in
2163 4939 2306 4979 anno
2336 4922 2430 4993 (nt)
2457 4920 2692 4984 decimo,
2729 4920 2784 4973 in
2803 4934 2990 4974 mense
3014 4919 3249 4981 decimo,
3282 4933 3393 4971 uno
3424 4918 3661 4980 mensis,

2072 5017 2274 5073 factum
2323 5026 2405 5070 est
2444 5015 2665 5069 verbum
2707 5011 2923 5066 Domini
2952 5012 3018 5066 ad
3055 5027 3162 5077 me,
3200 5011 3386 5065 dicens
3416 5029 3429 5062 :
3460 5010 3514 5063 2.
3548 5008 3657 5064 Fili

2074 5110 2334 5171 hominis,
2375 5108 2602 5161 obfirma
2646 5105 2836 5159 faciem
2892 5114 3039 5158 tuam
3092 5118 3257 5173 super
3313 5101 3659 5156 Pharaonem

2072 5217 2254 5267 regrm
2298 5198 2543 5268 Atlgypti,
2577 5207 2631 5251 et
2679 5196 2939 5265 propheta
2995 5192 3157 5262 Super
3196 5210 3344 5255 eum,
3393 5202 3444 5246 et
3490 5207 3659 5260 super

2071 5292 2366 5363 Egyptum
2416 5305 2660 5351 omnem,
2718 5289 2771 5344 ὅ.
2813 5293 2881 5356 3K
2913 5289 3134 5357 loquere
3206 5297 3260 5341 et
3298 5285 3439 5352 :dic
3476 5302 3488 5338 :
3527 5282 3658 5338 llaec

2642 5518 2720 5587 (ά)
2759 5516 2841 5581 8.,
2875 5515 3334 5587 perrnulabuntur
3386 5510 3660 5587 imagines

2632 5660 2693 5730 (i)
2719 5656 3030 5731 lniquitatis
3057 5665 3181 5711 tuae.
3280 5649 3352 5727 (lt)
3376 5649 3662 5706 Polluisti.

391 5735 461 5805 tl)
489 5733 872 5788 Sanctuarium
906 5742 1079 5785 tnum.
1157 5732 1253 5804 (in)
1291 5732 1642 5800 Duo-decimo,
1678 5734 1731 5786 in
1767 5749 1950 5787 mense
1980 5736 2331 5788 duodeCinto.
