3864 6220
210 307 360 364 9733

1372 282 1777 345 IIEZECIELIS
1809 282 2041 341 CAPUT
2081 283 2249 341 XXX.

3340 271 3485 334 επι

214 430 353 485 dicit
377 423 642 479 Dominus
664 419 932 478 Dominus
962 417 1137 475 :Ecce
1156 431 1257 488 ego
1283 429 1449 484 super
1481 422 1551 476 te,
1572 412 1807 472 Pharao,
1838 410 1886 469 Α
1913 444 2035 483 γεω
2064 429 2227 486 duce,
2254 429 2623 501 captivum“)
2658 428 2784 500 eius
2810 445 2825 496 ;
2850 434 2905 483 ει
2927 424 3033 482 em
3059 436 3268 479 merces
3297 415 3486 475 vim“,

218 526 393 592 )(rex
437 516 657 590 Egypti
693 518 745 586 1,
771 515 1065 570 draconem
1112 525 1392 582 magnum,
1428 508 1703 562 sedentem
1743 503 1796 556 in

216 614 402 670 medio
440 610 726 667 ﬂuminum
772 607 850 677 (tt)
896 621 1148 669 suorum,
1186 603 1455 658 dicentem
1488 615 1502 652 :
1534 599 1648 651 Mea
1675 606 1802 652 sunt

212 704 468 765 Iniurius,
497 711 551 756 et
583 716 685 771 ego
718 698 818 754 feci
842 712 929 753 ea.
962 697 1017 750 4.
1051 694 1117 749 Ει
1149 709 1251 765 ego
1271 693 1413 748 dabo
1437 689 1510 759 (ο)
1546 690 1798 758 laqueum

216 798 275 852 in
305 794 556 851 maxillas
581 802 725 851 tuas.
757 800 813 846 et
850 789 1209 860 agglutinabo
1245 786 1424 856 pisces
1452 779 1690 836 ﬂuminis
1721 777 1802 833 tui

215 884 288 940 ad
314 884 433 940 alas
473 892 613 948 tuas,
659 889 714 935 et
750 879 979 935 educam
1014 888 1068 934 te
1104 879 1168 932 (le
1212 875 1390 931 medio
1425 871 1667 927 ﬂuminis
1700 869 1801 934 tui,

213 986 274 1031 et
310 991 504 1031 omnes
530 975 709 1045 pisces
740 972 982 1028 ﬂuminis
1019 970 1263 1043 squamis
1291 970 1400 1024 tuis
1432 964 1803 1023 adhaerebunt.

214 1070 277 1126 ὅ.
326 1069 394 1125 Et
434 1067 717 1140 projiciam
763 1074 817 1120 te
856 1065 1133 1128 velociter,
1160 1068 1297 1132 Xet
1337 1070 1389 1117 te
1424 1061 1473 1130 1,
1509 1067 1559 1115 et
1612 1072 1804 1113 omnes

209 1163 397 1235 pisces
426 1160 667 1216 ﬂuminis
697 1178 712 1214 :
743 1174 907 1229 super
950 1156 1145 1213 faciem
1180 1155 1355 1224 campi
1401 1153 1479 1209 tui
1528 1152 1713 1214 cades,
1751 1158 1809 1205 et

216 1270 330 1311 non
359 1253 799 1326 congregaberis,
838 1265 1016 1321 neq-ue
1056 1248 1328 1321 colligeris
1360 1266 1373 1303 :
1407 1247 1598 1303 bestiis
1628 1254 1804 1309 terrae,

1900 522 2018 590 eius
2044 542 2057 579 ε
2086 523 2174 579 90.
2211 525 2274 595 (‘)
2325 540 2421 593 pro
2461 525 2664 580 servitu
2711 523 2854 592 ejus,
2887 536 2998 592 quo
3027 518 3174 574 cultu
3208 511 3490 571 servitutis

1901 615 2121 670 servivit
2144 632 2310 687 super
2335 616 2560 688 Tyrum,
2593 616 2720 670 dedi
2743 616 2791 669 ei
2817 625 3014 668 terram
3044 609 3289 680 Egypti,
3309 610 3487 672 )(pro

1907 712 1930 782 1
1963 712 2239 775 omnibus,
2280 725 2399 781 qua:
2441 709 2684 763 fecerunt
2731 705 2887 759 mihi.
2910 718 2969 758 -ι-
2998 700 3122 755 Haec
3152 701 3176 769 1
3205 698 3335 753 dicit
3374 694 3487 747 Do-

1902 803 2086 858 minus
2118 802 2382 857 Dominus
2415 819 2429 855 :
2457 800 2547 854 21.
2572 800 2628 854 ln
2658 798 2748 853 die.
2776 797 2869 851 illo
2898 794 3105 849 orietur
3134 804 3310 845 cornu
3335 783 3488 841 omni

1904 895 2089 951 domui
2134 894 2372 957 Israelis,
2420 901 2477 949 et
2523 892 2619 946 tibi
2658 891 2799 947 dabo
2836 903 2898 944 os
2930 893 3177 956 apertum
3213 883 3268 936 in
3308 875 3489 934 medio

1903 1002 2117 1053 eorum,
2146 995 2200 1041 et
2234 988 2428 1048 scient,
2464 984 2607 1056 quod
2632 998 2732 1053 ego
2756 996 2877 1037 sum
2918 977 3205 1032 Dominus.

1975 1079 2108 1150 Cap.
2163 1078 2332 1133 XXX.
2372 1107 2443 1118 —
2495 1076 2547 1130 1.
2600 1075 2663 1129 Et
2709 1073 2911 1129 factum
2959 1076 3045 1124 est
3093 1064 3319 1120 verbum
3379 1058 3490 1113 Do-

1906 1171 2040 1227 mini
2066 1172 2131 1224 ad
2165 1186 2272 1233 me,
2302 1169 2494 1223 dicens
2525 1185 2541 1222 :
2580 1166 2635 1222 ἓ.
2671 1164 2772 1219 Fili
2829 1159 3089 1224 hominis,
3114 1156 3402 1227 propheta,
3436 1159 3492 1206 et

1902 1264 1995 1319 dic
2027 1280 2040 1317 :
2075 1264 2203 1319 Haec
2224 1262 2357 1316 dicit
2377 1259 2584 1314 Adonai
2613 1251 2995 1315 Dominus:0,
3031 1266 3066 1304 0
3106 1250 3244 1313 dies,
3272 1246 3327 1301 ὅ.
3361 1243 3491 1313 quia

212 1356 272 1403 et
298 1345 614 1402 volucrtbus
657 1345 781 1401 caeli
822 1344 947 1399 dedi
988 1352 1040 1398 te
1072 1343 1125 1397 in
1159 1342 1366 1396 cibum.
1415 1339 1472 1394 6.
1506 1339 1573 1393 Et
1601 1351 1807 1408 cogno-

1917 1354 2402 1427 pr0pinquusdies,
2428 1363 2480 1407 et
2513 1349 2852 1422 propinquus
2872 1345 2992 1401 dies
3016 1340 3253 1406 Domini,
3277 1339 3396 1393 dies
3423 1339 3491 1404 ᾖε(

212 1448 375 1495 scent
399 1454 594 1494 omnes
626 1436 998 1493 inhabitantes
1035 1434 1359 1508 Egyptum,
1405 1433 1529 1504 quia
1557 1447 1656 1502 ego
1686 1444 1807 1485 sum
1898 1446 2075 1501 "ubi,
2110 1447 2157 1516 ε,
2198 1445 2325 1499 ﬁnis
2380 1443 2621 1514 genuum
2672 1440 2796 1493 erit,
2829 1436 2883 1490 4,
2928 1435 2995 1489 Et
3042 1432 3223 1487 veniet
3276 1428 3493 1495 gladius

218 1527 521 1594 Dominus,
557 1542 659 1598 pro
692 1542 760 1583 eo
809 1525 955 1597 quod
998 1524 1177 1581 factus
1215 1540 1273 1580 es
1322 1524 1473 1594 virga
1511 1520 1810 1576 arundinea

1917 1554 2075 1609 super
2102 1536 2409 1608 IEgyptios,
2439 1543 2494 1589 et
2512 1532 2617 1587 erit
2652 1528 2990 1601 perturbatio
3030 1526 3085 1580 in
3108 1521 3407 1591 .Ethiopia,
3432 1526 3491 1573 et

217 1621 408 1677 domui
455 1620 675 1683 lsraelis
710 1637 723 1675 :
762 1618 811 1676 7.
856 1633 981 1675 cum
1022 1616 1501 1689 apprehenderunt
1540 1624 1593 1670 te
1646 1628 1810 1668 manu
1908 1630 2104 1687 eadem
2151 1628 2320 1684 occisi
2383 1628 2436 1681 in
2483 1622 2745 1695 Εεγριο,
2784 1622 2853 1689 χ
2885 1627 2941 1674 ει
2993 1617 3209 1687 capient
3248 1611 3495 1667 multitu-

214 1728 342 1776 ωδ,
390 1712 710 1768 confractus
750 1727 837 1776 es,
875 1721 930 1767 et
971 1726 1099 1766 cum
1144 1707 1430 1781 pragvaluit
1483 1720 1650 1776 super
1711 1719 1808 1760 eos

1917 1722 2094 1777 dinem
2122 1720 2335 1790 ejns1,
2368 1726 2422 1773 et
2459 1715 2656 1772 cadent
2702 1712 2867 1768 simul
2926 1710 3281 1764 fundamenta
3347 1701 3491 1772 ejus.

210 1806 403 1861 omnis
456 1821 677 1867 manus,
730 1812 786 1858 et
818 1803 1041 1873 quando
1092 1800 1479 1871 requieverunt
1527 1813 1693 1869 super
1729 1808 1801 1864 te,

217 1899 536 1954 confractus
561 1912 641 1963 es,
658 1905 713 1950 et
731 1894 1033 1951 contrivisti
1059 1909 1277 1949 omnem
1314 1893 1558 1948 lumbum
1591 1907 1803 1947 eorum.

216 1989 271 2045 8.
315 1988 545 2059 Propter
586 1988 692 2042 hoc
726 1987 840 2041 ha‘c
877 1986 1008 2041 dicit
1037 1985 1302 2041 Dominus
1338 1984 1639 2040 Dominus:
1668 1982 1807 2039 Ecce

214 2096 322 2152 ego
344 2080 547 2135 induco
570 2094 735 2149 super
758 2088 808 2132 te
830 2077 1091 2149 gladium,
1126 2084 1181 2132 et
1207 2076 1427 2147 perdam
1455 2075 1522 2131 de
1550 2084 1602 2129 te
1630 2074 1807 2129 homi-

215 2188 321 2229 nes
347 2182 403 2228 et
425 2172 688 2239 iumenta.
721 2169 772 2224 9.
809 2171 874 2225 Et
912 2170 1018 2224 erit
1048 2177 1192 2224 terra
1222 2166 1444 2239 Egypti
1472 2165 1724 2237 perditio,
1754 2174 1809 2221 et

213 2265 462 2321 solitudo
491 2284 503 2318 :
532 2272 587 2319 et
642 2264 838 2328 scient,
882 2261 1027 2332 quod
1064 2275 1166 2331 ego
1197 2276 1317 2315 sum
1367 2258 1630 2314 Dominus
1662 2276 1677 2312 :
1708 2272 1808 2327 pro

209 2373 288 2415 eo
329 2357 477 2427 quod
510 2356 649 2411 dicis
684 2374 697 2409 :
732 2353 984 2409 Flumina
1030 2361 1327 2415 mea'sunt,
1356 2359 1410 2405 et
1453 2366 1554 2422 ego
1586 2350 1689 2405 feci
1719 2365 1804 2404 ea.

211 2451 313 2506 £0.
344 2447 577 2519 Propter
604 2449 705 2503 hoc
729 2462 856 2504 ecce
890 2464 990 2518 ego
1033 2462 1195 2515 super
1230 2456 1301 2508 te,
1344 2454 1399 2499 et
1430 2460 1592 2514 super
1625 2443 1807 2497 omnia

212 2543 447 2600 ﬂumina
474 2552 590 2608 tua,
613 2551 666 2597 ct
692 2541 835 2595 dabo
871 2550 1070 2595 terram
1092 2538 1309 2610 Egypti
1346 2538 1399 2591 iu
1433 2536 1806 2600 solitudinem,

214 2645 277 2692 et
302 2636 357 2691 in
388 2634 650 2706 gladium,
686 2632 816 2688 etin
857 2631 1241 2702 perditionem,
1269 2646 1298 2684 a
1332 2628 1564 2700 Magdol,
1598 2637 1654 2683 et
1679 2627 1808 2682 Sui-

212 2744 351 2793 nus,
401 2737 457 2783 et
502 2743 675 2797 usque
726 2725 794 2781 ad
850 2725 1114 2781 terminos
1161 2722 1506 2793 Ethiopum.
1545 2723 1631 2777 11.
1691 2721 1810 2776 Νοη

210 2820 484 2878 transibit
534 2820 587 2874 in
632 2835 698 2874 ea
740 2834 839 2889 pes
872 2818 1135 2880 hominis,
1195 2825 1251 2895 et
1295 2832 1389 2887 pes
1417 2816 1651 2886 jumenti
1700 2830 1810 2870 non

216 2911 481 2968 transibit
504 2926 649 2975 eam,
691 2919 748 2965 et
793 2925 903 2964 non
948 2909 1283 2965 habitabitur
1310 2908 1675 2980 quadraginta
1710 2925 1813 2964 an-

215 3019 347 3060 nos.
372 3003 465 3058 l2.
500 3002 567 3057 Et
596 3003 739 3057 dabo
776 3009 976 3057 terram
1002 3000 1127 3071 ejus
1153 3001 1513 3072 perditionem
1545 3002 1600 3057 in
1634 3002 1812 3056 medio

1913 1812 1967 1867 5.
1997 1810 2198 1875 Persae,
2215 1818 2269 1864 et
2299 1809 2612 1873 Cretenses,
2638 1815 2692 1859 et
2718 1802 2873 1876 Lydi,
2903 1810 2958 1856 et
2985 1799 3205 1869 Libyes,
3225 1806 3279 1851 et
3299 1808 3494 1849 omnes

1902 1902 2205 1965 commisti,
2232 1910 2288 1955 et
2326 1900 2566 1955 liliorum
2617 1893 2927 1952 testamenti
2992 1892 3121 1953 mei,
3154 1890 3277 1959 ipso
3304 1886 3489 1957 gladio

1902 1995 2124 2049 cadent.
2154 1991 2210 2046 6.
2248 1994 2315 2059 )t(
2344 1989 2469 2045 Haec
2498 1988 2629 2043 dicit
2664 1986 2874 2041 Adouai
2922 1983 3187 2039 Dominus
3218 1982 3241 2051 1
3277 1998 3291 2034 :
3318 1987 3374 2033 et
3398 1992 3494 2033 ca-

1900 2088 2039 2142 dent
2079 2082 2449 2139 susteutacula
2482 2079 2721 2151 Egypti,
2748 2087 2802 2133 et
2833 2077 3129 2132 descendet
3162 2071 3493 2128 contumelia

1909 2177 2245 2235 fortitudinis
2268 2174 2387 2245 ejus
2412 2189 2442 2228 a
2467 2171 2679 2239 Magdol
2706 2198 2769 2226 -ε-
2797 2184 2971 2238 usque
2998 2168 3063 2221 ad
3092 2164 3285 2233 Suna1
3314 2162 3495 2234 gladio

1904 2266 2105 2322 cadent
2137 2264 2190 2319 in
2220 2278 2307 2328 ea,
2361 2260 2495 2316 dicit
2527 2259 2739 2315 ‘Adonai
2772 2258 3057 2312 Dominus.
3088 2256 3141 2308 7.
3174 2253 3240 2308 Et
3277 2251 3495 2308 desola-

1910 2356 2059 2411 bitur
2109 2354 2165 2410 in
2218 2354 2400 2410 medio
2460 2353 2741 2424 regionum
2784 2354 2851 2419 Ἀ(
2896 2350 3310 2419 depravatarum
3349 2346 3408 2415 1,
3438 2353 3496 2399 et

1911 2449 2077 2504 urbes
2104 2463 2294 2503 eorum
2329 2448 2384 2501 in
2420 2446 2601 2500 medio
2649 2444 2868 2498 urbium
2901 2441 3271 2497 desolatarum
3304 2443 3494 2503 erunt,

1906 2543 1967 2598 8.
1997 2550 2052 2597 et
2087 2541 2281 2602 scient,
2322 2538 2465 2608 quod
2520 2551 2623 2606 ego
2656 2551 2779 2590 sum
2824 2532 3112 2599 Dominus,
3143 2530 3365 2601 quando
3391 2529 3493 2584 de.

1910 2636 2046 2690 dero
2098 2633 2274 2704 ignem
2338 2646 2503 2701 super
2552 2627 2867 2699 Egyptum,
2906 2637 2961 2680 et
3006 2621 3229 2680 contriti
3290 2620 3497 2678 fuerint

1912 2743 2125 2791 omnes,
2174 2727 2270 2796 qui
2310 2725 2647 2779 auxiliantur
2679 2722 2752 2777 ei.
2786 2720 2840 2775 9.
2875 2718 2930 2773 In
2967 2719 3058 2773 die
3088 2716 3181 2771 iilo
3212 2713 3497 2786 egredien-

1915 2831 2005 2875 tur
2038 2818 2212 2874 nuntii
2246 2822 2312 2887 )t(
2349 2833 2379 2871 a
2414 2816 2553 2871 facie
2611 2830 2730 2869 mea
2761 2812 2944 2867 Assim
2987 2812 3010 2881 1
3042 2809 3363 2866 festinantes
3405 2806 3499 2862 de-

1913 2927 2144 2983 pravare
2173 2910 2511 2979 Ethiopiam
2549 2911 2615 2976 Χ
2640 2906 2742 2978 τὴν
2782 2921 2933 2976 spem
2963 2905 3013 2975 1,
3055 2912 3110 2957 et
3136 2901 3244 2959 erit
3281 2908 3499 2969 pertun-

1915 3005 2065 3059 batio
2091 3004 2145 3057 in
2175 3003 2257 3057 eis
2282 3002 2335 3057 in
2369 3002 2458 3056 die
2480 2999 2719 3071 Egypti,
2748 2998 2876 3068 quia
2893 3012 3022 3051 ecce
3052 2994 3220 3050 venit.
3252 2993 3342 3048 10.
3372 2993 3503 3047 Haec

216 3104 386 3151 terra:
407 3095 655 3157 desertae.
678 3103 734 3149 et
756 3093 920 3148 urbes
953 3092 1072 3163 eius
1100 3092 1152 3146 in
1180 3092 1357 3147 medio
1386 3091 1603 3147 urbium
1626 3092 1813 3147 descr-
1842 3109 1887 3168 ο
1919 3097 2051 3153 dicit
2078 3096 2339 3151 Dominus
2364 3090 2742 3148 DominuszEt
2763 3084 3073 3159 disperdam
3093 3084 3500 3141 multitudinem

217 3196 403 3243 tarum
450 3196 612 3242 erunt
631 3190 701 3255 Χ
723 3186 1004 3257 corruptio
1034 3188 1057 3257 1
1093 3185 1455 3257 quadraginta
1504 3201 1681 3241 annos
1718 3205 1732 3242 :
1766 3195 1822 3241 et

220 3279 603 3336 disseminabo
631 3278 925 3350 Egyptum
959 3279 1013 3333 in
1038 3278 1311 3350 gentibus,
1344 3288 1399 3332 et
1428 3279 1701 3333 ventilabo
1723 3294 1819 3334 eos

216 3373 281 3428 in
321 3374 595 3444 regiones.
632 3373 719 3427 15.
748 3371 889 3440 Quia
920 3376 1037 3427 haec
1062 3372 1195 3427 dicit
1220 3371 1481 3427 Dominus
1512 3370 1817 3427 Dominus:

219 3464 363 3521 Post
398 3464 764 3535 quadraginta
816 3479 994 3521 anuos
1035 3464 1378 3534 congregabo
1433 3462 1718 3535 Egyptios
1754 3479 1818 3519 ex

230 3557 510 3626 gentibus,
535 3572 645 3626 quo
674 3555 906 3626 dispersi
950 3563 1108 3611 erant
1144 3554 1273 3609 illuc
1305 3573 1318 3608 :
1355 3553 1441 3609 M.
1475 3565 1530 3609 et
1562 3555 1819 3610 reducam

220 3650 601 3720 captivitatem
643 3647 1047 3720 Egyptiorum,
1096 3658 1149 3703 et
1197 3648 1445 3702 habitare
1494 3645 1689 3704 faciam
1724 3663 1822 3704 eos

226 3744 285 3815 in
324 3753 469 3797 terra
497 3739 728 3797 Pathros
760 3741 857 3811 (p),
912 3742 963 3795 in
994 3750 1160 3803 terra,
1206 3741 1351 3796 unde
1381 3741 1548 3795 sumti
1586 3750 1733 3805 sunt,
1769 3748 1824 3795 et

226 3833 521 3904 eritXibi
565 3833 966 3904 1principatus
1010 3833 1229 3888 humilis
1280 3852 1295 3888 :
1336 3832 1426 3888 15.
1482 3833 1608 3903 plus
1655 3848 1821 3902 quam

228 3938 429 3978 omnes
460 3922 810 3993 principatus
834 3923 1021 3990 erit};
1044 3923 1268 3978 humilis
1301 3924 1349 3994 1,
1381 3938 1491 3977 non
1534 3938 1595 3979 se
1638 3923 1826 3979 efferet

224 4015 468 4085 amplius
499 4030 662 4085 super
686 4024 895 4085 gentes,
926 4024 979 4070 et
1005 4030 1211 4084 paucos
1250 4030 1346 4069 eos
1375 4014 1594 4081 faciam,
1625 4030 1694 4070 ne
1714 4014 1826 4071 sint

226 4105 419 4177 plures
445 4105 586 4159 inter
608 4111 840 4175 gentes:
861 4103 949 4158 16.
973 4113 1029 4158 et
1061 4119 1169 4158 non
1192 4113 1355 4159 erunt
1374 4104 1609 4174 amplius
1634 4104 1824 4159 domui

224 4198 447 4255 lsraelis
477 4198 532 4253 in
561 4211 735 4268 spem,
780 4197 837 4251 in
879 4196 1196 4251 memoriam
1233 4206 1580 4252 revocantem
1618 4197 1825 4266 iniqui-

228 4295 399 4341 tatem
433 4286 530 4357 (q),
579 4301 707 4342 cum
736 4286 1119 4341 adhaerescunt
1151 4296 1273 4356 post
1306 4287 1471 4342 corda
1515 4302 1729 4355 eorum,
1769 4292 1826 4342 et

224 4377 430 4443 scient,
493 4377 639 4448 quod
688 4391 791 4449 ego
840 4392 960 4433 sum
1004 4376 1215 4432 Adonai
1269 4377 1558 4435 Dominus.
1614 4380 1702 4434 17.
1755 4379 1822 4435 Et

1923 3190 2303 3263 Egyptiorum
2355 3202 2453 3257 per
2487 3198 2711 3240 manum
2743 3177 3303 3236 Nabuchodonosoris
3356 3174 3504 3247 regis

1924 3280 2235 3352 Babylonis,
2262 3278 2355 3333 11.
2387 3277 2582 3348 ipsius,
2609 3284 2666 3330 et
2713 3272 2901 3344 populi
2957 3270 3082 3340 ejus
3115 3272 3184 3338 )t(
3210 3281 3336 3323 cum
3366 3265 3509 3336 e01,

1922 3379 2295 3442 corruptores,
2318 3369 2407 3439 qui
2426 3386 2457 3423 o
2480 3367 2730 3440 gentibus
2751 3363 2906 3421 missi
2928 3361 3139 3420 suntad
3164 3358 3502 3431 perdendum

1922 3476 2124 3521 terram
2176 3481 2189 3517 :
2232 3472 2287 3519 et
2339 3460 2685 3516 evacuabuut
2715 3471 2777 3513 -ε-
2814 3470 3010 3512 omnes
3043 3454 3065 3522 1
3100 3453 3307 3523 gladios
3370 3466 3507 3506 suos

1924 3573 2087 3628 super
2115 3556 2432 3628 Egyptum,
2463 3563 2517 3609 et
2543 3550 2839 3623 replebitur
2878 3558 3023 3604 terra
3053 3546 3251 3602 occisis
3283 3560 3298 3596 :
3332 3544 3419 3598 12.
3452 3551 3509 3598 et

1922 3647 2322 3705 dabo'ﬂumina
2356 3661 2549 3701 eorum
2578 3644 2815 3708 deserta,
2852 3643 2920 3710 )t(
2955 3648 3010 3695 et
3058 3638 3269 3693 tradam
3307 3646 3511 3690 terram

1924 3742 1979 3797 in
2011 3756 2176 3796 manu
2206 3740 2473 3795 malorum
2517 3739 2541 3809 1
2567 3779 2581 3801 ,
2617 3745 2673 3792 et
2700 3736 3011 3805 disperdam
3053 3741 3277 3793 terram,
3309 3737 3357 3784 et
3391 3729 3513 3799 ple-

1925 3834 2228 3892 nitudinem
2259 3848 2447 3888 eorum
2476 3847 2601 3887 cum
2620 3827 2957 3901 plenitudine
2990 3826 3130 3896 ejus,
3161 3825 3216 3878 in
3252 3821 3509 3877 manibus

1926 3926 2254 3990 alienorum,
2283 3922 2411 3993 quia
2439 3938 2542 3994 ego
2566 3919 2827 3975 Dominus
2848 3918 3062 3973 locutus
3087 3931 3230 3972 sum.
3250 3915 3337 3971 l5.
3368 3912 3513 3980 Quia

1926 4020 2045 4076 haec
2083 4016 2217 4073 dicit
2245 4014 2511 4069 Dominus
2548 4012 2808 4067 Dominus
2835 4009 2934 4065 :Et
2964 4009 3185 4080 perdam
3227 4008 3517 4062 abomina-

1927 4111 2129 4175 tiones,
2165 4116 2223 4163 et
2252 4122 2471 4162 cessare.
2491 4104 2687 4159 faciam
2724 4102 3015 4172 optimates
3037 4102 3104 4155 de
3140 4099 3428 4169 Memphis,
3454 4106 3511 4153 et

1925 4202 2203 4272 principes
2229 4200 2298 4255 de
2331 4208 2475 4254 terra
2500 4196 2744 4267 Egypti,
2776 4203 2830 4249 et
2863 4209 2972 4250 non
3022 4201 3185 4248 erunt
3234 4190 3515 4261 amplius:

1928 4297 2066 4363 )(et
2093 4293 2234 4348 dabo
2258 4302 2517 4347 terrorem
2546 4304 2612 4344 ex
2635 4299 2777 4343 terra
2808 4286 3085 4359 Egypti1.
3103 4286 3189 4341 14.
3213 4285 3279 4339 Et
3301 4286 3513 4353 disper-

1928 4392 2052 4443 dam
2095 4397 2294 4442 terram
2337 4384 2591 4447 Pathros,
2623 4393 2676 4437 et
2704 4382 2846 4437 dabo
2890 4382 3068 4451 ignem
3110 4393 3274 4447 super
3304 4376 3517 4441 Tan'm‘,

228 4466 439 4523 factum
467 4478 553 4523 est
583 4470 638 4525 in
667 4485 815 4525 anno
852 4470 1117 4541 vigesimo
1143 4480 1197 4525 et
1225 4473 1479 4541 septimo,
1516 4488 1626 4527 uno
1665 4489 1812 4528 meu-

1922 4482 2200 4538 etfaciam
2234 4478 2495 4532 ultionem
2516 4476 2570 4529 in
2608 4474 2871 4544 Diospoli.
2912 4474 2997 4528 15.
3034 4470 3099 4525 Et
3125 4468 3400 4525 effundam
3434 4467 3515 4522 fu-

227 4559 312 4616 sis
334 4560 518 4630 primi,
542 4560 745 4617 factum
762 4573 846 4618 est
870 4564 1094 4618 verbum
1121 4562 1339 4619 Domini
1369 4566 1435 4619 ad
1459 4580 1567 4630 me,
1591 4566 1776 4622 dicens
1803 4584 1818 4621 :

228 4651 321 4708 18.
351 4652 454 4708 Fili
487 4655 743 4736 hominis,
772 4654 1284 4712 Nabuchodonosor
1303 4674 1399 4712 rex
1422 4657 1718 4731 Babylonis
1746 4659 1820 4731 (ν)

229 4746 439 4801 servire
462 4745 591 4802 fecit
621 4750 919 4803 exercitum
949 4763 1131 4816 suum,
1153 4750 1411 4804 servitute
1443 4766 1635 4822 magna
1658 4767 1824 4823 snper

230 4834 461 4907 Tyrum,
506 4837 574 4909 (ε)
604 4854 765 4895 omne
793 4849 957 4911 caput
988 4842 1225 4905 calvum,
1259 4851 1312 4897 et
1341 4845 1523 4900 omnis
1552 4845 1818 4903 humerus

229 4927 504 4998 depilatus
537 4949 551 4986 :
589 4940 646 4987 et
678 4947 885 4988 merces
924 4948 1029 4987 non
1061 4932 1164 4989 fuit
1204 4934 1279 5000 ei,
1315 4943 1370 4991 et
1398 4937 1661 4993 exercitui
1694 4937 1816 5008 ejus

230 5036 399 5092 super
430 5022 656 5094 Tyrum,
698 5036 755 5081 et
797 5027 1093 5093 servitutis,
1129 5044 1293 5099 quam
1340 5030 1627 5085 coluerunt
1654 5047 1817 5101 super

206 5108 375 5169 'eam.
419 5116 506 5170 19.
534 5120 599 5186 Ἀ(
622 5117 848 5188 Propter
895 5119 999 5175 hoc
1033 5121 1055 5189 1
1092 5122 1206 5175 haec
1242 5121 1379 5176 dicit
1417 5122 1679 5179 Dominus
1710 5122 1816 5178 Do-

232 5204 416 5261 minus
455 5226 469 5262 :
512 5209 652 5264 Ecce
679 5212 745 5279 »ζ
785 5226 886 5283 ego
923 5213 945 5281 1
987 5212 1058 5267 do
1111 5211 1641 5271 Nabuchodonosori
1703 5207 1823 5287 regi

231 5293 526 5369 Babylonis
550 5302 618 5370 κ
638 5301 737 5373 τὴν
773 5304 797 5371 1
831 5312 1031 5358 terram
1065 5302 1304 5377 Egypti,
1336 5315 1393 5363 et
1428 5319 1607 5363 sumet
1630 5309 1816 5363 multi-

184 5385 193 5399 '
231 5389 477 5447 tudinem
516 5393 657 5463 ejus,
694 5404 749 5451 et
775 5397 1104 5468 praetlabitur
1125 5400 1359 5468 praedam
1393 5400 1532 5470 ejus,
1570 5411 1622 5458 et
1647 5402 1818 5474 capti-

308 5601 385 5667 (n)
418 5601 663 5674 Aigypti.
717 5603 816 5674 7(a)
856 5603 976 5669 Tlt.,
1008 5604 1247 5660 frenum.

1919 4589 2101 4631 rorem
2138 4587 2324 4628 meum
2358 4586 2526 4640 super
2575 4568 2708 4624 Sain
2736 4569 2907 4623 robur
2940 4565 3181 4646 Egypti,
3215 4572 3271 4618 et
3301 4563 3514 4632 disper-

1921 4669 2046 4722 dam
2095 4662 2504 4720 multitudinem
2552 4661 2889 4731 Mempheos,
2928 4660 3016 4713 16.
3047 4666 3101 4712 et
3147 4656 3289 4711 dabo
3329 4654 3517 4725 ignem

1921 4772 2088 4827 super
2130 4754 2456 4827 Egyptum,
2514 4762 2569 4807 et
2610 4750 3025 4823 perturbatione
3096 4745 3515 4818 perturbabitur

1924 4849 2075 4915 Seis,
2108 4857 2163 4903 et
2211 4848 2266 4902 in
2307 4846 2548 4916 Diospoli
2601 4847 2706 4901 erit
2746 4845 3012 4906 scissura,
3046 4850 3101 4896 et
3136 4839 3514 4895 diﬂ‘undentur

1921 4923 2102 5012 aquae.
2132 4940 2218 4994 17.
2242 4938 2480 4994 Iuvenes
2519 4939 2672 4995 urbis
2704 4939 2858 5002 solis,
2880 4948 2933 4993 et
2958 4935 3202 4998 Bubasti,
3237 4933 3290 4986 in
3330 4930 3517 5002 gladio

1920 5033 2140 5097 cadent,
2177 5039 2232 5087 et
2287 5031 2548 5085 mulieres
2606 5030 2658 5084 in
2710 5030 3023 5100 captivitate
3046 5027 3222 5091 ibunt,
3252 5024 3343 5078 18.
3370 5020 3517 5076 etin

1918 5123 2206 5194 ’l‘hahphis
2235 5122 2810 5185 obtenebreseetdies,
2850 5123 3070 5191 quando
3098 5118 3405 5173 conti-ivero
3433 5113 3517 5169 ibi

1924 5226 2140 5287 sceptra
2168 5216 2319 5286 regni
2355 5215 2597 5287 Egypti,
2642 5224 2696 5270 et
2733 5214 2929 5286 peribit
2957 5213 3031 5267 ibi
3062 5211 3390 5268 contumelia
3421 5226 3512 5265 ro-

1924 5307 2075 5365 boris
2121 5309 2264 5380 ejus,
2306 5316 2362 5365 et
2406 5310 2547 5364 banc
2600 5306 2773 5360 nubes
2827 5306 3056 5374 aperiet,
3109 5310 3166 5358 et
3219 5302 3342 5357 lilia:
3387 5301 3513 5372 ejus

1926 5401 2156 5472 captiva:
2188 5402 2474 5458 ducentur.
2514 5400 2597 5454 19.
2622 5397 2687 5452 Et
2713 5397 2908 5452 faciam
2936 5395 3143 5468 judicia
3166 5394 3219 5449 in
3246 5392 3515 5466 Egypto,

1340 5607 1417 5676 (ρ)
1448 5606 1570 5667 τὴ..
1599 5609 1650 5661 itt
1690 5617 1812 5663 terr:

1917 5608 2160 5664 ttivitatis
2187 5624 2402 5664 eorum.
2479 5608 2555 5677 (τι)
2587 5606 2669 5662 8..
2705 5621 2830 5661 cum
2857 5603 3209 5677 confugiunt,
3231 5612 3287 5657 ut
3321 5601 3512 5677 adiung-

235 5684 386 5757 Eeaut
415 5673 538 5727 eis.
594 5677 665 5743 (r)
695 5673 775 5737 8.,
799 5675 979 5757 colere
1016 5673 1480 5757 feci'tmesercitum
1529 5694 1862 5757 suum__o_pus
1900 5694 2163 5757 magnum
2200 5681 2252 5734 in
2283 5681 2449 5757 Tyro.
2488 5673 2597 5757 "(3)
2626 5679 2800 5757 Omne
2838 5687 3003 5748 caput
3031 5673 3302 5733 calvities.
3327 5678 3390 5745 (‘)
3423 5673 3516 5730 Αἵ)

236 5739 340 5798 hoc
379 5760 543 5801 versu
586 5739 757 5816 nsque
801 5747 868 5802 ad
915 5747 1049 5819 Cap.
1084 5746 1280 5814 XXX],
1305 5750 1357 5815 7,
1387 5763 1575 5820 margo
1606 5739 1810 5809 codicis
1839 5767 1965 5808 cum
1993 5739 2256 5809 omnibus
2297 5739 2411 5808 suis
2436 5739 2868 5820 uotis'praecisus
2898 5739 3003 5807 est.
