3864 6220
350 269 505 329 9755

1473 275 1706 335 CODEX
1747 270 2530 332 SYRIACO-IIEXAPLABIS.

3471 254 3622 321 2756

361 397 419 442 et
454 386 649 451 scient,
695 389 840 458 quod
873 406 975 464 ego
1027 408 1150 448 sum
1207 391 1490 449 Dominus.
1519 393 1608 446 20.
1639 391 1704 447 Et
1735 389 1939 446 factum
1971 396 2016 451 Α
2043 403 2167 442 eum
2207 389 2255 458 ζ.
2291 388 2375 442 12.
2421 387 2486 441 Et
2504 385 2855 457 perdiderunt
2882 397 3028 450 eum,
3051 392 3106 439 et
3133 381 3446 437 deleverunt
3493 393 3623 433 eum

361 489 447 534 est
487 481 540 533 iu
587 497 730 534 anno
785 485 1092 547 undecimo,
1131 487 1183 540 in
1226 502 1409 540 mense
1464 486 1663 555 primo,
1709 483 1942 554 septimo

365 571 590 636 mensis,
620 570 818 627 factum
852 585 936 629 est
975 576 1198 630 verbum
1235 575 1447 630 Domini
1482 574 1548 628 ad
1574 591 1681 640 me,
1714 575 1939 629 dicens:

363 662 454 715 ει.
504 661 602 717 Fili
645 664 901 731 hominis,
939 667 1158 722 brachia
1211 666 1514 722 Pharaonis
1542 667 1684 736 regis
1722 664 1941 736 Egypti

364 755 618 819 contrivi,
650 766 704 809 et
733 773 860 811 ecce
902 773 1012 812 non
1046 759 1318 826 obligatus
1364 768 1468 820 est,
1499 759 1566 812 ad
1616 759 1857 812 dandum
1891 758 1941 812 ei

365 846 654 911 medelam,
687 858 744 902 ut
777 850 998 903 daretur
1027 865 1190 920 super
1231 867 1356 905 eum
1387 851 1676 921 malagma,
1707 851 1775 903 ad
1805 850 1942 903 dan—

367 937 497 991 dum
535 940 722 1004 robur,
774 953 832 996 ut
879 951 1087 997 teneret
1142 943 1402 1014 gladium.
1436 943 1526 996 22.
1564 941 1791 1012 Propter
1839 942 1943 997 hoc

366 1029 483 1084 haec
503 1031 634 1086 dicit
661 1032 923 1088 Dominus
953 1034 1216 1090 Dominus
1243 1055 1256 1090 :
1295 1034 1434 1091 Ecce
1480 1052 1582 1106 ego
1609 1052 1777 1106 super
1800 1036 1944 1090 Pha-

367 1138 596 1177 raonem
653 1141 833 1194 regem
869 1125 1107 1197 Egypti,
1139 1136 1196 1183 et
1226 1138 1504 1182 conteram
1546 1127 1768 1182 brachia
1823 1128 1943 1197 ejus

363 1213 548 1276 fortia,
581 1225 632 1268 et
671 1216 957 1286 disposita,
990 1223 1058 1285 χ
1085 1227 1140 1274 et
1173 1234 1269 1274 eos
1301 1222 1324 1290 ζ
1361 1222 1453 1290 qui
1482 1221 1724 1285 contriti,
1757 1230 1812 1274 et
1846 1221 1943 1274 de-

359 1302 550 1370 jiciam
582 1308 817 1375 gladium
853 1310 920 1364 de
955 1326 1118 1365 manu
1152 1311 1272 1380 ejus
1307 1312 1437 1367 :25.
1471 1321 1525 1368 et
1559 1311 1941 1368 disseminabo

366 1399 601 1468 Βεξτὴνζ
637 1399 926 1470 ngyptum
982 1403 1034 1455 in
1072 1413 1280 1472 gentes,
1331 1413 1384 1457 et
1431 1403 1704 1458 ventilabo
1755 1418 1852 1459 eos
1888 1403 1942 1457 iu

365 1489 614 1556 regiones
646 1508 658 1542 :
687 1490 776 1544 ‘25.
817 1501 871 1544 et
905 1493 1271 1547 corroborabo
1314 1493 1535 1548 brachia
1585 1493 1728 1564 regis
1763 1493 1943 1564 Baby-

367 1579 530 1644 lonis,
577 1592 632 1634 et
667 1581 808 1635 dabo
860 1584 1096 1652 gladium
1149 1601 1329 1639 meum
1366 1585 1419 1639 in
1464 1601 1688 1640 manum
1719 1585 1858 1656 ejus,
1890 1594 1946 1639 et

368 1672 588 1726 inducet
623 1690 746 1727 eum
788 1691 949 1743 super
979 1675 1300 1746 .IEgyptum,
1342 1686 1394 1732 et
1437 1677 1746 1747 deportabit
1770 1677 1942 1748 capti-

2045 478 2205 532 alieni
2239 488 2583 544 corruptores
2629 477 2696 529 de
2749 474 3021 546 gentibus,
3054 485 3110 528 et
3149 473 3468 540 dejecerunt
3491 485 3619 524 eum

2043 585 2208 639 super
2239 570 2518 624 montibus
2548 587 2561 622 :
2587 569 2642 623 in
2669 567 2924 622 omnibus
2948 566 3286 621 convallibus
3305 563 3624 617 ceciderunt

2045 660 2181 713 rami
2210 660 2350 728 ejus,
2378 669 2432 714 et
2475 660 2722 713 contrita:
2776 665 2904 712 sunt
2938 656 3262 726 propagines
3301 655 3422 724 ejus
3447 655 3524 722 (ιι)
3560 652 3617 706 in

2042 752 2190 804 omni
2241 766 2434 820 campo
2483 760 2661 816 terrae,
2719 759 2774 806 et
2824 749 3224 804 descenderunt
3277 747 3346 801 de
3395 747 3623 799 umbra-

2044 843 2168 896 culo
2203 843 2276 913 (b)
2311 844 2430 912 ejus
2465 859 2656 897 omnes
2679 852 2866 911 gentes
2884 841 3227 910 papulorum,
3254 840 3325 909 (ε)
3355 849 3409 892 et
3433 837 3622 892 dirue-

2043 943 2174 988 runt
2229 950 2374 989 eum.
2430 935 2516 989 15.
2571 934 2748 1004 Super
2800 935 3014 988 ruinam
3061 932 3180 1001 ejus
3237 932 3625 1002 requieverunt

2042 1038 2235 1078 omnes
2265 1024 2516 1078 volucres
2537 1022 2684 1085 cmli,
2715 1031 2768 1075 et
2793 1036 2960 1090 super
2993 1018 3320 1089 propagines
3349 1017 3469 1086 ejus
3499 1016 3623 1070 fuev

2043 1123 2172 1169 runt
2194 1130 2384 1167 omnes
2419 1115 2606 1169 bestiae
2645 1113 2784 1174 arvi,
2817 1113 2903 1168 14.
2936 1121 2997 1166 ut
3029 1126 3174 1166 uase
3204 1110 3428 1164 efferant
3455 1123 3625 1178 super

2043 1206 2419 1276 magnitudine
2443 1223 2538 1261 sua
2581 1206 2765 1260 omnia
2802 1205 2968 1274 ligna,
2992 1219 3114 1273 quae
3143 1204 3197 1256 iu
3222 1217 3363 1274 aqua
3390 1218 3403 1253 :
3429 1211 3481 1255 et
3511 1215 3622 1255 non

2043 1298 2307 1353 dederunt
2347 1298 2670 1368 principium
2705 1313 2866 1352 suum
2895 1297 2949 1352 in
2974 1296 3210 1351 medium
3246 1295 3494 1357 nubium,
3520 1307 3626 1347 nec

2044 1399 2313 1444 steterunt
2348 1393 2414 1459 Χ
2455 1391 2522 1444 ad
2560 1406 2622 1445 ea
2663 1389 2685 1458 ζ
2722 1390 2777 1444 in
2825 1389 3111 1444 altitudine
3159 1403 3259 1442 sua
3299 1403 3490 1440 omnes
3539 1385 3626 1438 bi-

2045 1480 2237 1536 bentes
2283 1497 2512 1551 aquam;
2544 1482 2674 1551 quia
2707 1496 2900 1535 omnes
2947 1480 3060 1534 dati
3093 1487 3220 1534 sunt
3268 1478 3326 1532 in
3367 1486 3624 1541 mortem,

2046 1573 2099 1627 iu
2128 1573 2452 1642 profundum
2483 1583 2640 1628 terrae
2669 1572 2723 1627 in
2760 1572 2940 1627 medio
2965 1571 3202 1626 ﬁliorum
3223 1569 3530 1626 hominum.
3552 1567 3624 1620 ad

2044 1680 2164 1730 eos,
2203 1665 2298 1731 qui
2333 1665 2670 1719 descendunt
2701 1664 2754 1717 in
2799 1662 3031 1718 foveam.
3071 1661 3159 1716 l5.
3191 1661 3315 1715 Haec
3348 1659 3480 1713 dicit
3515 1657 3626 1711 Do-

366 1767 583 1818 vitalem
621 1765 760 1833 ejus,
807 1776 860 1820 et
912 1766 1242 1834 praadabitur
1292 1769 1527 1838 praedam
1583 1767 1724 1838 ejus.
1756 1767 1845 1822 25.
1880 1765 1945 1821 Ει
1975 1750 2016 1805 Β
2046 1757 2229 1811 minus
2257 1757 2333 1823 (ά)
2365 1755 2631 1811 Dominus
2663 1771 2677 1808 =
2709 1756 2766 1810 In
2806 1756 3040 1826 die.quo
3061 1752 3342 1809 descendit
3370 1752 3426 1806 in
3456 1749 3629 1805 infer-

366 1855 735 1908 corroborabo
781 1855 999 1909 brachia
1051 1856 1194 1926 regis
1233 1854 1562 1926 Babylonis;
1597 1856 1818 1910 brachia
1845 1869 1945 1908 au-

367 1955 476 1998 tent
531 1947 835 2001 Pharaonis
870 1947 1086 2002 cadent.
1135 1946 1201 2002 Et
1248 1948 1444 2014 scient,
1487 1951 1632 2020 quod
1681 1966 1784 2021 ego
1820 1964 1943 2004 sum

371 2037 656 2100 Dominus,
697 2053 818 2091 cum
869 2039 1070 2093 dedero
1132 2039 1370 2110 gladium
1414 2057 1594 2096 meum
1639 2042 1692 2096 iu
1749 2057 1945 2096 manus

369 2125 514 2193 regis
582 2126 889 2196 Babylonis,
950 2139 1007 2183 et
1050 2129 1303 2185 eduxerit
1345 2147 1468 2185 eum
1530 2147 1695 2201 super
1743 2141 1944 2186 terram

367 2215 608 2288 Egypti.
647 2219 732 2272 26.
768 2219 831 2272 Et
869 2220 1240 2276 disseminabo
1272 2226 1338 2290 χ(
1360 2223 1459 2294 τὴν
1495 2224 1516 2293 ζ
1550 2223 1842 2294 Egyptum
1891 2224 1945 2279 in

365 2320 577 2376 gentes,
628 2319 681 2363 et
732 2311 1004 2365 ventilabo
1035 2327 1130 2367 eos
1181 2315 1233 2366 iu
1281 2313 1551 2382 regiones,
1583 2323 1637 2367 et
1670 2313 1841 2368 scient
1877 2326 1942 2370 -t-

367 2415 562 2454 muues
589 2399 828 2471 Egyptii
859 2403 906 2472 ζ.
933 2403 1077 2472 quod
1109 2419 1208 2472 ego
1228 2419 1348 2459 sum
1377 2403 1663 2459 Dominus.

440 2493 574 2562 Cap.
604 2493 798 2548 XXXI.
827 2525 894 2537 —-
917 2495 964 2548 1.
1007 2494 1071 2549 Et
1113 2509 1242 2550 ecce
1273 2495 1328 2550 in
1363 2512 1505 2551 anno
1545 2497 1854 2562 undecimo,
1890 2497 1944 2553 in

369 2597 558 2636 mense
584 2583 762 2642 tertio.
800 2600 910 2638 uno
944 2586 1170 2649 mensis,
1220 2586 1423 2642 factum
1451 2597 1536 2642 est
1582 2589 1806 2643 verbum
1837 2587 1946 2643 Do-

371 2673 505 2727 mini
531 2675 596 2728 ad
627 2691 732 2740 me,
775 2677 962 2731 dicens
993 2693 1008 2731 :
1044 2678 1096 2732 2.
1129 2677 1227 2732 Fili
1275 2679 1534 2743 hominis,
1575 2679 1663 2734 dic
1706 2680 1772 2734 ad
1802 2679 1945 2734 Pha-

367 2777 592 2818 raonem
641 2781 818 2834 regem
858 2765 1098 2838 Egypti,
1133 2777 1188 2823 et
1244 2769 1577 2824 multitudini
1632 2770 1800 2840 ejus:
1846 2769 1946 2824 Cui

365 2856 684 2912 assimilasti
722 2868 771 2911 te
807 2859 858 2912 iu
891 2861 1176 2915 altitudine
1201 2863 1399 2918 tua?5.
1429 2860 1566 2916 Ecce
1585 2861 1760 2917 Assur
1783 2877 1947 2933 cypa-

371 2948 548 3004 t'issus
577 2949 627 3002 in
655 2949 882 3016 Libano,
916 2963 970 3006 et
998 2953 1222 3022 pulcher
1277 2955 1545 3025 virgultis,
1575 2958 1642 3023 3K
1665 2963 1718 3019 et
1743 2955 1947 3010 densus

369 3038 427 3095 in
487 3042 804 3096 umbraculo
855 3044 905 3112 ζ,
951 3054 1006 3098 et
1052 3045 1300 3100 excelsus
1354 3046 1744 3116 magnitudine,
1783 3057 1838 3099 et
1892 3047 1943 3099 in

371 3131 553 3187 medio
580 3134 804 3188 nubium
843 3135 1044 3190 factum
1077 3147 1160 3190 est
1183 3136 1508 3207 principium
1534 3137 1676 3205 ejus.
1702 3136 1755 3190 4.
1791 3140 1947 3206 Aqua

371 3225 599 3278 nutrivit
623 3241 770 3288 eum,
804 3227 1036 3297 abyssus
1070 3228 1328 3284 exaltavit
1383 3244 1530 3292 eum,
1577 3227 1772 3283 fluvios
1821 3242 1952 3282 suos

368 3316 559 3370 eduxit
615 3317 761 3371 circa
823 3319 1036 3387 plautas
1089 3336 1238 3386 suas,
1287 3329 1342 3375 et
1389 3320 1618 3376 lacunas
1679 3318 1862 3374 emisit
1895 3320 1949 3374 in

372 3407 559 3461 omnia
590 3407 732 3477 ligna
755 3409 949 3478 campi.
991 3409 1044 3466 5.
1081 3408 1308 3480 Propter
1339 3411 1443 3466 hoc
1468 3412 1677 3466 elevata
1711 3418 1795 3466 est
1834 3425 1952 3464 ma-

366 3498 600 3570 gnitudo
626 3500 746 3570 ejus
770 3501 912 3570 plus,
950 3517 1114 3570 quam
1147 3503 1332 3557 omnia
1375 3502 1507 3574 ligni
1561 3502 1759 3572 campi,
1786 3512 1839 3556 et
1871 3503 1953 3556 di-

373 3591 530 3648 latati
573 3603 702 3646 sunt
730 3594 866 3647 rami
897 3593 1038 3662 ejus,
1062 3604 1116 3649 et
1142 3610 1198 3649 se
1223 3594 1536 3648 extulerunt
1569 3595 1806 3665 virgulta
1834 3593 1954 3663 ejus

370 3699 539 3754 super
572 3701 768 3755 aquam
804 3686 1049 3752 multam,
1073 3689 1139 3754 χ(
1164 3702 1287 3740 cum
1320 3702 1379 3741 se
1394 3686 1710 3742 extenderet
1743 3685 1792 3754 ζ.
1819 3684 1874 3737 6.
1896 3681 1952 3738 In

375 3777 623 3847 virgultis
665 3779 784 3848 ejus
817 3778 1164 3833 niditicaruut
1193 3794 1386 3833 omnes
1440 3779 1691 3834 volucres
1720 3779 1866 3840 coali,
1901 3786 1955 3833 et

371 3870 479 3927 sub
503 3871 670 3925 ramis
699 3871 820 3940 ejus
857 3881 1162 3942 genuerunt
1200 3887 1390 3927 omnes
1426 3871 1609 3926 bestiae
1657 3871 1856 3941 campi,
1897 3872 1951 3926 in

376 3961 570 4017 umbra
618 3962 738 4030 ejus
801 3962 1065 4017 habitavit
1113 3964 1294 4018 omnis
1349 3962 1640 4018 multitudo
1685 3964 1948 4032 gentium.

379 4052 431 4108 7.
458 4053 523 4106 Et
553 4063 670 4109 erat
697 4054 922 4122 pulcher
951 4056 1004 4110 in
1038 4054 1324 4112 altitudine
1366 4071 1465 4110 sua
1515 4065 1735 4126 propter
1779 4056 1954 4125 longi-

377 4145 622 4202 tudinem
655 4162 931 4204 ramorum
966 4163 1214 4211 suorum,
1255 4150 1382 4218 quia
1414 4157 1572 4202 erant
1605 4149 1816 4205 radices
1837 4149 1954 4219 ejus

376 4237 436 4294 in
462 4255 604 4310 aqua
655 4241 848 4298 multa.
884 4241 938 4300 8.
974 4241 1036 4295 Et
1068 4242 1330 4312 cyparissi
1371 4259 1476 4296 non
1506 4245 1572 4312 (ι)
1610 4243 1746 4298 tales
1776 4243 1829 4298 in
1862 4259 1956 4312 pa-

379 4330 561 4384 radiso
595 4330 707 4397 Dei,
754 4340 809 4385 et
848 4330 995 4385 cedri
1051 4347 1158 4387 non
1201 4331 1410 4385 similes
1450 4331 1696 4400 virgultis
1733 4331 1874 4399 ejus,
1900 4339 1956 4385 et

2047 1864 2199 1912 num,
2232 1847 2299 1916 (ρ)
2325 1847 2424 1900 feci
2455 1848 2658 1917 lugere,
2698 1847 2957 1902 constitui
2988 1862 3152 1915 super
3170 1861 3292 1898 eum
3321 1843 3622 1914 abyssum:

2045 1951 2100 1997 et
2127 1942 2346 1996 cohibui
2394 1941 2615 1996 flumina
2678 1940 2818 2010 ejus,
2849 1949 2905 1994 et
2952 1939 3172 1995 cohibui
3218 1936 3623 2002 multitudinem

2047 2050 2252 2104 aqua):
2295 2044 2349 2088 et
2399 2033 2790 2088 obtenebratus
2847 2041 2933 2087 est
2977 2047 3143 2101 super
3186 2045 3308 2084 eum
3359 2028 3622 2090 Libanns,

2047 2128 2232 2181 omnia
2272 2127 2416 2198 ligna
2471 2124 2650 2195 campi
2719 2141 2884 2196 super
2930 2141 2995 2179 eo
3041 2124 3110 2193 (Γ)
3156 2121 3422 2177 dissoluta
3471 2128 3620 2175 sunt.

2048 2221 2134 2277 l6.
2167 2224 2212 2275 Α
2252 2237 2384 2276 voce
2452 2221 2624 2275 ruina:
2680 2219 2802 2288 ejus
2857 2224 3196 2274 tremuerunt
3256 2223 3623 2275 gentes.cum

2051 2312 2379 2368 descendere
2427 2311 2666 2366 facerent
2694 2326 2820 2364 eum
2845 2310 2900 2364 in
2941 2309 3213 2364 infernum
3250 2323 3372 2360 cum
3401 2305 3628 2359 descen-

2048 2403 2304 2458 dentibus
2338 2403 2402 2457 'in
2435 2389 2654 2470 foveam
2685 2420 2698 2456 :
2739 2402 2813 2472 (g)
2855 2410 2910 2456 et
2944 2399 3370 2455 consolabantur
3411 2411 3538 2450 eum
3569 2394 3626 2449 in

2048 2506 2190 2552 terra
2224 2497 2410 2550 intima
2443 2497 2627 2550 omnia
2682 2496 2827 2566 ligna
2859 2494 3209 2556 deliciarum,
3249 2500 3301 2546 et
3333 2490 3526 2553 electa,
3558 2491 3622 2556 Ἀ

2046 2597 2102 2644 et
2140 2589 2364 2658 pulchra
2400 2589 2422 2656 ζ
2473 2587 2667 2643 Libani
2726 2587 2933 2649 omnia,
2978 2601 3102 2656 qua
3170 2584 3363 2639 bibunt
3402 2596 3623 2651 aquam.

2050 2681 2138 2736 l7.
2175 2681 2390 2734 Etenim
2433 2680 2525 2734 isti
2565 2695 2689 2734 cum
2722 2694 2788 2734 eo
2836 2677 3239 2732 descenderunt
3268 2675 3320 2728 in
3352 2674 3628 2728 infernum

2047 2771 2103 2828 in
2133 2772 2333 2825 occisis
2371 2787 2401 2824 a
2453 2771 2652 2840 gladio,
2688 2779 2741 2825 et
2793 2785 2980 2824 semen
3013 2768 3152 2836 ejus,
3187 2766 3492 2820 habitantes
3526 2764 3631 2818 sub

2049 2861 2371 2918 umbraculo
2425 2863 2548 2931 ejus
2597 2861 2654 2916 in
2725 2861 2906 2915 medio
2975 2861 3097 2913 vitae
3151 2873 3266 2913 suae
3325 2856 3626 2926 perierunt.

2050 2956 2136 3011 l8.
2171 2955 2267 3009 Cui
2303 2953 2637 3010 assimilatus
2685 2968 2744 3007 es
2795 2956 2862 3020 χ(
2898 2951 3027 3016 Th.,
3079 2951 3132 3005 in
3177 2949 3521 3014 fortitudine,
3575 2956 3632 3002 et

2054 3047 2108 3101 in
2135 3048 2326 3116 gloria,
2357 3055 2413 3101 et
2443 3045 2496 3100 iu
2533 3046 2907 3116 magnitudine
2946 3045 3001 3098 in
3033 3043 3192 3112 lignis
3223 3041 3575 3096 deliciarum?
3604 3041 3627 3110 ζ

2052 3149 2106 3194 et
2133 3140 2417 3203 descende,
2466 3147 2522 3193 et
2560 3138 2827 3194 deducere
2874 3153 2998 3192 cum
3027 3135 3188 3206 lignis
3223 3134 3544 3189 deliciarum
3574 3133 3629 3187 in

2053 3230 2384 3302 profundum
2437 3238 2595 3283 Ierrre
2645 3247 2660 3284 :
2702 3229 2756 3284 in
2808 3227 2986 3283 medio
3033 3242 3139 3280 non
3177 3223 3630 3280 circumcisorum

2052 3323 2290 3378 dormies
2328 3336 2452 3376 cum
2500 3321 2701 3375 occisis
2736 3319 2938 3390 gladio.
2973 3318 3064 3373 Sic
3094 3315 3329 3380 Pharao,
3368 3325 3424 3370 et
3453 3313 3634 3368 omnis

2053 3413 2344 3468 multitudo
2375 3427 2437 3468 -ι-
2467 3412 2806 3468 fortitudinis
2843 3413 2865 3480 1
2895 3412 3036 3482 ejus,
3064 3409 3198 3465 dicit
3229 3409 3497 3463 Dominus
3527 3405 3634 3460 Do-

2053 3507 2255 3560 minus.

2125 3596 2255 3663 Cap.
2285 3595 2504 3651 XXXII.
2537 3625 2608 3638 —
2636 3595 2687 3649 l.
2723 3593 2786 3648 Et
2819 3592 3024 3649 factum
3075 3601 3159 3649 est
3216 3591 3272 3646 in
3320 3604 3465 3646 anno
3495 3588 3635 3644 duo-

2052 3687 2290 3755 decimo,
2321 3689 2375 3742 in
2405 3703 2594 3743 mense
2641 3686 2876 3752 decimo,
2907 3701 3016 3740 uno
3056 3683 3282 3746 mensis,
3317 3681 3520 3736 factum
3548 3688 3637 3734 est

2053 3782 2279 3835 verbum
2331 3779 2548 3835 Domini
2599 3778 2666 3834 ad
2708 3795 2817 3845 me,
2869 3779 3059 3833 dicens
3093 3794 3107 3832 :
3137 3778 3191 3832 2.
3223 3775 3326 3830 Fili
3369 3774 3634 3841 hominis,

2054 3888 2272 3929 assume
2297 3873 2597 3927 lamentum
2624 3887 2791 3941 super
2817 3869 3158 3925 Pharaonem
3188 3883 3366 3934 regem
3387 3866 3634 3938 Egypti,

2053 3977 2106 4022 et
2133 3969 2283 4022 dices
2311 3967 2359 4020 ei
2387 3986 2401 4021 :
2443 3967 2518 4036 (h)
2543 3965 2710 4021 Leoni
2754 3964 2995 4035 gentium
3028 3963 3364 4019 assimilatus
3386 3978 3448 4018 es
3477 3973 3554 4026 tu,
3580 3970 3638 4016 ct

2054 4059 2195 4114 sicut
2217 4061 2382 4115 draco
2407 4059 2459 4113 in
2482 4059 2640 4121 mari,
2670 4064 2726 4112 et
2746 4055 3138 4126 eoruupetebas
3155 4053 3471 4108 fluminibus
3502 4053 3634 4116 tuis,

2053 4161 2109 4207 et
2136 4151 2503 4206 couturbabas
2548 4165 2745 4221 aquam
2803 4148 3032 4219 pedibus
3078 4148 3206 4208 tuis,
3239 4146 3301 4216 (ὅ)
3333 4145 3637 4200 θιεοιιειιιο

2055 4244 2221 4297 caltas
2247 4243 2472 4297 ﬂumina
2515 4250 2624 4297 tua.
2660 4243 2712 4296 3.
2732 4239 2856 4295 Haec
2885 4240 3018 4295 dicit
3047 4238 3311 4294 Dominus
3335 4237 3632 4293 Dominus:

2056 4334 2122 4389 Et
2144 4335 2344 4404 jaciam
2379 4349 2543 4404 super
2561 4342 2614 4388 te
2642 4333 2775 4388 retia
2810 4336 2877 4401 χ(
2909 4347 3050 4395 mea,
3085 4332 3141 4385 in
3170 4341 3312 4386 coetu
3341 4332 3366 4398 ζ
3392 4330 3636 4400 gentium

374 4424 581 4480 abietes
617 4441 724 4479 non
763 4425 981 4479 fuerunt
1035 4424 1243 4479 similes
1301 4424 1467 4480 ramis
1493 4424 1647 4494 ejus:
1684 4439 1847 4479 omne
1890 4424 1955 4479 li-
1987 4427 2030 4483 D
2062 4428 2378 4491 multarum,
2401 4436 2454 4480 et
2491 4425 2770 4479 extraham
2811 4436 2862 4479 te
2909 4425 2962 4479 iu
3003 4425 3163 4478 hamo
3193 4437 3334 4485 meo,
3373 4422 3428 4476 ι.
3467 4420 3540 4493 (Ιί)
3581 4432 3641 4478 et

376 4532 544 4586 gnum
568 4518 621 4572 in
663 4518 916 4586 paradiso
947 4517 1039 4571 Dei
1060 4533 1167 4571 non
1196 4517 1560 4575 assimilatum
1584 4527 1666 4572 est
1685 4517 1733 4573 ei
1759 4518 1810 4572 iu
1835 4517 1952 4587 pul-

373 4607 686 4661 chritudine
715 4623 836 4673 sua,
865 4610 918 4662 9.
957 4607 1037 4678 (ιι)
1079 4617 1297 4676 propter
1331 4608 1734 4664 multitudinem
1773 4622 1954 4662 ramo-

375 4713 497 4752 rum
524 4699 643 4768 ejus
672 4718 682 4752 :
722 4700 799 4769 (x)
818 4709 871 4753 et
902 4700 1153 4754 aemulata
1181 4709 1308 4754 sunt
1327 4716 1447 4755 eam
1470 4701 1652 4754 omnia
1687 4699 1830 4769 ligna
1857 4715 1955 4769 pa—

373 4792 541 4846 radisi
565 4791 925 4861 jucunditatis
941 4797 1007 4860 Ἀ(
1025 4792 1174 4860 υείζ.
1198 4793 1283 4848 l0.
1311 4791 1534 4862 Propter
1561 4794 1664 4848 hoc
1693 4793 1806 4847 haec
1822 4792 1957 4848 dicit

377 4878 642 4936 Dominus
669 4881 930 4937 Dominus
965 4899 978 4935 :
1023 4881 1128 4936 Pro
1150 4899 1217 4938 eo
1237 4884 1382 4952 quod
1415 4883 1590 4939 factus
1632 4897 1692 4938 es
1719 4897 1954 4952 magnus

373 4975 773 5045 magnitudine,
800 4985 854 5030 et
871 4974 1070 5030 dedisti
1095 4976 1420 5047 principium
1453 4986 1605 5032 tuum
1636 4976 1690 5030 iu
1716 4975 1954 5032 medium

389 5064 453 5136 'y)
478 5067 702 5120 nubium
729 5069 825 5137 (ι),
857 5077 909 5121 et
934 5067 1068 5131 vidi,
1100 5083 1224 5121 eum
1261 5068 1612 5133 exaltaretur,
1639 5068 1726 5123 ll.
1758 5077 1812 5122 et
1844 5078 1956 5122 tra-

380 5157 488 5211 didi
522 5175 646 5212 eum
683 5158 738 5213 in
787 5175 983 5215 manus
1013 5159 1275 5230 principis
1305 5161 1569 5231 gentium,
1592 5169 1646 5215 et
1671 5159 1799 5214 fecit
1828 5175 1956 5230 per-

374 5247 639 5306 ditionem
695 5251 818 5322 ejus
865 5268 880 5304 :
920 5251 1073 5322 juxta
1129 5251 1435 5322 impietates
1487 5253 1605 5324 ejus
1640 5255 1707 5323 >4<
1737 5252 1953 5322 ejiciam

452 5427 668 5500 (l)7Non
716 5441 1045 5500 superarunt
1080 5448 1223 5489 eam.

378 5499 768 5576 auiiularentur
789 5499 872 5556 rei.
897 5503 1024 5576 Διί)
1172 5499 1362 5576 opaea.
1400 5504 1522 5570 Th.,
1549 5499 1753 5576 spissa.

376 5573 863 5638 consuiumabuut.
895 5572 1016 5638 Tli.,
1051 5573 1105 5627 iu
1140 5575 1397 5629 omnibus
1431 5572 1650 5631 inculiis
1682 5572 1859 5631 terrae.

379 5647 454 5715 te)
491 5637 579 5715 _S.,
605 5639 718 5715 feci
739 5644 943 5715 lugere.
1006 5637 1252 5715 '_A(f)_“S.,
1286 5655 1569 5700 mutarunt
1609 5649 1871 5715 speciem.

381 5712 445 5780 (ι)
481 5709 561 5778 8.,
585 5709 932 5770 ωιείιιωῖιειδ.

1324 5433 1552 5506 (u)_Th.,
1614 5435 1900 5506 pulchram
1935 5432 2036 5506 ﬁrci
2064 5450 2191 5506 eam
2249 5433 2303 5488 in
2329 5431 2682 5506 multitudine
2709 5446 2986 5506 ramorum
3009 5429 3150 5506 ejus.

1833 5506 1905 5574 (ι)
1934 5504 1998 5557 Ει
2025 5505 2226 5558 elatum
2253 5513 2337 5559 est
2376 5519 2470 5559 cor
2507 5503 2624 5574 ejus
2655 5517 2821 5570 super
2845 5501 3130 5556 altitudine
3158 5515 3285 5574 sua.
3318 5570 3335 5574 Α,
3357 5501 3432 5574 (a_)
3467 5500 3552 5574 5.,
3582 5505 3639 5574 et

1073 5590 1105 5627 ιι
1140 5575 1397 5629 omnibus
1431 5574 1650 5631 incultis
1682 5587 1859 5631 terrae.

1072 5644 1252 5715 ff)_gS.,
1286 5655 1569 5700 mutarunt
1609 5649 1871 5715 speciem.

2051 5604 2052 5618 ι
2104 5574 2328 5629 Eorum.
2443 5574 2513 5642 (ε)
2550 5574 2615 5626 Ει
2654 5574 2969 5642 relinquent
3013 5588 3160 5625 eum.
3270 5574 3346 5638 (Δ)
3400 5574 3634 5627 Adouai.

2051 5676 2052 5684 η
2095 5644 2178 5708 8.,
2223 5654 2280 5699 et
2303 5643 2734 5715 consolationem
2779 5641 3004 5712 accepit.
3083 5641 3158 5710 (Ic)
3211 5640 3295 5704 S.,
3351 5639 3635 5715 perditori.

1016 5708 1238 5784 (lt)"TIi.,
1264 5727 1315 5771 et
1339 5725 1618 5774 conteram
1643 5708 1714 5773 te.
1793 5715 1857 5788 (Ι)
1889 5708 2317 5785 S.,'§'crmiculis
2355 5715 2485 5771 tuis.
2562 5712 2657 5786 (in)
2683 5711 2763 5781 S.,
2804 5708 3012 5771 stercus
3045 5708 3197 5770 tuum
3225 5711 3506 5782 sanguinis
3533 5708 3633 5763 tul.

2057 4522 2347 4576 extendam
2375 4531 2426 4575 te
2461 4535 2622 4588 super
2647 4528 2850 4573 terram
2884 4535 2896 4572 :
2933 4515 3109 4585 campi
3158 4513 3527 4584 implebuntur
3561 4523 3636 4578 te,

2059 4619 2112 4665 et
2142 4610 2426 4666 subsidere
2465 4609 2662 4664 faciam
2693 4623 2858 4679 super
2887 4617 2936 4660 te
2968 4619 3160 4659 omnes
3194 4604 3446 4658 volucres
3486 4602 3636 4669 coeli,

2058 4711 2115 4758 et
2160 4703 2420 4757 saturabo
2475 4701 2542 4755 de
2591 4712 2646 4755 te
2699 4715 2890 4754 omnes
2952 4697 3159 4752 bestias
3203 4696 3385 4751 omnis
3434 4705 3636 4750 terrae:

2058 4794 2114 4848 5.
2149 4802 2204 4848 et
2232 4794 2373 4848 dabo
2419 4807 2641 4846 carnem
2674 4801 2830 4844 tuam
2858 4805 3022 4859 super
3050 4795 3286 4852 montes,
3312 4795 3366 4842 et
3399 4784 3638 4856 implebo

2062 4887 2129 4952 Χ
2163 4885 2331 4940 valles
2367 4885 2390 4954 ζ
2435 4884 2497 4954 (ι)
2536 4884 2603 4937 de
2660 4881 2927 4951 sanguine
2983 4889 3096 4941 tuo.
3133 4881 3186 4933 6.
3221 4887 3277 4932 et
3323 4877 3641 4948 irrigabitur

2061 4986 2204 5033 terra
2245 4979 2340 5048 (ιη)
2374 4975 2707 5030 stercoribus
2744 4975 2852 5028 tuis
2893 4990 2923 5027 a
2960 4971 3311 5026 multitudine
3347 4978 3439 5024 tua
3471 4982 3640 5038 super
3701 4997 3704 4999 λ

2059 5070 2335 5124 montibus
2379 5086 2392 5122 :
2427 5069 2596 5122 valles
2624 5067 2861 5135 implebo
2888 5075 2961 5126 te,
2989 5065 3039 5116 7.
3064 5073 3118 5118 et
3142 5061 3479 5132 cooperiam,
3507 5075 3636 5114 cum

2056 5162 2362 5216 exstinctus
2414 5159 2605 5223 fueris,
2657 5158 2878 5220 cmlum,
2914 5167 2968 5210 et
3016 5161 3393 5210 tenebrescere
3439 5151 3638 5235 faciam

2057 5253 2244 5309 stellas
2284 5251 2427 5322 ejus,
2458 5255 2628 5307 solem
2687 5251 2743 5305 iu
2787 5249 2930 5304 nube
2969 5248 3234 5318 operiam,
3267 5255 3321 5301 et
3369 5245 3496 5300 luna
3528 5257 3638 5297 non

3247 5429 3325 5500 (ις)
3359 5429 3444 5491 S.,
3481 5428 3555 5482 ita
3579 5437 3638 5480 ut

2443 5574 2513 5642 (ε)
2540 5569 2615 5626 Ει
2654 5569 2969 5642 relinquent
3013 5588 3160 5642 eum.
3223 5640 3243 5642 _
3270 5570 3346 5638 (Δ)
3400 5569 3634 5642 Adouai.
