3864 6220
273 317 416 374 2757

1392 319 1795 376 HEZECIELIS
1834 320 2059 378 CAPUT
2099 320 2333 375 XXXIII.

3381 308 3523 366 2758

279 437 464 493 lucere
487 436 647 495 faciet
680 439 860 494 lumen
879 439 1025 519 ejus.
1063 441 1116 496 8.
1155 440 1353 496 Omnia
1396 440 1580 497 lucere
1607 440 1860 496 facientia
1890 447 1937 504 Α
1965 456 2070 496 non
2119 438 2450 503 circumcisi,
2479 435 2641 491 occisi
2693 451 2720 489 a
2761 432 2959 502 gladio,
2986 429 3077 500 qui
3116 427 3376 480 dedi-runt
3415 440 3525 480 ter-

279 529 462 584 lumen
501 531 624 585 caeli
652 532 1105 587 obtenebrescent
1138 548 1304 604 super
1351 541 1424 597 te,
1452 543 1506 589 et
1537 533 1679 588 dabo
1712 542 1862 587 tene-

280 620 409 674 bras
447 636 610 690 super
645 631 846 678 terram
893 607 1068 688 tuam,
1098 625 1235 680 dicit
1276 624 1542 680 Dominus
1567 624 1854 680 Dominus.

281 711 336 766 9.
363 711 429 764 Et
451 714 677 769 irritabo
705 731 800 770 cor
822 718 1063 786 gentium
1101 717 1415 780 multarum,
1434 732 1558 771 cum
1585 717 1861 772 adduxero

282 803 648 872 captivitatem
695 814 843 860 tuam
892 807 944 861 in
978 816 1189 878 gentes,
1220 807 1272 859 in
1311 817 1509 860 terram
1551 822 1714 876 quam
1750 823 1858 861 non

287 894 510 948 novisti.
543 895 628 951 10.
663 897 738 968 In)
778 897 842 952 Et
879 899 1354 954 contristabuntur
1394 913 1556 968 super
1593 908 1644 953 te
1675 907 1860 968 gentes

287 985 491 1052 multa,
535 997 588 1041 et
634 1004 786 1058 reges
836 1004 1024 1044 eorum
1059 993 1133 1060 (0)
1169 999 1393 1060 stupore
1440 991 1509 1058 31(
1560 1006 1723 1060 super
1755 994 1855 1062 Ie1

286 1088 619 1147 stupescent,
648 1096 770 1135 cum
796 1082 1058 1138 volaverit
1079 1083 1290 1153 gladius
1320 1098 1474 1138 meus
1509 1099 1671 1153 super
1694 1083 1860 1140 facies

286 1185 500 1234 eorum,
529 1171 604 1242 (p)
631 1182 1008 1243 exspectantes
1047 1174 1260 1228 ruinam
1318 1190 1472 1229 suam
1501 1190 1530 1229 a
1566 1176 1654 1230 die
1687 1175 1861 1229 ruinze

289 1267 414 1313 tuae.
448 1260 536 1314 11.
572 1263 707 1328 Quia
740 1265 855 1318 haec
892 1265 1025 1320 dicit
1071 1264 1336 1322 Dominus
1390 1265 1652 1320 Dominus
1687 1283 1700 1318 :
1734 1264 1862 1320 Gla-

290 1350 414 1405 dius
447 1353 589 1423 regis
637 1354 924 1426 Babylonis
959 1358 1140 1411 veniet
1189 1357 1307 1422 tibi,
1345 1357 1432 1410 i2.
1460 1357 1512 1410 in
1545 1356 1739 1428 gladiis
1783 1358 1863 1424 gi-

291 1451 537 1510 gantum,
578 1455 632 1500 et
669 1447 920 1514 dejiciam
977 1448 1348 1503 fortitudinem
1406 1458 1551 1502 tuam
1587 1467 1599 1502 :
1638 1464 1862 1517 corrup-

292 1543 435 1585 tores
468 1548 658 1589 omnes
705 1538 770 1591 de
812 1538 1086 1607 gentibus,
1123 1548 1176 1593 et
1216 1540 1443 1607 perdent
1475 1540 1858 1593 contumeliam

292 1621 534 1694 Egypti,
567 1636 619 1680 et
651 1637 960 1683 conteretur
993 1631 1172 1684 omnis
1214 1629 1472 1684 fortitudo
1502 1630 1642 1699 ejus.
1681 1633 1764 1686 I5.
1795 1629 1863 1685 Et

291 1716 513 1785 perdam
542 1735 703 1774 omne
732 1722 1036 1792 jumentum
1066 1723 1186 1792 ejus
1208 1724 1277 1776 ab
1309 1739 1448 1794 aqua
1486 1726 1673 1790 multa,
1712 1725 1786 1793 (ᾳ)
1809 1734 1864 1779 et

293 1822 403 1860 non
434 1811 908 1898 perturbabiteam
948 1829 1042 1882 pes
1088 1813 1346 1878 hominis,
1373 1823 1427 1866 et
1452 1815 1731 1883 vestigium
1767 1814 1859 1884 ju-

293 1901 458 1954 iuenti
491 1918 596 1956 non
633 1906 974 1960 conculcabit
1003 1922 1144 1960 eam.
1175 1905 1262 1958 14.
1296 1920 1359 1961 -t—
1395 1907 1527 1976 Sic1
1553 1918 1681 1959 tunc
1706 1908 1860 1975 quie-

293 1999 447 2044 scent
476 2008 631 2063 aqua:
675 2011 886 2060 eorum,
918 2007 970 2050 et
1009 1998 1232 2051 flumina
1264 2013 1454 2052 eorum
1493 1998 1648 2067 quasi
1681 1998 1858 2052 oleum

294 2081 484 2143 fliient,
538 2085 668 2138 dicit
705 2086 916 2141 Adonai
984 2087 1270 2162 Dominus.
1331 2089 1418 2143 15.
1470 2090 1606 2143 Cum
1659 2090 1862 2146 dedero

296 2170 590 2243 ngyptum
627 2177 680 2230 in
728 2179 1107 2247 perditionem,
1150 2191 1204 2233 et
1241 2190 1448 2234 vastata
1501 2181 1662 2234 fuerit
1719 2193 1862 2235 terra

295 2279 418 2316 cum
454 2267 788 2334 plenitudine
819 2285 938 2335 sua,
967 2286 1092 2324 cum
1142 2271 1449 2340 dispersero
1479 2286 1669 2326 omnes
1710 2271 1864 2326 babi-

298 2365 475 2410 tantes
523 2357 578 2410 in
628 2374 712 2424 ea,
749 2369 803 2415 et
851 2362 1045 2425 scient,
1085 2363 1212 2432 quia
1260 2377 1361 2432 ego
1415 2378 1536 2416 sum
1581 2363 1860 2419 Dominus.

298 2447 388 2502 16.
421 2447 764 2506 Lamentatio
789 2463 890 2519 est,
919 2463 972 2508 et
1017 2455 1464 2509 lamentabnntur
1494 2469 1636 2518 eam,
1659 2465 1713 2508 et
1743 2457 1864 2510 tiliae

299 2540 540 2608 gentium
587 2542 1029 2599 Iamentabuutur
1077 2561 1196 2600 eam
1238 2561 1402 2615 super
1458 2545 1771 2617 IEgyptum,
1812 2555 1866 2602 et

302 2647 470 2700 super
529 2648 746 2688 omnem
805 2635 1184 2691 fortitudinem
1254 2638 1372 2706 ejus
1425 2638 1867 2692 lamentabuntur

300 2739 444 2787 eam,
476 2725 605 2780 dicit
634 2725 897 2784 Dominus
933 2729 1214 2784 Dominus.
1248 2731 1333 2784 17.
1371 2728 1436 2784 Et
1464 2729 1663 2785 factum
1690 2739 1773 2785 est
1808 2731 1864 2786 in

301 2830 447 2870 anno
492 2817 842 2885 duodecimo,
899 2820 950 2874 in
1017 2837 1206 2875 mense
1261 2821 1457 2891 primo,
1520 2822 1866 2891 quindecimo

304 2907 527 2973 mensis,
559 2908 759 2963 factum
789 2920 871 2966 est
898 2911 1120 2965 verbum
1155 2909 1369 2965 Domini
1406 2911 1472 2966 ad
1515 2928 1617 2978 me,
1645 2913 1863 2967 dicens:

304 3003 391 3057 18.
431 3001 530 3056 Fili
556 3004 812 3067 hominis,
826 3005 897 3074 (r)
924 3005 1219 3060 lamentare
1240 3006 1675 3061 lamentationem
1704 3021 1868 3076 super

304 3094 678 3150 fortitudinem
726 3095 966 3167 .‘Egypti,
1009 3104 1062 3151 ct
1110 3097 1440 3152 descendere
1475 3097 1676 3152 facient
1727 3098 1866 3153 filias

301 3183 423 3250 ejus
451 3193 640 3252 gentes
674 3195 918 3240 mortuas
953 3186 1008 3239 iu
1058 3187 1384 3255 profundum
1427 3196 1603 3253 teme,
1643 3187 1710 3242 ad
1749 3203 1866 3254 eos,

304 3272 398 3340 qui
429 3274 764 3331 descendunt
791 3276 844 3330 in
873 3276 1104 3332 foveam.
1133 3277 1220 3333 19.
1243 3281 1310 3346 x
1337 3280 1417 3332 Ab
1446 3279 1602 3349 aquis
1629 3279 1870 3350 pulchris

305 3366 501 3417 decore
536 3366 558 3433 1
590 3365 876 3431 descende,
917 3375 970 3420 et
1007 3367 1183 3421 dormi
1216 3383 1339 3422 cum
1370 3383 1476 3423 non
1511 3369 1869 3435 circumcisis,

305 3455 360 3508 in
394 3456 571 3510 medio
608 3458 912 3512 occisorum
951 3460 1130 3529 gladio
1181 3460 1376 3514 cadent
1415 3476 1538 3515 cum
1578 3477 1666 3526 eo,
1698 3462 1787 3517 20.
1821 3472 1874 3518 et

306 3541 539 3595 dormiet
594 3557 755 3597 omne
818 3545 988 3600 robur
1025 3547 1164 3616 ejus.
1202 3547 1290 3600 2i.
1335 3547 1401 3602 Et
1449 3549 1631 3604 dicent
1658 3551 1751 3604 tibi
1791 3552 1873 3622 gi-

307 3642 497 3701 gantes
527 3651 540 3688 :
574 3632 630 3688 In
674 3636 944 3704 profundo
994 3638 1161 3694 fovea:
1197 3650 1316 3694 esto
1353 3659 1365 3694 :
1409 3657 1517 3711 quo
1544 3643 1736 3697 melior
1772 3643 1874 3698 es?

307 3725 593 3790 descende,
630 3736 683 3780 ct
710 3729 884 3783 dormi
920 3745 1043 3784 cum
1093 3747 1201 3785 non
1241 3732 1576 3788 circumcisis
1607 3733 1661 3787 in
1697 3735 1875 3788 medio

308 3820 614 3874 occisorum
638 3822 852 3892 gladiis.
885 3823 973 3877 22.
1014 3823 1088 3877 1ὺί
1119 3823 1311 3888 Assur,
1337 3833 1392 3879 et
1425 3825 1606 3880 omnis
1643 3840 1874 3896 congre-

309 3911 455 3980 gatio
490 3913 630 3982 ejus,
674 3928 736 3969 σε·
764 3931 953 3970 omnes
987 3916 1010 3985 1
1039 3917 1204 3971 occisi
1245 3917 1318 3970 ibi
1347 3917 1457 3970 dati
1492 3925 1636 3980 sunt,
1678 3925 1734 3972 et
1784 3932 1874 3972 se-

309 4004 558 4072 pulcrum
589 4020 778 4059 eorum
808 4006 860 4060 in
903 4007 1171 4075 profundo
1207 4007 1373 4070 foveae
1403 4025 1416 4062 :
1451 4017 1506 4062 et
1535 4006 1678 4062 facta
1699 4018 1781 4064 est
1809 4022 1874 4065 -t-

310 4095 657 4164 congregatio
700 4095 818 4166 ejus
857 4097 904 4168 1,
937 4097 1080 4153 circa
1135 4099 1447 4168 sepulcrum
1503 4099 1622 4168 ejus
1683 4114 1877 4157 omnes

311 4187 501 4253 occisi,
530 4187 624 4257 qui
670 4189 981 4243 ceciderunt
1008 4189 1188 4259 gladio
1228 4209 1242 4242 ε
1279 4190 1369 4242 25.
1397 4191 1464 4256 x
1486 4190 1578 4258 qui
1612 4189 1881 4246 dederunt

311 4285 563 4352 sepulcra
597 4283 718 4352 ejus
748 4285 802 4339 in
847 4285 1106 4341 lateribus
1136 4284 1302 4340 fovea:
1331 4304 1345 4340 :
1386 4286 1454 4357 (ε)
1493 4295 1547 4341 et
1593 4287 1767 4344 factus
1795 4298 1879 4343 est

310 4384 489 4430 costus
512 4375 658 4431 circa
693 4378 1001 4446 sepulcrum
1032 4377 1150 4444 ejus
1179 4395 1193 4432 :
1226 4393 1416 4433 omnes
1454 4377 1642 4442 occisi,
1676 4379 1878 4434 caden-

1967 550 2141 587 rorcm
2175 549 2332 586 suum
2376 544 2539 598 super
2565 538 2705 580 terra
2738 529 2879 578 vitae.
2901 523 2992 576 2'7.
3023 524 3090 588 χ
3120 517 3183 572 Et
3211 534 3314 570 non
3346 516 3372 586 1
3397 517 3526 570 dor-

1964 625 2203 679 mierunt
2226 639 2348 676 cum
2384 619 2717 693 gigantibus,
2743 615 2836 684 qui
2864 613 3175 668 ceciderunt
3201 610 3269 663 ab
3300 617 3523 670 aeterno,

1961 719 2052 787 qui
2092 715 2490 770 descenderunt
2516 711 2570 765 in
2602 708 2872 763 infernum
2907 705 2962 761 in
2983 703 3149 758 armis
3181 703 3250 769 Χ
3282 715 3468 753 eorum
3498 697 3520 763 1

1963 807 2196 872 bellicis,
2223 805 2288 875 (t)
2321 812 2374 857 et
2415 807 2715 873 posuerunt
2743 797 2950 866 gladios
2978 810 3106 848 suos
3132 793 3234 846 sub
3258 789 3526 858 capitibus

1961 900 2098 962 suis,
2129 906 2182 952 et
2215 897 2370 952 facta:
2401 902 2529 948 sunt
2567 891 2878 958 iniquitates
2907 900 3096 940 eorum
3123 897 3284 952 super
3311 881 3527 933 ossibus

1961 1005 2174 1048 eorum,
2215 986 2340 1057 quia
2366 989 2676 1040 terruerunt
2716 979 2881 1033 fortes
2905 978 2956 1030 in
2985 976 3089 1028 vita
3128 970 3352 1027 sua.28.
3381 969 3445 1023 Et
3470 977 3527 1022 tu

1963 1080 2015 1138 in
2073 1077 2250 1132 medio
2305 1091 2412 1130 non
2473 1069 2919 1127 circumcisorum
2963 1067 3029 1131 >κ
3057 1058 3353 1115 contereris
3389 1056 3446 1125 1,
3475 1063 3530 1108 et

1961 1170 2199 1229 dormies
2230 1184 2354 1222 cum
2384 1163 2579 1220 occisis
2610 1161 2807 1230 gladio.
2839 1159 2928 1211 29.
2961 1155 3035 1208 lbi
3072 1153 3150 1224 (ιι)
3183 1150 3374 1208 Edoni,
3396 1150 3528 1216 Xet

1961 1279 2114 1331 reges
2142 1261 2260 1330 ejus
2290 1261 2347 1331 1,
2375 1267 2427 1312 et
2447 1271 2638 1310 omnes
2669 1251 2938 1326 principes
2958 1245 3101 1315 ejus,
3133 1243 3226 1315 qui
3260 1240 3531 1295 dederunt

1963 1353 2132 1406 robur
2171 1366 2328 1404 suum
2378 1348 2430 1402 in
2485 1343 2892 1417 percussionem
2919 1337 3080 1409 gladii
3111 1353 3124 1389 :
3156 1334 3242 1388 isti
3282 1348 3405 1386 cum
3439 1345 3531 1383 oc-

1961 1444 2092 1500 cisis
2136 1442 2498 1502 dormierunt,
2539 1452 2664 1492 cum
2712 1428 3162 1487 descendentibus
3209 1426 3264 1483 in
3297 1425 3527 1478 foveam.

1959 1535 2049 1591 50.
2081 1532 2158 1587 1ὺί
2187 1534 2264 1601 (π)
2305 1529 2576 1600 principes
2604 1524 2892 1595 aquilonis,
2923 1535 3112 1576 omnes
3148 1519 3314 1572 duces
3337 1517 3527 1575 Assur,

1961 1627 2352 1683 descendentes
2398 1621 2561 1675 occisi
2605 1619 2682 1688 (ῃ)
2713 1632 2834 1670 cum
2877 1625 3082 1668 terrore
3107 1625 3228 1672 suo,
3254 1620 3305 1661 et
3346 1607 3400 1660 in
3441 1621 3532 1658 ro-

1962 1718 2094 1773 bore
2122 1732 2220 1770 suo
2259 1718 2326 1782 x
2367 1711 2581 1766 confusi
2631 1711 2654 1780 1
2693 1706 3030 1761 dormierunt
3076 1717 3182 1755 non
3222 1695 3529 1753 circumcisi

1965 1827 2087 1866 cum
2113 1809 2308 1864 occisis
2332 1806 2531 1875 gladio,
2561 1812 2614 1857 et
2651 1808 2974 1869 acceperunt
3013 1800 3343 1849 tormentum
3369 1805 3528 1845 suum

1964 1918 2088 1956 cum
2140 1897 2594 1954 descendentibus
2651 1895 2702 1948 in
2759 1892 2990 1945 foveam.
3044 1888 3134 1942 3|.
3178 1883 3283 1939 Eos
3331 1881 3532 1935 Videbit

1966 1994 2199 2053 Pharao,
2233 2000 2287 2044 et
2340 1987 2765 2044 consolationem
2806 1981 3032 2049 accipiet
3092 1992 3216 2032 cum
3268 1974 3416 2028 omni
3444 1989 3532 2027 ro-

1968 2088 2101 2142 bore
2146 2100 2357 2149 eorum,
2389 2086 2455 2150 χ(
2485 2080 2647 2135 occisi
2699 2076 2875 2147 gladio
2912 2070 3234 2132 Pharaonis,
3263 2078 3316 2120 et
3352 2064 3532 2122 omnis

1969 2178 2206 2248 potentia
2236 2174 2355 2243 ejus
2391 2173 2447 2242 1,
2471 2171 2601 2225 dicit
2647 2167 2910 2220 Dominus
2946 2160 3232 2214 Dominus.
3267 2156 3357 2211 52.
3394 2153 3532 2224 Quia

1968 2245 2090 2322 dedi
2139 2274 2339 2319 metum
2376 2263 2495 2330 ejus
2540 2275 2705 2328 super
2755 2265 2897 2311 terra
2932 2253 3072 2314 vitae,
3108 2260 3161 2304 et
3208 2247 3441 2302 dormiet
3476 2245 3533 2300 in

1969 2359 2147 2414 medio
2180 2373 2288 2412 non
2318 2354 2764 2410 circumcisorum
2805 2365 2928 2403 cum
2958 2344 3155 2400 occisis
3184 2341 3362 2412 gladio
3386 2339 3532 2391 ΡΙιειρ

1969 2466 2088 2514 rao,
2127 2459 2183 2504 ct
2231 2447 2410 2502 omnis
2449 2443 2733 2500 multitudo
2771 2441 2912 2512 ejus,
2965 2437 3097 2492 dicit
3137 2433 3399 2488 Dominus
3423 2427 3534 2482 Do.

1970 2555 2173 2595 mllllIS.

2041 2633 2170 2700 Cap.
2205 2626 2441 2682 XXXIII.
2464 2656 2536 2666 —
2558 2625 2610 2680 1.
2637 2625 2703 2680 Et
2727 2622 2928 2677 factum
2959 2626 3041 2676 est
3065 2617 3289 2672 verbum
3321 2609 3537 2664 Domini

1973 2724 2038 2777 ad
2070 2738 2175 2787 me,
2207 2722 2393 2776 dicens
2429 2737 2440 2773 :
2476 2717 2530 2770 2.
2564 2716 2663 2771 Fili
2720 2715 2977 2776 hominis,
3034 2712 3255 2778 loquere
3289 2705 3413 2759 filiis
3444 2717 3540 2771 po-

1971 2815 2082 2887 puli
2111 2815 2207 2875 tui,
2259 2822 2311 2866 et
2344 2812 2491 2865 dices
2540 2809 2605 2862 ad
2645 2823 2739 2862 eos
2771 2826 2782 2860 :
2815 2804 3000 2865 Terra,
3051 2816 3212 2870 super
3253 2811 3415 2868 quam
3451 2795 3540 2848 in-

1971 2909 2182 2961 duxero
2214 2904 2474 2975 gladium,
2521 2911 2575 2955 et
2614 2897 2870 2954 sumserit
2925 2895 3157 2966 populus
3210 2891 3328 2959 ejus
3382 2897 3541 2942 terra:

1974 2998 2246 3052 houunem
2279 3012 2446 3051 unum
2475 2997 2547 3066 (ι)
2576 3009 2640 3048 ex
2676 2994 2776 3055 eis,
2809 2999 2864 3044 et
2900 2987 3148 3042 dederint
3182 2999 3305 3038 eum
3339 2981 3442 3036 sibi
3483 2980 3538 3036 iu

1973 3091 2392 3163 speculatorem,
2415 3089 2469 3144 5.
2496 3097 2549 3142 et
2577 3085 2769 3140 viderit
2788 3083 3023 3154 gladium
3047 3079 3347 3131 venientem
3375 3086 3541 3143 super

1971 3193 2191 3250 terram,
2229 3191 2284 3236 et
2324 3180 2589 3235 claruerit
2634 3178 2782 3242 tuba,
2823 3185 2877 3228 et
2906 3169 3293 3244 signiﬁcaverit
3317 3165 3538 3237 populo,

1970 3275 2023 3328 4.
2057 3286 2109 3328 et
2136 3273 2404 3327 audiverit
2441 3269 2672 3324 audiens
2702 3283 2886 3320 vocem
2921 3264 3086 3325 tubre,
3111 3269 3164 3313 et
3205 3272 3314 3312 non
3355 3271 3414 3310 se
3446 3270 3543 3307 ett-

1972 3365 2275 3425 stodiverit,
2304 3373 2357 3417 et
2388 3362 2595 3416 venerit
2639 3375 2802 3427 super
2833 3371 2959 3409 eum
2985 3352 3219 3423 gladius,
3259 3358 3312 3403 et
3351 3361 3542 3416 appre-

1975 3454 2221 3508 henderit
2251 3469 2399 3515 eum,
2435 3451 2660 3520 sanguis
2686 3449 2805 3516 ejus
2832 3461 2994 3514 super
3014 3451 3177 3512 caput
3207 3441 3377 3510 ipsius
3407 3435 3540 3502 crit;

1974 3546 2027 3600 5.
2056 3547 2184 3616 quia
2208 3561 2389 3600 vocem
2423 3546 2566 3598 tuba:
2601 3557 2724 3596 cum
2753 3539 2979 3602 audivit,
3001 3551 3108 3590 non
3140 3551 3197 3588 se
3226 3529 3538 3594 custodivit,

1975 3636 2196 3707 sanguis
2218 3636 2337 3704 ejus
2367 3649 2528 3702 super
2555 3647 2677 3686 eum
2717 3630 2820 3683 erit
2854 3645 2869 3682 :
2899 3637 2954 3680 et
2985 3625 3092 3688 hic,
3119 3622 3246 3692 quia
3274 3635 3331 3674 se
3358 3627 3544 3672 custo-

1974 3729 2131 3793 divit,
2172 3728 2408 3780 animam
2442 3728 2595 3778 Suam
2641 3719 2909 3791 liberavit.
2949 3716 3002 3770 6.
3045 3714 3109 3769 Et
3152 3712 3462 3783 speculator
3496 3707 3543 3763 si

1974 3819 2170 3876 viderit
2199 3818 2434 3889 gladium
2463 3814 2788 3876 venientem,
2817 3820 2871 3864 et
2904 3825 3010 3862 non
3039 3801 3425 3875 significaverit
3450 3814 3544 3869 per

1977 3912 2183 3976 tubam,
2216 3920 2268 3964 et
2298 3909 2526 3978 populus
2550 3921 2656 3960 non
2681 3920 2739 3958 se
2757 3900 3132 3963 custodiverit,
3159 3907 3214 3951 et
3237 3909 3362 3951 cum
3399 3891 3545 3945 venit

1977 4008 2208 4080 gladius,
2239 4005 2423 4059 tulerit
2461 4019 2525 4056 ex
2561 4001 2641 4054 eis
2672 4001 2932 4062 animam,
2963 3994 3053 4048 illa
3088 3999 3308 4062 propter
3341 3986 3543 4056 iniqui-

1976 4111 2140 4157 tatem
2172 4113 2326 4153 suam
2353 4104 2510 4164 capta
2540 4101 2649 4158 est,
2691 4101 2746 4146 et
2785 4088 3105 4158 sanguinem
3153 4099 3184 4138 e
3221 4096 3386 4137 manu
3428 4093 3548 4148 spc-

1977 4188 2239 4246 culatoris
2270 4186 2566 4256 requiram.
2598 4183 2647 4236 7.
2689 4181 2753 4234 Et
2780 4191 2857 4246 tu,
2889 4179 2964 4234 1111
2997 4173 3254 4237 hominis,
3298 4169 3547 4242 specula-

1979 4293 2150 4338 torem
2178 4279 2302 4335 dedi
2332 4289 2383 4333 te
2404 4275 2589 4331 domui
2629 4272 2867 4339 lsraelis,
2897 4279 2953 4325 et
2980 4267 3167 4322 audies
3206 4279 3271 4320 ex
3306 4277 3399 4317 ore
3425 4274 3546 4314 meo

1978 4375 2225 4436 verbum,
2259 4374 2326 4439 )t(
2355 4380 2410 4425 et
2447 4368 2722 4425 custo'lies
2761 4380 2858 4420 eos
2897 4378 2928 4418 a
2969 4375 3054 4415 me
3095 4360 3144 4431 1.
3172 4357 3226 4412 8.
3259 4355 3395 4410 Cum
3426 4352 3549 4406 dico

311 4478 396 4523 tes
426 4469 602 4538 gladio
626 4469 650 4538 1
678 4470 771 4540 qui
797 4469 1060 4525 dederunt
1087 4471 1332 4525 timorem
1368 4485 1527 4525 suum
1549 4486 1710 4539 super
1735 4482 1877 4526 terra
1910 4498 1954 4553 υ
1982 4465 2254 4535 peccatori
2285 4482 2298 4518 :
2331 4465 2398 4530 Χ
2437 4461 2695 4516 Peccator
2722 4459 2779 4528 1,
2817 4464 2996 4510 morte
3042 4449 3317 4513 morieris,
3356 4454 3410 4500 et
3438 4459 3548 4498 non

312 4560 458 4614 vitae.
489 4559 580 4613 24.
611 4559 684 4614 lbi
724 4559 926 4626 Elam,
957 4570 1010 4615 et
1042 4561 1222 4617 omnis
1270 4561 1528 4616 fortitudo
1574 4561 1696 4631 ejus
1731 4563 1877 4617 circa

312 4651 625 4719 sepulcrum
662 4649 780 4719 ejus
814 4670 828 4706 :
860 4667 1051 4707 omnes
1074 4653 1263 4719 occisi,
1301 4653 1395 4723 qui
1428 4652 1740 4707 ceciderunt
1760 4654 1877 4722 gla-

313 4741 428 4806 dio,
462 4751 517 4796 et
540 4743 631 4812 qui
671 4741 1006 4798 descendunt
1038 4759 1146 4797 non
1206 4743 1514 4799 circumcisi
1549 4743 1605 4797 in
1653 4743 1878 4813 profun-

313 4834 442 4887 dum
473 4843 650 4898 terrm,
681 4835 772 4905 qui
795 4833 1061 4890 dederunt
1080 4836 1328 4890 timorem
1356 4851 1517 4892 suum
1544 4848 1709 4905 super
1731 4845 1877 4890 terra

314 4926 459 4988 vitae,
499 4934 553 4979 et
584 4934 910 4995 acceperunt
943 4935 1274 4980 tormentum
1306 4941 1464 4981 suum
1509 4941 1634 4981 cum
1665 4926 1755 4991 iis,
1791 4925 1883 4995 qui

317 5016 652 5070 descendunt
708 5016 762 5070 in
819 5017 1030 5070 foveam
1069 5015 1157 5069 25.
1203 5017 1258 5070 in
1313 5015 1492 5071 medio
1557 5016 1883 5071 occisorum.

1984 4559 2199 4613 locutus
2230 4555 2420 4619 fueris,
2455 4563 2514 4608 ut
2563 4567 2623 4607 se
2661 4548 2932 4606 custodiat
2984 4545 3186 4615 impius
3231 4557 3262 4597 a
3301 4540 3386 4594 via
3427 4551 3546 4601 sua,

1984 4652 2075 4707 ille
2112 4651 2336 4720 iniquus
2365 4650 2417 4702 in
2450 4646 2735 4716 iniquitate
2767 4656 2864 4698 sua
2896 4639 3193 4703 morietur;
3227 4633 3549 4706 sanguinem

1985 4751 2162 4796 autem
2183 4740 2302 4810 ejus
2327 4755 2357 4794 e
2381 4753 2543 4791 manu
2576 4747 2666 4792 tua
2696 4736 2995 4805 requiram.
3022 4733 3170 4789 9.Tu
3189 4745 3315 4784 vero
3342 4728 3387 4782 si
3415 4740 3552 4796 pra:-

1986 4831 2199 4887 veneris
2251 4828 2656 4885 annuntiaveris
2718 4827 2887 4899 impio
2934 4827 3076 4882 viam
3139 4838 3319 4888 suam,
3371 4830 3428 4872 ut
3491 4832 3552 4872 se

1981 4931 2190 4978 avertat
2235 4922 2303 4975 ab
2341 4937 2425 4988 ea,
2471 4928 2526 4976 et
2580 4935 2686 4975 non
2721 4934 2780 4976 se
2835 4917 3094 4973 averterit
3123 4931 3153 4968 a
3181 4915 3268 4968 via
3301 4927 3421 4974 sua,
3461 4909 3552 4962 hic

1983 5014 2257 5084 impietate
2289 5029 2385 5069 sua
2421 5014 2703 5077 morietur,
2742 5020 2797 5067 et
2844 5023 2901 5066 tu
2946 5010 3184 5064 animam
3231 5013 3380 5060 tuam
3414 5003 3554 5058 libe-

317 5108 387 5162 26
443 5106 518 5161 lbi
542 5107 652 5162 dati
672 5107 1064 5171 suutMosoch,
1097 5117 1151 5162 et
1183 5106 1414 5170 Thobel,
1449 5115 1504 5162 et
1534 5122 1696 5162 omne
1722 5106 1887 5161 robur
1981 5106 2134 5160 rasti.
2170 5106 2254 5159 10.
2294 5107 2361 5160 Ει
2399 5115 2479 5172 tu,
2518 5106 2590 5160 lili
2623 5103 2882 5170 hominis,
2930 5102 3018 5158 die
3062 5099 3252 5157 domui
3297 5097 3548 5153 Israelis:

318 5201 438 5269 ejus
453 5199 599 5254 circa
627 5201 935 5269 sepulcrum
961 5200 1102 5269 ejus,
1133 5215 1325 5254 omnes
1345 5199 1514 5255 occisi
1531 5199 1670 5270 ejus,
1697 5212 1888 5253 omnes
1985 5197 2076 5254 Sic
2099 5198 2262 5254 locuti
2304 5198 2456 5262 estis,
2483 5198 2727 5254 dicentes
2752 5214 2766 5252 :
2789 5195 3017 5252 Errores
3053 5196 3247 5261 nostri,
3274 5203 3327 5248 et
3351 5189 3554 5261 iniqui-

324 5429 334 5439 _
383 5361 466 5439 _(n)
509 5358 596 5421 8.,
645 5367 700 5413 et
745 5367 1056 5439 stupescgre
1101 5358 1293 5439 faciam
1344 5373 1567 5431 propter
1616 5371 1670 5418 te
1729 5370 1916 5433 gentes
1967 5363 2190 5417 multas.

323 5429 754 5510 inliorrescen‘t.“
823 5426 897 5510 φ)
952 5426 1036 5510 8.,
1077 5441 1132 5484 et
1181 5426 1568 5510 obstupescent
1602 5426 1820 5510 propier
1839 5433 2183 5510 _hmc,__quae
2222 5426 2405 5510 subito
2436 5436 2593 5510 _tient,
2636 5426 3015 5510 unusquisque
3061 5429 3550 5510 pr_opter.an_i.mam

322 5513 505 5583 suain.
614 5499 687 5568 (ς)
716 5498 798 5565 S.,
833 5500 999 5583 i‘tamut
1037 5516 1144 5554 non
1195 5498 1492 5583 perturbet.
1594 5498 1674 5583 (ν).
1704 5498 1794 5567 8.,
1839 5501 1960 5568 Th.,
1994 5498 2381 5583 dic-canticum
2417 5503 2484 5558 de
2538 5498 3242 5583 multitudineEgypti,ret
3285 5499 3554 5578 inclinans

323 5567 589 5648 prolonga
627 5567 770 5650 cani,
809 5578 864 5650 et
903 5569 1052 5650 [Ilias
1090 5567 1331 5650 geniiuni
1366 5567 1616 5650 discerne
1647 5567 1720 5650 'i_i_i_
1757 5567 2010 5628 turmam.
2033 5644 2045 5650 ἧ
2113 5572 2304 5650 (s)_$.,
2342 5573 2481 5627 facta
2539 5583 2623 5628 est
2655 5572 2942 5650 multitudo
2972 5567 3091 5641 ejus
3125 5569 3554 5636 uniuscujusque

499 5636 1262 5734 SfigttIFDflzfjlthJ-J(I-)
1282 5643 1722 5734 ponentur-gladii
1749 5659 1938 5734 eorum
1965 5644 2067 5698 sub
2093 5636 2358 5712 capitibus
2391 5659 2599 5700 eorum.
2661 5648 2755 5730 '(u)
2785 5641 2901 5698 Dati
2935 5636 3081 5699 sunt.
3163 5640 3240 5712 (ω)
3269 5636 3354 5706 8.,
3382 5638 3552 5693 uncti.

327 5679 472 5692 νην..
499 5679 538 5692 υ.
561 5679 744 5720 νων...
774 5679 913 5721 Ὺ.-.
996 5679 1059 5709 ,.,
1092 5679 1174 5702 υ..
1202 5679 1256 5695 μ.
1284 5679 1536 5712 puum"...
1563 5679 1722 5711 δηιι...
1749 5679 1938 5698 ww...
1965 5679 2067 5698 ω,
2093 5679 2358 5712 mimum”
2391 5679 2599 5700 ww".
2701 5679 2730 5696 ῃ
2786 5679 2901 5698 mm
2935 5679 3081 5699 cum.
3183 5679 3218 5692 ω
3269 5679 3326 5697 ψ

327 5710 404 5786 ty)
433 5708 513 5773 8.,
548 5724 670 5764 cum
701 5721 822 5766 \‘lCll
859 5721 984 5766 sunt
1019 5727 1058 5765 a-
1073 5712 1264 5769 robore
1296 5728 1415 5768 suo.
1492 5713 1566 5784 (ς.)
1605 5711 1723 5782 Ἡρη
1755 5730 1781 5767 τι
1813 5722 1964 5785 parte
1990 5729 2194 5771 eorum
2661 5679 2695 5730 ,ι
2735 5679 2755 5713 1
3163 5679 3181 5712 κ
3221 5679 3239 5711 ,
3337 5679 3354 5706 ,

2299 5362 2372 5433 (0)
2416 5361 2500 5425 8.,
2539 5378 2597 5418 se
2639 5362 2811 5432 eriget
2862 5361 3091 5433 capillus
3150 5373 3396 5433 eorum._
3426 5355 3550 5413 Th..
