3864 6220
342 258 513 319 -2739

1461 258 1685 317 CODEX
1730 260 2525 331 SYRIACO-HEXAPLARIS.

3530 292 3639 347 710

373 359 514 406 tates
574 367 776 414 nostra:
811 375 975 431 super
1032 380 1133 422 nos
1179 380 1327 437 sunt,
1361 375 1498 430 etin
1532 379 1615 434 eis
1646 396 1749 435 nos
1776 378 1955 451 lique-
1982 385 2029 439 Α
2058 400 2173 439 ram
2210 388 2480 451 desertam
2515 401 2566 447 et
2610 392 2935 461 desolatam,
2981 395 3073 469 (ιη)
3108 406 3163 453 et
3190 400 3385 469 peribit
3434 418 3631 461 contu-

367 443 597 511 scimus,
634 458 689 503 et
726 455 1000 519 quomodo
1049 458 1334 517 vivemus?
1382 465 1465 520 11.
1510 468 1597 523 dic
1647 472 1727 527 eis
1764 491 1777 528 :
1814 474 1953 528 Vivo

366 548 491 603 ego,
520 538 654 593 dicit
673 543 877 600 Adonai
912 546 1193 617 Dominus,
1233 570 1337 608 non
1362 557 1486 611 volo
1512 571 1739 616 mortem
1771 565 1945 636 impii,

367 626 512 681 sicut
539 629 691 695 illttd,
720 643 779 688 ut
809 652 868 690 se
896 649 1107 694 avertat
1135 643 1333 712 impius
1360 663 1389 700 a
1423 649 1506 703 via
1539 666 1658 718 sua,
1683 664 1737 708 et
1762 656 1946 715 vivat:

366 726 686 781 revertendo
738 732 1075 787 revertimini
1118 753 1144 786 ιι
1192 738 1275 792 via
1324 750 1499 795 vestra
1546 746 1614 813 Χ
1661 748 1802 803 mala
1844 768 1857 805 :
1897 762 1950 807 et

366 828 535 881 quare
570 819 877 878 moriemini
922 826 978 894 ζ,
1009 828 1202 883 domus
1256 829 1513 888 lsraelis?
1540 836 1625 890 12.
1660 840 1728 908 >ε<
1768 838 1829 895 Et
1865 851 1945 910 tu,

304 966 307 967 ί
367 904 439 956 nu
484 905 720 964 hominis
764 910 827 980 ε,
862 914 948 969 dic
1006 916 1072 969 ad
1128 918 1267 973 tilios
1316 920 1501 989 populi
1552 923 1631 982 tui
1672 904 1945 984 z'tusuua'

356 994 493 1064 justi
534 1015 639 1054 non
672 1002 921 1060 liberabit
977 1023 1101 1063 eum
1151 1010 1203 1064 in
1239 1011 1349 1079 die,
1393 1032 1503 1087 quo
1525 1020 1794 1074 erraverit
1831 1038 1845 1075 :
1893 1032 1947 1077 et

361 1087 629 1156 iniquitas
666 1092 745 1164 (α)
779 1095 952 1167 iniqui
996 1115 1102 1154 non
1142 1101 1217 1172 (b)
1254 1107 1474 1163 nocebit
1511 1109 1561 1164 ei
1597 1109 1648 1164 in
1690 1112 1799 1175 die,
1834 1129 1944 1183 quo

359 1194 425 1233 sc
450 1186 779 1239 converterit
807 1187 877 1243 ab
912 1188 1199 1260 iniquitate
1227 1210 1324 1250 sua
1358 1216 1370 1252 :
1401 1209 1455 1252 et
1478 1199 1661 1270 justus
1696 1218 1806 1258 non
1842 1220 1939 1274 po.

362 1270 494 1324 terit
530 1273 604 1344 (ε)
641 1275 836 1331 salvari
877 1282 944 1348 Χ
996 1282 1049 1335 1η
1099 1283 1187 1337 die
1236 1289 1444 1354 peccati
1487 1292 1643 1362 suit.
1678 1293 1761 1349 15.
1805 1270 1940 1350 cum

358 1359 549 1417 dixero
580 1364 763 1433 justo,
801 1369 915 1425 Vita
980 1372 1151 1439 vives,
1200 1386 1254 1430 et
1307 1378 1395 1434 hic
1444 1359 1725 1445 conlidens
1778 1402 1942 1455 super

348 1451 571 1525 justiti:
622 1476 741 1525 sua,
786 1472 840 1516 et
868 1462 1059 1520 fecerit
1106 1469 1685 1540 iniquitatem,omnes
1709 1478 1941 1547 justitire

353 1546 479 1617 ejus
518 1566 625 1605 non
684 1558 1155 1625 memorabuntur,
1199 1563 1253 1617 in
1308 1565 1574 1635 injustitia
1616 1586 1738 1636 sua,
1771 1590 1935 1643 quam

357 1639 509 1707 fecit,
543 1643 596 1697 in
632 1660 696 1698 ea
741 1648 1023 1703 morietur.
1073 1654 1159 1707 H.
1215 1654 1281 1711 Et
1322 1674 1446 1713 cum
1499 1662 1691 1718 dixero
1746 1639 1935 1739 impio,

358 1730 530 1789 Morte
571 1738 854 1807 morieris,
883 1755 933 1797 ct
977 1761 1038 1799 se
1083 1751 1338 1802 averterit
1382 1768 1412 1805 a
1461 1765 1683 1821 peccato
1728 1774 1849 1824 suo,
1882 1770 1937 1816 et

354 1822 848 1897 feceritjudicinm.
872 1844 925 1889 et
943 1836 1238 1906 justitiam,
1266 1842 1350 1895 15.
1375 1856 1421 1897 et
1441 1844 1639 1916 pignus
1667 1822 1933 1909 debitoris

355 1918 678 1985 reddiderit,
728 1935 783 1979 et
836 1930 1083 1997 rapinam
1138 1934 1479 2002 rependerit,
1536 1937 1590 1991 in
1648 1944 1934 2011 prmccptis

354 2010 480 2064 vitae
517 2014 899 2081 ambulaverit,
937 2031 995 2073 ut
1021 2037 1088 2074 ne
1124 2022 1285 2077 faciat
1314 2025 1597 2092 injustttm,
1629 2031 1735 2083 vita
1769 2033 1930 2097 vivet,

350 2110 407 2155 et
430 2118 537 2157 non
575 2108 856 2164 morietur.
896 2112 979 2166 16.
1012 2112 1205 2168 Omnia
1234 2127 1455 2185 peccata
1480 2118 1620 2187 ejus,
1652 2137 1774 2188 qua:
1807 2141 1935 2193 pec-

347 2193 515 2258 cavit,
552 2212 658 2251 nou
702 2204 1153 2259 memoralmntur
1186 2212 1249 2275 3K
1274 2210 1320 2263 ei
1350 2212 1406 2279 ξε
1437 2212 1562 2281 quia
1582 2215 1851 2284 judicium
1879 2228 1933 2274 et

344 2281 617 2351 justitiam
652 2288 800 2351 fecit,
835 2292 887 2347 in
914 2295 994 2349 eis
1023 2297 1185 2352 vivet.
1210 2301 1292 2355 17.
1318 2292 1383 2356 Et
1409 2281 1597 2362 dicent
1621 2309 1714 2363 lilii
1747 2313 1930 2381 populi

346 2376 428 2430 tui
455 2396 469 2432 :
498 2378 576 2449 (ά)
602 2380 720 2437 Νοιι
747 2395 888 2440 recta
924 2388 1003 2442 via
1028 2387 1242 2446 Domini
1274 2411 1287 2446 :
1321 2406 1375 2449 et
1397 2396 1510 2453 haec
1541 2400 1621 2453 via
1648 2376 1837 2457 eorum
1861 2404 1930 2472 (e)

332 2458 458 2521 ¹ιιοιι
490 2483 657 2526 recta.
681 2476 749 2539 Β(
778 2476 976 2531 Audite
1012 2493 1220 2546 autem,
1271 2485 1469 2543 domus
1504 2488 1720 2549 lsraelis
1752 2513 1765 2548 :
1799 2510 1929 2553 num

345 2555 435 2612 via
461 2574 578 2614 mea
611 2578 717 2619 non
743 2576 886 2619 recta
906 2582 1012 2621 non
1046 2569 1143 2624 fuit
1163 2572 1186 2624 ?
1210 2573 1308 2627 viae
1334 2588 1527 2633 vestra:
1560 2596 1665 2635 non
1696 2578 1860 2638 reeta
1878 2586 1928 2654 ζ.

354 2647 440 2703 18.
469 2649 605 2704 Cum
643 2668 704 2707 se
747 2658 1003 2712 averterit
1054 2660 1239 2731 justus
1273 2682 1305 2720 ιι
1341 2668 1553 2736 justitia
1602 2689 1723 2736 sua,
1764 2684 1817 2730 et
1853 2675 1930 2730 fe-

332 2728 487 2795 cerit
515 2742 579 2812 (Γ)
610 2743 945 2815 iniquitates.
970 2760 1023 2806 et
1057 2728 1413 2815 morietur'in
1450 2762 1549 2819 eis.
1580 2765 1666 2820 19.
1705 2766 1769 2821 Et
1803 2784 1927 2825 cum

349 2845 407 2881 se
437 2833 695 2886 averterit
726 2836 801 2905 (g)
835 2849 1090 2907 peccator
1111 2845 1179 2899 ab
1204 2846 1490 2918 iniquitate
1510 2867 1631 2917 sua,
1662 2865 1715 2909 et
1739 2855 1929 2914 fecerit

329 2915 611 2987 “judicium
644 2933 699 2979 et
728 2925 1025 2996 justitiam,
1056 2932 1108 2987 in
1144 2936 1226 2989 eis
1261 2915 1376 3008 ipse
1414 2942 1574 2999 vivet.
1600 2915 1687 3002 20.
1727 2947 1791 3003 Ει
1826 2950 1927 3006 hoc

346 3021 452 3075 est,
480 3014 624 3082 quod
664 3016 882 3074 dixistis
912 3039 925 3074 :
958 3022 1076 3077 Non
1113 3036 1258 3081 recta
1300 3032 1383 3085 via
1420 3032 1635 3091 Domini
1674 3057 1687 3093 :
1730 3056 1926 3095 unum-

341 3118 624 3174 quemque
655 3108 731 3178 (hl
766 3110 922 3179 juxta
953 3117 1067 3171 vias
1115 3118 1233 3188 ejus
1258 3121 1517 3189 judicabo
1562 3144 1677 3193 vos,
1729 3133 1926 3195 domus

343 3191 583 3253 lsraelis.
618 3199 707 3253 21.
755 3201 820 3256 Et
854 3203 1055 3260 factum
1087 3219 1169 3264 est
1214 3211 1267 3266 in
1311 3230 1456 3270 anno
1494 3219 1556 3289 (1)
1597 3191 1832 3291 decimo,
1869 3227 1923 3282 in

344 3301 534 3343 mense
584 3291 929 3359 duodecimo,
962 3300 1153 3367 quinto
1208 3308 1413 3362 mensis
1465 3312 1796 3380 captivitatis
1825 3334 1925 3373 no-

344 3389 495 3447 stne,
528 3386 676 3439 venit
700 3387 766 3441 ad
801 3405 905 3455 me,
942 3396 1033 3462 qui
1068 3397 1313 3454 salvatus
1354 3400 1457 3457 fuit
1502 3406 1568 3459 de
1594 3404 1920 3478 Jerusalem,

340 3474 531 3530 dicens
560 3496 573 3531 :
602 3476 836 3535 Subacta
882 3494 965 3539 est
1020 3488 1169 3544 urbs.
1208 3491 1296 3546 22.
1346 3494 1413 3548 Et
1458 3513 1653 3555 manus
1706 3474 1921 3559 Domini

330 3565 481 3622 facta
510 3580 593 3625 est
621 3589 787 3645 super
830 3591 916 3632 me
977 3594 1222 3650 vespere,
1274 3596 1562 3656 antequam
1607 3594 1834 3661 veniret,
1869 3606 1924 3657 et

327 3665 555 3731 aperuit
576 3680 638 3720 os
667 3683 869 3734 meum,
898 3670 1071 3727 donec
1096 3677 1242 3730 venit
1271 3679 1338 3733 ad
1374 3696 1458 3734 me
1490 3699 1652 3740 mane
1683 3704 1696 3741 :
1724 3697 1921 3745 etcum

334 3764 586 3829 apertum
617 3767 698 3813 est
742 3776 806 3815 os
848 3776 1052 3825 meum.
1095 3782 1202 3823 non
1249 3784 1308 3824 se
1343 3773 1614 3831 continuit
1660 3781 1916 3849 amplius.

337 3842 428 3897 25.
458 3843 523 3897 Et
558 3846 757 3903 factum
810 3860 894 3906 cst
927 3856 1152 3911 verbum
1191 3857 1405 3915 Domini
1447 3866 1514 3918 ad
1546 3883 1652 3933 me,
1692 3870 1916 3929 dicens:

336 3933 429 3987 24.
461 3935 559 3991 Fili
594 3939 850 4007 hominis,
879 3945 971 4013 qui
1001 3945 1246 4001 habitant
1272 3950 1324 4003 in
1366 3953 1599 4009 desertis
1628 3960 1696 4025 λ
1732 3959 1854 4015 istis
1890 3962 1913 4030 ζ

331 4044 501 4098 super
529 4038 672 4085 terra
693 4032 931 4102 Israelis,
965 4037 1155 4091 dicunt
1176 4043 1244 4109 >κ
1272 4041 1558 4116 dicentes:
1583 4066 1595 4100 :
1619 4046 1771 4104 Unus
1802 4064 1919 4115 erat

333 4121 632 4191 Abraham,
665 4136 716 4178 ct
738 4128 1129 4183 tenuitterram
1157 4150 1170 4185 :
1195 4140 1247 4186 ct
1269 4149 1370 4190 nos
1393 4140 1543 4191 multi
1572 4154 1630 4195 -ι-
1657 4146 1914 4219 ειιιιιιιδζ,

332 4216 497 4273 nobis
528 4217 653 4273 data
692 4233 774 4275 est
818 4231 965 4283 terra
1011 4224 1063 4278 in
1096 4230 1522 4296 possessionem.
1567 4234 1655 4288 25.
1694 4237 1917 4307 l’roliter

332 4309 441 4364 hoc
464 4310 551 4365 dic
576 4312 648 4382 (It)
680 4313 760 4369 eis
794 4334 807 4369 :
856 4315 979 4371 11ωο
1033 4319 1163 4374 dicit
1190 4320 1454 4380 Dominus
1503 4326 1765 4386 Dominus
1797 4350 1810 4386 :
1842 4338 1914 4404 χ

331 4397 513 4468 Super
535 4403 800 4473 sanguine
835 4408 1140 4474 comeditis,
1173 4422 1227 4465 et
1261 4414 1451 4469 oculos
1484 4427 1694 4473 vestros
1724 4423 1912 4479 tollitis
1946 4404 1988 4458 D

328 4492 399 4546 ad
438 4493 578 4547 idola
616 4506 810 4564 vestra,
848 4508 901 4552 ct
928 4502 1249 4570 sanguinem
1287 4505 1563 4563 elfunditis
1594 4521 1685 4564 :et
1710 4521 1909 4569 terram

326 4581 762 4642 hmreditabitis?
809 4590 901 4644 26.
945 4591 1183 4649 Stetistis
1230 4611 1392 4665 super
1444 4598 1639 4668 gladiis
1690 4607 1907 4671 vestris,

325 4672 540 4731 fecistis
568 4678 1021 4748 abominationes,
1040 4694 1089 4738 et
1125 4689 1508 4759 unusquisque
1535 4707 1754 4747 uxorem
1780 4712 1909 4765 pro-

328 4767 465 4823 simi
490 4772 574 4824 sui
610 4772 883 4839 polluistis
907 4792 921 4829 ;
956 4786 1008 4830 et
1034 4785 1235 4832 terram
1264 4780 1689 4841 harrcditabitis?
1708 4787 1797 4844 27.
1821 4790 1911 4846 Sic

321 4873 550 4933 propter
578 4862 685 4919 hoc
709 4866 796 4922 dic
823 4867 887 4937 (ι)
916 4867 984 4921 ad
1019 4884 1114 4924 eos
1152 4889 1165 4923 :
1200 4869 1323 4927 llaec
1370 4873 1500 4929 dicit
1544 4877 1754 4935 Adonai
1797 4880 1905 4935 Do-

322 4954 597 5025 minus::
635 4956 768 5012 Vivo
799 4975 918 5030 ego,
960 4960 1066 5016 nisi
1118 4963 1209 5032 qui
1249 4965 1495 5023 habitant
1539 4969 1590 5023 in
1650 4972 1902 5041 desertis,

316 5043 504 5113 gladio
538 5050 828 5116 cadent,et
849 5053 941 5122 qui
979 5070 1145 5125 super
1176 5055 1312 5111 facie
1344 5060 1540 5127 campi,
1580 5063 1904 5131 bestiisarvi

317 5140 602 5197 dabuntur
638 5144 688 5197 in
716 5148 919 5211 cibum,
952 5156 1009 5201 et
1039 5164 1153 5211 eos,
1192 5149 1288 5225 qui
1330 5151 1382 5205 in
1420 5154 1665 5221 munitis,
1701 5167 1755 5211 et
1783 5175 1901 5225 eos,

322 5235 416 5303 qui
445 5235 497 5289 in
529 5238 825 5305 speluncis,
852 5240 1042 5295 .mOrte
1076 5242 1348 5298 occidam.
1388 5246 1478 5301 28.
1522 5245 1587 5302 Et
1630 5248 1769 5306 dabo
1791 5261 1902 5306 ter-

394 5418 472 5489 (α)
504 5420 681 5489 lmpii.
755 5421 834 5489 (ι)
858 5421 1083 5481 Occidet
1120 5442 1266 5482 eum.
1344 5429 1413 5488 (ε)
1447 5428 1656 5485 Vivere.

314 5488 400 5629 ές)
429 5489 670 5559 Iniquus.
745 5488 838 5576 (It).
858 5494 1031 5579 Sicut.

347 5565 398 5629 ο)
430 5560 510 5625 S.,
544 5564 668 5629 quia
692 5575 971 5620 canticum
1006 5584 1031 5620 ιι

316 5631 599 5701 ιιεηιιειιὶε
625 5632 727 5697 eis,
755 5634 883 5689 dum
915 5636 968 5689 in
996 5637 1211 5692 deliciis
1248 5638 1533 5695 vivebatis.
1571 5631 1690 5706 'l‘hl,
1720 5652 1775 5697 et
1812 5644 1867 5699 in

1734 5432 1812 5519 (‘dl
1841 5434 1925 5499 S.,
1965 5435 2345 5519 noln_ti_rmatal.
2397 5450 2508 5519 ‘teL
2542 5435 2635 5519 Α..
2678 5436 3075 5519 ιιοιιέιιιιιίιὶιιι.
3110 5437 3223 5519 “(fl

1114 5500 1175 5567 (1)
1198 5498 1549 5577 DumleciuLo.
1628 5498 1811 5577 (k)_Ad
1837 5520 1925 5560 eos

2032 5506 2095 5575 (ι)
2130 5504 2291 5577 Eis._
2322 5503 2416 5574 (ιη)
2457 5504 2555 5577 _S.,
2587 5514 2642 5558 et
2690 5506 2890 5577 peribit
2939 5498 3217 5577 superbia;

347 5565 398 5629 ο)
430 5560 510 5656 Si,
544 5564 671 5645 quia
692 5560 971 5656 capticurn
1005 5560 1187 5656 inore
1221 5560 2091 5656 eo_rtu‘n.‘_le.';_quia‘suaviterI"
2122 5576 2225 5656 A(p)
2262 5560 2489 5656 Pastori!

1898 5653 2168 5728 potestate
2206 5645 2541 5728 erudivistis.

2056 479 2215 534 melia
2239 482 2453 537 roboris
2495 484 2636 555 ejus,
2666 493 2720 540 et
2744 488 3102 545 vastabuntur
3145 505 3356 551 montes
3390 495 3636 560 lsraelis.

2054 582 2278 640 propter
2303 572 2355 627 id
2381 576 2524 643 quod
2559 593 2667 631 non
2699 577 2787 641 sit,
2834 579 2929 645 qui
2962 581 3201 637 ambulet
3228 585 3280 639 in
3308 588 3408 644 eis.
3441 590 3533 644 29.
3567 589 3637 644 Et

2053 660 2247 727 scient,
2282 666 2412 733 quia
2452 681 2553 736 ego
2592 684 2711 722 sum
2749 667 3055 728 Dominus:
3100 683 3153 729 et
3200 676 3393 734 faciam
3429 691 3633 736 terram

2052 758 2242 807 eorum
2277 755 2568 825 desertam,
2596 769 2651 814 et
2679 764 2983 818 vastabitur
3011 777 3229 836 propter
3259 786 3449 826 omnes
3495 773 3636 829 abo-

2051 842 2379 902 minationes
2402 864 2611 914 eorum,
2646 867 2781 922 quas
2813 853 3073 911 fecerunt.
3101 858 3189 913 50.
3223 858 3287 914 Et
3302 871 3385 927 tu,
3414 864 3488 918 1111
3530 865 3636 919 bo—

2051 934 2236 1002 minis,
2270 938 2364 992 filii
2396 942 2581 1010 populi
2621 945 2696 999 tui
2726 945 3010 1015 loquentes
3046 950 3113 1004 de
3149 960 3199 1005 te
3219 951 3377 1025 juxta
3411 971 3627 1018 muros,

2047 1034 2099 1081 et
2136 1026 2188 1079 in
2240 1028 2520 1087 liminibus
2570 1033 2879 1103 domorum,
2935 1049 2989 1095 et
3026 1043 3324 1110 loquuntur
3382 1062 3525 1102 unus
3560 1050 3633 1119 Χ

2048 1132 2172 1172 cum
2201 1136 2310 1175 uno
2336 1124 2358 1193 ζ
2398 1124 2563 1179 homo
2593 1124 2744 1182 fratri
2776 1129 2851 1200 (η)
2883 1146 3094 1198 eorum,
3117 1135 3359 1193 dicentes
3396 1157 3409 1193 :
3447 1140 3632 1195 Acce-

2047 1210 2264 1276 damus,
2292 1225 2345 1269 et
2375 1216 2664 1275 audiamus
2694 1223 2762 1289 x
2800 1223 2961 1277 verba
3004 1225 3026 1293 ζ
3058 1241 3180 1294 quae
3210 1229 3569 1299 egrediuntur
3592 1249 3628 1288 a

2048 1300 2300 1358 Domino.
2339 1306 2425 1361 5L
2456 1307 2523 1362 Et
2554 1311 2775 1371 veniunt
2833 1313 2899 1373 ad
2952 1325 3023 1379 te,
3066 1318 3217 1383 sicut
3262 1322 3405 1387 venit
3456 1325 3627 1380 simul

2046 1396 2302 1463 pupulus,
2328 1408 2380 1452 et
2406 1402 2807 1460 sedentcontra
2846 1414 2898 1460 te
2929 1411 2996 1476 Χ
3035 1412 3266 1479 populus
3297 1429 3453 1470 meus
3487 1417 3535 1485 ζ.
3570 1428 3629 1472 et

2045 1489 2273 1544 audiunt
2303 1493 2464 1553 verba
2503 1503 2616 1563 tua,
2648 1508 2700 1552 et
2731 1515 2792 1554 ea
2814 1515 2921 1555 non
2945 1501 3172 1571 facient;
3200 1507 3274 1574 (ο)
3303 1509 3432 1576 quia
3460 1526 3623 1564 nien-

2042 1581 2259 1638 dacium
2293 1585 2346 1639 in
2381 1602 2477 1642 ore
2510 1605 2700 1646 eorum
2734 1597 2802 1659 3K
2836 1595 2910 1649 illi
2942 1595 3149 1652 faciunt
3181 1600 3227 1668 ζ,
3253 1613 3307 1655 et
3330 1612 3462 1671 post
3483 1604 3624 1659 abo-

2044 1678 2369 1734 minationes
2388 1698 2578 1739 eorum
2625 1700 2719 1739 cor
2750 1702 2937 1743 eorum
2978 1693 3046 1758 ξ(
3079 1693 3322 1751 ambulat
3358 1698 3405 1763 ζ.
3428 1697 3519 1753 52.
3555 1696 3625 1754 Et

2044 1767 2121 1822 sis
2149 1768 2250 1833 eis,
2282 1771 2423 1826 sicut
2470 1790 2572 1830 vox
2609 1777 2834 1834 cithara:
2868 1784 3054 1837 suavis
3092 1800 3248 1851 sono,
3294 1787 3436 1844 bene
3489 1808 3623 1847 cou-

2041 1860 2236 1928 ciunze,
2265 1866 2559 1922 etaudient
2601 1870 2761 1925 verba
2798 1880 2912 1938 tua,
2952 1886 3006 1929 et
3041 1893 3148 1931 non
3206 1879 3403 1936 facient
3433 1899 3520 1951 ea,
3549 1889 3620 1955 χ

2038 1954 2165 2021 quia
2201 1957 2542 2013 mendacium
2575 1961 2626 2015 in
2663 1977 2758 2018 ore
2782 1969 3032 2041 eorum}.
3075 1969 3256 2025 55..Et
3286 1989 3409 2029 cum
3451 1994 3619 2033 vene-

2040 2044 2171 2110 rint,
2212 2060 2273 2101 -ι-
2316 2048 2496 2105 dicent
2528 2052 2578 2121 ζ,
2614 2068 2742 2109 ecce
2803 2058 3046 2126 veniunt,
3102 2071 3158 2123 et
3217 2065 3410 2130 scient,
3465 2067 3616 2137 quod

2036 2135 2298 2203 propheta
2338 2150 2457 2192 erat
2478 2140 2528 2195 in
2558 2143 2736 2197 medio
2759 2158 2949 2200 eorum

2082 2228 2085 2231 ’
2112 2226 2243 2298 Cap.
2274 2228 2674 2290 XXXIV.—l.
2709 2235 2773 2290 Et
2797 2238 3001 2295 factum
3030 2250 3117 2297 cst
3143 2244 3366 2300 verbum
3396 2246 3613 2305 Domini

2036 2323 2102 2375 ad
2155 2338 2260 2388 me,
2297 2324 2529 2382 dicens:
2572 2330 2627 2391 2.
2659 2330 2759 2384 Fili
2810 2331 3083 2399 hominis,
3140 2339 3401 2406 propheta
3446 2354 3614 2410 super

2034 2424 2281 2484 pastores
2325 2417 2560 2486 lsraelis,
2596 2423 2882 2493 propheta,
2917 2436 2972 2484 et
3000 2428 3093 2485 dic
3142 2431 3206 2493 ἒς(
3248 2430 3325 2499 (p)
3352 2433 3423 2486 ad
3458 2434 3608 2504 eos:

2035 2509 2380 2577 pastoribus:
2406 2510 2531 2569 llaec
2560 2516 2695 2571 dicit
2723 2517 2983 2576 Dominus
3010 2521 3276 2585 Dominus
3307 2544 3321 2579 :
3348 2523 3395 2581 0
3423 2537 3612 2595 pasto-

2034 2610 2123 2651 res
2153 2598 2391 2666 lsraelis,
2428 2618 2554 2658 num
2581 2605 2710 2674 quid
2729 2619 2959 2676 pascunt
2981 2621 3227 2680 pastores
3248 2618 3613 2687 semetipsos!

2033 2704 2217 2747 nonne
2249 2707 2377 2749 oves
2411 2705 2641 2764 pascunt
2673 2702 2958 2769 pastores?
2989 2703 3041 2758 3.
3081 2704 3227 2767 Ecce
3259 2707 3342 2767 lac
3371 2710 3612 2765 comedi-

2034 2780 2123 2847 tis,
2162 2792 2217 2838 et
2251 2782 2374 2842 lana
2396 2803 2492 2845 vos
2525 2790 2727 2856 tegitis,
2755 2802 2812 2847 et
2830 2809 3079 2859 crassum
3111 2800 3383 2865 mactatis,
3406 2813 3459 2856 et
3478 2818 3610 2856 oves

2031 2885 2182 2929 meas
2223 2888 2330 2929 non
2364 2876 2630 2945 pascitis?
2666 2880 2719 2937 ι.
2745 2882 2901 2953 Quod
2931 2885 3204 2943 infirmum
3238 2903 3347 2945 non
3387 2889 3611 2944 confor-

2032 2964 2211 3031 tastis,
2239 2968 2306 3034 Β(
2332 2976 2388 3025 et
2408 2970 2552 3040 quod
2577 2982 2840 3042 :egrotum
2880 2991 2988 3032 non
3024 2980 3261 3041 sanastis
3293 2981 3341 3049 ζ,
3372 2990 3427 3035 et
3456 2982 3606 3052 quod

1953 3060 2002 3127 ο
2032 3056 2375 3117 confractum
2412 3076 2518 3119 non
2567 3064 2853 3137 alligastis,
2894 3077 2949 3123 et
2973 3069 3119 3139 quod
3145 3070 3363 3126 errabat
3384 3089 3490 3135 non
3520 3089 3611 3129 re-

2028 3145 2285 3214 duxistis,
2330 3160 2383 3207 et
2421 3154 2566 3222 quod
2617 3157 2854 3227 perierat
2896 3175 3004 3225 non
3034 3162 3405 3230 ηηιιωείνὶειίδ.
3439 3167 3514 3235 tq)
3550 3174 3608 3221 et

2026 3239 2170 3307 quod
2203 3238 2342 3299 forte
2388 3243 2658 3317 fatigastis
2685 3250 2753 3317 Χ
2782 3266 2844 3305 ea
2881 3252 2903 3321 ζ
2932 3251 3132 3313 labore.
3159 3254 3212 3311 5.
3244 3253 3307 3309 Et
3346 3256 3607 3327 dispersae

2025 3338 2153 3384 sunt
2198 3347 2330 3389 oves
2364 3352 2517 3405 meae,
2549 3340 2677 3409 quia
2714 3358 2821 3397 non
2860 3355 2989 3400 sunt
3034 3356 3305 3416 pastores,
3353 3358 3407 3403 et
3446 3348 3605 3405 faece

2025 3429 2157 3475 sunt
2188 3423 2241 3477 in
2280 3426 2468 3489 cibum
2518 3432 2770 3491 omnibus
2812 3433 3004 3499 bestiis
3032 3438 3156 3491 arvi
3204 3437 3297 3509 (r).
3345 3439 3398 3494 6.
3436 3440 3503 3511 (ε)
3535 3440 3604 3495 Et

2025 3512 2395 3575 disseminata:
2425 3531 2574 3589 sunt,
2619 3527 2685 3592 χ(
2708 3536 2762 3583 et
2796 3542 2904 3582 non
2936 3539 3209 3585 noverunt
3241 3532 3262 3600 ζ
3297 3548 3428 3588 oves
3466 3550 3602 3590 mea:

2023 3602 2079 3657 in
2119 3612 2269 3667 omni
2292 3622 2502 3679 monte,
2539 3622 2594 3673 et
2618 3630 2784 3686 super
2830 3633 3047 3677 oman
3072 3621 3268 3676 collem
3301 3625 3601 3691 excelsum,

2026 3712 2096 3778 x
2122 3717 2175 3765 et
2197 3723 2362 3777 super
2389 3706 2541 3763 omni
2573 3706 2713 3762 facie
2742 3717 2904 3769 terrae
2930 3711 3296 3771 disseminata:
3322 3728 3602 3771 suutoves

2021 3816 2156 3856 mea:
2193 3801 2241 3869 ζ.
2272 3809 2327 3856 et
2350 3815 2454 3855 non
2481 3808 2624 3863 erat,
2659 3800 2756 3868 qui
2807 3802 3132 3871 requireret,
3182 3818 3360 3874 neque
3388 3807 3481 3875 qui
3510 3822 3599 3860 re-

2019 3893 2261 3951 duceret.
2297 3894 2349 3946 7.
2391 3889 2618 3961 PrOpter
2657 3891 2780 3955 hoc,
2813 3904 3076 3962 pastores,
3127 3897 3310 3955 audite
3342 3900 3413 3966 χ
3444 3899 3533 3951 τὸν
3568 3899 3593 3968 ζ

2019 3982 2223 4052 (λόγον)
2256 3982 2481 4039 verbum
2511 3982 2814 4041 Domini.8.
2844 3982 2977 4037 Vivo
3002 4000 3119 4055 ego,
3148 3986 3357 4056 dicit(t)
3384 3988 3597 4043 Adonai

2020 4074 2305 4141 Dominus,
2337 4074 2443 4129 uisi
2480 4090 2577 4143 pro
2602 4090 2669 4130 eo
2694 4075 2841 4145 quod
2873 4075 3028 4131 factae
3048 4090 3182 4135 sunt
3212 4094 3346 4137 oves
3368 4097 3503 4135 mete
3541 4082 3595 4136 in

1998 4170 2278 4239 praedam,
2308 4178 2362 4222 et
2389 4170 2543 4225 facta:
2576 4177 2704 4229 sunt
2725 4185 2855 4224 oves
2884 4186 3016 4229 mere
3050 4173 3103 4231 in
3132 4173 3314 4229 cibum
3340 4176 3597 4229 onttiibus

1998 4262 2210 4325 bestiis
2242 4262 2446 4331 campi,
2495 4277 2561 4316 eo
2611 4263 2754 4331 quod
2783 4279 2889 4317 non
2934 4274 3090 4321 erant
3135 4278 3401 4335 pastores,
3438 4268 3512 4338 (η)
3539 4278 3597 4324 et

2020 4371 2125 4416 non
2164 4355 2498 4424 quaesierunt
2535 4363 2790 4422 pastores
2832 4370 2964 4415 oves
3012 4373 3184 4424 meas,
3228 4369 3282 4413 et
3327 4370 3594 4429 paverunt

2012 4456 2266 4517 pastores
2307 4447 2670 4515 semetipsos,
2710 4462 2845 4507 oves
2892 4456 3074 4503 autem
3109 4466 3261 4509 meas
3298 4468 3404 4506 non
3438 4468 3593 4522 pave-

2017 4549 2174 4603 runt;
2210 4538 2266 4594 9.
2296 4541 2489 4605 κίκι)ιο
2532 4538 2662 4603 hoc,
2702 4547 2971 4608 pastores,
3000 4541 3193 4601 (audite
3218 4545 3444 4601 verbum
3486 4544 3591 4598 Do-

1992 4632 2148 4686 .miui
2176 4632 2201 4702 ζ
2237 4650 2251 4686 :
2285 4631 2371 4688 l0.
2400 4630 2518 4687 haec
2537 4631 2672 4693 dicit
2697 4629 2959 4691 Dominus
2992 4632 3255 4693 Dominus
3280 4653 3294 4688 :
3324 4634 3467 4691 Ecce
3488 4652 3588 4707 ego

2015 4739 2180 4794 super
2200 4732 2474 4795 pastores,
2496 4725 2854 4794 et‘roquiram
2890 4740 3024 4783 oves
3053 4742 3206 4785 meas
3238 4728 3307 4785 de
3334 4730 3589 4784 manibus

2010 4829 2229 4878 eorum,
2261 4825 2319 4877 et
2354 4823 2608 4879 avertam
2640 4831 2763 4882 eos,
2812 4832 2880 4871 ne
2914 4826 3142 4886 pascant
3172 4834 3304 4875 oves
3328 4835 3504 4884 meas,
3535 4830 3588 4876 et

2008 4922 2118 4963 non
2136 4918 2368 4976 pascant
2404 4922 2500 4967 eas
2520 4908 2762 4977 amplius
2780 4916 3026 4978 pastores
3062 4928 3077 4964 :
3102 4921 3156 4966 et
3185 4911 3428 4967 liberabo
3456 4926 3587 4967 oves

1988 5016 2161 5057 .meas
2181 5016 2248 5055 ex
2278 5015 2377 5058 ore
2416 5016 2632 5065 eorum,
2655 5010 2719 5056 et
2752 5017 2860 5056 non
2882 5012 3047 5059 erum
3071 5003 3152 5058 eis
3173 5005 3226 5057 in
3250 5004 3457 5059 cibum.
3497 5006 3582 5059 11.

2007 5092 2145 5160 Quia
2174 5093 2287 5149 hmo
2319 5094 2448 5148 dicit
2482 5093 2750 5149 Dominus
2784 5092 3047 5150 Dominus
3086 5094 3263 5151 :Ecce
3306 5099 3373 5164 με
3409 5097 3524 5166 ipse
3554 5098 3579 5167 ζ

1987 5201 2108 5256 ego
2144 5185 2418 5254 requirant
2443 5200 2578 5239 oves
2618 5200 2789 5253 ιιιθιε,
2822 5195 2877 5241 et
2907 5188 3140 5242 visitabo
3166 5203 3280 5243 eas.
3308 5188 3396 5241 12.
3430 5188 3583 5242 Sicut

2007 5276 2202 5347 quaerit
2234 5286 2416 5346 pastor
2458 5292 2673 5345 gregem
2723 5293 2905 5342 suum,
2944 5279 2997 5333 in
3036 5279 3123 5333 die
3164 5280 3383 5349 quando
3420 5280 3581 5334 fuerit

3278 5437 3571 5495 Delictum.

3298 5510 3375 5577 (η)
3421 5509 3571 5579 Ejus.

2933 5586 2986 5630 et
3026 5593 3149 5632 cum
3186 5588 3450 5647 potestate
3474 5581 3577 5634 im-

2150 5576 2225 5644 (p)
2262 5574 2596 5656 Pastoribus.
2703 5576 2790 5701 (Β
2815 5574 2898 5640 8.,
2933 5586 2986 5630 et
3012 5574 3149 5659 lcum
3186 5574 3575 5661 potestatein:-

2150 5661 2168 5700 ε
2206 5645 2541 5720 erudtvtsus.
2624 5646 2694 5715 (r)
2820 5648 3135 5703 volucribus
3162 5650 3307 5704 cash.
3387 5651 3456 5720 (ε)
3484 5650 3575 5718 8.,

2820 5648 3135 5703 volucribus
3162 5650 3307 5704 coali.

315 5708 379 5756 et
415 5716 520 5756 ιιοιι
576 5712 867 5772 noverunt,
892 5715 945 5761 et
973 5718 1246 5763 errarunt.
1324 5710 1387 5781 (ι)
1424 5709 1702 5769 Dominus.
1781 5712 1862 5783 (ιιι)
1895 5708 1984 5780 8.,
2022 5732 2129 5772 non
2164 5716 2306 5771 enim
2346 5708 2699 5784 qnesrerunt.
