3864 6220
211 251 343 303 2741

1390 236 1797 299 llEZEClELlS
1834 240 2065 298 CAPUT
2104 239 2347 297 XXXVI.

3337 234 3482 296 27:2

212 361 411 432 caligo,
444 367 498 414 et
527 359 705 414 nubes
735 357 817 429 (π)
846 358 900 413 in
933 356 1115 413 medio
1144 357 1326 412 ovium
1368 357 1487 427 ejus
1512 367 1785 427 separata-
1825 363 1867 419 Α
1900 371 2088 409 eorum
2121 357 2189 425 χ
2216 371 2340 411 cum
2383 352 2465 408 eis
2502 353 2550 425 1,
2581 361 2636 411 et
2676 353 2752 409 illi
2784 353 3019 425 populus
3050 370 3206 411 meus
3235 372 3250 408 :
3282 353 3482 410 domus

214 468 362 516 rum,
403 452 481 505 sic
505 450 781 520 requiram
806 465 937 504 oves
960 465 1126 512 meas,
1157 448 1231 519 (y)
1261 458 1314 503 et
1342 448 1567 517 eripiam
1602 463 1695 502 eas
1731 462 1796 500 ex

214 545 367 599 omni
405 544 545 607 loco,
574 557 687 612 quo
728 543 991 612 dispersa:
1037 552 1167 595 sunt
1198 540 1325 594 illuc
1358 540 1411 593 in
1436 539 1523 593 die
1555 538 1717 593 nubis
1748 547 1802 592 et

215 634 488 705 caliginis.
533 634 620 688 15.
654 632 721 688 Ει
757 634 986 687 educam
1018 649 1113 687 eos
1144 648 1211 685 ex
1244 632 1518 702 gentibus,
1547 640 1601 685 et
1651 630 1802 684 colli-

218 742 340 797 gam
365 741 461 780 eos
489 740 555 779 ex
580 725 919 795 regionibus,
948 736 1001 777 et
1031 724 1377 778 introducam
1400 739 1495 777 cos
1527 723 1579 776 in
1599 734 1798 776 terram

217 834 397 884 suam,
435 824 488 871 et
528 833 745 887 pascam
774 830 870 871 eos
916 831 1081 886 super
1116 826 1329 870 montes
1369 815 1607 879 lsraelis,
1651 824 1701 868 et
1746 815 1800 867 in

218 909 473 971 vallibus,
493 919 549 963 et
577 909 629 961 in
655 907 802 961 omni
836 907 1172 961 habitatione
1193 915 1384 960 terrae:
1416 906 1501 959 11.
1524 907 1576 958 in
1602 919 1802 974 pascuo

218 1002 368 1056 bono
428 1015 649 1071 pascam
702 1014 815 1065 eos,
872 998 925 1053 in
969 1008 1150 1052 monte
1193 997 1413 1051 excelso
1462 996 1700 1058 lsraelis,
1749 1004 1803 1049 et

219 1100 382 1148 erunt
435 1093 604 1148 caulze
648 1107 838 1146 eorum
888 1091 985 1153 ibi,
1029 1104 1092 1146 οι-
1148 1100 1201 1146 et
1250 1091 1545 1152 dormient,
1574 1097 1626 1143 et
1669 1088 1739 1142 ibi
1775 1089 1799 1157 1

221 1185 568 1256 requiesceut
604 1185 657 1238 in
704 1183 916 1238 deliciis
968 1183 1148 1246 bonis,
1189 1191 1243 1236 et
1272 1184 1322 1236 in
1375 1197 1583 1251 pascuo
1614 1180 1802 1251 pingui

221 1284 522 1347 pascentur
543 1291 707 1344 super
743 1275 1020 1330 montibus
1047 1274 1280 1329 lsraelis.
1308 1274 1393 1329 15,
1434 1274 1546 1345 Ego
1576 1288 1800 1343 pascam

223 1386 355 1425 oves
390 1384 559 1432 meas,
598 1380 651 1423 et
696 1385 797 1440 ego
839 1367 1033 1423 faciam
1088 1368 1431 1437 requiescere
1471 1382 1583 1430 eas,
1637 1380 1698 1419 ~2—
1751 1374 1805 1419 et

224 1457 421 1521 scient,
450 1458 594 1528 quod
628 1473 728 1528 ego
764 1472 884 1513 sum
913 1457 1175 1513 Dominus
1210 1458 1232 1526 1
1276 1476 1288 1511 :
1324 1458 1438 1511 lucc
1463 1458 1593 1511 dicit
1617 1456 1802 1511 Domi-

227 1568 333 1607 nus
365 1551 651 1605 Dominus.
679 1551 765 1606 16.
785 1550 941 1618 Quod
974 1550 1226 1620 perierat,
1254 1550 1553 1619 requiram,
1587 1548 1803 1618 etquod

223 1645 466 1709 errabat,
504 1643 786 1709 reducam,
822 1652 877 1700 et
931 1644 1077 1715 Quod
1122 1643 1495 1707 confractum,
1546 1640 1802 1710 alligabo,

224 1729 465 1804 et.qund
500 1734 859 1799 imbecillum,
898 1733 1288 1797 corroborabo,
1331 1736 1399 1801 >ε<
1434 1738 1488 1786 et
1515 1730 1663 1801 quod
1692 1730 1811 1800 pin—
1844 1722 1883 1776 Β

226 1844 331 1897 gne
369 1830 418 1898 1,
464 1837 519 1882 et
558 1827 703 1899 quod
752 1826 910 1893 forte,
947 1828 1280 1891 custodiam,
1327 1838 1381 1881 et
1430 1840 1652 1896 pascam
1716 1841 1811 1880 eas

230 1938 356 1977 cum
401 1923 634 1993 judicio.
676 1922 761 1980 l7.
794 1922 863 1978 Et
892 1939 1011 1989 vos,
1040 1939 1170 1977 oves
1206 1939 1357 1985 meae,
1394 1922 1510 1976 haec
1537 1923 1669 1977 dicit
1703 1921 1810 1976 Do-

226 2015 417 2067 minus
448 2011 715 2068 Dominus
740 2032 755 2067 :
787 2028 914 2067 ecce
944 2028 1044 2082 ego
1074 2010 1388 2080 dijudicabo
1415 2012 1558 2066 inter
1579 2027 1733 2065 ovem
1760 2019 1813 2065 et

225 2115 407 2165 ovem,
437 2102 666 2155 arietum
697 2110 751 2155 et
780 2102 1079 2156 hircorum.
1112 2100 1196 2154 18.
1220 2098 1286 2153 Et
1323 2115 1505 2154 nonne
1531 2100 1813 2155 sufﬁciens

226 2192 411 2259 vobis,
453 2195 598 2264 quod
636 2208 902 2264 pascuum
958 2192 1250 2263 pulchrum
1301 2190 1702 2262 depaseebatis,
1739 2191 1811 2264 (ι)

225 2294 282 2340 et
341 2285 622 2341 residuum
673 2285 863 2355 pascui
903 2285 1070 2339 vestri
1121 2284 1529 2340 concultabatis
1585 2284 1815 2355 pedibus

228 2378 456 2441 Vestris,
497 2387 553 2433 et
579 2394 777 2448 aquam
811 2378 1092 2446 limpidam
1128 2372 1417 2441 hibebatis,
1452 2386 1509 2431 et
1534 2377 1812 2431 residuum

225 2471 466 2541 pedibus
505 2471 702 2525 vestris
746 2466 1091 2524 turbabatis?
1134 2468 1221 2523 19.
1260 2466 1325 2521 Et
1352 2483 1485 2523 oves
1514 2476 1651 2523 mea:
1681 2482 1819 2521 eon-

226 2565 582 2620 culcationes
609 2563 809 2633 pedmn
848 2575 1155 2617 vestrorum
1182 2562 1500 2632 pascebant,
1533 2569 1587 2615 et
1616 2574 1815 2631 aquam

228 2673 260 2711 a
294 2656 529 2729 pedibus
559 2655 757 2710 vestris
811 2656 1081 2708 turbatam
1118 2653 1395 2709 bibebant.
1450 2653 1542 2708 20.
1586 2654 1819 2722 Propter

230 2749 346 2804 hoc
373 2747 489 2802 haec
519 2746 651 2802 dicit
679 2745 943 2800 Dominus
973 2744 1235 2801 Dominus
1266 2746 1333 2815 X
1363 2744 1430 2799 ad
1460 2760 1555 2801 eos
1583 2746 1642 2816 1:
1681 2743 1819 2801 Ecce

227 2854 339 2910 ego
393 2838 708 2909 dijudicabo
754 2838 894 2892 inter
918 2852 1075 2892 ovem
1130 2838 1347 2904 fortem,
1391 2848 1445 2892 et
1493 2838 1635 2892 inter
1662 2854 1815 2893 ovem

232 2935 541 2990 inﬁrmam.
581 2933 675 2987 21.
712 2930 771 2987 ln
812 2930 1098 2995 lateribus,
1151 2939 1205 2985 et
1253 2931 1308 2985 in
1350 2932 1592 2986 lmmeris
1624 2933 1818 2987 vestris

230 3020 692 3095 prosternebatis,
734 3032 789 3076 et
826 3020 1086 3075 cornibus
1113 3020 1310 3075 vestris
1355 3022 1816 3090 eornupelebatis,

236 3132 408 3172 omne
447 3114 592 3186 quod
629 3114 829 3170 defecit
865 3117 933 3183 ζέε(
980 3115 1153 3169 donec
1205 3115 1229 3184 1
1263 3114 1597 3169 contrivistis
1627 3130 1722 3169 eas
1753 3119 1819 3183 Χ

236 3210 393 3265 foras
438 3212 487 3281 1.
519 3209 611 3263 22.
659 3209 726 3264 Εῑ
763 3209 985 3263 salvabo
1034 3224 1163 3263 oves
1211 3224 1385 3271 meas,
1417 3212 1471 3262 et
1517 3222 1625 3261 non
1662 3216 1822 3262 erunt

234 3303 481 3371 amplius
526 3301 578 3356 in
609 3290 867 3370 praedam,
912 3309 967 3355 et
1015 3299 1274 3370 judicabo
1318 3299 1458 3353 inter
1504 3299 1727 3354 arietem
1756 3299 1819 3353 ad

233 3397 507 3459 arietem,
557 3390 648 3449 25.
701 3404 751 3449 et
810 3393 1142 3448 constituam
1192 3408 1355 3463 super
1405 3408 1501 3447 eos
1549 3402 1821 3462 pastorem

236 3503 440 3549 unum,
487 3497 541 3539 et
581 3494 765 3555 pascet
794 3501 911 3550 eos,
944 3501 1162 3539 servum
1201 3501 1379 3540 meum
1424 3484 1679 3539 Davidem
1709 3503 1723 3539 :
1756 3485 1824 3552 Χ

237 3578 335 3632 ille
384 3586 571 3647 pascet
618 3593 712 3631 eos
747 3574 796 3646 1,
835 3587 888 3630 et
918 3577 1019 3630 erit
1044 3586 1226 3646 pastor
1251 3592 1439 3631 eorum
1468 3594 1482 3629 ε
1524 3577 1613 3631 24.
1643 3587 1694 3632 et
1726 3593 1825 3645 ego

238 3666 517 3724 Dominus
544 3684 638 3724 ero
655 3672 734 3724 eis
766 3670 819 3723 in
851 3667 1042 3733 Deum,
1068 3679 1120 3723 et
1143 3669 1307 3723 David
1340 3669 1392 3723 in
1428 3669 1604 3723 medio
1633 3684 1823 3723 eorum

237 3766 525 3835 princeps.
559 3758 669 3835 Ego
706 3761 970 3817 Dominus
998 3764 1214 3817 locutus
1246 3779 1390 3818 sum.
1414 3762 1504 3817 25.
1526 3760 1591 3816 Ει
1621 3763 1828 3817 consti-

241 3867 398 3910 tuam
438 3854 622 3910 Davidi
661 3863 1049 3909 testamentum
1086 3855 1256 3926 pacis,
1290 3865 1343 3909 et
1379 3855 1597 3924 perdam
1623 3855 1826 3911 bestias

242 3947 424 4000 malas
456 3943 522 3999 de
559 3955 725 4011 terra,
761 3955 815 4000 et
850 3946 1176 3999 habitabunt
1206 3946 1258 4000 in
1291 3947 1512 4001 deserto
1549 3949 1614 4015 X
1659 3947 1734 4017 (a)
1771 3947 1824 4001 in

240 4033 581 4091 conﬁdentia
617 4027 671 4106 '1,
720 4045 775 4090 et
814 4036 1085 4090 dormient
1126 4035 1178 4090 in
1234 4036 1408 4091 silvis.
1457 4036 1546 4091 26.
1592 4036 1657 4092 Et
1688 4039 1829 4092 dabo

242 4142 349 4182 eos
376 4127 430 4180 in
459 4126 691 4181 circuitu
717 4127 921 4180 montis
946 4126 1050 4180 mei
1078 4130 1146 4196 Χ
1177 4127 1251 4197 (b)
1284 4128 1712 4184 benedictionem
1753 4130 1774 4199 1
1812 4147 1825 4183 :

240 4229 303 4274 et
350 4219 492 4273 dabo
534 4218 774 4289 pluviam
824 4219 1002 4284 vobis,
1046 4220 1283 4290 pluviam
1333 4221 1728 4299 benedictionis
1760 4226 1829 4292 Χ

243 4321 421 4369 erunt
460 4311 508 4380 1.
544 4312 635 4365 27.
672 4309 737 4365 Et
776 4311 921 4381 ligna
967 4328 1089 4382 qua:
1134 4312 1187 4367 in
1234 4328 1448 4383 campo,
1479 4314 1687 4369 dabunt
1718 4314 1833 4369 fru-

1904 447 2145 510 lsraelis,
2186 446 2318 501 dicit
2351 444 2618 501 Dominus
2656 444 2938 500 Dominus.
2973 446 3063 501 51.
3116 444 3182 499 Et
3212 461 3309 500 vos
3352 462 3484 501 oves

1903 552 2057 599 meae,
2108 545 2164 591 et
2191 552 2319 591 oves
2354 537 2535 606 gregis
2593 538 2723 603 mel,
2776 538 2844 603 )t(
2874 537 3120 591 homines
3163 522 3297 591 estis
3334 537 3381 605 1,
3430 546 3493 611 et

1902 645 2003 700 ego
2034 628 2297 684 Dominus
2331 628 2472 684 Deus
2496 638 2698 696 vester,
2728 629 2857 682 dicit
2890 630 3151 683 Dominus
3193 628 3482 683 Dominus.

1976 719 2111 789 Cap.
2158 718 2380 775 XXXV.
2424 750 2497 761 —
2529 719 2577 774 1.
2630 719 2805 790 Super
2858 720 2999 774 Scir.
3039 720 3105 774 Et
3148 720 3349 776 faelum
3403 730 3490 777 est

1902 812 2132 866 verbum
2184 810 2399 865 Domini
2441 814 2507 866 ad
2552 827 2661 876 me,
2712 812 2901 868 dicens
2937 832 2950 867 :
2982 812 3037 866 2.
3086 810 3188 867 Fili
3222 813 3489 879 hominis,

1903 915 2163 959 converte
2196 904 2388 958 faciem
2443 914 2590 959 tuam
2637 920 2803 974 super
2830 914 3067 959 montem
3104 904 3246 970 Seir,
3278 914 3331 959 et
3364 920 3491 974 pro-

1903 997 2066 1067 pheta
2089 1012 2255 1066 super
2282 1011 2431 1061 eum,
2473 996 2527 1050 5.
2562 1005 2617 1051 et
2647 996 2735 1051 dic
2772 997 2823 1052 ei
2854 1014 2868 1050 :
2907 993 3034 1051 Hmc
3061 997 3196 1051 dicit
3220 996 3491 1052 Dominus

1905 1088 2178 1144 Dominus
2213 1106 2226 1143 :
2260 1088 2399 1143 Ecce
2425 1104 2526 1159 ego
2559 1105 2723 1159 super
2758 1099 2828 1157 te,
2856 1105 3017 1144 mons
3051 1089 3191 1154 Seir,
3224 1103 3274 1143 et
3299 1100 3495 1144 exten-

1904 1180 2028 1236 dam
2063 1197 2285 1236 manum
2328 1196 2505 1235 meam
2558 1196 2723 1250 super
2761 1190 2832 1246 te,
2870 1191 2924 1236 et
2956 1182 3096 1235 dabo
3125 1192 3176 1235 te
3211 1182 3278 1251 (f)
3304 1181 3493 1235 deser-

1908 1284 2041 1342 tum,
2078 1286 2133 1330 et
2165 1276 2471 1330 vastaberis
2509 1294 2523 1330 :
2550 1274 2604 1331 4.
2631 1284 2684 1329 et
2716 1276 2770 1330 in
2799 1276 3029 1330 urbibus
3061 1275 3168 1331 tuis
3198 1276 3495 1330 desolatioo

1905 1382 2029 1422 nem
2061 1366 2282 1431 faciam,
2315 1374 2370 1420 et
2398 1373 2453 1420 tu
2484 1366 2759 1419 desertum
2791 1367 2923 1431 eris,
2947 1376 3000 1421 et
3030 1366 3192 1430 scies,
3219 1366 3364 1437 quod
3393 1382 3496 1435 ego

1907 1474 2030 1514 sum
2089 1458 2380 1513 Dominus.
2424 1458 2477 1512 5.
2518 1458 2627 1511 Pro
2673 1473 2739 1512 eo
2794 1458 2939 1528 quod
2989 1457 3157 1514 fueris
3200 1458 3496 1513 inimicitia

1908 1552 2265 1621 sempiterna,
2301 1551 2375 1621 (ᾳ)
2407 1558 2461 1603 et
2482 1550 2693 1627 sederis
2732 1549 2785 1603 in
2810 1548 2974 1604 domo
3002 1550 3225 1606 lsraelis
3254 1551 3309 1605 in
3342 1552 3493 1614 dolo,

1907 1642 1960 1697 in
1989 1659 2151 1697 manu
2181 1642 2527 1697 inimicorum
2560 1636 2771 1712 gladius
2806 1642 2859 1696 in
2904 1653 3147 1714 tempore
3182 1642 3499 1698 alllictionis

1912 1751 2124 1800 eorum,
2177 1734 2230 1788 in
2283 1742 2531 1804 tempore
2583 1732 2657 1804 (Ιι)
2710 1733 3014 1803 injustitiaa,
3065 1736 3131 1788 ad
3180 1734 3393 1789 ﬁnem:
3439 1732 3495 1788 6.

1913 1837 2140 1898 prepter
2163 1827 2268 1881 hoc
2299 1826 2426 1881 vivo
2460 1838 2583 1897 ego,
2607 1824 2742 1880 dicit
2771 1826 3036 1881 Dominus
3071 1826 3356 1895 Dominus,
3385 1823 3497 1879 nisi

1914 1912 1973 1991 (ἶ.
2006 1934 2083 1983 e.,
2115 1918 2394 1989 quoniam.
2422 1918 2489 1973 Et
2520 1919 2590 1974 ita
2617 1919 2767 1992 mox)
2801 1920 2854 1973 in
2893 1918 3211 1989 sanguinem
3233 1918 3497 1988 peccasti,

1913 2022 1967 2067 et
1997 2012 2223 2083 sanguis
2258 2024 2617 2083 persequetur
2658 2023 2729 2079 te,
2768 2015 2836 2082 )t(
2874 2013 2979 2067 nisi
3015 2011 3337 2081 sanguinem
3368 2009 3502 2065 odio

1916 2102 2178 2167 habuisti,
2219 2111 2273 2157 ct
2310 2103 2535 2172 sanguis
2567 2112 2925 2173 persequetur
2962 2111 3012 2155 te
3043 2099 3090 2171 1.
3141 2098 3194 2154 7.
3240 2098 3305 2155 Et
3354 2099 3499 2155 dabo

1915 2190 2156 2251 montem
2192 2193 2315 2249 Seir
2362 2195 2417 2249 in
2457 2196 2736 2249 desertum
2768 2202 2823 2250 et
2866 2203 3162 2255 vastatum,
3196 2201 3251 2247 et
3281 2193 3499 2263 disper-

1915 2286 2040 2341 dam
2079 2288 2145 2341 de
2174 2301 2240 2341 eo
2284 2285 2535 2341 homines
2568 2294 2622 2340 ct
2660 2284 2932 2355 jumeuta,
2964 2286 3016 2341 8.
3069 2293 3121 2339 et
3165 2284 3401 2355 implebo
3429 2284 3499 2355 Χ

1917 2386 2132 2434 montes
2166 2377 2286 2447 ejus
2316 2377 2341 2447 1
2377 2378 2576 2432 occisis
2609 2378 2739 2443 tuis,
2774 2387 2829 2433 et
2857 2377 3023 2433 colles
3054 2387 3197 2442 tuos,
3239 2387 3293 2432 et
3332 2379 3502 2433 valles

1923 2478 2068 2533 tuas,
2092 2477 2149 2523 et
2176 2468 2229 2522 in
2262 2469 2521 2523 omnibus
2541 2460 2759 2538 campis‘
2776 2469 2883 2523 tuis
2914 2470 3079 2524 occisi
3104 2467 3283 2540 gladio
3306 2470 3503 2525 cadent

1919 2561 1975 2615 in
2011 2572 2082 2615 te.
2108 2560 2161 2616 9.
2197 2558 2482 2615 Desertum
2507 2563 2896 2631 sempiternum
2927 2578 3125 2633 ponam
3159 2572 3229 2627 te,
3260 2572 3314 2617 et
3339 2563 3504 2619 urbe!

1922 2660 2030 2708 tua;
2060 2669 2166 2707 non
2210 2652 2611 2707 babitabuntur
2652 2645 2916 2724 amplius,
2948 2663 3003 2709 et
3030 2654 3191 2715 scies.
3223 2653 3369 2725 quod
3403 2669 3507 2724 ego

1920 2755 2041 2800 sum
2077 2743 2366 2799 Dominus.
2400 2744 2488 2815 10.
2513 2743 2652 2812 Quia
2677 2745 2860 2801 dixisti
2886 2765 2900 2801 :
2928 2745 3055 2801 Duae
3075 2756 3283 2818 gentes,
3310 2757 3365 2800 et
3384 2747 3509 2800 duae

1923 2836 2175 2907 regiones
2204 2851 2340 2890 uicae
2368 2847 2551 2902 erunt,
2581 2846 2637 2889 et
2678 2836 3014 2891 hacreditabo
3041 2852 3157 2903 eas,
3203 2837 3268 2906 (ἱ)
3299 2845 3353 2893 et
3395 2839 3505 2893 Do-

1921 2930 2106 2985 minus
2144 2929 2218 2983 ibi
2250 2938 2330 2984 est
2361 2947 2374 2984 :
2420 2928 2505 2983 11.
2541 2939 2764 3000 propter
2796 2930 2897 2984 hoc
2926 2930 3049 2986 vivo
3089 2947 3212 3001 ego,
3240 2932 3374 2987 dicit
3401 2932 3509 2990 Do-

1923 3023 2106 3077 minus
2139 3019 2426 3085 Dominns,
2453 3030 2508 3076 et
2541 3021 2737 3076 faciam
2780 3021 2875 3076 tibi
2914 3024 3221 3078 secundum
3269 3012 3510 3081 inimici?

1925 3112 2056 3167 tiam
2105 3125 2275 3178 tuam,
2310 3115 2375 3182 Χ
2424 3121 2478 3166 et
2509 3112 2813 3167 secundum
2871 3113 3046 3168 zelum
3111 3125 3287 3180 tuum,
3343 3134 3510 3188 quem

1928 3203 2125 3271 fecisti,
2162 3218 2228 3259 eo
2260 3206 2405 3275 quod
2434 3204 2596 3259 odisti
2636 3205 2690 3258 in
2727 3206 2805 3259 eis
2851 3204 2900 3273 1,
2928 3212 2982 3260 et
3020 3206 3355 3263 innotescam
3388 3210 3508 3278 tibi,

1928 3310 2053 3351 cum
2093 3296 2422 3367 judicavero
2464 3305 2535 3359 te,
2583 3296 2671 3352 12.
2719 3306 2774 3351 et
2819 3298 2984 3361 scies,
3040 3302 3184 3368 quod
3236 3315 3336 3372 ego
3386 3319 3511 3358 sum

1932 3384 2201 3443 Dominus
2241 3408 2254 3442 :
2293 3389 2476 3442 audivi
2524 3403 2712 3442 vocem
2756 3389 3218 3458 blasphemiarum
3268 3403 3510 3463 tuarum,

1931 3490 1984 3533 et
2024 3479 2259 3534 dixisti:
2300 3478 2513 3533 Montes
2566 3477 2807 3543 lsraelis,
2857 3480 2925 3547 Χ
2972 3481 3160 3537 dicens
3210 3483 3261 3553 1,
3308 3485 3511 3538 deserti

1937 3574 2098 3630 nobis
2133 3574 2243 3630 dati
2274 3582 2402 3628 sunt
2445 3575 2495 3626 in
2539 3574 2742 3638 cibum,
2778 3574 2864 3628 15.
2907 3584 2959 3629 et
2993 3577 3226 3645 superbe
3251 3578 3426 3634 elatus
3452 3596 3514 3635 es

1934 3682 2100 3738 super
2126 3683 2213 3721 me
2241 3683 2335 3721 ore
2358 3678 2470 3732 tuo,
2496 3669 2561 3734 χ(
2582 3666 2653 3736 (Ιί)
2679 3676 2732 3720 et
2755 3666 3035 3722 clamastis
3054 3685 3218 3739 super
3244 3688 3327 3725 me
3348 3674 3513 3739 verba

1943 3772 2124 3816 vestra
2162 3761 2208 3830 1,
2240 3776 2340 3831 ego
2372 3760 2577 3814 audivi.
2601 3760 2691 3814 M.
2715 3759 2840 3815 Haec
2869 3762 3003 3816 dicit
3033 3763 3294 3819 Dominus
3326 3766 3514 3820 Domi-

1941 3870 2047 3909 nus
2074 3872 2086 3906 :
2110 3852 2166 3907 In
2189 3853 2404 3908 laetitias
2420 3868 2602 3907 omnis
2636 3861 2791 3909 terra:
2821 3855 3097 3910 desertum
3123 3855 3399 3912 tefaciam.
3422 3858 3512 3913 15.

1937 3947 2007 4015 Χ
2042 3944 2200 4000 Sicut
2247 3945 2467 4015 gavisus
2505 3962 2564 4001 es
2594 3947 2648 4000 in
2686 3945 3059 4011 hareditatem
3113 3948 3350 4015 lsraelis,
3386 3952 3515 4022 quia

1934 4046 2194 4109 corrupta
2240 4048 2344 4103 est,
2410 4039 2493 4093 sic
2543 4038 2740 4094 faciam
2795 4040 2889 4095 tibi
2930 4041 3005 4111 1:
3060 4042 3334 4097 desertum
3382 4044 3517 4110 eris,

1935 4146 2098 4186 mons
2139 4128 2281 4196 Seir,
2335 4140 2389 4186 et
2444 4131 2626 4187 omnis
2686 4132 2919 4188 idumaea
2970 4146 3397 4200 consumentur,
3462 4146 3517 4191 et

1936 4220 2131 4285 scient,
2169 4221 2315 4290 quod
2351 4236 2453 4291 ego
2482 4237 2604 4277 sum
2635 4221 2901 4280 Dominus
2930 4222 3075 4281 Deus
3104 4242 3320 4281 eorum.

2007 4310 2139 4383 Cap.
2170 4311 2413 4367 XXXVI.
2445 4346 2513 4356 —
2548 4314 2600 4367 1.
2629 4313 2693 4368 Et
2724 4324 2803 4381 tu,
2847 4316 2920 4371 [ili
2961 4317 3220 4385 hominis,
3252 4323 3519 4389 propheta

246 4412 406 4460 ctum
446 4418 629 4467 suum,
657 4411 712 4458 et
751 4411 896 4457 terra
940 4402 1085 4458 dabit
1121 4403 1372 4458 virtutem
1418 4420 1573 4459 suam
1610 4424 1623 4460 :
1658 4415 1712 4462 et
1737 4409 1833 4462 ha-
1866 4438 1909 4493 η
1939 4420 2105 4475 super
2161 4415 2375 4460 montes
2426 4406 2667 4473 Israelis,
2705 4418 2758 4462 et
2805 4407 2893 4463 dic
2937 4410 3217 4467 montibus
3262 4410 3477 4468 lsraetis
3501 4431 3520 4467 :

247 4497 513 4552 bitabunt
541 4511 708 4566 super
735 4504 878 4551 terra
908 4512 1006 4551 sua
1038 4495 1109 4567 (α)
1140 4496 1194 4550 in
1226 4512 1322 4566 spe
1356 4497 1530 4567 pacis,
1552 4508 1606 4553 et
1635 4500 1829 4564 scient,

248 4587 406 4658 quod
438 4602 539 4657 ego
569 4601 691 4641 sum
740 4584 1026 4651 Dominus,
1058 4601 1182 4641 cum
1215 4587 1527 4643 contrivero
1557 4589 1830 4644 vinculum

246 4677 376 4751 jngi
418 4694 608 4733 eorum
651 4687 746 4731 :et
776 4677 1002 4747 eripiam
1054 4692 1149 4731 eos
1184 4676 1253 4732 de
1294 4695 1457 4733 manu
1487 4696 1701 4743 eorum,
1740 4682 1833 4752 qui

251 4772 509 4829 fecerunt
556 4772 764 4826 servire
809 4785 925 4825 eos.
954 4768 1046 4823 28.
1082 4767 1150 4823 Et
1185 4784 1291 4824 non
1322 4780 1483 4825 erunt
1510 4773 1745 4843 amplius
1780 4775 1833 4827 in

251 4863 499 4937 prmdam
531 4862 809 4934 gentibus,
846 4871 902 4917 et
931 4862 1120 4918 bestiae
1155 4870 1315 4918 terra:
1356 4880 1463 4918 non
1491 4866 1725 4934 amplius
1755 4866 1834 4938 (ά)

254 4957 604 5013 devorabunt
639 4970 735 5011 eos
761 4972 775 5009 :
804 4963 860 5009 et
892 4954 1219 5011 habitabunt
1262 4956 1317 5010 in
1346 4971 1462 5026 spe,
1490 4966 1544 5011 et
1573 4975 1679 5013 non
1711 4960 1836 5022 erit,

256 5050 364 5120 qui
395 5057 669 5104 exterreat
689 5062 805 5102 eos.
830 5046 921 5102 29.
948 5048 1009 5102 Et
1035 5047 1319 5103 suscitabo
1340 5049 1421 5103 eis
1446 5049 1837 5118 plantationem

258 5140 440 5211 pacis,
474 5148 531 5194 et
571 5154 678 5193 non
714 5137 950 5207 amplius
983 5147 1145 5193 erunt
1175 5149 1461 5208 pereuntes
1494 5139 1635 5195 fame
1683 5142 1751 5213 (ε)
1785 5143 1839 5197 in

259 5244 433 5296 terra,
482 5243 661 5299 neque
714 5228 1013 5299 portabunt
1058 5227 1296 5297 amplius
1326 5228 1679 5299 opprobrium
1708 5247 1841 5301 gen-

257 5325 429 5387 tium,
464 5321 554 5376 '50.
603 5328 658 5376 et
704 5321 901 5387 scient,
931 5319 1078 5391 quod
1120 5335 1220 5389 ego
1252 5334 1374 5375 sum
1408 5318 1674 5376 Dominus
1701 5321 1846 5379 Deus

337 5500 422 5587 .(‘il
458 5498 899 5587 Τίῐη-ωηῖἒὲῌ
919 5498 991 5587 ill
1020 5498 1202 5587 “3de
1242 5498 1433 5587 θνίΨη
1465 5500 1604 5587 95.95:

261 5568 464 5641 (a)'.S.,
496 5570 618 5626 sine
668 5568 1063 5641 sollicitudine.
1130 5570 1207 5638 (ὁ)
1237 5568 1322 5632 8.,
1352 5568 1686 5627 benedictos.

261 5640 338 5711 tri
393 5640 475 5704 8.,
535 5650 853 5711 corruptum
914 5648 979 5711 et,
1026 5640 1407 5711 depravatum.

263 5708 350 5768 ibi
405 5721 540 5767 erat.
620 5708 796 5778 (k)'Et
830 5708 1253 5781 multiplicastis.
1337 5710 1402 5782 (ι)
1427 5708 1654 5768 Et'l'acti
1685 5715 1839 5770 estis.

1713 5500 1887 5577 (ylEt
1902 5504 2185 5577 colligam.
2225 5504 2290 5559 Et
2336 5520 2654 5577 persequar.

1787 5576 1859 5641 (ε)
1891 5573 1977 5643 8.,
2012 5573 2117 5631 non
2148 5573 2423 5632 timentes.

1502 5640 1577 5720 (ρ)
1609 5642 1690 5720 8.,
1721 5651 1783 5720 ct_
1798 5640 2162 5720 congregatus
2193 5664 2271 5703 es.
2351 5647 2427 5717 (la)
2454 5640 2543 5714 3.,
2567 5640 2818 5702 limitato.

1942 4496 2139 4551 Audite
2176 4497 2400 4552 verbum
2434 4497 2675 4554 Domini.
2708 4500 2764 4554 2.
2792 4498 2919 4556 11ωο
2958 4502 3090 4556 dii-it
3120 4503 3382 4560 Dominus
3411 4504 3519 4561 Do-

1945 4590 2167 4644 minus:
2195 4587 2303 4643 Pro
2341 4604 2405 4644 eo
2435 4591 2577 4659 quOd
2604 4592 2741 4646 dixit
2775 4591 3030 4649 inimicus
3060 4612 3224 4665 super
3253 4612 3350 4653 vos
3376 4615 3390 4652 :
3413 4599 3518 4662 Ah,

1945 4682 2105 4746 bene,
2139 4681 2465 4737 solitudines
2493 4683 2839 4752 sempiternae
2880 4686 2934 4740 in
2978 4688 3383 4756 possessionem
3418 4707 3524 4744 no-

1942 4784 2113 4826 stram
2137 4772 2293 4827 factae
2320 4782 2469 4828 sunt.
2493 4773 2546 4827 '5.
2578 4772 2809 4844 Propter
2850 4775 2953 4830 hoc
2980 4780 3268 4847 propheta.
3304 4788 3356 4835 et
3384 4782 3473 4836 die
3503 4801 3519 4836 :

1943 4863 2070 4920 Haec
2093 4866 2227 4920 dicit
2256 4862 2522 4921 Dominus
2553 4866 2819 4924 Dominus
2865 4888 2879 4924 :
2922 4868 3029 4924 Pro
3058 4888 3123 4922 eo
3165 4874 3309 4942 quod
3342 4873 3524 4929 fuistis

1944 4955 1999 5011 in
2035 4957 2440 5026 corruptionem
2485 4959 2745 5015 omnibus
2790 4962 3067 5030 gentibus.
3115 4966 3182 5030 Χ
3223 4972 3276 5017 et
3319 4979 3420 5033 pro
3458 4981 3525 5019 eo

1946 5046 2092 5118 quod
2128 5048 2150 5117 1
2178 5047 2417 5118 despecti
2443 5049 2598 5115 estis,
2624 5059 2677 5104 et
2706 5051 2833 5105 odio
2862 5052 3029 5106 habiti
3059 5053 3215 5116 estis,
3244 5051 3316 5106 ab
3346 5054 3526 5108 omni-

1947 5140 2052 5196 bus
2082 5140 2355 5210 gentibus,
2375 5156 2496 5209 qua:
2522 5141 2668 5197 circa
2692 5157 2807 5207 vos,
2840 5152 2898 5195 ut
2935 5144 3131 5198 essetis
3162 5144 3215 5197 in
3247 5147 3527 5214 possesio-

1951 5247 2076 5286 nem
2127 5232 2382 5301 gentibus
2423 5233 2674 5303 reliquis,
2729 5234 2790 5304 (Ι)
2836 5242 2888 5288 et
2932 5235 3258 5290 aseendistis
3307 5236 3523 5307 loquela

1952 5323 2173 5396 linguae,
2204 5325 2341 5380 etin
2375 5325 2731 5396 opprobrium
2767 5327 3041 5397 gentibus,
3071 5328 3124 5381 4.
3155 5337 3377 5398 propter
3398 5328 3528 5396 hoc,

2677 5573 2727 5587 ,,
2766 5504 2840 5587 ἐκ)
2867 5502 2950 5587 3-.
2993 5505 3096 5587 nisi
3127 5514 3181 5561 et
3220 5508 3526 5587 residuum.

2632 5573 2987 5658 Videliuntun
3023 5576 3124 5658 eis.
3223 5580 3291 5658 (ο)
3327 5582 3528 5653 Super,

2931 5647 2995 5718 (ί)
3026 5643 3111 5715 8ο,
3162 5643 3239 5707 ρι’
3266 5643 3531 5708 Dominus
