  <div class='ocr_page' id='page_1' title='image "/cluster/home/n/w/nwhite01/storage/ocr_20150623/16 pt.3/nnc1.0046978674/185.png"; bbox 0 0 3864 6220; ppageno 0'>
   <div class='ocr_carea' id='block_1_1' title="bbox 385 207 487 264">
    <p class='ocr_par' dir='ltr' id='par_1_1' title="bbox 385 207 487 264">
     <span class='ocr_line' id='line_1_1' title="bbox 385 207 487 264; baseline 0.01 -1"><span class='ocrx_word' id='word_1_1' title='bbox 385 207 487 264; x_wconf 68' lang='grc'><strong>743</strong></span> 
     </span>
    </p>
   </div>
   <div class='ocr_carea' id='block_1_2' title="bbox 1435 209 1921 272">
    <p class='ocr_par' dir='ltr' id='par_1_2' title="bbox 1435 209 1921 267">
     <span class='ocr_line' id='line_1_2' title="bbox 1435 209 1921 267; baseline 0.002 -2"><span class='ocrx_word' id='word_1_2' title='bbox 1435 209 1663 265; x_wconf 66' lang='grc' dir='ltr'><strong>(ἶυῡΕΧ</strong></span> <span class='ocrx_word' id='word_1_3' title='bbox 1698 209 1921 267; x_wconf 78' lang='lat' dir='ltr'><strong>SYRIM</strong></span> 
     </span>
    </p>
   </div>
   <div class='ocr_carea' id='block_1_3' title="bbox 2028 209 3588 272">
    <p class='ocr_par' dir='ltr' id='par_1_3' title="bbox 2028 213 3588 272">
     <span class='ocr_line' id='line_1_3' title="bbox 2028 213 3588 272; baseline 0.003 -4"><span class='ocrx_word' id='word_1_4' title='bbox 2028 213 2481 271; x_wconf 68' lang='lat' dir='ltr'><strong>llEXAPLARlS.</strong></span> <span class='ocrx_word' id='word_1_5' title='bbox 3449 218 3588 272; x_wconf 70' lang='grc'><strong>2714</strong></span> 
     </span>
    </p>
   </div>
   <div class='ocr_carea' id='block_1_4' title="bbox 347 321 3588 397">
    <p class='ocr_par' dir='ltr' id='par_1_4' title="bbox 347 321 3588 397">
     <span class='ocr_line' id='line_1_4' title="bbox 347 321 3588 397; baseline 0.001 -18"><span class='ocrx_word' id='word_1_6' title='bbox 347 333 562 380; x_wconf 83' lang='lat' dir='ltr'><strong>montes</strong></span> <span class='ocrx_word' id='word_1_7' title='bbox 607 321 842 389; x_wconf 82' lang='lat' dir='ltr'><strong>lsraelis,</strong></span> <span class='ocrx_word' id='word_1_8' title='bbox 884 322 1066 376; x_wconf 88' lang='lat' dir='ltr'><strong>audite</strong></span> <span class='ocrx_word' id='word_1_9' title='bbox 1112 321 1336 377; x_wconf 79' lang='lat' dir='ltr'><strong>verbum</strong></span> <span class='ocrx_word' id='word_1_10' title='bbox 1391 323 1598 376; x_wconf 72' lang='grc' dir='ltr'><strong>Δάοιιηὶ</strong></span> <span class='ocrx_word' id='word_1_11' title='bbox 1637 323 1849 377; x_wconf 94' lang='lat' dir='ltr'><strong>Domini</strong></span> <span class='ocrx_word' id='word_1_12' title='bbox 1896 330 1987 384; x_wconf 78' lang='lat' dir='ltr'><strong>:A</strong></span> <span class='ocrx_word' id='word_1_13' title='bbox 2017 333 2068 378; x_wconf 85' lang='lat' dir='ltr'><strong>et</strong></span> <span class='ocrx_word' id='word_1_14' title='bbox 2095 340 2158 378; x_wconf 82' lang='lat' dir='ltr'><strong>ex</strong></span> <span class='ocrx_word' id='word_1_15' title='bbox 2201 335 2342 380; x_wconf 87' lang='lat' dir='ltr'><strong>terra</strong></span> <span class='ocrx_word' id='word_1_16' title='bbox 2380 325 2501 394; x_wconf 84' lang='lat' dir='ltr'><strong>ejus</strong></span> <span class='ocrx_word' id='word_1_17' title='bbox 2533 324 2738 395; x_wconf 89' lang='lat' dir='ltr'><strong>egressi</strong></span> <span class='ocrx_word' id='word_1_18' title='bbox 2790 335 2940 380; x_wconf 81' lang='lat' dir='ltr'><strong>sum.</strong></span> <span class='ocrx_word' id='word_1_19' title='bbox 2985 325 3074 379; x_wconf 70' lang='lat'><strong>2|.</strong></span> <span class='ocrx_word' id='word_1_20' title='bbox 3121 327 3185 380; x_wconf 85' lang='lat' dir='ltr'><strong>Et</strong></span> <span class='ocrx_word' id='word_1_21' title='bbox 3234 327 3448 397; x_wconf 80' lang='lat' dir='ltr'><strong>peperci</strong></span> <span class='ocrx_word' id='word_1_22' title='bbox 3509 331 3588 382; x_wconf 74' lang='lat' dir='ltr'><strong>eis</strong></span> 
     </span>
    </p>
   </div>
   <div class='ocr_carea' id='block_1_5' title="bbox 347 407 1917 480">
    <p class='ocr_par' dir='ltr' id='par_1_5' title="bbox 347 407 1917 480">
     <span class='ocr_line' id='line_1_5' title="bbox 347 407 1917 480; baseline -0.001 -9"><span class='ocrx_word' id='word_1_23' title='bbox 347 423 465 472; x_wconf 64' lang='lat' dir='ltr'><strong>haec</strong></span> <span class='ocrx_word' id='word_1_24' title='bbox 495 416 627 470; x_wconf 92' lang='lat' dir='ltr'><strong>dicit</strong></span> <span class='ocrx_word' id='word_1_25' title='bbox 664 408 929 469; x_wconf 80' lang='lat' dir='ltr'><strong>Dominus</strong></span> <span class='ocrx_word' id='word_1_26' title='bbox 964 407 1226 469; x_wconf 88' lang='lat' dir='ltr'><strong>Dominus</strong></span> <span class='ocrx_word' id='word_1_27' title='bbox 1253 416 1552 480; x_wconf 83' lang='lat' dir='ltr'><strong>muntibus,</strong></span> <span class='ocrx_word' id='word_1_28' title='bbox 1585 425 1637 468; x_wconf 71' lang='lat' dir='ltr'><strong>et</strong></span> <span class='ocrx_word' id='word_1_29' title='bbox 1664 417 1917 478; x_wconf 90' lang='lat' dir='ltr'><strong>collibus,</strong></span> 
     </span>
    </p>
   </div>
   <div class='ocr_carea' id='block_1_6' title="bbox 344 507 1919 574">
    <p class='ocr_par' dir='ltr' id='par_1_6' title="bbox 344 507 1919 574">
     <span class='ocr_line' id='line_1_6' title="bbox 344 507 1919 574; baseline -0.002 -11"><span class='ocrx_word' id='word_1_30' title='bbox 344 517 402 563; x_wconf 80' lang='lat' dir='ltr'><strong>et</strong></span> <span class='ocrx_word' id='word_1_31' title='bbox 435 507 790 571; x_wconf 75' lang='lat' dir='ltr'><strong>torrentibus,</strong></span> <span class='ocrx_word' id='word_1_32' title='bbox 823 517 876 560; x_wconf 88' lang='lat' dir='ltr'><strong>et</strong></span> <span class='ocrx_word' id='word_1_33' title='bbox 903 507 1155 571; x_wconf 75' lang='lat' dir='ltr'><strong>vallibus,</strong></span> <span class='ocrx_word' id='word_1_34' title='bbox 1193 516 1244 560; x_wconf 84' lang='lat' dir='ltr'><strong>et</strong></span> <span class='ocrx_word' id='word_1_35' title='bbox 1270 508 1516 569; x_wconf 79' lang='lat' dir='ltr'><strong>vastatis,</strong></span> <span class='ocrx_word' id='word_1_36' title='bbox 1553 521 1602 560; x_wconf 65' lang='grc' dir='ltr'><strong>-ι</strong></span> <span class='ocrx_word' id='word_1_37' title='bbox 1643 518 1696 560; x_wconf 92' lang='lat' dir='ltr'><strong>et</strong></span> <span class='ocrx_word' id='word_1_38' title='bbox 1723 509 1919 574; x_wconf 83' lang='lat' dir='ltr'><strong>depra-</strong></span> 
     </span>
    </p>
   </div>
   <div class='ocr_carea' id='block_1_7' title="bbox 342 600 1920 670">
    <p class='ocr_par' dir='ltr' id='par_1_7' title="bbox 342 600 1920 670">
     <span class='ocr_line' id='line_1_7' title="bbox 342 600 1920 670; baseline 0.001 -18"><span class='ocrx_word' id='word_1_39' title='bbox 342 601 485 655; x_wconf 87' lang='lat' dir='ltr'><strong>vatis</strong></span> <span class='ocrx_word' id='word_1_40' title='bbox 521 601 569 670; x_wconf 72' lang='grc' dir='ltr'><strong>ζ,</strong></span> <span class='ocrx_word' id='word_1_41' title='bbox 607 611 658 655; x_wconf 88' lang='lat' dir='ltr'><strong>et</strong></span> <span class='ocrx_word' id='word_1_42' title='bbox 696 600 920 654; x_wconf 77' lang='lat' dir='ltr'><strong>urbibus</strong></span> <span class='ocrx_word' id='word_1_43' title='bbox 964 601 1257 663; x_wconf 80' lang='lat' dir='ltr'><strong>derelictis,</strong></span> <span class='ocrx_word' id='word_1_44' title='bbox 1308 616 1428 668; x_wconf 83' lang='lat' dir='ltr'><strong>qme</strong></span> <span class='ocrx_word' id='word_1_45' title='bbox 1480 600 1636 653; x_wconf 73' lang='lat' dir='ltr'><strong>facta:</strong></span> <span class='ocrx_word' id='word_1_46' title='bbox 1686 608 1814 653; x_wconf 88' lang='lat' dir='ltr'><strong>sunt</strong></span> <span class='ocrx_word' id='word_1_47' title='bbox 1865 601 1920 654; x_wconf 90' lang='lat' dir='ltr'><strong>in</strong></span> 
     </span>
    </p>
   </div>
   <div class='ocr_carea' id='block_1_8' title="bbox 344 690 1921 760">
    <p class='ocr_par' dir='ltr' id='par_1_8' title="bbox 344 690 1921 760">
     <span class='ocr_line' id='line_1_8' title="bbox 344 690 1921 760; baseline -0.001 -16"><span class='ocrx_word' id='word_1_48' title='bbox 344 691 729 760; x_wconf 83' lang='lat' dir='ltr'><strong>direptionem,</strong></span> <span class='ocrx_word' id='word_1_49' title='bbox 763 700 818 744; x_wconf 90' lang='lat' dir='ltr'><strong>et</strong></span> <span class='ocrx_word' id='word_1_50' title='bbox 848 691 901 743; x_wconf 91' lang='lat' dir='ltr'><strong>in</strong></span> <span class='ocrx_word' id='word_1_51' title='bbox 947 691 1442 752; x_wconf 81' lang='lat' dir='ltr'><strong>conculcationem,</strong></span> <span class='ocrx_word' id='word_1_52' title='bbox 1495 690 1769 760; x_wconf 75' lang='lat' dir='ltr'><strong>gentibus,</strong></span> <span class='ocrx_word' id='word_1_53' title='bbox 1801 704 1921 758; x_wconf 71' lang='lat' dir='ltr'><strong>qua:</strong></span> 
     </span>
    </p>
   </div>
   <div class='ocr_carea' id='block_1_9' title="bbox 343 775 1921 850">
    <p class='ocr_par' dir='ltr' id='par_1_9' title="bbox 343 775 1921 850">
     <span class='ocr_line' id='line_1_9' title="bbox 343 775 1921 850; baseline -0.001 -15"><span class='ocrx_word' id='word_1_54' title='bbox 343 783 545 836; x_wconf 69' lang='lat' dir='ltr'><strong>relictae</strong></span> <span class='ocrx_word' id='word_1_55' title='bbox 599 792 726 836; x_wconf 90' lang='lat' dir='ltr'><strong>sunt</strong></span> <span class='ocrx_word' id='word_1_56' title='bbox 773 798 868 850; x_wconf 84' lang='lat' dir='ltr'><strong>per</strong></span> <span class='ocrx_word' id='word_1_57' title='bbox 924 782 1234 835; x_wconf 89' lang='lat' dir='ltr'><strong>circuitum.</strong></span> <span class='ocrx_word' id='word_1_58' title='bbox 1287 775 1340 834; x_wconf 81' lang='lat'><strong>5.</strong></span> <span class='ocrx_word' id='word_1_59' title='bbox 1389 780 1614 850; x_wconf 78' lang='lat' dir='ltr'><strong>Propter</strong></span> <span class='ocrx_word' id='word_1_60' title='bbox 1647 781 1750 834; x_wconf 93' lang='lat' dir='ltr'><strong>hoc</strong></span> <span class='ocrx_word' id='word_1_61' title='bbox 1807 781 1921 834; x_wconf 76' lang='lat' dir='ltr'><strong>hzec</strong></span> 
     </span>
    </p>
   </div>
   <div class='ocr_carea' id='block_1_10' title="bbox 344 867 1920 943">
    <p class='ocr_par' dir='ltr' id='par_1_10' title="bbox 344 867 1920 943">
     <span class='ocr_line' id='line_1_10' title="bbox 344 867 1920 943; baseline -0.001 -15"><span class='ocrx_word' id='word_1_62' title='bbox 344 873 477 928; x_wconf 88' lang='lat' dir='ltr'><strong>dicit</strong></span> <span class='ocrx_word' id='word_1_63' title='bbox 511 874 772 928; x_wconf 87' lang='lat' dir='ltr'><strong>Dominus</strong></span> <span class='ocrx_word' id='word_1_64' title='bbox 807 867 1070 928; x_wconf 88' lang='lat' dir='ltr'><strong>Dominus</strong></span> <span class='ocrx_word' id='word_1_65' title='bbox 1103 893 1116 928; x_wconf 91' lang='lat'><strong>:</strong></span> <span class='ocrx_word' id='word_1_66' title='bbox 1161 871 1272 927; x_wconf 82' lang='lat' dir='ltr'><strong>Nisi</strong></span> <span class='ocrx_word' id='word_1_67' title='bbox 1304 873 1357 927; x_wconf 91' lang='lat' dir='ltr'><strong>in</strong></span> <span class='ocrx_word' id='word_1_68' title='bbox 1405 873 1529 943; x_wconf 87' lang='lat' dir='ltr'><strong>igne</strong></span> <span class='ocrx_word' id='word_1_69' title='bbox 1578 872 1780 926; x_wconf 89' lang='lat' dir='ltr'><strong>furoris</strong></span> <span class='ocrx_word' id='word_1_70' title='bbox 1815 872 1920 926; x_wconf 90' lang='lat' dir='ltr'><strong>mei</strong></span> 
     </span>
    </p>
   </div>
   <div class='ocr_carea' id='block_1_11' title="bbox 343 966 1922 1036">
    <p class='ocr_par' dir='ltr' id='par_1_11' title="bbox 343 966 1922 1036">
     <span class='ocr_line' id='line_1_11' title="bbox 343 966 1922 1036; baseline -0.001 -16"><span class='ocrx_word' id='word_1_71' title='bbox 343 966 562 1021; x_wconf 87' lang='lat' dir='ltr'><strong>locutus</strong></span> <span class='ocrx_word' id='word_1_72' title='bbox 625 983 746 1020; x_wconf 91' lang='lat' dir='ltr'><strong>sum</strong></span> <span class='ocrx_word' id='word_1_73' title='bbox 803 983 969 1036; x_wconf 89' lang='lat' dir='ltr'><strong>super</strong></span> <span class='ocrx_word' id='word_1_74' title='bbox 1009 967 1268 1036; x_wconf 85' lang='lat' dir='ltr'><strong>reliquias</strong></span> <span class='ocrx_word' id='word_1_75' title='bbox 1323 967 1590 1036; x_wconf 85' lang='lat' dir='ltr'><strong>gentium,</strong></span> <span class='ocrx_word' id='word_1_76' title='bbox 1643 976 1697 1019; x_wconf 90' lang='lat' dir='ltr'><strong>et</strong></span> <span class='ocrx_word' id='word_1_77' title='bbox 1757 981 1922 1036; x_wconf 80' lang='lat' dir='ltr'><strong>super</strong></span> 
     </span>
    </p>
   </div>
   <div class='ocr_carea' id='block_1_12' title="bbox 343 1057 1921 1128">
    <p class='ocr_par' dir='ltr' id='par_1_12' title="bbox 343 1057 1921 1128">
     <span class='ocr_line' id='line_1_12' title="bbox 343 1057 1921 1128; baseline -0.001 -16"><span class='ocrx_word' id='word_1_78' title='bbox 343 1057 634 1113; x_wconf 73' lang='lat' dir='ltr'><strong>ldumzeam</strong></span> <span class='ocrx_word' id='word_1_79' title='bbox 689 1067 936 1124; x_wconf 83' lang='lat' dir='ltr'><strong>onmem;</strong></span> <span class='ocrx_word' id='word_1_80' title='bbox 985 1059 1112 1128; x_wconf 89' lang='lat' dir='ltr'><strong>quia</strong></span> <span class='ocrx_word' id='word_1_81' title='bbox 1169 1059 1435 1113; x_wconf 88' lang='lat' dir='ltr'><strong>dederunt</strong></span> <span class='ocrx_word' id='word_1_82' title='bbox 1496 1067 1698 1112; x_wconf 83' lang='lat' dir='ltr'><strong>terram</strong></span> <span class='ocrx_word' id='word_1_83' title='bbox 1747 1073 1921 1112; x_wconf 89' lang='lat' dir='ltr'><strong>meam</strong></span> 
     </span>
    </p>
   </div>
   <div class='ocr_carea' id='block_1_13' title="bbox 348 1149 1920 1220">
    <p class='ocr_par' dir='ltr' id='par_1_13' title="bbox 348 1149 1920 1220">
     <span class='ocr_line' id='line_1_13' title="bbox 348 1149 1920 1220; baseline -0.001 -17"><span class='ocrx_word' id='word_1_84' title='bbox 348 1149 708 1220; x_wconf 81' lang='lat' dir='ltr'><strong>sibimetipsis</strong></span> <span class='ocrx_word' id='word_1_85' title='bbox 737 1150 790 1204; x_wconf 94' lang='lat' dir='ltr'><strong>in</strong></span> <span class='ocrx_word' id='word_1_86' title='bbox 828 1150 1229 1220; x_wconf 82' lang='lat' dir='ltr'><strong>possessionem</strong></span> <span class='ocrx_word' id='word_1_87' title='bbox 1263 1165 1387 1204; x_wconf 90' lang='lat' dir='ltr'><strong>cum</strong></span> <span class='ocrx_word' id='word_1_88' title='bbox 1418 1149 1636 1219; x_wconf 82' lang='lat' dir='ltr'><strong>gaudio,</strong></span> <span class='ocrx_word' id='word_1_89' title='bbox 1676 1149 1771 1219; x_wconf 84' lang='grc' dir='ltr'><strong>(ιιι)</strong></span> <span class='ocrx_word' id='word_1_90' title='bbox 1796 1165 1920 1204; x_wconf 89' lang='lat' dir='ltr'><strong>cum</strong></span> 
     </span>
    </p>
   </div>
   <div class='ocr_carea' id='block_1_14' title="bbox 346 1241 1920 1311">
    <p class='ocr_par' dir='ltr' id='par_1_14' title="bbox 346 1241 1920 1311">
     <span class='ocr_line' id='line_1_14' title="bbox 346 1241 1920 1311; baseline 0 -17"><span class='ocrx_word' id='word_1_91' title='bbox 346 1250 757 1296; x_wconf 87' lang='lat' dir='ltr'><strong>contemserunt</strong></span> <span class='ocrx_word' id='word_1_92' title='bbox 795 1243 1101 1304; x_wconf 89' lang='lat' dir='ltr'><strong>animas,ut</strong></span> <span class='ocrx_word' id='word_1_93' title='bbox 1127 1241 1610 1311; x_wconf 88' lang='lat' dir='ltr'><strong>corrumperentin</strong></span> <span class='ocrx_word' id='word_1_94' title='bbox 1643 1242 1840 1310; x_wconf 67' lang='lat' dir='ltr'><strong>praeda.</strong></span> <span class='ocrx_word' id='word_1_95' title='bbox 1866 1241 1920 1294; x_wconf 89' lang='lat'><strong>6.</strong></span> 
     </span>
    </p>
   </div>
   <div class='ocr_carea' id='block_1_15' title="bbox 345 1328 1923 1402">
    <p class='ocr_par' dir='ltr' id='par_1_15' title="bbox 345 1328 1923 1402">
     <span class='ocr_line' id='line_1_15' title="bbox 345 1328 1923 1402; baseline 0.001 -17"><span class='ocrx_word' id='word_1_96' title='bbox 345 1330 576 1401; x_wconf 88' lang='lat' dir='ltr'><strong>Propter</strong></span> <span class='ocrx_word' id='word_1_97' title='bbox 614 1332 719 1386; x_wconf 93' lang='lat' dir='ltr'><strong>hoc</strong></span> <span class='ocrx_word' id='word_1_98' title='bbox 751 1332 1010 1402; x_wconf 82' lang='lat' dir='ltr'><strong>propheta</strong></span> <span class='ocrx_word' id='word_1_99' title='bbox 1043 1347 1207 1402; x_wconf 87' lang='lat' dir='ltr'><strong>super</strong></span> <span class='ocrx_word' id='word_1_100' title='bbox 1250 1340 1451 1386; x_wconf 86' lang='lat' dir='ltr'><strong>terram</strong></span> <span class='ocrx_word' id='word_1_101' title='bbox 1488 1328 1718 1396; x_wconf 89' lang='lat' dir='ltr'><strong>lsraelis,</strong></span> <span class='ocrx_word' id='word_1_102' title='bbox 1755 1341 1808 1385; x_wconf 89' lang='lat' dir='ltr'><strong>et</strong></span> <span class='ocrx_word' id='word_1_103' title='bbox 1836 1331 1923 1386; x_wconf 89' lang='lat' dir='ltr'><strong>dic</strong></span> 
     </span>
    </p>
   </div>
   <div class='ocr_carea' id='block_1_16' title="bbox 349 1422 1919 1488">
    <p class='ocr_par' dir='ltr' id='par_1_16' title="bbox 349 1422 1919 1488">
     <span class='ocr_line' id='line_1_16' title="bbox 349 1422 1919 1488; baseline 0.003 -14"><span class='ocrx_word' id='word_1_104' title='bbox 349 1424 650 1486; x_wconf 84' lang='lat' dir='ltr'><strong>montibus,</strong></span> <span class='ocrx_word' id='word_1_105' title='bbox 697 1435 750 1477; x_wconf 91' lang='lat' dir='ltr'><strong>et</strong></span> <span class='ocrx_word' id='word_1_106' title='bbox 794 1422 1048 1488; x_wconf 87' lang='lat' dir='ltr'><strong>collibus,</strong></span> <span class='ocrx_word' id='word_1_107' title='bbox 1095 1433 1150 1478; x_wconf 89' lang='lat' dir='ltr'><strong>et</strong></span> <span class='ocrx_word' id='word_1_108' title='bbox 1195 1423 1496 1485; x_wconf 87' lang='lat' dir='ltr'><strong>valleculis,</strong></span> <span class='ocrx_word' id='word_1_109' title='bbox 1538 1431 1594 1477; x_wconf 90' lang='lat' dir='ltr'><strong>et</strong></span> <span class='ocrx_word' id='word_1_110' title='bbox 1640 1423 1919 1478; x_wconf 77' lang='lat' dir='ltr'><strong>vallibus:</strong></span> 
     </span>
    </p>
   </div>
   <div class='ocr_carea' id='block_1_17' title="bbox 349 1507 1922 1582">
    <p class='ocr_par' dir='ltr' id='par_1_17' title="bbox 349 1507 1922 1582">
     <span class='ocr_line' id='line_1_17' title="bbox 349 1507 1922 1582; baseline 0.001 -16"><span class='ocrx_word' id='word_1_111' title='bbox 349 1512 476 1568; x_wconf 77' lang='lat' dir='ltr'><strong>&quot;:t‘c</strong></span> <span class='ocrx_word' id='word_1_112' title='bbox 515 1507 645 1568; x_wconf 86' lang='lat' dir='ltr'><strong>dicit</strong></span> <span class='ocrx_word' id='word_1_113' title='bbox 699 1510 965 1569; x_wconf 86' lang='lat' dir='ltr'><strong>Dominus</strong></span> <span class='ocrx_word' id='word_1_114' title='bbox 1003 1509 1270 1569; x_wconf 83' lang='lat' dir='ltr'><strong>Dominus</strong></span> <span class='ocrx_word' id='word_1_115' title='bbox 1317 1532 1331 1567; x_wconf 71' lang='grc' dir='ltr'><strong>ε</strong></span> <span class='ocrx_word' id='word_1_116' title='bbox 1378 1509 1520 1568; x_wconf 83' lang='lat' dir='ltr'><strong>Ecce</strong></span> <span class='ocrx_word' id='word_1_117' title='bbox 1567 1528 1669 1582; x_wconf 92' lang='lat' dir='ltr'><strong>ego</strong></span> <span class='ocrx_word' id='word_1_118' title='bbox 1703 1515 1756 1568; x_wconf 90' lang='lat' dir='ltr'><strong>in</strong></span> <span class='ocrx_word' id='word_1_119' title='bbox 1806 1515 1922 1568; x_wconf 82' lang='lat' dir='ltr'><strong>zelo</strong></span> 
     </span>
    </p>
   </div>
   <div class='ocr_carea' id='block_1_18' title="bbox 349 1597 1921 1676">
    <p class='ocr_par' dir='ltr' id='par_1_18' title="bbox 349 1597 1921 1676">
     <span class='ocr_line' id='line_1_18' title="bbox 349 1597 1921 1676; baseline 0.001 -16"><span class='ocrx_word' id='word_1_120' title='bbox 349 1624 489 1668; x_wconf 88' lang='lat' dir='ltr'><strong>meo,</strong></span> <span class='ocrx_word' id='word_1_121' title='bbox 525 1609 580 1659; x_wconf 91' lang='lat' dir='ltr'><strong>et</strong></span> <span class='ocrx_word' id='word_1_122' title='bbox 615 1606 667 1658; x_wconf 92' lang='lat' dir='ltr'><strong>in</strong></span> <span class='ocrx_word' id='word_1_123' title='bbox 709 1597 894 1660; x_wconf 89' lang='lat' dir='ltr'><strong>furore</strong></span> <span class='ocrx_word' id='word_1_124' title='bbox 939 1622 1060 1661; x_wconf 87' lang='lat' dir='ltr'><strong>meo</strong></span> <span class='ocrx_word' id='word_1_125' title='bbox 1110 1607 1322 1661; x_wconf 87' lang='lat' dir='ltr'><strong>locutus</strong></span> <span class='ocrx_word' id='word_1_126' title='bbox 1345 1621 1500 1668; x_wconf 73' lang='lat' dir='ltr'><strong>sum,</strong></span> <span class='ocrx_word' id='word_1_127' title='bbox 1531 1621 1630 1675; x_wconf 91' lang='lat' dir='ltr'><strong>pro</strong></span> <span class='ocrx_word' id='word_1_128' title='bbox 1671 1621 1738 1660; x_wconf 90' lang='lat' dir='ltr'><strong>eo</strong></span> <span class='ocrx_word' id='word_1_129' title='bbox 1776 1607 1921 1676; x_wconf 91' lang='lat' dir='ltr'><strong>quod</strong></span> 
     </span>
    </p>
   </div>
   <div class='ocr_carea' id='block_1_19' title="bbox 345 1696 1921 1768">
    <p class='ocr_par' dir='ltr' id='par_1_19' title="bbox 345 1696 1921 1768">
     <span class='ocr_line' id='line_1_19' title="bbox 345 1696 1921 1768; baseline 0.003 -17"><span class='ocrx_word' id='word_1_130' title='bbox 345 1696 706 1768; x_wconf 77' lang='lat' dir='ltr'><strong>Opprobrium</strong></span> <span class='ocrx_word' id='word_1_131' title='bbox 759 1698 1000 1768; x_wconf 90' lang='lat' dir='ltr'><strong>gentium</strong></span> <span class='ocrx_word' id='word_1_132' title='bbox 1059 1699 1422 1754; x_wconf 87' lang='lat' dir='ltr'><strong>sustinuistis.</strong></span> <span class='ocrx_word' id='word_1_133' title='bbox 1474 1699 1526 1753; x_wconf 87' lang='lat'><strong>7.</strong></span> <span class='ocrx_word' id='word_1_134' title='bbox 1561 1696 1787 1768; x_wconf 89' lang='lat' dir='ltr'><strong>Propter</strong></span> <span class='ocrx_word' id='word_1_135' title='bbox 1819 1700 1921 1755; x_wconf 90' lang='lat' dir='ltr'><strong>hoc</strong></span> 
     </span>
    </p>
   </div>
   <div class='ocr_carea' id='block_1_20' title="bbox 347 1783 1921 1863">
    <p class='ocr_par' dir='ltr' id='par_1_20' title="bbox 347 1783 1921 1863">
     <span class='ocr_line' id='line_1_20' title="bbox 347 1783 1921 1863; baseline 0.003 -20"><span class='ocrx_word' id='word_1_136' title='bbox 347 1793 416 1858; x_wconf 60' lang='grc' dir='ltr'>χ</span> <span class='ocrx_word' id='word_1_137' title='bbox 458 1791 571 1845; x_wconf 60' lang='lat' dir='ltr'><strong>haec</strong></span> <span class='ocrx_word' id='word_1_138' title='bbox 602 1783 736 1845; x_wconf 82' lang='lat' dir='ltr'><strong>dicit</strong></span> <span class='ocrx_word' id='word_1_139' title='bbox 779 1791 988 1845; x_wconf 83' lang='lat' dir='ltr'><strong>Adonai</strong></span> <span class='ocrx_word' id='word_1_140' title='bbox 1025 1789 1290 1846; x_wconf 90' lang='lat' dir='ltr'><strong>Dominus</strong></span> <span class='ocrx_word' id='word_1_141' title='bbox 1327 1786 1350 1861; x_wconf 62' lang='grc' dir='ltr'>ξ</span> <span class='ocrx_word' id='word_1_142' title='bbox 1384 1810 1396 1846; x_wconf 92' lang='lat'><strong>:</strong></span> <span class='ocrx_word' id='word_1_143' title='bbox 1431 1808 1558 1847; x_wconf 90' lang='lat' dir='ltr'><strong>ecce</strong></span> <span class='ocrx_word' id='word_1_144' title='bbox 1601 1809 1700 1863; x_wconf 88' lang='lat' dir='ltr'><strong>ego</strong></span> <span class='ocrx_word' id='word_1_145' title='bbox 1731 1789 1921 1847; x_wconf 82' lang='lat' dir='ltr'><strong>levabo</strong></span> 
     </span>
    </p>
   </div>
   <div class='ocr_carea' id='block_1_21' title="bbox 349 1885 1922 1954">
    <p class='ocr_par' dir='ltr' id='par_1_21' title="bbox 349 1885 1922 1954">
     <span class='ocr_line' id='line_1_21' title="bbox 349 1885 1922 1954; baseline 0.001 -18"><span class='ocrx_word' id='word_1_146' title='bbox 349 1897 573 1937; x_wconf 89' lang='lat' dir='ltr'><strong>manum</strong></span> <span class='ocrx_word' id='word_1_147' title='bbox 604 1897 781 1937; x_wconf 84' lang='lat' dir='ltr'><strong>meam</strong></span> <span class='ocrx_word' id='word_1_148' title='bbox 813 1898 974 1952; x_wconf 89' lang='lat' dir='ltr'><strong>super</strong></span> <span class='ocrx_word' id='word_1_149' title='bbox 1005 1893 1218 1953; x_wconf 86' lang='lat' dir='ltr'><strong>gentes,</strong></span> <span class='ocrx_word' id='word_1_150' title='bbox 1242 1900 1363 1954; x_wconf 73' lang='lat' dir='ltr'><strong>qua:</strong></span> <span class='ocrx_word' id='word_1_151' title='bbox 1392 1885 1536 1938; x_wconf 90' lang='lat' dir='ltr'><strong>circa</strong></span> <span class='ocrx_word' id='word_1_152' title='bbox 1568 1901 1660 1940; x_wconf 86' lang='lat' dir='ltr'><strong>vos</strong></span> <span class='ocrx_word' id='word_1_153' title='bbox 1685 1903 1698 1938; x_wconf 87' lang='lat'><strong>:</strong></span> <span class='ocrx_word' id='word_1_154' title='bbox 1727 1885 1778 1938; x_wconf 92' lang='lat' dir='ltr'><strong>hi</strong></span> <span class='ocrx_word' id='word_1_155' title='bbox 1798 1896 1922 1938; x_wconf 86' lang='lat' dir='ltr'><strong>con-</strong></span> 
     </span>
    </p>
   </div>
   <div class='ocr_carea' id='block_1_22' title="bbox 348 1973 1920 2045">
    <p class='ocr_par' dir='ltr' id='par_1_22' title="bbox 348 1973 1920 2045">
     <span class='ocr_line' id='line_1_22' title="bbox 348 1973 1920 2045; baseline 0.002 -17"><span class='ocrx_word' id='word_1_156' title='bbox 348 1984 576 2028; x_wconf 88' lang='lat' dir='ltr'><strong>temtum</strong></span> <span class='ocrx_word' id='word_1_157' title='bbox 606 1990 764 2029; x_wconf 87' lang='lat' dir='ltr'><strong>suum</strong></span> <span class='ocrx_word' id='word_1_158' title='bbox 790 1973 1075 2045; x_wconf 86' lang='lat' dir='ltr'><strong>accipient.</strong></span> <span class='ocrx_word' id='word_1_159' title='bbox 1103 1977 1155 2030; x_wconf 90' lang='lat'><strong>8.</strong></span> <span class='ocrx_word' id='word_1_160' title='bbox 1191 1973 1440 2030; x_wconf 83' lang='lat' dir='ltr'><strong>Vestram</strong></span> <span class='ocrx_word' id='word_1_161' title='bbox 1469 1987 1674 2043; x_wconf 90' lang='lat' dir='ltr'><strong>autem,</strong></span> <span class='ocrx_word' id='word_1_162' title='bbox 1705 1985 1920 2032; x_wconf 89' lang='lat' dir='ltr'><strong>montes</strong></span> 
     </span>
    </p>
   </div>
   <div class='ocr_carea' id='block_1_23' title="bbox 348 2066 1920 2138">
    <p class='ocr_par' dir='ltr' id='par_1_23' title="bbox 348 2066 1920 2138">
     <span class='ocr_line' id='line_1_23' title="bbox 348 2066 1920 2138; baseline 0.001 -18"><span class='ocrx_word' id='word_1_163' title='bbox 348 2066 588 2132; x_wconf 88' lang='lat' dir='ltr'><strong>lsraelis,</strong></span> <span class='ocrx_word' id='word_1_164' title='bbox 633 2067 710 2138; x_wconf 86' lang='lat' dir='ltr'><strong>(n)</strong></span> <span class='ocrx_word' id='word_1_165' title='bbox 745 2084 904 2121; x_wconf 88' lang='lat' dir='ltr'><strong>uvam</strong></span> <span class='ocrx_word' id='word_1_166' title='bbox 939 2067 1162 2131; x_wconf 91' lang='lat' dir='ltr'><strong>dabitis,</strong></span> <span class='ocrx_word' id='word_1_167' title='bbox 1197 2076 1252 2123; x_wconf 91' lang='lat' dir='ltr'><strong>et</strong></span> <span class='ocrx_word' id='word_1_168' title='bbox 1286 2069 1524 2123; x_wconf 91' lang='lat' dir='ltr'><strong>fructum</strong></span> <span class='ocrx_word' id='word_1_169' title='bbox 1556 2079 1796 2124; x_wconf 90' lang='lat' dir='ltr'><strong>vestrum</strong></span> <span class='ocrx_word' id='word_1_170' title='bbox 1829 2084 1920 2123; x_wconf 81' lang='lat' dir='ltr'><strong>eo-</strong></span> 
     </span>
    </p>
   </div>
   <div class='ocr_carea' id='block_1_24' title="bbox 347 2158 1920 2232">
    <p class='ocr_par' dir='ltr' id='par_1_24' title="bbox 347 2158 1920 2232">
     <span class='ocr_line' id='line_1_24' title="bbox 347 2158 1920 2232; baseline -0.001 -16"><span class='ocrx_word' id='word_1_171' title='bbox 347 2163 526 2217; x_wconf 88' lang='lat' dir='ltr'><strong>medet</strong></span> <span class='ocrx_word' id='word_1_172' title='bbox 554 2161 786 2231; x_wconf 90' lang='lat' dir='ltr'><strong>populus</strong></span> <span class='ocrx_word' id='word_1_173' title='bbox 823 2175 978 2214; x_wconf 92' lang='lat' dir='ltr'><strong>meus</strong></span> <span class='ocrx_word' id='word_1_174' title='bbox 1009 2163 1076 2228; x_wconf 75' lang='grc' dir='ltr'><strong>&gt;κ</strong></span> <span class='ocrx_word' id='word_1_175' title='bbox 1121 2158 1285 2216; x_wconf 87' lang='lat' dir='ltr'><strong>Israel</strong></span> <span class='ocrx_word' id='word_1_176' title='bbox 1318 2161 1380 2229; x_wconf 62' lang='lat'><strong>1;</strong></span> <span class='ocrx_word' id='word_1_177' title='bbox 1424 2161 1551 2232; x_wconf 88' lang='lat' dir='ltr'><strong>quia</strong></span> <span class='ocrx_word' id='word_1_178' title='bbox 1584 2167 1803 2230; x_wconf 84' lang='lat' dir='ltr'><strong>sperant</strong></span> <span class='ocrx_word' id='word_1_179' title='bbox 1826 2176 1920 2215; x_wconf 77' lang='lat' dir='ltr'><strong>ve-</strong></span> 
     </span>
    </p>
   </div>
   <div class='ocr_carea' id='block_1_25' title="bbox 347 2252 1923 2323">
    <p class='ocr_par' dir='ltr' id='par_1_25' title="bbox 347 2252 1923 2323">
     <span class='ocr_line' id='line_1_25' title="bbox 347 2252 1923 2323; baseline -0.001 -15"><span class='ocrx_word' id='word_1_180' title='bbox 347 2253 487 2308; x_wconf 88' lang='lat' dir='ltr'><strong>nire.</strong></span> <span class='ocrx_word' id='word_1_181' title='bbox 505 2252 556 2306; x_wconf 91' lang='lat'><strong>9.</strong></span> <span class='ocrx_word' id='word_1_182' title='bbox 587 2252 724 2319; x_wconf 80' lang='lat' dir='ltr'><strong>Quia</strong></span> <span class='ocrx_word' id='word_1_183' title='bbox 750 2267 880 2306; x_wconf 87' lang='lat' dir='ltr'><strong>ecce</strong></span> <span class='ocrx_word' id='word_1_184' title='bbox 909 2267 1010 2321; x_wconf 89' lang='lat' dir='ltr'><strong>ego</strong></span> <span class='ocrx_word' id='word_1_185' title='bbox 1032 2267 1198 2322; x_wconf 84' lang='lat' dir='ltr'><strong>super</strong></span> <span class='ocrx_word' id='word_1_186' title='bbox 1225 2269 1340 2318; x_wconf 89' lang='lat' dir='ltr'><strong>vos,</strong></span> <span class='ocrx_word' id='word_1_187' title='bbox 1368 2262 1422 2308; x_wconf 90' lang='lat' dir='ltr'><strong>et</strong></span> <span class='ocrx_word' id='word_1_188' title='bbox 1445 2254 1731 2323; x_wconf 90' lang='lat' dir='ltr'><strong>respiciam</strong></span> <span class='ocrx_word' id='word_1_189' title='bbox 1759 2269 1923 2322; x_wconf 89' lang='lat' dir='ltr'><strong>super</strong></span> 
     </span>
    </p>
   </div>
   <div class='ocr_carea' id='block_1_26' title="bbox 346 2338 1920 2416">
    <p class='ocr_par' dir='ltr' id='par_1_26' title="bbox 346 2338 1920 2416">
     <span class='ocr_line' id='line_1_26' title="bbox 346 2338 1920 2416; baseline -0.001 -16"><span class='ocrx_word' id='word_1_190' title='bbox 346 2361 464 2410; x_wconf 87' lang='lat' dir='ltr'><strong>vos,</strong></span> <span class='ocrx_word' id='word_1_191' title='bbox 512 2351 567 2400; x_wconf 90' lang='lat' dir='ltr'><strong>et</strong></span> <span class='ocrx_word' id='word_1_192' title='bbox 601 2339 879 2410; x_wconf 90' lang='lat' dir='ltr'><strong>colemini,</strong></span> <span class='ocrx_word' id='word_1_193' title='bbox 913 2353 967 2399; x_wconf 87' lang='lat' dir='ltr'><strong>et</strong></span> <span class='ocrx_word' id='word_1_194' title='bbox 1002 2345 1260 2400; x_wconf 87' lang='lat' dir='ltr'><strong>seremini</strong></span> <span class='ocrx_word' id='word_1_195' title='bbox 1292 2363 1305 2400; x_wconf 89' lang='lat'><strong>:</strong></span> <span class='ocrx_word' id='word_1_196' title='bbox 1336 2346 1423 2401; x_wconf 92' lang='lat'><strong>10.</strong></span> <span class='ocrx_word' id='word_1_197' title='bbox 1463 2355 1518 2400; x_wconf 89' lang='lat' dir='ltr'><strong>et</strong></span> <span class='ocrx_word' id='word_1_198' title='bbox 1545 2338 1920 2416; x_wconf 85' lang='lat' dir='ltr'><strong>multiplicabo</strong></span> 
     </span>
    </p>
   </div>
   <div class='ocr_carea' id='block_1_27' title="bbox 348 2436 1923 2507">
    <p class='ocr_par' dir='ltr' id='par_1_27' title="bbox 348 2436 1923 2507">
     <span class='ocr_line' id='line_1_27' title="bbox 348 2436 1923 2507; baseline -0.001 -13"><span class='ocrx_word' id='word_1_199' title='bbox 348 2453 514 2507; x_wconf 91' lang='lat' dir='ltr'><strong>super</strong></span> <span class='ocrx_word' id='word_1_200' title='bbox 555 2451 650 2493; x_wconf 87' lang='lat' dir='ltr'><strong>vos</strong></span> <span class='ocrx_word' id='word_1_201' title='bbox 682 2437 954 2502; x_wconf 88' lang='lat' dir='ltr'><strong>homines,</strong></span> <span class='ocrx_word' id='word_1_202' title='bbox 989 2451 1209 2492; x_wconf 90' lang='lat' dir='ltr'><strong>omnem</strong></span> <span class='ocrx_word' id='word_1_203' title='bbox 1243 2438 1464 2492; x_wconf 89' lang='lat' dir='ltr'><strong>domum</strong></span> <span class='ocrx_word' id='word_1_204' title='bbox 1500 2436 1718 2493; x_wconf 90' lang='lat' dir='ltr'><strong>lsraelis</strong></span> <span class='ocrx_word' id='word_1_205' title='bbox 1761 2439 1813 2493; x_wconf 92' lang='lat' dir='ltr'><strong>in</strong></span> <span class='ocrx_word' id='word_1_206' title='bbox 1859 2439 1923 2492; x_wconf 88' lang='lat' dir='ltr'><strong>fi-</strong></span> 
     </span>
    </p>
   </div>
   <div class='ocr_carea' id='block_1_28' title="bbox 347 2525 1919 2599">
    <p class='ocr_par' dir='ltr' id='par_1_28' title="bbox 347 2525 1919 2599">
     <span class='ocr_line' id='line_1_28' title="bbox 347 2525 1919 2599; baseline 0.001 -16"><span class='ocrx_word' id='word_1_207' title='bbox 347 2544 495 2592; x_wconf 89' lang='lat' dir='ltr'><strong>nem,</strong></span> <span class='ocrx_word' id='word_1_208' title='bbox 523 2537 578 2583; x_wconf 90' lang='lat' dir='ltr'><strong>et</strong></span> <span class='ocrx_word' id='word_1_209' title='bbox 600 2525 1170 2584; x_wconf 85' lang='lat' dir='ltr'><strong>habitabuntururbes</strong></span> <span class='ocrx_word' id='word_1_210' title='bbox 1190 2539 1403 2596; x_wconf 64' lang='lat' dir='ltr'><strong>vestrm,</strong></span> <span class='ocrx_word' id='word_1_211' title='bbox 1434 2539 1624 2599; x_wconf 68' lang='lat' dir='ltr'><strong>etquae</strong></span> <span class='ocrx_word' id='word_1_212' title='bbox 1644 2530 1919 2596; x_wconf 65' lang='lat' dir='ltr'><strong>desolate,</strong></span> 
     </span>
    </p>
   </div>
   <div class='ocr_carea' id='block_1_29' title="bbox 351 2617 1987 2693">
    <p class='ocr_par' dir='ltr' id='par_1_29' title="bbox 351 2617 1987 2693">
     <span class='ocr_line' id='line_1_29' title="bbox 351 2617 1987 2693; baseline 0.002 -19"><span class='ocrx_word' id='word_1_213' title='bbox 351 2617 788 2676; x_wconf 69' lang='lat' dir='ltr'><strong>aadiflcabdntur.</strong></span> <span class='ocrx_word' id='word_1_214' title='bbox 824 2620 911 2675; x_wconf 93' lang='lat' dir='ltr'><strong>1l.</strong></span> <span class='ocrx_word' id='word_1_215' title='bbox 942 2621 1007 2674; x_wconf 84' lang='lat' dir='ltr'><strong>Et</strong></span> <span class='ocrx_word' id='word_1_216' title='bbox 1041 2621 1419 2692; x_wconf 88' lang='lat' dir='ltr'><strong>multiplicabo</strong></span> <span class='ocrx_word' id='word_1_217' title='bbox 1450 2639 1614 2693; x_wconf 87' lang='lat' dir='ltr'><strong>super</strong></span> <span class='ocrx_word' id='word_1_218' title='bbox 1637 2639 1734 2678; x_wconf 90' lang='lat' dir='ltr'><strong>vos</strong></span> <span class='ocrx_word' id='word_1_219' title='bbox 1756 2624 1925 2678; x_wconf 90' lang='lat' dir='ltr'><strong>homi-</strong></span> 
     </span>
    </p>
   </div>
   <div class='ocr_carea' id='block_1_30' title="bbox 349 2705 1981 2788">
    <p class='ocr_par' dir='ltr' id='par_1_30' title="bbox 349 2705 1981 2788">
     <span class='ocr_line' id='line_1_30' title="bbox 349 2705 1981 2788; baseline 0.002 -23"><span class='ocrx_word' id='word_1_220' title='bbox 349 2728 468 2776; x_wconf 89' lang='lat' dir='ltr'><strong>nes,</strong></span> <span class='ocrx_word' id='word_1_221' title='bbox 509 2721 563 2766; x_wconf 90' lang='lat' dir='ltr'><strong>et</strong></span> <span class='ocrx_word' id='word_1_222' title='bbox 593 2712 863 2782; x_wconf 77' lang='lat' dir='ltr'><strong>iumenta,</strong></span> <span class='ocrx_word' id='word_1_223' title='bbox 895 2721 950 2766; x_wconf 89' lang='lat' dir='ltr'><strong>et</strong></span> <span class='ocrx_word' id='word_1_224' title='bbox 988 2721 1257 2779; x_wconf 86' lang='lat' dir='ltr'><strong>crescent,</strong></span> <span class='ocrx_word' id='word_1_225' title='bbox 1288 2716 1355 2782; x_wconf 74' lang='grc' dir='ltr'>&gt;κ</span> <span class='ocrx_word' id='word_1_226' title='bbox 1388 2725 1442 2768; x_wconf 88' lang='lat' dir='ltr'><strong>et</strong></span> <span class='ocrx_word' id='word_1_227' title='bbox 1477 2715 1924 2784; x_wconf 89' lang='lat' dir='ltr'><strong>multiplicabun-</strong></span> <span class='ocrx_word' id='word_1_228' title='bbox 1961 2705 1981 2788; x_wconf 44' lang='grc'><strong>;,.</strong></span> 
     </span>
    </p>
   </div>
   <div class='ocr_carea' id='block_1_31' title="bbox 2021 419 3589 488">
    <p class='ocr_par' dir='ltr' id='par_1_31' title="bbox 2021 419 3589 488">
     <span class='ocr_line' id='line_1_31' title="bbox 2021 419 3589 488; baseline 0.004 -20"><span class='ocrx_word' id='word_1_229' title='bbox 2021 428 2238 484; x_wconf 87' lang='lat' dir='ltr'><strong>propter</strong></span> <span class='ocrx_word' id='word_1_230' title='bbox 2283 434 2481 471; x_wconf 85' lang='lat' dir='ltr'><strong>nomen</strong></span> <span class='ocrx_word' id='word_1_231' title='bbox 2534 426 2783 472; x_wconf 91' lang='lat' dir='ltr'><strong>sanctum</strong></span> <span class='ocrx_word' id='word_1_232' title='bbox 2836 432 3040 483; x_wconf 85' lang='lat' dir='ltr'><strong>meum,</strong></span> <span class='ocrx_word' id='word_1_233' title='bbox 3092 420 3233 487; x_wconf 91' lang='lat' dir='ltr'><strong>quod</strong></span> <span class='ocrx_word' id='word_1_234' title='bbox 3280 419 3589 488; x_wconf 90' lang='lat' dir='ltr'><strong>polluerunt</strong></span> 
     </span>
    </p>
   </div>
   <div class='ocr_carea' id='block_1_32' title="bbox 2020 508 3589 579">
    <p class='ocr_par' dir='ltr' id='par_1_32' title="bbox 2020 508 3589 579">
     <span class='ocr_line' id='line_1_32' title="bbox 2020 508 3589 579; baseline 0.003 -19"><span class='ocrx_word' id='word_1_235' title='bbox 2020 508 2215 561; x_wconf 86' lang='lat' dir='ltr'><strong>domns</strong></span> <span class='ocrx_word' id='word_1_236' title='bbox 2269 509 2488 563; x_wconf 88' lang='lat' dir='ltr'><strong>lsraelis</strong></span> <span class='ocrx_word' id='word_1_237' title='bbox 2541 508 2684 562; x_wconf 87' lang='lat' dir='ltr'><strong>inter</strong></span> <span class='ocrx_word' id='word_1_238' title='bbox 2733 513 2960 579; x_wconf 73' lang='lat' dir='ltr'><strong>gentes.</strong></span> <span class='ocrx_word' id='word_1_239' title='bbox 3017 526 3123 578; x_wconf 89' lang='lat' dir='ltr'><strong>qua</strong></span> <span class='ocrx_word' id='word_1_240' title='bbox 3177 512 3405 579; x_wconf 83' lang='lat' dir='ltr'><strong>ingressi</strong></span> <span class='ocrx_word' id='word_1_241' title='bbox 3461 521 3589 565; x_wconf 89' lang='lat' dir='ltr'><strong>sunt</strong></span> 
     </span>
    </p>
   </div>
   <div class='ocr_carea' id='block_1_33' title="bbox 2023 588 3590 668">
    <p class='ocr_par' dir='ltr' id='par_1_33' title="bbox 2023 588 3590 668">
     <span class='ocr_line' id='line_1_33' title="bbox 2023 588 3590 668; baseline 0.003 -18"><span class='ocrx_word' id='word_1_242' title='bbox 2023 597 2170 652; x_wconf 91' lang='lat' dir='ltr'><strong>illnc.</strong></span> <span class='ocrx_word' id='word_1_243' title='bbox 2198 588 2287 651; x_wconf 70' lang='lat'><strong>29.</strong></span> <span class='ocrx_word' id='word_1_244' title='bbox 2318 601 2547 668; x_wconf 85' lang='lat' dir='ltr'><strong>Propter</strong></span> <span class='ocrx_word' id='word_1_245' title='bbox 2577 600 2679 654; x_wconf 88' lang='lat' dir='ltr'><strong>hoc</strong></span> <span class='ocrx_word' id='word_1_246' title='bbox 2709 601 2797 654; x_wconf 88' lang='lat' dir='ltr'><strong>dic</strong></span> <span class='ocrx_word' id='word_1_247' title='bbox 2817 601 3002 655; x_wconf 87' lang='lat' dir='ltr'><strong>domui</strong></span> <span class='ocrx_word' id='word_1_248' title='bbox 3028 600 3243 655; x_wconf 77' lang='lat' dir='ltr'><strong>Israelis</strong></span> <span class='ocrx_word' id='word_1_249' title='bbox 3274 619 3286 654; x_wconf 92' lang='lat'>:</span> <span class='ocrx_word' id='word_1_250' title='bbox 3315 600 3437 656; x_wconf 62' lang='lat' dir='ltr'><strong>llaec</strong></span> <span class='ocrx_word' id='word_1_251' title='bbox 3457 602 3590 655; x_wconf 74' lang='lat' dir='ltr'><strong>dicit</strong></span> 
     </span>
    </p>
   </div>
   <div class='ocr_carea' id='block_1_34' title="bbox 2025 689 3589 763">
    <p class='ocr_par' dir='ltr' id='par_1_34' title="bbox 2025 689 3589 763">
     <span class='ocr_line' id='line_1_34' title="bbox 2025 689 3589 763; baseline 0.001 -19"><span class='ocrx_word' id='word_1_252' title='bbox 2025 691 2286 746; x_wconf 87' lang='lat' dir='ltr'><strong>Dominus</strong></span> <span class='ocrx_word' id='word_1_253' title='bbox 2338 689 2638 746; x_wconf 86' lang='lat' dir='ltr'><strong>Dominus:</strong></span> <span class='ocrx_word' id='word_1_254' title='bbox 2681 691 2797 746; x_wconf 80' lang='lat' dir='ltr'><strong>Non</strong></span> <span class='ocrx_word' id='word_1_255' title='bbox 2839 694 2994 747; x_wconf 81' lang='lat' dir='ltr'><strong>vobis</strong></span> <span class='ocrx_word' id='word_1_256' title='bbox 3043 708 3144 763; x_wconf 86' lang='lat' dir='ltr'><strong>ego</strong></span> <span class='ocrx_word' id='word_1_257' title='bbox 3191 693 3347 759; x_wconf 82' lang='lat' dir='ltr'><strong>facio,</strong></span> <span class='ocrx_word' id='word_1_258' title='bbox 3395 695 3589 747; x_wconf 89' lang='lat' dir='ltr'><strong>domus</strong></span> 
     </span>
    </p>
   </div>
   <div class='ocr_carea' id='block_1_35' title="bbox 2025 782 3590 852">
    <p class='ocr_par' dir='ltr' id='par_1_35' title="bbox 2025 782 3590 852">
     <span class='ocr_line' id='line_1_35' title="bbox 2025 782 3590 852; baseline 0.001 -17"><span class='ocrx_word' id='word_1_259' title='bbox 2025 782 2261 843; x_wconf 86' lang='lat' dir='ltr'><strong>lsraelis.</strong></span> <span class='ocrx_word' id='word_1_260' title='bbox 2299 783 2400 835; x_wconf 91' lang='lat' dir='ltr'><strong>nisi</strong></span> <span class='ocrx_word' id='word_1_261' title='bbox 2433 791 2655 852; x_wconf 91' lang='lat' dir='ltr'><strong>propter</strong></span> <span class='ocrx_word' id='word_1_262' title='bbox 2685 797 2883 837; x_wconf 90' lang='lat' dir='ltr'><strong>nomen</strong></span> <span class='ocrx_word' id='word_1_263' title='bbox 2917 793 3167 837; x_wconf 88' lang='lat' dir='ltr'><strong>sanctum</strong></span> <span class='ocrx_word' id='word_1_264' title='bbox 3208 799 3408 848; x_wconf 91' lang='lat' dir='ltr'><strong>meum,</strong></span> <span class='ocrx_word' id='word_1_265' title='bbox 3442 784 3590 852; x_wconf 79' lang='lat' dir='ltr'><strong>quod</strong></span> 
     </span>
    </p>
   </div>
   <div class='ocr_carea' id='block_1_36' title="bbox 2025 875 3589 945">
    <p class='ocr_par' dir='ltr' id='par_1_36' title="bbox 2025 875 3589 945">
     <span class='ocr_line' id='line_1_36' title="bbox 2025 875 3589 945; baseline 0 -20"><span class='ocrx_word' id='word_1_266' title='bbox 2025 875 2295 943; x_wconf 90' lang='lat' dir='ltr'><strong>polluistis</strong></span> <span class='ocrx_word' id='word_1_267' title='bbox 2323 875 2465 928; x_wconf 88' lang='lat' dir='ltr'><strong>inter</strong></span> <span class='ocrx_word' id='word_1_268' title='bbox 2493 884 2700 944; x_wconf 90' lang='lat' dir='ltr'><strong>gentes.</strong></span> <span class='ocrx_word' id='word_1_269' title='bbox 2750 890 2859 944; x_wconf 89' lang='lat' dir='ltr'><strong>quo</strong></span> <span class='ocrx_word' id='word_1_270' title='bbox 2892 875 3117 945; x_wconf 88' lang='lat' dir='ltr'><strong>ingressi</strong></span> <span class='ocrx_word' id='word_1_271' title='bbox 3145 875 3276 928; x_wconf 82' lang='lat' dir='ltr'><strong>estis</strong></span> <span class='ocrx_word' id='word_1_272' title='bbox 3321 875 3466 928; x_wconf 90' lang='lat' dir='ltr'><strong>illuc.</strong></span> <span class='ocrx_word' id='word_1_273' title='bbox 3497 875 3589 927; x_wconf 67' lang='lat'><strong>25.</strong></span> 
     </span>
    </p>
   </div>
   <div class='ocr_carea' id='block_1_37' title="bbox 2026 968 3593 1037">
    <p class='ocr_par' dir='ltr' id='par_1_37' title="bbox 2026 968 3593 1037">
     <span class='ocr_line' id='line_1_37' title="bbox 2026 968 3593 1037; baseline -0.001 -15"><span class='ocrx_word' id='word_1_274' title='bbox 2026 968 2090 1023; x_wconf 80' lang='lat' dir='ltr'><strong>Et</strong></span> <span class='ocrx_word' id='word_1_275' title='bbox 2121 968 2479 1022; x_wconf 84' lang='lat' dir='ltr'><strong>sanctificabo</strong></span> <span class='ocrx_word' id='word_1_276' title='bbox 2519 984 2714 1022; x_wconf 90' lang='lat' dir='ltr'><strong>nomen</strong></span> <span class='ocrx_word' id='word_1_277' title='bbox 2749 985 2928 1022; x_wconf 87' lang='lat' dir='ltr'><strong>meutn</strong></span> <span class='ocrx_word' id='word_1_278' title='bbox 2963 984 3240 1035; x_wconf 68' lang='lat' dir='ltr'><strong>magnum,</strong></span> <span class='ocrx_word' id='word_1_279' title='bbox 3277 970 3417 1037; x_wconf 91' lang='lat' dir='ltr'><strong>quod</strong></span> <span class='ocrx_word' id='word_1_280' title='bbox 3468 985 3593 1036; x_wconf 70' lang='lat' dir='ltr'><strong>pro-</strong></span> 
     </span>
    </p>
   </div>
   <div class='ocr_carea' id='block_1_38' title="bbox 2025 1060 3593 1131">
    <p class='ocr_par' dir='ltr' id='par_1_38' title="bbox 2025 1060 3593 1131">
     <span class='ocr_line' id='line_1_38' title="bbox 2025 1060 3593 1131; baseline 0.001 -18"><span class='ocrx_word' id='word_1_281' title='bbox 2025 1060 2267 1114; x_wconf 86' lang='lat' dir='ltr'><strong>fanatum</strong></span> <span class='ocrx_word' id='word_1_282' title='bbox 2299 1070 2383 1116; x_wconf 87' lang='lat' dir='ltr'><strong>est</strong></span> <span class='ocrx_word' id='word_1_283' title='bbox 2426 1061 2566 1117; x_wconf 87' lang='lat' dir='ltr'><strong>inter</strong></span> <span class='ocrx_word' id='word_1_284' title='bbox 2600 1072 2806 1130; x_wconf 80' lang='lat' dir='ltr'><strong>gentes,</strong></span> <span class='ocrx_word' id='word_1_285' title='bbox 2835 1062 2982 1131; x_wconf 93' lang='lat' dir='ltr'><strong>quod</strong></span> <span class='ocrx_word' id='word_1_286' title='bbox 3014 1063 3284 1130; x_wconf 88' lang='lat' dir='ltr'><strong>polluistis</strong></span> <span class='ocrx_word' id='word_1_287' title='bbox 3315 1063 3366 1116; x_wconf 90' lang='lat' dir='ltr'><strong>in</strong></span> <span class='ocrx_word' id='word_1_288' title='bbox 3411 1063 3593 1116; x_wconf 90' lang='lat' dir='ltr'><strong>medio</strong></span> 
     </span>
    </p>
   </div>
   <div class='ocr_carea' id='block_1_39' title="bbox 2022 1152 3594 1222">
    <p class='ocr_par' dir='ltr' id='par_1_39' title="bbox 2022 1152 3594 1222">
     <span class='ocr_line' id='line_1_39' title="bbox 2022 1152 3594 1222; baseline 0.003 -19"><span class='ocrx_word' id='word_1_289' title='bbox 2022 1161 2236 1214; x_wconf 81' lang='lat' dir='ltr'><strong>earum,</strong></span> <span class='ocrx_word' id='word_1_290' title='bbox 2266 1163 2318 1206; x_wconf 86' lang='lat' dir='ltr'><strong>et</strong></span> <span class='ocrx_word' id='word_1_291' title='bbox 2347 1152 2520 1206; x_wconf 89' lang='lat' dir='ltr'><strong>scient</strong></span> <span class='ocrx_word' id='word_1_292' title='bbox 2541 1163 2748 1222; x_wconf 81' lang='lat' dir='ltr'><strong>gentes,</strong></span> <span class='ocrx_word' id='word_1_293' title='bbox 2780 1153 2926 1220; x_wconf 90' lang='lat' dir='ltr'><strong>quod</strong></span> <span class='ocrx_word' id='word_1_294' title='bbox 2955 1169 3056 1222; x_wconf 87' lang='lat' dir='ltr'><strong>ego</strong></span> <span class='ocrx_word' id='word_1_295' title='bbox 3077 1169 3195 1206; x_wconf 90' lang='lat' dir='ltr'><strong>sum</strong></span> <span class='ocrx_word' id='word_1_296' title='bbox 3225 1153 3505 1217; x_wconf 87' lang='lat' dir='ltr'><strong>Dominus,</strong></span> <span class='ocrx_word' id='word_1_297' title='bbox 3525 1157 3594 1222; x_wconf 55' lang='grc' dir='ltr'><strong>Χ</strong></span> 
     </span>
    </p>
   </div>
   <div class='ocr_carea' id='block_1_40' title="bbox 2024 1243 3594 1314">
    <p class='ocr_par' dir='ltr' id='par_1_40' title="bbox 2024 1243 3594 1314">
     <span class='ocr_line' id='line_1_40' title="bbox 2024 1243 3594 1314; baseline 0.002 -19"><span class='ocrx_word' id='word_1_298' title='bbox 2024 1243 2156 1296; x_wconf 90' lang='lat' dir='ltr'><strong>dicit</strong></span> <span class='ocrx_word' id='word_1_299' title='bbox 2193 1244 2401 1297; x_wconf 78' lang='lat' dir='ltr'><strong>Adonai</strong></span> <span class='ocrx_word' id='word_1_300' title='bbox 2440 1244 2702 1298; x_wconf 86' lang='lat' dir='ltr'><strong>Dominus</strong></span> <span class='ocrx_word' id='word_1_301' title='bbox 2733 1245 2779 1314; x_wconf 73' lang='grc' dir='ltr'><strong>ζ,</strong></span> <span class='ocrx_word' id='word_1_302' title='bbox 2809 1259 2932 1298; x_wconf 92' lang='lat' dir='ltr'><strong>cum</strong></span> <span class='ocrx_word' id='word_1_303' title='bbox 2959 1245 3332 1300; x_wconf 87' lang='lat' dir='ltr'><strong>sanctificatus</strong></span> <span class='ocrx_word' id='word_1_304' title='bbox 3357 1245 3510 1300; x_wconf 84' lang='lat' dir='ltr'><strong>fuero</strong></span> <span class='ocrx_word' id='word_1_305' title='bbox 3539 1248 3594 1299; x_wconf 88' lang='lat' dir='ltr'><strong>iu</strong></span> 
     </span>
    </p>
   </div>
   <div class='ocr_carea' id='block_1_41' title="bbox 2023 1335 3597 1406">
    <p class='ocr_par' dir='ltr' id='par_1_41' title="bbox 2023 1335 3597 1406">
     <span class='ocr_line' id='line_1_41' title="bbox 2023 1335 3597 1406; baseline 0.001 -19"><span class='ocrx_word' id='word_1_306' title='bbox 2023 1335 2181 1389; x_wconf 89' lang='lat' dir='ltr'><strong>vobis</strong></span> <span class='ocrx_word' id='word_1_307' title='bbox 2207 1345 2330 1389; x_wconf 87' lang='lat' dir='ltr'><strong>ante</strong></span> <span class='ocrx_word' id='word_1_308' title='bbox 2351 1336 2542 1390; x_wconf 92' lang='lat' dir='ltr'><strong>oculos</strong></span> <span class='ocrx_word' id='word_1_309' title='bbox 2575 1351 2788 1399; x_wconf 88' lang='lat' dir='ltr'><strong>earum,</strong></span> <span class='ocrx_word' id='word_1_310' title='bbox 2824 1335 2914 1389; x_wconf 69' lang='lat'><strong>24.</strong></span> <span class='ocrx_word' id='word_1_311' title='bbox 2947 1346 2999 1390; x_wconf 90' lang='lat' dir='ltr'><strong>et</strong></span> <span class='ocrx_word' id='word_1_312' title='bbox 3040 1337 3222 1390; x_wconf 91' lang='lat' dir='ltr'><strong>tollam</strong></span> <span class='ocrx_word' id='word_1_313' title='bbox 3258 1353 3352 1390; x_wconf 90' lang='lat' dir='ltr'><strong>vos</strong></span> <span class='ocrx_word' id='word_1_314' title='bbox 3376 1337 3440 1391; x_wconf 86' lang='lat' dir='ltr'><strong>de</strong></span> <span class='ocrx_word' id='word_1_315' title='bbox 3464 1355 3597 1406; x_wconf 85' lang='lat' dir='ltr'><strong>gen-</strong></span> 
     </span>
    </p>
   </div>
   <div class='ocr_carea' id='block_1_42' title="bbox 2027 1426 3597 1496">
    <p class='ocr_par' dir='ltr' id='par_1_42' title="bbox 2027 1426 3597 1496">
     <span class='ocr_line' id='line_1_42' title="bbox 2027 1426 3597 1496; baseline 0.001 -16"><span class='ocrx_word' id='word_1_316' title='bbox 2027 1426 2194 1488; x_wconf 89' lang='lat' dir='ltr'><strong>tibus,</strong></span> <span class='ocrx_word' id='word_1_317' title='bbox 2247 1436 2300 1480; x_wconf 89' lang='lat' dir='ltr'><strong>et</strong></span> <span class='ocrx_word' id='word_1_318' title='bbox 2344 1428 2684 1496; x_wconf 80' lang='lat' dir='ltr'><strong>congregaho</strong></span> <span class='ocrx_word' id='word_1_319' title='bbox 2724 1443 2820 1482; x_wconf 90' lang='lat' dir='ltr'><strong>vos</strong></span> <span class='ocrx_word' id='word_1_320' title='bbox 2885 1443 2951 1482; x_wconf 80' lang='lat' dir='ltr'><strong>ex</strong></span> <span class='ocrx_word' id='word_1_321' title='bbox 3004 1429 3259 1482; x_wconf 88' lang='lat' dir='ltr'><strong>omnibus</strong></span> <span class='ocrx_word' id='word_1_322' title='bbox 3309 1430 3490 1494; x_wconf 85' lang='lat' dir='ltr'><strong>terris,</strong></span> <span class='ocrx_word' id='word_1_323' title='bbox 3543 1440 3597 1483; x_wconf 88' lang='lat' dir='ltr'><strong>et</strong></span> 
     </span>
    </p>
   </div>
   <div class='ocr_carea' id='block_1_43' title="bbox 2025 1517 3594 1589">
    <p class='ocr_par' dir='ltr' id='par_1_43' title="bbox 2025 1517 3594 1589">
     <span class='ocr_line' id='line_1_43' title="bbox 2025 1517 3594 1589; baseline 0 -18"><span class='ocrx_word' id='word_1_324' title='bbox 2025 1517 2366 1572; x_wconf 88' lang='lat' dir='ltr'><strong>introducam</strong></span> <span class='ocrx_word' id='word_1_325' title='bbox 2403 1534 2497 1572; x_wconf 89' lang='lat' dir='ltr'><strong>vos</strong></span> <span class='ocrx_word' id='word_1_326' title='bbox 2529 1518 2581 1570; x_wconf 93' lang='lat' dir='ltr'><strong>in</strong></span> <span class='ocrx_word' id='word_1_327' title='bbox 2601 1526 2801 1571; x_wconf 87' lang='lat' dir='ltr'><strong>terram</strong></span> <span class='ocrx_word' id='word_1_328' title='bbox 2833 1519 3202 1582; x_wconf 69' lang='lat' dir='ltr'><strong>vestram,25.</strong></span> <span class='ocrx_word' id='word_1_329' title='bbox 3235 1528 3288 1573; x_wconf 86' lang='lat' dir='ltr'><strong>et</strong></span> <span class='ocrx_word' id='word_1_330' title='bbox 3309 1535 3594 1589; x_wconf 85' lang='lat' dir='ltr'><strong>aspergam</strong></span> 
     </span>
    </p>
   </div>
   <div class='ocr_carea' id='block_1_44' title="bbox 2024 1609 3597 1678">
    <p class='ocr_par' dir='ltr' id='par_1_44' title="bbox 2024 1609 3597 1678">
     <span class='ocr_line' id='line_1_44' title="bbox 2024 1609 3597 1678; baseline -0.001 -15"><span class='ocrx_word' id='word_1_331' title='bbox 2024 1624 2187 1678; x_wconf 83' lang='lat' dir='ltr'><strong>super</strong></span> <span class='ocrx_word' id='word_1_332' title='bbox 2219 1623 2319 1664; x_wconf 89' lang='lat' dir='ltr'><strong>vos</strong></span> <span class='ocrx_word' id='word_1_333' title='bbox 2389 1623 2586 1678; x_wconf 90' lang='lat' dir='ltr'><strong>aquam</strong></span> <span class='ocrx_word' id='word_1_334' title='bbox 2639 1609 2920 1674; x_wconf 84' lang='lat' dir='ltr'><strong>mundam,</strong></span> <span class='ocrx_word' id='word_1_335' title='bbox 2969 1618 3024 1664; x_wconf 90' lang='lat' dir='ltr'><strong>et</strong></span> <span class='ocrx_word' id='word_1_336' title='bbox 3083 1610 3480 1663; x_wconf 86' lang='lat' dir='ltr'><strong>mundabimini</strong></span> <span class='ocrx_word' id='word_1_337' title='bbox 3526 1610 3597 1662; x_wconf 86' lang='lat' dir='ltr'><strong>ab</strong></span> 
     </span>
    </p>
   </div>
   <div class='ocr_carea' id='block_1_45' title="bbox 2025 1699 3597 1765">
    <p class='ocr_par' dir='ltr' id='par_1_45' title="bbox 2025 1699 3597 1765">
     <span class='ocr_line' id='line_1_45' title="bbox 2025 1699 3597 1765; baseline 0 -11"><span class='ocrx_word' id='word_1_338' title='bbox 2025 1701 2282 1756; x_wconf 87' lang='lat' dir='ltr'><strong>omnibus</strong></span> <span class='ocrx_word' id='word_1_339' title='bbox 2327 1700 2689 1755; x_wconf 88' lang='lat' dir='ltr'><strong>immunditiis</strong></span> <span class='ocrx_word' id='word_1_340' title='bbox 2720 1701 2934 1765; x_wconf 84' lang='lat' dir='ltr'><strong>vestris,</strong></span> <span class='ocrx_word' id='word_1_341' title='bbox 2961 1709 3016 1753; x_wconf 89' lang='lat' dir='ltr'><strong>et</strong></span> <span class='ocrx_word' id='word_1_342' title='bbox 3061 1699 3128 1753; x_wconf 89' lang='lat' dir='ltr'><strong>ab</strong></span> <span class='ocrx_word' id='word_1_343' title='bbox 3158 1700 3412 1754; x_wconf 89' lang='lat' dir='ltr'><strong>omnibus</strong></span> <span class='ocrx_word' id='word_1_344' title='bbox 3438 1700 3597 1754; x_wconf 89' lang='lat' dir='ltr'><strong>idolis</strong></span> 
     </span>
    </p>
   </div>
   <div class='ocr_carea' id='block_1_46' title="bbox 2027 1784 3596 1856">
    <p class='ocr_par' dir='ltr' id='par_1_46' title="bbox 2027 1784 3596 1856">
     <span class='ocr_line' id='line_1_46' title="bbox 2027 1784 3596 1856; baseline -0.002 -11"><span class='ocrx_word' id='word_1_345' title='bbox 2027 1792 2225 1847; x_wconf 77' lang='lat' dir='ltr'><strong>vestris</strong></span> <span class='ocrx_word' id='word_1_346' title='bbox 2255 1792 2529 1846; x_wconf 89' lang='lat' dir='ltr'><strong>mundabo</strong></span> <span class='ocrx_word' id='word_1_347' title='bbox 2553 1809 2667 1847; x_wconf 84' lang='lat' dir='ltr'><strong>vos.</strong></span> <span class='ocrx_word' id='word_1_348' title='bbox 2688 1791 2778 1846; x_wconf 70' lang='grc'><strong>26.</strong></span> <span class='ocrx_word' id='word_1_349' title='bbox 2811 1791 2876 1845; x_wconf 85' lang='lat' dir='ltr'><strong>Et</strong></span> <span class='ocrx_word' id='word_1_350' title='bbox 2903 1784 3046 1846; x_wconf 88' lang='lat' dir='ltr'><strong>dabo</strong></span> <span class='ocrx_word' id='word_1_351' title='bbox 3077 1792 3232 1844; x_wconf 92' lang='lat' dir='ltr'><strong>vobis</strong></span> <span class='ocrx_word' id='word_1_352' title='bbox 3251 1807 3344 1844; x_wconf 92' lang='lat' dir='ltr'><strong>cor</strong></span> <span class='ocrx_word' id='word_1_353' title='bbox 3373 1806 3596 1856; x_wconf 79' lang='lat' dir='ltr'><strong>novum,</strong></span> 
     </span>
    </p>
   </div>
   <div class='ocr_carea' id='block_1_47' title="bbox 2025 1882 3597 1952">
    <p class='ocr_par' dir='ltr' id='par_1_47' title="bbox 2025 1882 3597 1952">
     <span class='ocr_line' id='line_1_47' title="bbox 2025 1882 3597 1952; baseline -0.002 -15"><span class='ocrx_word' id='word_1_354' title='bbox 2025 1891 2080 1936; x_wconf 92' lang='lat' dir='ltr'><strong>et</strong></span> <span class='ocrx_word' id='word_1_355' title='bbox 2125 1883 2378 1952; x_wconf 90' lang='lat' dir='ltr'><strong>spiritum</strong></span> <span class='ocrx_word' id='word_1_356' title='bbox 2426 1891 2624 1937; x_wconf 69' lang='lat' dir='ltr'><strong>noVum</strong></span> <span class='ocrx_word' id='word_1_357' title='bbox 2656 1883 2798 1936; x_wconf 84' lang='lat' dir='ltr'><strong>dabo</strong></span> <span class='ocrx_word' id='word_1_358' title='bbox 2827 1882 2880 1935; x_wconf 91' lang='lat' dir='ltr'><strong>in</strong></span> <span class='ocrx_word' id='word_1_359' title='bbox 2910 1882 3086 1946; x_wconf 87' lang='lat' dir='ltr'><strong>vobis,</strong></span> <span class='ocrx_word' id='word_1_360' title='bbox 3116 1890 3171 1936; x_wconf 89' lang='lat' dir='ltr'><strong>et</strong></span> <span class='ocrx_word' id='word_1_361' title='bbox 3219 1883 3460 1935; x_wconf 86' lang='lat' dir='ltr'><strong>auferam</strong></span> <span class='ocrx_word' id='word_1_362' title='bbox 3501 1898 3597 1935; x_wconf 92' lang='lat' dir='ltr'><strong>cor</strong></span> 
     </span>
    </p>
   </div>
   <div class='ocr_carea' id='block_1_48' title="bbox 2026 1971 3602 2044">
    <p class='ocr_par' dir='ltr' id='par_1_48' title="bbox 2026 1971 3602 2044">
     <span class='ocr_line' id='line_1_48' title="bbox 2026 1971 3602 2044; baseline -0.003 -15"><span class='ocrx_word' id='word_1_363' title='bbox 2026 1973 2298 2044; x_wconf 90' lang='lat' dir='ltr'><strong>lapideum</strong></span> <span class='ocrx_word' id='word_1_364' title='bbox 2346 1974 2412 2030; x_wconf 90' lang='lat' dir='ltr'><strong>de</strong></span> <span class='ocrx_word' id='word_1_365' title='bbox 2439 1989 2607 2029; x_wconf 84' lang='lat' dir='ltr'><strong>carne</strong></span> <span class='ocrx_word' id='word_1_366' title='bbox 2648 1984 2850 2040; x_wconf 90' lang='lat' dir='ltr'><strong>vestra,</strong></span> <span class='ocrx_word' id='word_1_367' title='bbox 2895 1983 2948 2028; x_wconf 88' lang='lat' dir='ltr'><strong>et</strong></span> <span class='ocrx_word' id='word_1_368' title='bbox 2985 1973 3128 2027; x_wconf 89' lang='lat' dir='ltr'><strong>dabo</strong></span> <span class='ocrx_word' id='word_1_369' title='bbox 3155 1971 3307 2026; x_wconf 84' lang='lat' dir='ltr'><strong>vobis</strong></span> <span class='ocrx_word' id='word_1_370' title='bbox 3347 1987 3443 2026; x_wconf 91' lang='lat' dir='ltr'><strong>cor</strong></span> <span class='ocrx_word' id='word_1_371' title='bbox 3475 1987 3602 2026; x_wconf 86' lang='lat' dir='ltr'><strong>car-</strong></span> 
     </span>
    </p>
   </div>
   <div class='ocr_carea' id='block_1_49' title="bbox 2028 2063 3600 2140">
    <p class='ocr_par' dir='ltr' id='par_1_49' title="bbox 2028 2063 3600 2140">
     <span class='ocr_line' id='line_1_49' title="bbox 2028 2063 3600 2140; baseline -0.004 -19"><span class='ocrx_word' id='word_1_372' title='bbox 2028 2084 2210 2132; x_wconf 90' lang='lat' dir='ltr'><strong>neum,</strong></span> <span class='ocrx_word' id='word_1_373' title='bbox 2234 2066 2324 2120; x_wconf 77' lang='lat'><strong>9.7.</strong></span> <span class='ocrx_word' id='word_1_374' title='bbox 2347 2075 2402 2121; x_wconf 91' lang='lat' dir='ltr'><strong>et</strong></span> <span class='ocrx_word' id='word_1_375' title='bbox 2435 2066 2686 2136; x_wconf 90' lang='lat' dir='ltr'><strong>spiritum</strong></span> <span class='ocrx_word' id='word_1_376' title='bbox 2739 2080 2920 2119; x_wconf 90' lang='lat' dir='ltr'><strong>meum</strong></span> <span class='ocrx_word' id='word_1_377' title='bbox 2953 2064 3093 2140; x_wconf 87' lang='lat' dir='ltr'><strong>dabo</strong></span> <span class='ocrx_word' id='word_1_378' title='bbox 3123 2064 3177 2117; x_wconf 87' lang='lat' dir='ltr'><strong>in</strong></span> <span class='ocrx_word' id='word_1_379' title='bbox 3222 2064 3398 2121; x_wconf 86' lang='lat' dir='ltr'><strong>vobis.</strong></span> <span class='ocrx_word' id='word_1_380' title='bbox 3433 2073 3488 2118; x_wconf 90' lang='lat' dir='ltr'><strong>et</strong></span> <span class='ocrx_word' id='word_1_381' title='bbox 3516 2063 3600 2116; x_wconf 88' lang='lat' dir='ltr'><strong>fa-</strong></span> 
     </span>
    </p>
   </div>
   <div class='ocr_carea' id='block_1_50' title="bbox 1984 2155 3603 2228">
    <p class='ocr_par' dir='ltr' id='par_1_50' title="bbox 1984 2155 3603 2228">
     <span class='ocr_line' id='line_1_50' title="bbox 1984 2155 3603 2228; baseline -0.004 -14"><span class='ocrx_word' id='word_1_382' title='bbox 1984 2185 1996 2199; x_wconf 79' lang='grc' dir='ltr'><strong>ο</strong></span> <span class='ocrx_word' id='word_1_383' title='bbox 2026 2160 2188 2224; x_wconf 89' lang='lat' dir='ltr'><strong>ciam,</strong></span> <span class='ocrx_word' id='word_1_384' title='bbox 2224 2168 2284 2213; x_wconf 91' lang='lat' dir='ltr'><strong>ut</strong></span> <span class='ocrx_word' id='word_1_385' title='bbox 2307 2159 2360 2214; x_wconf 92' lang='lat' dir='ltr'><strong>in</strong></span> <span class='ocrx_word' id='word_1_386' title='bbox 2387 2157 2876 2228; x_wconf 86' lang='lat' dir='ltr'><strong>justiticationibus</strong></span> <span class='ocrx_word' id='word_1_387' title='bbox 2899 2157 3034 2211; x_wconf 90' lang='lat' dir='ltr'><strong>meis</strong></span> <span class='ocrx_word' id='word_1_388' title='bbox 3053 2156 3344 2209; x_wconf 84' lang='lat' dir='ltr'><strong>ambuletis</strong></span> <span class='ocrx_word' id='word_1_389' title='bbox 3379 2165 3431 2208; x_wconf 89' lang='lat' dir='ltr'><strong>et</strong></span> <span class='ocrx_word' id='word_1_390' title='bbox 3451 2155 3603 2224; x_wconf 81' lang='lat' dir='ltr'><strong>judi-</strong></span> 
     </span>
    </p>
   </div>
   <div class='ocr_carea' id='block_1_51' title="bbox 2026 2245 3604 2332">
    <p class='ocr_par' dir='ltr' id='par_1_51' title="bbox 2026 2245 3604 2332">
     <span class='ocr_line' id='line_1_51' title="bbox 2026 2245 3604 2332; baseline -0.005 -27"><span class='ocrx_word' id='word_1_391' title='bbox 2026 2253 2112 2305; x_wconf 89' lang='lat' dir='ltr'><strong>cia</strong></span> <span class='ocrx_word' id='word_1_392' title='bbox 2146 2266 2266 2304; x_wconf 90' lang='lat' dir='ltr'><strong>mea</strong></span> <span class='ocrx_word' id='word_1_393' title='bbox 2299 2250 2642 2332; x_wconf 68' lang='lat' dir='ltr'><strong>custodiatis,</strong></span> <span class='ocrx_word' id='word_1_394' title='bbox 2671 2259 2727 2303; x_wconf 89' lang='lat' dir='ltr'><strong>et</strong></span> <span class='ocrx_word' id='word_1_395' title='bbox 2761 2249 2974 2303; x_wconf 78' lang='lat' dir='ltr'><strong>faciatis</strong></span> <span class='ocrx_word' id='word_1_396' title='bbox 2996 2262 3080 2300; x_wconf 91' lang='lat' dir='ltr'><strong>ea.</strong></span> <span class='ocrx_word' id='word_1_397' title='bbox 3109 2245 3199 2301; x_wconf 75' lang='lat'><strong>28.</strong></span> <span class='ocrx_word' id='word_1_398' title='bbox 3231 2245 3298 2300; x_wconf 86' lang='lat' dir='ltr'><strong>Et</strong></span> <span class='ocrx_word' id='word_1_399' title='bbox 3330 2245 3604 2300; x_wconf 57' lang='lat' dir='ltr'><strong>habitabi-o</strong></span> 
     </span>
    </p>
   </div>
   <div class='ocr_carea' id='block_1_52' title="bbox 2031 2336 3603 2411">
    <p class='ocr_par' dir='ltr' id='par_1_52' title="bbox 2031 2336 3603 2411">
     <span class='ocr_line' id='line_1_52' title="bbox 2031 2336 3603 2411; baseline -0.003 -17"><span class='ocrx_word' id='word_1_400' title='bbox 2031 2341 2102 2396; x_wconf 93' lang='lat' dir='ltr'><strong>tis</strong></span> <span class='ocrx_word' id='word_1_401' title='bbox 2157 2356 2320 2411; x_wconf 89' lang='lat' dir='ltr'><strong>super</strong></span> <span class='ocrx_word' id='word_1_402' title='bbox 2366 2350 2533 2407; x_wconf 89' lang='lat' dir='ltr'><strong>terra,</strong></span> <span class='ocrx_word' id='word_1_403' title='bbox 2588 2355 2753 2410; x_wconf 91' lang='lat' dir='ltr'><strong>quam</strong></span> <span class='ocrx_word' id='word_1_404' title='bbox 2797 2339 2920 2393; x_wconf 90' lang='lat' dir='ltr'><strong>dedi</strong></span> <span class='ocrx_word' id='word_1_405' title='bbox 2975 2336 3225 2407; x_wconf 88' lang='lat' dir='ltr'><strong>patribus</strong></span> <span class='ocrx_word' id='word_1_406' title='bbox 3271 2336 3504 2399; x_wconf 77' lang='lat' dir='ltr'><strong>vestris,</strong></span> <span class='ocrx_word' id='word_1_407' title='bbox 3546 2343 3603 2390; x_wconf 87' lang='lat' dir='ltr'><strong>et</strong></span> 
     </span>
    </p>
   </div>
   <div class='ocr_carea' id='block_1_53' title="bbox 1978 2428 3596 2507">
    <p class='ocr_par' dir='ltr' id='par_1_53' title="bbox 1978 2428 3596 2507">
     <span class='ocr_line' id='line_1_53' title="bbox 1978 2428 3596 2507; baseline -0.005 -18"><span class='ocrx_word' id='word_1_408' title='bbox 1978 2442 1983 2484; x_wconf 80' lang='grc' dir='ltr'>ἰ</span> <span class='ocrx_word' id='word_1_409' title='bbox 2028 2434 2183 2489; x_wconf 87' lang='lat' dir='ltr'><strong>eritis</strong></span> <span class='ocrx_word' id='word_1_410' title='bbox 2211 2435 2344 2488; x_wconf 92' lang='lat' dir='ltr'><strong>mihi</strong></span> <span class='ocrx_word' id='word_1_411' title='bbox 2371 2434 2423 2487; x_wconf 92' lang='lat' dir='ltr'><strong>in</strong></span> <span class='ocrx_word' id='word_1_412' title='bbox 2462 2432 2747 2507; x_wconf 67' lang='lat' dir='ltr'><strong>pppulum,</strong></span> <span class='ocrx_word' id='word_1_413' title='bbox 2777 2442 2830 2486; x_wconf 89' lang='lat' dir='ltr'><strong>et</strong></span> <span class='ocrx_word' id='word_1_414' title='bbox 2861 2447 2962 2501; x_wconf 85' lang='lat' dir='ltr'><strong>ego</strong></span> <span class='ocrx_word' id='word_1_415' title='bbox 3000 2445 3094 2485; x_wconf 88' lang='lat' dir='ltr'><strong>ero</strong></span> <span class='ocrx_word' id='word_1_416' title='bbox 3122 2429 3276 2483; x_wconf 85' lang='lat' dir='ltr'><strong>vobis</strong></span> <span class='ocrx_word' id='word_1_417' title='bbox 3319 2429 3371 2481; x_wconf 91' lang='lat' dir='ltr'><strong>in</strong></span> <span class='ocrx_word' id='word_1_418' title='bbox 3402 2428 3596 2482; x_wconf 71' lang='lat' dir='ltr'><strong>Deum.</strong></span> 
     </span>
    </p>
   </div>
   <div class='ocr_carea' id='block_1_54' title="bbox 2027 2518 3597 2582">
    <p class='ocr_par' dir='ltr' id='par_1_54' title="bbox 2027 2518 3597 2582">
     <span class='ocr_line' id='line_1_54' title="bbox 2027 2518 3597 2582; baseline -0.003 -2"><span class='ocrx_word' id='word_1_419' title='bbox 2027 2526 2118 2582; x_wconf 70' lang='lat'><strong>29.</strong></span> <span class='ocrx_word' id='word_1_420' title='bbox 2146 2525 2210 2579; x_wconf 83' lang='lat' dir='ltr'><strong>Et</strong></span> <span class='ocrx_word' id='word_1_421' title='bbox 2230 2525 2450 2580; x_wconf 91' lang='lat' dir='ltr'><strong>salvabo</strong></span> <span class='ocrx_word' id='word_1_422' title='bbox 2477 2540 2575 2578; x_wconf 92' lang='lat' dir='ltr'><strong>vos</strong></span> <span class='ocrx_word' id='word_1_423' title='bbox 2597 2540 2662 2579; x_wconf 81' lang='lat' dir='ltr'><strong>ex</strong></span> <span class='ocrx_word' id='word_1_424' title='bbox 2696 2522 2952 2578; x_wconf 90' lang='lat' dir='ltr'><strong>omnibus</strong></span> <span class='ocrx_word' id='word_1_425' title='bbox 2981 2518 3346 2575; x_wconf 90' lang='lat' dir='ltr'><strong>immunditiis</strong></span> <span class='ocrx_word' id='word_1_426' title='bbox 3379 2519 3597 2575; x_wconf 87' lang='lat' dir='ltr'><strong>vestris.</strong></span> 
     </span>
    </p>
   </div>
   <div class='ocr_carea' id='block_1_55' title="bbox 2029 2610 3600 2706">
    <p class='ocr_par' dir='ltr' id='par_1_55' title="bbox 2029 2610 3600 2706">
     <span class='ocr_line' id='line_1_55' title="bbox 2029 2610 3600 2706; baseline -0.007 -32"><span class='ocrx_word' id='word_1_427' title='bbox 2029 2630 2083 2674; x_wconf 84' lang='lat' dir='ltr'><strong>et</strong></span> <span class='ocrx_word' id='word_1_428' title='bbox 2115 2617 2320 2672; x_wconf 86' lang='lat' dir='ltr'><strong>vocabo</strong></span> <span class='ocrx_word' id='word_1_429' title='bbox 2360 2617 2713 2706; x_wconf 70' lang='lat' dir='ltr'><strong>frumentum,</strong></span> <span class='ocrx_word' id='word_1_430' title='bbox 2747 2615 2836 2668; x_wconf 78' lang='lat'><strong>30.</strong></span> <span class='ocrx_word' id='word_1_431' title='bbox 2866 2624 2919 2669; x_wconf 90' lang='lat' dir='ltr'><strong>et</strong></span> <span class='ocrx_word' id='word_1_432' title='bbox 2948 2610 3323 2680; x_wconf 87' lang='lat' dir='ltr'><strong>multiplicabo</strong></span> <span class='ocrx_word' id='word_1_433' title='bbox 3364 2610 3518 2672; x_wconf 88' lang='lat' dir='ltr'><strong>illud,</strong></span> <span class='ocrx_word' id='word_1_434' title='bbox 3545 2619 3600 2664; x_wconf 81' lang='lat' dir='ltr'><strong>et</strong></span> 
     </span>
    </p>
   </div>
   <div class='ocr_carea' id='block_1_56' title="bbox 2031 2703 3596 2781">
    <p class='ocr_par' dir='ltr' id='par_1_56' title="bbox 2031 2703 3596 2781">
     <span class='ocr_line' id='line_1_56' title="bbox 2031 2703 3596 2781; baseline -0.006 -13"><span class='ocrx_word' id='word_1_435' title='bbox 2031 2729 2138 2768; x_wconf 87' lang='lat' dir='ltr'><strong>non</strong></span> <span class='ocrx_word' id='word_1_436' title='bbox 2156 2713 2298 2768; x_wconf 90' lang='lat' dir='ltr'><strong>dabo</strong></span> <span class='ocrx_word' id='word_1_437' title='bbox 2325 2727 2488 2781; x_wconf 89' lang='lat' dir='ltr'><strong>super</strong></span> <span class='ocrx_word' id='word_1_438' title='bbox 2509 2726 2605 2765; x_wconf 89' lang='lat' dir='ltr'><strong>vos</strong></span> <span class='ocrx_word' id='word_1_439' title='bbox 2628 2703 2822 2763; x_wconf 81' lang='lat' dir='ltr'><strong>famem</strong></span> <span class='ocrx_word' id='word_1_440' title='bbox 2851 2727 2862 2762; x_wconf 92' lang='lat'>:</span> <span class='ocrx_word' id='word_1_441' title='bbox 2893 2719 2946 2763; x_wconf 91' lang='lat' dir='ltr'><strong>et</strong></span> <span class='ocrx_word' id='word_1_442' title='bbox 2972 2705 3344 2776; x_wconf 87' lang='lat' dir='ltr'><strong>multiplicabo</strong></span> <span class='ocrx_word' id='word_1_443' title='bbox 3357 2703 3596 2759; x_wconf 84' lang='lat' dir='ltr'><strong>fructum</strong></span> 
     </span>
    </p>
   </div>
   <div class='ocr_carea' id='block_1_57' title="bbox 350 2789 3602 2883">
    <p class='ocr_par' dir='ltr' id='par_1_57' title="bbox 350 2789 3602 2883">
     <span class='ocr_line' id='line_1_57' title="bbox 350 2789 3602 2883; baseline -0.004 -23"><span class='ocrx_word' id='word_1_444' title='bbox 350 2817 440 2861; x_wconf 89' lang='lat' dir='ltr'><strong>tur</strong></span> <span class='ocrx_word' id='word_1_445' title='bbox 472 2809 521 2877; x_wconf 71' lang='grc' dir='ltr'><strong>ζ,</strong></span> <span class='ocrx_word' id='word_1_446' title='bbox 550 2817 603 2861; x_wconf 92' lang='lat' dir='ltr'><strong>et</strong></span> <span class='ocrx_word' id='word_1_447' title='bbox 632 2807 877 2861; x_wconf 89' lang='lat' dir='ltr'><strong>habitare</strong></span> <span class='ocrx_word' id='word_1_448' title='bbox 911 2803 1104 2860; x_wconf 78' lang='lat' dir='ltr'><strong>faciam</strong></span> <span class='ocrx_word' id='word_1_449' title='bbox 1139 2822 1258 2870; x_wconf 86' lang='lat' dir='ltr'><strong>vos,</strong></span> <span class='ocrx_word' id='word_1_450' title='bbox 1291 2808 1432 2861; x_wconf 88' lang='lat' dir='ltr'><strong>sicut</strong></span> <span class='ocrx_word' id='word_1_451' title='bbox 1454 2807 1693 2862; x_wconf 88' lang='lat' dir='ltr'><strong>abinitio</strong></span> <span class='ocrx_word' id='word_1_452' title='bbox 1719 2818 1919 2873; x_wconf 85' lang='lat' dir='ltr'><strong>vestro,</strong></span> <span class='ocrx_word' id='word_1_453' title='bbox 2030 2806 2182 2875; x_wconf 89' lang='lat' dir='ltr'><strong>ligni.</strong></span> <span class='ocrx_word' id='word_1_454' title='bbox 2219 2806 2292 2876; x_wconf 83' lang='lat' dir='ltr'><strong>(q)</strong></span> <span class='ocrx_word' id='word_1_455' title='bbox 2336 2816 2390 2860; x_wconf 86' lang='lat' dir='ltr'><strong>et</strong></span> <span class='ocrx_word' id='word_1_456' title='bbox 2438 2811 2733 2874; x_wconf 89' lang='lat' dir='ltr'><strong>proventus</strong></span> <span class='ocrx_word' id='word_1_457' title='bbox 2763 2799 2899 2871; x_wconf 90' lang='lat' dir='ltr'><strong>agri,</strong></span> <span class='ocrx_word' id='word_1_458' title='bbox 2929 2809 2988 2853; x_wconf 88' lang='lat' dir='ltr'><strong>ut</strong></span> <span class='ocrx_word' id='word_1_459' title='bbox 3028 2814 3096 2853; x_wconf 91' lang='lat' dir='ltr'><strong>ne</strong></span> <span class='ocrx_word' id='word_1_460' title='bbox 3131 2797 3355 2867; x_wconf 90' lang='lat' dir='ltr'><strong>portetis</strong></span> <span class='ocrx_word' id='word_1_461' title='bbox 3384 2799 3451 2864; x_wconf 64' lang='grc' dir='ltr'><strong><em>χ</em></strong></span> <span class='ocrx_word' id='word_1_462' title='bbox 3483 2811 3602 2848; x_wconf 84' lang='lat' dir='ltr'><strong>am—</strong></span> 
     </span>
    </p>
   </div>
   <div class='ocr_carea' id='block_1_58' title="bbox 348 2886 3600 2968">
    <p class='ocr_par' dir='ltr' id='par_1_58' title="bbox 348 2886 3600 2968">
     <span class='ocr_line' id='line_1_58' title="bbox 348 2886 3600 2968; baseline -0.003 -17"><span class='ocrx_word' id='word_1_463' title='bbox 348 2908 404 2953; x_wconf 83' lang='lat' dir='ltr'><strong>et</strong></span> <span class='ocrx_word' id='word_1_464' title='bbox 440 2899 577 2953; x_wconf 87' lang='lat' dir='ltr'><strong>bene</strong></span> <span class='ocrx_word' id='word_1_465' title='bbox 612 2894 806 2953; x_wconf 91' lang='lat' dir='ltr'><strong>faciam</strong></span> <span class='ocrx_word' id='word_1_466' title='bbox 841 2897 1018 2962; x_wconf 89' lang='lat' dir='ltr'><strong>vobis,</strong></span> <span class='ocrx_word' id='word_1_467' title='bbox 1072 2898 1146 2967; x_wconf 91' lang='grc' dir='ltr'><strong>(ο)</strong></span> <span class='ocrx_word' id='word_1_468' title='bbox 1178 2897 1319 2953; x_wconf 89' lang='lat' dir='ltr'><strong>sicut</strong></span> <span class='ocrx_word' id='word_1_469' title='bbox 1358 2899 1427 2952; x_wconf 93' lang='lat' dir='ltr'><strong>ab</strong></span> <span class='ocrx_word' id='word_1_470' title='bbox 1458 2899 1686 2968; x_wconf 86' lang='lat' dir='ltr'><strong>antiquo</strong></span> <span class='ocrx_word' id='word_1_471' title='bbox 1719 2910 1919 2968; x_wconf 86' lang='lat' dir='ltr'><strong>vestro,</strong></span> <span class='ocrx_word' id='word_1_472' title='bbox 1967 2891 1992 2926; x_wconf 74' lang='lat'><strong>&quot;</strong></span> <span class='ocrx_word' id='word_1_473' title='bbox 2031 2899 2176 2968; x_wconf 90' lang='lat' dir='ltr'><strong>plius</strong></span> <span class='ocrx_word' id='word_1_474' title='bbox 2210 2899 2233 2966; x_wconf 70' lang='grc' dir='ltr'>ζ</span> <span class='ocrx_word' id='word_1_475' title='bbox 2278 2894 2638 2966; x_wconf 89' lang='lat' dir='ltr'><strong>opprobrium</strong></span> <span class='ocrx_word' id='word_1_476' title='bbox 2676 2887 2843 2946; x_wconf 90' lang='lat' dir='ltr'><strong>famis</strong></span> <span class='ocrx_word' id='word_1_477' title='bbox 2876 2892 3016 2945; x_wconf 90' lang='lat' dir='ltr'><strong>inter</strong></span> <span class='ocrx_word' id='word_1_478' title='bbox 3045 2899 3256 2960; x_wconf 78' lang='lat' dir='ltr'><strong>gentes.</strong></span> <span class='ocrx_word' id='word_1_479' title='bbox 3289 2889 3377 2942; x_wconf 84' lang='grc'><strong>51.</strong></span> <span class='ocrx_word' id='word_1_480' title='bbox 3411 2886 3475 2940; x_wconf 81' lang='lat' dir='ltr'><strong>Et</strong></span> <span class='ocrx_word' id='word_1_481' title='bbox 3515 2903 3600 2941; x_wconf 47' lang='lat' dir='ltr'><strong>res</strong></span> 
     </span>
    </p>
   </div>
   <div class='ocr_carea' id='block_1_59' title="bbox 349 2979 3601 3077">
    <p class='ocr_par' dir='ltr' id='par_1_59' title="bbox 349 2979 3601 3077">
     <span class='ocr_line' id='line_1_59' title="bbox 349 2979 3601 3077; baseline -0.004 -32"><span class='ocrx_word' id='word_1_482' title='bbox 349 3000 405 3045; x_wconf 87' lang='lat' dir='ltr'><strong>et</strong></span> <span class='ocrx_word' id='word_1_483' title='bbox 433 2990 639 3056; x_wconf 88' lang='lat' dir='ltr'><strong>scietis,</strong></span> <span class='ocrx_word' id='word_1_484' title='bbox 666 2991 812 3060; x_wconf 89' lang='lat' dir='ltr'><strong>quod</strong></span> <span class='ocrx_word' id='word_1_485' title='bbox 840 3004 939 3060; x_wconf 87' lang='lat' dir='ltr'><strong>ego</strong></span> <span class='ocrx_word' id='word_1_486' title='bbox 963 3005 1083 3044; x_wconf 91' lang='lat' dir='ltr'><strong>sum</strong></span> <span class='ocrx_word' id='word_1_487' title='bbox 1119 2989 1403 3045; x_wconf 90' lang='lat' dir='ltr'><strong>Dominus.</strong></span> <span class='ocrx_word' id='word_1_488' title='bbox 1437 2990 1525 3044; x_wconf 72' lang='lat'><strong>12.</strong></span> <span class='ocrx_word' id='word_1_489' title='bbox 1561 2990 1624 3044; x_wconf 87' lang='lat' dir='ltr'><strong>Et</strong></span> <span class='ocrx_word' id='word_1_490' title='bbox 1651 2992 1922 3060; x_wconf 88' lang='lat' dir='ltr'><strong>generaho</strong></span> <span class='ocrx_word' id='word_1_491' title='bbox 1951 3020 1992 3077; x_wconf 68' lang='grc' dir='ltr'>ο</span> <span class='ocrx_word' id='word_1_492' title='bbox 2030 2989 2392 3046; x_wconf 90' lang='lat' dir='ltr'><strong>cordabimini</strong></span> <span class='ocrx_word' id='word_1_493' title='bbox 2423 2989 2634 3042; x_wconf 89' lang='lat' dir='ltr'><strong>viarum</strong></span> <span class='ocrx_word' id='word_1_494' title='bbox 2666 2995 2966 3040; x_wconf 88' lang='lat' dir='ltr'><strong>vestrarum</strong></span> <span class='ocrx_word' id='word_1_495' title='bbox 2995 2979 3280 3047; x_wconf 90' lang='lat' dir='ltr'><strong>malarum,</strong></span> <span class='ocrx_word' id='word_1_496' title='bbox 3315 2990 3366 3033; x_wconf 90' lang='lat' dir='ltr'><strong>et</strong></span> <span class='ocrx_word' id='word_1_497' title='bbox 3396 2981 3601 3034; x_wconf 61' lang='lat' dir='ltr'><strong>studioa</strong></span> 
     </span>
    </p>
   </div>
   <div class='ocr_carea' id='block_1_60' title="bbox 351 3081 1924 3155">
    <p class='ocr_par' dir='ltr' id='par_1_60' title="bbox 351 3081 1924 3155">
     <span class='ocr_line' id='line_1_60' title="bbox 351 3081 1924 3155; baseline -0.001 -15"><span class='ocrx_word' id='word_1_498' title='bbox 351 3101 514 3155; x_wconf 84' lang='lat' dir='ltr'><strong>super</strong></span> <span class='ocrx_word' id='word_1_499' title='bbox 541 3096 638 3139; x_wconf 86' lang='lat' dir='ltr'><strong>vos</strong></span> <span class='ocrx_word' id='word_1_500' title='bbox 674 3082 943 3148; x_wconf 87' lang='lat' dir='ltr'><strong>homines,</strong></span> <span class='ocrx_word' id='word_1_501' title='bbox 989 3083 1250 3154; x_wconf 77' lang='lat' dir='ltr'><strong>pupulum</strong></span> <span class='ocrx_word' id='word_1_502' title='bbox 1316 3099 1496 3137; x_wconf 91' lang='lat' dir='ltr'><strong>meum</strong></span> <span class='ocrx_word' id='word_1_503' title='bbox 1553 3081 1830 3148; x_wconf 86' lang='lat' dir='ltr'><strong>Israelem,</strong></span> <span class='ocrx_word' id='word_1_504' title='bbox 1868 3093 1924 3139; x_wconf 89' lang='lat' dir='ltr'><strong>et</strong></span> 
     </span>
    </p>
   </div>
   <div class='ocr_carea' id='block_1_61' title="bbox 351 3167 1924 3243">
    <p class='ocr_par' dir='ltr' id='par_1_61' title="bbox 351 3167 1924 3243">
     <span class='ocr_line' id='line_1_61' title="bbox 351 3167 1924 3243; baseline -0.001 -13"><span class='ocrx_word' id='word_1_505' title='bbox 351 3170 751 3230; x_wconf 73' lang='lat' dir='ltr'><strong>haereditahunt</strong></span> <span class='ocrx_word' id='word_1_506' title='bbox 780 3190 897 3238; x_wconf 89' lang='lat' dir='ltr'><strong>vos,</strong></span> <span class='ocrx_word' id='word_1_507' title='bbox 939 3185 994 3228; x_wconf 91' lang='lat' dir='ltr'><strong>et</strong></span> <span class='ocrx_word' id='word_1_508' title='bbox 1023 3167 1176 3228; x_wconf 84' lang='lat' dir='ltr'><strong>eritis</strong></span> <span class='ocrx_word' id='word_1_509' title='bbox 1203 3174 1283 3227; x_wconf 88' lang='lat' dir='ltr'><strong>eis</strong></span> <span class='ocrx_word' id='word_1_510' title='bbox 1317 3174 1368 3227; x_wconf 91' lang='lat' dir='ltr'><strong>in</strong></span> <span class='ocrx_word' id='word_1_511' title='bbox 1413 3174 1834 3243; x_wconf 85' lang='lat' dir='ltr'><strong>possessionem,</strong></span> <span class='ocrx_word' id='word_1_512' title='bbox 1869 3182 1924 3229; x_wconf 86' lang='lat' dir='ltr'><strong>et</strong></span> 
     </span>
    </p>
   </div>
   <div class='ocr_carea' id='block_1_62' title="bbox 349 3254 1924 3333">
    <p class='ocr_par' dir='ltr' id='par_1_62' title="bbox 349 3254 1924 3333">
     <span class='ocr_line' id='line_1_62' title="bbox 349 3254 1924 3333; baseline 0 -14"><span class='ocrx_word' id='word_1_513' title='bbox 349 3279 460 3320; x_wconf 92' lang='lat' dir='ltr'><strong>non</strong></span> <span class='ocrx_word' id='word_1_514' title='bbox 497 3264 706 3319; x_wconf 85' lang='lat' dir='ltr'><strong>addetis</strong></span> <span class='ocrx_word' id='word_1_515' title='bbox 755 3259 988 3333; x_wconf 90' lang='lat' dir='ltr'><strong>amplius</strong></span> <span class='ocrx_word' id='word_1_516' title='bbox 1023 3258 1206 3316; x_wconf 88' lang='lat' dir='ltr'><strong>orbari</strong></span> <span class='ocrx_word' id='word_1_517' title='bbox 1252 3257 1320 3315; x_wconf 89' lang='lat' dir='ltr'><strong>ab</strong></span> <span class='ocrx_word' id='word_1_518' title='bbox 1367 3263 1585 3317; x_wconf 63' lang='lat' dir='ltr'><strong>eis.13.</strong></span> <span class='ocrx_word' id='word_1_519' title='bbox 1631 3254 1754 3318; x_wconf 62' lang='lat' dir='ltr'><strong>llaec</strong></span> <span class='ocrx_word' id='word_1_520' title='bbox 1793 3265 1924 3319; x_wconf 93' lang='lat' dir='ltr'><strong>dicit</strong></span> 
     </span>
    </p>
   </div>
   <div class='ocr_carea' id='block_1_63' title="bbox 350 3347 1926 3425">
    <p class='ocr_par' dir='ltr' id='par_1_63' title="bbox 350 3347 1926 3425">
     <span class='ocr_line' id='line_1_63' title="bbox 350 3347 1926 3425; baseline 0.001 -18"><span class='ocrx_word' id='word_1_521' title='bbox 350 3353 611 3410; x_wconf 88' lang='lat' dir='ltr'><strong>Dominus</strong></span> <span class='ocrx_word' id='word_1_522' title='bbox 643 3353 906 3408; x_wconf 91' lang='lat' dir='ltr'><strong>Dominus</strong></span> <span class='ocrx_word' id='word_1_523' title='bbox 937 3372 949 3407; x_wconf 90' lang='lat'>:</span> <span class='ocrx_word' id='word_1_524' title='bbox 990 3347 1096 3406; x_wconf 86' lang='lat' dir='ltr'><strong>Pro</strong></span> <span class='ocrx_word' id='word_1_525' title='bbox 1128 3369 1194 3407; x_wconf 89' lang='lat' dir='ltr'><strong>eo</strong></span> <span class='ocrx_word' id='word_1_526' title='bbox 1222 3353 1367 3422; x_wconf 93' lang='lat' dir='ltr'><strong>quod</strong></span> <span class='ocrx_word' id='word_1_527' title='bbox 1389 3353 1646 3408; x_wconf 76' lang='lat' dir='ltr'><strong>dixerunt</strong></span> <span class='ocrx_word' id='word_1_528' title='bbox 1677 3353 1769 3408; x_wconf 87' lang='lat' dir='ltr'><strong>tibi</strong></span> <span class='ocrx_word' id='word_1_529' title='bbox 1801 3371 1926 3425; x_wconf 85' lang='lat' dir='ltr'><strong>gen-</strong></span> 
     </span>
    </p>
   </div>
   <div class='ocr_carea' id='block_1_64' title="bbox 354 3442 1922 3518">
    <p class='ocr_par' dir='ltr' id='par_1_64' title="bbox 354 3442 1922 3518">
     <span class='ocr_line' id='line_1_64' title="bbox 354 3442 1922 3518; baseline 0.003 -18"><span class='ocrx_word' id='word_1_530' title='bbox 354 3457 437 3501; x_wconf 91' lang='lat' dir='ltr'><strong>tes</strong></span> <span class='ocrx_word' id='word_1_531' title='bbox 470 3463 484 3500; x_wconf 89' lang='lat'><strong>:</strong></span> <span class='ocrx_word' id='word_1_532' title='bbox 515 3446 830 3500; x_wconf 77' lang='lat' dir='ltr'><strong>Devoratrix</strong></span> <span class='ocrx_word' id='word_1_533' title='bbox 856 3442 1141 3499; x_wconf 91' lang='lat' dir='ltr'><strong>hominum</strong></span> <span class='ocrx_word' id='word_1_534' title='bbox 1172 3461 1231 3500; x_wconf 89' lang='lat' dir='ltr'><strong>es</strong></span> <span class='ocrx_word' id='word_1_535' title='bbox 1260 3456 1336 3510; x_wconf 90' lang='lat' dir='ltr'><strong>tu,</strong></span> <span class='ocrx_word' id='word_1_536' title='bbox 1356 3454 1409 3500; x_wconf 91' lang='lat' dir='ltr'><strong>et</strong></span> <span class='ocrx_word' id='word_1_537' title='bbox 1435 3447 1568 3502; x_wconf 89' lang='lat' dir='ltr'><strong>orba</strong></span> <span class='ocrx_word' id='word_1_538' title='bbox 1592 3465 1619 3502; x_wconf 92' lang='lat' dir='ltr'><strong>a</strong></span> <span class='ocrx_word' id='word_1_539' title='bbox 1645 3457 1799 3518; x_wconf 82' lang='lat' dir='ltr'><strong>gente</strong></span> <span class='ocrx_word' id='word_1_540' title='bbox 1830 3459 1922 3505; x_wconf 85' lang='lat' dir='ltr'><strong>tua</strong></span> 
     </span>
    </p>
   </div>
   <div class='ocr_carea' id='block_1_65' title="bbox 353 3538 1923 3612">
    <p class='ocr_par' dir='ltr' id='par_1_65' title="bbox 353 3538 1923 3612">
     <span class='ocr_line' id='line_1_65' title="bbox 353 3538 1923 3612; baseline 0.004 -21"><span class='ocrx_word' id='word_1_541' title='bbox 353 3538 492 3592; x_wconf 84' lang='lat' dir='ltr'><strong>facta</strong></span> <span class='ocrx_word' id='word_1_542' title='bbox 516 3551 608 3604; x_wconf 87' lang='lat' dir='ltr'><strong>es;</strong></span> <span class='ocrx_word' id='word_1_543' title='bbox 644 3538 729 3592; x_wconf 76' lang='lat'><strong>11.</strong></span> <span class='ocrx_word' id='word_1_544' title='bbox 765 3538 840 3607; x_wconf 87' lang='grc' dir='ltr'><strong>(ρ)</strong></span> <span class='ocrx_word' id='word_1_545' title='bbox 875 3547 1095 3608; x_wconf 81' lang='lat' dir='ltr'><strong>propter</strong></span> <span class='ocrx_word' id='word_1_546' title='bbox 1129 3539 1230 3594; x_wconf 92' lang='lat' dir='ltr'><strong>hoc</strong></span> <span class='ocrx_word' id='word_1_547' title='bbox 1269 3539 1520 3596; x_wconf 89' lang='lat' dir='ltr'><strong>homines</strong></span> <span class='ocrx_word' id='word_1_548' title='bbox 1551 3557 1657 3594; x_wconf 92' lang='lat' dir='ltr'><strong>non</strong></span> <span class='ocrx_word' id='word_1_549' title='bbox 1689 3543 1923 3612; x_wconf 88' lang='lat' dir='ltr'><strong>amplius</strong></span> 
     </span>
    </p>
   </div>
   <div class='ocr_carea' id='block_1_66' title="bbox 351 3629 1925 3700">
    <p class='ocr_par' dir='ltr' id='par_1_66' title="bbox 351 3629 1925 3700">
     <span class='ocr_line' id='line_1_66' title="bbox 351 3629 1925 3700; baseline 0.003 -18"><span class='ocrx_word' id='word_1_550' title='bbox 351 3629 626 3693; x_wconf 67' lang='lat' dir='ltr'><strong>con-edes,</strong></span> <span class='ocrx_word' id='word_1_551' title='bbox 650 3636 704 3683; x_wconf 90' lang='lat' dir='ltr'><strong>et</strong></span> <span class='ocrx_word' id='word_1_552' title='bbox 733 3645 864 3700; x_wconf 90' lang='lat' dir='ltr'><strong>gens</strong></span> <span class='ocrx_word' id='word_1_553' title='bbox 897 3633 984 3683; x_wconf 91' lang='lat' dir='ltr'><strong>tua</strong></span> <span class='ocrx_word' id='word_1_554' title='bbox 1015 3644 1122 3682; x_wconf 91' lang='lat' dir='ltr'><strong>non</strong></span> <span class='ocrx_word' id='word_1_555' title='bbox 1158 3630 1373 3684; x_wconf 92' lang='lat' dir='ltr'><strong>orbahit</strong></span> <span class='ocrx_word' id='word_1_556' title='bbox 1399 3640 1450 3685; x_wconf 89' lang='lat' dir='ltr'><strong>te</strong></span> <span class='ocrx_word' id='word_1_557' title='bbox 1487 3631 1724 3700; x_wconf 89' lang='lat' dir='ltr'><strong>amplius</strong></span> <span class='ocrx_word' id='word_1_558' title='bbox 1754 3637 1840 3700; x_wconf 43' lang='grc' dir='ltr'><strong>μί,</strong></span> <span class='ocrx_word' id='word_1_559' title='bbox 1871 3643 1925 3687; x_wconf 90' lang='lat' dir='ltr'><strong>et</strong></span> 
     </span>
    </p>
   </div>
   <div class='ocr_carea' id='block_1_67' title="bbox 353 3716 1923 3791">
    <p class='ocr_par' dir='ltr' id='par_1_67' title="bbox 353 3716 1923 3791">
     <span class='ocr_line' id='line_1_67' title="bbox 353 3716 1923 3791; baseline 0.004 -17"><span class='ocrx_word' id='word_1_560' title='bbox 353 3737 483 3791; x_wconf 87' lang='lat' dir='ltr'><strong>gens</strong></span> <span class='ocrx_word' id='word_1_561' title='bbox 517 3729 607 3774; x_wconf 88' lang='lat' dir='ltr'><strong>tua</strong></span> <span class='ocrx_word' id='word_1_562' title='bbox 657 3737 761 3774; x_wconf 90' lang='lat' dir='ltr'><strong>non</strong></span> <span class='ocrx_word' id='word_1_563' title='bbox 795 3716 1083 3775; x_wconf 90' lang='lat' dir='ltr'><strong>orhabitur</strong></span> <span class='ocrx_word' id='word_1_564' title='bbox 1117 3721 1352 3789; x_wconf 88' lang='lat' dir='ltr'><strong>amplius</strong></span> <span class='ocrx_word' id='word_1_565' title='bbox 1398 3723 1445 3790; x_wconf 73' lang='grc' dir='ltr'><strong>ζ,</strong></span> <span class='ocrx_word' id='word_1_566' title='bbox 1473 3721 1607 3776; x_wconf 86' lang='lat' dir='ltr'><strong>dicit</strong></span> <span class='ocrx_word' id='word_1_567' title='bbox 1661 3722 1923 3780; x_wconf 84' lang='lat' dir='ltr'><strong>Dominus</strong></span> 
     </span>
    </p>
   </div>
   <div class='ocr_carea' id='block_1_68' title="bbox 356 3811 1924 3885">
    <p class='ocr_par' dir='ltr' id='par_1_68' title="bbox 356 3811 1924 3885">
     <span class='ocr_line' id='line_1_68' title="bbox 356 3811 1924 3885; baseline 0.005 -21"><span class='ocrx_word' id='word_1_568' title='bbox 356 3811 639 3867; x_wconf 84' lang='lat' dir='ltr'><strong>Dominus.</strong></span> <span class='ocrx_word' id='word_1_569' title='bbox 676 3812 763 3867; x_wconf 84' lang='lat'><strong>15.</strong></span> <span class='ocrx_word' id='word_1_570' title='bbox 807 3811 873 3865; x_wconf 79' lang='lat' dir='ltr'><strong>Et</strong></span> <span class='ocrx_word' id='word_1_571' title='bbox 919 3829 1024 3866; x_wconf 92' lang='lat' dir='ltr'><strong>non</strong></span> <span class='ocrx_word' id='word_1_572' title='bbox 1070 3813 1325 3867; x_wconf 86' lang='lat' dir='ltr'><strong>audietur</strong></span> <span class='ocrx_word' id='word_1_573' title='bbox 1372 3815 1607 3883; x_wconf 87' lang='lat' dir='ltr'><strong>amplius</strong></span> <span class='ocrx_word' id='word_1_574' title='bbox 1639 3832 1801 3885; x_wconf 91' lang='lat' dir='ltr'><strong>super</strong></span> <span class='ocrx_word' id='word_1_575' title='bbox 1827 3832 1924 3872; x_wconf 83' lang='lat' dir='ltr'><strong>vos</strong></span> 
     </span>
    </p>
   </div>
   <div class='ocr_carea' id='block_1_69' title="bbox 353 3904 1921 3975">
    <p class='ocr_par' dir='ltr' id='par_1_69' title="bbox 353 3904 1921 3975">
     <span class='ocr_line' id='line_1_69' title="bbox 353 3904 1921 3975; baseline 0.003 -19"><span class='ocrx_word' id='word_1_576' title='bbox 353 3911 664 3956; x_wconf 89' lang='lat' dir='ltr'><strong>contemtus</strong></span> <span class='ocrx_word' id='word_1_577' title='bbox 693 3905 957 3972; x_wconf 90' lang='lat' dir='ltr'><strong>gentium,</strong></span> <span class='ocrx_word' id='word_1_578' title='bbox 991 3911 1044 3956; x_wconf 90' lang='lat' dir='ltr'><strong>ct</strong></span> <span class='ocrx_word' id='word_1_579' title='bbox 1072 3904 1427 3972; x_wconf 88' lang='lat' dir='ltr'><strong>opprobrium</strong></span> <span class='ocrx_word' id='word_1_580' title='bbox 1459 3906 1782 3975; x_wconf 90' lang='lat' dir='ltr'><strong>p0pulorum</strong></span> <span class='ocrx_word' id='word_1_581' title='bbox 1814 3923 1921 3962; x_wconf 91' lang='lat' dir='ltr'><strong>non</strong></span> 
     </span>
    </p>
   </div>
   <div class='ocr_carea' id='block_1_70' title="bbox 355 3993 1925 4062">
    <p class='ocr_par' dir='ltr' id='par_1_70' title="bbox 355 3993 1925 4062">
     <span class='ocr_line' id='line_1_70' title="bbox 355 3993 1925 4062; baseline 0.002 -15"><span class='ocrx_word' id='word_1_582' title='bbox 355 3993 720 4054; x_wconf 84' lang='lat' dir='ltr'><strong>sustinebitis,</strong></span> <span class='ocrx_word' id='word_1_583' title='bbox 757 3996 822 4059; x_wconf 65' lang='lat' dir='ltr'>X</span> <span class='ocrx_word' id='word_1_584' title='bbox 847 4004 898 4046; x_wconf 87' lang='lat' dir='ltr'><strong>et</strong></span> <span class='ocrx_word' id='word_1_585' title='bbox 926 3994 1158 4062; x_wconf 88' lang='lat' dir='ltr'><strong>populus</strong></span> <span class='ocrx_word' id='word_1_586' title='bbox 1189 4003 1317 4048; x_wconf 87' lang='lat' dir='ltr'><strong>tuus</strong></span> <span class='ocrx_word' id='word_1_587' title='bbox 1352 4011 1457 4047; x_wconf 89' lang='lat' dir='ltr'><strong>non</strong></span> <span class='ocrx_word' id='word_1_588' title='bbox 1485 3995 1770 4049; x_wconf 85' lang='lat' dir='ltr'><strong>orhabitur</strong></span> <span class='ocrx_word' id='word_1_589' title='bbox 1808 4013 1925 4050; x_wconf 84' lang='lat' dir='ltr'><strong>ant-</strong></span> 
     </span>
    </p>
   </div>
   <div class='ocr_carea' id='block_1_71' title="bbox 353 4083 1926 4155">
    <p class='ocr_par' dir='ltr' id='par_1_71' title="bbox 353 4083 1926 4155">
     <span class='ocr_line' id='line_1_71' title="bbox 353 4083 1926 4155; baseline 0.003 -19"><span class='ocrx_word' id='word_1_590' title='bbox 353 4083 498 4155; x_wconf 88' lang='lat' dir='ltr'><strong>plius</strong></span> <span class='ocrx_word' id='word_1_591' title='bbox 537 4084 585 4153; x_wconf 70' lang='grc' dir='ltr'><strong>ζ,</strong></span> <span class='ocrx_word' id='word_1_592' title='bbox 623 4083 754 4137; x_wconf 89' lang='lat' dir='ltr'><strong>dicit</strong></span> <span class='ocrx_word' id='word_1_593' title='bbox 784 4083 1043 4138; x_wconf 88' lang='lat' dir='ltr'><strong>Dominus</strong></span> <span class='ocrx_word' id='word_1_594' title='bbox 1072 4084 1353 4140; x_wconf 83' lang='lat' dir='ltr'><strong>DOminus.</strong></span> <span class='ocrx_word' id='word_1_595' title='bbox 1390 4084 1473 4138; x_wconf 83' lang='grc'><strong>16.</strong></span> <span class='ocrx_word' id='word_1_596' title='bbox 1504 4085 1568 4139; x_wconf 86' lang='lat' dir='ltr'><strong>Et</strong></span> <span class='ocrx_word' id='word_1_597' title='bbox 1605 4084 1804 4140; x_wconf 84' lang='lat' dir='ltr'><strong>factum</strong></span> <span class='ocrx_word' id='word_1_598' title='bbox 1843 4096 1926 4140; x_wconf 84' lang='lat' dir='ltr'><strong>est</strong></span> 
     </span>
    </p>
   </div>
   <div class='ocr_carea' id='block_1_72' title="bbox 353 4171 1923 4245">
    <p class='ocr_par' dir='ltr' id='par_1_72' title="bbox 353 4171 1923 4245">
     <span class='ocr_line' id='line_1_72' title="bbox 353 4171 1923 4245; baseline 0.004 -20"><span class='ocrx_word' id='word_1_599' title='bbox 353 4173 577 4226; x_wconf 89' lang='lat' dir='ltr'><strong>verbum</strong></span> <span class='ocrx_word' id='word_1_600' title='bbox 617 4171 831 4226; x_wconf 89' lang='lat' dir='ltr'><strong>Domini</strong></span> <span class='ocrx_word' id='word_1_601' title='bbox 875 4173 941 4227; x_wconf 87' lang='lat' dir='ltr'><strong>ad</strong></span> <span class='ocrx_word' id='word_1_602' title='bbox 968 4189 1072 4238; x_wconf 90' lang='lat' dir='ltr'><strong>me,</strong></span> <span class='ocrx_word' id='word_1_603' title='bbox 1103 4173 1332 4229; x_wconf 91' lang='lat' dir='ltr'><strong>dicens:</strong></span> <span class='ocrx_word' id='word_1_604' title='bbox 1373 4173 1458 4228; x_wconf 88' lang='lat'><strong>17.</strong></span> <span class='ocrx_word' id='word_1_605' title='bbox 1510 4171 1609 4230; x_wconf 82' lang='lat' dir='ltr'><strong>Fili</strong></span> <span class='ocrx_word' id='word_1_606' title='bbox 1665 4178 1923 4245; x_wconf 87' lang='lat' dir='ltr'><strong>hominis,</strong></span> 
     </span>
    </p>
   </div>
   <div class='ocr_carea' id='block_1_73' title="bbox 354 4261 1924 4332">
    <p class='ocr_par' dir='ltr' id='par_1_73' title="bbox 354 4261 1924 4332">
     <span class='ocr_line' id='line_1_73' title="bbox 354 4261 1924 4332; baseline 0.003 -15"><span class='ocrx_word' id='word_1_607' title='bbox 354 4264 552 4318; x_wconf 90' lang='lat' dir='ltr'><strong>domus</strong></span> <span class='ocrx_word' id='word_1_608' title='bbox 584 4261 801 4317; x_wconf 88' lang='lat' dir='ltr'><strong>lsraelis</strong></span> <span class='ocrx_word' id='word_1_609' title='bbox 838 4263 1156 4317; x_wconf 89' lang='lat' dir='ltr'><strong>habitarunt</strong></span> <span class='ocrx_word' id='word_1_610' title='bbox 1188 4276 1350 4332; x_wconf 88' lang='lat' dir='ltr'><strong>super</strong></span> <span class='ocrx_word' id='word_1_611' title='bbox 1391 4273 1532 4318; x_wconf 89' lang='lat' dir='ltr'><strong>terra</strong></span> <span class='ocrx_word' id='word_1_612' title='bbox 1560 4281 1682 4328; x_wconf 89' lang='lat' dir='ltr'><strong>sua,</strong></span> <span class='ocrx_word' id='word_1_613' title='bbox 1711 4273 1764 4320; x_wconf 87' lang='lat' dir='ltr'><strong>et</strong></span> <span class='ocrx_word' id='word_1_614' title='bbox 1792 4282 1924 4321; x_wconf 90' lang='lat' dir='ltr'><strong>con-</strong></span> 
     </span>
    </p>
   </div>
   <div class='ocr_carea' id='block_1_74' title="bbox 2028 3071 3602 3145">
    <p class='ocr_par' dir='ltr' id='par_1_74' title="bbox 2028 3071 3602 3145">
     <span class='ocr_line' id='line_1_74' title="bbox 2028 3071 3602 3145; baseline -0.008 -8"><span class='ocrx_word' id='word_1_615' title='bbox 2028 3098 2148 3137; x_wconf 88' lang='lat' dir='ltr'><strong>rum</strong></span> <span class='ocrx_word' id='word_1_616' title='bbox 2191 3089 2494 3135; x_wconf 80' lang='lat' dir='ltr'><strong>vestrorum</strong></span> <span class='ocrx_word' id='word_1_617' title='bbox 2543 3093 2651 3132; x_wconf 92' lang='lat' dir='ltr'><strong>non</strong></span> <span class='ocrx_word' id='word_1_618' title='bbox 2685 3077 2977 3138; x_wconf 90' lang='lat' dir='ltr'><strong>bonorum,</strong></span> <span class='ocrx_word' id='word_1_619' title='bbox 3014 3077 3086 3145; x_wconf 90' lang='lat' dir='ltr'><strong>(r)</strong></span> <span class='ocrx_word' id='word_1_620' title='bbox 3134 3080 3188 3128; x_wconf 81' lang='lat' dir='ltr'><strong>cf.</strong></span> <span class='ocrx_word' id='word_1_621' title='bbox 3235 3071 3602 3126; x_wconf 86' lang='lat' dir='ltr'><strong>abominabilo</strong></span> 
     </span>
    </p>
   </div>
   <div class='ocr_carea' id='block_1_75' title="bbox 2027 3162 3598 3238">
    <p class='ocr_par' dir='ltr' id='par_1_75' title="bbox 2027 3162 3598 3238">
     <span class='ocr_line' id='line_1_75' title="bbox 2027 3162 3598 3238; baseline -0.004 -10"><span class='ocrx_word' id='word_1_622' title='bbox 2027 3173 2297 3228; x_wconf 87' lang='lat' dir='ltr'><strong>eritvobis</strong></span> <span class='ocrx_word' id='word_1_623' title='bbox 2319 3181 2444 3226; x_wconf 89' lang='lat' dir='ltr'><strong>ante</strong></span> <span class='ocrx_word' id='word_1_624' title='bbox 2471 3169 2664 3225; x_wconf 81' lang='lat' dir='ltr'><strong>faciem</strong></span> <span class='ocrx_word' id='word_1_625' title='bbox 2680 3183 2869 3223; x_wconf 91' lang='lat' dir='ltr'><strong>eorum</strong></span> <span class='ocrx_word' id='word_1_626' title='bbox 2899 3169 2952 3222; x_wconf 91' lang='lat' dir='ltr'><strong>in</strong></span> <span class='ocrx_word' id='word_1_627' title='bbox 2971 3162 3358 3238; x_wconf 83' lang='lat' dir='ltr'><strong>iniquitatibus</strong></span> <span class='ocrx_word' id='word_1_628' title='bbox 3378 3170 3598 3230; x_wconf 88' lang='lat' dir='ltr'><strong>vestris,</strong></span> 
     </span>
    </p>
   </div>
   <div class='ocr_carea' id='block_1_76' title="bbox 2028 3260 3598 3332">
    <p class='ocr_par' dir='ltr' id='par_1_76' title="bbox 2028 3260 3598 3332">
     <span class='ocr_line' id='line_1_76' title="bbox 2028 3260 3598 3332; baseline -0.002 -14"><span class='ocrx_word' id='word_1_629' title='bbox 2028 3272 2082 3318; x_wconf 90' lang='lat' dir='ltr'><strong>et</strong></span> <span class='ocrx_word' id='word_1_630' title='bbox 2138 3279 2305 3332; x_wconf 87' lang='lat' dir='ltr'><strong>super</strong></span> <span class='ocrx_word' id='word_1_631' title='bbox 2357 3260 2856 3316; x_wconf 89' lang='lat' dir='ltr'><strong>abominationibus</strong></span> <span class='ocrx_word' id='word_1_632' title='bbox 2928 3260 2996 3330; x_wconf 75' lang='grc' dir='ltr'><strong>(ε)</strong></span> <span class='ocrx_word' id='word_1_633' title='bbox 3057 3277 3269 3316; x_wconf 92' lang='lat' dir='ltr'><strong>eorum.</strong></span> <span class='ocrx_word' id='word_1_634' title='bbox 3319 3261 3407 3315; x_wconf 69' lang='lat'><strong>52.</strong></span> <span class='ocrx_word' id='word_1_635' title='bbox 3480 3261 3598 3315; x_wconf 77' lang='lat' dir='ltr'><strong>Non</strong></span> 
     </span>
    </p>
   </div>
   <div class='ocr_carea' id='block_1_77' title="bbox 2030 3348 3597 3423">
    <p class='ocr_par' dir='ltr' id='par_1_77' title="bbox 2030 3348 3597 3423">
     <span class='ocr_line' id='line_1_77' title="bbox 2030 3348 3597 3423; baseline -0.003 -16"><span class='ocrx_word' id='word_1_636' title='bbox 2030 3363 2249 3423; x_wconf 88' lang='lat' dir='ltr'><strong>propter</strong></span> <span class='ocrx_word' id='word_1_637' title='bbox 2302 3368 2396 3406; x_wconf 89' lang='lat' dir='ltr'><strong>vos</strong></span> <span class='ocrx_word' id='word_1_638' title='bbox 2440 3366 2541 3420; x_wconf 89' lang='lat' dir='ltr'><strong>ego</strong></span> <span class='ocrx_word' id='word_1_639' title='bbox 2592 3349 2756 3413; x_wconf 89' lang='lat' dir='ltr'><strong>facio,</strong></span> <span class='ocrx_word' id='word_1_640' title='bbox 2808 3349 2942 3403; x_wconf 90' lang='lat' dir='ltr'><strong>dicit</strong></span> <span class='ocrx_word' id='word_1_641' title='bbox 2993 3349 3256 3405; x_wconf 88' lang='lat' dir='ltr'><strong>Dominus</strong></span> <span class='ocrx_word' id='word_1_642' title='bbox 3310 3348 3597 3410; x_wconf 88' lang='lat' dir='ltr'><strong>Dominus.</strong></span> 
     </span>
    </p>
   </div>
   <div class='ocr_carea' id='block_1_78' title="bbox 2030 3439 3600 3508">
    <p class='ocr_par' dir='ltr' id='par_1_78' title="bbox 2030 3439 3600 3508">
     <span class='ocr_line' id='line_1_78' title="bbox 2030 3439 3600 3508; baseline -0.002 -12"><span class='ocrx_word' id='word_1_643' title='bbox 2030 3453 2218 3496; x_wconf 92' lang='lat' dir='ltr'><strong>notum</strong></span> <span class='ocrx_word' id='word_1_644' title='bbox 2248 3442 2352 3495; x_wconf 91' lang='lat' dir='ltr'><strong>erit</strong></span> <span class='ocrx_word' id='word_1_645' title='bbox 2402 3442 2554 3494; x_wconf 90' lang='lat' dir='ltr'><strong>vobis</strong></span> <span class='ocrx_word' id='word_1_646' title='bbox 2581 3454 2596 3492; x_wconf 87' lang='lat'><strong>:</strong></span> <span class='ocrx_word' id='word_1_647' title='bbox 2629 3439 2956 3504; x_wconf 89' lang='lat' dir='ltr'><strong>erubescite,</strong></span> <span class='ocrx_word' id='word_1_648' title='bbox 2984 3448 3038 3493; x_wconf 91' lang='lat' dir='ltr'><strong>et</strong></span> <span class='ocrx_word' id='word_1_649' title='bbox 3081 3440 3286 3508; x_wconf 80' lang='lat' dir='ltr'><strong>pudore</strong></span> <span class='ocrx_word' id='word_1_650' title='bbox 3319 3439 3600 3494; x_wconf 82' lang='lat' dir='ltr'><strong>allicimini</strong></span> 
     </span>
    </p>
   </div>
   <div class='ocr_carea' id='block_1_79' title="bbox 2029 3521 3599 3592">
    <p class='ocr_par' dir='ltr' id='par_1_79' title="bbox 2029 3521 3599 3592">
     <span class='ocr_line' id='line_1_79' title="bbox 2029 3521 3599 3592; baseline -0.002 -7"><span class='ocrx_word' id='word_1_651' title='bbox 2029 3532 2096 3586; x_wconf 88' lang='lat' dir='ltr'><strong>de</strong></span> <span class='ocrx_word' id='word_1_652' title='bbox 2142 3531 2246 3585; x_wconf 89' lang='lat' dir='ltr'><strong>viis</strong></span> <span class='ocrx_word' id='word_1_653' title='bbox 2276 3530 2493 3592; x_wconf 87' lang='lat' dir='ltr'><strong>vestris,</strong></span> <span class='ocrx_word' id='word_1_654' title='bbox 2539 3528 2737 3582; x_wconf 90' lang='lat' dir='ltr'><strong>domus</strong></span> <span class='ocrx_word' id='word_1_655' title='bbox 2767 3525 3000 3582; x_wconf 88' lang='lat' dir='ltr'><strong>lsraelis.</strong></span> <span class='ocrx_word' id='word_1_656' title='bbox 3046 3521 3136 3581; x_wconf 79' lang='lat'><strong>33.</strong></span> <span class='ocrx_word' id='word_1_657' title='bbox 3183 3524 3308 3580; x_wconf 79' lang='lat' dir='ltr'><strong>llzec</strong></span> <span class='ocrx_word' id='word_1_658' title='bbox 3355 3526 3491 3580; x_wconf 89' lang='lat' dir='ltr'><strong>dicit</strong></span> <span class='ocrx_word' id='word_1_659' title='bbox 3534 3526 3599 3591; x_wconf 80' lang='lat' dir='ltr'><strong>(tl</strong></span> 
     </span>
    </p>
   </div>
   <div class='ocr_carea' id='block_1_80' title="bbox 2029 3617 3602 3686">
    <p class='ocr_par' dir='ltr' id='par_1_80' title="bbox 2029 3617 3602 3686">
     <span class='ocr_line' id='line_1_80' title="bbox 2029 3617 3602 3686; baseline -0.004 -9"><span class='ocrx_word' id='word_1_660' title='bbox 2029 3622 2237 3678; x_wconf 84' lang='lat' dir='ltr'><strong>Adonai</strong></span> <span class='ocrx_word' id='word_1_661' title='bbox 2288 3621 2597 3674; x_wconf 89' lang='lat' dir='ltr'><strong>Dominus:</strong></span> <span class='ocrx_word' id='word_1_662' title='bbox 2635 3620 2692 3674; x_wconf 92' lang='lat' dir='ltr'><strong>In</strong></span> <span class='ocrx_word' id='word_1_663' title='bbox 2745 3618 2855 3683; x_wconf 90' lang='lat' dir='ltr'><strong>die,</strong></span> <span class='ocrx_word' id='word_1_664' title='bbox 2908 3633 3018 3686; x_wconf 93' lang='lat' dir='ltr'><strong>quo</strong></span> <span class='ocrx_word' id='word_1_665' title='bbox 3064 3617 3339 3672; x_wconf 89' lang='lat' dir='ltr'><strong>mundabo</strong></span> <span class='ocrx_word' id='word_1_666' title='bbox 3385 3633 3483 3670; x_wconf 91' lang='lat' dir='ltr'><strong>vos</strong></span> <span class='ocrx_word' id='word_1_667' title='bbox 3531 3617 3602 3670; x_wconf 91' lang='lat' dir='ltr'><strong>ab</strong></span> 
     </span>
    </p>
   </div>
   <div class='ocr_carea' id='block_1_81' title="bbox 2028 3706 3600 3781">
    <p class='ocr_par' dir='ltr' id='par_1_81' title="bbox 2028 3706 3600 3781">
     <span class='ocr_line' id='line_1_81' title="bbox 2028 3706 3600 3781; baseline -0.005 -13"><span class='ocrx_word' id='word_1_668' title='bbox 2028 3715 2283 3769; x_wconf 85' lang='lat' dir='ltr'><strong>omnibus</strong></span> <span class='ocrx_word' id='word_1_669' title='bbox 2325 3710 2704 3781; x_wconf 88' lang='lat' dir='ltr'><strong>iniquitatibus</strong></span> <span class='ocrx_word' id='word_1_670' title='bbox 2751 3710 2970 3773; x_wconf 86' lang='lat' dir='ltr'><strong>vestris,</strong></span> <span class='ocrx_word' id='word_1_671' title='bbox 3010 3717 3065 3763; x_wconf 92' lang='lat' dir='ltr'><strong>et</strong></span> <span class='ocrx_word' id='word_1_672' title='bbox 3115 3708 3347 3764; x_wconf 88' lang='lat' dir='ltr'><strong>habitari</strong></span> <span class='ocrx_word' id='word_1_673' title='bbox 3399 3706 3600 3761; x_wconf 87' lang='lat' dir='ltr'><strong>faciam</strong></span> 
     </span>
    </p>
   </div>
   <div class='ocr_carea' id='block_1_82' title="bbox 2032 3799 3603 3867">
    <p class='ocr_par' dir='ltr' id='par_1_82' title="bbox 2032 3799 3603 3867">
     <span class='ocr_line' id='line_1_82' title="bbox 2032 3799 3603 3867; baseline -0.003 -9"><span class='ocrx_word' id='word_1_674' title='bbox 2032 3801 2216 3866; x_wconf 83' lang='lat' dir='ltr'><strong>urbes,</strong></span> <span class='ocrx_word' id='word_1_675' title='bbox 2249 3813 2304 3857; x_wconf 90' lang='lat' dir='ltr'><strong>et</strong></span> <span class='ocrx_word' id='word_1_676' title='bbox 2325 3803 2742 3856; x_wconf 67' lang='lat' dir='ltr'><strong>aadificabuntur</strong></span> <span class='ocrx_word' id='word_1_677' title='bbox 2775 3799 3109 3867; x_wconf 71' lang='lat' dir='ltr'><strong>infrecunda,</strong></span> <span class='ocrx_word' id='word_1_678' title='bbox 3137 3800 3229 3854; x_wconf 66' lang='grc'><strong>54.</strong></span> <span class='ocrx_word' id='word_1_679' title='bbox 3257 3811 3312 3855; x_wconf 86' lang='lat' dir='ltr'><strong>et</strong></span> <span class='ocrx_word' id='word_1_680' title='bbox 3334 3806 3480 3855; x_wconf 90' lang='lat' dir='ltr'><strong>terra</strong></span> <span class='ocrx_word' id='word_1_681' title='bbox 3506 3799 3603 3853; x_wconf 62' lang='lat' dir='ltr'><strong>dea</strong></span> 
     </span>
    </p>
   </div>
   <div class='ocr_carea' id='block_1_83' title="bbox 2033 3890 3601 3964">
    <p class='ocr_par' dir='ltr' id='par_1_83' title="bbox 2033 3890 3601 3964">
     <span class='ocr_line' id='line_1_83' title="bbox 2033 3890 3601 3964; baseline -0.003 -16"><span class='ocrx_word' id='word_1_682' title='bbox 2033 3904 2258 3964; x_wconf 79' lang='lat' dir='ltr'><strong>pravata</strong></span> <span class='ocrx_word' id='word_1_683' title='bbox 2301 3896 2539 3957; x_wconf 90' lang='lat' dir='ltr'><strong>coletur,</strong></span> <span class='ocrx_word' id='word_1_684' title='bbox 2585 3908 2682 3962; x_wconf 90' lang='lat' dir='ltr'><strong>pro</strong></span> <span class='ocrx_word' id='word_1_685' title='bbox 2721 3905 2788 3945; x_wconf 90' lang='lat' dir='ltr'><strong>eo</strong></span> <span class='ocrx_word' id='word_1_686' title='bbox 2829 3891 2974 3960; x_wconf 89' lang='lat' dir='ltr'><strong>quod</strong></span> <span class='ocrx_word' id='word_1_687' title='bbox 3021 3890 3265 3944; x_wconf 87' lang='lat' dir='ltr'><strong>desolata</strong></span> <span class='ocrx_word' id='word_1_688' title='bbox 3311 3899 3426 3944; x_wconf 88' lang='lat' dir='ltr'><strong>erat</strong></span> <span class='ocrx_word' id='word_1_689' title='bbox 3474 3899 3601 3944; x_wconf 89' lang='lat' dir='ltr'><strong>ante</strong></span> 
     </span>
    </p>
   </div>
   <div class='ocr_carea' id='block_1_84' title="bbox 2029 3979 3600 4046">
    <p class='ocr_par' dir='ltr' id='par_1_84' title="bbox 2029 3979 3600 4046">
     <span class='ocr_line' id='line_1_84' title="bbox 2029 3979 3600 4046; baseline -0.005 -6"><span class='ocrx_word' id='word_1_690' title='bbox 2029 3988 2219 4040; x_wconf 88' lang='lat' dir='ltr'><strong>oculos</strong></span> <span class='ocrx_word' id='word_1_691' title='bbox 2264 3985 2445 4039; x_wconf 87' lang='lat' dir='ltr'><strong>omnis</strong></span> <span class='ocrx_word' id='word_1_692' title='bbox 2489 3984 2738 4046; x_wconf 90' lang='lat' dir='ltr'><strong>viatoris,</strong></span> <span class='ocrx_word' id='word_1_693' title='bbox 2773 3983 2862 4036; x_wconf 76' lang='lat'><strong>35.</strong></span> <span class='ocrx_word' id='word_1_694' title='bbox 2917 3991 2971 4035; x_wconf 88' lang='lat' dir='ltr'><strong>et</strong></span> <span class='ocrx_word' id='word_1_695' title='bbox 3011 3981 3196 4035; x_wconf 88' lang='lat' dir='ltr'><strong>dicent</strong></span> <span class='ocrx_word' id='word_1_696' title='bbox 3235 3997 3248 4032; x_wconf 90' lang='lat'><strong>:</strong></span> <span class='ocrx_word' id='word_1_697' title='bbox 3296 3979 3464 4034; x_wconf 86' lang='lat' dir='ltr'><strong>Terra</strong></span> <span class='ocrx_word' id='word_1_698' title='bbox 3511 3981 3600 4034; x_wconf 88' lang='lat' dir='ltr'><strong>illa</strong></span> 
     </span>
    </p>
   </div>
   <div class='ocr_carea' id='block_1_85' title="bbox 2028 4074 3599 4148">
    <p class='ocr_par' dir='ltr' id='par_1_85' title="bbox 2028 4074 3599 4148">
     <span class='ocr_line' id='line_1_85' title="bbox 2028 4074 3599 4148; baseline -0.003 -15"><span class='ocrx_word' id='word_1_699' title='bbox 2028 4078 2320 4148; x_wconf 88' lang='lat' dir='ltr'><strong>depravata</strong></span> <span class='ocrx_word' id='word_1_700' title='bbox 2353 4077 2494 4131; x_wconf 90' lang='lat' dir='ltr'><strong>facta</strong></span> <span class='ocrx_word' id='word_1_701' title='bbox 2525 4085 2631 4141; x_wconf 80' lang='lat' dir='ltr'><strong>est,</strong></span> <span class='ocrx_word' id='word_1_702' title='bbox 2664 4081 2725 4129; x_wconf 91' lang='lat' dir='ltr'><strong>ut</strong></span> <span class='ocrx_word' id='word_1_703' title='bbox 2754 4075 2946 4128; x_wconf 90' lang='lat' dir='ltr'><strong>hortus</strong></span> <span class='ocrx_word' id='word_1_704' title='bbox 2975 4074 3316 4136; x_wconf 85' lang='lat' dir='ltr'><strong>deliciarum,</strong></span> <span class='ocrx_word' id='word_1_705' title='bbox 3353 4085 3406 4128; x_wconf 82' lang='lat' dir='ltr'><strong>et</strong></span> <span class='ocrx_word' id='word_1_706' title='bbox 3439 4075 3599 4128; x_wconf 87' lang='lat' dir='ltr'><strong>urbes</strong></span> 
     </span>
    </p>
   </div>
   <div class='ocr_carea' id='block_1_86' title="bbox 2029 4166 3600 4238">
    <p class='ocr_par' dir='ltr' id='par_1_86' title="bbox 2029 4166 3600 4238">
     <span class='ocr_line' id='line_1_86' title="bbox 2029 4166 3600 4238; baseline -0.002 -16"><span class='ocrx_word' id='word_1_707' title='bbox 2029 4179 2271 4233; x_wconf 68' lang='lat' dir='ltr'><strong>vastataa,</strong></span> <span class='ocrx_word' id='word_1_708' title='bbox 2302 4177 2356 4224; x_wconf 89' lang='lat' dir='ltr'><strong>et</strong></span> <span class='ocrx_word' id='word_1_709' title='bbox 2394 4168 2718 4238; x_wconf 70' lang='lat' dir='ltr'><strong>depravatae,</strong></span> <span class='ocrx_word' id='word_1_710' title='bbox 2763 4175 2817 4220; x_wconf 91' lang='lat' dir='ltr'><strong>et</strong></span> <span class='ocrx_word' id='word_1_711' title='bbox 2862 4166 3156 4232; x_wconf 57' lang='lat' dir='ltr'><strong>subversa’,</strong></span> <span class='ocrx_word' id='word_1_712' title='bbox 3188 4167 3412 4219; x_wconf 74' lang='lat' dir='ltr'><strong>munita:</strong></span> <span class='ocrx_word' id='word_1_713' title='bbox 3442 4166 3600 4220; x_wconf 74' lang='lat' dir='ltr'><strong>Sedc-</strong></span> 
     </span>
    </p>
   </div>
   <div class='ocr_carea' id='block_1_87' title="bbox 2031 4255 3600 4327">
    <p class='ocr_par' dir='ltr' id='par_1_87' title="bbox 2031 4255 3600 4327">
     <span class='ocr_line' id='line_1_87' title="bbox 2031 4255 3600 4327; baseline -0.004 -12"><span class='ocrx_word' id='word_1_714' title='bbox 2031 4269 2177 4315; x_wconf 92' lang='lat' dir='ltr'><strong>runt.</strong></span> <span class='ocrx_word' id='word_1_715' title='bbox 2225 4255 2312 4313; x_wconf 78' lang='lat'><strong>36.</strong></span> <span class='ocrx_word' id='word_1_716' title='bbox 2355 4257 2422 4312; x_wconf 83' lang='lat' dir='ltr'><strong>Et</strong></span> <span class='ocrx_word' id='word_1_717' title='bbox 2464 4259 2640 4313; x_wconf 90' lang='lat' dir='ltr'><strong>scient</strong></span> <span class='ocrx_word' id='word_1_718' title='bbox 2677 4265 2865 4327; x_wconf 88' lang='lat' dir='ltr'><strong>gentes</strong></span> <span class='ocrx_word' id='word_1_719' title='bbox 2904 4272 3116 4321; x_wconf 88' lang='lat' dir='ltr'><strong>omnes,</strong></span> <span class='ocrx_word' id='word_1_720' title='bbox 3165 4272 3285 4325; x_wconf 75' lang='lat' dir='ltr'><strong>qua:</strong></span> <span class='ocrx_word' id='word_1_721' title='bbox 3329 4257 3600 4310; x_wconf 67' lang='lat' dir='ltr'><strong>derelictae</strong></span> 
     </span>
    </p>
   </div>
   <div class='ocr_carea' id='block_1_88' title="bbox 356 4346 3601 4430">
    <p class='ocr_par' dir='ltr' id='par_1_88' title="bbox 356 4346 3601 4430">
     <span class='ocr_line' id='line_1_88' title="bbox 356 4346 3601 4430; baseline -0.003 -24"><span class='ocrx_word' id='word_1_722' title='bbox 356 4353 694 4406; x_wconf 86' lang='lat' dir='ltr'><strong>taminarunt</strong></span> <span class='ocrx_word' id='word_1_723' title='bbox 725 4369 842 4406; x_wconf 90' lang='lat' dir='ltr'><strong>eam</strong></span> <span class='ocrx_word' id='word_1_724' title='bbox 872 4354 923 4406; x_wconf 90' lang='lat' dir='ltr'><strong>in</strong></span> <span class='ocrx_word' id='word_1_725' title='bbox 957 4353 1060 4408; x_wconf 87' lang='lat' dir='ltr'><strong>viis</strong></span> <span class='ocrx_word' id='word_1_726' title='bbox 1087 4354 1223 4417; x_wconf 91' lang='lat' dir='ltr'><strong>suis,</strong></span> <span class='ocrx_word' id='word_1_727' title='bbox 1251 4365 1305 4408; x_wconf 89' lang='lat' dir='ltr'><strong>et</strong></span> <span class='ocrx_word' id='word_1_728' title='bbox 1337 4355 1386 4407; x_wconf 92' lang='lat' dir='ltr'><strong>in</strong></span> <span class='ocrx_word' id='word_1_729' title='bbox 1418 4354 1577 4409; x_wconf 81' lang='lat' dir='ltr'><strong>idolis</strong></span> <span class='ocrx_word' id='word_1_730' title='bbox 1610 4357 1747 4420; x_wconf 86' lang='lat' dir='ltr'><strong>suis,</strong></span> <span class='ocrx_word' id='word_1_731' title='bbox 1780 4365 1841 4411; x_wconf 69' lang='grc' dir='ltr'><strong>σε-</strong></span> <span class='ocrx_word' id='word_1_732' title='bbox 1870 4369 1922 4412; x_wconf 86' lang='lat' dir='ltr'><strong>et</strong></span> <span class='ocrx_word' id='word_1_733' title='bbox 1955 4373 2000 4430; x_wconf 79' lang='grc' dir='ltr'><strong>ο</strong></span> <span class='ocrx_word' id='word_1_734' title='bbox 2030 4351 2230 4406; x_wconf 90' lang='lat' dir='ltr'><strong>fuerint</strong></span> <span class='ocrx_word' id='word_1_735' title='bbox 2252 4349 2394 4403; x_wconf 87' lang='lat' dir='ltr'><strong>circa</strong></span> <span class='ocrx_word' id='word_1_736' title='bbox 2445 4363 2566 4412; x_wconf 84' lang='lat' dir='ltr'><strong>vos,</strong></span> <span class='ocrx_word' id='word_1_737' title='bbox 2607 4348 2752 4418; x_wconf 91' lang='lat' dir='ltr'><strong>quod</strong></span> <span class='ocrx_word' id='word_1_738' title='bbox 2785 4362 2884 4417; x_wconf 89' lang='lat' dir='ltr'><strong>ego</strong></span> <span class='ocrx_word' id='word_1_739' title='bbox 2919 4347 3181 4400; x_wconf 90' lang='lat' dir='ltr'><strong>Dominus</strong></span> <span class='ocrx_word' id='word_1_740' title='bbox 3213 4346 3478 4400; x_wconf 66' lang='grc' dir='ltr'><strong>ειιιιὶίίςειιί</strong></span> <span class='ocrx_word' id='word_1_741' title='bbox 3509 4346 3601 4398; x_wconf 84' lang='lat' dir='ltr'><strong>de-</strong></span> 
     </span>
    </p>
   </div>
   <div class='ocr_carea' id='block_1_89' title="bbox 355 4443 1923 4514">
    <p class='ocr_par' dir='ltr' id='par_1_89' title="bbox 355 4443 1923 4514">
     <span class='ocr_line' id='line_1_89' title="bbox 355 4443 1923 4514; baseline 0.001 -18"><span class='ocrx_word' id='word_1_742' title='bbox 355 4444 409 4496; x_wconf 92' lang='lat' dir='ltr'><strong>in</strong></span> <span class='ocrx_word' id='word_1_743' title='bbox 447 4443 806 4498; x_wconf 89' lang='lat' dir='ltr'><strong>immunditiis</strong></span> <span class='ocrx_word' id='word_1_744' title='bbox 839 4444 955 4498; x_wconf 90' lang='lat' dir='ltr'><strong>suis</strong></span> <span class='ocrx_word' id='word_1_745' title='bbox 990 4445 1013 4514; x_wconf 71' lang='grc' dir='ltr'>ζ</span> <span class='ocrx_word' id='word_1_746' title='bbox 1049 4445 1240 4514; x_wconf 79' lang='lat' dir='ltr'><strong>:juxta</strong></span> <span class='ocrx_word' id='word_1_747' title='bbox 1280 4446 1682 4500; x_wconf 90' lang='lat' dir='ltr'><strong>immunditiam</strong></span> <span class='ocrx_word' id='word_1_748' title='bbox 1713 4451 1923 4502; x_wconf 82' lang='lat' dir='ltr'><strong>consti-</strong></span> 
     </span>
    </p>
   </div>
   <div class='ocr_carea' id='block_1_90' title="bbox 355 4534 1923 4594">
    <p class='ocr_par' dir='ltr' id='par_1_90' title="bbox 355 4534 1923 4594">
     <span class='ocr_line' id='line_1_90' title="bbox 355 4534 1923 4594; baseline 0.005 -8"><span class='ocrx_word' id='word_1_749' title='bbox 355 4543 485 4587; x_wconf 71' lang='grc' dir='ltr'><strong>ιιιιτιξ</strong></span> <span class='ocrx_word' id='word_1_750' title='bbox 515 4535 567 4587; x_wconf 93' lang='lat' dir='ltr'><strong>in</strong></span> <span class='ocrx_word' id='word_1_751' title='bbox 613 4545 891 4589; x_wconf 86' lang='lat' dir='ltr'><strong>menstruo</strong></span> <span class='ocrx_word' id='word_1_752' title='bbox 923 4534 1064 4590; x_wconf 88' lang='lat' dir='ltr'><strong>facta</strong></span> <span class='ocrx_word' id='word_1_753' title='bbox 1108 4546 1193 4590; x_wconf 89' lang='lat' dir='ltr'><strong>est</strong></span> <span class='ocrx_word' id='word_1_754' title='bbox 1233 4539 1317 4590; x_wconf 90' lang='lat' dir='ltr'><strong>via</strong></span> <span class='ocrx_word' id='word_1_755' title='bbox 1348 4548 1536 4591; x_wconf 88' lang='lat' dir='ltr'><strong>eorum</strong></span> <span class='ocrx_word' id='word_1_756' title='bbox 1577 4555 1760 4594; x_wconf 86' lang='lat' dir='ltr'><strong>coram</strong></span> <span class='ocrx_word' id='word_1_757' title='bbox 1787 4539 1923 4594; x_wconf 67' lang='lat' dir='ltr'><strong>f&#39;JCic</strong></span> 
     </span>
    </p>
   </div>
   <div class='ocr_carea' id='block_1_91' title="bbox 355 4627 1921 4700">
    <p class='ocr_par' dir='ltr' id='par_1_91' title="bbox 355 4627 1921 4700">
     <span class='ocr_line' id='line_1_91' title="bbox 355 4627 1921 4700; baseline 0.004 -20"><span class='ocrx_word' id='word_1_758' title='bbox 355 4643 508 4680; x_wconf 89' lang='lat' dir='ltr'><strong>mea:</strong></span> <span class='ocrx_word' id='word_1_759' title='bbox 544 4627 631 4680; x_wconf 78' lang='lat'><strong>18.</strong></span> <span class='ocrx_word' id='word_1_760' title='bbox 689 4637 743 4680; x_wconf 90' lang='lat' dir='ltr'><strong>et</strong></span> <span class='ocrx_word' id='word_1_761' title='bbox 773 4627 937 4682; x_wconf 79' lang='lat' dir='ltr'><strong>effudi</strong></span> <span class='ocrx_word' id='word_1_762' title='bbox 979 4627 1221 4682; x_wconf 85' lang='lat' dir='ltr'><strong>furorem</strong></span> <span class='ocrx_word' id='word_1_763' title='bbox 1271 4645 1452 4682; x_wconf 90' lang='lat' dir='ltr'><strong>meum</strong></span> <span class='ocrx_word' id='word_1_764' title='bbox 1505 4645 1670 4698; x_wconf 88' lang='lat' dir='ltr'><strong>super</strong></span> <span class='ocrx_word' id='word_1_765' title='bbox 1703 4648 1820 4696; x_wconf 89' lang='lat' dir='ltr'><strong>eos,</strong></span> <span class='ocrx_word' id='word_1_766' title='bbox 1855 4635 1921 4700; x_wconf 55' lang='grc' dir='ltr'><strong>Ἀ(</strong></span> 
     </span>
    </p>
   </div>
   <div class='ocr_carea' id='block_1_92' title="bbox 360 4718 1920 4791">
    <p class='ocr_par' dir='ltr' id='par_1_92' title="bbox 360 4718 1920 4791">
     <span class='ocr_line' id='line_1_92' title="bbox 360 4718 1920 4791; baseline 0.003 -22"><span class='ocrx_word' id='word_1_767' title='bbox 360 4727 582 4787; x_wconf 89' lang='lat' dir='ltr'><strong>propter</strong></span> <span class='ocrx_word' id='word_1_768' title='bbox 616 4718 967 4788; x_wconf 84' lang='lat' dir='ltr'><strong>sanguinem,</strong></span> <span class='ocrx_word' id='word_1_769' title='bbox 990 4735 1151 4788; x_wconf 89' lang='lat' dir='ltr'><strong>quem</strong></span> <span class='ocrx_word' id='word_1_770' title='bbox 1181 4719 1488 4774; x_wconf 72' lang='lat' dir='ltr'><strong>effuderunt</strong></span> <span class='ocrx_word' id='word_1_771' title='bbox 1511 4737 1674 4791; x_wconf 85' lang='lat' dir='ltr'><strong>super</strong></span> <span class='ocrx_word' id='word_1_772' title='bbox 1701 4733 1920 4787; x_wconf 81' lang='lat' dir='ltr'><strong>terrain,</strong></span> 
     </span>
    </p>
   </div>
   <div class='ocr_carea' id='block_1_93' title="bbox 351 4809 1922 4881">
    <p class='ocr_par' dir='ltr' id='par_1_93' title="bbox 351 4809 1922 4881">
     <span class='ocr_line' id='line_1_93' title="bbox 351 4809 1922 4881; baseline 0.004 -19"><span class='ocrx_word' id='word_1_773' title='bbox 351 4819 406 4863; x_wconf 90' lang='lat' dir='ltr'><strong>et</strong></span> <span class='ocrx_word' id='word_1_774' title='bbox 436 4809 490 4862; x_wconf 91' lang='lat' dir='ltr'><strong>in</strong></span> <span class='ocrx_word' id='word_1_775' title='bbox 522 4809 683 4863; x_wconf 89' lang='lat' dir='ltr'><strong>idolis</strong></span> <span class='ocrx_word' id='word_1_776' title='bbox 729 4809 846 4864; x_wconf 88' lang='lat' dir='ltr'><strong>suis</strong></span> <span class='ocrx_word' id='word_1_777' title='bbox 873 4810 1184 4880; x_wconf 90' lang='lat' dir='ltr'><strong>polluerunt</strong></span> <span class='ocrx_word' id='word_1_778' title='bbox 1212 4827 1332 4865; x_wconf 87' lang='lat' dir='ltr'><strong>eam</strong></span> <span class='ocrx_word' id='word_1_779' title='bbox 1387 4814 1434 4881; x_wconf 75' lang='grc' dir='ltr'><strong>ζ.</strong></span> <span class='ocrx_word' id='word_1_780' title='bbox 1469 4814 1553 4867; x_wconf 87' lang='lat'><strong>19.</strong></span> <span class='ocrx_word' id='word_1_781' title='bbox 1590 4824 1642 4868; x_wconf 90' lang='lat' dir='ltr'><strong>et</strong></span> <span class='ocrx_word' id='word_1_782' title='bbox 1672 4814 1922 4868; x_wconf 83' lang='lat' dir='ltr'><strong>dissemi-</strong></span> 
     </span>
    </p>
   </div>
   <div class='ocr_carea' id='block_1_94' title="bbox 353 4901 1917 4974">
    <p class='ocr_par' dir='ltr' id='par_1_94' title="bbox 353 4901 1917 4974">
     <span class='ocr_line' id='line_1_94' title="bbox 353 4901 1917 4974; baseline 0.006 -22"><span class='ocrx_word' id='word_1_783' title='bbox 353 4901 477 4953; x_wconf 88' lang='lat' dir='ltr'><strong>navi</strong></span> <span class='ocrx_word' id='word_1_784' title='bbox 528 4915 624 4955; x_wconf 85' lang='lat' dir='ltr'><strong>eos</strong></span> <span class='ocrx_word' id='word_1_785' title='bbox 653 4901 706 4955; x_wconf 82' lang='lat' dir='ltr'><strong>in</strong></span> <span class='ocrx_word' id='word_1_786' title='bbox 738 4911 949 4971; x_wconf 88' lang='lat' dir='ltr'><strong>gentes,</strong></span> <span class='ocrx_word' id='word_1_787' title='bbox 994 4911 1047 4956; x_wconf 88' lang='lat' dir='ltr'><strong>et</strong></span> <span class='ocrx_word' id='word_1_788' title='bbox 1089 4903 1348 4957; x_wconf 87' lang='lat' dir='ltr'><strong>ventilavi</strong></span> <span class='ocrx_word' id='word_1_789' title='bbox 1395 4919 1492 4958; x_wconf 90' lang='lat' dir='ltr'><strong>eos</strong></span> <span class='ocrx_word' id='word_1_790' title='bbox 1539 4905 1591 4958; x_wconf 91' lang='lat' dir='ltr'><strong>in</strong></span> <span class='ocrx_word' id='word_1_791' title='bbox 1625 4905 1917 4974; x_wconf 90' lang='lat' dir='ltr'><strong>regiones:</strong></span> 
     </span>
    </p>
   </div>
   <div class='ocr_carea' id='block_1_95' title="bbox 355 4991 1919 5065">
    <p class='ocr_par' dir='ltr' id='par_1_95' title="bbox 355 4991 1919 5065">
     <span class='ocr_line' id='line_1_95' title="bbox 355 4991 1919 5065; baseline 0.005 -22"><span class='ocrx_word' id='word_1_792' title='bbox 355 4991 656 5044; x_wconf 85' lang='lat' dir='ltr'><strong>secundum</strong></span> <span class='ocrx_word' id='word_1_793' title='bbox 703 4993 848 5046; x_wconf 83' lang='lat' dir='ltr'><strong>viam</strong></span> <span class='ocrx_word' id='word_1_794' title='bbox 905 5009 1119 5057; x_wconf 88' lang='lat' dir='ltr'><strong>eorum,</strong></span> <span class='ocrx_word' id='word_1_795' title='bbox 1181 5002 1233 5047; x_wconf 85' lang='lat' dir='ltr'><strong>et</strong></span> <span class='ocrx_word' id='word_1_796' title='bbox 1288 4994 1586 5048; x_wconf 87' lang='lat' dir='ltr'><strong>secundum</strong></span> <span class='ocrx_word' id='word_1_797' title='bbox 1638 5006 1919 5065; x_wconf 89' lang='lat' dir='ltr'><strong>peccatum</strong></span> 
     </span>
    </p>
   </div>
   <div class='ocr_carea' id='block_1_96' title="bbox 353 5080 1922 5154">
    <p class='ocr_par' dir='ltr' id='par_1_96' title="bbox 353 5080 1922 5154">
     <span class='ocr_line' id='line_1_96' title="bbox 353 5080 1922 5154; baseline 0.004 -21"><span class='ocrx_word' id='word_1_798' title='bbox 353 5096 542 5133; x_wconf 90' lang='lat' dir='ltr'><strong>eorum</strong></span> <span class='ocrx_word' id='word_1_799' title='bbox 571 5081 809 5149; x_wconf 73' lang='lat' dir='ltr'><strong>juilicavi</strong></span> <span class='ocrx_word' id='word_1_800' title='bbox 840 5096 956 5134; x_wconf 91' lang='lat' dir='ltr'><strong>eos.</strong></span> <span class='ocrx_word' id='word_1_801' title='bbox 989 5081 1078 5132; x_wconf 76' lang='lat'><strong>20.</strong></span> <span class='ocrx_word' id='word_1_802' title='bbox 1115 5080 1179 5134; x_wconf 82' lang='lat' dir='ltr'><strong>Et</strong></span> <span class='ocrx_word' id='word_1_803' title='bbox 1207 5082 1437 5145; x_wconf 76' lang='lat' dir='ltr'><strong>ingressi</strong></span> <span class='ocrx_word' id='word_1_804' title='bbox 1462 5090 1590 5136; x_wconf 88' lang='lat' dir='ltr'><strong>sunt</strong></span> <span class='ocrx_word' id='word_1_805' title='bbox 1634 5083 1774 5136; x_wconf 90' lang='lat' dir='ltr'><strong>inter</strong></span> <span class='ocrx_word' id='word_1_806' title='bbox 1793 5100 1922 5154; x_wconf 86' lang='lat' dir='ltr'><strong>gen-</strong></span> 
     </span>
    </p>
   </div>
   <div class='ocr_carea' id='block_1_97' title="bbox 352 5173 1916 5241">
    <p class='ocr_par' dir='ltr' id='par_1_97' title="bbox 352 5173 1916 5241">
     <span class='ocr_line' id='line_1_97' title="bbox 352 5173 1916 5241; baseline 0.004 -17"><span class='ocrx_word' id='word_1_807' title='bbox 352 5179 455 5235; x_wconf 87' lang='lat' dir='ltr'><strong>tes,</strong></span> <span class='ocrx_word' id='word_1_808' title='bbox 489 5187 598 5240; x_wconf 87' lang='lat' dir='ltr'><strong>quo</strong></span> <span class='ocrx_word' id='word_1_809' title='bbox 650 5173 878 5239; x_wconf 87' lang='lat' dir='ltr'><strong>ingressi</strong></span> <span class='ocrx_word' id='word_1_810' title='bbox 919 5183 1048 5226; x_wconf 91' lang='lat' dir='ltr'><strong>sunt</strong></span> <span class='ocrx_word' id='word_1_811' title='bbox 1083 5173 1230 5234; x_wconf 91' lang='lat' dir='ltr'><strong>illuc,</strong></span> <span class='ocrx_word' id='word_1_812' title='bbox 1272 5179 1324 5225; x_wconf 86' lang='lat' dir='ltr'><strong>et</strong></span> <span class='ocrx_word' id='word_1_813' title='bbox 1367 5173 1676 5241; x_wconf 89' lang='lat' dir='ltr'><strong>polluerunt</strong></span> <span class='ocrx_word' id='word_1_814' title='bbox 1720 5189 1916 5229; x_wconf 89' lang='lat' dir='ltr'><strong>nomen</strong></span> 
     </span>
    </p>
   </div>
   <div class='ocr_carea' id='block_1_98' title="bbox 354 5264 1919 5334">
    <p class='ocr_par' dir='ltr' id='par_1_98' title="bbox 354 5264 1919 5334">
     <span class='ocr_line' id='line_1_98' title="bbox 354 5264 1919 5334; baseline 0.003 -17"><span class='ocrx_word' id='word_1_815' title='bbox 354 5274 604 5317; x_wconf 84' lang='lat' dir='ltr'><strong>sanctum</strong></span> <span class='ocrx_word' id='word_1_816' title='bbox 638 5279 841 5326; x_wconf 89' lang='lat' dir='ltr'><strong>meum,</strong></span> <span class='ocrx_word' id='word_1_817' title='bbox 883 5280 1009 5318; x_wconf 89' lang='lat' dir='ltr'><strong>cmn</strong></span> <span class='ocrx_word' id='word_1_818' title='bbox 1045 5264 1387 5329; x_wconf 87' lang='lat' dir='ltr'><strong>dicebantur,</strong></span> <span class='ocrx_word' id='word_1_819' title='bbox 1419 5281 1552 5334; x_wconf 89' lang='lat' dir='ltr'><strong>gens</strong></span> <span class='ocrx_word' id='word_1_820' title='bbox 1595 5265 1802 5321; x_wconf 86' lang='lat' dir='ltr'><strong>Domini</strong></span> <span class='ocrx_word' id='word_1_821' title='bbox 1842 5267 1919 5333; x_wconf 90' lang='lat' dir='ltr'><strong>hi,</strong></span> 
     </span>
    </p>
   </div>
   <div class='ocr_carea' id='block_1_99' title="bbox 428 5393 2688 5472">
    <p class='ocr_par' dir='ltr' id='par_1_99' title="bbox 428 5393 2688 5472">
     <span class='ocr_line' id='line_1_99' title="bbox 428 5393 2688 5472; baseline 0.002 -28"><span class='ocrx_word' id='word_1_822' title='bbox 428 5395 522 5472; x_wconf 48' lang='lat' dir='ltr'><strong>(ui)</strong></span> <span class='ocrx_word' id='word_1_823' title='bbox 560 5393 644 5472; x_wconf 73' lang='lat'><strong>8.,</strong></span> <span class='ocrx_word' id='word_1_824' title='bbox 689 5411 785 5459; x_wconf 86' lang='lat' dir='ltr'><strong>pro</strong></span> <span class='ocrx_word' id='word_1_825' title='bbox 831 5410 897 5472; x_wconf 84' lang='lat' dir='ltr'><strong>eo</strong></span> <span class='ocrx_word' id='word_1_826' title='bbox 943 5394 1089 5472; x_wconf 83' lang='lat' dir='ltr'><strong>quod</strong></span> <span class='ocrx_word' id='word_1_827' title='bbox 1155 5395 1447 5472; x_wconf 81' lang='lat' dir='ltr'><strong>reprobatn</strong></span> <span class='ocrx_word' id='word_1_828' title='bbox 1484 5395 1682 5472; x_wconf 66' lang='lat' dir='ltr'><strong>facient</strong></span> <span class='ocrx_word' id='word_1_829' title='bbox 1711 5414 1852 5464; x_wconf 88' lang='lat' dir='ltr'><strong>eam,</strong></span> <span class='ocrx_word' id='word_1_830' title='bbox 1883 5408 1951 5472; x_wconf 9' lang='lat' dir='ltr'><strong>etp</strong></span> <span class='ocrx_word' id='word_1_831' title='bbox 1985 5399 2051 5453; x_wconf 89' lang='lat' dir='ltr'><strong>ad</strong></span> <span class='ocrx_word' id='word_1_832' title='bbox 2105 5398 2495 5472; x_wconf 79' lang='lat' dir='ltr'><strong>diripiendum.</strong></span> <span class='ocrx_word' id='word_1_833' title='bbox 2558 5403 2688 5472; x_wconf 86' lang='lat' dir='ltr'><strong>_(n)</strong></span> 
     </span>
    </p>
   </div>
   <div class='ocr_carea' id='block_1_100' title="bbox 1431 5465 3597 5534">
    <p class='ocr_par' dir='ltr' id='par_1_100' title="bbox 1431 5465 3597 5534">
     <span class='ocr_line' id='line_1_100' title="bbox 1431 5465 3597 5534; baseline -0.001 -16"><span class='ocrx_word' id='word_1_834' title='bbox 1431 5467 1505 5534; x_wconf 91' lang='lat' dir='ltr'><strong>(p)</strong></span> <span class='ocrx_word' id='word_1_835' title='bbox 1542 5465 1661 5531; x_wconf 78' lang='lat' dir='ltr'><strong>Tli.,</strong></span> <span class='ocrx_word' id='word_1_836' title='bbox 1707 5479 1759 5522; x_wconf 90' lang='lat' dir='ltr'><strong>et</strong></span> <span class='ocrx_word' id='word_1_837' title='bbox 1795 5487 1898 5522; x_wconf 90' lang='lat' dir='ltr'><strong>non</strong></span> <span class='ocrx_word' id='word_1_838' title='bbox 1942 5465 2328 5525; x_wconf 80' lang='lat' dir='ltr'><strong>intirmahitnr.</strong></span> <span class='ocrx_word' id='word_1_839' title='bbox 2391 5468 2501 5520; x_wconf 81' lang='lat' dir='ltr'><strong>Hoc</strong></span> <span class='ocrx_word' id='word_1_840' title='bbox 2556 5465 2924 5520; x_wconf 74' lang='lat' dir='ltr'><strong>TImOdotionis</strong></span> <span class='ocrx_word' id='word_1_841' title='bbox 2977 5484 3078 5519; x_wconf 78' lang='lat' dir='ltr'><strong>non</strong></span> <span class='ocrx_word' id='word_1_842' title='bbox 3125 5467 3358 5534; x_wconf 74' lang='lat' dir='ltr'><strong>positum</strong></span> <span class='ocrx_word' id='word_1_843' title='bbox 3407 5476 3481 5519; x_wconf 78' lang='lat' dir='ltr'><strong>est</strong></span> <span class='ocrx_word' id='word_1_844' title='bbox 3526 5468 3597 5534; x_wconf 4' lang='grc' dir='ltr'><strong>,ιιι</strong></span> 
     </span>
    </p>
   </div>
   <div class='ocr_carea' id='block_1_101' title="bbox 1143 5533 1921 5608">
    <p class='ocr_par' dir='ltr' id='par_1_101' title="bbox 1143 5533 1920 5608">
     <span class='ocr_line' id='line_1_101' title="bbox 1143 5533 1920 5608; baseline 0.008 -20"><span class='ocrx_word' id='word_1_845' title='bbox 1143 5535 1226 5596; x_wconf 85' lang='lat' dir='ltr'><strong>S.,</strong></span> <span class='ocrx_word' id='word_1_846' title='bbox 1270 5543 1347 5608; x_wconf 82' lang='lat' dir='ltr'><strong>et</strong></span> <span class='ocrx_word' id='word_1_847' title='bbox 1406 5533 1635 5608; x_wconf 77' lang='lat' dir='ltr'><strong>fructus.</strong></span> <span class='ocrx_word' id='word_1_848' title='bbox 1700 5538 1817 5591; x_wconf 72' lang='grc' dir='ltr'><strong>ΚΑΙ</strong></span> <span class='ocrx_word' id='word_1_849' title='bbox 1878 5541 1920 5594; x_wconf 85' lang='grc' dir='ltr'>Τ</span> 
     </span>
    </p>
   </div>
   <div class='ocr_carea' id='block_1_102' title="bbox 2028 5533 3593 5608">
    <p class='ocr_par' dir='ltr' id='par_1_102' title="bbox 2028 5533 3593 5608">
     <span class='ocr_line' id='line_1_102' title="bbox 2028 5533 3593 5608; baseline 0 -18"><span class='ocrx_word' id='word_1_850' title='bbox 2028 5539 2422 5596; x_wconf 79' lang='grc' dir='ltr'><strong>ΙῈΝΗΜΛΤΔ.</strong></span> <span class='ocrx_word' id='word_1_851' title='bbox 2496 5539 2566 5608; x_wconf 88' lang='lat' dir='ltr'><strong>(r)</strong></span> <span class='ocrx_word' id='word_1_852' title='bbox 2598 5540 2679 5601; x_wconf 73' lang='lat'><strong>8.,</strong></span> <span class='ocrx_word' id='word_1_853' title='bbox 2714 5548 2763 5591; x_wconf 86' lang='lat' dir='ltr'><strong>ct</strong></span> <span class='ocrx_word' id='word_1_854' title='bbox 2819 5533 3199 5591; x_wconf 83' lang='lat' dir='ltr'><strong>diminuemini</strong></span> <span class='ocrx_word' id='word_1_855' title='bbox 3257 5551 3440 5590; x_wconf 90' lang='lat' dir='ltr'><strong>coram</strong></span> <span class='ocrx_word' id='word_1_856' title='bbox 3486 5533 3593 5590; x_wconf 70' lang='lat' dir='ltr'><strong>eis.</strong></span> 
     </span>
    </p>
   </div>
   <div class='ocr_carea' id='block_1_103' title="bbox 1208 5607 2172 5679">
    <p class='ocr_par' dir='ltr' id='par_1_103' title="bbox 1208 5607 2172 5679">
     <span class='ocr_line' id='line_1_103' title="bbox 1208 5607 2172 5679; baseline 0.005 -23"><span class='ocrx_word' id='word_1_857' title='bbox 1208 5607 1285 5676; x_wconf 76' lang='grc' dir='ltr'><strong>(ιι)</strong></span> <span class='ocrx_word' id='word_1_858' title='bbox 1317 5608 1407 5670; x_wconf 79' lang='grc' dir='ltr'><strong>Α.,</strong></span> <span class='ocrx_word' id='word_1_859' title='bbox 1440 5607 1523 5674; x_wconf 75' lang='lat'><strong>8.,</strong></span> <span class='ocrx_word' id='word_1_860' title='bbox 1558 5607 1676 5675; x_wconf 84' lang='lat' dir='ltr'><strong>&#39;l&#39;h.,</strong></span> <span class='ocrx_word' id='word_1_861' title='bbox 1702 5610 1925 5678; x_wconf 84' lang='lat' dir='ltr'><strong>petitum</strong></span> <span class='ocrx_word' id='word_1_862' title='bbox 1952 5625 2172 5679; x_wconf 86' lang='lat' dir='ltr'><strong>ponam.</strong></span> 
     </span>
    </p>
   </div>
   <div class='ocr_carea' id='block_1_104' title="bbox 353 5459 1318 5534">
    <p class='ocr_par' dir='ltr' id='par_1_104' title="bbox 353 5459 1318 5534">
     <span class='ocr_line' id='line_1_104' title="bbox 353 5459 1318 5534; baseline 0.006 -20"><span class='ocrx_word' id='word_1_863' title='bbox 353 5459 431 5532; x_wconf 69' lang='grc' dir='ltr'><strong>(ο)</strong></span> <span class='ocrx_word' id='word_1_864' title='bbox 469 5460 553 5525; x_wconf 90' lang='lat' dir='ltr'><strong>S.,</strong></span> <span class='ocrx_word' id='word_1_865' title='bbox 584 5467 718 5518; x_wconf 82' lang='lat' dir='ltr'><strong>sicut</strong></span> <span class='ocrx_word' id='word_1_866' title='bbox 753 5482 782 5518; x_wconf 86' lang='lat' dir='ltr'><strong>a</strong></span> <span class='ocrx_word' id='word_1_867' title='bbox 815 5459 1079 5534; x_wconf 71' lang='lat' dir='ltr'><strong>principio</strong></span> <span class='ocrx_word' id='word_1_868' title='bbox 1116 5459 1318 5520; x_wconf 73' lang='lat' dir='ltr'><strong>vestro.</strong></span> 
     </span>
    </p>
   </div>
   <div class='ocr_carea' id='block_1_105' title="bbox 357 5535 1116 5602">
    <p class='ocr_par' dir='ltr' id='par_1_105' title="bbox 357 5535 1116 5602">
     <span class='ocr_line' id='line_1_105' title="bbox 357 5535 1116 5602; baseline 0.014 -21"><span class='ocrx_word' id='word_1_869' title='bbox 357 5535 798 5602; x_wconf 56' lang='lat' dir='ltr'><strong>translationibus</strong></span> <span class='ocrx_word' id='word_1_870' title='bbox 823 5535 964 5586; x_wconf 79' lang='lat' dir='ltr'><strong>aliis.</strong></span> <span class='ocrx_word' id='word_1_871' title='bbox 1044 5537 1116 5602; x_wconf 75' lang='grc'><strong>((1)</strong></span> 
     </span>
    </p>
   </div>
   <div class='ocr_carea' id='block_1_106' title="bbox 355 5599 1125 5674">
    <p class='ocr_par' dir='ltr' id='par_1_106' title="bbox 355 5599 1125 5674">
     <span class='ocr_line' id='line_1_106' title="bbox 355 5599 1125 5674; baseline 0.005 -20"><span class='ocrx_word' id='word_1_872' title='bbox 355 5599 428 5669; x_wconf 77' lang='grc' dir='ltr'><strong>(ς)</strong></span> <span class='ocrx_word' id='word_1_873' title='bbox 461 5599 680 5656; x_wconf 75' lang='lat' dir='ltr'><strong>Vestris.</strong></span> <span class='ocrx_word' id='word_1_874' title='bbox 756 5604 821 5674; x_wconf 78' lang='grc' dir='ltr'><strong>(ι)</strong></span> <span class='ocrx_word' id='word_1_875' title='bbox 850 5599 1125 5658; x_wconf 80' lang='lat' dir='ltr'><strong>Dominus.</strong></span> 
     </span>
    </p>
   </div>
   <div class='ocr_carea' id='block_1_107' title="bbox 2027 4437 3601 4508">
    <p class='ocr_par' dir='ltr' id='par_1_107' title="bbox 2027 4437 3601 4508">
     <span class='ocr_line' id='line_1_107' title="bbox 2027 4437 3601 4508; baseline -0.006 -14"><span class='ocrx_word' id='word_1_876' title='bbox 2027 4450 2285 4503; x_wconf 90' lang='lat' dir='ltr'><strong>structas,</strong></span> <span class='ocrx_word' id='word_1_877' title='bbox 2317 4447 2371 4494; x_wconf 88' lang='lat' dir='ltr'><strong>et</strong></span> <span class='ocrx_word' id='word_1_878' title='bbox 2407 4438 2646 4508; x_wconf 90' lang='lat' dir='ltr'><strong>plantavi</strong></span> <span class='ocrx_word' id='word_1_879' title='bbox 2684 4439 3046 4508; x_wconf 83' lang='lat' dir='ltr'><strong>depravatas:</strong></span> <span class='ocrx_word' id='word_1_880' title='bbox 3075 4451 3176 4507; x_wconf 87' lang='lat' dir='ltr'><strong>ego</strong></span> <span class='ocrx_word' id='word_1_881' title='bbox 3206 4438 3472 4490; x_wconf 81' lang='lat' dir='ltr'><strong>Dominus</strong></span> <span class='ocrx_word' id='word_1_882' title='bbox 3522 4437 3601 4488; x_wconf 78' lang='lat' dir='ltr'><strong>lo-</strong></span> 
     </span>
    </p>
   </div>
   <div class='ocr_carea' id='block_1_108' title="bbox 2029 4525 3600 4596">
    <p class='ocr_par' dir='ltr' id='par_1_108' title="bbox 2029 4525 3600 4596">
     <span class='ocr_line' id='line_1_108' title="bbox 2029 4525 3600 4596; baseline -0.005 -8"><span class='ocrx_word' id='word_1_883' title='bbox 2029 4543 2191 4588; x_wconf 91' lang='lat' dir='ltr'><strong>cutus</strong></span> <span class='ocrx_word' id='word_1_884' title='bbox 2223 4549 2366 4596; x_wconf 90' lang='lat' dir='ltr'><strong>sum,</strong></span> <span class='ocrx_word' id='word_1_885' title='bbox 2402 4541 2455 4585; x_wconf 91' lang='lat' dir='ltr'><strong>et</strong></span> <span class='ocrx_word' id='word_1_886' title='bbox 2482 4530 2604 4585; x_wconf 87' lang='lat' dir='ltr'><strong>feci.</strong></span> <span class='ocrx_word' id='word_1_887' title='bbox 2645 4526 2732 4585; x_wconf 75' lang='lat'><strong>57.</strong></span> <span class='ocrx_word' id='word_1_888' title='bbox 2769 4529 2895 4585; x_wconf 62' lang='lat' dir='ltr'><strong>Haec</strong></span> <span class='ocrx_word' id='word_1_889' title='bbox 2939 4531 3070 4584; x_wconf 84' lang='lat' dir='ltr'><strong>dicit</strong></span> <span class='ocrx_word' id='word_1_890' title='bbox 3109 4525 3372 4584; x_wconf 87' lang='lat' dir='ltr'><strong>Dominus</strong></span> <span class='ocrx_word' id='word_1_891' title='bbox 3413 4528 3600 4584; x_wconf 89' lang='lat' dir='ltr'><strong>Domi-</strong></span> 
     </span>
    </p>
   </div>
   <div class='ocr_carea' id='block_1_109' title="bbox 2030 4621 3602 4692">
    <p class='ocr_par' dir='ltr' id='par_1_109' title="bbox 2030 4621 3602 4692">
     <span class='ocr_line' id='line_1_109' title="bbox 2030 4621 3602 4692; baseline -0.004 -14"><span class='ocrx_word' id='word_1_892' title='bbox 2030 4642 2131 4680; x_wconf 92' lang='lat' dir='ltr'><strong>nus</strong></span> <span class='ocrx_word' id='word_1_893' title='bbox 2175 4644 2188 4679; x_wconf 91' lang='lat'>:</span> <span class='ocrx_word' id='word_1_894' title='bbox 2234 4625 2426 4678; x_wconf 82' lang='lat' dir='ltr'><strong>Adhuc</strong></span> <span class='ocrx_word' id='word_1_895' title='bbox 2466 4624 2570 4677; x_wconf 92' lang='lat' dir='ltr'><strong>hoc</strong></span> <span class='ocrx_word' id='word_1_896' title='bbox 2614 4622 2693 4692; x_wconf 80' lang='grc' dir='ltr'><strong>(ιι)</strong></span> <span class='ocrx_word' id='word_1_897' title='bbox 2734 4639 2950 4691; x_wconf 74' lang='lat' dir='ltr'><strong>quzerar</strong></span> <span class='ocrx_word' id='word_1_898' title='bbox 3011 4623 3194 4676; x_wconf 93' lang='lat' dir='ltr'><strong>domui</strong></span> <span class='ocrx_word' id='word_1_899' title='bbox 3251 4621 3488 4683; x_wconf 83' lang='lat' dir='ltr'><strong>Israclis,</strong></span> <span class='ocrx_word' id='word_1_900' title='bbox 3543 4628 3602 4672; x_wconf 90' lang='lat' dir='ltr'><strong>nt</strong></span> 
     </span>
    </p>
   </div>
   <div class='ocr_carea' id='block_1_110' title="bbox 2030 4713 3600 4784">
    <p class='ocr_par' dir='ltr' id='par_1_110' title="bbox 2030 4713 3600 4784">
     <span class='ocr_line' id='line_1_110' title="bbox 2030 4713 3600 4784; baseline 0 -16"><span class='ocrx_word' id='word_1_901' title='bbox 2030 4714 2223 4770; x_wconf 75' lang='lat' dir='ltr'><strong>faciam</strong></span> <span class='ocrx_word' id='word_1_902' title='bbox 2257 4732 2353 4770; x_wconf 89' lang='lat' dir='ltr'><strong>eos</strong></span> <span class='ocrx_word' id='word_1_903' title='bbox 2386 4734 2400 4769; x_wconf 89' lang='lat'><strong>:</strong></span> <span class='ocrx_word' id='word_1_904' title='bbox 2441 4714 2812 4784; x_wconf 88' lang='lat' dir='ltr'><strong>multiplicabo</strong></span> <span class='ocrx_word' id='word_1_905' title='bbox 2837 4730 2954 4778; x_wconf 91' lang='lat' dir='ltr'><strong>eos,</strong></span> <span class='ocrx_word' id='word_1_906' title='bbox 2976 4715 3117 4768; x_wconf 84' lang='lat' dir='ltr'><strong>sicut</strong></span> <span class='ocrx_word' id='word_1_907' title='bbox 3141 4729 3292 4778; x_wconf 85' lang='lat' dir='ltr'><strong>oves,</strong></span> <span class='ocrx_word' id='word_1_908' title='bbox 3325 4713 3600 4777; x_wconf 83' lang='lat' dir='ltr'><strong>homines,</strong></span> 
     </span>
    </p>
   </div>
   <div class='ocr_carea' id='block_1_111' title="bbox 2029 4804 3598 4870">
    <p class='ocr_par' dir='ltr' id='par_1_111' title="bbox 2029 4804 3598 4870">
     <span class='ocr_line' id='line_1_111' title="bbox 2029 4804 3598 4870; baseline -0.001 -10"><span class='ocrx_word' id='word_1_909' title='bbox 2029 4808 2116 4862; x_wconf 83' lang='grc'><strong>58.</strong></span> <span class='ocrx_word' id='word_1_910' title='bbox 2151 4807 2295 4862; x_wconf 82' lang='lat' dir='ltr'><strong>sicut</strong></span> <span class='ocrx_word' id='word_1_911' title='bbox 2337 4822 2464 4861; x_wconf 89' lang='lat' dir='ltr'><strong>oves</strong></span> <span class='ocrx_word' id='word_1_912' title='bbox 2516 4816 2754 4870; x_wconf 88' lang='lat' dir='ltr'><strong>sanctas,</strong></span> <span class='ocrx_word' id='word_1_913' title='bbox 2811 4807 2955 4861; x_wconf 91' lang='lat' dir='ltr'><strong>sicut</strong></span> <span class='ocrx_word' id='word_1_914' title='bbox 3007 4821 3138 4862; x_wconf 86' lang='lat' dir='ltr'><strong>oves</strong></span> <span class='ocrx_word' id='word_1_915' title='bbox 3189 4804 3494 4860; x_wconf 81' lang='lat' dir='ltr'><strong>Jerusalem</strong></span> <span class='ocrx_word' id='word_1_916' title='bbox 3544 4806 3598 4858; x_wconf 88' lang='lat' dir='ltr'><strong>in</strong></span> 
     </span>
    </p>
   </div>
   <div class='ocr_carea' id='block_1_112' title="bbox 2028 4897 3601 4965">
    <p class='ocr_par' dir='ltr' id='par_1_112' title="bbox 2028 4897 3601 4965">
     <span class='ocr_line' id='line_1_112' title="bbox 2028 4897 3601 4965; baseline -0.003 -13"><span class='ocrx_word' id='word_1_917' title='bbox 2028 4898 2441 4952; x_wconf 90' lang='lat' dir='ltr'><strong>solennitatibus</strong></span> <span class='ocrx_word' id='word_1_918' title='bbox 2467 4897 2584 4965; x_wconf 88' lang='lat' dir='ltr'><strong>ejus</strong></span> <span class='ocrx_word' id='word_1_919' title='bbox 2619 4916 2630 4951; x_wconf 89' lang='lat'>:</span> <span class='ocrx_word' id='word_1_920' title='bbox 2665 4897 2742 4952; x_wconf 91' lang='lat' dir='ltr'><strong>sic</strong></span> <span class='ocrx_word' id='word_1_921' title='bbox 2773 4908 2932 4951; x_wconf 90' lang='lat' dir='ltr'><strong>erunt</strong></span> <span class='ocrx_word' id='word_1_922' title='bbox 2961 4903 3125 4951; x_wconf 86' lang='lat' dir='ltr'><strong>urbes</strong></span> <span class='ocrx_word' id='word_1_923' title='bbox 3149 4905 3394 4958; x_wconf 60' lang='lat' dir='ltr'><strong>vastata,</strong></span> <span class='ocrx_word' id='word_1_924' title='bbox 3426 4897 3601 4964; x_wconf 80' lang='lat' dir='ltr'><strong>plena:</strong></span> 
     </span>
    </p>
   </div>
   <div class='ocr_carea' id='block_1_113' title="bbox 2029 4988 3459 5059">
    <p class='ocr_par' dir='ltr' id='par_1_113' title="bbox 2029 4988 3459 5059">
     <span class='ocr_line' id='line_1_113' title="bbox 2029 4988 3459 5059; baseline -0.003 -15"><span class='ocrx_word' id='word_1_925' title='bbox 2029 4991 2209 5044; x_wconf 88' lang='lat' dir='ltr'><strong>ovium</strong></span> <span class='ocrx_word' id='word_1_926' title='bbox 2239 4991 2542 5053; x_wconf 86' lang='lat' dir='ltr'><strong>hominum,</strong></span> <span class='ocrx_word' id='word_1_927' title='bbox 2565 4998 2619 5044; x_wconf 90' lang='lat' dir='ltr'><strong>et</strong></span> <span class='ocrx_word' id='word_1_928' title='bbox 2647 4988 2835 5043; x_wconf 88' lang='lat' dir='ltr'><strong>scient.</strong></span> <span class='ocrx_word' id='word_1_929' title='bbox 2865 4991 3010 5058; x_wconf 87' lang='lat' dir='ltr'><strong>quod</strong></span> <span class='ocrx_word' id='word_1_930' title='bbox 3044 5004 3144 5059; x_wconf 88' lang='lat' dir='ltr'><strong>ego</strong></span> <span class='ocrx_word' id='word_1_931' title='bbox 3174 4988 3459 5040; x_wconf 86' lang='lat' dir='ltr'><strong>Dominus.</strong></span> 
     </span>
    </p>
   </div>
   <div class='ocr_carea' id='block_1_114' title="bbox 2094 5076 3602 5151">
    <p class='ocr_par' dir='ltr' id='par_1_114' title="bbox 2094 5076 3602 5151">
     <span class='ocr_line' id='line_1_114' title="bbox 2094 5076 3602 5151; baseline -0.003 -15"><span class='ocrx_word' id='word_1_932' title='bbox 2094 5081 2227 5151; x_wconf 89' lang='lat' dir='ltr'><strong>Cap.</strong></span> <span class='ocrx_word' id='word_1_933' title='bbox 2260 5076 2519 5134; x_wconf 71' lang='lat' dir='ltr'><strong>XXXVII.</strong></span> <span class='ocrx_word' id='word_1_934' title='bbox 2551 5112 2621 5122; x_wconf 95' lang='lat'><strong>—</strong></span> <span class='ocrx_word' id='word_1_935' title='bbox 2645 5081 2693 5134; x_wconf 92' lang='lat'><strong>1.</strong></span> <span class='ocrx_word' id='word_1_936' title='bbox 2713 5082 2787 5150; x_wconf 74' lang='grc' dir='ltr'><strong>(ετ)</strong></span> <span class='ocrx_word' id='word_1_937' title='bbox 2815 5081 2877 5134; x_wconf 83' lang='lat' dir='ltr'><strong>Et</strong></span> <span class='ocrx_word' id='word_1_938' title='bbox 2900 5081 3040 5134; x_wconf 86' lang='lat' dir='ltr'><strong>facta</strong></span> <span class='ocrx_word' id='word_1_939' title='bbox 3062 5089 3146 5135; x_wconf 89' lang='lat' dir='ltr'><strong>est</strong></span> <span class='ocrx_word' id='word_1_940' title='bbox 3172 5095 3338 5148; x_wconf 90' lang='lat' dir='ltr'><strong>super</strong></span> <span class='ocrx_word' id='word_1_941' title='bbox 3371 5095 3456 5132; x_wconf 90' lang='lat' dir='ltr'><strong>me</strong></span> <span class='ocrx_word' id='word_1_942' title='bbox 3481 5095 3602 5132; x_wconf 83' lang='lat' dir='ltr'><strong>ma-</strong></span> 
     </span>
    </p>
   </div>
   <div class='ocr_carea' id='block_1_115' title="bbox 2027 5168 3601 5238">
    <p class='ocr_par' dir='ltr' id='par_1_115' title="bbox 2027 5168 3601 5238">
     <span class='ocr_line' id='line_1_115' title="bbox 2027 5168 3601 5238; baseline -0.005 -10"><span class='ocrx_word' id='word_1_943' title='bbox 2027 5190 2132 5228; x_wconf 89' lang='lat' dir='ltr'><strong>nus</strong></span> <span class='ocrx_word' id='word_1_944' title='bbox 2160 5171 2394 5235; x_wconf 90' lang='lat' dir='ltr'><strong>Domini,</strong></span> <span class='ocrx_word' id='word_1_945' title='bbox 2427 5179 2481 5226; x_wconf 91' lang='lat' dir='ltr'><strong>et</strong></span> <span class='ocrx_word' id='word_1_946' title='bbox 2505 5170 2691 5225; x_wconf 78' lang='lat' dir='ltr'><strong>eduxit</strong></span> <span class='ocrx_word' id='word_1_947' title='bbox 2711 5186 2795 5223; x_wconf 90' lang='lat' dir='ltr'><strong>me</strong></span> <span class='ocrx_word' id='word_1_948' title='bbox 2823 5170 2875 5223; x_wconf 90' lang='lat' dir='ltr'><strong>in</strong></span> <span class='ocrx_word' id='word_1_949' title='bbox 2901 5170 3093 5238; x_wconf 89' lang='lat' dir='ltr'><strong>spiritu</strong></span> <span class='ocrx_word' id='word_1_950' title='bbox 3141 5168 3377 5233; x_wconf 88' lang='lat' dir='ltr'><strong>Domini,</strong></span> <span class='ocrx_word' id='word_1_951' title='bbox 3413 5178 3467 5221; x_wconf 93' lang='lat' dir='ltr'><strong>et</strong></span> <span class='ocrx_word' id='word_1_952' title='bbox 3501 5183 3601 5236; x_wconf 88' lang='lat' dir='ltr'><strong>po-</strong></span> 
     </span>
    </p>
   </div>
   <div class='ocr_carea' id='block_1_116' title="bbox 2030 5260 3603 5331">
    <p class='ocr_par' dir='ltr' id='par_1_116' title="bbox 2030 5260 3603 5331">
     <span class='ocr_line' id='line_1_116' title="bbox 2030 5260 3603 5331; baseline -0.004 -12"><span class='ocrx_word' id='word_1_953' title='bbox 2030 5265 2140 5320; x_wconf 90' lang='lat' dir='ltr'><strong>suit</strong></span> <span class='ocrx_word' id='word_1_954' title='bbox 2170 5279 2255 5318; x_wconf 91' lang='lat' dir='ltr'><strong>me</strong></span> <span class='ocrx_word' id='word_1_955' title='bbox 2289 5264 2342 5318; x_wconf 92' lang='lat' dir='ltr'><strong>in</strong></span> <span class='ocrx_word' id='word_1_956' title='bbox 2375 5262 2557 5317; x_wconf 90' lang='lat' dir='ltr'><strong>medio</strong></span> <span class='ocrx_word' id='word_1_957' title='bbox 2577 5262 2774 5331; x_wconf 88' lang='lat' dir='ltr'><strong>campi,</strong></span> <span class='ocrx_word' id='word_1_958' title='bbox 2810 5271 2864 5316; x_wconf 91' lang='lat' dir='ltr'><strong>et</strong></span> <span class='ocrx_word' id='word_1_959' title='bbox 2894 5262 2982 5315; x_wconf 67' lang='lat' dir='ltr'><strong>hi‘c</strong></span> <span class='ocrx_word' id='word_1_960' title='bbox 3019 5269 3136 5314; x_wconf 86' lang='lat' dir='ltr'><strong>erat</strong></span> <span class='ocrx_word' id='word_1_961' title='bbox 3172 5260 3366 5329; x_wconf 76' lang='lat' dir='ltr'><strong>plenus</strong></span> <span class='ocrx_word' id='word_1_962' title='bbox 3391 5261 3603 5312; x_wconf 76' lang='lat' dir='ltr'><strong>aSsiuiu</strong></span> 
     </span>
    </p>
   </div>
   <div class='ocr_carea' id='block_1_117' title="bbox 2737 5394 3597 5456">
    <p class='ocr_par' dir='ltr' id='par_1_117' title="bbox 2737 5394 3597 5456">
     <span class='ocr_line' id='line_1_117' title="bbox 2737 5394 3597 5456; baseline -0.006 -5"><span class='ocrx_word' id='word_1_963' title='bbox 2737 5397 2818 5456; x_wconf 82' lang='lat'><strong>8..</strong></span> <span class='ocrx_word' id='word_1_964' title='bbox 2862 5413 3042 5450; x_wconf 89' lang='lat' dir='ltr'><strong>ramos</strong></span> <span class='ocrx_word' id='word_1_965' title='bbox 3101 5405 3311 5449; x_wconf 86' lang='lat' dir='ltr'><strong>vestros</strong></span> <span class='ocrx_word' id='word_1_966' title='bbox 3369 5394 3597 5448; x_wconf 88' lang='lat' dir='ltr'><strong>dabitis.</strong></span> 
     </span>
    </p>
   </div>
   <div class='ocr_carea' id='block_1_118' title="bbox 2252 5610 3285 5678">
    <p class='ocr_par' dir='ltr' id='par_1_118' title="bbox 2252 5610 3285 5678">
     <span class='ocr_line' id='line_1_118' title="bbox 2252 5610 3285 5678; baseline -0.003 -17"><span class='ocrx_word' id='word_1_967' title='bbox 2252 5613 2328 5678; x_wconf 81' lang='lat' dir='ltr'><strong>(.r)</strong></span> <span class='ocrx_word' id='word_1_968' title='bbox 2370 5610 2442 5662; x_wconf 85' lang='lat' dir='ltr'><strong>De</strong></span> <span class='ocrx_word' id='word_1_969' title='bbox 2466 5611 2864 5664; x_wconf 68' lang='lat' dir='ltr'><strong>resurrectione</strong></span> <span class='ocrx_word' id='word_1_970' title='bbox 2921 5619 3285 5661; x_wconf 85' lang='lat' dir='ltr'><strong>mortnornm.</strong></span> 
     </span>
    </p>
   </div>
  </div>
