3864 6220
205 220 354 277 2745

1372 219 1781 280 IIEZECIELIS
1816 221 2046 280 CAPUT
2078 220 2366 280 XXXVIII.

3313 223 3459 281 2748

215 348 291 388 -ι-
320 336 682 390 humanorum
720 335 744 406 1
774 335 867 391 :2.
900 343 956 391 et
984 334 1354 391 circumduxit
1401 353 1488 392 me
1521 353 1685 408 super
1723 350 1785 390 ea
1818 341 1863 395 A
1891 334 1958 388 de
1990 334 2172 389 medio
2195 335 2460 405 gentium,
2495 350 2607 406 quo
2632 335 2906 393 intrarunt
2951 337 3101 402 illuc,
3153 346 3205 392 et
3231 349 3466 407 congre-

209 443 312 497 per
339 442 528 498 gyrum
571 428 625 482 in
655 428 910 490 circuitu,
947 436 1002 482 et
1023 443 1152 482 ecce
1198 428 1368 482 multa
1423 429 1577 483 valde
1621 445 1786 498 super

213 519 352 573 facie
375 519 649 589 campi,et
680 536 807 574 ecce
835 521 977 574 sicca
1013 519 1323 574 admodum.
1360 522 1413 574 5.
1454 520 1517 574 Et
1551 520 1684 574 dixit
1719 521 1785 574 ad

211 624 336 661 me:
369 607 470 662 Fili
504 609 763 674 hominis,
789 610 834 664 si
864 611 1046 664 vivent
1071 626 1196 665 ossa
1230 611 1390 666 hac?
1420 611 1484 664 Et
1507 611 1618 664 dixi
1645 629 1657 665 :
1686 609 1788 664 Do-

211 701 361 750 mine
391 698 639 764 Domine,
665 711 720 752 tu
752 699 892 752 nosti
920 712 980 754 -ι-
1019 700 1132 752 haec
1158 699 1205 766 1.
1231 700 1285 753 ὁ.
1320 701 1384 754 Ει
1411 700 1548 754 dixit
1576 700 1639 752 ad
1664 716 1782 753 me:

211 789 316 845 Fili
353 792 610 856 hominis,
653 793 913 862 propheta
966 809 1128 861 super
1164 809 1289 847 ossa
1351 793 1466 846 haec
1493 831 1508 856 ,
1542 800 1596 846 et
1635 792 1787 846 dices

207 883 337 936 eis:
383 881 516 937 Ossa
571 885 740 947 arida,
803 885 988 938 audite
1021 885 1245 938 verbum
1303 882 1538 938 Domini.
1576 885 1628 938 5.
1665 883 1789 939 Haec

208 973 346 1026 dicit
399 973 659 1026 Dominus
710 972 970 1028 Dominus
998 975 1217 1028 ossibus
1250 974 1334 1029 bis
1367 991 1379 1026 :
1407 975 1546 1028 Ecce
1575 991 1674 1044 ego
1710 975 1787 1044 (y)

210 1063 332 1118 fero
388 1081 551 1134 super
603 1081 702 1120 vos
763 1067 1023 1134 spiritum'
1071 1067 1228 1131 vitae,
1293 1068 1346 1120 6.
1401 1075 1454 1120 et
1513 1067 1653 1121 dabo
1692 1083 1787 1121 su-

211 1172 310 1225 per
341 1173 438 1210 vos
478 1171 694 1222 nervos,
721 1167 775 1210 et
800 1157 1070 1210 obducam
1128 1173 1290 1226 super
1323 1172 1418 1211 vos
1476 1173 1689 1223 carnes,
1735 1167 1789 1211 et

210 1249 497 1301 extendam
527 1263 689 1317 super
709 1261 806 1300 vos
828 1247 1042 1316 pellem,
1073 1256 1125 1301 et
1153 1249 1294 1302 dabo
1325 1248 1378 1302 in
1407 1263 1507 1302 vos
1536 1249 1786 1318 spiritum

211 1357 422 1402 meum,
442 1352 494 1395 et
516 1341 732 1404 vivetis,
750 1349 803 1396 et
823 1341 1028 1405 scietis,
1053 1342 1197 1411 quod
1221 1357 1322 1411 ego
1352 1357 1472 1395 sum
1503 1343 1785 1397 Dominus.

210 1432 268 1487 7.
302 1432 365 1487 Et
390 1434 733 1503 prophetavi,
775 1433 918 1488 sicut
941 1433 1197 1503 praecepit
1228 1435 1359 1487 mihi
1402 1433 1682 1489 Dominus.
1723 1435 1790 1488 Et

213 1521 356 1576 facta
391 1533 471 1576 est
501 1525 568 1590 Χ
598 1537 700 1576 vox
734 1523 757 1592 1
786 1559 800 1586 ,
837 1536 960 1576 cum
1001 1537 1100 1591 ego
1142 1525 1522 1593 prophetarem
1546 1563 1560 1588 ,
1585 1532 1638 1576 et
1666 1539 1791 1578 ecce

212 1617 534 1677 commotio,
553 1625 606 1670 et
621 1615 860 1670 admovit
883 1630 1009 1670 ossa
1027 1632 1089 1670 os
1109 1616 1176 1670 ad
1197 1617 1590 1670 connexionem
1610 1631 1786 1670 suam.

210 1704 268 1760 8.
303 1705 370 1758 Et
402 1705 508 1759 vidi
544 1721 558 1758 :
583 1713 637 1759 et
658 1719 784 1758 ecce
811 1719 974 1774 super
998 1721 1061 1760 ea
1094 1707 1266 1772 nervi,
1289 1716 1342 1760 et
1371 1722 1564 1761 carnes
1589 1709 1788 1777 germi-

210 1798 440 1864 nabant,
491 1807 544 1852 et
567 1799 896 1854 ascendebat
955 1815 1118 1868 super
1151 1814 1214 1853 ea
1257 1800 1412 1869 pellis
1449 1799 1702 1869 desuper,
1738 1809 1793 1854 et

210 1889 442 1958 spiritus
466 1905 573 1943 non
599 1900 716 1944 erat
738 1891 792 1945 in
819 1892 920 1945 eis.
944 1891 1000 1946 9.
1027 1889 1091 1944 Et
1117 1891 1252 1944 dixit
1277 1891 1344 1944 ad
1375 1907 1460 1946 me
1483 1908 1497 1944 :
1524 1890 1792 1961 Propheta

209 1998 378 2052 super
406 1983 684 2052 spiritum,
720 1985 1008 2055 propheta,
1040 1984 1113 2038 fili
1148 1985 1410 2050 hominis,
1438 1995 1493 2040 et
1513 1987 1601 2040 dic
1631 1987 1793 2057 spiri-

209 2078 291 2130 tui
322 2095 339 2131 :
372 2074 498 2131 Haec
527 2077 662 2132 dicit
702 2077 968 2134 Dominus
1005 2078 1271 2134 Dominus
1308 2077 1389 2133 :A
1414 2088 1648 2149 quatuor
1679 2080 1794 2150 spi-

207 2167 417 2222 ritibus
452 2167 595 2234 veni,
623 2170 689 2236 Χ
718 2168 944 2237 spiritus
995 2168 1055 2236 1,
1083 2178 1137 2223 et
1181 2169 1397 2224 insuﬂla
1447 2171 1500 2223 iu
1551 2178 1798 2224 mortuos

209 2257 339 2323 bos,
375 2268 429 2312 et
464 2258 673 2313 vivant.
728 2259 816 2316 10.
865 2257 932 2314 Ει
962 2259 1280 2330 prophetavi
1312 2299 1327 2324 ,
1363 2261 1504 2316 sicut
1537 2263 1793 2330 prarcepit

207 2349 352 2402 mihi
392 2367 406 2403 :
451 2358 505 2404 et
538 2349 763 2404 intravit
816 2349 870 2404 in
905 2365 1001 2405 eos
1023 2349 1274 2419 spiritus,
1321 2358 1376 2404 et
1423 2351 1699 2419 vixerunt,
1740 2362 1793 2407 et

207 2447 482 2496 steterunt
511 2457 676 2511 super
711 2441 937 2511 pedibus
970 2442 1109 2504 suis,
1147 2443 1220 2512 (κ)
1254 2444 1599 2513 congregatio
1625 2445 1793 2498 multa

205 2533 370 2588 valde
397 2537 464 2601 Χ
506 2533 659 2587 valde
694 2534 742 2602 1.
786 2533 870 2587 Η.
907 2532 969 2588 Et
1019 2534 1236 2590 locutus
1287 2544 1369 2589 cst
1425 2536 1686 2591 Dominus
1724 2537 1792 2590 ad

207 2639 322 2691 me,
357 2625 584 2681 dicens:
618 2624 720 2680 Fili
762 2625 1021 2691 hominis,
1064 2643 1191 2683 ossa
1241 2628 1356 2682 haec
1391 2630 1573 2683 omnis
1596 2629 1794 2684 domus

206 2712 434 2771 lsraelis
478 2725 580 2781 est,
619 2716 695 2770 illi
726 2716 913 2771 dicunt
943 2736 956 2772 :
998 2718 1164 2772 Arida
1211 2717 1354 2773 facta
1379 2729 1504 2774 sunt
1529 2735 1654 2774 ossa
1691 2735 1793 2772 no-

207 2816 349 2872 stra,
384 2809 543 2878 periit
569 2823 695 2878 spes
725 2818 936 2875 nostra,
971 2809 1108 2864 irriti
1143 2809 1271 2865 facti
1299 2827 1514 2866 sumus.
1545 2810 1632 2866 l2.
1660 2809 1793 2865 Pro-

205 2907 337 2968 pter
363 2900 467 2955 hoc
501 2901 785 2972 propheta,
817 2911 874 2956 et
922 2901 1014 2957 dic
1039 2905 1105 2970 Χ
1134 2903 1202 2956 ad
1236 2918 1332 2958 eos
1381 2904 1403 2972 1
1431 2921 1446 2958 :
1498 2903 1621 2958 Haec
1661 2903 1792 2958 dicit

211 2990 488 3048 Dominus
519 2992 779 3050 Dominus
809 3011 822 3048 :
859 2992 998 3049 Ecce
1049 3008 1149 3064 ego
1182 2994 1366 3064 aperio
1411 2996 1660 3065 sepulcra
1698 3012 1792 3050 ve-
1820 3024 1862 3082 ρ

219 3095 364 3152 atra,
391 3097 443 3142 et
469 3086 696 3141 educam
722 3103 819 3142 vos
839 3102 904 3142 ex
936 3087 1201 3157 sepulcris
1238 3087 1465 3154 vestris,
1499 3091 1566 3156 Χ
1602 3091 1796 3160 popule

209 3178 334 3246 mi1
359 3220 373 3244 ,
399 3190 454 3234 et
475 3179 818 3234 introducam
847 3194 946 3234 vos
972 3181 1026 3233 in
1051 3189 1249 3234 terram
1272 3178 1508 3244 lsraelis,
1545 3181 1632 3238 15.
1660 3185 1796 3251 Χει

211 3270 404 3324 scietis
444 3271 498 3339 1,
551 3269 699 3340 quod
733 3286 833 3342 ego
861 3287 983 3326 sum
1019 3269 1305 3337 Dominus,
1367 3287 1489 3326 cum
1534 3288 1797 3342 aperuere

210 3363 464 3434 sepulcra
489 3372 694 3428 vestra,
729 3372 787 3417 ιιι
818 3364 1045 3418 educam
1080 3379 1176 3418 vos
1202 3363 1269 3417 de
1291 3364 1559 3432 sepulcris
1592 3368 1658 3432 Χ
1701 3381 1795 3419 ve-

211 3456 347 3510 stris
371 3455 426 3522 1,
460 3456 654 3525 p0pule
686 3456 782 3510 mi.
835 3455 920 3509 ﬂ.
955 3458 1032 3526 (a)
1059 3454 1125 3509 Et
1151 3455 1294 3509 dabo
1325 3455 1577 3524 spiritum
1615 3473 1793 3511 meum

213 3546 268 3600 in
304 3561 428 3609 vos,
451 3554 504 3599 et
534 3546 757 3613 vivetis,
793 3555 845 3600 et
878 3561 1074 3616 ponam
1115 3562 1209 3601 vos
1241 3562 1408 3616 super
1455 3556 1655 3601 terram
1701 3565 1796 3602 ve-

211 3649 412 3702 stram,
443 3647 493 3692 et
527 3638 738 3704 scietis,
771 3638 916 3708 quod
946 3654 1046 3710 ego
1088 3637 1354 3695 Dominus
1406 3640 1618 3694 locutus
1645 3656 1792 3704 sum,

211 3738 264 3784 et
296 3730 521 3796 faciam,
554 3729 688 3784 dicit
721 3730 983 3785 Dominus
1031 3729 1316 3786 Dominus.
1373 3731 1460 3785 15.
1494 3731 1560 3783 Et
1592 3731 1793 3785 factum

211 3829 294 3873 est
326 3819 551 3874 verbum
593 3819 804 3874 Domini
829 3820 895 3874 ad
929 3836 1037 3885 me,
1073 3821 1260 3876 dicens
1293 3836 1307 3873 :
1340 3819 1428 3873 16.
1464 3824 1528 3887 Χ
1561 3819 1626 3872 Ει
1658 3828 1712 3874 ιιι
1743 3819 1792 3887 1,

211 3912 288 3965 fili
329 3912 595 3976 hominis,
623 3928 778 3966 sume
831 3913 1144 3982 tibimetipsi
1186 3913 1394 3982 virgam
1426 3915 1494 3981 Χ
1538 3928 1698 3966 unam
1734 3912 1792 3980 1,

211 4015 265 4057 et
292 4003 474 4057 scribe
497 4017 659 4071 super
678 4017 798 4056 eam
820 4001 1040 4067 ludam,
1071 4013 1124 4056 et
1158 4003 1298 4056 tilios
1343 4001 1562 4055 lsraelis
1598 4000 1796 4068 adjun-

211 4105 334 4151 ctos
362 4095 412 4148 ei
439 4109 453 4145 :
479 4103 532 4148 et
569 4093 775 4163 virgam
815 4097 1111 4149 secundam
1152 4111 1340 4149 sumes
1372 4093 1710 4163 tibimetipsi,
1743 4103 1797 4148 et

212 4187 428 4242 scribes
457 4202 576 4241 eam
606 4186 870 4256 Joseplio,
901 4188 1108 4258 virgam
1144 4186 1415 4256 Ephrem,
1450 4194 1502 4240 et
1541 4187 1794 4242 omnibus

213 4279 347 4333 liliis
384 4277 623 4343 lsraelis,
649 4277 743 4347 qui
770 4278 1013 4347 adjuncti
1038 4287 1165 4333 sunt
1195 4277 1267 4332 ei.
1294 4277 1382 4330 17.
1416 4275 1480 4331 Ει
1500 4276 1795 4346 conjunges

212 4386 311 4426 eas
336 4371 571 4425 invicem
602 4371 920 4440 tibimetipsi
951 4371 1005 4424 in
1029 4372 1236 4440 virgam
1271 4385 1460 4436 unam,
1489 4383 1553 4424 -t—
1579 4379 1637 4424 ut
1662 4369 1795 4438 Iiges

216 4476 316 4514 eas
349 4461 374 4528 1
403 4500 418 4523 ,
451 4469 505 4514 et
541 4470 702 4515 erunt
724 4460 776 4514 in
807 4476 970 4515 manu
999 4470 1112 4515 tua.
1138 4460 1226 4513 18.
1257 4459 1324 4514 Ει
1351 4461 1476 4525 erit,
1499 4475 1622 4514 cum
1648 4460 1798 4514 dixe-

217 4553 332 4605 rint
359 4551 429 4605 ad
463 4560 516 4606 te
543 4551 638 4606 lilii
669 4553 855 4622 populi
903 4552 979 4607 tui
1007 4591 1024 4617 ,
1073 4556 1140 4622 Χ
1168 4553 1407 4607 dicentes
1442 4551 1464 4620 1
1501 4569 1515 4604 :
1548 4552 1668 4606 Non
1699 4569 1800 4606 an-

215 4643 446 4697 nuntias
479 4643 659 4710 nobis,
693 4645 821 4714 quid
864 4645 973 4699 sint
1009 4646 1121 4699 lucc
1169 4644 1303 4698 tibi?
1336 4645 1416 4698 I9.
1464 4643 1530 4698 Et
1553 4645 1701 4700 dices
1733 4645 1800 4698 ad

215 4751 314 4790 eos
349 4751 363 4785 :
401 4734 528 4790 Haec
559 4735 693 4790 dicit
725 4736 987 4790 Dominus
1022 4735 1286 4789 Dominus
1320 4753 1332 4788 :
1365 4735 1504 4790 Ecce
1551 4751 1652 4805 ego
1703 4752 1798 4791 su-

217 4842 367 4881 mam
416 4827 618 4881 tribum
672 4825 897 4896 Joseph,
952 4843 1074 4896 quae
1105 4826 1158 4879 in
1201 4841 1364 4880 manu
1423 4825 1692 4894 Ephraun,
1741 4834 1796 4880 ct

217 4920 400 4973 tribus
422 4917 660 4982 lsraelis,
679 4934 800 4985 quae
829 4918 1098 4987 adjuncta:
1119 4926 1247 4971 sunt
1273 4918 1345 4982 ei,
1368 4916 1442 4982 (b)
1467 4926 1520 4970 et
1540 4916 1678 4970 dabo
1700 4932 1795 4969 eos

218 5026 384 5079 super
413 5011 616 5063 tribum
646 5009 816 5073 Iudae,
855 5019 908 5064 et
941 5019 1101 5062 erunt
1124 5010 1176 5062 in
1207 5008 1414 5078 virgam
1445 5022 1633 5072 unam,
1657 5012 1796 5074 Χει

217 5111 383 5157 erunt
411 5118 580 5156 unum
622 5103 644 5171 1
693 5102 747 5155 in
780 5117 943 5156 manu
972 5099 1147 5154 ludas.
1176 5100 1267 5154 20.
1310 5099 1377 5153 Et
1423 5109 1577 5154 erunt
1610 5099 1792 5169 virgas,

221 5211 391 5264 super
419 5195 624 5265 quibus
665 5205 720 5247 tu
755 5194 1020 5262 scripsisti
1067 5208 1232 5261 super
1264 5193 1368 5255 eis,
1409 5192 1463 5244 in
1505 5207 1669 5245 manu
1699 5198 1790 5244 tua

218 5298 410 5336 coram
452 5282 553 5337 eis.
586 5282 675 5336 2i.
731 5281 799 5336 Et
848 5283 998 5336 dices
1035 5281 1164 5336 eis:
1201 5280 1323 5335 Haec
1352 5282 1483 5336 dicit
1530 5280 1795 5336 Dominus

223 5373 490 5429 Dominus
517 5393 530 5428 :
561 5372 698 5428 Ecce
727 5388 827 5444 ego
856 5387 1012 5427 sumo
1045 5389 1260 5427 omnem
1310 5373 1529 5427 domum
1583 5371 1794 5426 Israelis

285 5529 370 5600 (υ)
424 5529 714 5586 Introduco
745 5530 796 5601 in
830 5547 945 5586 vos.
1011 5531 1080 5601 (ι)
1104 5531 1188 5598 8.,
1231 5530 1353 5596 'I'Ii.,
1379 5531 1572 5585 virtus.
1653 5529 1731 5601 (ιι)
1763 5527 1800 5582 8

1895 5536 1934 5582 ξι
1965 5539 2185 5601 poua‘m.

990 5595 1598 5670 (c)'S.,'aversimiibus.
1662 5595 1755 5669 Id)
1780 5599 1946 5670 S.,_et
1966 5595 2318 5670 confirmabo
2351 5608 2466 5649 eos.

223 5616 314 5670 gat
349 5602 519 5654 tribus
560 5602 706 5669 regia
737 5599 910 5655 ludat.

1889 427 2028 496 gabo
2059 441 2156 481 eos
2182 443 2247 481 ex
2271 429 2548 492 omnibus,
2575 429 2670 499 qui
2703 429 2758 483 in
2785 431 3020 484 circuitu
3051 446 3265 495 eorum,
3295 440 3348 483 et
3377 430 3464 483 in.

1890 520 2174 573 troducam
2224 535 2322 575 eos
2360 520 2414 574 in
2453 530 2650 575 terram
2695 520 2930 586 lsraelis,
2964 523 3053 576 22.
3086 527 3138 576 et
3192 521 3334 575 dabo
3368 537 3466 574 eos

1889 607 1941 660 io
1977 617 2189 678 gentem
2219 626 2380 664 unam
2409 611 2461 664 in
2495 620 2635 665 terra
2666 628 2805 673 mea.
2834 623 2886 667 et
2910 615 2960 665 in
2989 612 3267 666 montibus
3293 604 3466 666 Israe-s

1889 698 1996 753 lis:
2033 707 2088 753 et
2123 699 2375 769 princeps
2407 717 2546 756 unus
2584 702 2689 756 erit
2739 718 2929 757 eorum
2970 705 3037 771 Χ
3087 702 3140 756 in
3178 718 3355 771 regem
3395 703 3465 768 1,

1888 799 1935 845 et
1969 807 2077 846 non
2112 802 2270 846 erunt
2317 793 2552 862 amplius
2589 793 2641 847 in
2671 794 2809 848 duas
2843 805 3050 864 gentes,
3089 810 3189 848 nec
3216 793 3462 848 dividen-

1891 891 1978 938 tur
2007 884 2238 953 amplius
2271 885 2323 938 in
2355 885 2464 938 duo
2493 901 2682 955 regna,
2714 886 2803 941 25.
2832 895 2891 939 ut
2931 901 2997 939 ne
3026 884 3467 938 contaminentur

1890 975 2123 1043 amplius
2154 976 2205 1027 in
2231 974 2390 1029 idolis
2410 976 2544 1037 suis.
2564 978 2630 1043 Χ
2651 984 2703 1031 et
2729 977 2782 1031 in
2806 977 3306 1032 abominationibus
3325 977 3464 1038 suis,

1889 1077 1942 1120 et
1970 1067 2024 1120 in
2077 1067 2332 1122 omnibus
2372 1069 2743 1138 impietatibus
2779 1070 2896 1124 suis
2921 1071 2943 1138 1
2970 1089 2983 1123 :
3013 1077 3066 1124 et
3095 1069 3324 1139 eripiam
3372 1085 3469 1123 eos

1889 1175 1955 1213 ex
1981 1161 2236 1214 omnibus
2265 1160 2334 1230 (ε)
2366 1162 2746 1231 iniquitatibus
2797 1177 3013 1227 eorum,
3043 1162 3244 1231 quibus
3273 1176 3466 1230 pecea-

1891 1261 2018 1305 rnnt
2048 1252 2101 1305 in
2124 1252 2228 1314 eis,
2257 1262 2307 1305 et
2334 1252 2609 1306 mundabo
2633 1267 2749 1314 eos,
2779 1260 2833 1306 et
2854 1261 3014 1306 erunt
3044 1252 3177 1305 mihi
3210 1252 3262 1305 in
3296 1268 3470 1322 popu-

1891 1343 2025 1408 lum,
2053 1352 2107 1398 et
2145 1360 2244 1414 ego
2271 1360 2367 1399 ero
2400 1344 2479 1398 eis
2532 1344 2584 1398 in
2640 1343 2829 1398 Deum.
2861 1344 2952 1398 24.
2988 1343 3051 1397 Et
3089 1359 3280 1398 servus
3312 1359 3468 1397 meus

1893 1432 2056 1486 David
2084 1433 2335 1502 princeps
2366 1433 2419 1487 lu
2447 1434 2625 1487 medio
2645 1448 2860 1498 eorum,
2902 1443 2954 1487 et
2983 1442 3171 1502 pastor
3197 1449 3338 1487 unus
3361 1433 3468 1486 erit

1890 1524 2132 1577 omnium
2157 1527 2224 1592 Χ
2252 1540 2442 1579 eorum
2476 1524 2524 1592 1,
2546 1525 2674 1594 quia
2706 1524 2758 1578 in
2787 1526 3071 1595 praeceptis
3103 1524 3240 1578 meis
3273 1525 3468 1577 ambo.

1893 1615 2104 1680 labunt,
2139 1624 2194 1670 et
2219 1615 2424 1686 judicia
2451 1630 2570 1669 mea
2599 1616 2931 1682 custodierit,
2954 1627 3007 1670 et
3029 1615 3227 1672 facient
3255 1632 3339 1677 ea,
3371 1615 3464 1668 23.

1895 1720 1942 1763 et
1969 1707 2295 1762 habitabunt
2322 1724 2486 1778 super
2515 1718 2656 1764 terra
2685 1725 2806 1774 sua,
2835 1725 2998 1778 quam
3032 1724 3134 1779 ego
3159 1708 3281 1763 dedi
3307 1719 3470 1763 servo

1892 1817 2016 1856 meo
2061 1800 2287 1867 Jacobo,
2341 1818 2452 1872 quo
2502 1803 2822 1857 habitarunt
2866 1803 2938 1856 ibi
2967 1814 3144 1871 patres
3171 1816 3380 1866 eorum,
3413 1811 3469 1854 rt

1891 1892 2214 1948 babitabunt
2244 1910 2408 1964 super
2437 1909 2499 1950 ea
2532 1895 2657 1965 ipsi,
2679 1904 2735 1949 et
2764 1894 2858 1949 lilii
2886 1910 3099 1956 eorum,
3131 1904 3183 1947 et
3204 1893 3295 1946 filii
3329 1893 3469 1947 lilio-

1891 1999 2014 2039 rum
2040 2000 2257 2050 eorum,
2277 2001 2450 2055 usque
2475 1985 2528 2039 in
2550 1987 2971 2056 sempiternum:
3002 1994 3053 2039 et
3087 1985 3250 2039 David
3276 2001 3466 2040 servus

1893 2093 2047 2132 meus
2077 2076 2328 2147 princeps
2357 2092 2544 2131 eorum
2571 2079 2638 2144 Χ
2663 2077 2767 2130 erit
2797 2077 2820 2145 1
2855 2076 2907 2130 in
2936 2077 3348 2146 sempiternum.
3373 2076 3467 2130 2t}.

1892 2167 1958 2222 Et
2007 2184 2206 2239 ponam
2257 2169 2337 2224 eis
2374 2177 2759 2223 testamentum
2811 2169 3000 2238 pacis,
3054 2177 3464 2229 testamentum,

1891 2262 2034 2332 quod
2077 2262 2132 2316 in
2165 2261 2384 2326 saecula,
2421 2262 2526 2316 erit
2563 2277 2687 2316 cum
2723 2262 2801 2315 eis
2831 2277 2843 2313 :
2886 2265 2952 2328 Χ
2988 2261 3066 2330 (d)
3100 2270 3151 2314 cl
3183 2261 3320 2314 dabo
3347 2277 3466 2322 eos,

1892 2363 1945 2407 et
1970 2353 2338 2423 multiplicabo
2363 2368 2459 2408 eos
2497 2354 2523 2423 1
2551 2372 2564 2407 :
2589 2363 2643 2407 et
2673 2368 2871 2422 ponam
2899 2353 3096 2406 Sancta
3123 2366 3243 2405 mea
3273 2350 3327 2404 in
3351 2366 3467 2404 me-

1892 2445 1983 2499 dio
2012 2461 2202 2500 eorum
2227 2446 2280 2500 in
2304 2446 2717 2515 sempiternum.
2738 2444 2830 2498 27.
2854 2453 2904 2497 et
2928 2443 3029 2497 erit
3057 2443 3465 2498 tabernaculum

1896 2551 2074 2591 meum
2106 2538 2159 2590 in
2191 2539 2294 2600 eis,
2326 2545 2379 2591 et
2406 2551 2500 2589 ero
2525 2535 2605 2590 eis
2639 2534 2804 2599 Deus,
2829 2539 2879 2589 et
2918 2534 2992 2587 illi
3023 2541 3184 2588 erunt
3216 2533 3343 2586 mihi
3368 2549 3469 2602 po-

1894 2627 2074 2697 pulus.
2095 2627 2182 2681 28.
2215 2626 2279 2680 Et
2299 2628 2472 2682 scient
2498 2635 2702 2696 gentes,
2733 2625 2878 2696 quod
2906 2641 3007 2695 ego
3027 2642 3144 2682 sum
3181 2623 3465 2693 Dominus,

1893 2720 2242 2775 sanctiﬁcans
2280 2735 2396 2782 eos,
2436 2719 2658 2789 quando
2714 2719 2915 2772 fuerint
2948 2717 3141 2772 Sancta
3180 2734 3319 2772 mea.

1963 2811 2097 2880 Cap.
2130 2809 2414 2864 XXXVIII.
2449 2840 2518 2850 —
2551 2810 2602 2863 I.
2653 2810 2830 2878 Super
2883 2807 2999 2879 Gog
3051 2819 3106 2864 et
3159 2807 3367 2880 Magog.
3401 2811 3469 2865 Et

1895 2902 2095 2957 factum
2124 2911 2208 2956 est
2247 2904 2470 2956 verbum
2523 2901 2734 2954 Domini
2776 2901 2841 2954 ad
2879 2916 2985 2963 me,
3025 2900 3247 2956 dicens:
3274 2902 3330 2956 2.
3366 2900 3465 2954 Fiii

1896 2996 2153 3056 hominis.
2184 2997 2252 3067 (ε)
2279 3013 2414 3063 pone
2446 2994 2640 3048 faciem
2672 3003 2818 3047 tuam
2853 2991 3159 3064 superGog,
3186 3002 3241 3047 et
3265 3002 3466 3048 terram

1897 3089 2107 3160 Magog,
2141 3089 2439 3159 principem
2491 3087 2621 3149 Ros,
2669 3095 2722 3140 et
2769 3085 3012 3149 Mosoch,
3061 3095 3116 3140 et
3157 3085 3384 3149 TItobeI,
3415 3096 3470 3142 et

1898 3179 2155 3249 propheta
2186 3193 2350 3245 super
2379 3193 2527 3238 eum,
2555 3177 2608 3230 5.
2647 3184 2702 3229 et
2735 3175 2822 3228 dic
2842 3176 2894 3230 ei
2923 3191 2936 3226 :
2977 3176 3098 3229 Ilaec
3124 3177 3254 3229 dicit
3284 3176 3470 3230 Domi-

1897 3287 2000 3324 nus
2049 3269 2310 3323 Dominus
2345 3285 2358 3321 :
2409 3266 2546 3322 Ecce
2579 3283 2679 3336 ego
2709 3282 2874 3335 super
2911 3274 2964 3320 te
2989 3265 3134 3336 Gog,
3168 3268 3464 3336 principem

1897 3361 2028 3424 Ros,
2067 3361 2282 3414 Mosoch
2304 3368 2358 3414 et
2387 3358 2613 3422 Thobel,
2639 3358 2692 3411 4.
2728 3361 2795 3427 Χ
2823 3366 2878 3412 et
2903 3358 3267 3428 circumagam
3302 3369 3372 3422 te,
3412 3368 3468 3414 et

1898 3454 2037 3508 dabo
2068 3452 2282 3506 frenum
2329 3452 2383 3506 in
2423 3451 2672 3505 maxillas
2699 3460 2819 3504 tuas
2855 3450 2904 3518 1,
2935 3461 2990 3504 et
3016 3452 3357 3520 congregabo
3392 3461 3467 3515 te,

1896 3554 1949 3598 et
1979 3559 2195 3597 omnem
2229 3543 2479 3598 virtutem
2509 3551 2677 3605 tuam,
2705 3558 2897 3613 equos,
2927 3552 2980 3596 et
2998 3543 3210 3612 equites
3243 3545 3468 3599 vestitos

1898 3633 2082 3687 loricis
2106 3648 2317 3695 omnes,
2350 3632 2825 3700 congregationem
2862 3635 3114 3694 multam,
3140 3634 3379 3703 clypeos.
3411 3643 3468 3688 et

1896 3727 2095 3796 galeas,
2119 3735 2171 3778 et
2200 3726 2425 3789 gladios.
2449 3728 2515 3793 Χ
2539 3740 2728 3779 omnes
2755 3724 2930 3794 hi15.
2952 3724 3150 3788 Persae,
3173 3735 3226 3779 et
3252 3723 3467 3778 Aithio-

1896 3833 2011 3886 pes,
2043 3825 2095 3870 cl.
2120 3815 2273 3886 Lydi,
2305 3826 2356 3868 et
2378 3814 2571 3885 Libyes
2599 3817 2665 3883 Χ
2701 3829 2824 3868 cum
2854 3815 2935 3868 eis
2962 3815 2984 3882 1
3019 3832 3034 3869 :
3067 3829 3256 3868 omnes
3277 3814 3466 3894 galc‘v,

1895 3919 1948 3962 et
1972 3908 2195 3976 clypeis,
2221 3907 2273 3960 6.
2300 3905 2519 3969 Gomcr,
2538 3913 2590 3958 et
2618 3920 2809 3960 omnes
2832 3906 2923 3976 qui
2947 3905 3088 3975 apud
3104 3921 3254 3970 eum,
3271 3907 3468 3959 domus

1897 3997 2199 4068 Thergama
2229 3997 2296 4050 ab
2333 4006 2577 4050 extremo
2602 3996 2876 4067 aquilonis
2900 4037 2915 4063 ,
2951 3996 3026 4067 (f)
3062 4005 3117 4051 et
3144 4011 3334 4050 omnes
3372 3996 3467 4066 qui

1896 4091 2036 4160 apud
2084 4101 2210 4141 eum
2233 4130 2246 4153 ,
2289 4099 2342 4142 et
2368 4099 2553 4158 gentes
2583 4089 2767 4142 multae
2802 4088 2874 4158 (g)
2897 4103 3018 4143 eum
3045 4103 3133 4143 eo.
3171 4087 3221 4142 7.
3255 4087 3468 4157 Prarpa-

1897 4197 2040 4245 rare,
2060 4195 2297 4248 pra'para
2325 4180 2690 4248 temetipsum,
2720 4187 2800 4246 tu,
2829 4189 2881 4233 et
2911 4177 3092 4232 omnis
3117 4179 3467 4248 congregatio

1896 4283 2010 4336 tua,
2040 4273 2131 4341 qui
2166 4271 2374 4325 collecti
2407 4279 2534 4325 sunt
2563 4279 2764 4335 tecum,
2795 4279 2850 4324 et
2887 4269 2996 4324 eris
3027 4269 3156 4323 mihi
3206 4269 3259 4322 in
3281 4277 3469 4322 custo-

1829 4361 1871 4416 D
1899 4364 2065 4420 diam.
2089 4363 2143 4418 8.
2175 4362 2219 4414 A
2251 4362 2442 4416 diebus
2472 4360 2657 4416 multis
2682 4361 3097 4432 prteparabitur,
3131 4369 3184 4414 et
3207 4360 3260 4413 in
3289 4371 3470 4414 extre-

1897 4471 1987 4509 mo
2008 4470 2275 4508 annorntn
2308 4453 2506 4517 veniet,
2539 4461 2595 4506 et
2627 4452 2879 4506 venietin
2913 4460 3135 4516 terram,
3178 4467 3300 4521 quae
3344 4467 3469 4520 per-

1896 4562 2050 4601 versa
2076 4554 2158 4600 est
2188 4562 2215 4598 a
2253 4544 2448 4612 gladio,
2481 4552 2865 4614 congregatam
2889 4557 2954 4596 ex
2982 4543 3232 4613 gentibus
3258 4544 3466 4607 multis,

1897 4654 2061 4708 super
2082 4647 2281 4692 terram
2307 4636 2540 4700 lsraelis,
2569 4649 2688 4705 qua
2714 4634 2858 4688 facta
2883 4643 2966 4688 est
2984 4634 3194 4688 deserta
3216 4635 3465 4696 omnino,

1897 4739 1952 4785 et
1981 4731 2070 4784 hic
2097 4746 2161 4784 ex
2191 4729 2444 4800 gentibus
2473 4727 2684 4792 exivit,
2710 4736 2763 4780 et
2799 4726 3122 4780 habitabunt
3149 4741 3313 4794 super
3339 4741 3470 4794 pace

1902 4838 2114 4881 omnes.
2146 4821 2200 4874 9.
2235 4821 2301 4874 Et
2335 4819 2598 4873 ascendes
2650 4818 2728 4888 (Ii)
2771 4818 2912 4872 sicut
2963 4817 3165 4886 pluvia,
3211 4826 3265 4871 et
3285 4818 3470 4872 venies

1903 4913 2045 4966 sicut
2073 4911 2265 4973 nubes,
2301 4918 2355 4963 et
2383 4908 2595 4978 operies
2625 4916 2847 4972 terram,
2875 4917 2928 4961 et
2958 4906 3119 4960 cades
3145 4915 3224 4970 tu,
3256 4913 3310 4959 et
3350 4923 3470 4959 om-

1903 5019 2018 5066 nes,
2053 5003 2142 5070 qui
2174 4999 2314 5070 apud
2344 5009 2416 5060 te.
2450 5007 2503 5052 et
2532 5007 2718 5068 gentes
2752 4997 2935 5052 multa:
2965 5012 3089 5051 cum
3123 5005 3193 5050 te.
3226 4996 3310 5050 10.
3345 4995 3469 5050 Ηειῑο

1900 5095 2032 5150 dicit
2059 5092 2323 5146 Dominus
2350 5089 2614 5145 Dominus
2646 5087 2752 5143 :Et
2779 5088 2884 5144 erit
2910 5088 2963 5142 in
2996 5089 3084 5142 die
3117 5087 3209 5141 illo
3230 5127 3243 5150 ,
3276 5101 3470 5142 ascen-

1899 5189 2028 5242 dent
2057 5188 2219 5241 verba
2255 5201 2417 5254 super
2438 5191 2800 5248 cortuum,et
2829 5179 3094 5250 cegitabis
3112 5180 3468 5249 cogitationes

1901 5277 2094 5341 malas,
2127 5276 2212 5329 II.
2246 5283 2300 5328 et
2321 5274 2467 5328 dices
2495 5292 2509 5328 :
2535 5272 2838 5327 Ascendam
2866 5287 3030 5340 super
3051 5279 3248 5324 terram
3279 5269 3470 5339 expul-

1901 5385 2042 5434 sam,
2075 5367 2285 5421 veniam
2318 5381 2481 5435 super
2510 5365 2852 5435 quiescentes
2881 5364 2934 5415 in
2983 5362 3185 5432 quiete,
3231 5370 3284 5414 et
3313 5361 3470 5414 habi-
3504 5383 3509 5387 -

2272 5521 2345 5591 (ὁ)
2389 5521 2471 5587 S.,
2497 5531 2546 5576 et
2580 5521 2720 5574 dabo
2749 5534 2999 5575 caseum
3033 5517 3242 5591 illa,___ut
3267 5515 3470 5568 ὶιιιυῖιῑο

2546 5593 2611 5662 (ιτ)
2643 5592 2728 5656 8.,
2753 5591 2962 5646 ordina.
3039 5589 3105 5657 (f)
3127 5588 3246 5653 'I'h.,
3273 5597 3326 5641 et
3352 5603 3470 5640 oui-

224 5665 316 5725 iiia
353 5665 723 5726 sustentacula
752 5672 889 5739 ejus.
971 5665 1204 5740 (giCum
1244 5680 1316 5727 te.
1397 5673 1472 5741 (Ii)
1506 5671 1588 5737 5.,
1623 5665 1823 5726 subito.
1865 5667 1986 5736 Tli.,
2023 5667 2165 5723 sicut
2190 5665 2370 5720 turbo.
