3848 6218
359 232 427 287 27
442 231 497 288 17

1449 219 1673 277 CODEX
1719 217 2179 275 SYRIACO-HEX
2191 216 2362 273 APLA
2373 216 2503 275 RIS.

3466 217 3613 277 2758
3630 216 3639 227 “

358 361 537 408 tantes
577 363 742 419 super
774 359 908 418 pace
930 387 945 413 ,
974 360 1167 401 omnes
1220 342 1589 398 inhabitantes
1620 349 1843 402 terram,
1877 337 1931 391 in
1962 342 2009 397 Α
2036 336 2223 391 dextra
2249 349 2364 401 tua,
2398 345 2452 390 et
2478 334 2727 405 dejiciam
2763 333 2887 390 tet.
2920 347 3084 405 super
3117 342 3329 392 montes
3368 332 3607 406 lsraelis,

358 458 465 513 qua
498 457 604 495 11011
633 449 716 495 081.
736 454 948 503 murus,
976 452 1152 507 neque
1180 445 1383 499 νθοιεε,
1402 443 1458 489 θι
1478 442 1647 502 porta:
1676 446 1785 484 11011
1807 437 1935 484 sunt

358 538 460 601 eis,
494 534 579 588 12.
611 533 679 587 ad
734 530 1120 603 captivandum
1177 528 1565 598 captivitatem,
1605 533 1660 579 et
1699 524 1762 577 ad
1796 536 1933 591 prae-

356 626 599 680 dandum
642 623 894 693 praedam}
917 636 1127 684 eorum,
1160 620 1226 673 ad
1253 616 1678 673 convertendum
1712 628 1933 667 manum

360 732 537 771 meam
574 719 625 769 in
662 725 863 769 terram
912 712 1241 773 desolatam,
1300 724 1420 778 qua:
1460 707 1703 761 habitata
1738 716 1854 769 est,
1882 715 1938 758 et

360 824 525 879 super
551 816 764 879 gentem
796 815 1179 875 congregatam
1202 818 1269 857 ex
1302 801 1553 872 gentibus
1592 799 1800 863 multis,
1841 798 1936 867 qui

362 900 614 955 fecerunt
645 898 1045 968 possessiones,
1070 898 1136 963 Ἀ(
1170 904 1224 949 et
1255 892 1669 962 acquisitionem
1701 891 1749 961 ζ,
1781 889 1937 943 habi-

363 1002 539 1048 tantes
564 1006 728 1062 super
757 990 1078 1044 umbilicum
1117 998 1292 1043 terrae.
1326 987 1412 1041 l5.
1450 984 1613 1051 Saba,
1647 995 1701 1039 et
1726 983 1935 1046 Dadan,

360 1094 418 1141 et
458 1086 819 1155 negotiatores
865 1081 1321 1152 Carthaginenses
1348 1119 1362 1142 ,
1394 1080 1454 1151 (i)
1484 1087 1538 1134 et
1579 1092 1768 1132 omnes
1800 1077 1939 1131 villae

363 1192 555 1232 eorum
589 1178 771 1231 dicent
795 1176 886 1229 tibi
910 1194 921 1229 :
948 1173 1323 1243 Captivitatem
1354 1172 1419 1226 ad
1446 1171 1715 1240 captivam
1743 1169 1943 1224 ducen-

366 1267 488 1323 dam
524 1278 579 1322 tu
605 1269 777 1329 venis,
815 1280 867 1319 et
900 1265 966 1319 ad
1010 1262 1365 1335 prmdandum
1397 1260 1632 1331 praedam
1660 1274 1674 1310 :
1710 1273 1940 1327 congre-

367 1360 503 1430 gasti
534 1357 1008 1427 congregationem
1037 1364 1207 1418 tuam,
1237 1354 1301 1407 ad
1325 1350 1623 1406 tollendum
1654 1358 1937 1418 argentum

363 1460 420 1505 et
440 1465 658 1514 aurum,
691 1449 755 1502 ad
786 1446 1177 1517 acquirendum
1203 1444 1622 1513 acquisitionem
1642 1482 1656 1506 ,
1694 1442 1759 1495 ad
1799 1455 1938 1511 prae-

363 1541 601 1595 dandum
640 1538 873 1609 praedam
911 1541 977 1605 >ε<
1002 1535 1073 1606 (k)
1115 1551 1365 1605 magnam
1396 1536 1442 1603 ζ.
1475 1534 1562 1587 11.
1588 1531 1812 1600 Propter
1839 1530 1941 1583 hoc

363 1636 644 1704 propheta,
684 1632 756 1685 lili
806 1632 1060 1694 hominis,
1096 1639 1150 1684 et
1190 1630 1277 1683 dic
1323 1628 1389 1682 ad
1447 1626 1603 1694 Gog:
1654 1623 1779 1678 Haec
1807 1623 1940 1677 dicit

2036 437 2091 484 et
2122 428 2285 483 cades
2320 437 2403 489 tu,
2425 437 2479 483 et
2510 442 2723 489 omnes,
2748 427 2838 497 qui
2866 428 3010 497 apud
3039 435 3112 492 te,
3145 437 3200 483 et
3230 436 3438 497 gentes,
3484 444 3612 500 qua

2036 532 2159 571 cum
2195 527 2245 570 te
2271 556 2285 580 ,
2336 515 2613 571 dabuntur
2656 516 2708 570 in
2747 517 3150 572 multitudinem
3191 519 3417 583 avium,
3456 520 3610 575 omni

2035 607 2266 670 volucri,
2291 616 2345 661 et
2364 608 2619 662 omnibus
2649 608 2839 663 bestiis
2876 609 3052 678 campi
3082 610 3203 663 dedi
3258 620 3308 664 te
3351 611 3417 665 ad
3444 610 3610 667 devo-

2037 699 2291 752 randum.
2320 699 2371 754 5.
2403 699 2579 769 Super
2619 699 2757 756 facie
2788 700 2964 770 campi
2998 701 3185 763 cades,
3236 704 3361 771 quia
3387 720 3487 773 ego
3527 704 3613 759 lo-

2037 798 2197 845 cutus
2231 804 2377 853 sum,
2407 790 2539 845 dicit
2579 788 2848 845 Dominus
2881 791 3161 846 Dominus.
3195 796 3248 847 6.
3298 792 3361 847 Et
3395 795 3609 849 mittam

2039 878 2217 948 ignem
2246 893 2412 947 super
2456 877 2667 949 Magog,
2703 887 2758 933 et
2798 880 3187 934 habitabuntur
3231 882 3421 937 insulae
3445 899 3614 954 super

2038 984 2191 1038 pace,
2222 979 2277 1024 et
2310 970 2501 1034 scient,
2527 970 2671 1040 quod
2700 985 2802 1040 ego
2841 987 2963 1025 sum
2999 973 3283 1028 Dominus.
3322 974 3375 1029 7.
3408 973 3474 1028 Et
3509 990 3612 1030 no-

2040 1076 2162 1115 men
2188 1072 2437 1117 sanetum
2460 1076 2640 1116 meum
2669 1063 2970 1119 innotescet
3003 1066 3057 1120 in
3093 1067 3273 1121 medio
3295 1068 3478 1135 populi
3502 1068 3615 1123 mei

2041 1150 2277 1217 lsraelis,
2300 1164 2353 1209 et
2390 1169 2497 1209 non
2549 1155 2824 1225 polluetur
2880 1170 3078 1210 nomen
3127 1167 3374 1213 sanctum
3428 1175 3614 1215 meum

2041 1248 2296 1316 amplius,
2335 1255 2389 1302 et
2421 1247 2594 1301 scient
2627 1246 2699 1319 (ο)
2734 1250 3098 1318 gentes,quod
3130 1266 3229 1320 ego
3276 1267 3395 1307 sum
3426 1252 3617 1308 Domi-

2042 1355 2146 1392 nus
2174 1348 2400 1393 sanctus
2431 1337 2666 1395 lsraelis.
2701 1339 2753 1394 8.
2786 1338 2924 1395 Ecce
2959 1342 3125 1405 venit,
3159 1351 3213 1396 et
3263 1345 3424 1409 scies,
3465 1346 3617 1411 quod

2041 1432 2165 1493 erit,
2206 1432 2339 1486 dicit
2373 1430 2449 1502 (p)
2482 1431 2743 1486 Dominus
2784 1432 3064 1490 Dominus.
3102 1434 3199 1489 llic
3249 1445 3334 1490 est
3382 1437 3522 1502 dies,
3558 1439 3615 1492 in

2042 1539 2153 1593 quo
2188 1525 2397 1579 locutus
2420 1540 2562 1579 sum.
2583 1524 2635 1578 9.
2664 1524 3022 1595 Egredientur
3048 1528 3354 1582 habitantes
3374 1529 3428 1581 in
3462 1530 3616 1583 urbi-

2043 1617 2147 1672 bus
2179 1617 2417 1679 lsraelis,
2452 1621 2516 1685 β(
2554 1627 2608 1671 et
2637 1617 2926 1673 incemlent
2963 1620 2985 1686 ζ
3023 1627 3075 1672 et
3104 1620 3500 1674 comburentin
3528 1635 3619 1673 ar-

366 1703 631 1779 Dominus
667 1723 929 1777 Dominus
966 1720 1196 1774 :Nonne
1234 1720 1286 1773 in
1316 1721 1401 1772 die
1436 1721 1545 1783 illo,
1580 1733 1702 1771 cum
1730 1714 1943 1768 babita-
1976 1703 2019 1759 Β
2044 1709 2169 1772 mis,
2217 1709 2267 1761 Ῐη
2315 1708 2538 1779 01)·ρρὶε.
2570 1718 2625 1763 cl
2656 1710 2709 1763 ίη
2756 1710 2979 1775 lanceis.
3012 1720 3066 1766 el
3097 1711 3149 1765 in
3182 1713 3438 1775 arcubus,
3470 1723 3524 1768 et
3559 1715 3617 1768 in

366 1810 505 1870 verit
531 1818 759 1885 populus
791 1829 943 1867 meus
979 1812 1141 1867 Israel
1192 1827 1355 1880 super
1399 1825 1549 1879 pace,
1588 1805 1817 1876 surges?
1857 1804 1938 1858 15.

367 1907 432 1959 Et
458 1907 641 1960 venies
670 1922 734 1959 ex
762 1906 880 1959 loco
915 1914 1008 1958 tuo
1044 1904 1112 1957 ab
1135 1911 1380 1956 extremo
1404 1899 1695 1971 aquilonis,
1727 1907 1781 1952 et
1812 1911 1943 1967 gen-

364 2006 447 2053 t’es
503 1998 686 2052 multa“:
735 2012 858 2051 cum
897 2006 986 2050 te:
1045 2009 1365 2049 ascensores
1408 2007 1675 2062 equorum
1727 2003 1939 2055 omnes,

363 2090 713 2161 congregatio
747 2102 963 2157 magna,
982 2097 1034 2141 et
1061 2086 1231 2140 virtus
1260 2085 1449 2138 multa.
1474 2084 1559 2137 16.
1586 2081 1651 2135 Et
1680 2080 1942 2135 ascendes

364 2196 530 2250 super
574 2179 829 2249 populum
886 2193 1065 2232 meum
1124 2177 1411 2239 lsraelem,
1462 2175 1605 2228 sicut
1639 2172 1830 2237 nubes,
1883 2178 1943 2224 ut

364 2275 581 2344 operias
625 2281 867 2327 terram:
905 2270 959 2324 in
990 2280 1237 2325 extremo
1274 2268 1490 2327 dierum,
1515 2268 1640 2329 erit,
1687 2273 1743 2318 et
1770 2264 1942 2317 addu-

365 2383 483 2421 cam
513 2375 563 2420 te
592 2380 758 2434 super
787 2376 986 2417 terram
1020 2371 1191 2426 tuam,
1225 2370 1285 2414 ut
1312 2361 1488 2416 sciant
1519 2359 1723 2429 lomnes
1752 2365 1943 2427 gentes

365 2472 481 2517 me,
532 2472 657 2511 cum
722 2455 1096 2509 sanctilicatus
1151 2451 1307 2505 fuero
1368 2451 1424 2504 in
1483 2458 1535 2503 te
1581 2462 1764 2503 coram
1820 2448 1940 2511 eis,

368 2555 434 2619 3K
465 2550 579 2620 Gog
611 2550 658 2617 ζ.
696 2547 780 2601 17.
825 2546 950 2601 lla-c
996 2546 1131 2601 dicit
1178 2544 1442 2598 Dominus
1484 2542 1747 2596 Dominus
1787 2554 1848 2595 +
1874 2539 1941 2593 ad

364 2644 481 2712 Gog
510 2641 565 2710 ξε
597 2639 678 2695 Τιι
708 2656 790 2703 es,
814 2640 881 2695 de
911 2655 1020 2708 quo
1046 2638 1260 2694 locutus
1282 2650 1402 2691 sum
1430 2643 1555 2688 ante
1586 2634 1721 2697 dies,
1763 2632 1855 2702 qui
1876 2631 1944 2685 ab

366 2740 613 2804 antiquo,
636 2750 729 2804 per
755 2748 974 2787 manum
1031 2744 1314 2785 servorum
1352 2742 1597 2781 meorum
1655 2726 1945 2795 propheta-

369 2844 491 2883 rum
523 2826 757 2889 lsraelis,
788 2827 854 2892 >κ
888 2823 981 2894 qui
1009 2824 1031 2893 ζ
1062 2822 1455 2891 propltetarunt
1485 2819 1538 2873 in
1582 2818 1774 2873 diebus
1799 2817 1941 2882 istis,

368 2928 423 2973 ct
452 2922 632 2982 antiis,
675 2926 734 2970 ut
772 2916 1096 2969 adducerem
1138 2922 1191 2966 te
1215 2928 1377 2981 super
1407 2926 1525 2966 eos.
1551 2909 1638 2964 18.
1671 2909 1735 2962 Et
1764 2908 1942 2963 eritin

370 3010 458 3064 die
494 3008 589 3063 illo
614 3049 630 3073 ,
684 3007 735 3060 in
771 3004 860 3059 die
889 3044 904 3069 ,
958 3020 1067 3074 quo
1102 3003 1310 3056 venerit
1347 3000 1463 3069 Gog
1522 3014 1686 3068 super
1746 3006 1942 3051 terram

372 3102 607 3160 lsraelis.
643 3098 776 3151 dicit
824 3095 1090 3150 Dominus
1148 3092 1432 3155 Dominus,
1492 3089 1747 3144 ascendet
1796 3088 1948 3142 furor

370 3209 526 3249 meus
550 3195 615 3260 ζα(
638 3192 690 3245 in
726 3191 804 3244 ira
830 3204 948 3242 mea
975 3186 1023 3255 ζ,
1044 3186 1131 3240 19.
1156 3194 1211 3239 et
1243 3185 1393 3238 zelus
1427 3198 1602 3245 meus,
1624 3182 1677 3236 in
1705 3182 1828 3250 igne
1856 3180 1949 3234 ira}

373 3303 507 3340 mea:
553 3286 769 3338 locutus
801 3297 943 3343 sum,
978 3278 1080 3332 nisi
1115 3277 1168 3331 lu
1210 3276 1302 3329 die
1350 3276 1443 3329 illo
1501 3275 1606 3328 erit
1654 3272 1949 3327 commotio

373 3390 569 3445 magna
596 3388 757 3441 super
785 3380 927 3424 terra
954 3366 1188 3433 lsraelis,
1220 3364 1310 3420 ‘20.
1332 3374 1387 3418 et
1408 3364 1899 3418 commovebuntur
1918 3376 1949 3415 a

374 3466 509 3521 facie
539 3465 599 3535 (ι)
636 3478 753 3517 mea
802 3465 979 3532 pisces
1004 3459 1190 3519 maris,
1216 3468 1270 3511 et
1299 3457 1546 3510 volucres
1584 3454 1729 3519 coeli,
1769 3463 1826 3508 et
1854 3454 1950 3507 be-

373 3558 491 3613 atia:
521 3556 718 3625 campi,
751 3564 802 3608 et
834 3568 994 3606 omne
1021 3551 1230 3619 reptile,
1262 3550 1403 3617 quod
1431 3549 1568 3618 repit
1598 3563 1762 3617 super
1784 3556 1946 3611 terra,

372 3662 426 3704 et
459 3664 647 3705 omnes
671 3647 940 3709 homines,
969 3644 1060 3713 qui
1096 3658 1257 3713 super
1284 3642 1422 3696 facie
1442 3651 1621 3704 terra),
1656 3652 1712 3696 et
1740 3642 1950 3695 discer-

376 3753 569 3813 pentur
595 3748 827 3804 montes,
853 3747 906 3791 et
934 3738 1131 3790 cadent
1153 3737 1248 3803 tm)
1280 3735 1464 3799 valles,
1489 3734 1737 3788 etomnis
1760 3748 1952 3787 murus

377 3828 539 3905 διανεί*
570 3844 769 3886 terram
798 3829 957 3883 cadet
992 3829 1120 3882 :21.
1166 3837 1219 3881 et
1251 3827 1456 3879 vocabo
1492 3841 1653 3894 super
1677 3841 1801 3879 eum
1830 3840 1953 3878 om-

378 3941 498 3979 nem
546 3924 892 3979 formidinem
957 3921 1117 3991 gladii
1151 3922 1219 3988 )t(
1264 3919 1320 3974 in
1366 3920 1623 3973 omnibus
1676 3918 1954 3972 montibus

378 4017 516 4072 meis
551 4016 599 4085 ζ,
642 4016 775 4069 dicit
820 4013 1085 4068 Dominus
1122 4011 1422 4065 Dominus:
1464 4010 1675 4080 gladius
1714 4009 1952 4064 hominis

381 4124 545 4178 super
571 4107 793 4161 fratrem
814 4122 972 4161 suum
996 4105 1118 4158 erit.
1140 4102 1229 4156 22.
1257 4102 1320 4156 Et
1331 4103 1589 4172 judicabo
1612 4117 1735 4156 eum
1756 4112 1952 4167 morte,

379 4213 435 4257 et
463 4200 749 4273 sanguine,
783 4207 836 4253 et
864 4198 1044 4268 pluvia
1073 4196 1391 4262 iuundante,
1417 4205 1471 4250 et
1499 4196 1766 4264 lapidibus
1790 4212 1954 4265 gran-

380 4300 529 4352 dinis
585 4302 641 4347 et
688 4293 890 4361 ignem,
939 4298 993 4344 et
1031 4288 1261 4357 sulphur
1299 4288 1484 4357 pluere
1540 4286 1736 4341 faciam
1792 4302 1957 4356 super

2042 1800 2275 1870 sagittis,
2307 1809 2359 1854 et
2383 1801 2434 1854 in
2467 1800 2676 1855 baculis
2703 1817 2982 1867 manuum,
3015 1804 3143 1857 etin
3172 1804 3365 1869 hastis,
3404 1814 3459 1860 et
3488 1821 3587 1860 suc

2042 1893 2275 1946 cendeut
2297 1892 2351 1946 in
2381 1891 2462 1947 cis
2492 1892 2669 1962 ignem
2707 1902 2912 1962 septem
2945 1897 3125 1961 annis,
3164 1897 3250 1950 10.
3296 1906 3348 1951 et
3383 1913 3488 1951 non
3518 1913 3618 1952 su-

2043 1994 2191 2039 ment
2225 1985 2368 2053 ligna
2392 1999 2457 2038 ex
2503 1999 2719 2054 campo,
2749 2000 2925 2055 neque
2956 1987 3165 2041 cadent
3197 2001 3261 2041 ex
3308 1987 3482 2053 silvis,
3519 1988 3616 2043 sed

2044 2089 2193 2131 arma
2230 2077 2552 2131 comburent
2578 2076 2735 2146 igne:
2769 2086 2821 2131 et
2850 2078 3093 2147 captivos
3125 2078 3323 2132 ducent
3368 2079 3488 2144 hos,
3517 2079 3617 2149 qui

2044 2170 2287 2237 captivos
2337 2167 2617 2223 duxerunt
2667 2182 2783 2233 eos,
2819 2180 2874 2223 et
2926 2170 3315 2239 pra.dabuntur
3344 2170 3467 2236 hos,
3518 2172 3616 2242 qui

2045 2262 2267 2329 praedati
2307 2270 2437 2317 sunt
2465 2277 2581 2327 eos,
2629 2262 2762 2317 dicit
2812 2261 3078 2318 Dominus
3118 2262 3396 2319 Dominus.
3427 2264 3515 2319 11.
3552 2264 3619 2321 Et

2044 2352 2147 2407 erit
2175 2352 2229 2406 in
2265 2352 2353 2406 die
2383 2352 2494 2413 illo,
2526 2352 2669 2407 dabo
2698 2352 2812 2423 Gog
2841 2353 3019 2409 locum
3049 2356 3407 2423 nominatum,
3432 2360 3619 2428 sepul-

2044 2457 2199 2497 crum
2227 2442 2281 2496 in
2315 2442 2514 2498 lsraele
2538 2442 2611 2513 (q)
2659 2445 2905 2514 sepulcra
2935 2460 3147 2510 eorum,
3187 2448 3277 2517 qui
3306 2448 3619 2505 ceciderunt

2045 2552 2210 2606 super
2245 2554 2364 2593 eam
2398 2555 2518 2610 quae
2543 2535 2685 2606 apud
2718 2552 2889 2601 mare,
2923 2544 2977 2589 et
2998 2536 3620 2595 asdilicabuntobstacu-

2045 2631 2157 2685 lum
2191 2631 2273 2686 ori
2299 2632 2476 2687 vallis.
2503 2632 2589 2687 12.
2624 2634 2694 2703 (r)
2718 2634 2785 2688 Et
2809 2632 3087 2689 defodieut
3120 2651 3243 2690 eum
3288 2636 3361 2690 ibi
3389 2636 3537 2706 Gog.
3565 2644 3621 2691 et

2045 2738 2261 2777 omnem
2308 2723 2707 2779 multitudinem
2738 2726 2877 2794 ejus,
2906 2735 2961 2781 et
3011 2728 3295 2782 vocabitur
3337 2726 3504 2783 Terra
3533 2743 3623 2783 se-

2047 2815 2220 2884 pulcri
2254 2815 2388 2886 Gog.
2426 2814 2510 2870 l5.
2544 2816 2610 2870 Et
2635 2815 2915 2873 defodient
2944 2833 3042 2873 eos
3069 2819 3261 2874 domus
3286 2818 3524 2885 lsraelis,
3561 2828 3623 2875 ut

2049 2909 2342 2962 mundetur
2371 2922 2516 2963 terra
2560 2909 2614 2963 in
2643 2918 2848 2979 septem
2903 2912 3208 2976 mensibus,
3258 2921 3312 2966 et
3343 2911 3624 2968 defodient

2048 3014 2145 3055 eos
2170 3002 2351 3056 omnis
2381 3002 2613 3071 populus
2636 3010 2815 3066 terrae,
2843 3011 2898 3058 et
2917 3004 3022 3058 erit
3053 3004 3133 3058 eis
3163 3004 3216 3058 in
3251 3003 3621 3060 celebritatem

2049 3090 2188 3155 dies,
2214 3108 2323 3161 quo
2353 3092 2684 3162 glorilicatus
2711 3109 2855 3157 sum,
2892 3094 3021 3149 dicit
3050 3094 3312 3149 Dominus
3336 3095 3623 3153 Dominus.

2053 3182 2139 3237 H.
2173 3182 2237 3238 Et
2258 3185 2402 3240 viros
2428 3199 2639 3255 semper
2673 3197 2976 3252 secerneut,
3009 3189 3100 3256 qui
3137 3188 3479 3242 circumeunt
3517 3198 3627 3244 ter-

2052 3287 2191 3339 ram,
2234 3282 2292 3327 ut
2341 3275 2606 3344 sepeliant
2645 3278 2711 3344 Χ
2758 3293 2880 3331 cum
2931 3278 3402 3333 circumeuntibus
3447 3280 3623 3346 :eos,

2051 3367 2142 3434 qui
2175 3368 2533 3421 remanserint
2557 3384 2717 3437 super
2746 3368 2880 3423 facie
2911 3380 3086 3437 terrae,
3134 3381 3191 3424 ut
3218 3372 3483 3425 mundent
3502 3387 3624 3427 eam

2051 3468 2170 3528 post
2203 3469 2405 3528 septem
2437 3475 2673 3523 menses,
2696 3469 2748 3512 et
2778 3469 3041 3529 quaerent.
3086 3460 3172 3514 15.
3212 3460 3413 3516 Omnes
3444 3474 3629 3517 trans-

2051 3561 2245 3605 euntes
2277 3562 2497 3615 terram,
2530 3561 2583 3605 et
2610 3568 2734 3607 cum
2771 3554 2964 3608 viderit
3001 3569 3063 3609 os
3094 3554 3355 3619 hominis,
3392 3555 3629 3609 :etlilica-

2054 3642 2131 3698 bit
2169 3643 2312 3713 apud
2345 3644 2496 3697 illum
2527 3644 2766 3713 signum,
2799 3644 2972 3700 donec
3000 3646 3264 3715 sepeliant
3292 3646 3424 3701 illud
3472 3662 3629 3717 sepe-

2056 3736 2318 3791 Iientesin
2338 3735 2503 3791 Terra
2532 3736 2768 3806 sepulcri
2788 3735 2924 3807 Gog.
2956 3737 3040 3792 16.
3074 3738 3281 3792 Etenim
3311 3754 3509 3792 nomen
3535 3756 3631 3795 ur-

2053 3830 2139 3884 bis
2168 3832 2233 3900 (s)
2266 3828 2585 3899 Sepulcrum
2620 3847 2634 3883 :
2667 3839 2721 3883 et
2750 3829 3100 3883 mundabitur
3134 3840 3295 3885 terra.
3331 3832 3417 3884 17.
3447 3831 3513 3884 Et
3546 3842 3627 3896 ttt,

2056 3923 2130 3975 lili
2159 3923 2417 3987 hominis,
2445 3923 2559 3977 haec
2585 3922 2716 3978 dicit
2736 3921 3000 3977 Dominus
3030 3922 3291 3977 Dominus
3317 3938 3330 3974 :
3360 3922 3453 3977 Dic
3475 3921 3629 3976 omni

2055 4012 2142 4066 avi
2175 4011 2401 4076 volatili,
2428 4021 2481 4066 et
2513 4010 2580 4065 ad
2619 4028 2809 4066 omnes
2835 4012 3039 4066 bestias
3074 4013 3249 4082 campi
3281 4028 3293 4064 :
3327 4012 3634 4082 Congrega-

2056 4104 2212 4165 mini,
2250 4113 2303 4157 et
2338 4104 2536 4166 venite,
2567 4104 2973 4175 cengregamini
2999 4104 3068 4157 ab
3089 4105 3363 4167 omnibus,
3388 4120 3509 4172 quae
3535 4120 3633 4171 per

2056 4196 2367 4260 circuitum,
2397 4210 2560 4265 super
2589 4195 2864 4249 victimam
2893 4211 3092 4261 meam,
3123 4212 3283 4265 quam
3306 4211 3405 4266 ego
3428 4197 3632 4250 immo-

2058 4288 2165 4342 lavi
2202 4289 2376 4351 vobis,
2418 4286 2692 4341 victimam
2729 4302 2979 4356 tnaguam
3013 4304 3177 4356 super
3207 4299 3421 4342 montes
3453 4287 3634 4342 lsrae-

383 4401 529 4447 eum,
561 4393 616 4438 et
636 4400 801 4453 super
840 4397 1053 4446 omnes,
1086 4381 1174 4449 qui
1208 4395 1329 4433 cum
1358 4394 1443 4443 eo,
1478 4388 1531 4433 et
1565 4394 1728 4448 super
1768 4388 1955 4449 gentes
1986 4379 2030 4434 D
2061 4382 2149 4445 lis,
2188 4390 2243 4435 et
2269 4381 2567 4434 comedetis
2607 4394 2826 4443 carnes,
2855 4391 2909 4433 et
2938 4379 3129 4434 bibetis
3155 4381 3498 4450 sanguinem.
3540 4380 3630 4434 18.

386 4477 585 4531 multas
617 4491 741 4530 eum
768 4491 852 4528 eo.
884 4473 973 4527 25.
1005 4472 1068 4525 Ει
1107 4470 1515 4541 magniﬁcabor,
1568 4481 1621 4525 et
1648 4470 1955 4525 sanctiﬁca-

384 4572 502 4632 bor,
538 4583 602 4625 +
627 4576 682 4623 et
715 4567 1062 4636 gloriticabor
1091 4565 1136 4633 ζ,
1170 4574 1223 4616 et
1253 4563 1587 4617 iunotescam
1611 4579 1795 4617 coram
1826 4579 1956 4635 gen-

384 4667 530 4720 tibus
559 4662 767 4722 multis,
799 4669 853 4713 et
888 4660 1081 4723 scient,
1115 4659 1258 4728 quod
1305 4672 1406 4727 ego
1433 4672 1554 4711 sum
1600 4656 1883 4712 Dominus.

455 4758 588 4826 Cap.
621 4751 867 4808 XXXIX.
898 4782 968 4792 —
998 4752 1048 4805 1.
1099 4750 1163 4805 Et
1192 4762 1270 4815 tu,
1303 4750 1375 4803 ﬁli
1400 4749 1656 4815 hominis,
1694 4750 1957 4820 propheta

386 4866 553 4919 super
580 4847 717 4916 Gog.
753 4857 808 4899 et
834 4845 921 4899 dic
954 4863 966 4898 :
1002 4842 1128 4897 Haec
1166 4841 1297 4896 dicit
1349 4840 1614 4895 Dominus
1642 4840 1905 4896 Dominus
1938 4857 1953 4894 :

384 4941 525 4997 Ecce
558 4955 657 5008 ego
682 4954 844 5008 super
874 4950 943 5002 te,
970 4936 1104 5003 Gog,
1131 4934 1426 5004 principem
1469 4932 1602 4997 Rus,
1633 4932 1875 4998 Mosnch,
1906 4942 1960 4988 et

386 5031 615 5096 Thobel,
651 5031 705 5083 ‘2.
743 5038 799 5083 et
837 5029 1174 5098 congregabo
1206 5035 1277 5092 te,
1304 5035 1356 5080 et
1386 5025 1653 5080 deducam
1684 5037 1763 5091 te,
1796 5037 1848 5081 et
1875 5025 1959 5080 la-

389 5126 527 5179 ciam
556 5122 849 5177 ascendere
871 5129 922 5174 te
945 5120 1012 5173 ab
1030 5130 1274 5173 extremo
1304 5118 1595 5187 aquilonis,
1618 5130 1670 5171 et
1695 5121 1958 5174 adducam

390 5226 443 5271 te
490 5229 651 5283 super
701 5223 912 5267 montes
944 5209 1177 5266 lsraelis.
1213 5211 1266 5264 5.
1298 5212 1375 5278 (η)
1413 5209 1478 5263 Ει
1524 5211 1740 5279 perdam
1772 5228 1959 5266 arcum

392 5317 546 5361 tuum
570 5306 635 5359 de
657 5319 819 5357 manu
842 5313 931 5357 tua
959 5302 1201 5364 sinistra,
1230 5310 1283 5355 et
1312 5300 1536 5370 sagittas
1563 5310 1683 5361 tuas
1709 5302 1775 5355 de
1798 5318 1961 5355 manu

465 5422 528 5488 (ἱ)
566 5418 647 5481 S.,
691 5427 745 5471 et
775 5432 966 5471 onmes
995 5416 1288 5486 perniciosi
1322 5415 1506 5469 leones
1534 5414 1671 5483 ejus.

395 5492 474 5561 (η)
491 5488 573 5561 8.,
602 5498 656 5541 et
684 5489 978 5561 excutiam.
1058 5488 1371 5561 (o)_Umnes.

399 5558 683 5615 transitus.
791 5564 860 5629 (r)
899 5558 1243 5627 Etsepclieut
1292 5572 1437 5611 eum.

398 5631 774 5702 pulchrorum.

1480 5490 1553 5558 (p)
1581 5488 1810 5558 Adpuai.

1772 5416 1844 5486 (It)
1878 5416 1958 5484 8.,
2002 5422 2194 5472 multa.

2061 4476 2265 4531 Carnes
2300 4476 2577 4545 gigantum
2613 4474 2927 4537 comedetis,
2969 4483 3022 4527 et
3072 4476 3389 4544 sanguinem
3428 4475 3633 4543 princi-

2061 4584 2189 4638 pum
2223 4578 2380 4622 terrze
2411 4567 2630 4629 bibetis,
2658 4568 2879 4629 arietes,
2929 4574 2984 4620 et
3009 4566 3228 4629 vitulos,
3264 4577 3315 4620 et
3343 4566 3543 4630 hircos,
3577 4579 3635 4621 et

2062 4676 2264 4731 agnos,
2303 4663 2364 4732 (ε)
2399 4669 2452 4714 et
2482 4660 2895 4729 vituliﬁpingues
2928 4672 3138 4721 omnes,
3170 4659 3254 4713 19.
3291 4669 3346 4713 et
3378 4664 3637 4714 comede-

2063 4756 2133 4810 tis
2169 4755 2383 4823 adipem
2418 4753 2485 4807 ad
2513 4752 2872 4815 saturitatem,
2901 4758 2953 4805 et
2982 4750 3179 4806 bibetis
3217 4754 3534 4821 sanguinem
3566 4753 3640 4811 ad

2064 4845 2383 4899 ebrietatem
2417 4844 2482 4897 de
2506 4843 2723 4897 victima
2761 4857 2902 4907 mea,
2948 4858 3111 4911 quam
3145 4843 3421 4896 immolavi
3461 4846 3635 4899 vobis.

2064 4939 2155 4994 20.
2176 4936 2233 4990 Et
2258 4937 2609 5007 implebimini
2630 4950 2792 5004 super
2815 4950 3002 4989 mensa
3027 4950 3168 4997 mea,
3195 4950 3418 5004 equum,
3448 4952 3640 4989 ascen-

2067 5045 2267 5093 sorem,
2328 5028 2635 5093 robustum,
2687 5035 2741 5079 et
2799 5040 3014 5079 omnem
3068 5026 3244 5079 virum
3294 5025 3640 5092 bellatorem,

2067 5121 2199 5175 dicit
2225 5120 2483 5174 Dominus
2513 5118 2795 5173 Dominus.
2825 5117 2915 5171 21.
2946 5116 3014 5171 Et
3044 5117 3184 5171 dabo
3203 5119 3431 5187 gloriam
3464 5136 3639 5174 meam

2068 5212 2124 5266 in
2153 5212 2329 5277 vobis,
2348 5222 2399 5265 et
2422 5211 2681 5264 videbunt
2709 5225 2899 5264 omnes
2921 5220 3109 5280 gentes
3128 5209 3395 5280 judicium
3435 5227 3639 5278 meum,

2074 5304 2219 5372 quod
2248 5302 2369 5358 feci.
2394 5314 2447 5355 et
2470 5317 2688 5355 manum
2715 5317 2913 5368 meam,
2942 5317 3104 5371 quam
3130 5302 3316 5356 induxi
3348 5318 3643 5371 supereos.

2272 5419 2335 5488 (Ι)
2376 5417 2609 5470 Dotttitti.
2715 5417 2810 5486 (ιη)
2839 5416 2926 5478 8.,
2959 5418 3255 5473 valleculm.
3301 5418 3425 5477 T/t.,
3461 5434 3641 5487 scpes.

1905 5492 1978 5558 (q)
2004 5488 2086 5554 8.,
2122 5491 2315 5559 vallem
2353 5493 2678 5540 tr:msituum
2714 5488 2793 5559 ab,
2815 5490 3023 5559 oriente
3061 5491 3244 5547 maris,
3286 5506 3409 5559 qua:
3438 5493 3647 5544 claudit

1534 5566 1602 5626 (δ)
1650 5555 1732 5623 8.,
1778 5555 2082 5615 multitudo.
2117 5558 2238 5624 Tlt.,
2280 5558 2410 5614 lleb.
2453 5562 2679 5613 Annona.

2780 5558 2845 5627 (tl
2884 5557 2969 5624 S.,
3011 5557 3315 5614 vitulorum
3335 5562 3645 5615 cibatcrum
