3848 6218
208 313 352 372 2ἷ49

1429 311 1830 369 llEZECIELlS
1867 312 2099 370 CAPUT
2140 315 2250 378 XL,

3319 303 3463 370 2730

208 432 302 486 22.
341 441 398 486 et
429 433 603 487 scient
631 431 830 489 domus
859 433 1096 498 lsraelis,
1132 431 1276 504 quod
1301 446 1402 502 ego
1433 448 1553 488 sum
1603 430 1787 484 Domi-
1816 437 1859 489 A
1890 429 2038 486 Tltee
2065 432 2328 502 aequalem
2360 432 2571 487 calamo
2604 430 2958 502 longitudine,
2994 439 3047 485 et
3071 433 3331 502 aequalem
3366 449 3462 489 ea:

207 539 317 578 nus
346 527 488 582 Deus
514 541 703 581 eorum
723 542 753 582 a
773 527 862 582 die
889 528 1011 588 hoc,
1035 535 1090 581 et
1106 526 1382 596 deinceps.
1415 527 1505 580 25.
1533 525 1596 580 Et
1616 525 1789 580 scient

203 633 400 674 omnes
429 628 620 690 gentes
648 658 664 682 ,
712 619 856 688 quod
897 629 1120 690 propter
1159 629 1376 690 peccata
1437 633 1537 672 sua
1586 616 1786 687 captivi

204 712 354 767 ducti
380 712 605 769 fuerunt
637 713 836 766 domus
865 710 1106 773 lsraelis,
1137 727 1235 782 pro
1266 726 1330 765 eo
1361 711 1505 780 quod
1533 711 1787 780 praevari-

203 805 312 858 cati
370 814 498 858 sunt
549 805 603 857 in
641 818 746 865 me,
778 811 834 857 et
876 803 1046 857 averti
1075 802 1268 856 faciem
1307 818 1484 858 meam
1510 803 1579 854 ab
1604 802 1706 862 eis,
1733 810 1788 855 et

201 897 402 951 tradidi
435 912 530 951 eos
560 897 613 949 in
649 911 875 950 manum
910 896 1258 950 inimicorum
1309 911 1523 956 eorum,
1556 904 1609 948 et
1645 895 1786 949 ceci-

205 991 408 1045 derunt
433 988 614 1060 gladio
655 1002 871 1042 omnes.
907 987 996 1042 24.
1047 987 1356 1041 Secundum
1408 987 1784 1044 immunditias

201 1067 420 1145 eorum,
451 1090 505 1134 et
533 1077 833 1138 secundum
862 1079 1180 1149 iniquitates
1220 1095 1410 1134 eorum
1460 1079 1562 1134 feci
1604 1079 1704 1143 eis,
1731 1089 1785 1132 et

199 1171 371 1228 averti
399 1170 596 1227 faciem
628 1187 805 1226 meam
839 1172 909 1227 ab
925 1171 1024 1228 eis.
1051 1172 1146 1230 25.
1169 1171 1394 1240 Propter
1421 1172 1525 1226 boc
1552 1172 1666 1226 bzec
1697 1172 1781 1225 di-

200 1263 274 1318 cit
301 1263 566 1318 Dominus
601 1262 866 1318 Dominus
895 1280 908 1316 :
945 1262 1099 1324 Nunc
1130 1264 1384 1318 reducam
1416 1264 1780 1333 captivitatem

199 1353 413 1418 Jacobi,
445 1367 498 1410 et
525 1357 826 1411 miserebor
859 1356 1056 1411 domus
1087 1354 1325 1420 lsraelis,
1351 1355 1430 1424 (τι)
1453 1366 1506 1410 et
1542 1356 1658 1409 zelo
1679 1356 1784 1408 alli-

198 1448 316 1502 ciar
341 1456 563 1518 propter
596 1464 791 1503 nomen
819 1459 1070 1506 sanctum
1113 1463 1319 1501 meum.
1353 1448 1442 1506 26.
1480 1445 1545 1501 Et
1566 1447 1784 1518 capient

198 1539 561 1609 ignominiam
598 1555 777 1604 suam,
817 1551 872 1594 et
921 1538 1267 1607 injuSIitiam,
1297 1555 1402 1608 qua
1435 1537 1638 1606 injuste
1667 1553 1786 1609 cge-

197 1641 348 1692 runt,
380 1647 510 1686 cum
546 1631 912 1687 habitaverint
954 1632 1028 1686 illi
1069 1648 1234 1702 super
1267 1641 1468 1690 terram
1504 1647 1658 1686 suam
1691 1649 1784 1686 stt-

197 1739 296 1794 per
316 1739 473 1794 pace,
505 1733 560 1778 et
586 1740 691 1778 non
721 1725 845 1786 erit,
875 1726 968 1794 qui
1001 1733 1293 1788 exterreat,
1321 1724 1413 1779 27.
1446 1740 1570 1779 cum
1618 1725 1781 1778 redu—

198 1831 332 1870 xere
360 1832 456 1871 eos
481 1832 544 1870 ex
581 1816 858 1884 gentibus,
889 1826 942 1871 et
966 1832 1370 1886 congregavero
1399 1833 1494 1871 eos
1518 1832 1584 1871 ex
1617 1816 1781 1886 regio-

197 1907 362 1966 nibus
390 1908 634 1977 gentium
667 1925 680 1962 :
721 1918 775 1962 et
804 1909 1190 1964 sanctilicabor
1219 1909 1272 1962 in
1321 1910 1402 1965 eis
1433 1925 1616 1964 coram
1653 1927 1781 1980 gett-

194 2001 370 2058 tibus.
397 2001 489 2055 28.
521 2003 584 2056 Et
612 2004 803 2067 scient,
834 2003 981 2073 quod
1024 2019 1127 2074 ego
1178 2018 1298 2058 sum
1342 2002 1606 2059 Dominus
1636 2004 1780 2060 Deus

194 2109 414 2157 eorum,
471 2109 596 2149 cum
629 2110 934 2164 apparuere
960 2096 1041 2151 cis
1087 2097 1138 2150 in
1172 2097 1444 2167 gentibus,
1488 2101 1554 2165 >ε<
1581 2107 1633 2151 et
1657 2113 1782 2151 con-

195 2184 441 2254 gregabo
469 2199 566 2238 eos
609 2187 631 2253 1
666 2201 832 2254 super
865 2194 1066 2240 terram
1099 2202 1313 2251 eorum,
1350 2189 1417 2256 Χ
1444 2197 1497 2242 et
1537 2203 1643 2240 non
1696 2205 1780 2241 re-

195 2276 446 2346 linquam
478 2277 712 2347 amplius
737 2278 806 2332 ab
835 2279 916 2333 eis
947 2278 1019 2332 ibi
1047 2279 1070 2354 1
1108 2299 1120 2333 :
1158 2280 1248 2337 29.
1306 2290 1359 2334 et
1404 2296 1509 2334 non
1538 2289 1776 2336 avertam

191 2369 434 2438 amplius
465 2368 658 2426 faciem
694 2386 868 2425 meam
908 2372 978 2426 ab
1003 2374 1103 2436 eis,
1143 2373 1221 2442 (π)
1255 2389 1352 2442 pro
1376 2388 1442 2427 eo
1468 2374 1611 2442 quod
1654 2374 1783 2442 etfu-

190 2459 370 2521 derim
405 2459 644 2516 furorem
678 2479 856 2518 meum
893 2480 1059 2534 super
1085 2465 1306 2521 domum
1358 2463 1574 2520 lsraelis
1600 2505 1615 2529 ,
1651 2467 1782 2521 dicit

191 2553 469 2608 Dominus
499 2555 778 2610 Dominus.

261 2645 408 2716 Cap.
441 2645 555 2699 XL.
587 2677 656 2697 -.-
678 2649 728 2702 l.
757 2648 819 2702 Et
841 2647 1046 2704 factum
1073 2658 1158 2705 est
1193 2651 1244 2704 in
1269 2667 1414 2706 anno
1444 2651 1708 2721 vigesimo
1728 2663 1782 2706 et

191 2737 392 2808 quinto
419 2740 751 2808 captivitatis
777 2751 1000 2807 nostra},
1032 2742 1110 2812 (υ)
1138 2743 1192 2796 in
1221 2758 1408 2798 mense
1459 2744 1658 2813 primo,
1688 2745 1781 2799 dc-

191 2831 347 2886 cimo
370 2832 596 2895 mensis,
631 2833 682 2885 in
713 2848 857 2888 anno
888 2846 1082 2902 qaarto
1113 2835 1343 2900 decimo,
1371 2847 1496 2907 post
1520 2838 1778 2909 subjuga-

192 2923 404 2977 tionem
435 2924 608 2988 urbis,
643 2923 696 2979 in
726 2926 815 2982 die
845 2927 939 2981 illo
981 2926 1122 2982 facta
1152 2937 1238 2985 est
1271 2946 1438 2998 super
1474 2947 1560 2986 me
1584 2947 1779 2989 manus

190 3011 440 3076 Doniini,
462 3022 517 3068 et
547 3015 771 3070 adduxit
797 3032 884 3070 me
905 3019 975 3085 Ἀ(
1010 3017 1141 3074 illuc
1167 3020 1215 3088 1,
1255 3020 1309 3072 2.
1338 3021 1391 3073 ἱη
1416 3021 1627 3075 visione
1659 3020 1774 3084 Dei,

1890 524 2036 578 lamo
2065 524 2372 586 latitudine,
2396 534 2451 579 et
2479 523 2660 577 A'Zlam
2695 523 2749 576 in
2776 522 2955 576 medio
2983 521 3209 576 Tlielam
3248 524 3464 578 culiitm

1889 633 2012 671 rum
2045 631 2176 672 sex:
2210 625 2265 671 et
2287 616 2433 671 Tliee
2456 614 2754 670 secundum
2786 614 3050 683 :equalem
3095 614 3304 669 calamo
3342 616 3464 672 lati-

1887 711 2094 774 tudine,
2126 719 2180 764 et
2215 709 2477 779 aequalem
2510 707 2720 762 calamo
2760 707 3128 775 longitudine,
3160 716 3215 761 et
3250 706 3336 761 {El
3365 724 3462 764 εει-ε

1887 804 2125 858 bitorum
2159 803 2423 872 quinque,
2455 811 2509 856 et
2537 801 2683 856 Tbee
2707 802 2924 856 tertium
2953 801 3212 869 :eqnalem
3248 802 3463 858 calamo

1888 892 2252 972 longitudine,
2292 902 2347 947 et
2384 893 2646 961 tequalem
2693 893 2907 948 calamo
2947 891 3252 956 latitudine,
3292 900 3345 946 et
3372 890 3500 972 Ait.

1890 970 2094 1038 lin'tinis
2120 999 2150 1038 e
2182 985 2402 1053 regione
2448 983 2626 1036 ᾸΞΙηιιι
2664 993 2851 1051 portae,
2888 994 3011 1038 octo
3038 983 3373 1048 cubitorum,
3404 984 3460 1037 9.

1888 1077 1955 1147 (e)
1976 1086 2023 1129 et
2046 1077 2176 1130 Eleu
2205 1077 2437 1131 duorum
2463 1077 2790 1143 cubitorum,
2812 1077 2873 1146 (fi
2901 1088 2952 1132 et
2983 1077 3158 1133 Ailam
3178 1089 3346 1148 porta:
3376 1077 3462 1132 in,

1885 1170 2197 1232 trinsecus;
2234 1167 2320 1221 10.
2370 1179 2422 1222 et
2449 1167 2597 1222 Tltee
2647 1181 2814 1238 portu:
2844 1184 2874 1222 e
2907 1170 3127 1244 regione
3152 1169 3301 1238 ejtts',
3353 1177 3464 1230 tres

1887 1261 2031 1323 hinc,
2057 1271 2234 1316 cttres
2254 1261 2377 1316 inde
2396 1280 2409 1329 ;
2429 1271 2483 1316 et
2509 1278 2762 1316 mensura
2793 1277 2898 1320 una
2918 1263 3109 1325 tribus,
3133 1272 3185 1317 et
3205 1279 3460 1323 mensura

1886 1370 1992 1407 una
2022 1353 2199 1414 Elam
2235 1353 2361 1408 biuc
2391 1363 2444 1408 et
2467 1353 2613 1407 inde.
2645 1353 2731 1408 il.
2765 1335 2828 1406 Et
2852 1370 3074 1407 mensus
3105 1355 3459 1410 CSllillllllt|l1

1885 1461 2009 1499 nem
2052 1454 2221 1515 porue
2246 1444 2470 1500 luminis
2497 1484 2511 1504 ,
2542 1444 2728 1498 decem
2763 1444 3098 1504 cubitorum,
3133 1454 3184 1498 et
3213 1444 3461 1499 lilliludi-r

1887 1553 2008 1590 nem
2044 1545 2233 1606 portus,
2268 1535 2528 1590 tredecim
2562 1535 2895 1598 cubitorum,
2933 1537 3020 1596 la'.
3060 1536 3131 1605 (α)
3159 1546 3212 1590 et
3241 1537 3458 1600 cubitus

1884 1613 2310 1688 contrahebatur
2331 1643 2521 1682 versus
2544 1625 2734 1682 faciem
2758 1627 2971 1692 Theim,
2994 1633 3060 1694 ᾖ(
3083 1629 3252 1683 cubiti
3271 1630 3454 1693 unius,

1884 1730 1938 1774 et
1963 1719 2125 1774 cubiti
2157 1719 2335 1782 unius,
2361 1717 2625 1772 terminus
2656 1717 2782 1771 hinc.
2803 1726 2855 1771 et
2884 1717 3009 1772 inde
3041 1719 3088 1785 1,
3123 1719 3196 1788 (Il)
3228 1729 3279 1774 et
3301 1718 3452 1777 Thau

1885 1811 2194 1867 cubitorum
2231 1826 2325 1866 sex
2357 1810 2506 1874 binc,
2533 1818 2586 1864 et
2619 1810 2930 1864 cubitorum
2960 1827 3052 1864 sex
3087 1811 3234 1864 inde.
3264 1811 3348 1865 l5.
3391 1810 3455 1876 Et

1884 1921 2107 1961 mensus
2132 1914 2215 1958 est
2241 1914 2448 1973 portam
2473 1920 2505 1958 a
2533 1919 2692 1957 muro
2722 1903 2869 1958 Tltee
2902 1921 3073 1972 usque
3101 1905 3164 1958 ad
3196 1907 3453 1972 parietem

1884 1997 2056 2060 Tbee,
2095 1995 2438 2049 latitudinem
2474 1995 2665 2064 viginti
2717 2005 2771 2048 et
2805 1995 3050 2063 quinque
3088 1995 3401 2048 cubitorum
3439 2014 3451 2048 :

1883 2090 2000 2142 lucc
2030 2098 2184 2156 porta
2219 2101 2381 2154 super
2417 2095 2646 2154 portam,
2686 2085 2769 2138 Η.
2807 2084 2868 2156 (ἰ)
2902 2095 2956 2137 et
3001 2085 3246 2162 solidiale
3274 2084 3454 2140 [Elam

1882 2189 2069 2249 ponar,
2096 2178 2376 2247 sexaginta
2410 2180 2466 2243 >εε
2503 2187 2557 2230 et
2581 2177 2821 2246 quinque
2849 2180 2869 2245 1
2896 2176 3063 2230 cubiti
3088 2176 3454 2241 extrinsecus,

1880 2279 1934 2323 et
1972 2267 2162 2327 Tlicitn
2194 2266 2316 2320 atrii
2349 2275 2514 2336 portae
2547 2281 2644 2335 per
2670 2267 2982 2328 circuitum,
3022 2265 3109 2319 l5.
3143 2265 3215 2335 (Ιί)
3246 2276 3295 2320 et
3323 2267 3449 2320 sub-

1881 2360 2024 2415 diale
2055 2360 2116 2430 (ι)
2153 2359 2276 2413 atrii
2310 2359 2651 2414 extrinsecus
2673 2397 2687 2422 ,
2719 2357 2771 2411 in
2805 2358 3050 2413 subdiale
3087 2357 3262 2411 [Elam
3288 2367 3457 2428 portui

1883 2454 2246 2518 intrinsecus,
2278 2451 2672 2522 quinquaginta
2720 2451 3050 2505 cubitorum.
3100 2452 3188 2505 16.
3247 2451 3342 2523 (m)
3392 2450 3457 2518 lit

1883 2545 2132 2600 fenestra:
2173 2543 2504 2602 absconditae
2530 2559 2693 2618 super
2731 2543 2918 2598 Tlieim
2943 2585 2958 2608 ,
2997 2553 3052 2598 et
3079 2559 3242 2613 super
3272 2542 3452 2608 Elam

1884 2638 2026 2692 intra
2063 2647 2275 2707 portam
2315 2636 2438 2690 atrii
2480 2652 2572 2705 per
2600 2635 2892 2690 circuitum
2925 2653 2937 2687 :
2967 2645 3021 2690 et
3047 2635 3298 2690 similiter
3320 2635 3454 2704 ipsis

1881 2731 2058 2794 (Elam
2089 2738 2142 2784 et
2172 2727 2424 2783 fenestra:
2453 2743 2548 2797 per
2574 2727 2862 2782 circuitum
2893 2729 2960 2794 >ε<
2991 2742 3089 2796 per
3108 2726 3396 2782 circuitum
3428 2728 3449 2806 1

1883 2823 2234 2883 intrinsecus,
2264 2827 2317 2874 et
2342 2833 2506 2888 super
2532 2817 2708 2873 Ailant
2732 2818 2924 2883 palma:
2946 2817 3073 2872 hinc
3098 2825 3152 2871 et
3182 2816 3328 2872 inde.
3362 2815 3450 2878 l7,

1883 2913 1949 2968 Et
1986 2913 2290 2969 introduxit
2335 2926 2423 2966 me
2460 2911 2514 2964 in
2554 2909 2752 2965 atrium
2802 2909 3032 2965 interius
3058 2947 3074 2971 ,
3113 2918 3169 2964 et
3218 2922 3344 2964 ecce
3373 2912 3453 2976 (η)

1879 3007 2122 3072 exedrae,
2178 3015 2230 3058 et
2281 3002 2701 3058 intercolumnia
2755 3003 2822 3069 χ(
2877 3000 3017 3054 facta
3063 3000 3084 3070 1
3123 3002 3177 3054 in
3216 2999 3451 3064 circuitu

191 3110 248 3158 et
266 3103 495 3157 adduxit
519 3120 603 3159 me
628 3113 806 3160 autem
831 3105 885 3160 in
914 3117 1114 3163 terram
1135 3109 1349 3169 Israelis
1369 3150 1384 3175 ,
1413 3112 1488 3180 (ι)
1517 3121 1570 3165 ει
1598 3113 1778 3181 posuit
1803 3111 1850 3174 ς
1881 3099 2028 3164 atrii,
2054 3098 2274 3168 triginta
2296 3096 2509 3150 exvdra:
2535 3093 2987 3155 intercolumniis,
3012 3092 3099 3158 18,
3128 3104 3180 3147 et
3209 3093 3453 3160 porticus

194 3208 285 3248 ne
340 3209 504 3262 super
551 3209 788 3250 montem
827 3197 1103 3251 excelsum
1154 3199 1350 3264 valde,
1409 3208 1463 3254 et
1514 3217 1680 3270 super
1710 3217 1776 3257 eo

190 3286 358 3359 quasi
378 3287 667 3341 aedilicium
701 3289 853 3344 urbis
874 3289 1001 3359 (a)e
1031 3291 1248 3360 regione
1277 3291 1405 3346 mei.
1436 3293 1488 3347 5.
1516 3292 1582 3346 Ει
1604 3294 1778 3348 intro-

192 3379 356 3435 duxit
407 3394 494 3433 me
545 3379 718 3434 illuc:
770 3389 826 3435 et
872 3396 1003 3436 ecce
1053 3383 1159 3446 vir,
1206 3391 1261 3438 et
1313 3385 1606 3454 adspectus
1651 3386 1777 3441 teris

183 3474 262 3543 _x
293 3473 634 3543 splendentis
660 3475 708 3545 1,
735 3483 791 3528 et
819 3483 936 3527 erat
969 3473 1247 3528 funiculus
1275 3476 1697 3532 architectorum
1721 3477 1776 3531 in

194 3580 367 3619 manu
400 3565 540 3633 ejus,
570 3572 624 3619 et
655 3565 903 3619 calamus
929 3569 1266 3636 niensurax
1288 3567 1339 3620 in
1367 3584 1528 3622 manu
1562 3569 1681 3638 ejus
1707 3572 1729 3640 1
1759 3587 1772 3633 ;

192 3663 249 3708 et
277 3654 398 3722 ipse
421 3654 602 3708 stabat
629 3669 792 3722 super
834 3665 1012 3724 porta.
1050 3657 1102 3711 4.
1143 3655 1370 3711 Etdixit
1415 3661 1480 3713 ad
1523 3676 1610 3714 me
1649 3663 1772 3714 vir:

197 3757 263 3800 4-
297 3742 492 3798 Vidisti
526 3747 574 3813 1,
618 3745 690 3803 liii
722 3745 980 3810 hominis,
1022 3748 1142 3803 vide
1176 3749 1228 3802 in
1263 3751 1440 3805 oculis
1475 3752 1604 3816 tuis,
1632 3762 1684 3806 et
1719 3754 1773 3807 in

193 3835 428 3890 auribus
459 3837 568 3891 tuis
591 3837 737 3902 audi,
762 3847 816 3892 et
843 3837 1071 3908 dispone
1099 3841 1168 3909 λ(
1201 3842 1252 3894 iu
1288 3843 1310 3912 1
1341 3857 1437 3897 cor
1475 3852 1625 3902 tuum
1654 3860 1775 3898 om-

194 3925 313 3990 nia,
334 3941 456 3994 quze
487 3942 590 3995 ego
625 3929 911 3986 ostendero
935 3929 1030 3983 tibi
1056 3947 1072 3996 ;
1101 3929 1175 4001 (b)
1207 3932 1332 4000 quia
1379 3935 1550 4002 gratia
1593 3948 1776 3989 Osten—

195 4015 362 4069 dendi
399 4016 516 4081 tibi,
557 4017 832 4086 ingressus
879 4033 939 4072 es
972 4019 1101 4083 huc,
1151 4029 1205 4073 et
1260 4022 1518 4077 ostendes
1565 4024 1770 4090 omnia,

192 4121 320 4175 qua:
341 4117 396 4160 tu
423 4108 594 4170 vides,
613 4109 800 4162 domui
829 4106 1067 4163 lsraelis.
1096 4109 1149 4164 5.
1177 4109 1240 4164 Et
1263 4127 1388 4166 ecce
1413 4113 1771 4182 sepimentum

190 4208 354 4251 extra
392 4196 616 4252 domum
647 4214 741 4269 per
768 4215 982 4271 gyrum,
1017 4200 1085 4269 (ε)
1118 4209 1172 4254 et
1203 4201 1255 4256 in
1287 4218 1450 4259 manu
1492 4203 1587 4255 viri
1622 4204 1770 4258 calas

192 4303 324 4343 mus
353 4305 622 4344 mensura:
663 4306 759 4346 sex
790 4292 1101 4347 cubitorum
1141 4294 1194 4346 in
1243 4295 1428 4349 cubito
1454 4303 1510 4348 et.
1533 4295 1766 4363 palmus.

191 4377 261 4433 Et
315 4395 540 4436 mensus
587 4390 670 4436 est
699 4386 1057 4448 antemurale,
1114 4385 1450 4441 latitudinem
1505 4389 1766 4457 atqualem

1881 3193 1949 3246 ad
1989 3198 2233 3250 austrum
2265 3188 2336 3256 (ο)
2371 3196 2673 3256 portarum,
2714 3185 3011 3247 secundum
3055 3183 3450 3252 longitudinem

1881 3294 2154 3354 portarum
2208 3278 2678 3334 ittlt‘l‘Ctllllltlllilllll
2729 3276 2978 3331 inferius.
3013 3275 3100 3332 19.
3132 3275 3196 3330 Et
3226 3291 3452 3356 mensus

1879 3384 1964 3430 est
1990 3372 2329 3429 latitudinem
2357 3370 2516 3432 atrii,
2549 3370 2625 3437 (p)
2651 3384 2678 3421 a
2711 3367 2942 3422 subdiali
2968 3377 3136 3438 portu:
3161 3368 3453 3429 exterioais

1879 3466 2209 3522 intrinsecus
2241 3478 2403 3531 super
2435 3461 2680 3516 subdiale
2711 3469 2878 3530 portze
2903 3458 3246 3527 respicientis
3276 3458 3449 3534 foras,

1878 3558 2088 3614 cubitos
2121 3564 2338 3611 centum
2370 3552 2710 3623 respicientis
2741 3551 2793 3604 in
2829 3551 3095 3605 orientem
3139 3569 3151 3604 :
3187 3559 3238 3606 et
3282 3550 3450 3604 intro-

1877 3651 2034 3705 duxit
2082 3663 2170 3703 me
2201 3661 2365 3716 super
2423 3643 2733 3714 aquilonem
2758 3683 2772 3706 ,
2805 3643 2895 3698 20.
2931 3652 2984 3696 et
3014 3657 3140 3696 ecce
3174 3651 3327 3711 porta
3359 3660 3446 3697 re—.

1877 3742 2112 3812 spiciens
2138 3741 2191 3793 in
2223 3736 2531 3807 aquilonem
2562 3734 2700 3788 atrio
2728 3733 3006 3796 exteriori,
3037 3743 3090 3788 et
3113 3749 3336 3788 mensus
3364 3743 3449 3789 est

1875 3849 2017 3898 eam,
2040 3829 2428 3901 longitudinem
2464 3826 2604 3896 ejus,
2635 3835 2689 3879 et
2719 3823 3053 3878 latitudinem
3089 3825 3228 3892 ejus,
3253 3824 3340 3878 2|.
3371 3825 3444 3895 (ᾳ)

1876 3926 2025 3983 Thee
2053 3925 2174 3997 ejus
2192 3933 2299 3984 tres
2333 3923 2480 3986 hinc,
2513 3929 2566 3975 et
2595 3931 2705 3974 tres
2737 3919 2880 3986 inde,
2920 3919 2990 3988 (τ)
3023 3927 3077 3974 et
3103 3917 3262 3983 [Eleu
3296 3917 3364 3986 (ε)
3391 3926 3447 3979 et

1873 4019 2173 4082 IElammo,
2201 4025 2255 4072 et
2283 4015 2488 4086 palmas
2519 4013 2639 4082 ejus
2670 4032 2682 4065 :
2711 4020 2764 4065 et
2795 4009 2995 4064 factum
3030 4019 3113 4062 est
3145 4009 3442 4063 secundum

1874 4123 2158 4166 mensuras
2171 4107 2292 4168 atrii
2312 4104 2649 4176 reSpicientis
2666 4105 2717 4156 in
2737 4105 3022 4170 orientem,
3050 4099 3443 4177 quinquaginta

1873 4201 2178 4258 cubitorum
2198 4197 2479 4266 longitudo
2495 4195 2614 4265 ejus
2641 4213 2653 4248 :
2680 4204 2734 4250 et
2753 4193 2976 4249 latitudo
2998 4192 3117 4260 ejus
3133 4191 3441 4246 cubitorum

1872 4293 2059 4365 viginti
2084 4298 2138 4349 et
2157 4291 2417 4362 quinque,
2441 4289 2524 4343 2'2.
2550 4297 2602 4341 et
2629 4285 2876 4340 fenestrae
2897 4284 3037 4354 ejus,
3061 4293 3114 4337 et
3144 4281 3442 4346 fElammo,

1871 4396 1925 4443 et
1954 4387 2144 4456 palmae
2169 4384 2290 4453 ejus
2315 4423 2330 4448 ,
2356 4383 2496 4435 sicut
2524 4388 2678 4450 porta
2710 4376 3009 4446 respiciens
3039 4376 3091 4429 in
3124 4376 3386 4430 orientem
3423 4393 3436 4440 ξ

189 4472 430 4537 calamo,
460 4484 514 4528 et
537 4474 878 4539 altitudinem
907 4478 1028 4548 ejus
1055 4480 1318 4548 aqualem
1353 4482 1584 4536 calamo.
1619 4482 1670 4536 6.
1702 4481 1769 4538 Et
1803 4463 1847 4518 Ῑ)
1875 4490 1928 4536 et
1955 4481 2010 4534 in
2040 4487 2240 4546 septem
2268 4473 2526 4545 gradibus
2546 4471 2704 4526 scalae
2725 4467 3268 4536 ascendebantsupcr
3291 4481 3439 4534 eum,

189 4563 477 4632 ingressus
503 4575 587 4622 est
617 4565 668 4619 in
695 4575 929 4636 portam,
955 4570 1334 4637 respicientem
1368 4587 1558 4627 versus
1580 4575 1764 4629 arieti-.-

189 4659 299 4708 tem
343 4654 398 4709 itt
427 4666 629 4724 septem
659 4659 936 4728 gradibus,
969 4670 1023 4713 et
1051 4678 1273 4717 mensus
1292 4673 1372 4716 est
1391 4663 1466 4733 (d)
1502 4665 1648 4719 Tltee
1669 4681 1765 4721 sex

185 4753 243 4800 et
272 4759 393 4810 sex,
445 4755 498 4800 et
529 4744 708 4807 lElam
746 4759 913 4818 portae
965 4753 1228 4820 a-qualcm
1277 4756 1508 4824 calamo,
1538 4756 1588 4822 7,
1620 4758 1677 4819 8.
1707 4767 1762 4820 et

1871 4582 1926 4630 et
1953 4571 2230 4628 Elamtno
2280 4566 2610 4620 intrincecns
2644 4578 2658 4614 :
2688 4561 2777 4622 25.
2826 4568 2880 4614 et
2926 4569 3082 4627 porta
3113 4559 3252 4614 atrio
3302 4559 3441 4612 inte-

1871 4664 2003 4720 riori
2057 4659 2350 4728 respiciens
2378 4669 2543 4724 super
2580 4663 2789 4721 portam
2837 4651 3140 4720 aquilonis,
3175 4649 3438 4721 quemadj

1873 4755 2092 4816 modum
2130 4765 2192 4815 cg—
2239 4760 2390 4820 porta
2437 4749 2484 4827 1,
2520 4760 2642 4816 qua:
2686 4743 2903 4815 respicit
2936 4743 2990 4806 in
3041 4743 3301 4803 orientem
3340 4761 3354 4795 :
3386 4753 3439 4796 et

257 4965 342 5035 (α)
479 4968 594 5044 zelo
622 4968 844 5044 allectus
863 4987 982 5034 sum
1009 4973 1152 5029 enim
1185 4975 1518 5044 pronomine
1542 4987 1733 5037 sancto
1756 4994 1895 5033 meo.
1929 4975 1994 5035 Et
2018 4981 2300 5044 portarunt
2328 4969 2678 5041 ignominiam
2704 4982 2881 5044 suam,
2903 4977 3162 5044 etont’nes
3194 4964 3436 5044 incurias

185 5033 458 5116 suas._(a;)
483 5036 567 5098 8.,
592 5033 937 5116 ειιέ-Ιΐεμιιιςιῂι
967 5033 1233 5116 spiritum
1251 5061 1428 5116 meum
1459 5033 1624 5116 super
1650 5049 1774 5101 dom

1900 5033 2134 5100 Israelis.
2177 5033 2444 5116 (ψεῖ-εμ-
2477 5039 2894 5116 niensequinto.
2944 5036 3016 5116 (e)
3051 5033 3137 5116 8.,
3163 5043 3218 5116 et
3235 5037 3432 5116 (quies?

184 5122 311 5162 cere
338 5103 467 5162 fecit
487 5125 601 5186 _tne.
644 5103 1150 5186 (a)S.._ab_austro,
1195 5114 1268 5180 (b)
1295 5113 1379 5186 8.,
1416 5103 1633 5185 propter
1659 5119 1778 5171 cuiu

1881 5117 1912 5179 I,
1943 5103 2470 5186 utostetnlvatnrtibi,
2504 5103 2844 5186 introductus
2868 5124 2926 5186 es
2959 5109 3082 5158 huc.
3228 5103 3428 5186 'S‘.‘,_q_tti

184 5191 316 5249 vero
345 5187 463 5232 erat
487 5179 540 5231 io
562 5175 723 5234 manu
743 5182 841 5240 viri
869 5183 1111 5240 calamus
1131 5175 1454 5244 mensor-ius.
1488 5175 1578 5241 sex
1607 5189 1778 5240 cubitc

1883 5175 1914 5240 u
1934 5195 2130 5239 erath
2150 5185 2335 5239 cubito
2358 5191 2411 5236 et
2433 5182 2631 5249 palmo.
2675 5176 2859 5246 (d)S.,
2899 5176 3079 5228 limen.
3122 5177 3192 5244 (e)
3225 5175 3424 5231 EAEI'.

186 5244 269 5327 S_.,
297 5249 596 5327 quatlaptttl
630 5250 1027 5327 illud,duot_-nm
1045 5255 1374 5327 cubitorum.
1416 5254 1483 5325 ω’)
1503 5255 1585 5320 S.,
1613 5257 1775 5310 limen
1798 5273 1924 5311 vero
1941 5267 2106 5325 pot'lze
2132 5244 2488 5327 intrinsecus;
2525 5244 2838 5327 parastados
2855 5254 3034 5299 autem
3055 5258 3427 5324 portacversus

182 5317 327 5371 viam
356 5318 697 5391 orientalem,
735 5331 844 5375 tres
877 5323 1023 5385 hinc,
1054 5335 1108 5378 et
1141 5334 1248 5378 tres
1278 5317 1623 5386 inde,"unius
1668 5317 1953 5382 mensura!
1976 5337 2086 5380 tres
2129 5326 2252 5391 illae,
2289 5338 2352 5378 οε-
2383 5333 2438 5376 et
2466 5337 2497 5375 e
2539 5317 2818 5391 contrario
2848 5331 3127 5391 Incusum:
3161 5317 3344 5391 Itilius.
3373 5327 3427 5380 95.

185 5401 442 5464 mensura
468 5404 572 5441 una
605 5390 808 5464 liminis
838 5393 962 5464 hinc
993 5384 1047 5446 ct
1070 5395 1192 5448 inde
1228 5397 1273 5462 1.
1349 5384 1421 5464 (ξι)
1457 5393 1540 5459 S.,
1570 5405 1621 5450 et
1662 5406 1778 5451 tern‘

1881 5413 1950 5450 tm
1982 5407 2105 5450 ante
2127 5384 2464 5463 parastados.
2545 5389 2619 5459 (It)
2649 5385 2922 5464 (dA_l‘._$.,
2944 5384 3261 5464 parastades
3293 5400 3423 5464 vero

183 5470 281 5510 sex
309 5458 616 5535 cubitorum
645 5462 718 5535 ab
747 5463 1110 5535 etnni_latere.
1193 5454 1252 5533 (ἰ)
1301 5454 1479 5535 δξξίύι
1527 5454 1654 5520 fecit
1711 5467 2002 5535 peristases
2041 5454 2247 5534 septem
2279 5454 2609 5535 cubitnrttlil.
2637 5467 2690 5511 Cl
2727 5458 2790 5535 i|_|_
2816 5456 2919 5535 Mus.
2964 5470 3084 5522 qua!
3114 5454 3188 5535 ad
3222 5455 3420 5535 atriqu

182 5537 355 5605 porta:
381 5543 473 5594 per
488 5529 796 5605 circuitum.
876 5530 948 5600 (Ic)
981 5534 1065 5596 S..
1095 5527 1281 5590 versus
1305 5527 1496 5589 faciem
1525 5552 1656 5590 vero
1683 5527 1850 5605 portae
1885 5527 2124 5604 antiquae
2153 5545 2342 5590 contra
2401 5532 2591 5605 faciem
2619 5527 2889 5605 'vestibuli
2915 5535 3084 5594 portu:
3120 5527 3419 5605 interioris,

182 5594 245 5720 ξι)
273 5597 469 5650 Portus.
545 5600 638 5668 (ιη)
677 5601 760 5665 8.,
791 5612 843 5655 et
877 5594 1124 5660 fenestrae
1156 5607 1389 5673 obliquae
1413 5607 1478 5659 ad
1512 5594 1778 5675 parastadt

205 5668 259 5720 ο)
279 5667 690 5720 Columnarum.
765 5677 839 5720 (vi
870 5673 952 5720 8.-
980 5675 1048 5720 ab
1073 5691 1138 5720 eo
1166 5678 1308 5720 nttml
1334 5685 1477 5720 ante-
1521 5677 1592 5720 (nl
1627 5675 1778 5720 Set

1885 5615 1940 5660 et
1973 5594 2038 5660 ad
2064 5607 2378 5674 peristases.
2435 5604 2524 5674 χή)
2553 5598 2633 5653 S..
2663 5598 2896 5660 exedrte,
2941 5605 2994 5647 et
3027 5594 3418 5664 pavimentum,

1881 5678 2116 5720 rastmlos
2139 5678 2275 5720 eius-
2317 5681 2386 5720 lrl
2412 5672 2495 5720 8..
2527 5684 2579 5720 et
2613 5669 2796 5720 limen.
2819 5666 2964 5720 (111οἀ
2995 5679 3158 5720 sunra
3187 5677 3418 5720 DOI'lalll.

193 5666 259 5806 [οἱ
279 5666 690 5724 Columnarum.
765 5677 839 5740 (ρ)
870 5673 952 5735 8.,
980 5675 1048 5726 ab
1073 5691 1138 5728 eo
1166 5666 1308 5742 quod
1334 5685 1478 5730 ante.
1514 5666 1592 5746 '(q)
1627 5675 1778 5745 S.,et

193 5741 232 5799 is
284 5735 368 5803 8.,
395 5749 520 5792 ante
549 5753 760 5806 portam
801 5745 858 5806 (ἰ.
891 5760 940 5795 e.
963 5747 1315 5806 vestibulum).

1881 5666 2116 5741 rastades
2139 5678 2275 5748 ejus,
2317 5681 2386 5745 (ν)
2412 5672 2495 5738 8.,
2527 5684 2579 5725 et
2613 5669 2796 5732 limen,
2819 5666 2964 5737 quod
2995 5679 3158 5733 supra
3187 5677 3420 5737 portam,

182 5735 256 5806 ts)
284 5735 368 5803 8.,
395 5749 520 5792 ante
549 5735 858 5812 portantii.
891 5760 940 5795 e.
963 5735 1315 5812 vestibulum).

501 5831 772 5902 PnnoL.
839 5837 957 5901 (in.
1001 5838 1166 5909 XVI,
3026 5823 3102 5898 δἹ
