3848 6218
444 243 587 299 ⁸.ὶῖὓὸ

1549 234 1777 291 CODEX
1820 232 2617 290 SYRlAlZO-HEXAPLARIS.

3559 241 3699 299 2756

445 373 500 415 et
532 357 828 413 secundum
864 355 924 426 (ἱ)
955 354 1115 417 ostia,
1151 367 1273 422 qme
1315 369 1343 406 a
1386 354 1653 423 principio
1698 353 2021 415 ambulacri,
2055 362 2094 413 Α
2129 351 2226 404 dio
2262 351 2458 404 domus
2491 349 2706 404 lsraelis
2741 350 2793 403 in
2822 348 3233 419 sempiternum.
3265 349 3331 405 Et
3374 366 3480 407 non
3510 358 3695 424 profa-

449 464 624 519 usque
646 451 711 501 ad
740 449 918 502 lumen
947 444 1206 499 momenti
1223 444 1440 501 calami.
1465 455 1515 497 et
1546 460 1739 497 versus
1757 444 2019 495 oricnteut

446 542 514 594 ad
561 540 973 609 ingrediendum
1024 552 1188 606 super
1226 537 1313 591 iis.
1354 536 1439 589 15.
1478 535 1542 588 Et
1567 535 1707 588 dixit
1762 535 1827 587 ad
1884 550 1968 588 me
2005 552 2019 589 :

449 632 674 687 Exedra:
706 645 827 700 qua:
859 629 925 683 ad
955 628 1269 702 aquilonem
1298 668 1313 691 ,
1347 635 1401 680 et
1432 627 1643 680 exedra:
1672 643 1793 695 qua:
1830 626 1895 680 ad
1925 642 2024 679 au-

448 735 621 787 strum
649 763 663 787 ,
693 738 814 792 quae
850 730 977 775 sunt
1006 735 1197 774 versus
1230 718 1425 773 faciem
1462 718 1909 780 intervallorum,
1941 716 2022 771 lue

448 826 575 869 sunt
611 800 821 868 exedra:
870 812 1221 876 Sanctuarii,
1260 811 1315 863 in
1359 809 1556 879 quibus
1610 810 1898 864 comedent
1947 811 2020 864 ibi

447 908 783 971 sacerdotes,
816 905 907 959 filii
939 900 1175 968 S'adduc,
1211 903 1707 973 appropinquantes
1731 903 1798 956 ad
1834 902 2017 956 Domi-

449 1013 597 1062 nttm,
632 997 685 1051 in
735 996 930 1050 Sancta
962 993 1287 1048 Sanctorum
1313 1032 1326 1055 ,
1356 1003 1411 1047 et
1452 994 1522 1048 ibi
1568 989 1771 1063 ponent
1818 992 2016 1047 Sancta

449 1088 797 1155 Sanctorum,
830 1098 883 1142 et
915 1087 1241 1142 sacrificium
1265 1128 1279 1152 ,
1306 1086 1360 1139 et
1393 1103 1514 1156 quae
1543 1102 1640 1155 pro
1675 1096 1921 1156 peccato,
1944 1082 2019 1140 et

447 1198 568 1248 quae
627 1198 724 1251 pro
769 1180 1108 1251 ignorantia,
1157 1181 1288 1251 quia
1334 1180 1488 1234 locus
1526 1186 1750 1235 sanctus
1783 1188 1887 1233 est.
1912 1162 2013 1233 14.

446 1269 563 1327 Non
590 1274 963 1342 ingredientur
992 1272 1119 1327 illuc
1146 1280 1337 1341 prteter
1367 1260 1698 1332 sacerdotes,
1730 1285 1835 1322 non
1860 1283 2015 1339 egre-
2062 1288 2065 1293 ·

446 1366 665 1419 dientur
710 1381 771 1417 ex
816 1363 1141 1419 Sanctttario
1195 1364 1247 1416 in
1284 1352 1483 1415 atrium
1529 1361 1805 1425 exterius,
1837 1374 1897 1415 -t—
1958 1370 2017 1413 ιιι

446 1476 659 1528 Semper
686 1460 858 1513 sancti
879 1459 1008 1522 sint,
1033 1457 1124 1528 qui
1149 1458 1381 1512 offerunt
1410 1457 1432 1527 1
1457 1474 1469 1509 :
1503 1455 1573 1525 (lt)
1594 1467 1647 1509 et
1672 1470 1777 1508 non
1798 1461 2016 1523 tangent

444 1554 615 1607 stolas
646 1568 862 1614 eorum,
886 1552 1087 1621 quibus
1112 1550 1425 1602 ministrant
1452 1549 1503 1600 in
1538 1547 1635 1609 eis,
1670 1548 1797 1615 quia
1829 1556 2010 1600 sancta

444 1656 572 1700 sunt
609 1661 623 1697 :
666 1654 719 1698 et
763 1646 986 1699 iuduent
1011 1636 1330 1697 vestimenta
1367 1640 1469 1693 alia
1495 1679 1512 1705 ,
1539 1640 1758 1709 quando
1794 1649 2014 1708 tangent

2129 441 2335 495 nabunt
2393 441 2625 509 amplius
2678 440 2874 493 domus
2931 438 3144 495 lsraelis
3194 457 3387 496 nomen
3448 456 3698 502 sanctum

2128 550 2331 597 meum,
2369 533 2492 601 ipsi,
2527 542 2579 586 et
2602 533 2767 586 duces
2790 532 2976 585 eorum
3006 532 3058 585 in
3096 534 3423 611 scortatione
3450 552 3568 602 sua,
3600 540 3698 606 (ηρ)

2123 635 2176 677 et
2207 624 2258 676 in
2287 624 2526 677 c'zedibus
2561 623 2761 675 ducum
2803 622 2855 675 iu
2890 624 3069 677 medio
3102 624 3209 687 sui.
3242 624 3294 677 8.
3329 636 3380 679 et
3408 630 3499 696 qui
3527 643 3694 699 potte-

2127 714 2260 768 bant
2293 713 2456 766 limen
2486 729 2664 767 mctnn
2692 714 2743 765 in
2769 713 3047 768 liminibus
3077 715 3213 778 suis,
3235 724 3287 769 et
3314 720 3695 786 super-limina-

2123 805 2201 857 ria
2256 820 2372 859 mea
2408 806 2711 875 prepinqua
2749 806 3261 874 superliminarilnts
3304 811 3419 864 suis
3462 828 3475 863 :
3516 820 3568 864 et
3598 812 3701 866 de-

2123 897 2320 950 derunt
2352 897 2609 965 parietem
2662 913 2838 951 meum
2873 898 3014 952 sicut
3060 900 3451 955 connexiOuem
3496 904 3597 957 mei
3642 916 3696 959 et

2122 987 2229 1048 sui,
2260 999 2311 1040 et
2355 988 2710 1057 profanarum
2748 1004 2939 1043 nomen
2977 1000 3227 1044 sanctum
3280 1008 3457 1045 meum
3488 995 3540 1046 in
3578 994 3689 1048 ini~

2119 1079 2421 1146 quitatibus
2454 1080 2601 1142 suis,
2638 1096 2776 1150 quas
2823 1078 3136 1136 faciebant:
3170 1091 3224 1136 et
3275 1086 3555 1138 consumsi
3599 1100 3696 1139 eos

2122 1171 2173 1222 in
2209 1170 2392 1223 furore
2425 1188 2563 1237 meo,
2593 1186 2655 1227 +
2692 1184 2744 1226 et
2774 1174 2825 1227 in
2860 1174 3135 1229 occisione
3164 1175 3210 1243 1.
3248 1175 3300 1229 9.
3338 1174 3494 1233 Nunc
3525 1181 3698 1247 repel-

2119 1262 2231 1316 lant
2264 1265 2644 1317 scortatiouem
2670 1280 2848 1331 suam,
2876 1278 2927 1320 et
2961 1268 3135 1320 credes
3167 1267 3364 1322 ducum
3396 1285 3621 1325 suorum
3662 1290 3694 1327 a

2120 1369 2221 1417 tne,
2241 1364 2294 1405 et
2311 1357 2691 1409 commorabor
2711 1358 2760 1408 in
2791 1357 2970 1409 medio
2988 1372 3173 1409 eorum
3202 1358 3253 1409 in
3275 1363 3691 1426 Sempttrruum.

2119 1445 2204 1496 1η.
2241 1443 2305 1497 Ει
2334 1456 2412 1509 ιιι,
2450 1448 2521 1499 lili
2557 1446 2795 1499 hominis
2819 1486 2833 1510 ,
2871 1446 3097 1500 ostende
3123 1448 3306 1500 dontui
3344 1447 3556 1502 Israelis
3590 1450 3691 1503 do-

2118 1554 2286 1602 mum,
2314 1545 2367 1589 et
2397 1554 2455 1591 se
2479 1537 2809 1592 eohibebuut
2835 1552 2863 1589 a
2896 1538 3132 1606 peccatis
3158 1540 3271 1592 suis
3297 1558 3310 1594 :
3343 1540 3417 1608 (η)
3446 1551 3499 1593 et
3524 1541 3695 1593 visio—

2118 1646 2238 1681 nem
2276 1629 2413 1697 ejus,
2446 1639 2498 1682 et
2528 1630 2769 1683 ordinem
2794 1628 2938 1697 ejus,
2982 1629 3063 1681 11.
3094 1638 3146 1683 et
3180 1630 3253 1682 illi
3284 1632 3549 1699 accipient
3578 1642 3693 1685 tor-

446 1737 725 1805 populum.
746 1735 833 1789 l3.
860 1734 925 1787 Et
954 1743 1333 1787 consummata
1352 1740 1434 1783 est
1458 1730 1790 1783 meusuratio
1819 1729 2013 1783 domus
2050 1699 2089 1751 Β
2117 1720 2354 1773 "lenm/III
2384 1736 2540 1772 suum
2574 1736 2671 1790 IH'U
2693 1720 2949 1774 omnibus
2973 1759 2987 1783 ν
3023 1737 3142 1789 (luit?
3180 1721 3445 1775 Γοθοιύηι-
3495 1722 3561 1776 El
3592 1725 3688 1777 de-

447 1828 791 1879 intrinsecus.
830 1824 893 1878 lit
925 1824 1110 1877 eduxit
1139 1837 1225 1875 me
1261 1838 1422 1889 super
1470 1821 1554 1874 via
1592 1816 1761 1891 portae
1787 1862 1800 1884 ,
1837 1822 2013 1888 respi-

445 1920 636 1973 cientis
671 1919 735 1971 ad
774 1918 1036 1971 orientem
1065 1956 1080 1981 ,
1121 1922 1175 1969 et
1222 1928 1443 1967 mensus
1471 1923 1553 1966 est
1581 1913 1884 1981 exemplum
1920 1913 2017 1966 do-

443 2025 567 2062 mus
611 2005 965 2061 circumcirca
1019 2004 1071 2057 in
1120 2002 1331 2057 ordine.
1391 2003 1477 2056 16.
1529 2002 1592 2055 Et
1627 2002 1774 2056 stetit
1828 2017 2015 2056 versus

443 2084 699 2154 austrum
714 2105 902 2167 portae,
935 2094 1275 2165 respicientis
1298 2094 1363 2147 ad
1391 2094 1679 2157 orientem,
1709 2101 1761 2146 et
1792 2107 2015 2147 mensus

442 2201 525 2243 est
556 2186 881 2259 quingentOs
917 2187 970 2240 in
1013 2186 1224 2238 calamo
1253 2199 1544 2238 mensura}.
1578 2183 1665 2237 17.
1708 2182 1771 2235 Ει
1800 2198 1858 2239 se
1889 2198 2015 2237 ver-

445 2282 509 2334 tit
536 2280 600 2332 ad
634 2277 975 2349 aquilonem,
995 2286 1049 2330 et
1074 2290 1296 2329 mensus
1313 2285 1395 2329 est
1424 2275 1643 2344 idquod
1667 2284 1791 2328 ante
1823 2275 2015 2328 faciem

439 2371 710 2440 aquilonis
735 2409 751 2435 ,
786 2372 1001 2424 cubitos
1030 2372 1358 2441 quingentos
1389 2370 1443 2424 in
1477 2370 1688 2424 calamo
1720 2384 2011 2425 mensurae.

443 2465 530 2516 18.
566 2465 630 2516 lat
669 2478 728 2517 se
756 2463 916 2517 venit
939 2463 1003 2515 ad
1046 2477 1193 2515 mare
1216 2504 1232 2527 ,
1265 2471 1317 2515 et
1349 2478 1569 2516 mensus
1601 2472 1686 2516 est
1710 2462 1851 2531 quod
1895 2478 2015 2515 ver-

442 2568 538 2606 sus
571 2553 763 2607 laciem
801 2552 968 2605 maris
992 2589 1007 2611 ,
1053 2552 1381 2622 quingentos
1416 2552 1469 2605 in
1510 2552 1719 2606 calamo
1746 2554 2015 2607 utenSurte

441 2646 508 2712 ξεί
543 2659 637 2713 per
671 2644 961 2697 circuitum
1006 2642 1058 2710 1.
1099 2642 1185 2697 19.
1226 2642 1287 2697 Et
1334 2659 1393 2698 se
1428 2645 1589 2697 vertit
1618 2645 1683 2698 ad
1730 2654 2011 2709 austrum,

441 2745 495 2786 et
520 2748 741 2786 mensus
757 2719 839 2786 est
863 2748 1053 2787 versus
1074 2744 1342 2798 austrum,
1368 2734 1695 2804 quingentos
1729 2735 1782 2789 in
1804 2735 2015 2790 calamo

443 2839 714 2878 mensurae
742 2862 757 2888 ,
789 2823 878 2876 20.
926 2823 979 2876 in
1010 2832 1241 2892 quatuor
1286 2838 1416 2879 vero
1452 2834 1634 2893 partes
1676 2840 1900 2881 mensus
1932 2835 2016 2881 est

440 2915 631 2968 eodem
659 2914 869 2968 calamo
896 2928 910 2966 :
937 2924 990 2966 et
1019 2914 1288 2983 disposuit
1313 2914 1511 2984 ipsum,
1536 2925 1590 2969 et
1616 2904 1796 2985 sepem
1822 2932 2012 2971 eorum

441 3022 537 3075 per
570 3005 884 3070 circuitum,
916 3004 1341 3075 quingentorum
1376 3007 1688 3061 cubitorum
1724 3008 1790 3062 ad
1822 3010 2011 3064 orien-
2039 3034 2083 3093 ε

442 3110 584 3163 tetu,
621 3106 675 3151 et
716 3096 1137 3166 quingentorum
1172 3096 1478 3150 cubitorum
1528 3096 1872 3153 latitudinem
1895 3140 1909 3164 ,
1945 3099 2011 3153 ad

441 3188 884 3256 distinguendum
924 3186 1066 3239 inter
1108 3186 1306 3241 Sancta
1341 3196 1395 3240 et
1442 3187 1585 3242 inter
1633 3180 2010 3253 anternurale,

441 3282 585 3349 quod
617 3277 825 3331 ordinis
861 3278 1076 3331 domus.

513 3372 645 3442 Cap.
674 3358 861 3423 ‘XLlll.
897 3400 968 3409 --
1009 3368 1059 3423 1.
1097 3367 1165 3422 Et
1208 3369 1436 3423 adduxit
1476 3385 1562 3424 me
1596 3387 1759 3440 super
1800 3382 2010 3441 portam

443 3462 821 3531 respicientem
870 3461 925 3513 in
957 3462 1245 3523 orientem,
1285 3472 1345 3514 -ι-
1373 3462 1425 3513 et
1455 3461 1609 3515 duxit
1656 3478 1741 3516 tne
1780 3463 1827 3529 1.
1859 3461 1913 3515 2.
1946 3462 2013 3516 Et

441 3568 569 3607 ecce
606 3553 776 3622 gloria
829 3551 923 3606 Dei
972 3549 1185 3604 lsraelis
1230 3544 1477 3606 veniebat
1514 3568 1677 3621 super
1714 3556 1798 3606 via
1844 3566 2013 3624 portae

445 3646 787 3715 respicientis
831 3660 1021 3699 versus
1083 3646 1383 3708 orientem,
1435 3655 1485 3699 et
1521 3661 1624 3699 vox
1682 3657 2009 3714 castrorum,

443 3740 585 3789 sicut
615 3751 714 3789 vos
751 3724 1044 3788 multormn
1074 3735 1465 3803 duplicantium
1506 3747 1598 3790 :et
1625 3746 1765 3792 terra
1800 3739 2013 3795 lucebat

441 3830 579 3881 θίγω
612 3827 866 3896 splendor
896 3841 927 3879 a
976 3826 1143 3893 gloria
1186 3824 1401 3878 Domini
1450 3818 1826 3894 circumcirca,
1871 3830 1923 3884 5.
1958 3839 2012 3885 et

444 3918 603 3981 visio,
631 3932 793 3985 quam
821 3916 945 3979 vidi,
973 3914 1273 3969 secundum
1298 3918 1584 3983 visionem,
1611 3936 1774 3988 quam
1794 3921 1923 3985 vidi,
1947 3922 2010 3992 (lt

441 4025 610 4076 quum
647 4009 957 4078 ingrederer
992 4009 1055 4062 ad
1085 4010 1391 4079 ungendum
1428 4011 1636 4064 urbem.
1672 4010 1739 4065 Et
1768 4014 1907 4067 visio
1944 4028 2009 4069 -ι-

440 4115 635 4154 currus
669 4099 691 4167 1
725 4114 887 4166 quem
920 4099 1050 4165 vidi,
1075 4101 1372 4154 secundum
1399 4102 1686 4167 visionem,
1718 4118 1881 4171 qualn
1903 4105 2011 4159 vidi

442 4206 608 4260 super
628 4188 853 4243 fluvium
873 4188 1093 4244 Chobar
1120 4200 1196 4245 :et
1228 4192 1365 4245 cado
1399 4208 1562 4259 super
1591 4192 1783 4247 faciem
1809 4210 2007 4260 meam,

441 4281 495 4334 4.
534 4291 587 4334 et
626 4281 796 4351 gloria
824 4279 1041 4334 Domini
1095 4281 1340 4351 ingressa
1371 4291 1453 4336 est
1480 4284 1532 4335 iu
1559 4283 1782 4336 domum
1810 4325 1825 4349 ,
1849 4300 2012 4355 super

2116 1813 2321 1866 scribes
2343 1812 2589 1874 domum,
2617 1815 2681 1880 Ἃ(
2710 1822 2763 1866 et
2786 1814 3229 1882 praeparationem
3262 1814 3382 1882 ejus
3421 1815 3470 1882 1,
3491 1827 3547 1868 et
3571 1817 3691 1868 exi-

2116 1916 2203 1958 tus
2233 1906 2374 1971 ejus,
2415 1908 2482 1973 >ί<
2514 1914 2566 1959 et
2610 1905 2864 1959 introitus
2902 1905 3021 1970 ejus
3067 1905 3088 1973 1
3131 1905 3202 1974 (ο)
3237 1916 3289 1959 et
3319 1906 3688 1961 substantiam

2114 1997 2255 2064 ejus,
2295 2007 2350 2051 et
2386 1992 2569 2051 nuntia
2613 2006 2882 2067 praecepta
2928 1997 3088 2073 ejus,
3119 2008 3173 2051 et
3227 1999 3409 2051 omnia
3442 1999 3686 2069 legitima

2114 2090 2234 2156 ejus
2261 2129 2275 2153 ,
2307 2094 2373 2156 Χ
2409 2098 2461 2143 et
2496 2105 2686 2143 omnes
2720 2088 2867 2159 leges
2913 2089 3034 2158 ejus
3082 2089 3105 2156 1
3143 2104 3470 2160 cognoscere
3517 2090 3690 2146 facies

2114 2196 2230 2244 eos,
2254 2191 2307 2235 et
2329 2181 2603 2235 describes
2624 2196 2805 2235 coram
2836 2180 2936 2247 eis,
2962 2190 3016 2235 et
3034 2182 3339 2236 custodieut
3385 2183 3571 2237 omnia
3598 2184 3687 2253 ju-

2116 2271 2473 2326 stilicatioues
2496 2287 2665 2335 meas,
2689 2280 2743 2326 et
2767 2273 2947 2325 omnia
2967 2283 3229 2342 prter-cpta
3248 2289 3387 2336 mea.
3409 2284 3465 2329 et
3489 2275 3690 2331 facient

2116 2376 2179 2413 ea
2215 2378 2227 2412 :
2257 2361 2343 2414 12.
2376 2371 2428 2415 et
2456 2362 2876 2430 descriptionem
2911 2363 3106 2418 domus
3123 2380 3285 2433 super
3305 2366 3505 2421 vertice
3528 2383 3689 2423 mon-

2118 2452 2206 2511 tis.
2245 2468 2434 2506 mortes
2482 2454 2699 2507 termini
2734 2453 2852 2523 ejus
2890 2456 3245 2511 circumcirca
3277 2454 3476 2512 Sancta
3510 2456 3687 2513 Sanc-

2116 2551 2293 2595 torum
2330 2548 2395 2610 )ι(
2425 2554 2552 2598 sunt
2581 2562 2593 2596 :
2634 2544 2748 2598 haec
2780 2545 2862 2599 lex
2902 2546 3097 2599 domus
3122 2546 3170 2615 1.
3198 2546 3284 2600 15.
3313 2546 3373 2600 Et
3397 2549 3512 2602 haec
3534 2564 3685 2603 men-

2116 2649 2257 2689 sur:e
2287 2636 2473 2689 altaris
2505 2636 2556 2689 iu
2590 2637 2775 2690 cubito
2804 2637 2970 2692 cubiti
3000 2640 3067 2707 χ
3100 2648 3155 2694 et
3183 2640 3347 2694 cubiti
3382 2642 3445 2711 1,
3485 2650 3540 2694 et
3572 2642 3687 2709 pal-

2118 2726 2188 2777 mi
2221 2727 2296 2795 (ρ)
2344 2727 2495 2780 sinus
2525 2727 2868 2795 profunditas
2902 2744 3063 2799 super
3088 2730 3353 2793 cubitum,
3389 2742 3444 2785 et
3468 2733 3685 2786 cubitus

2118 2816 2368 2878 latitudo,
2395 2828 2448 2870 et
2472 2817 2623 2887 gisus
2644 2834 2806 2884 super
2824 2819 2966 2872 labiu
2988 2819 3108 2889 ejus
3134 2821 3490 2876 circumcirca
3521 2823 3683 2891 palmi

2117 2909 2184 2975 Χ
2217 2908 2377 2962 unius
2415 2910 2463 2978 1.
2500 2906 2564 2961 Et
2603 2908 2717 2963 hanc
2744 2910 2973 2964 altitudo
3007 2911 3195 2965 altaris
3223 2912 3311 2967 H.
3353 2927 3384 2965 a
3411 2912 3686 2981 profundo

2115 3000 2325 3053 exordii
2360 2998 2748 3068 profunditatis
2793 3002 2915 3069 ejus
2945 3003 3012 3056 ad
3052 3003 3488 3071 propitiatoriutu
3533 3019 3687 3073 mag-

2116 3106 2246 3145 num
2273 3130 2286 3151 ,
2319 3092 2423 3145 hoc
2466 3092 2674 3155 sttbter,
2714 3093 3020 3148 cubitorum
3053 3096 3285 3148 duorum
3312 3134 3328 3155 ,
3354 3103 3408 3149 et
3456 3096 3685 3149 latitudo

2115 3185 2285 3237 cubiti
2335 3202 2347 3236 :
2390 3195 2443 3237 et
2478 3202 2506 3237 a
2542 3186 2922 3253 propitiatorio
2952 3202 3120 3255 parvo
3154 3202 3317 3255 super
3368 3186 3683 3257 propitiato-

2115 3276 2258 3329 rium
2292 3293 2569 3346 utagnutu,
2606 3278 2777 3331 cubiti
2801 3287 3065 3347 quatuor,
3104 3288 3158 3332 et
3179 3279 3409 3333 latitudo
3438 3279 3677 3335 cubitus.

2116 3354 2213 3422 15.
2233 3367 2298 3421 Et
2327 3367 2472 3421 Ariel
2499 3369 2805 3423 cubitorum
2834 3379 3091 3439 quatuor,
3115 3381 3167 3425 et
3189 3371 3258 3425 ab
3274 3371 3420 3425 Ariel
3445 3380 3501 3426 et
3523 3388 3687 3442 super

2115 3475 2322 3514 cornua
2378 3459 2617 3514 cubitus.
2672 3460 2760 3514 16.
2821 3460 2885 3514 Et
2921 3463 3094 3530 ipsum
3156 3462 3339 3529 Ariel,
3373 3463 3683 3517 cubitorum

2115 3552 2402 3607 duodecim
2450 3552 2759 3621 longitudo,
2792 3567 2956 3621 super
2983 3552 3196 3608 cubitos
3232 3552 3521 3609 duodecim
3552 3555 3682 3609 lati-

2113 3642 2265 3707 tudo,
2294 3642 2732 3713 quadrangulum
2757 3659 2923 3711 super
2953 3654 3190 3714 quatuor
3215 3656 3396 3714 partes
3417 3646 3557 3716 ejus.
3596 3647 3684 3703 17.

2116 3734 2175 3789 Ει
2209 3738 2667 3806 propitiatorium,
2697 3738 3013 3792 cubitorum
3058 3739 3473 3807 quatuordecim
3505 3739 3685 3809 longi-

2114 3830 2246 3882 tudo
2270 3870 2287 3895 ,
2321 3846 2484 3897 super
2522 3829 2739 3884 cubitos
2779 3829 3190 3898 quatuordecim
3237 3830 3500 3896 latitudo,
3545 3848 3685 3902 qua-

2112 3920 2437 3989 drangulnm
2473 3934 2636 3988 super
2662 3929 2900 3988 quatuor
2934 3929 3118 3989 partes
3149 3919 3268 3988 ejus
3303 3938 3317 3974 :
3351 3920 3427 3991 (ᾳ)
3451 3933 3506 3975 et
3532 3923 3686 3991 gisus

2113 4011 2233 4077 ejus
2261 4011 2621 4065 circumcirca
2646 4024 2846 4079 gyrans
2876 4010 3010 4063 illud
3041 4011 3328 4065 dimidium
3360 4013 3531 4066 cubiti
3567 4031 3580 4067 :
3612 4015 3683 4084 fr)

2113 4111 2167 4156 et
2184 4102 2447 4156 circuitus
2468 4101 2589 4170 ejus
2606 4102 2827 4155 cubitus
2853 4102 3235 4167 circumcirca,
3262 4114 3319 4157 et
3335 4102 3535 4172 gradus
3562 4105 3683 4173 ejus

2114 4194 2466 4263 respicientes
2494 4209 2682 4247 versus
2713 4194 3002 4248 orientem.
3054 4194 3138 4248 18.
3172 4192 3238 4247 Ει
3274 4195 3411 4248 dixit
3439 4195 3507 4249 ad
3541 4212 3627 4250 me
3665 4215 3680 4250 :

2112 4285 2212 4339 Fili
2251 4286 2525 4351 hominis,
2555 4284 2671 4338 haec
2699 4284 2829 4339 dicit
2876 4284 3139 4339 Dominus
3190 4283 3454 4340 Dominus
3494 4306 3508 4341 :
3556 4286 3683 4341 Haec

444 4375 527 4425 \ia
569 4381 738 4441 porta:
782 4372 1122 4440 respicientis
1154 4374 1205 4425 in
1247 4372 1534 4427 orientem.
1589 4374 1641 4428 5.
1684 4377 1749 4429 lit
1789 4377 2009 4431 sustulit
2036 4384 2086 4444 ι)
2111 4386 2376 4446 przecepta
2396 4376 2647 4429 altarisiu
2672 4376 2758 4429 die
2776 4362 3079 4432 effectionis
3103 4378 3240 4446 ejus,
3266 4378 3680 4433 adollereudqu

442 4478 531 4516 me
584 4460 832 4530 spiritus,
870 4470 924 4514 et
958 4460 1255 4515 introduxit
1286 4477 1373 4515 me
1406 4462 1457 4514 in
1488 4462 1687 4515 atrium
1731 4464 1958 4519 interius
1994 4482 2008 4518 :

442 4565 496 4607 et
522 4569 650 4607 ecce
687 4553 844 4623 plena
892 4551 1074 4622 gloriae
1104 4549 1319 4606 Domini
1367 4550 1582 4607 domus.
1618 4555 1668 4607 ϋ.
1703 4568 1762 4608 -:—
1792 4553 1857 4607 Et
1887 4556 2012 4610 steti

448 4645 496 4716 1,
526 4653 581 4697 et
610 4658 740 4699 ecce
767 4658 871 4696 vox
908 4642 1179 4711 loquentis
1212 4643 1277 4696 ad
1314 4658 1399 4696 me
1431 4658 1463 4697 e
1487 4644 1670 4707 domo,
1701 4655 1754 4698 et
1784 4645 1869 4699 vir
1902 4656 2013 4701 sta-

442 4738 534 4789 bat
562 4750 731 4807 prope
753 4734 820 4789 ad
854 4749 961 4797 me,
994 4735 1044 4787 7.
1076 4743 1130 4788 et
1157 4735 1296 4788 dixit
1331 4736 1397 4788 ad
1428 4750 1515 4788 me
1550 4752 1562 4787 :
1598 4733 1697 4788 Fili
1730 4736 1966 4790 hominis
1996 4775 2013 4801 ,

442 4830 625 4885 vidisti
662 4830 842 4884 locum
888 4829 1066 4882 throni
1108 4828 1233 4888 mei.
1259 4837 1313 4882 et
1349 4828 1526 4881 locutu
1564 4830 1775 4898 vestigii
1809 4830 2008 4899 pedum

441 4921 727 4978 meorum?
766 4921 820 4975 in
850 4919 1050 4989 quibus
1084 4918 1564 4973 habitabituomen
1599 4936 1779 4975 meum
1804 4922 1856 4974 in
1889 4937 2005 4975 me-

2114 4484 2278 4537 super
2310 4484 2375 4521 co
2400 4468 2469 4538 (δ)
2499 4468 2834 4529 holocausta,
2861 4477 2916 4521 et
2948 4469 3012 4520 ad
3037 4468 3422 4523 effundendum
3448 4473 3514 4524 ad
3548 4472 3679 4525 illud

2114 4558 2456 4628 sanguinem.
2510 4557 2596 4611 l9.
2631 4556 2691 4611 Et
2725 4557 2881 4611 dabis
2916 4558 3291 4613 sacerdotibus
3324 4557 3549 4626 Levitis,
3584 4563 3677 4630 qui

2114 4666 2180 4703 ex
2217 4650 2423 4703 semine
2450 4647 2687 4708 Sadduc.
2722 4650 3285 4719 appropinquantibus
3309 4651 3375 4704 ad
3411 4668 3517 4718 me,
3548 4653 3681 4706 dicit

2116 4741 2381 4794 Dominus
2415 4738 2700 4804 Dominus,
2744 4750 2797 4793 et
2833 4741 3142 4794 ministrent
3180 4742 3311 4795 mihi
3354 4744 3581 4797 vitulum
3611 4744 3678 4798 ex

2116 4834 2291 4888 bobus
2322 4850 2415 4903 pro
2437 4845 2658 4903 peccato
2690 4852 2701 4887 :
2729 4834 2818 4888 20.
2841 4843 2895 4888 et
2916 4845 3131 4889 sument
3152 4852 3215 4891 ex
3241 4838 3506 4907 sanguine
3537 4838 3677 4907 ejus,

2112 4934 2166 4981 et
2197 4937 2399 4996 ponent
2424 4940 2587 4995 super
2625 4938 2858 4995 quatuor
2887 4927 2953 4998 (ι)
2982 4943 3184 4983 cornua
3208 4930 3415 4995 altaris,
3441 4940 3495 4984 et
3517 4945 3680 4999 super

512 5080 574 5152 (ἱ)
608 5078 691 5156 8.,
720 5078 919 5156 ostium
980 5076 1035 5156 in
1085 5075 1355 5156 principio
1380 5076 1503 5156 vite.
1551 5091 1673 5156 qua;
1732 5076 1817 5156 via
1861 5086 1981 5131 erat
2031 5086 2181 5156 aute_
2212 5085 2423 5146 septum
2476 5078 2697 5156 domus
2726 5081 3501 5156 transmigrationis,_versus
3531 5086 3671 5140 viam

439 5147 758 5205 orientalem
819 5147 1161 5216 ingredienti.

441 5222 801 5289 rumpendqu
852 5214 1086 5289 portam.
1151 5214 1272 5277 Th.,
1329 5214 1499 5285 quum
1548 5214 1936 5286 ingrederetur.

441 5302 754 5345 stt'atut‘um.

1275 5148 1344 5215 (Ir)
1381 5146 1463 5209 8.,
1499 5158 1549 5199 ct
1580 5146 1675 5199 ibi
1726 5147 1996 5216 deponent
2050 5149 2367 5202 vestimenta
2418 5164 2538 5202 sua.

2643 5152 2704 5215 (ι)
2735 5150 2815 5212 8.,
2857 5166 3025 5218 quum
3085 5153 3392 5221 ingrederer
3440 5154 3505 5207 ad
3552 5173 3675 5208 eor-

2049 5218 2144 5289 (m)
2201 5217 2423 5293 7_'Ii._,_ct
2482 5219 2536 5271 in
2586 5217 2941 5293 cadaveribus
3006 5217 3195 5291 regunt
3256 5239 3513 5276 suorum~
3547 5241 3675 5293 prn-

871 5288 946 5357 (η)
981 5285 1063 5352 8.,
1114 5295 1175 5339 ut
1229 5296 1574 5339 utensuretur
1612 5285 1934 5353 exemplar,
2003 5285 2375 5357 etipmttitcbit
2429 5303 2524 5342 eos
2577 5290 2858 5353 onntitun,’
2930 5285 3351 5357 quae'l'eceruut

3413 5308 3445 5347 ζ
3469 5290 3684 5348 deseri-

439 5364 679 5431 ptiouetn
710 5356 935 5421 domus,
963 5367 1016 5410 et
1050 5357 1455 5431 perfectionem,
1484 5371 1605 5431 quae
1635 5359 1817 5431 simul,
1848 5358 1987 5423 ejus.
2017 5429 2023 5431 Α
2048 5356 2169 5422 Tli.,
2219 5368 2269 5411 et
2310 5360 2600 5411 metiantur
2651 5374 2774 5431 cum
2833 5356 3125 5427 exemplari
3171 5378 3291 5427 suo,
3352 5373 3405 5414 et
3432 5360 3674 5431 Erubes-

439 5426 565 5486 caut
595 5432 660 5484 de
685 5432 961 5501 omnibus,
1003 5443 1123 5495 qua:
1155 5428 1416 5490 fecerunt,
1444 5426 1685 5501 al'urorc
1736 5428 1987 5501 (aucepsb
2014 5429 2209 5501 luerco,
2248 5444 2426 5501 annon
2462 5438 2645 5501 gemma
2685 5426 3053 5481 determinatio
3090 5448 3185 5500 pro
3208 5434 3384 5491 ijn
3412 5428 3567 5501 fur'or‘
3594 5437 3674 5488 le-

441 5505 674 5569 gendum
705 5502 794 5567 sit)
819 5500 1034 5562 domus,
1066 5507 1119 5569 et
1149 5500 1601 5569 appraeparatioue
1627 5496 1778 5569 ejus.
1842 5502 1913 5567 (υ)
1950 5497 2032 5553 8..
2066 5508 2119 5552 et
2149 5499 2547 5569 descriptiones
2582 5499 2722 5564 ejus,
2756 5510 3013 5552 etomnes
3045 5496 3677 5557 tertninoscutndescri-

443 5566 882 5643 ptionibusejus.
957 5568 1031 5635 (ρ)
1068 5566 1150 5643 8.,,
1187 5567 1241 5619 in
1266 5566 1786 5643 inc_ltt_si0tte,_cubiti_
1817 5569 2087 5643 et‘cubiti
2115 5568 2387 5643 latitudo,
2419 5576 2472 5643 et
2512 5569 2796 5643 _tettni‘uus
2829 5569 2896 5622 ad
2926 5570 3302 5643 labiuat_ejtts.
3381 5573 3454 5643 (τι)
3496 5574 3584 5639 8.,
3620 5587 3677 5628 et

443 5637 708 5695 terminus
735 5637 790 5692 iu
820 5640 1049 5693 circuitu
1075 5637 1214 5707 ejus.

1294 5639 1363 5707 (γ)
1397 5635 1480 5704 8.,
1512 5645 1563 5691 et
1596 5638 1827 5692 inclusio
1858 5637 1974 5707 ejus
2005 5639 2326 5693 cubitulina.

2407 5640 2474 5710 (δ)
2504 5636 2587 5705 8.,
2610 5640 2966 5695 oblationem.
3040 5642 3102 5711 (ι)
3126 5636 3313 5695 Partes
