3848 6218
372 278 513 350 1759

374 407 469 464 18.
507 399 570 475 (ἰ)
605 403 657 461 ei
685 405 789 461 erit
817 407 897 462 eis
945 407 1000 461 ih
1050 404 1419 461 luereditatem

373 499 488 563 eis,
516 506 572 552 et
609 498 883 567 possessio
911 498 990 552 eis
1038 511 1144 550 non
1175 497 1394 551 dabitur
1442 497 1495 550 in
1527 496 1654 551 filiis
1686 495 1940 557 lsraelis;

379 591 444 655 δι(
473 589 599 658 quia
633 591 655 658 ζ
687 603 788 659 ego
811 589 1084 657 possessio
1116 604 1329 641 eorum.
1351 589 1443 641 29.
1483 588 1546 641 Ει
1577 589 1866 650 sacrilicia,
1892 597 1946 639 et

376 691 499 748 quae
529 693 625 747 pro
658 681 909 747 peccatis,
944 689 996 730 et
1017 695 1136 746 qua:
1165 693 1259 746 pro
1295 677 1596 748 ignorantia
1623 717 1635 739 ,
1667 677 1718 730 hi
1760 693 1942 730 come-

378 771 508 825 dent
542 791 553 824 :
587 775 640 825 et
684 771 862 824 omnis
895 771 1167 839 separatio
1205 771 1256 822 in
1304 771 1502 822 lsraele
1535 769 1614 822 eis
1656 769 1760 822 erit
1806 786 1818 820 :
1853 767 1943 820 50.

379 863 631 933 primitiis
674 863 918 916 omnium
947 897 960 928 ,
989 870 1041 915 et
1073 861 1428 930 primogenita
1471 859 1750 923 omnium,
1787 871 1838 911 et
1862 875 1947 912 se.-

379 953 691 1016 paratiunés
741 938 980 1013 omnes,
1008 951 1074 1004 de
1108 951 1365 1004 omnibus
1425 950 1677 1017 primitiis
1727 950 1942 1010 vestris,

379 1043 758 1099 sacerdotibus
799 1053 964 1097 erunt
999 1061 1010 1095 :
1042 1041 1114 1111 (Ii)
1149 1051 1202 1095 et
1231 1042 1499 1110 primitias
1534 1049 1836 1110 proventus
1865 1059 1949 1094 ve-

380 1135 476 1189 stri
497 1135 696 1190 dabitis
731 1135 1030 1197 sacerdoti,
1061 1144 1120 1188 ut
1150 1143 1314 1204 ponat
1348 1135 1750 1188 beneilietiones
1784 1148 1947 1202 super

381 1230 572 1282 domos
599 1237 828 1283 vestras.
859 1228 946 1282 51.
984 1227 1049 1279 Ει
1073 1243 1232 1281 omne
1258 1237 1555 1288 mortuum.
1587 1235 1642 1280 et
1669 1235 1883 1288 captum
1916 1240 1945 1278 a

380 1319 571 1374 bestiis
595 1319 660 1373 de
683 1337 802 1382 ave,
835 1329 887 1374 et
919 1318 986 1372 de
1011 1320 1279 1388 jumento.
1317 1334 1423 1373 non
1459 1318 1739 1374 comedent
1767 1331 1948 1371 sacer-

382 1412 555 1466 dotes.

453 1499 586 1568 Cap.
637 1498 794 1553 XLV.
834 1529 904 1538 ——
950 1497 998 1552 1.
1051 1498 1116 1552 Et
1166 1515 1288 1554 cum
1341 1499 1601 1553 metimini
1639 1483 1836 1553 terram
1895 1497 1946 1550 in

387 1589 718 1656 litereditate,
760 1589 1083 1659 separabitis
1113 1589 1383 1658 primitias
1409 1588 1664 1652 Domino,
1699 1598 1948 1643 sanctum

387 1681 456 1734 tle
491 1690 654 1740 terra.
686 1680 930 1750 quinque
957 1689 1011 1734 et
1034 1680 1225 1749 viginti
1256 1681 1424 1734 millia
1457 1681 1873 1751 longitudinem,
1897 1690 1951 1734 et

385 1769 722 1825 latitudinem
754 1771 936 1824 decem
959 1769 1163 1822 millia:
1196 1778 1444 1823 sanctum
1476 1770 1579 1823 erit
1614 1773 1665 1822 in
1697 1770 1950 1824 omnibus
1984 1764 2025 1818 Β

383 1860 634 1915 terminis
675 1860 792 1928 ejus
823 1876 914 1929 per
944 1861 1257 1915 circuitum.
1293 1862 1345 1912 2.
1405 1859 1467 1913 [ﬁt
1501 1863 1603 1915 erit
1647 1877 1712 1914 ex
1746 1861 1850 1914 hoc
1883 1863 1948 1927 )i(

384 1954 438 2007 lu
481 1953 510 2022 ξ
541 1952 921 2006 Sanctuarium
953 1951 1236 2020 quingenti
1268 1961 1432 2019 super
1464 1953 1786 2022 quingentos
1815 1968 1951 2020 qua-

383 2044 706 2112 drangulum
733 2059 826 2112 per
849 2045 1160 2106 circuitum,
1188 2056 1236 2099 ct
1262 2045 1428 2098 cubiti
1463 2045 1856 2113 quinquaginta
1886 2043 1948 2112 (Ι)

383 2137 619 2205 spatium
670 2150 860 2189 eorum
914 2151 1008 2205 per
1057 2136 1370 2190 circuitum.
1419 2137 1469 2188 5.
1528 2137 1593 2190 Et
1624 2153 1651 2189 a
1695 2151 1948 2189 mensura

389 2227 491 2282 hac
544 2226 888 2281 mensurabis
940 2227 1329 2297 longitudinem
1386 2227 1629 2296 quinque
1661 2238 1713 2281 et
1758 2227 1949 2296 viginti

383 2317 578 2382 millia,
605 2325 657 2372 et
690 2317 1029 2372 latitudinem
1071 2318 1164 2389 (ηι)
1200 2320 1386 2374 decem
1428 2319 1596 2373 millia
1624 2337 1636 2372 :
1662 2329 1716 2373 et
1754 2319 1806 2372 in
1834 2321 1949 2386 ipsa

383 2408 490 2462 erit
526 2409 934 2472 Sauctuarium,
983 2409 1186 2465 Sancta
1219 2409 1565 2465 Sanctorum.
1597 2412 1649 2464 4.
1691 2409 1947 2464 Sanctum

385 2500 456 2552 de
483 2509 626 2554 terra
651 2503 757 2555 erit
779 2500 1158 2556 sacerdotibus
1181 2501 1618 2556 ministrantibus
1642 2501 1693 2554 in
1728 2499 1948 2563 Sancto,

385 2598 442 2646 et
466 2592 571 2646 erit
596 2593 698 2656 eis,
729 2595 817 2663 qui
841 2594 1104 2648 accedunt
1133 2593 1196 2646 ad
1229 2594 1648 2648 ministrandum
1680 2593 1908 2648 Domino
1933 2614 1947 2648 :

386 2693 443 2738 et
474 2687 580 2738 erit
604 2685 687 2738 eis
719 2685 870 2738 locus
904 2685 957 2737 in
991 2685 1182 2738 domos
1204 2694 1485 2754 separatas
1509 2685 1708 2740 Sancto
1738 2701 1948 2751 eorum,

388 2776 444 2829 ὅ.
480 2777 558 2844 (u)
595 2776 784 2846 viginti
833 2788 888 2830 et
933 2782 1174 2846 quinque
1217 2778 1384 2831 millia
1420 2779 1718 2847 longitudo,
1742 2787 1795 2833 et
1833 2780 1954 2833 lati-

389 2867 526 2920 tudo
559 2867 632 2936 (ο)
658 2867 841 2921 decem
872 2869 1038 2922 millia
1083 2880 1261 2928 erunt.
1309 2879 1363 2924 et
1400 2869 1619 2929 Levitis.
1659 2871 1751 2939 qui
1789 2871 1953 2924 mini-

391 2963 568 3009 strant
597 2957 803 3016 domui,
837 2957 920 3010 eis
951 2957 1004 3010 in
1030 2958 1431 3026 possessionem
1454 2957 1533 3026 (p)
1571 2958 1732 3012 urbes
1765 2959 1830 3012 ad
1862 2959 1955 3011 ha-

392 3047 699 3101 bitaudum.
730 3049 781 3102 6.
810 3047 874 3100 Et
908 3049 1307 3116 possessionem
1334 3051 1485 3104 urbis
1510 3049 1682 3114 dabis,
1715 3051 1955 3120 quinque

393 3144 565 3198 millia
609 3143 972 3209 latitudinem,
1001 3153 1054 3198 et
1082 3144 1474 3214 longitudinem
1513 3145 1753 3213 quinque
1791 3155 1844 3199 et
1877 3147 1958 3197 vi-

393 3235 530 3307 ginti
558 3235 749 3296 millia,
785 3235 1245 3303 quemadmodum
1271 3247 1325 3291 et
1355 3237 1608 3304 primitiae
1634 3237 1958 3292 Sanctorum

392 3327 542 3380 omni
583 3327 766 3380 domui
800 3327 1016 3382 lsraelis
1043 3337 1222 3391 erunt,
1260 3329 1314 3384 7.
1365 3339 1418 3381 et
1451 3329 1574 3382 duci
1623 3346 1686 3382 ex
1724 3329 1826 3384 hoc
1859 3348 1870 3382 :
1910 3338 1963 3382 et

395 3437 463 3474 ex
522 3421 624 3474 hoc
671 3421 722 3474 in
772 3421 1040 3490 primitias
1079 3421 1423 3485 Sanctorum,
1457 3423 1508 3475 in
1561 3425 1961 3490 possessionem

399 3513 570 3578 urbis,
608 3523 797 3567 contra
856 3513 1050 3568 faciem
1097 3514 1460 3583 primitiarum
1510 3513 1855 3580 Sanctorum,
1910 3523 1966 3569 et

395 3615 584 3658 contra
620 3602 810 3658 faciem
843 3605 1208 3673 possessionis
1246 3605 1417 3669 urbis,
1444 3623 1563 3675 qua:
1601 3609 1667 3659 ad
1709 3623 1875 3670 mare,
1911 3617 1966 3661 et

397 3698 560 3753 abiis
595 3716 717 3767 qua:
742 3701 805 3754 ad
839 3716 987 3754 mare
1014 3704 1078 3767 χ
1114 3717 1302 3755 versus
1325 3703 1589 3755 orientem
1627 3702 1649 3770 ζ
1680 3701 1744 3753 ad
1778 3700 1964 3754 orien-

399 3801 508 3845 tem
538 3810 550 3845 ε
581 3802 636 3845 et
659 3793 938 3862 longitudo
962 3795 1106 3848 sicut
1132 3810 1236 3847 una
1267 3810 1332 3849 ex
1376 3796 1624 3865 partibus
1654 3811 1682 3847 a
1716 3795 1965 3849 terminis

403 3884 497 3950 qui
524 3883 589 3936 ad
633 3898 781 3938 mare
819 3893 910 3938 :et
945 3885 1224 3954 longitudo
1277 3902 1438 3955 Super
1476 3886 1734 3940 terminos
1772 3887 1864 3956 qui
1898 3886 1967 3941 ad

399 3974 670 4028 orientem
721 3985 897 4029 terrae.
934 3977 986 4030 8.
1023 3977 1089 4031 Et
1123 3979 1228 4030 erit
1261 3977 1309 4030 ei
1364 3977 1417 4029 in
1465 3977 1865 4046 possessionem
1912 3977 1965 4030 in

402 4062 622 4128 lsraele,
667 4076 860 4120 etnon
911 4069 1216 4136 oppriment
1258 4068 1492 4136 amplius
1539 4068 1706 4121 duces
1754 4067 1968 4121 lsraelis

403 4158 661 4225 p0pulum
709 4173 913 4226 meum,
967 4167 1021 4212 et
1064 4168 1262 4213 terram
1321 4157 1716 4212 lucreditabunt
1772 4159 1968 4213 domus

405 4249 624 4304 Israelis
653 4252 951 4306 secundum
985 4253 1161 4306 tribus
1191 4266 1337 4306 snas.
1373 4252 1426 4304 9.
1465 4249 1586 4305 llazc.
1619 4251 1751 4304 dicit
1787 4250 1969 4304 Domi-

406 4358 511 4397 nus
548 4345 808 4398 Dominus
833 4364 848 4398 :
892 4343 1133 4398 Sufficiat
1159 4345 1329 4402 vobis.
1356 4344 1523 4396 duces
1560 4343 1800 4406 lsraelis,
1825 4343 1971 4412 injuo

1466 262 1693 334 conss
1729 265 2507 334 svntacoauaxamams.

1465 422 1477 458 :
1523 421 1625 476 ego
1653 404 1942 459 haareditas
1973 407 2021 464 A
2052 405 2137 458 12.
2171 407 2236 460 Et
2262 408 2500 476 pondera
2534 406 2717 475 viginti
2763 405 2931 471 oboli,
2971 406 3158 478 viginti
3202 403 3340 464 sicli,
3370 405 3612 472 quinque

3471 286 3612 340 2760

2050 509 2104 554 et
2132 499 2194 568 (ι)
2229 501 2416 570 viginti
2450 500 2590 562 sicli,
2621 500 2805 553 decem
2835 511 2888 554 et
2916 499 3160 570 quinque
3185 497 3304 552 sicli
3333 497 3481 550 mina
3511 499 3613 550 erit

2054 591 2227 644 vobis.
2249 592 2335 645 1⁵5.
2355 591 2417 644 Et
2448 592 2528 644 ha:
2561 592 2832 660 primitim,
2855 607 2992 660 quas
3015 588 3334 656 separabitis
3363 607 3375 641 :
3405 597 3610 642 sextam

2053 693 2256 753 partem
2296 685 2372 752 (α)
2400 699 2668 738 mensurae
2695 684 2761 738 de
2792 682 3094 751 (:c)Gomor
3117 683 3299 744 tritici,
3329 690 3382 734 et
3407 689 3612 733 sextam
3655 682 3660 736 ἓ

2052 787 2260 845 partem
2297 777 2422 845 opbi
2458 775 2524 828 de
2547 790 2678 828 coro
2713 774 2920 828 hordei.
2966 773 3051 826 14.
3087 773 3162 842 (y)
3197 771 3260 825 Et
3287 779 3613 842 praeceptum

2051 870 2177 930 olei,
2221 881 2464 938 pateram
2491 868 2618 930 olei,
2650 871 2714 934 )a(
2744 867 3017 920 decimum
3047 865 3069 932 ζ
3104 867 3177 930 (z)
3207 865 3273 919 de
3299 864 3485 917 decem
3520 877 3615 930 pas

2052 959 2202 1021 teris,
2250 961 2317 1026 Χ
2348 959 2425 1028 (a)
2460 959 2642 1012 decem
2678 966 2873 1026 patera:
2919 955 3122 1010 Gomor
3174 956 3224 1024 ζ.
3254 953 3379 1022 quia
3426 951 3612 1006 decem

2054 1061 2249 1120 patera.
2269 1065 2396 1105 sunt
2425 1067 2636 1119 gomor.
2665 1051 2751 1105 15.
2774 1051 2840 1104 Ει
2863 1064 3018 1102 ovem
3047 1063 3206 1102 unam
3233 1062 3296 1100 ex
3326 1045 3398 1114 (b)
3427 1043 3613 1098 decem

2053 1142 2270 1204 ovibus,
2325 1155 2381 1194 +
2432 1139 2704 1209 separatio
2743 1155 2807 1190 ex
2871 1136 3123 1190 omnibus
3173 1133 3197 1203 ζ
3243 1147 3309 1186 ex
3365 1129 3615 1200 aquagiis

2055 1233 2287 1290 lsraelis.
2316 1232 2368 1286 in
2403 1231 2689 1294 sacrilicia,
2717 1241 2769 1285 et
2793 1229 2844 1283 in
2875 1228 3210 1287 holocausta,
3234 1231 3288 1278 et
3319 1224 3370 1276 in
3397 1237 3458 1275 ea
3493 1231 3618 1288 quae

2055 1326 2270 1390 salutis,
2315 1325 2378 1379 ad
2437 1322 2764 1392 expiandum
2818 1335 2914 1390 pro
2945 1318 3119 1378 vobis,
3171 1315 3303 1371 dicit
3354 1312 3618 1366 Dominus

2057 1418 2217 1472 Deus.
2259 1417 2344 1469 16.
2385 1415 2454 1470 Et
2491 1415 2673 1469 omnis
2722 1412 2952 1482 populus
2999 1414 3062 1477 λ(
3105 1419 3260 1463 terra:
3295 1407 3318 1475 ζ
3355 1404 3428 1474 (c)
3466 1402 3619 1457 dabit

2056 1508 2328 1580 primitias
2365 1507 2462 1561 has
2487 1507 2608 1559 duci
2640 1503 2876 1566 lsraelis,
2907 1502 2991 1554 17.
3033 1511 3087 1555 et
3115 1515 3210 1570 per
3236 1499 3427 1552 ducem
3459 1503 3620 1548 erunt

2056 1601 2399 1661 holocausta,
2430 1605 2483 1652 ct
2511 1594 2800 1655 sacrilicia,
2832 1605 2885 1648 et
2913 1591 3167 1646 libamina
3194 1589 3248 1643 in
3279 1584 3621 1640 solennitati-

2058 1697 2180 1757 bus,
2224 1702 2277 1746 et
2305 1693 2356 1744 in
2389 1688 2706 1748 noviluuiis,
2733 1697 2786 1740 et
2813 1685 2867 1739 in
2896 1684 3161 1744 sabbatis,
3187 1689 3237 1734 et
3279 1680 3332 1732 in
3361 1675 3621 1731 omnibus

2056 1785 2472 1844 solennitatibns
2512 1783 2708 1836 domus
2730 1778 2944 1835 lsraelis
2981 1791 2997 1830 :
3039 1775 3130 1828 ille
3173 1772 3334 1826 faciet
3374 1783 3494 1839 quae
3518 1782 3621 1836 pro

2055 1886 2299 1950 peccato,
2324 1884 2377 1929 et
2404 1871 2759 1933 sacrificium,
2787 1878 2840 1922 et
2873 1866 3214 1926 holocausta,
3251 1872 3304 1915 et
3329 1877 3446 1929 qua:
3469 1857 3620 1912 salu-

2057 1949 2146 2034 us,
2181 1969 2248 2023 ad
2283 1965 2613 2036 expiandum
2640 1978 2736 2032 pro
2759 1961 2925 2015 domo
2951 1957 3190 2012 Israelis.
3221 1956 3307 2009 l8.
3337 1953 3458 2008 Haec
3486 1949 3623 2004 dicit

2059 2062 2322 2116 Dominus
2361 2059 2538 2112 Deus:
2586 2055 2642 2109 In
2675 2069 2859 2108 mense
2889 2053 3086 2123 primo,
3125 2063 3234 2103 uno
3265 2044 3488 2105 mensis,
3525 2059 3624 2097 sua

2059 2153 2223 2208 metis
2247 2153 2543 2220 juvencum
2577 2149 2644 2202 de
2676 2145 2850 2201 bobus
2890 2145 3010 2198 sine
3044 2139 3258 2196 macula
3289 2137 3354 2192 ad
3401 2135 3624 2204 expian-

2055 2248 2184 2302 dum
2217 2244 2624 2302 Sanctuarium.
2656 2239 2745 2294 19.
2777 2237 2844 2292 Ει
2874 2244 3050 2290 sumet
3086 2229 3341 2288 sacerdos
3385 2225 3453 2279 de
3487 2240 3620 2278 sani-

2057 2339 2221 2408 guine
2240 2337 2360 2406 ejus
2379 2331 2728 2404 expiationis.
2750 2338 2804 2384 et
2829 2327 2979 2381 dabit
3001 2339 3165 2394 super
3188 2321 3371 2376 limina
3395 2317 3621 2380 domus,

2055 2443 2109 2487 et
2129 2446 2292 2500 super
2312 2441 2547 2498 quatuor
2572 2422 2804 2494 angulos
2826 2422 2902 2489 (ά)
2935 2417 3140 2486 templi,
3162 2424 3212 2470 et
3240 2426 3402 2481 super
3424 2408 3618 2500 altare,

2056 2532 2110 2578 et
2142 2498 2305 2591 super
2354 2519 2538 2573 limina
2586 2525 2752 2586 portae
2796 2510 2920 2565 atrii
2973 2506 3270 2564 interioris.
3306 2503 3395 2557 20.
3441 2498 3507 2552 Et
3540 2498 3624 2591 sic

2058 2589 2226 2670 facies
2271 2612 2325 2665 in
2367 2626 2552 2664 mense
2589 2607 2842 2676 septimo,
2883 2616 2992 2656 uno
3039 2598 3265 2658 mensis,
3318 2606 3502 2648 sumes
3551 2589 3622 2642 ab

2059 2720 2390 2776 unoquoque
2423 2704 2486 2769 >κ
2521 2705 2592 2768 (e)
2625 2701 2719 2768 qui
2747 2705 2893 2751 errat
2937 2692 3039 2748 sibi
3083 2693 3132 2759 ζ,
3163 2699 3214 2740 et
3235 2687 3300 2740 ab
3322 2683 3526 2737 infante
3558 2680 3621 2742 (i.

2058 2815 2133 2863 θ..
2163 2795 2416 2865 simplici)
2444 2817 2454 2849 :
2486 2805 2539 2847 et
2562 2789 2852 2860 cxpiabitis
2873 2787 3116 2841 domum.
3147 2781 3237 2834 21.
3259 2778 3323 2832 ΕΙ.
3350 2777 3403 2830 in
3436 2787 3624 2865 mense

2060 2864 2366 2959 primo,i)t(
2428 2886 2482 2937 in
2537 2883 2622 2936 die
2669 2883 2690 2949 ζ
2749 2889 2946 2949 quarto
2985 2875 3198 2930 decimo
3251 2869 3477 2930 mensis,
3518 2864 3626 2918 erit.

2062 2980 2216 3036 vobis
2260 2977 2467 3032 Pascha
2499 2975 2794 3028 solennitas
2828 2989 2840 3023 :
2894 2976 3097 3037 septem
3129 2963 3322 3017 diebus
3368 2970 3622 3028 azymum

2062 3067 2378 3125 comedetis.
2411 3065 2500 3119 22.
2536 3063 2600 3117 Ει
2624 3061 2786 3115 faciet
2831 3059 2940 3111 dux
2982 3056 3033 3108 in
3068 3053 3158 3106 illo
3190 3052 3276 3106 die
3313 3064 3410 3118 pro
3437 3061 3520 3109 se,
3571 3054 3629 3097 ct

2064 3174 2162 3230 pro
2196 3173 2258 3212 +
2287 3157 2451 3210 domo
2483 3155 2531 3222 ζ,
2552 3162 2602 3205 ct
2626 3167 2722 3220 pro
2754 3148 2899 3202 omni
2925 3143 3124 3215 populo
3148 3151 3303 3194 terra:
3328 3139 3625 3230 juvencum

2063 3224 2160 3320 pro
2187 3256 2424 3317 peccato.
2457 3245 2548 3297 25.
2582 3241 2647 3294 Ει
2689 3247 2894 3308 septem
2930 3235 3119 3289 diebus
3153 3226 3496 3286 soletmitatis
3544 3224 3629 3278 fa-

2064 3342 2166 3396 ciet
2193 3339 2514 3392 holocausta
2541 3332 2770 3386 Dumino
2799 3339 3001 3396 septem
3025 3326 3308 3394 juvcncos,
3332 3325 3384 3371 ct
3417 3323 3628 3384 septem

2064 3434 2264 3490 arietes
2298 3430 2418 3484 sine
2453 3425 2662 3479 macula
2695 3420 2941 3491 quotidie
2972 3418 3056 3471 his
3105 3424 3306 3482 septem
3335 3407 3551 3466 diebus,
3573 3412 3629 3456 et

2065 3541 2163 3594 pro
2192 3529 2414 3592 peccato
2448 3517 2658 3571 haedum
2704 3524 2992 3581 caprarmn
3027 3503 3289 3575 quotidie,
3328 3509 3384 3554 et
3413 3494 3628 3597 sacrifi:

2065 3618 2231 3671 cium.
2264 3613 2352 3667 24.
2387 3611 2456 3679 (1')
2479 3610 2542 3662 Et
2564 3615 2742 3660 satum
2775 3603 3029 3672 juvenco,
3070 3597 3134 3665 (Γ)
3167 3605 3220 3648 et
3259 3600 3436 3647 satum
3469 3595 3629 3640 arieti

2068 3708 2258 3771 facies,
2287 3715 2340 3758 et
2369 3703 2473 3756 olei
2508 3700 2581 3769 (g)
2609 3698 2665 3750 ln
2699 3705 2837 3751 salo.
2863 3692 2950 3746 25.
2982 3689 3116 3742 Ειίιι
3148 3700 3334 3740 mense
3369 3679 3628 3771 septimo,

2067 3801 2154 3855 die
2175 3792 2583 3868 quintodccimo
2607 3787 2832 3849 mensis,
2853 3784 2906 3836 in
2936 3778 3258 3836 solennitate
3283 3772 3446 3826 facies
3471 3770 3630 3839 juxta

2068 3867 2333 3960 ipsaihmc
2371 3893 2576 3953 septem
2603 3879 2815 3938 diebus,
2849 3875 2991 3929 sicut
3029 3885 3150 3939 qua:
3181 3881 3278 3935 pro
3311 3871 3555 3960 peccato,
3579 3867 3633 3911 et

2069 3956 2207 4037 sicut
2238 3979 2578 4041 holocausta,
2611 3981 2664 4026 et
2698 3971 2839 4024 sicut
2867 3974 3068 4023 satum,
3103 3971 3154 4013 et
3187 3960 3324 4011 sicut
3353 3956 3556 4007 oleum.

2137 4073 2273 4141 Cap.
2329 4062 2511 4122 XLVI.
2552 4093 2621 4104 —-
2656 4061 2706 4114 1.
2763 4057 2887 4112 Haec
2934 4055 3066 4109 dicit
3117 4049 3403 4141 Dominus
3433 4043 3630 4141 Deus:

2070 4134 2253 4228 Porta,
2284 4176 2405 4230 qure
2439 4159 2490 4210 in
2523 4154 2660 4208 atrio
2699 4149 2967 4209 interiori,
3010 4141 3302 4210 respiciens
3339 4134 3407 4230 ad
3450 4134 3635 4230 orien-

2071 4266 2200 4319 tem,
2228 4253 2332 4306 erit
2354 4250 2537 4304 clausa
2559 4260 2650 4298 sex
2675 4241 2887 4299 diebus,
2914 4251 3034 4306 quae
3066 4241 3193 4286 sunt
3221 4227 3399 4299 cperis
3421 4245 3433 4279 :
3459 4225 3514 4319 in
3545 4222 3637 4277 die

2073 4317 2252 4400 autem
2299 4342 2647 4396 sabbatorum
2721 4330 3028 4400 aperietur,
3080 4325 3133 4376 2.
3196 4330 3250 4375 et
3301 4317 3637 4388 ingredietur

402 4433 610 4488 stitiam
661 4442 715 4485 et
775 4435 1182 4502 depressione“:
1218 4433 1449 4496 auferte,
1501 4446 1556 4488 et
1600 4407 1972 4502 judicium'et
2002 4449 2046 4503 ι)
2074 4440 2185 4493 dux
2224 4435 2300 4505 (Ιι)
2336 4447 2498 4500 super
2537 4429 2621 4480 via
2654 4425 2830 4479 Ailam
2859 4429 3028 4489 porta:
3053 4413 3361 4505 exterioris,
3391 4418 3444 4463 et
3471 4407 3639 4505 sta-Lit

400 4525 673 4594 justitiam
705 4524 868 4578 facile
901 4544 913 4578 :
941 4527 1015 4594 (τι)
1056 4525 1226 4578 tollite
1256 4525 1662 4594 oppressiOnem
1687 4526 1752 4578 de
1775 4526 1973 4594 populo

409 4633 553 4681 meo,
589 4617 722 4671 dicit
760 4617 1025 4670 Dominus
1060 4616 1129 4684 (ν)
1157 4615 1320 4671 Deus.
1348 4616 1434 4670 10.
1477 4617 1544 4684 (κ)
1579 4617 1972 4686 Staterajusta,

403 4718 462 4762 et
491 4724 746 4763 mensura
776 4709 948 4777 justa.
989 4720 1042 4761 et
1066 4709 1284 4763 cbmnix
1318 4710 1501 4777 justus
1524 4709 1626 4762 crit
1652 4709 1808 4763 vobis
1825 4725 1976 4764 men-

408 4817 586 4857 surae:
628 4802 710 4854 ll.
753 4811 807 4856 et
838 4801 1056 4856 climnix
1107 4802 1358 4854 similiter
1387 4817 1531 4854 unus
1575 4803 1678 4855 crit
1720 4801 1787 4854 ad
1833 4803 1976 4856 acci-

405 4891 663 4961 piendum
704 4910 717 4945 :
749 4892 958 4945 decima
984 4907 1110 4959 pars
1137 4890 1355 4948 Gomor.
1388 4891 1604 4944 cbmnix
1641 4907 1654 4942 :
1681 4901 1734 4945 et
1763 4891 1970 4945 decima

409 4998 558 5052 pars,
584 4992 637 5036 et
661 4983 864 5036 Gomor
894 4984 960 5049 Χ
983 4982 1120 5050 Ophi
1154 4982 1202 5048 ζ,
1231 4981 1372 5034 sicut
1398 4981 1600 5034 Gomw
1619 4983 1720 5034 erit
1743 4983 1968 5051 aequale.

541 5117 690 5194 ῆς..
740 5125 1312 5196 apprehensiosortis
1371 5133 1549 5178 autem
1614 5125 1732 5183 h‘oc.
1799 5127 1940 5195 quod
2005 5126 2286 5196 eriteis.‘
2334 5117 2544 5196 μέλις..
2607 5123 2660 5166 Cl

1809 5169 2295 5265 255Viéiiiiii't'n)
2326 5169 2541 5248 galbino.
2571 5169 2751 5236 autem
2784 5178 3046 5265 vigintie‘t‘
3067 5175 3307 5265 (minque
3336 5171 3499 5265 inillin
3523 5169 3644 5245 lon-

407 5201 611 5253 tlabitis
635 5195 922 5252 sacerdoti.
1004 5197 1065 5264 (Ι)
1095 5195 1176 5255 8.,
1215 5199 1478 5248 terminus
1501 5199 1729 5248 circum.

416 5271 698 5339 gitudinis,
725 5266 1163 5339 sedecimmillia
1199 5266 1545 5339 latitttilocrit
1582 5265 1802 5339 Levitis.

417 5337 518 5394 nos
553 5350 782 5394 Vestros.
862 5337 933 5404 (r)
960 5337 1188 5388 A'lonai.

1881 5256 1959 5333 (ο)
1989 5256 2544 5333 Ῡὶμίιιιὶ.’(ρ)ᾲγίςὶιιιὶ
2578 5256 2810 5333 caedite.
2867 5256 2963 5333 Iw).

2261 5312 2478 5404 erit,_iii
2527 5325 2824 5400 variatione

2069 4497 2242 4597 super.
2266 4497 2537 4578 vestibulo
2575 4526 2761 4585 portw,
2790 4520 2844 4564 et
2888 4508 3088 4562 facient
3128 4504 3437 4558 sacerdotes
3477 4497 3635 4550 holo-

2071 4590 2262 4671 causta
2294 4613 2435 4682 ejus,
2457 4617 2510 4662 et
2531 4621 2652 4675 qua:
2681 4601 2872 4656 salutis
2895 4598 3031 4665 ejus.
3059 4597 3112 4649 3.
3146 4594 3209 4646 Et
3238 4590 3485 4645 adorabit
3512 4595 3639 4682 ante

2072 4681 2399 4763 vestibulum
2428 4711 2616 4774 portae,
2651 4710 2704 4754 ct
2733 4695 3057 4765 egredietur,
3089 4699 3144 4743 et
3172 4698 3324 4758 porta
3349 4699 3455 4736 non
3483 4681 3640 4774 clau-

2073 4801 2232 4856 detur
2272 4772 2532 4864 usquead
2564 4803 2844 4859 vesperam
2889 4803 2902 4838 :
2937 4785 2999 4854 (ἱ)
3038 4791 3092 4835 et
3123 4777 3368 4833 adorabit
3409 4772 3642 4842 populus

2078 4902 2238 4946 terrae
2255 4902 2445 4940 versus
2471 4881 2799 4935 vestibulum
2828 4885 2992 4946 porta:
3019 4873 3184 4932 illius,
3213 4870 3264 4921 in
3289 4864 3550 4924 sabbatis,
3585 4869 3641 4914 et

2083 4984 2134 5036 in
2164 4975 2458 5033 noviluuiis
2492 4988 2675 5028 coram
2713 4969 2960 5023 Domino.
3003 4964 3055 5017 Δ..
3087 4961 3151 5015 ΕΙ.
3178 4960 3494 5013 holocausta
3517 4965 3642 5021 quae

2351 5117 2422 5184 (fi)
2461 5123 2544 5172 δ..
2607 5123 2660 5166 et
2721 5113 2990 5184 pvimttias
3026 5109 3270 5182 etborum
3332 5109 3639 5184 vestrorum

2889 5249 2962 5314 (qi
3011 5237 3096 5305 8.,
3134 5237 3422 5314 transferte
3454 5237 3644 5290 termi-

418 5381 518 5394 ἰπυ
562 5381 782 5394 ηυντ-(ο
863 5381 932 5404 v';
960 5381 996 5388 ·-
1026 5381 1188 5387 ’π’-η’·-
1270 5381 1335 5403 ι’]
1379 5381 1505 5401 νι·---
1545 5381 1552 5384 “
1578 5381 1593 5386 ν
1637 5381 1740 5388 -υ--υ
1796 5381 2005 5404 ι-ν--ην--ι
2066 5381 2227 5387 -------~
2380 5381 2387 5387 ι
2800 5390 2809 5400 ,
2855 5389 2865 5398 ,
2937 5388 2946 5397 ,
3094 5381 3128 5393 ν.
3201 5382 3224 5406 ,.
3270 5382 3279 5391 .
3353 5381 3362 5390 .
3583 5381 3613 5397 ,-

415 5411 625 5464 decima
662 5425 786 5473 pars
813 5409 925 5458 cori
945 5408 1102 5473 ophi;
1140 5407 1280 5459 sicut
1307 5421 1386 5454 ι-οε
1407 5421 1536 5456 ιιδοι
1555 5405 1591 5456 it
1620 5406 1835 5472 pondus
1862 5405 2316 5473 uniuscujusque.
2371 5399 2580 5473 statera
2611 5409 2737 5445 Vero

415 5483 484 5546 (l)
514 5478 730 5531 Decem.
810 5480 889 5546 (τι)
943 5477 1100 5546 Uphi.
1181 5477 1258 5541 lx)
1309 5477 1466 5546 (loro.
1553 5476 1624 5542 ty)
1670 5476 1732 5528 lit
1784 5477 1895 5543 jus.

670 5686 747 5756 th)
790 5686 868 5748 8.,
901 5699 993 5754 per
1031 5683 1171 5736 viam
1208 5685 1475 5738 vestibuli.

413 5693 492 5757 te)
514 5687 592 5740 ht-

1974 5483 2047 5532 (ι)
2097 5468 2352 5526 Mensura
2407 5468 2472 5519 de
2535 5479 2719 5532 colon
2763 5468 2829 5528 (τις

413 5525 493 5616 ibi
529 5525 828 5600 D“°“"ll5-‘
873 5525 951 5613 [(0')
981 5525 1066 5603 ὲ..
1089 5546 1221 5618 (mlo
1243 5525 1347 5597 erit
1369 5549 1414 5597 ei
1439 5525 1737 5618 secundum
1784 5525 2188 5618 separationenr
2222 5541 2393 5618 lhattc‘
2420 5534 2646 5618 principi
2703 5525 2922 5618 lsrael-is
2949 5525 3266 5618 Idltilii‘tlttltt'

413 5601 714 5686 principem
746 5601 1071 5669 oblatidttes.
1101 5624 1154 5666 et
1177 5613 1402 5675 donum,
1431 5624 1485 5668 et
1508 5614 1785 5668 libamina.
1847 5601 1941 5678 ’((1)
1968 5614 2047 5676 8.,
2075 5611 2256 5664 stadii.
2334 5607 2399 5678 (ρ)
2422 5601 2508 5668 ⁷8..
2531 5604 2620 5672 ψιιί
2649 5619 2756 5655 υυιι
2789 5601 2910 5659 SC“.
2955 5604 3008 5650 ει
3052 5601 3215 5647 θτιδιι

413 5687 592 5738 utin.
670 5686 747 5738 th)
790 5686 868 5738 S..
901 5699 993 5738 per
1031 5683 1171 5736 viam
1208 5685 1475 5738 vestibuli.
1553 5685 1614 5738 (it
1657 5686 1740 5738 5..
1779 5685 1868 5738 sed
1896 5684 2217 5737 adorabunt.
3041 5683 3048 5698 '

1553 5695 1614 5753 (ι)
1657 5695 1740 5749 δε,
1779 5695 1868 5739 sed
1896 5695 2217 5752 adorabunt.

2763 5460 2836 5528 (τι)
2880 5457 3070 5508 Deci-nt
3130 5466 3397 5503 mensura:
3455 5461 3643 5499 corus.

3315 5535 3442 5570 vero
3480 5530 3645 5581 Sttpvl'

3293 5587 3357 5658 (ί)
3385 5589 3447 5641 lit
3487 5585 3649 5655 opbi.
