3848 6218
150 273 277 332 9.761

1291 275 1698 334 HEZECIELIS
1719 274 1948 335 CAPUT
1988 275 2193 331 XLVII.

3246 276 3395 335 276'!

147 389 339 444 offeret
376 390 482 443 dus
517 389 748 443 Domino
796 389 849 442 in
884 390 974 444 die
1004 391 1376 458 sabbatorum,
1414 408 1503 447 sex
1539 409 1708 464 agnos
1741 403 1782 456 Α
1812 392 1878 447 ad
1915 408 2002 447 me
2040 411 2053 446 :
2090 389 2189 445 llic
2217 389 2372 444 locus
2406 397 2508 456 est,
2559 389 2653 444 ubi
2681 395 2919 459 coquent
2965 383 3037 442 ibi
3078 391 3390 445 sacerdotes

149 484 264 536 sine
301 483 533 546 macula,
566 491 620 535 et
651 483 874 535 arietem
909 483 1026 536 sine
1055 484 1289 549 macula,
1315 483 1369 538 5.
1400 484 1474 554 th)
1511 495 1564 538 et
1596 501 1711 538 ma-

151 589 273 635 naa,
327 584 504 627 satum
555 573 731 639 arieti,
779 583 832 628 et
885 575 1042 645 agnis
1090 576 1456 643 sacrilicimn,
1508 579 1708 632 donum

151 682 346 719 manus
378 681 510 727 suae,
559 675 612 718 et
641 665 705 735 (ι)
734 667 788 718 In
818 663 928 720 olei
969 677 1106 721 sato.
1143 669 1196 721 6.
1234 667 1298 724 Et
1343 671 1396 724 in
1431 671 1520 725 die
1555 672 1711 726 novi-

150 756 280 808 lanii
321 755 616 824 juveneum
651 758 719 822 )t(
753 755 921 810 tilium
967 757 1123 812 bovis
1157 759 1178 827 ζ
1229 759 1347 814 sine
1390 761 1625 825 macula,
1661 771 1716 816 et

151 861 240 900 sex
265 861 458 914 agnos,
488 856 543 900 et
567 847 711 900 aries
743 847 863 901 sine
894 848 1109 902 macula
1139 859 1320 910 erunt,
1349 850 1400 903 7.
1442 860 1496 906 et
1533 860 1712 907 satum

151 939 398 1005 iuvenco,
435 947 488 991 et
519 947 694 993 satum
731 939 884 993 arieti
916 940 1020 993 erit
1053 957 1266 1007 manaa,
1298 953 1352 996 et
1373 945 1546 1014 agnis,
1575 946 1716 1001 sicut

150 1030 427 1085 suﬂecerit
453 1047 650 1085 manus
673 1031 815 1099 ejus,
843 1041 896 1084 et
927 1030 984 1084 In
1014 1031 1133 1085 oleo
1167 1033 1292 1087 sati.
1325 1035 1379 1088 8.
1407 1031 1472 1086 Et
1497 1036 1715 1103 quando

153 1123 497 1189 ingredietur
525 1122 658 1184 dux,
688 1137 853 1191 super
885 1122 971 1173 via
1027 1121 1206 1176 Elam
1249 1134 1420 1192 porta:
1451 1125 1716 1194 ingredie-

153 1224 255 1276 tur,
280 1214 377 1280 (nt)
407 1223 462 1266 et
489 1229 650 1282 super
671 1213 754 1264 via
787 1220 958 1281 portze
980 1215 1301 1282 egredietur.
1327 1215 1380 1268 9.
1417 1215 1478 1268 Et
1497 1216 1715 1284 quando

151 1305 482 1374 ingredietur
509 1305 742 1374 populus
781 1315 938 1358 terra:
968 1320 1152 1359 coram
1188 1307 1418 1360 Domino
1447 1309 1498 1360 in
1537 1308 1716 1361 solen-

153 1396 436 1460 nitatihus,
471 1397 564 1465 qui
621 1396 921 1465 ingreditur
949 1412 1114 1466 super
1146 1397 1233 1452 via
1277 1410 1466 1466 poi-ur,
1502 1414 1620 1468 qua:
1649 1399 1715 1452 ad

151 1488 592 1557 septentrionem,
657 1497 716 1542 ut
771 1489 992 1556 adoret,
1052 1489 1359 1556 egredietur
1414 1507 1578 1556 super
1629 1492 1716 1544 via

153 1589 337 1647 porta.
380 1593 500 1646 qu:e
545 1582 611 1632 ad
654 1589 900 1632 austrum
939 1599 953 1634 :
1000 1587 1054 1635 et
1080 1581 1172 1649 qui
1212 1581 1512 1648 ingreditur
1556 1598 1720 1651 super

153 1669 235 1722 via
267 1678 460 1736 portae,
497 1685 617 1739 quae
645 1669 711 1723 ad
764 1679 1034 1736 austrum,
1065 1659 1376 1739 egredietur
1425 1687 1589 1740 super
1631 1672 1717 1725 via

1819 501 1940 554 qua:
1987 500 2084 554 pro
2117 482 2445 550 ignorantia,
2494 491 2707 552 etquae
2755 497 2852 551 pro
2908 490 3152 550 peccato.
3208 489 3264 535 et
3313 483 3389 537 ibi

1819 579 2046 646 depsent
2095 590 2287 628 manaa
2346 575 2606 639 omnino,
2659 589 2766 628 non
2807 574 3032 628 efferent
3081 574 3134 626 in
3184 573 3388 628 atrium

1818 664 2084 727 exterius,
2121 664 2185 716 ad
2220 664 2672 718 sanctilieandum
2696 665 2977 734 p0pulum.
3001 663 3091 716 ⁸21.
3119 665 3390 718 Eteduxit

1820 770 1908 807 me
1954 755 2006 807 in
2059 755 2260 808 atrium
2295 755 2572 818 exterius,
2609 766 2664 810 et
2697 756 3062 810 circumduxit
3092 771 3179 810 me
3224 771 3389 825 super

1820 854 2054 915 quatuor
2071 854 2256 916 partes
2273 846 2400 900 atrii
2426 864 2439 899 :
2467 857 2519 900 et
2543 862 2670 901 ecce
2694 847 2892 900 atrium
2927 846 3002 915 (q)
3037 861 3200 915 super
3220 846 3387 900 latera

1822 938 1970 1000 atrii,
2005 938 2096 991 2'2.
2135 953 2198 993 +—
2231 954 2392 1008 super
2423 938 2566 992 latus
2597 939 2718 993 atrii
2748 939 2770 1007 ζ
2810 939 3031 1000 atrium,
3068 955 3228 1007 super
3249 954 3388 1007 qua—

1825 1041 1946 1082 tuor
1972 1029 2140 1084 latera
2173 1031 2296 1083 atrii
2327 1030 2396 1099 (r)
2425 1030 2623 1083 atrium
2655 1045 2908 1098 parvum,
2937 1030 3060 1099 long
3086 1029 3214 1083 tudo
3244 1030 3392 1084 cubi-

1823 1131 2001 1174 torum
2031 1120 2411 1188 quadraginta,
2445 1129 2500 1174 et
2527 1121 2755 1174 latitudo
2787 1101 3098 1174 cubitorum
3143 1122 3386 1189 triginta,

1824 1229 2077 1267 mensura
2125 1212 2420 1284 [1mm
2470 1228 2568 1281 pro
2622 1222 2858 1272 N‘Tmm
2897 1227 3028 1267 sane
3075 1212 3387 1284 legendum}

1826 1320 1932 1358 una
1961 1304 2093 1372 ipsis
2127 1315 2380 1373 quatuor.
2417 1304 2507 1357 25.
2547 1302 2613 1372 (δ)
2648 1303 2714 1357 Et
2736 1305 2948 1358 exedra:
2979 1319 3072 1373 per
3099 1304 3390 1358 circuitum

1824 1397 1878 1452 in
1910 1398 2010 1462 eis,
2035 1415 2130 1466 per
2159 1399 2449 1453 circuitum
2503 1398 2636 1467 ipsis
2679 1409 2954 1465 quatuor:
2993 1398 3056 1467 (ι)
3087 1407 3140 1451 et
3173 1398 3389 1458 culinae,

1825 1507 1948 1559 qua:
1993 1490 2150 1545 factae
2181 1501 2359 1554 erant,
2413 1490 2516 1545 sub
2554 1489 2773 1544 exedris
2800 1505 2894 1558 per
2942 1489 3254 1543 circuitum.
3297 1487 3387 1543 '24.

1827 1582 1893 1636 Et
1925 1583 2063 1636 dixit
2088 1583 2153 1636 ad
2174 1599 2260 1635 me
2290 1600 2303 1636 :
2332 1580 2426 1635 llze
2451 1581 2649 1635 domus
2679 1581 3009 1643 culinarum,
3045 1579 3134 1633 ubi
3159 1588 3393 1648 coqucnt

1826 1674 1922 1739 ibi,
1960 1675 2053 1744 qui
2083 1674 2396 1728 ministrant
2427 1676 2506 1742 (ιι)
2537 1672 2726 1727 domui
2761 1672 3027 1727 sacriﬁcia
3061 1671 3266 1742 populi.

152 1766 338 1828 portae,
372 1775 497 1828 qua:
521 1757 589 1813 ad
616 1759 1042 1828 septentrionem
1068 1777 1081 1812 :
1109 1774 1216 1812 non
1237 1768 1536 1814 revertetur
1560 1775 1725 1826 super
1758 1761 1798 1815 Β
1898 1763 2034 1832 Cap.
2076 1759 2284 1816 XLVII.
2313 1792 2381 1803 —-
2415 1764 2464 1814 1.
2496 1761 2562 1815 Et
2581 1760 2884 1816 introduxit
2918 1777 3000 1814 me
3031 1776 3194 1830 super
3224 1760 3392 1814 vesti-

153 1848 235 1902 via
251 1857 444 1917 portae,
469 1849 522 1901 in
549 1863 712 1918 quam
747 1849 1030 1918 ingressus
1061 1857 1164 1913 est,
1191 1848 1284 1903 sed
1310 1863 1341 1903 e
1367 1849 1585 1919 regione
1604 1849 1721 1918 ejus

153 1950 296 1994 recte
348 1939 679 2009 egredietur.
736 1941 824 1993 10.
882 1939 945 1994 Et
991 1941 1100 1994 dux
1151 1941 1203 1994 in
1276 1940 1455 1994 medio
1508 1957 1722 2003 eorum,

153 2031 370 2101 quando
419 2031 816 2100 ingredientur,
864 2031 1199 2100 ingredietur
1227 2044 1287 2083 -ι-
1315 2046 1440 2085 cum
1472 2031 1552 2085 eis
1590 2032 1636 2100 ζ,
1672 2040 1726 2086 et

153 2123 373 2191 quando
409 2123 778 2192 egredieutur,
813 2123 1127 2194 egredietur
1161 2128 1226 2192 Χ
1270 2140 1395 2178 cum
1439 2126 1519 2180 eis
1559 2127 1606 2195 ζ.
1637 2127 1722 2180 tl.

155 2214 208 2269 In
238 2215 684 2279 solennitatibus,
710 2227 762 2270 et
792 2216 850 2269 iu
893 2216 1046 2270 festis
1077 2216 1180 2270 erit
1210 2233 1404 2271 manaa
1435 2217 1510 2286 (ιι)
1543 2229 1722 2272 satum

152 2305 408 2374 juvenCo,
445 2314 497 2360 et
529 2316 704 2361 satum
741 2306 920 2371 arieti,
968 2316 1021 2360 et
1052 2307 1230 2376 agnis,
1282 2309 1425 2362 sicut
1454 2308 1727 2364 suffecerit

156 2413 353 2452 manus
381 2398 521 2465 ejus,
560 2409 612 2452 et
638 2396 699 2450 1n
745 2399 848 2451 olei
887 2408 1027 2452 sato.
1067 2398 1156 2452 12.
1195 2398 1252 2452 Si
1305 2409 1489 2454 autem
1539 2399 1770 2467 fecerit.

154 2490 260 2542 dux
319 2487 750 2550 confessionem,
793 2489 1169 2544 holocaustum
1233 2499 1327 2544 aut
1364 2490 1439 2560 (ο)
1471 2491 1727 2548 salutaris

160 2583 222 2647 χ
250 2581 624 2633 voluntarium
665 2582 688 2650 ζ
726 2581 976 2642 Domino,
1004 2588 1058 2633 et
1091 2582 1300 2650 aperiet
1327 2582 1433 2638 sibi
1457 2582 1558 2651 ipsi
1598 2599 1726 2651 por-

157 2681 262 2724 tam
305 2671 690 2738 respicientem
725 2688 918 2727 versus
963 2674 1251 2736 orientem,
1287 2685 1342 2728 et
1381 2674 1541 2730 faciet
1574 2676 1728 2730 holo-

158 2772 408 2816 caustum
434 2779 617 2826 suum,
642 2773 697 2817 et
724 2779 846 2832 qua:
874 2766 1068 2820 salutis
1103 2782 1235 2826 suae,
1271 2768 1726 2836 quemadmodum

157 2855 288 2909 facit
311 2857 366 2908 in
401 2856 488 2909 die
530 2855 886 2910 sabbatorum
933 2873 947 2910 :
985 2866 1038 2910 et
1075 2859 1403 2926 egredietur,
1434 2868 1486 2912 et
1515 2860 1731 2912 claudet

159 2955 366 3013 portas.
423 2955 708 3014 postquam
753 2961 1008 3014 egressus
1059 2945 1242 3011 fuerit,
1297 2948 1383 3001 15.
1428 2957 1482 3002 et
1526 2965 1724 3017 agnum

158 3037 476 3090 anniculnm
506 3038 624 3091 sine
664 3037 873 3091 macula
907 3036 1068 3092 faciet
1097 3039 1148 3092 in
1184 3039 1560 3093 holocaustum
1588 3057 1727 3110 quo-

1823 1854 2010 1908 bulum
2047 1853 2266 1918 domus,
2323 1861 2378 1906 et
2420 1868 2545 1907 ecce
2593 1868 2732 1922 aqua
2771 1849 3156 1922 ‘egrediebatur
3193 1851 3392 1906 de-sub

1823 1947 2059 2001 subdiali
2083 1945 2280 2001 domus
2303 1962 2498 2001 versus
2531 1947 2820 2008 orientem,
2853 1946 2979 2015 quia
3010 1944 3174 2000 facies
3194 1943 3392 1998 domus

1824 2039 2152 2107 respiciebat
2175 2055 2368 2093 versus
2390 2038 2678 2104 orientem,
2698 2049 2903 2106 etaqua
2936 2036 3294 2092 descendebat
3315 2035 3392 2104 (τ)

1824 2147 1854 2184 a
1879 2130 2052 2184 latere
2080 2131 2146 2196 Χ
2177 2130 2374 2186 domus
2414 2131 2436 2199 ζ
2471 2129 2684 2196 dextro,
2707 2129 2776 2184 ab
2802 2141 2988 2185 austro
3017 2144 3180 2198 super
3200 2128 3391 2182 altare.

1823 2220 1879 2273 2.
1906 2219 1970 2273 Et
2001 2219 2190 2273 eduxit
2224 2235 2312 2273 me
2365 2234 2528 2288 super
2560 2221 2644 2273 via
2690 2228 2883 2288 portae,
2915 2233 3038 2289 quae
3081 2219 3148 2272 ad
3181 2216 3392 2286 aquilo-

1828 2326 1977 2374 nem,
2010 2319 2061 2363 et
2115 2310 2483 2364 circumduxit
2520 2325 2608 2364 me
2647 2311 2715 2364 ad
2760 2310 2904 2363 viam
2937 2319 3107 2378 porta:
3137 2306 3284 2362 foras
3325 2307 3392 2361 ad

1825 2411 2035 2471 portam
2069 2405 2134 2468 X
2180 2401 2507 2454 exteriorem
2561 2402 2586 2470 ζ
2639 2401 2764 2454 atrii
2813 2399 3150 2468 respicientis
3201 2414 3393 2452 versus

1826 2493 2089 2546 orientem
2124 2511 2136 2545 :
2161 2502 2215 2546 et
2241 2507 2368 2546 ecce
2389 2507 2529 2560 aqua
2552 2491 2966 2546 descendebata
2995 2491 3160 2544 latere
3179 2490 3392 2551 dextro,

1827 2582 1879 2637 5.
1907 2584 1982 2654 (yi
2009 2586 2151 2638 sicut
2179 2585 2360 2637 exitus
2396 2583 2498 2636 viri
2525 2599 2589 2637 ex
2629 2584 2855 2636 adverso
2897 2602 2910 2637 :
2943 2593 2996 2637 et
3024 2598 3300 2642 mensura,
3339 2581 3394 2633 iu

1831 2691 1994 2728 manu
2017 2676 2156 2745 ejus,
2184 2684 2237 2728 et
2255 2691 2476 2731 mensus
2507 2684 2593 2729 est
2620 2674 2767 2728 mille
2793 2674 2844 2727 iu
2868 2688 3122 2727 mensura
3149 2682 3203 2726 et
3225 2682 3398 2726 trans-

1832 2767 1892 2820 iit
1949 2768 2002 2820 in
2049 2782 2191 2835 aqua
2230 2767 2305 2836 ξι.)
2349 2781 2546 2836 aquam
2587 2766 2948 2830 remissionis,
2992 2765 3046 2819 4.
3087 2773 3140 2818 et
3173 2779 3396 2818 mensus

1828 2868 1911 2913 est
1943 2858 2018 2928 (a)
2076 2859 2242 2922 mille,
2286 2868 2339 2912 et
2375 2858 2595 2912 transiit
2624 2858 2678 2911 in
2711 2873 2853 2927 aqua
2901 2871 3097 2926 aquam
3128 2871 3300 2925 usque
3328 2856 3394 2907 ad

1829 2951 2000 3004 latera
2035 2971 2048 3006 :
2071 2959 2127 3005 et
2155 2965 2376 3004 mensus
2399 2960 2482 3003 est
2508 2950 2672 3015 mille,
2695 2959 2751 3004 et
2777 2948 3030 3003 transivit
3056 2963 3197 3016 aqua
3226 2963 3398 3014 usque

1829 3041 1896 3095 ad
1931 3041 2196 3095 lumbum.
2223 3041 2276 3094 5.
2307 3041 2371 3094 Et
2391 3056 2614 3094 mensus
2639 3040 2908 3105 estmille,
2933 3050 2986 3093 et
3003 3054 3132 3093 ecce
3163 3048 3396 3100 torrens,

161 3128 290 3183 tidie
337 3128 592 3194 Domino,
648 3144 807 3183 mane
839 3145 996 3183 mane
1043 3130 1206 3184 faciet
1243 3148 1390 3196 crint,
1435 3132 1521 3186 M.
1558 3132 1634 3202 (p)
1677 3143 1731 3188 et
1757 3123 1798 3178 C
1832 3147 1992 3200 quem
2025 3147 2130 3186 non
2167 3131 2341 3200 potuit
2374 3131 2628 3195 transire,
2657 3131 2784 3200 quia
2832 3130 2906 3200 (b)
2939 3131 3092 3200 pluit,
3127 3129 3400 3183 dimuebat

165 3234 354 3274 manaa
394 3219 553 3272 faciet
573 3234 738 3288 super
769 3233 835 3274 eo
867 3239 880 3274 :
927 3237 1083 3275 mane
1112 3237 1268 3276 mane
1292 3234 1498 3278 sextam
1524 3235 1730 3293 partem

169 3325 462 3375 mensurae,
496 3323 548 3365 et
575 3312 755 3365 oleum
787 3313 1003 3366 tertiam
1048 3322 1256 3382 partem
1297 3313 1354 3368 In
1385 3317 1453 3370 ad
1494 3316 1730 3371 miscen-

165 3401 289 3454 dum
347 3403 584 3455 similam
624 3419 816 3456 manaa
853 3403 1107 3468 Domino,
1134 3415 1460 3475 prmeeptum
1492 3409 1560 3476 Χ
1589 3408 1732 3476 quod

169 3493 220 3546 in
247 3495 511 3548 saeculum
540 3496 562 3562 ζ
593 3495 796 3564 jugiter
825 3497 909 3548 15.
945 3494 1158 3550 facietis
1180 3513 1414 3567 agnum:
1443 3507 1497 3552 et
1519 3515 1732 3562 manaa,

167 3595 217 3638 et
241 3586 424 3638 oleum
457 3585 672 3640 facietis
715 3603 894 3649 mane,
946 3587 1322 3642 holocaustum
1370 3589 1589 3659 jugiter.
1645 3591 1730 3644 16.

171 3675 290 3729 llaec
311 3677 446 3729 dicit
478 3676 687 3729 Adonai
721 3677 978 3732 Dominus
1010 3697 1022 3731 :
1052 3678 1114 3732 Si
1145 3679 1352 3733 dederit
1381 3681 1487 3733 dux
1530 3681 1732 3735 donum

171 3770 258 3821 uni
291 3785 357 3822 ex
399 3768 524 3823 ﬁliis
569 3770 684 3822 suis
712 3770 778 3822 de
811 3771 1125 3825 hmreditate
1152 3787 1272 3835 sua,
1312 3771 1416 3825 hoc
1447 3772 1573 3826 filiis
1614 3773 1735 3842 ejus

169 3860 269 3912 erit
297 3879 308 3912 :
345 3861 620 3928 possessio
654 3863 719 3927 )a(
752 3876 940 3914 eorum
975 3863 1089 3932 ipsa
1123 3863 1146 3930 ζ
1196 3863 1250 3916 in
1280 3863 1612 3918 haereditate.
1647 3866 1732 3918 17.

173 3950 225 4002 Si
255 3961 438 4004 autem
467 3951 675 4005 dederit
695 3954 898 4007 donum
935 3957 1001 4020 )a(
1034 3953 1100 4007 de
1131 3955 1438 4008 haereditate
1463 3971 1561 4009 sua
1589 3955 1610 4021 ζ
1643 3956 1735 4009 ιιιιί

173 4056 238 4092 ex
274 4042 452 4095 servis
487 4043 624 4107 suis,
649 4053 702 4096 et
725 4045 826 4098 erit
859 4045 908 4097 ei
938 4060 1112 4113 usque
1137 4045 1202 4099 ad
1230 4061 1432 4098 annum
1463 4045 1739 4100 dimissio-

174 4128 278 4192 nis,
308 4139 364 4182 et
396 4131 593 4184 redibit
624 4132 692 4184 ad
723 4135 936 4197 durem,
970 4142 1165 4202 praeter
1197 4135 1563 4190 hmreditatem
1597 4136 1737 4191 filio-

175 4234 291 4272 rum
322 4219 443 4288 ejus
474 4222 552 4275 eis
589 4223 712 4276 erit.
748 4224 833 4278 18.
872 4224 938 4278 Et
974 4240 1077 4277 non
1112 4236 1291 4279 sumet
1332 4228 1441 4280 dux
1476 4228 1542 4280 de
1566 4229 1737 4282 haere-

174 4311 340 4366 ditate
372 4313 554 4382 pepuli
583 4316 666 4368 sui
698 4316 764 4368 ad
795 4318 1210 4385 opprimendum
1241 4334 1336 4372 eos
1374 4337 1388 4374 ;
1420 4320 1487 4373 de
1523 4335 1740 4389 posses-

175 4403 326 4458 sione
373 4422 471 4458 sua
517 4409 583 4473 >ξ<
626 4407 694 4461 de
738 4408 1049 4462 hatreditate
1083 4425 1180 4464 sua
1230 4411 1253 4479 ζ
1307 4411 1544 4465 Ineredes
1583 4411 1740 4465 faciet

1833 3238 1996 3291 aqua.
2025 3224 2167 3276 sicut
2191 3223 2424 3292 impetus
2447 3223 2724 3286 torrentis,
2758 3223 2848 3291 qui
2871 3239 2979 3276 non
3006 3223 3398 3292 poterittrans-

1833 3312 1922 3366 iri.
1957 3313 2010 3366 6.
2041 3313 2105 3365 Et
2139 3313 2277 3365 dixit
2306 3311 2372 3364 ad
2403 3326 2489 3364 me
2516 3330 2528 3364 :
2555 3309 2610 3363 Si
2644 3311 2844 3374 vidisti,
2879 3311 2953 3363 fili
3014 3309 3289 3364 hominis?
3334 3307 3400 3360 Et

1835 3403 1992 3456 duxit
2019 3418 2128 3465 me,
2159 3403 2226 3469 Ἀ(
2252 3411 2307 3454 et
2335 3401 2602 3454 convertit
2630 3417 2714 3454 me
2740 3402 2762 3470 ζ
2792 3417 2956 3470 super
2991 3401 3191 3454 labiqu
3227 3400 3397 3462 fluvii,

1835 3494 1889 3546 7.
1927 3493 1980 3545 in
2011 3493 2369 3547 conversione
2416 3508 2535 3544 mea
2572 3509 2585 3544 :
2619 3500 2674 3544 et
2713 3506 2839 3544 ecce
2875 3507 3039 3560 super
3069 3492 3212 3543 labio
3251 3492 3397 3543 ﬂuvii

1838 3588 2063 3640 arbores
2091 3585 2274 3643 multa:
2299 3584 2592 3639 admodum
2616 3584 2742 3638 hinc
2763 3594 2816 3638 et
2849 3583 2990 3637 inde.
3014 3585 3062 3639 8.
3094 3581 3158 3636 Et
3174 3583 3308 3637 dixit
3333 3579 3400 3636 ad

1839 3696 1923 3732 me
1955 3698 1968 3733 :
2005 3681 2153 3748 Aqua
2178 3679 2314 3742 hzec,
2337 3695 2458 3747 qua:
2481 3679 2755 3748 egreditur
2775 3679 2827 3732 in
2865 3679 2933 3750 (ε)
2961 3678 3258 3737 Galilamn,
3281 3695 3400 3747 qua:

1838 3771 1904 3825 ad
1929 3772 2210 3833 orientem,
2251 3780 2304 3824 et
2334 3770 2702 3824 descendebat
2725 3786 2890 3839 super
2924 3769 3200 3835 Arabiam,
3233 3779 3286 3822 et
3312 3787 3406 3820 ve-

1841 3863 2023 3915 niebat
2057 3878 2230 3930 usque
2253 3861 2317 3914 ad
2355 3876 2505 3914 mare
2543 3876 2705 3929 super
2735 3876 2931 3928 aquam
2971 3861 3188 3914 exitus:
3217 3870 3270 3913 et
3311 3875 3401 3910 sa-

1839 3953 1991 4006 nabit
2032 3967 2204 4020 aquas
2243 3968 2256 4002 :
2291 3951 2343 4004 9.
2384 3963 2436 4004 et
2481 3951 2585 4004 erit
2629 3951 2808 4004 omnis
2855 3950 3035 4003 anima
3083 3948 3402 4002 animalium

1839 4043 2178 4112 leprosorqu
2221 4041 2509 4106 factorum,
2560 4056 2724 4108 super
2774 4040 2977 4103 omnia,
3030 4056 3152 4108 qua:
3193 4040 3405 4093 venerit

1839 4150 2002 4204 super
2021 4150 2083 4188 ea
2113 4133 2200 4188 ille
2226 4133 2442 4198 ﬂuvius,
2477 4133 2616 4186 vivet
2643 4150 2657 4186 :
2684 4140 2738 4185 et
2762 4141 2922 4186 erunt
2948 4131 3019 4185 ibi
3049 4132 3221 4200 pisces
3248 4131 3403 4184 multi

1840 4227 2158 4287 admodum,
2194 4226 2319 4294 quia
2353 4227 2532 4278 veniet
2573 4225 2700 4278 illuc
2723 4239 2864 4293 aqua
2912 4225 3044 4286 haec,
3079 4233 3133 4276 et
3167 4225 3402 4282 sanabit,

1840 4330 1894 4373 et
1937 4320 2099 4381 vivet,
2143 4318 2402 4386 quicquid
2436 4316 2642 4369 venerit
2691 4332 2853 4384 super
2903 4316 3031 4369 illud
3086 4315 3303 4375 ﬂuvius.
3339 4320 3404 4380 ῤ’(

1843 4413 1915 4464 ibi
1951 4413 1972 4480 ζ
2013 4411 2174 4463 vivet.
2212 4410 2295 4462 10.
2333 4408 2396 4461 Ει
2443 4409 2660 4463 stabunt
2689 4409 2765 4478 (ά)
2799 4425 2962 4478 super
2999 4424 3064 4462 eo
3105 4409 3406 4477 piscatores

311 4457 319 4458 ί
446 4457 470 4458 Π
517 4457 582 4473 "\
632 4457 689 4461 ἡ*
740 4457 863 4461 “““””“⁷
888 4457 1047 4462 ““””⁷“⁷
1083 4457 1180 4464 ”’“““
1232 4457 1253 4479 0
1307 4457 1544 4465 “”’“’“⁷“’“’“⁷
1583 4457 1740 4465 “’““”“’⁹
1845 4457 1915 4464 ¹”“
1951 4459 1972 4480 ο
2025 4457 2174 4463 ’”“”““
2215 4457 2295 4462 ’⁷⁷
2333 4457 2395 4461 ’-“
2443 4457 2658 4463 “⁷“”’⁷’”“““
2690 4457 2762 4478 \"l
2799 4457 2950 4478 "‘r"
3005 4457 3058 4462 "
3107 4457 3404 4477 r""“""

177 4494 313 4549 filios
341 4513 496 4557 suos,
523 4510 583 4550 ut
627 4514 694 4552 ne
723 4500 1068 4569 dispergatur
1107 4502 1336 4569 populus
1374 4518 1526 4555 mens
1571 4519 1738 4556 unus-
1773 4457 1814 4510 Β
1839 4508 1906 4571 >ε<
1943 4505 2094 4556 niulti
2135 4505 2156 4571 ζ
2202 4505 2270 4555 ab
2316 4502 2505 4569 ln-god
2553 4513 2607 4556 et
2644 4519 2817 4572 usque
2868 4503 2934 4555 ad
2990 4501 3223 4571 ln-eglin
3279 4521 3290 4556 :
3336 4501 3406 4570 (ρ)

176 4585 409 4655 quisque
443 4589 509 4641 de
549 4590 895 4657 possessione
925 4607 1045 4645 sua.
1095 4592 1182 4646 19.
1229 4592 1295 4644 Et
1327 4593 1627 4646 introduxit
1657 4607 1741 4646 me
1834 4597 2095 4664 expausio
2117 4597 2312 4649 retium
2337 4596 2458 4658 erit,
2488 4611 2517 4646 a
2549 4613 2608 4649 se
2635 4605 2690 4648 et
2707 4595 2810 4648 sibi
2841 4596 2981 4649 erit:
3009 4603 3062 4648 et
3090 4595 3261 4662 pisces
3286 4595 3409 4662 ejus

179 4675 229 4727 in
254 4677 584 4745 ingressum,
624 4697 746 4749 qtne
777 4692 966 4736 contra
1001 4693 1272 4746 austrum,
1314 4697 1502 4752 portae,
1537 4684 1589 4736 in
1617 4699 1742 4738 exe-
1837 4688 1978 4741 sicut
2019 4689 2196 4756 pisces
2231 4688 2397 4742 maris
2431 4689 2631 4758 magni,
2678 4688 2970 4741 multitudo
3016 4688 3186 4740 multa
3230 4688 3404 4741 valde.

178 4767 324 4821 dram
384 4769 710 4824 Sanctorum
735 4813 750 4833 ,
805 4776 1148 4827 sacerdotum
1168 4816 1182 4838 ,
1235 4778 1614 4844 respicientem
1675 4777 1741 4830 ad
1840 4779 1924 4832 11.
1961 4779 2025 4847 (Γ)
2062 4779 2123 4830 l'lt
2147 4780 2198 4830 in
2226 4779 2374 4831 exitu
2403 4779 2544 4848 ejus,
2575 4793 2632 4833 -εν
2661 4789 2716 4832 et
2749 4780 2802 4833 in
2829 4779 3188 4834 conversione
3207 4778 3327 4846 ejus
3357 4779 3406 4846 ζ,

181 4861 482 4928 aquilonem
515 4881 528 4916 :
562 4872 616 4917 et
643 4879 770 4918 ecce
798 4866 873 4918 ibi
906 4867 1058 4921 locus
1081 4876 1390 4934 separatus,
1419 4869 1510 4922 20.
1535 4877 1589 4922 et
1608 4868 1746 4921 dixit
1839 4881 1894 4924 et
1929 4871 1981 4924 in
2035 4870 2305 4940 superflua
2342 4872 2577 4926 elatione
2603 4873 2724 4942 ejus
2769 4889 2874 4927 non
2904 4874 2978 4944 (g)
3010 4873 3280 4928 sanabunt
3313 4889 3326 4925 :
3353 4871 3407 4924 in

247 5035 605 5112 (IQMANAA.
682 5038 744 5112 (ι)
786 5039 863 5092 In.
939 5041 1032 5110 (ιη)
1068 5042 1152 5105 S.,
1179 5055 1231 5098 et
1263 5060 1426 5111 super
1466 5046 1652 5097 eadem
1691 5045 1774 5098 via
1801 5046 1940 5112 ejus.

2019 5049 2096 5113 (ni
2128 5047 2289 5116 Ophi.
2365 5047 2440 5117 (ο)
2469 5047 2783 5103 Paciiicum.
2860 5049 2936 5118 (p)
2970 5047 3034 5102 Et
3057 5048 3405 5108 sacrificium.

995 5116 1064 5176 (ri
1103 5115 1188 5175 S.,
1227 5115 1422 5167 atrium
1457 5115 1760 5169 adhaerens.

183 5105 402 5176 (q)'Th.,
449 5109 747 5188 i‘u‘a’ngulo
774 5105 956 5188 atriif
995 5105 1064 5176 (ri
1103 5115 1188 5188 {S.,
1215 5105 1422 5188 atrium
1457 5115 1760 5188 adfuere-ns.
1817 5105 1903 5188 is)
1928 5105 2190 5188 S.,fordo'
2209 5134 2302 5186 per
2332 5105 2616 5188 circuitum
2643 5132 2760 5172 erat
2797 5105 2994 5172 inut-is.
3069 5119 3133 5188 (ι)
3157 5118 3239 5183 S.,
3267 5105 3412 5188 sepi;

185 5187 380 5255 menta.
421 5177 533 5260 Δ(τι)
681 5179 927 5260 Domino.
1005 5189 1083 5248 (τ)
1105 5182 1186 5246 S.,
1213 5182 1766 5246 Th.,desubhumero
1797 5177 2250 5260 aleiti'oiloutus...
2297 5187 2370 5260 (υ)
2395 5187 2793 5260 Egrediebatur,
2812 5189 2895 5242 vir
2912 5177 3406 5255 versus'm'ientein',

183 5249 266 5298 cui
319 5256 436 5327 erat
490 5249 761 5327 funiculus
811 5267 1074 5304 mensurae
1111 5269 1271 5321 super
1297 5269 1459 5327 manu
1514 5273 1527 5308 :
1563 5264 1613 5307 et
1653 5271 1775 5308 eum
1819 5272 2038 5309 mensus
2067 5269 2211 5311 esset
2238 5249 2387 5311 inille
2417 5249 2650 5320 cubitos,
2682 5259 2919 5312 traduxit
2960 5274 3045 5311 me
3089 5274 3183 5326 per
3211 5249 3407 5327 aquam

185 5329 351 5397 usi-pte
368 5318 434 5368 ad
476 5319 612 5397 talos
645 5337 658 5370 :
685 5329 736 5371 et
761 5336 884 5372 cum
916 5337 1134 5375 mensus
1161 5318 1303 5377 esset
1333 5325 1498 5397 mille,
1520 5326 1760 5397 traduxit
1783 5342 1868 5378 me
1901 5342 1993 5393 per
2014 5343 2210 5396 aquam
2239 5344 2410 5397 usque
2440 5329 2506 5381 ad
2540 5318 2713 5392 gen-ua
2741 5346 2754 5380 :
2784 5337 2837 5382 et
2871 5344 2990 5381 cum
3024 5318 3245 5383 mensus
3265 5318 3411 5384 essu

187 5387 347 5467 inille,
388 5387 629 5467 traduxit
657 5404 741 5442 me
769 5405 862 5467 per
891 5405 1086 5459 aquam
1123 5407 1292 5467 usque
1320 5395 1385 5467 ad
1421 5387 1662 5467 lumbum
1692 5413 1704 5447 :
1739 5405 1794 5449 et
1847 5387 1971 5449 eum
2017 5387 2240 5451 m'ensus
2272 5387 2415 5452 esset
2455 5387 2618 5467 mille,
2665 5399 2864 5460 rivum,
2907 5413 3066 5465 quem
3117 5414 3223 5452 non
3259 5401 3409 5466 potui

188 5459 443 5539 transire,
462 5459 591 5539 quia
615 5459 932 5539 praevalebat
952 5477 1094 5539 aqua
1122 5459 1388 5539 prefunda
1416 5464 1545 5539 rivi;
1573 5467 1665 5534 qui
1705 5481 1812 5539 non
1845 5476 2055 5539 poterat
2080 5469 2323 5539 transiri.
2431 5470 2501 5539 (χ)
2532 5465 2710 5539 Usque
2736 5467 2798 5520 ad
2828 5459 2984 5520 talos.
3063 5468 3136 5539 (a)
3164 5467 3221 5530 In
3257 5459 3408 5522 inen-

187 5537 329 5608 Sillja:
383 5527 912 5608 _(.lf)_S.l-I_perbieul_es.
949 5527 1327 5608 Praevalentes.
1407 5532 1475 5603 (c)
1507 5527 1604 5608 S.,'
1626 5527 1915 5590 terminum
1949 5538 2287 5608 orientalem,
2319 5547 2372 5592 et
2410 5527 2688 5608 descendit
2719 5553 2882 5604 super
2898 5527 3131 5608 terram,
3155 5528 3275 5608 qua:
3299 5556 3407 5592 non

203 5602 281 5680 est
312 5595 642 5680 habitabilis:
714 5598 792 5680 (di
825 5597 932 5680 Ibi.‘
970 5605 1063 5680 χε)
1095 5595 1724 5680 Εχςςξιιεξοηόέηῑῖυιῐιε

1829 5615 1888 5661 it.
1961 5607 2030 5677 (Γ)
2056 5607 2140 5675 S.,
2167 5595 2289 5663 eum
2320 5622 2446 5663 vero
2477 5595 2818 5676 egre-dicatur
2843 5605 2912 5661 ad
2935 5623 3017 5674 ea,
3040 5595 3409 5680 quie'pmpin-

192 5676 309 5730 Ψιιι,
351 5682 455 5722 non
481 5666 840 5722 sanabuntur.
913 5668 1454 5740 (g)Sanctilicahuut.
2127 5666 2138 5675 '
2509 5666 2537 5676 ν
3003 5666 3076 5678 ν·
3184 5666 3210 5692 -.
