3848 6218
443 236 547 291 765

1472 232 1701 295 CODEX
1742 226 2535 297 SYRIACOIHEXAPLMKIS.

3509 241 3654 309 27M

407 354 486 407 sal
513 353 638 405 data
660 358 810 413 sunt,
846 349 932 404 Η.
959 361 1011 404 et
1042 358 1205 421 super
1229 348 1393 404 iluvio
1430 350 1508 421 (It)
1540 350 1797 406 ascendet
1813 365 1976 419 super
2005 356 2049 410 Δ
2077 366 2140 405 ea
2189 369 2311 422 qua:
2337 356 2401 409 ad
2434 372 2617 421 mare,
2656 355 2729 427 (ο)
2774 365 2935 413 erunt
2964 352 3213 430 primitiae
3248 365 3605 432 separationis
3626 390 3649 421 9

408 444 552 497 labio
576 441 696 511 ejus
740 441 867 494 hinc
900 449 954 496 et
991 442 1117 497 inde
1161 457 1322 497 omne
1362 442 1569 513 lignum
1612 444 1972 503 esculentum,

407 548 513 587 non
544 534 845 588 veterascel
887 526 1051 603 super
1093 550 1180 595 eo,
1237 550 1410 605 neque
1462 536 1678 589 deﬁciet
1720 552 1732 588 :
1767 534 1975 588 fructus

405 628 527 695 ejus
560 627 814 681 novitatis
849 626 1115 697 primitias
1138 628 1308 689 dabit,
1341 627 1468 696 quia
1503 642 1657 695 aqua;
1686 642 1877 680 eorum
1906 641 1972 678 ex

409 710 737 771 Sattctuario
787 720 866 771 IIIP.
894 720 1268 786 egrediuntur,
1306 728 1357 773 et
1388 720 1490 773 erit
1526 719 1737 773 fructus
1783 733 1971 771 eorum

407 805 459 858 iu
488 804 689 867 cibum,
723 816 775 859 et
798 822 1017 874 germen
1060 813 1248 861 eortim
1283 808 1334 861 in
1383 809 1690 862 sanitatem.
1730 809 1812 863 13.
1851 807 1974 863 llaec

402 897 537 950 dicit
578 897 838 951 Dominus
868 897 1052 953 Deus:
1092 899 1153 952 lli
1189 909 1315 953 sunt
1352 901 1569 953 termini
1611 910 1790 962 terrm,
1832 910 1972 969 qUos

404 988 815 1053 ltmt'editabitis,
836 990 1123 1045 duodecim
1149 993 1398 1045 tribubus
1428 992 1660 1044 ﬁliorum
1679 991 1890 1045 Israeiis
1909 990 1970 1061 (ὅ)

403 1085 750 1149 augmentum
812 1082 1062 1136 fouiculi.
1126 1084 1212 1137 14.
1265 1083 1330 1138 Et
1400 1083 1789 1137 haereditabitis
1848 1100 1968 1138 eam

402 1175 809 1243 unusquisque,
847 1175 987 1229 sicut
1034 1175 1203 1230 frater
1241 1177 1381 1240 ejus,
1412 1192 1575 1245 super
1603 1192 1766 1245 quam
1798 1177 1969 1231 levavi

402 1272 623 1319 inauum
661 1284 855 1328 meam,
882 1268 945 1320 ad
977 1268 1216 1322 dandum
1244 1285 1361 1322 eam
1390 1268 1635 1337 patribus
1662 1284 1850 1324 eorum
1880 1280 1971 1325 :et

400 1357 559 1409 cadet
598 1367 742 1411 terra
792 1359 905 1413 bzec
947 1360 1097 1413 vobis
1141 1361 1192 1412 in
1245 1361 1634 1414 luereditatem.
1682 1361 1768 1415 15.
1816 1360 1881 1414 Et
1913 1362 1968 1416 bi

400 1449 619 1503 termini
663 1461 841 1514 terrae,
887 1462 1008 1521 qdm
1035 1453 1100 1505 ad
1154 1453 1483 1522 aquilonem,
1518 1469 1547 1507 a
1594 1455 1728 1508 mari
1772 1470 1969 1525 magno

398 1541 764 1595 descendente
791 1551 843 1596 et
868 1544 1226 1607 disrindente,
1264 1546 1516 1601 introitus
1546 1547 1741 1611 Sedad,
1772 1550 1857 1602 16.
1896 1546 1965 1617 (Ic)

401 1629 656 1696 1131113111,
684 1632 1228 1702 13311111151·Ὶ)1131·γ31111
1261 1638 1399 1691 inter
1426 1640 1688 1693 terminos
1718 1640 1966 1695 Damasci

398 1732 451 1776 et
486 1723 625 1777 inter
650 1726 912 1780 terminos
941 1724 1192 1791 Hamatlt,
1226 1729 1424 1781 atrium
1451 1731 1512 1799 (Ι)
1545 1730 1813 1795 Titiclton,
1843 1748 1966 1801 qua:

398 1823 705 1884 Suntsupra
733 1817 998 1871 terminos
1034 1816 1277 1874 iiauran.
1313 1820 1396 1873 17.
1422 1821 1716 1875 llitermiui
1741 1837 1771 1876 a
1794 1825 1959 1877 mari:

396 1908 465 1960 ab
493 1908 632 1960 atrio
664 1908 867 1969 A5uan.
906 1911 1121 1964 termini
1154 1912 1424 1978 Damasci,
1451 1924 1502 1967 et
1533 1915 1624 1985 qui
1654 1915 1722 1969 ad
1756 1916 1967 1985 aquilo-'-

396 2006 520 2051 tn-m
554 2002 622 2067 »ζ
665 2016 829 2070 super
871 2003 1206 2071 aquilonem,
1237 2014 1290 2059 et
1314 2006 1581 2061 terminus
1610 2007 1705 2076 (m)
1740 2009 1807 2075 )t(
1838 2008 1963 2061 Asi-

395 2091 565 2153 tuotlt,
596 2100 648 2145 et
680 2092 946 2147 terminus
976 2096 1384 2163 septentrionis.
1422 2097 1510 2150 18.
1544 2096 1746 2152 Versus
1770 2098 1963 2152 faciem

392 2180 622 2236 orientis
664 2183 685 2252 ζ
717 2182 858 2235 inter
892 2182 1131 2248 liauran,
1164 2196 1213 2239 et
1246 2186 1386 2241 inter
1419 2187 1765 2252 Damascum,
1798 2199 1852 2244 et
1884 2191 1967 2243 in-

392 2272 474 2321 ter
499 2268 896 2337 Galaaditideu,
939 2283 992 2327 et
1023 2275 1164 2329 inter
1195 2285 1393 2331 terram
1434 2276 1671 2342 lsraciis,
1710 2274 1964 2336 Iordanis

396 2360 742 2417 disterminat
768 2374 934 2432 soper
960 2382 1131 2428 mare,
1165 2369 1307 2437 quod
1332 2370 1397 2422 ad
1435 2370 1699 2425 orientem
1722 2373 1961 2441 palmeti.

401 2448 464 2504 lli
493 2453 586 2522 qui
627 2454 690 2507 ad
718 2457 1008 2512 orientem.
1040 2460 1125 2512 19.
1167 2458 1233 2513 Et
1253 2462 1345 2528 qui
1377 2462 1442 2515 ad
1475 2472 1722 2517 austrum
1746 2474 1801 2519 et
1832 2464 1964 2519 afris

391 2550 516 2625 tum
551 2559 580 2597 a
634 2532 917 2610 Tltaaman,
954 2563 1013 2603 -1-
1060 2560 1111 2603 et
1150 2553 1387 2620 palmeto
1432 2570 1601 2622 usque
1648 2556 1714 2609 ad
1764 2571 1963 2625 aquam

392 2619 660 2687 Biariboth
702 2636 884 2701 Cadis,
912 2639 987 2709 (η)
1020 2656 1079 2693 se
1123 2644 1425 2697 extendens
1469 2619 1632 2713 super
1666 2619 1965 2701 mare-nta-

393 2742 581 2794 guum.
610 2728 699 2781 20.
731 2728 856 2785 llaec
881 2748 1007 2800 pars
1036 2734 1207 2788 austri
1237 2744 1290 2789 et
1314 2736 1491 2799 africi,
1518 2738 1631 2791 haec
1655 2754 1779 2806 pars
1798 2739 1965 2795 maris

394 2819 462 2885 Χ
494 2821 663 2876 maris
699 2823 720 2891 ζ
750 2826 930 2893 magni
963 2826 1305 2880 disterminat
1343 2839 1518 2897 usque
1552 2841 1739 2883 contra
1772 2831 1965 2885 introi-

393 2913 507 2965 tum
538 2912 787 2979 ilamath,
818 2920 881 2971 ut—
905 2932 1077 2987 usque
1100 2919 1165 2973 ad
1195 2920 1474 2974 introitum
1502 2922 1619 2991 ejus
1646 2922 1691 2991 ζ.
1720 2921 1782 2975 111
1814 2933 1961 2989 sunt,

2082 444 2267 514 viginti
2316 455 2371 500 et
2426 448 2668 517 quinque
2724 450 2890 503 millia
2938 450 3207 516 latitudo,
3260 465 3315 510 et
3370 458 3648 527 longitudo

2078 536 2218 590 sicut
2272 554 2375 591 una
2419 556 2483 593 ex
2546 542 2791 608 partibus
2837 543 2904 596 ab
2943 544 3009 597 iis
3045 560 3166 613 qua:
3209 546 3274 599 ad
3339 549 3641 614 orientem,

2076 638 2130 681 et
2177 646 2350 700 usque
2413 633 2476 684 ad
2523 649 2583 685 ea
2633 650 2754 702 qme
2791 634 2857 687 ad
2896 651 3043 690 mare
3084 654 3097 690 :
3133 646 3187 691 et
3228 638 3333 691 erit
3378 638 3645 695 831131113-

2077 721 2215 773 rium
2252 721 2302 774 in
2355 724 2530 776 medio
2576 739 2791 780 eorum.
2827 725 2924 795 (9);
2964 727 3259 793 Primitias,
3297 746 3435 798 quas
3484 748 3642 802 seps-‘-

2075 812 2273 867 rabuut
2307 813 2536 868 Domino
2560 856 2574 878 ,
2605 816 2882 887 longitudo
2920 819 3160 888 quinque
3196 830 3249 875 et
3302 823 3492 892 viginti
3522 824 3647 878 mil-

2075 901 2178 963 lia,
2210 912 2263 957 et
2305 904 2530 959 latitudo
2556 906 2629 975 (p)
2675 908 2859 962 decem
2888 911 3076 963 millia.
3123 911 3209 965 10.
3257 911 3458 966 liorum
3483 925 3647 969 erunt

2076 993 2326 1061 primitias
2391 996 2715 1051 Sanctorqu
2778 1000 3121 1055 sacerdotum
3189 1003 3257 1057 ad
3314 1006 3644 1075 septentrio-

2074 1099 2196 1137 nem
2242 1086 2481 1156 quinque
2518 1097 2569 1142 et
2627 1090 2811 1161 viginti
2854 1093 3021 1147 millia
3049 1133 3064 1158 ,
3112 1104 3165 1148 et
3208 1094 3275 1148 ad
3326 1111 3475 1150 mare
3524 1097 3649 1151 lati-

2074 1176 2203 1231 tudo
2254 1178 2439 1233 decem
2492 1181 2702 1246 millia,
2753 1185 2820 1251 >κ
2886 1193 2941 1237 et
2982 1186 3047 1237 ad
3096 1186 3359 1239 orientem
3417 1187 3650 1241 latitudo

2072 1266 2256 1319 decem
2296 1269 2459 1321 millia
2496 1271 2540 1338 ζ,
2574 1280 2627 1323 et
2655 1272 2720 1325 ad
2762 1282 3009 1327 austrum
3057 1274 3337 1341 longitudo
3368 1277 3554 1344 viginti
3590 1285 3650 1331 et

2071 1359 2309 1428 quinque
2334 1362 2520 1424 millia,
2550 1364 2621 1432 (ᾳ)
2648 1374 2701 1417 et
2722 1365 2825 1418 erit
2847 1382 3005 1419 mons
3035 1366 3356 1422 Sanctorum
3387 1369 3441 1421 in
3466 1368 3650 1424 medio

2070 1450 2189 1519 ejus
2232 1452 2314 1504 ll.
2362 1456 2771 1519 sacerdotibus,
2807 1458 3157 1515 sanctiﬁcatis
3213 1460 3337 1513 ﬁliis
3386 1459 3645 1525 Sadduc,

2071 1541 2501 1597 eustodientibus
2543 1547 2820 1601 custodias
2849 1548 3078 1613 domus,
3114 1551 3207 1619 qui
3243 1565 3349 1604 non
3392 1559 3651 1606 errarunt

2073 1632 2125 1684 in
2162 1646 2344 1686 errore
2372 1634 2606 1687 liliorttm
2639 1632 2872 1702 lsraelis,
2901 1640 3359 1707 quemadmodum
3388 1650 3651 1696 errarunt

2070 1724 2287 1779 Levitae.
2334 1727 2420 1780 12.
2454 1727 2519 1781 Et
2544 1737 2705 1783 erunt
2747 1729 2827 1783 eis
2855 1730 3109 1798 primitiae
3131 1730 3269 1783 datae
3290 1745 3355 1784 ex
3385 1730 3649 1797 primitiis

2067 1824 2243 1878 terrm,
2279 1814 2537 1872 Sanctum
2575 1816 2899 1873 Sanctorum
2928 1819 3275 1875 de.terminis
3300 1818 3638 1875 Levitarum.

2066 1905 2153 1959 15.
2180 1904 2380 1960 Levitis
2406 1916 2586 1961 autem
2622 1923 2743 1976 quas
2761 1908 3063 1977 propinqua
3114 1908 3360 1963 terminis
3387 1908 3652 1962 Sacerdo-

2065 1988 2201 2061 t'um,
2217 1998 2453 2068 quinque
2465 2009 2518 2053 et
2543 2000 2733 2068 viginti
2754 2000 2921 2054 millia
2944 2000 3221 2070 longitudo
3236 2010 3289 2055 et
3308 2001 3541 2055 latitudo
3556 2002 3651 2057 de-

2064 2106 2180 2143 cem
2196 2091 2391 2144 millia:
2420 2091 2593 2145 omnis
2608 2092 2891 2161 longitudo
2907 2093 3148 2164 quinque
3170 2101 3224 2147 et
3248 2093 3434 2163 viginti
3450 2094 3643 2158 millia,

2064 2190 2119 2233 et
2140 2182 2367 2236 latitudo
2387 2183 2569 2236 decem
2594 2183 2782 2237 millia.
2816 2184 2900 2237 14.
2930 2181 3047 2237 Non
3074 2184 3335 2238 vendetur
3365 2202 3430 2239 ex
3458 2187 3560 2249 eis,
3591 2199 3646 2241 et

2066 2272 2134 2343 (r)
2159 2288 2263 2326 non
2287 2275 2767 2337 mensurabuntur,
2803 2289 2902 2328 nec
2932 2276 3333 2343 separabantur
3361 2275 3429 2345 (s)
3453 2277 3644 2344 primi-

2067 2366 2155 2417 tiae
2188 2373 2549 2432 proventuum
2590 2376 2771 2425 terrm,
2801 2366 2929 2435 quia
2962 2366 3220 2420 Sanctum
3266 2376 3351 2421 est
3383 2367 3640 2421 Domino.

2048 2450 2152 2508 '15.
2196 2455 2444 2523 Quinque
2469 2468 2649 2511 autem
2682 2458 2846 2511 millia
2875 2458 3146 2527 superﬂua
3180 2475 3298 2528 qua:
3320 2475 3485 2528 super
3515 2460 3641 2513 latis

2066 2546 2252 2599 tudine
2279 2561 2440 2614 super
2474 2547 2659 2617 viginti
2686 2558 2739 2601 et
2759 2549 2998 2617 quinque
3024 2550 3282 2614 millibus,
3306 2550 3646 2604 autetnuraie

2063 2638 2164 2689 erit
2197 2637 2315 2690 urbi
2349 2638 2399 2689 in
2449 2638 2817 2692 habitaculum
2847 2674 2861 2704 ,
2892 2648 2947 2693 et
2991 2641 3043 2693 in
3080 2641 3419 2694 intervallum
3467 2643 3592 2710 ejus
3626 2656 3640 2694 :

2064 2738 2117 2782 et
2153 2730 2258 2783 erit
2303 2730 2433 2783 urbs
2482 2732 2533 2783 iu
2589 2732 2765 2784 medio
2809 2732 2949 2801 ejus.
3006 2733 3088 2787 16.
3132 2731 3198 2787 Et
3243 2734 3325 2787 hie
3374 2749 3644 2788 mensura:

2064 2823 2183 2888 ejus
2221 2832 2235 2872 :
2272 2821 2340 2873 ab
2391 2820 2456 2889 (ι)
2500 2821 2565 2875 iis
2596 2836 2718 2890 qua:
2768 2824 2832 2876 ad
2867 2825 3215 2892 aquilonem,
3253 2825 3538 2894 quingenti
3585 2829 3644 2879 et

2066 2912 2213 2967 mille
2236 2921 2448 2982 quatere,
2474 2922 2527 2967 et
2549 2915 2617 2967 ab
2645 2914 2710 2968 iis
2736 2929 2858 2983 qua:
2888 2918 2954 2969 ad
2984 2925 3253 2981 austrum,
3279 2917 3559 2985 quingenti
3590 2928 3645 2970 et

392 3004 487 3070 qui
529 3006 595 3058 ad
635 3023 788 3061 mare
817 3022 876 3063 -ε-
907 3008 1137 3065 llamatb
1178 3013 1225 3080 ζ.
1258 3012 1347 3067 2i.
1382 3011 1445 3067 Et
1477 3015 1730 3070 dividetis
1765 3024 1959 3070 terram

2069 3005 2237 3058 millia
2265 3014 2522 3074 quatuor,
2550 3014 2604 3059 et
2630 3005 2697 3059 ab
2718 3006 2783 3061 iis
2810 3018 2931 3075 quae
2958 3007 3023 3060 ad
3048 3007 3331 3074 orientem,
3356 3008 3641 3076 quingenti

393 3088 535 3149 itane
552 3097 654 3163 eis,
685 3092 937 3154 tribubus
964 3100 1199 3157 israelis.
1219 3104 1306 3160 22.
1334 3104 1555 3159 Mittc-tis
1584 3123 1703 3159 eam
1738 3107 1789 3159 in
1815 3116 1962 3161 sorte

392 3186 567 3251 vobis,
605 3195 659 3242 et
696 3192 920 3246 advenis
960 3196 1434 3250 eommorantibus
1469 3199 1521 3250 in
1555 3200 1734 3251 medio
1774 3200 1960 3263 vestri,

390 3279 485 3347 qui
520 3290 825 3349 genuerunt
851 3281 990 3336 ﬁlios
1021 3283 1072 3335 iu
1101 3285 1278 3337 medio
1304 3285 1493 3350 vestri,
1534 3296 1587 3340 et
1622 3296 1783 3340 erunt
1808 3287 1963 3342 vobis

390 3372 549 3438 quasi
583 3373 691 3425 nati
721 3373 959 3441 regionis
985 3374 1037 3427 in
1061 3375 1181 3430 liliis
1209 3375 1423 3431 lsraelis
1446 3396 1459 3431 ε
1484 3394 1608 3432 cum
1630 3379 1782 3432 vobis
1803 3388 1965 3433 erunt

392 3461 448 3514 iu
478 3461 791 3517 haereditate
812 3463 865 3516 in
895 3464 1075 3517 medio
1103 3465 1338 3518 tribuum
1360 3464 1702 3533 lsraelis,25.
1723 3476 1777 3522 et
1803 3476 1965 3522 erunt

392 3552 448 3605 in
475 3552 618 3606 tribu
668 3554 1000 3608 advenarum
1039 3555 1092 3609 iu
1138 3558 1385 3619 advenis,
1431 3559 1523 3625 qui
1560 3574 1684 3612 cunt
1731 3559 1810 3613 eis
1841 3577 1855 3613 :
1888 3559 1962 3614 ibi

389 3644 592 3699 dabitis
624 3644 991 3700 haereditatem
1011 3646 1111 3711 eis,
1143 3648 1275 3701 dicit
1302 3647 1566 3703 Dominus
1590 3648 1753 3704 Deus.

458 3737 590 3808 Cap.
621 3737 935 3795 λ1Ν111.-
965 3741 1012 3794 l.
1038 3740 1103 3795 Et
1124 3742 1237 3797 inec
1264 3744 1483 3797 nomina
1509 3745 1748 3799 tributim
1770 3746 1836 3799 ab
1860 3746 1963 3800 ini-

388 3824 467 3881 tio
489 3868 505 3893 ,
539 3829 687 3898 quod
729 3831 795 3885 ad
834 3832 1142 3900 aquilonem
1170 3873 1184 3897 ,
1219 3850 1380 3903 super
1416 3846 1620 3903 partem
1668 3839 1963 3894 descensus

387 3919 746 3977 tiiseindentis
794 3939 956 3992 super
997 3925 1280 3979 introitum
1328 3926 1558 3981 liamatlt
1588 3930 1711 3983 atrii
1746 3928 1921 3984 Aliam
1944 3971 1959 3995 ,

388 4012 662 4067 terminus
691 4013 937 4070 Damasci
963 4017 1027 4069 ad
1052 4018 1357 4086 aquilonem
1400 4025 1589 4075 versus
1620 4031 1824 4090 partem
1855 4022 1963 4077 Haa-

388 4105 539 4159 inatlt
563 4119 620 4161 -t-
644 4107 766 4160 atrii
792 4105 814 4176 ζ
842 4124 854 4157 :
881 4112 1227 4176 eteruuteis,
1259 4127 1379 4181 quae
1408 4113 1472 4166 ad
1504 4114 1766 4167 orientem
1788 4132 1963 4183 uSque

386 4198 455 4249 ad
485 4211 651 4260 mare,
690 4198 799 4252 Dan
830 4216 955 4254 una.
975 4202 1028 4254 2.
1060 4200 1123 4255 Et
1149 4218 1178 4255 a
1207 4204 1455 4258 terminis
1484 4204 1616 4271 Dan,
1641 4208 1709 4259 ab
1741 4207 1807 4263 iis
1841 4224 1963 4277 qua:

389 4287 455 4341 ad
488 4290 750 4343 orientem
782 4307 953 4362 usque
984 4294 1050 4347 ad
1080 4309 1141 4347 ea
1176 4310 1295 4362 qua:
1323 4296 1388 4349 ad
1418 4310 1599 4360 mare,
1638 4300 1801 4352 Asser
1830 4316 1956 4354 una.

2065 3107 2119 3152 et
2147 3097 2315 3151 millia
2336 3106 2590 3166 quatuor,
2624 3108 2677 3150 et
2710 3098 2778 3152 ab
2808 3098 2876 3153 iis
2905 3114 3025 3168 quae
3056 3100 3123 3153 ad
3156 3115 3323 3164 tuare,
3359 3096 3642 3169 quingenti

2063 3196 2117 3241 et
2149 3188 2292 3242 mille
2334 3197 2546 3256 quater.
2595 3188 2683 3242 17.
2722 3190 2784 3242 Et
2814 3190 2916 3243 erit
2944 3190 3033 3264 (u)_
3055 3191 3392 3243 intervallum
3423 3192 3545 3244 urbi
3571 3192 3639 3244 ad

2064 3278 2373 3346 aquilonem
2410 3278 2628 3332 ducenti
2671 3288 2725 3332 et
2754 3278 3169 3348 quinquaginta,
3205 3290 3258 3334 et
3286 3280 3353 3333 ad
3390 3287 3638 3333 austrum

2063 3368 2283 3422 ducenti
2308 3378 2361 3423 et
2388 3370 2785 3439 quinquaginta
2811 3409 2826 3434 ,
2859 3379 2914 3423 et
2944 3365 3009 3422 ad
3039 3371 3303 3424 orientem
3334 3371 3553 3424 ducenti
3588 3377 3642 3423 et

2064 3462 2480 3531 quinquaginta,
2509 3474 2562 3515 et
2594 3462 2659 3514 ad
2690 3476 2837 3514 mare
2881 3460 3098 3514 ducenti
3136 3472 3191 3514 et
3223 3461 3638 3531 quinquaginta.

2066 3553 2151 3607 18.
2198 3553 2262 3606 Et
2295 3552 2625 3622 superiiuum
2670 3552 3043 3620 lengitudinis,
3095 3553 3174 3621 (ιε)
3215 3555 3362 3621 quod
3412 3553 3639 3620 propin-

2063 3659 2232 3712 quum
2270 3643 2523 3711 primitiis
2557 3642 2866 3696 Sanetuarii
2889 3683 2903 3704 ,
2944 3643 3129 3697 decem
3165 3645 3335 3697 millia
3360 3644 3426 3697 ad
3456 3645 3642 3696 orien-

2065 3747 2171 3791 tem
2197 3776 2211 3799 ,
2242 3746 2295 3790 et
2324 3737 2509 3790 decem
2554 3736 2723 3788 millia
2766 3736 2831 3788 ad
2888 3751 3037 3787 mare
3066 3753 3080 3788 ι
3115 3744 3168 3788 et
3198 3744 3358 3789 erunt
3385 3735 3641 3804 primitia:

2066 3830 2391 3893 Sanctuarii,
2423 3839 2476 3883 et
2503 3838 2664 3883 erunt
2685 3838 2978 3898 proventus
3003 3828 3123 3897 ejus
3149 3829 3203 3881 in
3235 3843 3402 3897 panes
3424 3828 3512 3891 iis,
3543 3827 3639 3896 qui

2063 3935 2359 3990 operantur
2403 3920 2543 3975 urbi.
2592 3920 2678 3974 19.
2725 3918 2828 3986 Qui
2876 3929 3057 3973 autem
3122 3928 3417 3989 operantur
3475 3920 3638 3981 urbi,

2062 4014 2432 4082 operabuntur
2470 4013 2519 4067 ei
2555 4028 2622 4066 ex
2668 4012 2925 4067 omnibus
2965 4012 3217 4067 tribubus
3264 4010 3497 4065 lsraelis.
3542 4010 3635 4063 20.

2063 4103 2265 4159 Onmes
2310 4105 2563 4173 primitiae
2609 4105 2852 4173 quinque
2907 4112 2962 4157 et
3004 4104 3193 4174 viginti
3252 4104 3418 4157 millia
3474 4118 3639 4172 super

2062 4197 2301 4267 quinque
2327 4205 2381 4249 et
2415 4195 2600 4264 viginti
2645 4195 2849 4249 millia:
2884 4194 2960 4265 (y)
3008 4195 3443 4264 quadrangulum
3480 4210 3641 4263 sepa-

2063 4291 2254 4344 rabitis
2277 4290 2396 4357 ejus
2425 4288 2475 4341 in
2508 4288 2775 4358 primitias
2805 4288 3110 4341 Sanetuarii
3138 4288 3209 4357 (ς.)
3237 4304 3263 4340 3
3294 4290 3639 4356 possessione

386 4365 441 4432 3.
480 4378 541 4434 Et
565 4397 594 4434 a
614 4383 857 4439 terminis
879 4384 1062 4449 Asser,
1089 4386 1155 4437 ab
1179 4386 1245 4440 iis
1268 4403 1389 4455 qua:
1414 4387 1477 4439 ad
1499 4389 1756 4442 orientem
1789 4406 1960 4460 usque
1994 4371 2041 4431 θ
2067 4383 2235 4437 υνὺίδι
2268 4381 2356 4435 Ἦ·
2384 4382 2536 4447 QUOtI
2558 4393 2739 4435 ωηυιη
2764 4382 3122 4449 δυνατίιυυιη,
3144 4383 3268 4435 (Ιυυί
3291 4396 3354 4435 ex
3378 4381 3480 4434 Ιιθε
3500 4390 3548 4433 ει
3571 4396 3637 4433 ex

386 4469 455 4522 ad
491 4484 554 4524 ea
584 4486 703 4540 quae
726 4473 790 4527 ad
823 4486 991 4541 mare,
1023 4474 1306 4544 Nephthali
1334 4494 1459 4531 una.
1486 4479 1537 4533 1.
1569 4472 1631 4533 Et
1658 4498 1686 4533 a
1718 4484 1961 4538 terminis

387 4547 707 4630 Neplttbali,
754 4565 821 4618 ab
870 4565 1079 4621 oriente
1109 4584 1282 4636 usque
1314 4570 1378 4621 ad
1409 4585 1470 4621 ea
1507 4587 1626 4638 qua:
1662 4573 1726 4623 ad
1771 4588 1919 4625 mare
1942 4613 1956 4636 ,

386 4650 637 4707 ManaSsu
665 4671 790 4708 una.
826 4656 878 4709 5.
915 4656 981 4711 Et
1008 4672 1037 4711 a
1068 4660 1315 4713 terminis
1346 4660 1611 4726 Manasse,
1642 4663 1708 4715 ab
1739 4663 1806 4717 iis
1839 4680 1960 4732 qme

383 4743 453 4795 ad
480 4746 745 4798 orientem
781 4761 954 4817 usque
980 4748 1047 4801 ad
1086 4766 1148 4802 ea
1200 4764 1322 4819 quae
1370 4751 1436 4803 ad
1486 4768 1661 4815 mare,
1708 4750 1955 4821 Epiri-ann

387 4852 515 4889 una.
557 4836 611 4891 6.
667 4838 731 4891 Et
782 4854 812 4892 a
860 4840 1106 4895 terminis
1158 4843 1436 4912 Ephra-m,
1489 4844 1558 4897 ab
1614 4845 1679 4899 iis
1722 4862 1843 4913 qua}
1890 4848 1957 4900 ad

387 4930 653 4982 orientem
690 4946 863 4999 usque
919 4933 984 4985 ad
1021 4949 1083 4986 ea
1129 4950 1249 5003 qua:
1295 4937 1360 4989 ad
1392 4950 1572 4999 mare,
1609 4936 1777 4991 liubei
1828 4954 1954 4991 una.

388 5012 439 5071 7.
487 5019 553 5071 Et
593 5035 623 5073 a
661 5020 907 5075 terminis
976 5021 1146 5077 liubel
1198 5025 1266 5078 ab
1313 5026 1377 5079 iis
1412 5043 1532 5095 quae
1580 5029 1644 5081 ad
1691 5029 1953 5084 orientem

386 5126 558 5178 usque
590 5111 655 5164 ad
686 5125 747 5166 ea
786 5128 909 5183 qua:
940 5115 1005 5167 ad
1038 5131 1215 5181 mare,
1243 5115 1395 5170 Judte
1446 5134 1572 5172 una.
1607 5120 1658 5173 8.
1690 5120 1751 5172 Et
1783 5138 1811 5174 a
1845 5132 1954 5175 ter-

384 5200 551 5256 minis
602 5200 784 5267 Judae,
847 5204 917 5256 ab
970 5203 1036 5258 iis
1086 5210 1207 5274 quae
1257 5211 1323 5260 ad
1364 5207 1626 5262 orientem
1660 5225 1834 5280 usque
1892 5213 1959 5268 ad

471 5355 547 5439 (lt)
578 5355 662 5421 S.,
719 5360 965 5439 naturale
1014 5358 1133 5439 fuit,
1248 5362 1315 5439 (ἱ)
1356 5362 1442 5439 5.,

380 5426 449 5499 (ι)
488 5426 701 5499 @unan.
778 5430 872 5498 (m)
917 5428 1167 5484 Iiamatlt.

1507 5365 1705 5441 Joseph
1762 5367 2035 5441 funiculus
2093 5378 2401 5441 protensus.

1247 5433 1405 5505 (ujS.
1430 5476 1443 5498 ,
1480 5439 1842 5505 appa'eltensio
1884 5444 2071 5497 sortis.

2068 4476 2215 4529 boca
2248 4474 2500 4544 primitiis
2524 4473 2854 4536 Sanctuarii,
2884 4482 2937 4527 et
2967 4474 3020 4526 in
3056 4472 3456 4541 possessionem
3486 4469 3639 4524 urbis

2068 4568 2135 4633 X
2166 4576 2349 4619 contra
2378 4564 2566 4618 faciem
2591 4566 2614 4633 ζ
2648 4566 2724 4628 (α)
2743 4581 2902 4633 super
2927 4565 3166 4633 quinque
3188 4573 3243 4618 et
3260 4564 3444 4633 viginti
3471 4563 3636 4615 millia

2067 4658 2369 4728 longitudo,
2404 4672 2575 4725 usque
2598 4658 2662 4710 ad
2693 4657 2955 4710 terminos
2984 4672 3194 4720 eorum,
3220 4670 3341 4725 qua:
3366 4657 3430 4709 ad
3456 4655 3635 4710 orien-

2064 4758 2172 4803 tem
2208 4760 2259 4802 et
2290 4749 2356 4801 ad
2392 4765 2541 4802 mare
2565 4788 2579 4811 ,
2616 4751 2680 4815 >κ
2711 4763 2871 4817 super
2905 4748 2927 4817 ζ
2978 4746 3168 4802 faciem
3198 4750 3442 4816 quinque
3470 4758 3523 4799 et
3551 4747 3637 4800 vi-

2066 4841 2197 4909 ginti
2226 4841 2409 4903 millia,
2437 4856 2608 4909 usque
2631 4840 2695 4892 ad
2717 4841 2977 4894 terminos
2997 4856 3209 4905 eorum,
3236 4856 3355 4909 qme
3372 4841 3436 4892 ad
3463 4854 3635 4900 mare,

2066 4935 2117 4985 iu
2166 4933 2469 5001 prepinquo
2517 4932 2749 4999 partium
2801 4932 2957 4985 ducis
3000 4951 3013 4986 :
3067 4942 3120 4985 et
3166 4940 3329 4984 erunt
3382 4930 3635 4998 pt'ituitize

2066 5026 2413 5085 Sanctorum,
2443 5033 2496 5076 et
2526 5022 2915 5076 Sanetuarium
2949 5024 3146 5077 domus
3181 5023 3234 5075 in
3270 5024 3445 5076 medio
3467 5022 3585 5090 ejus
3617 5037 3632 5072 :

2062 5117 2149 5170 2'2.
2189 5127 2240 5169 et
2266 5116 2334 5170 de
2371 5116 2710 5184 possessione
2741 5114 3048 5169 Levitarum
3070 5153 3084 5181 ,
3116 5124 3170 5169 et
3197 5115 3263 5169 de
3292 5113 3634 5183 possessione

2067 5210 2216 5263 urbis
2247 5209 2299 5261 in
2329 5208 2540 5271 medio,
2577 5207 2731 5261 ducis
2758 5208 2861 5261 erit
2892 5206 3033 5261 inter
3072 5207 3333 5262 terminos
3367 5205 3547 5270 Judae,
3579 5213 3633 5258 et

2506 5372 2577 5437 (ιε)
2610 5366 2819 5437 Admab
2864 5365 3098 5430 'Tbiras,
3158 5365 3377 5434 Epitrim
3433 5364 3631 5420 Aliam.

2149 5437 2326 5510 (o)_$.,
2360 5434 2566 5491 dabitis
2589 5436 2901 5510 primitias.
2934 5437 3264 5510 _(p_;_‘\'igiuti
3286 5438 3630 5510 etquinquv.

381 5495 461 5580 (ιι.)
597 5498 665 5580 ita
688 5505 745 5578 _ut
776 5495 1261 5580 Sit‘Sai't‘ctuariuni
1306 5495 1641 5580 '_Dotnini'i_u
1680 5510 1854 5561 tnedio
1876 5512 1962 5579 eju

2093 5495 2163 5580 (ri
2204 5495 2359 5580 [Non
2403 5495 2804 5580 pertuu'tabtiut.
2885 5495 3413 5580 (s)"'l'lt.,‘_’pr_intitiai:
3451 5495 3629 5580 ter-r39.

381 5564 453 5633 (1)
487 5564 571 5631 8.,
598 5565 754 5620 faeie.
836 5570 913 5640 (ιι)
944 5568 1065 5636 Th.,
1104 5571 1380 5629 distantia.

1458 5577 1534 5643 (as)
1577 5576 1662 5635 8.,
1688 5574 1988 5635 secundum
2028 5574 2299 5649 prin‘utias
2325 5574 2655 5649 Sanetuarii.
2695 5575 2817 5649 ΤΙζη
2852 5574 3041 5631 contra
3076 5577 3364 5649 primitias.

378 5647 635 5706 quanam
652 5648 881 5706 partem.
957 5640 1033 5711 (ι)
1067 5641 1148 5705 8.,
1188 5642 1305 5710 T-h.,
1356 5644 1421 5700 ad
1446 5640 1851 5716 poSsessionem
1888 5640 2059 5707 urbis.

3442 5576 3518 5647 (υ)
3543 5575 3628 5641 8ο.

2139 5650 2214 5717 (α)
2250 5649 2336 5712 8.,
2373 5648 2559 5717 viginti
2591 5658 2643 5702 et
2676 5645 2920 5717 quinque
2980 5648 3232 5702 millium.
