3848 6218
399 252 548 308 E775

1506 257 1976 317 llEXAPI.0R'u'M
2013 258 2179 326 QUAE
2223 259 2658 317 SUPERSUNT.

3507 260 3608 313 ’ΞΠ
3619 259 3652 311 6

474 369 528 420 7.
572 367 635 421 Et
663 368 923 438 imposuit
947 370 1024 423 eis
1053 370 1304 440 princeps
1327 375 1702 427 cunuchorum
1719 376 1937 429 nomina
1964 394 1978 429 :

2155 376 2208 429 7.
2243 378 2352 430 Καὶ
2383 376 2652 444 ἐπέθηκεν
2690 377 2870 437 αὐτοῖς
2906 378 2933 429 ὁ
2974 375 3355 444 ἀρχιευνοῦχνις
3393 374 3654 444 ὀνόματα,

405 457 612 514 Danieli
643 461 861 530 quidem
896 463 1163 526 Baltasar,
1201 463 1425 519 Anania:
1475 465 1750 533 Sedrach,
1781 481 1836 522 et
1878 468 1981 521 hli-

403 550 536 604 saeli
570 550 794 614 Misach,
831 563 883 605 et
910 555 1116 607 Azariae
1148 553 1461 625 Abdeuago.

471 641 526 694 8.
568 644 634 696 Et
665 645 917 712 cogitavit
951 645 1135 701 Daniel
1180 647 1230 700 in
1272 653 1476 711 corde,
1530 664 1597 703 ne
1649 650 1984 719 pollueretur

403 733 457 785 in
489 735 613 788 cibo
651 736 813 806 regis,
866 748 920 791 et
967 739 1020 791 in
1061 739 1210 801 vino,
1255 741 1400 808 quod
1452 741 1586 796 bibit
1625 759 1638 795 :
1687 752 1742 795 et
1779 743 1985 812 rogavit

404 826 707 896 principem
747 831 1144 896 cunuchorum,
1187 850 1253 887 ne
1282 835 1747 903 eoinquiuaretur.

473 1009 527 1065 9.
563 1010 626 1064 Et
656 1011 800 1066 dedit
827 1011 1087 1069 Dominus
1116 1015 1320 1069 Danieli
1354 1017 1615 1072 honorem
1669 1028 1723 1072 et
1751 1023 1979 1090 gratiam

404 1099 458 1153 in
489 1112 780 1170 consliectu
817 1105 1076 1174 principis
1116 1109 1517 1162 ennuchorum.

478 1191 566 1248 10.
611 1194 673 1247 ΕΙ.
700 1195 834 1248 dixit
860 1197 1108 1266 princeps
1132 1201 1507 1254 enuuehm-um
1534 1201 1764 1263 Danieli,
1799 1204 1983 1271 Angor

405 1294 553 1338 metu
601 1287 803 1340 domini
838 1290 939 1342 mei
985 1291 1159 1360 regis,
1203 1292 1295 1360 qui
1339 1293 1609 1347 ordinavit
1655 1295 1838 1347 eihum
1890 1311 1983 1348 ve-

404 1387 578 1429 strum
601 1419 615 1442 ,
649 1387 702 1432 et
733 1390 915 1448 potum
945 1393 1181 1436 vestrum
1208 1424 1222 1444 ,
1259 1400 1324 1436 ne
1353 1385 1528 1438 videat
1561 1385 1724 1439 facies
1776 1401 1984 1440 νι⁵511¹218

404 1465 654 1522 diversas
702 1480 756 1524 et
803 1471 1048 1527 inlirmas
1080 1490 1187 1542 pra:
1210 1475 1623 1530 adolescentulis
1652 1477 1983 1546 alienigena-

407 1577 547 1622 rum.
582 1563 672 1630 qui
704 1564 924 1618 aluntur
970 1567 1284 1631 vobiscum,
1328 1578 1382 1621 et
1424 1569 1726 1636 periculum
1778 1570 1978 1639 proprii

403 1655 528 1708 colli
571 1658 820 1710 subeam.

476 1747 564 1800 11.
607 1750 671 1802 Et
701 1750 836 1803 dixit
866 1749 1050 1803 Daniel
1081 1751 1324 1806 Ahiesdri
1347 1794 1361 1816 ,
1394 1753 1486 1822 qui
1517 1753 1826 1806 declaratus
1860 1751 1979 1804 fne-
2012 1731 2054 1785 Β

403 1849 489 1892 rat
533 1841 974 1895 arehieunuchus
1006 1858 1168 1913 super
1200 1843 1472 1899 Dauielem
1499 1885 1513 1908 ,
1555 1845 1842 1909 Auaniam,
1877 1843 1979 1896 Μι-

402 1931 624 1996 saelem,
655 1932 927 1987 Azariam.

479 2023 565 2076 12.
609 2023 779 2077 Tenta
815 2039 996 2094 quzeso
1028 2040 1228 2093 pueros
1271 2035 1393 2080 tuos
1422 2043 1516 2095 per
1542 2027 1657 2081 dies
1689 2027 1892 2083 decem.
1931 2036 1985 2081 et

402 2115 564 2168 detur
607 2117 764 2171 nobis
791 2117 857 2171 de
895 2118 1258 2188 leguminibus
1287 2129 1464 2184 terrae,
1497 2130 1555 2172 ut
1589 2120 1977 2183 comedamus.

403 2215 460 2260 et
493 2223 689 2276 aquam
727 2209 998 2263 bibamus.

478 2299 564 2356 15,
608 2301 671 2354 Et
707 2301 752 2356 si
797 2313 1053 2370 appareat
1099 2312 1350 2371 aspectus
1392 2315 1576 2359 noster
1627 2305 1874 2360 divorsus
1915 2307 1984 2357 ab

405 2391 529 2446 aliis
550 2393 972 2447 adolescentulis
992 2434 1006 2457 ,
1044 2394 1135 2462 qui
1168 2396 1336 2449 edunt
1364 2394 1429 2449 de
1463 2397 1606 2466 regia
1635 2412 1810 2460 omna,
1842 2398 1986 2450 sient

404 2488 670 2554 volueris,
697 2489 778 2545 sie
809 2499 960 2544 utere
990 2489 1164 2545 senis
1201 2491 1331 2544 tuis.

479 2670 566 2726 14.
607 2670 866 2740 Fecitque
896 2673 974 2726 eis
1013 2672 1116 2726 hoc
1148 2673 1345 2737 modo,
1375 2683 1428 2727 et
1471 2673 1700 2727 tentavit
1731 2689 1828 2728 eos
1867 2673 1984 2729 die-

406 2760 512 2816 hus
541 2761 750 2816 decem.

478 2850 568 2904 15.
627 2848 756 2904 Post
797 2851 982 2904 decem
1034 2853 1150 2906 dies
1190 2853 1440 2921 apparuit
1487 2863 1740 2922 aspectus
1793 2868 1980 2909 eorum

407 2941 655 3011 pulcher,
687 2953 738 2994 et
766 2941 985 2997 habitus
1013 2945 1256 3009 I'orpm'is
1290 2944 1480 2998 melior
1506 2944 1630 2999 aliis
1660 2945 1982 3000 adolescen-

410 3031 557 3093 tulis,
593 3031 686 3098 qui
722 3032 954 3086 edebant
985 3032 1186 3101 regiam
1227 3048 1463 3087 cmnam.

484 3121 569 3176 16.
611 3121 676 3176 Ει
713 3133 827 3177 erat
875 3124 1124 3183 Ahiesdri
1173 3125 1368 3185 tollens
1403 3141 1613 3180 caenam
1661 3141 1883 3190 eorum,
1931 3136 1985 3182 et

407 3211 594 3267 vinum
624 3228 834 3275 eorum,
860 3224 914 3268 et
941 3230 1040 3284 pro
1082 3214 1167 3269 his
1199 3216 1362 3271 dabat
1385 3218 1464 3270 eis
1492 3215 1558 3271 de
1592 3217 1978 3288 leguminibus.

480 3393 567 3447 17.
610 3393 677 3446 Et
715 3392 1132 3448 adolescentulis
1160 3393 1309 3448 dedit
1335 3395 1600 3449 Dominus
1649 3396 1932 3450 scientiam
1963 3436 1979 3460 ,

405 3492 462 3538 et
495 3484 921 3552 intelligentiam,
946 3493 1000 3538 et
1029 3487 1369 3552 prudentiam
1397 3487 1448 3539 in
1476 3488 1623 3540 onmi
1649 3498 1764 3541 arte
1792 3488 1978 3540 litera-

409 3575 488 3628 ria
515 3591 526 3625 :
558 3575 762 3628 Danieli
791 3591 918 3629 vero
935 3577 1081 3630 dedit
1105 3577 1512 3646 intelligentiam
1540 3579 1592 3630 in
1620 3579 1768 3631 muni
1793 3579 1978 3638 verbo.

405 3675 462 3720 et
487 3665 715 3728 visione,
746 3676 800 3719 et
827 3666 1075 3730 soruniis,
1107 3675 1160 3719 et
1192 3668 1245 3720 iu
1277 3668 1424 3721 onmi
1456 3668 1738 3736 sapientia.

481 3756 566 3810 18.
607 3754 735 3810 Post
755 3766 934 3810 autem
953 3758 1070 3812 dies
1099 3758 1521 3826 istosjussitrex
1545 3759 1812 3812 introduci
1841 3773 1938 3814 eos
1963 3778 1976 3812 :

405 3857 460 3900 et
485 3848 776 3901 introducti
807 3857 933 3900 sunt
961 3863 990 3900 a
1019 3849 1261 3918 principe
1289 3851 1668 3904 cunuchorum
1697 3851 1762 3904 ad
1795 3866 1976 3920 regem

407 3935 928 3994 Nabuchodonosor.

479 4028 564 4082 19.
640 4028 886 4099 Cumque
925 4028 1005 4082 eis
1033 4028 1336 4083 collocutus
1363 4037 1448 4083 est
1485 4045 1617 4095 rex;
1654 4039 1702 4084 el
1741 4046 1847 4086 non
1895 4031 1981 4085 in-

406 4130 600 4174 ventus
617 4131 699 4174 est
729 4120 780 4172 in
811 4121 1148 4188 sapientibus
1175 4120 1368 4174 similis
1397 4120 1627 4182 Danieli,
1651 4132 1705 4175 et
1731 4123 1977 4189 Ananiaz,

405 4221 460 4264 et
479 4208 707 4274 Misaeli,
740 4219 794 4265 et
831 4211 1057 4274 Azarize,
1085 4219 1346 4278 erantque
1372 4211 1513 4278 apud
1548 4228 1749 4278 regem.

475 4303 569 4362 ΞΟ.
603 4305 669 4357 Et
696 4303 748 4360 in
796 4304 943 4357 omni
983 4305 1168 4367 verbo,
1210 4313 1266 4356 et
1304 4303 1657 4372 intelligentia
1682 4345 1697 4367 ,
1731 4314 1786 4358 et
1814 4303 1980 4359 disci-

2085 466 2164 537 τῷ
2214 469 2312 537 μὲν
2342 468 2540 535 Δανιὴλ
2583 467 2900 538 Βαλτάσαρ,
2939 467 3016 536 τῷ
3064 467 3120 518 δὲ
3170 467 3386 536 Ἀνανία
3425 467 3653 537 Σεδρὰχ,

2089 562 2183 612 καὶ
2218 560 2293 628 τῷ
2328 560 2543 630 Μισαὴλ
2576 559 2782 628 Μισάχ,
2813 559 3006 630 καὶτῷ
3062 557 3287 629 Ἀζαρία
3330 558 3656 626 Ἀϐδεναγώ.

2159 652 2210 705 8.
2246 653 2354 704 Kal
2374 652 2680 722 ἐνεθυμήθη
2705 652 2901 723 Δανιὴλ
2933 654 2988 704 ἐν
3022 654 3086 722 τῇ
3132 650 3360 722 καρδία,
3402 650 3548 710 ὅπως
3577 648 3654 718 μὴ

2085 745 2354 814 ἁλισγηθῇ
2390 746 2447 796 ἐν
2471 743 2547 813 τῷ
2570 745 2770 814 δείπνῳ
2794 743 2886 795 τοῦ
2913 743 3196 813 βασιλέως,
3224 744 3315 796 καὶ
3345 744 3402 794 ἐν
3432 735 3476 809 ᾧ
3510 739 3656 792 πίνει

2084 836 2211 905 οϊνῳ
2231 853 2244 866 ·
2272 836 2364 887 καὶ
2391 837 2588 905 ὴξίωσε
2621 836 2708 888 τὸν
2742 835 3126 906 ἁρχιευνοῦχον
3151 875 3166 900 ,
3215 835 3301 889 ἵνα
3336 834 3414 905 μὴ
3445 850 3657 904 συμμο-

2083 925 2271 994 λυνθῇ.

2155 1014 2208 1065 9.
2236 1013 2343 1065 Kal
2378 1014 2544 1066 ἔδωκε
2572 1013 2776 1087 Κύριος
2799 1015 2875 1085 τῷ
2902 1015 3096 1086 Δανιὴλ
3146 1017 3308 1087 τιμὴν
3369 1020 3460 1068 καὶ
3495 1015 3657 1086 χάριν

2084 1105 2325 1157 ἐναντίον
2349 1106 2442 1158 τοῦ
2465 1107 2872 1177 ἀρχιευνούχου.

2156 1195 2241 1247 10.
2275 1197 2381 1248 Kal
2405 1192 2555 1248 εἶπεν
2581 1199 2608 1249 ὁ
2633 1196 3014 1267 ἀρχιευνοῦχος
3052 1197 3128 1268 τῷ
3158 1198 3371 1269 Δανιὴλ,
3407 1194 3659 1265 Ἀγωνιῶ

2081 1283 2173 1338 τὸν
2204 1284 2392 1358 κύριόν
2427 1305 2527 1357 μου
2554 1287 2643 1340 τὸν
2672 1288 2918 1356 βασιλέα,
2947 1288 3043 1340 τὸν
3065 1289 3364 1353 ἐκτάξαντα
3381 1288 3480 1360 τὴν
3515 1287 3658 1358 βρῶ-

2084 1393 2167 1429 σιν
2199 1378 2371 1446 ὑμῶν,
2408 1381 2502 1432 καὶ
2534 1379 2630 1449 τὴν
2663 1381 2817 1432 πόσιν
2849 1380 3022 1451 ὑμῶν,
3055 1380 3139 1433 ἴνα
3177 1381 3249 1450 μὴ
3275 1381 3355 1451 ἴδῃ
3389 1382 3456 1433 τὰ
3485 1383 3658 1450 πρόσ-

2081 1486 2208 1521 ωπα
2252 1471 2404 1538 ὑμῶν
2453 1471 2892 1541 διατετραμμὲνα
2940 1473 3033 1524 καὶ
3095 1473 3294 1540 ἀσθενῆ
3343 1473 3495 1542 παρά
3528 1474 3658 1536 τοὺς

2085 1561 2543 1631 συντρεφομένους
2599 1562 2725 1632 ὑμῖν
2759 1563 2975 1626 νεανίας
3030 1564 3138 1616 τῶν
3164 1564 3464 1632 ἀλλογενῶν
3491 1605 3506 1630 ,
3561 1565 3656 1622 καὶ

2083 1651 2411 1704 κινδυνεύσω
2435 1651 2511 1721 τῷ
2542 1652 2656 1723 ἰδίῳ
2679 1655 2957 1724 τραχήλῳ.

2157 1741 2240 1795 il.
2273 1743 2381 1794 Kal
2416 1739 2566 1794 εἶπεν
2619 1746 2816 1814 Δανιὴλ
2870 1745 3138 1816 ’Λϐιεσδρὶ
3173 1746 3248 1816 τῷ
3286 1746 3653 1816 ἀναδειχθέντι

2082 1832 2448 1902 ἁρχιευνούχῳ
2465 1834 2554 1884 ἐπὶ
2582 1833 2671 1885 τὸν
2689 1833 2905 1905 Δανιὴλ,
2941 1835 3204 1900 Ἀνανίαν,
3229 1837 3467 1906 Μισαὴλ,
3487 1837 3651 1898 Ἀζα-

2084 1914 2222 1994 ρίαν.

2156 2018 2240 2070 12.
2271 2017 2533 2086 Πείρασον
2555 2016 2616 2086 δὴ
2651 2017 2776 2078 τοὺς
2804 2017 2999 2080 παῖδάς
3028 2034 3119 2070 σου
3152 2019 3234 2088 ἐφ’
3265 2019 3475 2089 ἡμέρας
3495 2020 3650 2084 δέκα,

2085 2109 2178 2160 καὶ
2236 2108 2440 2176 δοθήτω
2495 2109 2624 2178 ἡμῖν
2659 2108 2766 2160 ἀπὸ
2803 2109 2908 2166 τῶν
2936 2109 3174 2180 ὀσπρίων
3222 2112 3320 2181 τῆς
3345 2111 3469 2180 γῆς,
3509 2112 3649 2165 ὥστε

2085 2197 2337 2260 κάπτειν,
2369 2198 2460 2250 καὶ
2499 2198 2830 2266 ὑδροποτεῖν.

2159 2287 2244 2341 15.
2297 2287 2404 2340 Kal
2448 2287 2540 2340 ἐὰν
2587 2292 2724 2359 φανῇ
2765 2291 2798 2359 ἡ
2843 2290 2962 2359 ὄψις
3013 2289 3167 2360 ἡμῶν
3213 2289 3647 2362 διατετραμμένη

2085 2381 2235 2450 παρὰ
2263 2381 2389 2442 τοὺς
2425 2380 2615 2442 ἄλλους
2643 2383 2956 2446 νεανίσκους
2980 2383 3106 2444 τοὺς
3143 2382 3415 2446 ἐσθίοντας
3435 2387 3540 2437 ἀπὸ
3557 2385 3650 2437 τοῦ

2087 2471 2365 2542 βασιλικοῦ
2405 2472 2638 2537 δείπνου,
2676 2472 2855 2536 καθὼς
2903 2474 2997 2527 ἐὰν
3039 2473 3227 2547 θέλῃς,
3269 2473 3410 2528 οὕτω
3450 2477 3648 2547 χρῆσαι

2081 2568 2195 2628 τοῖς
2225 2565 2380 2618 παισέ
2409 2583 2524 2618 σου.

2158 2653 2243 2708 14.
2279 2655 2389 2708 Καὶ
2419 2657 2688 2727 ἐχρησατο
2719 2655 2898 2719 αὐτοῖς
2944 2657 3034 2710 τὸν
3081 2657 3278 2729 τρόπον
3313 2659 3520 2724 τοῦτον,
3556 2663 3650 2714 καὶ

2087 2746 2373 2816 ἐπείρασεν
2398 2748 2592 2810 αὐτοὺς
2618 2749 2831 2819 ἡμέρας
2872 2749 3020 2802 δέκα.

2158 2837 2244 2892 15.
2279 2839 2434 2916 Μετά
2459 2840 2556 2902 τὰς
2585 2841 2717 2893 δέκα
2749 2841 2961 2912 ὴμέρας
2981 2882 2996 2904 ,
3042 2841 3213 2912 ἐφάνη
3248 2842 3281 2912 ὴ
3317 2841 3437 2910 ὄψις
3469 2842 3652 2895 αὐτῶν

2087 2931 2248 3000 καλὴ,
2278 2932 2370 2984 καὶ
2396 2933 2428 3002 ὴ
2466 2933 2576 2996 ἕξις
2606 2933 2696 2986 τοῦ
2747 2933 3001 3002 σώματος,
3037 2933 3301 3004 κρείσσων
3328 2934 3437 2986 τῶν
3476 2934 3651 2988 ἄλλων

2011 3063 2056 3122 C
2088 3023 2384 3076 νεανίσκων
2420 3023 2528 3076 τῶν
2557 3024 2843 3076 ἐσθιόντων
2878 3025 2936 3077 τὸ
2971 3023 3242 3093 βασιλικὸν
3273 3024 3506 3078 δεῖπνον.

2157 3113 2241 3168 16.
2278 3113 2386 3167 Kal
2414 3111 2480 3184 ἦν
2519 3115 2786 3186 ’Δϐιεσδρὶ
2811 3116 3194 3186 ἀναιρούμενος
3224 3116 3284 3169 τὸ
3313 3117 3525 3170 δεῖπνον
3551 3118 3652 3170 αὖ·

2084 3204 2212 3270 τῶν,
2237 3205 2330 3257 καὶ
2349 3207 2439 3257 τὸν
2472 3200 2612 3259 οἶνον
2653 3206 2850 3273 αὐτῶν,
2894 3208 2985 3260 καὶ
3019 3208 3289 3265 ἀντεδίδου
3335 3209 3517 3272 αὐτοῖς
3542 3209 3652 3261 ἀπὸ

2087 3295 2193 3348 τῶν
2219 3296 2481 3366 ὀσπρίων.

2159 3385 2245 3438 17.
2283 3386 2390 3438 Καὶ
2418 3388 2526 3449 τοῖς
2548 3387 2848 3450 νεανίσκοις
2890 3388 3088 3449 ἔδωκεν
3119 3391 3148 3441 ό
3182 3387 3385 3460 Κύριος
3425 3391 3650 3461 ἐπιστή-

2091 3495 2216 3547 μην,
2241 3479 2333 3530 καὶ
2360 3479 2592 3545 σύνεσιν,
2617 3482 2708 3533 καὶ
2746 3483 3004 3552 φρόνησιν
3032 3483 3090 3534 ἐν
3113 3483 3257 3554 πάσῃ
3289 3486 3649 3556 γραμματικῇ

2083 3569 2276 3640 τέχνῃ’
2311 3570 2403 3622 καὶ
2435 3569 2511 3641 τῷ
2544 3573 2739 3642 Δανιὴλ
2783 3572 2949 3629 ἔδωκε
2981 3572 3193 3630 σύνεσιν
3221 3576 3278 3626 ἐν
3331 3575 3495 3628 παντὶ
3547 3577 3648 3645 ρή-

2089 3677 2216 3730 ματι
2238 3663 2330 3714 καὶ
2356 3662 2612 3732 ὁράματι,
2632 3665 2725 3717 καὶ
2755 3665 3045 3730 ἐνυπνίοις,
3063 3667 3156 3718 καὶ
3177 3666 3236 3718 ἐν
3255 3665 3401 3736 πάσῃ
3421 3667 3646 3738 σοφίαί.

2157 3753 2244 3811 18.
2276 3754 2432 3808 Μετά
2451 3755 2506 3808 δὲ
2535 3757 2635 3819 τὰς
2663 3757 2875 3828 ἡμέρας
2902 3759 3121 3822 ταύτας,
3153 3759 3412 3822 ἐπέταξεν
3432 3759 3460 3812 δ
3494 3759 3649 3827 βασι-

2082 3845 2206 3909 λεὺς
2231 3849 2542 3915 εἰσαγαγεῖν
2568 3848 2785 3912 αὐτοὺς,
2819 3850 2911 3901 καὶ
2949 3849 3279 3921 εἰσήχθησαν
3304 3851 3413 3904 ἀπὸ
3435 3850 3528 3905 τοῦ
3550 3853 3649 3922 ἀρ-

2082 3938 2392 4009 χιευνούχου
2417 3939 2552 4010 πρὸς
2588 3940 2679 3997 τὸν
2709 3940 2932 4010 βασιλέα
2962 3941 3450 4012 Ναϐουχοδονόσορ.

2155 4027 2242 4087 19.
2278 4029 2387 4081 Καὶ
2412 4029 2684 4100 ὡμίλησεν
2718 4032 2898 4096 αὐτοῖς
2929 4034 2956 4084 ὁ
2979 4031 3228 4101 βασιλεύς
3247 4049 3260 4063 ·
3303 4034 3396 4085 καὶ⁵
3428 4035 3526 4104 οὐχ
3555 4035 3647 4095 εὑ·-

2083 4115 2214 4187 ρέθη
2247 4118 2305 4169 ἐν
2332 4119 2445 4180 τοῖς
2472 4123 2654 4188 σοφοῖς
2677 4121 2858 4189 ὅμοιος
2886 4121 2963 4190 τῷ
2998 4122 3210 4194 Δανιὴλ,
3258 4125 3352 4176 καὶ
3406 4124 3644 4196 Ἀνανίᾳ,

2081 4209 2174 4262 καὶ
2195 4209 2432 4280 Μισαὴλ,
2457 4212 2550 4262 καὶ
2584 4211 2830 4282 Ἀζαρία,
2859 4215 2956 4266 καὶ
2974 4210 3113 4284 ἦσαν
3137 4216 3289 4286 παρά
3314 4215 3388 4286 τῷ
3415 4217 3643 4286 βασιλεῖ.

2148 4299 2238 4354 20.
2275 4301 2386 4353 Kal
2415 4303 2473 4354 ἐν
2504 4304 2664 4354 παντὶ
2693 4303 2853 4374 λόγῳ,
2889 4305 2984 4357 καὶ
3022 4306 3254 4370 συνέσει,
3291 4309 3384 4360 καὶ
3409 4310 3645 4377 παιδείᾳ,

356 4392 382 4406 ’⁷
408 4396 554 4464 plina
585 4401 938 4464 quamcumque
973 4395 1284 4450 sciscitatus
1311 4403 1394 4454 est
1426 4394 1494 4452 ab
1529 4395 1611 4448 eis
1642 4411 1755 4459 rex,
1787 4397 1979 4465 depre-

2106 4407 2181 4444 πσα
2207 4392 2438 4462 ἐζήτησε
2465 4395 2597 4464 παρ’
2618 4394 2796 4448 αὐτῶν
2827 4397 2854 4447 ό
2896 4395 3176 4464 βασιλεὺς,
3197 4399 3507 4456 ,κατέλαϐεν
3546 4401 3644 4452 αὺ-

411 4486 598 4540 hendit
628 4503 722 4539 eos
752 4487 1110 4555 sapientiores
1141 4485 1427 4555 deeuplum
1470 4501 1632 4554 super
1659 4487 1934 4556 sophistas
1959 4527 1975 4551 ,

407 4586 461 4630 et
494 4577 864 4645 phiIOsOphos,
890 4578 982 4647 qui
1004 4588 1161 4631 erant
1180 4577 1233 4630 in
1256 4577 1403 4629 omni
1429 4592 1595 4646 regno
1614 4577 1754 4643 ejus,
1781 4589 1834 4632 et
1861 4579 1978 4650 glo-

410 4670 641 4724 iilieuvit
668 4685 763 4724 eos
800 4686 891 4724 rex
915 4711 930 4734 ,
965 4679 1018 4724 et
1039 4670 1322 4724 constituit
1351 4684 1448 4725 eos
1481 4671 1772 4739 principes,
1806 4679 1860 4724 et
1883 4673 1978 4724 de-

409 4761 636 4815 claravit
674 4777 768 4814 eos
807 4763 1081 4830 sapientes
1119 4776 1284 4830 super
1321 4777 1513 4816 omnes
1537 4802 1551 4822 ,
1593 4761 1686 4831 qui
1718 4770 1874 4815 erant
1922 4761 1975 4814 in

409 4853 640 4922 negotiis
679 4853 798 4923 ejus
838 4855 891 4906 in
932 4855 1182 4908 universa
1229 4865 1372 4908 terra
1415 4854 1569 4922 ejus,
1601 4865 1657 4908 et
1703 4857 1756 4908 in
1809 4868 1978 4923 regno

406 4959 546 5012 ejus.

475 5128 567 5183 21.
604 5127 669 5180 Ει
697 5126 798 5181 fuit
825 5125 1011 5182 Daniel
1037 5142 1208 5196 usque
1236 5127 1302 5182 ad
1331 5129 1564 5198 primum
1593 5144 1794 5182 annum
1827 5129 1975 5198 regni

405 5220 534 5295 Cyri
571 5220 712 5291 regis
732 5221 1045 5274 Persarum.

1005 5329 1236 5385 CAPUT
1287 5331 1352 5384 ll.

480 5427 532 5480 1.
566 5423 634 5480 Et
671 5425 726 5479 in
777 5438 920 5476 anno
969 5425 1211 5478 secundo
1264 5425 1411 5493 regni
1476 5424 1979 5478 Nalmchodonosor

410 5514 630 5577 accidit,
664 5522 722 5565 ut
749 5512 802 5564 in
833 5511 1070 5565 visiones
1117 5519 1170 5565 et
1223 5511 1435 5566 somnia
1487 5513 1749 5565 inrideret
1779 5527 1894 5576 rex,
1926 5521 1980 5565 et

405 5607 720 5657 turbaretur
740 5601 1021 5656 insomnio
1047 5616 1168 5666 suo,
1211 5609 1263 5657 et
1298 5618 1526 5658 somnus
1564 5603 1682 5675 ejus
1732 5603 1871 5674 fugit
1909 5601 1978 5657 ab

426 5709 512 5750 eo.

2079 4482 2204 4544 τοὺς
2241 4497 2302 4536 +
2331 4484 2670 4554 σοφωτέρους
2693 4487 2750 4554 /.
2778 4486 3154 4550 δεκαπλασίως
3202 4489 3342 4560 ὑπὲρ
3377 4491 3502 4552 τοὺς
3555 4507 3648 4549 σο-

2079 4573 2295 4641 φιστὰς,
2329 4576 2420 4628 καὶ
2439 4577 2563 4638 τοὺς
2594 4578 2912 4647 φιλοσόφους
2939 4580 3065 4643 τοὺς
3099 4583 3157 4633 ἐν
3191 4582 3336 4652 πάσῃ
3371 4586 3436 4653 τῇ
3491 4583 3646 4653 βασι-

2077 4661 2196 4733 λείᾳ
2223 4662 2385 4716 αὑτοῦ
2413 4678 2474 4723 οε-
2499 4667 2590 4719 καὶ
2634 4666 2882 4731 ἐδόξασεν
2927 4671 3119 4733 αὐτοὺς
3154 4673 3181 4722 ὁ
3230 4670 3480 4740 βασιλεὺς
3501 4715 3516 4738 ,
3550 4675 3647 4737 καὶ

2085 4755 2138 4820 2
2177 4754 2508 4825 κατέστησεν
2533 4756 2728 4820 αὐτοὺς
2749 4759 3032 4828 ἄρχοντας.
3050 4761 3142 4814 καὶ
3160 4761 3426 4826 ἀνέδειξεν
3449 4764 3647 4825 αὐτοὺς

2084 4847 2138 4912 2
2175 4845 2371 4912 σοφοὺς
2427 4848 2578 4916 παρὰ
2623 4850 2828 4910 πάντας
2859 4853 2982 4913 τοὺς
3022 4851 3184 4904 αὑτοῦ
3220 4854 3278 4904 ἐν
3322 4853 3645 4922 πράγμασιν

2085 4938 2138 5004 2
2177 4950 2238 4991 σε·
2272 4941 2329 4990 ἐν
2360 4939 2509 5009 πασῃ
2532 4943 2594 5010 τῇ
2622 4943 2691 5011 γῇ
2725 4941 2910 5007 αὐτοῦ,
2947 4945 3041 4995 καὶ
3065 4948 3123 4996 ἐν
3165 4947 3229 5017 τῇ
3265 4944 3507 5015 βασιλεία
3544 4946 3646 5008 αυ-

2085 5030 2137 5094 z
2168 5028 2259 5081 τοῦ
2293 5030 2346 5099 ί.

2145 5121 2234 5173 21.
2271 5124 2378 5174 Καὶ
2401 5118 2469 5194 ἦν
2495 5124 2689 5196 Δανιὴλ
2721 5125 2824 5190 ἓως
2853 5125 2943 5179 τοῦ
2980 5127 3194 5199 πρώτου
3223 5130 3375 5193 ἔτους
3420 5132 3517 5202 τῆς
3548 5130 3645 5200 βας

2080 5212 2280 5276 σιλείας
2311 5215 2491 5286 Κύρου
2529 5217 2791 5286 βασιλέως
2818 5219 3062 5289 Περσῶν.

2602 5328 2996 5381 ΚΕΦΑΛΑΙΟΝ
3025 5332 3100 5383 B’.

2152 5417 2202 5472 1.
2233 5417 2339 5469 Kal
2363 5418 2418 5468 ἐν
2455 5416 2531 5486 τῷ
2571 5417 2676 5471 ἔτει
2709 5420 2787 5490 τῷ
2806 5421 3040 5492 δευτέρῳ
3074 5423 3176 5492 τῆς
3213 5421 3486 5491 βασιλείας
3523 5427 3639 5482 Να-

2079 5510 2476 5579 ϐουχοδονόσορ,
2506 5511 2698 5582 συνέϐη
2730 5515 2808 5575 εἰς
2825 5513 3075 5583 ὁράματα
3104 5517 3197 5568 καὶ
3223 5514 3444 5570 ἐνύπνια
3466 5518 3643 5587 ἐμπε-

2081 5604 2194 5654 σεῖν
2225 5601 2314 5653 τὸν
2363 5601 2618 5670 βασιλέα,
2667 5602 2760 5654 καὶ
2805 5604 3140 5675 ταραχθῆναι
3187 5607 3244 5657 ἐν
3288 5605 3366 5676 τῷ
3401 5607 3643 5682 ἐνυπνίῳ

2086 5694 2277 5748 αὐτοῦ·
2312 5695 2402 5748 καὶ
2430 5696 2457 5747 ὁ
2491 5694 2655 5759 ὕπνος
2693 5696 2851 5748 αὑτοῦ
2878 5699 3093 5767 ἐγένετο
3129 5698 3220 5750 ἀπ’
3250 5697 3435 5760 αὑτοῦ.
