3848 6218
177 271 308 331 *ΗΠ

240 386 293 439 2.
325 384 434 439 Καὶ
483 381 743 449 ἐπέταξεν
807 386 836 437 6
890 383 1140 455 βασιλεὺς
1202 383 1570 454 εἰσενεχθῆναι
1618 384 1741 445 τοὺς
1771 388 1815 441 Α

190 478 483 540 ἐπαοιδοὺς,
511 476 605 532 καὶ
624 479 749 540 τοὺς
771 477 997 547 μάγους,
1022 478 1116 531 καὶ
1142 478 1267 539 τοὺς
1297 476 1621 546 φαρμακοὺς
1636 474 1743 526 τῶν

186 570 474 629 Χαλδαίων,
499 570 816 637 ἀναγγεῖλαι
848 569 926 639 τῷ
962 569 1174 639 βασιλεῖ
1196 570 1263 621 τὰ
1284 570 1506 621 ἐνύπνια
1541 567 1704 621 αὑτοῦ
1726 583 1739 595 ·

181 658 268 711 καὶ
288 658 718 727 παραγενόμενοι
744 658 979 727 ἔστησαν
1012 659 1162 729 παρὰ
1188 658 1263 727 τῷ
1290 658 1517 727 βασιλεῖ.

241 751 295 803 ’5.
323 751 433 803 Καὶ
465 747 616 802 εἶπεν
649 751 832 813 αὐτοῖς
856 753 884 803 6
908 751 1175 820 βασιλεύς·
1198 751 1476 804 Ἐνύπνιον
1500 750 1740 821 ἑώρακα,

180 841 265 893 καὶ
286 841 509 913 ἐκινήθη
534 860 636 911 μου
657 842 716 894 τὸ
748 841 998 914 πνεῦμα·
1036 843 1335 911 ἐπιγνῶναι
1384 839 1476 896 οὖν
1511 843 1649 895 θέλω
1681 843 1743 895 τὸ

179 935 442 988 ἐνύπνιον.

239 1028 291 1080 4.
320 1028 429 1079 Καὶ
459 1027 722 1098 ἐλάλησαν
754 1029 803 1079 οἱ
825 1027 1080 1082 Χαλδαῖοι
1108 1028 1247 1098 πρὸς
1276 1028 1367 1080 τὸν
1393 1027 1615 1097 βασιλέα
1646 1044 1741 1080 συ-

183 1119 337 1186 ριστί·
370 1118 539 1187 Κύριε
564 1117 806 1189 βασιλεῦ,
846 1120 934 1172 τὸν
951 1120 1121 1173 αἰῶνα
1143 1120 1268 1189 ζῆθι
1289 1136 1303 1149 ·
1330 1118 1647 1187 ἀνάγγειλον
1680 1119 1741 1170 τὸ

177 1209 414 1263 ἐνύπνιόν
443 1228 535 1263 σου
562 1214 672 1273 τοῖς
698 1212 854 1265 παισί
886 1229 1000 1276 σου,
1037 1214 1130 1276 καὶ
1162 1214 1323 1282 ἡμεῖς
1351 1212 1434 1264 σοὶ
1459 1210 1739 1282 φράσομεν

176 1304 266 1373 τὴν
292 1303 578 1373 σύγκρισιν
602 1303 788 1356 αὐτοῦ.

240 1394 288 1448 5.
334 1396 677 1466 Ἀποκριθεὶς
702 1395 756 1449 δέ
790 1398 817 1448 6
858 1395 1105 1465 βασιλεὺς
1139 1392 1258 1448 εἷπε
1298 1398 1409 1460 τοῖς
1451 1396 1738 1460 Χαλδαίοις

181 1486 242 1552 )3:
269 1487 329 1537 Ὀ
361 1486 517 1553 λόγος
541 1487 634 1538 ἀπ’
673 1485 805 1556 ἐμοῦ
835 1486 1042 1556 ἀπέστη
1157 1485 1289 1537 διότι
1323 1486 1418 1538 ἐὰν
1450 1484 1523 1555 μὴ
1556 1487 1736 1553 ἀπαγ-

172 1575 379 1646 γείλητέ
416 1594 503 1647 μοι
534 1578 618 1630 ἐπ’
652 1577 907 1647 ἀληθείας
929 1577 988 1628 τὸ
1012 1577 1279 1636 ἐνύπνιον,
1312 1578 1403 1629 καὶ
1427 1578 1525 1646 τὴν
1548 1574 1735 1628 τούτου

174 1669 454 1739 σύγκρισιν
475 1667 752 1738 δηλώσητε
780 1686 889 1739 μοι,
918 1667 1614 1739 παραδειγματισθήσεσθε,
1640 1666 1734 1719 καὶ

1478 264 1729 321 DANIEL
1766 266 1997 324 CAPUT
2053 269 2120 324 li.

3284 267 3416 326 2733

1918 383 1968 437 2.
2008 384 2071 437 Et
2097 384 2257 452 jussit
2301 398 2416 445 rex,
2452 392 2507 436 ut
2543 380 3014 439 introducerentur
3049 384 3411 439 incautatorez

1848 485 1902 529 ct
1936 478 2097 545 magi,
2126 488 2179 530 et
2211 475 2441 529 maleﬁci
2464 475 2837 529 Chaldaeorum
2870 476 2935 529 ad
2977 476 3412 530 annuntiandum

1851 571 1963 637 regi
2000 571 2210 624 somnia
2243 571 2404 638 ejus:
2453 580 2504 623 et
2547 569 2892 623 advenientes
2944 578 3208 622 steterunt
3231 585 3413 624 coram

1846 677 1991 729 rege.

1915 752 1967 804 5.
2009 752 2071 804 Et
2107 751 2243 804 dixit
2275 751 2353 805 eis
2385 768 2479 805 rex
2506 749 2820 804 :Somnium
2842 749 2969 810 vidi,
2994 759 3047 803 et
3072 751 3316 806 turbatus
3339 763 3417 808 est

1843 842 2075 909 Spiritus
2106 858 2259 894 meus
2283 860 2294 893 :
2319 842 2442 894 volo
2474 842 2636 910 igitur
2669 840 2809 894 scire
2843 841 3140 895 somnium.

1916 931 1969 984 4.
2011 934 2076 985 Et
2108 932 2269 986 locuti
2298 941 2426 984 sunt
2449 931 2688 985 Chaldari
2717 931 2781 984 ad
2816 947 2995 1000 regem
3017 930 3268 1002 Syt'iace:
3301 928 3413 986 Do-

1842 1023 1990 1074 mine
2040 1039 2153 1087 rex,
2184 1024 2237 1076 in
2293 1023 2682 1091 sempiternum
2725 1023 2887 1076 vive:
2933 1024 3108 1077 indica
3139 1023 3411 1078 somnium

1843 1119 1996 1166 tuum
2024 1115 2200 1169 servis
2231 1117 2360 1181 tuis,
2396 1125 2451 1169 et
2485 1128 2584 1169 nos
2617 1114 2711 1170 tibi
2742 1115 2985 1170 dicemus
3007 1115 3413 1185 interpretatio-

1842 1219 1965 1258 nem
1998 1206 2141 1274 ejus.

1909 1389 1962 1443 5.
2002 1388 2352 1459 llespondens
2390 1404 2569 1445 autem
2635 1408 2725 1445 rex
2768 1392 2902 1447 dixit
2940 1392 3250 1447 Chaldwis:
3288 1392 3414 1449 Ser-

1839 1496 1930 1535 mo
1983 1498 2010 1532 a
2075 1498 2161 1535 me
2241 1484 2485 1538 recessit.
2566 1482 2797 1552 Ideoque
2856 1483 2961 1538 nisi
3037 1485 3412 1540 indicaveritis

1841 1573 1972 1626 mihi
2006 1574 2059 1625 in
2086 1573 2312 1626 veritate
2346 1573 2641 1635 somnium,
2681 1586 2734 1627 et
2768 1576 3265 1642 interpretationem
3293 1575 3413 1644 ejus

1842 1664 2189 1719 ostenderitis
2214 1665 2370 1728 mihi,
2404 1666 2660 1719 omnibus
2690 1666 2936 1734 exemplo
2964 1666 3138 1731 eritis,
3171 1675 3223 1720 et
3265 1668 3411 1721 redi-

172 1734 603 1828 ἀναληφθήσεται
630 1734 874 1827 ύμῶνντὰ
906 1734 1216 1829 ὑπάρχοντα
1238 1762 1315 1822 εἰς
1349 1734 1731 1828 ἐδ-βασιλικόν.

1868 1764 2040 1821 {entur
2073 1758 2390 1811 substantiae
2415 1769 2606 1812 vestrae
2638 1759 2689 1811 in
2728 1759 2931 1827 regium
2963 1758 3175 1813 ﬁscum.

235 1848 285 1902 6.
333 1850 459 1903 Ἐὰν
488 1850 543 1903 δὲ
564 1850 625 1903 τὸ
656 1850 903 1903 ἐνύπνιον
936 1850 1306 1919 διασαφήσητέ
1347 1868 1467 1919 μοι,
1505 1850 1599 1906 καὶ
1637 1848 1732 1919 τὴν

170 1942 352 1993 τούτου
390 1940 673 2011 σύγκρισιν
701 1941 1078 2013 ἁναγγείλητε,
1112 1941 1344 2011 λήψεσθε
1366 1941 1574 2008 δόματα
1598 1957 1734 1993 παν-

169 2035 301 2093 τοῖα,
337 2034 432 2085 καὶ
464 2033 859 2103 δοξασθήσεσθε
903 2035 994 2087 ὑπ’
1028 2036 1163 2104 ἐμοῦ
1188 2052 1201 2063 ·
1236 2033 1515 2103 δηλώσατέ
1556 2049 1646 2101 μοι
1674 2030 1735 2083 τὺ

167 2122 435 2185 ἐνύπνιον,
470 2126 564 2177 καὶ
599 2125 840 2194 κρίνατε.

235 2214 284 2267 7.
333 2215 732 2287 Ἀπεκρίθησαν
754 2217 810 2269 δὲ
831 2219 895 2269 ἐκ
909 2216 1158 2288 δευτέρου
1182 2216 1453 2285 λέγοντες·
1483 2213 1731 2281 Βασιλεῦ,

166 2305 223 2356 τὸ
262 2306 447 2377 ὅραμα
490 2304 667 2373 εἶπον,
715 2310 809 2360 καὶ
852 2311 903 2362 οἱ
932 2310 1117 2372 παῖδές
1166 2327 1260 2362 σου
1303 2310 1546 2381 κρίνουσι
1600 2310 1735 2382 πρὸς

166 2396 354 2450 ταῦτα.

232 2488 287 2544 8.
316 2489 424 2543 Καὶ
452 2485 602 2544 εἶπεν
618 2492 798 2556 αὐτοῖς
826 2494 854 2546 6
881 2492 1152 2562 βασιλεὺς,
1171 2496 1287 2549 Ἐπ’
1318 2496 1573 2567 ἀληθείας
1594 2494 1733 2561 οῖδα,

166 2580 245 2635 ἔτι
276 2581 472 2652 καιρὸν
516 2583 674 2653 ὑμεῖς
710 2584 1098 2656 ἐξαγοράζετε·
1145 2588 1395 2660 καθάπερ
1428 2590 1733 2660 ἑωράκατε,

167 2672 244 2725 ὃτι
291 2674 505 2744 ἀπέστη
540 2675 634 2726 ἀπ’
676 2675 810 2744 ἐμοῦ
848 2676 908 2728 τὸ
947 2678 1201 2748 πρᾶγμαο
1244 2693 1303 2734 +
1350 2680 1598 2750 καθάπερ
1642 2674 1735 2731 οὖν

171 2776 229 2816 σι-
263 2764 631 2835 προστέταχα,
662 2764 833 2829 οὕτως
863 2766 1012 2819 ἐσται
1032 2768 1087 2838 /.

232 2852 285 2908 9.
333 2854 463 2908 Ἐὰν
496 2856 569 2925 μὴ
596 2856 658 2908 τὸ
688 2856 936 2911 ἐνύπνιον
964 2858 1336 2931 ἀπαγγείλητὲ
1364 2876 1451 2930 μοι
1481 2861 1568 2913 ἐπ’
1601 2859 1734 2931 ἀλη-

169 2942 314 3007 θείας
348 2959 411 2999 -ε-
442 2948 534 2999 καὶ
570 2945 668 3017 τὴν
689 2948 880 3001 τούτου
921 2949 1205 3017 σύγκρισιν
1247 2951 1523 3021 δηλώσητε
1552 2951 1607 3019 /.
1641 2952 1736 3004 θα-

168 3035 309 3106 νάτῳ
340 3038 753 3108 περιπεσεῖσθε·
790 3042 1114 3095 συνείπασθε
1144 3043 1253 3114 γὰρ
1292 3043 1483 3111 λόγους
1522 3042 1736 3111 ψευδεῖς

170 3128 499 3196 ποιήσασθαι
528 3129 614 3181 ἐπ’
639 3129 796 3199 ἐμοῦ,
818 3132 922 3194 ἓως
952 3132 1017 3186 ἂν
1041 3134 1069 3185 6
1096 3133 1286 3203 καιρὸς
1311 3133 1595 3205 ἁλλοιωθῇ.
1622 3134 1735 3186 Νῦν

104 3286 105 3289 η
168 3210 256 3269 οὖν
280 3216 381 3269 ἐὰν
410 3217 469 3270 τὸ
496 3218 648 3289 ῥῆμα
670 3221 861 3291 εἴπητέ
886 3239 975 3291 μοι
996 3237 1055 3276 οι-
1075 3223 1103 3275 δ
1132 3224 1230 3290 τὴν
1259 3224 1427 3277 νύκτα
1449 3223 1737 3295 ἐώρακαί.

168 3306 471 3379 γνώσομαι,
503 3310 586 3363 ὅτι
610 3313 704 3365 καὶ
723 3313 823 3383 τὴν
858 3313 1049 3367 τούτου
1086 3315 1268 3385 κρίσιν
1298 3314 1597 3385 δηλώσητε.

235 3490 322 3547 Ιθ.
357 3490 471 3545 Καὶ
514 3492 887 3565 ἀπεκρίθησαν
932 3496 982 3548 oi
1025 3495 1278 3551 Χαλδαῖοι
1316 3500 1408 3551 ἐπὶ
1465 3498 1558 3552 τοῦ
1594 3499 1743 3569 βασι-

168 3580 319 3645 λέως,
355 3582 439 3634 ὅτι
462 3583 647 3646 Οὐδεὶς
674 3584 782 3637 τῶν
805 3586 898 3640 ἐπὶ
916 3587 1014 3656 τῆς
1042 3589 1143 3658 γῆς
1166 3588 1450 3660 δυνήσεται
1475 3591 1648 3645 εἰπεῖν
1667 3590 1742 3661 τῷ

172 3673 380 3741 βασιλεῖ
409 3673 437 3725 ὃ
467 3674 703 3744 ἐωρακε,
744 3677 993 3749 καθάπερ
1021 3680 1085 3732 σὺ
1111 3681 1349 3751 ἐρωτᾷς·
1375 3681 1470 3733 καὶ
1501 3682 1608 3743 πᾶς
1646 3680 1742 3750 βα-

172 3766 376 3828 σιλεὺς,
408 3766 503 3818 καὶ
533 3767 642 3829 πᾶς
672 3767 938 3841 δυνάστης
972 3770 1181 3823 τοιοῦτο
1223 3773 1455 3842 πρᾶγμα
1500 3774 1597 3825 οὐκ
1644 3774 1743 3826 ἐπ-

168 3858 350 3928 ερωτᾷ
380 3857 560 3910 πάντα
587 3858 768 3926 σοφὸν,
800 3860 894 3913 καὶ
921 3861 1115 3931 μάγον,
1138 3863 1233 3914 καὶ
1261 3863 1541 3917 Χαλδαίον.

238 3971 327 4025 Η.
360 3971 473 4024 Καὶ
495 3973 523 4023 6
552 3971 728 4040 λόγος,
754 3973 813 4027 ὃν
842 3975 1024 4043 ζητεῖς
1042 4013 1058 4038 ,
1107 3975 1324 4046 βασιλεῦ
1352 4019 1366 4043 ,
1408 3977 1579 4051 βαρύς
1624 3982 1740 4034 ἐστι

172 4075 232 4118 σι’
264 4062 363 4116 καὶ
388 4062 631 4127 ἐπίδοξος
654 4065 710 4134 /.
744 4066 837 4117 καὶ
858 4068 1031 4131 ούδεῖς
1056 4066 1202 4120 ἐστιν
1225 4068 1283 4132 ὃς
1304 4069 1533 4140 δηλώσει
1570 4071 1741 4125 ταῦτα

167 4152 244 4221 τῷ
268 4152 500 4222 βασιλεῖ,
525 4156 574 4207 εί
604 4156 679 4226 μή
718 4173 803 4219 τις
830 4156 1076 4225 ἄγγελος,
1104 4154 1165 4213 οὗ
1197 4161 1296 4214 οὐκ
1322 4161 1435 4214 ἔστι
1484 4179 1742 4235 κατοικη-

165 4245 356 4313 τήριον
390 4246 529 4315 μετὰ
565 4249 746 4320 πάσης
802 4252 1035 4321 σαρκός·
1083 4250 1207 4305 ὅθεν
1259 4254 1358 4308 οὐκ
1411 4256 1477 4308 ἂν
1525 4255 1741 4326 δέχεται

167 4337 445 4404 γενέσθαι,
486 4339 735 4413 καθάπερ
771 4342 893 4396 οἴει.

1916 1848 1969 1901 6.
2007 1847 2062 1902 Si
2094 1860 2271 1903 autem
2302 1851 2571 1905 somnium
2625 1851 2970 1905 manifestum
2992 1852 3228 1907 feceritis
3255 1852 3411 1912 mihi,

1847 1949 1899 1993 et
1934 1941 2431 2010 interpretationem
2484 1942 2602 2011 ejus
2658 1942 3074 2008 iudicaveritis,
3136 1944 3412 2012 accipietis

1846 2032 2065 2100 prmitiia
2092 2048 2254 2087 omne
2281 2050 2475 2103 genus,
2516 2043 2569 2088 ct
2604 2036 2864 2089 honorem
2917 2051 2947 2089 a
3002 2036 3413 2090 mezostendite

1846 2123 1977 2176 mihi
2009 2124 2305 2187 sonmium,
2337 2135 2498 2194 atque
2526 2126 2836 2180 discernite.

1915 2212 1968 2263 7.
2007 2212 2422 2282 Responderunt
2458 2224 2636 2269 autem
2691 2216 2931 2270 secundo
2961 2215 3201 2270 dicentes
3229 2235 3242 2270 :
3272 2215 3409 2281 lies,

1845 2306 2110 2360 visionem
2135 2307 2224 2361 dic
2253 2324 2268 2372 ;
2301 2317 2354 2362 et
2385 2309 2538 2378 pueri
2571 2310 2646 2363 tui
2696 2309 2921 2379 posthac
2975 2310 3412 2379 interpretabim-

1847 2406 1955 2451 tur.

1915 2491 1967 2546 8.
1998 2493 2061 2546 Et
2093 2493 2229 2547 dixit
2258 2493 2335 2547 eis
2360 2509 2451 2546 rex
2479 2510 2493 2547 :
2518 2492 2575 2547 In
2598 2495 2824 2549 veritate
2853 2494 2998 2560 novi,
3026 2495 3171 2565 quod
3197 2503 3410 2564 tempus

1848 2598 1943 2636 vos
1973 2584 2255 2647 redimitis,
2294 2595 2453 2653 prout
2481 2585 2729 2649 vidistis,
2769 2587 2915 2655 quod
2946 2586 3286 2641 recesset-ita
3326 2601 3413 2641 me

1846 2690 1952 2728 res.
1977 2674 2444 2740 Quemadmodum
2479 2677 2642 2746 igitur
2672 2679 2923 2747 pra-cepi.
2951 2680 3032 2733 sic
3073 2679 3197 2732 erit.

1915 2850 1968 2905 9.
2001 2850 2112 2907 Nisi
2138 2854 2408 2908 somnium
2448 2855 2816 2911 indicaveritis
2846 2858 2976 2912 mihi
3019 2858 3071 2913 in
3104 2861 3329 2916 veritate
3358 2871 3414 2917 et

1848 2939 2344 3010 interpretationem
2376 2944 2495 3012 ejus
2532 2946 2907 3011 ostenderitis,
2955 2959 3126 3002 morte
3161 2950 3365 3007 cadetis
3395 2969 3406 3003 :

1847 3031 1988 3085 inter
2011 3047 2107 3087 vos
2139 3033 2281 3086 enim
2310 3034 2616 3103 loquimini,
2650 3046 2708 3091 ut
2753 3040 2914 3094 verba
2948 3024 3227 3097 mendacia
3255 3058 3412 3098 com-

1843 3123 2055 3189 penatis
2082 3122 2135 3176 in
2165 3140 2266 3189 me,
2291 3124 2463 3179 donec
2507 3136 2718 3196 tempus
2747 3140 3101 3198 pertranseat.
3135 3132 3289 3188 Nunc
3311 3134 3415 3205 igi-

1844 3220 1932 3264 tur
1960 3213 2007 3265 si
2037 3213 2259 3268 verbum
2312 3215 2559 3272 dixeritis
2607 3218 2737 3272 mihi
2773 3220 2917 3288 quod
2942 3232 3100 3277 nocte
3142 3223 3269 3287 vidi,
3314 3238 3412 3279 co-

1842 3319 2122 3374 gnoscam,
2151 3307 2295 3375 quod
2314 3307 2477 3361 etiam
2510 3310 3013 3379 interpretationem
3040 3312 3204 3384 hujus
3225 3323 3412 3370 osten-

1842 3396 2003 3451 detis.

1914 3488 2000 3540 10.
2031 3486 2097 3539 Et
2138 3488 2531 3556 responderunt
2575 3490 2808 3546 Chaldaei
2856 3507 3041 3547 coram
3084 3496 3408 3565 rege:quod

1842 3577 2012 3633 Nemo
2032 3595 2099 3634 ex
2130 3580 2213 3634 his
2258 3581 2351 3649 qui
2391 3591 2520 3636 sunt
2550 3583 2602 3637 in
2662 3594 2825 3649 terra,
2854 3587 3049 3655 paterit
3075 3588 3255 3643 dicere
3299 3591 3407 3660 regi

1841 3672 1987 3741 quod
2017 3672 2168 3736 vidit,
2205 3673 2346 3727 sicut
2376 3683 2431 3727 tu
2483 3675 2778 3731 sciscitaris
2830 3694 2845 3730 :
2900 3686 2953 3731 et
2977 3679 3156 3734 omnis
3203 3695 3317 3745 rex,
3356 3693 3409 3736 et

1842 3764 2022 3817 omnis
2047 3763 2273 3833 dynasta
2304 3765 2680 3834 hujuscemodi
2712 3784 2823 3822 rem
2848 3769 3072 3824 minime
3098 3771 3409 3827 sciscitatur

1840 3855 1910 3908 ab
1939 3858 2084 3909 omni
2126 3855 2388 3925 sapiente,
2412 3870 2463 3911 et
2483 3874 2659 3928 mago,
2684 3869 2737 3914 et
2766 3860 3040 3915 Chaldaeo.

1912 3968 1998 4022 11.
2036 3967 2102 4022 Et
2127 3983 2329 4032 sermo,
2370 3985 2530 4039 quem
2566 3972 2794 4040 quaeris,
2851 3989 2967 4037 rex,
3023 3977 3204 4044 gravis
3231 3986 3314 4031 est
3354 3986 3411 4032 et

1841 4060 2115 4124 sublimis,
2162 4070 2215 4114 et
2246 4063 2426 4116 nullus
2452 4073 2533 4117 est
2562 4066 2654 4133 qui
2698 4068 2944 4121 ostendet
2978 4067 3092 4121 haec
3127 4070 3261 4139 regi,
3302 4070 3408 4126 nisi

1840 4155 2038 4223 aliquis
2076 4156 2300 4223 angelus
2330 4196 2344 4219 ,
2379 4156 2536 4224 cujus
2594 4174 2699 4210 non
2736 4168 2819 4211 est
2877 4163 3231 4215 commoratio
3282 4178 3406 4217 cum

1841 4247 1987 4299 omni
2016 4260 2199 4307 carne,
2235 4248 2376 4301 unde
2403 4264 2511 4302 non
2546 4258 2721 4317 potest
2768 4250 2902 4317 fieri,
2954 4254 3407 4321 quemadmodum
3432 4315 3445 4323 _

1842 4338 2098 4407 opinaris.

238 4425 327 4479 19..
358 4427 494 4481 Τότε
523 4430 552 4481 6
580 4428 832 4498 βασιλεὺς
864 4431 1089 4500 στυγνὸς
1120 4433 1431 4503 γενόμενος,
1466 4435 1559 4487 καὶ
1581 4436 1735 4507 περίο

1912 4430 1996 4483 12.
2041 4430 2193 4483 Tunc
2218 4446 2310 4484 rex
2355 4442 2619 4495 maestus,
2661 4442 2714 4486 et
2748 4448 2908 4501 supra
2960 4435 3179 4490 modum
3223 4436 3410 4490 dolore

166 4512 336 4578 λυπος
360 4517 694 4586 προσέταξεν
725 4520 1013 4590 ἐξαγαγεῖν
1040 4523 1248 4586 πάντας
1273 4523 1399 4586 τοὺς
1428 4523 1623 4592 σοφοὺς
1641 4527 1738 4593 τῆς

169 4600 537 4668 Βαϐυλωνίας.

238 4697 327 4752 15.
358 4700 468 4751 Καὶ
499 4698 859 4771 ἐδογματίσθη
884 4703 1091 4767 πάντας
1116 4703 1471 4756 ἀποκτεῖναι*
1500 4703 1736 4776 ἐζητήθη

170 4785 226 4840 δὲ
250 4790 279 4840 6
305 4790 503 4862 Δανιὴλ
524 4793 618 4845 καὶ
644 4792 845 4857 πάντες
875 4794 926 4847 οἱ
948 4797 1068 4865 μετ’
1098 4793 1265 4847 αὑτοῦ
1303 4795 1464 4865 χάριν
1485 4794 1577 4847 τοῦ
1612 4813 1737 4848 συν-

172 4878 484 4934 απλέσθαι.

243 4988 328 5041 14.
355 4988 489 5042 Τότε
510 4989 705 5062 Δανιὴλ
725 4987 843 5043 εἷπε
870 4991 1062 5063 βουλὴν
1089 4992 1184 5046 καὶ
1213 4990 1457 5065 γνώμην,
1483 4989 1551 5065 ἦν
1571 4989 1737 5064 εἶχεν,

182 5078 414 5153 Ἀριωχῇ
448 5082 529 5153 τῷ
549 5085 928 5157 ἀρχιμαγείρῳ
950 5086 1045 5139 τοῦ
1072 5086 1355 5156 βασιλέως,
1395 5082 1438 5154 ᾧ
1477 5089 1741 5159 προσέτα-

172 5169 257 5233 ξεν
286 5173 574 5242 ἐξαγαγεῖν
606 5178 730 5239 τοὺς
767 5177 1024 5246 σοφιστὰς
1058 5178 1157 5249 τῆς
1192 5180 1560 5245 Βαϐυλωνίας.

240 5284 328 5339 15.
357 5287 466 5340 Καὶ
512 5289 841 5344 ἐπυνθάνετο
869 5290 1032 5344 αὐτοῦ
1074 5291 1267 5360 λέγων,
1290 5296 1355 5360 3K
1375 5296 1594 5364 ’Ἄρχων
1642 5294 1735 5347 τοῦ

172 5374 435 5445 βασιλέως
453 5380 511 5449 /.
553 5381 680 5450 περὶ
723 5382 867 5445 τίνος
903 5382 1287 5453 δογματίζεται
1326 5387 1539 5457 πικρῶς
1588 5386 1737 5456 παρὰ

168 5467 260 5523 τοῦ
293 5468 553 5540 βασιλέως
576 5489 591 5537 ;
620 5474 751 5526 Τότε
771 5474 831 5527 τὸ
858 5473 1187 5547 πρόσταγμα
1212 5476 1481 5547 ἐσήμανεν
1497 5478 1525 5530 6
1546 5476 1741 5546 Ἀριώ-

168 5575 270 5633 χης
296 5561 371 5632 τῷ
397 5563 618 5635 Δανιήλ.

238 5672 329 5727 16.
366 5676 426 5729 ὐ
446 5676 503 5729 δὲ
546 5677 740 5747 Δανιὴλ
776 5676 988 5751 εἰσῆλθε
1017 5677 1227 5750 ταχέως
1270 5678 1405 5750 πρὸς
1448 5679 1539 5734 τὸν
1576 5695 1734 5751 pas:—

1842 4517 2067 4573 aﬂectus
2118 4521 2390 4590 przecepit,
2447 4530 2506 4575 ut
2557 4523 2852 4577 educerent
2894 4540 3083 4580 omnes
3140 4527 3410 4596 sapientes

1842 4608 2178 4678 Babyloniae.

1918 4702 1997 4754 l5.
2034 4699 2097 4753 Et
2128 4702 2361 4755 edictum
2395 4702 2795 4773 promulgatum
2835 4713 2939 4771 est,
2990 4715 3047 4760 ut
3107 4722 3293 4763 omnes
3327 4708 3410 4762 in-

1842 4796 2247 4847 terﬁcerentur:
2288 4796 2548 4864 quasitus
2574 4806 2657 4851 est
2689 4808 2868 4851 autem
2898 4798 3105 4861 Daniel,
3131 4811 3185 4855 et
3214 4816 3408 4857 omnes

1840 4887 1932 4956 qui
1964 4902 2086 4940 cum
2114 4902 2179 4941 co
2207 4896 2383 4950 erant,
2416 4899 2473 4942 ut
2504 4889 2667 4943 simul
2704 4891 2961 4959 perirent.

1912 5002 1997 5057 l4.
2040 5004 2192 5057 Tunc
2217 5002 2401 5058 Daniel
2440 5005 2576 5059 dixit
2624 5006 2939 5070 consilium,
2974 5016 3028 5061 et
3059 5012 3403 5076 sententiam,

1840 5108 2002 5162 quam
2028 5094 2278 5160 habebat,
2302 5095 2540 5150 Ariocho
2571 5098 2799 5167 principi
2864 5100 3069 5171 militiae
3121 5101 3281 5169 regis,
3317 5104 3405 5156 cui

1841 5184 2210 5250 mandaverat,
2242 5193 2301 5239 ut
2332 5184 2585 5240 educeret
2616 5187 2885 5255 sophistas
2917 5188 3227 5258 Babylonis.

1914 5297 2000 5351 15.
2044 5297 2109 5351 Ει
2139 5299 2518 5354 sciscitabatur
2542 5302 2607 5354 ab
2637 5317 2702 5355 eo
2726 5302 2932 5359 dicens.
2959 5302 3215 5372 Princeps
3239 5305 3404 5373 regis,

1841 5404 2008 5458 quare
2032 5390 2342 5444 decernitur
2386 5407 2573 5446 severe
2606 5408 2635 5445 a
2674 5393 2838 5463 rege?
2891 5394 3045 5449 Tune
3088 5394 3407 5451 mandatum

1841 5474 2099 5531 indicavit
2128 5477 2404 5534 Ariochus
2438 5476 2667 5533 Dauieli.

1913 5678 1998 5732 16.
2042 5676 2225 5735 Daniel
2260 5687 2439 5736 autem
2486 5679 2769 5752 ingressus
2808 5691 2891 5739 est
2940 5682 3189 5741 celeriter
3218 5685 3286 5741 ad
3320 5701 3408 5744 res
