3848 6218
446 302 590 359 9779

1524 301 2006 361 HEXAPLORUM
2041 300 2206 368 QUIE
2249 302 2684 367 SUI’ERSU‘NT.

3564 306 3704 363 2780

444 432 589 490 gem,
615 427 668 471 et
699 416 929 485 rogavit,
963 425 1017 470 ut
1045 417 1267 471 daretur
1299 416 1403 472 sibi
1454 428 1664 490 tempus
1707 434 1737 473 a
1769 434 1892 490 rege
1918 433 1934 482 ;
1967 430 2007 471 et

2138 415 2236 482 ιέα,
2271 420 2365 471 καὶ
2400 417 2654 489 ἠξίωσεν,
2713 418 2798 471 δια
2831 416 2957 489 δοθῇ
3005 416 3152 487 αὐτῷ
3176 415 3366 488 χρόνος
3410 418 3560 491 παρὰ
3605 421 3704 477 τοῦ

444 508 754 564 ostenderet
774 509 959 563 omnia
992 524 1178 564 coram
1210 524 1356 579 rege.

514 602 604 655 l7.
646 599 801 654 Tunc
823 610 1099 656 revertens
1128 600 1314 656 Daniel
1348 603 1401 657 in
1425 602 1647 657 domum
1677 618 1855 668 suam,
1876 603 2024 658 Ana-

445 694 569 756 nia),
608 701 664 748 et
693 692 923 760 Misacli,
951 704 1005 749 et
1048 695 1257 750 Azaria:
1285 697 1560 752 consociis
1610 697 1885 751 enarravit
1910 715 2026 752 om-

446 785 560 839 nia.

517 876 604 931 18.
648 875 714 932 Ει
764 877 961 934 indixit
1018 879 1329 951 jejunium,
1379 890 1434 937 et
1496 880 1930 953 deprecationem
1969 892 2026 938 et

444 1018 792 1094 aﬂictionem
824 1039 1276 1111 adquazrendum
1318 1059 1347 1097 a
1385 1043 1619 1099 Domino
1654 1045 1929 1101 altissimo
1957 1046 2024 1101 de

442 1131 710 1202 mysterio
737 1133 861 1197 hoc,
888 1144 953 1187 uv
966 1150 1074 1188 non
1106 1135 1450 1191 traderentur
1471 1137 1673 1201 Daniel,
1707 1148 1759 1191 et
1779 1140 1870 1208 qui
1897 1155 2020 1194 eum

444 1238 530 1287 eo,
552 1223 606 1278 in
634 1225 989 1281 perditionem
1019 1227 1184 1283 simul
1213 1244 1338 1283 cum
1380 1230 1640 1300 sophistis
1671 1230 1984 1301 Babylonis.

517 1402 606 1456 l9.
649 1401 805 1457 Tunc
834 1403 1042 1459 Danieli
1102 1406 1154 1459 in
1190 1406 1399 1462 visiOne
1447 1410 1499 1463 in
1539 1410 1651 1480 ipsa
1689 1421 1846 1467 nocte
1903 1429 2022 1484 my.

444 1495 673 1549 stet-inm
730 1498 874 1565 regis
916 1497 1241 1566 pate-fartum
1277 1511 1359 1554 est
1406 1502 1552 1556 clare
1594 1522 1607 1557 :
1668 1513 1797 1558 tunc
1832 1504 2020 1561 Daniel

442 1588 720 1643 benedixit
741 1588 972 1644 Domino
1001 1592 1288 1655 altissimo,
1322 1602 1376 1649 et
1401 1597 1713 1652 exclamans
1742 1597 1911 1652 dixit:

510 1774 601 1828 20.
646 1773 729 1829 Sit
756 1790 952 1829 nomen
982 1775 1194 1831 Domini
1228 1777 1409 1846 magni
1442 1778 1784 1833 benedictum
1826 1779 1878 1833 in
1903 1796 2019 1835 sae-

441 1866 650 1930 culum,
684 1867 812 1937 quia
871 1869 1137 1939 sapientia
1179 1878 1235 1924 et
1282 1870 1684 1941 magniﬁcentia
1710 1871 1830 1942 ejus
1868 1882 2017 1928 sunt.

507 2051 599 2105 21.
641 2050 707 2106 Ει
732 2052 847 2121 ipse
871 2061 1051 2106 mutat
1073 2060 1318 2122 tempora
1341 2062 1394 2107 et
1418 2062 1627 2117 :rlates.
1660 2074 1663 2079 ι
1688 2055 2022 2131 transferens

440 2158 615 2213 reges,
648 2153 699 2198 et
725 2145 1099 2200 constituens:
1128 2145 1265 2198 dans
1313 2147 1648 2214 sapientibus
1675 2148 2020 2218 sapientiam,

438 2245 493 2289 et
521 2236 929 2303 intelligentiam
964 2237 1069 2297 his,
1101 2237 1205 2305 qui
1227 2246 1357 2290 sunt
1381 2238 1434 2291 in
1462 2240 1711 2294 scientia.

509 2325 601 2381 22.
642 2326 910 2381 lievelans
963 2326 1336 2394 prohtnda‘ct
1387 2326 1620 2381 obscura
1655 2368 1670 2391 ,
1715 2338 1769 2383 et
1814 2344 2019 2399 eugno-

440 2432 599 2471 scens
619 2431 740 2485 quze
767 2417 819 2469 in
848 2417 1110 2480 tenebris,
1160 2428 1214 2470 et
1248 2432 1369 2487 quae
1408 2417 1463 2470 in
1496 2416 1699 2473 lumine
1735 2435 1749 2484 ;
1791 2430 1845 2473 ct
1876 2420 2018 2489 apud

440 2510 618 2579 ipsum
647 2518 731 2563 est
764 2508 986 2563 solutio.

507 2599 598 2653 23.
621 2597 763 2665 Tibi,
797 2597 1021 2652 Domine
1039 2606 1252 2668 patrum
1279 2614 1550 2666 meorum,
1575 2600 1865 2659 conﬁteor.
1886 2619 1949 2657 ae
1967 2614 2018 2658 te

440 2691 625 2753 laudo,
648 2691 774 2759 quia
806 2690 1126 2759 sapientiam
1172 2698 1226 2753 et
1263 2690 2012 2760 prudentiam'dedistimihi:

437 2793 494 2837 et
524 2799 667 2838 nunc
695 2783 983 2837 declarasti
1016 2784 1147 2836 mihi
1177 2798 1303 2853 qua:
1321 2784 1504 2853 rogavi
1526 2826 1541 2851 ,
1580 2794 1640 2839 ut
1668 2787 2013 2842 ostenderem

437 2875 551 2944 regi
578 2883 784 2943 postea.

505 2966 600 3020 24.
640 2964 1133 3036 Ιιιςιιεεειιελτιιιιρπι
1166 2964 1351 3019 Daniel
1399 2964 1467 3019 ad
1504 2964 1730 3029 Arioch,
1765 2967 1857 3037 qui
1882 2983 2012 3021 eon-

438 3057 677 3115 Stitutns‘
703 3056 879 3110 {iterat
909 3072 939 3109 a
973 3066 1206 3125 rege,-ut
1234 3056 1554 3110 interﬁceret
1590 3068 1782 3110 omnes
1825 3055 2012 3125 sophi-

2126 506 2412 577 βασιλέως,
2437 511 2533 564 καὶ
2556 511 2770 582 δηλώσῃ
2799 512 2978 563 πάντα
3006 511 3099 563 ἐπὶ
3122 509 3215 562 τοῦ
3246 509 3526 580 βασιλέως.

2201 598 2283 652 l7.
2312 600 2448 653 Τότε
2476 600 2727 653 ἀπελθὼν
2755 600 2953 672 Δανιὴλ
2980 600 3059 663 εἰς
3086 600 3178 652 τὸν
3222 597 3369 654 οἷκον
3402 601 3592 667 αὑτοῦ,
3627 601 3707 672 τῷ

2137 688 2377 761 Ἀνανίᾳ,
2407 693 2500 745 καὶ
2526 691 2767 764 Μισαὴλ,
2797 694 2890 747 καὶ
2942 692 3171 764 Ἀζαρία
3212 696 3325 758 τοῖς
3367 694 3707 766 συνεταίροις

2126 782 2375 848 ὑπέδειξε
2398 786 2596 840 πάντα.

2196 874 2285 961 ίξ.
2331 876 2442 931 Καὶ
2495 879 2835 951 παρήγγειλε
2879 879 3130 951 νηστείαν
3180 881 3273 935 καὶ
3301 881 3487 953 δέησιν
3518 896 3581 938 αι·-
3610 883 3707 936 καὶ

2123 991 2399 1078 τιμωρίαν
2428 1008 2663 1080 ζητῆσαι
2684 1010 2739 1081 /.
2773 1012 2927 1083 παρά
2962 1010 3055 1068 τοῦ
3100 1011 3306 1087 Κυρίου
3349 1014 3444 1068 τοῦ
3479 1013 3705 1083 ὑψίστου

2124 1100 2366 1171 περὶτοῦ
2392 1103 2695 1174 μυστηρίου
2723 1103 2914 1157 τούτου
2934 1142 2953 1170 ,
2995 1106 3146 1169 ὅπως
3189 1105 3263 1177 μὴ
3297 1106 3556 1163 ἐκδοθῶσι
3598 1109 3704 1162 Aa.-

2121 1189 2242 1261 νιὴλ
2267 1191 2363 1244 καὶ
2392 1193 2441 1244 οί
2481 1196 2598 1262 μετ’
2626 1194 2791 1253 αὑτοῦ
2825 1197 2904 1257 εἰς
2931 1195 3208 1251 ἀπώλειαν
3244 1197 3362 1268 ἅμα
3398 1199 3513 1261 τοῖς
3550 1214 3700 1267 σοφι-

2124 1287 2276 1348 σταῖς
2305 1285 2641 1351 Βαϐυλῶνος.

2196 1377 2278 1433 19.
2313 1379 2445 1432 Τότε
2471 1380 2549 1452 τῷ
2581 1381 2782 1453 Δανιὴλ
2824 1384 2881 1436 ὲν
2910 1383 3145 1456 ὁράματι
3179 1384 3235 1436 ὲν
3274 1384 3409 1454 αὐτῇ
3442 1386 3509 1455 τῇ
3550 1385 3705 1440 νυκτὶ

2119 1468 2181 1523 τὸ
2218 1472 2519 1542 μυστήριον
2542 1473 2635 1526 τοῦ
2674 1473 2940 1542 βασιλέως
2972 1474 3239 1546 ὲξεφάνθη
3273 1477 3549 1547 εὐσήμωςο
3583 1488 3704 1531 τότε

2119 1561 2320 1631 Δανιὴλ
2346 1562 2639 1637 εὐλόγησεν
2672 1566 2762 1619 τὸν
2785 1565 2989 1637 Κύριον
3010 1567 3100 1620 τὸν
3136 1566 3378 1635 ὕψιστον,
3411 1570 3506 1622 καὶ
3531 1571 3705 1639 ἐκφω-

2121 1652 2290 1723 νήσας
2318 1649 2474 1707 εἶπεν
2499 1671 2513 1685 ·

2036 1778 2093 1837 Β
2190 1745 2279 1800 20.
2318 1747 2501 1803 Ἔστω
2523 1748 2584 1800 τὸ
2608 1748 2781 1818 ὄνομα
2804 1748 2898 1803 τοῦ
2921 1748 3127 1821 Κυρίου
3157 1748 3250 1803 τοῦ
3278 1749 3517 1821 μεγάλου
3547 1753 3701 1815 εὐλο-

2123 1838 2363 1915 γημένον
2396 1840 2475 1903 είς
2507 1840 2600 1891 τὸν
2639 1840 2832 1907 αίῶνα,
2865 1842 2947 1894 ὅτι
2985 1844 3018 1912 ή
3069 1842 3229 1913 σοφία
3258 1845 3351 1896 καὶ
3379 1845 3412 1915 ἡ
3450 1845 3699 1915 μεγαλω-

2126 1927 2259 1998 σύνη
2279 1912 2462 1987 *αὐτοῦ
2507 1932 2646 1985 ἐστι.

2193 2020 2282 2074 21.
2322 2022 2432 2077 Καὶ
2460 2022 2621 2086 αὐτὸς
2655 2022 2861 2077 ἀλλοιοῖ
2909 2025 3135 2096 καιροὺς
3168 2026 3263 2080 καὶ
3303 2026 3566 2097 χρόνους,
3600 2045 3697 2096 με·

2123 2109 2320 2166 θιστῶν
2348 2112 2605 2184 βασιλεῖς,
2638 2117 2733 2169 καὶ
2759 2116 3051 2182 καθιστῶν,
3078 2117 3251 2183 διδοὺς
3277 2121 3460 2189 σοφοῖς
3482 2120 3697 2189 σοφίαν,

2124 2204 2217 2256 καὶ
2240 2203 2454 2262 σύνεσιν
2486 2210 2598 2269 τοῖς
2628 2208 2685 2260 ἐν
2713 2210 2990 2280 ἐπιστήμῃ
3024 2206 3194 2264 οὖσιν.

2192 2295 2280 2348 22.
2322 2297 2742 2353 ’Λνακαλύπτων
2772 2299 2841 2353 τὰ
2875 2300 3043 2371 βαθέα
3074 2301 3166 2355 καὶ
3191 2301 3460 2367 σκοτεινὰ,
3485 2303 3581 2355 καὶ
3614 2320 3697 2372 γιν

2121 2386 2346 2441 νώσκων
2370 2389 2439 2442 τά
2472 2391 2530 2443 ἐν
2562 2390 2640 2461 τῷ
2679 2392 2890 2459 σκότει,
2932 2394 3025 2448 κα)⁹
3052 2395 3120 2449 τά
3162 2396 3220 2448 ἐν
3264 2395 3340 2466 τῷ
3384 2397 3557 2464 φωτὶ,
3606 2399 3699 2453 καὶ

2121 2480 2251 2549 παρ’
2284 2481 2432 2553 αὐτῷ
2471 2484 2783 2548 κατάλυσις.

2188 2574 2277 2628 95.
2315 2575 2427 2638 Σοὶ,
2469 2576 2641 2647 Κύριε
2670 2577 2777 2631 τῶν
2806 2580 3057 2652 πατέρων
3094 2598 3216 2651 μου,
3248 2581 3694 2653 ἐξομολογοῦμαί,

2120 2666 2214 2718 καὶ
2236 2666 2390 2731 αἰνῶ,
2417 2669 2499 2721 ὅτι
2535 2669 2726 2738 σοφίαν
2761 2672 2855 2725 καὶ
2904 2674 3163 2744 φρόνησιν
3205 2675 3410 2740 ἔδωκάς
3454 2693 3567 2747 μοι,
3605 2677 3697 2729 καὶ

2118 2757 2213 2809 νῦν
2242 2758 2525 2829 ὲσήμᾳνάς
2558 2779 2649 2831 μοι
2678 2762 2777 2816 ὅσα
2810 2764 3036 2834 ἠξίωσα,
3058 2766 3154 2820 τοῦ
3185 2767 3421 2839 δηλῶσαι
3442 2770 3521 2841 τῷ
3544 2769 3697 2839 βασι-

2116 2850 2199 2903 λεῖ
2222 2851 2358 2923 πρὸς
2390 2851 2584 2907 ταῦτα.

2186 2942 2275 2997 ΞΗ.
2313 2943 2581 3002 Εἰσελθὼν
2609 2944 2665 2999 δὲ
2703 2946 2900 3018 Δανιὴλ
2934 2949 3071 3019 πρὸς
3100 2949 3191 3003 τὸν
3254 2951 3451 3023 Ἀριὼχ
3479 2953 3573 3007 τὸν
3596 2972 3697 3009 καφ

2113 3035 2450 3094 τασταθέντα
2477 3036 2581 3091 ὑπὸ
2596 3039 2688 3091 τοῦ
2713 3039 2977 3108 βασιλέως
2994 3042 3313 3100 ἀποκτεῖναι
3334 3045 3544 3110 πάντας
3567 3049 3696 3111 τοὺς

433 3155 549 3203 stas
582 3145 894 3217 Babylonis,
914 3144 1055 3197 dixit
1087 3144 1135 3198 ei
1168 3159 1184 3198 :
1219 3145 1509 3215 Sophistas
1537 3144 1756 3214 quidem
1780 3145 2007 3216 Babylo-

2138 3126 2376 3195 ςοφιστὰς
2404 3128 2503 3199 τῆς
2534 3129 2899 3196 Βαϐυλωνίας,
2932 3128 3085 3191 εἶπεν
3107 3134 3276 3205 αὐτῷ,
3295 3136 3433 3200 Τοὺς
3461 3137 3562 3207 μὲν
3600 3156 3692 3193 σος

328 3216 339 3227 r
433 3239 522 3294 nis
547 3254 617 3292 ne
645 3216 842 3307 perdas
875 3253 888 3292 :
915 3237 1009 3292 sed
1030 3237 1291 3292 introduc
1322 3252 1408 3293 me
1438 3236 1505 3292 ad
1534 3252 1740 3308 regem,
1792 3246 1849 3292 et
1897 3238 2012 3293 sin-

431 3328 556 3399 gula
578 3329 689 3397 regi
721 3327 985 3397 aperiam.

501 3417 593 3472 25.
656 3419 811 3472 Tunc
861 3418 1061 3472 Arioch
1116 3432 1239 3472 cum
1307 3417 1656 3475 festinatione
1710 3418 2012 3477 introduxit

430 3508 710 3565 Danielem
739 3511 806 3565 ad
837 3526 1038 3580 regem,
1068 3519 1123 3565 et
1176 3512 1317 3566 dixit
1364 3512 1412 3567 ei
1440 3529 1454 3565 :
1515 3513 1700 3568 Inveni
1734 3513 2007 3568 hominem

430 3604 729 3672 sapientem
766 3601 833 3656 de
866 3603 1179 3671 captivitate
1222 3604 1460 3659 ﬁliorum
1516 3603 1737 3672 Judaeae,
1765 3607 1857 3677 qui
1900 3607 2010 3677 regi

430 3694 635 3763 aperiet
667 3694 899 3761 singula.

499 3783 590 3837 26.
632 3782 988 3853 Respondcns
1017 3794 1194 3840 autem
1223 3801 1315 3840 rex
1340 3786 1476 3841 dixit
1512 3785 1740 3853 Danieli,
1760 3790 1852 3857 qui
1879 3804 2009 3859 cog.

429 3874 816 3927 nominabatur
854 3874 1146 3931 Chaldaice
1190 3876 1439 3933 Baltasar
1480 3894 1493 3937 ;
1527 3878 1741 3933 Poteris
1768 3880 2008 3935 indicare

428 3964 563 4016 mihi
625 3964 924 4031 visionem,
976 3983 1142 4037 quam
1189 3968 1333 4032 vidi,
1390 3976 1448 4022 et
1502 3958 2005 4039 interpretationem

428 4055 581 4125 ejus?

496 4147 589 4200 27.
630 4145 954 4202 Exclamans
1000 4160 1180 4204 autem
1236 4149 1422 4209 Daniel
1470 4166 1657 4205 coram
1710 4167 1835 4222 rege
1884 4152 1999 4207 ait:

427 4236 689 4309 Mysterii,
725 4241 871 4310 quod
896 4242 1025 4296 vidit
1058 4260 1173 4308 rex,
1203 4260 1310 4297 non
1339 4252 1422 4298 est
1455 4246 1784 4314 sapientum,
1813 4254 1864 4299 rt
1885 4261 2001 4298 nta-

426 4329 727 4397 lclicornm,
756 4342 809 4385 et
839 4333 1259 4399 incantatornm,
1314 4345 1370 4388 et
1411 4350 1805 4405 gazarenorum
1829 4336 2001 4405 expli-

426 4422 591 4474 catio.

495 4515 587 4568 28.
630 4513 733 4570 Sed
759 4525 843 4571 est
870 4516 1013 4573 Deus
1051 4519 1103 4572 in
1131 4518 1271 4573 coelo
1301 4518 1550 4574 revelatis
1584 4519 1863 4590 mysteria,
1903 4518 1998 4588 qui

424 4607 752 4679 signiﬁcavit
803 4610 913 4678 regi
944 4608 1450 4666 Nabuchodonosor
1487 4628 1610 4682 qua:
1647 4621 1862 4682 oportet
1882 4613 1998 4669 ﬁeri

423 4698 480 4755 in
512 4698 824 4754 novissimis
852 4699 1065 4754 diebus.

491 4790 583 4846 29.
621 4789 687 4846 Et
722 4793 816 4860 qui
861 4793 1065 4847 revelat
1118 4792 1416 4864 mysteria,
1456 4792 1699 4850 ostendit
1738 4793 1834 4850 tibi
1874 4809 1999 4865 quae

422 4891 638 4953 oportet
666 4884 801 4938 ﬁeri.

492 4978 583 5031 5U.
622 4975 753 5030 Mihi
787 4990 915 5029 vero
970 4990 1076 5029 non
1115 4984 1338 5046 propter
1393 4977 1734 5047 sapientiam.
1766 4992 1889 5047 qua:
1925 4977 1997 5032 sit

424 5069 480 5123 in
511 5084 599 5124 me
637 5083 802 5137 super
840 5083 1031 5122 omnes
1060 5069 1327 5134 homines,
1364 5069 1680 5138 mysterium
1716 5069 1819 5122 hoc
1846 5083 1998 5138 aper-

423 5170 541 5217 tum
572 5170 676 5225 est,
707 5161 809 5216 sed'
831 5161 1180 5229 explanatum
1212 5169 1295 5214 est
1336 5160 1494 5225 mihi,
1534 5169 1593 5213 ut
1636 5169 1761 5214 nota
1805 5160 1996 5217 ﬁerent

427 5255 561 5322 regi,
592 5268 714 5322 qua:
747 5253 1038 5322 concepisti
1069 5252 1254 5308 animo
1288 5260 1384 5306 tuo
1412 5252 1464 5305 in
1491 5252 1821 5323 cognitione.

492 5433 583 5488 3i.
623 5433 689 5488 Et
724 5443 803 5495 tu,
834 5451 948 5500 rex,
980 5434 1185 5497 vidisti.
1211 5442 1266 5489 et
1290 5449 1416 5489 ecce
1440 5435 1618 5505 imago
1647 5450 1775 5499 una,
1799 5445 1853 5491 et
1877 5446 1995 5493 erat

425 5527 602 5596 imago
636 5528 724 5580 illa
752 5542 941 5595 magna
972 5528 1156 5589 nimis,
1184 5535 1237 5581 et
1262 5537 1514 5595 aspectus
1538 5528 1712 5598 ipsius
1741 5530 1993 5587 sublimis

427 5614 601 5666 stabat
633 5625 821 5669 contra
850 5623 921 5679 te,
951 5626 1004 5669 et
1030 5616 1171 5671 visio
1202 5615 1453 5687 imaginis
1484 5620 1766 5675 terribilis.

2116 3221 2313 3286 φιστάς
2331 3219 2433 3289 τῆς
2462 3221 2808 3288 Βαϐυλωνίας
2833 3224 2909 3297 μὴ
2930 3226 3222 3299 ἀπολέσῃς,
3250 3230 3508 3300 εἰσάγαγε
3537 3233 3598 3286 δέ
3624 3251 3695 3305 με

2117 3310 2252 3382 πρὸς
2278 3312 2369 3366 τὸν
2398 3311 2645 3382 βασιλέα,
2689 3316 2785 3367 καὶ
2820 3317 3027 3371 ἕκαστα
3064 3318 3142 3389 τῷ
3171 3318 3382 3390 βασιλεῖ
3403 3321 3653 3393 δηλώσω.

2183 3404 2274 3460 25.
2300 3405 2433 3458 Τότε
2472 3406 2673 3478 Ἀριὼχ
2700 3410 2841 3463 κατὰ
2873 3410 3110 3482 σπουδὴν
3149 3414 3413 3483 εἰσήγαγε
3445 3417 3540 3468 τὸν
3579 3420 3689 3470 Au-

2114 3495 2231 3567 νιὴλ
2261 3496 2397 3568 πρὸς
2439 3497 2532 3550 τὸν
2564 3497 2810 3568 βασιλέα,
2837 3501 2929 3554 καὶ
2958 3496 3109 3555 εἶπεν
3133 3503 3305 3574 αὐτῷ,
3348 3506 3431 3559 ὅτι
3462 3505 3694 3578 Εὖρηκα

2113 3588 2395 3659 ἄνθρωπον
2424 3589 2587 3658 σοφὸν
2643 3591 2707 3644 ἐκ
2747 3591 2845 3661 τῆς
2874 3593 3249 3663 αἰχμαλωσίας
3284 3596 3391 3649 τῶν
3417 3597 3550 3651 υίῶν
3590 3600 3693 3669 τῆς

2124 3679 2400 3743 Ἰουδαίας,
2425 3679 2484 3743 ὃς
2516 3680 2594 3748 τῷ
2624 3680 2830 3751 βασιλεί
2848 3682 3076 3753 δηλώσει
3105 3685 3329 3739 ἕκαστα.

2179 3771 2269 3826 26.
2315 3774 2662 3846 Ἀποκριθεὶς
2710 3775 2768 3829 δὲ
2818 3776 2848 3827 ὁ
2897 3775 3148 3846 βασιλεὺς
3176 3773 3296 3829 εἷπε
3342 3777 3421 3846 τῷ
3464 3778 3687 3849 Δανιὴλ,

2110 3865 2526 3936 ἐπικαλουμένῳ
2550 3867 2608 3919 δὲ
2637 3867 2935 3924 Χαὶ.δαῖστὶ
2976 3868 3291 3939 Βαλτάωρ·
3332 3871 3551 3943 Δυνήσῃ
3594 3871 3693 3942 δη.

2110 3956 2281 4009 λῶσαί
2308 3973 2401 4028 μοι
2434 3957 2496 4011 τὸ
2525 3959 2707 4030 ὅραμα
2735 3958 2763 4011 ὂ
2786 3954 2946 4027 εἶδον,
2976 3961 3067 4013 καὶ
3094 3959 3192 4031 τὴν
3219 3960 3410 4015 τούτου
3458 3962 3690 4037 σύγκρι-

2113 4067 2197 4107 σιν
2219 4064 2233 4113 ;

2181 4145 2271 4200 27.
2318 4145 2671 4215 Ἑκφωνήσας
2705 4143 2762 4196 δὲ
2803 4144 2833 4197 ό
2879 4143 3074 4221 Δανιὴλ
3124 4144 3217 4198 ἐπὶ
3253 4145 3348 4199 τοῦ
3391 4147 3685 4218 βασιλέως,

2108 4233 2261 4289 εἷπε-
2292 4238 2364 4290 Τὸ
2401 4239 2695 4309 μυστήριον
2728 4238 2755 4290 ὃ
2781 4237 3024 4308 ἑώρακεν
3064 4240 3092 4292 ὁ
3120 4239 3394 4309 βασιλεὺς,
3437 4244 3541 4296 οὐκ
3566 4244 3687 4296 ἔστι

2108 4328 2288 4397 σοφῶν
2312 4328 2405 4381 καὶ
2437 4328 2766 4399 φαρμακῶν,
2793 4330 2887 4382 καὶ
2913 4329 3193 4395 ὲπαοιδῶν,
3231 4332 3324 4385 καὶ
3352 4331 3689 4405 γαζαρηνών

2012 4464 2078 4519 ,D
2107 4418 2140 4490 ἡ
2165 4418 2415 4490 δήλωσις.

2171 4511 2262 4564 28.
2309 4509 2446 4564 Ἀλλ’
2481 4510 2594 4564 ἔστι
2624 4510 2757 4577 Θεὸς
2786 4513 2845 4564 ἐν
2880 4513 3093 4584 οὐρανῷ
3141 4514 3539 4569 ἀνακαλύπτων
3572 4535 3683 4587 μυ-

2104 4605 2323 4675 στήρια,
2364 4603 2423 4665 ὃς
2451 4602 2683 4673 ἐδήλωσε
2733 4604 2811 4674 τῷ
2845 4603 3055 4674 βασιλεί
3104 4605 3601 4679 Ναϐουχοδονόσορ,
3646 4610 3687 4664 ἃ

2098 4695 2180 4748 δεῖ
2209 4694 2461 4762 γενέσθαι
2494 4694 2584 4745 ἐπ’
2610 4694 2852 4764 ἐσχάτων
2891 4695 3001 4748 τῶν
3031 4695 3272 4766 ἡμερῶν.

2167 4787 2253 4839 $9.
2289 4788 2398 4841 Καὶ
2423 4786 2819 4840 ἀνακαλύπτων
2847 4790 3123 4860 μυστήρια
3154 4788 3395 4861 ἐδήλωσὲ
3428 4808 3511 4845 σοι
3541 4792 3688 4848 ἃδεῖ

2096 4878 2370 4950 γενέσθαι.

2168 4971 2257 5027 50.
2294 4970 2476 5048 Κᾲμοὶ
2508 4970 2565 5024 δὲ
2611 4970 2671 5024 οὐ
2718 4969 2870 5042 παρά
2907 4972 3007 5042 τὴν
3041 4973 3253 5043 σοφίαν,
3287 4974 3386 5045 τὴν
3418 4972 3587 5031 οὖσαν
3620 4981 3685 5032 ὲν

2096 5064 2221 5135 ἐμοὶ
2260 5065 2400 5135 ὑπὲρ
2448 5064 2658 5126 πάντας
2707 5066 2834 5127 τοὺς
2885 5064 3226 5136 ἀνθρώπους,
3258 5067 3321 5119 τὸ
3370 5072 3685 5141 μυστήριον

2095 5155 2252 5209 τοῦτο
2286 5154 2575 5226 ὲξεφάνθη,
2606 5155 2720 5208 ἀλλ’
2750 5155 2935 5210 ἕνεκεν
2958 5157 3049 5210 τοῦ
3076 5158 3380 5229 δηλωθῆναι
3412 5162 3491 5233 τῷ
3520 5165 3685 5234 βασι-

2095 5248 2179 5301 λεῖ
2198 5247 2479 5319 ἐσημάνθη
2512 5265 2623 5318 μοι,
2650 5248 2686 5302 ἃ.
2724 5248 2992 5313 ὑπέλαϐες
3019 5252 3084 5323 τῇ
3118 5251 3315 5324 καρδίᾳ
3337 5271 3432 5307 σου
3453 5257 3514 5306 ἐν
3536 5259 3687 5326 γνῶ-

2098 5360 2200 5397 σει.

2166 5437 2253 5491 51.
2282 5435 2389 5488 Καὶ
2407 5435 2491 5499 σὺ,
2526 5432 2767 5505 βασιλεῦ,
2796 5433 3067 5506 ἑώρακας,
3093 5438 3188 5490 καὶ
3219 5437 3328 5491 ἰδοὺ
3353 5439 3526 5494 εἰκὼν
3553 5444 3683 5512 μία,

2060 5532 2064 5534 Ἴ
2095 5530 2190 5582 καὶ
2222 5525 2290 5599 ἦν
2319 5529 2351 5598 ἡ
2377 5525 2540 5580 είκὼν
2562 5525 2740 5597 ἐκείνη
2768 5526 2983 5597 μεγάλη
3031 5528 3254 5599 σφόδρα,
3294 5532 3388 5583 καὶ
3422 5534 3456 5603 ἡ
3509 5538 3687 5604 πρός.

2093 5621 2215 5688 οψις
2246 5618 2418 5689 αὐτῆς
2441 5618 2757 5689 ὑπερφερὴς
2792 5618 3016 5689 ἑστήκει
3049 5621 3290 5675 ἐναντίον
3341 5639 3459 5688 σου,
3508 5630 3609 5689 καὶ

2097 5710 2354 5785 πρόσοψις
2386 5710 2485 5781 τῆς
2517 5710 2722 5774 εἰκόνος
2755 5709 2983 5779 φοϐερά.
