3848 6218
160 324 304 382 2781

1416 320 1665 378 DANIEL
1694 319 1928 377 CAPUT
1963 321 2030 375 Il.

3270 336 3411 390 εἶὃῖ

234 445 328 499 52.
365 444 474 499 Καὶ
499 439 568 516 ἦν
599 440 808 514 κεφαλὴ
838 445 1008 516 αὐτῆς
1057 445 1164 499 ἀπὸ
1204 445 1429 518 χρυσίου
1472 442 1719 516 χρηστοῦ

1913 441 2002 496 52.
2041 441 2108 498 Et
2129 454 2247 500 erat
2275 457 2435 516 caput
2466 451 2588 519 ejus
2617 467 2684 506 ex
2741 468 2879 508 auro
2935 456 3164 526 optimo,
3220 471 3410 529 peetus

156 540 223 591 τὸ
266 537 467 606 στῆθος
494 537 590 590 καὶ
615 539 664 591 οἱ
699 537 977 609 βραχίονες
1008 539 1259 610 ἀργυροῖ,
1291 541 1324 610 ἡ
1359 539 1536 593 κοιλία
1565 539 1658 594 καὶ
1687 540 1737 592 οί

162 631 337 702 μηροὶ
361 631 576 699 χαλκοῖ.

231 683 325 776 Ξῖ).
356 683 438 776 "fi
456 683 702 795 σκέλη
727 724 940 796 σιδηρᾶ,
975 726 1025 778 oi
1057 725 1217 790 πόδες
1253 725 1418 798 μέρος
1451 726 1549 796 μέν
1577 742 1631 779 τι
1656 683 1739 778 σί-

156 817 354 887 δήρου,
388 817 550 888 μέρος
577 817 634 870 δέ
659 835 711 870 τι
741 818 1030 888 ὀστράκου.

229 909 322 963 34.
377 909 659 982 Ἑώρακας
707 910 812 973 ἕως
862 913 984 964 ὅτου
1031 911 1240 982 ἐτμήθη
1280 911 1426 974 λίθος
1471 911 1531 974 ἐξ
1575 911 1735 982 ὅρους

157 999 292 1054 ἄνευ
325 1002 544 1071 χειρῶν,
571 1002 664 1055 καὶ⁵
691 1003 926 1067 ἐπάταξε
958 1004 1054 1075 τὴν
1079 1005 1262 1057 εἰκόνα
1293 1004 1387 1057 ἐπὶ
1415 1005 1542 1067 τοὺς
1571 1003 1736 1066 πόδας

155 1095 289 1156 τοὺς
321 1094 591 1164 σιδηροῦς,
609 1096 703 1148 καὶ
736 1096 1107 1168 ὀστρακίνους,
1130 1097 1225 1150 καὶ
1257 1096 1554 1167 κατήλεσεν
1572 1095 1730 1152 αὑτά.

229 1188 321 1242 55.
343 1189 474 1240 Τότε
498 1183 672 1241 λεπτὰ
691 1188 904 1256 ἐγένετο
924 1188 1038 1259 ἅμα
1062 1190 1090 1242 6
1109 1190 1325 1260 σίδηρος
1343 1191 1436 1242 καὶ
1457 1189 1518 1243 τὸ
1537 1189 1734 1256 ὀστρα-

156 1295 278 1341 κον,
311 1277 406 1332 καὶ
439 1281 468 1331 6
497 1279 717 1349 χαλκὸς,
736 1279 829 1332 καὶ
857 1281 886 1332 ὀ
930 1281 1200 1352 ἄργυρος,
1235 1282 1330 1334 καὶ
1369 1282 1429 1335 τὸ
1477 1283 1728 1352 χρυσίον·

156 1370 252 1423 καὶ
282 1370 497 1437 ἐγένετο
524 1369 658 1422 ὡσεὶ
689 1370 1012 1444 λεπτότερον
1056 1371 1261 1443 ἁχῦρου
1301 1374 1359 1425 ἐν
1393 1373 1557 1427 ἆλωνι
1581 1391 1595 1406 ο
1637 1375 1732 1428 καὶ

155 1463 445 1534 ἐρρίπισεν
479 1463 620 1516 αὐτὰ
646 1465 673 1516 6
694 1465 914 1534 ἄνεμος,
939 1463 1079 1517 ὥστε
1111 1465 1276 1536 μηδὲν
1305 1465 1731 1538 καταλειφθῆναι

155 1554 218 1620 ἐξ
255 1555 458 1618 αὐτῶν,
493 1556 586 1608 καὶ
618 1556 645 1608 6
682 1554 827 1619 λίθος
848 1557 876 1608 ὁ
897 1555 1144 1622 πατάξας
1172 1557 1268 1628 τὴν
1303 1558 1488 1612 εἰκόνα
1517 1559 1733 1628 ἐγένετο

153 1647 281 1718 ὅρος
309 1647 474 1717 μέγα,
494 1646 587 1701 καὶ¹
607 1647 841 1713 ἐπάταξε
876 1649 1054 1701 πᾶσαν
1081 1648 1180 1719 τὴν
1218 1649 1342 1719 γῆν.

227 1737 319 1790 56.
352 1737 525 1789 Τοῦτο
560 1737 621 1789 τὸ
666 1737 868 1808 ὅραμα,
900 1736 996 1791 καὶ
1043 1737 1140 1808 τὴν
1179 1738 1361 1809 κρίσιν
1409 1737 1465 1790 δέ
1497 1738 1728 1810 ἐροῦμεν

154 1828 249 1880 ἐπὶ
277 1828 372 1881 τοῦ
409 1827 692 1898 βασιλέως.

225 1920 315 1973 57.
349 1919 442 1985 Σὺ,
475 1917 716 1988 βασιλεῦ,
747 1918 997 1989 βασιλεὺς
1025 1917 1308 1989 βασιλέων,
1338 1920 1432 1973 καὶ
1462 1920 1543 1974 σοί
1565 1921 1594 1972 6
1614 1920 1728 1974 Κύο

156 2027 273 2082 ριος
292 2011 386 2065 τοῦ
411 2011 641 2082 οὐρανοῦ
683 2011 781 2083 τὴν
809 2011 1001 2082 ἀρχὴν,
1034 2012 1129 2065 καὶ
1161 2013 1259 2083 τὴν
1290 2013 1584 2081 βασιλείαν,
1633 2016 1728 2068 καὶ

153 2103 252 2174 τὴν
279 2104 454 2173 ἰσχὺν,
507 2104 598 2157 καὶ
623 2104 722 2173 τὴν
761 2106 945 2175 τιμὴν,
978 2103 1074 2157 καὶ
1104 2104 1201 2176 τὴν
1237 2104 1393 2170 δόξαν
1426 2105 1626 2160 ἔδωκεν
1669 2110 1726 2160 ἐν

155 2194 308 2266 πάσῃ
343 2196 412 2264 τῇ
438 2195 755 2265 οἰκουμένῃ.

223 2285 314 2338 58.
359 2285 491 2338 ’Δπὸ
514 2285 836 2357 ἀνθρώπων,
859 2286 954 2339 καὶ
979 2287 1183 2359 θηρίων
1216 2289 1424 2359 ἀγρίων
1443 2333 1458 2354 ,
1504 2291 1599 2346 καὶ
1630 2307 1726 2344 πε-

152 2376 345 2429 τεινῶν
365 2375 596 2448 οὐρανοῦ
620 2390 682 2432 σιν
711 2377 805 2431 καὶ
826 2378 936 2432 τῶν
953 2391 1011 2433 +
1035 2378 1229 2449 ίχθῦων
1251 2381 1350 2450 τῆς
1381 2381 1653 2450 θαλάσσης
1664 2384 1720 2452 /.

159 2467 468 2538 παρέδωκεν
493 2467 596 2520 ὑπὸ
618 2467 712 2532 τὰς
731 2470 919 2541 χεῖράς
953 2487 1047 2523 σου
1076 2469 1346 2542 κυριεύειν
1371 2474 1587 2528 πάντων
1607 2490 1619 2502 ·
1658 2476 1723 2526 σὺ

155 2554 203 2610 εἰ
225 2560 260 2628 ὴ
294 2557 503 2630 κεφαλὴ
527 2561 561 2630 ἡ
590 2560 788 2630 χρυσῆ.

222 2649 313 2704 39.
343 2649 455 2702 Καὶ
512 2651 650 2721 μετὰ
691 2651 748 2704 σὲ
781 2653 1144 2724 ἀναστήσεται
1187 2653 1436 2725 βασιλεία
1485 2657 1724 2712 ἐλάττων

156 2757 273 2803 σου,
332 2742 428 2795 καὶ
473 2743 630 2815 τρίτη
664 2743 912 2814 βασιλεία
957 2745 1091 2818 άλλη
1134 2746 1344 2819 χαλκῆ,
1376 2749 1412 2820 ἢ
1448 2750 1722 2822 κυριεύσει

153 2851 460 2961 παὲἒ.ς1ἔὲξ
483 2853 726 2975 ἔὲξίλεία
740 2907 973 2978 τετάρτη
1001 2909 1195 2981 ἰσχυρὰ
1213 2910 1369 2980 Χὼς
1393 2913 1421 2966 ὁ
1443 2912 1716 2987 σίδηροςβο

151 2994 340 3068 ὥσπερ
359 3000 388 3052 6
417 2999 634 3069 σίδηρος
668 3000 696 3052 ὀ
725 2999 983 3070 δαμάζων
1020 3002 1218 3068 πάντα,
1252 3004 1349 3058 καὶ
1381 3006 1449 3075 Χ
1470 3007 1544 3070 ὡς
1581 3008 1610 3060 6
1640 3009 1722 3062 σί-

149 3091 312 3163 δηρος
330 3093 439 3148 πᾶν
469 3093 682 3165 δένδρον
707 3094 988 3148 ἐκκόπτων
1007 3109 1021 3124 ·
1053 3098 1148 3150 καὶ
1193 3096 1540 3169 σεισθήσεται
1572 3102 1718 3155 πᾶσα

150 3185 186 3240 ἡ
208 3186 302 3240 γῆ.

171 3202 185 3231 τι
288 3225 302 3240 .

171 3202 309 3328 ⁸
339 3274 448 3328 Καὶ
468 3274 543 3339 ὡς
565 3273 814 3346 ἑώρακας
841 3275 964 3337 τοὺς
997 3276 1163 3341 πόδας
1191 3279 1359 3350 αὐτῆς
1392 3283 1461 3349 >κ
1481 3283 1723 3348 καὶτοὺς

149 3366 468 3431 δακτύλους,
503 3368 669 3439 μέρος
697 3369 796 3438 μέν
819 3387 872 3422 τι
891 3369 1158 3441 ὀστράκου
1202 3373 1526 3442 κεραμικοῦ,
1557 3375 1722 3445 μέρος

147 3457 206 3513 δέ
231 3477 283 3513 τι
304 3455 560 3531 σιδήρου,
589 3459 838 3530 βασιλεία
857 3460 990 3531 άλλη
1017 3461 1246 3533 διμερὴς
1278 3463 1431 3518 ἐσται
1471 3466 1529 3518 ἐν
1557 3466 1718 3537 αὐτῇ,

149 3551 402 3622 καθάπερ
439 3548 575 3616 εἶδες
624 3552 716 3606 τὸν
761 3553 979 3623 σίδηρον
1015 3555 1462 3626 ἀναμεμιγμένον
1492 3558 1610 3628 ἅμα
1641 3558 1721 3631 τῷ

149 3644 354 3716 πηλίνῳ
381 3644 656 3715 ὀστράκῳ.

216 3761 305 3815 Ω.
341 3759 448 3813 Καὶ
476 3761 525 3812 οἰ
547 3758 800 3814 δάκτυλοι
828 3759 936 3813 τῶν
966 3761 1145 3815 ποδῶν
1177 3763 1340 3835 μέρος
1368 3765 1468 3835 μέν
1493 3783 1545 3820 τι
1571 3768 1719 3839 σιδη-

147 3850 298 3924 ροῦν,
333 3852 497 3921 μέρος
520 3851 578 3904 δέ
603 3868 658 3905 τι
679 3851 996 3923 ὀστράκινον
1017 3870 1030 3883 ·
1068 3855 1232 3925 μέρος
1255 3855 1312 3908 δέ
1359 3873 1412 3909 τι
1437 3857 1537 3928 τῆς
1567 3858 1720 3929 βασιά

142 3944 293 4008 λείας
315 3945 465 3997 ἐσται
498 3945 738 4016 ἰσχυρὸν,
761 3946 854 4000 καὶ
878 3946 1043 4017 μέρος
1066 3964 1120 4000 τι
1150 3947 1300 4002 ἐσται
1327 3953 1719 4023 συντετριμμέ-

141 4056 254 4093 νον.

216 4153 302 4207 45.
339 4151 447 4204 Καὶ
472 4151 546 4215 ὡς
575 4145 713 4215 εἶδες
737 4151 828 4205 τὸν
855 4152 1068 4223 σίδηρον
1114 4155 1557 4228 ἀναμεμιγμένον
1600 4159 1717 4230 ἅμα

145 4243 228 4313 τῷ
257 4243 466 4315 πηλίνῳ
494 4245 780 4314 ὀστράκῳ,
819 4248 1110 4316 συμμιγεῖς
1140 4247 1350 4301 ἔσονται
1384 4251 1462 4313 εἰς
1505 4250 1716 4318 γένεσιν

143 4333 472 4406 ἀνθρώπων,
495 4335 594 4386 οὐκ
617 4334 828 4387 ἔσονται
853 4336 907 4388 δὲ
928 4337 1292 4406 ὁμονοοῦντες,
1319 4339 1443 4392 οὔτε
1470 4341 1716 4394 εὐνοοῦν-

1837 543 1892 587 et
1919 533 2136 590 brachia
2165 549 2442 608 argentea,
2478 554 2666 599 venter
2696 555 2750 601 et
2779 545 2985 604 femora
3009 565 3170 607 area.

1906 717 1998 774 3'5.
2037 717 2210 776 Crura
2264 731 2445 780 autem
2503 726 2678 785 ferrea
2708 770 2724 797 ,
2759 730 2925 801 pedes
2979 747 3110 805 pars
3159 738 3406 808 quaedam

1837 806 1990 877 ferri,
2024 826 2150 880 pars
2189 824 2369 870 autem
2406 826 2596 874 testae.

1905 902 1993 956 '54.
2028 902 2218 960 Vidisti
2246 910 2601 978 quoadusque
2617 912 2824 968 scissus
2838 923 2924 970 est
2953 915 3091 986 lapis
3128 918 3194 973 de
3223 933 3407 977 monte

1836 992 1954 1048 sine
1995 996 2286 1053 manibus:
2319 1007 2373 1054 et
2403 1003 2673 1070 percussit
2706 1005 2995 1075 imaginem
3020 1025 3186 1079 super
3239 1013 3404 1081 pedes

1837 1085 2067 1149 ferreos,
2108 1097 2162 1142 et
2194 1099 2481 1156 testaceos,
2504 1105 2558 1147 et
2578 1095 2868 1153 demolitus
2900 1112 2982 1154 est
3009 1117 3093 1155 ea.

1907 1177 1995 1230 55.
2017 1177 2171 1234 Tunc
2191 1184 2526 1238 comminuta
2561 1195 2689 1240 sunt
2719 1189 2882 1242 simul
2915 1190 3141 1258 ferrum,
3173 1202 3226 1248 et
3244 1205 3403 1260 testa,

1834 1278 1890 1322 et
1924 1284 2021 1333 ωε,
2049 1280 2104 1325 et
2131 1282 2435 1343 argentum,
2467 1286 2521 1330 et
2551 1293 2767 1345 aurum,
2796 1291 2850 1336 et
2885 1285 3024 1338 facta
3071 1297 3199 1341 sunt
3247 1292 3403 1358 quasi

1835 1359 2100 1416 minutius
2147 1365 2311 1432 paleae
2359 1367 2410 1420 in
2451 1383 2610 1434 area,
2669 1380 2724 1425 et
2767 1372 3022 1441 dispersit
3074 1393 3138 1431 ea
3189 1391 3400 1440 ventus.

1832 1450 1908 1505 ita
1960 1460 2019 1506 ut
2068 1455 2202 1509 nihil
2224 1457 2469 1513 relictum
2511 1463 2584 1516 sit
2618 1477 2683 1517 ex
2711 1465 2792 1520 eis
2825 1485 2840 1522 :
2880 1477 2932 1521 et
2972 1469 3107 1538 lapis
3140 1471 3234 1539 qui
3289 1489 3405 1541 per-

1833 1555 2078 1600 cusserat
2132 1547 2441 1619 imaginem,
2501 1552 2675 1610 factus
2715 1566 2799 1612 est
2844 1575 3001 1615 mons
3055 1576 3301 1633 magnus,
3350 1576 3403 1619 et

1829 1639 2101 1704 percussit
2131 1641 2442 1697 universam
2481 1653 2682 1703 terram

1901 1727 1989 1785 '56.
2024 1729 2149 1784 Haec
2204 1743 2288 1787 est
2312 1735 2615 1794 visio:sed
2676 1740 2842 1796 etiam
2899 1744 3397 1818 interpretationem

1834 1816 2077 1874 dicemus
2107 1837 2290 1877 coram
2335 1842 2479 1896 rege.

1903 1910 1990 1965 57.
2029 1912 2131 1979 Τυ,
2169 1929 2338 1983 orex,
2385 1935 2479 1974 rex
2534 1937 2720 1992 regum
2759 1941 2856 1982 es:
2897 1939 2952 1984 et
2991 1932 3084 1986 tibi
3137 1932 3400 1991 Dominus

1832 2004 1954 2058 (δαειί
1994 2007 2375 2077 principatum,
2425 2021 2480 2067 et
2521 2020 2769 2085 regnum,
2809 2031 2863 2074 et
2913 2024 3304 2091 fortitudinem.
3347 2042 3400 2084 et

1833 2094 2115 2158 honorem,
2155 2107 2209 2154 et
2259 2101 2485 2172 gloriam
2521 2105 2668 2162 dedit
2715 2109 2766 2164 in
2817 2114 3073 2171 universo
3133 2127 3396 2176 terrarum

1831 2186 1983 2241 orbe;

1901 2275 1990 2331 58.
2027 2275 2304 2346 Homines,
2343 2291 2398 2336 et
2435 2283 2636 2342 bestias
2683 2287 2845 2356 feras,
2868 2305 2920 2349 et
2954 2298 3201 2358 volucres
3250 2307 3396 2369 cadi,

1830 2373 1884 2419 et
1911 2369 2087 2436 pisces
2117 2373 2281 2428 maris
2321 2376 2539 2432 tradidit
2581 2381 2684 2434 sub
2737 2399 2929 2443 manus
2964 2398 3106 2457 tuas,
3142 2405 3201 2450 ut
3223 2397 3399 2453 domi-

1831 2459 1979 2514 neris
1997 2462 2242 2518 omnium
2273 2483 2287 2520 :
2319 2475 2376 2521 tu
2404 2482 2464 2522 es
2499 2480 2662 2537 caput
2691 2489 2936 2532 aureum.

1898 2643 1986 2700 39.
2022 2644 2087 2701 Et
2123 2658 2246 2718 post
2277 2657 2327 2706 te
2353 2665 2647 2725 consurget
2692 2672 2916 2730 regnum
2969 2668 3150 2724 minus
3175 2680 3267 2728 tuo
3295 2692 3310 2730 :
3343 2687 3399 2731 et

1832 2737 2050 2793 tertium
2074 2755 2296 2812 regnum
2327 2745 2473 2799 aliud
2515 2762 2737 2817 aereum,
2777 2757 2922 2824 quod
2953 2758 3238 2831 imperabit
3269 2767 3395 2822 uni-

1827 2843 1999 2884 VCI‘SiB
2021 2839 2178 2888 lﬂ‘l‘iﬂ

1895 2941 1987 2999 40.
2027 2945 2094 3000 Ει
2140 2962 2364 3018 regnum
2412 2964 2665 3022 quartum
2697 2957 2835 3015 forte
2881 2973 2939 3018 ut
2994 2965 3218 3034 ferrum,
3255 2973 3398 3028 sicut

1827 3033 2032 3092 ferrum
2094 3040 2322 3099 domans
2372 3047 2576 3114 omnia,
2629 3060 2683 3103 et
2747 3052 2889 3108 sicut
2937 3056 3135 3112 ferrum
3177 3078 3392 3119 onmem

1748 3138 1796 3202 ο
1826 3127 2074 3184 arborem
2097 3133 2390 3204 excideris;
2417 3147 2472 3192 et
2501 3138 2810 3197 turbabitur
2828 3146 3081 3203 universa
3121 3157 3287 3208 terra.

1890 3311 2072 3366 «il.Et
2109 3323 2170 3368 ut
2219 3316 2400 3372 vidisti
2458 3320 2620 3390 pedes
2671 3323 2790 3392 ejus
2820 3335 2875 3380 et
2899 3326 3118 3398 digitos,
3180 3342 3387 3400 partem

1821 3403 2038 3470 quidem
2075 3406 2314 3477 aliquam
2353 3420 2503 3467 testa:
2527 3414 2728 3480 ﬁctilis,
2765 3424 2972 3486 partem
3001 3435 3128 3474 vero
3151 3422 3388 3493 aliquam

1821 3493 1983 3563 ferri;
2051 3513 2276 3569 regnum
2343 3503 2491 3558 aliud
2553 3505 2790 3561 divisum
2840 3510 2938 3564 erit
2967 3509 3022 3564 in
3055 3512 3193 3581 ipso,
3229 3529 3389 3586 prout

1819 3585 2004 3643 vidisti
2042 3587 2248 3646 ferrum
2289 3595 2590 3651 admixtum
2615 3597 2780 3654 simul
2811 3599 2969 3657 lutea:
3009 3610 3190 3662 testae.

1890 3794 1980 3850 42.
2014 3796 2080 3852 Et
2107 3798 2258 3870 digiti
2296 3802 2494 3872 pedum
2534 3819 2661 3874 pars
2707 3807 2926 3878 quidem
2981 3811 3162 3884 aliqua
3190 3813 3385 3877 ferrea.

1818 3899 1946 3954 pars
1977 3903 2105 3942 vero
2165 3891 2344 3960 aliqua
2376 3903 2544 3948 testea
2581 3913 2596 3949 :
2639 3913 2764 3966 pars
2787 3901 3035 3968 quaedam
3083 3907 3234 3976 regni
3285 3910 3390 3963 erit

1819 3977 1995 4046 fortis,
2021 3991 2074 4036 et
2093 3997 2221 4051 pars
2252 3985 2498 4053 quaedam
2518 3987 2622 4042 erit
2649 3992 2902 4045 contrita.

1887 4166 1974 4220 43.
2016 4166 2081 4222 Et
2119 4169 2263 4224 sicut
2332 4173 2512 4229 vidisti
2579 4173 2779 4230 ferrum
2855 4179 3156 4233 admixtum
3222 4183 3383 4237 simul

1816 4256 1975 4312 luteae
2011 4269 2179 4326 testae,
2215 4268 2494 4322 commiin
2547 4281 2704 4324 erunt
2733 4270 2785 4324 in
2832 4273 3181 4340 generatione
3210 4274 3387 4330 humi-

1817 4363 1967 4415 nnm,
1998 4352 2091 4406 sed
2119 4369 2225 4407 nun
2256 4367 2418 4411 erunt
2463 4362 2883 4425 consentientes,
2937 4355 3110 4432 neque
3155 4366 3384 4421 invicem

133 4442 229 4489 τες
264 4425 537 4496 ἀλλήλοις,
563 4426 752 4497 ὥσπερ
781 4427 904 4480 οῦδέ
928 4429 956 4480 ὀ
981 4429 1196 4500 σίδηρος
1218 4429 1439 4483 δύναται
1469 4448 1712 4504 συγκρα-

1849 4443 2219 4513 (invenientes,
2275 4449 2416 4504 sicut
2463 4467 2639 4522 neque
2687 4453 2893 4509 ferrum
2952 4466 3130 4526 potest
3157 4462 3388 4516 commi-

135 4518 298 4589 θῆναι
320 4516 400 4588 τῷ
425 4518 697 4589 ὀστράκῳ.

207 4634 296 4690 μ.
322 4634 433 4688 Καὶ
457 4634 516 4686 ἐν
532 4635 659 4697 ’τοῖς
682 4632 892 4705 χρόνοις
924 4634 1031 4687 τῶν
1057 4634 1320 4703 βασιλέων
1346 4636 1550 4690 τούτων
1580 4651 1709 4709 στη-

136 4728 266 4779 σειό
292 4725 422 4789 Θεὸς
445 4724 539 4778 τοῦ
561 4724 793 4795 οὐρανοῦ
825 4726 1103 4796 βασιλείαν
1133 4726 1332 4797 ἄλλην,
1368 4728 1402 4797 ἦ
1433 4746 1514 4787 τις
1554 4729 1708 4784 ἔσται

133 4821 216 4882 εἰς
244 4819 371 4880 τοὺς
393 4817 613 4880 αἰῶνας,
650 4818 743 4870 καὶ
767 4818 826 4870 οὐ
858 4817 1216 4889 φθαρήσεται,
1249 4819 1342 4871 καὶ
1365 4819 1502 4888 αὕτη
1541 4822 1574 4892 ή
1610 4823 1707 4892 βα-

137 4911 312 4966 σιλεία
341 4911 467 4965 ἄλλο
503 4911 653 4973 ἔθνος
670 4911 731 4963 οῦ
759 4910 833 4980 μὴ
868 4911 1022 4981 ἐάσῃ,
1056 4911 1284 4977 πατάξει
1310 4912 1366 4965 δὲ
1396 4915 1491 4966 καὶ
1513 4914 1706 4983 ἀφανί-

135 5019 220 5054 σει
256 5001 355 5064 τὰς
385 4999 661 5070 βασιλείας
686 4999 906 5065 ταύτας,
935 5001 1026 5052 καὶ
1055 5000 1192 5071 αὑτὴ
1223 5002 1476 5071 στήσεται
1512 5006 1589 5067 εἰς
1612 5005 1703 5058 τὸν

131 5094 324 5149 αἰῶνα.

203 5184 296 5239 45.
327 5182 591 5254 Καθάπερ
621 5181 870 5255 ἑώρακας
919 5182 980 5248 ἐξ
1031 5183 1190 5253 ὅρους
1239 5185 1513 5257 τμηθῆναι
1555 5187 1702 5241 λίθον

129 5277 260 5331 ἄνευ
283 5275 504 5346 χειρῶν,
544 5275 638 5328 καὶ
668 5275 983 5344 συνηλοίησε
1004 5274 1064 5327 τὸ
1095 5275 1357 5347 ὄστρακον
1377 5316 1393 5341 ,
1425 5278 1514 5330 τὸν
1555 5279 1702 5350 σίδη-

131 5384 248 5439 ρον,
277 5368 369 5419 καὶ
393 5366 484 5419 τὸν
516 5365 737 5437 χαλκὸν,
766 5366 860 5420 καὶ
899 5368 989 5419 τὸν
1027 5366 1285 5438 ἄργυρον,
1327 5369 1532 5423 καὶτὸν
1565 5387 1696 5440 χρυ-

131 5458 226 5512 σόν
244 5474 259 5489 ·
285 5461 314 5513 6
338 5459 468 5522 Θεὸς
500 5462 528 5512 ὁ
563 5459 735 5530 μέγας
755 5461 994 5530 ἐσήμανε
1028 5459 1102 5530 τῷ
1133 5461 1341 5531 βασιλεῖ
1370 5462 1437 5516 τὰ
1467 5464 1698 5534 ἐσόμενα

126 5550 216 5604 ἐπ’
243 5551 487 5620 ἐσχάτων
513 5551 622 5603 τῶν
647 5550 870 5621 ἡμερῶν
894 5569 907 5582 ·
931 5552 1023 5603 καὶ
1049 5553 1273 5624 ἀκριϐὲς
1301 5553 1360 5606 τὸ
1376 5555 1576 5625 ὅραμα,
1604 5556 1699 5608 καὶ

129 5642 297 5712 πιστὴ
319 5643 352 5712 ἡ
373 5641 563 5694 τούτου
589 5643 788 5711 κρίσις.

196 5734 288 5790 46.
322 5734 454 5789 Τότε
507 5733 972 5805 Ναϐουχοδονόσορ
1017 5737 1045 5787 ὁ
1092 5735 1340 5806 βασιλεὺς
1389 5737 1567 5793 πεσὼν
1602 5739 1692 5792 ἐπὶ

457 5829 721 5890 Ριτιιοι..
775 5830 889 5891 Gn.
955 5828 1124 5890 XVI.

1815 4535 1954 4588 sceri
1985 4544 2154 4590 testa‘.

1879 4645 1969 4698 Διί.
2033 4645 2100 4701 Ει
2143 4648 2584 4720 in'temporibus
2638 4671 2824 4723 regum
2889 4657 3116 4712 istorum
3185 4669 3388 4716 statuet

1811 4734 1952 4790 Dens
1979 4738 2101 4790 caeli
2131 4754 2355 4808 regnum
2389 4744 2558 4808 aliud,
2580 4748 2723 4813 quod
2749 4747 2850 4801 erit
2878 4749 2930 4802 in
2957 4753 3173 4813 szecula,
3202 4762 3255 4808 et
3280 4770 3384 4807 nun

1808 4828 2188 4898 dissipabitur,
2230 4835 2411 4888 ethoc
2436 4851 2657 4905 regnum
2701 4839 2861 4892 aliam
2890 4852 3101 4909 gentem
3142 4861 3246 4896 non
3293 4861 3389 4916 pa-

1809 4922 2010 4975 tietur:
2049 4924 2317 4989 percutiet
2350 4937 2551 4993 autem,
2587 4938 2641 4982 et
2662 4929 2924 4986 desolabit
2959 4949 3119 5002 regna
3147 4934 3282 5001 haec,
3334 4946 3389 4991 et

1811 5011 1988 5080 ipsum
2017 5015 2185 5068 stabit
2217 5015 2269 5069 in
2303 5028 2589 5072 aternum.

1876 5197 1970 5251 65.
2003 5197 2476 5264 Quemadmodum
2527 5203 2707 5256 vidisti
2767 5205 2834 5258 de
2901 5219 3086 5262 monte
3153 5210 3385 5265 scissum

1802 5288 2034 5359 lapidem
2091 5292 2210 5345 sine
2265 5292 2537 5358 manibus,
2560 5305 2613 5348 et
2641 5296 2966 5352 comminuit
3009 5308 3227 5368 testam,
3281 5301 3387 5355 fer-

1801 5399 1944 5444 rum,
1975 5393 2029 5436 et
2066 5399 2160 5450 res,
2202 5392 2258 5438 et
2286 5394 2592 5456 argentum,
2623 5396 2676 5440 et
2715 5405 2908 5443 aurum
2937 5408 2952 5455 ;
2979 5389 3122 5445 Deus
3151 5408 3379 5461 magnus

1802 5475 2135 5546 signiﬁcavit
2168 5477 2279 5546 regi
2309 5493 2431 5546 qua:
2469 5477 2649 5532 futura
2681 5488 2808 5534 sunt
2835 5481 2886 5533 in
2912 5481 3228 5539 novissimis
3258 5485 3379 5540 die-

1803 5563 1906 5618 bus
1967 5581 1981 5616 :
2040 5575 2094 5618 et
2127 5575 2274 5618 certa
2313 5575 2396 5620 cst
2434 5566 2594 5631 visio,
2649 5577 2702 5621 et
2727 5568 2897 5623 ﬁdelis
2930 5571 3091 5641 hujus
3119 5574 3388 5647 interpre-

1804 5652 1958 5707 latio.

1867 5739 1955 5796 46.
1983 5740 2134 5798 Tunc
2177 5743 2688 5803 Nabuchodonosor
2727 5765 2820 5805 rex
2856 5750 3058 5808 cadens
3093 5754 3148 5809 in
3189 5754 3382 5813 faciem

3007 5845 3079 5904 88
