3848 6218
401 310 543 366 2785

1445 290 1919 348 llEXAPLORUM
1950 284 2122 354 QUAS
2161 235 2598 342 SlJPERSUNT.

3510 263 3655 318 2784

398 426 577 493 humi,
619 419 868 480 adoravit
905 417 1201 483 Danielern,
1226 425 1281 469 et
1309 411 1584 483 praecepit,
1610 419 1671 463 ut
1711 406 1976 462 sacriticia

2129 399 2373 470 ρόσωπον
2407 395 2603 465 χαμαὶ,
2639 387 3011 462 προσεκύνησε
3055 382 3133 455 τῷ
3177 380 3397 453 Δανιὴλ,
3431 377 3526 432 καὶ
3565 380 3656 430 ἐπ·

395 532 451 578 et
484 518 745 577 libamina
775 514 1017 569 facerent
1055 511 1128 566 ei.

469 612 558 665 47.
593 609 659 664 Et
685 607 999 663 exclamans
1029 617 1123 657 rex
1175 599 1244 655 ad
1298 597 1577 653 Danielem
1622 593 1800 649 dixit:
1838 589 1976 644 Vere

391 713 482 776 est
503 703 644 758 Deus
683 708 862 756 vester
908 696 1053 752 Deus
1086 694 1336 756 deorum,
1364 698 1419 745 et
1457 688 1719 744 Dominus
1761 698 1974 754 regum,

398 796 492 866 qui
534 791 792 865 patelacit
840 786 1099 860 mysteria
1155 780 1477 838 abscondita
1515 778 1689 845 solus,
1728 776 1857 848 quia
1881 790 1976 845 po-

399 889 553 945 tuisti
585 884 937 941 manifestare
958 875 1280 950 mysterium
1319 874 1444 930 hoc.

457 980 562 1034 48.
605 976 760 1030 Tunc
784 990 880 1028 rex
907 968 1412 1026 Nabuchodonosor
1433 961 1712 1018 Danielem
1728 955 1980 1029 magniﬁ-

399 1087 552 1133 cans,
571 1081 625 1126 et
649 1065 952 1124 dans-dona
976 1077 1170 1132 magna
1211 1069 1265 1116 et
1292 1057 1486 1122 multa,
1503 1052 1788 1111 constituit
1812 1063 1980 1120 super

402 1160 620 1229 negotia
660 1153 973 1226 Babylonis,
997 1160 1051 1205 et
1078 1147 1372 1204 declaravit
1427 1159 1552 1199 eum
1584 1140 1886 1212 principem
1925 1145 1981 1192 et

402 1255 597 1308 ducem
630 1250 876 1306 omnium
910 1243 1281 1316 sophistarum
1315 1235 1626 1307 Babylonis.

473 1435 564 1490 49.
596 1433 662 1488 Et
691 1428 879 1485 Daniel
931 1424 1144 1496 rogavit
1188 1436 1395 1493 regem,
1435 1428 1496 1474 ut
1517 1415 1981 1473 constituerentur

406 1543 573 1599 super
624 1523 840 1595 negotia
896 1517 1189 1590 Babylonis
1228 1513 1496 1578 Sedrach,
1545 1509 1772 1576 Misach,
1811 1506 1982 1562 Abde-

409 1633 550 1689 nago
580 1635 593 1672 :
623 1625 676 1671 et
709 1612 896 1669 Daniel
933 1619 1052 1669 erat
1081 1610 1135 1664 in
1170 1607 1317 1678 regia
1339 1605 1483 1661 aula.

1007 1839 1233 1900 CAPUT
1274 1838 1368 1894 Ill.

482 1971 536 2028 1.
573 1969 731 2022 Anno
767 1962 1140 2020 decimoctavo
1192 1951 1700 2010 Nabuchodonosor
1747 1964 1842 2005 rex
1883 1964 1982 2020 gu-

411 2062 652 2117 bernans
699 2057 980 2118 civitates,
1038 2059 1093 2106 et
1157 2047 1431 2119 regiones,
1488 2053 1545 2101 et
1602 2057 1794 2098 omnes
1832 2039 1987 2095 babi-

415 2163 594 2211 tantes
624 2165 785 2221 super
808 2158 1007 2203 terram
1037 2144 1104 2198 ab
1138 2141 1318 2196 lndica
1354 2153 1528 2209 usque
1560 2137 1627 2191 ad
1650 2134 1987 2203 Ethiopiam

415 2247 542 2303 fecit
575 2244 867 2312 imaginem
923 2253 1145 2294 auream
1183 2253 1196 2290 :
1241 2233 1468 2288 altitudo
1513 2230 1633 2300 ejus
1679 2228 1990 2283 cubitorum

416 2356 512 2396 sex
549 2358 562 2393 :
604 2346 656 2392 et
691 2335 879 2392 statuit
917 2348 1037 2388 eam
1069 2331 1125 2384 in
1153 2340 1345 2396 campo
1375 2323 1566 2378 vivarii
1623 2319 1861 2391 regionis
1889 2317 1993 2371 Ba-

417 2431 654 2502 bylonis.

489 2571 544 2625 2.
575 2569 641 2624 Et
691 2563 1196 2622 Nabuchodonosor
1244 2576 1338 2615 rex
1390 2572 1577 2629 regum
1624 2565 1679 2611 et
1719 2554 1994 2625 imperans

422 2663 544 2718 urbi
583 2671 853 2716 terrarum
884 2656 1007 2721 toti,
1036 2655 1185 2710 misit
1212 2653 1279 2707 ad
1307 2649 1744 2722 congregandum
1776 2647 1994 2701 univer-

425 2775 516 2814 sas
550 2765 763 2826 gentes,
804 2762 858 2808 et
898 2750 1092 2812 tribus,
1132 2758 1186 2804 et
1223 2748 1458 2817 linguas,
1499 2751 1765 2811 satrapas,
1806 2740 1994 2805 duces,

425 2849 737 2920 toparchas,
796 2855 851 2900 et
918 2843 1190 2906 consules,
1229 2838 1531 2910 prmfectos,
1563 2844 1615 2889 et
1643 2849 1756 2897 eos,
1810 2833 1902 2902 qui
1941 2831 1996 2884 in

426 2941 786 3014 potestatibus
834 2935 1120 2993 constituti
1149 2949 1243 3004 per
1275 2930 1569 3000 regionem,
1599 2936 1653 2982 et
1691 2927 1996 2987 universos,

425 3035 518 3103 qui
548 3040 702 3088 erant
729 3045 822 3100 per
849 3028 1037 3082 orbem
1065 3035 1355 3086 terrarum,
1385 3026 1446 3074 ut
1474 3018 1720 3073 venirent
1751 3016 1815 3069 all
1847 3015 2001 3069 dedi-

428 3127 697 3182 cationem
730 3121 983 3192 imaginis
1005 3132 1204 3184 aureae,
1241 3129 1405 3186 quam
1427 3118 1690 3167 statuerat
1708 3106 2000 3162 Nabucho-

429 3221 670 3276 donosor
690 3232 804 3271 rex.

499 3309 554 3362 3.
585 3305 742 3362 Tunc
771 3300 1084 3374 congregati
1141 3307 1270 3355 sunt
1296 3295 1574 3359 consules,
1615 3293 1804 3356 duces,
1833 3300 2007 3360 topar-

430 3403 566 3465 chae,
614 3406 894 3470 prtetores,
956 3390 1194 3465 tyranni,
1241 3387 1425 3458 magni
1459 3387 1511 3441 in
1537 3383 1923 3455 potestatibus,
1953 3390 2009 3437 et

431 3507 626 3551 omnes
671 3490 945 3562 principes
992 3483 1300 3555 regionum,
1341 3490 1401 3534 ut
1425 3479 1670 3534 venirent
1695 3476 1761 3530 ad
1783 3475 2008 3530 dedica-

433 3580 959 3651 tionem.imaginis,
1003 3591 1169 3648 quam
1212 3579 1476 3629 statuerat
1503 3567 2009 3623 Nabuchodonosor

434 3692 553 3742 rex,
570 3685 624 3730 et
639 3679 904 3729 steterunt
921 3669 1012 3741 qui
1030 3664 1289 3735 adscripti
1313 3671 1471 3719 erant
1489 3663 1540 3716 in
1562 3669 1853 3730 conspectu
1873 3658 2010 3713 ima-

437 3770 578 3841 ginis
599 3783 763 3838 quam
803 3769 1069 3821 statuerat
1103 3757 1628 3815 Nabuchodonosor.

508 3951 563 4004 4.
592 3947 658 4001 Et
693 3959 869 4016 praeco
902 3939 1264 4012 promulgavit
1293 3935 1468 3991 turbis
1500 3951 1513 3987 :
1557 3931 1724 3988 Vobis
1760 3930 2010 3994 edicitur,

439 4053 626 4114 gentes
663 4048 718 4094 et
741 4037 1012 4108 regiones,
1040 4031 1249 4104 populi,
1277 4038 1328 4083 et
1356 4027 1573 4097 linguae.

513 4133 566 4187 5.
601 4129 669 4188 Ut
695 4145 820 4186 cum
888 4123 1170 4181 audieritis
1227 4135 1414 4175 vocem
1474 4117 1638 4182 tubaz,
1694 4113 1908 4180 ﬁstulae,
1962 4120 2014 4166 et

439 4228 685 4289 citharae,
749 4220 1046 4282 sambucas,
1108 4224 1162 4269 et
1222 4208 1487 4284 psalterii,
1541 4206 1899 4279 symphoniae,
1962 4215 2016 4258 et

441 4319 679 4376 universi
738 4313 951 4387 generis
1007 4309 1348 4366 musicorum
1380 4342 1398 4370 ,
1461 4300 1716 4354 cadentes
1779 4295 2017 4351 adoretis

441 4413 736 4484 imaginem
775 4420 1018 4467 auream,
1058 4414 1222 4472 quam
1281 4392 1473 4450 statuit
1510 4389 2016 4444 Nabuchodonosor

443 4520 559 4558 rex.

512 4593 566 4647 6.
608 4588 949 4657 Quicumque
1008 4590 1188 4636 autem
1253 4594 1362 4633 non
1417 4574 1620 4631 cadens
1692 4561 2018 4632 adoraverit,

441 4691 633 4746 eadem
688 4683 820 4737 hora
858 4677 1104 4749 injicient
1134 4689 1258 4730 eum
1299 4672 1353 4726 in
1396 4669 1671 4725 fornacem
1733 4661 1874 4731 ignis
1926 4673 2019 4712 ar-

445 4977 631 5036 gentes
669 4974 858 5015 vocem
882 4955 1048 5019 tubae,
1075 4950 1289 5016 ﬁstulae,
1313 4956 1367 5002 et
1393 4945 1638 5008 citharae,
1678 4940 1952 4997 sambucae
1971 4946 2024 4992 et

447 5050 686 5122 psalterii
719 5056 773 5103 et
815 5044 994 5100 omnis
1051 5040 1264 5096 sonitus
1327 5035 1664 5090 musicorum
1696 5071 1710 5095 ,
1769 5029 2024 5083 cadentes

446 5161 638 5202 omnes
673 5147 883 5213 gentes,
914 5135 1114 5197 tribus,
1146 5139 1200 5184 et
1225 5129 1428 5198 lingua:
1467 5125 1831 5178 adoraverunt
1884 5120 2024 5172 ima-

447 5238 630 5306 ginem
650 5244 896 5292 auream,
911 5241 1074 5296 quam
1101 5228 1365 5278 statuerat
1381 5215 1888 5272 Nabuchodonosor
1906 5226 2022 5274 rex,

456 5328 509 5380 in
536 5331 834 5394 conspectu
869 5317 1010 5388 ejus.

521 5500 575 5554 8.
608 5497 669 5553 ln
694 5498 788 5552 illo
843 5503 1086 5563 tempore
1140 5489 1460 5547 accedentes
1510 5485 1615 5542 viri
1672 5482 1913 5539 Chaldaei
1937 5495 2029 5536 ca-

451 5594 701 5652 lunmiati
725 5601 854 5649 sunt
888 5588 1130 5645 Judmos.

522 5690 575 5742 9.
605 5686 670 5740 Et
687 5683 1042 5752 suscipientes
1069 5680 1326 5733 dixerunt
1349 5671 1854 5733 Nabuchodonosor
1878 5667 1989 5738 regi
2015 5685 2026 5721 :

457 5780 684 5838 Domine
708 5791 826 5839 rex,
859 5775 914 5830 in
937 5781 1194 5828 aeternum
1225 5770 1365 5826 vive.

2078 490 2233 555 ἐταξε
2259 488 2450 550 Θυσίας
2477 485 2568 538 καὶ
2592 480 2823 542 σπονδάς
2848 479 3070 547 ποιῆσαι
3101 475 3272 544 αὐτῷ.

2147 582 2237 636 47.
2272 581 2386 633 Kal.
2419 577 2740 647 ἐκφωνήσας
2773 574 2802 625 6
2833 569 3083 642 βασιλεὺς
3129 567 3264 636 πρὸς
3317 563 3409 618 τὸν
3451 559 3651 631 Δανιὴλ

2076 670 2229 728 εἶπεν
2248 688 2263 705 ο
2293 667 2614 738 Ἐπ’άληθεῖ
2633 666 2781 720 ἐστὶν
2809 664 2840 716 6
2859 662 2989 724 Θεὸς
3014 660 3167 731 ὑμῶν
3193 658 3324 719 Θεὸς
3346 656 3456 710 τῶν
3489 653 3650 720 θεῶν,

2077 766 2171 818 καὶ
2199 762 2404 834 Κύριος
2432 760 2540 814 τῶν
2570 756 2851 829 βασιλέων,
2881 756 2909 807 6
2933 751 3207 822 ἐκφαίνων
3231 748 3504 821 μυστήρια
3525 763 3661 817 κρυ-

2078 856 2191 912 πτά
2208 856 2389 927 μόνος,
2410 854 2493 906 ὃτι
2513 848 2810 918 ἐδυνάσθης
2825 844 3065 918 δηλῶσαι
3084 843 3145 896 τὸ
3168 840 3463 913 μυστήριον
3477 837 3662 892 τοῦτο.

2149 947 2240 1003 48.
2269 946 2405 1000 Τότε
2431 946 2459 998 6
2487 941 2739 1013 βασιλεὺς
2771 954 2833 995 -ι-
2863 934 3328 1006 Ναϐουχοδονόσορ
3360 932 3415 1001 /.
3457 930 3665 1000 Δανιὴλ

2083 1039 2414 1114 μεγαλύνας,
2451 1037 2543 1090 καὶ
2576 1035 2701 1097 δοὺς
2739 1029 2947 1104 δωρεὰς
2998 1027 3241 1098 μεγάλας
3287 1025 3379 1078 καὶ
3409 1023 3615 1086 πολλὰς
3643 1062 3662 1088 ν

2080 1134 2418 1201 κατέστησεν
2464 1130 2557 1182 ἐπὶ
2592 1126 2701 1180 τῶν
2754 1121 3097 1195 πραγμάτων
3124 1121 3221 1189 τῆς
3268 1117 3621 1179 Βαϐυλωνίας
3647 1157 3664 1181 ,

2079 1227 2174 1280 καί⁵
2201 1225 2484 1289 ἀπέδειξεν
2513 1220 2674 1274 αὑτὸν
2704 1219 2941 1287 ἄρχοντα
2974 1213 3069 1267 καὶ
3110 1210 3409 1283 ἡγούμενον
3441 1208 3669 1262 πάντων

2080 1319 2190 1374 τῶν
2226 1315 2494 1385 σοφιστῶν
2526 1310 2890 1371 Βαϐυλωνίας.
3027 1303 3032 1308 ’

2153 1409 2242 1464 49.
2275 1407 2388 1460 Kal
2416 1404 2611 1475 Δανιὴλ
2644 1402 2843 1472 ἠξίωσε
2873 1401 2964 1453 τὸν
2995 1395 3240 1468 βασιλέα,
3275 1394 3364 1447 ἵνα
3394 1408 3670 1446 κατασταο

2084 1502 2250 1556 θῶσιν
2280 1502 2373 1554 ἐπὶ
2404 1500 2512 1552 τῶν
2541 1495 2887 1568 πραγμάτων
2918 1493 3016 1563 τῆς
3046 1487 3388 1549 Βαϐυλωνίας
3431 1484 3665 1555 Σεδράχ,

2083 1594 2303 1664 Μισάχ,
2346 1587 2684 1660 Ἀϐδεναγώ·
2727 1588 2821 1642 καὶ
2857 1584 3056 1654 Δανιὴλ
3084 1578 3154 1654 ἦν
3203 1582 3260 1633 ὲν
3289 1581 3355 1650 τῇ
3407 1576 3665 1648 βασιλικῇ

2087 1688 2246 1759 αὐλῇ.

2625 1819 3016 1878 ΚΕΦΑΛΔΙΟΝ
3054 1817 3125 1872 Γ⁹.

2164 1943 2216 1996 l.
2271 1955 2334 1998 +
2375 1940 2568 2002 Ἐτους
2607 1934 3073 1991 ὀκτωκαιδεκάτου
3110 1934 3167 2004 /.
3200 1925 3673 1998 Ναϐουχοδονόσορ

2095 2032 2344 2105 βασιλεὺς
2457 2030 2673 2085 διοικῶν
2697 2029 2876 2090 πόλεις
2903 2043 2964 2081 αι-
2995 2026 3090 2079 καὶ
3117 2024 3318 2095 χώρας,
3343 2020 3438 2074 καὶ
3460 2019 3673 2080 πάντας

2095 2166 2220 2232 τοὺς
2257 2147 2642 2226 κατοικοῦντας
2662 2159 2754 2214 ἐπὶ
2780 2161 2879 2231 τῆς
2910 2160 3012 2229 γῆς
3040 2155 3146 2210 άπδ
3186 2152 3414 2220 Ἰνδικῆς
3447 2150 3556 2214 ἓως
3575 2150 3671 2201 Αἰ-

2099 2258 2316 2322 θιοπίας
2351 2257 2409 2329 /.
2441 2254 2698 2325 ἐποίησεν
2745 2249 2930 2304 εἰκόνα
2965 2248 3172 2319 χρυσῆν
3199 2262 3212 2275 ⁸
3244 2244 3306 2297 τὸ
3335 2241 3468 2311 ὕψος
3501 2239 3672 2306 αὐτῆς

2099 2349 2291 2422 πηχῶν
2317 2347 2376 2415 ἐξ
2395 2363 2410 2378 ⁸
2436 2347 2530 2401 καὶ
2557 2345 2786 2416 ἔστησεν
2813 2341 2983 2413 αὐτὴν
3025 2341 3084 2393 ἐν
3117 2336 3287 2408 πεδίῳ
3320 2333 3413 2388 τοῦ
3450 2330 3674 2403 περιϐό-

2100 2445 2190 2498 λου
2217 2442 2399 2516 χώρας
2427 2436 2794 2501 Βαϐυλωνίας.

2170 2536 2225 2588 2.
2255 2515 2366 2588 Kal
2407 2529 2875 2602 Ναϐουχοδονόσορ
2928 2523 3179 2596 βασιλεὺς
3219 2534 3280 2577 -ι-
3315 2515 3580 2589 βασιλέων
3606 2527 3674 2569 -Ιν

2101 2628 2197 2680 καὶ
2224 2623 2492 2697 κυριεύων
2528 2621 2628 2692 τῆς
2656 2618 2977 2689 οἰκουμένης
3012 2630 3074 2671 -ιι-
3101 2614 3230 2685 ὅλης
3272 2611 3328 2682 /.
3355 2606 3675 2664 ἀπέστειλεν

2104 2719 2526 2786 ἐπισυναγαγεῖν
2561 2729 2626 2771 -ι-
2665 2714 2846 2768 πάντα
2888 2711 2958 2764 τά
2987 2709 3136 2778 ἔθνη,
3167 2705 3264 2760 καὶ
3310 2699 3550 2773 φυοε-λὰς
3582 2698 3677 2752 καὶ

2104 2812 2352 2882 γλώσσας
2378 2812 2435 2880 /.
2491 2807 2795 2878 σατράπας,
2847 2801 3204 2874 στρατηγοὺς,
3255 2797 3554 2865 τοπάρχας,
3583 2791 3680 2844 καὶ

2111 2905 2365 2966 ὑπάτους,
2400 2899 2698 2964 διοικητάς,
2733 2899 2826 2952 καὶ
2856 2896 2983 2958 τοὺς
3012 2894 3100 2945 ἐπ’
3127 2887 3382 2954 ἐξουσιῶν
3406 2883 3546 2938 κατὰ
3569 2880 3679 2952 χώ-

2110 3013 2228 3068 ραν,
2269 2994 2365 3046 καὶ
2399 2991 2606 3052 πάντας
2639 2988 2762 3052 τοὺς
2797 2986 2937 3039 κατὰ
2985 2982 3083 3053 τὴν
3130 2976 3472 3048 οἰκουμένην,
3506 2973 3680 3027 ἐλθεῖν

2028 3101 2071 3161 (τ,
2106 3089 2187 3151 εἰς
2221 3087 2312 3140 τὸν
2338 3081 2687 3153 ἐγκαινισμὸν
2708 3080 2806 3150 τῆς
2833 3077 3035 3138 εἰκόνος
3060 3073 3160 3144 τῆς
3177 3071 3400 3144 χρυσῆς,
3432 3070 3499 3139 ῆν
3521 3067 3681 3135 ἕστη-

2109 3198 2199 3233 σεν
2233 3175 2702 3247 Ναϐουχοδονόσορ
2735 3172 2764 3223 6
2790 3167 3063 3241 βασιλεύς.

2175 3275 2228 3328 5.
2265 3274 2332 3340 >ε<
2360 3270 2492 3322 Τότε
2523 3264 2866 3336 συνήχθησαν
2895 3261 3111 3324 ὕπατοι,
3137 3253 3451 3327 στρατηγοὶ,
3487 3249 3683 3319 τοπάρ-

2107 3368 2176 3436 >θ<
2205 3360 2652 3436 χαι,ἠγούμενοι,
2689 3356 2976 3427 τύραννοι,
3028 3350 3250 3420 μεγάλοι
3287 3348 3372 3399 ἐπ’
3402 3342 3681 3408 ἐξουσιῶν,

2109 3462 2176 3527 >ε<
2203 3435 2297 3511 καὶ
2331 3455 2530 3517 πάντες
2561 3454 2609 3506 οῖ
2633 3451 2888 3521 ἄρχοντες
2914 3446 3022 3500 τῶν
3046 3443 3258 3516 χωρῶν,
3288 3437 3382 3493 τοῦ
3409 3436 3579 3490 ἐλθεῖν
3604 3435 3686 3498 εἰς

2112 3553 2179 3619 )9:
2206 3549 2295 3602 τὸν
2323 3542 2674 3614 ἐγκαινισμὸν
2699 3542 2797 3611 τῆς
2829 3538 3050 3600 εἰκόνος,
3085 3529 3154 3605 ἦς
3183 3532 3379 3601 ἔστησε
3405 3527 3688 3594 Ναϐουχο-

2113 3646 2180 3711 >κ
2213 3640 2429 3709 δονόσορ
2454 3639 2481 3690 ὁ
2521 3634 2771 3706 βασιλεὺς
2807 3633 2862 3700 /.
2895 3644 2956 3684 αι-
2987 3628 3078 3681 καὶ
3105 3626 3336 3694 ἔστησαν
3369 3622 3416 3674 οῖ
3451 3633 3689 3689 προσγεο

2110 3708 2422 3804 γραμμένοι
2452 3727 2740 3782 κατέναντι
2764 3723 2861 3792 τῆς
2887 3720 3091 3782 εἰκόνος
3132 3720 3198 3785 χ(
3231 3709 3298 3786 ἧς
3333 3713 3528 3782 ἔστησε
3573 3708 3689 3761 Να-

2113 3823 2491 3893 ϐουχοδονόσορ
2523 3820 2579 3890 /.

2184 3917 2236 3970 4.
2269 3915 2380 3969 Kal.
2407 3915 2436 3967 6
2459 3909 2632 3982 κήρυξ
2662 3905 2894 3978 ἐκήρυξε
2910 3904 3018 3965 τοῖς
3040 3900 3214 3971 ὄχλοις
3235 3913 3250 3928 ο
3291 3896 3452 3967 Ὑμῖν
3479 3909 3693 3964 παραγ-

2113 4009 2382 4080 γέλλεται,
2408 4005 2556 4074 ἔθνη,
2584 4001 2677 4055 καὶ
2702 3997 2896 4070 χῶραι,
2931 3995 3071 4059 λαοὶ,
3102 3993 3194 4044 καὶ
3225 3988 3486 4058 γλῶσσαι.

2188 4103 2240 4156 5.
2279 4100 2396 4152 ”Οτ’
2424 4097 2490 4151 ἂν
2539 4092 2808 4162 ἀκούσητε
2855 4091 2954 4158 τῆς
3001 4085 3183 4156 φωνῆς
3236 4082 3335 4151 τῆς
3369 4079 3691 4146 σάλπιγγος,

2118 4193 2396 4265 σύριγγος,
2421 4187 2516 4242 καὶ
2543 4185 2773 4256 κιθάρας
2793 4222 2808 4248 ,
2858 4177 3144 4250 σαμϐύκης
3162 4218 3175 4240 ,
3219 4173 3314 4226 καὶ
3353 4169 3655 4240 ψαλτηρίου
3675 4205 3693 4231 ,

2118 4281 2458 4356 συμψωνίας,
2491 4278 2586 4332 καὶ
2617 4274 2816 4336 παντὸς
2849 4272 3037 4340 γένους
3079 4263 3373 4335 μουσικῶν,
3435 4261 3694 4324 πεσόντες

2118 4351 2535 4446 προσκυνήσατε
2564 4367 2629 4436 τῇ
2656 4362 2824 4417 εἰκόνι
2850 4363 2918 4431 τῇ
2941 4358 3135 4429 χρυσῇ,
3167 4357 3232 4426 ἢν
3257 4354 3452 4422 ἔστησε
3481 4351 3697 4404 Ναϐου-

2048 4441 2094 4496 Ῑ)
2122 4441 2402 4534 χοδονόσορ
2434 4453 2707 4527 βασιλεύς.

2195 4553 2247 4608 6.
2279 4553 2388 4604 Kal
2425 4551 2533 4613 πᾶς
2563 4548 2622 4611 ὃς
2651 4546 2716 4600 ἂν
2741 4544 2814 4615 μὴ
2852 4541 3034 4596 πεσὼν
3073 4538 3425 4611 προσκυνήσῃ
3459 4537 3526 4602 Χ
3558 4533 3697 4604 αὐτῇ

2119 4649 2186 4719 τῇ
2212 4647 2330 4718 ὥρᾳ
2358 4640 2686 4714 ἐμϐαλοῦσιν
2705 4636 2867 4691 αὐτόν
2899 4636 2980 4698 εἰς
3006 4633 3104 4703 τὴν
3129 4631 3360 4700 κάμινον
3396 4626 3493 4680 τοῦ
3526 4625 3701 4697 πυρὸς

2121 4741 2219 4812 τὴν
2249 4737 2567 4807 καιομένην.

2195 4831 2246 4883 7.
2273 4830 2383 4883 Kal.
2412 4830 2469 4880 ἐν
2500 4825 2576 4894 τῷ
2597 4820 2774 4894 καιρῷ
2801 4819 3015 4890 ἐκείνῳ,
3039 4818 3127 4870 ὅτε
3165 4814 3402 4887 ἤκουσαν
3423 4809 3605 4863 πάντα
3630 4809 3703 4862 τά

2125 4923 2251 4993 ἔθνη
2280 4921 2378 4991 τῆς
2413 4919 2595 4988 φωνῆς
2622 4915 2722 4984 τῆς
2767 4912 3065 4979 σάλπιγγος
3107 4911 3174 4974 >ε<
3213 4903 3472 4976 σύριγγός
3516 4919 3574 4955 τε
3603 4902 3703 4955 καὶ

2124 5017 2378 5086 κιθάρας,
2413 5009 2698 5081 σαμϐύκης
2726 5008 2792 5073 >κ
2815 5021 2874 5056 τε
2903 5002 2997 5056 καὶ
3020 4998 3316 5070 ψαλτηρίου
3344 4999 3399 5063 /.
3433 4994 3528 5049 καὶ
3559 5012 3701 5047 παν-

2125 5110 2215 5171 τὸς
2239 5110 2370 5178 ἦχου
2407 5101 2699 5175 μουσικῶν,
2743 5096 3009 5148 πίπτοντα
3037 5091 3212 5145 πάντα
3235 5087 3303 5142 τά
3329 5087 3479 5156 ἔθνη,
3512 5084 3702 5154 φυλαὶ,

2127 5201 2222 5254 καὶ
2254 5176 2496 5267 γλῶσσαι
2533 5189 2945 5263 προσεκύνησαν
2977 5186 3042 5255 τῇ
3073 5181 3242 5235 εἰκόνι
3288 5181 3353 5250 τῇ
3397 5179 3601 5248 χρυσῇ,
3639 5176 3706 5246 ἣν

2128 5295 2323 5362 ἔστησε
2366 5281 2836 5357 Ναϐουχοδονόσορ
2888 5281 2954 5347 >⁴<
3005 5278 3033 5329 6
3072 5272 3364 5345 βασιλεὺς,
3411 5269 3707 5323 κατέναντι

2129 5383 2342 5436 τούτου.

2201 5477 2255 5532 8.
2299 5475 2387 5528 Ἐν
2410 5471 2601 5542 ἐκείνῳ
2630 5468 2706 5540 τῷ
2729 5465 2906 5538 καιρῷ
2935 5461 3319 5536 προσελθόντες
3341 5454 3538 5525 ἄνδρες
3564 5451 3710 5504 Χαλ-

2131 5570 2266 5623 δαῖοι
2295 5565 2534 5620 διέϐαλον
2559 5564 2684 5626 τοὺς
2720 5560 3025 5619 Ἰουδαίους.

2203 5661 2256 5715 9.
2287 5661 2399 5713 Kal.
2423 5656 2779 5716 ὑπολαϐόντες
2806 5648 2955 5705 εἷπον
3003 5651 3072 5717 >κ
3112 5638 3589 5713 Ναϐουχοδονόσορ
3636 5633 3710 5706 τῷ

2140 5753 2362 5824 βασιλεῖ’
2406 5748 2572 5819 Κύριε
2612 5742 2850 5816 βασιλεῦ,
2883 5742 2962 5805 εἰς
2992 5740 3084 5793 τὸν
3114 5736 3282 5790 αἰῶνα
3312 5729 3454 5801 ζῆθι.
