3848 6218
201 316 360 382 2785

1486 317 1739 375 DANIEL
1776 315 2009 375 (ΖᾹΡΗΤ
2038 317 2139 377 Ill.

3329 320 3473 377 2786

270 434 364 492 10.
392 435 487 501 Σὺ,
522 434 765 508 βασιλεῦ,
790 437 1129 510 προσέταξας
1144 438 1241 493 καὶ
1277 439 1517 514 ἔκρινας,
1551 440 1640 496 ἵνα
1675 441 1760 495 πάι

1958 439 2048 495 10.
2080 440 2185 507 Τυ,
2210 457 2329 507 rex,
2358 443 2626 500 mandasti
2649 453 2705 498 et
2726 442 3037 507 deerevisti,
3071 449 3131 496 ut
3159 439 3340 496 omnis
3372 441 3447 495 ho
3488 488 3498 512 ,

192 525 509 597 ἄνθρωπος,
548 528 608 593 ὃς
632 529 699 584 ἂν
737 529 946 603 ἀκούσῃ
985 532 1087 601 τῆς
1120 532 1304 603 φωνῆς
1332 532 1432 602 τῆς
1484 532 1783 602 σάλπιγγος

195 618 265 684 Χ
299 616 559 689 σύριγγός
599 638 663 674 τε
706 625 803 676 καὶ
843 623 1133 695 σαμϐύκης
1164 626 1234 693 >κ
1269 622 1534 694 κιθάρας,
1570 623 1782 695 ψαλτη-

1890 547 2004 598 mo,
2034 534 2131 604 qui
2163 535 2398 591 audierit
2427 551 2618 592 vocem
2654 536 2820 601 tuba,
2852 535 3066 602 fistulae,
3094 542 3150 591 et
3172 533 3450 593 sambucae
3495 546 3502 565 ·

1888 623 2132 693 citharae,
2164 625 2409 697 psalterii
2439 634 2495 682 et
2518 626 2701 683 omnis
2729 626 2945 682 sonitus
2979 625 3342 690 musicorum,
3372 637 3464 680 ca-

193 707 320 776 ρίου
357 710 414 780 /.
451 712 545 764 καὶ
573 713 775 779 παντὸς
814 714 949 787 ἧχου
997 715 1295 788 μουσικῶν,
1336 715 1519 770 πεσὼν
1542 734 1760 790 προσκυ

1891 715 2024 775 dens
2051 719 2244 775 adoret
2272 718 2563 791 imaginem
2592 735 2838 777 auream.

190 801 340 873 νήσῃ
368 805 434 873 τῇ
475 805 644 859 εἰκόνι
667 808 733 876 τῇ
765 810 963 878 χρυσῇ.

267 890 362 943 1Ι.
398 892 507 944 Kal
539 892 599 955 ὃς
620 893 686 947 ἂν
718 894 793 965 μὴ
826 895 1010 950 πεσὼν
1029 898 1406 971 προσκυνήσῃ,
1435 899 1779 974 ἑμϐληθήσε-

188 995 285 1034 ται
310 984 392 1045 είς
418 982 516 1054 τὴν
535 984 763 1055 κάμινον
794 985 889 1040 τοῦ
918 989 1090 1059 πυρὸς
1120 990 1221 1061 τὴν
1243 990 1561 1063 καιομένην.

268 1073 362 1129 12.
392 1076 514 1129 Είσὶ
540 1078 597 1130 δέ
626 1094 769 1143 τινες
796 1079 989 1152 ἄνδρες
1021 1082 1283 1149 Ἰουδαῖοι,
1312 1083 1409 1148 οὒς
1436 1084 1780 1156 κατέστησας

192 1165 292 1219 ἐπὶ
316 1165 416 1237 τῆς
449 1167 634 1239 χώρας
676 1171 776 1241 τῆς
817 1172 1162 1237 Βαϐυλωνίας
1187 1213 1203 1239 ,
1259 1176 1468 1247 Σεδρὰχ
1494 1218 1511 1243 ,
1566 1177 1774 1247 Μισὰχ,

205 1257 537 1327 Ἀϐδεναγώ,
569 1262 616 1313 οἱ
656 1260 931 1334 ἄνθρωποι
959 1267 1155 1319 ἐκεῖνοι
1189 1267 1287 1320 οὐκ
1309 1269 1657 1341 ἐφοϐήθησαν
1680 1288 1775 1324 σου

190 1346 291 1415 τὴν
314 1349 555 1421 ἐντολὴν,
587 1352 781 1424 καὶτῷ
812 1353 1013 1426 εἰδώλῳ
1042 1373 1134 1409 σου
1164 1358 1263 1411 ούκ
1289 1359 1641 1431 ἐλάτρευσαν,
1678 1363 1775 1416 καὶ

186 1441 257 1509 τῇ
289 1440 463 1494 εἰκόνι
483 1459 578 1497 σου
603 1446 667 1516 τῇ
690 1449 886 1519 χρυσῇ,
978 1447 1231 1521 ἔστησας,
1250 1450 1312 1505 οὐ
1338 1453 1769 1527 προσεκύνησαν.

263 1612 354 1666 15.
386 1614 516 1668 Τότε
548 1616 1012 1692 Ναϐουχοδονόσορ
1040 1621 1314 1694 θυμωθεὶς
1339 1627 1475 1700 ὀργῇ
1505 1631 1773 1701 προσέτα-

186 1700 280 1766 ξεν
313 1704 545 1773 ἀγαγεῖν
568 1709 658 1763 τὸν
685 1711 914 1783 Σεδράχ,
943 1714 1148 1787 Μισὰχ,
1194 1719 1512 1790 Ἀϐδεναγώ.
1556 1700 1696 1777 Τότε
1719 1726 1769 1779 οί

185 1793 470 1866 ἄνθρωποι
507 1800 751 1871 ἤχθησαν
784 1804 920 1875 πρὸς
952 1806 1042 1863 τόν
1075 1809 1319 1878 βασιλέα.

258 1886 351 1942 14.
383 1888 491 1953 Οὓς
538 1892 632 1945 καὶ
670 1895 894 1951 συνιδὼν
946 1899 1417 1976 Ναϐουχοδονόσορ
1451 1907 1480 1958 ὁ
1518 1905 1771 1976 βασιλεὺς

183 1974 343 2033 εἶπεν
374 1981 575 2048 αὐτοῖς,
606 1986 778 2053 Διατί,
803 1988 1031 2062 Σεδρὰχ,
1054 1992 1238 2065 Μισὰχ
1257 2034 1272 2057 ,
1300 1974 1622 2067 ’Λϐδεναγὼ,
1657 2002 1771 2065 τοῖς

181 2072 331 2165 θεοῖς
379 2091 480 2165 μου
506 2077 566 2130 οὑ
608 2078 920 2151 λατρεύετε,
952 2085 1045 2138 καὶ
1067 2089 1131 2158 τῇ
1163 2088 1333 2143 εἰκόνι
1374 2093 1439 2163 τῇ
1480 2094 1679 2163 χρυσῇ,
1704 2093 1771 2165 ῆν

180 2158 412 2230 ἔστησα,
432 2164 492 2216 οὑ
530 2173 885 2236 προσκυνεῖτε
901 2188 915 2238 ;

255 2254 348 2309 15.
380 2256 491 2309 Καὶ
511 2256 604 2310 νῦν
628 2261 675 2312 εί
708 2261 806 2332 μὲν
828 2262 981 2335 ἔχετε
1011 2267 1245 2341 ἑτοίμως
1278 2271 1395 2342 ἅμα
1430 2273 1509 2345 τῷ
1537 2274 1769 2331 ἀκοῦσαι

177 2343 278 2413 τῆς
315 2345 617 2418 σάλπιγγος
646 2354 712 2424 Χ
742 2354 1002 2427 σύριγγός
1035 2377 1094 2413 τε
1135 2364 1228 2415 καὶ
1272 2343 1526 2436 κιθάρας,
1561 2368 1771 2438 σαμϐύ-

178 2437 247 2505 )a:
273 2455 384 2509 κης
406 2458 487 2505 τε,
512 2444 606 2497 καὶ
627 2445 928 2519 ψαλτηρίου
956 2452 1051 2506 καὶ
1086 2455 1406 2525 συμφωνίας
1429 2456 1487 2528 /.
1516 2459 1610 2511 καὶ
1632 2437 1768 2513 παν-

176 2532 269 2594 τὸς
297 2533 435 2603 ἦχον
468 2536 765 2605 μουσικῶν,
801 2540 1062 2606 πεσόντες
1103 2548 1483 2617 προσκυνῆσαι
1508 2552 1575 2623 τῇ
1601 2551 1769 2605 είκόνι

175 2627 240 2693 τῇ
264 2629 445 2697 χρυσῇ
482 2627 527 2682 /.
614 2631 847 2703 ἐστησα·
878 2633 1004 2687 εἰδὲ
1037 2637 1201 2706 μήγε,
1229 2637 1546 2706 γινώσκετε,
1581 2642 1663 2697 ὅτι
1691 2645 1767 2717 μὴ

176 2719 682 2784 προσκυνησάντων
730 2722 919 2793 ὑμῶν,
970 2726 1181 2799 αὐθωρὶ
1230 2729 1637 2803 ὲμϐληθήσεσθε
1688 2736 1767 2798 είς

173 2805 272 2874 τὴν
299 2805 535 2875 κάμινον
580 2809 677 2863 τοῦ
728 2813 902 2883 πυρὸς
947 2816 1047 2887 τὴν
1103 2820 1433 2893 καιομένην·
1476 2824 1572 2878 καὶ
1618 2828 1767 2889 ποῖος

173 2895 307 2959 Θεὸς
349 2898 610 2964 ὲξελείται
645 2902 790 2972 ὑμᾶς
823 2906 886 2957 ὲκ
912 2905 1021 2959 τῶν
1072 2910 1273 2980 χειρῶν
1306 2930 1447 2983 μου;

248 2988 333 3042 16.
382 2988 794 3061 Ἀποκριθέντες
816 2994 873 3047 δὲ
905 2995 1134 3068 Σεδράχ,
1166 3001 1375 3072 Μισὰχ,
1435 3004 1763 3090 Ἀϐδεναγώ,

1960 897 2047 954 11.
2079 898 2145 953 Et
2168 899 2260 970 qui
2294 916 2404 956 non
2462 901 2756 972 procidens
2806 902 3138 968 adoraverit,
3184 901 3471 958 immissus

1886 991 1960 1047 sit
1995 992 2051 1045 in
2086 991 2367 1049 fornacem
2401 995 2544 1067 ignis
2575 996 2880 1052 ardentem.

1962 1084 2052 1139 19..
2086 1084 2229 1141 Sunt
2290 1096 2469 1143 autem
2523 1088 2745 1159 quidam
2777 1089 2880 1144 viri
2911 1086 3105 1154 Judaei,
3144 1103 3286 1159 quos
3334 1103 3470 1144 con-

1884 1178 2107 1233 stituisti
2126 1193 2290 1247 super
2309 1179 2585 1249 regionem
2605 1179 2917 1252 Babylonis,
2954 1179 3216 1243 Sedrach,
3234 1180 3463 1247 Misach,

1882 1267 2214 1338 Abdenago:
2248 1268 2496 1325 homines
2528 1269 2618 1325 isti
2645 1286 2754 1325 non
2809 1270 3110 1326 timuerunt
3164 1280 3317 1325 tuum
3368 1272 3466 1327 de-

1881 1366 2113 1422 cretum,
2151 1368 2204 1414 et
2226 1359 2429 1414 idolum
2482 1371 2637 1415 tuum
2689 1375 2796 1415 non
2855 1361 3164 1427 coluerunt,
3192 1370 3246 1417 et
3266 1363 3464 1430 imagi-

1882 1467 2006 1507 nem
2068 1462 2219 1509 tuam
2280 1469 2525 1521 auream,
2579 1469 2745 1526 quam
2796 1455 3057 1523 statuisti,
3103 1471 3215 1513 non
3265 1457 3465 1513 adora-

1882 1552 2095 1599 verunt.

1949 1633 2037 1688 15.
2074 1632 2229 1689 Tunc
2269 1633 2777 1695 Nabuchodonosor
2802 1654 3105 1696 succensus
3126 1640 3229 1705 ira,
3256 1652 3462 1709 praece-

1877 1722 1975 1794 pit,
1996 1736 2054 1779 ut
2071 1724 2401 1782 adducerent
2434 1727 2697 1792 Sedrach,
2720 1729 2947 1796 Misach,
2972 1729 3303 1799 Abdenago:
3329 1738 3463 1785 tunc

1803 1798 1851 1860 Β
1880 1817 2133 1873 homines
2165 1819 2383 1874 adducti
2422 1829 2550 1875 sunt
2587 1821 2655 1876 ad
2685 1838 2890 1893 regem.

1951 1908 2042 1963 14.
2100 1910 2252 1976 Quos
2310 1913 2472 1966 etiam
2544 1916 2894 1984 conSpicatus
2950 1913 3461 1971 NabuchodonOSOr

1876 2015 1972 2055 rex
2006 2000 2143 2056 dixit
2174 2003 2255 2057 eis
2283 2019 2295 2054 :
2330 2002 2529 2070 Quare,
2568 2002 2830 2071 Sedrach,
2884 2006 3110 2072 Misach,
3137 2006 3455 2078 Abdenago,

1877 2092 2009 2147 deos
2037 2108 2189 2147 meos
2227 2109 2335 2149 non
2371 2095 2571 2165 colitis,
2595 2107 2650 2153 et
2684 2098 2979 2169 imaginem
3011 2114 3255 2166 auream,
3288 2116 3455 2173 quam

1877 2186 2065 2254 statui,
2102 2202 2211 2241 non
2241 2188 2526 2245 adoratis?

1949 2278 2039 2334 15.
2078 2280 2142 2336 Ει
2171 2296 2319 2338 nunc
2351 2282 2618 2352 siquidem
2650 2282 2781 2339 estis
2809 2285 3004 2352 parati,
3039 2284 3221 2339 statim
3248 2300 3313 2341 ac
3351 2301 3454 2341 au-

1875 2368 2091 2429 dieritis
2120 2374 2333 2441 tubam,
2372 2375 2635 2439 fistulam,
2681 2384 2734 2430 et
2785 2376 3077 2440 citharam.
3109 2378 3453 2442 sambucam,

1875 2475 1930 2521 et
1981 2467 2322 2538 psalterium,
2373 2477 2427 2521 et
2466 2467 2844 2538 symphoniam
2872 2478 3162 2523 etomnem
3213 2468 3453 2525 sonitum

1876 2560 2238 2622 musicorum,
2277 2559 2620 2630 procidentes
2648 2560 2877 2616 adorare
2908 2560 3197 2631 imaginem
3229 2576 3454 2617 auream

1875 2668 2040 2722 quam
2067 2653 2272 2707 statui:
2306 2652 2352 2707 si
2397 2667 2529 2707 vero
2568 2667 2700 2720 non,
2745 2654 2961 2720 scitote,
2995 2653 3140 2724 quod
3180 2669 3287 2708 non
3327 2655 3458 2710 ado-

1879 2756 2061 2802 raules
2098 2761 2217 2812 vos,
2248 2745 2436 2800 eadem
2490 2746 2622 2800 hora
2678 2746 3044 2802 immittemini
3089 2747 3142 2802 in
3174 2747 3453 2803 fornacem

1876 2837 2018 2907 ignis
2084 2837 2366 2893 ardentem
2396 2857 2410 2893 :
2438 2848 2494 2895 et
2512 2838 2637 2910 quis
2662 2837 2808 2894 Deus
2830 2839 3026 2911 eripiet
3051 2854 3151 2895 vos
3180 2840 3249 2897 de
3277 2840 3455 2895 mani.

1876 2930 1976 2984 bus
1998 2931 2178 2984 meis?

1946 3021 2033 3075 16.
2072 3021 2480 3091 Respondeutes
2532 3032 2714 3077 autem
2743 3020 3005 3087 Sedrach,
3030 3021 3259 3090 Misach,
3280 3024 3452 3079 Abde.

172 3072 337 3133 εἶπαν
361 3079 437 3151 τῷ
460 3081 670 3151 βασιλεῖ
687 3083 1178 3160 Ναϐουχοδονόσορ·
1209 3090 1456 3159 Βασιλεᾷ
1480 3096 1541 3148 ού
1576 3072 1760 3167 χρείαν

1893 3126 2013 3181 uago
2028 3112 2286 3168 dixerunt
2307 3116 2415 3185 regi
2434 3113 2943 3171 Nabuchodonosor
2967 3134 2981 3169 :
3010 3115 3145 3181 Rex,
3174 3131 3283 3172 non
3311 3132 3453 3187 opus

171 3169 372 3278 ἔχομεν
402 3173 565 3241 ἡμεῖς
590 3174 682 3227 ἐπὶ
701 3177 767 3247 τῇ
795 3177 1031 3250 ὲπιταγῇ
1064 3159 1235 3253 ταύτῃ
1257 3159 1623 3257 ἀποκριθῆναί
1651 3206 1754 3243 σοι.

1896 3159 2010 3181 --ην
2031 3159 2286 3168 -...---..-
2307 3159 2415 3185 ηδ.
2434 3159 2934 3171 -.--..ν..ν...,..ν..ν.
2967 3159 2981 3169 .
3011 3159 3145 3181 ..-..,
3174 3159 3270 3172 ..νη

1891 3206 2132 3261 Iabemus
2158 3221 2259 3261 nos
2281 3207 2333 3261 in
2377 3206 2635 3261 mandato
2669 3207 2773 3262 hoc
2798 3208 3125 3278 respondere
3148 3208 3270 3265 tibi.

242 3261 334 3316 17.
378 3265 533 3317 Ἔστι
565 3265 674 3338 γάρ
708 3268 841 3331 Θεὸς
878 3284 939 3325 +
973 3272 1032 3325 ὲν
1063 3272 1311 3343 οὐρανοῖς
1347 3271 1428 3340 είς
1475 3278 1678 3349 Κύριος
1698 3282 1753 3352 /.

1935 3299 2024 3353 17.
2052 3298 2149 3353 Est
2169 3299 2315 3354 enim
2346 3298 2490 3355 Deus
2519 3301 2575 3355 in
2602 3300 2756 3355 caelis
2786 3316 2927 3355 unus
2950 3299 3216 3357 Dominus
3236 3310 3447 3371 noster,

171 3354 351 3445 ἡμῶν,
386 3356 445 3409 ὃν
474 3358 809 3429 φοϐούμεθα,
832 3362 891 3427 ὃς
922 3364 1040 3417 ἐστι
1061 3365 1281 3432 δυνατὸς
1308 3369 1586 3435 ἐξελέσθαι
1608 3376 1757 3445 ἡμᾶς

172 3446 235 3497 ὲκ
267 3444 375 3516 τῆς
413 3448 643 3518 καμίνου
672 3454 767 3507 τοῦ
797 3453 972 3524 πυρὸς
1012 3458 1079 3524 λ(
1115 3457 1216 3527 τῆς
1249 3462 1546 3533 καιομένης
1571 3464 1627 3534 /.
1654 3444 1757 3520 καὶ

176 3538 239 3589 ἐκ
264 3537 380 3591 τῶν
403 3539 601 3611 χειρῶν
629 3558 745 3608 σου,
779 3541 1024 3613 βασιλεῦ,
1070 3547 1336 3613 ὲξελεῖται
1368 3554 1538 3624 ἡμᾶς.

1859 3405 2024 3462 quem
2063 3390 2344 3455 timemus,
2377 3391 2470 3462 qui
2503 3400 2588 3448 est
2613 3403 2805 3463 potens
2841 3393 3055 3462 eripere
3090 3409 3192 3449 nos
3229 3394 3297 3451 de
3329 3394 3447 3450 for-

1860 3497 1997 3537 nace
2022 3482 2165 3554 ignis
2188 3481 2502 3549 ardente,et
2516 3482 2584 3539 de
2612 3485 2865 3541 manibus
2889 3484 3017 3554 tuis,
3049 3501 3167 3553 rex,
3193 3486 3449 3543 liberabit

1861 3586 1986 3627 1108.

244 3652 336 3708 18.
368 3653 481 3708 Καὶ
502 3656 624 3709 τότε
656 3661 889 3733 φανερόν
929 3679 1010 3715 σοι
1045 3662 1199 3719 ἔσται
1224 3669 1292 3736 Χ
1322 3667 1544 3739 βασιλεῦ
1575 3671 1632 3741 /.
1671 3672 1755 3727 ὅτι

1930 3666 2017 3721 18.
2050 3666 2117 3722 Et
2150 3677 2282 3724 tunc
2302 3667 2653 3724 manifestum
2674 3670 2771 3725 tibi
2793 3671 2921 3736 erit,
2952 3686 3071 3738 rex,
3105 3686 3235 3743 quia
3268 3686 3446 3742 neque

171 3740 290 3797 οὔτε
333 3744 414 3816 τῷ
450 3746 655 3820 εἰδώλῳ
685 3768 779 3804 σου
805 3751 1163 3826 λατρεύομεν,
1200 3757 1324 3813 οὔτε
1361 3763 1428 3832 τῇ
1456 3740 1627 3817 είκόνι
1659 3781 1752 3819 σου

1891 3758 2063 3815 tolum
2099 3769 2253 3815 tuum
2284 3763 2540 3830 colimus,
2601 3778 2779 3833 neque
2827 3763 3124 3835 imaginem
3158 3773 3307 3821 tuam
3343 3780 3450 3821 au-

170 3836 230 3906 τῇ
262 3840 465 3909 χρυσῇ,
507 3840 574 3911 ἢν
603 3841 857 3913 ἔστησας,
893 3847 954 3899 οὐ
981 3848 1409 3921 προσκυνοῦμεν.

1891 3867 2028 3919 eam,
2055 3869 2220 3924 quam
2259 3855 2520 3920 statuisti,
2560 3855 2873 3911 adoramus.

237 3950 324 4005 19.
363 3952 495 4006 Τότε
524 3954 991 4032 Ναϐουχοδονόσορ
1031 3963 1278 4035 ἐπλήσθη
1334 3964 1530 4038 θυμοῦ,
1572 3969 1667 4024 καὶ
1715 3971 1749 4042 ὴ

168 4043 353 4135 μορφὴ
398 4044 494 4098 τοῦ
543 4047 834 4116 προσώπου
865 4052 1030 4105 αὐτοῦ
1084 4054 1353 4128 ἠλλοιώθη
1386 4059 1480 4113 ἐπὶ
1515 4060 1747 4135 Σεδρὰχ,

167 4134 372 4206 Μισὰχ,
398 4138 493 4190 καὶ
535 4138 863 4210 Ἀϐδεναγώ,
895 4144 989 4197 καὶ
1022 4144 1253 4212 ἐπέταξε
1279 4148 1480 4219 καῆναι
1516 4134 1625 4224 τὴν
1648 4152 1751 4207 κά-

167 4242 317 4293 μινον
345 4226 755 4298 ὲπταπλασίως,
786 4233 918 4305 παρ’
938 4233 968 4286 ὃ
986 4234 1094 4288 ἔδει
1120 4236 1292 4309 αὐτὴν
1324 4239 1546 4311 καῆναι.

1927 3965 2015 4021 19.
2044 3964 2199 4020 Nunc
2258 3964 2764 4023 Nabuchodonosor
2807 3967 3045 4039 repletus
3101 3977 3186 4024 est
3233 3968 3441 4037 furore,

1851 4066 1908 4112 et
1927 4066 2179 4127 aspectus
2205 4058 2359 4113 faciei
2397 4057 2517 4129 ejus
2537 4058 2853 4115 immutatus
2870 4068 2957 4115 est
2979 4076 3144 4131 super
3175 4059 3441 4127 Sedracb,

1852 4239 2047 4296 fornax
2088 4242 2396 4313 septuplum
2437 4244 2583 4298 ultra
2611 4246 2760 4315 quod
2793 4247 3081 4315 oportebat
3112 4247 3285 4316 ipsam
3312 4261 3444 4303 suc-

229 4401 320 4459 20.
352 4403 467 4458 Καὶ
502 4404 703 4475 ἄνδρας
747 4409 1133 4481 ἰσχυροτάτους
1170 4414 1281 4467 τῶν
1316 4417 1375 4470 ὲν
1408 4420 1474 4489 τῇ
1516 4419 1746 4491 δυνάμει

1891 4332 2031 4387 andi.
3313 4380 3321 4387 .

1916 4423 2008 4479 20.
2048 4423 2111 4478 Et
2139 4425 2271 4481 viris
2309 4425 2628 4484 fortissimis
2659 4442 2873 4496 eorum,
2898 4428 2992 4497 qui
3023 4439 3178 4483 erant
3201 4428 3256 4483 in
3279 4444 3440 4485 exer-

163 4492 430 4593 έπέταξε,
491 4498 927 4568 συμποδίσαντας
977 4504 1046 4571 )t(
1095 4505 1190 4559 τὸν
1246 4507 1451 4580 Σεδρὰχ
1476 4550 1493 4575 ,
1538 4512 1746 4583 Μισὰχ,

1891 4518 1964 4573 itu
1984 4520 2258 4590 praecepit,
2278 4530 2339 4575 ut
2364 4520 2635 4593 colligatis
2658 4492 2887 4592 pedibus
2917 4492 3181 4588 Sedrach,
3202 4522 3434 4592 Misach,

177 4584 478 4687 ᾎϐδεναγὼ
516 4589 575 4660 /.
616 4590 878 4661 ἐμϐαλεῖν
923 4596 1005 4658 είς
1032 4594 1132 4667 τὴν
1161 4597 1395 4668 κάμινον
1427 4601 1523 4655 τοῦ
1575 4604 1747 4675 πυρὸς

1891 4584 2458 4683 ιῡόεηεεο-ἰηῖίοετεηι
2480 4584 2535 4669 in
2568 4584 2845 4672 fornacem
2878 4617 3018 4687 ignis
3039 4620 3343 4673 ardentem.
3435 4662 3441 4667 .

164 4674 257 4747 τὴν
286 4680 604 4753 καιομένηνο

1851 4148 2079 4215 Misaeh,
2114 4160 2168 4205 et
2193 4150 2491 4222 Abdenago
2522 4170 2535 4206 :
2570 4160 2626 4207 et
2659 4153 2911 4223 praecepit
2934 4161 2994 4207 ut
3019 4155 3443 4209 succenderetur
3508 4188 3538 4211 ο

226 4788 318 4844 Si.
349 4791 484 4845 Τότε
506 4795 555 4847 οί
579 4794 772 4869 ἄνδρες
791 4800 986 4855 ἐκεῖνοι
1017 4803 1497 4878 συνεποδίσθησαν,
1530 4808 1745 4882 ἔχοντες

1922 4813 2014 4870 21.
2057 4811 2214 4871 Tunc
2248 4814 2351 4870 viri
2373 4816 2448 4870 illi
2471 4818 2827 4887 compedibus
2847 4820 3012 4875 vincti
3049 4827 3199 4887 sunt,
3229 4821 3436 4878 haben-

164 4880 229 4935 τά
259 4884 586 4957 ὑποδήματα
606 4890 807 4958 αὐτῶν,
838 4893 934 4946 καὶ
960 4896 1064 4958 τὰς
1088 4897 1284 4968 τιάρας
1313 4901 1491 4955 αὐτῶν
1521 4880 1744 4964 ἐπὶτῶν

1891 4922 1932 4961 :s
1961 4908 2330 4963 calceamenta
2367 4925 2489 4974 sua,
2530 4919 2587 4965 et
2636 4911 2804 4967 tiaras
2839 4929 2969 4968 suas
3024 4930 3186 4985 super
3246 4918 3430 4988 capita

164 4975 411 5067 κεφαλῶν
440 4978 623 5033 αὐτῶν
654 4982 752 5035 σὺν
784 4983 864 5051 τῷ
904 4985 1185 5059 ἱματισμῷ
1217 4991 1428 5055 αὐτῶν,
1462 4994 1556 5046 καὶ
1584 4995 1745 5067 ἐϐλή-

166 5063 329 5161 θησαν
355 5070 449 5161 sic
477 5070 578 5141 τὴν
610 5073 844 5144 κάμινον
873 5079 941 5145 Χ
968 5077 1063 5131 τοῦ
1093 5082 1262 5152 πυρὸς
1292 5083 1393 5155 τὴν
1422 5063 1736 5161 καιομένην.

225 5156 315 5249 22.
354 5159 573 5233 Ἐπειδὴ
606 5163 668 5216 τὸ
700 5165 1028 5237 πρόσταγμα
1068 5170 1165 5224 τοῦ
1206 5171 1472 5242 βασιλέως
1500 5156 1694 5249 ἤπειγε
1721 5198 1736 5214 ·

166 5246 251 5335 καὶ
277 5249 309 5319 ἡ
340 5250 573 5320 κάμινος
604 5253 869 5327 ἐξεκαύθη
905 5257 1046 5330 ὑπὲρ
1082 5260 1143 5313 τὸ
1174 5263 1433 5335 πρότερον
1458 5246 1737 5325 ἑπταπλα-

167 5334 306 5404 σίως,
347 5341 443 5392 καὶ
473 5341 523 5394 οἱ
550 5342 743 5413 ἄνδρες
762 5346 812 5397 οί
842 5334 1351 5421 προχειρισθέντες,
1371 5360 1736 5425 συμποδίσαν⁴

1850 5016 1946 5054 sua
1980 5016 2105 5055 cum
2139 5003 2468 5060 vestimento
2493 5020 2616 5076 suo,
2640 5016 2694 5062 et
2723 5007 2872 5063 missi
2909 5016 3037 5063 sunt
3066 5009 3119 5062 in
3148 5008 3429 5067 fornacem

1850 5091 1990 5163 ignis
2026 5094 2329 5151 ardentem.
2431 5114 2436 5118 ·

1916 5184 2009 5239 22.
2053 5185 2191 5252 Quia
2246 5187 2561 5244 mandatum
2610 5193 2754 5261 regis
2785 5191 3009 5262 urgebat
3050 5208 3065 5246 :
3130 5202 3186 5249 et
3227 5195 3427 5251 fornax

1846 5292 2112 5333 succensa
2147 5287 2265 5333 erat
2289 5280 2414 5349 plus
2439 5297 2602 5352 quam
2635 5292 2796 5337 antea
2825 5285 3168 5353 septuplum;
3213 5294 3269 5341 et
3294 5288 3422 5352 viri,

1846 5370 1937 5439 qui
1962 5369 2104 5439 jussi
2137 5370 2353 5426 fuerant
2381 5389 2506 5428 cum
2528 5373 2892 5430 revinxissent
2932 5391 3050 5443 eos,
3080 5386 3134 5433 et
3164 5378 3426 5437 adduxis-

164 5441 247 5534 τες
278 5430 476 5534 αὐτοὺς
504 5434 596 5487 καὶ
620 5441 1062 5509 προσαγαγόντες
1082 5447 1150 5517 τῇ
1178 5447 1392 5519 καμίνῳ
1412 5450 1736 5510 ὲνεϐάλοσαν

1891 5472 1966 5519 :nt
1988 5466 2055 5520 ad
2086 5464 2385 5534 fornacem,
2415 5468 2757 5523 immiserunt
2800 5468 2856 5523 in
2888 5484 3031 5525 eam.
3080 5526 3083 5527 ν

164 5518 237 5580 εἰς
262 5520 449 5593 αὑτήν.

228 5629 314 5686 25.
350 5635 491 5700 Τοὺς
515 5636 617 5709 μὲν
641 5633 736 5695 οὖν
764 5642 962 5715 ἄνδρας
995 5645 1123 5710 τοὺς
1144 5651 1579 5721 συμποδίσαντας
1607 5660 1734 5724 τοὺς

166 5725 289 5792 περὶ
307 5725 395 5781 τὸν
429 5728 690 5803 ’ᾼζαρίαν
722 5733 1009 5800 ἐξελθοῦσα
1039 5740 1073 5810 ή
1105 5740 1236 5811 φλὸξ
1264 5744 1329 5799 ἐκ
1347 5744 1449 5817 τῆς
1477 5751 1729 5822 καμίνου,

1910 5662 2003 5719 25.
2048 5661 2210 5721 Viros
2236 5666 2419 5737 igitur,
2453 5666 2546 5736 qui
2574 5670 2931 5739 compedibus
2978 5672 3267 5730 vinxerant
3297 5684 3437 5741 eos,‘

1841 5756 1936 5827 qui
1965 5767 2123 5817 erant
2150 5774 2275 5815 cum
2305 5758 2522 5827 Azaria,
2569 5775 2789 5833 egressa
2824 5764 3045 5824 flamma
3081 5769 3150 5827 de
3197 5766 3421 5826 fornace
