4390 6222
932 273 1069 336 2137

929 385 1174 439 incendit
1206 421 1222 446 ,

998 567 1090 623 at.
1135 567 1226 624 Sic
1256 583 1388 640 ergo
1417 581 1674 639 precatus
1701 579 1786 626 est
1813 571 2078 634 Ananias,
2099 580 2154 625 et
2179 571 2424 638 Azarias,
2453 581 2509 626 et

935 657 1143 724 Blisael,
1191 669 1245 714 et
1273 659 1634 717 landaverunt
1665 660 1976 728 Dominum,
2017 663 2237 733 quando
2274 678 2373 719 eos
2407 677 2508 718 rex

933 749 1094 817 jussit
1123 751 1342 804 immitti
1375 751 1428 804 in
1465 750 1766 806 fornacem.

1004 860 1095 914 25.
1136 861 1301 917 Stans
1328 871 1508 916 autem
1535 863 1758 919 Azarias
1785 874 2038 936 precatus
2063 875 2144 920 est
2175 866 2278 931 sic,
2305 875 2360 922 et
2380 883 2508 938 ape-

934 953 1084 1008 riens
1139 969 1202 1008 os
1255 969 1440 1016 suum,
1481 957 1843 1010 confitebatur
1894 956 2124 1011 Domino
2162 957 2327 1012 simul
2380 974 2503 1014 cum

935 1044 1215 1100 sodalibus
1261 1045 1378 1100 suis
1422 1047 1476 1101 in
1517 1049 1697 1102 medio
1739 1049 1862 1118 igne
1899 1048 2139 1105 fornacis
2171 1065 2446 1107 succensa:
2474 1069 2505 1108 a

933 1133 1203 1190 Chaldaeis
1235 1136 1602 1202 vehementer,
1629 1146 1683 1192 et
1709 1138 1964 1194 dixerunt
1997 1156 2011 1192 :

1001 1315 1094 1372 26.
1133 1315 1460 1372 Benedictus
1494 1333 1575 1384 es,
1612 1316 1841 1374 Domine
1869 1317 2009 1376 Deus
2045 1330 2260 1391 patrum
2288 1331 2505 1378 nostro-

936 1419 1056 1460 rtnn
1088 1445 1104 1470 ,
1147 1414 1205 1460 et
1258 1407 1529 1461 laudabile
1600 1416 1656 1461 et
1699 1407 1997 1478 gloriosum
2044 1425 2241 1466 nomen
2265 1422 2416 1467 tuum
2449 1413 2504 1467 in

935 1498 1160 1552 sarcula.

1003 1613 1094 1669 27.
1137 1612 1272 1680 Quia
1295 1613 1478 1682 justus
1501 1628 1561 1668 es
1599 1613 1654 1668 in
1685 1614 1962 1678 omnibus,
1984 1631 2106 1687 qua:
2134 1615 2307 1672 fecisti
2326 1617 2502 1684 nobis,

935 1715 990 1759 et
1017 1705 1202 1760 omnia
1229 1719 1392 1777 opera
1430 1715 1519 1759 tua
1555 1720 1705 1773 vera,
1729 1716 1784 1761 et
1812 1707 1913 1762 viae
1937 1717 2041 1763 tua:
2075 1718 2255 1775 rectae,
2296 1720 2352 1765 et
2380 1725 2502 1766 om-

937 1793 1027 1850 nia
1051 1796 1258 1866 judicia
1287 1805 1380 1851 tua
1403 1810 1555 1850 vera.

1004 1910 1096 1966 τε.
1141 1909 1208 1964 Et
1233 1909 1437 1979 judicia
1467 1910 1714 1966 veritatis
1739 1909 1913 1967 fecisti
1964 1912 2264 1968 secundum
2301 1917 2508 1984 omnia,

935 2019 1059 2074 qua:
1085 2004 1356 2057 adduxisti
1389 2003 1571 2070 nobis,
1605 2011 1660 2058 et
1695 2018 1858 2073 super
1883 2004 2159 2060 civitatem
2199 2015 2349 2062 tuam
2383 2025 2512 2064 san-

935 2105 1080 2149 ctam
1113 2104 1328 2164 patrum
1380 2105 1692 2149 nostrorum
1745 2093 2094 2151 Jerusalem:
2143 2098 2401 2167 quoniam
2454 2101 2508 2155 in

938 2186 1163 2241 veritate
1217 2195 1277 2240 .et
1304 2185 1513 2257 judicio
1537 2185 1715 2242 fecisti
1750 2187 1932 2242 omnia
1963 2187 2076 2242 haec
2111 2198 2331 2259 propter
2383 2204 2512 2261 pec-

936 2287 1056 2333 cata
1097 2286 1304 2333 nostra.

1005 2370 1100 2426 29.
1141 2367 1416 2436 Quoniam
1443 2369 1793 2440 peccavimus
1832 2368 1887 2424 in
1934 2369 2215 2436 omnibus,
2243 2383 2297 2428 et
2329 2372 2512 2444 inique

936 2460 1148 2530 egimus
1184 2459 1515 2516 discedendo
1541 2475 1573 2514 a
1608 2469 1659 2516 te
1691 2499 1707 2526 ,
1755 2469 1811 2516 et
1849 2462 2196 2532 peccavimus
2243 2464 2296 2517 in
2334 2465 2513 2520 omni-

937 2551 1069 2608 bus.

1007 2643 1101 2702 50.
1143 2644 1208 2699 Et
1234 2640 1506 2699 mandatis
1531 2641 1667 2713 legis
1708 2655 1814 2698 tua:
1851 2660 1958 2700 non
1996 2645 2396 2710 obaudivimus,
2420 2663 2513 2704 ne-

938 2750 1047 2805 que
1071 2735 1506 2800 observavimus,
1539 2749 1714 2805 neque
1746 2733 1978 2792 fecimus
2015 2736 2162 2792 sicut
2208 2740 2513 2810 praxepisti

940 2826 1122 2890 nobis,
1155 2835 1214 2879 tit
1243 2826 1380 2880 bene
1409 2826 1568 2880 nobis
1599 2837 1767 2882 esset.

1009 2918 1098 2972 5f.
1141 2917 1207 2972 Et
1235 2933 1381 2973 nunc
1425 2920 1608 2973 omnia
1641 2935 2002 2991 quacumque
2031 2921 2190 2979 nobis
2229 2922 2511 2992 induxisti,

1990 269 2464 329 llEXAPLORUM
2501 269 2670 336 ρυλε
2707 267 3141 327 SUPERSUNT.

1306 393 1361 438 et
1433 381 1725 450 interfecit,
1789 384 1892 454 ipsi
1945 396 2125 440 autem
2198 386 2506 440 conservati
2537 385 2899 456 Αένεπύρισε
2931 384 3025 437 καὶ

2458 386 2506 438 ti
2537 395 2582 448 Α
2611 385 2899 456 ἐνεπύρισε
2931 384 3025 437 καὶ
3055 383 3390 448 ἀπέκτεινεν,
3427 381 3584 437 αὐτοὶ
3621 381 3678 435 δὲ
3719 377 4192 452 συνετηρήθησαν.

4047 261 4195 320 2788

2682 562 2774 616 Ἡ.
2808 561 2996 625 Οὕτως
3015 558 3108 614 οὖν
3131 561 3475 631 προσηύξατο
3507 561 3776 623 Ἀνανίας,
3800 559 4196 629 καὶἋζαρίας,

2614 657 2708 709 καὶ
2728 655 2980 726 Μισαήλ·
3023 655 3119 708 καὶ
3157 653 3408 724 ὕμνησαν
3452 652 3530 722 τῷ
3565 653 3787 723 Κυρίῳ,
3821 653 3909 706 ὅτε
3939 651 4142 714 αὐτοὺς
4166 651 4198 704 ὁ

2615 745 2865 817 βασιλεὺς
2891 743 3217 817 προσέταξεν
3237 743 3573 815 ἐμϐληθῆναι
3599 746 3678 806 είς
3705 744 3803 810 τὴν
3831 742 4084 811 κάμινον.

2682 859 2773 915 25.
2801 858 2941 921 Στὰς
2955 858 3012 912 δέ
3044 856 3301 929 Ἀζαρίας
3329 855 3677 927 προσηύξατο
3698 854 3891 917 οὕτως,
3926 855 4024 908 καὶ
4045 852 4196 905 ἀνοί-

2613 951 2710 1020 ξας
2736 952 2797 1005 τὸ
2822 951 2996 1021 στόμα
3042 948 3230 1013 αὐτοῦ,
3287 947 3674 1018 ἐξωμολογεῖτο
3721 945 3804 1016 τῷ
3835 945 4024 1014 Κυρίῳ
4071 945 4195 1012 ἅμα

2610 1047 2721 1109 τοῖς
2752 1045 3090 1116 συνεταίροις
3122 1043 3309 1109 αὑτοῦ,
3335 1046 3392 1096 ἐν
3422 1043 3572 1114 μέσῳ
3597 1043 3674 1110 τῷ
3701 1042 3832 1111 πυρὶ
3862 1039 4194 1107 ὕποκαιομέ·

2611 1157 2710 1210 νης
2740 1139 2842 1210 τῆς
2891 1139 3126 1210 καμίνου
3185 1137 3290 1191 ὑπὸ
3331 1137 3439 1190 τῶν
3477 1136 3758 1191 Χαλδαίων
3808 1134 4035 1204 σφόδρα,
4093 1132 4195 1185 καὶ

2611 1226 2794 1285 εἶπανο

2679 1321 2770 1375 26.
2803 1321 3104 1392 Εὐλογητὸς
3123 1317 3198 1390 εί,
3214 1321 3386 1390 Κύριε
3413 1323 3441 1374 ὁ
3459 1318 3590 1384 Θεὸς
3604 1318 3713 1372 τῶν
3737 1317 3989 1387 πατέρων
4007 1314 4192 1386 ἡμῶν.

2611 1411 2704 1464 καὶ
2732 1412 2941 1466 αἰνετὸν
2967 1415 3061 1467 καὶ
3081 1411 3471 1483 δεδοξασμένον
3507 1409 3566 1463 τὺ
3602 1407 3774 1480 ὄνομά
3811 1423 3904 1460 σου
3942 1405 4028 1467 είς
4065 1404 4197 1466 τοὺς

2610 1519 2834 1565 αιωνας.

2679 1617 2774 1670 27.
2799 1618 2921 1671 Ὅτι
2950 1617 3158 1680 δίκαιος
3188 1611 3241 1670 εἴ
3261 1615 3353 1669 ἐπὶ
3379 1616 3565 1678 πᾶσιν,
3595 1607 3676 1676 οἷς
3718 1610 3982 1681 ἐποίησας
4030 1610 4193 1679 ἡμῖν.

2612 1708 2708 1762 καὶ
2738 1708 2916 1762 πάντα
2933 1708 3003 1761 τά
3033 1708 3168 1781 ἔργα
3195 1725 3289 1761 σου
3321 1706 3572 1778 ἀληθινὰ,
3609 1706 3704 1760 καὶ
3740 1707 3795 1759 αἱ
3823 1703 3931 1756 ὁδοί
3959 1719 4056 1756 σου
4103 1702 4197 1754 εὐ-

2614 1799 2776 1864 θεῖαι,
2814 1797 2908 1852 καὶ
2941 1799 3116 1852 πᾶσαι
3145 1799 3203 1852 αἱ
3235 1797 3443 1870 κρίσεις
3474 1813 3569 1849 σου
3599 1793 3866 1866 ἀληθιναί.

2677 1909 2766 1968 28.
2793 1913 2904 1966 Kal
2940 1912 3182 1984 κρίματα
3225 1910 3484 1983 ἀληθείας
3536 1909 3797 1981 ἐποίησας
3833 1907 3980 1962 κατά
4014 1905 4196 1960 πάντα

2609 2001 2647 2057 ἃ
2669 2005 2947 2076 ἐπήγαγες
2973 2006 3128 2077 ήμῖν,
3153 2004 3248 2058 καὶ
3273 2005 3367 2058 ἐπὶ
3409 2004 3510 2073 τὴν
3556 2003 3711 2057 πόλιν
3755 2018 3846 2054 σου
3876 2000 3978 2072 τὴν
4029 1998 4199 2067 ἀγίαν

2609 2094 2709 2166 τὴν
2740 2095 2849 2148 τῶν
2876 2095 3128 2167 πατέρων
3173 2096 3330 2167 ἡμῶν
3363 2095 3734 2166 Ἰερουσαλήμ.
3778 2092 3920 2144 Διότι
3971 2091 4033 2143 ἐν
4061 2089 4200 2161 ἀλη-

2613 2185 2736 2257 θεία
2783 2184 2877 2239 καὶ
2899 2186 3080 2259 κρίσει
3097 2185 3357 2256 ἐποίησας
3375 2187 3552 2240 πάντα
3580 2186 3749 2241 ταῦτα
3770 2183 3858 2237 διὰ
3889 2184 3990 2246 τάς
4013 2183 4199 2252 ἀμαρ-

2611 2277 2728 2342 τίας
2758 2278 2936 2349 ἡμῶν.

2682 2369 2772 2424 29.
2805 2370 2927 2423 Ὅτι
2981 2368 3302 2441 ἡμάρτομεν
3356 2369 3414 2422 ἐν
3457 2369 3632 2434 πᾶσι,
3697 2367 3790 2422 καὶ
3831 2367 4200 2438 ήνομήσαμεν

2611 2465 2914 2536 ἀποστῆναι
2943 2463 3051 2518 ἀπό
3085 2481 3178 2516 σου
3232 2463 3324 2518 καὶ
3362 2463 3745 2535 ἐξημάρτομεν
3771 2464 3828 2515 ἐν
3859 2463 4025 2518 πᾶσι.

2682 2645 2772 2700 50.
2812 2645 2923 2699 Kal
2947 2646 3054 2700 τῶν
3081 2647 3312 2702 ἐντολῶν
3343 2645 3434 2700 τοῦ
3468 2649 3636 2716 νόμου
3671 2662 3765 2698 σου
3801 2646 3902 2714 οὐχ
3945 2644 4196 2714 ὑπηκού-

2615 2754 2809 2808 σαμεν,
2832 2737 2956 2791 οὑδέ
2995 2739 3457 2808 συνετηρήσαμεν,
3479 2737 3599 2789 οὐδὲ
3625 2737 3981 2808 ἐποιήσαμεν,
4009 2737 4198 2800 andi;

2615 2828 2862 2882 ἐνετείλω
2894 2831 3045 2901 ἡμῖν,
3075 2829 3166 2883 ἵνα
3197 2825 3256 2882 εὗ
3289 2830 3420 2899 ἡμῖν
3447 2826 3695 2898 γένηται.

2683 2920 2773 2976 5|.
2809 2921 2916 2974 Kal
2948 2920 3041 2973 νῦν
3065 2921 3241 2974 πάντα
3272 2920 3373 2974 ὅσα
3397 2920 3528 2990 ἡμῖν
3553 2921 3854 2990 ἐπήγαγες,
3889 2919 3990 2972 καὶ
4014 2918 4200 2972 πάντα

936 3021 993 3062 ct
1015 3010 1197 3064 omnia
1224 3024 1582 3081 quaecumque
1607 3009 1787 3067 fecisti
1828 3012 1984 3070 nobis
2039 3014 2094 3069 in
2140 3031 2270 3071 vero
2303 3017 2512 3086 judicio
2555 3083 2579 3086 Α
2614 3013 2670 3067 ὅσ

2311 3017 2512 3086 iudicio
2555 3083 2579 3086 Α
2614 3013 2716 3067 ὅσα
2748 3012 3011 3084 ἐποίησας
3031 3013 3184 3085 ήμῖν,
3199 3014 3255 3066 ἐν
3284 3011 3512 3086 ἀληθινῇ
3545 3016 3726 3083 κρίσει
3757 3011 4045 3083 ἐποίησας.

941 3102 1147 3156 fecisti.

1013 3195 1103 3249 5'3.
1147 3191 1211 3248 Et
1245 3192 1515 3249 tradidisti
1563 3209 1666 3250 nos
1711 3211 1764 3249 tn
1814 3211 2011 3252 manus
2046 3197 2394 3257 inimicorum
2424 3219 2515 3257 no-

943 3293 1184 3339 strorum
1213 3283 1524 3355 iniquorum
1546 3324 1562 3349 ,
1604 3293 1660 3340 et
1695 3285 2202 3344 inimicissimorum
2235 3302 2513 3361 apostata-

945 3391 1089 3440 rum,
1117 3384 1172 3430 et
1197 3376 1311 3447 regi
1341 3375 1533 3448 iniquo
1613 3385 1670 3432 et
1715 3379 2053 3449 nequissimo
2100 3396 2261 3454 supra
2296 3399 2513 3443 omnem

945 3477 1173 3523 terram.

1015 3560 1105 3614 55.
1147 3558 1212 3614 Et
1241 3573 1388 3616 nunc
1413 3575 1521 3616 non
1549 3559 1676 3617 licet
1698 3561 1858 3619 nobis
1900 3563 2113 3634 aperire
2149 3581 2212 3621 os
2254 3583 2268 3622 :
2318 3568 2515 3624 confu-

945 3650 1031 3704 sio
1057 3661 1109 3706 et
1157 3651 1506 3722 exprobratio
1531 3654 1672 3709 facta
1704 3663 1788 3710 est
1831 3669 2114 3710 servorum
2182 3666 2423 3726 tuorum,
2463 3670 2519 3718 et

887 3782 892 3790 .
945 3743 1244 3798 colentium
1273 3753 1348 3802 te.

1017 3835 1108 3888 54.
1149 3832 1226 3889 Ne
1249 3833 1435 3893 tradas
1467 3852 1567 3892 nos
1589 3837 1643 3891 in
1676 3836 1840 3893 finem
1868 3847 2089 3910 propter
2123 3855 2320 3896 nomen
2339 3851 2493 3898 tuum

947 3933 1002 3981 et
1023 3941 1093 3980 ne
1111 3926 1347 3996 dissipes
1366 3935 1754 3984 testamentum
1789 3939 1965 3986 tuum.
2029 3946 2040 3952 '

1019 4014 1109 4069 55.
1153 4014 1219 4070 Et
1245 4031 1313 4071 ne
1337 4027 1556 4071 avertas
1615 4017 2046 4074 misericordiam
2103 4031 2250 4074 tuam
2303 4035 2334 4074 a
2365 4023 2520 4079 nobis

950 4119 1171 4179 propter
1192 4107 1466 4163 Abraham
1494 4109 1753 4164 dilectum
1774 4127 1806 4166 a
1832 4121 1904 4175 te,
1925 4121 1980 4166 et
1995 4121 2214 4183 propter
2233 4110 2383 4169 Isaac
2403 4131 2521 4171 ser-

950 4214 1078 4252 vum
1114 4206 1292 4264 tuum,
1317 4206 1372 4252 et
1399 4197 1564 4253 Israel
1589 4208 1837 4254 sanctum
1864 4209 2036 4254 tuum.

1020 4291 1109 4344 56.
1150 4288 1614 4356 Quemadmodum
1661 4292 1918 4361 loquutus
1958 4305 2017 4346 es
2050 4290 2115 4344 ad
2161 4305 2279 4356 eos,
2308 4290 2520 4357 dicens,

2684 3193 2774 3248 52.
2800 3193 2911 3247 Kal
2936 3192 3256 3264 παρέδωκας
3277 3195 3423 3268 ἡμᾶς
3455 3193 3536 3256 είς
3567 3194 3757 3263 χεῖρας
3785 3192 4004 3263 ἐχθρῶν
4036 3195 4202 3265 ἡμῶν

2615 3281 2854 3352 ἀνόμων,
2888 3281 2983 3334 xal
3010 3280 3271 3351 ἐχθίστων
3293 3281 3634 3345 ἀποστατῶν,
3667 3281 3760 3333 καὶ
3786 3283 4004 3353 βασιλεῖ
4025 3287 4202 3358 ἀδίκῳ

2617 3371 2712 3424 καὶ
2738 3369 3091 3441 πονηροτάτῳ
3113 3369 3262 3441 παρά
3295 3371 3473 3423 πᾶσαν
3509 3371 3610 3441 τὴν
3640 3370 3745 3440 γῆν

2689 3555 2778 3609 55.
2810 3555 2922 3609 Kal
2951 3552 3046 3608 νῦν
3071 3553 3172 3606 οὐκ
3194 3552 3338 3607 ἐστιν
3373 3556 3506 3626 ἡμῖν
3533 3553 3740 3619 ἀνοῖξαι
3775 3570 3837 3609 το
3873 3555 4080 3626 στόμαο
4110 3557 4200 3611 al-

2620 3648 2788 3720 σχὺνη
2815 3650 2910 3703 καὶ
2939 3648 3137 3712 θνειδος
3163 3647 3392 3718 ἐγενήθη
3419 3646 3528 3701 τῶν
3563 3646 3764 3701 δούλων
3807 3665 3904 3700 σου
3963 3651 4060 3702 καὶ
4088 3649 4204 3702 τῶν

2620 3740 2928 3812 σεϐομένων
2955 3756 3035 3794 σε.

2689 3835 2779 3889 54.
2808 3832 2899 3904 Μὴ
2929 3829 3182 3904 παραδῷς
3206 3831 3356 3902 ἡμᾶς
3378 3835 3459 3895 είς
3480 3828 3628 3895 τέλος
3662 3831 3753 3885 διά
3784 3831 3846 3886 τὸ
3872 3831 4052 3904 ὄνομά
4081 3849 4201 3899 σου,

2621 3926 2714 3979 καὶ
2745 3924 2820 3996 μὴ
2848 3923 3206 3996 διασκεδάσῃς
3235 3940 3329 3976 σου
3354 3923 3454 3995 τὴν
3479 3923 3766 3994 διαθήκην.

2691 4018 2780 4072 55.
2814 4019 2921 4071 Kal
2948 4017 3024 4088 μὴ
3061 4016 3374 4088 ἀποστήσῃς
3408 4016 3471 4069 τὸ
3501 4016 3648 4080 ἔλεός
3672 4033 3764 4069 σου
3792 4016 3887 4084 ἀφ’
3915 4015 4082 4086 ήμῶν
4115 4015 4204 4070 διά

2633 4106 2882 4179 ’Δὸραάμ
2928 4107 3021 4161 τὸν
3073 4108 3430 4178 ἠγαπημένον
3467 4108 3574 4162 ὑπό
3603 4125 3718 4172 σου,
3753 4109 3846 4160 καὶ
3871 4107 3961 4161 διὰ
4014 4109 4206 4160 Ἰσαὰκ

2621 4201 2712 4254 τὸν
2740 4199 2924 4254 δοῦλόν
2959 4215 3076 4260 σου.
3110 4200 3204 4252 καὶ
3233 4198 3450 4269 Ἰσραὴλ
3478 4203 3568 4252 τὸν
3595 4199 3749 4267 ἀγιὸν
3783 4215 3898 4254 σου.

2694 4292 2783 4348 56.
2823 4291 2911 4354 Ὠς
2938 4291 3204 4360 ἐλάλησας
3231 4291 3365 4362 πρὸς
3395 4292 3593 4346 αὐτοὺς
3623 4291 3819 4360 λέγων,
3856 4292 4206 4362 πολυπληθῦ-

951 4380 1097 4449 quod
1119 4379 1571 4450 multiplicaretur
1596 4396 1781 4438 semen
1806 4397 1996 4437 eorum
2027 4381 2186 4451 quasi
2211 4381 2379 4436 stella
2393 4381 2517 4436 cadi
2553 4422 2597 4478 υ
2624 4404 2685 4439 να

2475 4381 2517 4435 ιιί
2553 4422 2597 4478 D
2624 4403 2711 4439 ναι
2735 4385 2797 4438 τὸ
2823 4384 3042 4455 σπέρμα
3075 4384 3254 4438 αὐτῶν
3299 4382 3376 4446 ὡς
3407 4383 3477 4437 τά
3504 4383 3678 4454 ἄστρα
3714 4383 3809 4437 τοῦ
3840 4385 4077 4455 οὐρανοῦ
4130 4386 4209 4455 τῷ

954 4473 1322 4538 multitudine,
1352 4482 1407 4529 et
1437 4474 1595 4546 quasi
1619 4488 1807 4540 arena,
1845 4488 1968 4544 qua:
1993 4482 2078 4530 est
2108 4473 2176 4528 ad
2218 4489 2371 4528 oram
2403 4487 2519 4528 ma-

955 4581 1051 4620 HS.

1025 4655 1117 4712 57.
1157 4653 1318 4722 Quia,
1348 4655 1594 4721 Domine,
1627 4656 1882 4711 minorati
1907 4671 2101 4712 sumus
2135 4670 2244 4724 pra
2265 4654 2522 4710 omnibus

957 4747 1231 4818 gentibus,
1244 4759 1298 4803 et
1319 4764 1510 4804 sumus
1540 4747 1772 4804 humiles
1803 4748 1857 4802 in
1875 4747 2022 4802 omni
2047 4753 2190 4801 terra
2209 4745 2366 4801 hodie
2394 4760 2522 4815 pro-

959 4849 1078 4910 pter
1107 4851 1328 4910 peccata
1360 4849 1568 4894 nostra.

1027 4933 1116 4988 58.
1155 4930 1222 4986 Ει
1255 4947 1364 4986 non
1396 4941 1479 4986 est
1511 4932 1562 4985 in
1593 4940 1837 5001 tempore
1866 4931 1969 4986 hoc
2010 4930 2282 5002 princeps,
2315 4936 2371 4984 et
2399 4943 2524 4996 pro-

958 5025 1142 5095 pheta,
1167 5039 1342 5094 neque
1370 5023 1500 5090 dux,
1533 5039 1707 5093 neque
1729 5022 2318 5091 holocaustum,neque
2356 5020 2526 5075 sacri-

2625 4475 2841 4547 πλήθει,
2873 4475 2967 4528 καὶ
2988 4473 3063 4538 ὡς
3084 4474 3183 4545 τὴν
3206 4475 3390 4546 ἄμμον
3415 4475 3514 4547 τὴν
3534 4474 3684 4546 παρά
3703 4475 3762 4528 τὸ
3781 4475 3957 4546 χεῖλος
3981 4478 4084 4547 τῆς
4110 4477 4211 4530 θα-

2625 4565 2848 4636 λάσσης.

2696 4657 2783 4712 57.
2818 4657 2962 4720 Ὅτι,
2987 4654 3254 4719 Δέσποτα,
3275 4653 3718 4726 ἐσμικρύνθημεν
3742 4654 3898 4726 παρὰ
3922 4659 4110 4711 πάντα
4140 4659 4211 4712 τὰ

2627 4748 2778 4818 ἔθνη,
2829 4748 2925 4801 καὶ
2978 4746 3146 4817 ἐσμὲν
3188 4747 3434 4801 ταπεινοὶ
3459 4747 3520 4801 ἐν
3548 4746 3699 4821 πάσῃ
3739 4749 3807 4819 τῇ
3849 4750 3922 4820 γῇ
3960 4749 4214 4822 σήμερον

2630 4843 2717 4896 διά
2734 4841 2832 4905 τὰς
2861 4842 3136 4913 ἀμαρτίας
3164 4840 3342 4912 ἡμῶν.

2701 4935 2789 4990 58.
2819 4933 2929 4987 Kal
2947 4933 3046 4987 οὐκ
3077 4932 3223 4986 ἐστιν
3257 4935 3314 4986 ἐν
3343 4932 3421 5003 τῷ
3460 4933 3637 5004 καιρῷ
3680 4932 3857 5004 τούτῳ
3885 4934 4079 5004 ἄρχων
4119 4939 4220 4990 καὶ

2633 5023 2937 5094 προφήτης,
2963 5022 3085 5075 οὐδὲ
3117 5021 3451 5092 ἡγούμενος,
3480 5023 3601 5075 οὐδὲ
3648 5021 4039 5088 ὁλοκαύτωσις,
4089 5025 4221 5076 sibi

960 5117 1170 5182 ficium,
1194 5131 1369 5186 neque
1393 5117 1811 5186 oblatio,neqtte
1839 5117 2142 5183 incensum,
2173 5128 2350 5184 neque
2377 5113 2528 5169 locus
2635 5113 2694 5165 θυ

2486 5130 2528 5166 Ia
2635 5112 2816 5175 θυσία,
2845 5111 2963 5164 οὐδὲ
2991 5112 3298 5183 προσφορὰ,
3322 5110 3442 5165 οὑδέ
3464 5112 3732 5182 θυμίαμα,
3757 5111 3876 5165 οὐδὲ
3907 5114 4079 5176 τόπος
4122 5113 4220 5167 τοῦ

960 5207 1221 5262 offerendi
1253 5207 1307 5261 in
1340 5217 1628 5278 conspectu
1661 5218 1774 5264 tuo.

1034 5297 1122 5352 59.
1164 5296 1232 5353 Et
1256 5298 1555 5354 inveniendi
1593 5299 2021 5356 misericordiam
2059 5316 2074 5354 :
2123 5298 2216 5353 sed
2261 5297 2315 5351 in
2348 5296 2528 5352 anima

963 5390 1347 5457 contribulata,
1378 5400 1433 5448 et
1461 5392 1656 5462 spiritu
1697 5392 1978 5448 humiliato
2008 5391 2386 5462 suscipiamur.

1033 5527 1124 5581 40.
1165 5526 1332 5593 Quasi
1364 5529 1417 5584 in
1450 5531 1777 5586 holocaustis
1799 5531 2049 5598 arietum,
2071 5537 2126 5586 et
2159 5537 2535 5593 taurorum,et

965 5619 1122 5689 quasi
1152 5619 1207 5674 in
1237 5620 1476 5678 millibus
1503 5637 1763 5693 agnorum
1792 5624 2070 5694 pinguium
2101 5643 2112 5678 :
2142 5623 2219 5678 sic
2247 5624 2339 5677 fiat
2361 5623 2533 5676 sacria

2635 5202 2926 5275 καρπῶσαι
2949 5203 3179 5256 ἐνώπιόν
3209 5221 3322 5258 σου.

2709 5296 2795 5352 59.
2827 5297 2938 5350 Kal
2957 5297 3140 5368 εὑρεῖν
3157 5295 3305 5360 ἐλεος
3322 5312 3336 5328 ο
3367 5297 3481 5350 ἀλλ’
3505 5298 3561 5351 ἐν
3583 5297 3726 5369 ψυχῇ
3749 5301 4226 5370 συντετριμμένῃ,

2638 5390 2731 5444 καὶ
2763 5390 3031 5461 πνεύματι
3061 5391 3514 5462 τεταπεινωμένῳ
3545 5390 4032 5462 προσδεχθείημεν.

2710 5525 2798 5580 40.
2836 5526 2925 5588 Ὦς
2963 5527 3020 5578 ἐν
3051 5525 3465 5597 ὁλοκαυτώμασι
3495 5526 3664 5598 κριῶν
3706 5526 3802 5578 καὶ
3831 5525 4079 5597 ταύρων.
4132 5527 4232 5580 καὶ

2639 5616 2713 5680 ὼς
2751 5619 2808 5670 ἐν
2842 5617 3101 5689 μυριάσιν
3132 5617 3311 5689 ἀρνῶν
3355 5617 3583 5670 πιόνωνο
3613 5617 3754 5670 οὕτω
3782 5617 4030 5682 γενέσθω
4061 5619 4232 5687 ήμιίνι

970 5710 1151 5770 ﬁcium
1181 5723 1425 5770 nostrum
1451 5715 1504 5770 in
1538 5725 1829 5787 conspectu
1855 5726 1948 5774 tuo
1966 5716 2144 5783 hodie,
2170 5725 2224 5772 et
2256 5714 2530 5786 propitiari
2643 5712 2678 5782 ἡ

2496 5715 2530 5768 ri
2643 5712 2678 5782 ἡ
2711 5709 2871 5764 θυσία
2896 5709 3124 5766 ἐνώπιόν
3164 5728 3256 5765 σου
3290 5712 3548 5784 σήμερον,
3581 5710 3675 5768 καὶ
3717 5709 3967 5776 ἐξιλᾶσαι
4001 5711 4230 5765 62:306-
