4390 6222
582 219 722 276 2789

1837 223 2086 280 DANIEL
2138 221 2367 282 CAPUT
2410 221 2502 277 lll.

3684 220 3826 276 2790

583 358 698 401 σου,
735 340 814 392 ὃτι
845 338 945 391 οὐκ
984 337 1132 391 ἔστιν
1161 338 1388 409 αἰσχύνη
1425 340 1540 404 τοῖς
1583 339 1898 394 πεποιθόσιν
1942 342 2034 394 ἐπί
2067 358 2151 395 σοι
2178 347 2224 402 Α
2253 356 2317 411 po

2093 358 2151 394 τοι
2178 347 2224 402 Α
2253 349 2374 411 post
2397 349 2468 406 te,
2498 340 2627 410 quia
2655 354 2761 392 non
2795 347 2880 393 est
2902 337 3148 394 confusio
3171 337 3571 394 conlidentibus
3601 339 3653 391 in
3688 346 3739 392 te
3771 347 3827 393 et

595 435 634 471 τ’
677 432 771 482 καὶ
797 429 1078 483 τελειῶσαι
1118 431 1341 484 ὄπισθέν
1372 448 1467 483 σου
1493 431 1550 500 /.

649 520 738 573 4|.
771 520 879 572 Kal
916 519 1011 573 νῦν
1034 519 1496 592 ἐξακολουθοῦμεν
1529 524 1588 575 ἐν
1619 521 1719 596 ὅλη
1753 523 1951 595 καρδίᾳ
1972 524 2148 594 ἡμῶν,

579 612 674 667 καὶ
704 612 1017 682 φοϐούμεθά
1045 628 1126 677 σε,
1164 614 1260 667 καὶ
1299 612 1570 686 ζητοῦμεν
1597 615 1657 668 τὸ
1678 616 1968 687 πρόσωπόν
1998 633 2112 669 σου.

653 705 741 760 42.
771 706 862 775 Μὴ
901 703 1269 776 καταισχύνῃς
1329 705 1518 775 ἡμᾶς,
1569 704 1704 758 ἀλλὰ
1757 705 1980 777 ποίησον
2031 705 2150 776 μεθ’

579 797 734 868 ἡμῶν
763 799 910 860 ἕλεος
945 797 988 852 Ι.
1021 796 1164 851 κατὰ
1191 797 1290 870 τὴν
1310 797 1612 854 ἐπιείκειάν
1648 816 1766 864 σου,
1804 799 1896 853 καὶ
1926 800 2064 854 κατὰ
2089 799 2151 852 τὸ

579 885 782 956 πλῆθος
813 885 906 940 τοῦ
941 885 1126 950 ἐλέους
1153 901 1268 939 σου.

645 977 737 1031 45.
761 978 869 1030 Kal
907 976 1089 1043 ἐξελοῦ
1116 979 1264 1049 ἡμᾶς
1289 978 1433 1031 κατὰ
1470 977 1542 1033 τὰ
1571 977 1851 1051 θαυμάσιά
1893 995 2010 1044 σου,
2054 996 2150 1038 καί

575 1068 664 1131 δὸς
691 1067 846 1132 δόξαν
873 1067 952 1138 τῷ
977 1069 1201 1140 ὀνόματί
1225 1087 1344 1134 σου,
1375 1068 1573 1142 Κύριε.

644 1160 732 1214 44.
759 1159 868 1214 Kal
893 1161 1292 1234 ἐντραπείησαν
1318 1161 1517 1226 πάντες
1541 1163 1589 1217 οῖ
1619 1161 2018 1234 ἐνδεικνύμενοι
2037 1165 2150 1228 τοῖς

558 1251 780 1314 -δούλοις
806 1268 900 1304 σου
930 1251 1094 1316 κακὰ,
1125 1252 1218 1305 καὶ
1247 1251 1780 1323 καταισχυνθείησαν
1822 1252 1930 1307 ἀπὸ
1969 1253 2150 1321 πάσης

573 1343 913 1407 δυναστείας,
939 1343 1094 1414 καὶὴ
1129 1345 1282 1415 ίσχὺς
1321 1343 1501 1398 αὐτῶν
1534 1343 1868 1416 ωντριῦείη.

644 1437 732 1491 45.
758 1435 1056 1490 Γνὼτωσαν
1091 1437 1175 1489 ὅτι
1213 1437 1281 1490 σύ
1310 1430 1363 1489 εἴ
1404 1435 1564 1507 μόνος
1602 1435 1806 1508 Κύριος
1830 1438 1858 1490 ὁ
1879 1435 2039 1503 Θεὸς,
2056 1437 2154 1491 καὶ

576 1528 783 1596 ἔνδοξος
809 1529 894 1599 ἐφ’
923 1527 1051 1600 ὅλην
1073 1526 1170 1599 τὴν
1194 1527 1537 1600 οἰκουμένην.

2251 430 2510 500 perlicere
2540 437 2662 500 post
2689 437 2760 483 te.

2321 523 2413 576 41.
2452 521 2518 576 Ει
2539 539 2687 577 nunc
2713 520 3066 591 exsequimur
3101 521 3154 574 in
3186 530 3303 575 toto
3331 521 3495 575 corde
3535 529 3743 586 nostro,
3775 532 3828 575 et

2252 614 2508 669 timemus
2542 622 2616 679 te,
2644 621 2699 668 et
2725 614 3022 684 qumrimus
3051 611 3242 668 faciem
3274 623 3444 667 tuam.

2324 707 2413 762 42.
2453 705 2532 762 Ne
2565 706 2872 761 confundas
2901 721 3024 769 nos,
3077 706 3169 760 sed
3217 704 3302 760 fac
3343 705 3631 760 nobiscum
3656 703 3823 758 misc-

2253 797 2543 852 ricordiam
2573 797 2875 852 secundum
2916 796 3390 851 mansuetudinem
3439 803 3612 861 tuam,
3648 805 3703 850 et
3735 813 3823 850 sc-

2250 887 2493 945 cundum
2520 886 2921 942 multitudinem
2955 887 3330 942 miserationis
3364 900 3490 942 tuae.

2320 979 2410 1033 45.
2451 977 2516 1032 Ει
2542 977 2712 1034 libera
2747 993 2849 1034 nos
2871 977 3168 1034 secundum
3213 978 3484 1034 mirabilia
3536 986 3650 1044 tua,
3677 989 3730 1034 et
3754 978 3822 1038 da

2250 1069 2478 1140 gloriam
2509 1069 2718 1124 nomini
2747 1077 2864 1133 tuo,
2895 1066 3142 1123 Domine.

2320 1161 2410 1217 44.
2449 1161 2515 1216 Ει
2542 1160 2947 1217 confundantur
2972 1161 3185 1227 omnes,
3207 1161 3300 1232 qui
3333 1161 3624 1216 ostendunt
3651 1161 3825 1217 servis

2250 1253 2360 1309 tuis
2379 1253 2550 1318 mala,
2606 1261 2662 1308 et
2709 1252 3119 1309 confundantur
3165 1256 3234 1308 ab
3290 1254 3440 1309 omni
3484 1255 3826 1325 potentia,et

2249 1342 2508 1398 fortitudo
2536 1358 2726 1398 eorum
2761 1351 3095 1398 conteratur.

2319 1433 2414 1494 45.
2449 1435 2812 1505 Cognoscant,
2843 1437 3101 1505 quoniam
3145 1445 3199 1490 tu
3259 1450 3318 1490 es
3366 1436 3516 1492 solus
3559 1435 3824 1492 Dominus

2249 1524 2413 1592 Deus,
2434 1535 2489 1581 et
2517 1526 2790 1597 gloriosus
2845 1541 3011 1596 super
3056 1527 3370 1583 universum
3431 1529 3618 1583 orbem
3652 1538 3823 1584 terra-

642 1710 731 1766 46.
762 1711 870 1763 Kal.
897 1709 956 1764 οὐ
987 1709 1223 1762 διέλιπον
1246 1708 1296 1762 οἱ
1326 1707 1683 1780 ἐμϐάλλοντες
1715 1709 1911 1775 αὐτοὺς
1936 1710 2145 1782 ὑπηρέ-
2177 1690 2221 1746 Β
2318 1708 2376 1763 46

2091 1711 2145 1764 έ-
2177 1690 2221 1746 Β
2318 1708 2406 1763 46.
2447 1707 2514 1761 Ει
2543 1723 2648 1765 non
2684 1709 2996 1773 cessabant,
3026 1711 3118 1780 qui
3169 1709 3491 1780 iujiciebant
3513 1711 3825 1776 cos,_mini-

571 1820 661 1858 ται
704 1801 798 1856 τοῦ
829 1801 1114 1873 βασιλέως,
1145 1800 1388 1865 καίοντες
1426 1800 1526 1871 τὴν
1563 1801 1827 1872 κάμινον·
1861 1803 1956 1856 καὶ
1983 1803 2147 1875 ἡνίκα

572 1891 894 1947 ἐνεϐάλοσαν
927 1893 1053 1955 τοὺς
1098 1893 1246 1961 τρεῖς
1275 1892 1504 1957 εἰσάπαξ
1536 1893 1616 1956 είς
1639 1893 1738 1964 τὴν
1781 1894 2034 1963 κάμινον,
2055 1897 2148 1949 καὶ

572 1985 608 2057 ἠ
633 1985 862 2055 κάμινος
898 1980 968 2055 ἦν
1009 1984 1273 2057 διάπυρος
1305 1985 1448 2038 κατὰ
1493 1985 1592 2056 τὴν
1640 1985 1942 2057 θερμασίαν
1978 1989 2148 2058 αὐτῆς

572 2077 995 2141 ἐπταπλασίωςο
1033 2077 1129 2130 καὶ
1179 2078 1272 2131 ὅτε
1326 2079 1522 2141 αὐτοὺς
1567 2079 1910 2145 ἐνεδάλοσαν,
1964 2081 2013 2134 οί
2049 2082 2147 2152 μὲν

571 2169 930 2240 ἐμϐάλλοντες
964 2172 1161 2235 αὐτοὺς
1190 2165 1332 2242 ἦσαν
1358 2169 1615 2241 ὑπεράνω
1651 2170 1853 2235 αὐτῶν,
1880 2173 1933 2223 oi
1957 2171 2015 2225 δὲ
2045 2173 2147 2224 ὐπ-

571 2260 755 2315 έκαιον
781 2261 1132 2316 ὑποκάτωθεν
1160 2262 1339 2316 αὐτῶν
1357 2260 1592 2332 νάφθαν,
1627 2263 1723 2317 καὶ
1768 2261 2014 2332 στυπίον,
2053 2265 2147 2318 καὶ

573 2353 795 2419 πίσσαν,
825 2353 922 2407 καὶ
947 2353 1272 2425 κληματίδα.

639 2441 732 2496 4⁵1.
762 2444 872 2497 Kal.
914 2444 1141 2516 διεχεῖτο
1180 2448 1213 2516 ἡ
1267 2444 1399 2515 φλὸξ
1429 2443 1615 2498 ἐπάνω
1643 2445 1744 2516 τῆς
1787 2443 2016 2517 καμίνου
2055 2446 2146 2499 ἐπὶ

572 2534 768 2604 πήχεις
789 2538 1375 2607 τεσσαρακονταεννέα.

639 2624 728 2679 48.
755 2625 865 2677 Καὶ
888 2625 1255 2692 διεξώδευσεν,
1283 2626 1378 2680 καὶ
1401 2627 1720 2700 ἐνεπύρισεν
1739 2626 1836 2692 οὑς
1865 2620 1994 2699 εὗρε
2017 2629 2145 2698 περὶ

569 2715 669 2786 τὴν
697 2715 926 2786 κάμινον
955 2719 1062 2771 τῶν
1096 2717 1401 2771 Χαλδαίων.

639 2804 728 2860 49.
774 2806 1036 2875 Ἀγγελος
1065 2807 1121 2860 δὲ.
1147 2807 1353 2878 Κυρίου
1385 2807 1696 2878 συγκατέὸη
1734 2807 1850 2880 ἅμα
1875 2810 1985 2872 τοῖς
2015 2809 2146 2879 περὶ

571 2894 664 2949 τὸν
708 2895 964 2968 Ἀζαρίαν
1022 2898 1102 2960 είς
1156 2897 1256 2966 τὴν
1294 2897 1548 2968 κάμινον,
1589 2898 1684 2951 καὶ
1734 2898 2005 2964 ἐξετίναξε
2046 2899 2144 2970 τὴν

569 2989 745 3061 φλόγα
762 2989 855 3042 τοῦ
883 2989 1054 3062 πυρὸς
1087 2991 1151 3043 ἐκ
1177 2990 1278 3060 τῆς
1309 2989 1562 3060 καμίνουο
1586 3033 1607 3056 ρ.

643 3081 731 3136 50.
762 3081 872 3133 Kal
904 3081 1128 3152 ἐποίησε
1156 3079 1219 3133 τὸ
1253 3079 1415 3150 μέσον
1435 3080 1534 3150 τῆς
1556 3080 1787 3151 καμίνου
1817 3081 1948 3136 ὡσεὶ
1977 3081 2136 3134 πνεῦ-

570 3189 650 3242 μα
677 3172 868 3244 δρόσου
892 3169 1225 3243 διασυρίζον,
1252 3173 1350 3225 καὶ
1381 3171 1479 3242 οὑχ
1501 3171 1676 3241 ἥψατο
1702 3172 1883 3226 αὐτῶν
1913 3171 2144 3225 καθόλου

566 3262 631 3317 τό
665 3262 798 3337 πῦρ,
821 3265 918 3319 καὶ
942 3265 1042 3319 οὐκ
1062 3263 1324 3336 ἐλύπησε,
1351 3265 1445 3317 καὶ
1485 3265 1548 3318 οὐ
1586 3265 2015 3339 παρηνώχλησεν
2044 3267 2144 3320 αὐ-

565 3372 714 3420 τους.

637 3448 728 3502 51.
770 3447 1154 3512 ’Δναλαὸόντες
1186 3447 1243 3501 δέ
1269 3448 1319 3502 οί
1347 3451 1494 3520 τρεῖς
1523 3448 1599 3512 ῶς
1637 3448 1698 3515 ἐξ
1725 3447 1845 3511 ἐνὸς
1875 3448 2141 3520 στόματος

569 3539 794 3610 ὕμνουν,
823 3539 918 3594 καὶ
940 3539 1207 3604 ἐδόξαζον,
1239 3541 1333 3593 καὶ
1360 3540 1616 3608 εὐλόγουν
1635 3553 1701 3596 σι-
1719 3539 1815 3593 καὶ
1835 3539 2063 3610 ἐξύψουν
2081 3542 2137 3611 /.

566 3631 659 3691 τὸν
686 3629 818 3684 Θεὸν
838 3630 897 3682 ἐν
922 3633 988 3702 τῇ
1011 3630 1247 3701 καμίνῳ,
1277 3630 1554 3699 λέγοντεςο

637 3724 728 3778 52.
785 3723 1090 3794 Εὐλογητὸς
1135 3718 1204 3788 εἶ,
1251 3722 1424 3794 Κύριε
1470 3724 1498 3776 ό
1543 3721 1678 3786 Θεὸς
1726 3721 1836 3776 τῶν
1887 3723 2141 3795 πατέρων

565 3815 745 3885 ἡμῶν,
773 3815 866 3868 καὶ
898 3814 1127 3879 αἰνετὸς,
1157 3814 1252 3866 καὶ
1286 3812 1731 3884 ὑπερυψούμενος
1759 3815 1841 3878 είς
1865 3815 1992 3878 τοὺς
2017 3815 2142 3868 αἰῶ-

565 3922 685 3970 νας·
740 3907 836 3960 καὶ
888 3905 1252 3978 εὐλογημένον
1281 3905 1342 3958 τὸ
1367 3905 1539 3976 ὄνομα
1581 3905 1684 3975 τῆς
1738 3905 1898 3976 δόξης
1951 3923 2048 3961 σου
2079 3907 2141 3960 τὸ

567 3998 744 4065 άγιον,
774 3997 871 4051 xal.
899 3996 1274 4070 ὑπεραινετὸν.
1301 3996 1398 4051 καὶ
1433 3997 1863 4068 ὑπερυψωμένον
1895 3999 1975 4062 είς
2005 3998 2142 4052 πάν-

564 4109 662 4154 τας
682 4092 807 4154 τοὺς
829 4091 1052 4154 αἰῶνας.

639 4181 727 4236 55.
760 4181 1136 4252 Εὐλογημένος
1163 4174 1216 4233 εἴ
1258 4179 1318 4233 ἐν
1363 4177 1442 4250 τῷ
1480 4177 1596 4251 ναῷ
1623 4179 1722 4248 τῆς
1771 4180 1934 4248 ἁγίας
1982 4178 2140 4250 δόξης

565 4287 685 4340 σου,
707 4274 802 4328 καὶ
829 4273 1240 4346 ὑπερυμνητὸς,
1255 4273 1350 4329 καὶ
1376 4271 1730 4344 ὑπερένδοξος
1753 4273 1832 4337 είς
1853 4273 1981 4337 τοὺς
2009 4272 2142 4326 αίῶ-

564 4383 682 4427 νας.

638 4455 726 4511 54.
759 4456 1063 4529 Εὐλογητὸς
1093 4452 1145 4510 εἴ
1180 4456 1271 4511 ἐπὶ
1315 4456 1504 4528 θρόνου
1541 4457 1700 4528 δόξης
1727 4457 1830 4528 τῆς
1865 4456 2142 4528 βασιλείας

568 4566 684 4612 σου,
714 4549 807 4602 καὶ
831 4549 1088 4620 ὑμνητὸς,
1107 4549 1202 4602 καὶ
1217 4549 1641 4621 ὑπερυψωμένος
1661 4552 1741 4615 είς
1760 4552 1885 4614 τοὺς
1914 4551 2137 4614 αἰῶνας.

638 4643 726 4698 55.
759 4641 1062 4712 Εὐλογητὸς
1095 4637 1147 4694 εί
1169 4643 1200 4694 ὸ
1232 4641 1445 4712 βλέπων
1485 4641 1758 4704 ἀϐύσσους
1781 4682 1798 4708 ,
1831 4642 2141 4714 καθήμενος

569 4735 661 4787 ἐπὶ
688 4735 982 4805 Χερουϐὶμ,
1009 4735 1102 4788 καὶ
1127 4735 1361 4801 αίνετὸς,
1391 4735 1485 4787 καὶ
1505 4734 1888 4804 δεδοξασμένος
1916 4737 1996 4800 εἰς
2014 4735 2141 4798 τοὺς

567 4823 790 4885 αἰῶνας.

637 4915 726 4970 56.
757 4913 1060 4984 Εὐλογητὸς
1089 4909 1143 4968 εἴ
1171 4916 1230 4969 ἐν
1261 4913 1339 4985 τῷ
1372 4913 1714 4986 περεὼματι
1746 4919 1812 4984 >ε<
1843 4916 1937 4969 τοῦ
1978 4916 2141 4986 οὐρα·

565 5005 682 5069 νοῦ,
711 5005 803 5058 καὶ
830 5005 1089 5075 ὑμνητὸς,
1125 5005 1220 5059 καὶ
1246 5004 1632 5075 δεδοξασμένος
1660 5008 1739 5069 είς
1762 5008 1886 5069 τοὺς
1914 5007 2135 5069 αἰῶνας.

638 5098 724 5152 57.
760 5097 1047 5167 Εὑλογεῖτε
1072 5097 1251 5152 πάντα
1280 5098 1349 5150 τά
1380 5099 1516 5169 ἔργα
1552 5098 1645 5151 τοῦ
1679 5098 1886 5170 Κυρίου
1920 5099 2010 5151 τὸν
2036 5099 2142 5152 Κύ-

569 5205 703 5260 ριον,
732 5187 972 5257 ὑμνεῖτε,
993 5188 1087 5240 καὶ
1111 5186 1450 5257 ὑπερυψοῦτε
1473 5187 1638 5241 αὐτὸν
1659 5189 1737 5250 εἰς
1761 5188 1886 5250 τοὺς
1914 5188 2136 5250 αἰῶνας.

545 5315 551 5340 ι
634 5279 722 5334 58.
746 5279 1030 5347 Εὑλογεῖτε
1059 5278 1276 5346 ἄγγελοι
1296 5281 1498 5350 Κυρίου
1527 5280 1617 5333 τὸν
1641 5279 1866 5350 Κύριον,
1895 5281 2134 5351 ὑμνεῖτε,

546 5373 659 5445 ,καὶ
682 5371 1021 5442 ὑπερυψοῦτε
1051 5371 1212 5423 αὐτὸν
1245 5372 1324 5435 είς
1357 5374 1480 5434 τοὺς
1506 5372 1725 5436 αἰῶνας.

633 5465 718 5516 59.
755 5464 1041 5532 Εὐλογείτε
1080 5465 1298 5534 οὐρανοὶ
1337 5464 1425 5516 τὸν
1453 5463 1656 5534 Κύριον
1679 5505 1693 5532 ,
1741 5465 1995 5535 ὑμνεῖτε,
2044 5466 2137 5520 καὶ

568 5556 905 5624 ὐπερυψοῦτε
935 5557 1098 5611 αὐτὸν
1124 5559 1202 5620 εἰς
1225 5556 1350 5618 τοὺς
1385 5558 1605 5620 αἰῶνας.

638 5651 722 5704 60.
757 5651 1040 5721 Εὐλογεῖτε
1065 5651 1248 5717 Etiam,
1276 5651 1366 5705 καὶ
1400 5654 1570 5707 πάντα
1599 5651 1666 5707 τὰ
1693 5653 1875 5708 ἐπάνω
1911 5652 2000 5706 τοῦ
2043 5653 2132 5705 οὖ-

2248 1801 2347 1856 stri
2385 1801 2523 1871 regis
2548 1802 2941 1858 succendentes
2972 1802 3247 1858 fornacem
3279 1821 3292 1857 :
3323 1813 3378 1857 ct
3405 1806 3624 1874 quando
3646 1805 3826 1860 inuni-

2247 1899 2436 1944 serunt
2469 1900 2578 1944 tres
2605 1891 2767 1944 simul
2806 1892 2860 1949 in
2921 1891 3222 1958 fornacem,
3274 1893 3437 1948 etiam
3488 1894 3691 1951 fornax
3709 1907 3826 1950 erat

2247 1995 2512 2035 succensa
2559 1982 2857 2035 secundum
2899 1982 3382 2041 inflammationem
3433 1999 3588 2040 suam
3634 1997 3821 2056 septu-

2247 2072 2416 2140 plum,
2441 2083 2495 2127 et
2515 2075 2737 2142 quando
2767 2074 3069 2143 iniecerunt
3091 2077 3328 2145 σας,ηυί
3357 2077 3576 2147 quidem
3607 2078 3809 2148 injicie-

2248 2161 2379 2216 bant
2409 2177 2524 2228 eos,
2555 2172 2714 2216 erant
2744 2179 2909 2232 supra
2938 2179 3031 2220 eos
3057 2181 3084 2230 ς,
3127 2165 3220 2219 alii
3257 2181 3385 2221 vero
3414 2168 3820 2222 sueceudebant

2246 2253 2437 2307 subter
2463 2269 2558 2308 eos
2592 2254 2913 2324 naphtbam.
2949 2265 3004 2310 et
3028 2267 3265 2326 stupam.
3313 2266 3367 2312 ct
3393 2259 3589 2334 picem,
3616 2267 3668 2314 et
3696 2273 3834 2314 sar-7.

2247 2353 2453 2398 menta.

2317 2436 2408 2491 47.
2454 2434 2519 2489 Et
2546 2436 2926 2492 eﬂ'undebatur
2977 2417 3197 2496 ﬂamma
3241 2455 3407 2512 super
3448 2441 3723 2501 fornacem
3751 2446 3835 2503 ad.

2247 2526 2464 2582 cubitus
2493 2528 2851 2598 quadraginta
2878 2544 3099 2585 novem.

2318 2618 2407 2674 48.
2451 2617 2517 2673 Et
2573 2630 2867 2690 pervagata
2897 2630 3004 2687 est,
3050 2629 3106 2676 et
3158 2620 3404 2678 incendit
3458 2638 3596 2695 quos
3624 2624 3823 2695 reperit

2245 2707 2390 2762 circa
2422 2706 2696 2764 fornacem
2719 2710 2786 2764 de
2809 2711 3102 2767 Chaldaeis.

2315 2798 2406 2854 49.
2448 2800 2686 2870 Angelus
2716 2811 2902 2856 autem
2934 2801 3149 2856 Domini
3179 2801 3465 2858 descendit
3501 2804 3666 2861 simul
3694 2820 3819 2860 cum

2245 2891 2346 2956 eis,
2371 2892 2462 2963 qui
2491 2905 2650 2948 erant
2671 2909 2795 2949 cum
2820 2895 3017 2950 Azaria
3047 2896 3104 2949 in
3150 2895 3454 2963 fornacem,
3509 2909 3564 2952 et
3583 2899 3833 2955 excussit.

2247 2983 2520 3038 ﬂammam
2548 2984 2689 3054 ignis
2709 2985 2778 3039 de
2795 2984 3039 3040 fornace.

2317 3075 2406 3130 50.
2447 3076 2515 3130 Et
2541 3075 2668 3131 fecit
2698 3078 2940 3132 medium
2975 3077 3219 3138 fornacis
3261 3079 3419 3155 quasi
3450 3081 3701 3150 spiritum
3729 3098 3821 3138 ro-

2244 3166 2322 3222 ris
2355 3167 2600 3234 ﬂantem,
2628 3177 2682 3223 et
2703 3183 2812 3224 non
2851 3169 3022 3241 tetigit
3058 3186 3155 3229 eos
3188 3186 3415 3242 prorsus
3449 3172 3822 3245 ignis,.neq'uc

2243 3258 2609 3324 contristavit,
2640 3275 2819 3331 neque
2850 3263 3163 3321 molestiam
3190 3263 3379 3323 intulit
3405 3266 3487 3320 eis

2311 3439 2400 3493 5|.
2443 3439 2798 3496 Assumentes
2853 3449 3034 3497 autem
3099 3451 3214 3499 tres
3261 3445 3419 3515 quasi
3471 3461 3539 3502 ex
3577 3462 3687 3506 uno
3725 3463 3820 3506 ore

2244 3528 2508 3602 hymnum
2535 3533 2787 3586 dicebant
2808 3543 2861 3588 et
2893 3534 3289 3608 glorificabant,
3314 3545 3377 3594 et.
3403 3536 3828 3605 benedicebant,

2241 3631 2296 3676 et
2313 3624 2628 3678 exaltabant
2660 3623 2827 3683 Deum
2857 3626 2913 3679 in
2945 3625 3169 3682 fornace
3200 3628 3442 3684 dicentes
3483 3648 3497 3682 :

2311 3711 2409 3773 52.
2441 3712 2767 3770 Benedictus
2797 3731 2890 3782 es,_
2916 3713 3147 3772 Domine
3169 3716 3314 3772 Deus
3344 3729 3562 3788 patrum
3594 3731 3817 3776 nostro-

2242 3819 2390 3870 rum,
2425 3815 2481 3860 et
2507 3806 2819 3872 laudabilis,
2860 3817 2915 3863 et
2942 3812 3378 3880 superexaltatus
3410 3813 3464 3866 in
3494 3814 3690 3868 saacula
3717 3831 3732 3870 :
3762 3825 3819 3870 et

2241 3895 2587 3952 benedictum
2621 3914 2819 3954 nomen
2855 3900 3041 3970 gloria:
3085 3910 3195 3956 tua:
3227 3895 3500 3966 sanctum,
3527 3911 3581 3958 ct
3624 3920 3820 3975 super-

2242 3987 2535 4056 laudabile,
2562 3999 2616 4044 et
2640 3993 3104 4062 supei'exaltatum
3135 3993 3192 4048 in
3229 3995 3416 4052 omnia
3453 3995 3651 4054 saecula

2311 4171 2402 4226 55.
2468 4172 2798 4228 Benedictus
2877 4189 2939 4230 es
2991 4175 3046 4229 in
3106 4176 3309 4246 templo
3369 4187 3573 4233 sancta:
3629 4179 3814 4250 gloriae

2243 4271 2371 4329 tuae,
2415 4274 2472 4322 et
2530 4267 3003 4336 super-laudabilis,
3033 4277 3088 4323 et
3131 4270 3568 4342 supergloriosus
3607 4273 3666 4327 in
3710 4289 3806 4332 sse-

2171 4381 2215 4437 D
2245 4357 2388 4410 cula.

2314 4449 2402 4503 54.
2445 4448 2769 4508 Benedictus
2794 4467 2854 4508 es
2879 4453 2933 4506 in
2986 4456 3186 4508 throno
3213 4454 3401 4524 gloria:
3441 4455 3594 4526 regni
3627 4456 3740 4524 tui,
3763 4469 3825 4514 et.

2242 4540 2554 4608 laudabilis,
2582 4554 2634 4598 et
2665 4546 3102 4614 superexaltatus
3148 4547 3202 4601 in
3242 4549 3468 4603 saecula.

2313 4637 2405 4692 55.
2431 4635 2757 4693 Benedictus
2801 4655 2861 4693 es
2893 4641 2986 4708 qui
3017 4642 3197 4695 cernis
3223 4641 3474 4712 abyssos,
3506 4641 3700 4698 sedens
3724 4659 3816 4698 su.-

2241 4745 2339 4801 per
2388 4731 2710 4798 Cherubin],
2765 4743 2820 4788 et
2866 4733 3178 4801 laudabilis,
3229 4746 3284 4790 et
3339 4735 3609 4806 gloriosus
3638 4736 3817 4793 inam-

2241 4823 2385 4877 cula.

2314 4914 2404 4969 56.
2444 4914 2771 4970 Benedictus
2794 4930 2855 4970 es
2885 4917 2937 4970 in
2973 4916 3317 4974 firmamento
3355 4917 3508 4986 coeli,
3545 4929 3599 4975 et
3629 4919 3820 4976 lauda-

2241 5006 2390 5073 bilis,
2415 5015 2468 5061 ct
2499 5007 2776 5076 gloriOsus
2808 5008 2862 5062 in
2891 5010 3115 5064 saecula.

2312 5102 2400 5157 57.
2442 5101 2769 5168 Benedicite,
2820 5104 3003 5159 omnia
3053 5119 3217 5172 opera
3264 5103 3502 5169 Domini,
3565 5105 3818 5172 Domino,

2242 5197 2503 5269 hymnum
2530 5199 2712 5262 dicite,
2745 5208 2799 5253 et
2822 5200 3224 5268 superexaltate
3263 5215 3390 5252 eum
3422 5199 3477 5253 in
3512 5199 3732 5254 saecula.

2312 5287 2400 5342 58.
2443 5287 2772 5352 Benedicite,
2803 5290 2976 5359 angeli
3011 5288 3248 5356 Domini,
3283 5288 3534 5356 Domino,
3556 5289 3818 5360 hymnum

2240 5383 2424 5444 dicite,
2448 5394 2500 5436 et
2527 5383 2926 5453 superexaltate
2955 5400 3078 5438 cum
3121 5386 3174 5438 iu
3208 5384 3424 5438 saacula.

2313 5474 2399 5526 59.
2439 5471 2766 5537 Benedicite,
2801 5475 2944 5539 caeli,
2983 5473 3230 5539 Domino,
3264 5474 3524 5545 hymnum
3556 5475 3740 5540 dicite,
3767 5483 3823 5528 et

2242 5567 2639 5635 super-exaltate
2664 5584 2787 5620 eum
2820 5568 2872 5620 in
2898 5568 3116 5622 satcula.

2311 5655 2398 5708 60.
2440 5651 2766 5720 Bcncdicile,
2789 5671 2964 5724 aquai,
2984 5664 3034 5712 et
3063 5657 3270 5725 omnia,
3297 5671 3418 5727 qua:
3441 5671 3602 5728 super
3620 5657 3813 5713 cmlum
