3848 6218
340 212 472 266 9.791

1427 211 1893 268 llEXAPLORUM
1930 212 2095 280 QU/E
2137 209 2564 269 SUPERSUNT.

3439 205 3599 263 2792

340 341 491 396 sunt,
553 330 803 397 Domino,
841 336 1102 408 hymnum
1159 330 1340 396 dicite,
1399 339 1453 385 et
1513 331 1888 401 superexaltatt

2055 331 2177 384 ανοῦ
2225 331 2316 385 τὸν
2366 332 2591 401 Κύριον,
2640 330 2877 400 ὑμνεῖτε,
2909 329 3004 382 καὶ⁸
3033 326 3375 398 ὑπερυψοὺτε
3417 328 3595 381 αὑτὸν

341 434 466 474 eum
506 418 557 470 in
588 420 802 473 sarcula.

409 513 500 568 6|.
540 513 869 581 Benedicite,
901 529 1093 572 omnes
1124 523 1351 570 virtutes
1384 515 1624 579 Domini,
1654 513 1892 583 Domino,

340 605 601 675 hymnum
630 605 810 668 dicite,
842 613 896 658 et
928 606 1322 675 supercxaltate
1342 620 1464 658 eum
1497 604 1550 658 in
1582 605 1801 659 saecula.
1866 641 1870 646 -

409 693 499 748 62.
541 695 869 761 Benedicite,
897 697 1001 760 sol,
1028 707 1084 751 et
1117 697 1262 760 luna,
1293 695 1542 762 Domino,
1586 695 1823 759 laudate,
1855 708 1910 750 et

339 789 739 856 superemltate
770 803 894 842 eum
931 789 984 841 in
1024 788 1242 844 saecula.

411 875 500 930 65.
535 875 864 941 Benedicite,
892 877 1061 931 stellae
1089 877 1235 945 cmli,
1262 877 1511 942 Domino,
1538 876 1800 949 hymnum
1819 877 1906 932 di-

337 965 464 1028 cite,
495 975 550 1021 et
575 968 976 1036 superexaltate
1001 984 1124 1023 eum
1148 970 1202 1022 in
1234 969 1454 1024 saecula.

411 1058 500 1113 64.
533 1059 861 1126 Benedicite,
883 1061 1063 1116 omnis
1083 1061 1257 1116 imber
1283 1073 1336 1116 et
1373 1077 1486 1128 ros,
1517 1061 1768 1129 Domino,
1786 1062 1904 1118 lau-

337 1150 483 1212 date,
521 1161 574 1204 et
599 1152 995 1220 superexaltate
1019 1168 1144 1208 eum
1178 1154 1230 1207 in
1266 1155 1485 1208 saecula.

407 1240 496 1295 65.
538 1241 864 1308 Benedicite,
893 1259 1085 1300 omnes
1112 1245 1359 1314 Spiritus,
1382 1244 1635 1311 Domino,
1665 1244 1901 1312 laudate,

336 1345 392 1387 et
423 1334 822 1401 superexaltate
858 1350 982 1389 eum
1009 1335 1065 1388 in
1093 1335 1316 1388 saecula.

404 1425 494 1480 66.
533 1424 861 1490 Benedicite,
893 1427 1034 1496 ignis
1063 1435 1118 1481 et
1146 1437 1332 1491 aestus,
1366 1427 1630 1493 Domino,
1663 1426 1900 1492 laudate,

333 1525 390 1570 et
415 1517 808 1586 superexaltate
833 1533 958 1573 eum
995 1519 1048 1572 in
1083 1519 1302 1573 saecula.

403 1604 493 1663 67.
537 1606 866 1675 Benedicite,
905 1610 1023 1680 gelu
1051 1620 1106 1664 et
1133 1610 1326 1680 frigus,
1361 1608 1624 1676 Domino,
1656 1611 1895 1678 laudate,

331 1707 387 1755 et
409 1701 808 1769 superexaltate
835 1717 960 1756 eum
988 1701 1041 1756 in
1069 1702 1284 1757 saecula.

402 1787 492 1842 68.
535 1787 868 1854 Benedicite,
899 1804 1054 1845 rores
1075 1800 1128 1844 et
1155 1790 1329 1854 nives,
1362 1786 1626 1856 Domino,
1656 1790 1896 1860 laudate,

329 1889 387 1933 et.
415 1881 818 1950 superexaltate
846 1895 968 1936 eum
1001 1881 1056 1936 in
1087 1883 1307 1938 saecula.

400 1970 490 2060 66.
529 1969 860 2038 Benedicite,
894 1974 1094 2043 glacies
1144 1985 1199 2030 et
1260 1975 1455 2047 frigus,
1489 1976 1740 2046 Domino,
1777 1978 1901 2034 lau-

330 2060 476 2125 date,
500 2069 554 2115 et
578 2064 970 2132 superexaltate
995 2080 1120 2120 eum
1152 2067 1206 2121 in
1242 2069 1457 2124 secula.

399 2152 489 2208 70.
531 2152 876 2220 Benedicite,
911 2157 1121 2226 pruinae
1159 2167 1214 2212 et
1259 2159 1446 2224 nives,
1481 2158 1744 2227 Domino,
1781 2162 1897 2216 lau-

327 2243 474 2312 date,
501 2253 556 2298 et
587 2247 989 2316 superexaltate
1017 2263 1143 2304 eum
1175 2249 1228 2303 in
1255 2251 1476 2306 saecula.

399 2338 488 2393 7t.
527 2338 856 2408 Benedicite,
885 2351 1072 2398 noctes
1104 2351 1158 2396 et
1201 2343 1338 2410 dies,
1367 2343 1630 2415 Domino,
1656 2347 1892 2415 laudate,

328 2440 384 2483 et
415 2433 816 2500 superexaltate
840 2449 965 2488 eum
992 2434 1046 2488 in
1083 2437 1305 2491 saecula.

399 2520 490 2574 72.
532 2520 861 2590 Benedicite,
891 2524 983 2578 lux
1010 2534 1065 2581 et
1093 2527 1350 2594 tenebrat,
1370 2527 1620 2596 Domino,
1653 2529 1892 2597 laudate,

326 2619 380 2666 ct
402 2613 799 2681 superexaltate
829 2629 954 2669 eum
996 2617 1050 2670 in
1085 2618 1307 2672 saecula.

397 2699 487 2754 73.
531 2699 864 2765 Benedicite,
908 2703 1120 2773 fulgura
1155 2717 1210 2761 et
1259 2708 1454 2773 nubes,
1497 2707 1751 2776 Domino,
1786 2713 1897 2766 lau-

327 2791 472 2857 date,
499 2799 553 2844 et
581 2792 978 2861 superexaltate
1003 2809 1128 2849 eum
1169 2795 1224 2850 in
1255 2800 1473 2852 saecula.

402 2883 489 2936 74.
532 2882 823 2939 Benedicat
869 2893 1009 2940 terra
1058 2884 1316 2958 Domino,
1369 2891 1574 2956 laudet,
1603 2903 1655 2946 et
1705 2909 1895 2964 super-

326 2975 526 3030 cxaltet
551 2990 675 3030 eum
705 2976 757 3030 in
788 2980 1005 3032 saecula.

396 3065 488 3122 75.
531 3065 858 3134 Benedicite,
883 3078 1096 3126 montes
1132 3081 1186 3126 et
1221 3067 1420 3142 colles,
1455 3076 1706 3142 Domino,
1737 3077 1893 3149 hym-

327 3174 460 3213 num
495 3159 688 3225 dicite,
723 3169 777 3215 et
805 3162 1202 3230 superexaltate
1230 3181 1353 3220 eum
1388 3168 1439 3221 in
1481 3169 1698 3223 saecula.

396 3249 488 3304 76.
530 3250 858 3319 Benedicite,
875 3255 1056 3309 omnia
1080 3259 1353 3312 nascentia
1375 3259 1426 3313 in
1456 3269 1622 3327 terra,
1645 3260 1892 3328 Domino,

327 3334 590 3408 hymnum
623 3339 807 3406 dicite,
837 3351 892 3397 et
923 3344 1322 3412 superexaltate
1351 3361 1476 3401 eum
1509 3351 1564 3402 in
1605 3351 1822 3406 saecula.

398 3519 484 3575 77.
506 3519 832 3590 Benedicite,
849 3519 1044 3593 pluviae
1061 3534 1114 3579 et
1135 3523 1335 3591 fontes,
1355 3525 1604 3593 Domino,
1633 3528 1894 3602 hymnum

327 3613 513 3680 dicite,
548 3624 600 3670 et
623 3617 1021 3684 superexaltate
1047 3633 1169 3672 eum
1195 3618 1247 3672 in
1272 3621 1490 3674 saecula.

401 3701 488 3758 78.
530 3703 856 3774 Benedicite,
891 3709 1061 3762 maria
1085 3719 1138 3763 et
1167 3709 1416 3777 ﬂumina,
1447 3712 1699 3779 Domino,
1738 3714 1894 3785 hym-

329 3811 458 3848 num
486 3797 668 3863 dicite,
699 3807 753 3854 et
786 3801 1184 3869 superexaltate
1215 3817 1340 3856 eum
1382 3805 1437 3857 in
1463 3805 1682 3860 smcula.

404 3885 492 3940 79.
533 3886 859 3955 Benedicite,
887 3896 1004 3943 cete
1039 3899 1092 3944 et
1119 3891 1324 3955 omnia,
1359 3908 1481 3961 quae
1509 3903 1797 3948 moventur
1839 3895 1893 3948 in

329 3977 504 4044 aquis,
558 3975 809 4044 Domino,
853 3979 1114 4050 hymnum
1158 3982 1319 4038 dicite
1346 4022 1361 4049 ,
1401 3994 1457 4039 et
1499 3987 1897 4055 superexaltatc

328 4084 450 4121 eum
475 4069 527 4121 in
555 4072 772 4125 saecula.

400 4159 489 4212 80.
530 4158 869 4229 Benedicite,
911 4177 1101 4220 omnes
1149 4166 1396 4222 volucres
1437 4168 1596 4234 cmli,
1627 4168 1855 4225 Domino

331 4246 590 4316 hymnum
626 4250 810 4316 dicite,
843 4261 898 4308 et
930 4256 1332 4324 superexaltate
1358 4272 1486 4312 eum
1517 4259 1572 4313 in
1610 4260 1832 4315 saecula.

398 4428 488 4486 8l.
529 4429 855 4500 Benedicite,
896 4449 1089 4490 omnes
1132 4434 1259 4491 ferat
1286 4446 1341 4492 et
1364 4436 1614 4507 jumenta
1652 4439 1896 4509 quadru-

328 4522 485 4591 peda.
521 4532 574 4577 et
607 4523 792 4600 bestia;
833 4533 1009 4591 terrae,
1042 4525 1296 4594 Domino,
1323 4528 1585 4598 hymnum
1624 4529 1806 4597 dicite,
1842 4540 1896 4586 ct

327 4615 727 4682 superexaltate
761 4632 884 4670 eum
916 4618 968 4670 in
995 4619 1212 4672 saacula.
1272 4629 1284 4636 ‘

396 4704 486 4758 82.
527 4705 855 4772 Benedicite,
886 4708 981 4762 lilii
1011 4708 1319 4773 hominum,
1353 4709 1607 4778 Domino,
1631 4712 1895 4784 hymnum

327 4793 512 4863 dicite,
539 4807 594 4850 et
613 4797 1013 4866 superexaltate
1054 4813 1179 4853 eum
1209 4799 1263 4852 in
1291 4800 1515 4853 saecula.

400 4887 488 4941 85.
531 4887 852 4956 Benedicite,
871 4887 1056 4954 Israel,
1079 4888 1332 4956 Domino,
1352 4893 1615 4964 hymnum
1637 4892 1820 4958 dicite.
1843 4905 1898 4950 et

328 4981 723 5049 superexaltate
745 4997 870 5037 eum
895 4982 947 5036 in
977 4983 1195 5037 saecula.

398 5070 488 5124 84.
530 5071 855 5140 Benedicite,
873 5074 1185 5129 sacerdotes
1218 5073 1357 5128 servi
1375 5073 1614 5142 Domini,
1644 5077 1897 5143 Domino,

329 5163 595 5235 hymnum
622 5165 806 5230 dicite,
831 5174 886 5221 et
924 5167 1326 5238 superexaltate
1354 5183 1480 5223 eum
1518 5169 1573 5223 in
1606 5171 1824 5226 saecula.

402 5255 492 5309 85.
534 5255 864 5320 Benedicite,
889 5258 1052 5321 servi,
1077 5257 1327 5322 Domino,
1355 5259 1620 5331 hymnum
1641 5263 1826 5328 dicite,
1845 5273 1900 5319 et

331 5349 731 5415 superexaltate
756 5364 882 5404 eum
920 5348 976 5403 in
1007 5350 1223 5404 sacula.

404 5437 493 5491 86.
538 5439 863 5504 Benedicite,
893 5441 1139 5511 spiritus,
1163 5450 1219 5497 et
1243 5443 1438 5497 anima:
1461 5443 1760 5514 justorum,
1790 5443 1897 5497 D0—

333 5531 503 5594 mino,
537 5530 794 5602 hymnum
823 5532 1010 5601 dicite,
1041 5545 1093 5590 et
1117 5537 1513 5605 supcrexaltatc
1538 5552 1664 5592 eum
1693 5537 1750 5592 in
1791 5551 1896 5592 sac-

332 5623 476 5679 cula.

2010 423 2092 486 εἰς
2121 423 2247 482 τοὺς
2270 421 2492 483 αἰῶνας.

2081 511 2170 564 61.
2205 511 2492 576 Εὑλογεῖτε
2516 509 2688 562 πᾶσαι
2711 511 2766 561 αἰ
2818 508 3077 574 δυνάμεις
3120 507 3323 577 Κυρίου
3346 506 3435 559 τὸν
3469 505 3594 558 Κύ-

2010 619 2147 671 ριον,
2184 601 2425 670 ὑμνεῖτε,
2455 599 2548 652 καὶ
2568 598 2912 668 ὑπερυψοῦτε
2932 597 3092 650 αὑτὸν
3113 599 3191 660 εἰς
3219 598 3343 659 τοὺς
3358 597 3588 657 αἰῶνας.

2078 692 2166 746 62.
2194 691 2478 757 Εὑλογεῖτε
2505 691 2676 760 ἥλιος,
2708 691 2802 743 καὶ
2820 690 3018 760 σελήνη
3034 689 3124 741 τὸν
3148 689 3369 761 Κύριον,
3397 689 3593 757 ὑμνεῖ-

2005 800 2086 848 τε,
2117 784 2210 836 καὶ
2239 783 2574 853 ὑπερυψοὺτε
2601 783 2761 836 αὑτὸν
2788 784 2869 846 εἰς
2895 783 3020 844 τοὺς
3050 782 3267 842 αἰῶνας.

2077 872 2167 928 65.
2207 872 2493 941 Εὑλογεῖτε
2542 873 2717 944 ἄστρα
2765 872 2858 926 τοῦ
2913 871 3141 943 οὐρανοῦ
3191 870 3280 925 τὸν
3331 869 3586 942 Κύριον,

2007 964 2246 1034 ὑμνεῖτε,
2281 963 2376 1016 καὶ
2405 962 2745 1034 ὑπερυψοῦτε
2775 964 2935 1016 αὑτὸν
2969 964 3049 1026 εἰς
3085 963 3211 1024 τοὺς
3240 962 3465 1025 αἰῶνας.

2075 1055 2164 1109 64.
2196 1055 2480 1122 Εὑλογεῖτε
2512 1056 2619 1118 πᾶς
2641 1054 2865 1126 ὄμϐρος,
2893 1055 2988 1108 καὶ
3019 1055 3204 1125 δρόσος
3227 1054 3318 1106 τὸν
3349 1052 3583 1125 Κύριον,

2006 1147 2245 1218 ὑμνεῖτε,
2285 1149 2378 1202 καὶ
2408 1147 2748 1222 ὑπερυψοῦτε
2776 1148 2938 1200 αὑτὸν
2957 1148 3037 1210 εἰς
3063 1149 3187 1210 τοὺς
3210 1147 3433 1210 αἰῶνας.

2075 1241 2163 1296 65.
2219 1241 2503 1309 Εὑλογεῖτε
2542 1240 2721 1294 πάντα
2762 1240 2831 1294 τὰ
2875 1241 3160 1310 πνεύματα
3207 1240 3294 1293 τὸν
3347 1240 3581 1312 Κύριον,

2005 1332 2245 1403 ὑμνεῖτε,
2276 1332 2370 1386 καὶ
2399 1331 2738 1403 ὑπερυψοῦτε
2769 1331 2928 1384 αὑτὸν
2953 1333 3030 1394 εἰς
3062 1331 3187 1394 τοὺς
3211 1331 3430 1394 αἰῶνας.

2075 1427 2164 1481 66.
2199 1426 2481 1494 Εὑλογεῖτε
2512 1424 2645 1496 πῦρ,
2686 1425 2781 1477 καὶ
2813 1425 2998 1493 καῦμα
3028 1423 3116 1476 τὸν
3136 1423 3359 1494 Κύριον,
3387 1423 3580 1494 ὑμνεῖ-

2001 1531 2084 1577 τε,
2116 1514 2209 1566 καὶ
2235 1512 2574 1583 ὑπεροψοῦτε
2603 1511 2764 1566 αὑτὸν
2795 1513 2874 1575 εἰς
2902 1512 3026 1576 τοὺς
3068 1512 3290 1574 αἰῶνας.

2075 1606 2162 1660 67.
2199 1606 2480 1674 Εὑλοτεῖτε
2509 1605 2682 1678 ῥῖγος,
2716 1604 2808 1657 καὶ
2831 1603 2999 1674 ψύχος
3018 1603 3106 1657 τὸν
3140 1603 3362 1674 Κύριον,
3382 1604 3578 1673 ὑμνεῖ-ν

1932 1691 1974 1746 Β
2002 1718 2082 1762 τε,
2114 1700 2208 1752 καὶ
2231 1697 2570 1769 ὑπερυψοῦτε
2600 1697 2760 1752 αὑτὸν
2787 1698 2866 1760 εἰς
2901 1698 3024 1759 τοὺς
3052 1696 3272 1758 αἰῶνας.

2077 1791 2163 1844 68.
2197 1789 2482 1856 Εὑλογεῖτε
2533 1788 2732 1859 δρόσοι,
2791 1788 2886 1840 καὶ
2938 1787 3141 1856 νιφετοὶ
3193 1785 3283 1839 τὸν
3332 1785 3574 1858 Κύριον,

2005 1883 2242 1955 ὑμνεῖτε,
2277 1884 2368 1936 καὶ
2398 1882 2736 1954 ὑπερυψοῦτε
2770 1882 2930 1936 αὑτὸν
2963 1884 3042 1943 εἰς
3073 1882 3197 1943 τοὺς
3225 1879 3426 1943 αἰῶνας

2071 1973 2160 2031 69.
2186 1975 2470 2043 Εὑλογεῖτε
2497 1976 2682 2042 πάγοι,
2707 1973 2800 2026 καὶ
2820 1973 2988 2044 ψύχος
3013 1973 3104 2026 τὸν
3127 1973 3346 2043 Κύριον,
3380 1973 3573 2043 ὑμνεῖ-

2002 2083 2083 2131 τε,
2111 2068 2206 2120 ita).
2228 2066 2569 2137 ὑπερυψοῦτε
2603 2066 2764 2118 αὑτὸν
2794 2068 2872 2129 εἰς
2893 2066 3018 2129 τοὺς
3056 2065 3277 2128 αἰῶνας.

2073 2157 2159 2212 70.
2201 2158 2487 2226 Εὑλογεῖτε
2539 2158 2764 2226 πάχναι,
2814 2159 2904 2209 καὶ
2957 2157 3130 2226 χιόνες
3179 2157 3269 2209 τὸν
3327 2155 3573 2226 Κύριον,

2003 2251 2240 2322 ὑμνεῖτε,
2271 2250 2364 2302 καὶ
2391 2248 2730 2320 ὑπερυψοῦτε
2757 2247 2917 2302 αὑτὸν
2941 2252 3020 2311 εἰς
3048 2248 3173 2310 τοὺς
3202 2247 3424 2310 αἰῶνας.

2071 2343 2159 2398 71.
2195 2343 2477 2411 Εὐλογεῖτε
2513 2341 2742 2406 νύκτες,
2799 2341 2891 2394 καὶ
2936 2341 3142 2412 ἡμέραι
3193 2340 3286 2395 τὸν
3339 2341 3572 2410 Κύριον,

2002 2436 2239 2506 ὑμνεῖτε,
2263 2434 2358 2487 καὶ
2386 2431 2727 2504 ὑπερυψοῦτε
2752 2432 2914 2485 αὑτὸν
2945 2434 3023 2495 εἰς
3052 2433 3178 2495 τοὺς
3211 2432 3432 2507 αἰῶνας.

2071 2526 2158 2579 7‘2.
2183 2527 2468 2594 Εὑὶογεῖτε
2493 2525 2628 2594 φῶς,
2652 2525 2746 2578 καὶ
2764 2525 2952 2587 σκότος
2973 2524 3064 2576 τὸν
3086 2523 3307 2595 Κύριον,
3326 2525 3570 2595 ὑμνεῖτε,

2001 2617 2096 2670 καὶ
2133 2617 2474 2688 ὑπερυψοῦτε
2508 2618 2668 2670 αὑτὸν
2691 2618 2770 2680 εἰς
2804 2618 2930 2680 τοὺς
2964 2616 3181 2679 αἰῶνας.

2069 2709 2160 2764 75.
2191 2709 2474 2777 Εὑλογεῖτε
2502 2710 2808 2781 ἀστραπαὶ,
2849 2711 2942 2763 καὶ
2969 2709 3184 2777 νεφέλαι
3208 2708 3299 2760 τὸν
3338 2707 3568 2778 Κύριον,

2001 2804 2240 2872 ὑμνεῖτε,
2276 2803 2367 2856 καὶ
2391 2801 2732 2874 ὑπερυψοῦτε
2770 2801 2931 2855 αὑτὸν
2959 2803 3038 2864 εἰς
3067 2801 3190 2863 τοὺς
3215 2798 3437 2862 αἰῶνας.

2071 2894 2158 2949 74.
2201 2894 2506 2962 Εὑλογείτω
2557 2893 2694 2964 ήγῆ
2743 2893 2835 2946 τὸν
2885 2891 3127 2963 Κύριον,
3162 2892 3419 2960 ὑμνείτω,
3471 2889 3570 2942 καὶ

2001 2985 2358 3057 ὑπερυψούτω
2390 2984 2550 3038 αὑτὸν
2581 2987 2661 3047 εἰς
2695 2986 2820 3047 τοὺς
2851 2984 3073 3047 αἰῶνας.

2067 3081 2156 3135 75.
2192 3079 2476 3145 Εὑλογεῖτε
2498 3077 2620 3146 ὅρη,
2646 3077 2740 3128 καὶ
2758 3076 2936 3146 βουνοὶ
2950 3076 3040 3129 τὸν
3065 3074 3286 3147 Κύριον,
3322 3076 3565 3144 ὑμνεῖτε,

1997 3173 2089 3227 καὶ
2115 3169 2453 3242 ὑπερυψοὺτε
2475 3166 2635 3221 αὑτὸν
2657 3169 2735 3230 εἰς
2770 3168 2896 3229 τοὺς
2921 3167 3140 3230 αἰῶνας.

2067 3262 2154 3317 76.
2177 3261 2460 3328 Εὑλογείτε
2483 3260 2662 3313 πάντα
2692 3257 2760 3310 τὰ
2783 3258 3025 3328 φυόμενα
3067 3257 3161 3310 ἐπὶ
3205 3259 3305 3328 τῆς
3335 3256 3435 3327 γῆς
3472 3259 3566 3311 τὸν

1995 3353 2221 3423 Κύριον,
2249 3354 2484 3424 ὑμνεῖτε,
2515 3351 2607 3404 καὶ
2628 3347 2965 3420 ὑπερυψοῦτε
2993 3349 3153 3402 αὑτὸν
3179 3351 3257 3413 εἰς
3281 3349 3405 3413 τοὺς
3433 3351 3568 3402 αἰῶ-

1995 3464 2090 3508 νας
2098 3487 2112 3500 .

2067 3538 2155 3593 77.
2188 3537 2472 3606 Εὑλογεῖτε
2506 3536 2722 3608 ὄμϐροι,
2754 3536 2850 3590 καὶ
2890 3536 2948 3588 αἱ
2998 3538 3174 3606 ’πηγαὶ¹
3212 3535 3304 3588 τὸν
3335 3534 3562 3607 Κύριον,

1995 3633 2233 3704 ὑμνεῖτε,
2256 3631 2351 3685 καὶ
2387 3629 2729 3701 ὑπερυψοῢτε
2755 3628 2914 3683 αὑτὸν
2943 3629 3022 3691 εἰς
3046 3629 3172 3690 τοὺς
3200 3627 3421 3690 αἰῶνας.

2064 3725 2156 3779 78.
2180 3725 2465 3794 Εὑλογεῖτε
2499 3723 2782 3789 Θάλασσαι,
2811 3723 2906 3776 καὶ
2937 3723 3170 3793 ποταμοὶ
3214 3722 3304 3776 τὸν
3336 3721 3562 3792 Κύριον,

1997 3818 2233 3888 ὑμνεῖτε,
2259 3817 2351 3871 καὶ
2379 3815 2717 3886 ὑπερυψοὺτε
2749 3815 2911 3868 αὑτὸν
2941 3817 3020 3877 εἰς
3047 3815 3172 3877 τοὺς
3198 3814 3420 3876 αἰῶνας.

2067 3904 2153 3959 79.
2186 3905 2472 3973 Εὑλογεῖτε
2515 3905 2680 3974 κήτη,
2725 3903 2818 3957 καὶ
2854 3904 3026 3957 πάντα
3063 3905 3131 3957 τὰ
3169 3903 3461 3973 κινούμενα
3504 3903 3564 3955 ἐν

1996 3997 2107 4059 τοῖς
2138 3994 2292 4048 ὕδασι
2314 3995 2402 4047 τὸν
2432 3994 2656 4063 Κύριον,
2688 3994 2927 4065 ὑμνεῖτε,
2963 3993 3058 4049 καὶ
3083 3993 3422 4065 ὑπερυψοῦτε
3461 3993 3561 4046 αὑ-

1994 4085 2085 4137 τὸν
2114 4087 2193 4148 εἰς
2217 4086 2343 4147 τοὺς
2374 4085 2592 4148 αἰῶνας.

2065 4176 2153 4231 80.
2191 4175 2476 4244 Εὐλογεῖτε
2506 4177 2683 4230 πάντα
2717 4176 2787 4229 τὰ
2820 4177 3040 4231 πετεινὰ
3078 4179 3172 4230 τοὺ
3204 4175 3432 4248 ούρανοῦ
3468 4176 3563 4229 τὸν

1995 4269 2229 4340 Κύριον,
2278 4269 2528 4341 ὑμνεῖτε,
2570 4268 2664 4322 καὶ
2709 4267 3049 4340 ὑπερυψοῦτε
3094 4270 3254 4324 αὑτὸν
3301 4272 3382 4332 εἰς
3435 4269 3562 4332 τοὺς

1923 4371 1967 4426 Ι)
1995 4361 2214 4424 αἰῶνας.

2067 4451 2156 4504 81.
2193 4449 2478 4519 Εὑλογεῖτε
2509 4450 2684 4504 πάντα
2719 4450 2789 4504 τὰ
2819 4449 3012 4520 θηρία,
3056 4450 3153 4503 καὶ
3178 4451 3245 4504 τὰ
3270 4450 3439 4521 κτήνη
3468 4468 3560 4503 τε-

1996 4538 2258 4610 τράποδα,
2312 4538 2407 4591 καὶ
2440 4539 2605 4608 θηρία
2641 4538 2740 4607 τῆς
2786 4539 2888 4608 γῆς
2929 4541 3016 4590 τὸν
3065 4538 3291 4609 Κύριον,
3318 4540 3559 4609 ὑμνεῖτε,

1997 4625 2091 4678 καὶ
2121 4624 2462 4694 ὑπερυψοὺτε
2492 4626 2653 4678 αὑτὸν
2683 4628 2762 4689 εἰς
2791 4627 2915 4690 τοὺς
2942 4627 3164 4690 αἰῶνας.

2065 4716 2155 4769 82.
2181 4717 2466 4784 Εὑλογεῖτε
2496 4718 2544 4770 οἰ
2573 4717 2680 4770 uiui.
2701 4717 2810 4771 τῶν
2850 4717 3154 4787 ἀνθρώπων
3196 4719 3287 4772 τὸν
3336 4721 3562 4789 Κύριον,

1998 4809 2238 4878 ὑμνεῖτε,
2262 4808 2355 4862 καὶ
2378 4807 2716 4879 ὑπερυψοῦτε
2744 4808 2902 4861 αὑτὸν
2930 4811 3009 4870 εἰς
3034 4809 3158 4872 τοὺς
3195 4809 3415 4872 αἰῶνας.

2067 4900 2154 4956 85.
2189 4901 2471 4968 Εὑλογεῖτε
2530 4899 2744 4970 Ἰσραὴλ
2767 4900 2857 4954 τὸν
2901 4899 3137 4970 Κύριον,
3178 4900 3393 4971 ὑμνεῖτε
3421 4943 3436 4968 ,

1999 4991 2338 5063 ὑπερυψοῦτε
2357 4992 2517 5045 αὑτὸν
2538 4993 2618 5054 εἰς
2647 4993 2771 5054 τοὺς
2799 4990 3022 5054 αἰῶνας.

2069 5081 2158 5135 ει.
2198 5081 2482 5149 Εὑλογεῖτε
2536 5081 2699 5150 ἱερεῖς
2747 5079 2921 5133 δοῦλοι
2962 5080 3168 5151 Κυρίου
3207 5082 3296 5135 τὸν
3341 5082 3561 5154 Κύριον,

2001 5171 2238 5240 ὑμνεῖτε,
2270 5172 2362 5224 καὶ
2395 5169 2734 5241 ὑπερυψοῦτε
2757 5171 2917 5223 αὑτὸν
2943 5171 3022 5234 εἰς
3054 5172 3178 5234 τοὺς
3201 5173 3418 5236 αἰῶνας.

2069 5260 2158 5314 85.
2191 5259 2476 5329 Εὑλογεῖτε
2526 5260 2704 5314 δοῦλοι
2747 5260 2836 5313 τὸν
2892 5260 3098 5332 Κύριον
3123 5301 3139 5328 ,
3178 5249 3417 5332 ὑμνεῖτε,
3473 5264 3566 5318 καὶ

2001 5351 2340 5423 ὑπερυψοὺτε
2381 5353 2541 5406 αὑτὸν
2569 5355 2647 5416 εἰς
2683 5356 2810 5416 τοὺς
2839 5353 3061 5417 αἰῶνας.

2071 5444 2159 5496 86.
2195 5443 2474 5511 Εὑλογεῖτε
2525 5444 2828 5515 πνεύματα,
2865 5445 2958 5496 καὶ
2986 5444 3158 5515 ψυχαὶ
3200 5445 3422 5499 δικαίων
3474 5447 3566 5499 τὸν

2002 5537 2223 5606 Κύριον,
2251 5536 2489 5606 ὑμνεῖτε,
2525 5536 2616 5589 καὶ
2643 5535 2982 5608 ὑπερυψοῦτε
3005 5536 3165 5591 αὑτὸν
3190 5540 3269 5602 εἰς
3293 5540 3414 5601 τοὺς
3435 5538 3566 5591 αἰῶ-

2003 5646 2116 5692 νας.

3472 4905 3566 4955 καί
