3848 6218
235 223 404 283 ποτ)

1552 220 1802 277 DANIEL
1845 217 2072 277 CAPUT
2117 216 2203 273 Ill.

3321 189 3326 200 “
3365 225 3508 281 279i

315 341 414 394 87.
447 339 726 408 Εὑλογεῖτε
757 338 915 402 ὅσιοι,
947 337 1042 392 καὶ
1065 340 1313 393 ταπεινοὶ
1347 338 1544 410 καρδίᾳ
1583 335 1826 392 τδνΚύ-

1995 333 2084 388 87.
2126 330 2456 396 Benedicite,
2484 331 2680 398 sancti,
2701 341 2756 388 et
2781 332 3015 390 humiles
3043 335 3227 402 corde,
3255 337 3506 406 Domino,

237 447 394 502 ριον,
420 431 652 498 ὑμνεῖτε,
675 429 769 482 καὶ¹
791 427 1132 498 ὑπερυψοῦτε
1162 429 1324 482 αὐτὸν
1350 431 1431 492 είς
1461 429 1585 489 τοὺς
1605 426 1826 489 αίῶνας.

317 516 415 570 88.
450 514 734 584 Εὖλογεῖτε
783 514 1019 581 Ἀνανία,
1055 517 1282 590 Ἀζαρία
1304 557 1319 583 ,
1349 515 1568 584 Μισαὴλ
1597 515 1688 568 τὸν
1717 515 1832 566 Κύ-

241 624 394 681 ριον,
427 608 642 677 ὑμνεῖτε
663 647 678 669 ,
735 608 830 660 καὶ
860 607 1203 678 ὑπερυψοῦτε
1233 609 1396 662 αὑτὸν
1424 610 1504 671 είς
1547 607 1672 670 τοὺς
1698 605 1830 659 αίῶ-

239 718 374 764 νας.
407 702 525 753 ὐτι
555 699 790 764 ἐξείλετο
810 701 958 770 ἡμᾶς
988 700 1046 765 ἐξ
1075 700 1227 770 ᾅδου,
1249 701 1345 754 καὶ
1372 700 1574 753 ἐσωσεν
1596 700 1740 768 ἡμᾶς
1765 699 1832 750 ἐκ

236 793 438 864 χειρὸς
474 793 702 846 θανάτου
726 831 742 857 ,
776 793 870 843 καὶ
891 791 1162 862 ἐρρύσατο
1192 792 1338 861 ἡμᾶς
1371 793 1434 843 ἐκ
1469 790 1633 861 μέσου
1680 805 1832 842 καιο-

241 885 430 955 μένης
463 882 676 952 φλογὸς,
704 881 798 934 καὶ
820 883 884 935 ἐκ
912 882 1004 936 τοῦ
1036 883 1205 954 πυρὸς
1230 882 1570 954 ἐλυτρώσατο
1599 883 1765 952 ἡμᾶς.

323 976 416 1030 89.
454 973 889 1045 Ἐξομολογεῖσθε
921 972 1000 1044 τῷ
1020 975 1230 1044 Κυρίῳ,
1254 974 1337 1027 ὅτι
1367 973 1622 1046 χρηστὸς,
1648 974 1732 1027 ὅτι
1753 974 1832 1037 είς

237 1067 346 1120 τὸν
383 1066 553 1119 αίῶνα
582 1066 642 1118 τὸ
664 1065 810 1127 ἐλεος
838 1065 1024 1120 αὐτοῦ.

323 1158 418 1214 90.
445 1159 728 1227 Εὑλογεῖτε
756 1157 957 1220 πάντες
985 1157 1035 1209 οί
1063 1156 1342 1227 σεϐόμενοι
1383 1156 1476 1210 τὸν
1508 1156 1709 1227 Κύριον
1741 1155 1834 1210 τὸν

240 1252 392 1304 Θεὸν
419 1251 526 1304 τῶν
553 1249 712 1313 θεῶν,
745 1251 983 1320 ὑμνεῖτε,
1011 1249 1105 1302 καὶ
1144 1248 1577 1320 ἐξομολογεῖσθε,
1625 1250 1710 1303 ὃτι
1752 1250 1834 1311 είς

239 1345 347 1394 τὸν
369 1341 539 1396 αἰῶνα
560 1341 621 1394 τὸ
648 1340 790 1404 ἔλεος
809 1339 974 1393 αὐτοῦ
1009 1353 1072 1394 σε·
1109 1340 1200 1394 καὶ
1229 1343 1309 1404 εἰς
1333 1340 1422 1394 τὸν
1443 1355 1506 1397 οε-
1527 1340 1699 1394 αίῶνα
1723 1341 1832 1395 τῶν

241 1432 490 1488 αίώνων.
978 1480 980 1482 τ

323 1524 416 1579 91.
450 1523 558 1577 Καὶ
580 1521 867 1591 ἐγέ-ι-νετο
904 1522 962 1575 ἐν
1000 1521 1077 1594 τῷ
1114 1521 1343 1576 ἀκοῦσαι
1381 1523 1473 1577 τὸν
1509 1523 1734 1594 βασιλέα
1767 1539 1832 1580 +

243 1617 569 1688 ὑμνούντων
596 1615 773 1669 αὐτῶν
801 1628 863 1668 +
891 1614 983 1667 καὶ
1012 1612 1182 1678 ἐστὼς
1209 1613 1430 1685 ἐθεώρει
1469 1615 1665 1678 αὐτοὺς
1693 1615 1832 1681 ζῶν-

1931 424 2193 496 hymnum
2221 423 2402 487 dicite,
2425 433 2479 478 et
2510 425 2908 494 superexaltate
2938 442 3061 482 eum
3109 429 3162 481 in
3193 430 3413 486 saecula.

2002 517 2093 574 88.
2135 517 2467 584 Benedicite,
2495 519 2727 584 Anania,
2775 518 2991 585 Azaria,
3018 520 3225 588 Misael,
3254 521 3508 591 Domino,

1932 610 2196 681 hymnum
2227 609 2391 664 dicite
2424 649 2441 677 ,
2477 619 2531 664 et
2566 611 2967 680 superexaltate
3003 627 3128 667 eum
3178 614 3230 667 in
3288 615 3506 669 smcula.

1931 701 2204 767 Quoniam
2230 700 2432 770 eripuit
2456 713 2556 754 nos
2585 700 2654 754 de
2681 698 2891 766 inferis,
2945 710 2998 755 et
3042 701 3226 757 salvos
3251 703 3379 758 fecit
3409 720 3508 762 nos

1931 792 1999 846 de
2023 807 2188 846 manu
2219 792 2438 856 mortis,
2469 801 2522 846 et
2551 792 2800 847 liberavit
2833 806 2934 846 uos
2969 798 3036 848 de
3076 793 3256 849 medio
3279 793 3512 851 flammae

1933 884 2192 949 ardentis,
2220 893 2276 939 et
2302 883 2368 939 de
2394 885 2516 954 igne
2545 884 2776 939 redemit
2802 900 2924 940 nos.

2003 973 2093 1029 89.
2131 974 2480 1029 Conﬁtemini
2517 973 2746 1029 Domino
2799 974 3056 1046 quoniam
3111 976 3323 1044 bonus,
3373 993 3512 1048 quo-

1934 1066 2081 1120 niam
2113 1065 2170 1120 in
2198 1067 2456 1122 saeculum
2477 1066 2848 1121 misericordia
2877 1068 3016 1137 ejus.

2003 1156 2092 1212 90.
2134 1158 2477 1222 Benedicite,
2506 1172 2696 1213 omnes
2735 1159 2976 1214 colentes
3007 1157 3298 1213 Dominum
3338 1158 3509 1224 Deum

1933 1249 2180 1315 deorum,
2218 1250 2453 1315 laudate,
2482 1259 2536 1304 et
2565 1248 2923 1314 confitemini,
2952 1249 3211 1318 quoniam
3251 1249 3306 1303 in
3337 1263 3510 1314 saecu-

1935 1342 2046 1396 lum
2072 1343 2439 1398 misericordia
2466 1343 2586 1411 ejus
2627 1352 2680 1397 et
2713 1341 2767 1394 in
2805 1342 3066 1396 saeculum
3119 1342 3467 1396 saeculorum.

2006 1527 2094 1582 9|.
2135 1524 2200 1580 Et
2227 1525 2428 1580 factum
2460 1535 2576 1590 est,
2631 1540 2759 1580 cum
2804 1524 3018 1580 audiret
3065 1541 3162 1579 rex
3225 1524 3511 1590 laudantes

1936 1618 2058 1675 illos
2085 1628 2141 1674 et
2162 1629 2313 1674 stans
2341 1619 2544 1673 videret
2577 1633 2674 1674 eos
2716 1619 2980 1672 viventes.
3015 1619 3169 1673 Tunc
3215 1616 3510 1672 Nabucho-

244 1726 354 1772 τας
381 1710 438 1778 /.
471 1708 603 1761 Τότε
652 1706 1119 1777 Ναϐουχοδονόσορ
1159 1709 1188 1759 6
1222 1706 1476 1777 βασιλεὺς
1529 1707 1827 1778 ἐθαύμασε,

1956 1713 2173 1768 lonosor
2199 1727 2290 1766 rex
2319 1710 2620 1780 obstupuit,
2650 1717 2705 1764 et
2738 1711 2976 1765 surrexit
3011 1709 3266 1776 festinus,
3291 1718 3346 1764 et
3373 1709 3512 1778 dixit

245 1802 354 1855 καὶ
390 1800 586 1870 ἀνέστη
619 1797 876 1861 σπεύσας,
913 1800 1008 1850 καὶ
1057 1793 1211 1850 εἶπεν
1242 1800 1352 1860 τοῖς
1393 1798 1565 1867 φίλοις
1594 1799 1830 1856 αὺτοῦ-ιι-

246 1893 465 1962 Χοὺχὶ
481 1890 674 1962 ἄνδρας
693 1893 840 1960 τρεῖς
859 1889 1123 1960 ἐϐάλομεν
1145 1891 1224 1954 είς
1249 1890 1412 1960 μέσον
1432 1891 1525 1943 τοῦ
1551 1893 1719 1961 πυρὸς
1736 1909 1832 1944 πε-

245 1984 591 2056 πεδημένους
611 2027 624 2050 ,
654 1985 759 2036 Καὶ
774 1978 927 2036 εἷπον
945 1983 1022 2052 τῷ
1045 1984 1270 2053 βασιλεῖ·
1304 1984 1564 2056 Ἀληθῶς,
1585 1985 1826 2055 βασιλεῦ.

323 2078 418 2132 9‘2.
450 2078 559 2129 Καὶ
585 2072 736 2130 εἶπεν
765 2077 793 2128 6
827 2075 1078 2147 βασιλεύς
1095 2076 1150 2146 /.
1183 2076 1316 2129 Ἰδοὺ
1340 2076 1451 2145 ἐγὼ
1490 2077 1600 2148 ὁρῶ
1629 2077 1829 2149 ἄνδρας

243 2168 528 2238 τέσσαρας
556 2167 878 2238 λελυμένους
897 2167 1333 2238 περιπατοῦντας
1365 2171 1422 2222 ἐν
1444 2168 1520 2238 τῷ
1559 2169 1712 2239 πυρὶ,
1738 2169 1832 2222 καὶ

245 2258 436 2329 φθορὰ
461 2258 685 2327 οὐδεμία
724 2259 954 2329 ἐγενήθη
978 2261 1035 2314 ἐν
1065 2260 1268 2326 αὐτοῖς,
1304 2259 1398 2312 καὶ
1432 2262 1465 2331 ἡ
1507 2261 1695 2332 ὅρασις
1738 2260 1831 2314 τοῦ

243 2352 518 2421 τετάρτου
541 2350 792 2421 ὁμοίωμα
822 2352 1051 2420 ἀγγέλου
1075 2351 1232 2406 Θεοῦ.

323 2444 416 2498 93.
448 2443 559 2495 Καὶ
577 2442 888 2515 προσελθὼν
916 2447 942 2496 6
965 2443 1218 2513 βασιλεὺς
1252 2445 1388 2516 πρὸς
1421 2444 1516 2516 τὴν
1541 2444 1707 2515 θύραν
1734 2445 1832 2513 τῆς

248 2534 490 2606 καμίνου
517 2535 812 2604 καιομένης
835 2534 911 2604 τῷ
941 2535 1094 2604 πυρὶ,
1135 2536 1391 2590 ἐκάλεσεν
1420 2537 1616 2599 αὐτοὺς
1642 2535 1700 2600 ἐξ
1720 2537 1834 2589 6νό-

251 2641 466 2696 ματος·
508 2625 735 2696 Σεδρὰχ,
785 2627 993 2696 Μισὰχ,
1055 2628 1382 2696 Ἀϐδεναγὼ,
1431 2631 1480 2681 οἱ
1523 2631 1712 2692 παῖδες
1737 2629 1831 2682 τοῦ

248 2717 395 2771 Θεοῦ
420 2717 528 2771 τῶν
557 2717 694 2771 θεῶν
734 2717 825 2770 τοῦ
861 2717 1083 2786 ὑψίστου
1103 2757 1132 2781 ,ν
1150 2719 1392 2785 ἐξέλθετε
1421 2722 1485 2773 ἐκ
1515 2720 1607 2773 τοῦ
1641 2721 1830 2790 πυρός.

250 2809 446 2872 Οὕτως
463 2804 556 2863 οὖν
594 2808 817 2878 ἐξῆλθον
849 2811 897 2861 οἱ
931 2808 1121 2879 ἄνδρες
1156 2813 1219 2864 ἐκ
1251 2811 1416 2882 μέσου
1443 2811 1538 2865 τοῦ
1572 2814 1760 2882 πυρός.

326 2904 418 2960 94.
452 2905 563 2957 Καὶ
591 2904 935 2974 συνήχθησαν
967 2905 1013 2956 οί
1045 2903 1259 2971 ὕπατοι,
1284 2907 1573 2978 τοπάρχαι,
1615 2907 1709 2959 καὶ¹
1738 2905 1835 2977 ἁρ-

1932 1804 2125 1859 amicis
2154 1803 2270 1857 suis
2300 1821 2313 1856 :
2341 1801 2530 1856 Nonne
2553 1802 2702 1856 viros
2762 1812 2872 1857 tres
2904 1801 3158 1856 misimus
3186 1801 3239 1854 in
3269 1801 3507 1856 medium

1932 1896 2074 1968 ignis
2104 1894 2354 1950 vinctos?
2383 1892 2448 1947 Et
2473 1894 2731 1949 dixerunt
2765 1892 2875 1963 regi
2906 1907 2920 1945 :
2950 1891 3105 1958 Vere,
3134 1907 3249 1947 rex.

2003 2068 2091 2125 92.
2133 2068 2199 2123 Et
2225 2067 2358 2122 dixit
2393 2083 2484 2121 rex
2521 2083 2534 2119 :
2566 2065 2705 2122 Ecce
2739 2082 2840 2139 ego
2883 2068 3043 2123 video
3074 2067 3222 2123 viros
3273 2076 3510 2140 quatuor

1933 2160 2144 2215 solutos
2175 2157 2584 2213 (leambulantes
2616 2159 2669 2212 in
2729 2158 2871 2229 igne,
2931 2167 2984 2212 et
3031 2158 3312 2228 corruptio
3359 2158 3507 2212 nulla

1933 2254 2077 2309 facta
2104 2263 2190 2307 est
2219 2253 2273 2307 in
2304 2252 2382 2306 eis
2402 2289 2418 2316 ,
2467 2260 2521 2306 et
2551 2261 2801 2322 aspectus
2851 2252 3033 2321 quarti
3070 2251 3374 2307 similitudo
3409 2268 3510 2306 au-

1934 2345 2036 2415 geli
2064 2343 2177 2396 Dei.

2005 2433 2095 2488 95.
2138 2433 2346 2486 Etcum
2381 2431 2707 2486 accessisset
2766 2447 2858 2509 rex
2889 2433 2956 2486 ad
3016 2431 3220 2486 ostium
3271 2431 3511 2489 fornacis

1935 2527 2181 2582 ardentis
2209 2526 2356 2595 igne,
2413 2525 2629 2579 vocavit
2677 2540 2772 2579 eos
2824 2539 2892 2578 ex
2939 2526 3196 2581 nomine:
3247 2523 3508 2589 Sedracb,

1935 2618 2165 2684 Misach,
2197 2618 2515 2686 Abdeuago,
2544 2617 2687 2671 servi
2720 2615 2812 2670 Dei
2844 2617 3072 2672 deorum
3104 2617 3326 2685 excelsi,
3365 2632 3514 2688 egre-

1935 2711 2126 2765 dimini
2163 2709 2230 2762 de
2262 2709 2402 2781 igne.
2439 2707 2528 2764 Sic
2561 2709 2719 2781 igitur
2752 2709 2958 2781 egressi
2999 2719 3130 2765 sunt
3157 2709 3262 2765 viri
3292 2710 3361 2765 de
3395 2723 3513 2766 me-

1936 2803 2027 2857 le
2057 2802 2220 2874 ignis.

2007 2896 2097 2950 94.
2140 2894 2207 2949 Et
2261 2893 2574 2964 congregati
2629 2901 2756 2948 sunt
2818 2893 3093 2960 consules,
3131 2891 3516 2963 toparchaa,-et

250 2997 645 3070 χιπατριῶται,
671 2999 766 3051 καὶ
783 2997 831 3050 οί
858 2997 999 3066 φίλοι
1017 2996 1111 3050 τοῦ
1135 2997 1416 3069 βασιλέως,
1447 2999 1542 3053 καὶ
1567 2998 1830 3070 ἐθεώρουν

1956 2986 2214 3055 πίιιοίρεε
2258 2985 2610 3049 familiarum,
2658 2992 2713 3039 et
2756 2985 2918 3038 amici
2968 2986 3132 3054 regis,
3179 2993 3234 3040 et
3265 2995 3513 3040 contem-

250 3091 384 3154 τοὺς
405 3089 727 3162 ἀνθρώπους
751 3089 1012 3152 ἐκείνους,
1037 3090 1122 3142 ὅτι
1161 3090 1256 3159 οὐχ
1293 3091 1470 3161 ἥψατο
1495 3090 1555 3143 τὸ
1608 3089 1714 3161 πῦρ
1743 3089 1835 3143 τοῦ

254 3181 508 3252 σώματος
538 3183 740 3248 αὐτῶν,
758 3183 852 3236 καὶ
875 3183 930 3236 ai
957 3181 1139 3252 τρίχες
1168 3183 1345 3237 αὐτῶν
1373 3183 1432 3236 οὐ
1467 3183 1835 3255 κατεκάησαν,

252 3275 353 3328 καὶ
387 3274 456 3327 τὰ
478 3273 765 3346 σαράϐαρα
786 3273 964 3326 αὐτῶν
997 3274 1098 3327 οὐκ
1123 3274 1517 3346 ἡλλοιὼθησαν,
1546 3275 1667 3329 οὑδέ
1691 3274 1835 3345 ὀσμὴ

251 3365 352 3420 τοῦ
393 3364 563 3436 πυρὸς
587 3361 655 3436 ἦν
690 3364 746 3417 ἐν
770 3365 976 3429 αὐτοῖς.

327 3455 418 3512 95.
465 3456 783 3510 ’Υπολαϐὼν
814 3455 1374 3529 δὲΝαϐουχοδονόσορ
1409 3459 1438 3511 6
1477 3455 1732 3527 βασιλεὺς
1760 3452 1838 3510 εἵ-

255 3564 394 3604 πενο
431 3548 734 3619 Εὐλογητὸς
779 3548 983 3618 Κύριος
1011 3549 1105 3602 τοῦ
1130 3549 1355 3620 Σεδρὰχ,
1386 3547 1602 3618 Μισὰχ,
1652 3548 1838 3602 Ἀϐδε-

256 3638 429 3709 ναγὼ,
471 3640 530 3702 ὃς
573 3639 858 3692 ἀπέστειλε
895 3642 987 3694 τὸν
1030 3639 1259 3709 ἄγγελον
1305 3638 1492 3703 αὐτοῦ,
1532 3641 1627 3693 καὶ
1666 3639 1838 3692 ἔσωσε

255 3735 387 3798 τοὺς
414 3734 609 3797 παῖδας
640 3733 827 3799 αὑτοῦ,
872 3734 1001 3796 τοὺς
1043 3735 1368 3797 ἐλπίσαντας
1394 3734 1482 3785 ἐπ’
1510 3733 1691 3787 αὐτόν.
1727 3734 1838 3805 Τὴν

255 3826 372 3898 γὰρ
395 3826 707 3897 προσταγὴν
745 3823 838 3877 τοῦ
876 3825 1139 3894 βασιλέως
1171 3824 1479 3894 ἠθέτησαν,
1520 3824 1614 3877 καὶ
1659 3825 1833 3894 παρέ-

255 3919 440 3972 δωκαν
476 3916 546 3970 τὰ
585 3915 812 3986 σώματα
862 3915 1042 3970 αὐτῶν
1087 3930 1150 3970 σε-
1179 3918 1258 3978 είς
1291 3917 1440 3986 ἐμπυ
1467 3929 1528 3971 οξ-
1557 3916 1752 3986 ρι-σμὸν
1776 3917 1832 3987 /.

257 4008 350 4063 ῖνα
373 4008 449 4078 μὴ
475 4007 833 4077 λατρεύσωσι,
870 4007 1004 4079 μηδέ
1039 4009 1460 4078 προσκυνήσωσι
1487 4006 1606 4079 Θεῷ
1643 4008 1835 4080 ἐτέρῳ,

255 4098 376 4153 ἀλλ’
408 4098 440 4168 ἢ
470 4097 548 4170 τῷ
584 4097 703 4169 Θεῷ
724 4098 921 4153 αὐτῶν.

327 4190 418 4247 96.
456 4191 565 4244 Καὶ
589 4190 685 4245 νῦν
715 4191 827 4260 ἐγὼ
856 4190 1046 4262 κρίνω⁹
1079 4191 1168 4246 ἵνα
1196 4193 1306 4246 πᾶν
1342 4190 1513 4257 ἔθνος,
1544 4192 1637 4245 καὶ
1662 4193 1836 4246 πᾶσαι

257 4285 466 4356 φυλαὶ,
513 4283 610 4338 καὶ
636 4284 806 4339 πᾶσαι
844 4284 1112 4352 γλῶσσαι,
1152 4283 1209 4346 ὃς
1247 4283 1315 4337 ἂν
1359 4283 1728 4354 βλασφημήσῃ
1757 4284 1835 4346 είς

1938 3077 2225 3147 plabantur
2257 3076 2504 3130 homines
2532 3075 2675 3138 illos,
2707 3076 2965 3144 quoniam
3024 3090 3131 3130 non
3177 3076 3350 3146 tetigit
3372 3075 3513 3145 ignis

1938 3183 2135 3238 corpus
2168 3182 2377 3233 eorum,
2411 3175 2465 3222 et
2496 3165 2672 3236 capilli
2703 3182 2891 3220 eorum
2919 3181 3025 3220 non
3067 3165 3426 3228 adustisuut,
3458 3173 3515 3219 et

1938 3260 2195 3314 sarabara
2226 3275 2414 3314 eorum
2448 3273 2556 3312 nou
2622 3257 2906 3311 immutata
2956 3266 3105 3320 sunt,
3163 3272 3338 3326 neque
3375 3256 3514 3309 odor

1937 3353 2085 3424 ignis
2118 3360 2234 3407 erat
2263 3353 2317 3404 in
2345 3351 2446 3405 eis.

2008 3444 2099 3500 95.
2169 3441 2526 3512 Respondens
2586 3449 2766 3494 autem
2833 3435 3345 3493 Nabuchodonosor
3411 3451 3513 3507 rex

1936 3537 2117 3594 dixit:
2151 3534 2476 3590 Benedictus
2534 3531 2800 3587 Dominus
2843 3530 3108 3595 Sedrach,
3148 3529 3512 3593 Misach,Ab-

1937 3625 2171 3693 deuago,
2195 3622 2288 3690 qui
2319 3621 2470 3675 misit
2502 3620 2756 3690 angelum
2785 3634 2970 3684 suum,
2989 3619 3290 3675 etsalvavit
3313 3632 3513 3688 pueros

1937 3729 2088 3778 suos,
2145 3712 2239 3782 qui
2288 3721 2646 3781 speraverant
2685 3712 2739 3765 in
2789 3728 2953 3777 eum;
3001 3710 3316 3764 mandatum
3363 3710 3511 3764 enim

1938 3805 2080 3876 regis
2137 3813 2478 3874 spreverunt,
2531 3815 2585 3858 et
2640 3804 2979 3859 tradiderunt
3031 3818 3260 3874 corpora
3315 3817 3415 3856 sua
3456 3802 3512 3855 in

1937 3896 2369 3950 combustiouem
2399 3911 2465 3950 ue
2495 3895 2755 3962 colerent,
2806 3910 2982 3966 neque
3031 3895 3322 3950 adorarent
3349 3894 3509 3950 deum

1938 3987 2103 4041 alium
2128 3998 2326 4057 praeter
2361 3985 2529 4041 Deum
2570 4002 2750 4042 suum.

2010 4189 2098 4245 96.
2146 4188 2213 4244 Et
2237 4204 2385 4244 nunc
2417 4203 2518 4259 ego
2549 4188 2895 4251 decerno,,ut
2926 4187 3106 4242 omnis
3131 4201 3285 4256 gens,
3323 4193 3380 4241 et
3402 4199 3518 4242 om-

1940 4298 2038 4338 nes
2068 4281 2267 4346 tribus,
2290 4289 2345 4336 et
2393 4296 2585 4336 omnes
2627 4282 2844 4351 lingua,
2887 4279 3220 4349 quicumque
3258 4278 3513 4346 blasphe-

256 4376 353 4429 τὸν
381 4373 584 4445 Κύριον
611 4375 702 4429 τὸν
724 4373 856 4428 Θεὸν
876 4374 1102 4446 Σεδρὰχ,
1119 4375 1327 4444 Μισὰχ,
1366 4374 1694 4443 Ἀϐδεναγώ,
1717 4374 1830 4428 δια-

1956 4374 2232 4428 naveritin
2267 4372 2569 4428 Dominum.
2589 4371 2756 4426 Deum
2784 4370 3044 4436 Sedrach,
3080 4369 3309 4435 Misach,
3335 4370 3514 4424 Abde-

262 4466 783 4538 μελισθήσεται,καὶ
804 4467 837 4537 ἡ
861 4467 1008 4520 οἰκία
1044 4465 1210 4519 αὑτοῦ
1239 4467 1672 4537 δημευθήσεταιο
1701 4466 1834 4520 διότι

259 4561 363 4612 οὐκ
385 4559 498 4611 ἐστι
527 4558 657 4621 Θεὸς
682 4557 890 4629 ἕτερος,
917 4559 975 4623 ὃς
1006 4559 1288 4631 δυνήσεται
1324 4559 1603 4627 ἐξελέσθαι
1639 4557 1831 4623 οὕτως.

331 4653 423 4708 97.
456 4650 641 4716 Οὕτως
672 4648 766 4706 οῦν
794 4653 1045 4723 βασιλεὺς
1075 4652 1151 4723 τῷ
1178 4653 1404 4724 Σεδρὰχ,
1427 4654 1836 4726 Μισὰχ,Ἀὃδε-

260 4743 434 4812 ναγὼ,
469 4743 716 4807 ἐξουσίαν
743 4744 866 4808 δοὺς
891 4745 974 4813 ἐφ’
1004 4744 1130 4814 ὅλης
1149 4745 1245 4814 τῆς
1271 4745 1472 4815 χώρας,
1503 4745 1836 4817 κατέστησεν

261 4836 462 4900 αὐτοὺς
487 4836 750 4908 ἄρχοντας
788 4839 878 4904 λ.

333 4946 441 5013 98.]
452 4947 619 5018 Ἀρχὴ
645 4947 744 5018 τῆς
786 4947 1102 5020 Ἐπιστολῆς
1115 4951 1181 5017 Χ
1193 4948 1834 5004 ΝΔΒΟΥΧΟΔΟΝΟΣΟΡ

261 5039 334 5106 Χ
372 5038 402 5090 6
439 5037 708 5109 βασιλεὺς,
752 5039 887 5091 πᾶσι
921 5040 1035 5103 τοῖς
1065 5039 1249 5107 λαοῖς,
1288 5039 1502 5109 φυλαῖς,
1533 5041 1630 5094 καὶ
1662 5038 1838 5108 γλώσο

264 5132 337 5197 »ξ
366 5145 506 5193 σαις,
540 5131 652 5192 τοῖς
684 5127 922 5184 οἰκοῦσιν
963 5130 1023 5183 ἐν
1061 5131 1208 5204 πάσῃ
1233 5134 1299 5203 τῇ
1325 5135 1430 5204 γῇ·
1477 5132 1670 5203 εἰρήνη
1703 5133 1832 5202 ὑμῖν

264 5223 336 5289 χ
365 5219 714 5291 πληθυνθείη.

335 5332 425 5388 99.
463 5334 529 5399 κ
553 5332 633 5386 Τὰ
666 5336 865 5404 σημεῖα
901 5335 995 5388 καὶ
1030 5335 1098 5389 τὰ
1132 5335 1332 5408 τέρατα
1375 5337 1410 5392 ἃ.
1457 5337 1686 5410 ἐποίησε
1716 5341 1834 5411 μετ’

266 5431 336 5490 )9:
364 5422 497 5494 ἐμοῦ
531 5426 559 5476 6
584 5423 714 5488 Θεὸς
734 5427 762 5478 6
790 5424 1032 5496 ὕψιστος,
1050 5428 1245 5500 ἤρεσεν
1273 5430 1514 5484 ἐναντίον
1549 5448 1649 5502 μου
1667 5432 1836 5501 ἀναγ-

266 5525 336 5588 ﬁt
365 5521 542 5590 τεῖλαι
574 5523 720 5594 ὑμῖν,
755 5520 830 5586 ὡς
865 5523 1075 5594 μεγάλα
1101 5523 1193 5577 καὶ
1219 5526 1432 5596 ἰσχυρά,

347 5634 462 5690 100.
502 5661 554 5700 τ-
607 5633 698 5697 '9;
715 5634 922 5708 μεγάλη
941 5637 1034 5692 καὶ
1063 5636 1254 5708 ἰσχυρὰ
1327 5636 1568 5709 βασιλεία
1587 5638 1752 5695 αὑτοῦ
1771 5640 1828 5710 /.

1939 4480 2100 4535 nago,
2132 4464 2473 4519 membratim
2507 4464 2842 4529 concidatur,
2872 4473 2924 4517 et
2952 4462 3149 4517 domus
3186 4462 3305 4531 ejus
3335 4459 3515 4531 publi-

1939 4566 2112 4620 cetur,
2143 4557 2272 4627 quia
2297 4571 2407 4611 non
2443 4564 2528 4611 est
2560 4554 2702 4610 Deus
2732 4555 2895 4619 alius,
2935 4554 3029 4625 qui
3059 4554 3234 4624 possit
3276 4554 3350 4609 ita
3383 4555 3516 4611 libe-

1939 4665 2079 4704 rare.

2009 4760 2098 4815 97.
2142 4758 2235 4815 Sic
2262 4758 2426 4830 igitur
2447 4774 2561 4826 rex,
2596 4757 2861 4823 Sedrach,
2914 4758 3141 4823 Misach,
3193 4760 3511 4831 Abdenago,

1939 4858 2262 4920 potestatem
2287 4851 2423 4906 dans
2449 4865 2611 4921 super
2638 4850 2948 4905 universam
2973 4852 3272 4921 regionem,
3305 4853 3512 4908 consti-

1941 4938 2054 4994 tuit.
2074 4955 2170 4995 eos
2198 4939 2493 5010 principes.

1923 5103 1925 5106 .
2013 5049 2103 5105 98.
2137 5048 2354 5104 Initium
2401 5048 2674 5119 Epistolaa.
2710 5048 3362 5106 NABUCl-IODONOSOR
3419 5067 3513 5108 rex

1939 5137 2194 5194 omnibus
2221 5137 2455 5208 populis,
2485 5139 2754 5204 tribubus,
2806 5148 2859 5193 et
2894 5139 3090 5208 linguis
3145 5139 3514 5196 habitantibus

1939 5231 1992 5285 iu
2026 5230 2277 5314 universa
2308 5239 2482 5298 terra;
2499 5245 2607 5301 pax
2636 5231 2789 5286 vobis
2819 5231 3228 5301 multiplicetur.

2007 5344 2096 5399 99.
2143 5343 2330 5414 Signa,
2368 5353 2424 5399 et
2449 5354 2684 5410 ostenta,
2713 5359 2835 5414 quae
2867 5341 2994 5398 fecit
3021 5358 3232 5398 mecum
3260 5341 3399 5397 Deus
3419 5358 3518 5398 ex-

1938 5434 2138 5500 celsus,
2169 5436 2372 5504 placuit
2404 5436 2461 5490 in
2491 5445 2783 5506 conspectu
2827 5450 2948 5490 meo
2982 5435 3310 5491 aununtiare
3339 5435 3514 5501 vobis,

1940 5545 2005 5584 eo
2043 5527 2190 5599 quod
2226 5543 2442 5600 magna,
2472 5537 2526 5584 et
2553 5528 2735 5585 fortia.

2011 5640 2132 5697 100.
2173 5640 2346 5708 Quam
2381 5656 2636 5716 maguum
2665 5653 2718 5698 ct
2748 5653 2936 5713 potens
2961 5659 3184 5716 regnum
3237 5641 3356 5706 eius
3378 5681 3396 5710 ,
3434 5656 3520 5698 re-
