3848 6218
188 264 340 326 2797

1500 274 1750 331 DANIEL
1782 273 2014 332 CAPUT
2046 270 2137 329 IV.

3292 271 3441 329 2798

183 388 300 443 τῶν
332 384 594 457 γλωσσῶν
623 386 813 441 πασῶν
841 385 950 451 hoc
976 386 1084 442 τῶν
1114 387 1368 459 περάτων
1392 390 1491 463 τῆς
1517 390 1643 462 γῆς,
1677 390 1764 445 καὶ

1882 388 2028 443 nium
2064 403 2238 458 usque
2265 387 2332 442 ad
2362 389 2625 444 terminos
2647 394 2824 455 terrae,
2864 397 2922 445 et
2963 403 3155 444 omnes
3186 389 3441 459 regiones

187 483 371 535 πᾶσαι
392 480 444 532 al
473 478 647 551 χῶραι
671 480 752 531 σοὶ
777 478 1138 535 δουλεύσουσι.

264 570 354 624 19.
384 568 457 622 Τὸ
478 569 534 622 δὲ
557 568 910 639 ἁνυψωθῆναι
931 569 992 622 τὸ
1018 569 1232 639 δένδρον
1262 569 1456 631 ἐκεῖνο,
1495 573 1588 625 καὶ
1620 572 1773 641 ἐγγί-

189 675 282 714 σαι
302 659 386 730 τῷ
405 658 640 731 οὐρανῷ,
674 660 771 713 καὶ
796 659 858 713 τὸ
891 659 1053 722 κύτος
1092 658 1256 712 αὐτοῦ
1292 659 1533 729 ἅψασθαι
1551 660 1660 714 τῶν
1684 679 1772 715 νε-

188 750 393 820 φελῶν,
413 753 500 818 σὺ,
522 750 763 822 βασιλεῦ,
789 749 1007 821 ὐψώθης
1022 750 1161 822 ὑπὲρ
1184 750 1389 815 πάντας
1414 752 1539 816 τοὺς
1560 751 1771 823 avom.

190 860 353 907 πους,
396 843 525 905 τούς
552 842 713 907 ὄντας
770 842 865 895 ἐπὶ
919 841 1211 913 προσώπου
1264 843 1448 913 πάσης
1491 841 1592 912 τῆς
1627 844 1767 914 γῆς’

192 932 388 1003 ὑψώθη
416 950 509 987 σου
534 933 567 1003 ή
595 931 791 1003 καρδία
840 930 1189 1002 ὑπερηφανίᾳ
1223 932 1318 984 καὶ
1349 931 1493 1001 ίσχύῖ
1528 932 1668 1002 ὑπὲρ
1699 932 1770 987 τὰ

192 1024 331 1095 πρὸς
360 1024 451 1078 τὸν
478 1025 633 1093 ἅγιον
682 1024 778 1077 xal
825 1025 953 1088 τοὺς
997 1024 1265 1094 ἀγγέλους
1293 1024 1456 1078 αὐτοῦ
1477 1041 1491 1056 ·
1534 1024 1603 1078 τὰ
1631 1023 1769 1097 ἔργα

190 1132 286 1168 σου
316 1114 498 1187 ῶφθη,
521 1115 643 1171 καθ’
669 1116 749 1169 ὅτι
775 1113 1144 1186 ὲξηρήμωσας
1185 1114 1278 1169 τὸν
1319 1110 1471 1169 οἷκον
1507 1115 1602 1169 τοῦ
1631 1114 1766 1170 Θεοῦ

188 1204 284 1260 τοῦ
303 1206 508 1270 ζῶντος
534 1206 629 1259 επὶ
655 1207 774 1270 ταῖς
793 1204 1093 1277 ἁμαρτίαις
1113 1203 1208 1258 τοῦ
1226 1204 1356 1259 λαοῦ
1382 1204 1477 1258 τοῦ
1509 1203 1769 1280 ήγιασμέ-

190 1316 305 1353 νου.

258 1386 355 1442 20.
381 1385 490 1439 Kal
520 1385 786 1457 ήδρασις,
812 1385 881 1455 ήν
912 1378 1074 1449 εἶδες,
1109 1384 1192 1439 ὅτι
1236 1384 1467 1454 ἄγγελος
1514 1386 1571 1440 ὲν
1621 1385 1767 1457 ίσχύἳ

192 1477 475 1546 ἀπεστάλη
501 1476 648 1547 παρὰ
672 1476 767 1530 τοῦ
790 1476 997 1548 Κυρίου
1021 1516 1036 1541 ,
1075 1476 1170 1529 καὶ
1211 1476 1294 1529 ὅτι
1326 1472 1501 1530 εἶπεν·
1543 1478 1765 1548 Ἐξᾶραι

189 1569 252 1621 τὸ
279 1568 517 1637 δένδρον,
552 1568 645 1624 καὶ
665 1567 916 1637 ἐκκόψαι,
944 1569 984 1639 if
1013 1566 1194 1639 κρίσις
1232 1565 1328 1619 τοῦ
1356 1566 1491 1620 Θεοῦ
1530 1567 1625 1622 τοῦ
1669 1584 1765 1639 με-

189 1658 361 1726 γάλου
394 1659 515 1731 ἥξει
542 1660 636 1713 ἐπὶ
660 1660 740 1714 σέ.

1872 482 2111 535 servient
2150 480 2267 534 libi.

1946 571 2034 626 l9.
2071 570 2227 637 Quod
2267 578 2450 625 autem
2503 571 2741 625 exaltata
2797 569 2962 625 fuerit
3008 570 3170 624 arbor
3223 569 3333 630 illa.
3382 577 3437 623 et

1871 663 2391 735 appropinquaverit
2430 662 2595 727 ccelo,
2648 671 2703 717 et
2749 671 2978 717 truncus
3032 662 3153 730 ejus
3200 660 3437 729 tetigerit

1870 757 2043 811 nubes
2079 774 2093 810 :
2123 765 2207 821 tu,
2236 771 2327 809 rex
2359 755 2601 811 elevatus
2640 770 2702 810 es
2734 770 2899 825 super
2933 769 3123 807 omnes
3163 753 3438 815 homines,

1868 846 1961 918 qui
1999 854 2128 902 sunt
2165 861 2327 916 super
2358 843 2555 899 faciem
2592 844 2859 899 universa:
2906 853 3063 897 terra:
3095 858 3108 896 :
3165 841 3437 897 elevatum

1867 947 1953 995 est
1984 953 2082 993 eor
2112 948 2263 993 tuum
2293 937 2569 1007 superbia,
2596 949 2650 991 et
2668 935 2985 991 fortitudine
3014 949 3179 1004 supra
3206 948 3290 997 ea,
3313 949 3439 1003 qua:

1867 1031 2042 1084 sancti
2066 1036 2220 1094 sunt,
2246 1036 2300 1082 et
2331 1027 2649 1098 angelorum
2674 1025 2814 1096 ejus.
2846 1024 3021 1096 Opera
3058 1035 3149 1079 tua
3191 1026 3437 1095 inspecta

1867 1129 2016 1186 sunt,
2057 1120 2358 1177 secundum
2386 1117 2533 1189 quod
2557 1117 2846 1173 devastasti
2879 1118 3100 1170 domum
3126 1114 3220 1171 Dei
3250 1115 3435 1171 viven-

1867 1214 1937 1271 tis
1968 1224 2185 1286 propter
2211 1222 2428 1285 peccata
2458 1212 2641 1282 populi
2672 1210 3015 1266 sanctilicati.

1938 1368 2032 1424 20.
2074 1370 2139 1422 Et
2176 1366 2335 1433 visio,
2381 1381 2545 1437 quam
2582 1365 2790 1430 vidisti,
2819 1364 2949 1435 quia
2979 1362 3209 1433 angelus
3242 1362 3294 1417 in
3318 1361 3435 1416 for-

1867 1461 2101 1516 titudine
2129 1462 2329 1515 missus
2356 1469 2442 1516 est
2473 1476 2504 1515 a
2544 1458 2800 1521 Domino,
2834 1468 2888 1513 et
2916 1457 3043 1527 quia
3070 1457 3248 1511 dixit:
3280 1453 3441 1509 Tolle

1864 1553 2142 1616 arborem,
2174 1561 2229 1607 ct
2266 1553 2487 1607 suceide
2528 1569 2543 1607 :
2581 1552 2853 1623 judicium
2905 1549 3001 1604 Dei
3036 1546 3220 1619 magni
3252 1545 3435 1600 veniet

1865 1657 2033 1713 super
2061 1651 2133 1696 te.

258 1751 351 1809 21.
385 1726 493 1806 Kal
535 1755 565 1806 ό
597 1753 876 1823 ’Υψιστος,
912 1750 1007 1807 καὶ
1034 1750 1084 1804 οἱ
1121 1748 1342 1820 ἄγγελοι
1387 1750 1554 1806 αὐτοῦ
1584 1751 1676 1804 ἐπὶ
1706 1752 1764 1805 σὲ

1937 1736 2027 1791 21.
2069 1735 2134 1790 Ει
2165 1734 2500 1798 Altissimus,
2526 1742 2579 1788 et
2608 1731 2782 1802 angeli
2820 1728 3018 1800 ejusin
3045 1737 3095 1782 te
3121 1726 3436 1789 incurrunt,

190 1840 637 1910 κατατρέχουσιν,
667 1843 747 1906 εἰς
768 1841 1014 1913 φυλακὴν
1035 1839 1300 1908 ἀπάξουσι
1331 1857 1412 1908 σε,
1443 1841 1539 1896 καὶ
1568 1843 1648 1907 εἰς
1676 1841 1765 1897 τό·

188 1947 289 1983 πον
328 1930 537 2002 ἔρημον
556 1932 912 1987 ἀωστελοῦσί
939 1950 1021 1987 σε.

257 2022 350 2077 25.
386 2024 498 2076 Kal
530 2024 709 2094 ήρίζα
735 2023 829 2078 τοῦ
853 2024 1094 2097 δένδρου,
1124 2028 1157 2097 ἡ
1191 2025 1477 2097 ἀφεθεῖσα,
1518 2025 1641 2079 ἐπεὶ
1663 2024 1764 2078 οὐκ

187 2110 510 2184 ἂξεριζὼθη,
540 2115 568 2167 ὁ
596 2114 757 2180 τόπος
785 2110 879 2169 τοῦ
907 2118 1097 2187 θρόνου
1119 2134 1215 2170 σου
1239 2119 1322 2172 σοὶ
1357 2118 1763 2190 συντηρηθήσε-

188 2219 277 2255 ται
306 2205 388 2265 είς
415 2204 607 2274 καιρὸν
653 2206 747 2259 καὶ
784 2206 953 2279 ὥραν.
999 2208 1129 2262 Ἰδοὺ
1154 2210 1247 2263 ἐπὶ
1278 2210 1337 2262 σὲ
1364 2209 1761 2280 ὲτοιμάζονται,

187 2295 283 2347 καὶ
305 2296 713 2366 μαστιγώσουσί
750 2316 830 2365 σε,
854 2301 949 2355 καὶ
974 2302 1233 2369 ἐπάξουσι
1264 2301 1331 2355 τι
1349 2302 1648 2373 κεκριμένα
1672 2300 1764 2356 ἐπί

190 2403 270 2441 σε.
310 2387 519 2457 Κύριος
558 2389 624 2461 ζῇ
653 2390 711 2444 ὲν
735 2392 949 2465 οὐρανῷ
976 2433 991 2459 ,
1019 2394 1112 2447 καὶ
1138 2396 1172 2467 ή
1213 2394 1433 2459 ἐξουσία
1464 2394 1628 2450 αὐτοῦ
1671 2395 1764 2449 ἐπὶ

188 2477 337 2549 πάσῃ
367 2480 435 2550 τῇ
460 2482 554 2551 τῇ·

255 2567 349 2623 24.
381 2568 558 2623 Αὐτοῦ
576 2569 797 2643 δεήθητι
821 2573 949 2645 περὶ
968 2576 1078 2630 τῶν
1095 2576 1383 2648 ἁμαρτιῶν
1407 2595 1523 2643 σου,
1546 2579 1640 2634 καὶ
1671 2580 1765 2635 πά-

190 2674 288 2722 σας
314 2659 418 2723 τὰς
447 2660 660 2726 ἀδικίας
687 2679 780 2716 σου
811 2665 870 2717 ὲν
908 2666 1296 2737 ἐλεημοσύναις
1338 2670 1641 2740 λύτρωσαι,
1677 2672 1764 2725 ἵνα

189 2746 459 2801 ἐπιείκεια
485 2748 611 2821 δοθῇ
645 2767 747 2814 σοι,
771 2752 864 2806 καὶ
885 2752 1228 2828 πολυήμερος
1258 2756 1391 2829 γένῃ
1415 2756 1506 2809 ἐπὶ
1525 2754 1617 2809 τοῦ
1640 2756 1763 2827 θρό-

190 2854 277 2891 νου
303 2840 406 2908 τῆς
428 2839 705 2908 βασιλείας
740 2859 858 2909 σου,
890 2844 983 2897 καὶ
1017 2844 1093 2916 μή
1130 2846 1473 2918 καταφθείρη
1498 2863 1581 2900 σε.

257 2930 349 2985 25.
375 2930 612 2996 Τούτους
641 2934 769 2997 τοὺς
809 2934 1000 3004 λόγους
1029 2937 1312 3007 ἀγάπησον
1332 2954 1347 2968 ο
1396 2938 1631 3010 ἁκριὸἧς
1656 2938 1763 3011 γάρ
1850 2982 1855 2987 .

195 3039 294 3123 μου
389 3023 568 3123 λόγος,
594 3025 694 3123 καὶ
716 3026 930 3099 πλήρης
952 3030 981 3082 ό
1001 3027 1193 3099 χρόνος
1221 3046 1337 3084 σου.
1370 3030 1479 3083 Kal
1512 3030 1605 3083 ἐπὶ
1639 3047 1764 3084 συν·
1789 3068 1831 3123 c

190 3116 371 3188 τελείᾳ
398 3118 508 3172 τῶν
548 3119 721 3189 λόγων
751 3121 1220 3193 Ναϐουχοδονόσορ
1245 3162 1261 3188 ,
1310 3123 1386 3186 ὼς
1414 3124 1614 3195 ἢκουσε
1663 3125 1763 3196 τήν

194 3208 373 3278 κρίσιν
400 3209 497 3263 τοῦ
526 3212 799 3283 ὁράματος
820 3251 836 3279 ,
860 3214 987 3279 τοὺς
1018 3213 1209 3284 λόγους
1234 3216 1292 3267 ὲν
1313 3217 1379 3287 τῇ
1410 3215 1607 3287 καρδίᾳ
1641 3233 1764 3270 συν-

196 3300 454 3372 ετήρησε.

260 3394 350 3447 26.
382 3396 497 3449 Καὶ
538 3397 677 3468 μετὰ
724 3398 901 3470 μῆνας
946 3399 1155 3456 δώδεκα
1185 3402 1213 3454 ὁ
1242 3400 1494 3471 βασιλεὺς
1523 3403 1617 3455 ἐπὶ
1655 3402 1765 3457 τῶν

194 3487 386 3557 τειχῶν
418 3490 518 3560 τῆς
540 3490 747 3555 πόλεως
773 3493 910 3563 μετὰ
943 3494 1123 3563 πάσης
1148 3495 1249 3564 τῆς
1280 3493 1439 3563 δόξης
1479 3494 1643 3548 αὐτοῦ
1670 3512 1767 3547 πε-

201 3581 476 3649 ριεπάτει,
518 3582 615 3636 καὶ
655 3584 748 3637 ἐπὶ
772 3584 883 3639 τῶν
913 3584 1140 3657 πύργων
1173 3586 1344 3656 αὐτῆς
1373 3586 1718 3659 διεπορεύετο
1745 3627 1762 3652 ,

198 3672 286 3724 καὶ
317 3673 639 3745 ἀποκριθεὶς
657 3672 830 3731 εἶπεν·

264 3766 351 3821 27.
386 3766 538 3836 Δύτη
570 3769 685 3822 ἐστὶ
713 3769 972 3826 Βαϐυλὼν
1001 3771 1035 3841 ή
1068 3770 1303 3841 μεγάλη,
1345 3770 1412 3842 ἥν
1435 3770 1546 3840 ἑγὼ
1574 3770 1767 3842 ᾠκοδό·

202 3872 368 3923 μησα,
404 3858 497 3910 καὶ
526 3853 672 3923 οἶκος
698 3859 973 3928 βασιλείας
1015 3878 1113 3930 μου
1144 3864 1200 3915 ὲν
1232 3861 1376 3932 ίσχύῖ
1403 3863 1637 3934 κράτους
1664 3881 1764 3934 μου

202 3944 526 4017 κληθήσεται
552 3950 631 4011 είς
657 3949 823 4021 τιμήν
850 3952 949 4021 τῆς
975 3952 1132 4025 δόξης
1153 3970 1277 4023 μου.

268 4038 355 4093 28.
404 4039 526 4092 Ἔτι
566 4038 662 4093 τοῦ
703 4040 862 4110 λόγου
898 4044 955 4095 ὲν
991 4042 1069 4114 τῷ
1102 4045 1331 4115 στόματι
1370 4043 1465 4098 τοῦ
1506 4044 1767 4115 βασιλέως

202 4128 369 4193 ὄντος,
404 4131 498 4183 ἐπὶ
514 4131 821 4196 συντελείας
840 4134 934 4187 τοῦ
970 4134 1128 4203 λόγου
1157 4136 1342 4199 αὐτοῦ,
1373 4136 1554 4208 φωνὴν
1585 4139 1649 4191 ἐκ
1671 4136 1766 4190 τοῦ

202 4218 428 4288 οὐρανοῦ
459 4220 676 4290 ήκουσε·
721 4222 813 4275 Σοὶ
851 4223 1088 4293 λέγεται,
1113 4226 1580 4301 Ναϐουχοδονόσορ
1615 4228 1767 4297 βασι-

204 4304 317 4369 λεῦ,
345 4309 378 4379 ή
408 4308 655 4379 βασιλεία
681 4310 993 4377 Βαϐυλῶνος
1020 4313 1295 4386 ἀφῄρηταί
1327 4330 1443 4379 σου,
1471 4315 1566 4369 καὶ
1596 4314 1767 4386 ἑτέρῳ

205 4396 400 4453 δίδοται
430 4398 835 4475 ἐξουθενημένῳ
866 4404 1139 4477 ἀνθρώπῳ
1184 4407 1243 4459 ὲν
1267 4406 1346 4478 τῷ
1376 4407 1511 4478 οἴκῳ
1539 4423 1655 4462 σου.

282 4489 411 4543 ’1δού
445 4489 556 4559 ἐγὼ
588 4492 886 4565 καθίστημι
916 4493 1080 4547 αὐτὸν
1107 4495 1199 4547 ἐπὶ
1219 4497 1319 4566 τῆς
1350 4496 1624 4567 βασιλείας
1646 4513 1762 4558 σου,

207 4579 295 4631 καὶ
332 4580 433 4651 τὴν
471 4580 719 4647 ἐξουσίαν
765 4600 880 4650 σου,
917 4588 1011 4639 καὶ
1047 4585 1144 4657 τήν
1189 4585 1348 4651 δόξαν
1399 4605 1512 4649 σου,
1545 4590 1639 4642 καὶ
1668 4589 1768 4659 τὴν

208 4674 411 4743 τρυφήν
441 4690 535 4726 σου
567 4674 979 4747 παραλήψεται·
1024 4678 1173 4742 ὅπως
1205 4678 1463 4749 ἐπιγνῷς,
1496 4680 1577 4733 ὃτι
1616 4679 1767 4745 ἐξου.

210 4762 324 4814 σίαν
346 4762 462 4833 ἔχει
484 4764 514 4817 ό
551 4763 684 4827 Θεὸς
712 4766 809 4817 τοῦ
841 4766 1071 4836 οὐρανοῦ
1093 4768 1151 4819 ὲν
1175 4771 1241 4839 τῇ
1273 4768 1518 4841 βασιλείᾳ
1544 4768 1652 4822 τῶν
1674 4770 1768 4824 ἀν-

211 4851 458 4920 Θρώπων.
495 4855 589 4908 καὶ
619 4846 663 4922 ᾧ
706 4855 801 4909 ἐὰν
832 4855 1105 4928 βούληται,
1139 4858 1298 4912 δώσει
1340 4861 1509 4931 αὐτήν
1530 4877 1544 4892 ·
1580 4860 1684 4923 ἕως
1709 4860 1766 4914 δὲ

214 4942 354 5012 ἡλίου
399 4946 685 5019 ἀνατολῆς,
722 4946 975 5020 βασιλεὺς
1017 4950 1202 5023 ἕτερος
1249 4952 1679 5023 εὐφρανθήσεται
1710 4954 1768 5006 ὲν

214 5033 284 5104 τῷ
307 5038 442 5109 οίκῳ
470 5055 586 5103 σου,
633 5040 729 5093 καὶ
753 5041 1019 5114 κρατήσει
1068 5042 1167 5113 τῆς
1205 5041 1361 5115 δόξης
1390 5060 1484 5097 σου
1503 5084 1518 5108 ,
1547 5043 1640 5097 καὶ
1669 5044 1768 5114 τῆς

215 5124 388 5197 ἰσχύος
419 5146 534 5194 σου,
560 5130 655 5184 καίΙ
679 5129 779 5202 τῆς
810 5130 1055 5199 ἐξουσίας
1082 5148 1197 5186 σου.

279 5218 364 5275 29.
397 5221 507 5276 Kal
525 5224 575 5275 οἱ
605 5221 826 5292 ἄγγελοι
849 5221 1128 5288 διώξονταί
1160 5240 1219 5276 σε
1249 5222 1343 5276 ἐπὶ
1369 5222 1465 5293 ετη
1486 5222 1646 5287 ἑπτὰ,
1676 5222 1769 5276 καὶ

214 5308 272 5362 οὐ
301 5310 372 5383 μή
394 5312 588 5385 ὀφθῇς,
631 5314 742 5368 οὐδ’
781 5314 843 5367 οὐ
876 5313 952 5386 μὴ
980 5314 1218 5388 λαλήσης
1252 5315 1390 5387 μετὰ
1439 5314 1639 5378 παντὸς
1677 5315 1772 5369 ἀν-

217 5399 447 5470 θρώπου,
476 5405 664 5477 χόρτον
685 5405 760 5470 ὡς
798 5404 926 5476 βοῦν
953 5423 1014 5460 σε
1041 5406 1368 5477 ψωμίσουσι,
1411 5407 1506 5461 καὶ
1536 5406 1642 5462 ἀπὸ
1671 5407 1771 5479 τῆς

216 5490 366 5562 χλόης
395 5493 493 5565 τῆς
513 5493 617 5565 γῆς
636 5494 837 5567 ἔσταιή
865 5495 1005 5567 νομή
1038 5513 1155 5551 σου.
1192 5496 1322 5550 Ἰδοὺ
1342 5496 1465 5551 ἀντὶ
1490 5496 1587 5566 τῆς
1612 5495 1770 5565 δόξης

220 5596 309 5636 σου
342 5583 567 5656 δήσουσί
606 5602 666 5639 σε
688 5624 704 5651 ,
740 5588 839 5640 καὶ
868 5586 958 5641 τὸν
989 5583 1138 5642 οἶκον
1164 5587 1263 5661 τῆς
1289 5588 1497 5670 τρυφῆς
1523 5605 1639 5653 σου,
1677 5585 1770 5641 καὶ

220 5670 314 5745 ἰῆς
335 5673 608 5757 βασιλείας
637 5694 730 5732 σου
759 5677 945 5750 ἔτερος
969 5678 1105 5747 ἕξει.

1865 1828 1919 1884 in
1942 1829 2247 1884 custodiam
2270 1828 2541 1881 abducent
2567 1837 2639 1890 te,
2655 1834 2708 1879 et
2734 1823 2787 1877 in
2811 1823 2990 1877 locum
3012 1819 3286 1874 desertum
3308 1815 3435 1870 mit‘

1865 1928 1981 1975 teut
2011 1928 2085 1974 te.

1933 2013 2023 2068 25.
2060 2010 2127 2066 Et
2155 2010 2308 2067 radix
2360 2008 2592 2074 arboris,
2632 2023 2755 2078 quze
2788 2004 2978 2061 relicta
3022 2012 3128 2068 est,
3172 2000 3433 2072 quoniam

1862 2092 2137 2160 eradicata
2166 2119 2275 2157 non
2316 2113 2420 2167 est,
2456 2103 2608 2155 locus
2635 2099 2815 2153 throni
2850 2097 2929 2152 tui
2959 2095 3052 2151 tibi
3079 2091 3431 2149 conservabi-

1866 2207 1954 2249 tur
1976 2195 2043 2250 ad
2078 2204 2313 2265 tempus,
2358 2202 2413 2249 et
2439 2193 2652 2248 horam.
2680 2192 2816 2244 Ecce
2845 2202 3008 2257 super
3040 2195 3094 2241 te
3126 2197 3434 2254 prmparan-

1862 2297 1976 2353 tur,
2026 2293 2082 2342 et
2110 2284 2459 2356 ﬂagellabunt
2508 2291 2583 2347 te,
2622 2291 2676 2337 et
2726 2280 3009 2345 inducent,
3050 2291 3175 2348 qua:
3212 2275 3436 2330 decreta

1861 2388 1993 2435 sunt
2021 2394 2188 2449 super
2214 2388 2266 2432 te
2303 2395 2318 2432 :
2353 2376 2618 2430 Dominus
2646 2372 2781 2428 vivit
2818 2371 2873 2426 in
2907 2370 3070 2434 coelo,
3105 2376 3160 2422 et
3186 2373 3434 2437 potestas

1861 2472 1982 2543 ejus
2010 2472 2065 2526 in
2098 2472 2353 2525 universa
2385 2480 2548 2524 terra.

1932 2563 2023 2618 24.
2066 2560 2247 2633 Ipsum
2274 2562 2568 2631 deprecare
2596 2573 2697 2629 pro
2724 2555 2966 2627 peccatis
3000 2552 3131 2615 tuis,
3163 2560 3218 2605 et
3240 2563 3434 2604 omnes

1863 2655 2158 2724 injustitias
2188 2662 2311 2708 tuas
2334 2650 2698 2722 eleemosynis
2720 2648 2947 2712 redime,
2976 2654 3036 2699 ut
3069 2639 3436 2698 mansuetudo

1862 2747 2020 2801 detur
2062 2745 2181 2810 tibi,
2236 2752 2292 2799 et
2346 2743 2532 2796 multis
2582 2740 2774 2795 diebus
2820 2737 2899 2793 sis
2954 2750 3120 2805 super
3173 2734 3431 2786 thronum

1863 2838 2014 2908 regni
2048 2837 2148 2897 tui,
2178 2845 2232 2891 et
2263 2851 2372 2890 non
2393 2834 2669 2903 disperdat
2700 2842 2772 2887 te.

1930 2928 2021 2982 25.
2084 2926 2195 2983 llos
2245 2941 2528 2981 sermones
2578 2925 2810 2979 observa
2860 2939 2874 2976 :
2917 2928 3100 2975 certus
3147 2915 3292 2972 enim
3348 2920 3436 2969 est

1864 3035 2018 3075 meus
2061 3034 2262 3082 sermo,
2314 3027 2369 3073 et
2413 3017 2743 3086 completum
2784 3022 2998 3082 tempus
3044 3020 3221 3063 tuum.
3266 3005 3332 3060 Et
3376 3005 3436 3059 in

1866 3114 1971 3166 line
2002 3112 2290 3166 verborum
2330 3109 2863 3171 Nabuchodonosor,
2901 3094 3190 3175 postquam
3222 3098 3433 3155 audivit

1867 3202 2370 3273 interpretationem
2412 3199 2660 3263 visionis,
2694 3199 2860 3252 verba
2910 3198 2966 3251 in
3016 3196 3179 3249 corde
3206 3207 3434 3247 conser-

1863 3294 2028 3350 vavit.
3116 3360 3125 3373 f

1932 3388 2024 3442 26.
2062 3387 2125 3442 Et
2160 3396 2281 3457 post
2314 3400 2530 3441 menses
2568 3383 2855 3439 duodecim
2892 3396 2984 3436 rex
3031 3395 3197 3448 super
3242 3390 3435 3432 muros

1866 3479 2103 3534 civitatis
2142 3497 2263 3533 cum
2296 3480 2446 3533 οιιιιιὶ
2484 3477 2768 3547 majestate
2800 3489 2900 3530 sua
2947 3470 3350 3534 deambulabat,
3377 3477 3433 3523 et

1865 3589 2031 3644 super
2062 3582 2239 3628 turres
2263 3570 2382 3641 ejus
2415 3568 2801 3641 pertransibat,
2829 3562 3233 3633 etrespondens
3254 3561 3430 3616 dixit:

1932 3747 2027 3801 27.
2068 3744 2193 3801 Haec
2215 3754 2299 3801 est
2332 3743 2571 3815 Babylon
2596 3758 2814 3813 magna.
2837 3757 2999 3812 quam
3024 3756 3125 3811 ego
3146 3737 3430 3802 :edilicavi,

1863 3851 1917 3897 et
1950 3842 2147 3897 domus
2194 3840 2346 3909 regni
2396 3839 2501 3893 mei
2548 3839 2600 3891 in
2642 3837 2965 3891 fortitudine
3002 3835 3252 3903 potentiae
3299 3847 3435 3886 mea:

1864 3928 2149 3982 vocabitur
2174 3926 2241 3981 ad
2271 3928 2536 3980 honorem
2566 3925 2750 3994 gloria:
2778 3940 2912 3979 mea:

1933 4019 2026 4074 28.
2065 4018 2200 4073 Cum
2229 4017 2407 4072 adhuc
2444 4032 2626 4072 sermo
2658 4017 2711 4069 in
2743 4031 2836 4070 ore
2866 4014 3011 4085 regis
3040 4022 3209 4077 esset,
3240 4012 3293 4066 in
3327 4011 3434 4068 ﬁne

1864 4112 2136 4168 sermonis
2159 4112 2243 4166 sui
2273 4126 2460 4166 vocem
2501 4111 2565 4164 de
2592 4109 2733 4165 caalo
2773 4109 3014 4163 audivit:
3052 4106 3174 4161 Tibi
3207 4106 3431 4169 dicitur,

1864 4202 2372 4260 Nabuchodonosor
2422 4218 2514 4257 rex
2551 4220 2565 4256 :
2613 4217 2839 4272 regnum
2874 4201 3166 4272 Babylonis
3189 4200 3430 4253 ablatum

1864 4307 1950 4352 est
1987 4312 2018 4352 a
2061 4306 2133 4362 te,
2170 4304 2226 4351 et
2274 4295 2428 4349 alteri
2468 4294 2630 4349 datur
2668 4293 2878 4363 abjecto
2929 4292 3136 4347 homini
3180 4290 3234 4345 in
3267 4290 3434 4353 demo

1794 4420 1839 4476 Β
1867 4398 1980 4448 tua.

1940 4479 2079 4535 Ecce
2100 4495 2203 4549 ego
2229 4480 2506 4535 consutuo
2531 4495 2657 4532 eum
2698 4493 2863 4548 super
2890 4492 3117 4548 regnum
3159 4485 3335 4537 tuum,
3378 4481 3435 4529 et

1867 4582 2188 4643 potestatem
2226 4581 2399 4633 tuam,
2427 4580 2481 4626 et
2511 4571 2738 4642 gloriam
2782 4580 2955 4632 tuam,
2982 4579 3035 4622 et
3057 4568 3284 4622 delirias
3311 4578 3437 4621 tuas

1868 4664 2117 4733 accipiet,
2166 4673 2226 4718 ut
2262 4679 2481 4727 noscas,
2531 4663 2664 4733 quia
2716 4669 3040 4732 potestatem
3095 4659 3257 4713 habet
3293 4656 3439 4711 Deus

1867 4756 1990 4810 cteli
2018 4756 2071 4808 in
2112 4771 2280 4821 regno
2326 4756 2635 4820 hominum,
2679 4764 2735 4809 et
2768 4754 2854 4809 cui
2892 4753 3149 4816 voluerit,
3189 4751 3333 4805 dabit
3366 4750 3435 4805 il-

1868 4849 1982 4902 lud.
2028 4849 2212 4917 Usque
2255 4848 2321 4901 ad
2373 4848 2506 4902 solis
2540 4856 2719 4901 ortum
2753 4862 2845 4901 rex
2890 4846 3025 4902 alter
3062 4845 3330 4899 laetabitur
3377 4845 3434 4898 in

1866 4940 2033 4995 domo
2065 4951 2180 5002 tua,
2214 4948 2269 4993 et
2290 4939 2558 4994 obtinebit
2582 4939 2811 5009 gloriam
2845 4948 3018 5001 tuam,
3054 4946 3106 4991 et
3158 4936 3435 4990 fortitudi-

1867 5047 1992 5087 nem
2025 5040 2196 5097 tuam,
2217 5039 2273 5085 ει
2294 5039 2610 5101 potestatem
2635 5037 2807 5084 tuam.

1936 5210 2030 5266 29.
2066 5208 2132 5264 Et
2172 5211 2350 5277 angeli
2385 5218 2787 5280 persequentur
2811 5218 2863 5262 te
2893 5206 2959 5262 ad
2986 5221 3160 5261 annus
3185 5216 3434 5276 septem:

1868 5313 1925 5359 et
1965 5318 2073 5357 non
2128 5302 2432 5372 aspieicris,
2483 5317 2658 5371 neque
2710 5298 2949 5369 loqueris
2987 5314 3110 5353 cum
3151 5295 3304 5353 omni
3339 5297 3439 5351 ho-

1869 5392 2061 5445 mine:
2099 5389 2249 5445 [ωηο
2286 5401 2347 5443 ut
2386 5391 2575 5444 bovem
2614 5397 2840 5460 pascent
2884 5397 2957 5455 te,
2992 5396 3047 5442 et
3084 5388 3151 5442 de
3190 5387 3441 5456 gramine

1871 5489 2028 5535 terra:
2058 5480 2160 5534 erit
2188 5480 2443 5549 pabulum
2474 5490 2647 5534 tuum.
2676 5476 2816 5533 Ecce
2853 5491 2954 5547 pro
2981 5476 3155 5548 gloria
3178 5486 3268 5531 tua
3304 5476 3437 5548 liga-

1870 5570 2007 5625 bunt
2036 5580 2109 5635 te,
2132 5580 2188 5625 et
2215 5575 2439 5627 domum
2470 5570 2790 5628 deliciarum
2833 5577 3158 5647 tuarumgej
3181 5570 3341 5644 regni
3361 5554 3443 5628 tui

1875 5662 2009 5723 alter
2028 5662 2269 5728 habebit.
