3848 6218
396 276 549 346 2799‘

1481 287 1960 347 HEXAPLORUM
1998 285 2164 355 QUAE
2204 286 2632 345 SUPERSUNT.

3490 286 3644 343 2800

466 401 559 457 30.
596 400 700 456 Sed
725 416 900 473 usque
917 416 1077 455 mane
1104 400 1288 457 omnia
1309 400 1680 471 implebuntur
1700 417 1866 473 super
1889 410 1962 467 te,

2136 398 2226 453 30.
2253 400 2399 463 Ἕως
2426 400 2482 453 δὲ
2513 398 2660 471 πρωῒ
2689 397 2863 452 πάντα
2885 399 3266 471 τελεσθήσεται
3293 399 3387 454 ἐπί
3410 417 3488 465 σε,
3514 403 3644 454 Να-

397 492 897 550 Nabuchodonosor
944 510 1037 550 rex
1077 494 1388 566 Babylonis,
1433 503 1489 550 et
1545 512 1650 551 non
1701 495 1963 550 deeritde

395 587 652 641 omnibus
697 586 817 642 istis
852 587 1171 657 quidquam.
1203 586 1315 658 Ego
1340 586 1843 642 Nabuchodonosor
1869 602 1965 643 rex

397 674 694 748 Babylonis
732 687 939 748 septem
966 678 1126 733 annis
1152 680 1441 750 colligatus
1471 678 1568 746 fui,
1597 678 1744 733 [ωηο
1778 687 1838 733 ut
1863 679 1963 733 bo-

398 784 519 823 vem
554 778 821 839 paverunt
856 786 962 834 me,
995 780 1047 825 et
1084 770 1151 825 de
1180 771 1345 826 herba
1395 779 1553 825 terra:
1590 770 1962 827 comedebam.

471 859 560 915 51.
601 858 667 913 Et
704 869 827 930 post
882 875 1056 916 annos
1087 870 1292 931 septem
1330 861 1451 916 dedi
1500 861 1738 916 animam
1787 875 1966 915 meam

400 952 471 1007 ad
518 954 974 1017 obsecrationem,
1008 963 1063 1009 et
1106 955 1290 1025 rogavi
1337 970 1437 1024 pro
1465 944 1702 1025 peccatis
1738 954 1873 1008 meis
1910 953 1966 1007 in

401 1046 541 1104 facie
562 1047 775 1103 Domini
798 1046 890 1102 Dei
907 1048 1054 1113 cteli,
1077 1058 1131 1102 et
1153 1063 1251 1119 pro
1277 1047 1604 1118 ignorantiis
1626 1046 1765 1102 meis
1794 1046 1967 1101 Deum

400 1141 627 1196 deorum
666 1157 922 1213 magnum
968 1143 1288 1211 deprecatus
1322 1156 1442 1195 sum
1494 1159 1508 1195 :
1545 1149 1600 1196 et
1649 1141 1829 1210 capilli
1861 1141 1968 1195 mei

401 1231 531 1287 facti
570 1240 698 1288 sunt
745 1232 902 1302 quasi
933 1233 1032 1287 alte
1060 1233 1277 1302 aquilae,
1326 1241 1380 1286 et
1411 1247 1619 1302 ungues
1672 1233 1778 1286 mei
1810 1232 1967 1302 quasi

403 1322 597 1389 leonis,
622 1325 907 1379 immutata
956 1334 1040 1379 est
1062 1339 1191 1379 caro
1219 1339 1340 1379 mea
1363 1332 1417 1380 et
1438 1340 1534 1381 cor
1562 1340 1765 1392 meum,
1788 1326 1969 1382 nudus

402 1416 752 1472 ambulabam
785 1433 908 1473 cum
935 1417 1123 1473 bestiis
1158 1427 1347 1497 terrae.

473 1595 562 1650 52.
606 1595 891 1651 Somnium
921 1597 1053 1663 vidi,
1089 1605 1144 1652 et
1171 1596 1511 1668 suspiciones
1546 1614 1633 1654 me
1668 1614 1972 1668 occupave-

403 1696 554 1767 runt,
584 1696 638 1742 et
666 1703 732 1742 ex
767 1696 1010 1763 tempore
1025 1704 1253 1744 somnus
1276 1690 1454 1759 gravis
1479 1706 1565 1745 me
1592 1692 1968 1760 apprehendit,

402 1788 461 1834 et
501 1779 817 1835 dormitatio
855 1781 1053 1836 cecidit
1085 1797 1249 1851 super
1295 1798 1402 1836 me.
1456 1781 1519 1837 Et
1544 1783 1598 1837 in
1629 1783 1736 1838 line
1762 1792 1966 1853 septem

403 1886 674 1926 annorum
729 1880 939 1942 tempus
972 1872 1362 1943 redemptionis
1399 1889 1534 1928 meae
1569 1875 1736 1941 venit,
1764 1884 1818 1929 et
1847 1890 1970 1944 pee-

402 1972 523 2018 cata
569 1978 689 2018 mea
746 1972 801 2020 ct
838 1964 1156 2033 ignorantiae
1207 1981 1341 2020 meae
1390 1966 1672 2035 completa:
1727 1976 1855 2021 sunt
1912 1967 1967 2020 in

402 2063 696 2123 conspectu
732 2053 826 2109 Dei
872 2056 1018 2117 coeli,
1064 2068 1118 2111 et
1162 2056 1445 2111 obsecravi
1496 2072 1593 2126 pro
1649 2056 1968 2126 ignorantiis

402 2146 541 2201 meis
569 2144 739 2201 Deum
779 2147 1006 2202 deorqu
1036 2163 1313 2219 magnum.
1346 2146 1411 2201 Et
1437 2163 1562 2202 ecce
1585 2148 1808 2217 angelus
1826 2162 1968 2202 unus

404 2238 619 2292 vocavit
649 2253 735 2292 me
762 2238 829 2293 de
851 2239 989 2294 caelo
1027 2238 1214 2294 dicens
1249 2256 1263 2293 :
1290 2236 1812 2304 Nabuchodonosor,
1853 2254 1970 2294 ser-

401 2328 515 2383 vito
544 2328 653 2384 Deo
680 2330 804 2385 cmli
835 2338 1047 2397 sancto,
1077 2339 1131 2384 et
1162 2318 1228 2384 da
1264 2329 1495 2401 gloriam
1518 2328 1828 2387 Altissimo.
1865 2326 1970 2385 Re-

401 2437 569 2493 gnum
598 2423 776 2493 gentis
806 2430 912 2478 tua:
942 2422 1034 2477 tibi
1065 2422 1330 2477 redditur.

474 2599 566 2655 33.
608 2598 667 2655 In
698 2600 792 2654 illo
814 2608 1057 2670 tempore
1080 2598 1391 2653 restitutum
1420 2607 1505 2654 est
1534 2612 1760 2669 regnum
1786 2613 1967 2654 meum

403 2692 561 2759 mihi,
588 2702 642 2749 et
665 2693 835 2763 gloria
867 2707 984 2747 mea
1016 2691 1226 2747 reddita
1264 2700 1349 2746 est
1376 2691 1531 2747 mihi.

473 2786 563 2840 54.
603 2786 886 2841 Altissimo
916 2786 1201 2847 confiteor,
1226 2795 1279 2838 et
1308 2783 1473 2837 laudo
1499 2798 1515 2838 :
1543 2781 1788 2839 Creatori
1819 2781 1965 2847 coeli,

402 2885 461 2933 et
495 2885 675 2942 terrae,
708 2883 764 2931 et
796 2876 986 2940 maris,
1024 2884 1079 2930 et
1118 2875 1423 2938 fluminum,
1456 2886 1509 2929 et
1547 2875 1814 2939 omnium,
1848 2890 1969 2944 quae

403 2968 461 3024 in
491 2971 572 3023 eis
603 2977 755 3031 sunt,
791 2968 1076 3032 conliteor,
1104 2977 1159 3023 et
1188 2967 1374 3033 laudo,
1407 2968 1535 3038 quia
1568 2968 1685 3037 ipse
1715 2978 1800 3023 est
1826 2967 1968 3023 Dens

2064 490 2445 561 δουχοδονόσορ
2477 489 2699 561 βασιλεῦ
2725 490 3063 554 Βαϐυλῶνος,
3094 494 3188 544 καὶ
3207 492 3306 561 οὐχ
3339 492 3643 562 ὑπερήσει

2064 578 2174 633 άπὸ
2223 579 2440 633 πάντων
2484 578 2688 632 τούτων
2725 577 2902 634 οὐθέν.
2967 579 3109 648 Ἐγὼ
3136 566 3643 651 ’Ναὸουχοδονόσορ

2066 670 2321 740 βασιλεὺς
2352 671 2668 735 Βαϐυλῶνος
2706 671 2846 725 ἐπτά
2886 671 2979 743 ἔτη
3009 672 3299 743 ἐπεδήθην,
3332 672 3521 744 χόρτον
3550 672 3642 736 ὡς

2067 760 2194 833 βοῦν
2219 761 2503 833 ἐψώμισάν
2526 780 2614 834 με,
2632 763 2727 816 καὶ
2751 762 2859 815 ἀπὸ
2872 762 2974 833 τῆς
2992 763 3153 833 χλόης
3175 762 3272 833 τῆς
3296 762 3400 833 γῆς
3419 762 3639 833 ήσθιον.

2134 854 2223 909 3i.
2260 855 2371 908 Kal.
2402 854 2540 926 μετά
2566 855 2659 927 ἐτη
2690 854 2826 909 ἑπτὰ
2858 854 3029 908 ἔδωκα
3065 854 3161 925 τὴν
3191 855 3366 926 ψυχήν
3403 872 3503 925 μου
3548 857 3640 919 είς

2064 946 2249 1017 δέησιν
2274 987 2289 1012 ,
2320 946 2414 1000 καὶ
2464 945 2672 1016 ¹ήξίωσα
2712 947 2841 1016 περὶ
2884 946 2990 999 τῶν
3034 946 3315 1016 ἁμαρτιῶν
3359 963 3459 1016 μου
3488 947 3642 1000 κατὰ

2067 1035 2356 1107 πρόσωπον
2385 1035 2589 1106 Κυρίου
2611 1034 2704 1088 τοῦ
2730 1034 2862 1088 Θεοῦ
2886 1034 2976 1088 τοῦ
2997 1033 3243 1106 οὐρανοῦ,
3267 1036 3360 1087 καὶ
3380 1034 3641 1104 περὶτῶν

2066 1124 2299 1192 ἀγνοιῶν
2330 1142 2430 1194 μου
2451 1123 2546 1177 τοῦ
2571 1124 2703 1179 Θεοῦ
2725 1125 2833 1179 τῶν
2855 1124 2989 1179 θεῶν
3013 1127 3106 1178 τοῦ
3132 1125 3363 1195 μεγάλου
3383 1125 3638 1198 ἐδεήθην·

2067 1215 2163 1268 καὶ
2194 1215 2252 1267 αί
2287 1215 2470 1286 τρίχες
2510 1231 2611 1285 μου
2646 1215 2890 1283 ἐγένοντο
2926 1215 3001 1279 ὠς
3042 1216 3309 1287 πτέρυγες
3348 1216 3528 1281 ἀετοῦ,
3578 1216 3643 1270 οι

2067 1304 2256 1375 όνυχές
2280 1321 2382 1375 μου
2428 1304 2560 1358 ὡσεὶ
2585 1305 2816 1370 λέοντος,
2860 1305 3121 1377 ἠλλοιώθη
3146 1309 3179 1377 ή
3218 1306 3353 1378 σάρξ
3386 1324 3489 1376 μου
3535 1308 3643 1359 καὶ

2068 1397 2103 1467 ἡ
2131 1397 2325 1469 καρδία
2352 1414 2474 1468 μου,
2498 1399 2700 1470 γυμνὸς
2736 1399 3098 1471 περιεπάτουν
3124 1399 3263 1470 μετὰ
3296 1396 3404 1453 τῶν
3431 1399 3639 1470 θηρίων

2067 1488 2167 1558 τῆς
2197 1489 2316 1559 γῆς·
2352 1492 2355 1493 ⁷
3062 1569 3070 1577 ,

2142 1581 2232 1637 52.
2272 1581 2552 1637 Ἐνύπνιον
2583 1578 2741 1649 εῐδον,
2773 1582 2869 1636 καί¹
2891 1582 3131 1637 ὑπόνοιαι
3156 1601 3220 1654 με
3243 1584 3514 1656 εἰλήφασι,
3538 1583 3641 1637 καὶ

2071 1671 2158 1724 διὰ
2187 1673 2379 1744 χρόνου
2419 1672 2585 1738 ὕπνος
2621 1692 2690 1745 με
2737 1674 2897 1729 ἔλασε
2946 1675 3150 1740 πολὺς,
3198 1676 3290 1729 καὶ
3327 1675 3639 1745 νυσταγμδς

2004 1730 2047 1787 Β
2071 1730 2305 1818 ἐπέπεσέ
2347 1781 2458 1835 μοι.
2500 1730 2735 1820 καῖιὲπὶ
2778 1766 3057 1839 συντελείᾳ
3095 1730 3215 1822 ⁷τῶν
3266 1767 3406 1821 ἑπτά
3436 1730 3634 1820 ἐτῶνό

2069 1856 2259 1925 χρόνος
2291 1873 2392 1926 μου
2413 1858 2514 1927 τῆς
2532 1857 2961 1930 ἀπολυτρώσεως
2988 1854 3139 1930 ἦλθε,
3164 1859 3257 1912 καὶ
3283 1859 3340 1912 αἱ
3370 1856 3635 1928 ἁμαρτίαι

2072 1965 2175 2023 μου
2229 1948 2323 2001 καὶ
2348 1950 2404 2001 αί
2438 1949 2650 2017 άγνοιαί
2692 1966 2793 2020 μου
2837 1948 3229 2021 ἐπληρώθησαν
3265 1949 3507 2003 ἐναντίον
3541 1945 3635 1998 τοῦ

2068 2039 2204 2093 Θεοῦ
2237 2039 2331 2093 τοῦ
2378 2040 2608 2112 οὐρανοῦ
2633 2056 2648 2071 ο
2698 2040 2794 2094 καὶ
2834 2040 3056 2113 ἐδεήθην
3091 2042 3217 2112 περὶ
3248 2040 3355 2093 τῶν
3404 2038 3637 2108 ἀγνοιῶν

2070 2149 2173 2203 μου
2198 2131 2292 2185 τοῦ
2315 2132 2449 2186 Θεοῦ
2469 2133 2578 2187 τῶν
2604 2132 2742 2188 θεῶν
2769 2133 2863 2187 τοῦ
2886 2133 3145 2203 μεγάλου.
3183 2132 3290 2187 Καὶ
3323 2131 3433 2183 ἰδοὺ
3465 2130 3632 2199 ἀγγε-

2067 2224 2157 2288 λος
2189 2219 2269 2288 εἷς
2306 2225 2527 2278 ἐκάλεσέ
2565 2242 2631 2296 με
2656 2228 2719 2279 ἐκ
2748 2225 2841 2279 τοῦ
2856 2226 3105 2295 ούρανοῦ,
3138 2225 3329 2295 λέγων’
3358 2223 3640 2292 Ναϐουχο-

2066 2317 2305 2389 δονόσορ,
2352 2317 2635 2372 δούλευσον
2680 2317 2759 2389 τῷ
2802 2316 2921 2389 Θεῷ
2956 2318 3050 2371 τοῦ
3099 2316 3328 2389 ούρανοῦ
3360 2316 3438 2385 τῷ
3471 2317 3638 2385 ἁγίῳ,

2067 2408 2163 2463 καὶ
2191 2408 2278 2473 δὸς
2305 2408 2462 2473 δόξαν
2490 2408 2567 2481 τῷ
2610 2409 2866 2481 ’Υψίστῳ.
2901 2409 2975 2463 Τδ
3010 2408 3277 2480 βασίλειον
3320 2407 3416 2462 τοῦ
3451 2407 3640 2471 ἔθνους

2069 2516 2164 2554 σου
2189 2499 2272 2554 σοὶ
2294 2500 2618 2555 ἀποδίδοται.

2137 2592 2226 2647 35.
2266 2592 2352 2646 Ἐν
2385 2592 2577 2663 ἐκείνῳ
2613 2591 2692 2664 τῷ
2744 2592 2924 2665 καιρῷ
2957 2590 3372 2662 ἀποκατεστάθη
3416 2591 3451 2661 ή
3484 2589 3640 2660 βασι·-

2066 2682 2186 2738 λεία
2217 2699 2280 2740 -ε-
2309 2702 2409 2755 μου
2439 2687 2583 2757 ἐμοὶ,
2615 2686 2710 2739 καὶ
2736 2687 2769 2758 ή
2796 2685 2922 2751 δόξα
2947 2704 3046 2758 μου
3070 2685 3303 2755 ἀπεδόθη
3336 2701 3426 2755 μοι
3444 2684 3503 2755 /.

2135 2776 2226 2832 54.
2249 2776 2339 2847 Τῷ
2378 2777 2617 2848 Ὕψίστῳ
2661 2777 3169 2849 ἁνθομολογοῦμαι,
3222 2777 3313 2831 καὶ
3358 2774 3528 2829 αίνῶ·
3562 2773 3643 2846 eq)

2068 2866 2311 2921 κτίσαντι
2329 2867 2420 2921 τὸν
2444 2868 2691 2941 οὐρανὸν,
2717 2869 2810 2923 καὶ
2834 2867 2933 2939 τὴν
2956 2868 3079 2939 γῆν,
3102 2868 3197 2923 καὶ
3223 2867 3318 2930 τὰς
3339 2865 3638 2931 θαλάσσας,

2068 2958 2306 3023 καὶτοὺς
2325 2960 2621 3030 ποταμοὺς,
2653 2958 2746 3013 καὶ
2770 2958 2948 3013 πάντα
2970 2960 3039 3013 τὰ
3069 2961 3126 3012 ἐν
3150 2959 3361 3021 αὐτοῖς,
3383 2954 3642 3025 ἐξομολο-

403 3058 656 3124 deorum,
698 3069 755 3114 et
787 3057 1050 3114 Dominus
1091 3058 1511 3125 dominantium,
1541 3066 1595 3113 et
1629 3074 1722 3112 rex
1755 3073 1964 3128 regum,

2084 3048 2294 3119 τοῦμαι,
2334 3050 2428 3104 καὶ
2481 3049 2636 3113 αίνῶ,
2669 3050 2751 3104 ὅτι
2801 3050 2961 3111 αὐτός
3013 3050 3130 3102 ἐστι
3161 3048 3291 3111 Θεὸς
3340 3047 3449 3100 τῶν
3477 3046 3638 3107 θεῶν,

403 3150 663 3221 quoniam
695 3150 812 3219 ipse
837 3150 965 3204 facit
1005 3150 1162 3220 signa
1196 3159 1250 3203 et
1281 3158 1514 3213 ostenta,
1539 3156 1592 3202 et
1626 3159 1798 3203 mutat
1835 3159 1971 3202 tem-

402 3256 537 3311 pora
574 3250 629 3297 et
653 3250 860 3305 aetates,
906 3241 1160 3297 auferens
1188 3256 1415 3310 regnum
1441 3256 1649 3313 regum,
1676 3249 1732 3297 et
1760 3243 1969 3297 consti-

403 3342 565 3390 tuens
594 3335 732 3390 alios
770 3351 870 3405 pro
906 3335 1007 3389 eis.
1042 3336 1121 3389 Ex
1147 3334 1251 3390 hoc
1275 3346 1521 3405 tempore
1564 3336 1743 3405 ipsum
1770 3336 1969 3401 colam,

401 3432 460 3483 et
491 3442 522 3480 a
551 3426 745 3481 timore
769 3427 891 3497 ejus
921 3436 1129 3482 tremor
1159 3428 1520 3498 apprehendit
1551 3443 1655 3493 me,
1684 3436 1739 3483 et
1778 3444 1970 3485 omnes

403 3528 627 3575 sanctos
668 3519 787 3589 ejus
815 3520 979 3575 laudo
1020 3538 1034 3575 :
1066 3518 1143 3575 dii
1166 3519 1313 3574 enim
1349 3520 1587 3591 gentium
1626 3535 1736 3575 non
1770 3520 1973 3576 habent

404 3610 463 3667 in
496 3612 805 3682 semetipsis
846 3612 1102 3665 virtutem
1149 3610 1512 3666 transferendi
1562 3625 1789 3681 regnum
1828 3612 1972 3681 regis

404 3701 462 3757 in
500 3702 665 3756 alium
734 3717 937 3772 regem,
978 3712 1031 3756 et.
1080 3701 1462 3765 interficiendi,
1517 3701 1863 3764 viviﬁcandi,
1918 3709 1973 3756 et

404 3793 665 3863 operandi
707 3793 881 3861 signa,
914 3799 969 3845 et
1012 3791 1282 3846 mirabilia
1338 3807 1535 3863 magna
1570 3800 1626 3846 et
1684 3792 1966 3851 terribilia.

404 3891 461 3937 et
493 3883 835 3953 permutandi
883 3881 1026 3937 ultra
1060 3882 1280 3936 modum
1313 3897 1424 3947 res,
1454 3881 1596 3937 sicut
1626 3880 1754 3936 fecit
1800 3882 1855 3935 in
1885 3896 1971 3936 me

405 3971 551 4030 Deus
581 3974 726 4040 coeli,
752 3982 805 4029 et
834 3973 1163 4044 permutavit
1199 3973 1257 4030 in
1289 3988 1376 4030 me
1398 3988 1622 4044 magnas
1650 3987 1759 4029 res.

476 4219 591 4290 Ego
646 4217 858 4273 cunctis
910 4215 1104 4272 diebus
1148 4215 1301 4287 regni
1344 4214 1452 4271 mei
1503 4230 1602 4284 pro
1634 4215 1815 4271 anima
1849 4229 1968 4269 mea

406 4309 675 4370 sacrificia
711 4309 995 4364 Altissimo
1033 4308 1257 4363 otfcram
1312 4307 1365 4362 in
1414 4306 1636 4361 odorem
1683 4304 1969 4361 suavitatis

2073 3142 2166 3193 καὶ
2192 3138 2393 3211 Κύριος
2417 3140 2523 3194 τῶν
2549 3140 2773 3211 κυρίων,
2809 3141 2904 3195 καὶ
2929 3139 3191 3203 Βασιλεὺς
3213 3138 3321 3192 τῶν
3351 3138 3639 3206 βασιλέωνο

2072 3232 2153 3286 ὅτι
2179 3231 2340 3295 αὐτὸς
2374 3233 2519 3285 ποιεῖ
2551 3233 2753 3303 σημεῖα
2780 3233 2875 3287 καὶ
2899 3231 3117 3303 τέρατα,
3156 3229 3254 3288 καὶ
3282 3231 3485 3285 ἀλλοιοῖ
3519 3246 3642 3285 και-

2077 3325 2201 3395 ροὺς
2226 3325 2320 3378 καὶ
2357 3324 2603 3396 χρόνους,
2641 3323 2886 3395 ἀφαιρῶν
2918 3323 3197 3395 βασιλείαν
3228 3322 3516 3393 βασιλέων,
3545 3321 3645 3375 καὶ

2074 3414 2347 3469 καθιστῶν
2370 3415 2587 3486 ἐτέρους
2610 3416 2727 3470 ἀντ’
2763 3415 2941 3469 αὐτῶν
2961 3430 2975 3444 ’
2998 3415 3105 3469 ἀπὸ
3126 3414 3217 3469 τοῦ
3248 3413 3341 3468 νῦν
3361 3413 3509 3483 αὐτῴ
3540 3413 3642 3467 λα·

2070 3506 2305 3579 τρεύσω,
2329 3508 2421 3561 καὶ
2442 3508 2551 3562 ἀπὸ
2580 3506 2672 3560 τοῦ
2700 3507 2863 3577 φόϐου
2908 3507 3072 3562 αὐτοῦ
3103 3507 3300 3577 τρόμος
3327 3506 3517 3576 εῖληφέ
3545 3523 3641 3575 με,

2073 3597 2168 3652 καὶ
2197 3598 2405 3662 πάντας
2425 3598 2551 3661 τοὺς
2577 3597 2764 3666 ἁγίους
2792 3597 2957 3653 αὐτοῦ
2980 3596 3113 3651 αίνῶ
3131 3614 3145 3629 ο
3171 3600 3221 3651 οί
3251 3596 3360 3666 γὰρ
3393 3596 3504 3649 θεοὶ
3532 3597 3644 3649 τῶν

2072 3689 2238 3742 ἐθνῶν
2260 3691 2360 3743 οὐκ
2389 3689 2602 3761 ἔχουσιν
2625 3693 2681 3744 ἐν
2704 3692 2916 3755 ἑαυτοῖς
2946 3692 3095 3761 ίσχὺν
3125 3690 3461 3762 ἀποστρέψαι
3494 3690 3646 3759 βασιο

2070 3780 2220 3834 λείαν
2243 3779 2504 3851 βασιλέως
2538 3781 2619 3845 είς
2645 3781 2832 3852 ἕτερον
2864 3781 3111 3852 βασιλέα,
3162 3782 3257 3835 καὶ
3295 3782 3641 3844 ἀποκτεῖναι,

2071 3874 2166 3927 καὶ
2187 3858 2284 3945 ζῇν
2307 3875 2549 3946 ποιῆσαι,
2582 3874 2675 3928 καὶ
2710 3875 2932 3946 ποιῆσαι
2976 3876 3194 3945 σημεῖα,
3236 3873 3332 3926 καὶ
3361 3872 3643 3942 θαυμάσια

2073 3965 2286 4036 μεγάλα
2347 3967 2443 4019 καὶ
2490 3966 2697 4036 φοϐερά
2723 4009 2738 4033 ,
2797 3969 2891 4020 καὶ
2943 3967 3231 4020 ἀλλοιῶσαι
3282 3966 3639 4037 ὑπερμεγέθη

2070 4056 2393 4127 πράγματα,
2428 4056 2607 4121 καθὼς
2639 4058 2895 4129 ἐποίησεν
2920 4061 2977 4111 ἐν
3007 4060 3127 4127 ἐμοὶ
3150 4059 3179 4111 ό
3200 4058 3331 4121 Θεὸς
3361 4058 3453 4110 τοῦ
3475 4058 3642 4128 ούρα-

2069 4146 2185 4210 νοῦ,
2221 4147 2316 4201 καὶ
2344 4145 2632 4216 ἠλλοίωσεν
2656 4147 2742 4199 ἐπ’
2773 4147 2897 4217 ἐμοὶ
2925 4147 3135 4217 μεγάλα
3159 4148 3474 4218 πράγματα.

2152 4237 2291 4307 Ἐγὼ
2322 4239 2498 4302 πάσας
2530 4238 2629 4303 τὰς
2679 4240 2890 4310 ἡμέρας
2917 4239 3015 4309 τῆς
3061 4237 3336 4307 βασιλείας
3366 4255 3467 4308 μου
3509 4238 3644 4309 περὶ

2069 4330 2168 4401 τῆς
2187 4330 2363 4402 ψυχῆς
2386 4348 2485 4403 μου
2500 4331 2578 4401 τῷ
2603 4330 2842 4402 Ὑψίστῳ
2865 4331 3052 4394 θυσίας
3079 4330 3347 4402 προσοίσω
3367 4331 3448 4392 είς
3462 4331 3642 4400 ὀσμὴν

406 4403 640 4459 Domino
679 4420 691 4455 :
728 4409 783 4456 et
812 4400 954 4467 quod
991 4400 1250 4469 placitum
1277 4405 1360 4453 est.
1401 4397 1455 4451 in
1488 4407 1785 4466 conspectu
1824 4397 1965 4467 ejus,

2320 4397 2420 4493 ⁷τῶ
2458 4397 2647 4493 Κυρίῳ
2669 4397 2693 4488 ,ν
2728 4397 2826 4476 καί
2854 4423 2913 4475 τὸ
2949 4397 3175 4492 ἀρεστόν
3207 4420 3438 4475 ἐνώπιον
3471 4397 3639 4476 αῦτοῦ

404 4495 600 4550 faciam
628 4508 748 4563 ego,
783 4502 836 4547 et
859 4492 1091 4561 populus
1112 4505 1288 4549 meus.
1314 4505 1443 4558 gens
1471 4504 1611 4550 mea,
1644 4497 1698 4542 et
1720 4490 1968 4557 regiones

406 4603 559 4650 meae,
610 4599 730 4654 qua:
767 4593 895 4637 sunt
925 4583 979 4636 in
1014 4590 1283 4651 potestate
1318 4596 1459 4636 mea.
1519 4578 1584 4633 Et
1634 4582 1968 4651 quicumque

404 4675 617 4747 loquuti
667 4675 866 4730 fuerint
905 4685 1096 4729 contra
1140 4673 1309 4729 Deum
1356 4672 1505 4736 caeli,
1540 4681 1596 4726 et
1634 4673 1966 4743 quicumque

401 4767 729 4839 deprehensi
774 4765 978 4822 fuerint
1023 4766 1312 4837 loquentes
1363 4764 1588 4836 aliquid,
1644 4765 1745 4820 ho's
1791 4773 1967 4822 morte

403 4860 697 4916 damnabo.

476 4951 708 5023 Scripsit
744 4959 924 5007 autem
972 4966 1097 5006 τοι·
1126 4947 1627 5006 Nabuchodonosor
1677 4949 1964 5021 epistolam

402 5044 726 5100 circularem
758 5044 1014 5098 onmibus
1044 5058 1140 5112 per
1176 5042 1357 5099 locum
1390 5043 1663 5114 gentibus,
1694 5053 1749 5098 et
1784 5044 1964 5114 regio-

404 5132 587 5196 nibus,
630 5142 683 5188 et
720 5132 918 5203 linguis
953 5133 1210 5197 omnibus
1268 5133 1640 5190 habitantibus
1670 5135 1723 5189 in
1753 5138 1964 5192 cunctis

402 5225 737 5293 regionibus,
768 5225 1206 5294 generationibus
1235 5232 1290 5279 et
1318 5227 1784 5295 generationibus.

478 5312 767 5369 Dominum
808 5313 976 5368 Deum
1010 5314 1133 5371 coeli
1172 5315 1409 5380 laudate,
1458 5325 1512 5370 et
1547 5315 1874 5372 sacrificium
1912 5325 1967 5372 et

403 5404 731 5459 oblationem
765 5405 955 5460 oﬂ'erte
987 5405 1035 5459 ei
1054 5405 1307 5475 gloriose.

477 5494 587 5564 Ego
636 5509 729 5549 rex
758 5509 949 5565 regum
980 5497 1245 5550 confiteor
1288 5494 1337 5550 ei
1370 5496 1675 5568 magniﬁce,
1707 5499 1833 5568 quia
1886 5498 1967 5556 sic

403 5582 529 5641 fecit
549 5598 783 5640 mecum.

475 5675 533 5732 lu
572 5677 689 5748 ipsa
724 5676 814 5734 die
845 5676 1132 5733 collocavit
1162 5692 1247 5735 me
1271 5690 1436 5749 supra
1459 5680 1714 5736 thronum
1758 5695 1960 5749 meum,

2075 4515 2286 4585 ποίησω
2318 4513 2449 4583 ἐγὼ,
2494 4515 2589 4568 καὶ
2636 4516 2664 4568 ό
2693 4514 2819 4579 λαός
2866 4532 2988 4585 μου,
3031 4514 3091 4568 τὸ
3120 4514 3270 4578 ἔθνος
3302 4531 3426 4585 μου,
3456 4515 3553 4567 καὶ
3581 4517 3641 4567 αἱ

2073 4606 2244 4677 χῶραι
2285 4624 2407 4677 μου,
2436 4607 2493 4660 αί
2520 4608 2577 4658 ἐν
2600 4609 2667 4678 τῇ
2699 4604 2914 4677 ἐξουσίᾳ
2951 4623 3074 4677 μου.
3098 4608 3210 4660 Καὶ
3231 4607 3343 4659 ὅσοι
3370 4606 3640 4677 ἐλάλησαν

2072 4701 2150 4763 εἰς
2177 4699 2268 4753 τὸν
2298 4699 2428 4753 Θεὸν
2468 4699 2560 4752 τοῦ
2591 4698 2844 4769 οὐρανοῦ,
2879 4699 2974 4753 καλ⁵
2996 4701 3109 4753 ὅσοι
3155 4697 3223 4753 ἀν
3252 4699 3644 4771 καταληφθῶσι

2070 4790 2354 4856 λαλοῦντές
2386 4809 2461 4856 τι,
2486 4791 2703 4857 τούτους
2730 4790 3042 4863 κατακρινῶ
3068 4791 3304 4862 θανάτῳ.

2145 4948 2391 5019 Ἔγραψε
2421 4947 2479 5001 δὲ
2499 4950 2528 5002 ὁ
2560 4947 2810 5018 βασιλεὺς
2845 4947 3313 5020 Ναϐουχοδονόσορ
3349 4949 3639 5021 ἐπιστολὴν

2072 5043 2359 5111 ἐγκύκλιον
2385 5042 2517 5096 πᾶσι
2536 5043 2650 5105 τοῖς
2673 5041 2814 5095 κατὰ
2838 5042 3002 5095 τόπον
3039 5040 3216 5094 ἔθνεσι
3239 5082 3253 5106 ,
3281 5042 3377 5094 καὶ
3407 5044 3634 5114 χώραις,

2070 5135 2167 5189 καὶ
2197 5134 2466 5204 γλώσσαις
2504 5133 2706 5197 πάσαις
2724 5135 2845 5196 ταῖς
2873 5132 3148 5197 οἰκούσαις
3189 5136 3248 5188 ἐν
3287 5134 3491 5199 πάσαις
3518 5140 3636 5203 ταῖς

2070 5225 2298 5298 χώραις,
2322 5228 2537 5296 γενεαῖς
2559 5226 2654 5279 καὶ
2689 5225 2923 5294 γενεαῖς.

2140 5318 2329 5390 Κυρίῳ
2376 5316 2456 5387 τῷ
2481 5315 2602 5386 Θεῷ
2636 5314 2730 5369 τοῦ
2768 5313 3002 5386 οὐρανοῦ
3043 5317 3263 5384 αίνεῖτε,
3318 5318 3414 5372 καὶ
3444 5318 3636 5375 θυσίαν

2070 5410 2166 5463 καὶ
2192 5409 2506 5481 προσφοράν
2525 5406 2860 5479 προσφέρετε
2886 5407 3033 5478 αὐτῷ
3061 5409 3303 5474 ἐνδόξως.

2154 5501 2294 5570 Ἐγὼ
2319 5501 2568 5572 βασιλεὺς
2600 5498 2861 5570 βασιλέων
2884 5498 3349 5573 ἀνθομολογοῦμαι
3369 5502 3518 5575 αὐτῷ
3545 5504 3605 5558 ἐν
3624 5533 3635 5544 -

2070 5593 2255 5660 δόξως,
2284 5595 2365 5648 ὃτι
2393 5594 2565 5657 οὕτως
2592 5594 2810 5664 ἐποίησε
2831 5595 2949 5663 μετ’
2980 5595 3137 5665 ἐμοῦ.

2153 5687 2241 5741 Ἐν
2269 5688 2405 5758 αὑτῇ
2444 5686 2512 5756 τῇ
2562 5686 2751 5760 ἡμέρα
2796 5686 3015 5742 ἐκάθισέ
3067 5704 3134 5759 με
3172 5685 3267 5742 ἐπὶ
3310 5686 3405 5742 τοῦ
3438 5686 3633 5759 θρόνου
