3848 6218
142 283 288 340 180!

1486 283 1740 340 DANIEL
1777 285 2011 343 CAPUT
2049 287 2112 342 ν.

3253 284 3398 341 9802

143 417 282 470 μου,
315 400 410 454 καὶ⁸
441 399 538 471 τῆς
569 397 818 464 ἐξουσίας
841 416 966 470 μου,
995 399 1091 453 καὶ
1127 399 1228 470 τῆς
1261 399 1539 469 βασιλείας
1584 417 1687 471 μου
1709 415 1722 430 ·

1849 409 1883 455 et
1916 409 2236 470 potestatem
2278 415 2476 463 meam,
2508 407 2563 452 et
2588 413 2815 468 regnum
2850 413 3066 462 meum;
3104 399 3156 450 in
3199 401 3388 467 ροιωῑι

140 492 202 542 ἐν
222 491 306 560 τῷ
325 489 436 560 λαῷ
461 509 559 561 μου
583 493 881 564 ἐκράτησα,
910 491 1062 560 καὶὴ
1089 491 1449 561 μεγαλωσύνη
1475 509 1578 561 μου
1597 493 1730 546 ἀπο-

139 582 458 652 κατεστάθη
496 600 607 650 μοι.

212 669 696 742 Ναϐουχοδονόσορ
746 672 999 742 βασιλεὺς
1040 674 1176 726 πᾶσι
1225 674 1336 736 τοῖς
1380 672 1577 740 ἔθνεσι,
1634 674 1730 728 καὶ

139 761 356 822 πάσαις
381 767 498 825 ταῖς
533 763 773 834 χώραις,
819 767 914 820 καὶ
953 767 1088 819 πᾶσι
1121 768 1230 829 τοῖς
1263 765 1502 820 οἰκοῦσιν
1531 767 1590 820 ἐν
1628 767 1728 819 αὑ-

141 855 289 916 ταίςο
331 854 534 925 Εἰρήνη
567 856 694 924 ὑμῖν
722 856 1046 928 πληθυνθείη
1085 859 1142 912 ἐν
1185 858 1350 912 παντὶ
1398 858 1592 930 καιρῷ.
1618 857 1729 910 Kal

141 944 240 997 νῦν
272 945 539 1012 ὑποδείξω
565 947 692 1016 ὑμῖν
714 947 812 1011 τὰς
838 948 1088 1019 πράξεις,
1119 949 1184 1013 ἃς
1210 949 1431 1020 ἐποίησε
1457 950 1572 1020 μετ’
1593 948 1727 1018 ἐμοῦ

141 1036 172 1088 6
201 1037 340 1099 Θεὸς
369 1041 396 1091 6
427 1039 600 1108 μέγας
622 1057 636 1070 ·
667 1039 812 1105 ἔδοξε
840 1042 898 1095 δέ
923 1059 1012 1112 μοι
1027 1041 1305 1106 ἀποδεῖξαι
1327 1043 1477 1112 ὑμῖν,
1505 1041 1600 1094 καὶ
1618 1043 1730 1104 τοῖς

146 1129 437 1192 σοφισταῖς
460 1127 634 1194 ὑμῶν,
669 1128 748 1181 ὅτι
780 1128 896 1182 ἔστι
924 1129 1076 1193 Θεὸς,
1105 1131 1200 1184 καὶ
1229 1130 1297 1183 τὰ
1327 1129 1604 1200 θαυμάσια
1636 1130 1732 1181 αὐ-

143 1216 242 1269 τοῦ
283 1217 497 1286 μεγάλα
519 1235 532 1250 ·
561 1219 624 1272 τὸ
657 1220 925 1289 βασίλειον
974 1222 1136 1276 αὑτοῦ
1164 1263 1178 1286 ,
1216 1223 1484 1293 βασίλειον
1529 1225 1608 1287 είς
1640 1224 1730 1276 τὸν

145 1309 357 1363 αίῶναο
389 1313 420 1380 ἡ
452 1311 668 1377 ἐξουσία
701 1313 865 1366 αὐτοῦ
895 1315 1002 1368 άπὸ
1032 1316 1234 1384 γενεῶν
1260 1318 1338 1377 είς
1370 1316 1580 1385 γενεάς.
1623 1317 1732 1368 Kal

145 1399 478 1454 ἀπέστειλεν
521 1402 809 1467 ἐπιστολὰς
844 1405 972 1475 περὶ
998 1405 1216 1458 πάντων
1243 1407 1350 1460 τῶν
1392 1406 1731 1475 γενηθέντων

147 1494 302 1565 αὐτῷ
337 1497 397 1548 ἐν
437 1499 503 1566 τῇ
551 1497 797 1571 βασιλείᾳ
845 1499 1043 1562 αὑτοῦ,
1092 1503 1224 1554 πᾶσι
1256 1503 1368 1564 τοῖς
1411 1499 1590 1553 ἐθνεσι
1619 1502 1731 1564 τοῖς

145 1581 303 1642 οὖσιν
336 1588 442 1641 ὑπὸ
468 1589 564 1660 τῆν
600 1590 876 1660 βασιλείαν
909 1591 1095 1646 αὐτοῦ.

755 1685 982 1738 ΚΕΦΑΛ
993 1724 1006 1738 .
1057 1685 1112 1738 E’

1829 509 1950 547 meo
1997 493 2240 563 regnavi,
2287 499 2342 547 et
2380 491 2782 560 magniﬁcentia
2847 505 2969 544 mea
3016 490 3265 543 restituta
3315 500 3396 543 est

1827 584 1984 638 mihi.

1896 674 2401 731 Nabuchodonosor
2425 692 2516 730 rex
2538 675 2798 730 omnibus
2824 675 3095 744 gentibus,
3116 684 3170 728 et
3189 674 3398 727 cunctis

1829 767 2167 837 regionibus,
2207 777 2261 822 et
2295 767 2568 821 universis
2621 766 2996 820 habitantibus
3048 767 3099 818 in
3143 767 3244 819 eis.
3289 766 3398 819 Pax

1829 858 1988 914 vobis
2017 858 2412 927 multiplicetur
2445 857 2497 910 in
2525 858 2675 911 omni
2709 866 2973 926 tempore.
3004 855 3069 910 Et
3105 872 3251 910 nunc
3282 873 3400 910 ma-

1831 948 2103 1004 nifestabo
2140 949 2295 1003 vobis
2328 964 2513 1018 opera,
2542 963 2662 1017 quae
2695 947 2822 1003 fecit
2851 962 3064 1001 mecum
3109 946 3251 1001 Deus
3286 963 3401 1001 ma-

1831 1058 1971 1113 gnus
2012 1041 2233 1097 :visuiu
2275 1054 2358 1097 est
2402 1052 2582 1096 autem
2630 1041 2763 1095 mibi
2815 1042 3101 1095 ostendere
3139 1041 3313 1104 vobis,
3347 1048 3403 1094 et

1831 1134 2095 1204 sophistis
2121 1136 2338 1199 vestris,
2378 1136 2506 1204 quia
2531 1144 2614 1188 est
2653 1134 2809 1194 Deus,
2862 1143 2917 1187 et
2970 1133 3240 1186 mirabilia
3281 1134 3400 1202 ejus

1831 1244 2027 1298 magna
2062 1247 2075 1284 :
2113 1244 2340 1298 regnum
2371 1229 2491 1296 ejus
2542 1242 2768 1295 regnum
2799 1227 2852 1279 in
2897 1235 3158 1280 aeternum
3198 1243 3210 1277 :
3256 1235 3402 1294 pote-

1831 1329 1946 1376 stas
1977 1321 2098 1389 ejus
2127 1335 2156 1374 a
2184 1320 2629 1388 generationibus
2661 1319 2711 1373 in
2741 1319 3140 1389 generationes.
3171 1319 3236 1372 Et
3255 1319 3403 1374 misit

1831 1415 2092 1482 epistolas
2126 1414 2193 1468 de
2219 1415 2498 1477 omnibus,
2523 1430 2645 1483 quae
2669 1422 2963 1468 evenerant
2997 1415 3096 1468 sibi
3137 1414 3190 1468 in
3238 1429 3403 1482 regno

1832 1520 1934 1561 suo
1964 1508 2221 1563 omnibus
2246 1507 2519 1580 gentibus,
2553 1520 2675 1575 qua:
2701 1514 2858 1560 erant
2885 1506 2986 1561 sub
3017 1523 3181 1576 regno
3216 1506 3354 1572 ejus.

2453 1687 2686 1744 CAPUT
2719 1688 2784 1741 ν.

220 1773 278 1828 1.
322 1773 614 1846 Βαλτάσαρ
647 1778 675 1828 6
700 1775 947 1846 βασιλεὺς
969 1777 1192 1847 ἐποίησε
1214 1775 1374 1848 δοχὴν
1403 1775 1646 1846 μεγάλην
1677 1776 1731 1829 ἐν

1909 1785 1961 1838 1.
2001 1783 2248 1838 Baltasar
2293 1798 2386 1837 rex
2423 1780 2550 1836 iecit
2583 1781 2896 1836 convivium
2935 1795 3190 1848 magnum
3234 1778 3286 1832 in
3317 1776 3407 1831 die
3487 1844 3491 1850 '

148 1864 339 1936 ἡμέρα
383 1866 737 1936 ἐγκαινισμοῦ
775 1866 883 1918 τῶν
915 1865 1201 1936 βασιλειῶν
1246 1865 1446 1920 αὐτοῦ·
1479 1866 1733 1920 ἐκάλεσεν

145 1956 353 2027 ἄνδρας
388 1957 699 2026 δισχιλίους.
1537 1996 1541 2000 ι

215 2048 274 2105 4.
332 2050 425 2103 Ἐν
473 2052 538 2121 τῇ
590 2052 772 2123 ἡμέρᾳ
821 2051 1006 2124 ἐκείνη
1035 2052 1320 2124 Βαλτάσαρ
1371 2051 1734 2122 ἐνυψούμενος

145 2140 256 2193 ἀπὸ
291 2140 392 2193 τοῦ
431 2141 597 2204 οἴνου,
624 2143 718 2195 καὶ
745 2142 1093 2213 καυχώμενος
1123 2143 1355 2213 ἐπῄνεσε
1385 2145 1590 2206 πάντας
1609 2144 1736 2206 τοὺς

147 2231 306 2297 θεοὺς
333 2232 445 2286 τῶν
476 2235 664 2298 ἐθνῶν,
697 2234 823 2298 τοὺς
867 2236 1189 2304 χωνευτοὺς,
1225 2236 1317 2288 καὶ
1361 2235 1633 2303 γλυπτοὺς
1676 2236 1738 2290 ἐν

145 2323 225 2394 τῷ
256 2325 417 2396 τόπῳ
450 2327 635 2392 αὑτοῦ,
677 2328 769 2381 καὶ
797 2327 874 2398 τῷ
895 2327 1015 2398 Θεῷ
1046 2327 1122 2398 τῷ
1165 2328 1372 2398 ὑψίστῳ
1415 2329 1514 2381 οὐκ
1536 2327 1735 2382 ἐὸωκεν

147 2418 383 2472 αίνεσιν.

218 2507 274 2561 5.
323 2507 416 2560 Ἐν
443 2508 580 2579 αὐτῇ
623 2511 687 2581 τῇ
717 2510 872 2562 νυκτὶ
905 2509 1129 2580 ἐξῆλθον
1175 2510 1427 2564 δάκτυλοι
1471 2509 1604 2562 ὡσεὶ
1642 2511 1735 2562 άν-

150 2598 399 2668 θρὼπου,
436 2600 530 2653 καὶ
562 2602 880 2672 ἐπέγραψαν
917 2604 1007 2655 ἐπὶ
1035 2602 1129 2655 τοῦ
1156 2602 1332 2673 τοίχου
1381 2603 1528 2656 οἴκου
1569 2601 1732 2655 αὑτοῦ

150 2693 242 2744 ἐπὶ
280 2691 384 2745 τοῦ
415 2694 743 2764 κονιάματος
779 2695 1064 2748 κατέναντι
1105 2695 1200 2748 τοῦ
1244 2695 1490 2766 λύχνους.
1533 2695 1730 2761 Mar-1‘1,

150 2784 368 2853 Ψᾶρες,
399 2787 604 2840 Θεκέλ.
653 2787 885 2840 Ἐστιδέ
921 2790 953 2859 ἡ
988 2788 1251 2858 ἑρμηνεία
1290 2788 1488 2841 αὐτῶνο
1530 2789 1734 2842 MANH

149 2878 482 2950 ὴρίθμηται,
518 2880 736 2933 ΦΑΡΕΣ
766 2881 1017 2950 ἐξῆρται,
1049 2881 1280 2934 ΘΕΚΕΛ
1313 2881 1556 2935 ἓσταται.

219 2970 275 3024 1.
305 2971 599 3042 Βαλτάσαρ
626 2974 652 3024 6
684 2972 938 3041 βασιλεὺς
977 2974 1231 3044 ἐποίησεν
1264 2975 1606 3046 ἐστιατορίαν
1638 2992 1734 3046 μεο

151 3061 325 3134 γάλην
349 3065 462 3126 τοῖς
489 3065 724 3136 ἑταίροις
764 3065 948 3120 αὐτοῦ.

222 3151 276 3204 2.
308 3152 426 3205 Καὶ
451 3152 634 3204 ἔπινεν
659 3149 817 3213 οἶνον,
845 3153 938 3205 καὶ
967 3153 1224 3226 ἀνυψώθη
1261 3157 1293 3226 ἠ
1322 3156 1518 3226 καρδία
1545 3155 1732 3221 αὑτοῦ,

155 3245 246 3296 καὶ
268 3239 428 3296 εἶπεν
454 3244 672 3313 ἐνέγκαι
693 3247 761 3300 τὰ
793 3247 957 3317 σκεύη
984 3246 1052 3300 τὰ
1079 3251 1272 3318 χρυσᾶ,
1307 3250 1400 3301 καὶ
1419 3250 1488 3301 τὰ
1519 3250 1735 3318 ἀργυρᾶ

156 3333 248 3387 τοῦ
277 3335 436 3387 οἴκου
465 3334 558 3386 τοῦ
587 3334 745 3397 Θεοῦ,
766 3334 802 3388 ἆ
827 3337 1024 3405 ῆνεγκε
1066 3337 1534 3408 Ναϐουχοδονόσορ
1573 3342 1600 3391 6
1632 3355 1736 3390 πα-

155 3425 257 3494 τὴρ
280 3425 452 3480 αὐτοῦ
483 3425 592 3478 ἀπὸ
622 3425 996 3497 Ἰερουσαλὴμ,
1019 3427 1112 3480 καὶ
1132 3429 1437 3499 οἰνοχοῆσαι
1467 3430 1525 3482 ἐν
1550 3430 1734 3492 αὐτοῖς

155 3521 266 3582 τοῖς
301 3520 545 3590 ἑταίροις
577 3518 761 3575 αὑτοῦ.

228 3610 283 3666 3.
308 3611 426 3663 Kal
457 3609 678 3680 ἠνέχθη,
718 3610 812 3662 καὶ
843 3609 1026 3664 ἔπινον
1043 3612 1101 3666 ἐν
1127 3613 1327 3679 αὐτοῖς,
1360 3614 1451 3664 καὶ
1468 3611 1734 3681 ηὐλόγουν

156 3702 227 3756 τὰ
255 3701 458 3756 εἴδωλα
488 3702 556 3754 τὰ
581 3701 935 3772 χειροποίητα
960 3703 1155 3756 αὐτῶν.

223 3798 279 3853 4.
318 3799 436 3852 Kal
467 3797 557 3851 τὸν
592 3797 722 3850 Θεὸν
767 3797 859 3850 τοῦ
893 3798 1088 3860 αίῶνος
1122 3797 1222 3850 οὐκ
1266 3795 1600 3864 εὐλόγησαν,
1641 3793 1733 3848 τὸν

157 3887 357 3958 ἔχοντα
383 3888 482 3958 τὴν
520 3887 766 3953 ἐξουσίαν
786 3887 878 3940 τοῦ
913 3887 1218 3958 πνεύματος
1242 3885 1441 3940 αὐτῶν.

153 4041 158 4046 _
229 3980 284 4035 5.
339 3980 428 4032 Ἕν
451 3981 586 4050 αὐτῇ
618 3982 683 4051 τῇ
711 3978 830 4050 ὥρα
849 3979 1032 4050 ἐκείνῃ
1065 3980 1283 4051 ἐξῆλθον
1303 3981 1576 4042 δάκτυλοι.
1602 3979 1734 4032 ὡσεὶ

158 4072 343 4144 χειρὸς
382 4071 691 4140 ἀνθρώπου,
726 4073 820 4125 καὶ⁵
865 4071 1108 4143 ἔγραψαν
1149 4074 1240 4127 ἐπὶ
1273 4073 1367 4126 τοῦ
1411 4074 1591 4144 τοίχου
1636 4073 1730 4127 τοῦ

160 4165 306 4218 οῐκου
332 4163 495 4217 αὑτοῦ
526 4165 618 4216 ἐπὶ
647 4165 742 4216 τοῦ
776 4164 1102 4235 κονιάματος
1123 4165 1410 4218 κατέναντι
1433 4167 1527 4219 τοῦ
1557 4165 1733 4236 φωτὸς

161 4249 344 4304 ἔναντι
376 4250 469 4304 τοῦ
503 4251 764 4322 βασιλέως
792 4251 1103 4326 Βαλτάσαρ,
1137 4255 1232 4308 καὶ
1262 4250 1368 4308 εἶδε
1406 4258 1564 4326 χεῖρα
1597 4256 1733 4328 γρά-

161 4357 388 4412 φουσαν.

1835 1879 2194 1934 dedicationis
2233 1892 2525 1947 regnorum
2573 1891 2836 1940 suorum;
2884 1874 3091 1927 vocavit
3134 1872 3283 1925 viros
3323 1869 3407 1923 bis

1835 1969 2005 2023 mille.

1904 2060 1960 2114 4.
1991 2057 2048 2113 In
2075 2057 2162 2113 die
2204 2059 2293 2112 illa
2342 2057 2585 2111 Baltasar
2613 2057 2789 2111 elatus
2819 2072 2848 2110 a
2881 2054 3041 2118 vino,
3073 2061 3128 2107 et
3165 2051 3407 2118 glorians

1833 2152 2075 2207 laudavit
2110 2166 2305 2206 omnes
2353 2151 2489 2206 deos
2529 2150 2771 2220 gentium
2813 2148 3136 2210 conﬂatiles,
3174 2155 3228 2200 et
3259 2144 3406 2200 scul-

1836 2244 1992 2315 ptiles
2034 2244 2088 2298 in
2127 2243 2247 2298 loco
2289 2258 2424 2308 suo,
2457 2250 2511 2296 et
2549 2241 2660 2297 Deo
2705 2241 2920 2296 excelso
2954 2256 3062 2294 non
3103 2237 3249 2292 dedit
3291 2235 3408 2291 lau-

1835 2337 1981 2392 dem.

1907 2521 1961 2576 5.
1999 2521 2059 2574 lu
2092 2520 2281 2575 eadem
2316 2528 2475 2574 nocte
2505 2519 2756 2573 exierunt
2778 2515 2929 2584 digiti
2954 2515 3111 2586 quasi
3144 2513 3405 2578 hominis,

1835 2623 1889 2670 et
1935 2614 2272 2683 scripserunt
2310 2613 2361 2665 in
2411 2626 2569 2664 muro
2603 2609 2800 2662 domus
2838 2608 2956 2677 ejus
2998 2623 3162 2675 super
3199 2606 3409 2661 albario

1836 2707 2060 2775 parietis
2091 2721 2120 2758 e
2151 2706 2372 2771 regione
2407 2704 2640 2756 lucerna:
2675 2717 2688 2751 :
2727 2700 2904 2761 Mane,
2940 2699 3160 2762 Phares,
3199 2697 3405 2752 Thecel.

1838 2795 1932 2850 Est
1965 2805 2142 2847 autem
2169 2793 2538 2862 interpretatio
2570 2807 2756 2845 eorum
2797 2809 2809 2841 :
2837 2790 3031 2843 MANE
3064 2798 3408 2844 numeratum

1835 2899 1940 2947 est.
1967 2887 2237 2941 PHARES
2261 2888 2500 2940 ablatum
2542 2897 2644 2947 est,
2667 2884 2942 2940 TllECEL
2977 2897 3280 2953 appensum
3301 2889 3405 2936 est.

1907 2979 1960 3032 l.
2001 2976 2247 3032 Baltasar
2290 2993 2382 3031 rex
2423 2977 2550 3032 fecit
2580 2975 2886 3031 convivium
2929 2989 3187 3044 magnum
3215 2971 3409 3027 amicis

1681 3155 1707 3168 η
1761 3107 1802 3161 C
1839 3069 1976 3125 suis.

1905 3159 1959 3210 ‘2.
1992 3157 2057 3210 Et
2082 3159 2298 3212 bibebat
2327 3159 2538 3220 viuum,
2565 3166 2619 3210 ct
2646 3158 2913 3210 elevatum
2947 3163 3030 3209 est
3057 3170 3150 3208 cor
3182 3152 3324 3222 ejus,
3352 3159 3408 3206 et

1835 3247 1972 3303 dixit
2001 3249 2175 3304 aﬂ’erri
2203 3266 2326 3303 vasa
2355 3265 2543 3310 aurea,
2569 3257 2623 3302 et
2654 3257 2909 3316 argentea
2931 3245 3128 3301 domus
3146 3245 3262 3306 Dei,
3287 3260 3408 3314 quae

1835 3351 2210 3412 asportaverat
2242 3341 2755 3395 Nabuchodonosor
2806 3347 2958 3408 pater
2987 3337 3105 3405 ejus
3143 3335 3210 3389 de
3242 3333 3405 3390 Jeru-

1835 3435 2025 3496 salem,
2065 3442 2119 3488 et
2149 3433 2447 3487 ministrari
2483 3432 2536 3486 in
2567 3432 2647 3486 eis
2681 3432 2867 3484 viuum
2900 3429 3092 3484 amicis
3123 3428 3262 3484 suis.

1905 3609 1958 3662 5.
2004 3606 2070 3662 Et
2098 3609 2259 3662 allata
2302 3615 2457 3672 sunt;
2489 3615 2542 3660 et
2583 3606 2841 3661 bibebant
2874 3606 2928 3658 in
2954 3603 3058 3666 eis,
3094 3611 3148 3658 et
3178 3602 3404 3659 benedi-

1834 3700 2031 3755 cebant
2062 3700 2222 3754 idolis
2247 3700 2359 3754 suis
2396 3698 2744 3753 manufactis.

1903 3793 1957 3848 4.
2003 3794 2066 3846 Et
2100 3792 2208 3846 Deo
2235 3793 2416 3847 saeculi
2453 3808 2560 3845 non
2598 3790 3011 3852 benedixerunt,
3043 3788 3138 3860 qui
3172 3787 3406 3844 habebat

1833 3894 2155 3955 poteSIatem
2191 3885 2416 3953 spiritus
2458 3898 2668 3938 eorum.

1903 3977 1958 4030 5.
2008 3975 2063 4028 lu
2096 3977 2208 4044 ipsa
2251 3976 2380 4029 hora
2427 3976 2513 4028 illa
2548 3974 2798 4032 exierunt
2828 3973 2981 4042 digiti
3017 3970 3172 4041 quasi
3208 3984 3405 4024 manus

1834 4067 2100 4129 hominis,
2142 4075 2195 4122 et
2218 4067 2555 4137 scripserunt
2594 4067 2647 4120 in
2674 4082 2832 4120 muro
2863 4065 3060 4118 domus
3091 4064 3210 4133 ejus
3239 4079 3403 4132 super

1833 4161 2044 4214 albario
2085 4160 2308 4229 parietis
2365 4175 2395 4214 e
2443 4160 2665 4229 regione
2717 4159 2942 4214 luminis
2997 4161 3050 4211 in
3107 4169 3404 4226 conspectu

1835 4253 1976 4323 regis
2006 4253 2288 4319 Baltasar;
2326 4262 2379 4307 ct
2409 4253 2541 4307 vidit
2574 4268 2794 4306 manum
2835 4251 3184 4308 scribentem.

232 4432 289 4489 6.
323 4435 434 4489 Kal
465 4435 498 4505 ἡ
539 4436 745 4504 ὅρασις
772 4435 938 4490 αὑτοῦ
979 4437 1267 4509 ἠλλοιώθη,
1305 4439 1400 4492 καὶ
1441 4439 1591 4508 φόϐοι
1639 4438 1731 4492 καὶ

1905 4431 1960 4485 6.
1995 4431 2058 4486 Et
2080 4440 2335 4502 aspectus
2360 4432 2481 4501 ejus
2510 4431 2832 4487 immutatus
2856 4441 2966 4496 est,
2995 4441 3049 4487 et
3071 4433 3299 4487 timores
3351 4440 3402 4486 et

165 4524 408 4581 ὑπόνοιαι
435 4526 596 4581 αὐτὸν
620 4529 1010 4584 κατέσπευδον.
1056 4529 1362 4583 Ἐσπευσεν
1391 4527 1483 4584 οὖν
1523 4534 1550 4583 6
1573 4531 1730 4600 βασι-

165 4615 307 4683 λεὺς,
349 4619 444 4670 καὶ
477 4619 758 4690 ἐξανέστη,
799 4621 892 4673 καὶ
936 4619 1084 4692 ἐώρα
1127 4621 1227 4692 τὴν
1253 4622 1469 4693 γραφὴν
1494 4621 1728 4693 ἐκείνην,

166 4707 256 4760 καὶ
283 4708 334 4760 oi
365 4711 667 4779 συνεταίροι
688 4709 871 4778 κύκλῳ
892 4709 1055 4763 αὑτοῦ
1098 4711 1428 4780 ἐκαυχῶντο.

234 4798 287 4854 7.
317 4801 429 4855 Kal
457 4801 485 4853 6
516 4800 767 4871 βασιλεὺς
798 4800 1044 4873 ἐφώνησε
1065 4804 1217 4873 φωνῇ
1252 4803 1484 4874 μεγάλῃ,
1504 4802 1731 4857 καλέσαι

167 4891 286 4955 τοὺς
308 4892 610 4956 ἐπαοιδοὺς,
645 4892 740 4946 καὶ
768 4893 1092 4963 φαρμακοὺς
1111 4935 1125 4958 ,
1161 4894 1253 4946 καὶ
1292 4894 1610 4958 Χαλδαίους,
1638 4893 1732 4947 καὶ

168 4982 524 5053 γαζαρηνοὺς,
577 4984 908 5052 ἀπαγγεῖλαι
955 4984 1016 5038 τὸ
1046 4985 1324 5057 σύγκριμα
1348 4987 1448 5055 τῆς
1489 4989 1726 5058 γραφῆς.

168 5072 273 5126 Kal
311 5073 720 5144 είσεπορεύοντο
750 5077 844 5128 ἐπὶ
873 5076 1126 5149 θεωρίαν,
1185 5079 1310 5132 ίδεῖν
1354 5079 1453 5151 τὴν
1487 5081 1727 5152 γραφὴν,

169 5167 256 5219 καὶ
282 5168 343 5221 τὺ
378 5168 660 5240 σύγκριμα
689 5170 786 5240 τῆς
808 5171 1025 5241 γραφῆς
1046 5170 1146 5223 οὐκ
1177 5171 1426 5226 ἐδύναντο
1446 5173 1730 5244 συγκρίναι

169 5257 244 5328 τῷ
275 5259 503 5328 βασιλεῖ.
546 5261 680 5314 Τότε
727 5263 756 5315 6
803 5261 1058 5331 βασιλεὺς
1097 5262 1323 5333 ἐξέθηκε
1374 5263 1726 5336 πρόσταγμα,

169 5348 368 5418 λέγων·
414 5353 530 5416 Πᾶς
581 5353 716 5424 ἀνὴρ
744 5353 802 5416 ὃς
830 5353 894 5406 ἂν
928 5353 1183 5425 ὑποδείξῃ
1232 5353 1294 5407 τδ
1320 5354 1598 5426 σύγκριμα
1628 5358 1729 5428 τῆς

172 5445 398 5514 γραφῆς,
421 5444 622 5497 στολιεί
653 5445 815 5496 αὑτὸν
846 5446 1153 5516 πορφύραν,
1186 5447 1278 5500 καὶ
1304 5449 1572 5519 μανιάκην
1598 5467 1726 5520 χρυ.

175 5529 292 5585 σοῦν
310 5533 592 5604 περιθήσει
615 5532 782 5604 αὐτῷ,
803 5536 898 5586 καὶ
917 5534 1202 5605 δοθήσεται
1224 5535 1370 5606 αύτῷ
1398 5535 1613 5601 ἐξουσία
1633 5537 1726 5590 τοῦ

175 5621 345 5690 τρίτου
373 5624 571 5694 μέρους
601 5623 698 5693 τῆς
728 5622 1022 5692 βασιλείας.

241 5713 291 5768 8.
322 5715 428 5769 Kal
458 5714 866 5786 εἰσεπορεύοντο
885 5715 933 5769 οἱ
958 5714 1196 5769 ἐπαοιδοὶ
1232 5716 1323 5771 καὶ
1343 5716 1389 5770 οξ
1419 5717 1718 5790 φαρμακοὶ,

1835 4525 2176 4594 suspiciones
2201 4540 2323 4578 eum
2371 4525 2687 4578 incitabant.
2726 4523 3020 4578 Festinavit
3061 4523 3243 4593 itaque
3283 4537 3400 4576 rex.

1831 4625 1886 4669 et
1924 4614 2180 4678 surrexit,
2215 4623 2268 4668 et
2299 4614 2512 4668 videbat
2546 4617 2876 4683 scripturam
2937 4614 3084 4667 illam
3115 4630 3130 4678 ;
3159 4626 3212 4667 et
3240 4613 3400 4667 amici

1833 4707 1885 4761 in
1921 4706 2152 4760 circuitu
2191 4705 2312 4774 ejus
2348 4706 2741 4775 gloriabantur.

1902 4798 1955 4853 7.
1991 4797 2057 4851 Et
2107 4814 2199 4852 rex
2266 4813 2398 4851 voce
2435 4814 2630 4868 magna
2684 4799 2973 4863 clamavit,
3026 4807 3086 4852 ut
3143 4805 3401 4851 vocarent

1831 4892 2222 4956 incantatores,
2257 4900 2310 4945 et
2339 4891 2636 4954 maleﬁcos,
2678 4901 2730 4943 et
2767 4889 3070 4951 Chaldzeos,
3103 4897 3156 4942 et
3179 4902 3402 4958 gazare-

1833 4999 1933 5039 nos
1969 4983 2036 5037 ad
2076 4982 2505 5037 annuntiandam
2551 4981 3050 5050 interpretationem
3091 4981 3394 5049 scripturae.

1831 5074 1896 5130 Et
1925 5074 2150 5143 ingressi
2175 5085 2304 5128 sunt
2328 5073 2394 5127 ad
2420 5075 2811 5142 spectaculum,
2849 5083 2908 5126 ut
2946 5071 3189 5125 viderent
3229 5071 3400 5140 scrip-

1832 5177 2030 5233 turam,
2054 5178 2107 5222 et
2128 5167 2625 5236 interpretationem
2667 5167 2952 5233 scriptura:
2977 5178 3083 5217 non
3107 5172 3400 5232 potuerunt

1831 5258 2175 5328 interpretari
2202 5258 2334 5328 regi.
2364 5256 2519 5311 Tunc
2561 5272 2657 5310 rex
2697 5255 2865 5309 edidit
2893 5255 3129 5308 edictum
3163 5253 3349 5307 dicens
3382 5274 3396 5286 ο

1829 5351 2017 5408 Omnis
2047 5351 2128 5404 vir
2147 5350 2480 5419 quicumque
2504 5345 2962 5402 demonstraverit
2988 5345 3393 5414 interpretatio-

1830 5458 1952 5497 nem
1987 5443 2299 5510 scripturae,
2337 5439 2598 5494 vestietur
2643 5437 2758 5508 ipse
2784 5452 3025 5507 purpura
3046 5476 3060 5500 ,
3094 5445 3147 5491 et
3178 5447 3398 5507 torques

1828 5550 2029 5589 aureus
2073 5534 2516 5602 circumponetur
2552 5529 2624 5594 ei,
2677 5537 2731 5584 et
2771 5529 2991 5584 dabitur
3028 5529 3077 5584 ei
3127 5540 3398 5599 postestas

1833 5627 2004 5683 tertise
2051 5625 2218 5694 partis
2256 5624 2427 5693 regni.

1903 5718 1956 5772 8.
1985 5714 2048 5773 Et
2072 5715 2366 5771 introibant
2391 5714 2787 5784 incantatores,
2815 5722 2868 5770 et
2889 5712 3140 5780 malefici,
3169 5723 3220 5768 et
3249 5730 3392 5784 gaza-
