  <div class='ocr_page' id='page_1' title='image "/cluster/home/n/w/nwhite01/storage/ocr_20150623/16 pt.3/nnc1.0046978674/215.png"; bbox 0 0 3848 6218; ppageno 0'>
   <div class='ocr_carea' id='block_1_1' title="bbox 440 294 583 350">
    <p class='ocr_par' dir='ltr' id='par_1_1' title="bbox 440 294 583 350">
     <span class='ocr_line' id='line_1_1' title="bbox 440 294 583 350; baseline 0.014 -2"><span class='ocrx_word' id='word_1_1' title='bbox 440 294 583 350; x_wconf 72' lang='grc'><strong>2803</strong></span> 
     </span>
    </p>
   </div>
   <div class='ocr_carea' id='block_1_2' title="bbox 1499 286 2664 356">
    <p class='ocr_par' dir='ltr' id='par_1_2' title="bbox 1499 286 2664 356">
     <span class='ocr_line' id='line_1_2' title="bbox 1499 286 2664 356; baseline -0.003 -9"><span class='ocrx_word' id='word_1_2' title='bbox 1499 290 1972 347; x_wconf 73' lang='lat' dir='ltr'><strong>nEXAPLimL&#39;M</strong></span> <span class='ocrx_word' id='word_1_3' title='bbox 2014 288 2186 356; x_wconf 64' lang='lat' dir='ltr'><strong>QUAE</strong></span> <span class='ocrx_word' id='word_1_4' title='bbox 2231 286 2664 344; x_wconf 75' lang='lat' dir='ltr'><strong>SUI‘ERSUNT.</strong></span> 
     </span>
    </p>
   </div>
   <div class='ocr_carea' id='block_1_3' title="bbox 3537 278 3705 338">
    <p class='ocr_par' dir='ltr' id='par_1_3' title="bbox 3537 278 3705 338">
     <span class='ocr_line' id='line_1_3' title="bbox 3537 278 3705 338; baseline 0.006 -4"><span class='ocrx_word' id='word_1_5' title='bbox 3537 278 3705 338; x_wconf 69' lang='grc' dir='ltr'>εειοι</span> 
     </span>
    </p>
   </div>
   <div class='ocr_carea' id='block_1_4' title="bbox 440 403 2009 486">
    <p class='ocr_par' dir='ltr' id='par_1_4' title="bbox 440 413 2003 486">
     <span class='ocr_line' id='line_1_4' title="bbox 440 413 2003 486; baseline -0.003 -16"><span class='ocrx_word' id='word_1_6' title='bbox 440 417 591 478; x_wconf 87' lang='lat' dir='ltr'><strong>reni,</strong></span> <span class='ocrx_word' id='word_1_7' title='bbox 626 425 679 468; x_wconf 80' lang='lat' dir='ltr'><strong>et</strong></span> <span class='ocrx_word' id='word_1_8' title='bbox 719 430 878 470; x_wconf 86' lang='lat' dir='ltr'><strong>nemo</strong></span> <span class='ocrx_word' id='word_1_9' title='bbox 922 423 1131 486; x_wconf 81' lang='lat' dir='ltr'><strong>poterat</strong></span> <span class='ocrx_word' id='word_1_10' title='bbox 1171 416 1672 484; x_wconf 89' lang='lat' dir='ltr'><strong>interpretationem</strong></span> <span class='ocrx_word' id='word_1_11' title='bbox 1713 413 2003 481; x_wconf 80' lang='lat' dir='ltr'><strong>scriptura:</strong></span> 
     </span>
    </p>
   </div>
   <div class='ocr_carea' id='block_1_5' title="bbox 2147 403 3704 486">
    <p class='ocr_par' dir='ltr' id='par_1_5' title="bbox 2147 403 3704 476">
     <span class='ocr_line' id='line_1_5' title="bbox 2147 403 3704 476; baseline -0.004 -17"><span class='ocrx_word' id='word_1_12' title='bbox 2147 409 2197 462; x_wconf 73' lang='lat' dir='ltr'><strong>al</strong></span> <span class='ocrx_word' id='word_1_13' title='bbox 2224 408 2546 476; x_wconf 68' lang='grc' dir='ltr'>γαζαρηνοὶ,</span> <span class='ocrx_word' id='word_1_14' title='bbox 2578 407 2672 460; x_wconf 71' lang='grc' dir='ltr'>καὶ</span> <span class='ocrx_word' id='word_1_15' title='bbox 2705 407 2806 460; x_wconf 82' lang='grc' dir='ltr'>οὐκ</span> <span class='ocrx_word' id='word_1_16' title='bbox 2832 405 3060 476; x_wconf 69' lang='grc' dir='ltr'>ἠδύνατο</span> <span class='ocrx_word' id='word_1_17' title='bbox 3091 405 3263 469; x_wconf 73' lang='grc' dir='ltr'>οὐδεὶς</span> <span class='ocrx_word' id='word_1_18' title='bbox 3306 405 3367 457; x_wconf 85' lang='grc' dir='ltr'>τὸ</span> <span class='ocrx_word' id='word_1_19' title='bbox 3401 403 3704 474; x_wconf 73' lang='grc' dir='ltr'><strong>σύγκριμα</strong></span> 
     </span>
    </p>
   </div>
   <div class='ocr_carea' id='block_1_6' title="bbox 439 513 786 556">
    <p class='ocr_par' dir='ltr' id='par_1_6' title="bbox 439 513 786 556">
     <span class='ocr_line' id='line_1_6' title="bbox 439 513 786 556; baseline 0.006 -3"><span class='ocrx_word' id='word_1_20' title='bbox 439 513 786 556; x_wconf 84' lang='lat' dir='ltr'><strong>annunttare.</strong></span> 
     </span>
    </p>
   </div>
   <div class='ocr_carea' id='block_1_7' title="bbox 509 593 2005 666">
    <p class='ocr_par' dir='ltr' id='par_1_7' title="bbox 509 593 2005 666">
     <span class='ocr_line' id='line_1_7' title="bbox 509 593 2005 666; baseline -0.001 -19"><span class='ocrx_word' id='word_1_21' title='bbox 509 594 560 647; x_wconf 86' lang='lat'><strong>9.</strong></span> <span class='ocrx_word' id='word_1_22' title='bbox 593 593 744 646; x_wconf 86' lang='lat' dir='ltr'><strong>Tunc</strong></span> <span class='ocrx_word' id='word_1_23' title='bbox 770 610 858 648; x_wconf 77' lang='lat' dir='ltr'><strong>rex</strong></span> <span class='ocrx_word' id='word_1_24' title='bbox 890 597 1099 648; x_wconf 80' lang='lat' dir='ltr'><strong>vocavit</strong></span> <span class='ocrx_word' id='word_1_25' title='bbox 1129 597 1367 665; x_wconf 79' lang='lat' dir='ltr'><strong>reginam</strong></span> <span class='ocrx_word' id='word_1_26' title='bbox 1392 605 1608 666; x_wconf 79' lang='lat' dir='ltr'><strong>propter</strong></span> <span class='ocrx_word' id='word_1_27' title='bbox 1634 595 1738 648; x_wconf 89' lang='lat' dir='ltr'><strong>hoc</strong></span> <span class='ocrx_word' id='word_1_28' title='bbox 1766 595 2005 665; x_wconf 84' lang='lat' dir='ltr'><strong>signum,</strong></span> 
     </span>
    </p>
   </div>
   <div class='ocr_carea' id='block_1_8' title="bbox 436 686 2008 758">
    <p class='ocr_par' dir='ltr' id='par_1_8' title="bbox 436 686 2008 758">
     <span class='ocr_line' id='line_1_8' title="bbox 436 686 2008 758; baseline 0 -20"><span class='ocrx_word' id='word_1_29' title='bbox 436 694 490 738; x_wconf 89' lang='lat' dir='ltr'><strong>et</strong></span> <span class='ocrx_word' id='word_1_30' title='bbox 531 687 767 740; x_wconf 79' lang='lat' dir='ltr'><strong>ostendit</strong></span> <span class='ocrx_word' id='word_1_31' title='bbox 803 687 881 749; x_wconf 88' lang='lat' dir='ltr'><strong>ei,</strong></span> <span class='ocrx_word' id='word_1_32' title='bbox 919 703 1081 756; x_wconf 88' lang='lat' dir='ltr'><strong>quam</strong></span> <span class='ocrx_word' id='word_1_33' title='bbox 1119 704 1373 758; x_wconf 86' lang='lat' dir='ltr'><strong>magnum</strong></span> <span class='ocrx_word' id='word_1_34' title='bbox 1408 697 1574 750; x_wconf 64' lang='lat' dir='ltr'><strong>essm,</strong></span> <span class='ocrx_word' id='word_1_35' title='bbox 1616 696 1667 741; x_wconf 92' lang='lat' dir='ltr'><strong>et</strong></span> <span class='ocrx_word' id='word_1_36' title='bbox 1700 687 1846 755; x_wconf 85' lang='lat' dir='ltr'><strong>quod</strong></span> <span class='ocrx_word' id='word_1_37' title='bbox 1881 686 2008 739; x_wconf 87' lang='lat' dir='ltr'><strong>nul-</strong></span> 
     </span>
    </p>
   </div>
   <div class='ocr_carea' id='block_1_9' title="bbox 441 777 2007 848">
    <p class='ocr_par' dir='ltr' id='par_1_9' title="bbox 441 777 2007 848">
     <span class='ocr_line' id='line_1_9' title="bbox 441 777 2007 848; baseline 0.004 -21"><span class='ocrx_word' id='word_1_38' title='bbox 441 780 523 827; x_wconf 82' lang='lat' dir='ltr'><strong>lus</strong></span> <span class='ocrx_word' id='word_1_39' title='bbox 569 777 732 830; x_wconf 87' lang='lat' dir='ltr'><strong>homo</strong></span> <span class='ocrx_word' id='word_1_40' title='bbox 780 789 961 848; x_wconf 88' lang='lat' dir='ltr'><strong>posset</strong></span> <span class='ocrx_word' id='word_1_41' title='bbox 989 780 1314 832; x_wconf 87' lang='lat' dir='ltr'><strong>annuntiare</strong></span> <span class='ocrx_word' id='word_1_42' title='bbox 1354 778 1465 847; x_wconf 90' lang='lat' dir='ltr'><strong>regi</strong></span> <span class='ocrx_word' id='word_1_43' title='bbox 1506 778 2007 848; x_wconf 82' lang='lat' dir='ltr'><strong>interpretationem</strong></span> 
     </span>
    </p>
   </div>
   <div class='ocr_carea' id='block_1_10' title="bbox 441 868 744 933">
    <p class='ocr_par' dir='ltr' id='par_1_10' title="bbox 441 868 744 933">
     <span class='ocr_line' id='line_1_10' title="bbox 441 868 744 933; baseline 0.007 -14"><span class='ocrx_word' id='word_1_44' title='bbox 441 868 744 933; x_wconf 58' lang='lat' dir='ltr'><strong>scriptura}.</strong></span> 
     </span>
    </p>
   </div>
   <div class='ocr_carea' id='block_1_11' title="bbox 515 959 2009 1032">
    <p class='ocr_par' dir='ltr' id='par_1_11' title="bbox 515 959 2009 1032">
     <span class='ocr_line' id='line_1_11' title="bbox 515 959 2009 1032; baseline 0.002 -20"><span class='ocrx_word' id='word_1_45' title='bbox 515 960 600 1012; x_wconf 80' lang='lat' dir='ltr'><strong>lt).</strong></span> <span class='ocrx_word' id='word_1_46' title='bbox 645 959 846 1016; x_wconf 82' lang='lat' dir='ltr'><strong>Eodem</strong></span> <span class='ocrx_word' id='word_1_47' title='bbox 899 971 1140 1032; x_wconf 84' lang='lat' dir='ltr'><strong>tempore</strong></span> <span class='ocrx_word' id='word_1_48' title='bbox 1173 963 1355 1032; x_wconf 81' lang='lat' dir='ltr'><strong>regina</strong></span> <span class='ocrx_word' id='word_1_49' title='bbox 1401 960 1728 1016; x_wconf 89' lang='lat' dir='ltr'><strong>mentionem</strong></span> <span class='ocrx_word' id='word_1_50' title='bbox 1771 959 2009 1015; x_wconf 88' lang='lat' dir='ltr'><strong>Danielis</strong></span> 
     </span>
    </p>
   </div>
   <div class='ocr_carea' id='block_1_12' title="bbox 441 1047 1968 1121">
    <p class='ocr_par' dir='ltr' id='par_1_12' title="bbox 441 1047 1968 1121">
     <span class='ocr_line' id='line_1_12' title="bbox 441 1047 1968 1121; baseline 0.001 -20"><span class='ocrx_word' id='word_1_51' title='bbox 441 1049 582 1116; x_wconf 85' lang='lat' dir='ltr'><strong>apud</strong></span> <span class='ocrx_word' id='word_1_52' title='bbox 627 1065 752 1103; x_wconf 90' lang='lat' dir='ltr'><strong>eum</strong></span> <span class='ocrx_word' id='word_1_53' title='bbox 790 1050 948 1111; x_wconf 84' lang='lat' dir='ltr'><strong>fecit,</strong></span> <span class='ocrx_word' id='word_1_54' title='bbox 983 1051 1077 1121; x_wconf 87' lang='lat' dir='ltr'><strong>qui</strong></span> <span class='ocrx_word' id='word_1_55' title='bbox 1112 1060 1229 1104; x_wconf 91' lang='lat' dir='ltr'><strong>erat</strong></span> <span class='ocrx_word' id='word_1_56' title='bbox 1265 1052 1332 1106; x_wconf 89' lang='lat' dir='ltr'><strong>de</strong></span> <span class='ocrx_word' id='word_1_57' title='bbox 1365 1051 1698 1120; x_wconf 88' lang='lat' dir='ltr'><strong>capitivitate</strong></span> <span class='ocrx_word' id='word_1_58' title='bbox 1747 1047 1968 1103; x_wconf 67' lang='lat' dir='ltr'><strong>Judazze.</strong></span> 
     </span>
    </p>
   </div>
   <div class='ocr_carea' id='block_1_13' title="bbox 515 1139 2005 1208">
    <p class='ocr_par' dir='ltr' id='par_1_13' title="bbox 515 1139 2005 1208">
     <span class='ocr_line' id='line_1_13' title="bbox 515 1139 2005 1208; baseline 0.001 -18"><span class='ocrx_word' id='word_1_59' title='bbox 515 1139 598 1192; x_wconf 78' lang='lat' dir='ltr'><strong>ti.</strong></span> <span class='ocrx_word' id='word_1_60' title='bbox 644 1139 706 1192; x_wconf 83' lang='lat' dir='ltr'><strong>Et</strong></span> <span class='ocrx_word' id='word_1_61' title='bbox 733 1141 869 1194; x_wconf 82' lang='lat' dir='ltr'><strong>dixit</strong></span> <span class='ocrx_word' id='word_1_62' title='bbox 912 1143 1019 1208; x_wconf 80' lang='lat' dir='ltr'><strong>regi</strong></span> <span class='ocrx_word' id='word_1_63' title='bbox 1065 1159 1078 1195; x_wconf 88' lang='lat'>:</span> <span class='ocrx_word' id='word_1_64' title='bbox 1111 1141 1285 1195; x_wconf 82' lang='lat' dir='ltr'><strong>llomo</strong></span> <span class='ocrx_word' id='word_1_65' title='bbox 1319 1141 1545 1195; x_wconf 86' lang='lat' dir='ltr'><strong>scientia</strong></span> <span class='ocrx_word' id='word_1_66' title='bbox 1583 1140 1841 1208; x_wconf 70' lang='lat' dir='ltr'><strong>praeditus</strong></span> <span class='ocrx_word' id='word_1_67' title='bbox 1864 1147 2005 1204; x_wconf 87' lang='lat' dir='ltr'><strong>erat,</strong></span> 
     </span>
    </p>
   </div>
   <div class='ocr_carea' id='block_1_14' title="bbox 440 1229 2006 1301">
    <p class='ocr_par' dir='ltr' id='par_1_14' title="bbox 440 1229 2006 1301">
     <span class='ocr_line' id='line_1_14' title="bbox 440 1229 2006 1301; baseline 0.002 -22"><span class='ocrx_word' id='word_1_68' title='bbox 440 1237 495 1280; x_wconf 86' lang='lat' dir='ltr'><strong>et</strong></span> <span class='ocrx_word' id='word_1_69' title='bbox 525 1230 763 1296; x_wconf 83' lang='lat' dir='ltr'><strong>sapiens,</strong></span> <span class='ocrx_word' id='word_1_70' title='bbox 795 1241 848 1284; x_wconf 88' lang='lat' dir='ltr'><strong>et</strong></span> <span class='ocrx_word' id='word_1_71' title='bbox 877 1247 1141 1299; x_wconf 86' lang='lat' dir='ltr'><strong>superans</strong></span> <span class='ocrx_word' id='word_1_72' title='bbox 1168 1247 1360 1285; x_wconf 90' lang='lat' dir='ltr'><strong>omnes</strong></span> <span class='ocrx_word' id='word_1_73' title='bbox 1387 1232 1660 1300; x_wconf 82' lang='lat' dir='ltr'><strong>sapientes</strong></span> <span class='ocrx_word' id='word_1_74' title='bbox 1690 1229 2006 1301; x_wconf 81' lang='lat' dir='ltr'><strong>Babylonis,</strong></span> 
     </span>
    </p>
   </div>
   <div class='ocr_carea' id='block_1_15' title="bbox 441 1317 2009 1390">
    <p class='ocr_par' dir='ltr' id='par_1_15' title="bbox 441 1317 2009 1390">
     <span class='ocr_line' id='line_1_15' title="bbox 441 1317 2009 1390; baseline 0.004 -21"><span class='ocrx_word' id='word_1_75' title='bbox 441 1329 495 1370; x_wconf 82' lang='lat' dir='ltr'><strong>et</strong></span> <span class='ocrx_word' id='word_1_76' title='bbox 521 1317 758 1388; x_wconf 86' lang='lat' dir='ltr'><strong>Spiritus</strong></span> <span class='ocrx_word' id='word_1_77' title='bbox 797 1331 1019 1374; x_wconf 82' lang='lat' dir='ltr'><strong>sanctus</strong></span> <span class='ocrx_word' id='word_1_78' title='bbox 1049 1322 1102 1375; x_wconf 90' lang='lat' dir='ltr'><strong>in</strong></span> <span class='ocrx_word' id='word_1_79' title='bbox 1143 1337 1210 1375; x_wconf 88' lang='lat' dir='ltr'><strong>eo</strong></span> <span class='ocrx_word' id='word_1_80' title='bbox 1253 1332 1337 1377; x_wconf 89' lang='lat' dir='ltr'><strong>est</strong></span> <span class='ocrx_word' id='word_1_81' title='bbox 1375 1341 1388 1376; x_wconf 90' lang='lat'><strong>:</strong></span> <span class='ocrx_word' id='word_1_82' title='bbox 1419 1332 1472 1375; x_wconf 90' lang='lat' dir='ltr'><strong>et</strong></span> <span class='ocrx_word' id='word_1_83' title='bbox 1513 1321 1568 1376; x_wconf 89' lang='lat' dir='ltr'><strong>in</strong></span> <span class='ocrx_word' id='word_1_84' title='bbox 1599 1322 1794 1377; x_wconf 90' lang='lat' dir='ltr'><strong>diebus</strong></span> <span class='ocrx_word' id='word_1_85' title='bbox 1833 1321 2009 1390; x_wconf 83' lang='lat' dir='ltr'><strong>patris</strong></span> 
     </span>
    </p>
   </div>
   <div class='ocr_carea' id='block_1_16' title="bbox 444 1411 2006 1481">
    <p class='ocr_par' dir='ltr' id='par_1_16' title="bbox 444 1411 2006 1481">
     <span class='ocr_line' id='line_1_16' title="bbox 444 1411 2006 1481; baseline 0.004 -21"><span class='ocrx_word' id='word_1_86' title='bbox 444 1411 520 1462; x_wconf 88' lang='lat' dir='ltr'><strong>tui</strong></span> <span class='ocrx_word' id='word_1_87' title='bbox 569 1411 711 1477; x_wconf 85' lang='lat' dir='ltr'><strong>regis</strong></span> <span class='ocrx_word' id='word_1_88' title='bbox 775 1411 1243 1481; x_wconf 87' lang='lat' dir='ltr'><strong>interpretationes</strong></span> <span class='ocrx_word' id='word_1_89' title='bbox 1291 1413 1554 1468; x_wconf 87' lang='lat' dir='ltr'><strong>sublimes</strong></span> <span class='ocrx_word' id='word_1_90' title='bbox 1607 1413 2006 1468; x_wconf 86' lang='lat' dir='ltr'><strong>demonstravit</strong></span> 
     </span>
    </p>
   </div>
   <div class='ocr_carea' id='block_1_17' title="bbox 439 1497 1251 1573">
    <p class='ocr_par' dir='ltr' id='par_1_17' title="bbox 439 1497 1251 1573">
     <span class='ocr_line' id='line_1_17' title="bbox 439 1497 1251 1573; baseline 0.009 -21"><span class='ocrx_word' id='word_1_91' title='bbox 439 1497 940 1558; x_wconf 69' lang='lat' dir='ltr'><strong>Nalmchodonosor</strong></span> <span class='ocrx_word' id='word_1_92' title='bbox 970 1505 1104 1573; x_wconf 88' lang='lat' dir='ltr'><strong>patri</strong></span> <span class='ocrx_word' id='word_1_93' title='bbox 1137 1515 1251 1559; x_wconf 86' lang='lat' dir='ltr'><strong>tuo.</strong></span> 
     </span>
    </p>
   </div>
   <div class='ocr_carea' id='block_1_18' title="bbox 515 1593 2011 1668">
    <p class='ocr_par' dir='ltr' id='par_1_18' title="bbox 515 1593 2011 1668">
     <span class='ocr_line' id='line_1_18' title="bbox 515 1593 2011 1668; baseline 0.004 -22"><span class='ocrx_word' id='word_1_94' title='bbox 515 1594 602 1648; x_wconf 79' lang='grc'><strong>15.</strong></span> <span class='ocrx_word' id='word_1_95' title='bbox 640 1593 790 1649; x_wconf 90' lang='lat' dir='ltr'><strong>Tunc</strong></span> <span class='ocrx_word' id='word_1_96' title='bbox 835 1595 1018 1648; x_wconf 82' lang='lat' dir='ltr'><strong>Daniel</strong></span> <span class='ocrx_word' id='word_1_97' title='bbox 1060 1596 1404 1651; x_wconf 89' lang='lat' dir='ltr'><strong>introductus</strong></span> <span class='ocrx_word' id='word_1_98' title='bbox 1447 1605 1530 1651; x_wconf 91' lang='lat' dir='ltr'><strong>est</strong></span> <span class='ocrx_word' id='word_1_99' title='bbox 1568 1596 1634 1651; x_wconf 89' lang='lat' dir='ltr'><strong>ad</strong></span> <span class='ocrx_word' id='word_1_100' title='bbox 1682 1611 1903 1668; x_wconf 82' lang='lat' dir='ltr'><strong>regem,</strong></span> <span class='ocrx_word' id='word_1_101' title='bbox 1955 1605 2011 1652; x_wconf 90' lang='lat' dir='ltr'><strong>et</strong></span> 
     </span>
    </p>
   </div>
   <div class='ocr_carea' id='block_1_19' title="bbox 441 1689 1193 1758">
    <p class='ocr_par' dir='ltr' id='par_1_19' title="bbox 441 1689 1193 1758">
     <span class='ocr_line' id='line_1_19' title="bbox 441 1689 1193 1758; baseline -0.001 -16"><span class='ocrx_word' id='word_1_102' title='bbox 441 1690 778 1758; x_wconf 79' lang='lat' dir='ltr'><strong>respondens</strong></span> <span class='ocrx_word' id='word_1_103' title='bbox 812 1706 904 1743; x_wconf 83' lang='lat' dir='ltr'><strong>rex</strong></span> <span class='ocrx_word' id='word_1_104' title='bbox 933 1689 1071 1742; x_wconf 90' lang='lat' dir='ltr'><strong>dixit</strong></span> <span class='ocrx_word' id='word_1_105' title='bbox 1098 1690 1146 1743; x_wconf 88' lang='lat' dir='ltr'><strong>ei</strong></span> <span class='ocrx_word' id='word_1_106' title='bbox 1179 1708 1193 1741; x_wconf 92' lang='lat'><strong>:</strong></span> 
     </span>
    </p>
   </div>
   <div class='ocr_carea' id='block_1_20' title="bbox 2108 499 2825 570">
    <p class='ocr_par' dir='ltr' id='par_1_20' title="bbox 2108 499 2825 570">
     <span class='ocr_line' id='line_1_20' title="bbox 2108 499 2825 570; baseline 0 -18"><span class='ocrx_word' id='word_1_107' title='bbox 2108 501 2208 569; x_wconf 76' lang='grc' dir='ltr'><strong>τῆς</strong></span> <span class='ocrx_word' id='word_1_108' title='bbox 2241 502 2455 570; x_wconf 77' lang='grc' dir='ltr'>γραφῆς</span> <span class='ocrx_word' id='word_1_109' title='bbox 2475 499 2825 567; x_wconf 82' lang='grc' dir='ltr'>ἀπαγγεῖλαι.</span> 
     </span>
    </p>
   </div>
   <div class='ocr_carea' id='block_1_21' title="bbox 2180 587 3702 661">
    <p class='ocr_par' dir='ltr' id='par_1_21' title="bbox 2180 587 3702 661">
     <span class='ocr_line' id='line_1_21' title="bbox 2180 587 3702 661; baseline -0.006 -14"><span class='ocrx_word' id='word_1_110' title='bbox 2180 594 2232 647; x_wconf 89' lang='lat'><strong>9.</strong></span> <span class='ocrx_word' id='word_1_111' title='bbox 2269 593 2403 646; x_wconf 87' lang='grc' dir='ltr'><strong>Τότε</strong></span> <span class='ocrx_word' id='word_1_112' title='bbox 2452 595 2480 645; x_wconf 91' lang='grc' dir='ltr'>ό</span> <span class='ocrx_word' id='word_1_113' title='bbox 2515 591 2766 661; x_wconf 78' lang='grc' dir='ltr'>βασιλεὺς</span> <span class='ocrx_word' id='word_1_114' title='bbox 2805 589 3031 643; x_wconf 84' lang='grc' dir='ltr'>ἐκάλεσε</span> <span class='ocrx_word' id='word_1_115' title='bbox 3063 588 3161 660; x_wconf 78' lang='grc' dir='ltr'><strong>τὴν</strong></span> <span class='ocrx_word' id='word_1_116' title='bbox 3207 589 3520 660; x_wconf 70' lang='grc' dir='ltr'><strong>βασίλισσαν</strong></span> <span class='ocrx_word' id='word_1_117' title='bbox 3552 587 3702 656; x_wconf 71' lang='grc' dir='ltr'>περὶ</span> 
     </span>
    </p>
   </div>
   <div class='ocr_carea' id='block_1_22' title="bbox 2107 676 3700 755">
    <p class='ocr_par' dir='ltr' id='par_1_22' title="bbox 2107 676 3700 755">
     <span class='ocr_line' id='line_1_22' title="bbox 2107 676 3700 755; baseline -0.006 -17"><span class='ocrx_word' id='word_1_118' title='bbox 2107 687 2298 738; x_wconf 75' lang='grc' dir='ltr'>τούτου</span> <span class='ocrx_word' id='word_1_119' title='bbox 2322 684 2570 755; x_wconf 85' lang='grc' dir='ltr'>σημείου.</span> <span class='ocrx_word' id='word_1_120' title='bbox 2607 684 2700 736; x_wconf 81' lang='grc' dir='ltr'>καὶ</span> <span class='ocrx_word' id='word_1_121' title='bbox 2728 683 3004 747; x_wconf 84' lang='grc' dir='ltr'>ὑπέδειξεν</span> <span class='ocrx_word' id='word_1_122' title='bbox 3037 682 3207 752; x_wconf 80' lang='grc' dir='ltr'>αὐτῇ,</span> <span class='ocrx_word' id='word_1_123' title='bbox 3243 681 3318 742; x_wconf 86' lang='grc' dir='ltr'>ὠς</span> <span class='ocrx_word' id='word_1_124' title='bbox 3353 679 3499 747; x_wconf 86' lang='grc' dir='ltr'>μέγα</span> <span class='ocrx_word' id='word_1_125' title='bbox 3539 676 3700 740; x_wconf 74' lang='grc' dir='ltr'>ἐστὶ,</span> 
     </span>
    </p>
   </div>
   <div class='ocr_carea' id='block_1_23' title="bbox 2110 770 3702 845">
    <p class='ocr_par' dir='ltr' id='par_1_23' title="bbox 2110 770 3702 845">
     <span class='ocr_line' id='line_1_23' title="bbox 2110 770 3702 845; baseline -0.006 -15"><span class='ocrx_word' id='word_1_126' title='bbox 2110 778 2204 830; x_wconf 71' lang='grc' dir='ltr'>καὶ</span> <span class='ocrx_word' id='word_1_127' title='bbox 2233 778 2314 829; x_wconf 88' lang='grc' dir='ltr'><strong>δτι</strong></span> <span class='ocrx_word' id='word_1_128' title='bbox 2340 778 2447 838; x_wconf 79' lang='grc' dir='ltr'>πᾶς</span> <span class='ocrx_word' id='word_1_129' title='bbox 2473 776 2756 845; x_wconf 79' lang='grc' dir='ltr'>ἄνθρωπος</span> <span class='ocrx_word' id='word_1_130' title='bbox 2788 774 2847 827; x_wconf 83' lang='grc' dir='ltr'>οὐ</span> <span class='ocrx_word' id='word_1_131' title='bbox 2875 775 3096 827; x_wconf 78' lang='grc' dir='ltr'>δύναται</span> <span class='ocrx_word' id='word_1_132' title='bbox 3123 772 3456 840; x_wconf 81' lang='grc' dir='ltr'>ἀπαγγεῖλαι</span> <span class='ocrx_word' id='word_1_133' title='bbox 3485 771 3565 840; x_wconf 81' lang='grc' dir='ltr'>τῷ</span> <span class='ocrx_word' id='word_1_134' title='bbox 3587 770 3702 839; x_wconf 65' lang='grc' dir='ltr'>βαι</span> 
     </span>
    </p>
   </div>
   <div class='ocr_carea' id='block_1_24' title="bbox 2113 865 3035 938">
    <p class='ocr_par' dir='ltr' id='par_1_24' title="bbox 2113 865 3035 938">
     <span class='ocr_line' id='line_1_24' title="bbox 2113 865 3035 938; baseline -0.002 -17"><span class='ocrx_word' id='word_1_135' title='bbox 2113 869 2249 921; x_wconf 80' lang='grc' dir='ltr'>σιλεῖ</span> <span class='ocrx_word' id='word_1_136' title='bbox 2278 868 2338 920; x_wconf 85' lang='grc' dir='ltr'><strong>τὸ</strong></span> <span class='ocrx_word' id='word_1_137' title='bbox 2366 868 2646 938; x_wconf 82' lang='grc' dir='ltr'><strong>σύγκριμα</strong></span> <span class='ocrx_word' id='word_1_138' title='bbox 2672 866 2768 936; x_wconf 82' lang='grc' dir='ltr'><strong>τῆς</strong></span> <span class='ocrx_word' id='word_1_139' title='bbox 2797 865 3035 938; x_wconf 79' lang='grc' dir='ltr'><strong>γραφῆς.</strong></span> 
     </span>
    </p>
   </div>
   <div class='ocr_carea' id='block_1_25' title="bbox 2182 957 3701 1030">
    <p class='ocr_par' dir='ltr' id='par_1_25' title="bbox 2182 957 3701 1030">
     <span class='ocr_line' id='line_1_25' title="bbox 2182 957 3701 1030; baseline -0.001 -18"><span class='ocrx_word' id='word_1_140' title='bbox 2182 960 2270 1013; x_wconf 77' lang='grc'><strong>10.</strong></span> <span class='ocrx_word' id='word_1_141' title='bbox 2305 958 2437 1012; x_wconf 85' lang='grc' dir='ltr'><strong>Τότε</strong></span> <span class='ocrx_word' id='word_1_142' title='bbox 2481 959 2825 1030; x_wconf 87' lang='grc' dir='ltr'>ήβασίλισσα</span> <span class='ocrx_word' id='word_1_143' title='bbox 2873 957 3119 1030; x_wconf 76' lang='grc' dir='ltr'><strong>ἐμνήσθη</strong></span> <span class='ocrx_word' id='word_1_144' title='bbox 3174 959 3311 1030; x_wconf 78' lang='grc' dir='ltr'>πρὸς</span> <span class='ocrx_word' id='word_1_145' title='bbox 3355 960 3522 1013; x_wconf 75' lang='grc' dir='ltr'>αὑτὸν</span> <span class='ocrx_word' id='word_1_146' title='bbox 3553 959 3701 1028; x_wconf 81' lang='grc' dir='ltr'>περὶ</span> 
     </span>
    </p>
   </div>
   <div class='ocr_carea' id='block_1_26' title="bbox 2109 1046 3697 1122">
    <p class='ocr_par' dir='ltr' id='par_1_26' title="bbox 2109 1046 3697 1122">
     <span class='ocr_line' id='line_1_26' title="bbox 2109 1046 3697 1122; baseline -0.001 -18"><span class='ocrx_word' id='word_1_147' title='bbox 2109 1051 2202 1104; x_wconf 88' lang='grc' dir='ltr'><strong>τοῦ</strong></span> <span class='ocrx_word' id='word_1_148' title='bbox 2233 1052 2447 1121; x_wconf 79' lang='grc' dir='ltr'><strong>Δανιὴλ,</strong></span> <span class='ocrx_word' id='word_1_149' title='bbox 2475 1051 2535 1114; x_wconf 86' lang='grc' dir='ltr'>ὃς</span> <span class='ocrx_word' id='word_1_150' title='bbox 2561 1046 2629 1122; x_wconf 83' lang='grc' dir='ltr'>ἦν</span> <span class='ocrx_word' id='word_1_151' title='bbox 2659 1051 2722 1102; x_wconf 83' lang='grc' dir='ltr'><strong>ἐκ</strong></span> <span class='ocrx_word' id='word_1_152' title='bbox 2743 1051 2842 1117; x_wconf 87' lang='grc' dir='ltr'><strong>τῆς</strong></span> <span class='ocrx_word' id='word_1_153' title='bbox 2863 1049 3234 1120; x_wconf 73' lang='grc' dir='ltr'>αἰχμαλωσίας</span> <span class='ocrx_word' id='word_1_154' title='bbox 3259 1050 3358 1120; x_wconf 88' lang='grc' dir='ltr'><strong>τῆς</strong></span> <span class='ocrx_word' id='word_1_155' title='bbox 3393 1051 3697 1114; x_wconf 78' lang='grc' dir='ltr'>Ἰουδαίας.</span> 
     </span>
    </p>
   </div>
   <div class='ocr_carea' id='block_1_27' title="bbox 2181 1139 3704 1213">
    <p class='ocr_par' dir='ltr' id='par_1_27' title="bbox 2181 1139 3704 1213">
     <span class='ocr_line' id='line_1_27' title="bbox 2181 1139 3704 1213; baseline -0.002 -16"><span class='ocrx_word' id='word_1_156' title='bbox 2181 1145 2269 1197; x_wconf 79' lang='grc' dir='ltr'><strong>Η.</strong></span> <span class='ocrx_word' id='word_1_157' title='bbox 2311 1145 2419 1196; x_wconf 79' lang='grc' dir='ltr'><strong>Καὶ</strong></span> <span class='ocrx_word' id='word_1_158' title='bbox 2444 1139 2564 1196; x_wconf 81' lang='grc' dir='ltr'>εἷπε</span> <span class='ocrx_word' id='word_1_159' title='bbox 2582 1141 2664 1213; x_wconf 88' lang='grc' dir='ltr'>τῷ</span> <span class='ocrx_word' id='word_1_160' title='bbox 2709 1141 2948 1212; x_wconf 71' lang='grc' dir='ltr'>βασιλεῖ’</span> <span class='ocrx_word' id='word_1_161' title='bbox 2969 1143 3026 1195; x_wconf 90' lang='grc' dir='ltr'>Ὀ</span> <span class='ocrx_word' id='word_1_162' title='bbox 3049 1143 3333 1212; x_wconf 81' lang='grc' dir='ltr'>ἄνθρωπος</span> <span class='ocrx_word' id='word_1_163' title='bbox 3362 1145 3704 1213; x_wconf 81' lang='grc' dir='ltr'>ἐπιστήμων</span> 
     </span>
    </p>
   </div>
   <div class='ocr_carea' id='block_1_28' title="bbox 2109 1229 3703 1306">
    <p class='ocr_par' dir='ltr' id='par_1_28' title="bbox 2109 1229 3703 1306">
     <span class='ocr_line' id='line_1_28' title="bbox 2109 1229 3703 1306; baseline 0 -20"><span class='ocrx_word' id='word_1_164' title='bbox 2109 1229 2179 1306; x_wconf 86' lang='grc' dir='ltr'><strong>ῆν</strong></span> <span class='ocrx_word' id='word_1_165' title='bbox 2206 1236 2296 1287; x_wconf 77' lang='lat' dir='ltr'><strong>xa‘.</strong></span> <span class='ocrx_word' id='word_1_166' title='bbox 2320 1235 2500 1304; x_wconf 75' lang='grc' dir='ltr'>σοφὸς,</span> <span class='ocrx_word' id='word_1_167' title='bbox 2531 1234 2623 1288; x_wconf 76' lang='grc' dir='ltr'>καὶ</span> <span class='ocrx_word' id='word_1_168' title='bbox 2655 1234 2937 1304; x_wconf 75' lang='grc' dir='ltr'><strong>ὑπερέχων</strong></span> <span class='ocrx_word' id='word_1_169' title='bbox 2966 1235 3171 1296; x_wconf 83' lang='grc' dir='ltr'><strong>πάντας</strong></span> <span class='ocrx_word' id='word_1_170' title='bbox 3203 1236 3329 1298; x_wconf 82' lang='grc' dir='ltr'>τοὺς</span> <span class='ocrx_word' id='word_1_171' title='bbox 3361 1236 3561 1304; x_wconf 78' lang='grc' dir='ltr'>σοφοὺς</span> <span class='ocrx_word' id='word_1_172' title='bbox 3584 1235 3703 1286; x_wconf 82' lang='grc' dir='ltr'><strong>Βα-</strong></span> 
     </span>
    </p>
   </div>
   <div class='ocr_carea' id='block_1_29' title="bbox 2111 1325 3704 1395">
    <p class='ocr_par' dir='ltr' id='par_1_29' title="bbox 2111 1325 3704 1395">
     <span class='ocr_line' id='line_1_29' title="bbox 2111 1325 3704 1395; baseline 0 -18"><span class='ocrx_word' id='word_1_173' title='bbox 2111 1325 2370 1388; x_wconf 77' lang='grc' dir='ltr'>ϐυλῶνος,</span> <span class='ocrx_word' id='word_1_174' title='bbox 2403 1326 2494 1378; x_wconf 72' lang='grc' dir='ltr'>καὶ</span> <span class='ocrx_word' id='word_1_175' title='bbox 2517 1325 2741 1395; x_wconf 79' lang='grc' dir='ltr'>Πνεῦμα</span> <span class='ocrx_word' id='word_1_176' title='bbox 2761 1325 2913 1393; x_wconf 76' lang='grc' dir='ltr'>ἅγιον</span> <span class='ocrx_word' id='word_1_177' title='bbox 2940 1326 2999 1378; x_wconf 90' lang='grc' dir='ltr'><strong>ἐν</strong></span> <span class='ocrx_word' id='word_1_178' title='bbox 3025 1325 3170 1395; x_wconf 79' lang='grc' dir='ltr'>αὐτῷ</span> <span class='ocrx_word' id='word_1_179' title='bbox 3198 1326 3330 1390; x_wconf 88' lang='grc' dir='ltr'>ἐστι,</span> <span class='ocrx_word' id='word_1_180' title='bbox 3364 1326 3463 1379; x_wconf 74' lang='grc' dir='ltr'>καὶ</span> <span class='ocrx_word' id='word_1_181' title='bbox 3486 1326 3546 1377; x_wconf 89' lang='grc' dir='ltr'><strong>ἐν</strong></span> <span class='ocrx_word' id='word_1_182' title='bbox 3567 1327 3704 1386; x_wconf 81' lang='grc' dir='ltr'>ταῖς</span> 
     </span>
    </p>
   </div>
   <div class='ocr_carea' id='block_1_30' title="bbox 2112 1417 3702 1488">
    <p class='ocr_par' dir='ltr' id='par_1_30' title="bbox 2112 1417 3702 1488">
     <span class='ocr_line' id='line_1_30' title="bbox 2112 1417 3702 1488; baseline 0.002 -20"><span class='ocrx_word' id='word_1_183' title='bbox 2112 1417 2347 1488; x_wconf 77' lang='grc' dir='ltr'>ἡμέραις</span> <span class='ocrx_word' id='word_1_184' title='bbox 2383 1417 2476 1470; x_wconf 90' lang='grc' dir='ltr'><strong>τοῦ</strong></span> <span class='ocrx_word' id='word_1_185' title='bbox 2523 1418 2728 1488; x_wconf 87' lang='grc' dir='ltr'>πατρός</span> <span class='ocrx_word' id='word_1_186' title='bbox 2769 1435 2860 1470; x_wconf 89' lang='grc' dir='ltr'><strong>σου</strong></span> <span class='ocrx_word' id='word_1_187' title='bbox 2895 1418 2988 1470; x_wconf 86' lang='grc' dir='ltr'><strong>τοῦ</strong></span> <span class='ocrx_word' id='word_1_188' title='bbox 3030 1418 3290 1487; x_wconf 87' lang='grc' dir='ltr'>βασιλέως</span> <span class='ocrx_word' id='word_1_189' title='bbox 3336 1418 3702 1488; x_wconf 72' lang='grc' dir='ltr'>συγκρίματα</span> 
     </span>
    </p>
   </div>
   <div class='ocr_carea' id='block_1_31' title="bbox 2113 1506 3612 1579">
    <p class='ocr_par' dir='ltr' id='par_1_31' title="bbox 2113 1506 3612 1579">
     <span class='ocr_line' id='line_1_31' title="bbox 2113 1506 3612 1579; baseline 0.003 -22"><span class='ocrx_word' id='word_1_190' title='bbox 2113 1506 2391 1575; x_wconf 78' lang='grc' dir='ltr'>ὑπέρογκα</span> <span class='ocrx_word' id='word_1_191' title='bbox 2423 1507 2667 1572; x_wconf 75' lang='grc' dir='ltr'><strong>ὑπέδειξε</strong></span> <span class='ocrx_word' id='word_1_192' title='bbox 2692 1507 3160 1579; x_wconf 81' lang='grc' dir='ltr'>Ναὸουχοδονόσορ</span> <span class='ocrx_word' id='word_1_193' title='bbox 3187 1507 3265 1577; x_wconf 81' lang='grc' dir='ltr'><strong>τῷ</strong></span> <span class='ocrx_word' id='word_1_194' title='bbox 3295 1509 3466 1578; x_wconf 86' lang='grc' dir='ltr'>πατρί</span> <span class='ocrx_word' id='word_1_195' title='bbox 3494 1525 3612 1562; x_wconf 92' lang='grc' dir='ltr'>σου.</span> 
     </span>
    </p>
   </div>
   <div class='ocr_carea' id='block_1_32' title="bbox 2183 1599 3702 1670">
    <p class='ocr_par' dir='ltr' id='par_1_32' title="bbox 2183 1599 3702 1670">
     <span class='ocr_line' id='line_1_32' title="bbox 2183 1599 3702 1670; baseline 0 -20"><span class='ocrx_word' id='word_1_196' title='bbox 2183 1599 2268 1653; x_wconf 76' lang='grc'><strong>15.</strong></span> <span class='ocrx_word' id='word_1_197' title='bbox 2303 1599 2436 1652; x_wconf 82' lang='grc' dir='ltr'><strong>Τότε</strong></span> <span class='ocrx_word' id='word_1_198' title='bbox 2464 1600 2663 1670; x_wconf 84' lang='grc' dir='ltr'>Δανιὴλ</span> <span class='ocrx_word' id='word_1_199' title='bbox 2714 1599 2942 1670; x_wconf 81' lang='grc' dir='ltr'>εἰσήχθη</span> <span class='ocrx_word' id='word_1_200' title='bbox 2993 1601 3128 1670; x_wconf 78' lang='grc' dir='ltr'>πρὸς</span> <span class='ocrx_word' id='word_1_201' title='bbox 3166 1600 3258 1653; x_wconf 76' lang='grc' dir='ltr'><strong>τὸν</strong></span> <span class='ocrx_word' id='word_1_202' title='bbox 3290 1599 3538 1670; x_wconf 87' lang='grc' dir='ltr'>βασιλέα⁶</span> <span class='ocrx_word' id='word_1_203' title='bbox 3593 1600 3702 1652; x_wconf 74' lang='grc' dir='ltr'>καὶ</span> 
     </span>
    </p>
   </div>
   <div class='ocr_carea' id='block_1_33' title="bbox 2113 1687 3154 1762">
    <p class='ocr_par' dir='ltr' id='par_1_33' title="bbox 2113 1687 3154 1762">
     <span class='ocr_line' id='line_1_33' title="bbox 2113 1687 3154 1762; baseline 0 -19"><span class='ocrx_word' id='word_1_204' title='bbox 2113 1689 2431 1762; x_wconf 73' lang='grc' dir='ltr'><strong>ἀποκριθεὶς</strong></span> <span class='ocrx_word' id='word_1_205' title='bbox 2465 1693 2492 1743; x_wconf 85' lang='grc' dir='ltr'>ό</span> <span class='ocrx_word' id='word_1_206' title='bbox 2533 1690 2781 1758; x_wconf 77' lang='grc' dir='ltr'>βασιλεὺς</span> <span class='ocrx_word' id='word_1_207' title='bbox 2813 1687 2964 1745; x_wconf 85' lang='grc' dir='ltr'>εἶπεν</span> <span class='ocrx_word' id='word_1_208' title='bbox 2988 1691 3154 1761; x_wconf 77' lang='grc' dir='ltr'>αὐτῷ·</span> 
     </span>
    </p>
   </div>
   <div class='ocr_carea' id='block_1_34' title="bbox 514 1763 2009 1854">
    <p class='ocr_par' dir='ltr' id='par_1_34' title="bbox 514 1779 2009 1851">
     <span class='ocr_line' id='line_1_34' title="bbox 514 1779 2009 1851; baseline -0.002 -16"><span class='ocrx_word' id='word_1_209' title='bbox 514 1782 598 1835; x_wconf 73' lang='grc'><strong>14.</strong></span> <span class='ocrx_word' id='word_1_210' title='bbox 631 1782 673 1835; x_wconf 88' lang='lat'>0</span> <span class='ocrx_word' id='word_1_211' title='bbox 693 1781 894 1844; x_wconf 90' lang='lat' dir='ltr'><strong>Daniel,</strong></span> <span class='ocrx_word' id='word_1_212' title='bbox 927 1792 1076 1851; x_wconf 88' lang='lat' dir='ltr'><strong>potes</strong></span> <span class='ocrx_word' id='word_1_213' title='bbox 1107 1781 1344 1835; x_wconf 89' lang='lat' dir='ltr'><strong>indicare</strong></span> <span class='ocrx_word' id='word_1_214' title='bbox 1359 1780 1490 1834; x_wconf 89' lang='lat' dir='ltr'><strong>mihi</strong></span> <span class='ocrx_word' id='word_1_215' title='bbox 1511 1779 2009 1849; x_wconf 82' lang='lat' dir='ltr'><strong>interpretationem</strong></span> 
     </span>
    </p>
   </div>
   <div class='ocr_carea' id='block_1_35' title="bbox 2147 1763 3699 1854">
    <p class='ocr_par' dir='ltr' id='par_1_35' title="bbox 2188 1775 3699 1854">
     <span class='ocr_line' id='line_1_35' title="bbox 2188 1775 3699 1854; baseline -0.001 -22"><span class='ocrx_word' id='word_1_216' title='bbox 2188 1779 2274 1835; x_wconf 74' lang='lat' dir='ltr'><strong>M.</strong></span> <span class='ocrx_word' id='word_1_217' title='bbox 2305 1775 2375 1832; x_wconf 77' lang='grc' dir='ltr'><strong><em>Ὅ</em></strong></span> <span class='ocrx_word' id='word_1_218' title='bbox 2427 1780 2645 1852; x_wconf 78' lang='grc' dir='ltr'>Δανιὴλ,</span> <span class='ocrx_word' id='word_1_219' title='bbox 2677 1780 2808 1854; x_wconf 74' lang='grc' dir='ltr'>δύνῃ</span> <span class='ocrx_word' id='word_1_220' title='bbox 2857 1799 2945 1852; x_wconf 88' lang='grc' dir='ltr'><strong>μοι</strong></span> <span class='ocrx_word' id='word_1_221' title='bbox 2996 1781 3269 1846; x_wconf 83' lang='grc' dir='ltr'>ὑποδεῖξαι</span> <span class='ocrx_word' id='word_1_222' title='bbox 3309 1779 3369 1835; x_wconf 83' lang='grc' dir='ltr'><strong>τὸ</strong></span> <span class='ocrx_word' id='word_1_223' title='bbox 3402 1778 3699 1851; x_wconf 79' lang='grc' dir='ltr'>σύγκριμα</span> 
     </span>
    </p>
   </div>
   <div class='ocr_carea' id='block_1_36' title="bbox 439 1874 765 1942">
    <p class='ocr_par' dir='ltr' id='par_1_36' title="bbox 439 1874 765 1942">
     <span class='ocr_line' id='line_1_36' title="bbox 439 1874 765 1942; baseline -0.009 -13"><span class='ocrx_word' id='word_1_224' title='bbox 439 1874 765 1942; x_wconf 65' lang='lat' dir='ltr'><strong>scriptum?</strong></span> 
     </span>
    </p>
   </div>
   <div class='ocr_carea' id='block_1_37' title="bbox 513 1964 2013 2034">
    <p class='ocr_par' dir='ltr' id='par_1_37' title="bbox 513 1964 2013 2034">
     <span class='ocr_line' id='line_1_37' title="bbox 513 1964 2013 2034; baseline -0.003 -14"><span class='ocrx_word' id='word_1_225' title='bbox 513 1966 597 2020; x_wconf 82' lang='grc'><strong>16.</strong></span> <span class='ocrx_word' id='word_1_226' title='bbox 633 1965 694 2019; x_wconf 79' lang='lat' dir='ltr'><strong>Et</strong></span> <span class='ocrx_word' id='word_1_227' title='bbox 730 1965 954 2019; x_wconf 80' lang='lat' dir='ltr'><strong>vestiam</strong></span> <span class='ocrx_word' id='word_1_228' title='bbox 997 1975 1048 2018; x_wconf 89' lang='lat' dir='ltr'><strong>te</strong></span> <span class='ocrx_word' id='word_1_229' title='bbox 1083 1979 1344 2034; x_wconf 86' lang='lat' dir='ltr'><strong>purpura,</strong></span> <span class='ocrx_word' id='word_1_230' title='bbox 1382 1973 1436 2018; x_wconf 92' lang='lat' dir='ltr'><strong>et</strong></span> <span class='ocrx_word' id='word_1_231' title='bbox 1470 1973 1665 2033; x_wconf 81' lang='lat' dir='ltr'><strong>torque</strong></span> <span class='ocrx_word' id='word_1_232' title='bbox 1700 1978 1872 2018; x_wconf 92' lang='lat' dir='ltr'><strong>aureo</strong></span> <span class='ocrx_word' id='word_1_233' title='bbox 1903 1964 2013 2017; x_wconf 84' lang='lat' dir='ltr'><strong>eir-</strong></span> 
     </span>
    </p>
   </div>
   <div class='ocr_carea' id='block_1_38' title="bbox 439 2054 2012 2128">
    <p class='ocr_par' dir='ltr' id='par_1_38' title="bbox 439 2054 2012 2128">
     <span class='ocr_line' id='line_1_38' title="bbox 439 2054 2012 2128; baseline -0.003 -14"><span class='ocrx_word' id='word_1_234' title='bbox 439 2061 709 2114; x_wconf 85' lang='lat' dir='ltr'><strong>cunnlabo</strong></span> <span class='ocrx_word' id='word_1_235' title='bbox 759 2069 847 2125; x_wconf 89' lang='lat' dir='ltr'><strong>te,</strong></span> <span class='ocrx_word' id='word_1_236' title='bbox 889 2069 942 2112; x_wconf 90' lang='lat' dir='ltr'><strong>et</strong></span> <span class='ocrx_word' id='word_1_237' title='bbox 984 2058 1209 2113; x_wconf 84' lang='lat' dir='ltr'><strong>habebis</strong></span> <span class='ocrx_word' id='word_1_238' title='bbox 1249 2066 1571 2128; x_wconf 86' lang='lat' dir='ltr'><strong>potestatem</strong></span> <span class='ocrx_word' id='word_1_239' title='bbox 1623 2056 1800 2111; x_wconf 62' lang='lat' dir='ltr'><strong>tertiae</strong></span> <span class='ocrx_word' id='word_1_240' title='bbox 1837 2054 2012 2128; x_wconf 87' lang='lat' dir='ltr'><strong>partis</strong></span> 
     </span>
    </p>
   </div>
   <div class='ocr_carea' id='block_1_39' title="bbox 440 2149 742 2216">
    <p class='ocr_par' dir='ltr' id='par_1_39' title="bbox 440 2149 742 2216">
     <span class='ocr_line' id='line_1_39' title="bbox 440 2149 742 2216; baseline -0.007 -12"><span class='ocrx_word' id='word_1_241' title='bbox 440 2151 589 2216; x_wconf 78' lang='lat' dir='ltr'><strong>regni</strong></span> <span class='ocrx_word' id='word_1_242' title='bbox 617 2149 742 2202; x_wconf 89' lang='lat' dir='ltr'><strong>mei.</strong></span> 
     </span>
    </p>
   </div>
   <div class='ocr_carea' id='block_1_40' title="bbox 512 2235 2012 2306">
    <p class='ocr_par' dir='ltr' id='par_1_40' title="bbox 512 2235 2012 2306">
     <span class='ocr_line' id='line_1_40' title="bbox 512 2235 2012 2306; baseline -0.001 -15"><span class='ocrx_word' id='word_1_243' title='bbox 512 2238 599 2294; x_wconf 83' lang='lat' dir='ltr'><strong>l7.</strong></span> <span class='ocrx_word' id='word_1_244' title='bbox 636 2237 790 2292; x_wconf 86' lang='lat' dir='ltr'><strong>Tunc</strong></span> <span class='ocrx_word' id='word_1_245' title='bbox 837 2237 1023 2292; x_wconf 82' lang='lat' dir='ltr'><strong>Daniel</strong></span> <span class='ocrx_word' id='word_1_246' title='bbox 1071 2238 1219 2292; x_wconf 91' lang='lat' dir='ltr'><strong>stetit</strong></span> <span class='ocrx_word' id='word_1_247' title='bbox 1263 2253 1294 2291; x_wconf 89' lang='lat' dir='ltr'><strong>e</strong></span> <span class='ocrx_word' id='word_1_248' title='bbox 1337 2237 1560 2306; x_wconf 81' lang='lat' dir='ltr'><strong>regione</strong></span> <span class='ocrx_word' id='word_1_249' title='bbox 1605 2235 1928 2304; x_wconf 63' lang='lat' dir='ltr'><strong>scripturae,</strong></span> <span class='ocrx_word' id='word_1_250' title='bbox 1958 2245 2012 2289; x_wconf 93' lang='lat' dir='ltr'><strong>et</strong></span> 
     </span>
    </p>
   </div>
   <div class='ocr_carea' id='block_1_41' title="bbox 439 2328 2008 2398">
    <p class='ocr_par' dir='ltr' id='par_1_41' title="bbox 439 2328 2008 2398">
     <span class='ocr_line' id='line_1_41' title="bbox 439 2328 2008 2398; baseline 0 -16"><span class='ocrx_word' id='word_1_251' title='bbox 439 2328 589 2398; x_wconf 83' lang='lat' dir='ltr'><strong>legit,</strong></span> <span class='ocrx_word' id='word_1_252' title='bbox 627 2340 680 2382; x_wconf 92' lang='lat' dir='ltr'><strong>et</strong></span> <span class='ocrx_word' id='word_1_253' title='bbox 721 2331 800 2383; x_wconf 89' lang='lat' dir='ltr'><strong>sic</strong></span> <span class='ocrx_word' id='word_1_254' title='bbox 849 2329 1128 2398; x_wconf 85' lang='lat' dir='ltr'><strong>respondit</strong></span> <span class='ocrx_word' id='word_1_255' title='bbox 1167 2329 1278 2397; x_wconf 82' lang='lat' dir='ltr'><strong>regi</strong></span> <span class='ocrx_word' id='word_1_256' title='bbox 1318 2347 1330 2382; x_wconf 91' lang='lat'><strong>:</strong></span> <span class='ocrx_word' id='word_1_257' title='bbox 1383 2328 1509 2383; x_wconf 71' lang='lat' dir='ltr'><strong>Haec</strong></span> <span class='ocrx_word' id='word_1_258' title='bbox 1552 2339 1636 2383; x_wconf 89' lang='lat' dir='ltr'><strong>est</strong></span> <span class='ocrx_word' id='word_1_259' title='bbox 1684 2328 1955 2398; x_wconf 83' lang='lat' dir='ltr'><strong>scriptura</strong></span> <span class='ocrx_word' id='word_1_260' title='bbox 1993 2344 2008 2382; x_wconf 89' lang='lat'><strong>:</strong></span> 
     </span>
    </p>
   </div>
   <div class='ocr_carea' id='block_1_42' title="bbox 440 2421 2014 2491">
    <p class='ocr_par' dir='ltr' id='par_1_42' title="bbox 440 2421 2014 2491">
     <span class='ocr_line' id='line_1_42' title="bbox 440 2421 2014 2491; baseline -0.003 -15"><span class='ocrx_word' id='word_1_261' title='bbox 440 2422 796 2476; x_wconf 63' lang='lat' dir='ltr'><strong>Numeratum</strong></span> <span class='ocrx_word' id='word_1_262' title='bbox 829 2431 938 2482; x_wconf 88' lang='lat' dir='ltr'><strong>est,</strong></span> <span class='ocrx_word' id='word_1_263' title='bbox 973 2431 1347 2491; x_wconf 88' lang='lat' dir='ltr'><strong>compntatum</strong></span> <span class='ocrx_word' id='word_1_264' title='bbox 1379 2431 1483 2484; x_wconf 89' lang='lat' dir='ltr'><strong>est,</strong></span> <span class='ocrx_word' id='word_1_265' title='bbox 1525 2421 1765 2475; x_wconf 90' lang='lat' dir='ltr'><strong>ablatum</strong></span> <span class='ocrx_word' id='word_1_266' title='bbox 1795 2427 1879 2474; x_wconf 92' lang='lat' dir='ltr'><strong>est</strong></span> <span class='ocrx_word' id='word_1_267' title='bbox 1913 2437 1926 2472; x_wconf 94' lang='lat'><strong>:</strong></span> <span class='ocrx_word' id='word_1_268' title='bbox 1959 2426 2014 2472; x_wconf 90' lang='lat' dir='ltr'><strong>et</strong></span> 
     </span>
    </p>
   </div>
   <div class='ocr_carea' id='block_1_43' title="bbox 439 2512 2012 2583">
    <p class='ocr_par' dir='ltr' id='par_1_43' title="bbox 439 2512 2012 2583">
     <span class='ocr_line' id='line_1_43' title="bbox 439 2512 2012 2583; baseline -0.002 -14"><span class='ocrx_word' id='word_1_269' title='bbox 439 2515 593 2569; x_wconf 85' lang='lat' dir='ltr'><strong>stetit</strong></span> <span class='ocrx_word' id='word_1_270' title='bbox 622 2530 818 2570; x_wconf 87' lang='lat' dir='ltr'><strong>manus</strong></span> <span class='ocrx_word' id='word_1_271' title='bbox 857 2515 1134 2580; x_wconf 90' lang='lat' dir='ltr'><strong>scribens,</strong></span> <span class='ocrx_word' id='word_1_272' title='bbox 1170 2523 1224 2569; x_wconf 91' lang='lat' dir='ltr'><strong>et</strong></span> <span class='ocrx_word' id='word_1_273' title='bbox 1256 2515 1371 2569; x_wconf 67' lang='lat' dir='ltr'><strong>haec</strong></span> <span class='ocrx_word' id='word_1_274' title='bbox 1401 2522 1483 2569; x_wconf 91' lang='lat' dir='ltr'><strong>est</strong></span> <span class='ocrx_word' id='word_1_275' title='bbox 1523 2512 1895 2583; x_wconf 86' lang='lat' dir='ltr'><strong>interpretatio</strong></span> <span class='ocrx_word' id='word_1_276' title='bbox 1920 2525 2012 2566; x_wconf 89' lang='lat' dir='ltr'><strong>eo-</strong></span> 
     </span>
    </p>
   </div>
   <div class='ocr_carea' id='block_1_44' title="bbox 440 2621 584 2660">
    <p class='ocr_par' dir='ltr' id='par_1_44' title="bbox 440 2621 584 2660">
     <span class='ocr_line' id='line_1_44' title="bbox 440 2621 584 2660; baseline -0.007 0"><span class='ocrx_word' id='word_1_277' title='bbox 440 2621 584 2660; x_wconf 86' lang='lat' dir='ltr'><strong>rum.</strong></span> 
     </span>
    </p>
   </div>
   <div class='ocr_carea' id='block_1_45' title="bbox 510 2695 2014 2764">
    <p class='ocr_par' dir='ltr' id='par_1_45' title="bbox 510 2695 2014 2764">
     <span class='ocr_line' id='line_1_45' title="bbox 510 2695 2014 2764; baseline -0.001 -14"><span class='ocrx_word' id='word_1_278' title='bbox 510 2698 600 2750; x_wconf 76' lang='lat'><strong>25.</strong></span> <span class='ocrx_word' id='word_1_279' title='bbox 642 2695 790 2764; x_wconf 81' lang='lat' dir='ltr'><strong>Rex,</strong></span> <span class='ocrx_word' id='word_1_280' title='bbox 832 2705 890 2752; x_wconf 91' lang='lat' dir='ltr'><strong>tu</strong></span> <span class='ocrx_word' id='word_1_281' title='bbox 929 2697 1106 2752; x_wconf 80' lang='lat' dir='ltr'><strong>fecisti</strong></span> <span class='ocrx_word' id='word_1_282' title='bbox 1157 2696 1468 2752; x_wconf 85' lang='lat' dir='ltr'><strong>convivium</strong></span> <span class='ocrx_word' id='word_1_283' title='bbox 1519 2695 1713 2750; x_wconf 89' lang='lat' dir='ltr'><strong>amicis</strong></span> <span class='ocrx_word' id='word_1_284' title='bbox 1765 2696 1874 2748; x_wconf 86' lang='lat' dir='ltr'><strong>tuis</strong></span> <span class='ocrx_word' id='word_1_285' title='bbox 1901 2735 1918 2759; x_wconf 92' lang='lat'><strong>,</strong></span> <span class='ocrx_word' id='word_1_286' title='bbox 1959 2701 2014 2748; x_wconf 89' lang='lat' dir='ltr'><strong>et</strong></span> 
     </span>
    </p>
   </div>
   <div class='ocr_carea' id='block_1_46' title="bbox 439 2785 2013 2855">
    <p class='ocr_par' dir='ltr' id='par_1_46' title="bbox 439 2785 2013 2855">
     <span class='ocr_line' id='line_1_46' title="bbox 439 2785 2013 2855; baseline -0.003 -15"><span class='ocrx_word' id='word_1_287' title='bbox 439 2785 665 2842; x_wconf 83' lang='lat' dir='ltr'><strong>bibebas</strong></span> <span class='ocrx_word' id='word_1_288' title='bbox 695 2790 880 2841; x_wconf 89' lang='lat' dir='ltr'><strong>vinum</strong></span> <span class='ocrx_word' id='word_1_289' title='bbox 908 2829 923 2855; x_wconf 91' lang='lat'><strong>,</strong></span> <span class='ocrx_word' id='word_1_290' title='bbox 955 2798 1011 2843; x_wconf 89' lang='lat' dir='ltr'><strong>et</strong></span> <span class='ocrx_word' id='word_1_291' title='bbox 1047 2803 1176 2843; x_wconf 89' lang='lat' dir='ltr'><strong>vasa</strong></span> <span class='ocrx_word' id='word_1_292' title='bbox 1219 2788 1416 2842; x_wconf 89' lang='lat' dir='ltr'><strong>domus</strong></span> <span class='ocrx_word' id='word_1_293' title='bbox 1449 2785 1544 2840; x_wconf 87' lang='lat' dir='ltr'><strong>Dei</strong></span> <span class='ocrx_word' id='word_1_294' title='bbox 1584 2785 1822 2840; x_wconf 78' lang='lat' dir='ltr'><strong>viventis</strong></span> <span class='ocrx_word' id='word_1_295' title='bbox 1851 2785 2013 2838; x_wconf 86' lang='lat' dir='ltr'><strong>allata</strong></span> 
     </span>
    </p>
   </div>
   <div class='ocr_carea' id='block_1_47' title="bbox 441 2876 2016 2946">
    <p class='ocr_par' dir='ltr' id='par_1_47' title="bbox 441 2876 2016 2946">
     <span class='ocr_line' id='line_1_47' title="bbox 441 2876 2016 2946; baseline -0.002 -14"><span class='ocrx_word' id='word_1_296' title='bbox 441 2888 569 2932; x_wconf 89' lang='lat' dir='ltr'><strong>sunt</strong></span> <span class='ocrx_word' id='word_1_297' title='bbox 599 2879 787 2941; x_wconf 86' lang='lat' dir='ltr'><strong>tibi,et</strong></span> <span class='ocrx_word' id='word_1_298' title='bbox 816 2880 1083 2934; x_wconf 85' lang='lat' dir='ltr'><strong>bibebatis</strong></span> <span class='ocrx_word' id='word_1_299' title='bbox 1109 2881 1162 2933; x_wconf 92' lang='lat' dir='ltr'><strong>in</strong></span> <span class='ocrx_word' id='word_1_300' title='bbox 1194 2881 1292 2946; x_wconf 90' lang='lat' dir='ltr'><strong>eis,</strong></span> <span class='ocrx_word' id='word_1_301' title='bbox 1339 2887 1397 2932; x_wconf 92' lang='lat' dir='ltr'><strong>tu</strong></span> <span class='ocrx_word' id='word_1_302' title='bbox 1428 2887 1480 2932; x_wconf 85' lang='lat' dir='ltr'><strong>et</strong></span> <span class='ocrx_word' id='word_1_303' title='bbox 1506 2880 1794 2946; x_wconf 90' lang='lat' dir='ltr'><strong>optimates</strong></span> <span class='ocrx_word' id='word_1_304' title='bbox 1830 2876 1929 2940; x_wconf 89' lang='lat' dir='ltr'><strong>tui,</strong></span> <span class='ocrx_word' id='word_1_305' title='bbox 1959 2884 2016 2930; x_wconf 91' lang='lat' dir='ltr'><strong>et</strong></span> 
     </span>
    </p>
   </div>
   <div class='ocr_carea' id='block_1_48' title="bbox 442 2967 2013 3033">
    <p class='ocr_par' dir='ltr' id='par_1_48' title="bbox 442 2967 2013 3033">
     <span class='ocr_line' id='line_1_48' title="bbox 442 2967 2013 3033; baseline -0.003 -9"><span class='ocrx_word' id='word_1_306' title='bbox 442 2971 705 3026; x_wconf 88' lang='lat' dir='ltr'><strong>laudastis</strong></span> <span class='ocrx_word' id='word_1_307' title='bbox 740 2972 922 3027; x_wconf 86' lang='lat' dir='ltr'><strong>omnia</strong></span> <span class='ocrx_word' id='word_1_308' title='bbox 955 2973 1094 3026; x_wconf 87' lang='lat' dir='ltr'><strong>idola</strong></span> <span class='ocrx_word' id='word_1_309' title='bbox 1124 2971 1406 3025; x_wconf 91' lang='lat' dir='ltr'><strong>hominum</strong></span> <span class='ocrx_word' id='word_1_310' title='bbox 1440 2971 1785 3033; x_wconf 81' lang='lat' dir='ltr'><strong>manufacta,</strong></span> <span class='ocrx_word' id='word_1_311' title='bbox 1816 2977 1870 3022; x_wconf 86' lang='lat' dir='ltr'><strong>et</strong></span> <span class='ocrx_word' id='word_1_312' title='bbox 1905 2967 2013 3022; x_wconf 82' lang='lat' dir='ltr'><strong>Deo</strong></span> 
     </span>
    </p>
   </div>
   <div class='ocr_carea' id='block_1_49' title="bbox 441 3063 2084 3153">
    <p class='ocr_par' dir='ltr' id='par_1_49' title="bbox 441 3063 2084 3153">
     <span class='ocr_line' id='line_1_49' title="bbox 441 3063 2084 3153; baseline -0.002 -35"><span class='ocrx_word' id='word_1_313' title='bbox 441 3064 646 3118; x_wconf 82' lang='lat' dir='ltr'><strong>viventi</strong></span> <span class='ocrx_word' id='word_1_314' title='bbox 685 3081 792 3119; x_wconf 91' lang='lat' dir='ltr'><strong>non</strong></span> <span class='ocrx_word' id='word_1_315' title='bbox 825 3065 1207 3129; x_wconf 78' lang='lat' dir='ltr'><strong>benedixistis,</strong></span> <span class='ocrx_word' id='word_1_316' title='bbox 1255 3075 1309 3118; x_wconf 91' lang='lat' dir='ltr'><strong>et</strong></span> <span class='ocrx_word' id='word_1_317' title='bbox 1337 3065 1566 3134; x_wconf 86' lang='lat' dir='ltr'><strong>spiritus</strong></span> <span class='ocrx_word' id='word_1_318' title='bbox 1601 3073 1726 3119; x_wconf 85' lang='lat' dir='ltr'><strong>tuus</strong></span> <span class='ocrx_word' id='word_1_319' title='bbox 1757 3063 1811 3116; x_wconf 92' lang='lat' dir='ltr'><strong>in</strong></span> <span class='ocrx_word' id='word_1_320' title='bbox 1845 3076 2009 3116; x_wconf 88' lang='lat' dir='ltr'><strong>manu</strong></span> <span class='ocrx_word' id='word_1_321' title='bbox 2040 3094 2084 3153; x_wconf 61' lang='grc' dir='ltr'>Ο</span> 
     </span>
    </p>
   </div>
   <div class='ocr_carea' id='block_1_50' title="bbox 439 3153 2010 3224">
    <p class='ocr_par' dir='ltr' id='par_1_50' title="bbox 439 3153 2010 3224">
     <span class='ocr_line' id='line_1_50' title="bbox 439 3153 2010 3224; baseline -0.002 -15"><span class='ocrx_word' id='word_1_322' title='bbox 439 3153 582 3222; x_wconf 86' lang='lat' dir='ltr'><strong>ejus,</strong></span> <span class='ocrx_word' id='word_1_323' title='bbox 608 3163 660 3208; x_wconf 88' lang='lat' dir='ltr'><strong>et</strong></span> <span class='ocrx_word' id='word_1_324' title='bbox 695 3169 918 3224; x_wconf 82' lang='lat' dir='ltr'><strong>regnum</strong></span> <span class='ocrx_word' id='word_1_325' title='bbox 954 3166 1105 3209; x_wconf 90' lang='lat' dir='ltr'><strong>tuum</strong></span> <span class='ocrx_word' id='word_1_326' title='bbox 1147 3156 1261 3224; x_wconf 88' lang='lat' dir='ltr'><strong>ipse</strong></span> <span class='ocrx_word' id='word_1_327' title='bbox 1288 3157 1436 3210; x_wconf 83' lang='lat' dir='ltr'><strong>dedit</strong></span> <span class='ocrx_word' id='word_1_328' title='bbox 1465 3157 1559 3210; x_wconf 86' lang='lat' dir='ltr'><strong>tibi</strong></span> <span class='ocrx_word' id='word_1_329' title='bbox 1581 3196 1595 3220; x_wconf 92' lang='lat'><strong>,</strong></span> <span class='ocrx_word' id='word_1_330' title='bbox 1629 3166 1680 3209; x_wconf 87' lang='lat' dir='ltr'><strong>et</strong></span> <span class='ocrx_word' id='word_1_331' title='bbox 1707 3170 1814 3207; x_wconf 92' lang='lat' dir='ltr'><strong>non</strong></span> <span class='ocrx_word' id='word_1_332' title='bbox 1852 3154 2010 3207; x_wconf 87' lang='lat' dir='ltr'><strong>bene-</strong></span> 
     </span>
    </p>
   </div>
   <div class='ocr_carea' id='block_1_51' title="bbox 441 3248 1365 3318">
    <p class='ocr_par' dir='ltr' id='par_1_51' title="bbox 441 3248 1365 3318">
     <span class='ocr_line' id='line_1_51' title="bbox 441 3248 1365 3318; baseline 0.002 -16"><span class='ocrx_word' id='word_1_333' title='bbox 441 3248 628 3302; x_wconf 89' lang='lat' dir='ltr'><strong>dixisti</strong></span> <span class='ocrx_word' id='word_1_334' title='bbox 659 3249 730 3314; x_wconf 88' lang='lat' dir='ltr'><strong>ei,</strong></span> <span class='ocrx_word' id='word_1_335' title='bbox 755 3265 929 3318; x_wconf 82' lang='lat' dir='ltr'><strong>neque</strong></span> <span class='ocrx_word' id='word_1_336' title='bbox 957 3249 1188 3303; x_wconf 84' lang='lat' dir='ltr'><strong>laudasti</strong></span> <span class='ocrx_word' id='word_1_337' title='bbox 1220 3264 1365 3304; x_wconf 88' lang='lat' dir='ltr'><strong>eum.</strong></span> 
     </span>
    </p>
   </div>
   <div class='ocr_carea' id='block_1_52' title="bbox 514 3423 2014 3497">
    <p class='ocr_par' dir='ltr' id='par_1_52' title="bbox 514 3423 2014 3497">
     <span class='ocr_line' id='line_1_52' title="bbox 514 3423 2014 3497; baseline -0.003 -17"><span class='ocrx_word' id='word_1_338' title='bbox 514 3425 602 3480; x_wconf 75' lang='lat'><strong>26.</strong></span> <span class='ocrx_word' id='word_1_339' title='bbox 640 3425 764 3482; x_wconf 67' lang='lat' dir='ltr'><strong>llaec</strong></span> <span class='ocrx_word' id='word_1_340' title='bbox 789 3436 874 3481; x_wconf 90' lang='lat' dir='ltr'><strong>est</strong></span> <span class='ocrx_word' id='word_1_341' title='bbox 899 3427 1274 3496; x_wconf 85' lang='lat' dir='ltr'><strong>interpretatio</strong></span> <span class='ocrx_word' id='word_1_342' title='bbox 1304 3427 1585 3497; x_wconf 64' lang='lat' dir='ltr'><strong>scripturae</strong></span> <span class='ocrx_word' id='word_1_343' title='bbox 1614 3442 1628 3480; x_wconf 91' lang='lat'><strong>:</strong></span> <span class='ocrx_word' id='word_1_344' title='bbox 1659 3423 2014 3479; x_wconf 74' lang='lat' dir='ltr'><strong>Numeratnm</strong></span> 
     </span>
    </p>
   </div>
   <div class='ocr_carea' id='block_1_53' title="bbox 441 3518 1104 3588">
    <p class='ocr_par' dir='ltr' id='par_1_53' title="bbox 441 3518 1104 3588">
     <span class='ocr_line' id='line_1_53' title="bbox 441 3518 1104 3588; baseline 0.002 -18"><span class='ocrx_word' id='word_1_345' title='bbox 441 3526 529 3570; x_wconf 87' lang='lat' dir='ltr'><strong>est</strong></span> <span class='ocrx_word' id='word_1_346' title='bbox 568 3526 780 3586; x_wconf 78' lang='lat' dir='ltr'><strong>tempus</strong></span> <span class='ocrx_word' id='word_1_347' title='bbox 810 3519 962 3588; x_wconf 80' lang='lat' dir='ltr'><strong>regni</strong></span> <span class='ocrx_word' id='word_1_348' title='bbox 1004 3518 1104 3572; x_wconf 90' lang='lat' dir='ltr'><strong>tui.</strong></span> 
     </span>
    </p>
   </div>
   <div class='ocr_carea' id='block_1_54' title="bbox 515 3608 2017 3679">
    <p class='ocr_par' dir='ltr' id='par_1_54' title="bbox 515 3608 2017 3679">
     <span class='ocr_line' id='line_1_54' title="bbox 515 3608 2017 3679; baseline -0.002 -17"><span class='ocrx_word' id='word_1_349' title='bbox 515 3609 604 3663; x_wconf 76' lang='lat'><strong>27.</strong></span> <span class='ocrx_word' id='word_1_350' title='bbox 648 3608 791 3664; x_wconf 88' lang='lat' dir='ltr'><strong>Finit</strong></span> <span class='ocrx_word' id='word_1_351' title='bbox 833 3625 1055 3679; x_wconf 85' lang='lat' dir='ltr'><strong>regnum</strong></span> <span class='ocrx_word' id='word_1_352' title='bbox 1106 3619 1292 3677; x_wconf 88' lang='lat' dir='ltr'><strong>tuum;</strong></span> <span class='ocrx_word' id='word_1_353' title='bbox 1335 3609 1618 3679; x_wconf 64' lang='lat' dir='ltr'><strong>praecisum</strong></span> <span class='ocrx_word' id='word_1_354' title='bbox 1651 3619 1768 3675; x_wconf 89' lang='lat' dir='ltr'><strong>est,</strong></span> <span class='ocrx_word' id='word_1_355' title='bbox 1798 3615 1853 3662; x_wconf 90' lang='lat' dir='ltr'><strong>et</strong></span> <span class='ocrx_word' id='word_1_356' title='bbox 1887 3621 2017 3662; x_wconf 87' lang='lat' dir='ltr'><strong>con-</strong></span> 
     </span>
    </p>
   </div>
   <div class='ocr_carea' id='block_1_55' title="bbox 444 3710 911 3753">
    <p class='ocr_par' dir='ltr' id='par_1_55' title="bbox 444 3710 911 3753">
     <span class='ocr_line' id='line_1_55' title="bbox 444 3710 911 3753; baseline 0 0"><span class='ocrx_word' id='word_1_357' title='bbox 444 3711 781 3753; x_wconf 81' lang='lat' dir='ltr'><strong>summatum</strong></span> <span class='ocrx_word' id='word_1_358' title='bbox 808 3710 911 3753; x_wconf 87' lang='lat' dir='ltr'><strong>cst.</strong></span> 
     </span>
    </p>
   </div>
   <div class='ocr_carea' id='block_1_56' title="bbox 513 3789 1779 3861">
    <p class='ocr_par' dir='ltr' id='par_1_56' title="bbox 513 3789 1779 3861">
     <span class='ocr_line' id='line_1_56' title="bbox 513 3789 1779 3861; baseline -0.002 -16"><span class='ocrx_word' id='word_1_359' title='bbox 513 3791 605 3847; x_wconf 81' lang='lat'><strong>28.</strong></span> <span class='ocrx_word' id='word_1_360' title='bbox 647 3789 893 3861; x_wconf 79' lang='lat' dir='ltr'><strong>Regnum</strong></span> <span class='ocrx_word' id='word_1_361' title='bbox 928 3804 1077 3845; x_wconf 92' lang='lat' dir='ltr'><strong>tuum</strong></span> <span class='ocrx_word' id='word_1_362' title='bbox 1112 3789 1280 3846; x_wconf 82' lang='lat' dir='ltr'><strong>Medis</strong></span> <span class='ocrx_word' id='word_1_363' title='bbox 1304 3799 1358 3844; x_wconf 91' lang='lat' dir='ltr'><strong>et</strong></span> <span class='ocrx_word' id='word_1_364' title='bbox 1381 3790 1565 3845; x_wconf 82' lang='lat' dir='ltr'><strong>Persis</strong></span> <span class='ocrx_word' id='word_1_365' title='bbox 1597 3790 1779 3846; x_wconf 90' lang='lat' dir='ltr'><strong>datur.</strong></span> 
     </span>
    </p>
   </div>
   <div class='ocr_carea' id='block_1_57' title="bbox 515 3967 2012 4038">
    <p class='ocr_par' dir='ltr' id='par_1_57' title="bbox 515 3967 2012 4038">
     <span class='ocr_line' id='line_1_57' title="bbox 515 3967 2012 4038; baseline -0.001 -17"><span class='ocrx_word' id='word_1_366' title='bbox 515 3968 606 4021; x_wconf 85' lang='lat'><strong>29.</strong></span> <span class='ocrx_word' id='word_1_367' title='bbox 633 3967 787 4022; x_wconf 91' lang='lat' dir='ltr'><strong>Tunc</strong></span> <span class='ocrx_word' id='word_1_368' title='bbox 816 3967 1063 4023; x_wconf 81' lang='lat' dir='ltr'><strong>Baltasar</strong></span> <span class='ocrx_word' id='word_1_369' title='bbox 1105 3985 1199 4024; x_wconf 85' lang='lat' dir='ltr'><strong>rex</strong></span> <span class='ocrx_word' id='word_1_370' title='bbox 1230 3969 1407 4022; x_wconf 86' lang='lat' dir='ltr'><strong>induit</strong></span> <span class='ocrx_word' id='word_1_371' title='bbox 1445 3967 1720 4023; x_wconf 86' lang='lat' dir='ltr'><strong>Danielem</strong></span> <span class='ocrx_word' id='word_1_372' title='bbox 1751 3983 2012 4038; x_wconf 86' lang='lat' dir='ltr'><strong>purpura,</strong></span> 
     </span>
    </p>
   </div>
   <div class='ocr_carea' id='block_1_58' title="bbox 445 4060 2016 4129">
    <p class='ocr_par' dir='ltr' id='par_1_58' title="bbox 445 4060 2016 4129">
     <span class='ocr_line' id='line_1_58' title="bbox 445 4060 2016 4129; baseline 0.001 -17"><span class='ocrx_word' id='word_1_373' title='bbox 445 4071 498 4112; x_wconf 89' lang='lat' dir='ltr'><strong>et</strong></span> <span class='ocrx_word' id='word_1_374' title='bbox 523 4071 768 4128; x_wconf 86' lang='lat' dir='ltr'><strong>torquem</strong></span> <span class='ocrx_word' id='word_1_375' title='bbox 801 4076 1025 4114; x_wconf 88' lang='lat' dir='ltr'><strong>aureum</strong></span> <span class='ocrx_word' id='word_1_376' title='bbox 1067 4060 1464 4129; x_wconf 85' lang='lat' dir='ltr'><strong>circumposuit</strong></span> <span class='ocrx_word' id='word_1_377' title='bbox 1495 4062 1542 4115; x_wconf 87' lang='lat' dir='ltr'><strong>ei</strong></span> <span class='ocrx_word' id='word_1_378' title='bbox 1571 4099 1587 4114; x_wconf 92' lang='lat'><strong>.</strong></span> <span class='ocrx_word' id='word_1_379' title='bbox 1614 4069 1667 4114; x_wconf 88' lang='lat' dir='ltr'><strong>et</strong></span> <span class='ocrx_word' id='word_1_380' title='bbox 1690 4061 1838 4114; x_wconf 89' lang='lat' dir='ltr'><strong>dedit</strong></span> <span class='ocrx_word' id='word_1_381' title='bbox 1865 4068 2016 4128; x_wconf 82' lang='lat' dir='ltr'><strong>pote-</strong></span> 
     </span>
    </p>
   </div>
   <div class='ocr_carea' id='block_1_59' title="bbox 446 4153 1421 4224">
    <p class='ocr_par' dir='ltr' id='par_1_59' title="bbox 446 4153 1421 4224">
     <span class='ocr_line' id='line_1_59' title="bbox 446 4153 1421 4224; baseline 0.002 -19"><span class='ocrx_word' id='word_1_382' title='bbox 446 4159 640 4206; x_wconf 80' lang='lat' dir='ltr'><strong>statem</strong></span> <span class='ocrx_word' id='word_1_383' title='bbox 666 4153 714 4206; x_wconf 90' lang='lat' dir='ltr'><strong>ei</strong></span> <span class='ocrx_word' id='word_1_384' title='bbox 749 4153 914 4207; x_wconf 67' lang='lat' dir='ltr'><strong>tertia:</strong></span> <span class='ocrx_word' id='word_1_385' title='bbox 954 4153 1119 4222; x_wconf 87' lang='lat' dir='ltr'><strong>partis</strong></span> <span class='ocrx_word' id='word_1_386' title='bbox 1143 4155 1290 4224; x_wconf 84' lang='lat' dir='ltr'><strong>regni</strong></span> <span class='ocrx_word' id='word_1_387' title='bbox 1317 4155 1421 4209; x_wconf 81' lang='lat' dir='ltr'><strong>sui.</strong></span> 
     </span>
    </p>
   </div>
   <div class='ocr_carea' id='block_1_60' title="bbox 521 4326 2014 4401">
    <p class='ocr_par' dir='ltr' id='par_1_60' title="bbox 521 4326 2014 4401">
     <span class='ocr_line' id='line_1_60' title="bbox 521 4326 2014 4401; baseline 0.001 -19"><span class='ocrx_word' id='word_1_388' title='bbox 521 4327 612 4382; x_wconf 79' lang='lat'><strong>50.</strong></span> <span class='ocrx_word' id='word_1_389' title='bbox 647 4326 713 4396; x_wconf 81' lang='lat' dir='ltr'><strong>Et</strong></span> <span class='ocrx_word' id='word_1_390' title='bbox 741 4329 1112 4400; x_wconf 87' lang='lat' dir='ltr'><strong>interpretatio</strong></span> <span class='ocrx_word' id='word_1_391' title='bbox 1145 4331 1288 4386; x_wconf 71' lang='lat' dir='ltr'><strong>venit</strong></span> <span class='ocrx_word' id='word_1_392' title='bbox 1322 4346 1487 4401; x_wconf 87' lang='lat' dir='ltr'><strong>super</strong></span> <span class='ocrx_word' id='word_1_393' title='bbox 1524 4329 1770 4385; x_wconf 86' lang='lat' dir='ltr'><strong>Baltasar</strong></span> <span class='ocrx_word' id='word_1_394' title='bbox 1795 4345 1973 4400; x_wconf 87' lang='lat' dir='ltr'><strong>regem</strong></span> <span class='ocrx_word' id='word_1_395' title='bbox 2001 4346 2014 4384; x_wconf 90' lang='lat'>:</span> 
     </span>
    </p>
   </div>
   <div class='ocr_carea' id='block_1_61' title="bbox 2111 1872 2490 1944">
    <p class='ocr_par' dir='ltr' id='par_1_61' title="bbox 2111 1872 2490 1944">
     <span class='ocr_line' id='line_1_61' title="bbox 2111 1872 2490 1944; baseline -0.005 0"><span class='ocrx_word' id='word_1_396' title='bbox 2111 1872 2210 1944; x_wconf 79' lang='grc' dir='ltr'><strong>τῆς</strong></span> <span class='ocrx_word' id='word_1_397' title='bbox 2236 1873 2455 1943; x_wconf 80' lang='grc' dir='ltr'>γραφῆς</span> <span class='ocrx_word' id='word_1_398' title='bbox 2474 1889 2490 1937; x_wconf 74' lang='grc' dir='ltr'>ς</span> 
     </span>
    </p>
   </div>
   <div class='ocr_carea' id='block_1_62' title="bbox 2185 1963 3701 2036">
    <p class='ocr_par' dir='ltr' id='par_1_62' title="bbox 2185 1963 3701 2036">
     <span class='ocr_line' id='line_1_62' title="bbox 2185 1963 3701 2036; baseline -0.002 -18"><span class='ocrx_word' id='word_1_399' title='bbox 2185 1965 2271 2020; x_wconf 80' lang='grc'><strong>16.</strong></span> <span class='ocrx_word' id='word_1_400' title='bbox 2305 1965 2412 2017; x_wconf 79' lang='grc' dir='ltr'><strong>Καὶ</strong></span> <span class='ocrx_word' id='word_1_401' title='bbox 2461 1963 2652 2018; x_wconf 85' lang='grc' dir='ltr'>στολιῶ</span> <span class='ocrx_word' id='word_1_402' title='bbox 2679 1980 2737 2016; x_wconf 90' lang='grc' dir='ltr'><strong>σε</strong></span> <span class='ocrx_word' id='word_1_403' title='bbox 2785 1964 3093 2036; x_wconf 79' lang='grc' dir='ltr'>πορφύραν,</span> <span class='ocrx_word' id='word_1_404' title='bbox 3121 1965 3213 2018; x_wconf 75' lang='grc' dir='ltr'>καὶ</span> <span class='ocrx_word' id='word_1_405' title='bbox 3249 1964 3523 2034; x_wconf 76' lang='grc' dir='ltr'>μανιάκην</span> <span class='ocrx_word' id='word_1_406' title='bbox 3556 1979 3701 2033; x_wconf 80' lang='grc' dir='ltr'>χρυο</span> 
     </span>
    </p>
   </div>
   <div class='ocr_carea' id='block_1_63' title="bbox 2115 2054 3695 2127">
    <p class='ocr_par' dir='ltr' id='par_1_63' title="bbox 2115 2054 3695 2127">
     <span class='ocr_line' id='line_1_63' title="bbox 2115 2054 3695 2127; baseline -0.001 -19"><span class='ocrx_word' id='word_1_407' title='bbox 2115 2055 2242 2108; x_wconf 71' lang='grc' dir='ltr'>σιιῦν</span> <span class='ocrx_word' id='word_1_408' title='bbox 2277 2055 2559 2127; x_wconf 81' lang='grc' dir='ltr'>περιθήσω</span> <span class='ocrx_word' id='word_1_409' title='bbox 2603 2074 2705 2115; x_wconf 90' lang='grc' dir='ltr'>σοι.</span> <span class='ocrx_word' id='word_1_410' title='bbox 2756 2057 2849 2110; x_wconf 78' lang='grc' dir='ltr'>καὶ</span> <span class='ocrx_word' id='word_1_411' title='bbox 2903 2056 3045 2122; x_wconf 81' lang='grc' dir='ltr'>ἐξεις</span> <span class='ocrx_word' id='word_1_412' title='bbox 3088 2055 3334 2120; x_wconf 71' lang='grc' dir='ltr'>ἐξουσίαν</span> <span class='ocrx_word' id='word_1_413' title='bbox 3377 2054 3475 2108; x_wconf 87' lang='grc' dir='ltr'><strong>τοῦ</strong></span> <span class='ocrx_word' id='word_1_414' title='bbox 3498 2055 3695 2126; x_wconf 84' lang='grc' dir='ltr'>τρίτου</span> 
     </span>
    </p>
   </div>
   <div class='ocr_carea' id='block_1_64' title="bbox 2117 2147 2908 2221">
    <p class='ocr_par' dir='ltr' id='par_1_64' title="bbox 2117 2147 2908 2221">
     <span class='ocr_line' id='line_1_64' title="bbox 2117 2147 2908 2221; baseline 0.001 -19"><span class='ocrx_word' id='word_1_415' title='bbox 2117 2150 2316 2221; x_wconf 75' lang='grc' dir='ltr'>μέρους</span> <span class='ocrx_word' id='word_1_416' title='bbox 2341 2148 2440 2218; x_wconf 85' lang='grc' dir='ltr'><strong>τῆς</strong></span> <span class='ocrx_word' id='word_1_417' title='bbox 2477 2147 2755 2218; x_wconf 81' lang='grc' dir='ltr'>βασιλείας</span> <span class='ocrx_word' id='word_1_418' title='bbox 2783 2166 2908 2219; x_wconf 90' lang='grc' dir='ltr'>μου.</span> 
     </span>
    </p>
   </div>
   <div class='ocr_carea' id='block_1_65' title="bbox 2187 2237 3699 2309">
    <p class='ocr_par' dir='ltr' id='par_1_65' title="bbox 2187 2237 3699 2309">
     <span class='ocr_line' id='line_1_65' title="bbox 2187 2237 3699 2309; baseline -0.002 -17"><span class='ocrx_word' id='word_1_419' title='bbox 2187 2240 2272 2293; x_wconf 75' lang='grc'><strong>17.</strong></span> <span class='ocrx_word' id='word_1_420' title='bbox 2310 2239 2443 2292; x_wconf 87' lang='grc' dir='ltr'><strong>Τότε</strong></span> <span class='ocrx_word' id='word_1_421' title='bbox 2482 2239 2679 2308; x_wconf 81' lang='grc' dir='ltr'>Δανιὴλ</span> <span class='ocrx_word' id='word_1_422' title='bbox 2705 2239 2836 2308; x_wconf 80' lang='grc' dir='ltr'>έστη</span> <span class='ocrx_word' id='word_1_423' title='bbox 2882 2238 3169 2292; x_wconf 82' lang='grc' dir='ltr'>κατέναντι</span> <span class='ocrx_word' id='word_1_424' title='bbox 3194 2240 3292 2307; x_wconf 89' lang='grc' dir='ltr'><strong>τῆς</strong></span> <span class='ocrx_word' id='word_1_425' title='bbox 3319 2237 3566 2309; x_wconf 77' lang='grc' dir='ltr'>γραφῆς,</span> <span class='ocrx_word' id='word_1_426' title='bbox 3598 2238 3699 2290; x_wconf 73' lang='grc' dir='ltr'>καὶ</span> 
     </span>
    </p>
   </div>
   <div class='ocr_carea' id='block_1_66' title="bbox 2113 2330 3693 2402">
    <p class='ocr_par' dir='ltr' id='par_1_66' title="bbox 2113 2330 3693 2402">
     <span class='ocr_line' id='line_1_66' title="bbox 2113 2330 3693 2402; baseline -0.001 -17"><span class='ocrx_word' id='word_1_427' title='bbox 2113 2331 2360 2400; x_wconf 80' lang='grc' dir='ltr'>ἀνέγνω,</span> <span class='ocrx_word' id='word_1_428' title='bbox 2409 2332 2502 2385; x_wconf 76' lang='grc' dir='ltr'>καὶ</span> <span class='ocrx_word' id='word_1_429' title='bbox 2538 2331 2711 2395; x_wconf 79' lang='grc' dir='ltr'>οὕτως</span> <span class='ocrx_word' id='word_1_430' title='bbox 2738 2331 3010 2402; x_wconf 84' lang='grc' dir='ltr'>ἀπεκρίθη</span> <span class='ocrx_word' id='word_1_431' title='bbox 3052 2331 3132 2402; x_wconf 83' lang='grc' dir='ltr'><strong>τῷ</strong></span> <span class='ocrx_word' id='word_1_432' title='bbox 3188 2331 3425 2400; x_wconf 78' lang='grc' dir='ltr'>βασιλεῖ·</span> <span class='ocrx_word' id='word_1_433' title='bbox 3460 2330 3613 2402; x_wconf 78' lang='grc' dir='ltr'>Αὕτη</span> <span class='ocrx_word' id='word_1_434' title='bbox 3655 2333 3693 2401; x_wconf 85' lang='grc' dir='ltr'><strong>ἠ</strong></span> 
     </span>
    </p>
   </div>
   <div class='ocr_carea' id='block_1_67' title="bbox 2113 2423 3694 2496">
    <p class='ocr_par' dir='ltr' id='par_1_67' title="bbox 2113 2423 3694 2496">
     <span class='ocr_line' id='line_1_67' title="bbox 2113 2423 3694 2496; baseline 0.016 -29"><span class='ocrx_word' id='word_1_435' title='bbox 2113 2425 2323 2496; x_wconf 69' lang='grc' dir='ltr'>γραφὴ,</span> <span class='ocrx_word' id='word_1_436' title='bbox 2341 2425 2692 2496; x_wconf 81' lang='grc' dir='ltr'>Ἠρίθμηται,</span> <span class='ocrx_word' id='word_1_437' title='bbox 2713 2424 3092 2494; x_wconf 83' lang='grc' dir='ltr'>κατελογίσθη,</span> <span class='ocrx_word' id='word_1_438' title='bbox 3117 2425 3358 2494; x_wconf 71' lang='grc' dir='ltr'>ἐξῆρται,</span> <span class='ocrx_word' id='word_1_439' title='bbox 3373 2423 3469 2476; x_wconf 64' lang='grc' dir='ltr'><strong>καὶ</strong></span> <span class='ocrx_word' id='word_1_440' title='bbox 3498 2423 3638 2489; x_wconf 74' lang='grc' dir='ltr'>ἔστη</span> <span class='ocrx_word' id='word_1_441' title='bbox 3659 2425 3694 2492; x_wconf 67' lang='grc' dir='ltr'><strong>ἡ</strong></span> 
     </span>
    </p>
   </div>
   <div class='ocr_carea' id='block_1_68' title="bbox 2111 2515 3473 2591">
    <p class='ocr_par' dir='ltr' id='par_1_68' title="bbox 2111 2515 3473 2591">
     <span class='ocr_line' id='line_1_68' title="bbox 2111 2515 3473 2591; baseline -0.004 -16"><span class='ocrx_word' id='word_1_442' title='bbox 2111 2519 2372 2591; x_wconf 73' lang='grc' dir='ltr'>γράψασα</span> <span class='ocrx_word' id='word_1_443' title='bbox 2401 2520 2544 2590; x_wconf 72' lang='grc' dir='ltr'>χεὶρ,</span> <span class='ocrx_word' id='word_1_444' title='bbox 2582 2518 2674 2572; x_wconf 80' lang='grc' dir='ltr'>καὶ</span> <span class='ocrx_word' id='word_1_445' title='bbox 2703 2516 2844 2589; x_wconf 75' lang='grc' dir='ltr'>αὕτη</span> <span class='ocrx_word' id='word_1_446' title='bbox 2881 2518 2916 2589; x_wconf 89' lang='grc' dir='ltr'><strong>ή</strong></span> <span class='ocrx_word' id='word_1_447' title='bbox 2948 2517 3236 2588; x_wconf 84' lang='grc' dir='ltr'>σύγκρισις</span> <span class='ocrx_word' id='word_1_448' title='bbox 3270 2515 3473 2569; x_wconf 78' lang='grc' dir='ltr'>αὐτῶν.</span> 
     </span>
    </p>
   </div>
   <div class='ocr_carea' id='block_1_69' title="bbox 2180 2692 3697 2767">
    <p class='ocr_par' dir='ltr' id='par_1_69' title="bbox 2180 2692 3697 2767">
     <span class='ocr_line' id='line_1_69' title="bbox 2180 2692 3697 2767; baseline -0.008 -12"><span class='ocrx_word' id='word_1_449' title='bbox 2180 2700 2270 2755; x_wconf 75' lang='grc'><strong>25.</strong></span> <span class='ocrx_word' id='word_1_450' title='bbox 2305 2697 2554 2764; x_wconf 86' lang='grc' dir='ltr'>Βασιλεῦ,</span> <span class='ocrx_word' id='word_1_451' title='bbox 2589 2697 2652 2750; x_wconf 78' lang='grc' dir='ltr'>σὺ</span> <span class='ocrx_word' id='word_1_452' title='bbox 2686 2697 2928 2767; x_wconf 89' lang='grc' dir='ltr'>ἐποιήσω</span> <span class='ocrx_word' id='word_1_453' title='bbox 2975 2694 3321 2766; x_wconf 84' lang='grc' dir='ltr'>ἐστιατορίαν</span> <span class='ocrx_word' id='word_1_454' title='bbox 3354 2696 3467 2756; x_wconf 87' lang='grc' dir='ltr'>τοῖς</span> <span class='ocrx_word' id='word_1_455' title='bbox 3516 2692 3697 2760; x_wconf 77' lang='grc' dir='ltr'>φίλοις</span> 
     </span>
    </p>
   </div>
   <div class='ocr_carea' id='block_1_70' title="bbox 2115 2783 3695 2858">
    <p class='ocr_par' dir='ltr' id='par_1_70' title="bbox 2115 2783 3695 2858">
     <span class='ocr_line' id='line_1_70' title="bbox 2115 2783 3695 2858; baseline -0.006 -11"><span class='ocrx_word' id='word_1_456' title='bbox 2115 2811 2232 2858; x_wconf 88' lang='grc' dir='ltr'>σου,</span> <span class='ocrx_word' id='word_1_457' title='bbox 2268 2793 2363 2846; x_wconf 75' lang='grc' dir='ltr'>καὶ</span> <span class='ocrx_word' id='word_1_458' title='bbox 2407 2791 2588 2854; x_wconf 85' lang='grc' dir='ltr'>ἐπινες</span> <span class='ocrx_word' id='word_1_459' title='bbox 2637 2785 2778 2844; x_wconf 78' lang='grc' dir='ltr'>οἶνον</span> <span class='ocrx_word' id='word_1_460' title='bbox 2802 2829 2817 2854; x_wconf 84' lang='grc'><strong>,</strong></span> <span class='ocrx_word' id='word_1_461' title='bbox 2853 2789 2949 2843; x_wconf 71' lang='grc' dir='ltr'>καὶ</span> <span class='ocrx_word' id='word_1_462' title='bbox 2982 2788 3049 2843; x_wconf 79' lang='grc' dir='ltr'><strong>τὰ</strong></span> <span class='ocrx_word' id='word_1_463' title='bbox 3085 2789 3252 2858; x_wconf 77' lang='grc' dir='ltr'>σκεύη</span> <span class='ocrx_word' id='word_1_464' title='bbox 3287 2785 3380 2839; x_wconf 89' lang='grc' dir='ltr'><strong>τοῦ</strong></span> <span class='ocrx_word' id='word_1_465' title='bbox 3410 2785 3567 2839; x_wconf 76' lang='grc' dir='ltr'>οἴκου</span> <span class='ocrx_word' id='word_1_466' title='bbox 3600 2783 3695 2837; x_wconf 89' lang='grc' dir='ltr'><strong>τοῦ</strong></span> 
     </span>
    </p>
   </div>
   <div class='ocr_carea' id='block_1_71' title="bbox 2113 2878 3693 2953">
    <p class='ocr_par' dir='ltr' id='par_1_71' title="bbox 2113 2878 3693 2953">
     <span class='ocr_line' id='line_1_71' title="bbox 2113 2878 3693 2953; baseline -0.006 -15"><span class='ocrx_word' id='word_1_467' title='bbox 2113 2884 2248 2938; x_wconf 86' lang='grc' dir='ltr'>Θεοῦ</span> <span class='ocrx_word' id='word_1_468' title='bbox 2280 2881 2374 2938; x_wconf 87' lang='grc' dir='ltr'><strong>τοῦ</strong></span> <span class='ocrx_word' id='word_1_469' title='bbox 2409 2883 2610 2948; x_wconf 83' lang='grc' dir='ltr'>ζῶντος</span> <span class='ocrx_word' id='word_1_470' title='bbox 2642 2882 2844 2953; x_wconf 77' lang='grc' dir='ltr'>ἠνέχθη</span> <span class='ocrx_word' id='word_1_471' title='bbox 2889 2899 2989 2942; x_wconf 87' lang='grc' dir='ltr'>σοι,</span> <span class='ocrx_word' id='word_1_472' title='bbox 3024 2882 3120 2933; x_wconf 69' lang='grc' dir='ltr'>καὶ</span> <span class='ocrx_word' id='word_1_473' title='bbox 3157 2880 3370 2933; x_wconf 88' lang='grc' dir='ltr'>ἐπίνετε</span> <span class='ocrx_word' id='word_1_474' title='bbox 3388 2880 3448 2931; x_wconf 88' lang='lat' dir='ltr'><strong>tv</strong></span> <span class='ocrx_word' id='word_1_475' title='bbox 3482 2878 3693 2939; x_wconf 78' lang='grc' dir='ltr'>αὐτοῖς.</span> 
     </span>
    </p>
   </div>
   <div class='ocr_carea' id='block_1_72' title="bbox 2115 2968 3698 3044">
    <p class='ocr_par' dir='ltr' id='par_1_72' title="bbox 2115 2968 3698 3044">
     <span class='ocr_line' id='line_1_72' title="bbox 2115 2968 3698 3044; baseline -0.006 -15"><span class='ocrx_word' id='word_1_476' title='bbox 2115 2976 2180 3029; x_wconf 77' lang='grc' dir='ltr'>σὺ</span> <span class='ocrx_word' id='word_1_477' title='bbox 2226 2977 2319 3028; x_wconf 81' lang='grc' dir='ltr'>καὶ</span> <span class='ocrx_word' id='word_1_478' title='bbox 2346 2975 2395 3027; x_wconf 87' lang='grc' dir='ltr'><strong>οί</strong></span> <span class='ocrx_word' id='word_1_479' title='bbox 2422 2975 2749 3044; x_wconf 78' lang='grc' dir='ltr'>μεγιστᾶνές</span> <span class='ocrx_word' id='word_1_480' title='bbox 2779 2990 2893 3039; x_wconf 87' lang='grc' dir='ltr'>σου,</span> <span class='ocrx_word' id='word_1_481' title='bbox 2925 2973 3019 3025; x_wconf 69' lang='grc' dir='ltr'>καὶ</span> <span class='ocrx_word' id='word_1_482' title='bbox 3041 2971 3268 3042; x_wconf 79' lang='grc' dir='ltr'>ῂνέσατε</span> <span class='ocrx_word' id='word_1_483' title='bbox 3298 2969 3476 3023; x_wconf 85' lang='grc' dir='ltr'>πάντα</span> <span class='ocrx_word' id='word_1_484' title='bbox 3508 2969 3579 3021; x_wconf 71' lang='grc' dir='ltr'>τά</span> <span class='ocrx_word' id='word_1_485' title='bbox 3619 2968 3698 3021; x_wconf 70' lang='lat' dir='ltr'><strong>st-</strong></span> 
     </span>
    </p>
   </div>
   <div class='ocr_carea' id='block_1_73' title="bbox 2115 3059 3697 3136">
    <p class='ocr_par' dir='ltr' id='par_1_73' title="bbox 2115 3059 3697 3136">
     <span class='ocr_line' id='line_1_73' title="bbox 2115 3059 3697 3136; baseline -0.006 -16"><span class='ocrx_word' id='word_1_486' title='bbox 2115 3067 2259 3120; x_wconf 85' lang='grc' dir='ltr'>δωλα</span> <span class='ocrx_word' id='word_1_487' title='bbox 2281 3065 2350 3118; x_wconf 84' lang='grc' dir='ltr'><strong>τά</strong></span> <span class='ocrx_word' id='word_1_488' title='bbox 2377 3065 2730 3136; x_wconf 82' lang='grc' dir='ltr'>χειροποίητα</span> <span class='ocrx_word' id='word_1_489' title='bbox 2753 3063 2858 3116; x_wconf 83' lang='grc' dir='ltr'>τῶν</span> <span class='ocrx_word' id='word_1_490' title='bbox 2895 3061 3220 3134; x_wconf 80' lang='grc' dir='ltr'>ἀνθρώπων,</span> <span class='ocrx_word' id='word_1_491' title='bbox 3249 3059 3438 3130; x_wconf 75' lang='grc' dir='ltr'>καὶτῷ</span> <span class='ocrx_word' id='word_1_492' title='bbox 3465 3060 3589 3128; x_wconf 83' lang='grc' dir='ltr'><strong>Θεῷ</strong></span> <span class='ocrx_word' id='word_1_493' title='bbox 3618 3061 3697 3128; x_wconf 81' lang='grc' dir='ltr'><strong>τῷ</strong></span> 
     </span>
    </p>
   </div>
   <div class='ocr_carea' id='block_1_74' title="bbox 2117 3150 3700 3226">
    <p class='ocr_par' dir='ltr' id='par_1_74' title="bbox 2117 3150 3700 3226">
     <span class='ocr_line' id='line_1_74' title="bbox 2117 3150 3700 3226; baseline -0.005 -17"><span class='ocrx_word' id='word_1_494' title='bbox 2117 3156 2279 3220; x_wconf 81' lang='grc' dir='ltr'>ζῶντι</span> <span class='ocrx_word' id='word_1_495' title='bbox 2302 3156 2403 3209; x_wconf 80' lang='grc' dir='ltr'>οὐκ</span> <span class='ocrx_word' id='word_1_496' title='bbox 2425 3155 2778 3226; x_wconf 78' lang='grc' dir='ltr'>εὐλογήσατε,</span> <span class='ocrx_word' id='word_1_497' title='bbox 2809 3153 2903 3207; x_wconf 75' lang='grc' dir='ltr'>καὶ</span> <span class='ocrx_word' id='word_1_498' title='bbox 2926 3153 2987 3206; x_wconf 80' lang='grc' dir='ltr'>τὸ</span> <span class='ocrx_word' id='word_1_499' title='bbox 3015 3151 3227 3223; x_wconf 82' lang='grc' dir='ltr'>πνεῦμά</span> <span class='ocrx_word' id='word_1_500' title='bbox 3256 3167 3347 3204; x_wconf 90' lang='grc' dir='ltr'><strong>σου</strong></span> <span class='ocrx_word' id='word_1_501' title='bbox 3383 3152 3440 3202; x_wconf 83' lang='grc' dir='ltr'>ὲν</span> <span class='ocrx_word' id='word_1_502' title='bbox 3459 3153 3529 3220; x_wconf 82' lang='grc' dir='ltr'>τῇ</span> <span class='ocrx_word' id='word_1_503' title='bbox 3552 3150 3700 3220; x_wconf 73' lang='grc' dir='ltr'>χειρὶ</span> 
     </span>
    </p>
   </div>
   <div class='ocr_carea' id='block_1_75' title="bbox 2117 3242 3699 3317">
    <p class='ocr_par' dir='ltr' id='par_1_75' title="bbox 2117 3242 3699 3317">
     <span class='ocr_line' id='line_1_75' title="bbox 2117 3242 3699 3317; baseline -0.004 -16"><span class='ocrx_word' id='word_1_504' title='bbox 2117 3248 2305 3312; x_wconf 73' lang='grc' dir='ltr'>αὑτοῦ,</span> <span class='ocrx_word' id='word_1_505' title='bbox 2339 3247 2432 3301; x_wconf 75' lang='grc' dir='ltr'>καὶ</span> <span class='ocrx_word' id='word_1_506' title='bbox 2460 3247 2522 3300; x_wconf 75' lang='grc' dir='ltr'><strong>τὸ</strong></span> <span class='ocrx_word' id='word_1_507' title='bbox 2551 3246 2817 3317; x_wconf 84' lang='grc' dir='ltr'>βασίλειόν</span> <span class='ocrx_word' id='word_1_508' title='bbox 2849 3263 2942 3298; x_wconf 92' lang='grc' dir='ltr'><strong>σου</strong></span> <span class='ocrx_word' id='word_1_509' title='bbox 2981 3245 3142 3308; x_wconf 81' lang='grc' dir='ltr'>αὐτὸς</span> <span class='ocrx_word' id='word_1_510' title='bbox 3173 3244 3340 3297; x_wconf 78' lang='grc' dir='ltr'>ἔδωκέ</span> <span class='ocrx_word' id='word_1_511' title='bbox 3373 3260 3456 3295; x_wconf 91' lang='grc' dir='ltr'><strong>σοι</strong></span> <span class='ocrx_word' id='word_1_512' title='bbox 3478 3245 3535 3282; x_wconf 83' lang='lat'><strong>-&#39;-</strong></span> <span class='ocrx_word' id='word_1_513' title='bbox 3557 3258 3574 3273; x_wconf 78' lang='grc' dir='ltr'><strong><em>ο</em></strong></span> <span class='ocrx_word' id='word_1_514' title='bbox 3601 3242 3699 3296; x_wconf 69' lang='grc' dir='ltr'>καὶ</span> 
     </span>
    </p>
   </div>
   <div class='ocr_carea' id='block_1_76' title="bbox 2113 3335 3297 3409">
    <p class='ocr_par' dir='ltr' id='par_1_76' title="bbox 2113 3335 3297 3409">
     <span class='ocr_line' id='line_1_76' title="bbox 2113 3335 3297 3409; baseline -0.005 -16"><span class='ocrx_word' id='word_1_515' title='bbox 2113 3341 2213 3393; x_wconf 80' lang='grc' dir='ltr'>οὐκ</span> <span class='ocrx_word' id='word_1_516' title='bbox 2241 3339 2538 3409; x_wconf 81' lang='grc' dir='ltr'>εὐλόγησας</span> <span class='ocrx_word' id='word_1_517' title='bbox 2559 3339 2742 3402; x_wconf 74' lang='grc' dir='ltr'>αὐτὸν,</span> <span class='ocrx_word' id='word_1_518' title='bbox 2764 3337 2884 3390; x_wconf 83' lang='grc' dir='ltr'>οὺδέ</span> <span class='ocrx_word' id='word_1_519' title='bbox 2907 3337 3104 3407; x_wconf 73' lang='grc' dir='ltr'>ᾔνεσας</span> <span class='ocrx_word' id='word_1_520' title='bbox 3135 3335 3297 3404; x_wconf 72' lang='grc' dir='ltr'>αὐτῷ.</span> 
     </span>
    </p>
   </div>
   <div class='ocr_carea' id='block_1_77' title="bbox 2186 3425 3699 3500">
    <p class='ocr_par' dir='ltr' id='par_1_77' title="bbox 2186 3425 3699 3500">
     <span class='ocr_line' id='line_1_77' title="bbox 2186 3425 3699 3500; baseline -0.003 -16"><span class='ocrx_word' id='word_1_521' title='bbox 2186 3431 2277 3484; x_wconf 77' lang='lat'><strong>26.</strong></span> <span class='ocrx_word' id='word_1_522' title='bbox 2313 3431 2484 3483; x_wconf 89' lang='grc' dir='ltr'>Τοῦτο</span> <span class='ocrx_word' id='word_1_523' title='bbox 2511 3430 2572 3484; x_wconf 78' lang='grc' dir='ltr'>τὸ</span> <span class='ocrx_word' id='word_1_524' title='bbox 2599 3430 2876 3498; x_wconf 74' lang='grc' dir='ltr'>σύγκριμα</span> <span class='ocrx_word' id='word_1_525' title='bbox 2903 3431 2998 3500; x_wconf 80' lang='grc' dir='ltr'><strong>τῆς</strong></span> <span class='ocrx_word' id='word_1_526' title='bbox 3020 3426 3238 3498; x_wconf 70' lang='grc' dir='ltr'>γραφῆς</span> <span class='ocrx_word' id='word_1_527' title='bbox 3258 3442 3272 3456; x_wconf 88' lang='grc'><strong>·</strong></span> <span class='ocrx_word' id='word_1_528' title='bbox 3308 3425 3647 3496; x_wconf 83' lang='grc' dir='ltr'>’Πρίθμηται</span> <span class='ocrx_word' id='word_1_529' title='bbox 3667 3426 3699 3479; x_wconf 85' lang='grc' dir='ltr'>ό</span> 
     </span>
    </p>
   </div>
   <div class='ocr_carea' id='block_1_78' title="bbox 2117 3519 2902 3592">
    <p class='ocr_par' dir='ltr' id='par_1_78' title="bbox 2117 3519 2902 3592">
     <span class='ocr_line' id='line_1_78' title="bbox 2117 3519 2902 3592; baseline -0.004 -17"><span class='ocrx_word' id='word_1_530' title='bbox 2117 3522 2309 3592; x_wconf 86' lang='grc' dir='ltr'>χρόνος</span> <span class='ocrx_word' id='word_1_531' title='bbox 2343 3537 2435 3575; x_wconf 85' lang='grc' dir='ltr'><strong>σου</strong></span> <span class='ocrx_word' id='word_1_532' title='bbox 2465 3521 2566 3590; x_wconf 84' lang='grc' dir='ltr'><strong>τῆς</strong></span> <span class='ocrx_word' id='word_1_533' title='bbox 2601 3519 2902 3590; x_wconf 84' lang='grc' dir='ltr'>βασιλείας.</span> 
     </span>
    </p>
   </div>
   <div class='ocr_carea' id='block_1_79' title="bbox 2185 3600 3700 3682">
    <p class='ocr_par' dir='ltr' id='par_1_79' title="bbox 2185 3600 3700 3682">
     <span class='ocr_line' id='line_1_79' title="bbox 2185 3600 3700 3682; baseline -0.007 -17"><span class='ocrx_word' id='word_1_534' title='bbox 2185 3611 2278 3665; x_wconf 75' lang='grc'><strong>27.</strong></span> <span class='ocrx_word' id='word_1_535' title='bbox 2323 3610 2612 3682; x_wconf 81' lang='grc' dir='ltr'>Ἀπολήγει</span> <span class='ocrx_word' id='word_1_536' title='bbox 2641 3611 2674 3680; x_wconf 89' lang='grc' dir='ltr'><strong>ή</strong></span> <span class='ocrx_word' id='word_1_537' title='bbox 2709 3607 2956 3680; x_wconf 86' lang='grc' dir='ltr'>βασιλεία</span> <span class='ocrx_word' id='word_1_538' title='bbox 2993 3621 3120 3659; x_wconf 74' lang='grc' dir='ltr'>σουο</span> <span class='ocrx_word' id='word_1_539' title='bbox 3149 3604 3550 3676; x_wconf 82' lang='grc' dir='ltr'>συντέτμηται,</span> <span class='ocrx_word' id='word_1_540' title='bbox 3601 3600 3700 3655; x_wconf 78' lang='grc' dir='ltr'>καὶ</span> 
     </span>
    </p>
   </div>
   <div class='ocr_carea' id='block_1_80' title="bbox 2120 3702 2546 3756">
    <p class='ocr_par' dir='ltr' id='par_1_80' title="bbox 2120 3702 2546 3756">
     <span class='ocr_line' id='line_1_80' title="bbox 2120 3702 2546 3756; baseline -0.007 0"><span class='ocrx_word' id='word_1_541' title='bbox 2120 3702 2546 3756; x_wconf 85' lang='grc' dir='ltr'>συντετέλεστα-ι.</span> 
     </span>
    </p>
   </div>
   <div class='ocr_carea' id='block_1_81' title="bbox 2187 3785 3699 3864">
    <p class='ocr_par' dir='ltr' id='par_1_81' title="bbox 2187 3785 3699 3864">
     <span class='ocr_line' id='line_1_81' title="bbox 2187 3785 3699 3864; baseline -0.009 -15"><span class='ocrx_word' id='word_1_542' title='bbox 2187 3794 2278 3849; x_wconf 73' lang='lat'><strong>9.8.</strong></span> <span class='ocrx_word' id='word_1_543' title='bbox 2318 3794 2382 3847; x_wconf 85' lang='grc' dir='ltr'><strong><em>Ἡ</em></strong></span> <span class='ocrx_word' id='word_1_544' title='bbox 2411 3791 2656 3864; x_wconf 86' lang='grc' dir='ltr'>βασιλεία</span> <span class='ocrx_word' id='word_1_545' title='bbox 2684 3809 2776 3845; x_wconf 86' lang='grc' dir='ltr'><strong>σου</strong></span> <span class='ocrx_word' id='word_1_546' title='bbox 2825 3793 2936 3855; x_wconf 82' lang='grc' dir='ltr'>τοῖς</span> <span class='ocrx_word' id='word_1_547' title='bbox 2960 3789 3164 3860; x_wconf 83' lang='grc' dir='ltr'>Μήδοις</span> <span class='ocrx_word' id='word_1_548' title='bbox 3189 3786 3284 3841; x_wconf 74' lang='grc' dir='ltr'>καὶ</span> <span class='ocrx_word' id='word_1_549' title='bbox 3310 3787 3424 3848; x_wconf 84' lang='grc' dir='ltr'>τοῖς</span> <span class='ocrx_word' id='word_1_550' title='bbox 3454 3785 3699 3855; x_wconf 80' lang='grc' dir='ltr'>Πέρσαις</span> 
     </span>
    </p>
   </div>
   <div class='ocr_carea' id='block_1_82' title="bbox 2118 3886 2340 3939">
    <p class='ocr_par' dir='ltr' id='par_1_82' title="bbox 2118 3886 2340 3939">
     <span class='ocr_line' id='line_1_82' title="bbox 2118 3886 2340 3939; baseline 0.005 -1"><span class='ocrx_word' id='word_1_551' title='bbox 2118 3886 2340 3939; x_wconf 86' lang='grc' dir='ltr'>δίδοται.</span> 
     </span>
    </p>
   </div>
   <div class='ocr_carea' id='block_1_83' title="bbox 2189 3967 3698 4045">
    <p class='ocr_par' dir='ltr' id='par_1_83' title="bbox 2189 3967 3698 4045">
     <span class='ocr_line' id='line_1_83' title="bbox 2189 3967 3698 4045; baseline -0.009 -15"><span class='ocrx_word' id='word_1_552' title='bbox 2189 3978 2280 4034; x_wconf 79' lang='lat'><strong>29.</strong></span> <span class='ocrx_word' id='word_1_553' title='bbox 2317 3977 2448 4030; x_wconf 84' lang='grc' dir='ltr'><strong>Τότε</strong></span> <span class='ocrx_word' id='word_1_554' title='bbox 2481 3975 2768 4045; x_wconf 84' lang='grc' dir='ltr'>Βαλτάσαρ</span> <span class='ocrx_word' id='word_1_555' title='bbox 2791 3974 2819 4026; x_wconf 90' lang='grc' dir='ltr'>ό</span> <span class='ocrx_word' id='word_1_556' title='bbox 2862 3973 3111 4043; x_wconf 77' lang='grc' dir='ltr'>βασιλεὺς</span> <span class='ocrx_word' id='word_1_557' title='bbox 3135 3971 3351 4024; x_wconf 75' lang='grc' dir='ltr'>ἐνέδυσε</span> <span class='ocrx_word' id='word_1_558' title='bbox 3370 3969 3462 4022; x_wconf 75' lang='grc' dir='ltr'><strong>τὸν</strong></span> <span class='ocrx_word' id='word_1_559' title='bbox 3494 3967 3698 4036; x_wconf 80' lang='grc' dir='ltr'>Δανιὴλ</span> 
     </span>
    </p>
   </div>
   <div class='ocr_carea' id='block_1_84' title="bbox 2121 4059 3695 4140">
    <p class='ocr_par' dir='ltr' id='par_1_84' title="bbox 2121 4059 3695 4140">
     <span class='ocr_line' id='line_1_84' title="bbox 2121 4059 3695 4140; baseline -0.009 -17"><span class='ocrx_word' id='word_1_560' title='bbox 2121 4068 2429 4140; x_wconf 83' lang='grc' dir='ltr'>πορφύραν,</span> <span class='ocrx_word' id='word_1_561' title='bbox 2459 4069 2554 4121; x_wconf 72' lang='grc' dir='ltr'>καὶ</span> <span class='ocrx_word' id='word_1_562' title='bbox 2597 4066 2867 4136; x_wconf 84' lang='grc' dir='ltr'>μανιάκην</span> <span class='ocrx_word' id='word_1_563' title='bbox 2905 4063 3139 4135; x_wconf 80' lang='grc' dir='ltr'>χρυσοῦν</span> <span class='ocrx_word' id='word_1_564' title='bbox 3170 4060 3496 4132; x_wconf 81' lang='grc' dir='ltr'>περιέθηκεν</span> <span class='ocrx_word' id='word_1_565' title='bbox 3521 4059 3695 4127; x_wconf 76' lang='grc' dir='ltr'>αὐτῷ,</span> 
     </span>
    </p>
   </div>
   <div class='ocr_carea' id='block_1_85' title="bbox 2119 4151 3697 4228">
    <p class='ocr_par' dir='ltr' id='par_1_85' title="bbox 2119 4151 3697 4228">
     <span class='ocr_line' id='line_1_85' title="bbox 2119 4151 3697 4228; baseline -0.007 -14"><span class='ocrx_word' id='word_1_566' title='bbox 2119 4163 2215 4216; x_wconf 76' lang='grc' dir='ltr'>καὶ</span> <span class='ocrx_word' id='word_1_567' title='bbox 2244 4162 2445 4215; x_wconf 78' lang='grc' dir='ltr'>ἔδωκεν</span> <span class='ocrx_word' id='word_1_568' title='bbox 2496 4159 2746 4224; x_wconf 79' lang='grc' dir='ltr'>ἐξουσίαν</span> <span class='ocrx_word' id='word_1_569' title='bbox 2793 4155 2944 4228; x_wconf 81' lang='grc' dir='ltr'>αὐτῷ</span> <span class='ocrx_word' id='word_1_570' title='bbox 2988 4154 3083 4209; x_wconf 87' lang='grc' dir='ltr'><strong>τοῦ</strong></span> <span class='ocrx_word' id='word_1_571' title='bbox 3126 4155 3313 4226; x_wconf 86' lang='grc' dir='ltr'>τρίτου</span> <span class='ocrx_word' id='word_1_572' title='bbox 3367 4151 3571 4223; x_wconf 79' lang='grc' dir='ltr'>μέρους</span> <span class='ocrx_word' id='word_1_573' title='bbox 3595 4151 3697 4220; x_wconf 85' lang='grc' dir='ltr'><strong>τῆς</strong></span> 
     </span>
    </p>
   </div>
   <div class='ocr_carea' id='block_1_86' title="bbox 2123 4251 2604 4324">
    <p class='ocr_par' dir='ltr' id='par_1_86' title="bbox 2123 4251 2604 4324">
     <span class='ocr_line' id='line_1_86' title="bbox 2123 4251 2604 4324; baseline -0.006 -17"><span class='ocrx_word' id='word_1_574' title='bbox 2123 4253 2398 4324; x_wconf 82' lang='grc' dir='ltr'>βασιλείας</span> <span class='ocrx_word' id='word_1_575' title='bbox 2419 4251 2604 4306; x_wconf 75' lang='grc' dir='ltr'>αὑτοῦ.</span> 
     </span>
    </p>
   </div>
   <div class='ocr_carea' id='block_1_87' title="bbox 2195 4333 3692 4412">
    <p class='ocr_par' dir='ltr' id='par_1_87' title="bbox 2195 4333 3692 4412">
     <span class='ocr_line' id='line_1_87' title="bbox 2195 4333 3692 4412; baseline -0.007 -14"><span class='ocrx_word' id='word_1_576' title='bbox 2195 4345 2283 4398; x_wconf 82' lang='grc'>50.</span> <span class='ocrx_word' id='word_1_577' title='bbox 2320 4345 2426 4396; x_wconf 72' lang='grc' dir='ltr'><strong>Καὶ</strong></span> <span class='ocrx_word' id='word_1_578' title='bbox 2455 4342 2514 4395; x_wconf 87' lang='grc' dir='ltr'><strong>τὸ</strong></span> <span class='ocrx_word' id='word_1_579' title='bbox 2543 4341 2822 4412; x_wconf 77' lang='grc' dir='ltr'>σύγκριμα</span> <span class='ocrx_word' id='word_1_580' title='bbox 2851 4338 3053 4408; x_wconf 77' lang='grc' dir='ltr'>ἐπῆλθε</span> <span class='ocrx_word' id='word_1_581' title='bbox 3094 4336 3383 4405; x_wconf 77' lang='grc' dir='ltr'>Βαλτάσαρ</span> <span class='ocrx_word' id='word_1_582' title='bbox 3427 4333 3505 4405; x_wconf 84' lang='grc' dir='ltr'>τῷ</span> <span class='ocrx_word' id='word_1_583' title='bbox 3537 4333 3692 4403; x_wconf 81' lang='grc' dir='ltr'>βασι-</span> 
     </span>
    </p>
   </div>
   <div class='ocr_carea' id='block_1_88' title="bbox 447 4423 2009 4504">
    <p class='ocr_par' dir='ltr' id='par_1_88' title="bbox 447 4423 2009 4490">
     <span class='ocr_line' id='line_1_88' title="bbox 447 4423 2009 4490; baseline 0.001 -16"><span class='ocrx_word' id='word_1_584' title='bbox 447 4432 501 4474; x_wconf 90' lang='lat' dir='ltr'><strong>et</strong></span> <span class='ocrx_word' id='word_1_585' title='bbox 534 4436 761 4490; x_wconf 86' lang='lat' dir='ltr'><strong>regnum</strong></span> <span class='ocrx_word' id='word_1_586' title='bbox 813 4423 1051 4476; x_wconf 90' lang='lat' dir='ltr'><strong>ablatum</strong></span> <span class='ocrx_word' id='word_1_587' title='bbox 1087 4435 1172 4478; x_wconf 87' lang='lat' dir='ltr'><strong>est</strong></span> <span class='ocrx_word' id='word_1_588' title='bbox 1205 4439 1235 4478; x_wconf 88' lang='lat' dir='ltr'><strong>a</strong></span> <span class='ocrx_word' id='word_1_589' title='bbox 1275 4424 1582 4490; x_wconf 66' lang='lat' dir='ltr'><strong>Chaldaeis,</strong></span> <span class='ocrx_word' id='word_1_590' title='bbox 1621 4433 1675 4478; x_wconf 89' lang='lat' dir='ltr'><strong>et</strong></span> <span class='ocrx_word' id='word_1_591' title='bbox 1712 4424 1899 4478; x_wconf 89' lang='lat' dir='ltr'><strong>datum</strong></span> <span class='ocrx_word' id='word_1_592' title='bbox 1937 4433 2009 4478; x_wconf 69' lang='grc' dir='ltr'><strong>εει</strong></span> 
     </span>
    </p>
   </div>
   <div class='ocr_carea' id='block_1_89' title="bbox 2147 4423 3693 4504">
    <p class='ocr_par' dir='ltr' id='par_1_89' title="bbox 2147 4424 3693 4504">
     <span class='ocr_line' id='line_1_89' title="bbox 2147 4424 3693 4504; baseline -0.006 -17"><span class='ocrx_word' id='word_1_593' title='bbox 2147 4439 2231 4489; x_wconf 76' lang='grc' dir='ltr'><strong>,εἰ⁹</strong></span> <span class='ocrx_word' id='word_1_594' title='bbox 2277 4436 2371 4489; x_wconf 78' lang='grc' dir='ltr'>καὶ</span> <span class='ocrx_word' id='word_1_595' title='bbox 2418 4434 2478 4489; x_wconf 81' lang='grc' dir='ltr'>τὸ</span> <span class='ocrx_word' id='word_1_596' title='bbox 2518 4433 2785 4504; x_wconf 84' lang='grc' dir='ltr'>βασίλειον</span> <span class='ocrx_word' id='word_1_597' title='bbox 2828 4433 3052 4502; x_wconf 77' lang='grc' dir='ltr'>ἐξῆρται</span> <span class='ocrx_word' id='word_1_598' title='bbox 3107 4428 3217 4482; x_wconf 79' lang='grc' dir='ltr'>ἀπὸ</span> <span class='ocrx_word' id='word_1_599' title='bbox 3249 4427 3356 4479; x_wconf 86' lang='grc' dir='ltr'>τῶν</span> <span class='ocrx_word' id='word_1_600' title='bbox 3385 4424 3693 4487; x_wconf 79' lang='grc' dir='ltr'>Χαλδαίων,</span> 
     </span>
    </p>
   </div>
   <div class='ocr_carea' id='block_1_90' title="bbox 449 4512 935 4578">
    <p class='ocr_par' dir='ltr' id='par_1_90' title="bbox 449 4512 935 4578">
     <span class='ocr_line' id='line_1_90' title="bbox 449 4512 935 4578; baseline 0.006 -13"><span class='ocrx_word' id='word_1_601' title='bbox 449 4512 642 4578; x_wconf 80' lang='lat' dir='ltr'><strong>Medis,</strong></span> <span class='ocrx_word' id='word_1_602' title='bbox 667 4523 721 4567; x_wconf 91' lang='lat' dir='ltr'><strong>et</strong></span> <span class='ocrx_word' id='word_1_603' title='bbox 755 4512 935 4569; x_wconf 83' lang='lat' dir='ltr'><strong>Persis</strong></span> 
     </span>
    </p>
   </div>
   <div class='ocr_carea' id='block_1_91' title="bbox 519 4606 2022 4679">
    <p class='ocr_par' dir='ltr' id='par_1_91' title="bbox 519 4606 2022 4679">
     <span class='ocr_line' id='line_1_91' title="bbox 519 4606 2022 4679; baseline 0 -20"><span class='ocrx_word' id='word_1_604' title='bbox 519 4607 609 4660; x_wconf 76' lang='lat' dir='ltr'><strong>3i.</strong></span> <span class='ocrx_word' id='word_1_605' title='bbox 647 4606 713 4661; x_wconf 84' lang='lat' dir='ltr'><strong>Et</strong></span> <span class='ocrx_word' id='word_1_606' title='bbox 768 4607 1096 4663; x_wconf 79' lang='lat' dir='ltr'><strong>Artaxerxes</strong></span> <span class='ocrx_word' id='word_1_607' title='bbox 1141 4607 1330 4663; x_wconf 83' lang='lat' dir='ltr'><strong>Medus</strong></span> <span class='ocrx_word' id='word_1_608' title='bbox 1383 4610 1593 4679; x_wconf 88' lang='lat' dir='ltr'><strong>accepit</strong></span> <span class='ocrx_word' id='word_1_609' title='bbox 1647 4623 1909 4679; x_wconf 85' lang='lat' dir='ltr'><strong>regnum,</strong></span> <span class='ocrx_word' id='word_1_610' title='bbox 1966 4614 2022 4660; x_wconf 87' lang='lat' dir='ltr'><strong>et</strong></span> 
     </span>
    </p>
   </div>
   <div class='ocr_carea' id='block_1_92' title="bbox 449 4694 1946 4771">
    <p class='ocr_par' dir='ltr' id='par_1_92' title="bbox 449 4694 1946 4771">
     <span class='ocr_line' id='line_1_92' title="bbox 449 4694 1946 4771; baseline 0.001 -21"><span class='ocrx_word' id='word_1_611' title='bbox 449 4694 647 4753; x_wconf 88' lang='lat' dir='ltr'><strong>Darius</strong></span> <span class='ocrx_word' id='word_1_612' title='bbox 675 4699 866 4768; x_wconf 88' lang='lat' dir='ltr'><strong>plenus</strong></span> <span class='ocrx_word' id='word_1_613' title='bbox 899 4700 1110 4756; x_wconf 89' lang='lat' dir='ltr'><strong>dierum</strong></span> <span class='ocrx_word' id='word_1_614' title='bbox 1133 4741 1147 4766; x_wconf 91' lang='lat'><strong>,</strong></span> <span class='ocrx_word' id='word_1_615' title='bbox 1175 4711 1227 4755; x_wconf 90' lang='lat' dir='ltr'><strong>et</strong></span> <span class='ocrx_word' id='word_1_616' title='bbox 1261 4701 1537 4771; x_wconf 85' lang='lat' dir='ltr'><strong>gloriosus</strong></span> <span class='ocrx_word' id='word_1_617' title='bbox 1561 4701 1616 4754; x_wconf 87' lang='lat' dir='ltr'><strong>in</strong></span> <span class='ocrx_word' id='word_1_618' title='bbox 1647 4707 1946 4754; x_wconf 89' lang='lat' dir='ltr'><strong>senectute.</strong></span> 
     </span>
    </p>
   </div>
   <div class='ocr_carea' id='block_1_93' title="bbox 1047 4925 1406 4983">
    <p class='ocr_par' dir='ltr' id='par_1_93' title="bbox 1047 4925 1406 4983">
     <span class='ocr_line' id='line_1_93' title="bbox 1047 4925 1406 4983; baseline -0.003 -1"><span class='ocrx_word' id='word_1_619' title='bbox 1047 4927 1277 4983; x_wconf 77' lang='lat' dir='ltr'><strong>CAPUT</strong></span> <span class='ocrx_word' id='word_1_620' title='bbox 1320 4925 1406 4982; x_wconf 85' lang='lat' dir='ltr'><strong>Vl.</strong></span> 
     </span>
    </p>
   </div>
   <div class='ocr_carea' id='block_1_94' title="bbox 525 5041 2019 5114">
    <p class='ocr_par' dir='ltr' id='par_1_94' title="bbox 525 5041 2019 5114">
     <span class='ocr_line' id='line_1_94' title="bbox 525 5041 2019 5114; baseline 0.001 -18"><span class='ocrx_word' id='word_1_621' title='bbox 525 5042 578 5096; x_wconf 79' lang='lat' dir='ltr'><strong>l.</strong></span> <span class='ocrx_word' id='word_1_622' title='bbox 619 5041 685 5094; x_wconf 86' lang='lat' dir='ltr'><strong>Et</strong></span> <span class='ocrx_word' id='word_1_623' title='bbox 717 5043 1006 5098; x_wconf 75' lang='lat' dir='ltr'><strong>constituit</strong></span> <span class='ocrx_word' id='word_1_624' title='bbox 1049 5053 1299 5112; x_wconf 81' lang='lat' dir='ltr'><strong>satrapas</strong></span> <span class='ocrx_word' id='word_1_625' title='bbox 1325 5052 1545 5097; x_wconf 89' lang='lat' dir='ltr'><strong>centum</strong></span> <span class='ocrx_word' id='word_1_626' title='bbox 1585 5041 1776 5114; x_wconf 87' lang='lat' dir='ltr'><strong>viginti</strong></span> <span class='ocrx_word' id='word_1_627' title='bbox 1811 5052 2019 5113; x_wconf 89' lang='lat' dir='ltr'><strong>septem</strong></span> 
     </span>
    </p>
   </div>
   <div class='ocr_carea' id='block_1_95' title="bbox 452 5134 1420 5204">
    <p class='ocr_par' dir='ltr' id='par_1_95' title="bbox 452 5134 1420 5204">
     <span class='ocr_line' id='line_1_95' title="bbox 452 5134 1420 5204; baseline -0.004 -14"><span class='ocrx_word' id='word_1_628' title='bbox 452 5150 615 5204; x_wconf 71' lang='lat' dir='ltr'><strong>super</strong></span> <span class='ocrx_word' id='word_1_629' title='bbox 641 5134 951 5188; x_wconf 81' lang='lat' dir='ltr'><strong>universum</strong></span> <span class='ocrx_word' id='word_1_630' title='bbox 982 5149 1203 5204; x_wconf 87' lang='lat' dir='ltr'><strong>regnum</strong></span> <span class='ocrx_word' id='word_1_631' title='bbox 1240 5149 1420 5187; x_wconf 88' lang='lat' dir='ltr'><strong>suum.</strong></span> 
     </span>
    </p>
   </div>
   <div class='ocr_carea' id='block_1_96' title="bbox 524 5224 2022 5297">
    <p class='ocr_par' dir='ltr' id='par_1_96' title="bbox 524 5224 2022 5297">
     <span class='ocr_line' id='line_1_96' title="bbox 524 5224 2022 5297; baseline 0.001 -19"><span class='ocrx_word' id='word_1_632' title='bbox 524 5226 577 5281; x_wconf 87' lang='lat'><strong>2.</strong></span> <span class='ocrx_word' id='word_1_633' title='bbox 618 5224 685 5279; x_wconf 86' lang='lat' dir='ltr'><strong>Et</strong></span> <span class='ocrx_word' id='word_1_634' title='bbox 718 5242 882 5297; x_wconf 85' lang='lat' dir='ltr'><strong>super</strong></span> <span class='ocrx_word' id='word_1_635' title='bbox 907 5241 1032 5291; x_wconf 89' lang='lat' dir='ltr'><strong>eos,</strong></span> <span class='ocrx_word' id='word_1_636' title='bbox 1067 5227 1212 5280; x_wconf 88' lang='lat' dir='ltr'><strong>viros</strong></span> <span class='ocrx_word' id='word_1_637' title='bbox 1250 5235 1356 5280; x_wconf 88' lang='lat' dir='ltr'><strong>tres</strong></span> <span class='ocrx_word' id='word_1_638' title='bbox 1381 5225 1547 5280; x_wconf 88' lang='lat' dir='ltr'><strong>duces</strong></span> <span class='ocrx_word' id='word_1_639' title='bbox 1569 5241 1758 5280; x_wconf 87' lang='lat' dir='ltr'><strong>eorum</strong></span> <span class='ocrx_word' id='word_1_640' title='bbox 1786 5241 1800 5278; x_wconf 91' lang='lat'>:</span> <span class='ocrx_word' id='word_1_641' title='bbox 1834 5235 1888 5281; x_wconf 89' lang='lat' dir='ltr'><strong>ct</strong></span> <span class='ocrx_word' id='word_1_642' title='bbox 1920 5225 2022 5280; x_wconf 86' lang='lat' dir='ltr'><strong>Da-</strong></span> 
     </span>
    </p>
   </div>
   <div class='ocr_carea' id='block_1_97' title="bbox 454 5318 1353 5374">
    <p class='ocr_par' dir='ltr' id='par_1_97' title="bbox 454 5318 1353 5374">
     <span class='ocr_line' id='line_1_97' title="bbox 454 5318 1353 5374; baseline 0.001 -3"><span class='ocrx_word' id='word_1_643' title='bbox 454 5318 562 5372; x_wconf 88' lang='lat' dir='ltr'><strong>niel</strong></span> <span class='ocrx_word' id='word_1_644' title='bbox 595 5334 736 5373; x_wconf 92' lang='lat' dir='ltr'><strong>unus</strong></span> <span class='ocrx_word' id='word_1_645' title='bbox 760 5328 878 5373; x_wconf 89' lang='lat' dir='ltr'><strong>erat</strong></span> <span class='ocrx_word' id='word_1_646' title='bbox 901 5334 965 5373; x_wconf 81' lang='lat' dir='ltr'><strong>ex</strong></span> <span class='ocrx_word' id='word_1_647' title='bbox 1003 5319 1179 5373; x_wconf 83' lang='lat' dir='ltr'><strong>tribus</strong></span> <span class='ocrx_word' id='word_1_648' title='bbox 1201 5319 1353 5374; x_wconf 88' lang='lat' dir='ltr'><strong>viris.</strong></span> 
     </span>
    </p>
   </div>
   <div class='ocr_carea' id='block_1_98' title="bbox 523 5407 1912 5480">
    <p class='ocr_par' dir='ltr' id='par_1_98' title="bbox 523 5407 1912 5480">
     <span class='ocr_line' id='line_1_98' title="bbox 523 5407 1912 5480; baseline 0.004 -21"><span class='ocrx_word' id='word_1_649' title='bbox 523 5409 578 5463; x_wconf 83' lang='grc'><strong>5.</strong></span> <span class='ocrx_word' id='word_1_650' title='bbox 618 5407 793 5477; x_wconf 90' lang='lat' dir='ltr'><strong>Super</strong></span> <span class='ocrx_word' id='word_1_651' title='bbox 827 5425 1017 5465; x_wconf 88' lang='lat' dir='ltr'><strong>omnes</strong></span> <span class='ocrx_word' id='word_1_652' title='bbox 1051 5411 1255 5465; x_wconf 87' lang='lat' dir='ltr'><strong>habens</strong></span> <span class='ocrx_word' id='word_1_653' title='bbox 1286 5419 1606 5478; x_wconf 88' lang='lat' dir='ltr'><strong>potestatem</strong></span> <span class='ocrx_word' id='word_1_654' title='bbox 1639 5410 1693 5464; x_wconf 92' lang='lat' dir='ltr'><strong>in</strong></span> <span class='ocrx_word' id='word_1_655' title='bbox 1728 5426 1912 5480; x_wconf 85' lang='lat' dir='ltr'><strong>regno.</strong></span> 
     </span>
    </p>
   </div>
   <div class='ocr_carea' id='block_1_99' title="bbox 526 5496 2023 5570">
    <p class='ocr_par' dir='ltr' id='par_1_99' title="bbox 526 5496 2023 5570">
     <span class='ocr_line' id='line_1_99' title="bbox 526 5496 2023 5570; baseline 0.003 -20"><span class='ocrx_word' id='word_1_656' title='bbox 526 5497 579 5550; x_wconf 71' lang='lat'><strong>4.</strong></span> <span class='ocrx_word' id='word_1_657' title='bbox 623 5496 808 5552; x_wconf 89' lang='lat' dir='ltr'><strong>Daniel</strong></span> <span class='ocrx_word' id='word_1_658' title='bbox 829 5508 1008 5554; x_wconf 89' lang='lat' dir='ltr'><strong>autem</strong></span> <span class='ocrx_word' id='word_1_659' title='bbox 1038 5500 1394 5554; x_wconf 88' lang='lat' dir='ltr'><strong>eratindutus</strong></span> <span class='ocrx_word' id='word_1_660' title='bbox 1430 5515 1689 5569; x_wconf 86' lang='lat' dir='ltr'><strong>purpura,</strong></span> <span class='ocrx_word' id='word_1_661' title='bbox 1713 5508 1766 5554; x_wconf 91' lang='lat' dir='ltr'><strong>et</strong></span> <span class='ocrx_word' id='word_1_662' title='bbox 1793 5515 2023 5570; x_wconf 86' lang='lat' dir='ltr'><strong>magnus</strong></span> 
     </span>
    </p>
   </div>
   <div class='ocr_carea' id='block_1_100' title="bbox 458 5588 2020 5660">
    <p class='ocr_par' dir='ltr' id='par_1_100' title="bbox 458 5588 2020 5660">
     <span class='ocr_line' id='line_1_100' title="bbox 458 5588 2020 5660; baseline 0.003 -22"><span class='ocrx_word' id='word_1_663' title='bbox 458 5596 511 5639; x_wconf 90' lang='lat' dir='ltr'><strong>et</strong></span> <span class='ocrx_word' id='word_1_664' title='bbox 545 5588 840 5642; x_wconf 86' lang='lat' dir='ltr'><strong>honoratus</strong></span> <span class='ocrx_word' id='word_1_665' title='bbox 886 5588 939 5642; x_wconf 90' lang='lat' dir='ltr'><strong>in</strong></span> <span class='ocrx_word' id='word_1_666' title='bbox 979 5597 1278 5659; x_wconf 86' lang='lat' dir='ltr'><strong>conspectu</strong></span> <span class='ocrx_word' id='word_1_667' title='bbox 1323 5589 1470 5644; x_wconf 91' lang='lat' dir='ltr'><strong>Darii</strong></span> <span class='ocrx_word' id='word_1_668' title='bbox 1511 5590 1655 5660; x_wconf 82' lang='lat' dir='ltr'><strong>regis</strong></span> <span class='ocrx_word' id='word_1_669' title='bbox 1681 5632 1695 5655; x_wconf 90' lang='lat'><strong>,</strong></span> <span class='ocrx_word' id='word_1_670' title='bbox 1737 5601 2020 5660; x_wconf 77' lang='lat' dir='ltr'><strong>propterea</strong></span> 
     </span>
    </p>
   </div>
   <div class='ocr_carea' id='block_1_101' title="bbox 463 5677 2025 5750">
    <p class='ocr_par' dir='ltr' id='par_1_101' title="bbox 463 5677 2025 5750">
     <span class='ocr_line' id='line_1_101' title="bbox 463 5677 2025 5750; baseline 0.002 -20"><span class='ocrx_word' id='word_1_671' title='bbox 463 5677 603 5745; x_wconf 82' lang='lat' dir='ltr'><strong>quod</strong></span> <span class='ocrx_word' id='word_1_672' title='bbox 623 5685 768 5733; x_wconf 84' lang='lat' dir='ltr'><strong>esset</strong></span> <span class='ocrx_word' id='word_1_673' title='bbox 789 5679 1017 5737; x_wconf 86' lang='lat' dir='ltr'><strong>celebris</strong></span> <span class='ocrx_word' id='word_1_674' title='bbox 1040 5719 1054 5747; x_wconf 91' lang='lat'><strong>,</strong></span> <span class='ocrx_word' id='word_1_675' title='bbox 1096 5689 1149 5737; x_wconf 91' lang='lat' dir='ltr'><strong>et</strong></span> <span class='ocrx_word' id='word_1_676' title='bbox 1183 5680 1410 5739; x_wconf 86' lang='lat' dir='ltr'><strong>scientia</strong></span> <span class='ocrx_word' id='word_1_677' title='bbox 1441 5682 1715 5750; x_wconf 68' lang='lat' dir='ltr'><strong>praeditus,</strong></span> <span class='ocrx_word' id='word_1_678' title='bbox 1745 5689 1799 5738; x_wconf 88' lang='lat' dir='ltr'><strong>et</strong></span> <span class='ocrx_word' id='word_1_679' title='bbox 1827 5680 2025 5737; x_wconf 83' lang='lat' dir='ltr'><strong>intelli—</strong></span> 
     </span>
    </p>
   </div>
   <div class='ocr_carea' id='block_1_102' title="bbox 2121 4521 3318 4595">
    <p class='ocr_par' dir='ltr' id='par_1_102' title="bbox 2121 4521 3318 4595">
     <span class='ocr_line' id='line_1_102' title="bbox 2121 4521 3318 4595; baseline -0.006 -16"><span class='ocrx_word' id='word_1_680' title='bbox 2121 4527 2214 4580; x_wconf 70' lang='grc' dir='ltr'>καὶ</span> <span class='ocrx_word' id='word_1_681' title='bbox 2239 4525 2393 4595; x_wconf 86' lang='grc' dir='ltr'>ἐδόθη</span> <span class='ocrx_word' id='word_1_682' title='bbox 2426 4528 2537 4587; x_wconf 87' lang='grc' dir='ltr'>τοίς</span> <span class='ocrx_word' id='word_1_683' title='bbox 2563 4524 2770 4594; x_wconf 83' lang='grc' dir='ltr'>Μήδοις</span> <span class='ocrx_word' id='word_1_684' title='bbox 2799 4523 2893 4574; x_wconf 77' lang='grc' dir='ltr'>καὶ</span> <span class='ocrx_word' id='word_1_685' title='bbox 2921 4523 3034 4584; x_wconf 88' lang='grc' dir='ltr'>τοῖς</span> <span class='ocrx_word' id='word_1_686' title='bbox 3062 4521 3318 4590; x_wconf 88' lang='grc' dir='ltr'>Πέρσαις.</span> 
     </span>
    </p>
   </div>
   <div class='ocr_carea' id='block_1_103' title="bbox 2191 4608 3694 4687">
    <p class='ocr_par' dir='ltr' id='par_1_103' title="bbox 2191 4608 3694 4687">
     <span class='ocr_line' id='line_1_103' title="bbox 2191 4608 3694 4687; baseline -0.007 -14"><span class='ocrx_word' id='word_1_687' title='bbox 2191 4619 2278 4673; x_wconf 76' lang='grc'><strong>51.</strong></span> <span class='ocrx_word' id='word_1_688' title='bbox 2315 4617 2427 4672; x_wconf 79' lang='grc' dir='ltr'><strong>Καὶ</strong></span> <span class='ocrx_word' id='word_1_689' title='bbox 2474 4615 2836 4687; x_wconf 80' lang='grc' dir='ltr'>Ἀρταξέρξης</span> <span class='ocrx_word' id='word_1_690' title='bbox 2859 4616 2887 4667; x_wconf 86' lang='grc' dir='ltr'>ὁ</span> <span class='ocrx_word' id='word_1_691' title='bbox 2913 4614 3021 4667; x_wconf 84' lang='grc' dir='ltr'><strong>τῶν</strong></span> <span class='ocrx_word' id='word_1_692' title='bbox 3061 4613 3259 4682; x_wconf 82' lang='grc' dir='ltr'>Μήδων</span> <span class='ocrx_word' id='word_1_693' title='bbox 3288 4608 3574 4680; x_wconf 77' lang='grc' dir='ltr'>παρέλαϐε</span> <span class='ocrx_word' id='word_1_694' title='bbox 3593 4609 3694 4679; x_wconf 79' lang='grc' dir='ltr'><strong>τὴν</strong></span> 
     </span>
    </p>
   </div>
   <div class='ocr_carea' id='block_1_104' title="bbox 2122 4698 3694 4779">
    <p class='ocr_par' dir='ltr' id='par_1_104' title="bbox 2122 4698 3694 4779">
     <span class='ocr_line' id='line_1_104' title="bbox 2122 4698 3694 4779; baseline -0.008 -17"><span class='ocrx_word' id='word_1_695' title='bbox 2122 4708 2420 4779; x_wconf 86' lang='grc' dir='ltr'>βασιλείαν,</span> <span class='ocrx_word' id='word_1_696' title='bbox 2438 4708 2532 4759; x_wconf 79' lang='grc' dir='ltr'>καὶ</span> <span class='ocrx_word' id='word_1_697' title='bbox 2565 4707 2788 4776; x_wconf 87' lang='grc' dir='ltr'>Δαρεῖος</span> <span class='ocrx_word' id='word_1_698' title='bbox 2815 4703 3024 4774; x_wconf 86' lang='grc' dir='ltr'>πλήρης</span> <span class='ocrx_word' id='word_1_699' title='bbox 3053 4700 3162 4756; x_wconf 85' lang='grc' dir='ltr'>τῶν</span> <span class='ocrx_word' id='word_1_700' title='bbox 3207 4698 3458 4770; x_wconf 78' lang='grc' dir='ltr'>ἡμερῶν,</span> <span class='ocrx_word' id='word_1_701' title='bbox 3487 4699 3584 4752; x_wconf 72' lang='grc' dir='ltr'>καὶ</span> <span class='ocrx_word' id='word_1_702' title='bbox 3607 4699 3694 4752; x_wconf 78' lang='grc' dir='ltr'>ἐν·</span> 
     </span>
    </p>
   </div>
   <div class='ocr_carea' id='block_1_105' title="bbox 2119 4799 2560 4869">
    <p class='ocr_par' dir='ltr' id='par_1_105' title="bbox 2119 4799 2560 4869">
     <span class='ocr_line' id='line_1_105' title="bbox 2119 4799 2560 4869; baseline -0.009 -15"><span class='ocrx_word' id='word_1_703' title='bbox 2119 4799 2268 4867; x_wconf 87' lang='grc' dir='ltr'>δοξος</span> <span class='ocrx_word' id='word_1_704' title='bbox 2297 4801 2355 4851; x_wconf 88' lang='grc' dir='ltr'><strong>ἐν</strong></span> <span class='ocrx_word' id='word_1_705' title='bbox 2378 4799 2560 4869; x_wconf 88' lang='grc' dir='ltr'>γήρει.</span> 
     </span>
    </p>
   </div>
   <div class='ocr_carea' id='block_1_106' title="bbox 2715 4930 3099 4998">
    <p class='ocr_par' dir='ltr' id='par_1_106' title="bbox 2715 4930 3099 4998">
     <span class='ocr_line' id='line_1_106' title="bbox 2715 4930 3099 4998; baseline -0.003 -13"><span class='ocrx_word' id='word_1_706' title='bbox 2715 4930 2964 4985; x_wconf 78' lang='grc' dir='ltr'><strong>ΚΕΦΑΛ.</strong></span> <span class='ocrx_word' id='word_1_707' title='bbox 3007 4931 3099 4998; x_wconf 71' lang='grc' dir='ltr'><strong>ς’.</strong></span> 
     </span>
    </p>
   </div>
   <div class='ocr_carea' id='block_1_107' title="bbox 2194 5041 3692 5114">
    <p class='ocr_par' dir='ltr' id='par_1_107' title="bbox 2194 5041 3692 5114">
     <span class='ocr_line' id='line_1_107' title="bbox 2194 5041 3692 5114; baseline -0.001 -16"><span class='ocrx_word' id='word_1_708' title='bbox 2194 5045 2244 5098; x_wconf 82' lang='lat' dir='ltr'><strong>l.</strong></span> <span class='ocrx_word' id='word_1_709' title='bbox 2278 5043 2387 5097; x_wconf 75' lang='grc' dir='ltr'><strong>Καὶ</strong></span> <span class='ocrx_word' id='word_1_710' title='bbox 2423 5042 2724 5112; x_wconf 87' lang='grc' dir='ltr'>κατέστησε</span> <span class='ocrx_word' id='word_1_711' title='bbox 2766 5043 3054 5114; x_wconf 84' lang='grc' dir='ltr'>σατράπας</span> <span class='ocrx_word' id='word_1_712' title='bbox 3096 5041 3289 5097; x_wconf 85' lang='grc' dir='ltr'>ἐκατὺν</span> <span class='ocrx_word' id='word_1_713' title='bbox 3331 5043 3507 5095; x_wconf 72' lang='grc' dir='ltr'>εἴκοσι</span> <span class='ocrx_word' id='word_1_714' title='bbox 3554 5043 3692 5096; x_wconf 75' lang='grc' dir='ltr'>ἑπτὰ</span> 
     </span>
    </p>
   </div>
   <div class='ocr_carea' id='block_1_108' title="bbox 2123 5134 3073 5204">
    <p class='ocr_par' dir='ltr' id='par_1_108' title="bbox 2123 5134 3073 5204">
     <span class='ocr_line' id='line_1_108' title="bbox 2123 5134 3073 5204; baseline -0.003 -14"><span class='ocrx_word' id='word_1_715' title='bbox 2123 5137 2214 5191; x_wconf 75' lang='grc' dir='ltr'>ἐπὶ</span> <span class='ocrx_word' id='word_1_716' title='bbox 2244 5137 2423 5204; x_wconf 80' lang='grc' dir='ltr'>πάσης</span> <span class='ocrx_word' id='word_1_717' title='bbox 2452 5135 2551 5204; x_wconf 85' lang='grc' dir='ltr'><strong>τῆς</strong></span> <span class='ocrx_word' id='word_1_718' title='bbox 2584 5134 2858 5204; x_wconf 84' lang='grc' dir='ltr'>βασιλείας</span> <span class='ocrx_word' id='word_1_719' title='bbox 2885 5135 3073 5188; x_wconf 83' lang='grc' dir='ltr'>αὐτοῦ.</span> 
     </span>
    </p>
   </div>
   <div class='ocr_carea' id='block_1_109' title="bbox 2190 5225 3687 5297">
    <p class='ocr_par' dir='ltr' id='par_1_109' title="bbox 2190 5225 3687 5297">
     <span class='ocr_line' id='line_1_109' title="bbox 2190 5225 3687 5297; baseline -0.003 -15"><span class='ocrx_word' id='word_1_720' title='bbox 2190 5230 2245 5282; x_wconf 74' lang='grc'><strong>2.</strong></span> <span class='ocrx_word' id='word_1_721' title='bbox 2284 5229 2392 5280; x_wconf 67' lang='grc' dir='ltr'><strong>Καὶ</strong></span> <span class='ocrx_word' id='word_1_722' title='bbox 2415 5227 2500 5278; x_wconf 80' lang='grc' dir='ltr'>ἐπ’</span> <span class='ocrx_word' id='word_1_723' title='bbox 2529 5226 2706 5278; x_wconf 81' lang='grc' dir='ltr'>αὐτῶν</span> <span class='ocrx_word' id='word_1_724' title='bbox 2735 5226 2933 5296; x_wconf 85' lang='grc' dir='ltr'>ἄνδρας</span> <span class='ocrx_word' id='word_1_725' title='bbox 2957 5227 3104 5297; x_wconf 86' lang='grc' dir='ltr'>τρεῖς</span> <span class='ocrx_word' id='word_1_726' title='bbox 3129 5225 3464 5296; x_wconf 86' lang='grc' dir='ltr'>ήγουμένους</span> <span class='ocrx_word' id='word_1_727' title='bbox 3489 5226 3687 5278; x_wconf 86' lang='grc' dir='ltr'>αὐτῶν·</span> 
     </span>
    </p>
   </div>
   <div class='ocr_carea' id='block_1_110' title="bbox 2125 5315 3229 5390">
    <p class='ocr_par' dir='ltr' id='par_1_110' title="bbox 2125 5315 3229 5390">
     <span class='ocr_line' id='line_1_110' title="bbox 2125 5315 3229 5390; baseline -0.003 -15"><span class='ocrx_word' id='word_1_728' title='bbox 2125 5324 2218 5376; x_wconf 71' lang='grc' dir='ltr'>καὶ</span> <span class='ocrx_word' id='word_1_729' title='bbox 2244 5320 2439 5389; x_wconf 81' lang='grc' dir='ltr'>Δανιὴλ</span> <span class='ocrx_word' id='word_1_730' title='bbox 2462 5316 2540 5381; x_wconf 78' lang='grc' dir='ltr'>εἷς</span> <span class='ocrx_word' id='word_1_731' title='bbox 2563 5315 2630 5388; x_wconf 83' lang='grc' dir='ltr'>ἦν</span> <span class='ocrx_word' id='word_1_732' title='bbox 2667 5318 2776 5371; x_wconf 82' lang='grc' dir='ltr'><strong>τῶν</strong></span> <span class='ocrx_word' id='word_1_733' title='bbox 2806 5320 2973 5389; x_wconf 88' lang='grc' dir='ltr'>τριῶν</span> <span class='ocrx_word' id='word_1_734' title='bbox 3003 5319 3229 5390; x_wconf 83' lang='grc' dir='ltr'>ἀνδρῶν.</span> 
     </span>
    </p>
   </div>
   <div class='ocr_carea' id='block_1_111' title="bbox 2194 5409 3655 5482">
    <p class='ocr_par' dir='ltr' id='par_1_111' title="bbox 2194 5409 3655 5482">
     <span class='ocr_line' id='line_1_111' title="bbox 2194 5409 3655 5482; baseline -0.003 -15"><span class='ocrx_word' id='word_1_735' title='bbox 2194 5413 2250 5467; x_wconf 79' lang='lat'><strong>5.</strong></span> <span class='ocrx_word' id='word_1_736' title='bbox 2293 5411 2463 5482; x_wconf 80' lang='grc' dir='ltr'>’Υπὲρ</span> <span class='ocrx_word' id='word_1_737' title='bbox 2501 5410 2709 5474; x_wconf 86' lang='grc' dir='ltr'>πάντας</span> <span class='ocrx_word' id='word_1_738' title='bbox 2743 5409 2880 5478; x_wconf 77' lang='grc' dir='ltr'>ἔχων</span> <span class='ocrx_word' id='word_1_739' title='bbox 2912 5409 3160 5474; x_wconf 81' lang='grc' dir='ltr'>ἐξουσίαν</span> <span class='ocrx_word' id='word_1_740' title='bbox 3191 5411 3252 5463; x_wconf 87' lang='grc' dir='ltr'><strong>ἐν</strong></span> <span class='ocrx_word' id='word_1_741' title='bbox 3289 5413 3356 5481; x_wconf 80' lang='grc' dir='ltr'>τῇ</span> <span class='ocrx_word' id='word_1_742' title='bbox 3387 5409 3655 5480; x_wconf 72' lang='grc' dir='ltr'>βασιλείᾳ.</span> 
     </span>
    </p>
   </div>
   <div class='ocr_carea' id='block_1_112' title="bbox 2192 5497 3687 5573">
    <p class='ocr_par' dir='ltr' id='par_1_112' title="bbox 2192 5497 3687 5573">
     <span class='ocr_line' id='line_1_112' title="bbox 2192 5497 3687 5573; baseline -0.005 -15"><span class='ocrx_word' id='word_1_743' title='bbox 2192 5505 2246 5558; x_wconf 67' lang='grc'><strong>4.</strong></span> <span class='ocrx_word' id='word_1_744' title='bbox 2275 5504 2385 5557; x_wconf 68' lang='grc' dir='ltr'><strong>Καὶ</strong></span> <span class='ocrx_word' id='word_1_745' title='bbox 2406 5502 2602 5573; x_wconf 83' lang='grc' dir='ltr'>Δανιὴλ</span> <span class='ocrx_word' id='word_1_746' title='bbox 2628 5497 2695 5571; x_wconf 82' lang='grc' dir='ltr'>ἧν</span> <span class='ocrx_word' id='word_1_747' title='bbox 2720 5501 3066 5571; x_wconf 86' lang='grc' dir='ltr'>ἐνδεδυμένος</span> <span class='ocrx_word' id='word_1_748' title='bbox 3114 5501 3402 5573; x_wconf 78' lang='grc' dir='ltr'>πορφύραν</span> <span class='ocrx_word' id='word_1_749' title='bbox 3427 5545 3442 5567; x_wconf 88' lang='grc'><strong>,</strong></span> <span class='ocrx_word' id='word_1_750' title='bbox 3478 5502 3569 5554; x_wconf 78' lang='grc' dir='ltr'>καὶ</span> <span class='ocrx_word' id='word_1_751' title='bbox 3596 5502 3687 5569; x_wconf 83' lang='grc' dir='ltr'><strong>μὲ-</strong></span> 
     </span>
    </p>
   </div>
   <div class='ocr_carea' id='block_1_113' title="bbox 2123 5590 3688 5662">
    <p class='ocr_par' dir='ltr' id='par_1_113' title="bbox 2123 5590 3688 5662">
     <span class='ocr_line' id='line_1_113' title="bbox 2123 5590 3688 5662; baseline -0.006 -12"><span class='ocrx_word' id='word_1_752' title='bbox 2123 5611 2224 5662; x_wconf 87' lang='grc' dir='ltr'><strong>γας</strong></span> <span class='ocrx_word' id='word_1_753' title='bbox 2271 5593 2363 5646; x_wconf 72' lang='grc' dir='ltr'>καὶ</span> <span class='ocrx_word' id='word_1_754' title='bbox 2385 5591 2590 5656; x_wconf 79' lang='grc' dir='ltr'>ἔνδοξος</span> <span class='ocrx_word' id='word_1_755' title='bbox 2620 5591 2796 5649; x_wconf 73' lang='grc' dir='ltr'>ἔναντι</span> <span class='ocrx_word' id='word_1_756' title='bbox 2817 5591 3041 5660; x_wconf 81' lang='grc' dir='ltr'>Δαρείου</span> <span class='ocrx_word' id='word_1_757' title='bbox 3068 5592 3162 5644; x_wconf 88' lang='grc' dir='ltr'><strong>τοῦ</strong></span> <span class='ocrx_word' id='word_1_758' title='bbox 3196 5591 3484 5662; x_wconf 83' lang='grc' dir='ltr'>βασιλέως,</span> <span class='ocrx_word' id='word_1_759' title='bbox 3505 5590 3688 5641; x_wconf 84' lang='grc' dir='ltr'>καθότι</span> 
     </span>
    </p>
   </div>
   <div class='ocr_carea' id='block_1_114' title="bbox 2123 5682 3686 5758">
    <p class='ocr_par' dir='ltr' id='par_1_114' title="bbox 2123 5682 3686 5758">
     <span class='ocr_line' id='line_1_114' title="bbox 2123 5682 3686 5758; baseline -0.004 -18"><span class='ocrx_word' id='word_1_760' title='bbox 2123 5684 2190 5758; x_wconf 86' lang='grc' dir='ltr'><strong>ῆν</strong></span> <span class='ocrx_word' id='word_1_761' title='bbox 2219 5682 2447 5750; x_wconf 77' lang='grc' dir='ltr'>ἔνδοξος,</span> <span class='ocrx_word' id='word_1_762' title='bbox 2482 5685 2572 5737; x_wconf 71' lang='grc' dir='ltr'>καὶ</span> <span class='ocrx_word' id='word_1_763' title='bbox 2594 5684 2931 5756; x_wconf 79' lang='grc' dir='ltr'>ἐπιστήμων,</span> <span class='ocrx_word' id='word_1_764' title='bbox 2957 5685 3051 5738; x_wconf 68' lang='grc' dir='ltr'>καὶ</span> <span class='ocrx_word' id='word_1_765' title='bbox 3081 5683 3321 5747; x_wconf 71' lang='grc' dir='ltr'>συνετὸς,</span> <span class='ocrx_word' id='word_1_766' title='bbox 3349 5684 3444 5737; x_wconf 76' lang='grc' dir='ltr'>καὶ</span> <span class='ocrx_word' id='word_1_767' title='bbox 3469 5682 3686 5749; x_wconf 83' lang='grc' dir='ltr'>Πνεῦμα</span> 
     </span>
    </p>
   </div>
  </div>
