3848 6218
144 271 304 331 2305

1413 279 1665 335 DANIEL
1701 277 1928 336 CAPUT
1963 278 2053 335 τι.

3260 269 3404 328 2806

148 393 319 462 ἅγιον
350 395 407 449 ἰν
434 395 580 467 αὐτῷ
615 397 812 462 +,xal
837 397 1257 470 56+060'Jpevo;
1295 401 1356 455 δν
1393 405 1512 467 ταῖς
1549 418 1730 472 πραγ-

1860 417 1992 467 gens,
2019 411 2072 456 et
2103 399 2335 472 Spiritus
2353 408 2574 456 sanctus
2597 399 2651 453 in
2675 412 2760 463 eo,
2788 405 2841 451 et
2871 408 3128 467 prospere
3153 408 3320 464 agens
3349 394 3404 447 in

154 486 425 554 ματείαις
451 501 515 542 -ι-
544 489 639 541 τοῦ
671 488 960 558 βασιλέως,
989 487 1078 556 αἷς
1113 492 1376 564 ἔπρασσε.

236 574 372 626 Τότε
397 578 426 630 6
450 576 702 646 βασιλεὺς
754 579 1108 635 ἐϐουλεύσατο
1149 586 1487 655 καταστῆσαι
1508 585 1602 638 τὸν
1631 589 1734 639 Δα-

153 663 286 734 νιὴλ
333 667 426 719 ἐπὶ
472 667 652 739 πάσης
683 673 780 740 τῆς
825 671 1101 741 βασιλείας
1144 673 1330 738 αὐτοῦ,
1363 675 1452 728 καὶ
1482 677 1609 739 τοὺς
1641 676 1737 730 δύο

156 754 387 823 ἄνδρας,
426 756 520 820 οὕς
565 761 870 831 κατέστησε
921 763 1040 833 μετ’
1071 763 1236 816 αὑτοῦ
1261 802 1276 828 ,
1319 767 1412 818 καὶ
1453 767 1736 838 σατράπας

157 845 363 898 ἑκατὸν
396 846 568 900 εἴκοσι
593 850 751 904 ἑπτά.
790 852 920 904 Ὅτε
939 852 996 904 δὲ
1023 853 1382 908 ἐϐουλεύσατο
1424 858 1452 909 6
1485 856 1737 926 βασιλεὺς

158 938 508 1008 καταστῆσαι
530 939 620 992 τὸν
655 942 851 1014 Δανιὴλ
879 943 971 996 ἐπὶ
999 945 1179 1015 πάσης
1216 947 1315 1016 τῆς
1343 947 1622 1017 βασιλείας
1649 951 1739 1004 αὑ-

155 1043 284 1084 του.

238 1119 291 1172 5.
327 1120 462 1173 Τότε
493 1120 685 1193 βουλὴν
738 1125 831 1177 καὶ
861 1125 1086 1198 γνώμην
1107 1128 1491 1184 ἐϐουλεύσαντο
1534 1132 1590 1184 ὲν
1616 1132 1741 1186 ἑαυ-

160 1212 282 1273 τοῖς
313 1213 362 1263 ol
389 1211 481 1264 δύο
516 1215 783 1269 νεανίσκοι
832 1218 969 1287 πρὸς
1020 1219 1280 1291 ἀλλήλους
1313 1222 1562 1290 λέγοντες
1595 1225 1740 1293 (ἐπεὶ

160 1301 425 1369 οὐδεμίαν
454 1304 728 1375 ἁμαρτίαν
765 1309 885 1361 οὐδὲ
912 1310 1134 1377 ἄγνοιαν
1165 1311 1428 1383 ηὕρισκον
1465 1315 1604 1368 κατὰ
1644 1316 1738 1369 τοῦ

163 1393 389 1462 Δανιὴλ,
423 1399 548 1466 περὶ
576 1393 642 1468 ἧς
675 1403 1138 1472 κατηγορήσουσιν
1170 1404 1334 1458 αὐτοῦ
1358 1405 1494 1476 πρὸς
1525 1407 1612 1460 τὸν
1641 1408 1738 1479 βα-

166 1486 376 1554 σιλέα),
401 1488 493 1540 καὶ
511 1483 691 1545 εἴπανσ
713 1492 898 1558 Δεῦτε,
922 1497 1208 1567 στήσωμεν
1221 1499 1446 1568 ὁρισμὸν
1465 1500 1588 1553 καθ’
1611 1502 1741 1554 ἐαυ-

163 1576 305 1638 τῶν,
339 1578 418 1630 ὃτι
448 1582 556 1642 πᾶς
579 1580 863 1653 ἄνθρωπος
896 1588 994 1640 οὐκ
1019 1587 1242 1652 ἀξιώσει
1272 1590 1509 1660 ἀξίωμα,
1555 1593 1648 1646 καὶ
1679 1593 1740 1646 οὐ

170 1665 253 1735 μὴ
282 1665 507 1736 εῦξηται
531 1670 694 1740 εὐχὴν
716 1673 824 1725 ἀπὸ
843 1676 1042 1740 παντὸς
1070 1676 1194 1730 θεοῦ
1221 1678 1324 1742 ἕως
1345 1680 1567 1752 ἡμερῶν
1590 1682 1742 1752 τριά-

1837 493 2070 560 negotiis
2102 493 2244 561 regis
2264 509 2386 563 qua:
2410 491 2650 561 gerebat.

1911 584 2065 640 Tunc
2103 603 2198 641 rex
2231 587 2472 641 decrevit
2521 583 2856 639 constituere
2907 580 3183 634 Danielem
3238 593 3404 647 super

1838 678 2148 732 universum
2187 693 2412 748 regnum
2448 693 2628 740 suum,
2662 685 2716 730 et
2751 674 2889 730 duos
2916 674 3081 734 viros,
3110 686 3246 740 quos
3270 685 3402 724 cen—

1838 770 2020 824 stituit
2049 785 2173 824 cum
2214 784 2300 834 eo,
2340 778 2392 822 et
2424 777 2670 836 satrapas
2695 773 2912 820 centum
2941 763 3131 833 viginti
3169 770 3398 830 septem.

1840 859 2070 926 Quando
2099 869 2274 914 autem
2311 859 2628 914 deliberavit
2666 872 2758 912 rex
2808 857 3143 912 constituere
3201 852 3400 907 Danie-

1841 954 1944 1007 lem
1987 968 2150 1022 super
2177 967 2337 1006 omne
2363 967 2586 1022 regnum
2622 965 2803 1005 suum.

1910 1127 1963 1181 Β.
2004 1127 2158 1182 Tunc
2203 1126 2490 1181 consilimu
2562 1132 2616 1178 et
2663 1123 2990 1179 sententiam
3040 1121 3283 1175 inierunt
3325 1117 3400 1171 illi

1839 1218 1950 1273 duo
1990 1217 2361 1272 adolescentes
2397 1218 2532 1270 inter
2563 1231 2620 1270 se
2664 1213 2946 1284 loquentes
2975 1213 3202 1266 invicem
3237 1213 3404 1281 (quo-

1842 1313 1986 1366 niam
2017 1311 2223 1366 nullum
2253 1309 2531 1374 delictum,
2560 1324 2736 1379 neque
2771 1307 3131 1375 ignorantiam
3157 1304 3401 1358 invenie-

1841 1404 1971 1458 bant
2031 1413 2221 1458 contra
2280 1403 2592 1465 Danielem,
2646 1402 2714 1454 de
2758 1416 2862 1468 qua
2922 1404 3240 1453 accusarent
3277 1411 3400 1449 eum

1843 1496 1984 1563 apud
2016 1495 2234 1565 regem)
2281 1504 2334 1546 rl.
2378 1494 2632 1560 dixerunt
2666 1511 2679 1545 :
2714 1490 2941 1551 Venite,
2977 1499 3278 1544 statuamus
3315 1486 3406 1538 dc-

1844 1590 2048 1643 finitam
2100 1588 2268 1658 legem
2327 1597 2517 1642 contra
2573 1584 2973 1653 nosmetipsos,
3020 1581 3160 1651 quod
3219 1580 3403 1633 nullus

1846 1680 2007 1732 homo
2039 1681 2252 1748 rogabit
2284 1679 2622 1748 petitionem,
2648 1693 2822 1746 neque
2855 1674 3234 1743 deprccahitur
3262 1689 3404 1741 qua-

168 1773 361 1823 κοντα,
387 1759 503 1813 ἀλλ’
531 1761 564 1832 ἢ
599 1764 752 1833 παρὰ
779 1766 1004 1836 Δαρείου
1039 1767 1132 1820 τοῦ
1163 1740 1426 1837 βασιλέως
1445 1740 1536 1824 ’,εί
1561 1740 1738 1842 sem.

1864 1785 2170 1837 emcunque
2203 1770 2366 1824 deum
2409 1784 2584 1838 usque.
2617 1772 2682 1821 ad
2734 1769 2850 1822 dies
2879 1766 3094 1836 triginta
3117 1805 3133 1830 ,
3184 1773 3406 1834 praeter-

166 1851 557 1904 ἀποθανεῖταιο
594 1853 679 1906 ἵνα
710 1857 982 1926 ὴττήσωσι
1019 1858 1109 1911 τὸν
1141 1860 1338 1931 Δανιὴλ
1381 1861 1622 1914 ἐναντίον
1648 1862 1740 1915 τοῦ

169 1941 461 2010 βασιλέως,
505 1947 601 1999 καὶ
649 1949 778 2019 ῥιφῇ
813 1952 892 2013 είς
937 1950 1028 2005 τὸν
1079 1951 1279 2006 λάκκον
1333 1953 1442 2007 τῶν
1489 1953 1740 2008 λεόντων.

170 2035 438 2104 ’ῌδεισαν
466 2037 596 2107 γὰρ,
637 2039 718 2092 ὅτι
756 2040 952 2112 Δανιὴλ
999 2044 1390 2114 προσεύχεται,
1434 2045 1530 2098 καὶ
1561 2044 1744 2098 δεῖται

165 2126 384 2196 Κυρίου
418 2127 511 2180 τοῦ
535 2127 668 2182 Θεοῦ
696 2131 856 2184 αὑτοῦ
881 2132 1000 2202 τρὶς
1028 2133 1125 2204 τῆς
1155 2135 1389 2206 ἡμέρας.

241 2306 297 2362 6.
315 2309 452 2362 Τότε
475 2310 850 2382 προσήλθοσαν
869 2314 918 2367 οί
941 2313 1036 2369 avo
1045 2332 1212 2386 ρωποι
1232 2317 1444 2384 ἐκεῖνοι,
1472 2318 1565 2372 καὶ
1584 2315 1743 2374 εἶπαν

164 2401 415 2455 ἐναντίον
443 2402 536 2455 τοῦ
569 2403 850 2473 βασιλέως.

245 2494 299 2547 7.
343 2493 599 2566 Ὀρισμὸν
651 2497 744 2550 καὶ
763 2496 953 2550 στάσιν
967 2499 1292 2569 ἐστήσαμεν,
1313 2501 1394 2554 ὃτι
1423 2503 1530 2567 πᾶς
1542 2503 1745 2576 ἄνθρω-

165 2599 308 2651 πος,
341 2585 400 2649 ὃς
430 2586 495 2639 ἂν
524 2586 742 2658 εῦξηται
773 2588 956 2660 εὐχὴν,
982 2589 1014 2660 ἢ
1041 2589 1244 2661 ἀξιώσῃ
1269 2590 1486 2662 ἀξίωμά
1514 2611 1562 2647 τι
1596 2595 1745 2664 παρὰ

169 2677 379 2741 παντὸς
432 2679 559 2732 θεοῦ
602 2680 706 2743 ἓως
746 2681 967 2754 ἡμερῶν
1009 2683 1338 2752 τριάκοντα,
1372 2683 1486 2738 ἀλλ’
1530 2685 1743 2758 ἤπαρᾶ

164 2769 401 2841 Δαρείου
426 2770 518 2823 τοῦ
543 2771 827 2841 βασιλέως.

239 2859 296 2917 8.
336 2863 645 2932 Ῥιφήσεται
673 2864 754 2926 είς
779 2863 868 2916 τὸν
901 2863 1103 2918 λάκκον
1129 2865 1236 2918 τῶν
1259 2865 1508 2920 λεόντων.

240 2950 295 3007 9.
324 2953 438 3006 Kal
469 2952 638 3017 οὕτως
665 2955 693 3007 6
723 2953 976 3024 βασιλεὺς
995 2956 1220 3028 Δαρεῖος
1250 2956 1466 3026 ἔστησε,
1493 2954 1589 3008 καὶ
1617 2956 1744 3009 lxii-

255 3061 288 3097 σ
291 3061 373 3099 εν.

255 3061 373 3099 σεν.

169 3061 333 3190 ρω10.
378 3135 662 3202 Ἐπιγνοὺς
691 3135 748 3188 δὲ
775 3134 971 3207 Δανιὴλ
1016 3134 1106 3190 τὸν
1137 3135 1363 3207 ὁρισμὸν
1385 3175 1400 3203 ,
1447 3140 1508 3190 ὸν
1549 3137 1743 3209 ιστησε

168 3225 294 3278 κατ’
358 3223 545 3284 αὐτοῦ.
579 3223 798 3295 θυρίδας
837 3223 1044 3296 ἤνοιξεν
1083 3224 1139 3277 ἐν
1174 3223 1251 3296 τῷ
1299 3225 1529 3297 ὑπερῴῳ
1577 3224 1745 3277 αὐτοῦ

170 3315 462 3368 κατέναντι
507 3316 860 3387 Ἰερουσαλήμ
885 3332 898 3345 ·
955 3317 1047 3369 καὶ
1079 3316 1307 3370 ἔπιπτεν
1339 3315 1428 3368 ἐπὶ
1457 3315 1746 3386 πρόσωπον

169 3407 340 3464 αὑτοῦ
372 3407 491 3478 τρὶς
517 3412 616 3481 τῆς
643 3409 871 3481 ἡμέρας,
895 3409 1078 3473 καθὼς
1107 3409 1278 3462 ἐποίει
1302 3408 1632 3480 ἔμπροσθεν,
1652 3408 1747 3462 καὶ

171 3501 370 3554 ἐδεῖτο.

244 3593 336 3647 11.
369 3592 480 3645 Kal
519 3591 674 3646 αὐτοὶ
713 3592 987 3664 ἐτήρησαν
1014 3591 1104 3645 τὸν
1139 3591 1358 3664 Δανιὴλ,
1391 3591 1484 3645 καὶ
1515 3591 1747 3646 κατελά-

170 3686 341 3740 εοσαν
364 3686 527 3740 αὑτὸν
550 3685 840 3757 εὐχόμενον
863 3687 982 3758 τρὶς
1005 3684 1104 3757 τῆς
1131 3686 1235 3758 ἠμέ
1244 3703 1342 3756 ρας
1366 3685 1488 3740 καθ’
1511 3685 1747 3756 ἑκάστην

167 3779 411 3850 suleav-

245 3894 336 3949 12.
384 3893 518 3949 Τότε
541 3888 686 3947 οῦτοι
713 3891 768 3945 οἱ
810 3891 1087 3963 ἄνθρωποι
1132 3889 1378 3961 ἐνέτυχον
1409 3889 1487 3961 τῷ
1515 3889 1744 3960 βασιλεῖ,

170 3988 269 4043 καὶ
297 3983 479 4041 εἶπαν·
511 3988 702 4058 Δαρεῖε
753 3983 996 4055 βασιλεῦ,
1027 3984 1126 4054 οὐχ
1145 3983 1372 4055 ὁρισμὸν
1418 3984 1625 4054 ὡρίσω,
1661 3985 1748 4038 ἵνα

169 4083 284 4144 πᾶς
313 4079 597 4150 ἄνθρωπος
630 4077 704 4148 μὴ
729 4075 952 4143 εὔξηται
977 4075 1162 4146 εὐχὴν,
1186 4075 1318 4146 μηδὲ
1348 4073 1554 4146 ἀξιώσῃ
1581 4076 1746 4140 ἀξίω-

173 4191 254 4245 μα
281 4172 436 4244 παρὰ
461 4171 661 4232 παντὸς
697 4169 833 4224 Θεοῦ
879 4170 983 4234 ἕως
1009 4169 1231 4241 ἡμερῶν
1266 4169 1577 4242 τριάκοντα,
1612 4169 1748 4223 ἀλλὰ

172 4266 333 4337 παρὰ
357 4264 473 4331 σοῦ,
507 4262 762 4334 βασιλεῦ;
795 4263 844 4316 εί
875 4262 932 4316 δὲ
965 4262 1060 4333 μὴ,
1086 4264 1370 4334 ριφήσεται
1401 4263 1480 4325 είς
1503 4260 1591 4316 τὸν
1612 4261 1745 4315 λάκε

173 4376 273 4413 κον
297 4357 408 4411 τῶν
433 4357 683 4410 λεόντων.

1771 3069 1818 3132 C

1840 1878 2004 1932 quam
2042 1862 2260 1916 Dariqu
2314 1877 2534 1930 regem:
2576 1859 2720 1928 quod
2766 1859 2820 1913 ni
2864 1857 3056 1918 faciat,
3106 1857 3401 1920 morietur;

1841 1963 1902 2007 ut
1929 1953 2207 2008 vincerent
2238 1952 2513 2007 Danielem
2558 1951 2610 2005 in
2643 1947 2933 2019 censpcetu
2983 1949 3145 2018 regis,
3185 1957 3240 2001 ct
3273 1963 3402 2016 pro-

1835 2044 2100 2112 jiceretur
2141 2045 2193 2097 in
2239 2043 2415 2098 lacum
2461 2044 2702 2097 leonum.
2737 2040 3010 2096 Noveram
3044 2040 3220 2100 enim.
3256 2039 3402 2107 quod

1845 2133 2029 2189 Daniel
2082 2145 2286 2197 oraret,
2335 2144 2390 2191 et
2451 2135 2834 2205 deprecaretur
2886 2133 3173 2189 Dominum
3233 2130 3402 2185 Deum

1841 2243 1999 2281 suum
2029 2237 2106 2280 ter
2139 2228 2192 2281 in
2217 2227 2325 2282 die.
2899 2287 2902 2290 ,

1911 2318 1965 2373 6.
1999 2317 2154 2375 Tunc
2201 2329 2551 2377 accesserunt
2599 2319 2852 2374 homines
2892 2317 3010 2381 illi,
3044 2325 3100 2371 et
3146 2314 3404 2370 dixerunt

1841 2423 2025 2463 coram
2060 2425 2205 2480 rege.

1914 2502 1964 2558 7.
2003 2502 2286 2558 Detinitam
2311 2504 2506 2575 legem,
2536 2513 2590 2558 ct
2614 2502 3052 2558 constitutionem
3090 2499 3404 2558 statuimus.

1843 2596 1988 2664 quod
2025 2597 2203 2652 omnis
2228 2597 2394 2652 homo
2433 2597 2764 2667 quicumque
2792 2595 3029 2648 oraverit
3050 2634 3065 2657 ,
3094 2601 3146 2646 et
3178 2606 3406 2659 rogave-

1843 2689 1915 2742 rit
1943 2689 2257 2758 petitionem
2285 2690 2524 2758 aliquam
2561 2689 2629 2742 ab
2667 2686 2814 2744 omni
2844 2688 2948 2742 deo
2983 2700 3158 2755 usque
3183 2683 3252 2739 ad
3277 2682 3398 2737 dies

1842 2781 2086 2850 triginta,
2115 2780 2220 2836 nisi
2253 2796 2284 2835 a
2329 2779 2490 2834 Dario
2518 2793 2662 2850 rege.

1913 2871 1966 2925 8.
1997 2871 2322 2942 Projicietur
2349 2871 2403 2925 in
2432 2871 2606 2926 lacum
2641 2869 2878 2925 leonum.

1913 2965 1968 3020 9.
2003 2965 2071 3019 Et
2099 2965 2170 3021 ita
2197 2979 2290 3020 rex
2321 2964 2514 3020 Darius
2543 2964 2752 3026 statuit,
2780 2970 2831 3016 et
2857 2971 3032 3016 ratum
3060 2959 3204 3015 fecit.

1918 3141 2005 3197 10.
2042 3141 2180 3196 Cum
2209 3150 2384 3195 autem
2436 3139 2624 3193 Daniel
2666 3135 3010 3207 cognovisset
3061 3131 3408 3187 constitutio-

1845 3249 1967 3287 nem
1998 3272 2014 3296 ,
2043 3249 2205 3303 quam
2239 3240 2504 3286 statuerat
2551 3238 2742 3284 contra
2780 3244 2859 3293 se,
2893 3227 3158 3282 fenestras
3197 3225 3410 3294 aperuit

1845 3324 1900 3378 in
1938 3337 2152 3377 summa
2184 3324 2379 3377 mdium
2415 3336 2638 3377 suarum
2679 3328 2834 3391 parte
2859 3327 3049 3373 contra
3079 3315 3407 3379 Jerusalem,

1844 3424 1899 3470 et
1935 3415 2247 3485 procidebat
2281 3429 2444 3484 super
2478 3412 2674 3468 faciem
2719 3427 2874 3468 suam
2908 3422 2988 3466 ter
3020 3411 3071 3464 in
3111 3410 3232 3474 die,
3264 3409 3408 3463 sicut

1847 3506 2076 3562 faciebat
2102 3515 2278 3569 antea,
2312 3517 2362 3561 et
2400 3505 2809 3576 deprecabatur.
2896 3565 2918 3584 .

1917 3599 2005 3653 11.
2042 3598 2109 3654 Ει
2145 3599 2245 3669 ipsi
2284 3599 2647 3653 observarunt
2683 3596 2989 3656 Danielem,
3022 3605 3076 3648 et
3110 3592 3409 3664 deprehen-

1845 3693 2040 3749 derunt
2062 3709 2186 3748 eum
2215 3702 2461 3748 orantem
2488 3701 2566 3746 ter
2595 3690 2648 3745 in
2685 3690 2770 3744 die
2791 3687 3052 3760 quotidie.

1919 3894 2005 3949 12.
2045 3893 2198 3948 Tunc
2238 3890 2327 3947 isti
2374 3891 2626 3946 homines
2665 3896 3037 3946 convenerunt
3083 3901 3302 3957 regem,
3352 3893 3408 3940 et

1847 3988 2103 4042 dixertmt
2138 4005 2150 4040 :
2191 3984 2351 4039 Darie
2379 3999 2496 4049 rex,
2535 3997 2716 4036 nonne
2742 3982 2910 4051 legem
2936 3978 3259 4042 statuisti,ut
3287 3992 3409 4031 om-

1847 4079 2114 4133 nishomo
2134 4093 2238 4131 non
2273 4084 2414 4142 oret,
2437 4090 2615 4143 neque
2637 4080 2786 4142 roget
2816 4071 3130 4141 petitionem
3157 4069 3226 4123 ab
3255 4067 3404 4122 omni

1847 4167 1958 4222 Deo
1987 4182 2161 4238 usque
2203 4165 2270 4220 ad
2308 4165 2426 4220 dies
2453 4164 2674 4235 triginta
2700 4203 2716 4227 ,
2754 4161 2859 4215 nisi
2894 4175 2924 4212 a
2964 4169 3038 4225 te,
3073 4159 3208 4214 rex?
3248 4172 3409 4214 secus

1847 4272 1999 4324 vero,
2023 4255 2343 4328 projiciatur
2371 4255 2425 4310 in
2458 4253 2632 4308 lacum
2671 4252 2909 4306 leonum.

248 4473 334 4528 13.
365 4469 706 4541 Ἀποκριθεὶς
733 4469 790 4522 δὲ
818 4469 847 4522 6
865 4467 1118 4539 βασιλεὺς
1144 4463 1297 4521 εἶπεν
1326 4467 1534 4531 αὐτοῖς,
1554 4468 1742 4540 Ἀκρι-

1920 4459 2004 4517 13.
2045 4457 2399 4529 Respondens
2429 4464 2608 4510 autem
2652 4470 2745 4508 rex
2773 4453 2910 4508 dixit
2953 4453 3070 4509 eis:
3103 4455 3297 4509 Certus
3326 4461 3410 4510 est

174 4566 278 4638 θὴς
306 4566 337 4619 6
363 4565 540 4634 λόγος,
564 4564 655 4618 καὶ
692 4565 844 4635 μενεῖ
865 4564 894 4617 6
937 4562 1184 4634 ὁρισμός.
1237 4563 1346 4616 Kal
1394 4555 1546 4614 εἷπον
1571 4561 1742 4633 αὐτῷ·

1860 4567 2049 4618 lcrmo,
2075 4560 2131 4606 et
2172 4548 2416 4604 manebit
2444 4548 2551 4601 lex.
2577 4545 2645 4599 Et
2674 4545 2930 4599 dixerunt
2955 4543 3004 4598 ei
3038 4560 3052 4598 :
3079 4543 3410 4613 Adjuramus

188 4634 513 4732 ’ὀρκίζομέν
531 4675 589 4710 σε
612 4634 722 4719 τοῖς
750 4657 950 4727 Μήδων
993 4656 1088 4708 καὶ
1110 4655 1334 4727 Περσῶν
1353 4655 1636 4723 δόγμασιν,
1662 4655 1742 4707 ἵνα

1860 4657 1899 4698 le
1929 4659 2026 4714 per
2056 4642 2332 4697 Medorum
2383 4647 2438 4694 et
2474 4636 2759 4691 Persarum
2787 4634 3023 4698 decreta,
3057 4642 3117 4688 ut
3147 4649 3252 4688 non
3284 4649 3410 4704 per-

181 4726 268 4822 μὶί
289 4726 588 4818 meum;
620 4747 680 4800 τὸ
709 4726 1057 4817 πρόσταγμα.
1092 4726 1225 4815 μηδὲ
1261 4744 1545 4815 θαυμάσῃς
1580 4744 1742 4815 πρόσ-

1860 4747 2025 4790 mutes
2050 4741 2376 4804 praeceptum
2399 4771 2415 4796 ,
2448 4744 2623 4800 neque
2661 4726 2950 4783 admireris
2979 4741 3268 4798 personam
3307 4742 3322 4781 :
3355 4732 3412 4780 et

176 4815 331 4892 λίπον
350 4851 365 4866 ·
395 4840 492 4891 καὶ
513 4815 601 4890 ’ίνα
633 4835 706 4907 μὴ
735 4815 1039 4908 ἐλαττώσῃς
1066 4851 1118 4886 τι
1136 4834 1243 4887 τῶν
1259 4833 1582 4904 εἰρημένων,
1612 4833 1742 4888 ἀλλᾶ

1860 4837 1905 4880 ιιι
1937 4839 2044 4879 non
2084 4823 2339 4878 detrahas
2387 4819 2686 4890 quidquam
2738 4833 2806 4873 ex
2855 4817 2976 4883 his,
3021 4832 3143 4886 qua:
3192 4815 3409 4870 decreta

179 4931 276 4985 καὶ
310 4929 548 5002 κολάσῃς
575 4927 666 4982 τὸν
703 4927 1008 4999 ἄνθρωπον,
1040 4925 1098 4990 ὃς
1121 4926 1222 4980 οὐκ
1244 4926 1486 4996 ἐνέμεινε
1519 4925 1598 4996 τῷ
1635 4928 1742 4997 ὁρι-

1860 4927 2008 4983 suut;
2040 4915 2170 4985 quin
2213 4913 2323 4967 imo
2361 4911 2559 4983 punias
2587 4909 2863 4966 hominem
2884 4948 2898 4972 ,
2927 4910 3256 4978 quicumque
3295 4922 3408 4962 non

180 5021 307 5092 σμῷ
328 4998 519 5088 emitto.
540 5018 650 5074 Kal.
669 4998 838 5074 εἶπεν·
867 5017 1051 5082 Οὕτως
1068 5019 1296 5088 ποιήσω,
1327 5015 1508 5082 καθὼς
1536 5017 1742 5087 λέγετε,

1860 5009 2055 5062 steterit
2098 5005 2472 5061 constitutioni
2521 5004 2670 5060 huic.
2735 5000 2804 5056 Et
2849 5000 3030 5056 dixit:
3089 4999 3164 5054 Ita
3189 4998 3404 5064 faciam,

178 5111 277 5164 καὶ
295 5109 492 5181 ἕστηκέ
518 5125 608 5180 μοι
636 5108 810 5163 τοῦτο.

255 5222 343 5275 ﬂ.
371 5219 478 5273 Kal
508 5213 699 5272 εἴπαν·
733 5219 860 5273 ’1δοῦ
884 5217 1116 5289 εὕρομεν
1144 5216 1340 5288 Δανιὴλ
1368 5215 1458 5270 τὸν
1488 5215 1636 5284 φίλον
1654 5232 1744 5268 σου

182 5312 476 5381 εὐχόμενον
508 5310 602 5363 καὶ
625 5309 875 5378 δεόμενον
897 5307 991 5361 τοῦ
1021 5307 1311 5378 προσώπου
1351 5306 1443 5360 τοῦ
1488 5306 1622 5359 Θεοῦ
1651 5308 1749 5359 αὐ-

181 5400 276 5454 τοῦ
321 5401 444 5470 τρὶς
488 5402 587 5470 τῆς
612 5400 839 5469 ἡμέρας.
885 5397 992 5451 Kal
1037 5396 1370 5467 λυπούμενος
1413 5398 1441 5449 6
1471 5395 1743 5467 βασιλεὺς,

182 5492 338 5546 εἶπεν
372 5491 592 5561 ῥιφῆναι
619 5490 709 5542 τὸν
739 5488 937 5559 Δανιὴλ
967 5489 1045 5552 είς
1077 5487 1168 5541 τὸν
1201 5488 1401 5542 λάκκον
1443 5488 1551 5540 τῶν
1597 5488 1744 5542 λεόν-

181 5603 311 5647 των,
343 5582 482 5636 κατὰ
507 5583 596 5636 τὸν
614 5583 837 5654 ὁρισμὸν
865 5582 925 5635 ὃν
956 5582 1148 5653 ἔστησε
1183 5582 1302 5635 κατ’
1337 5581 1524 5635 αὐτοῦ.
1555 5581 1685 5634 Τότε
1717 5583 1746 5636 6

182 5675 437 5750 βασιλεὺς
472 5675 675 5746 σφόδρα
697 5675 940 5747 ἐλυπήθη
963 5674 1054 5729 ἐπὶ
1088 5674 1180 5730 τὸν
1211 5673 1428 5745 Δανιὴλ,
1457 5673 1550 5730 καὶ
1582 5674 1744 5746 ἐϐοή-

1847 5095 2302 5167 quemadmodum
2333 5093 2535 5158 dicitis,
2558 5101 2614 5147 et
2633 5101 2806 5146 ratum
2834 5099 2916 5146 est
2944 5088 3075 5143 mihi
3100 5089 3264 5144 istud.

1917 5209 2004 5262 14.
2040 5209 2104 5262 Et
2129 5207 2416 5263 dixerunt:
2452 5204 2592 5262 Ecce
2632 5204 2936 5260 invenimus
2969 5203 3240 5258 Danielem
3275 5203 3410 5256 ami-

1846 5317 1969 5355 cum
2007 5310 2160 5354 tuum
2190 5307 2456 5365 orantem,
2486 5307 2539 5353 et
2569 5298 2946 5362 deprecantem
2987 5297 3175 5352 faciem
3203 5294 3292 5350 Dei
3321 5295 3407 5349 sui

1848 5403 1930 5448 ter
1971 5393 2024 5446 in
2075 5392 2184 5445 die.
2222 5390 2284 5444 Et
2314 5392 2671 5446 contristatus
2721 5405 2833 5454 rex,
2887 5387 3026 5442 dixit
3062 5395 3120 5440 ut
3175 5387 3405 5456 projice-

1846 5495 1996 5540 rctur
2026 5483 2209 5538 Daniel
2234 5483 2286 5535 in
2318 5482 2494 5537 lacum
2523 5482 2736 5535 leonum
2765 5480 2919 5548 juxta
2947 5479 3405 5544 constitutionem,

1847 5593 2008 5648 quam
2039 5585 2300 5633 statuerat
2338 5575 2597 5630 adversus
2621 5588 2766 5627 eum.
2804 5571 2954 5627 Tunc
2977 5586 3066 5626 rex
3105 5569 3407 5626 vehementi

1847 5670 2034 5727 dolore
2067 5669 2292 5726 affectus
2335 5676 2421 5724 est
2465 5681 2630 5739 super
2674 5663 2972 5734 Danielem,
3021 5670 3077 5721 et
3123 5661 3413 5735 adjuvabat
