3848 6218
393 276 410 340 ἕ

470 274 615 332 2807

1547 284 2022 346 HEXAPLORUM
2057 285 2228 354 ρυλε
2269 288 2681 350 SUPERSUNT

3563 297 3710 355 2808

463 407 639 461 usque
664 392 732 448 ad
752 407 1009 453 occasum
1033 398 1189 465 solis,
1207 408 1268 455 ut
1292 401 1522 471 eriperet
1542 417 1667 460 eum
1688 405 1756 461 de
1777 405 2018 461 manibus

2149 401 2216 456 ist
2241 402 2337 458 τοῦ
2359 404 2637 470 ἐξελέσθαι
2665 407 2828 462 αὑτὸν
2855 408 2962 474 ἓως
2983 397 3222 482 ’δυσμῶν
3260 407 3413 479 ἡλίου
3459 410 3568 465 ἀπὸ
3593 411 3708 464 τῶν

463 493 828 555 satraparum.

531 577 620 632 15.
644 577 709 633 Ει
732 595 840 635 non
876 583 1050 650 potuit
1081 583 1312 641 liberare
1335 601 1459 642 eum
1486 589 1554 644 ab
1579 589 1672 645 eis.

531 670 620 727 16.
651 670 974 731 Exclamans
1022 685 1201 731 autem
1257 677 1452 735 Darius
1486 696 1578 736 rex
1604 680 1741 736 dixit
1772 680 1976 737 Danieli
2010 699 2023 736 :

464 760 605 818 Deus
654 771 801 828 tuus,
861 781 1021 835 quem
1053 776 1108 822 tu
1146 769 1280 824 colis
1301 769 1502 840 jugiter
1546 780 1628 827 ter
1666 774 1718 826 in
1748 773 1856 838 die,
1909 773 2026 842 ipse

459 854 683 925 erripiet
713 857 856 912 tede
895 873 1061 914 manu
1099 861 1344 928 leonum;
1389 878 1560 933 usque
1611 880 1769 922 mane
1795 867 2024 922 conﬁde.

531 1033 620 1087 l7.
663 1031 816 1089 Tunc
841 1033 1026 1090 Daniel
1064 1037 1338 1108 projectus
1373 1050 1453 1094 est
1483 1040 1534 1094 in
1570 1041 1747 1097 lacum
1782 1044 2020 1098 leonum.

461 1123 525 1178 Et
564 1125 757 1180 allatus
784 1135 866 1180 est
891 1127 1048 1196 lapis,
1077 1139 1130 1183 et
1151 1131 1359 1196 positus
1401 1141 1483 1186 est
1511 1149 1674 1203 super
1703 1151 1766 1190 os
1796 1137 1895 1190 laci
1924 1154 1938 1203 ;
1971 1147 2025 1192 et

458 1217 764 1287 obsignavit
791 1236 884 1273 rex
916 1223 1116 1276 annulo
1132 1239 1250 1290 suo,
1264 1234 1319 1278 et
1339 1226 1552 1280 annulis
1569 1227 1885 1295 optimatum
1906 1245 2025 1284 suo.

460 1325 603 1374 rum,
624 1320 681 1364 ut
709 1325 814 1365 non
843 1312 911 1366 ah
941 1314 1047 1369 illis
1077 1315 1352 1371 tolleretur
1374 1316 1582 1386 Daniel,
1620 1329 1819 1376 autrex
1837 1331 2021 1378 extra-

461 1401 612 1457 heret
636 1420 760 1458 eum
784 1406 848 1460 de
874 1406 1014 1462 lacu.

531 1580 617 1634 18.
651 1579 802 1636 Tunc
855 1597 1106 1640 reversus
1145 1593 1228 1639 est
1266 1601 1362 1640 rex
1413 1586 1464 1640 in
1487 1587 1688 1658 regiam
1739 1604 1915 1653 suam,
1969 1597 2022 1644 et

457 1675 793 1740 pernoctavit
824 1675 1064 1744 jejunus,
1094 1686 1147 1731 et
1171 1688 1287 1732 erat
1324 1689 1552 1734 moestus
1581 1690 1798 1751 propter
1823 1683 2019 1737 Danie-

2133 498 2336 569 χειρῶν
2354 499 2472 553 τῶν
2501 501 2817 570 σατραπῶν.

2204 590 2293 645 15.
2324 591 2435 644 Καὶ
2463 591 2563 644 οὐκ
2585 592 2814 662 ὴδύνατο
2836 591 3111 659 ἐξελέσθαι
3140 592 3302 648 αὑτὸν
3323 593 3416 649 ἀπ’
3433 593 3631 649 αὐτῶν.

2205 680 2293 736 16.
2339 681 2672 751 Ἀνασοὴσας
2699 683 2757 736 δέ
2779 685 3004 755 Δαρεῖος
3029 686 3058 738 6
3087 684 3338 755 βασιλεὺς
3357 681 3477 738 εἶπε
3503 686 3581 757 τῷ
3601 689 3708 739 Δα-

2132 772 2274 844 νιὴλ”
2309 773 2370 826 '0
2415 773 2548 837 Θεός
2577 791 2691 839 σου,
2807 776 2871 829 σὺ
2913 775 3196 848 λατρεύεις
3239 777 3545 848 ἐνδελεχῶς,
3580 779 3706 848 τρὶς

2130 865 2229 934 τῆς
2254 865 2491 936 ἡμέρας,
2519 866 2680 931 αὐτὸς
2713 866 2975 930 ἐξελεϊταί
3003 884 3062 921 σε
3090 871 3154 921 ἐκ
3196 867 3377 939 χειρὸς
3423 869 3532 922 τῶν
3553 868 3703 923 λεόν-

2130 975 2258 1024 των,
2289 959 2393 1020 ἓως
2413 957 2557 1028 πρωῒ
2587 958 2798 1030 θάρρει.

2204 1048 2290 1102 17.
2319 1047 2452 1100 Τότε
2482 1047 2679 1118 Δανιὴλ
2704 1048 2903 1120 ἐρρίφη
2934 1048 3012 1111 είς
3037 1047 3130 1102 τὸν
3174 1046 3374 1102 λάκκον
3411 1047 3520 1101 τῶν
3553 1046 3702 1100 λεόν-

2129 1156 2269 1203 των,
2320 1139 2412 1191 καὶ
2439 1139 2636 1209 ἠνέχθη
2668 1138 2834 1202 λίθος,
2869 1140 2962 1192 καὶ
3001 1138 3157 1210 ἐτέθη
3190 1140 3268 1202 είς
3295 1140 3352 1192 τὸ
3401 1141 3576 1209 στόμα
3603 1137 3695 1192 τοῦ

2129 1229 2353 1296 λάκκου,
2384 1231 2480 1284 καὶ
2509 1231 2878 1301 ἐσφραγίσατο
2901 1234 2928 1284 6
2957 1231 3206 1300 βασιλεὺς
3241 1234 3297 1284 ἐν
3322 1231 3399 1300 τῷ
3430 1231 3696 1301 δακτυλίῳ

2130 1321 2343 1385 ἑαυτοῦ,
2377 1323 2470 1375 καὶ
2506 1324 2564 1376 ἐν
2594 1325 2704 1384 τοῖς
2741 1322 3044 1386 δακτυλίοις
3081 1324 3188 1376 τῶν
3219 1323 3555 1393 μεγιστάνων
3595 1324 3696 1375 αὑ-

2071 1439 2076 1448 ·
2126 1411 2242 1477 τοῦ,
2271 1414 2419 1475 ὅπως
2455 1414 2528 1484 μὴ
2555 1414 2649 1467 ἀπ’
2676 1415 2854 1468 αὐτῶν
2881 1413 3018 1486 ἀρθῇ
3041 1415 3068 1466 6
3101 1415 3296 1484 Δανιὴλ
3331 1428 3416 1478 4-,
3438 1415 3472 1483 ἢ
3497 1416 3526 1467 6
3553 1413 3703 1483 βασι-

2127 1502 2252 1567 λεὺς
2284 1503 2444 1557 αὐτὸν
2469 1505 2760 1578 ἀνασπάσῃ
2794 1506 2856 1558 ἐκ
2880 1504 2973 1557 τοῦ
2996 1505 3196 1559 λάκκου
3218 1503 3256 1575 /

2204 1597 2287 1653 18.
2324 1598 2457 1651 Τότε
2505 1599 2843 1669 ὑπέστρεψεν
2880 1601 2909 1652 6
2959 1599 3209 1668 βασιλεὺς
3255 1599 3334 1660 εἰς
3360 1598 3431 1652 τὰ
3451 1597 3700 1670 βασίλεια

2128 1689 2290 1743 αὐτοῦ
2316 1733 2330 1756 ,
2364 1691 2458 1742 καὶ
2491 1691 2716 1762 ηὐλίσθη
2740 1691 2960 1762 νήστης,
2991 1691 3085 1742 καὶ
3113 1686 3181 1761 ἦν
3209 1689 3544 1759 λυπούμενος
3569 1689 3699 1758 περὶ

458 1765 584 1818 lem.
607 1767 757 1822 Tune
785 1768 925 1823 Deus
955 1770 1208 1837 Danielis,
1237 1788 1423 1826 curam
1454 1774 1659 1829 habens
1696 1775 1860 1838 illius,
1888 1791 2018 1829 con-

2149 1782 2220 1837 τοῦ
2253 1783 2469 1854 Δανιὴλ.
2501 1755 2632 1836 Τότε
2653 1786 2680 1836 6
2707 1755 2838 1848 θεός
2865 1755 2958 1836 τοῦ
2977 1755 3195 1853 Δανιὴλ,
3227 1755 3484 1853 πρόνοιαν
3518 1755 3699 1837 ποιού-

459 1857 620 1912 clusit
667 1875 761 1914 ora
807 1861 1046 1929 leonum,
1100 1872 1154 1918 et
1201 1864 1505 1919 molestiam
1571 1881 1677 1920 non
1728 1871 2025 1924 attulerunt

462 1948 688 2005 Danieli.

529 2040 615 2096 l9.
642 2040 708 2096 Et
736 2059 831 2096 rex
878 2042 1070 2100 Darius
1125 2047 1359 2101 surrexit
1397 2048 1654 2113 diluculo,
1679 2057 1734 2104 et
1758 2051 2026 2121 assumpit

457 2145 642 2185 secum
707 2145 974 2206 satrapas,
1026 2145 1081 2191 et
1134 2139 1324 2194 abiens
1386 2141 1539 2196 stetit
1578 2156 1742 2211 super
1798 2158 1860 2198 os
1921 2143 2022 2198 laci

456 2223 698 2281 leonum.

523 2316 614 2371 20.
641 2317 834 2374 Postea
859 2335 949 2374 rex
979 2322 1192 2376 vocavit
1214 2321 1487 2378 Danielem
1518 2337 1650 2379 voce
1677 2339 1870 2394 magna
1895 2339 2018 2378 cum

452 2410 582 2464 ﬂetu
620 2411 805 2467 dicens
835 2430 848 2466 :
882 2412 926 2466 Ο
956 2413 1160 2480 Daniel,
1191 2415 1236 2469 si
1266 2415 1403 2470 forte
1433 2415 1588 2480 vivis,
1620 2424 1674 2470 et
1703 2415 1844 2472 Deus
1873 2427 2017 2482 tuus,

454 2517 614 2570 quem
655 2504 790 2558 colis
820 2520 1054 2574 semper,
1090 2508 1323 2562 servavit
1351 2515 1404 2564 te
1442 2508 1512 2562 de
1535 2509 1802 2576 leonibus,
1823 2518 1879 2564 et
1910 2526 2018 2565 non

454 2595 826 2650 contriverunt
851 2605 902 2650 te
921 2598 944 2650 ἲ

523 2687 613 2740 21.
647 2685 801 2742 Tunc
823 2687 1007 2742 Daniel
1034 2688 1290 2743 clamavit
1319 2705 1452 2745 voce
1473 2706 1689 2761 magna,
1721 2699 1771 2744 et
1791 2689 1946 2744 dixit:

522 2780 613 2834 22.
640 2779 774 2846 Rex,
811 2781 986 2836 adhuc
1008 2797 1126 2836 sum
1166 2783 1370 2849 vivens,
1411 2793 1464 2838 et
1491 2783 1740 2838 liberavit
1769 2799 1852 2838 me
1877 2783 2018 2838 Deus

452 2871 522 2926 de
543 2871 809 2940 leonibus,
831 2888 897 2927 eo
913 2875 1055 2944 quod
1074 2873 1284 2943 justitia
1306 2875 1356 2928 in
1376 2891 1461 2930 me.
1487 2875 1704 2930 inventa
1728 2885 1811 2930 est
1831 2891 2015 2930 coram

455 2979 558 3030 eo;
599 2965 691 3019 sed
721 2975 774 3019 et
809 2966 862 3020 in
896 2977 1183 3035 conspectu
1207 2975 1318 3032 tuo,
1344 2981 1457 3031 rex,
1493 2982 1667 3036 neque
1689 2967 2015 3038 ignorantia,

2127 1891 2286 1945 μενος
2309 1874 2493 1938 αὐτοῦ,
2522 1874 2812 1928 ἀπέκλεισε
2835 1874 2902 1927 τὰ
2930 1876 3174 1945 στόματα
3192 1873 3300 1927 τῶν
3326 1874 3580 1935 λεόντων,
3603 1870 3698 1926 καὶ

2124 1968 2182 2019 ού
2224 1967 2656 2038 παρηνώχλησαν
2682 1967 2760 2038 τῷ
2780 1968 3001 2038 Δανιὴλ.

2195 2059 2281 2112 19.
2312 2060 2421 2112 Καὶ
2462 2060 2491 2110 6
2524 2059 2774 2128 βασιλεὺς
2825 2060 3048 2129 Δαρεῖος
3094 2057 3326 2129 ῶρθρισε
3375 2053 3546 2126 πρωῒ,
3600 2052 3695 2107 καὶ

2123 2150 2400 2218 παρέλαϐε
2428 2151 2546 2222 μεθ’
2574 2150 2767 2205 ἑαυτοῦ
2797 2152 2924 2216 τοὺς
2955 2152 3256 2224 σατράπας,
3287 2151 3382 2205 καὶ
3407 2148 3694 2219 πορευθεξ

2121 2241 2250 2312 ἔστη
2280 2245 2372 2296 ἐπὶ
2393 2243 2486 2296 τοῦ
2528 2244 2796 2314 στόματος
2820 2243 2914 2297 τοῦ
2940 2244 3140 2297 λάκκου
3162 2243 3270 2296 τῶν
3297 2243 3552 2295 λεόντων.

2191 2334 2284 2391 20.
2317 2334 2450 2388 Τότε
2483 2337 2510 2388 6
2542 2335 2796 2404 βασιλεὺς
2823 2335 3047 2388 ἐκάλεσε
3075 2335 3165 2388 τὸν
3189 2333 3385 2404 Δανιὴλ
3414 2335 3568 2402 φωνῇ
3598 2348 3692 2400 με-

2120 2427 2260 2498 γάλῃ
2295 2426 2432 2497 μετὰ
2469 2425 2767 2496 κλαυθμοῦ,
2791 2427 2962 2494 λέγων
2983 2443 2995 2456 '
3021 2422 3090 2478 Ὦ
3113 2426 3330 2496 Δανιὴλ,
3358 2426 3405 2477 εἰ
3437 2425 3548 2493 ἄρα
3571 2423 3689 2493 ζῇς,

2120 2520 2214 2573 καὶ
2245 2522 2272 2572 6
2296 2519 2426 2582 Θεός
2473 2537 2587 2585 σου,
2621 2513 2665 2588 ᾧ
2704 2518 2986 2587 λατρεύεις
3030 2518 3338 2588 ἐνδελεχῶς,
3374 2516 3584 2569 σέσωκέ
3633 2531 3686 2567 σε

2119 2612 2227 2667 ἀπὸ
2255 2612 2362 2665 τῶν
2385 2612 2634 2676 λεόντων,
2665 2613 2759 2665 καὶ
2781 2613 2880 2665 οὐκ
2903 2610 3208 2682 ὴχρείωκάν
3242 2625 3333 2672 σε;

2187 2704 2246 2757 21
2264 2743 2278 2756 .
2307 2705 2439 2756 Τότε
2462 2702 2660 2773 Δανιὴλ
2681 2703 2952 2773 ἐπὴχουσε
2970 2704 3120 2771 φωνῇ
3141 2700 3370 2770 μεγάλῃ,
3391 2697 3487 2752 καὶ
3512 2692 3684 2749 εἴπεν·

2188 2796 2279 2850 22.
2307 2796 2556 2860 Βασιλεῦ,
2587 2795 2668 2848 ἔτι
2697 2795 2814 2863 είμὶ
2844 2794 2975 2858 ζῶν,
3010 2793 3104 2846 καὶ
3149 2792 3357 2845 σέσωκέ
3389 2807 3458 2862 με
3505 2791 3532 2843 6
3559 2789 3688 2852 Θεὸς

2117 2889 2226 2943 ἀπὸ
2256 2888 2363 2941 τῶν
2390 2888 2636 2953 λεόντων,
2669 2887 2790 2940 καθ’
2818 2886 2898 2939 ὄτι
2931 2884 3239 2955 δικαιοσύνη
3266 2885 3322 2937 ἐν
3348 2882 3470 2954 ἐμοὶ
3491 2881 3688 2952 εὑρέθη

2119 2979 2358 3033 ἐναντίον
2393 2978 2587 3031 αὐτοῦ’
2634 2978 2726 3030 καὶ
2769 2975 3008 3029 ἐναντίον
3038 2975 3095 3028 δέ
3132 2991 3248 3038 σου,
3277 2972 3520 3043 βασιλεῦ,
3565 2969 3690 3022 οὔτε

455 3073 633 3126 neque
668 3058 924 3113 delictum
951 3059 1344 3129 deprehensum
1385 3068 1468 3114 est
1498 3059 1551 3112 in
1579 3075 1665 3114 me
1700 3078 1714 3113 :
1756 3068 1809 3113 tu
1835 3068 2011 3114 autem

2149 3087 2330 3140 ιγνοια,
2362 3069 2485 3123 οὔτε
2506 3070 2750 3141 ἁμαρτία
2781 3068 2978 3140 εὑρέθη
3006 3069 3064 3120 ἐν
3088 3066 3209 3138 ἐμοί
3226 3082 3239 3096 ·
3270 3066 3334 3119 σὺ
3364 3065 3421 3118 δὲ
3448 3067 3688 3136 ἤκουσας

455 3150 653 3204 audisti
684 3151 949 3216 homines,
968 3153 1057 3218 qui
1082 3152 1345 3207 seducunt
1370 3168 1540 3223 rcges,
1563 3162 1615 3207 et
1633 3151 1906 3223 projecisti
1931 3169 2017 3209 me

2149 3160 2422 3232 ινθρώπων
2464 3161 2790 3215 πλανώντων
2822 3159 3079 3229 βασιλεῖς,
3113 3158 3210 3213 καὶ
3237 3157 3466 3232 ἔρριψάς
3509 3174 3578 3227 με
3609 3157 3690 3220 είς

454 3242 509 3296 in
552 3243 727 3297 lacum
759 3243 970 3297 leonum
1000 3244 1065 3298 ad
1087 3244 1460 3313 perditionem.

523 3334 611 3387 25.
637 3332 835 3387 Eodem
865 3341 1103 3403 tempore
1125 3333 1433 3402 congregati
1457 3341 1585 3388 sunt
1608 3346 1800 3387 omnes
1849 3331 2018 3400 magi-

454 3434 676 3490 stratus,
704 3435 756 3479 et
800 3425 1146 3481 intuebantur
1175 3426 1448 3480 Danielem
1466 3466 1481 3491 ,
1508 3425 1785 3496 quomodo
1813 3425 2014 3480 nullam

454 3519 754 3573 molestiam
779 3519 1086 3574 attulissent
1114 3519 1160 3573 ei
1184 3519 1387 3573 leones.

521 3611 610 3664 24.
636 3610 787 3664 Tunc
827 3611 935 3665 duo
965 3611 1212 3666 homines
1263 3612 1357 3675 illi,
1399 3611 1491 3679 qui
1526 3611 1786 3667 adversus
1821 3609 2016 3663 Danie-

453 3700 556 3754 lem
583 3701 948 3754 testimonium
998 3702 1267 3768 dixerant,
1304 3702 1430 3771 ipsi,
1457 3710 1511 3755 et
1550 3715 1746 3755 uxores
1800 3715 2012 3764 eorum,

453 3804 508 3847 et
539 3793 628 3846 lilii
667 3810 855 3849 eorum
909 3793 1135 3863 projecti
1179 3803 1308 3848 sunt
1356 3793 1624 3856 leonibus,
1652 3801 1704 3848 et
1732 3793 1916 3848 leones
1941 3791 2018 3846 in-

454 3883 787 3942 terfecerunt.
813 3901 926 3950 eos,
960 3894 1013 3940 et
1034 3886 1472 3940 comminuerunt
1500 3900 1623 3940 ossa
1645 3899 1854 3940 eorum.

519 4062 612 4118 25.
645 4062 798 4117 Tunc
841 4061 1034 4118 Darius
1081 4063 1299 4133 scripsit
1351 4063 1604 4119 omnibus
1657 4063 1929 4134 gentibus,
1964 4071 2017 4118 et

454 4155 673 4224 linguis,
719 4164 772 4210 et
821 4155 1150 4225 regionibus,
1177 4165 1231 4211 et
1269 4157 1638 4212 habitantibus
1681 4158 1736 4211 in
1763 4157 2016 4211 universa

453 4255 595 4300 terra
624 4246 758 4314 ejus,
787 4245 972 4300 dicens
1003 4264 1017 4299 :

521 4337 610 4391 26.
645 4339 846 4391 Omnes
867 4338 1135 4403 homines,
1175 4337 1270 4408 qui
1304 4340 1505 4394 suntin
1533 4355 1700 4410 regno
1726 4355 1868 4405 meo,
1909 4340 2018 4394 sint

2119 3254 2211 3307 τὸν
2235 3253 2436 3307 λάκκον
2456 3254 2563 3306 τῶν
2591 3253 2817 3306 λεόντων
2837 3253 2915 3315 εἰς
2936 3250 3227 3304 ἀπώλειαν.

2189 3346 2279 3401 23.
2311 3345 2444 3400 Τότε
2465 3345 2811 3416 συνήχθησαν
2835 3345 3003 3397 πᾶσαι
3035 3345 3092 3395 αί
3119 3341 3396 3412 δυνάμεις,
3427 3339 3523 3393 καὶ
3549 3332 3689 3391 εῐδον

2121 3435 2211 3490 τὸν
2239 3436 2458 3508 Δανιὴλ,
2495 3437 2570 3500 ώς
2601 3436 2661 3488 οὐ
2694 3434 3131 3508 παρηνώχλησαν
3167 3431 3315 3503 αὐτῷ
3345 3431 3397 3484 οἱ
3417 3429 3650 3491 λέοντες.

2190 3619 2281 3672 24.
2310 3617 2445 3670 Τότε
2479 3615 2528 3668 oi
2561 3615 2654 3669 δύο
2679 3613 2958 3686 ἄνθρωποι
2997 3613 3192 3666 ἐκεῖνοι
3238 3611 3286 3663 οἱ
3333 3624 3692 3678 καταμαρτυ-

2126 3711 2386 3781 ρὴσαντες
2407 3707 2501 3761 τοῦ
2528 3707 2745 3778 Δανιὴλ,
2785 3707 2957 3772 αὐτοὶ,
2997 3704 3091 3758 καὶ
3111 3705 3166 3758 αί
3203 3703 3456 3772 γυναῖκες
3485 3701 3686 3766 αὐτῶν,

2120 3803 2215 3855 καὶ⁸
2243 3800 2311 3854 τὰ
2335 3800 2499 3852 τέκνα
2541 3798 2716 3852 αὐτῶν
2743 3798 3049 3869 ἐρρίφησαν
3102 3796 3214 3858 τοῖς
3252 3792 3472 3858 λέουσι,
3517 3791 3612 3845 καὶ
3636 3791 3689 3843 οἱ

2119 3894 2332 3957 λέοντες
2350 3891 2675 3945 ἀπέκτειναν
2703 3890 2918 3954 αὐτοὺς,
2947 3889 3043 3942 καὶ
3071 3884 3302 3940 ἐθλασαν
3332 3882 3402 3936 τὰ
3421 3883 3556 3936 ὀστᾶ
3590 3880 3690 3936 αὐ-

2119 3998 2250 4040 των.

2192 4073 2282 4128 25.
2330 4073 2462 4128 Τότε
2490 4074 2712 4145 Δαρεῖος
2755 4069 2960 4142 ἔγραψε
3007 4072 3140 4124 πᾶσι
3183 4071 3298 4133 τοῖς
3343 4067 3540 4130 ἔθνεσι,
3592 4066 3690 4120 καὶ

2120 4166 2410 4237 γλώσσαις,
2442 4168 2536 4220 καὶ
2559 4165 2783 4238 χώραις,
2817 4166 2930 4229 τοῖς
2965 4163 3205 4218 οἰκοῦσιν
3245 4163 3304 4214 ἐν
3328 4160 3476 4230 πάσῃ
3515 4161 3583 4229 τῇ
3612 4161 3685 4230 γῇ

2121 4260 2306 4325 αὑτοῦ,
2338 4261 2530 4329 λέγων’

2190 4351 2279 4407 26.
2317 4351 2523 4414 Πάντες
2561 4350 2608 4402 οί
2645 4347 2940 4419 ἄνθρωποι,
2969 4347 3018 4400 οἱ
3062 4345 3214 4409 ὅντες
3256 4345 3315 4398 ἐν
3339 4345 3406 4414 τῇ
3440 4339 3689 4412 βασιλείᾳ

453 4427 791 4494 adoratores,
837 4439 891 4485 et
931 4431 1165 4486 cultores
1221 4431 1315 4486 Dei
1369 4432 1650 4489 Danielis:
1692 4433 1806 4503 ipse
1872 4434 2016 4487 enim

2149 4462 2250 4509 LOU,
2286 4443 2526 4497 ἔστωσαν
2560 4441 2988 4512 προσκυνοῦντες
3056 4439 3152 4492 καὶ
3203 4435 3556 4507 λατρεύοντες
3607 4432 3688 4502 τῷ

453 4531 542 4575 est
565 4519 706 4576 Deus
730 4537 976 4588 manens,
1007 4531 1060 4578 et
1087 4524 1273 4578 vivens
1297 4525 1348 4579 in
1379 4526 1749 4596 generationes
1792 4541 2016 4596 genera-

453 4615 661 4668 tionum
699 4630 872 4684 usque
894 4617 948 4669 in
974 4626 1257 4671 arternum.

520 4705 610 4758 27.
652 4706 762 4777 Ego
812 4707 1008 4764 Darius
1058 4724 1153 4763 ero
1205 4709 1437 4766 adorans
1487 4726 1634 4777 eum,
1682 4721 1736 4766 et
1775 4711 2016 4766 serviens

453 4799 666 4854 cunctis
712 4799 903 4856 diebus
951 4801 1109 4857 meis.
1156 4799 1301 4856 ldola
1353 4804 1498 4856 enim
1558 4803 1869 4859 manufacla
1905 4820 2014 4858 non

455 4900 683 4959 possunt
721 4906 958 4958 servare,
1017 4893 1160 4949 sicut
1201 4893 1444 4950 liberavit
1483 4895 1626 4950 Deus
1657 4894 1892 4950 Danielis
1917 4894 2016 4949 Da-

453 4984 670 5038 nielem.
1430 5007 1432 5010 ν

518 5077 587 5131 28
619 5077 683 5132 Ει
715 5094 811 5132 rex
852 5078 1045 5134 Darius
1080 5080 1358 5148 appositus
1391 5091 1472 5136 est
1504 5083 1570 5135 ad
1605 5097 1773 5152 genus
1830 5098 2011 5145 suum,

451 5177 506 5220 et
557 5167 741 5223 Daniel
796 5173 1124 5226 constitutus
1175 5184 1256 5227 est
1305 5188 1467 5242 super
1493 5190 1715 5245 regnum
1756 5175 1919 5229 Darii.
1949 5173 2015 5228 Et

451 5258 623 5329 Cyrus
645 5259 808 5315 Persa
838 5263 1074 5332 suscepit
1097 5279 1317 5333 regnum
1349 5265 1486 5333 ejus.

1041 5482 1266 5538 CAPUT
1310 5483 1416 5539 VII.

526 5593 573 5645 l.
617 5592 774 5647 Anno
846 5596 1020 5663 primo
1075 5597 1372 5667 imperante
1420 5599 1660 5653 Baltasar
1703 5598 2012 5670 regionibus

453 5683 764 5765 Babylopis,
796 5685 979 5744 Daniel
1031 5689 1291 5746 visionem
1351 5691 1484 5746 vidit
1541 5707 1703 5761 supra
1763 5701 1923 5761 caput
1957 5693 2009 5744 in

2120 4535 2239 4606 Θεῷ
2291 4535 2385 4588 τοῦ
2419 4534 2647 4603 Δανιὴλ·
2685 4533 2846 4595 αὐτὸς
2871 4533 2978 4602 γάρ
3017 4532 3132 4585 ἐστι
3161 4529 3293 4592 Θεὸς
3339 4527 3536 4598 μένων,
3593 4523 3690 4578 καὶ

2121 4625 2228 4690 ζῶν
2251 4626 2331 4688 εἰς
2358 4623 2548 4692 γενεὰς
2579 4622 2780 4691 γενεῶν
2803 4621 2907 4684 ἕως
2942 4620 3034 4673 τοῦ
3057 4618 3271 4681 αἰῶνος.

2188 4717 2278 4771 2-7.
2323 4714 2464 4784 Ἐγὼ
2507 4716 2730 4786 Δαρεῖος
2771 4713 2964 4783 ἔσομαι
3008 4709 3153 4782 αὐτῷ
3204 4707 3550 4780 προσκυνῶν,
3588 4705 3688 4759 καὶ

2118 4808 2381 4863 δουλεύων
2401 4808 2578 4870 πάσας
2605 4805 2702 4869 τὰς
2731 4805 2944 4876 ἡμέρας
2971 4821 3072 4874 μου
3094 4820 3106 4832 °
3145 4801 3213 4855 τὰ
3243 4801 3350 4872 γὰρ
3391 4799 3586 4853 ετδωλα
3615 4797 3687 4849 τὰ

2119 4902 2470 4971 χειροποίητα
2515 4901 2575 4952 οὐ
2610 4898 2861 4952 δύνανται
2911 4895 3104 4960 σῶσαι,
3153 4895 3228 4958 ὡς
3271 4891 3616 4963 ἐλυτρώσατο
3659 4891 3688 4941 6

2119 4992 2250 5053 Θεὸς
2274 4990 2365 5043 τοῦ
2393 4989 2609 5059 Δανιὴλ,
2638 4988 2728 5040 τὸν
2759 4986 2975 5056 Δανιὴλ.

2189 5083 2278 5136 28.
2317 5082 2427 5136 Καὶ
2455 5084 2481 5134 6
2513 5081 2760 5151 βασιλεὺς
2805 5082 3028 5150 Δαρεῖος
3081 5075 3378 5147 προσετέθη
3433 5075 3573 5146 πρὸς
3627 5077 3690 5130 τὸ

2119 5174 2273 5244 γένος
2304 5173 2466 5226 αὐτοῦ
2492 5173 2678 5239 οξ-,καὶ
2699 5171 2895 5241 Δανιὴλ
2921 5184 2984 5224 -ι-
3008 5169 3312 5238 κατεστάθη
3337 5167 3431 5220 ἐπὶ
3461 5168 3563 5235 τῆς
3594 5167 3689 5238 βα-

2123 5266 2322 5328 σιλείας
2344 5265 2570 5335 Δαρείου
2587 5264 2646 5334 /.
2684 5265 2776 5316 καὶ
2796 5261 2976 5332 Κύρος
2998 5261 3025 5313 6
3044 5261 3258 5331 Πέρσης
3279 5244 3558 5329 παρέλαϐε
3588 5258 3686 5327 τὴν

2119 5358 2389 5430 βασιλείαν
2415 5356 2602 5416 αὐτοῦ.

2721 5490 2964 5545 ΚΕΦΑΛ.
3007 5493 3081 5546 Z'.

2191 5611 2240 5659 l.
2271 5609 2463 5668 Ἐτους
2496 5603 2712 5675 πρώτου
2743 5601 3116 5673 βασιλεύοντος
3163 5599 3445 5668 Βαλτᾶσαρ
3495 5599 3681 5671 χώρας

2121 5695 2486 5763 Βαϐυλωνίας,
2539 5697 2736 5768 Δανιὴλ
2767 5696 2948 5767 ὅραμα
2980 5692 3085 5750 εἶδε
3133 5694 3283 5766 παρὰ
3316 5694 3557 5766 κεφαλὴν
3584 5695 3677 5748 ἐπὶ
