3848 6218
164 278 308 336 9.309

1443 288 1688 347 DANIEL
1724 288 1958 348 CAPUT
1989 289 2100 346 VII.

3278 281 3476 339 2810.

159 393 262 464 τῆς
297 392 485 466 κοίτης
521 395 709 451 αὐτοῦ.
759 397 893 451 Τότε
939 399 1140 472 Δανιὴλ
1181 401 1241 453 τὸ
1266 400 1471 472 ὅραμα,
1501 400 1530 453 ὃ
1559 399 1699 454 εἶδεν
1725 443 1741 468 ,

1872 397 2011 464 :ubili
2037 412 2159 453 suo.
2196 395 2353 453 Tunc
2386 397 2572 452 Daniel
2603 397 2891 463 visionem,
2917 411 3083 468 quam
3113 395 3270 463 vidit,
3293 397 3423 453 scri-

163 487 404 556 ἕγραψεν
430 487 510 550 είς
534 487 807 556 κεφάλαια
833 489 1030 558 λόγων.

237 577 292 629 2.
342 575 466 628 Ἐπὶ
495 579 596 648 τῆς
619 578 806 649 κοίτης
834 596 937 650 μου
974 578 1243 651 ἐθεώρουν
1269 579 1390 635 καθ’
1431 581 1632 644 ὕπνους
1652 599 1744 636 νυ-

167 667 296 730 κτός
318 683 332 697 ο
361 667 458 721 καὶ
485 669 593 722 ίδοὺ
615 670 881 742 τέσσαρες
908 673 1098 742 ἄνεμοι
1119 672 1214 726 τοῦ
1234 673 1465 745 ούρανοῦ
1491 673 1746 730 ἐνέπεσον

163 760 246 822 είς
267 760 369 830 τὴν
403 759 680 815 θάλασσαν
706 762 805 834 τὴν
833 764 1099 835 μεγάλην.

237 852 292 906 5.
317 852 427 905 Kal
445 853 691 925 τέσσαρα
719 854 884 926 θηρία
910 856 1195 911 ἀνέϐαινον
1231 857 1296 912 ἐκ
1320 859 1420 930 τῆς
1449 858 1743 928 θαλάσσης,

164 942 490 1014 διαφέροντα
515 945 574 997 ἐν
611 945 761 1017 παρὰ
786 947 847 1001 τὸ
877 948 956 1002 ἐν.

236 1034 292 1088 4,
321 1035 394 1088 Τὸ
422 1035 641 1106 πρῶτον
664 1037 796 1090 ὡσεὶ
821 1037 1008 1092 λέαινα
1036 1039 1232 1109 ἔχουσα
1262 1042 1441 1110 πτερά
1477 1043 1611 1096 ὡσεὶ
1640 1044 1748 1097 ἀε-

163 1124 284 1176 τοῦ.
333 1124 630 1195 Ἐθεώρουν
659 1124 768 1203 ἕως
793 1127 916 1180 ὅτου
947 1128 1093 1199 ἐτίλη
1117 1130 1185 1182 τά
1225 1131 1399 1200 πτερὰ
1432 1133 1621 1200 αὐτῆς,
1652 1135 1746 1187 καὶ

165 1215 309 1286 ῇρθη
329 1216 436 1270 ἀπὸ
452 1217 550 1287 τῆς
573 1219 696 1288 γῆς,
722 1217 814 1271 καὶ
831 1219 923 1271 ἐπὶ
949 1219 1122 1273 ποδῶν
1145 1222 1502 1292 ἀνθρωπίνων
1519 1225 1744 1297 ἐστάθη,

166 1306 265 1359 καὶ
295 1307 610 1379 ἀνθρωπίνη
638 1310 836 1378 καρδία
859 1310 1013 1382 ἐδόθη
1055 1313 1218 1384 αὐτῇ.

239 1398 293 1452 5.
331 1400 438 1452 Kal
462 1400 571 1454 ἰδοὺ
608 1403 724 1471 μετ’
754 1402 920 1474 αὐτὴν
940 1403 1067 1457 ἄλλο
1101 1405 1286 1475 θηρίον
1323 1407 1582 1477 ὁμοίωσιν
1625 1409 1747 1480 έχον

165 1491 362 1559 ἄρκου,
412 1491 504 1544 καὶ
537 1493 628 1546 sul.
672 1493 766 1546 τοῦ
797 1495 914 1558 ἐνὸς
956 1496 1192 1564 πλευροῦ
1223 1499 1447 1571 ἐστάθη.
1492 1501 1587 1555 καὶ
1620 1504 1747 1572 τρία

166 1582 383 1654 πλευρὰ
411 1579 480 1655 ἦν
512 1584 570 1637 ἐν
593 1584 669 1655 τῷ
697 1585 926 1654 στόματι
959 1589 1130 1659 αὐτῆς
1163 1591 1232 1657 Χ
1258 1592 1314 1643 ἐν
1337 1591 1486 1661 μέσῳ
1521 1593 1747 1648 ὀδόντων

164 1675 342 1745 αὐτῆς
370 1677 426 1743 /.
455 1678 548 1730 καὶ
568 1676 741 1743 οὕτως
765 1675 936 1733 εἶπεν·
955 1681 1207 1745 Ἀνάστα,
1228 1686 1512 1754 κατάφαγε
1536 1686 1748 1758 σάρκας

165 1768 392 1830 πολλάς.

239 1860 293 1913 6.
329 1861 441 1914 Kal
493 1861 632 1932 μετὰ
663 1862 835 1918 ταῦτα
882 1865 1152 1938 ἐθεώρουν
1185 1868 1376 1940 θηρίον
1428 1870 1557 1924 ἄλλο
1613 1871 1748 1924 ὡσεὶ⁵

165 1952 455 2022 πάρδαλιν,
474 1955 567 2008 καὶ
594 1956 768 2026 πτερά
786 1957 1026 2025 τέσσαρα
1045 1960 1324 2014 ἐπέτεινον
1349 1962 1533 2016 ἐπάνω
1556 1963 1744 2030 αὑτοῦ,

165 2046 264 2097 καί
287 2045 556 2116 τέσσαρες
581 2049 815 2117 κεφαλαὶ
847 2051 925 2120 τῷ
948 2051 1140 2123 θηρίῳ.

237 2137 294 2191 7.
325 2137 481 2190 Μετά
503 2139 560 2191 δέ
589 2140 766 2194 ταῦτα
789 2141 1054 2214 ἐθεώρουν
1081 2147 1138 2198 ἐν
1164 2144 1404 2215 ὁράματι
1431 2146 1532 2217 τῆς
1554 2148 1748 2212 νυκτὸς

164 2227 358 2299 θηρίον
388 2229 648 2300 τέταρτον
671 2232 921 2304 φοϐερὸν,
947 2237 1039 2288 καὶ
1067 2238 1095 2290 ό
1121 2237 1284 2306 φόϐος
1306 2238 1471 2292 αὑτοῦ
1503 2240 1747 2312 ὑπερφέ-

166 2337 280 2390 ρων
317 2321 486 2391 ίσχύῖ.
531 2323 652 2394 ἔχον
684 2324 904 2389 ὀδόντας
939 2327 1193 2398 σιδηροῦς
1229 2331 1518 2399 μεγάλους,
1567 2332 1748 2386 ἐσθίον

163 2412 261 2464 καὶ
289 2413 603 2477 κοπανίζον,
637 2413 818 2485 κύκλῳ
843 2417 956 2480 τοῖς
979 2417 1109 2469 ποσὶ
1137 2420 1484 2472 καταπατοῦν
1505 2460 1520 2484 ,
1558 2421 1746 2489 διαφόο

165 2521 280 2574 ρως
311 2503 593 2575 χρώμενον
613 2506 762 2576 παρὰ
785 2507 962 2561 πάντα
986 2508 1053 2561 τά
1081 2509 1185 2579 πρὸ
1212 2511 1378 2564 αὑτοῦ
1403 2512 1567 2584 θηρία
1591 2531 1606 2546 ο
1635 2507 1748 2584 εἶχε

162 2593 223 2646 δὲ
256 2596 464 2662 κέρατα
505 2597 667 2662 δέκα,
716 2599 812 2652 καὶ
848 2599 1036 2669 βουλαὶ
1064 2601 1258 2656 πολλαὶ
1289 2607 1346 2658 ἐν
1379 2607 1492 2669 τοῖς
1523 2608 1748 2678 κέρασιν

163 2690 356 2742 αὐτοῦ.

237 2781 292 2835 8.
321 2783 429 2835 Kal
472 2784 580 2838 ἰδοὺ
610 2785 736 2838 ἄλλο
763 2784 819 2838 ἐν
843 2785 1011 2858 κέρας
1042 2787 1250 2860 ἀνεφύη
1271 2791 1543 2860 άναμέσον
1567 2792 1748 2849 αὐτῶν

167 2873 367 2944 μικρὸν
399 2877 456 2928 ἐν
489 2878 602 2940 τοῖς
635 2878 859 2947 κέρασιν
874 2879 1059 2946 αὑτοῦ,
1091 2876 1330 2953 καὶτρία
1355 2883 1462 2936 τῶν
1501 2886 1748 2955 κεράτων

162 2965 277 3018 τῶν
305 2965 534 3037 πρώτων
564 2968 940 3040 ἐξηράνθησαν
964 2972 1032 3025 δι’
1064 2973 1229 3027 αὐτοῦ
1255 2988 1272 3007 ο
1296 2975 1391 3028 καὶ
1418 2975 1525 3029 ἰδοὺ
1550 2976 1749 3046 ὀφθαλ-

167 3059 263 3129 μοὶ
283 3059 472 3132 ὥσπερ
495 3062 822 3132 ἀνθρώπινοι
852 3064 910 3118 ἐν
930 3065 1008 3136 τῷ
1034 3067 1222 3138 κέρατι
1244 3067 1437 3140 τούτῳ,
1458 3070 1552 3123 καὶ
1575 3070 1750 3140 στόμα

165 3152 364 3206 λαλοῦν
410 3155 621 3225 μεγάλα
657 3171 717 3213 -ε-
766 3158 861 3212 καὶ
911 3159 1084 3214 ἐποίει
1141 3161 1377 3233 πόλεμον
1434 3162 1570 3234 πρὸς
1619 3165 1748 3228 τοὺς

167 3259 237 3303 +
277 3248 462 3315 άγέους
489 3250 544 3318 /.

243 3340 295 3394 9.
338 3339 637 3412 Ἐθεώρουν
662 3342 765 3406 ἓως
782 3344 869 3396 ὅτε
892 3343 1068 3416 θρόνοι
1092 3345 1377 3417 ἐτέθησαν.
1398 3348 1492 3401 καὶ
1511 3347 1749 3415 Παλαιὸς

166 3431 396 3502 ἡμερῶν
426 3433 679 3506 ἐκάθητο,
716 3433 853 3504 ἔχων
882 3436 1175 3508 περιϐολὴν
1205 3438 1336 3491 ώσελ⁵
1364 3439 1538 3509 χιόνα,
1568 3441 1662 3493 καὶ
1687 3443 1748 3493 τὸ

165 3524 424 3596 τρίχωμα
447 3526 548 3596 τῆς
569 3527 811 3598 κεφαλῆς
838 3528 1022 3593 αὑτοῦ,
1054 3529 1186 3582 ώσεὶ
1229 3531 1375 3601 ἔριον
1423 3532 1616 3586 λευκὸν
1647 3550 1748 3588 κα-

170 3615 362 3688 θαρὸν,
411 3620 440 3671 ὁ
467 3619 655 3696 θρόνος
686 3619 817 3673 ὡσεὶ
872 3619 1002 3690 φλὸξ
1047 3623 1221 3693 πυρὸς
1271 3627 1341 3691 >κ
1364 3625 1551 3696 τροχοὶ
1583 3625 1747 3679 αὐτοῦ

169 3707 284 3780 πῦρ
319 3710 627 3780 καιόμενον.

245 3800 331 3854 10.
363 3804 429 3869 ξι(
470 3802 719 3873 Ποταμὸς
761 3804 934 3877 πυρὸς
985 3805 1200 3875 ἕλκων,
1247 3808 1342 3862 καὶ
1393 3807 1750 3881 ἐξεπορεύετο

169 3889 315 3944 κατὰ
348 3891 636 3961 πρόσωπον
663 3893 829 3946 αὐτοῦ
859 3896 1104 3966 ποταμὸς
1132 3899 1302 3967 πυρός
1323 3913 1338 3928 ⁶
1379 3899 1544 3969 χίλιαι
1576 3901 1749 3971 χιλιά-

167 3978 260 4042 δες
298 3978 630 4050 ἐθεράπευον
669 3983 852 4048 αὐτὸν,
893 3988 988 4039 καὶ
1017 3987 1208 4058 μύριαι
1255 3991 1512 4061 μυριάδες
1554 4010 1748 4066 παρει-

171 4075 470 4143 στήκεισαν
501 4075 670 4146 αὐτῷ,
702 4077 796 4130 καὶ
839 4079 1120 4149 κριτήριον
1150 4079 1370 4134 ἐκάθισε
1393 4123 1408 4148 ,
1445 4083 1538 4136 καὶ
1574 4084 1748 4155 βίϐλοι

168 4165 421 4235 ὴνεῴχθη
429 4184 544 4223 σαν.

245 4258 332 4313 11.
378 4258 678 4330 Ἐθεώρουν
702 4259 823 4313 τότε
853 4261 953 4331 τὴν
980 4263 1162 4334 φωνὴν
1193 4264 1302 4319 τῶν
1331 4265 1504 4337 λόγων
1524 4270 1632 4324 τῶν
1655 4289 1750 4342 με-

170 4348 380 4418 γάλων,
407 4343 480 4404 ὧν
513 4351 574 4404 τὸ
601 4353 768 4422 κέρας
793 4351 974 4406 ἐλάλει
996 4371 1008 4383 ·
1033 4353 1254 4427 θεωρῶν
1291 4359 1460 4430 ἥμην,
1506 4363 1601 4415 καὶ
1639 4364 1748 4416 ὰπ-

1777 1754 1824 1813 Β

1849 490 1957 559 psit
1989 490 2040 544 in
2063 490 2335 559 capitibus
2362 505 2699 545 sermonum.

1848 625 1850 627 .
1915 582 1969 636 2.
1999 581 2055 636 In
2086 583 2251 637 cubili
2289 597 2410 635 meo
2435 581 2680 635 videbam
2717 596 2813 650 per
2853 595 3077 636 somnos
3105 581 3284 636 noctis
3318 597 3336 634 :
3367 586 3424 634 et

1846 685 1973 727 ecce
1994 681 2231 741 quatuor
2258 671 2402 726 venti
2427 671 2550 726 caeli
2578 671 2854 725 irruerunt
2890 671 2943 724 in
2970 686 3117 725 mare
3137 685 3410 740 magnum.

1915 851 1969 905 '5.
2013 850 2077 904 Et
2109 859 2344 921 quatuor
2373 850 2560 905 bestia:
2578 849 2945 904 ascendebant
2973 848 3037 903 de
3074 847 3234 911 mari,
3267 845 3422 902 αισθ-

1846 952 2026 996 rentes
2053 943 2254 996 unaab
2273 941 2398 996 alia.

1918 1034 1972 1087 4.
2013 1033 2195 1088 Prima
2227 1034 2383 1103 quasi
2413 1034 2580 1087 leaena
2613 1032 2820 1087 habens
2859 1031 2976 1085 alas
3025 1029 3164 1086 sicut
3199 1028 3418 1099 aquilae.

1847 1126 2193 1193 Aspiciebam
2230 1127 2402 1181 donec
2433 1126 2636 1179 evulsa:
2669 1134 2796 1177 sunt
2823 1124 2920 1176 alae
2944 1123 3084 1190 ejus,
3127 1129 3181 1176 et
3209 1121 3420 1176 sublata

1847 1226 1930 1269 est
1958 1217 2023 1270 de
2046 1227 2208 1280 terra,
2243 1227 2298 1270 et
2323 1231 2483 1284 super
2511 1216 2674 1285 pedes
2725 1215 2996 1268 humanos
3028 1213 3195 1278 stetit,
3242 1223 3295 1266 et
3321 1211 3422 1266 hu-

1848 1324 2068 1362 manum
2095 1323 2189 1362 cor
2221 1309 2408 1362 datum
2435 1318 2519 1362 est
2539 1309 2608 1360 ei.

1917 1398 1971 1451 5.
2012 1398 2074 1452 Et
2105 1415 2232 1454 ecce
2286 1409 2407 1468 post
2461 1413 2580 1452 eam
2625 1397 2730 1451 alia
2787 1396 2958 1467 bestia
3009 1394 3420 1451 similitudinem

1849 1490 2056 1545 habens
2092 1492 2226 1554 ursi,
2257 1501 2310 1545 et
2349 1491 2402 1544 in
2431 1490 2598 1544 latere
2642 1506 2750 1544 uno
2773 1490 2921 1544 stetit
2951 1506 2963 1539 :
3011 1499 3064 1543 et
3113 1488 3217 1542 tria
3250 1489 3422 1542 latera

1847 1590 2003 1635 erant
2030 1582 2082 1635 in
2108 1598 2203 1636 ore
2225 1583 2344 1650 ejus
2367 1583 2421 1637 in
2439 1582 2620 1638 medio
2647 1583 2889 1637 dentium
2911 1582 3109 1652 ejus,et
3141 1581 3221 1636 sic
3246 1580 3417 1635 dixit:

1851 1670 2046 1741 Surge.
2087 1673 2357 1728 manduca
2390 1689 2584 1729 carnes
2609 1674 2828 1729 multas.

1920 1849 1974 1903 6.
2016 1849 2081 1905 Et
2131 1860 2255 1920 post
2286 1853 2402 1907 haec
2450 1853 2775 1923 aspiciebam
2812 1854 3040 1909 bestiam
3081 1855 3242 1910 aliam
3281 1855 3425 1910 sicut

1848 1942 2100 2010 pardum,
2137 1952 2190 1997 et
2222 1945 2322 1998 ala:
2349 1955 2588 2015 quatuor
2618 1948 3052 2002 extendebantur
3083 1964 3248 2018 super
3274 1963 3420 2013 eam,

1848 2043 1901 2087 et
1926 2041 2161 2102 quatuor
2193 2036 2371 2105 capita
2403 2037 2609 2091 bestiae.

1923 2124 1970 2177 7.
2017 2124 2143 2180 Post
2167 2135 2349 2181 autem
2387 2128 2501 2181 haec
2543 2128 2869 2196 aspiciebam
2919 2130 2975 2185 in
3016 2133 3224 2190 visione
3245 2135 3422 2190 noctis

1846 2214 2076 2268 bestiam
2105 2227 2353 2285 quartam
2387 2218 2706 2285 terribilem,
2741 2230 2794 2273 et
2830 2232 3002 2276 terror
3030 2224 3151 2293 ejus
3192 2228 3423 2281 excede-

1847 2307 1942 2362 hat
1969 2307 2323 2364 fortitudine:
2395 2327 2517 2381 quae
2561 2313 2790 2367 habebat
2840 2313 3026 2370 dentes
3075 2315 3281 2372 ferreos
3307 2334 3424 2373 ma-

1848 2415 2005 2471 gnos,
2057 2402 2434 2469 manducans,
2491 2413 2544 2458 et
2597 2406 2977 2464 comminuens
3011 2447 3027 2473 ,
3078 2410 3132 2462 in
3189 2410 3424 2465 circuitu

1848 2490 2078 2562 pedibus
2106 2493 2454 2556 conculcans,
2485 2494 2697 2549 diverse
2743 2511 2975 2566 operans
3022 2497 3092 2551 ab
3141 2498 3422 2564 omnibus,

1848 2598 1969 2652 qua:
1996 2583 2220 2638 luerunt
2241 2593 2368 2638 ante
2397 2601 2536 2650 eam,
2574 2587 2798 2654 bestiis;
2836 2589 3069 2643 habebat
3104 2601 3282 2645 autem
3298 2606 3422 2646 cor.

1848 2687 1959 2726 nua
1991 2673 2198 2740 decem,
2233 2684 2286 2729 et
2319 2677 2547 2732 consilia
2579 2679 2748 2732 multa
2777 2679 2828 2732 in
2862 2681 3122 2735 cornibus
3143 2681 3280 2750 ejus.

1918 2764 1971 2819 8.
2014 2764 2080 2819 Et
2112 2781 2237 2821 ecce
2269 2766 2417 2822 aliud
2451 2784 2617 2822 unum
2645 2785 2815 2825 cornu
2843 2781 3088 2827 renatum
3117 2783 3200 2827 est
3227 2773 3280 2826 in
3310 2787 3426 2828 me-

1848 2855 1940 2911 dio
1965 2871 2152 2911 eorum
2186 2873 2413 2928 parvum
2471 2860 2525 2914 in
2583 2861 2842 2917 cornibus
2893 2863 3052 2933 ejus:
3099 2872 3154 2918 et
3209 2865 3314 2919 tria
3355 2864 3427 2920 de

1849 2949 2108 3004 cornibus
2135 2950 2327 3020 primis
2363 2963 2695 3008 exaruerunt
2723 2963 2949 3024 propter
2976 2955 3103 3010 illud
3132 2973 3147 3010 :
3197 2965 3250 3010 et
3297 2970 3426 3011 ecce

1850 3039 2013 3103 oculi,
2041 3041 2186 3095 sicut
2211 3042 2352 3095 oculi
2387 3044 2610 3097 humani
2640 3045 2692 3098 in
2742 3060 2914 3099 cornu
2970 3047 3096 3114 isto,
3143 3057 3197 3101 et
3239 3062 3303 3101 os
3341 3048 3424 3102 lo-

1776 3108 1818 3168 c
1850 3147 2023 3202 quens
2046 3147 2264 3202 magna,
2289 3142 2344 3187 et
2364 3132 2601 3189 faciebat
2628 3135 2826 3191 bellum
2853 3137 3114 3193 adversus
3144 3148 3386 3194 sanctos.

1919 3314 1971 3370 9.
2009 3313 2293 3382 Videbam,
2351 3317 2710 3392 quoadusque
2746 3317 2927 3372 throni
2967 3317 3130 3389 positi
3164 3327 3331 3386 sunt,
3370 3328 3427 3374 et

1849 3405 2110 3463 Vetustus
2138 3409 2349 3463 dierum
2372 3409 2613 3476 sedebat,
2638 3409 2845 3465 habens
2885 3411 3144 3464 amictum
3171 3411 3314 3465 sicut
3337 3411 3426 3466 ni-

1847 3516 1992 3564 vem,
2015 3511 2068 3555 et
2089 3502 2404 3570 capillitium
2426 3503 2620 3572 capitis
2637 3504 2723 3558 sui
2747 3503 2888 3558 sicut
2923 3503 3102 3558 lanam
3134 3503 3422 3561 candidam

1848 3593 2140 3661 mundam;
2191 3594 2425 3650 thronus
2470 3595 2614 3652 sicut
2641 3594 2859 3650 ﬂamma
2910 3595 3075 3664 ignis,
3103 3603 3248 3649 rotae.
3297 3594 3422 3665 ejus

1847 3683 1990 3754 ignis
2018 3686 2236 3740 ardens.

1920 3774 2006 3830 10.
2044 3774 2269 3831 Flumen
2297 3843 2300 3848 η
2327 3776 2470 3848 ignis
2497 3778 2719 3833 trahens
2741 3819 2757 3845 ,
2793 3787 2847 3832 et
2895 3778 3269 3848 egrediebatur
3297 3784 3425 3835 ante

1849 3866 2043 3924 faciem
2072 3869 2191 3938 ejus
2214 3868 2412 3924 ﬂuvius
2436 3871 2614 3940 ignis;
2641 3870 2788 3926 mille
2811 3871 2978 3925 millia
3005 3873 3313 3927 serviebant
3347 3875 3422 3939 ei,

1849 3969 1904 4017 et
1933 3961 2072 4016 dena
2105 3961 2271 4017 millia
2298 3963 2499 4019 denum
2525 3964 2755 4018 millium
2789 3964 3123 4020 assistebant
3153 3963 3225 4030 ei,
3248 3973 3302 4019 et
3329 3963 3424 4035 ju-

1848 4055 2055 4111 dicium
2081 4057 2243 4125 sedit,
2273 4065 2328 4112 et
2349 4056 2472 4112 libri
2495 4057 2668 4127 aperti
2687 4065 2834 4112 sunt.

1921 4237 2006 4292 11.
2050 4235 2471 4307 Contemplabar
2529 4246 2658 4292 tunc
2710 4251 2900 4291 vocem
2960 4250 3276 4291 sermonum
3305 4250 3428 4290 ma-

1851 4344 2106 4399 gnorum,
2138 4345 2277 4399 quos
2310 4345 2480 4384 cornu
2514 4329 2877 4398 loquebatur:
2927 4327 3198 4398 aspiciens
3243 4341 3422 4393 eram,

169 4442 551 4514 ετυμπανίσθη
576 4444 636 4496 τὸ
659 4419 867 4516 θηρίον,
894 4446 988 4499 καὶ
1010 4419 1257 4501 ἀπώλετο
1280 4419 1344 4502 τὸ
1368 4419 1526 4523 σῶμα
1555 4454 1743 4520 αὐτοῦ,

1872 4433 1903 4477 ει
1929 4421 2165 4477 fustibus
2195 4438 2331 4478 caesa
2367 4434 2450 4478 est
2469 4423 2663 4486 bestia,
2698 4431 2752 4476 et
2774 4421 2932 4491 periit
2963 4436 3162 4491 corpus
3203 4419 3345 4491 ejus,
3369 4427 3425 4474 et

169 4533 268 4584 καὶ
289 4530 446 4600 ἐδόθη
477 4534 556 4595 εἰς
579 4533 775 4586 καῦσιν
806 4535 995 4606 πυρός.

247 4625 336 4678 12.
371 4625 482 4676 Kal
512 4627 637 4688 τοὺς
665 4626 850 4695 κύκλῳ
873 4627 1037 4681 αὑτοῦ
1066 4630 1341 4702 ἀπέστησε
1374 4633 1472 4703 τῆς
1500 4635 1748 4702 ἐξουσίας

171 4717 394 4781 αὐτῶν,
442 4718 536 4770 καὶ
576 4720 766 4790 χρόνος
799 4719 944 4792 ζωῆς
979 4722 1136 4795 ἐδόθη
1180 4725 1365 4789 αὐτοῖς
1412 4727 1518 4787 ἕως
1554 4729 1748 4800 χρόνου

171 4811 270 4861 καὶ
303 4809 521 4880 καιροῦ.

250 4901 337 4954 15.
370 4901 667 4973 Ἐθεώρουν
693 4905 748 4957 ἐν
774 4906 1128 4979 ὁράματιτῆς
1153 4911 1366 4976 νυκτὸς,
1391 4912 1486 4967 καὶ
1519 4913 1627 4968 ἰδοὺ
1656 4914 1750 4969 ἐπὶ

173 4991 287 5045 τῶν
321 4994 558 5062 νεφελῶν
582 4995 675 5048 τοῦ
700 4997 951 5067 ούρανοῦ,
975 4998 1050 5064 ὡς
1070 5002 1186 5065 υἱὸς
1213 5003 1500 5074 ἀνθρώπου
1527 5006 1746 5076 ἤρχετο,

176 5083 274 5137 καὶ
306 5085 384 5147 ὡς
411 5086 647 5150 Παλαιὸς
680 5088 902 5160 ἡμερῶν
937 5093 1114 5163 παρῆν
1134 5132 1148 5157 ,
1194 5094 1287 5148 καὶ
1327 5097 1377 5148 οἱ
1409 5099 1750 5169 παρεστηκό-

175 5193 268 5240 τες
296 5177 549 5248 παρῆσαν
578 5207 650 5219 -ο
679 5182 847 5251 αὐτῷ.

254 5270 340 5324 14.
370 5272 479 5324 Kal.
506 5273 662 5344 ἐδόθη
697 5275 842 5346 αὐτῷ
871 5278 1086 5342 ἐξουσία
1115 5283 1182 5350 Χ
1215 5283 1307 5334 καὶ
1341 5284 1408 5352 ὶι(
1435 5284 1568 5355 τιμὴ
1599 5284 1752 5355 βασι-

179 5363 305 5434 λικὴ
337 5364 394 5432 /.
442 5365 538 5417 καὶ
572 5367 750 5420 πάντα
776 5370 846 5422 τά
873 5369 1001 5440 ἔθνη
1039 5372 1137 5442 τῆς
1171 5373 1272 5443 γῆς
1298 5375 1440 5428 κατὰ
1463 5377 1626 5447 γένη,
1659 5378 1754 5432 καὶ

181 5459 334 5511 πᾶσα
367 5456 494 5522 δόξα
525 5458 673 5530 αύτῷ
704 5460 1061 5532 λατρεύουσα,
1106 5464 1200 5518 καὶ
1228 5466 1261 5536 ἡ
1295 5465 1513 5532 ἐξουσία
1560 5469 1750 5535 αὑτοῦ,

179 5549 400 5616 ἐξουσία
423 5550 658 5619 αἰώνιος,
685 5552 809 5624 ἥτις
826 5554 884 5607 οὐ
912 5554 988 5626 μὴ
1014 5555 1178 5628 ἀρθῇ,
1205 5557 1298 5611 καὶ
1323 5559 1355 5628 ἡ
1381 5558 1629 5629 βασιλεία
1650 5561 1750 5615 αύ-

179 5642 297 5707 τοῦ,
337 5645 457 5715 ἥτις
494 5645 554 5698 οὐ
593 5645 667 5717 μὴ
702 5645 906 5720 φθαρῇ.

256 5734 340 5789 15.
377 5735 488 5791 Kal
520 5736 819 5807 ἀκηδιάσας
854 5738 964 5808 ἐγὼ
995 5739 1191 5813 Δανιὴλ
1232 5742 1294 5797 ἐν
1331 5742 1541 5808 τούτοις
1581 5745 1639 5799 ἐν
1672 5743 1751 5816 τῷ

1851 4515 2039 4570 datum
2065 4525 2148 4570 est
2173 4515 2226 4570 in
2261 4516 2692 4570 combustionem
2727 4516 2888 4585 ignis.
2968 4567 2986 4590 ,

1922 4608 2009 4662 12.
2053 4607 2117 4676 Et
2139 4608 2206 4662 ab
2228 4607 2316 4673 iis,
2341 4609 2432 4679 qui
2457 4610 2511 4664 in
2539 4609 2772 4664 circuitu
2825 4608 2944 4677 ejus
2992 4615 3167 4669 erant,
3203 4606 3427 4662 abstulit

1849 4711 2171 4772 potestatem
2194 4719 2406 4768 eorum,
2455 4712 2508 4758 et
2560 4714 2773 4772 tempus
2827 4702 2949 4756 vita:
2999 4701 3187 4755 datum
3233 4711 3316 4756 est
3344 4700 3426 4756 eis

1850 4811 2024 4866 usque
2057 4797 2122 4851 ad
2149 4807 2360 4868 tempus
2387 4806 2442 4852 et
2463 4797 2941 4867 opportunitatem.

1922 4889 2009 4943 15.
2051 4887 2308 4943 Videbam
2334 4889 2388 4943 in
2419 4889 2631 4944 visione
2657 4890 2856 4953 noctis,
2893 4898 2945 4943 et
2972 4904 3098 4944 ecce
3137 4903 3303 4957 super
3329 4901 3428 4940 nu-

1852 4977 1948 5035 bes
1976 4979 2098 5034 cueli
2128 4981 2271 5034 sicut
2310 4980 2454 5036 ﬁlius
2480 4980 2719 5036 hominis
2760 4981 3029 5044 veniebat,
3066 4989 3120 5034 et
3145 4981 3290 5034 sicut
3316 4977 3424 5034 Ve-

1853 5079 2031 5129 tustus
2057 5073 2268 5128 dierum
2298 5074 2507 5141 aderat,
2537 5084 2591 5130 et
2613 5074 2890 5131 adstantes
2917 5074 3139 5129 aderant
3174 5074 3224 5128 ei

1924 5253 2012 5308 14.
2053 5252 2119 5308 Et
2142 5253 2265 5308 data
2297 5264 2383 5308 est
2433 5254 2481 5308 ei
2538 5262 2779 5323 potestas
2821 5264 2875 5307 et
2915 5253 3091 5306 honor
3139 5253 3342 5322 regius,
3373 5262 3428 5309 et

1854 5359 2046 5400 omnes
2078 5355 2268 5417 gentes
2308 5354 2464 5400 terra:
2515 5345 2816 5401 secundum
2863 5359 3060 5414 genera
3084 5381 3100 5408 ,
3152 5354 3206 5399 et
3246 5347 3427 5402 omnis

1852 5439 2025 5508 gloria
2055 5439 2298 5494 serviens
2324 5437 2413 5492 ei:
2458 5445 2514 5492 et
2556 5445 2803 5508 potestas
2849 5435 2990 5507 ejus,
3021 5444 3266 5506 potestas
3303 5454 3428 5508 per-

1853 5540 2036 5601 petua,
2076 5547 2198 5601 quae
2231 5547 2337 5585 non
2369 5529 2664 5598 auferetur,
2700 5538 2755 5586 et
2802 5543 3028 5601 regnum
3089 5529 3241 5597 ejus,
3279 5535 3427 5603 quod

1856 5641 1960 5681 non
1987 5625 2318 5680 destruetur.

1926 5716 2014 5773 15.
2057 5718 2124 5774 Et
2149 5732 2274 5774 cum
2300 5731 2536 5775 mmrore
2563 5717 2714 5790 gravi
2734 5716 2957 5776 allectus
2987 5736 3164 5780 essem
3197 5735 3298 5795 ego
3320 5718 3426 5776 Da-
