4390 6222
994 246 1134 304 ειη

2016 232 2492 291 HEXAPLORUM
2529 230 2698 301 ρυλε
2739 228 3173 287 SUPERSUNT.

4144 222 4294 279 2811

1003 359 1110 414 niel
1137 371 1300 428 super
1326 354 1411 410 his
1469 354 1523 410 in
1563 354 1775 410 visione
1817 351 1994 408 noctis
2041 352 2444 407 conturbabant
2487 363 2576 405 me
2605 352 2653 410 Α
2679 348 2737 420 ὁρ

2558 363 2576 404 3
2605 352 2653 410 Α
2679 345 3039 420 ὁράματιτῆς
3059 343 3251 408 νυκτὸς
3287 345 3348 412 )t’
3377 341 3751 415 itaXpaao‘év
3771 358 3841 414 με
3856 339 3908 394 οἱ
3930 337 4292 408 διαλογισμοέ

1001 447 1363 518 cogitationes
1394 461 1548 499 me:e.

1075 540 1163 594 l6.
1204 537 1428 593 Accessi
1450 535 1520 590 ad
1541 550 1710 590 unum
1737 532 2023 597 stantium,
2062 542 2114 586 et
2128 529 2412 587 veritatem
2433 543 2584 600 qua.

1005 633 1190 685 iebam
1222 631 1292 684 ab
1317 645 1384 684 eo
1415 644 1581 698 super
1602 629 1859 681 omnibus
1887 625 1994 679 bis.
2017 622 2373 692 Respondens
2399 631 2581 675 autem

1001 723 1137 776 dicit
1167 722 1322 787 mihi,
1353 731 1407 776 et
1438 719 1945 790 interpretationem
1988 729 2308 771 sermonum
2335 712 2586 768 declara-

1004 816 1084 866 vit
1105 813 1260 865 mihi.

1081 905 1167 959 l7.
1211 904 1303 958 llae
1334 903 1520 957 bestia:
1553 916 1764 972 magnae
1793 908 1921 956 sunt
1961 910 2202 971 quatuor
2245 912 2433 970 regna,
2467 911 2588 968 qua:

1005 998 1265 1067 peribunt
1297 995 1363 1049 de
1395 1003 1558 1048 terra.

1083 1086 1171 1140 l8.
1215 1085 1282 1138 Et
1312 1084 1578 1153 accipient
1611 1098 1837 1152 regnum
1869 1081 2044 1137 sancti
2076 1080 2362 1147 Altissimi,
2407 1089 2463 1136 et
2490 1079 2588 1136 ob-

1008 1182 1262 1235 tinebuut
1295 1194 1526 1249 regnum
1559 1192 1734 1245 usque
1769 1177 1822 1230 in
1873 1175 2133 1230 saeculum
2167 1174 2516 1230 saeculorum.

1084 1359 1174 1414 l9.
1217 1357 1418 1412 Eodem
1451 1365 1697 1426 tempore
1729 1354 1876 1410 volui
1916 1370 2162 1424 quaerere
2204 1355 2496 1426 diligenter
2524 1355 2592 1411 de

1010 1452 1185 1506 bestia
1223 1449 1420 1520 quarta
1442 1449 1756 1502 destruente
1785 1447 1990 1511 omnia,
2031 1456 2085 1500 et
2117 1447 2363 1501 horribili
2403 1449 2587 1502 valde:

1009 1555 1068 1600 et
1095 1559 1226 1599 ecce
1252 1543 1442 1597 dentes
1471 1541 1594 1610 ejus
1629 1537 1809 1603 ferrei,
1839 1545 1894 1591 et
1924 1553 2130 1606 ungues
2150 1537 2271 1606 ejus
2300 1538 2447 1603 aerei,
2470 1553 2592 1607 quze

1013 1635 1317 1691 devorabat
1344 1649 1538 1688 omnes
1568 1632 1622 1686 in
1654 1629 1912 1694 circuitu,
1953 1640 2007 1683 et
2033 1631 2397 1684 conculcabat
2440 1629 2593 1700 pedi-

1015 1731 1136 1785 bus.

1082 1819 1175 1872 20.
1217 1817 1284 1871 Et
1316 1816 1383 1871 de
1413 1817 1599 1870 decem
1624 1813 1888 1869 cornibus
1914 1813 2056 1884 ejus,
2093 1827 2217 1882 quae
2242 1821 2401 1867 erant
2429 1828 2593 1882 super

1012 1917 1200 1979 caput,
1232 1917 1290 1963 et
1314 1908 1379 1962 de
1411 1921 1521 1962 uno
1551 1906 1678 1971 alio,
1703 1905 1850 1976 quod
1871 1905 2130 1958 adnatum
2183 1903 2386 1969 fuerat,
2418 1913 2471 1957 et
2494 1905 2591 1958 de-

1012 1998 1261 2051 ciderant
1295 2007 1518 2066 prepter
1547 1996 1677 2050 illud
1713 1995 1814 2050 tria
1841 2035 1857 2059 ,
1904 2004 1959 2049 et
1995 2009 2168 2049 cornu
2204 1993 2334 2048 illud
2361 1994 2595 2049 habebat

1013 2091 1228 2155 oculos,
1261 2099 1314 2144 et
1347 2105 1410 2144 os
1442 2089 1671 2159 loquens
1704 2103 1924 2160 magna,
1954 2096 2008 2142 et
2057 2098 2312 2158 aspecms
2342 2088 2460 2158 ejus
2495 2104 2594 2144 su-

1014 2183 1244 2253 perabat
1268 2182 1396 2236 alia.

1086 2275 1176 2326 ‘tl.
1219 2271 1285 2327 Et
1333 2270 1746 2327 considerabam
1799 2285 1971 2326 cornu
2020 2271 2174 2338 illud,
2210 2269 2355 2342 quod
2391 2269 2592 2326 bellum

1025 2342 1270 2420 iaciebat
1300 2363 1562 2418 adversus
1591 2371 1836 2426 sanctos,
1863 2372 1918 2416 et
1950 2362 2170 2433 lugabat
2197 2379 2312 2418 eos.

1087 2456 1179 2511 22.
1223 2454 1594 2523 Quoadusque
1621 2455 1770 2508 venit
1805 2453 2058 2510 Vetustus
2104 2455 2340 2520 dierum,
2379 2464 2433 2509 et
2457 2455 2597 2524 judi-

1013 2548 1163 2603 cium
1199 2545 1346 2601 dedit
1375 2549 1582 2601 sanctis
1619 2547 1908 2612 Altissimi,
1939 2554 1992 2601 et
2025 2559 2238 2617 tempus
2267 2549 2455 2602 datum
2488 2557 2592 2616 est,

1023 2645 1081 2691 et
1113 2651 1342 2706 regnum
1368 2637 1725 2690 obtinuerunt
1765 2637 1961 2692 sancti.

1087 2728 1180 2784 25.
1215 2728 1280 2783 Et
1304 2728 1509 2783 dictum
1551 2739 1637 2784 est
1680 2731 1811 2784 mihi
1856 2731 1924 2784 de
1977 2740 2170 2800 quarta
2227 2729 2427 2798 bestia,
2466 2733 2593 2802 quia

1018 2836 1248 2891 regnum
1276 2829 1534 2890 quartum
1563 2821 1670 2875 erit
1695 2837 1858 2891 super
1898 2831 2120 2887 terram,
2147 2824 2290 2892 quod
2334 2824 2599 2879 eminebit

1017 2929 1185 2984 supra
1217 2929 1432 2967 omnem
1461 2922 1682 2980 terram,
1714 2924 1762 2969 et
1790 2915 2073 2970 devorabit
2107 2931 2330 2972 omnem
2363 2927 2590 2984 terram,

1020 3015 1078 3062 et
1104 3006 1383 3060 subvertet
1410 3021 1552 3070 eam,
1584 3015 1637 3060 et
1664 3008 1913 3062 concidet
1940 3024 2082 3062 cam.

1093 3096 1183 3152 ει.
1209 3096 1274 3150 Ει
1300 3099 1484 3153 decem
1507 3113 1713 3152 cornua
1747 3099 1920 3167 regni,
1942 3099 2127 3154 decem
2153 3115 2307 3170 reges
2335 3099 2592 3154 stabunt:

1021 3198 1079 3243 et
1105 3189 1247 3243 alius
1276 3201 1370 3243 rex
1400 3197 1525 3258 post
1554 3204 1650 3243 eos
1678 3189 1864 3254 stabit,
1896 3200 1950 3244 et
1983 3191 2098 3260 ipse
2134 3193 2292 3247 malis
2322 3193 2601 3264 superabit

1026 3280 1255 3351 primos,
1289 3289 1342 3335 et
1373 3289 1482 3336 tres
1514 3296 1667 3352 reges
1705 3282 2035 3337 humiliabit.

1094 3460 1188 3516 25.
1228 3458 1296 3515 Et
1344 3458 1509 3515 verba
1544 3469 1735 3515 contra
1793 3460 2131 3516 Altissimum
2192 3461 2488 3533 loquetur,
2549 3474 2602 3519 et

1027 3562 1253 3610 sanctos
1311 3551 1580 3607 Altissimi
1636 3561 1880 3606 conteret
1930 3568 1944 3606 :
2001 3563 2057 3608 et
2093 3565 2338 3610 assumet
2392 3566 2604 3612 mutare

1031 3653 1295 3715 tempora,
1322 3653 1376 3699 et
1400 3644 1594 3716 legem,
1617 3653 1671 3699 et
1702 3645 1984 3699 tradentur
2019 3647 2205 3702 omnia
2256 3647 2309 3702 in
2353 3651 2604 3706 manibus

1027 3735 1150 3805 ejus
1180 3736 1443 3804 usquead
1497 3743 1734 3806 tempus,
1789 3744 1844 3791 et
1895 3746 2161 3807 tempora,
2222 3747 2274 3794 et
2325 3755 2501 3811 usque
2535 3741 2603 3796 ad

1027 3828 1310 3882 dimidium
1336 3827 1613 3897 temporis.

1098 3919 1190 3974 26.
1233 3918 1299 3971 Et
1320 3917 1587 3988 judicium
1619 3919 1851 3986 sedebit,
1883 3928 1936 3974 et
1955 3929 2275 3990 potestatem
2299 3922 2600 3990 destruent,

1029 4018 1086 4064 et
1118 4010 1500 4065 deliberabunt
1523 4012 1919 4078 contaminare,
1965 4023 2018 4068 et
2049 4015 2274 4084 perdere
2317 4032 2491 4088 usque
2547 4019 2600 4074 in

1029 4102 1190 4157 linem
1200 4141 1214 4155 .

1099 4192 1190 4248 27.
1232 4190 1300 4246 Et
1331 4207 1581 4262 regnum,
1608 4201 1662 4248 et
1693 4202 2037 4264 potestatem,
2066 4206 2120 4252 et
2144 4199 2600 4269 magniﬁcentiam

1029 4298 1243 4350 eorum,
1282 4292 1335 4337 et
1366 4284 1724 4354 principatum
1785 4285 2029 4339 omnium
2087 4289 2189 4342 sub
2235 4289 2375 4343 coelo
2405 4305 2602 4360 regno-

2726 455 2809 493 ου.

2684 455 2844 584 Poni.
2877 526 3193 600 Προσῆλθον
3243 524 3377 598 πρὸς
3423 525 3522 580 ἕνα
3559 524 3669 579 τῶν
3712 523 3993 587 ἑστώτων,
4037 521 4147 576 καὶ
4194 520 4290 590 tif:

2684 620 2974 694 ἀκρίϐειαν
3003 620 3233 688 ἐζήτουν
3265 619 3397 688 παρ’
3425 616 3592 671 αὐτοῦ
3616 618 3755 688 ὑπὲρ
3785 619 4016 671 πάντων
4048 617 4292 668 τούτωξο-

2685 713 3007 784 ἀποκριθεὶς
3035 711 3090 765 δὲ
3121 711 3268 780 λέγει
3295 728 3406 782 μοι,
3451 711 3542 763 καὶ
3576 710 3674 781 τὴν
3708 709 3892 781 κρίσιν
3937 709 4054 761 τῶν
4115 705 4296 775 λόγων

2684 801 2921 874 ἐδήλωσέ
2951 819 3061 873 μοι.

2760 896 2848 950 I7.
2881 890 3071 949 Ταῦτα
3098 895 3167 949 τὰ
3195 894 3358 966 θηρία
3384 895 3454 949 τὰ
3491 894 3705 965 μεγάλα
3744 894 3850 948 εἰσὶ
3879 893 4176 966 τέσσαρες
4205 892 4298 965 βα·-

2689 987 2907 1050 σιλεῖαι,
2944 983 3000 1041 αἱ
3029 986 3357 1042 ἀπολοῦνται
3381 986 3489 1040 ἀπὸ
3511 987 3610 1058 τῆς
3630 986 3754 1056 γῆς.

2759 1079 2848 1134 18.
2881 1080 2994 1134 Καὶ
3032 1079 3447 1151 παραλήψονται
3477 1078 3577 1150 τὴν
3614 1077 3892 1148 βασιλείαν
3931 1079 4096 1146 ἅγιοι
4131 1077 4294 1147 Ὑψί-

2689 1189 2816 1226 στου
2839 1212 2854 1236 ,
2895 1173 2992 1226 καὶ
3033 1171 3323 1237 καθέξουσι
3361 1173 3462 1245 τὴν
3502 1170 3780 1243 βασιλείαν
3809 1171 3920 1235 ἓως
3959 1169 4067 1224 τοῦ
4096 1171 4295 1233 αἰῶνος

2687 1260 2798 1314 τῶν
2825 1260 3056 1316 αίώνων.

2763 1353 2849 1408 I9.
2880 1353 3015 1406 Τότε
3045 1353 3238 1425 ἤθελον
3264 1353 3740 1421 ἐξακριϐώσασθαι
3784 1353 3918 1424 περὶ
3964 1352 4073 1408 τοῦ
4103 1353 4294 1423 θηρίου

2691 1442 2784 1496 τοῦ
2816 1445 3101 1514 τετάρτου,
3140 1445 3236 1498 τοῦ
3269 1446 3675 1518 διαφθείροντος
3714 1449 3916 1511 πάντα,
3973 1447 4080 1500 καὶ
4127 1447 4297 1516 ὑπερ-

2692 1536 2859 1606 φόὸου
2879 1552 2894 1567 '
2935 1537 3032 1592 καὶ
3062 1538 3172 1590 ἰδοὺ
3196 1539 3243 1590 οί
3269 1537 3479 1602 ὀδόντες
3500 1539 3663 1592 αὐτοῦ
3703 1540 3935 1611 σιδηροῖ,
3970 1541 4076 1591 καὶ
4103 1541 4155 1590 οἱ
4176 1539 4297 1591 6w-

2691 1645 2787 1697 χες
2815 1627 2979 1682 αὐτοῦ
2999 1629 3207 1699 χαλκοῖ,
3237 1631 3614 1695 κατεσθίοντος
3638 1632 3844 1695 πάντας
3869 1633 4188 1700 κυκλόθεν,
4211 1634 4298 1684 καὶ

2697 1722 3135 1783 καταπατοῦντος
3162 1723 3274 1785 τοῖς
3308 1723 3456 1778 ποσί.

2761 1813 2850 1867 20.
2880 1813 2990 1866 Καὶ
3019 1815 3150 1885 περὶ
3182 1815 3290 1869 τῶν
3315 1815 3444 1868 δέκα
3471 1815 3718 1886 κεράτων
3738 1814 3905 1869 αὐτοῦ
3932 1816 4053 1868 τῶν
4088 1818 4184 1868 ἐπὶ
4209 1816 4299 1884 τῆς

2693 1905 2970 1975 κεφαλῆς,
3003 1907 3097 1959 καὶ
3134 1905 3228 1959 τοῦ
3269 1905 3388 1970 ἐνὸς
3415 1905 3507 1960 τοῦ
3540 1907 3699 1961 ἄλλον
3737 1905 3831 1960 τοῦ
3880 1908 4297 1978 προσενέγκω,

2694 1996 2786 2049 καὶ
2811 1996 3072 2062 ἐξέπεσαν
3093 1996 3160 2050 δι’
3184 1996 3348 2050 αὐτοῦ
3367 1996 3511 2067 τρία,
3540 1997 3634 2049 καὶ
3657 1996 3717 2049 τὸ
3739 1996 3909 2066 κέρας
3934 1999 4130 2049 ἐκεῖνο
4163 1994 4300 2066 εἶχεν

2691 2087 3020 2159 ὀφθαλμοὺς,
3054 2089 3148 2141 καὶ
3181 2088 3356 2159 στόμα
3406 2088 3600 2141 λαλοῦν
3630 2090 3876 2159 μεγάλα’
3930 2091 4036 2142 καὶ
4067 2091 4108 2160 ἡ
4132 2093 4297 2161 πρόσ-

2692 2179 2815 2249 οψις
2834 2179 3000 2234 αὑτοῦ
3030 2179 3333 2252 ὑπερέφερε
3358 2179 3427 2233 τὰ
3457 2180 3614 2236 ἄλλα.

2764 2271 2853 2326 2|.
2885 2273 2995 2324 Καὶ
3029 2273 3313 2325 κατενόουν
3363 2273 3426 2324 τὸ
3457 2272 3624 2341 κέρας
3654 2272 3830 2325 ἐκεῖνο
3883 2272 4156 2340 πόλεμον
4186 2290 4301 2324 συν-

2699 2365 2986 2434 ιστάμενον
3010 2363 3146 2434 πρὸς
3165 2364 3288 2427 τοὺς
3310 2363 3518 2432 ἁγίους,
3549 2364 3644 2417 καὶ
3664 2364 4054 2436 τροπούμενον
4079 2365 4297 2425 αὐτούς.

2763 2455 2854 2509 22.
2883 2456 3030 2519 Ἕως
3056 2455 3151 2509 τοῦ
3181 2455 3353 2508 ἐλθεῖν
3381 2455 3472 2509 τὸν
3497 2456 3732 2509 Παλαιὸν
3770 2456 4033 2527 ἡμερῶν,
4069 2455 4176 2509 καὶ
4211 2457 4301 2524 τὴν

2695 2545 2876 2614 κρίσιν
2899 2545 3066 2598 ἔδωκε
3094 2548 3208 2609 τοῖς
3238 2546 3413 2614 ἁγίοις
3441 2546 3536 2599 τοῦ
3589 2546 3845 2615 Ὑψίστου
3873 2563 3890 2577 ο
3919 2546 4023 2598 καὶ
4057 2549 4090 2599 ό
4115 2546 4300 2615 any..-

2695 2635 2872 2706 ἐδόθη,
2897 2637 2991 2690 καὶ
3024 2635 3086 2689 τὸ
3117 2635 3385 2705 βασίλειον
3419 2637 3681 2706 κατέσχον
3703 2637 3751 2689 οἱ
3787 2637 3960 2704 ἅγιοι.

2766 2726 2855 2780 25.
2885 2727 2991 2779 Kal.
3016 2726 3218 2798 ἐρρέθη
3253 2745 3341 2796 μοι
3373 2729 3501 2799 περὶ
3525 2727 3620 2780 τοῦ
3651 2727 3837 2799 θηρίου
3865 2727 3971 2781 τοῦ
4004 2729 4300 2798 τετάρτου,

2695 2815 2777 2869 δτι
2809 2815 3053 2886 βασιλεία
3077 2817 3308 2888 τετάρτη
3330 2817 3483 2872 ἔσται
3514 2820 3604 2871 ἐπὶ
3625 2823 3723 2890 τῆς
3748 2822 3880 2891 γῆς,
3933 2821 4072 2890 ἥτις
4115 2822 4302 2875 διοίσει

2697 2910 2849 2977 παρὰ
2882 2910 3064 2962 πᾶσαν
3101 2909 3198 2979 τὴν
3223 2911 3422 2980 γῆνχ.
3442 2911 3534 2964 καὶ
3566 2913 3947 2981 καταφάγεται
3983 2918 4186 2969 πᾶσαν
4215 2916 4305 2985 τὴν

2624 3040 2668 3099 C
2699 2998 2805 3069 γῆν
2817 2998 2874 3068 /.
2891 2999 2985 3052 καὶ
3004 3000 3377 3053 ἀναστατώσει
3417 3002 3606 3073 αὐτὴν,
3629 3005 3722 3056 καὶ
3744 3003 4092 3058 καταλεανεί
4116 3008 4303 3075 (τὴν.

2770 3093 2859 3148 24.
2891 3094 3000 3147 Καὶ
3029 3094 3098 3149 τὰ
3120 3094 3253 3149 δέκα
3273 3096 3476 3168 κέρατα
3508 3096 3609 3166 τῆς
3636 3095 3940 3166 βασιλείας,
3974 3098 4124 3151 δέκα
4159 3099 4308 3169 βαπ-

2701 3184 2815 3248 λεῖς
2843 3187 3160 3255 στήσονται⁶
3197 3188 3346 3241 καὶὸ
3373 3188 3531 3252 ἄλλος
3571 3188 3824 3258 βασιλεὺς
3875 3190 4032 3260 μετὰ
4078 3192 4306 3256 τούτους

2703 3279 2980 3349 στήσεται,
3012 3281 3109 3335 καί⁵
3146 3281 3308 3345 αὐτὸς
3329 3279 3518 3335 διοίσει
3554 3285 3743 3346 κακοῖς
3775 3283 3922 3355 ὑπὲρ
3971 3285 4116 3348 τοὺς
4161 3287 4298 3358 πρώ-

2701 3388 2849 3435 τους,
2889 3375 2981 3427 καὶ
3017 3376 3164 3445 τρεῖς
3199 3374 3436 3444 βασιλεῖς
3475 3375 3820 3428 ταπεινώσει.

2773 3465 2862 3519 25.
2897 3466 3008 3519 Καὶ
3057 3467 3273 3538 ῥήματα
3328 3467 3409 3531 είς
3460 3466 3552 3520 τὸν
3583 3465 3846 3535 ’Υψιστον
3895 3466 4173 3540 λαλήσει,
4221 3470 4310 3524 καὶ

2703 3553 2830 3616 τοὺς
2862 3549 3050 3621 ἁγίους
3070 3554 3163 3608 τοῦ
3208 3555 3465 3625 Ὑψίστου
3501 3556 3843 3626 κατατρίψει,
3876 3559 3982 3610 καὶ
4005 3561 4307 3629 προτδέξε-

2703 3659 2795 3698 ται
2823 3645 3114 3700 ἀλλοιῶσαι
3153 3649 3380 3717 καιροὺς
3411 3646 3506 3701 καὶ
3539 3647 3723 3718 νόμον,
3753 3647 3851 3700 καὶ
3904 3653 4307 3723 παραδοθήσε-

2703 3749 2796 3785 ται
2827 3733 3003 3787 πάντα
3030 3735 3109 3798 είς
3137 3736 3236 3800 τὰς
3268 3740 3455 3809 χεῖρας
3477 3736 3640 3790 αὑτοῦ
3665 3736 3767 3801 ἕως
3797 3740 4004 3812 καιροῦ
4041 3745 4148 3797 καὶ
4187 3762 4304 3798 και-

2705 3825 2838 3896 ρῶν,
2863 3826 2957 3880 καὶ
2988 3827 3093 3891 ἕως
3125 3827 3356 3898 ἡμίσους
3386 3829 3600 3901 καιροῦ.

2774 3917 2864 3973 26.
2900 3919 3011 3972 Ka‘t
3042 3920 3074 3990 ἠ
3101 3921 3281 3990 κρίσις
3305 3921 3609 3986 καθίσεται,
3631 3925 3724 3979 καὶ
3750 3924 3852 3995 τὴν
3871 3924 4147 3990 ἐξουσίαν
4178 3930 4303 3980 απο-

2703 4008 2876 4071 λοῦσι,
2922 4011 3017 4065 καὶ
3049 4011 3426 4083 βουλεύσονται
3467 4017 3655 4086 μιᾶναι
3707 4016 3802 4069 καὶ
3856 4017 4150 4073 ἀπολέσαι
4203 4023 4302 4082 ἕως

2703 4103 2908 4166 τέλους.

2773 4197 2866 4250 27.
2899 4195 3010 4252 Καὶ
3038 4197 3136 4269 τὴν
3166 4197 3461 4269 βασιλείαν,
3495 4202 3587 4255 καὶ
3618 4201 3714 4273 τὴν
3752 4203 4032 4270 ἐξουσίαν,
4075 4210 4178 4262 καὶ
4213 4211 4302 4277 τὴν

2709 4290 3105 4363 μεγαλειότητα
3127 4292 3328 4354 αὐτῶν,
3360 4295 3453 4347 καὶ
3495 4295 3593 4365 τὴν
3621 4296 3794 4366 ἀρχὴν
3826 4298 4025 4349 πασῶν
4055 4300 4175 4351 τῶν
4205 4302 4300 4354 ὑπὸ

1030 4390 1178 4442 rum,
1213 4374 1362 4430 dedit
1397 4375 1596 4445 populo
1645 4385 1838 4430 sancto
1886 4377 2106 4431 excelso
2151 4377 2219 4432 ad
2268 4382 2598 4452 regnandum
2635 4383 2678 4439 D
2705 4382 2764 4433 τὸ

2565 4398 2598 4435 n
2635 4383 2678 4439 D
2705 4382 2797 4433 τὸν
2841 4381 3067 4452 οὐρανὸν
3116 4382 3435 4452 βασιλειῶν,
3481 4385 3650 4438 ἔδωκε
3707 4384 3823 4456 λαῷ
3872 4387 4026 4459 ἁγίῳ
4091 4391 4299 4460 ﬁdius;

1032 4480 1200 4538 regno
1227 4465 1581 4535 sempiterno,
1609 4476 1662 4522 ct
1694 4483 1884 4522 omnes
1915 4476 2208 4536 potestates
2231 4472 2280 4525 ei
2309 4473 2604 4544 subjicien-

1032 4569 1146 4625 tur,
1181 4567 1236 4613 et
1254 4558 1510 4613 obedient
1538 4559 1588 4612 ei
1623 4574 1795 4629 usque
1822 4560 1889 4614 ad
1918 4562 2076 4616 linem
2101 4563 2392 4620 sermonis.

1102 4734 1192 4790 28.
1235 4732 1344 4803 Ego
1379 4733 1563 4789 Daniel
1601 4732 1772 4791 multo
1814 4744 2038 4807 stupore
2065 4748 2352 4810 correptus
2376 4755 2519 4807 sum,
2551 4751 2606 4797 et

1033 4827 1211 4884 forma
1235 4842 1354 4881 mea
1386 4827 1673 4882 immutata
1701 4839 1785 4882 est
1811 4845 1976 4901 super
2026 4848 2134 4897 me,
2183 4841 2237 4887 et
2285 4833 2510 4889 verbum
2549 4836 2604 4890 in

1030 4920 1198 4976 corde
1222 4935 1345 4975 meo
1378 4922 1605 4977 lirmiter
1639 4922 1826 4978 statui.

1613 5071 1841 5132 CAPUT
1881 5074 2017 5132 VIII.

1113 5187 1164 5243 Ι.
1205 5187 1365 5242 Anno
1409 5188 1569 5244 tertio
1627 5199 1888 5258 regnante
1930 5189 2198 5258 Baltasar,
2245 5195 2403 5255 visio.
2440 5213 2602 5266 quam

1036 5281 1147 5336 vidi
1179 5296 1280 5348 ego
1311 5280 1497 5335 Daniel
1522 5319 1538 5345 ,
1568 5291 1852 5350 postquam
1885 5281 2144 5338 vidissem
2174 5284 2426 5353 primam.

1105 5373 1161 5428 2.
1203 5372 1268 5427 Et
1296 5373 1404 5428 vidi
1429 5373 1482 5427 in
1508 5373 1720 5430 visione
1747 5373 1945 5429 somnii
1973 5375 2103 5439 mei,
2151 5392 2277 5431 cum
2307 5392 2407 5449 ego
2427 5395 2602 5436 essem

1035 5466 1095 5520 in
1116 5464 1271 5520 Susis
1303 5465 1543 5531 civitate,
1575 5481 1697 5536 qua:
1743 5475 1827 5521 est
1860 5466 1915 5520 in
1962 5465 2246 5537 Elymaide
2276 5471 2522 5542 regione,
2552 5485 2605 5529 et

1034 5554 1148 5609 vidi
1189 5555 1245 5610 in
1291 5556 1526 5617 visione.
1557 5571 1680 5614 cum
1736 5557 1916 5616 adhuc
1960 5573 2135 5616 essent
2185 5560 2339 5632 juxta
2392 5575 2600 5636 portam

1035 5644 1245 5704 telam.

2706 4472 3021 4544 βασιλεῦσαι
3070 4473 3347 4544 βασιλείαν
3393 4475 3627 4543 αίώνιον,
3682 4479 3774 4530 καὶ
3819 4480 3998 4532 πᾶσαι
4051 4481 4298 4546 ἐξουσίαι

2704 4565 2851 4635 αὐτῷ
2881 4563 3334 4637 ὕποταγήσονται,
3366 4569 3462 4622 καὶ
3502 4569 3970 4642 πειθαρχήσουσιν
4011 4575 4177 4646 αὐτῷ
4203 4578 4298 4638 ἕως

2705 4661 3087 4729 καταστροφῆς
3113 4661 3207 4714 τοῦ
3247 4660 3427 4731 λόγου.

2774 4749 2864 4804 28.
2909 4750 3048 4820 Ἐγὼ
3103 4753 3298 4824 Δανιὴλ
3333 4755 3538 4827 σφόδρα
3590 4756 3846 4810 ἐκστάσει
3899 4761 4294 4832 περιειχόμην,

2705 4845 2800 4898 καὶ
2826 4847 2858 4915 ή
2880 4845 2991 4909 ’ἐξις
3023 4863 3124 4916 μου
3159 4845 3442 4918 διήνεγκεν
3481 4850 3623 4919 ἐμοὶ,
3649 4851 3744 4902 καὶ
3780 4851 3840 4902 τὸ
3877 4852 4035 4922 ῥῆμα
4073 4856 4138 4907 ἐν
4170 4872 4297 4927 καρ-

2704 4935 2792 5007 δίᾳ
2826 4953 2929 5007 μου
2957 4937 3234 5008 ἐστήριξα.

3300 5095 3550 5152 ΚΕΦΑΛ.
3593 5097 3653 5150 H'

2777 5208 2830 5264 I.
2866 5208 3058 5272 Ἔτους
3088 5212 3268 5278 τρίτου
3311 5210 3683 5281 βασιλεύοντος
3726 5211 4048 5284 Βαλτάσαρ,
4090 5216 4290 5288 ὅρασις,

2705 5299 2771 5371 ἢν
2797 5295 2935 5354 εἶδον
2955 5299 3064 5369 ἐγὼ
3094 5301 3313 5371 Δανιὴλ,
3349 5304 3487 5373 μετὰ
3512 5304 3573 5357 τὸ
3605 5304 3731 5357 ἰδεῖν
3773 5323 3841 5376 με
3867 5307 3973 5378 τὴν
4009 5310 4260 5380 πρώτηιί.

2773 5389 2827 5444 2.
2858 5391 2967 5443 Καὶ
2988 5387 3126 5445 εἶδον
3148 5395 3203 5446 ἐν
3233 5393 3310 5463 τῷ
3332 5396 3568 5465 ὁράματι
3597 5397 3689 5450 τοῦ
3715 5398 3974 5452 ἐνυπνίου
4006 5418 4140 5470 μου,
4169 5401 4290 5471 ἐμοῦ

2704 5480 2854 5544 ὄντος
2885 5483 2946 5536 ἐν
2974 5481 3195 5546 Σούσοις
3244 5489 3307 5556 τῇ
3358 5486 3533 5549 πόλει,
3556 5488 3677 5558 ἣτις
3717 5489 3868 5543 ἐστὶν
3895 5492 3959 5543 ἐν
4015 5491 4291 5563 Ἑλυμαῖδι

2705 5569 2857 5641 χώρᾳ
2886 5573 2951 5640 >ε<
2985 5572 3080 5625 καὶ
3103 5571 3240 5627 εἶδον
3271 5577 3328 5629 ἐν
3358 5576 3596 5650 ὁράματι
3624 5579 3681 5649 /.
3716 5577 3797 5633 ἔτι
3825 5579 3986 5646 δντος
4021 5601 4132 5654 μου
4167 5586 4289 5657 πρὸ,

2705 5665 2772 5734 τῇ
2805 5661 2946 5735 πύλῃ
2977 5664 3177 5737 Αίλάμ.
3220 5694 3222 5696 τ
