4390 6222
420 263 566 322 2813

1643 256 1900 316 DANIEL
1936 257 2166 315 CAPUT
2198 259 2338 315 Vill.

3528 256 3672 315 2814

493 379 550 436 3.
593 374 924 447 Ἀναϐλέψας
951 370 1090 432 εἶδον
1124 377 1277 448 κριὸν
1303 376 1398 431 ἕνα
1433 377 1606 449 μέγαν
1633 379 1844 434 ιστῶτα
1890 381 2001 434 ἀπ·
2029 388 2075 443 Α
2172 378 2227 434 3.

1932 396 2001 432 π-
2029 388 2075 443 Α
2172 378 2228 434 3.
2272 375 2592 446 Suspiciens
2621 375 2729 432 vidi
2759 375 2985 431 arietem
3015 390 3184 431 unum
3223 390 3478 446 magnum
3513 385 3666 431 stan-

419 473 602 525 έναντι
626 471 726 540 τῆς
753 469 928 541 πύλης
945 487 959 501 ·
990 471 1084 523 καὶ
1098 465 1211 540 εἶχε
1236 471 1464 542 κέρατα,
1483 473 1550 540 χ
1576 472 1669 526 καὶ
1691 472 1760 525 τὰ
1787 471 1996 544 κέρατα

417 566 487 630 μ(
520 561 721 632 ὑψηλὰ,
747 562 839 614 καὶ
875 562 936 614 τὸ
983 561 1042 615 ἓν
1069 561 1400 633 ὑψηλότερον
1427 562 1522 615 τοῦ
1548 562 1734 633 ἐτέρου
1753 602 1768 627 ,
1803 563 1897 617 καὶ
1935 562 1997 614 τὸ

420 653 750 724 ὑψηλότερον
781 651 1052 706 ἀνέϐαινε.

487 743 542 798 4.
574 743 728 798 Μετὰ
746 744 802 795 δὲ
825 743 996 797 ταῦτα
1019 738 1158 796 είδον
1187 744 1278 797 τὸν
1301 744 1456 815 κριὸν
1480 761 1540 798 κε
1550 744 1834 815 ρατίζοντα
1862 743 1996 815 πρὸς

416 833 703 899 ἀνατολὰς,
749 834 843 887 καὶ
893 834 1031 904 πρὸς
1063 833 1284 907 βορρᾶν,
1314 835 1410 888 καὶ
1453 835 1591 906 πρὸς
1631 836 1864 905 δυσμὰς,
1903 834 1998 888 καὶ

420 926 771 997 μεσημϐρίαν
795 941 809 955 ⁸
842 926 936 979 καὶ
957 925 1136 979 πάντα
1160 927 1229 979 τὰ
1251 925 1417 997 θηρία
1439 927 1542 980 ούκ
1570 926 1804 996 ἔστησαν
1822 925 1997 980 όπίσω

417 1018 606 1082 αὑτοῦ,
643 1018 735 1070 καὶ
755 1018 853 1070 ούκ
896 1013 964 1088 ἦν
993 1019 1020 1070 6
1054 1017 1313 1087 ῥυόμενος
1334 1019 1396 1070 ἐκ
1424 1017 1532 1070 τῶν
1581 1017 1776 1088 χειρῶν
1806 1015 1994 1078 αὑτοῦ,

419 1111 513 1165 καὶ
543 1108 716 1162 ἐποίει
741 1109 817 1173 ὡς
847 1108 1026 1180 ἤθελε,
1057 1110 1151 1162 καὶ
1171 1109 1378 1179 ὑψώθη.

491 1292 546 1348 5.
584 1291 694 1345 Kal
738 1289 850 1360 ἐγὼ
899 1289 1239 1360 διενοούμην,
1289 1289 1381 1342 καὶ
1422 1290 1530 1343 ίδοὺ
1577 1290 1776 1360 τράγος
1824 1289 1995 1358 αἰγῶν

419 1387 620 1455 ἤρχετο
645 1382 752 1436 ἀπὸ
779 1382 1001 1453 δυσμῶν
1029 1382 1122 1433 ὲπὶ
1170 1380 1460 1451 προσώπου
1494 1383 1592 1448 τῆς
1639 1382 1772 1452 γῆς’
1809 1382 1904 1434 καὶ
1928 1377 1996 1451 ἦν

419 1477 513 1529 τοῦ
547 1477 751 1546 τράγου
801 1475 968 1546 κέρας
1015 1474 1074 1529 ἓν
1105 1478 1173 1542 X
1206 1474 1478 1546 θεωρητόν
1500 1475 1557 1543 /.
1589 1475 1859 1546 άναμέσον
1889 1475 1996 1530 τῶν

417 1564 720 1635 ὀφθαλμῶν
749 1565 934 1618 αὐτῶν
963 1568 1019 1634 /.

490 1656 546 1710 6.
571 1656 680 1709 Kal
716 1651 881 1726 ἦλθεν
901 1657 992 1708 ἐπὶ
1019 1656 1115 1709 τὸν
1142 1655 1293 1726 κριὸν
1322 1655 1413 1710 τὸν
1437 1659 1505 1712 τὰ
1541 1657 1748 1728 κέρατα
1783 1658 1991 1728 ἔχοντα,

2099 477 2204 522 tem
2244 484 2274 523 c
2310 468 2528 538 regione
2563 477 2751 536 portae,
2787 478 2841 523 et
2867 468 3098 522 habebat
3131 482 3360 535 cornua,
3383 476 3438 521 et
3462 483 3667 523 cornua

2097 562 2312 616 excelsa
2341 599 2358 626 ,
2407 571 2464 616 et
2487 577 2656 616 unum
2707 562 2978 617 excelsius
3027 560 3240 626 altero,
3296 570 3351 616 et
3400 561 3672 618 excelsius

2101 654 2450 709 ascendebat.

2170 747 2224 800 4.
2267 745 2395 800 Post
2429 754 2609 800 autem
2643 746 2761 800 hazc
2820 743 2928 798 vidi
2969 743 3194 798 arietem
3247 742 3508 798 cornibus
3536 758 3671 798 ven-

2097 834 2344 890 tilantem
2379 838 2443 893 ad
2476 838 2763 901 orientem,
2793 844 2848 890 et
2881 835 2950 891 ad
2977 836 3289 906 aquilonem
3310 874 3326 901 ,
3351 845 3406 888 et
3428 835 3492 888 ad
3518 834 3668 889 occi-

2096 926 2332 993 dentem,
2364 937 2418 982 et
2441 928 2508 983 ad
2543 927 2824 984 meridiem
2862 946 2875 983 :
2916 936 2982 982 -ct
3047 937 3260 983 cuncta:
3326 926 3514 982 bestia:
3556 941 3668 982 non

2097 1026 2366 1072 steterunt
2407 1028 2530 1088 post
2566 1034 2724 1083 eum,
2752 1027 2807 1072 et
2850 1033 2959 1072 non
3007 1026 3126 1072 erat
3163 1016 3256 1086 qui
3296 1016 3552 1070 liberaret
3602 1015 3673 1070 de

2098 1109 2350 1164 manibus
2383 1110 2522 1179 ejus,
2557 1119 2612 1165 et
2636 1109 2892 1176 faciebat,
2928 1108 3073 1165 sicut
3102 1108 3337 1174 volebat,
3387 1117 3442 1163 et
3468 1106 3671 1162 exalta-

2100 1210 2189 1254 tus
2228 1208 2332 1254 est.

2167 1291 2221 1345 5.
2265 1289 2331 1346 Et
2359 1305 2462 1361 ego
2514 1290 3011 1347 animadvertebam
3043 1311 3057 1346 :
3084 1297 3138 1346 et
3187 1305 3316 1347 ecce
3366 1291 3550 1346 hircus
3580 1306 3674 1347 ea-

2099 1398 2320 1451 prarum
2353 1383 2602 1439 veniebat
2625 1384 2694 1438 ab
2715 1383 2998 1439 occidente
3038 1398 3205 1453 super
3238 1381 3430 1437 faciem
3477 1391 3672 1447 terrae;

2097 1482 2150 1527 et
2180 1483 2297 1528 erat
2325 1475 2457 1530 hirci
2493 1490 2666 1529 cornu
2697 1490 2865 1529 unum
2919 1475 3212 1545 spectabile
3243 1475 3297 1529 in
3339 1474 3517 1529 medio
3538 1489 3671 1530 ocu-

2099 1567 2277 1620 lorum
2305 1581 2557 1622 suorum.

2168 1660 2222 1714 6.
2255 1659 2320 1714 Et
2349 1660 2495 1715 venit
2516 1659 2582 1714 ad
2615 1658 2860 1724 arietem,
2882 1659 2974 1729 qui
3003 1675 3210 1715 cornua
3240 1659 3490 1724 habebat,
3509 1675 3676 1729 quem

418 1749 482 1800 ὃν
511 1744 652 1802 εἶδον
676 1747 886 1802 ἑστῶτα
919 1749 1054 1819 πρὸς
1083 1751 1148 1820 τῇ
1183 1749 1345 1821 πύλῃ,
1379 1751 1474 1803 καὶ
1507 1749 1709 1821 ἔδραμε
1734 1749 1870 1822 πρὸς
1895 1750 1995 1803 αὑ·-
2030 1740 2070 1794 Β
2099 1749 2149 1804 vi

1939 1750 1995 1802 ὺ-
2030 1740 2070 1794 Β
2099 1749 2342 1804 videram
2378 1757 2618 1804 stantem
2644 1751 2799 1816 juxta
2831 1759 3070 1820 portam,
3124 1760 3178 1806 et
3215 1751 3459 1806 cucurrit
3488 1759 3673 1806 contra

417 1840 512 1892 τὸν
534 1841 594 1894 ἐν
622 1839 776 1910 θυμῷ
798 1839 1005 1911 ’,όργῆς.

493 1929 549 1985 Ἰ.
581 1930 690 1984 Kal
715 1925 853 1984 εἶδον
878 1931 1040 1984 αὑτὸν
1067 1930 1410 2001 προσάγοντα
1429 1931 1566 2002 πρὸς
1588 1930 1679 1985 τὸν
1707 1931 1882 2001 κριὸν,
1903 1930 1998 1983 καὶ

416 2022 677 2093 ἐθυμώθη
716 2023 806 2074 ἐπ’
839 2022 1023 2085 αὑτὸν,
1063 2023 1158 2075 καὶ
1189 2020 1426 2086 ἐπάταξε
1457 2025 1521 2090 Χ
1558 2022 1650 2075 τὸν
1686 2021 1860 2091 κριὸν,
1904 2021 2000 2074 καὶ⁸

419 2114 709 2184 συνέτριψε
738 2114 804 2167 τά
823 2113 916 2166 δύο
942 2113 1144 2184 κέρατα
1169 2112 1358 2176 αὑτοῦ,
1394 2114 1490 2166 καὶ
1517 2113 1616 2166 οὐκ
1640 2112 1720 2166 ἔτι
1749 2108 1817 2183 ἦν
1846 2113 1998 2181 ίσχὺς

417 2209 481 2259 ὲν
501 2205 578 2275 τῷ
606 2205 748 2275 κριῷ
779 2206 968 2274 στῆναι
999 2205 1287 2259 κατέναντι
1313 2204 1408 2257 τοῦ
1435 2205 1639 2275 τράγου
1659 2246 1675 2271 ,
1709 2207 1800 2259 καὶ
1828 2205 1998 2260 ἐσπά-

421 2299 588 2369 ραξεν
612 2298 772 2351 αὐτὸν
798 2299 890 2350 ὲπὶ
916 2298 1016 2368 τὴν
1039 2284 1173 2366 γῆν,
1221 2298 1314 2350 καὶ
1342 2296 1659 2366 συνέτριψεν
1687 2297 1868 2362 αὑτὸν,
1907 2296 1999 2348 καὶ

416 2392 523 2445 οὐκ
549 2387 618 2461 ἦν
648 2391 679 2442 ό
709 2389 969 2460 ῥυόμενος
993 2389 1085 2441 τὸν
1110 2389 1263 2460 κριὸν
1285 2389 1395 2442 άπὸ
1424 2387 1518 2442 τοῦ
1556 2387 1782 2458 τράγου.

493 2483 545 2536 8.
587 2482 697 2535 Kal
732 2483 760 2535 6
781 2481 983 2550 τράγος
1010 2480 1117 2534 τῶν
1143 2481 1313 2550 αἰγῶν
1333 2480 1627 2550 κατίσχυσε
1654 2480 1880 2550 σφόδρα,
1903 2479 2000 2533 καὶ

418 2574 511 2626 ὅτε
546 2576 862 2644 κατίσχυσε,
918 2572 1210 2644 συνετρίῦη
1247 2572 1411 2627 αὑτοῦ
1443 2574 1506 2626 τὸ
1535 2573 1704 2643 κέρας
1735 2572 1797 2626 τὸ
1831 2573 1996 2641 μέγα,

423 2666 520 2718 καὶ
545 2665 711 2736 ἀνέϐη
751 2663 914 2736 ἕτερα
945 2665 1187 2734 τέσσαρα
1232 2664 1438 2736 κέρατα
1467 2662 1798 2718 κατόπισθεν
1836 2661 1998 2716 αὑτοῦ

421 2758 507 2819 είς
531 2756 656 2818 τοὺς
680 2755 952 2824 τέσσαρας
977 2755 1216 2826 ἀνέμους
1237 2756 1330 2808 τοῦ
1354 2755 1610 2827 οὐρανοῦ.

498 2848 550 2900 9.
581 2847 690 2900 Kal
720 2847 780 2910 ἐξ
820 2847 938 2910 ἑνὸς
982 2845 1162 2900 αὐτῶν
1211 2845 1420 2916 ἀνεφύη
1449 2846 1618 2917 κέρας
1655 2845 1872 2916 ἰσχυρὸν
1919 2845 1998 2906 ἓν,

424 2935 525 2989 καὶ
555 2935 874 3004 κατίσχυσε,
901 2937 998 2989 καὶ
1041 2935 1314 3000 ἐπάταξεν
1349 2936 1444 2989 ἐπὶ
1493 2936 1860 3008 μεσημϐρίαν,
1909 2935 2002 2990 ἐπὶ

424 3027 602 3093 νότον,
643 3029 739 3081 καὶ
758 3029 844 3081 ἐπ’
869 3028 1156 3091 ἀνατολὰς.
1193 3029 1289 3081 καὶ
1323 3028 1415 3080 ἐπὶ
1450 3027 1675 3098 βορρᾶν.

2097 1858 2222 1896 cum
2263 1843 2315 1896 in
2350 1841 2532 1896 furore
2571 1843 2686 1896 irae.

2171 1934 2223 1986 7.
2266 1932 2332 1987 Et
2365 1933 2475 1988 vidi
2505 1948 2632 1987 eum
2661 1933 3008 1988 accedentem
3041 1933 3108 1988 ad
3152 1932 3400 1997 arietem,
3448 1942 3502 1988 ct
3529 1934 3676 1989 indi-

2099 2033 2299 2093 gnatus
2326 2034 2408 2080 est
2429 2033 2616 2078 contra
2644 2039 2791 2088 eum,
2828 2031 2882 2080 et
2909 2024 3178 2096 percussit
3205 2025 3453 2089 arietem,
3476 2033 3678 2084 etcon-

2100 2115 2248 2169 trivit
2276 2116 2383 2168 duo
2415 2129 2620 2169 cornua
2642 2114 2760 2184 ejus
2789 2152 2804 2178 ,
2843 2123 2898 2170 et
2942 2129 3051 2168 non
3100 2116 3336 2185 amplius
3372 2125 3490 2170 erat
3521 2115 3679 2170 forti-

2104 2205 2238 2258 tudo
2278 2205 2334 2259 in
2370 2205 2540 2259 ariete
2577 2206 2754 2259 standi
2782 2220 2968 2260 coram
3021 2205 3218 2261 hirco:
3281 2214 3336 2260 et
3395 2206 3679 2261 dilaniavit

2098 2309 2221 2348 cum
2260 2308 2427 2362 super
2453 2301 2676 2359 terram,
2708 2301 2762 2348 et
2795 2294 3052 2349 contrivit
3101 2309 3262 2360 eiuu,
3303 2303 3358 2350 et
3411 2310 3520 2352 non
3560 2303 3679 2350 erat

2099 2385 2192 2454 qui
2233 2385 2486 2440 liberaret
2514 2385 2740 2440 arietem
2767 2386 2835 2440 ab
2867 2385 3040 2440 hirco.

2169 2475 2222 2530 8.
2265 2475 2330 2529 Et
2365 2477 2554 2530 hircus
2587 2491 2878 2544 caprarum
2914 2475 3198 2546 praevaluit
3229 2475 3404 2541 valde,
3434 2485 3489 2530 ct
3525 2485 3680 2545 post-

2100 2580 2266 2634 quam
2301 2566 2588 2621 roboratus
2618 2565 2744 2629 fuit,
2764 2567 3058 2622 contritum
3089 2575 3173 2621 est
3209 2565 3327 2635 ejus
3354 2581 3521 2621 conm
3557 2582 3678 2621 ma-

2103 2671 2294 2727 gnum,
2334 2665 2391 2711 et
2439 2656 2805 2710 ascenderunt
2861 2657 2968 2711 alia
3027 2671 3233 2712 cornua
3295 2666 3529 2726 quatuor
3558 2666 3680 2728 post

2102 2750 2234 2805 illud
2264 2749 2317 2802 in
2353 2757 2590 2818 quatuor
2619 2757 2810 2803 ventos
2843 2749 2989 2803 cmli.

2172 2838 2225 2892 9.
2268 2836 2334 2891 Et
2374 2841 2438 2892 de
2474 2853 2582 2892 uno
2627 2838 2844 2892 illorum
2889 2849 3137 2893 renatum
3196 2849 3279 2894 est
3323 2854 3494 2894 cornu
3541 2837 3680 2894 forte

2103 2945 2294 2994 unum,
2327 2937 2380 2983 et
2405 2929 2706 2998 praevaluit,
2755 2937 2810 2982 et
2837 2930 3110 2999 percussit
3155 2932 3220 2985 ad
3257 2932 3576 2996 meridiem,
3609 2929 3677 2986 ad

2103 3025 2377 3082 austrum,
2412 3019 2477 3072 ad
2517 3019 2808 3082 orientem,
2841 3027 2893 3073 et
2929 3019 2994 3073 ad
3019 3020 3354 3088 aquilonem.

501 3089 598 3170 10.⁷
621 3115 730 3170 Kal
765 3115 953 3186 ὑψώθη
990 3117 1094 3180 ἕως
1117 3089 1242 3169 ἡτῶν
1291 3089 1676 3187 ἀστέρων-τοῦ
1731 3115 1962 3186 ούρανοῦ
1983 3131 1997 3145 ·
2027 3089 2068 3147 C
2176 3110 2235 3163 10

1947 3116 1997 3168 5-
2027 3089 2068 3147 (ἶ
2176 3110 2263 3163 10.
2306 3109 2371 3162 Et
2394 3111 2666 3164 elevatum
2693 3121 2777 3164 est
2809 3125 2980 3179 usque
3005 3111 3071 3164 ad
3100 3111 3287 3166 stellas
3319 3111 3462 3177 caeli,
3497 3121 3551 3167 et
3586 3111 3681 3166 de-

425 3207 525 3262 καὶ
547 3206 792 3280 ἐρράχθη
815 3208 907 3260 ἐπὶ
933 3209 1034 3279 τὴν
1071 3208 1174 3279 γῆν
1202 3208 1311 3262 ἀπὸ
1341 3207 1452 3262 τῶν
1484 3209 1753 3278 ἀστέρων,
1779 3209 1870 3263 καὶ
1893 3208 2002 3261 ἀπὸ

425 3299 608 3358 αὐτῶν
630 3300 1006 3371 κατεπατήθη.

501 3390 589 3447 11.
628 3391 774 3453 Ἕως
813 3391 841 3443 6
873 3390 1312 3460 ἀρχιστράτηγος
1339 3389 1562 3460 ῥύσεται
1599 3389 1697 3460 τὴν
1726 3389 2003 3461 αἰχμαλω-

427 3479 584 3532 σίανο
607 3479 704 3534 καὶ⁵
741 3480 808 3532 δι’
830 3480 993 3532 αὑτὸν
1024 3480 1090 3532 τὰ
1112 3479 1212 3550 ὅρη
1250 3481 1321 3533 τὰ
1345 3479 1442 3534 ἀπ’
1487 3479 1682 3544 αἰῶνος
1726 3479 1998 3551 ὲρράχθη·

427 3570 527 3626 καὶ
558 3570 760 3642 ἐξήρθη
782 3573 810 3623 6
836 3571 1001 3633 τόπος
1038 3573 1215 3624 αὐτῶν
1235 3610 1250 3634 ,
1301 3571 1394 3624 καὶ
1443 3571 1604 3624 θυσία
1623 3587 1637 3602 ·
1680 3574 1776 3626 καὶ
1805 3571 2004 3643 ἔθηκεν

426 3661 598 3732 αὐτὴν
628 3661 733 3724 ἕως
763 3662 936 3730 χαμαὶ
969 3661 1061 3714 ἐπὶ
1083 3661 1181 3732 τὴν
1213 3662 1336 3733 γῆν,
1373 3663 1465 3714 καὶ
1496 3662 1877 3734 εύωδώθησαν,
1909 3663 2005 3717 καὶ

427 3754 662 3824 ἐγενήθη
682 3771 694 3782 ·
727 3754 824 3807 καὶ
845 3755 904 3806 τὸ
933 3753 1088 3821 ἅγιον
1117 3754 1553 3826 ἐρημωθήσεται.

503 3937 590 3991 12.
627 3936 737 3990 Kal
760 3935 1094 4005 ἐγενήθησαν
1120 3935 1212 3988 ἐπὶ
1234 3935 1298 4007 τῇ
1330 3934 1490 4008 θυσίᾳ
1519 3936 1575 3990 αἱ
1599 3935 1887 4007 ἁμαρτίαι,
1913 3939 2005 3990 καὶ

428 4028 632 4098 ἐρρίφη
665 4025 840 4095 χαμαὶ
871 4027 904 4095 ή
933 4023 1246 4096 δικαιοσύνη
1270 4042 1283 4056 ο
1319 4026 1417 4079 καὶ
1453 4025 1679 4096 εποίησε
1701 4069 1715 4093 ,
1757 4028 1851 4080 καὶ
1913 4030 2004 4081 εὑ-

427 4124 643 4194 ωδώθη.

506 4216 593 4270 13.
629 4215 739 4270 Kal
768 4217 965 4286 ἢκουον
989 4214 1175 4285 ἑτέρου
1199 4214 1354 4282 ἁγίου
1377 4212 1665 4278 λαλοῦντος
1683 4231 1698 4246 ο
1729 4215 1823 4269 καὶ
1852 4211 2007 4269 εἶπεν

427 4307 462 4359 6
477 4307 660 4378 ἔτερος
682 4307 894 4377 ἃγιοςί.
914 4306 991 4376 τῷ
1013 4307 1280 4376 Φελμουνὶ
1305 4306 1382 4376 τῷ
1401 4305 1670 4359 λαλοῦντι·
1695 4308 1839 4371 Ἕως
1863 4308 2008 4371 τίνος

2104 3202 2266 3255 traxit
2298 3217 2462 3270 super
2489 3210 2691 3257 terram
2731 3217 2761 3257 e
2795 3203 2990 3268 stellis,
3016 3212 3179 3273 atque
3200 3204 3266 3259 de
3291 3203 3370 3259 eis
3392 3205 3682 3260 conculca-

2103 3291 2200 3346 vit.

2175 3381 2262 3436 11.
2305 3381 2488 3436 Donec
2536 3383 2789 3453 princeps
2835 3383 3042 3439 militiai
3099 3385 3355 3440 liberabit
3392 3386 3682 3456 captivita-

2104 3481 2232 3537 tem,
2284 3483 2338 3528 et
2381 3489 2476 3543 per
2517 3475 2694 3544 ipsum
2733 3486 2986 3540 montes,
3043 3477 3137 3546 qui
3201 3492 3232 3532 a
3271 3479 3470 3533 saeculo
3529 3489 3680 3545 sunt,

2102 3563 2308 3619 cll‘racti
2344 3575 2472 3620 sunt
2505 3588 2516 3620 :
2544 3575 2598 3621 et
2625 3567 2841 3621 ablatus
2870 3578 2951 3621 cst
2978 3569 3134 3623 locus
3178 3583 3394 3634 eorum,
3430 3579 3482 3624 et
3513 3569 3685 3624 saui-

2107 3661 2288 3716 ﬁcium
2321 3678 2334 3714 :
2373 3670 2428 3715 ct
2479 3662 2663 3732 posuit
2726 3661 2858 3716 illud
2900 3677 3074 3732 usque
3123 3663 3190 3718 ad
3245 3663 3474 3717 humum
3519 3679 3684 3734 super

2107 3761 2328 3817 terram,
2362 3761 2416 3806 et
2449 3767 2711 3822 prospere
2765 3762 3087 3819 evenerunt,
3142 3763 3198 3810 et
3251 3754 3394 3810 facta
3442 3765 3592 3820 sunt,
3629 3763 3686 3811 et

2105 3845 2476 3900 sanctuarium
2502 3844 2856 3899 desolabitur.

2178 3938 2266 3992 12.
2312 3937 2378 3990 Et
2405 3937 2628 3991 fuerunt
2653 3938 2707 3990 in
2735 3938 3006 3992 sacriﬁcio
3031 3947 3287 4009 peccata,
3338 3947 3394 3994 et
3442 3939 3686 4009 proiecta

2105 4041 2188 4082 est
2216 4028 2269 4082 in
2300 4037 2441 4083 terra
2466 4027 2700 4098 justitia,
2732 4038 2786 4084 et
2812 4029 2956 4096 fecit,
2990 4040 3042 4087 et
3070 4046 3328 4100 prospere
3354 4032 3540 4090 cessit.

2179 4213 2270 4266 15.
2309 4213 2377 4267 Et
2395 4212 2576 4266 audivi
2607 4213 2777 4288 alium
2811 4225 3061 4270 sanctum
3089 4217 3398 4288 loquentem
3425 4235 3439 4272 :
3463 4229 3520 4276 et
3550 4219 3687 4277 dixit

2109 4303 2250 4358 alius
2303 4313 2524 4359 sanctus
2562 4305 2850 4361 Phelmuni
2891 4307 3135 4377 loquenti
3173 4329 3188 4365 :
3229 4309 3526 4382 Usqueque
3548 4313 3686 4369 visio

427 4399 495 4452 τὺ
530 4399 713 4470 ὅραμα
753 4402 1031 4470 στήσεται,
1067 4401 1162 4453 καὶ
1192 4401 1226 4470 ή
1259 4399 1422 4453 θυσία
1467 4400 1502 4469 ή
1552 4398 1803 4469 ἀρθεῖσα,
1852 4403 1948 4454 καὶ
1972 4407 2005 4472 η
2039 4429 2081 4484 D
2111 4403 2161 4449 st

1972 4407 2005 4472 η
2039 4429 2081 4484 D
2111 4395 2299 4460 stabit,
2326 4405 2382 4450 et
2411 4397 2768 4462 sacrilicium,
2803 4401 2946 4467 quod
2978 4400 3220 4457 ablatum
3247 4411 3369 4470 est,
3409 4415 3464 4458 et
3497 4418 3687 4473 pecu.

429 4493 678 4564 ἁμαρτία
698 4494 1030 4565 ἐρημώσεως
1058 4495 1091 4564 ή
1121 4492 1356 4561 δοθεῖσα,
1383 4495 1478 4549 καὶ
1515 4493 1586 4546 τὰ.
1617 4494 1749 4562 ἅγια
1787 4495 2006 4565 ἐρημω-

425 4585 657 4657 θήσεται
683 4586 764 4648 είς
795 4586 1080 4656 καταπάτη
1091 4602 1164 4654 μα
1184 4601 1198 4650 ;

505 4677 593 4731 14.
623 4678 730 4730 Kal
746 4671 900 4731 εἶπεν
918 4676 1087 4747 αὐτῷ·
1113 4677 1254 4740 Ἕως
1273 4676 1533 4748 ἑσπέρας,
1560 4677 1653 4731 καὶ
1677 4677 1841 4749 πρωῒ,
1871 4678 2008 4748 ήμέ-

433 4786 528 4838 ραι
568 4768 823 4839 δισχίλιαι
877 4768 1226 4838 τριακόσιαι,
1284 4771 1379 4822 καὶ
1439 4769 1904 4842 καθαρισθήσεται
1946 4772 2008 4825 τὸ

429 4876 607 4929 αγιον.

502 4949 591 5003 15.
619 4948 727 5002 Kal
765 4949 981 5017 ἐγένετο
1006 4951 1062 5002 ὲν
1089 4948 1168 5019 τῷ
1197 4947 1424 5020 θεωρεῖν
1468 4967 1536 5020 με
1569 4951 1680 5018 ἐγὼ
1722 4952 1919 5022 Δανιὴλ
1947 4951 2008 5004 τὸ

427 5042 637 5112 ὅραμα,
662 5040 888 5110 ἐζήτουν
922 5039 1292 5111 διανοηθῆναι,
1322 5042 1417 5093 καὶ
1450 5041 1560 5095 ἰδοὺ
1591 5041 1720 5113 ἔστη
1747 5059 2003 5095 κατεναν-

423 5131 544 5184 τίον
568 5147 690 5200 μου,
722 5130 798 5193 ὡς
830 5130 1021 5201 ὅρασις
1052 5130 1366 5202 ἀνθρώπου.

503 5222 592 5274 16.
625 5223 736 5275 Kal
770 5221 977 5290 ἥκουσα
1028 5220 1212 5292 φωνὴν
1261 5222 1552 5293 ἀνθρώπου
1593 5225 1874 5295 ἀναμέσον
1911 5225 2006 5278 τοῦ

425 5312 630 5366 Οὐλατο
661 5312 754 5365 καὶ
791 5311 1039 5375 ικάλεσε,
1069 5313 1163 5364 καὶ
1193 5309 1346 5367 εἷπεν
1367 5329 1384 5346 ⁶
1434 5315 1692 5386 Γαϐριὴλ,
1735 5318 2007 5369 συνέτισον

425 5406 636 5458 ικεῖνον
666 5405 766 5474 τὴν
797 5405 991 5476 ὅρασιν
1021 5418 1084 5459 -ιμ-
1117 5405 1211 5458 καὶ
1233 5406 1544 5476 ἀναϐοήσας
1567 5404 1722 5460 εἶπεν
1750 5410 1778 5461 6
1797 5406 2006 5478 ἄνθρω-

427 5512 532 5558 πος
559 5509 620 5551 -ι-
652 5497 744 5548 tul
771 5497 832 5549 τὸ
854 5497 1180 5567 πρόσταγμα
1202 5499 1379 5552 ἐκεῖνο
1405 5502 1437 5569 ή
1463 5501 1656 5571 ὅρασις
1675 5502 1731 5570 /.

501 5586 592 5639 17.
619 5585 724 5640 Kal
750 5581 904 5656 ἦλθε,
933 5590 1028 5643 καὶ
1051 5591 1180 5660 ἔστη
1209 5590 1468 5660 ὲχόμενός
1490 5608 1591 5662 μου
1616 5592 1718 5661 τῆς
1739 5592 2003 5657 στάσεως,

428 5675 525 5730 καὶ
547 5675 605 5730 ὲν
629 5675 707 5746 τῷ
740 5676 992 5746 ἔρχεσθαι
1018 5679 1180 5732 αὑτὸν
1206 5679 1564 5753 ἐθορυϐήθην,
1593 5685 1686 5738 καὶ
1720 5683 1890 5739 ἔπεσα
1913 5685 2006 5740 ἐπὶ

751 5768 1020 5832 ΡΑτιιοι..
1068 5772 1187 5832 (in.
1237 5772 1404 5833 XVI.

2112 4494 2224 4540 tum
2257 4487 2632 4553 desolationis,
2665 4491 2811 4560 quod
2839 4491 3026 4545 datum
3061 4502 3165 4560 est,
3215 4503 3270 4550 et
3295 4506 3484 4551 sancta
3525 4497 3688 4553 deso-

2109 4579 2368 4635 labuntur
2401 4582 2454 4636 in
2499 4583 3009 4641 conculcationem‘.’

2181 4673 2268 4727 ιι.
2309 4672 2375 4727 Ει
2420 4674 2556 4728 dixit
2591 4675 2640 4750 ei
2697 4694 2710 4730 :
2759 4675 2942 4748 Usque
2985 4678 3053 4734 ad
3087 4693 3391 4749 vesperam,
3420 4690 3475 4735 et
3504 4697 3687 4750 mane,

2109 4767 2226 4823 dies
2249 4769 2361 4823 duo
2393 4769 2565 4822 millia
2589 4749 2838 4837 tercenti,
2869 4782 2924 4827 et
2953 4774 3308 4830 mundabitur
3342 4785 3615 4832 sanctum.

2184 4952 2271 5006 l5.
2314 4951 2538 5007 Factum
2576 4962 2660 5010 est
2691 4966 2898 5022 autem,
2933 4971 3058 5010 cum
3096 4957 3336 5014 viderem
3365 4975 3468 5029 ego
3501 4959 3690 5018 Daniel

2111 5044 2400 5110 visionem,
2430 5047 2742 5114 quaerebam
2774 5049 3078 5121 intelligere
3115 5071 3128 5105 :
3177 5063 3232 5108 et
3257 5068 3387 5110 ecce
3414 5056 3564 5110 stetit
3590 5071 3687 5110 eo.

2111 5151 2223 5189 ram
2253 5152 2340 5191 me
2365 5139 2528 5194 veluti
2554 5151 2807 5210 aspectus
2836 5143 3096 5199 hominis.

2183 5225 2269 5282 16.
2313 5227 2378 5282 Ει
2405 5231 2586 5285 audivi
2617 5248 2804 5288 vocem
2853 5235 2954 5289 viri
2995 5237 3135 5290 inter
3166 5236 3286 5293 Ulai
3318 5256 3331 5292 :
3363 5247 3420 5294 et
3451 5243 3687 5306 vocavit,

2107 5324 2164 5370 et
2191 5318 2329 5373 dixit
2356 5320 2630 5387 :Gabriel,
2662 5323 2747 5379 fac
2778 5326 2932 5381 illum
2967 5327 3265 5400 intelligere
3306 5331 3598 5399 visionem,
3636 5345 3690 5389 et

2109 5412 2422 5472 exclamans
2456 5417 2532 5472 ait
2557 5419 2740 5486 homo,
2769 5421 2836 5475 ad
2863 5423 3180 5477 mandatum
3213 5424 3344 5479 illud
3383 5426 3547 5482 visio.

2181 5595 2272 5649 17.
2311 5595 2379 5652 Et
2401 5599 2567 5664 venit,
2593 5611 2649 5656 et
2677 5603 2824 5659 stetit
2854 5619 3020 5676 prope
3052 5608 3343 5664 stationem
3378 5624 3582 5664 meam.
3621 5609 3690 5666 Et

2108 5702 2234 5745 cum
2264 5689 2354 5749 illo
2405 5694 2662 5764 venisset,
2695 5700 3044 5769 perturbatus
3084 5718 3233 5768 sum,
3295 5713 3350 5757 et
3399 5703 3583 5762 corrui
3629 5703 3688 5761 in

3245 5797 3322 5859 89
