4390 6222
1004 253 1144 309 2813⁵)
1170 231 1172 234 ’

2041 239 2515 300 ilEXAPLURUM
2553 226 2722 305 Qua:
2763 230 3200 293 SUPERSUNT.

4115 214 4251 274 28l6

1003 372 1197 426 faciem
1226 382 1424 434 meam,
1451 373 1506 421 et
1530 365 1665 420 dixit
1695 363 1828 419 mihi
1852 382 1865 418 :
1888 360 2290 425 Animadverte,
2312 360 2384 414 fili
2407 359 2583 413 homi-
2612 368 2657 417 Α
2685 372 2737 425 πι

2515 359 2583 413 ii-
2612 368 2657 417 Α
2685 354 2977 425 πρόσωπόν
3005 369 3108 423 μου
3129 391 3144 416 ,
3182 349 3277 402 καὶ
3315 343 3464 400 εἶπεν
3505 357 3627 416 μοι·
3661 340 4004 411 Διανοήθητι,
4036 339 4119 390 υίε
4161 337 4249 390 ἀν-

1005 464 1112 523 nis.
1148 461 1324 516 adhuc
1360 459 1506 514 enim
1537 457 1823 512 ad‘horam
1849 455 2107 524 temporis
2136 453 2238 508 ista
2278 452 2436 506 visio.

1077 553 1164 606 18.
1207 551 1455 619 Cumque
1481 549 1800 618 loqueretur
1834 546 1947 615 ipse
1985 557 2233 608 mecum,
2271 541 2463 599 cubavi
2489 556 2584 595 su-

1006 661 1102 714 per
1142 643 1332 697 faciem
1377 642 1561 706 humi;
1591 650 1645 695 et
1677 656 1796 696 cum
1825 639 2089 708 tetigisset
2119 653 2205 692 me
2228 675 2244 702 ,
2297 636 2469 692 erexit
2498 651 2586 691 me

1007 749 1173 802 super
1201 733 1403 798 locum,
1435 741 1488 784 et
1515 731 1654 784 dixit
1687 728 1819 782 mihi
1863 745 1877 781 ι

1083 823 1169 877 19.
1215 822 1354 877 Ecce
1415 837 1515 890 ego
1556 821 1831 874 annuntio
1887 819 2003 880 tibi,
2038 832 2161 888 qua:
2208 823 2370 872 erunt
2400 816 2454 869 in
2483 829 2583 870 no-

1008 917 1236 970 vissimo
1263 917 1360 967 irae
1395 912 1520 966 liliis
1549 911 1732 980 populi
1769 909 1845 962 tui
1879 928 1892 964 :
1923 909 2103 963 adhuc
2142 907 2286 962 enim
2325 907 2392 962 ad
2420 907 2587 962 horas

1012 1005 1275 1075 temporis
1305 1003 1800 1058 consummationis
1829 999 2146 1054 manebunt.

1078 1094 1169 1147 20.
1210 1095 1388 1158 Aries,
1455 1108 1615 1162 quem
1670 1092 1852 1146 vidisti
1895 1093 2180 1146 habentem
2231 1103 2460 1156 cornua,
2491 1104 2586 1145 rex

1008 1184 1285 1241 Medorum
1322 1195 1376 1239 et
1403 1187 1693 1240 Persarum
1744 1197 1849 1240 est.

1079 1281 1168 1336 2|.
1214 1279 1278 1333 Et
1307 1280 1493 1335 hircus
1527 1294 1816 1348 caprarum
1839 1319 1853 1343 ,
1909 1293 2004 1331 rex
2055 1276 2372 1332 Graecorum
2399 1286 2503 1344 est,
2534 1286 2589 1334 et

1011 1389 1184 1427 cornu
1214 1375 1417 1443 grande
1440 1413 1454 1437 ,
1481 1373 1624 1443 quod
1648 1384 1765 1427 erat
1795 1372 1938 1426 inter
1969 1371 2158 1427 oculos
2193 1371 2334 1441 ejus,
2364 1371 2479 1440 ipse
2507 1379 2591 1426 est

1009 1483 1103 1522 rex
1129 1469 1357 1536 primus.

1079 1556 1171 1610 22.
1213 1556 1368 1622 Quod
1404 1565 1584 1610 autem
1615 1553 1898 1609 confracto
1955 1553 2071 1618 illo,
2112 1552 2276 1607 etiam
2328 1552 2590 1608 ascende-

1011 1657 1142 1703 runt
1170 1657 1294 1719 post
1325 1647 1454 1702 illud
1487 1656 1727 1717 quatuor
1779 1660 1986 1700 cornua
2009 1685 2022 1710 ,
2071 1653 2307 1714 quatuor
2336 1660 2492 1712 reges
2524 1644 2592 1699 de

1013 1751 1172 1811 gente
1223 1741 1345 1810 ejus
1410 1747 1760 1808 consurgent,
1827 1753 1936 1792 non
1995 1738 2149 1808 juxta
2209 1734 2588 1792 fortitudinem

1013 1848 1194 1888 suam.

1081 1924 1172 1978 23.
1217 1922 1284 1976 Et
1333 1924 1387 1977 in
1452 1922 1753 1978 novissimo
1812 1921 1964 1992 regni
2014 1935 2246 1987 eorum,
2304 1919 2590 1990 completis

1014 2015 1247 2084 peccatis
1275 2017 1519 2084 ipsorum
1549 2023 1806 2083 exsurget
1830 2030 1920 2069 rex
1952 2013 2237 2082 impudens
2259 2011 2417 2080 facie,
2436 2027 2594 2066 exco-

1014 2107 1194 2177 gitans
1218 2109 1526 2174 aenigmata.

1084 2199 1175 2252 24.
1222 2198 1283 2252 Et
1309 2199 1656 2253 roborabitur
1689 2196 1948 2251 fortitudo
1974 2195 2228 2266 ejus,sed
2245 2211 2352 2250 non
2388 2197 2442 2250 in
2478 2196 2592 2253 vir-

1019 2301 1133 2346 tute
1166 2306 1262 2345 sua
1293 2305 1307 2345 :
1341 2301 1395 2346 et
1424 2290 1746 2343 mirabiliter
1774 2291 2038 2352 destruet,
2076 2299 2131 2343 et
2159 2288 2590 2358 prosperabitur,

1014 2395 1069 2439 et
1115 2383 1298 2446 faciet,
1357 2393 1412 2438 et
1441 2381 1829 2436 exterminabit
1887 2381 2162 2451 principes
2235 2389 2288 2435 et
2331 2381 2592 2451 populum

1016 2486 1354 2530 sanctorum.

1089 2568 1178 2622 25.
1227 2569 1289 2621 Et
1311 2581 1476 2636 super
1508 2576 1726 2620 sanctos
1759 2564 2015 2634 cogitatio
2041 2563 2161 2634 ejus
2209 2581 2222 2620 :
2280 2572 2335 2618 et
2365 2577 2592 2632 prospe-

1016 2658 1226 2711 rabitur
1259 2656 1602 2710 mendacium
1636 2656 1688 2708 in
1728 2655 1979 2708 manibus
2025 2654 2180 2723 ejus,
2237 2663 2292 2709 et
2345 2669 2440 2709 cor
2475 2654 2595 2722 ejus

1017 2750 1340 2816 elevabitur,
1375 2756 1430 2802 et
1461 2748 1587 2801 dolo
1621 2745 1895 2815 disperdet
1925 2747 2126 2800 multos
2163 2763 2176 2816 ;
2212 2755 2267 2800 et
2317 2747 2370 2799 in
2408 2747 2593 2815 perdi-

1020 2842 1169 2894 tione
1192 2842 1434 2894 virorum
1466 2839 1653 2905 stabit,
1709 2848 1763 2893 et
1789 2838 2144 2909 congregabit
2187 2838 2508 2902 exercitum,
2541 2850 2596 2893 et

1021 2933 1307 2987 retribuet.

1090 3025 1178 3078 26.
1225 3023 1396 3089 Visio,
1425 3040 1544 3093 quae
1571 3033 1651 3078 est
1679 3038 1919 3093 vespere,
1951 3032 2006 3077 et
2050 3038 2230 3087 mane,
2270 3021 2486 3074 inventa
2512 3029 2595 3075 est
2623 3049 2665 3107 ο

1021 3115 1075 3167 in
1114 3114 1340 3168 veritate
1366 3133 1379 3168 :
1411 3116 1503 3168 sed
1533 3130 1677 3168 nunc
1713 3114 1932 3168 occlusa
1956 3123 2037 3167 est
2069 3112 2225 3177 visio,
2253 3111 2431 3166 adhuc
2450 3113 2595 3165 enim

1019 3207 1085 3260 ad
1126 3207 1242 3260 dies
1269 3207 1491 3260 multos.

1087 3295 1178 3349 27.
1223 3295 1334 3366 Ego
1363 3295 1549 3349 Daniel
1579 3295 1839 3365 aegrotavi
1879 3295 2072 3350 diebus
2098 3294 2283 3348 multis
2321 3313 2335 3350 :
2363 3309 2598 3364 cumque

1019 3389 1403 3454 surrexissem,
1433 3387 1886 3441 administrabam
1936 3401 2131 3440 rursus
2162 3386 2309 3455 regia
2360 3387 2595 3455 negotia,

1016 3487 1072 3535 et
1105 3478 1421 3533 deficiebam
1459 3491 1623 3550 super
1652 3478 1886 3545 visione,
1920 3486 1973 3534 et
2002 3492 2161 3533 nemo
2214 3485 2332 3532 erat
2384 3476 2477 3547 qui
2508 3475 2595 3529 in-

1020 3569 1306 3640 telligeret.

1620 3703 1850 3761 CAPUT
1901 3705 1994 3764 lX.

1091 3817 1146 3872 1.
1186 3820 1344 3873 Anno
1372 3834 1546 3889 primo
1576 3819 1679 3874 sub
1707 3817 1864 3873 Dario
1889 3818 2086 3873 Xerxis
2141 3817 2254 3872 filio
2299 3817 2367 3871 de
2401 3831 2599 3886 genere

1017 3908 1322 3976 Medorum,
1357 3911 1450 3980 qui
1486 3919 1783 3980 regnarunt
1812 3910 1868 3964 in
1900 3909 2130 3979 imperio
2159 3908 2561 3963 Chaldaeorum.

1092 4089 1147 4142 2.
1189 4091 1350 4143 Anno
1379 4090 1554 4159 primo
1584 4090 1734 4160 regni
1765 4091 1884 4160 ejus
1921 4107 2021 4160 ego
2063 4089 2251 4144 Daniel
2291 4092 2597 4161 excogitavi

1020 4180 1079 4235 in
1125 4179 1280 4235 libris
1329 4197 1619 4237 numerum
1668 4197 1961 4247 annorum,
1993 4183 2213 4252 quando
2273 4181 2478 4237 factum
2514 4193 2600 4238 est

1021 4272 1301 4329 decretum
1336 4282 1493 4328 terrae
1525 4275 1592 4328 ad
1617 4273 1909 4329 Jeremiam
1932 4276 2276 4345 pr0phetam,
2323 4285 2383 4329 ut
2418 4277 2598 4332 susci-

2685 444 2907 516 θρώπου
2927 462 2940 476 ·
2973 444 3053 496 ἔτι
3081 443 3190 511 γὰρ
3215 443 3294 504 είς
3319 439 3467 510 ὤραν
3499 434 3690 506 καιροῦ
3716 434 3872 488 τοῦτο
3905 432 3966 485 τὸ
3997 433 4196 503 ὅραμα.

2755 535 2840 588 18.
2886 533 2998 586 Kal.
3052 529 3342 592 λαλοῦντος
3394 527 3562 581 αὑτοῦ
3606 525 3723 597 μετ’
3773 523 3930 596 ἐμοῦ,
3961 520 4255 592 ὲκοιμήθην

2685 625 2779 678 ἐπὶ
2811 624 3105 695 πρόσωπον
3142 620 3340 692 χαμαὶ,
3375 619 3472 673 καὶ
3504 616 3782 688 ἁψάμενός
3823 632 3926 686 μου
3974 611 4163 684 ’ήγειρέ
4196 627 4255 680 με

2686 715 2778 770 ἐπὶ
2799 714 2892 769 τοῦ
2925 714 3115 776 τόπου,
3148 713 3242 765 καὶ
3272 707 3392 764 εἶπέ
3425 725 3536 779 μοι·

2759 806 2846 862 19.
2881 805 3011 860 Ἰδοὺ
3033 802 3144 872 ἐγὼ
3167 799 3499 870 ἀπαγγέλλω
3525 814 3607 852 σοι
3642 796 3678 851 ἃ
3705 797 3859 850 ἔσται
3907 797 3995 848 ἐπ’
4033 796 4258 866 ἐσχάτου

2686 898 2788 968 τῆς
2813 897 2984 969 ὀργῆς
3004 899 3116 959 τοῖς
3146 896 3280 957 υἱοῖς
3310 891 3404 946 τοῦ
3427 891 3560 946 λαοῦ
3587 908 3682 944 σου
3705 907 3719 921 ·
3744 890 3827 943 ἔτι
3863 888 3970 959 γὰρ
4009 891 4090 951 εἰς
4123 887 4259 959 ὧρας

2688 990 2882 1062 καιροῦ
2907 989 3218 1049 συντελείας
3243 987 3412 1056 μενεῖ.

2759 1085 2850 1139 20.
2889 1083 2994 1135 Τὸν
3014 1081 3185 1153 κριὸν,
3207 1080 3266 1132 ὃν
3296 1075 3459 1141 εἶδες,
3487 1076 3580 1130 τὸν
3595 1076 3790 1146 ἔχοντα
3815 1073 3888 1128 τὰ
3914 1073 4146 1144 κέρατα,
4174 1070 4264 1141 βα·

2691 1175 2872 1238 σιλεὺς
2898 1173 3097 1243 Μήδων
3132 1173 3226 1226 καὶ
3258 1170 3489 1243 Περσῶν
3527 1168 3666 1223 ἐστι.

2759 1267 2848 1322 2|.
2875 1268 2985 1320 Kal
3013 1267 3042 1320 6
3065 1266 3269 1336 τράγος
3298 1263 3409 1318 τῶν
3431 1262 3627 1332 αἰγῶν,
3656 1259 3910 1331 βασιλεὺς
3931 1257 4044 1311 τῶν
4084 1255 4268 1325 Ἐλλή-

2690 1377 2798 1415 νων
2847 1359 2964 1412 ὲστί
2985 1377 2999 1390 ·
3057 1357 3154 1411 καὶ
3182 1357 3245 1410 τὸ
3271 1357 3443 1427 κέρας
3479 1354 3542 1406 τὸ
3572 1352 3712 1424 μέγα
3747 1351 3810 1406 τὸ
3862 1351 4142 1420 ἀνάμεσον
4166 1347 4268 1400 τῶν

2690 1447 2987 1518 ὀφθαλμῶν
3012 1446 3199 1513 αὑτοῦ,
3239 1446 3402 1509 αὐτὸς
3437 1447 3465 1498 6
3503 1443 3754 1514 βασιλεὺς
3777 1444 3804 1496 6
3837 1440 4078 1513 πρῶτος.

2760 1539 2852 1593 22.
2900 1541 3010 1593 Kal.
3051 1538 3149 1592 τοῦ
3185 1536 3578 1608 συντριϐέντος,
3629 1535 3724 1588 καὶ
3780 1533 4063 1590 ἀναϐάντα
4103 1530 4274 1584 ὀπίσω

2693 1628 2858 1683 αὑτοῦ
2885 1630 3126 1700 τέσσαρα
3150 1629 3356 1699 κέρατα
3383 1645 3396 1658 ·
3426 1627 3690 1698 τέσσαρες
3716 1626 3952 1696 βασιλεῖς
3969 1623 4070 1677 τοῦ
4094 1623 4274 1685 ἔθνους

2692 1724 2858 1777 αὑτοῦ
2892 1723 3311 1794 ἀναστήσονται,
3347 1720 3406 1775 οὐ
3439 1719 3581 1773 κατά
3611 1719 3709 1790 τὴν
3742 1718 3894 1787 ἰσχὺν
3927 1713 4140 1769 αὐτῶν.

2763 1909 2855 1964 25.
2890 1907 3002 1962 Kal
3028 1907 3114 1962 ἐπ’
3136 1903 3367 1975 ἐσχάτου
3389 1902 3488 1973 τῆς
3511 1897 3788 1972 βασιλείας
3806 1898 4013 1964 αὐτῶν,
4040 1895 4279 1967 πληρου-

2696 2001 2874 2072 μένων
2893 2000 3002 2054 τῶν
3037 1995 3320 2070 ἁμαρτιῶν
3346 1994 3550 2059 αὐτῶν,
3606 1992 3972 2060 ἀναστήσεται
4003 1989 4279 2059 βασιλείας,

2694 2094 2918 2164 ἀναιδὴς
2947 2090 3246 2163 προσώπῳ,
3275 2087 3654 2159 διανοούμενος
3696 2085 4027 2154 αἰνίγματα.

2764 2189 2855 2242 24.
2895 2188 3004 2240 Καὶ
3030 2183 3518 2255 στερεωθήσεταιή
3551 2181 3706 2252 ἰσχὺς
3746 2180 3932 2246 αὑτοῦ,
3966 2179 4066 2232 καὶ
4102 2179 4205 2231 οὐκ
4230 2181 4282 2232 ἐν

2693 2283 2760 2350 τῇ
2799 2279 2942 2349 ισχύῖ
2973 2276 3160 2341 αὑτοῦ,
3195 2276 3289 2329 καὶ
3318 2273 3650 2345 θαυμαστῶς
3681 2272 3909 2342 φθερεῖ,
3961 2271 4063 2325 καὶ
4095 2271 4283 2323 εὐοδω-

2697 2373 2944 2443 θήσεται,
2967 2371 3062 2425 καὶ
3087 2370 3322 2442 ποιήσει,
3347 2369 3443 2422 καὶ
3462 2367 3652 2438 φθερεῖ
3680 2366 3949 2428 δυνάστας
3993 2365 4093 2418 καὶ
4121 2365 4284 2435 δῆμον

2699 2465 2888 2534 ἁγίων.

2771 2557 2863 2611 25.
2896 2557 3006 2610 Kal.
3031 2555 3125 2608 ἐπὶ
3167 2555 3295 2618 τοὺς
3326 2553 3514 2622 ἁγίους
3543 2552 3606 2605 τὸ
3637 2551 3904 2622 διανόημα
3949 2549 4126 2604 αὑτοῦ
4153 2593 4169 2617 ,
4201 2552 4289 2604 καὶ

2697 2647 3092 2717 εὐοδωθήσεται
3124 2647 3187 2700 τὸ
3225 2644 3421 2714 ψεῦδος
3464 2647 3521 2698 ὲν
3542 2646 3662 2706 ταῖς
3691 2643 3877 2712 χερσὶν
3902 2643 4100 2706 αὑτοῦ,
4136 2645 4231 2697 καὶ
4255 2645 4289 2714 ἡ

2699 2738 2895 2810 καρδία
2921 2738 3087 2792 αὐτοῦ
3111 2737 3478 2810 ὑψωθήσεται,
3511 2737 3605 2790 καὶ
3629 2736 3766 2805 δόλῳ
3786 2736 4013 2804 ἀφανιεί
4035 2736 4291 2799 πολλοὺς,

2698 2832 2794 2886 καὶ
2821 2829 2917 2883 ἐπὶ
2945 2831 3219 2895 ἀπωλείας
3239 2831 3450 2904 ἀνδρῶν
3475 2833 3764 2902 στήσεται·
3794 2832 3888 2884 καὶ
3909 2832 4138 2900 ποιήσει
4175 2848 4294 2883 συν-

2698 2926 2922 2996 αγωγὴν
2955 2925 3158 2997 χειρὸς,
3190 2925 3286 2979 καὶ
3320 2925 3663 2979 ἀποδώσεται
3690 2929 3745 2965 ὲ-

2769 3019 2857 3072 26.
2891 3019 2965 3070 Τὸ
2986 3018 3168 3090 ὅραμα
3196 3018 3256 3071 τὸ
3306 3019 3542 3090 ἑσπέρας
3594 3021 3691 3074 καὶ
3745 3019 3913 3092 πρωῒ,
3939 3021 4166 3092 ηὑρέθη
4213 3021 4300 3073 ἐπ’

2699 3109 2991 3179 ἀληθείας,
3043 3111 3136 3162 καὶ
3181 3109 3276 3162 νῦν
3310 3111 3702 3182 πεφραγμένον
3727 3112 3787 3164 τὸ
3819 3113 4030 3182 ὅραμα·
4069 3112 4160 3164 ἔτι
4191 3113 4302 3181 γάρ

2700 3205 2777 3266 εἰς
2813 3203 3030 3274 ἡμέρας
3063 3202 3284 3266 πολλάς.

2770 3293 2862 3347 27.
2907 3293 3050 3362 Ἐγὼ
3091 3293 3291 3364 Δανιὴλ
3341 3293 3648 3365 ἀσθενήσας
3684 3294 3898 3366 ἡμέρας
3937 3295 4178 3362 πολλὰς,
4214 3300 4305 3350 καὶ

2700 3380 2938 3446 ἀναστὰς
2987 3384 3495 3455 ἐπραγματευόμην
3533 3385 3694 3438 πάλιν
3720 3384 3978 3454 βασιλικά
4006 3424 4021 3450 ,
4081 3387 4188 3440 καὶ
4222 3387 4308 3450 ἐξ·

2701 3475 2939 3548 ελυόμην
2979 3475 3074 3530 ἐπὶ
3115 3475 3193 3548 τῷ
3230 3477 3492 3549 ὁράματι,
3539 3478 3634 3532 καὶ
3663 3477 3836 3541 οὐδεὶς
3869 3473 3942 3551 ἦν
3981 3481 4011 3533 6
4051 3478 4308 3533 διανεοοιὶ·

2704 3581 2884 3634 μενος.

3310 3705 3568 3760 ΚΕΦΑΛ.
3611 3704 3692 3762 Θ’.

2772 3819 2824 3874 1.
2865 3815 3060 3883 Ἔτους
3085 3817 3306 3889 πρώτου
3339 3819 3429 3873 ἐπὶ
3455 3820 3678 3890 Δαρείου
3708 3818 3803 3872 τοῦ
3832 3818 4043 3889 Ξέρξου
4069 3821 4190 3874 ἀπὸ
4211 3823 4314 3891 τῆς

2699 3912 2892 3978 γενεᾶς
2925 3911 3024 3982 τῆς
3053 3911 3338 3980 Μηδικῆς,
3376 3910 3426 3964 οἳ
3459 3910 3811 3965 ἐϐασίλευσαν
3851 3913 3950 3964 ἐπὶ
3993 3913 4106 3984 τὴν
4149 3914 4314 3985 βασιο

2699 4002 2847 4056 λείαν
2876 4003 2984 4056 τῶν
3016 4003 3320 4058 Χαλδαίων.

2771 4096 2826 4150 2.
2855 4096 2944 4166 Τῷ
2973 4095 3177 4166 πρώτῳ
3204 4097 3315 4149 ἔτει
3351 4095 3452 4166 τῆς
3479 4094 3757 4165 βασιλείας
3793 4096 3960 4148 αὑτοῦ
3985 4138 3999 4160 ,
4052 4098 4180 4165 ἐγὼ
4209 4103 4316 4151 Δα-

2700 4187 2822 4260 νιὴλ
2842 4189 3130 4260 διενοήθην
3153 4191 3211 4240 ἐν
3236 4191 3354 4252 ταῖς
3387 4187 3592 4257 βίϐλοις
3622 4189 3711 4241 τὸν
3737 4187 3974 4258 ἀριθμὸν
3993 4189 4118 4241 τῶν
4145 4191 4314 4253 ἑτῶν,

2700 4281 2789 4335 ὅτε
2819 4279 3039 4351 ἐγένετο
3065 4280 3476 4351 πρόσταγματῇ
3507 4282 3579 4350 γῇ
3600 4278 3692 4332 ὲπὶ
3731 4279 4006 4349 Ἰερεμίαν
4041 4279 4148 4332 τὸν
4178 4297 4316 4352 προ-

1018 4374 1269 4421 tarentur
1298 4367 1365 4422 ad
1398 4369 1821 4439 completionem
1845 4369 2126 4438 opprobrii
2175 4369 2476 4425 Jerusalem
2509 4385 2597 4425 se-
2631 4391 2675 4445 ι)
2703 4391 2752 4442 φτ

2584 4399 2597 4410 -
2631 4391 2675 4445 ι)
2703 4375 2882 4444 φήτην
2904 4413 2919 4438 ,
2961 4374 3170 4443 ἐγεῖραι
3204 4372 3284 4434 είς
3320 4371 3708 4442 ἀναπλήρωσιν
3733 4371 4054 4441 ὀνειδισμοῦ
4100 4373 4318 4445 Ἰερου.

1020 4463 1304 4529 ptwginta
1336 4461 1486 4515 anni.

1091 4554 1142 4606 5.
1180 4554 1245 4607 Et
1276 4553 1399 4607 dedi
1433 4552 1626 4609 faciem
1657 4569 1831 4610 meam
1861 4556 1928 4611 ad
1971 4555 2264 4610 Dominum
2301 4555 2495 4623 Deum,
2535 4564 2597 4612 ut

1021 4646 1324 4701 invenirem
1379 4647 1818 4714 deprecationem
1856 4687 1870 4711 ,
1933 4657 1988 4702 et
2049 4648 2483 4702 misericordiam
2543 4648 2599 4702 in

1014 4736 1260 4808 jejuniis,
1291 4747 1345 4792 et
1371 4753 1551 4804 sacco,
1571 4747 1625 4793 et
1655 4738 1857 4793 cinere.

1091 4830 1145 4885 4.
1191 4829 1254 4883 Ει
1281 4841 1534 4900 precatus
1585 4847 1706 4886 sum
1770 4833 1836 4886 ad
1879 4831 2168 4886 Dominum
2217 4831 2426 4899 Deum,
2469 4849 2601 4889 con-

1017 4921 1202 4976 fessus
1224 4937 1368 4988 sum,
1394 4932 1448 4976 et
1481 4923 1591 4976 dixi
1621 4940 1632 4975 :
1668 4921 1826 4989 Ecce,
1860 4925 2104 4989 Domine,
2138 4933 2191 4978 tu
2214 4940 2274 4979 es
2302 4924 2446 4981 Deus
2484 4941 2600 4981 ma-

1021 5029 1186 5080 gnus,
1217 5023 1271 5068 et
1300 5013 1476 5078 fortis,
1506 5023 1560 5068 et
1590 5015 1847 5068 terribilis
1869 5055 1883 5080 ,
1926 5031 2153 5071 servans
2189 5027 2598 5081 testamentum,

1023 5119 1078 5160 et
1111 5106 1546 5161 misericordiam
1573 5107 1926 5178 diligentibus
1963 5117 2044 5173 te,
2072 5119 2126 5164 et
2161 5111 2600 5165 eustodientlbus

1021 5197 1283 5254 mandata
1313 5210 1423 5254 tua.

1093 5286 1148 5340 5.
1190 5285 1563 5352 Peccavimus,
1595 5287 1938 5357 iniquitatem
1987 5287 2236 5356 fecimus,
2294 5290 2457 5361 impie
2487 5294 2600 5362 egi-

1024 5393 1169 5444 mus.
1203 5387 1257 5433 et
1280 5377 1633 5443 recessimus,
1665 5389 1719 5434 et
1745 5380 2072 5450 transgressi
2105 5396 2300 5436 sumus
2343 5383 2600 5437 mandata

1025 5479 1117 5523 tua
1145 5479 1199 5524 et
1223 5472 1428 5540 judicia
1461 5479 1576 5526 tua.

1096 5562 1150 5618 6.
1191 5561 1257 5616 Et
1286 5578 1396 5618 non
1429 5563 1740 5620 audivimus
1764 5579 1964 5634 pueros
1997 5573 2123 5620 tuos
2159 5569 2474 5637 prophetas,
2503 5567 2596 5637 qui

1017 5651 1192 5716 locuti
1224 5665 1352 5712 sunt
1382 5656 1436 5710 in
1470 5658 1692 5714 nomine
1722 5667 1813 5714 tuo
1844 5659 1910 5714 ad
1948 5673 2102 5729 reges
2132 5670 2370 5726 nostros,
2404 5670 2458 5715 et
2482 5675 2597 5716 ma-

2703 4467 2839 4538 σαλὴ
2849 4485 2888 4536 μ
2921 4466 3292 4536 ἑϐδομήκοντα
3320 4465 3438 4536 ἐτη.

2773 4560 2826 4615 5.
2858 4560 2966 4612 Kal
3000 4557 3174 4612 ἔδωκα
3211 4557 3272 4610 τὸ
3303 4557 3594 4628 πρόσωπόν
3640 4575 3742 4628 μου
3789 4557 3884 4612 ἐπὶ
3931 4557 4163 4628 Κύριον
4222 4560 4316 4611 τὸν

2701 4650 2854 4714 Θεὸν,
2883 4651 3066 4721 εὑρεῖν
3095 4649 3428 4720 προσευχήν,
3463 4649 3560 4703 καὶ
3592 4649 3738 4713 ἕλεος
3767 4650 3826 4704 ὲν
3855 4651 4186 4721 νηστείαις,
4221 4654 4316 4706 καὶ

2703 4744 2912 4812 σάκκῳ,
2944 4742 3039 4795 καὶ
3066 4740 3266 4808 σποδῷ.

2773 4834 2827 4887 4.
2855 4833 2967 4887 Kal.
2995 4832 3391 4905 προσηυξάμην
3411 4832 3547 4904 πρὸς
3580 4832 3784 4902 Κύριον
3803 4831 3895 4886 τὸν
3911 4833 4080 4899 Θεὸν,
4098 4837 4320 4907 ἐξωμοο

2700 4926 3048 5002 λογησάμην,
3085 4925 3181 4978 καὶ
3227 4920 3375 4978 εἶπα·
3427 4924 3559 4977 Ἰδοὺ
3594 4923 3788 4994 Κύριε,
3841 4925 3907 4978 σὺ
3954 4921 4010 4978 εἶ
4039 4929 4073 4980 6
4119 4929 4320 4990 Θεὸςό

2706 5019 2900 5088 μέγας,
2927 5018 3021 5072 καὶ
3044 5019 3072 5070 6
3106 5017 3347 5086 ἰσχυρὸς,
3371 5016 3468 5070 καὶ
3491 5018 3519 5069 6
3544 5015 3794 5086 φοϐερὸς,
3823 5016 4016 5086 τηρῶν
4044 5019 4158 5088 τὴν
4193 5021 4315 5072 δια-

2704 5109 2901 5179 θήκην,
2937 5109 3121 5162 καὶτὸ
3154 5108 3302 5169 ἕλεος
3329 5111 3442 5175 τοῖς
3471 5107 3729 5175 ἀγαπῶσι
3767 5121 3863 5172 σε,
3904 5108 4004 5160 καὶ
4040 5112 4164 5173 τοῖς
4210 5129 4318 5177 φυ-

2702 5201 2960 5255 λάσσουσι
2994 5199 3063 5254 τά
3093 5198 3488 5270 προστάγματα
3525 5215 3642 5252 σου.

2773 5293 2825 5347 5.
2875 5291 3248 5362 Ἦμάρτομεν,
3275 5289 3634 5361 ἠδικήσαμεν,
3661 5290 4048 5361 ἡσεϐήσαμεν,
4076 5295 4182 5346 καὶ
4211 5297 4324 5348 ἀπ..

2706 5386 2962 5456 έστημεν,
3003 5385 3098 5438 καὶ
3142 5383 3468 5454 παρέὸημεν
3511 5384 3613 5448 τὰς
3663 5383 3887 5447 ἐντολάς
3931 5402 4038 5440 σου
4093 5392 4202 5441 καὶ
4255 5393 4325 5441 τὰ

2705 5477 2950 5548 κρίματά
2973 5492 3088 5531 σου.

2776 5568 2830 5623 ϋ.
2865 5567 2973 5620 Καὶ
3001 5567 3102 5619 οὐκ
3140 5565 3455 5635 ἠκούσαμεν
3486 5565 3596 5618 τῶν
3633 5565 3838 5618 παίδων
3883 5581 3982 5620 σου
4019 5569 4142 5623 τῶν
4183 5586 4333 5638 προσ

2708 5660 2915 5730 φητῶν,
2961 5661 3010 5714 οἳ
3061 5659 3326 5730 ἐλάλησαν
3379 5659 3471 5714 ἐπὶ
3499 5658 3576 5728 τῷ
3608 5658 3834 5727 ὀνόματί
3887 5676 3986 5714 σου
4049 5663 4156 5718 ἐπὶ
4197 5668 4331 5726 τοὺς
