4390 6222
499 263 651 320 2817

490 469 672 540 ἡμῶν,
698 472 793 524 καὶ
827 475 993 528 παντὶ
1025 476 1172 533 ἔθνει
1192 482 1285 535 ἐπὶ
1308 484 1409 555 τῆς
1434 487 1560 557 γῆς.

565 558 617 611 7.
648 559 763 624 Σοὶ,
795 562 990 631 Κύριε,
1046 568 1080 637 ἠ
1107 567 1456 645 δικαιοσύνη,
1487 577 1582 630 xal.
1612 578 1747 650 ἡμῖν
1778 582 1811 652 ἡ
1840 582 2068 657 αἰσχύνη

488 644 588 700 τοῦ
613 650 905 719 προσώπου
935 654 1080 708 κατὰ
1117 657 1217 715 τὴν
1257 644 1472 734 ἡμέραν
1512 644 1718 738 ταύτην

504 733 695 799 Ἰούδα,
714 741 812 792 καὶ
836 741 1168 813 καθημένοις
1189 749 1248 801 έν
1286 733 1781 827 Ἰερουσαλὴμ-καὶ
1805 733 2071 835 advelat};

489 824 607 897 λαῷ
643 828 879 902 Ἰσραὴλ,
907 832 984 904 τῷ
1010 833 1260 904 ἔγγιστα,
1302 843 1397 895 καὶ
1438 844 1521 915 ’τῷ
1549 824 1841 921 ἀπωτέρω,
1872 854 1932 910 ὲν
1964 824 2071 911 πάξ-

493 929 616 978 σαις
643 919 766 981 ταῖς
792 918 1018 991 χώραις,
1053 926 1133 988 είς
1172 924 1240 989 ἃς
1281 927 1670 1002 διεσκόρπισας
1695 918 1894 1004 αύτοὺς
1929 944 2065 1012 ἐκεῖ,

489 1007 550 1060 ὲν
580 1009 648 1080 τῇ
672 1009 1038 1085 πλημμελείᾳ,
1140 1018 1572 1095 ἐπλημμέλησαν
1595 1028 1840 1086 ἐναντίον
1875 1050 1991 1089 σου.

559 1190 612 1246 8.
639 1190 905 1261 Δέσποτα,
934 1197 1070 1266 ἡμῖν
1111 1199 1145 1269 ἡ
1173 1199 1403 1274 αἰσχύνη
1452 1206 1547 1260 τοῦ
1588 1210 1881 1280 προσώπου
1909 1255 1925 1281 ,
1971 1217 2067 1272 καὶ

487 1279 600 1341 τοῖς
628 1279 944 1349 βασιλεῦσιν
963 1286 1142 1355 ήμῶν,
1172 1289 1265 1342 καὶ
1299 1290 1595 1360 δυνάσταις
1617 1279 1643 1366 ,ί
1680 1301 1775 1354 καὶ
1818 1279 1931 1368 τοῖς
1960 1322 2068 1360 πα-

484 1370 681 1441 τράσιν
716 1373 893 1443 ἡμῶν,
919 1376 1001 1430 ὅτι
1034 1378 1355 1452 ήμάρτομέν
1378 1401 1482 1439 σοι.

557 1463 611 1516 9.
642 1462 732 1533 Τῷ
759 1466 952 1539 Κυρίῳ
990 1468 1023 1540 ή
1070 1470 1380 1546 δικαιοσύνη
1423 1478 1517 1533 καὶ
1551 1480 1614 1534 τὸ
1637 1481 1804 1551 ἕλεος,
1835 1487 1917 1541 ὅτι
1958 1490 2064 1547 ἁπ-

482 1553 723 1627 ἑστημεν
754 1559 864 1614 ἀπὸ
884 1561 1003 1617 σοῦ.

554 1647 642 1700 10.
683 1649 793 1703 Καὶ
837 1652 938 1705 οὐκ
983 1654 1298 1728 ἠκούσαμεν
1347 1660 1449 1732 τῆς
1494 1665 1683 1736 φωνῆς
1714 1670 1924 1741 Κυρίου
1963 1675 2059 1730 τοῦ

480 1736 619 1791 Θεοῦ
655 1740 835 1812 ἡμῶν,
866 1747 1335 1821 κατακολουθῆσαι
1358 1754 1437 1826 τῷ
1460 1756 1612 1829 νόμῳ
1642 1778 1756 1828 σου,
1856 1765 2062 1834 ἔδωκας
2095 1757 2136 1813 Β

478 1827 711 1883 ἐνώπιον
761 1833 935 1907 Μωσῆ
966 1838 1061 1903 καὶ
1094 1840 1273 1911 ἡμῶν,
1305 1844 1395 1899 διὰ
1419 1827 1535 1903 τῶν
1571 1827 1916 1912 παίδων-σου
1951 1827 2062 1914 τῶν

480 1921 803 1992 προφητῶν.
1600 1994 1606 1999 .

550 2011 637 2077 11.
669 2014 777 2067 Καὶ
807 2016 915 2081 πᾶς
951 2017 1168 2095 Ἰσραὴλ
1207 2025 1537 2094 δγκατέλιπε
1580 2033 1675 2091 τὸν
1729 2036 1895 2111 νόμον
1939 2060 2055 2110 σου,

475 2103 573 2156 καὶ
593 2104 931 2177 ἀπέστησαν,
962 2112 1057 2167 τοῦ
1091 2115 1166 2186 μὴ
1200 2118 1435 2175 ἀκοῦσαι
1455 2124 1556 2195 τῆς
1583 2128 1770 2200 φωνῆς
1794 2103 1892 2187 σου
1914 2149 1930 2165 ο
1960 2103 2058 2192 καί

473 2194 714 2265 ἐπῆλθεν
738 2199 822 2268 ἐφ’
851 2203 999 2273 ἡμᾶς
1046 2206 1079 2275 ή
1117 2208 1352 2281 κατάρα,
1389 2214 1484 2268 καὶ
1506 2217 1535 2269 6
1555 2194 1780 2289 ὅρκος-ὁ
1804 2239 1975 2295 γεγρα
1985 2244 2054 2297 μ-

478 2288 636 2354 μένος
662 2290 721 2343 ὲν
749 2290 828 2362 τῷ
855 2293 1006 2365 νόμῳ
1025 2296 1200 2369 Μωσῆ
1231 2302 1422 2368 παιδὸς
1447 2304 1539 2360 τοῦ
1570 2288 1728 2379 Θεοῦ,
1759 2288 1842 2367 ὅτι

468 2393 637 2446 τομεν
663 2380 834 2449 αὐτῷ.

546 2468 632 2521 12.
667 2471 777 2524 Καὶ
803 2472 1031 2545 ἔστησεν
1056 2479 1188 2549 ἡμῖν
1206 2482 1273 2536 τὰ
1297 2485 1693 2559 προστάγματα
1731 2493 1918 2560 αὐτοῦ,
1948 2497 2051 2553 ὅσα

468 2559 733 2630 ἐλάλησεν
768 2564 852 2633 ἐφ’
880 2569 1026 2637 ἡμᾶς
1053 2609 1068 2634 ,
1099 2574 1194 2626 καὶ
1242 2575 1335 2629 ἐπὶ
1367 2579 1494 2643 τοὺς
1523 2584 1717 2653 κριτὰς
1744 2586 1921 2659 ἡμῶν,
1948 2592 2051 2646 ὅσα

466 2646 691 2719 ἔκρινας
713 2652 842 2722 ἡμῖν
870 2656 1171 2728 ἐπαγαγεῖν
1201 2663 1289 2733 ἐφ’
1325 2667 1473 2736 ἡμᾶς
1503 2646 1649 2725 κακὰ
1690 2646 1929 2745 μεγάλα,
1962 2677 2048 2736 οἷα

464 2738 570 2793 οὐκ
607 2740 835 2815 ἐγενήθη
872 2746 976 2800 ὑπὸ
1023 2749 1115 2803 τὸν
1162 2753 1409 2823 οὐρανὸν,
1443 2759 1564 2814 καθ’
1589 2738 1956 2844 ὅτινὲγενήθη
1987 2773 2046 2826 ἐν

476 2830 644 2903 ’ἱερου
651 2833 784 2907 σαλή
794 2855 853 2907 μ.

537 2923 629 2979 15.
658 2926 816 2980 Κατὰ
837 2928 905 2982 τά
930 2935 1289 3004 γεγραμμένα
1312 2939 1371 2992 ὲν
1394 2939 1625 3018 διαθήκῃ
1646 2948 1838 3021 Μωσῆ.
1866 2953 2043 3009 πάντα

462 3013 535 3067 τὰ
575 3016 723 3068 κακὰ
766 3018 1002 3089 ἐπῆλθεν
1047 3023 1213 3093 ἡμῖν’
1264 3030 1358 3082 καὶ
1405 3031 1506 3085 οὐκ
1539 3013 1945 3110 ἔξέζητήσαμεν
1980 3042 2042 3095 τὸ

463 3104 760 3175 πρόσωπον
790 3110 996 3179 Κυρίου
1045 3112 1181 3169 Θεοῦ
1220 3118 1380 3188 ήμῶν
1399 3162 1414 3187 ,
1452 3104 1764 3195 ἀποστῆναι⁷
1791 3104 1899 3184 ἀπὸ
1930 3134 2039 3188 τῶν

462 3197 749 3267 ἁμαρτιῶν
804 3202 982 3272 ἡμῶν,
1015 3206 1110 3260 καὶ
1154 3206 1504 3284 διανοηθῆναι
1548 3217 1648 3288 τὴν
1695 3219 2042 3297 δικαιοσύνην

464 3303 584 3353 σου,
619 3291 810 3361 Κύριε.

533 3380 623 3433 14.
653 3381 763 3434 Καὶ
794 3384 1113 3463 ἠγρύπνησε
1158 3392 1365 3462 Κύριος
1404 3397 1432 3449 6
1458 3398 1592 3475 Θεὸς
1633 3403 1724 3455 ἐπὶ
1768 3404 1836 3458 τά
1869 3408 2036 3475 κακὰ,

459 3468 558 3522 καὶ
606 3471 885 3542 ἐπήγαγεν
917 3462 1007 3545 ἐφ’
1047 3480 1216 3549 ἡμᾶς,
1261 3485 1343 3539 ὅτι
1384 3462 1591 3554 δίκαιος
1624 3493 1877 3565 Κύριοςὸ
1905 3462 2037 3563 Θεὸς

458 3559 620 3629 ἡμῶν
650 3564 743 3615 ἐπὶ
766 3566 946 3621 πάντα
971 3570 1075 3625 ὅσα
1098 3573 1164 3627 ἂν
1200 3578 1422 3653 ποιήσῃ,
1454 3580 1549 3636 καὶ
1585 3583 1685 3639 οὐκ
1712 3559 2037 3662 ῆκούσαμεν

454 3650 561 3721 τῆς
584 3652 771 3723 φωνῆς
798 3656 986 3713 αὑτοῦ.
1374 3650 1387 3687 ’λ

530 3741 620 3796 15.
646 3744 753 3797 Καὶ
780 3745 896 3813 νῦν,
917 3750 1167 3808 Δέσποτα
1192 3756 1361 3829 Κύριε
1379 3759 1556 3828 ὀΘεὸς
1583 3766 1763 3838 ἡμῶν,
1791 3770 1820 3823 6
1837 3772 2035 3842 ἐξαγα-

454 3829 573 3898 γὼν
602 3834 694 3886 τὸν
740 3835 869 3890 λαόν
899 3856 993 3894 σου
1042 3843 1102 3907 ἐξ
1130 3847 1407 3915 Αἰγύπτου
1460 3853 1537 3924 τῷ
1565 3829 1809 3928 βραχίονί
1832 3829 1924 3916 σᾶυ

453 3922 666 3995 ὑψηλῷ,
698 3929 793 3979 καὶ
816 3930 1077 4001 ἐποίησας
1101 3940 1313 4010 σεαυτῷ
1339 3922 1792 4022 ὄνομακατὰ-τὴν
1818 3922 2032 4027 ἡμέραν

447 4014 657 4087 ταύτην
677 4034 690 4047 ·
722 4021 1062 4094 ἡμάρτομεν,
1096 4028 1463 4105 ὴγνοήκαμεν.

525 4108 614 4162 16.
655 4112 923 4182 Δέσποτα,
961 4118 1103 4172 κατὰ
1123 4120 1221 4192 τὴν
1248 4123 1594 4203 δικαιοσύνην
1615 4150 1730 4201 σου,
1751 4137 2030 4211 ἀποπρα-

449 4196 610 4267 φήτω
643 4201 672 4251 6
701 4199 872 4271 θυμός
900 4222 1013 4272 σου,
1044 4210 1139 4263 καὶ
1169 4214 1201 4283 ἠ
1231 4214 1367 4287 ὀργή
1416 4236 1511 4273 σου
1541 4196 1651 4277 άπὸ
1691 4196 1793 4298 τῆς
1822 4196 2029 4299 πόλεώς

446 4304 548 4341 σου
597 4289 969 4366 Ἰερουσαλὴμ,
997 4298 1157 4370 ὅρους
1206 4305 1301 4359 τοῦ
1336 4307 1491 4377 ἁγίου
1536 4329 1629 4367 σου
1656 4354 1671 4381 ,
1811 4321 1868 4372 ἐν
1906 4289 2027 4388 ταῖς

446 4380 745 4450 ἁμαρτίαις
790 4387 966 4456 ήμῶν,
1003 4393 1098 4445 καὶ
1127 4395 1185 4446 ὲν
1203 4399 1324 4460 ταῖς
1349 4401 1597 4468 ἀγνοίαις
1626 4406 1734 4460 τῶν
1771 4380 2025 4484 πατέρων
2058 4438 2099 4493 D

442 4475 622 4546 ἡμῶν,
640 4477 1015 4554 Ἰερουσαλὴμ,
1049 4488 1144 4541 καὶ
1172 4489 1201 4541 6
1226 4490 1396 4562 δῆμος
1415 4512 1530 4563 σου,
1556 4499 1750 4571 Κύριε,
1775 4507 1854 4568 είς
1878 4475 2019 4561 ὀνει-

441 4566 638 4634 δισμὺν
671 4570 728 4621 ἐν
758 4572 891 4626 πᾶσι
918 4578 1032 4641 τοῖς
1065 4582 1385 4654 περικύκλῳ
1415 4587 1592 4657 ἡμῶν.

514 4658 603 4713 17.
633 4661 742 4714 Καὶ
786 4662 880 4716 νῦν
908 4667 1232 4739 ἐπάκουσον,
1267 4676 1534 4745 Δέσποτα,
1565 4685 1665 4754 τῆς
1710 4692 2019 4763 προσευχῆς

436 4748 539 4801 τοῦ
570 4753 761 4816 παιδός
795 4771 890 4809 σου
936 4760 1026 4813 καὶ
1047 4763 1140 4817 ἐπὶ
1168 4766 1264 4830 τὰς
1286 4768 1500 4838 δεήσεις
1529 4748 1653 4843 μου,
1679 4748 1773 4831 καί

433 4839 597 4909 ψάτω
620 4843 681 4896 τὸ
706 4846 998 4915 πρόσωπόν
1026 4868 1121 4905 σου
1151 4856 1244 4910 ἐπὶ
1274 4859 1337 4911 τὸ
1378 4860 1503 4931 ὅρος
1530 4839 1591 4917 τὸ
1625 4865 1780 4936 ἅγιόν
1813 4887 1927 4938 σου,
1955 4874 2017 4927 τὸ

432 4930 644 5003 ιρημον
670 4935 857 4993 ἕνεκεν
874 4941 982 4995 τῶν
1009 4944 1210 5002 δούλων
1249 4967 1365 5018 σου,
1393 4930 1660 5014 Δέσποτα.

508 5023 599 5079 18.
636 5027 880 5099 Πρόσχες
902 5072 918 5097 ,
957 5035 1151 5107 Κύριε,
1180 5039 1243 5093 τὸ
1273 5038 1367 5107 οὖς
1400 5061 1516 5112 σου,
1565 5050 1661 5103 καὶ
1708 5053 2015 5111 ἐπάκουσὸν

435 5130 575 5185 μου·
603 5117 815 5183 ἄνοιξον
846 5125 972 5189 τοὺς
1019 5127 1335 5203 ὀφθαλμούς
1363 5153 1477 5203 σου,
1513 5140 1609 5194 καὶ
1642 5142 1716 5196 ίδε
1749 5146 1849 5217 τὴν
1878 5149 2009 5218 ἐρή-

433 5223 611 5275 μωσιν
639 5211 819 5281 ήμῶν,
850 5217 945 5270 καὶ
968 5217 1067 5289 τῆς
1089 5222 1296 5289 πόλεώς
1317 5244 1431 5294 σου,
1460 5230 1544 5298 ἐφ’
1563 5226 1632 5305 ἦς
1656 5211 1931 5309 ἐπεκλήθη
1953 5211 2013 5293 τὸ

424 5295 603 5365 ὄνομά
627 5316 721 5353 σου
768 5305 856 5356 ἐπ’
884 5308 1054 5380 αὐτῆς
1073 5327 1087 5340 ·
1118 5313 1179 5365 οὐ
1219 5316 1327 5387 γὰρ
1356 5320 1449 5372 ἐπὶ
1484 5295 1605 5385 ταῖς
1646 5295 2011 5394 δικαιοσύναις

424 5386 611 5455 ἡμῶν,
644 5392 805 5461 ἡμεῖς
832 5396 1068 5469 δεόμεθα
1091 5404 1149 5455 ὲν
1181 5386 1305 5472 ταῖς
1326 5416 1660 5483 προσευχαῖς
1688 5418 1720 5486 ή
1731 5417 1847 5486 μῶν
1874 5386 2009 5473 tvm:

422 5474 554 5529 πιόν
589 5494 706 5545 σου,
745 5483 882 5540 ἀλλά
933 5488 1022 5545 διὰ
1063 5491 1125 5545 τὸ
1176 5494 1267 5549 σὺν
1316 5474 1483 5567 ἕλεος,
1532 5474 1742 5576 Rapta:
1772 5509 1836 5562 σὺ
1890 5510 2008 5566 zm-

421 5580 640 5623 τευσον.

496 5681 581 5739 19.
618 5687 814 5759 Κύριε,
857 5694 1162 5755 ἐπάκουσον
1193 5705 1285 5758 καὶ
1320 5706 1562 5782 ποίησον,
1600 5714 1693 5768 καὶ
1720 5715 1793 5789 μὴ
1823 5721 1999 5791 χρονί-

1798 278 2052 343 ῡᾹΝΙΕῙ.
2092 288 2321 346 CAPUT
2363 292 2455 348 IX.

493 380 737 451 βασιλεῖς
773 384 963 454 ἡμῶν,
1014 390 1110 444 καὶ
1151 391 1421 459 δυνάστας
1453 398 1631 469 ἡμῶν,
1674 405 1771 458 καὶ
1828 408 2117 484 πατέραςλ

2067 427 2073 465 r
2099 416 2147 473 Α
2179 410 2442 479 gistratus
2471 423 2709 482 nostros,
2737 426 2792 473 et
2823 430 3005 489 patres
3044 431 3283 491 nostros,

3602 314 3747 372 2818

3323 434 3376 482 et
3418 432 3565 486 omni
3597 440 3746 504 genti

2172 517 2338 574 super
2369 513 2591 562 terram.
3684 537 3691 549 σ

2242 595 2293 647 7.
2336 595 2479 659 Tibi,
2517 596 2777 667 Domine,
2802 602 3039 672 iustitia,
3086 607 3244 663 nobis
3272 620 3450 667 autem
3493 615 3745 672 confusio

2172 681 2329 738 faciei
2394 688 2696 744 secundum
2748 693 2893 746 diem
2944 692 3086 749 hanc
3135 697 3449 758 hominibus
3500 701 3657 771 Juda,
3689 716 3746 762 et

2171 771 2488 831 sedentibus
2536 776 2590 831 in
2640 776 2967 847 Jerusalem,
3028 793 3082 838 et
3106 787 3255 841 omni
3292 791 3494 859 populo
3557 792 3742 861 Israel,

2171 861 2265 930 qui
2299 876 2467 934 prope
2498 875 2600 933 est,
2627 877 2681 923 et
2705 870 2777 933 ei,
2807 872 2903 941 qui
2932 875 3132 942 procul‘
3169 876 3223 931 in
3260 880 3531 938 universis
3563 886 3744 954 regio-

2172 954 2355 1022 nibus,
2382 958 2448 1012 ad
2480 974 2620 1028 quas
2643 962 2948 1033 dispersisti
2977 983 3073 1024 eos
3116 969 3247 1026 illuc
3288 985 3508 1043 propter
3542 976 3745 1047 iniqui-

2170 1053 2358 1114 tatem,
2417 1051 2545 1120 quia
2598 1052 2846 1126 improbe
2888 1074 2946 1114 se
2993 1072 3282 1131 gesserunt
3346 1066 3400 1121 in
3443 1080 3740 1140 conspectu

2171 1143 2290 1192 tuo.

2240 1229 2296 1283 8.
2339 1230 2590 1299 Domine,
2623 1238 2782 1295 nobis
2811 1241 3062 1300 confusio
3091 1244 3270 1313 faciei,
3302 1257 3357 1305 et
3390 1251 3606 1323 regibus
3640 1269 3741 1309 no-

2166 1320 2317 1385 stris,
2347 1333 2401 1378 et
2429 1326 2791 1399 principibus,
2825 1342 2881 1388 et
2911 1336 3159 1405 patribus
3188 1342 3422 1410 nostris,
3457 1320 3585 1415 quia
3610 1360 3743 1417 pec-

2166 1414 2412 1495 cavimus
2438 1418 2555 1472 tibi.

2236 1504 2291 1558 9.
2334 1505 2567 1563 Domino
2612 1510 2823 1582 iustitia
2848 1526 2900 1572 et
2939 1518 3334 1593 misericordia,
3359 1527 3618 1597 quoniam
3653 1545 3741 1587 re-

2163 1597 2429 1654 cessimus
2455 1615 2484 1654 a
2518 1610 2587 1657 te.

2238 1687 2327 1745 10.
2369 1690 2433 1746 Et
2456 1707 2565 1748 non
2591 1696 2901 1756 audivimus
2928 1716 3113 1760 vocem
3170 1706 3385 1767 Domini
3418 1711 3509 1769 Dei
3542 1718 3734 1785 nostri,

2168 1785 2226 1830 ut
2257 1795 2613 1851 sequeremur
2661 1789 2835 1861 legem
2891 1802 3061 1859 tuam,
3114 1813 3276 1867 quam
3330 1803 3523 1861 dedisti
3549 1822 3734 1865 coram

2162 1868 2313 1929 Mose
2345 1885 2400 1931 et
2426 1878 2605 1947 nobis,
2634 1895 2729 1951 per
2753 1897 2953 1954 pueros
2983 1896 3106 1945 tuos
3136 1894 3448 1964 prophetas.

2232 2057 2321 2113 11.
2368 2058 2432 2116 Et
2476 2064 2658 2122 omnis
2712 2055 2883 2126 Israel
2927 2071 3219 2148 dereliquit
3263 2081 3431 2152 legem
3464 2094 3645 2143 tuam:
3679 2102 3734 2147 et

2160 2162 2524 2223 recesserunt,
2560 2172 2628 2211 ne
2661 2158 2914 2218 audirent
2942 2179 3132 2222 vocem
3173 2178 3346 2240 tuam,
3388 2184 3439 2229 et
3467 2192 3730 2246 superve-

2156 2242 2239 2298 nit
2276 2259 2443 2315 super
2497 2262 2595 2303 nos
2658 2252 2986 2323 maledictio,
3023 2267 3078 2313 et
3126 2242 3551 2336 jusjurandum,
3582 2274 3728 2340 quod

2155 2335 2421 2406 scriptum
2456 2338 2618 2395 estin
2646 2341 2760 2414 lege
2781 2342 2948 2404 Mosis
2977 2353 3134 2420 pueri
3192 2355 3323 2425 Dei,
3373 2335 3727 2433 quiapccca-

2153 2424 2331 2481 vimus
2361 2427 2432 2483 ei.

2224 2519 2312 2574 12.
2356 2520 2422 2577 Ει
2450 2524 2641 2582 statuit
2680 2527 2840 2585 nobis
2899 2544 3166 2608 praecepta
3224 2553 3324 2594 sua
3368 2557 3727 2620 quaecumque

2151 2607 2370 2667 locutus
2392 2623 2477 2668 est
2499 2631 2662 2686 super
2685 2632 2809 2685 nos,
2827 2629 2881 2675 et
2901 2636 3064 2693 super
3083 2626 3295 2695 jurlices
3317 2642 3555 2703 nostros,
3576 2655 3727 2709 quae-

2150 2705 2666 2775 cumquejudicasti
2704 2712 2863 2768 nobis
2896 2718 3322 2785 superiuducere
3352 2724 3405 2778 in
3445 2741 3546 2783 nos
3579 2733 3721 2788 mala

2149 2806 2367 2862 magna,
2399 2796 2578 2864 qualia
2616 2814 2722 2855 non
2747 2799 2892 2857 facta
2925 2814 3055 2860 sunt
3088 2808 3191 2863 sub
3221 2812 3381 2879 coelo,
3416 2815 3556 2873 sicut
3580 2820 3718 2877 facta

2145 2891 2273 2937 sunt
2304 2884 2358 2938 in
2386 2885 2709 2945 Jerusalem.

2217 2974 2307 3032 15.
2348 2976 2509 3033 Juxta
2549 2995 2634 3049 ea,
2690 2998 2811 3052 qua:
2862 2988 3064 3058 scripta
3118 3003 3247 3048 sunt
3294 2996 3347 3050 in
3391 3006 3716 3061 testamento

2067 3095 2109 3150 ο
2145 3062 2334 3129 Musis,
2377 3070 2558 3127 omnia
2602 3073 2743 3128 mala
2806 3089 3072 3134 venerunt
3109 3097 3275 3153 super
3308 3103 3442 3156 nos;
3490 3102 3546 3148 et
3605 3113 3715 3153 non

2143 3158 2540 3226 exquisivimus
2576 3163 2770 3220 faciem
2799 3165 3017 3225 Domini
3050 3170 3147 3228 Dei
3185 3181 3378 3243 nostri,
3412 3193 3471 3238 ut
3498 3190 3717 3245 recede-

2143 3261 2325 3303 remus
2357 3264 2385 3304 a
2415 3256 2651 3320 peccatis
2677 3258 2901 3325 nostris,
2938 3270 2992 3316 et
3037 3266 3402 3337 cogitaremus
3442 3276 3711 3347 justitiam

2140 3346 2312 3403 tuam,
2344 3339 2591 3399 Domine.

2212 3430 2297 3484 14.
2340 3430 2668 3506 Etvigilavit
2726 3438 2993 3499 Dominus
3022 3445 3195 3505 .Deus
3236 3468 3403 3523 super
3452 3463 3614 3530 mala,
3656 3478 3712 3522 et

2135 3518 2364 3576 adduxit
2391 3538 2553 3593 super
2586 3542 2707 3595 nos,
2735 3533 2995 3600 quoniam
3024 3535 3208 3604 justus
3251 3518 3515 3605 Dominus
3564 3518 3711 3614 Deus

2135 3621 2325 3667 noster
2355 3612 2407 3667 in
2445 3619 2701 3677 omnibus
2741 3638 2863 3693 quae
2890 3625 3097 3698 fecerit,
3153 3640 3208 3689 et
3260 3650 3369 3693 non
3397 3642 3710 3706 audivimus

2135 3716 2325 3757 vocem
2356 3703 2496 3774 ejus.

2210 3792 2297 3849 15.
2340 3793 2407 3850 Et
2429 3813 2594 3867 nunc,
2633 3798 2863 3861 Domine
2909 3805 3053 3867 Deus
3088 3823 3291 3884 noster,
3323 3820 3416 3891 qui
3468 3826 3707 3887 eduxiin

2131 3886 2391 3954 populum
2432 3897 2583 3945 tuum
2606 3893 2673 3948 de
2703 3894 2957 3968 AEgypto,
2988 3901 3213 3961 brachio
3261 3886 3357 3967 tuo
3385 3918 3620 3983 excelso,
3652 3886 3707 3976 et

2131 3975 2307 4033 fecisti
2336 3980 2433 4035 tibi
2460 3999 2659 4042 nomen
2714 3990 3014 4050 secundum
3051 3996 3198 4054 diem
3232 4002 3409 4075 hanc;
3450 4016 3703 4081 peccavi—

2131 4086 2277 4136 mus,
2308 4073 2705 4144 ignoravimus.

2201 4164 2288 4219 16.
2330 4166 2577 4237 Domine,
2604 4177 2903 4234 secundum
2932 4180 3205 4251 justitiam
3239 4197 3387 4246 tuam
3422 4204 3705 4255 avertatur

2130 4252 2286 4310 furor
2316 4266 2464 4325 tuus,
2498 4272 2553 4317 et
2597 4264 2677 4319 ira
2732 4276 2825 4323 tua
2882 4286 2913 4325 a
2953 4273 3173 4332 civitate
3236 4289 3325 4336 tua
3369 4281 3699 4355 Jerusalem,

2132 4357 2314 4402 ruoute
2345 4360 2533 4407 sancto
2588 4363 2700 4412 tuo.
2733 4357 2873 4423 Quia
2904 4362 2958 4416 iu
2983 4370 3223 4435 peccatis
3271 4377 3472 4434 nostris
3492 4420 3508 4443 ,
3564 4392 3618 4436 et
3647 4384 3701 4439 in

2131 4438 2455 4508 ignorantiis
2484 4454 2699 4513 patrum
2731 4461 3066 4523 nostrorum,
3099 4456 3421 4531 Jerusalem,
3445 4479 3497 4523 et
3538 4487 3704 4542 popu-

2131 4529 2214 4584 lus
2252 4539 2397 4598 tuus,
2432 4532 2679 4602 Domine,
2709 4551 2793 4595 est
2826 4544 2880 4597 in
2912 4547 3265 4618 opprobrium
3300 4529 3578 4631 omnibus,
3608 4529 3703 4636 qui

2128 4621 2182 4676 in
2211 4624 2441 4681 circuitu
2475 4639 2660 4685 nostro
2686 4646 2832 4689 sunt.

2202 4715 2287 4769 17.
2311 4717 2378 4771 Et
2404 4735 2548 4776 nunc
2568 4727 2787 4791 exntrdi,
2820 4727 3066 4801 Domine,
3097 4738 3399 4796 orationem
3417 4746 3569 4814 pueri
3597 4749 3698 4816 tui,

2124 4814 2178 4861 et
2202 4822 2365 4878 super
2390 4827 2583 4881 preces
2610 4833 2762 4875 meas
2793 4837 2804 4872 :
2837 4831 2891 4877 et
2920 4827 3173 4896 respiciat
3203 4830 3371 4889 facies
3408 4845 3508 4913 tua.
3536 4854 3702 4909 super

2124 4911 2365 4957 montem
2402 4917 2651 4963 sanctum
2687 4921 2863 4983 tuum,
2920 4919 3014 4988 qui
3065 4921 3315 4981 desertus
3358 4935 3441 4983 est
3478 4911 3703 5003 propter

2122 5004 2310 5047 servos
2341 5004 2484 5063 tuos,
2512 4997 2759 5060 Domine.

2198 5086 2280 5142 l8.
2322 5085 2543 5146 Intende
2572 5109 2759 5151 aurem
2795 5108 2962 5168 tuam,
2997 5103 3244 5174 Domine,
3271 5120 3323 5165 et
3340 5115 3537 5169 exaudi
3572 5133 3696 5173 me:

2120 5176 2269 5244 aperi
2300 5180 2491 5237 oculos
2515 5190 2658 5251 tuos,
2692 5196 2745 5243 et
2780 5192 2900 5247 vide
2926 5194 3320 5255 desolationem
3353 5216 3619 5275 nostram,
3644 5221 3699 5264 et

2119 5267 2354 5325 civitatis
2381 5280 2509 5341 tum,
2549 5292 2715 5347 super
2775 5296 2937 5352 quam
2991 5285 3300 5346 invocatum
3355 5302 3439 5349 est
3496 5314 3694 5354 nomen

2120 5366 2273 5412 tuum
2308 5377 2476 5432 super
2499 5381 2652 5434 eam;
2689 5386 2794 5424 non
2827 5375 2971 5428 enim
3022 5377 3075 5431 in
3104 5378 3335 5449 justitiis
3365 5387 3571 5441 nostris
3595 5404 3696 5443 nos

2116 5465 2339 5509 oramus
2395 5456 2446 5510 in
2480 5460 2731 5528 precibus
2772 5469 2978 5523 nostris
3006 5470 3059 5524 in
3102 5486 3397 5544 conspectu
3452 5488 3566 5543 tuo,
3600 5486 3692 5537 sed

2115 5554 2338 5615 propter
2366 5550 2796 5612 misericordiam
2829 5568 2999 5629 tuam,
3032 5563 3284 5636 Domine,
3318 5580 3374 5624 tu
3423 5575 3693 5644 propitius

2113 5650 2251 5694 CSIO.

2186 5732 2270 5789 19.
2317 5734 2563 5808 Domine,
2629 5751 2845 5818 exauJi,
2901 5764 2953 5810 et
3002 5756 3107 5825 fac,
3169 5768 3222 5814 et
3275 5776 3342 5815 ne
3388 5763 3686 5820 tardaveris
