3848 6218
389 218 532 274 1819

1659 206 1907 265 DANIEL
1938 207 2156 266 JUXTA
2196 210 2355 269 LXX.

3479 215 3624 272 2820

393 336 613 399 propter
668 324 1038 395 temetipsum,
1096 323 1367 388 Domino,
1434 323 1729 392 quoniam"
1761 336 1957 377 nomen

2075 338 2162 393 της
2195 323 2356 377 ἕνεκα
2390 325 2642 391 σεαυτοῦ,
2674 328 2944 393 Δέσποτα,
2978 331 3060 385 ὅτι
3104 330 3166 383 τὸ
3196 331 3367 402 ὄνομά
3394 350 3488 387 σου
3524 336 3627 387 ἐπ-

393 431 545 475 tuum
581 418 891 471 invocatum
916 425 1001 472 est
1030 430 1195 485 super
1221 416 1493 470 civitatem
1530 421 1682 468 tuam
1717 412 1871 480 Sion,
1904 423 1960 470 et

392 526 561 581 super
585 509 845 579 populum
878 517 1027 563 tuam
1069 507 1257 564 Israel.

460 602 551 657 20.
596 599 661 655 Et
699 600 829 655 dum
882 582 983 670 θεά
1032 598 1293 668 loquebar
1350 612 1534 662 orans,
1590 606 1646 653 et
1697 596 1963 655 conﬁtens

391 700 612 759 peccata
646 705 786 755 mea,
809 702 862 745 et
891 699 1114 761 peccata
1140 689 1323 759 pepuli
1351 690 1458 746 moi
1486 688 1675 753 Israel,
1712 698 1767 744 et
1794 703 1963 745 orans

393 784 450 838 in
489 782 964 852 deprecationibus
986 796 1169 837 coram
1197 779 1427 837 Domino
1472 780 1583 835 Deo
1630 796 1752 837 meo
1794 782 1959 836 etiam

392 888 492 944 pro
524 881 708 929 monte
726 881 917 929 sancto
946 872 1040 928 Dei
1068 871 1261 928 nostri.

460 1054 552 1112 2i.
595 1056 657 1111 Et
682 1056 860 1113 adhuc
905 1069 993 1109 me
1038 1054 1293 1123 loquente
1332 1054 1383 1107 in
1414 1054 1660 1109 oratione
1698 1068 1858 1119 mea,
1907 1064 1964 1108 et

392 1162 520 1205 ecce
550 1148 653 1208 vir,
694 1161 855 1216 quem
902 1145 1017 1201 vidi
1059 1145 1112 1199 in
1168 1159 1362 1200 somno
1398 1159 1520 1200 meo
1554 1144 1622 1198 ab
1660 1144 1819 1200 initio
1852 1143 1960 1200 Ga-

393 1242 548 1307 briel,
586 1245 694 1299 cito
725 1242 949 1298 veniens
987 1236 1441 1309 appropinquavit
1467 1235 1601 1291 mihi
1626 1237 1681 1291 in
1716 1237 1848 1292 hora
1875 1252 1962 1293 sa-

394 1333 579 1387 erilicii
611 1331 923 1403 vespertini.

460 1421 550 1475 22.
593 1420 658 1474 Et
683 1421 932 1485 accessit,
956 1426 1010 1473 et
1037 1417 1294 1486 loquutus
1323 1422 1404 1468 est
1434 1428 1672 1479 mecum,
1697 1422 1752 1471 et
1779 1414 1917 1472 dixit
1941 1432 1955 1469 :

388 1508 603 1573 Daniel,
633 1524 782 1565 nunc
803 1510 946 1564 exivi
978 1506 1267 1562 ostendere
1306 1505 1405 1559 tibi
1432 1519 1676 1560 sensum.

460 1604 552 1658 ‘23.
592 1602 648 1657 in
689 1601 958 1673 principio
990 1597 1381 1655 obsecrationis
1427 1605 1535 1651 tua:
1571 1596 1739 1651 exivit
1772 1595 1957 1651 decre-

2063 412 2264 483 εκλήθη
2295 415 2385 466 ἐπὶ
2428 414 2525 485 τὴν
2563 416 2717 472 πόλιν
2756 435 2851 472 σου
2894 418 3054 484 Σιιῖιν,
3093 420 3188 474 καὶ
3229 421 3324 475 ἐπὶ
3357 422 3449 475 τὸν
3500 422 3633 479 λαόν

2065 519 2156 555 σου
2199 503 2427 575 Ἰσραήλ.

2132 594 2222 649 20.
2246 597 2352 649 Καὶ
2368 597 2474 661 ἕως
2490 596 2602 666 ἐγὼ
2622 598 2843 654 ἐλάλουν
2865 601 3318 672 προσευχόμενος,
3334 604 3429 656 καὶ
3442 603 3632 675 ἐξομο-

2061 686 2388 756 λογούμενος
2412 687 2513 753 τὰς
2543 690 2819 760 ἁμαρτίας
2850 707 2975 761 μου,
3001 691 3094 744 καὶ
3120 690 3219 755 τὰς
3241 693 3513 763 ἁμαρτίας
3532 696 3631 750 τοῦ

2060 776 2189 830 λαοῦ
2224 796 2327 848 μου
2368 778 2604 851 Ἰσραὴλ,
2639 782 2732 834 καὶ
2757 781 3011 851 δεόμενος
3047 783 3107 838 ἐν
3150 784 3271 847 ταῖς
3306 789 3634 857 προσευχαῖς

2060 868 2301 923 ἐναντίον
2336 871 2541 940 Κυρίου
2573 871 2708 925 Θεοῦ
2752 889 2854 943 μου
2878 913 2894 939 ,
2936 875 3030 929 καὶ
3059 874 3199 946 ὑπὲρ
3228 875 3320 929 τοῦ
3346 876 3506 948 ὅρους
3530 877 3631 932 τοῦ

2060 960 2214 1027 ἁγίου
2237 960 2330 1015 τοῦ
2349 962 2485 1016 Θεοῦ
2508 965 2686 1034 ήμῶν.

2129 1051 2217 1105 2i.
2249 1053 2357 1105 Καὶ
2395 1053 2475 1107 ετι
2524 1053 2813 1119 λαλοῦντός
2841 1072 2945 1125 μου
2998 1057 3056 1109 ἐν
3091 1057 3158 1127 τῇ
3191 1057 3463 1127 προσευχῇ
3499 1073 3629 1127 μου,

2063 1142 2157 1195 καὶ
2186 1141 2296 1197 ίδοὺ
2316 1145 2346 1197 ό
2374 1142 2515 1215 ἀνὴρ
2533 1184 2550 1211 ,
2572 1143 2632 1199 δν
2656 1141 2795 1199 εἶδον
2827 1147 2886 1198 ἐν
2909 1145 2987 1215 τῷ
3013 1144 3167 1216 ῦπνῳ
3198 1163 3302 1217 μου
3329 1146 3427 1218 τὴν
3453 1146 3632 1218 ἀρχὴν

2060 1232 2099 1284 Γ
2102 1232 2321 1305 αϐριὴλ,
2365 1237 2520 1306 τάχει
2574 1237 2873 1308 φερόμενος
2928 1236 3264 1309 προσήγγισέ
3311 1255 3400 1309 μοι
3423 1239 3482 1291 ἐν
3509 1236 3633 1309 ὥρα

2060 1324 2251 1389 θυσίας
2280 1327 2596 1398 ἐσπερινῆς.

2129 1414 2220 1468 2’2.
2252 1417 2361 1470 Καὶ
2393 1418 2691 1488 προσῆλθε,
2736 1419 2831 1472 καὶ
2875 1418 3107 1489 ἐλάλησε
3160 1421 3275 1490 μετ’
3326 1418 3484 1490 ἐμοῦ,
3534 1418 3630 1472 καὶ

2060 1499 2213 1559 εἶπεν
2237 1523 2250 1537 ο
2277 1508 2494 1579 Δανιὴλ,
2528 1510 2653 1580 ἄρτι
2680 1510 2904 1581 ἐξῆλθον
2935 1511 3208 1579 ὑποδεῖξαί
3242 1529 3325 1565 σοι
3366 1512 3627 1567 διάνοιαν.

2128 1596 2219 1652 25.
2256 1597 2345 1652 Ἐν
2375 1601 2517 1670 ἀρχῇ
2551 1600 2650 1671 τῆς
2678 1600 2915 1671 δεήσεώς
2946 1619 3039 1656 σου
3073 1602 3266 1673 ἐξῆλθε
3300 1604 3629 1674 πρόσταγμα

388 1701 501 1747 tum
542 1707 573 1746 a
603 1659 939 1755 Doininoiet
973 1704 1073 1758 ego
1106 1686 1262 1751 veni,
1328 1694 1388 1741 ut
1429 1686 1796 1742 demonstrem
1836 1685 1957 1753 tibi,

2075 1688 2210 1758 παρὰ
2238 1659 2585 1760 Κυρεοῖδῖἓαι
2606 1659 2722 1759 ἶγὼ
2739 1659 2909 1763 ipso;
2935 1659 3209 1758 ὑποδεῖξαί
3232 1659 3450 1760 causa

387 1784 513 1853 quia
545 1782 972 1838 misericordiam
1011 1787 1337 1835 consecutus
1364 1792 1459 1845 es;
1513 1786 1567 1831 et
1587 1776 1960 1834 animadverte

387 1875 725 1929 mandatum.

456 1968 545 2021 24.
592 1964 946 2035 Septuaginta
976 1957 1343 2014 hebdomades
1368 1957 1599 2013 decretae
1636 1966 1765 2012 sunt
1794 1973 1957 2029 super

386 2058 646 2128 populum
694 2066 869 2118 tuum,
925 2062 979 2108 et
1030 2066 1193 2122 super
1228 2050 1501 2105 civitatem
1546 2049 1699 2116 Sion,
1732 2055 1794 2104 ut
1822 2065 1957 2104 con-

385 2157 692 2204 summetur
731 2154 1010 2217 peccatum
1038 2179 1054 2207 ,
1110 2152 1163 2196 et
1220 2140 1476 2195 deﬁciant
1527 2140 1863 2209 iniquitates,
1902 2150 1957 2195 et

382 2238 665 2295 deleantur
694 2236 993 2308 injustitize,
1045 2243 1101 2289 et
1136 2231 1467 2309 intelligatur
1520 2231 1684 2299 visio,
1718 2242 1772 2286 et
1799 2232 1957 2287 detur

383 2331 594 2401 justitia
647 2327 999 2397 sempiterna,
1040 2334 1095 2378 et
1136 2330 1586 2379 consummentur
1635 2322 1874 2379 visiones
1901 2331 1956 2378 et

382 2425 671 2495 propheta,
707 2429 759 2472 et
793 2418 1001 2474 laetetur
1035 2414 1269 2469 Sanetus
1294 2422 1635 2466 sanctorum.

454 2514 546 2567 25.
590 2510 654 2564 Et
687 2510 847 2573 scies,
876 2518 929 2563 et
955 2506 1241 2576 intelliges,
1278 2514 1333 2558 et
1364 2503 1629 2558 laetaberis
1653 2539 1669 2568 ,
1707 2513 1763 2557 et
1802 2505 1953 2558 inve‘

386 2605 507 2660 nies
531 2611 816 2673 praecepta,
849 2610 908 2654 ut
935 2596 1360 2667 respondeatur:
1397 2606 1452 2651 et
1476 2592 1768 2650 aediﬁcabis
1798 2591 1956 2650 Jeru-

386 2697 553 2752 salem
592 2695 867 2749 civitatem
898 2689 1150 2744 Domino.

455 2787 545 2840 26.
589 2784 654 2837 Et
679 2792 798 2853 post
832 2792 1037 2851 septem
1085 2788 1141 2834 et
1174 2778 1536 2848 septuaginta,
1572 2786 1626 2832 et
1672 2779 1952 2848 sexaginta

385 2882 526 2937 duos
566 2878 779 2934 deﬁciet
814 2874 1022 2939 unctio,
1054 2882 1108 2928 et
1134 2886 1244 2926 non
1270 2870 1375 2926 erit
1413 2884 1427 2922 :
1475 2880 1531 2925 et
1569 2886 1793 2941 regnum
1824 2886 1956 2941 gen-

387 2974 519 3028 tium
539 2972 781 3026 destruet
805 2967 1098 3035 civitatem,
1133 2972 1187 3019 et
1216 2961 1587 3019 sanctuarium
1603 2976 1726 3016 cum
1750 2973 1948 3017 uncto:
1979 2998 2021 3052 ε

387 3072 442 3117 et
472 3062 651 3137 veniet
682 3055 1083 3114 consummatio
1113 3056 1232 3125 ejus
1263 3068 1387 3108 cum
1441 3052 1642 3120 furore,
1694 3062 1750 3109 et
1781 3070 1954 3125 usque

387 3154 456 3210 ad
496 3162 707 3223 tempus
743 3148 1234 3206 consummationis
1266 3160 1296 3200 a
1320 3145 1456 3200 bello
1494 3146 1914 3215 oppugnabitur.

455 3245 546 3299 27.
590 3244 655 3298 Et
688 3240 998 3313 praevalebit
1032 3245 1411 3294 testamentum
1443 3237 1497 3290 in
1536 3235 1743 3301 multis,
1765 3247 1819 3291 et
1835 3253 1955 3291 rur-

387 3351 484 3393 sus
512 3342 834 3395 revertetur,
893 3339 947 3385 et
1008 3329 1423 3384 remditicabitur
1452 3327 1505 3381 in
1557 3326 1863 3391 latitudine,
1901 3338 1957 3382 et

385 3425 747 3498 longitudine,
775 3431 828 3477 et
857 3421 1010 3491 juxta
1039 3416 1566 3474 consummationem
1609 3424 1911 3484 temporum
1938 3435 1951 3470 :

386 3527 442 3575 et
471 3527 596 3589 post
631 3524 833 3585 septem
882 3522 935 3567 ct
984 3509 1325 3580 septuaginta
1372 3515 1640 3578 tempora,
1690 3517 1744 3563 et
1798 3523 1957 3563 sexa-

287 3612 294 3618 ’
386 3612 537 3681 ginta
566 3609 673 3662 duo
701 3594 1203 3670 annorum,usque
1244 3599 1312 3653 ad
1355 3609 1567 3668 tempus
1609 3615 1957 3655 consumma-

290 3761 297 3766 _
389 3701 555 3757 tionis
608 3699 768 3762 belli.
821 3708 876 3752 et
917 3693 1196 3749 auferetur
1225 3690 1487 3746 desolatio
1535 3690 1589 3744 in
1618 3692 1958 3760 praevalendo

392 3798 719 3847 testamento
750 3786 817 3841 ad
852 3786 1052 3839 multas
1084 3781 1472 3844 hebdomadas,
1511 3789 1565 3835 et
1599 3781 1653 3834 in
1688 3782 1794 3836 line
1832 3781 1959 3837 beb-

389 3882 637 3939 domada‘.
663 3877 939 3933 auferetur
994 3874 1344 3936 sacrilicium,
1399 3880 1454 3926 et
1500 3871 1757 3935 libamen,
1813 3881 1867 3927 et
1902 3872 1956 3927 in

390 3973 591 4042 templo
616 3966 949 4025 abominatio
972 3964 1365 4020 desolationum
1394 3962 1495 4017 erit
1525 3977 1697 4030 usque
1736 3963 1802 4017 ad
1823 3979 1958 4019 con-

390 4062 812 4119 summationem
841 4078 853 4115 :
889 4068 943 4114 et
972 4056 1373 4112 consummatio
1408 4053 1628 4108 dabitur
1666 4068 1829 4123 super
1864 4055 1958 4111 de-

391 4154 731 4211 solationem.

1003 4260 1227 4317 CAPUT
1279 4263 1345 4315 Χ.

2059 1780 2147 1843 vi;
2173 1774 2246 1845 εἷ,
2276 1782 2371 1834 καὶ
2395 1780 2707 1853 διανοήθτιτι
2734 1782 2797 1836 τὸ
2822 1783 3171 1855 πρόσταγμα.

2125 1957 2215 2013 94.
2261 1958 2665 2033 Ἐϐδομήκοντα
2708 1962 3003 2036 ἐϐδομάδες
3047 1964 3344 2038 ἐκρίθησαν
3390 1965 3485 2019 ἐπὶ
3532 1965 3627 2021 τὸν

2055 2048 2183 2104 λαόν
2218 2068 2332 2116 σου,
2361 2053 2455 2105 καὶ
2479 2055 2571 2107 ἐπὶ
2607 2054 2704 2125 τὴν
2733 2056 2886 2110 πόλιν
2918 2057 3056 2111 Σιὼν
3086 2057 3500 2129 συντελεσθῆναι
3525 2058 3628 2128 τὴν

2058 2141 2352 2214 ἁμαρτίαν,
2400 2145 2496 2198 καὶ
2524 2144 2621 2208 τὰς
2644 2146 2856 2212 ἀδικίας
2882 2148 3156 2215 σπανίσαι,
3194 2151 3288 2203 καὶ
3327 2150 3629 2219 ἀπαλεῖψαι

2055 2232 2153 2294 τὰς
2186 2232 2417 2297 ἀδικίας,
2452 2235 2547 2289 καὶ
2585 2235 3017 2309 διανοηθῆναιτὸ
3042 2240 3255 2309 ὅραμα,
3286 2241 3381 2294 καὶ
3406 2241 3626 2312 δοθῆναι

2054 2319 2402 2393 δικαιοσύνην
2425 2324 2661 2394 αίὼνιον,
2703 2327 2799 2380 καὶ
2824 2329 3237 2399 συντελεσθῆναι
3271 2330 3341 2383 τά
3375 2332 3632 2402 δράματα

2056 2415 2124 2481 Χ
2150 2412 2246 2465 καὶ
2262 2416 2329 2481 Χ
2357 2416 2661 2488 προφήτην,
2683 2419 2778 2472 καὶ
2803 2419 3069 2491 εὐφράναι
3102 2420 3292 2489 ’Δγιον
3322 2422 3518 2490 ἁγίων.

2126 2504 2216 2558 25.
2241 2506 2351 2559 Καὶ
2378 2506 2584 2580 γνώσῃ,
2634 2509 2728 2563 καὶ
2752 2510 3099 2583 διανοηθήσῃ,
3127 2513 3221 2567 καὶ
3250 2514 3623 2588 εὐφρανθήσῃ,

2055 2595 2150 2647 καὶ
2172 2596 2424 2667 εὑρήσεις
2453 2600 2854 2670 προστάγματα
2889 2603 3273 2675 ἀποκριθῆναι,
3315 2606 3411 2660 καὶ
3430 2606 3629 2661 0M0-

2059 2686 2254 2757 μήσεις
2299 2688 2653 2760 Ἰερουσαλὴμ
2685 2690 2839 2746 πόλιν
2870 2693 3079 2763 Κυρίῳ.

2124 2777 2212 2832 26.
2241 2779 2351 2832 Καὶ
2374 2780 2513 2849 μετά
2542 2780 2685 2835 ἑπτὰ
2708 2782 2801 2835 καὶ
2825 2783 3212 2854 ἐϐδομήκοντα,
3246 2785 3341 2839 καὶ
3367 2787 3632 2859 ἐξήκοντα

2053 2867 2146 2922 δύο
2170 2870 2612 2940 άποσταθήσεται
2641 2872 2872 2943 χρίσμα,
2900 2875 2995 2927 καὶ
3021 2874 3123 2928 οὐκ
3155 2875 3330 2938 ἐσται,
3361 2880 3457 2931 καὶ
3476 2878 3631 2949 βασι-

2055 2957 2176 3011 λεία
2208 2957 2375 3013 ἐθνῶν
2405 2960 2597 3030 φθερεῖ
2623 2962 2724 3031 τὴν
2765 2961 2943 3027 πόλιν,
2969 2964 3064 3018 καὶ
3096 2965 3157 3019 τὸ
3185 2967 3342 3035 ἅγιον
3369 2970 3512 3038 μετὰ
3535 2969 3633 3024 τοῦ

2057 3049 2276 3119 χριστοῦ
2296 3067 2309 3079 ·
2341 3052 2435 3104 καὶ
2488 3051 2608 3122 ἥξει
2635 3055 2667 3122 ή
2696 3054 2972 3108 συντέλεια
2995 3054 3159 3109 αὑτοῦ
3194 3057 3311 3127 μετ⁹
3326 3058 3519 3129 ὀργῆς,
3541 3061 3637 3115 καὶ

2055 3139 2159 3202 ἓως
2197 3140 2389 3208 καιροῦ
2417 3143 2747 3207 συντελείας,
2776 3143 2889 3197 ἀπὸ
2910 3145 3145 3216 πολέμου
3170 3147 3633 3219 πολεμηθήσεται.

2126 3227 2215 3281 27.
2248 3229 2354 3282 Καὶ
2383 3230 2732 3284 δυναστεύσει
2766 3234 2800 3303 ἡ
2837 3233 3067 3305 διαθήκη
3098 3237 3178 3299 είς
3222 3237 3453 3302 πολλοὺς
3476 3276 3494 3303 ,
3540 3242 3637 3295 καὶ

2057 3319 2218 3372 πάλιν
2240 3321 2576 3391 ἐπιστρέψει,
2611 3323 2706 3377 καὶ
2726 3323 3279 3397 ἀνοικοδομηθήσεται
3299 3329 3383 3393 είς
3407 3329 3634 3396 πλάτος,

2058 3411 2151 3463 καὶ
2185 3410 2379 3481 μῆκος,
2414 3410 2673 3467 καὶκατὰ
2708 3417 3019 3471 συντέλειαν
3064 3419 3274 3490 καιρῶν
3299 3437 3316 3451 θ
3357 3423 3457 3476 καὶ
3494 3424 3639 3492 μετὰ

2057 3501 2199 3556 ἐπτά
2240 3505 2330 3556 καὶ
2378 3504 2753 3576 ἐϐδομήκοντα
2798 3509 3045 3579 καιροὺς,
3079 3512 3173 3564 καὶ
3204 3510 3283 3581 ξβ⁹
3327 3513 3488 3576 ἐτῶν,
3530 3514 3637 3579 ἕως

2057 3592 2249 3664 καιροῦ
2291 3596 2599 3659 συντελείας
2650 3598 2886 3668 πολέμου
2918 3641 2933 3664 ,
2987 3602 3081 3654 καὶ
3124 3602 3558 3674 ἀφαιρεθήσεται
3599 3607 3636 3676 ἡ

2057 3683 2335 3756 ἐρήμωσις
2359 3687 2419 3740 ἐν
2440 3687 2516 3759 τῷ
2550 3691 2871 3760 κατισχύσαι
2895 3691 2993 3763 τὴν
3018 3690 3283 3764 διαθήκην
3304 3696 3402 3747 ἐπὶ
3431 3696 3635 3761 πολλὰς

2057 3776 2379 3849 ἑϐδομάδας,
2404 3780 2498 3833 καὶ
2525 3781 2584 3836 ἐν
2613 3781 2691 3851 τῷ
2714 3782 2857 3836 τέλει
2884 3783 2981 3854 τῆς
3014 3784 3305 3854 ἑϐδομάδος
3333 3786 3637 3860 ἀρθήσεται

2056 3869 2089 3938 ἠ
2122 3866 2281 3922 θυσία
2305 3908 2321 3933 ,
2353 3870 2449 3923 καὶ
2485 3873 2519 3940 ή
2553 3870 2790 3943 σπονδὴ,
2831 3873 2926 3928 καὶ
2948 3875 3042 3929 ἐπὶ
3066 3875 3127 3928 τὺ
3164 3875 3308 3946 ἱερὸν
3355 3876 3637 3949 βδέλυγμα

2056 3960 2164 4013 τῶν
2198 3961 2528 4032 ἐρημώσεων
2548 3964 2700 4018 ἐσται
2725 3964 2829 4028 ἕως
2871 3966 3199 4031 συντελείας,
3231 3968 3326 4021 καὶ
3355 3970 3640 4025 συντέλεια

2057 4049 2345 4123 δοθήσεται
2375 4067 2437 4109 -ι-
2469 4053 2564 4107 ἐπὶ
2598 4055 2697 4126 τὴν
2731 4057 3032 4127 ἐρήμωσιν.

2671 4237 2921 4293 ΚΕΦΑΛ.
2960 4240 3015 4291 Ῑ’.

459 4357 514 4411 1.
554 4356 611 4407 In
642 4368 787 4407 anno
830 4351 1005 4423 primo
1055 4350 1179 4419 Cyri
1212 4350 1353 4419 regis
1400 4347 1690 4404 Persarum
1730 4348 1956 4402 manda-

2075 4421 2103 4423 μ
2132 4329 2185 4383 l.
2229 4330 2315 4383 Ἐν
2338 4332 2416 4401 τῷ
2442 4330 2675 4407 ἐνιαυτῷ
2700 4331 2780 4402 τῷ
2809 4331 3013 4403 πρώτῳ
3036 4331 3217 4402 Κύρου
3238 4330 3332 4385 τοῦ
3367 4330 3636 4402 βασιλέως

389 4458 502 4504 tum
529 4447 961 4501 demonstratum
986 4453 1067 4497 est
1094 4440 1321 4506 Danieli,
1339 4440 1427 4495 cui
1445 4440 1760 4511 impositum
1780 4438 1956 4494 fuerat

388 4553 587 4595 nomen
616 4536 884 4597 Baltasar,
924 4542 979 4587 et
1036 4547 1160 4586 vera
1190 4532 1351 4595 visio,
1409 4539 1463 4585 et
1509 4529 1867 4598 mandatum;
1904 4539 1958 4597 et

388 4628 678 4686 multitudo
718 4626 875 4681 for-tis
919 4622 1183 4694 intelliget
1245 4621 1583 4687 mandatum,
1636 4632 1691 4677 et
1717 4621 1956 4677 intellexi

386 4721 517 4777 illud
544 4721 598 4775 in
633 4719 862 4773 visione.
1506 4778 1507 4781 η
1916 4750 1922 4759 .
1952 4772 1957 4781 δ

455 4813 511 4867 2.
550 4813 610 4867 in
643 4810 836 4865 diebus
873 4806 981 4862 illis
1039 4818 1147 4876 ego
1189 4802 1378 4857 Daniel
1415 4816 1564 4858 eram
1613 4801 1804 4874 lugens
1848 4809 1958 4859 tres

390 4899 776 4960 hebdomadas.

458 4996 512 5050 3.
556 4993 756 5049 Panem
792 4988 1186 5046 desideriorum
1212 5001 1321 5040 non
1366 4984 1608 5049 comedi,
1633 4991 1688 5038 et
1714 4997 1866 5047 caro,
1906 4993 1960 5037 et

389 5089 575 5141 vinum
614 5101 721 5140 non
753 5084 1082 5139 introierunt
1104 5081 1155 5134 in
1196 5094 1257 5134 os
1290 5092 1468 5133 meum
1499 5096 1511 5130 :
1553 5077 1673 5131 oleo
1716 5090 1824 5129 non
1861 5090 1962 5129 un-

391 5190 513 5234 ctus
541 5194 685 5243 sum,
711 5177 885 5231 donec
914 5185 1351 5230 consummarcm
1395 5184 1495 5240 ego
1530 5177 1638 5225 tres
1666 5166 1961 5222 hebdoma-

393 5273 490 5325 das
517 5269 755 5324 dierum.
1510 5268 1557 5297 τέ

460 5364 515 5417 4.
553 5362 621 5416 Ει
649 5360 851 5415 factum
889 5366 969 5412 cst
996 5356 1086 5410 die
1131 5362 1326 5424 quarta
1373 5362 1429 5408 et
1460 5350 1719 5423 vigesima
1758 5349 1963 5404 mensis

395 5452 577 5522 primi,
617 5460 671 5507 et
696 5464 797 5520 ego
826 5462 980 5504 eram
1015 5460 1180 5516 super
1213 5443 1417 5500 lahium
1445 5440 1595 5497 ﬂuvii
1631 5439 1835 5510 magni,
1868 5439 1963 5510 qui

394 5552 475 5598 est
510 5542 710 5612 Tigris.

467 5638 517 5691 5.
561 5637 622 5709 Et
652 5634 821 5689 levavi
854 5631 1044 5689 oculos
1071 5644 1244 5699 meos,
1286 5636 1339 5685 et
1390 5624 1523 5693 vidi,
1557 5631 1611 5683 et
1642 5635 1770 5711 ecce
1798 5620 1964 5678 homo

2058 4420 2289 4491 Περσῶν
2317 4422 2643 4492 πρόσταγμα
2673 4421 2888 4492 ἐδείχθη
2906 4420 2985 4491 τῷ
3013 4421 3230 4492 Δανιὴλ,
3260 4422 3320 4486 ἃς
3352 4422 3633 4494 ἐπεκλήθη

2056 4510 2118 4563 τὸ
2145 4510 2317 4580 ὄνομα
2345 4510 2629 4580 Βαλτάσαρ
2650 4527 2663 4543 ⁸
2705 4510 2801 4564 καὶ
2837 4510 3035 4580 ἀληθὲς
3084 4510 3148 4562 τὸ
3186 4511 3371 4580 ὅραμα
3394 4549 3411 4575 ,
3449 4511 3544 4563 καὶ
3574 4512 3634 4564 τὸ

2058 4602 2389 4672 πρόσταγμα
2408 4618 2420 4630 ·
2452 4601 2548 4656 καὶ
2579 4602 2640 4654 τὸ
2663 4601 2865 4671 πλῆθος
2884 4601 2945 4654 τὸ
2975 4601 3193 4670 ίσχυρδν
3214 4600 3632 4671 διανοηθήσεται

2058 4692 2118 4746 τὸ
2157 4690 2508 4762 πρόσταγμα,
2544 4693 2638 4746 καὶ
2663 4691 2945 4763 διενοήθην
2984 4707 3048 4749 σε·
3074 4691 3206 4746 αὐτὸ
3232 4692 3289 4744 ἐν
3314 4691 3555 4761 δράματι
3572 4692 3629 4760 /.

2128 4785 2183 4837 2.
2225 4785 2311 4838 Ἐν
2330 4784 2451 4847 ταῖς
2468 4785 2701 4857 ἡμέραις
2720 4783 2952 4847 ἐκείναις
2980 4782 3091 4852 ἐγὼ
3115 4782 3311 4853 Δανιὴλ
3332 4782 3484 4853 ήμην
3510 4798 3636 4836 πεν-

2060 4874 2169 4929 θῶν
2198 4878 2345 4947 τρεῖς
2373 4876 2691 4946 ἑϐδομάδας.

2071 5017 2075 5023 .
2130 4969 2183 5023 5.
2218 4970 2415 5039 Ἀρτον
2451 4966 2756 5038 ἐπιθυμιῶν
2802 4968 2904 5021 οὐκ
2948 4965 3171 5035 ἔφαγον,
3202 4963 3294 5018 καὶ
3321 4963 3515 5035 κρέας,
3541 4964 3637 5018 καὶ

2060 5057 2201 5125 οἶνος
2222 5061 2325 5113 οὐκ
2351 5058 2601 5127 εἰσῆλθεν
2629 5059 2709 5122 είς
2731 5057 2793 5111 τὸ
2816 5056 2990 5127 στόμα
3020 5074 3145 5126 μου,
3176 5055 3351 5110 ἔλαιον
3370 5055 3474 5109 οὐκ
3494 5056 3640 5123 ὴιει-

2060 5155 2271 5226 ψάμην,
2296 5155 2402 5218 sm;
2423 5152 2517 5207 τοῦ
2548 5151 2863 5207 συντελέσαι
2898 5168 2966 5222 με
2990 5149 3090 5214 τὰς
3138 5151 3290 5220 τρεῖς
3332 5147 3638 5219 ἑϐδομάδας

2060 5247 2169 5300 τῶν
2189 5245 2431 5316 ἡμερῶν.

2133 5338 2189 5392 4.
2223 5338 2334 5393 Καὶ
2362 5335 2578 5404 ἐγένετο
2602 5336 2668 5405 τῇ
2708 5332 2892 5404 ήμέρᾳ
2938 5333 3004 5402 τῇ
3039 5329 3275 5400 τετάρτῃ
3332 5326 3429 5382 καὶ
3465 5328 3647 5384 εἰκάδι

2062 5427 2156 5483 τοῦ
2189 5427 2358 5498 μηνὸς
2388 5424 2483 5479 τοῦ
2505 5423 2744 5496 πρώτου,
2777 5422 2871 5475 καὶ
2887 5418 2999 5490 ἐγὼ
3021 5420 3167 5490 ήμην
3188 5416 3282 5469 ἐπὶ
3304 5414 3399 5469 τοῦ
3426 5414 3650 5484 χείλους

2065 5519 2157 5573 τοῦ
2195 5515 2439 5588 ποταμοῦ
2468 5515 2565 5570 τοῦ
2591 5514 2850 5586 μεγάλου,
2882 5512 2942 5576 ὃς
2967 5512 3083 5564 ἐστι
3115 5508 3345 5578 Τίγρης.

2140 5615 2189 5668 5.
2221 5611 2333 5666 Kal.
2354 5606 2461 5681 ᾗρα
2485 5608 2611 5673 τοὺς
2629 5604 2939 5677 ὀφθαλμούς
2966 5619 3092 5675 μου,
3117 5600 3211 5657 καὶ
3231 5594 3388 5666 εἶδον,
3410 5594 3511 5652 καὶ
3535 5595 3650 5652 ἰδοῦ
