4390 6222
473 287 587 345 282
600 291 620 345 ι

1907 289 2137 348 CAPUT
2176 293 2244 348 Χ.

3584 299 3712 360 381's

475 405 767 476 ἄνθρωπος
817 396 900 467 εἷς
931 402 1282 475 ἐνδεδυμένος
1323 405 1572 476 βύσσινα,
1630 407 1725 461 καὶ
1751 407 1849 478 τὴν
1896 409 2066 478 ὀσφὺν
2095 417 2136 474 Α
2171 426 2202 464 u

1996 410 2066 464 νὺν
2095 417 2136 474 Α
2171 423 2313 465 unus
2349 410 2580 467 vestitus
2611 410 2869 481 byssinis,
2893 422 2946 468 et
2974 428 3134 470 renes
3159 415 3652 488 aceinctibyssiuo;
3677 429 3730 475 et

475 492 919 563 περιεζωσμένος
974 492 1229 563 βυσσίνῳ,
1285 494 1380 547 καὶ
1408 495 1472 547 ἐκ
1508 493 1676 564 μέσου
1721 495 1888 549 αὑτοῦ
1918 497 2055 567 φῶς,

475 584 572 638 καὶ
601 583 664 637 τὺ
699 585 877 653 στόμα
903 582 1069 637 αὐτοῦ
1109 584 1240 637 ὡσεὶ
1263 584 1560 654 θαλάσσης.

544 679 598 732 6.
631 678 742 730 Kal
775 677 838 730 τὸ
856 677 1148 748 πρόσωπον
1167 677 1332 732 αὑτοῦ
1365 678 1498 732 ὡσεὶ
1522 680 1711 750 ὅρασις
1744 678 2055 749 ἀστραπῆς,

475 771 569 824 καὶ
589 769 638 822 ot
655 767 926 838 ὀφθαλμοὶ
951 766 1117 820 αὑτοῦ
1154 767 1287 820 ὡσεὶ
1326 768 1609 839 λαμπάδες
1647 769 1838 840 πυρὸς,
1884 771 1979 823 καὶ
2007 771 2057 822 οἱ

476 859 762 930 βραχίονες
790 857 979 924 αὑτοῦ,
1013 859 1108 912 καὶ
1144 860 1191 912 ot
1222 859 1380 922 πόδες
1413 861 1544 912 ὡσεὶ
1568 860 1766 930 χαλκὸς
1787 861 2056 932 ἐξαστρά-

475 967 647 1015 πτων,
668 949 764 1002 καὶ
783 950 936 1020 φωνὴ
960 949 1149 1014 λαλιᾶς
1182 950 1346 1004 αὐτοῦ
1377 951 1509 1003 ὡσεὶ
1534 951 1687 1022 φωνὴ
1730 952 1984 1022 θορύϐου.

545 1042 600 1097 7.
633 1042 745 1096 Kal
776 1039 915 1096 εἶδον
947 1041 1057 1110 ἐγὼ
1084 1043 1283 1115 Δανιὴλ
1305 1044 1404 1114 τὴν
1442 1045 1632 1114 ὅρασιν
1666 1043 1766 1115 τὴν
1813 1045 2058 1114 μεγάλην

471 1133 698 1204 ταύτην,
725 1134 819 1187 καὶ
851 1136 900 1187 οί
921 1133 1199 1213 ἄνθρωποι
1228 1137 1274 1188 οἱ
1307 1135 1458 1199 ὅντες
1491 1137 1610 1206 μετ’
1639 1137 1771 1207 ἐμοῦ
1798 1137 1898 1190 οὑκ
1917 1137 2056 1190 εἴδο-

475 1243 576 1280 σαν
595 1227 693 1297 τὴν
725 1227 915 1298 ὂρασιν
935 1227 1158 1298 ταύτην,
1191 1228 1285 1282 καὶ
1319 1229 1485 1297 φόϐος
1527 1230 1746 1300 ἰσχυρὸς
1785 1229 2056 1284 ἐπέπεσεν

474 1319 563 1372 ἐπ’
593 1318 811 1384 αὐτοὺς,
840 1319 936 1372 καὶ
960 1319 1276 1388 ἀπέδρασαν
1300 1319 1360 1372 ἐν
1398 1321 1626 1391 σπουδῇ.

545 1409 598 1463 8.
620 1409 731 1463 Kal
757 1407 868 1477 ἐγὼ
889 1409 1252 1480 κατελείφθην
1283 1411 1463 1481 μόνος,
1492 1413 1588 1464 καὶ
1625 1407 1766 1466 εἶδον
1788 1411 1886 1483 τὴν
1922 1412 2054 1482 δρα-

475 1516 563 1554 σιν
584 1500 685 1570 τὴν
721 1499 966 1570 μεγάλην
991 1500 1216 1570 ταύτην,
1250 1501 1344 1553 καὶ
1372 1502 1431 1553 οὐ
1466 1500 1791 1572 κατελείφθη
1833 1503 1892 1556 ἐν
1932 1501 2056 1571 ἐμοὶ

475 1587 650 1661 ίσχῦς·
692 1591 789 1644 καὶ
823 1591 933 1645 ίδοὺ
969 1590 1189 1662 πνεῦμα
1219 1592 1539 1664 ἐπεστράφη
1570 1595 1657 1646 ἐπ’
1689 1595 1790 1665 ἐμὲ
1819 1596 1898 1659 είς
1926 1594 2057 1664 φθοο

474 1682 598 1754 ρὰν,
624 1683 718 1736 καὶ
749 1683 810 1735 οὐ
848 1682 1169 1752 κατίσχυσα.

2163 503 2231 558 de
2261 503 2440 557 medio
2470 503 2591 573 ejus
2613 503 2727 569 lux,
2760 513 2816 559 et
2851 517 2914 560 os
2945 505 3066 576 ejus
3103 507 3259 577 quasi
3288 507 3478 565 maris.

2228 683 2284 738 6.
2326 683 2393 738 Et
2427 683 2596 740 facies
2623 684 2744 754 ejus
2773 684 2932 755 quasi
2962 685 3172 756 species
3203 685 3458 758 fulguris,
3497 697 3550 742 et
3585 690 3743 745 oculi.

2160 776 2279 844 ejus
2318 776 2474 844 quasi
2501 776 2776 846 lampades
2806 777 2967 846 ignis,
2994 785 3048 831 et
3075 777 3294 832 brachia
3326 779 3446 846 ejus
3481 789 3535 833 et
3569 781 3732 849 pedes

2159 868 2314 938 quasi
2345 883 2417 923 aes
2448 867 2720 938 refulgens
2747 885 2762 924 :
2805 877 2862 923 et
2891 883 2992 923 vox
3032 869 3259 938 loquela:
3288 868 3407 940 ejus
3440 872 3597 940 quasi
3625 886 3730 928 vox

2161 955 2351 1010 turbas.

2232 1046 2285 1100 7.
2326 1044 2391 1100 Et
2414 1044 2524 1100 vidi
2551 1060 2651 1116 ego
2676 1044 2865 1101 Daniel
2908 1045 3170 1102 visionem
3209 1046 3350 1103 hanc
3387 1057 3729 1119 magnam,ct

2162 1137 2431 1201 homines,
2460 1137 2554 1202 qui
2585 1147 2740 1192 erant
2769 1152 2981 1194 mecum
3013 1153 3121 1192 non
3162 1137 3413 1194 viderunt
3463 1140 3727 1196 visionem

2159 1228 2302 1282 hanc
2330 1246 2343 1282 :
2378 1237 2432 1281 et
2461 1236 2638 1281 terror
2669 1228 2961 1284 vehemens
2983 1229 3141 1284 irruit
3170 1244 3333 1299 super
3381 1244 3498 1295 eos,
3555 1239 3607 1285 et
3633 1246 3728 1284 au-

2159 1319 2417 1390 fugerunt
2454 1318 2718 1374 celeriter.

2228 1410 2282 1466 8.
2327 1408 2393 1464 Et
2421 1424 2524 1479 ego
2554 1407 2845 1463 derelictus
2875 1422 2995 1463 sum
3030 1407 3200 1472 solus,
3229 1416 3284 1462 et
3319 1407 3427 1461 vidi
3461 1408 3725 1462 visionem

2158 1515 2411 1570 magnam
2447 1501 2588 1554 hanc
2619 1517 2631 1552 :
2663 1507 2718 1554 et
2748 1513 2853 1552 non
2897 1498 3084 1553 relicta
3110 1507 3193 1551 est
3244 1498 3299 1551 in
3330 1513 3415 1551 me
3442 1497 3726 1562 fortitudo,

2157 1603 2208 1648 et
2237 1608 2366 1648 ecce
2392 1592 2615 1663 spiritus
2652 1605 2952 1646 conversus
2981 1598 3062 1644 est
3102 1588 3155 1642 in
3195 1603 3281 1644 me
3335 1589 3401 1644 ad
3457 1599 3725 1657 mortem;

2157 1693 2212 1738 et
2245 1697 2352 1736 non
2389 1682 2554 1736 habui
2586 1682 2750 1735 vires.

543 1771 598 1823 9.
630 1770 737 1823 Kal
765 1769 867 1823 οὐκ
893 1746 1102 1840 ἥκουσα
1128 1770 1227 1842 τὴν
1260 1770 1444 1844 φωνην
1482 1772 1673 1836 λαλιᾶς
1708 1773 1906 1828 αὐτοῦ·
1941 1775 2054 1845 ἐγὼ
2086 1746 2129 1801 Β
2224 1774 2277 1830 9.

1989 1775 2054 1845 τὼ
2086 1746 2129 1801 Β
2224 1774 2277 1830 9.
2321 1775 2388 1828 Ει
2428 1788 2534 1826 non
2563 1771 2745 1826 audivi
2779 1786 2964 1825 vocem
2993 1771 3223 1842 loquelae
3244 1769 3362 1840 ejus
3391 1790 3403 1825 :
3442 1785 3541 1840 ego
3574 1783 3723 1825 eram

468 1859 622 1932 ἥμην
643 1860 950 1924 πεπτωκὼς
975 1861 1069 1914 ἐπὶ
1099 1863 1390 1932 πρόσωπόν
1427 1881 1529 1933 μου
1562 1865 1655 1918 ἐπὶ
1680 1865 1778 1936 τὴν
1805 1865 1930 1936 γῆν.

541 1949 631 2005 ιο.
653 1951 762 2004 Kal
791 1951 900 2006 ίδοὺ
930 1953 1089 2023 χεῖρα
1117 1954 1436 2023 προσήγαγέ
1469 1972 1579 2023 μοι,
1628 1956 1722 2010 καὶ⁸
1761 1957 1950 2028 ἧγειρέ
1983 1975 2050 2028 με

467 2042 567 2095 ἐπὶ
595 2042 705 2096 τῶν
729 2044 973 2111 γονάτων
995 2045 1088 2097 ἐπὶ
1105 2044 1175 2097 τά
1208 2046 1329 2116 ἴχνη
1369 2046 1478 2099 τῶν
1508 2046 1683 2102 ποδῶν
1715 2064 1837 2117 μου.

545 2131 634 2186 11.
666 2133 777 2185 Kal
804 2128 961 2187 εἶπέν
994 2151 1118 2203 μοι⁸
1154 2135 1376 2206 Δανιὴλ,
1413 2136 1700 2206 ἄνθρωπος
1727 2138 1947 2208 ἐλεηνδς
1979 2135 2049 2203 εί,

465 2221 783 2295 διανοήθητι
815 2227 930 2287 τοίς
959 2226 1377 2296 προστάγμασιν
1411 2220 1494 2290 οἷς
1528 2226 1640 2294 ἐγὼ
1669 2227 1818 2280 λαλῶ
1853 2229 1945 2281 ἐπὶ
1969 2229 2050 2291 σὲ,

465 2315 568 2370 καὶ
620 2315 776 2386 στῆθι
807 2315 900 2368 ἐπὶ
926 2316 1021 2369 τοῦ
1057 2317 1224 2370 τόπου
1265 2334 1382 2370 σου·
1432 2319 1559 2388 ἄρτι
1587 2318 1697 2390 γὰρ
1729 2320 2054 2391 ,ἀπεστάλην

466 2406 568 2460 ἐπί
591 2423 681 2460 σε’
708 2407 801 2460 καὶ⁵
827 2409 884 2460 ἐν
915 2406 994 2478 τῷ
1026 2407 1258 2478 λαλῆσαι
1293 2409 1457 2462 αὐτὸν
1490 2410 1607 2480 μετ’
1633 2409 1768 2480 ἐμοῦ
1799 2410 1860 2462 τὸ
1882 2411 2052 2481 πρόσ-

464 2516 660 2570 ταγμα
693 2499 869 2563 τοῦτο,
897 2498 1060 2570 ἔστην
1096 2500 1337 2572 τρέμων.

545 2589 634 2644 12.
669 2588 781 2642 Kal
798 2587 948 2644 εἶπεν
977 2591 1117 2660 πρὸς
1147 2590 1216 2661 μέ
1235 2607 1247 2620 ·
1275 2590 1366 2660 Μὴ
1393 2589 1582 2659 φοϐοῦ,
1607 2590 1828 2660 Δανιὴλ,
1849 2592 1930 2645 ὅτι
1948 2593 2055 2646 ἀπὸ

462 2679 570 2750 τῆς
591 2679 808 2750 ἡμέρας
831 2679 929 2748 τῆς
963 2679 1210 2751 πρώτης,
1238 2675 1305 2751 ἧς
1335 2679 1542 2742 ἔδωκας
1560 2680 1621 2732 τὸ
1643 2681 1937 2750 πρόσωπόν
1959 2699 2054 2735 σου

463 2769 839 2840 διανοηθῆναι,
868 2770 964 2823 καὶ
996 2769 1402 2838 ταπεινωθῆναι
1433 2770 1674 2823 ἐναντίον
1721 2771 1924 2840 Κυρίου
1958 2772 2054 2824 τοῦ

461 2861 608 2915 Θεοῦ
641 2880 758 2926 σου,
783 2861 1116 2933 εἰσηκούσθη
1162 2861 1224 2914 τὸ
1259 2861 1414 2932 ῥῆμά
1439 2879 1564 2926 σου,
1609 2863 1703 2916 καὶ
1737 2863 1848 2931 ἐγὼ
1874 2862 2057 2935 εἰσῆλ-

465 2954 565 3008 θον
593 2953 670 3025 τῷ
695 2954 900 3024 ῥήματί
935 2970 1050 3008 σου.

2154 1865 2340 1936 lapsus
2375 1865 2429 1919 in
2465 1863 2656 1918 faciem
2695 1877 2870 1917 meam
2901 1877 3064 1931 super
3090 1871 3313 1916 terram.

2226 1957 2315 2013 10.
2356 1956 2423 2011 Εῑ
2450 1971 2578 2012 ecce
2608 1969 2830 2010 manum
2864 1954 3127 2025 applicuit
3157 1954 3311 2020 mihi,
3361 1962 3412 2007 et
3437 1953 3607 2008 erexit
3641 1967 3728 2007 me

2153 2050 2208 2106 in
2235 2046 2873 2119 genubussuperplantas
2902 2047 3097 2113 pedum
3129 2057 3392 2098 meorum.

2225 2138 2311 2192 11.
2354 2136 2419 2191 Et
2439 2137 2576 2191 dixit
2602 2135 2769 2189 mihi:
2808 2131 3012 2200 Daniel,
3035 2134 3199 2187 homo
3233 2130 3620 2186 misericordiae
3644 2146 3724 2197 es,

2155 2229 2524 2284 animadverte
2551 2226 2804 2281 mandata
2827 2263 2842 2289 ,
2871 2239 2992 2294 quae
3009 2239 3108 2294 ego
3141 2223 3336 2292 loquor
3378 2221 3442 2274 ad
3477 2229 3550 2283 te,
3572 2231 3619 2273 et
3644 2232 3726 2274 sta

2154 2321 2209 2376 in
2243 2321 2366 2376 loco
2398 2331 2530 2386 tuo;
2566 2317 2725 2372 modo
2763 2316 2907 2372 enim
2940 2315 3143 2370 missus
3166 2329 3286 2368 sum
3329 2312 3395 2367 ad
3428 2322 3499 2366 te.
3551 2311 3721 2366 Cum-

2153 2427 2263 2482 que
2293 2412 2605 2481 loqueretur
2628 2409 2746 2479 ipse
2786 2421 3000 2462 mecum
3068 2405 3386 2459 mandatum
3434 2403 3556 2470 hoc,
3602 2403 3727 2458 steti

2152 2512 2418 2559 tremens.

2224 2590 2308 2644 12.
2353 2589 2419 2644 Ει
2448 2589 2583 2644 dixit
2613 2588 2680 2643 ad
2723 2603 2846 2643 me:
2880 2585 2958 2641 Ne
2995 2587 3213 2646 timeas,
3272 2585 3478 2648 Daniel,
3511 2585 3638 2654 quia
3661 2599 3727 2639 ex

2153 2679 2240 2734 die
2268 2679 2464 2750 prima,
2494 2694 2602 2747 qua
2639 2675 2838 2732 dedisti
2874 2675 3069 2732 faciem
3096 2686 3245 2731 tuam
3307 2676 3372 2729 ad
3425 2676 3728 2745 recogitan~

2153 2774 2282 2828 dum
2326 2779 2380 2826 et
2422 2770 2765 2840 amigendum
2829 2777 2884 2823 te
2921 2783 3106 2823 coram
3159 2766 3394 2821 Domino
3438 2765 3547 2819 Deo
3610 2777 3726 2826 tuo,

2153 2863 2465 2919 exauditum
2494 2873 2580 2918 est
2613 2861 2838 2917 verbum
2873 2869 3064 2926 tuum,
3104 2867 3158 2914 et
3208 2874 3308 2929 ego
3339 2858 3532 2912 adveni
3564 2859 3727 2912 verbo

2156 2963 2273 3009 tuo.

543 3045 630 3100 15.
668 3045 824 3098 Kalo
853 3041 1159 3114 στρατηγὸς
1210 3042 1472 3113 βασιλέως
1517 3044 1745 3115 Περσῶν
1772 3044 2054 3118 άνθειστή-
2080 3088 2123 3146 C
2227 3048 2277 3102 12

1992 3049 2054 3118 ‘h-
2080 3088 2123 3146 Ο
2227 3048 2313 3102 15.
2356 3045 2422 3100 Et
2486 3043 2596 3099 dux
2619 3044 2761 3113 regis
2806 3042 3098 3098 Persarum
3145 3043 3347 3098 restitit
3389 3058 3454 3096 ex
3496 3041 3726 3099 adu-rso

463 3153 557 3191 κει
585 3134 829 3188 ἐναντίον
864 3152 964 3204 μου
997 3134 1170 3186 εἴκοσι
1200 3135 1294 3187 καὶ
1343 3133 1472 3204 μίαν
1507 3135 1752 3207 ἡμέραν·
1801 3136 1896 3189 καὶ
1946 3137 2053 3192 ίδοὺ
2084 3133 2123 3146 ν
2157 3154 2197 3193 II

1993 3140 2053 3192 οὺ
2084 3133 2123 3146 ν
2157 3137 2292 3193 mihi
2318 3136 2507 3207 viginti
2535 3146 2590 3191 et
2613 3150 2723 3189 uno
2745 3133 2972 3192 diebus:
3003 3143 3056 3189 et
3086 3149 3210 3190 ecce
3234 3134 3459 3189 Michael
3490 3151 3630 3189 unus
3661 3137 3726 3188 IIC

461 3226 690 3300 Μιχαὴλ
710 3220 791 3289 εἷς
819 3225 926 3280 τῶν
965 3225 1240 3295 ἀρχόντων
1280 3225 1389 3278 τῶν
1425 3226 1657 3297 πρώτων
1690 3227 1892 3297 ἐπῆλθε
1926 3227 2056 3300 βοη-

463 3321 632 3392 θῆσαί
663 3337 775 3391 μοι,
808 3319 904 3374 καὶ
932 3306 1093 3372 αὑτὸν
1124 3320 1244 3371 ἐκεῖ
1266 3318 1555 3372 κατέλιπον
1594 3317 1734 3390 μετὰ
1762 3317 1857 3372 τοῦ
1891 3336 2057 3392 στρα-

461 3410 638 3482 τηγοῦ
662 3410 756 3464 τοῦ
792 3409 1058 3481 βασιλέως
1078 3409 1325 3480 Περσῶν.

541 3503 628 3557 14.
659 3502 771 3556 Kal
797 3497 951 3554 εἶπέν
981 3496 1302 3571 μονἮλθον
1328 3499 1604 3566 ὑποδεῖξαί
1636 3517 1718 3554 σοι
1742 3500 1794 3553 τί
1818 3501 2056 3572 ὑπαντή-

466 3611 626 3649 σεται
669 3593 746 3664 τῷ
774 3592 888 3663 λαῷ
918 3609 1013 3646 σου
1047 3592 1136 3644 ἐπ’
1160 3591 1394 3662 ἐσχάτου
1430 3592 1538 3646 τῶν
1567 3594 1811 3666 ἡμερῶν·
1836 3593 1918 3648 ἐτι
1948 3595 2054 3664 γὰρ

462 3689 658 3758 δρασις
683 3689 763 3750 είς
790 3686 1026 3757 ἡμέρας.

542 3778 628 3832 15.
652 3779 761 3832 Kal
794 3779 851 3832 ἐν
898 3776 978 3849 τῷ
1015 3777 1181 3832 αὑτὸν
1212 3777 1442 3848 λαλῆσαι
1479 3780 1595 3848 μετ’
1627 3778 1762 3848 ἐμοῦ
1797 3779 1865 3833 τά
1887 3797 2056 3852 προσ-

461 3868 727 3940 τάγματα
761 3869 952 3935 ταῦτα,
986 3869 1164 3924 ἐδωκα
1197 3870 1259 3923 τὺ
1298 3869 1607 3941 ,πρόσωπόν
1657 3887 1760 3940 μου
1814 3871 1908 3924 ἐπὶ
1956 3871 2056 3942 τὴν

463 3963 599 4038 γῆν,
623 3963 718 4018 καὶ
745 3963 1053 4034 ἐσιώπησα.

543 4056 631 4110 16.
665 4056 777 4110 Kal
811 4055 920 4109 ἰδοὺ
945 4054 1020 4118 ὡς
1047 4053 1310 4122 ὁμοίωσις
1341 4051 1522 4124 χειρὸς
1569 4050 1858 4124 ἀνθρώπου
1879 4053 2055 4122 ἣψατό

467 4165 575 4218 μου
611 4146 722 4200 τῶν
750 4146 996 4216 χειλέων,
1037 4145 1134 4198 καὶ
1164 4143 1350 4216 ῆνοιξα
1375 4144 1436 4198 τὸ
1465 4143 1638 4213 στόμα
1665 4161 1789 4214 μου,
1817 4144 1912 4196 καὶ
1933 4145 2056 4198 ἐλά-

457 4243 630 4310 λησα,
669 4238 765 4292 καὶ
799 4233 928 4291 εἶπα
963 4237 1041 4307 τῷ
1073 4237 1328 4308 ἑστηκότι
1362 4235 1626 4290 ἀπέναντι
1683 4252 1810 4305 μου·
1846 4235 2050 4306 Κύριε·

464 4331 566 4385 καὶ
587 4330 662 4393 ὡς
678 4331 868 4400 ὅρασις
891 4329 1212 4400 ἐπεστράφη
1235 4327 1329 4382 ἐπ)⁸
1352 4328 1413 4382 τὸ
1431 4326 1660 4400 πλευρόν
1684 4345 1784 4398 μου
1813 4328 1900 4381 ἐπ’
1929 4328 2051 4398 ἐμὲ,

465 4423 565 4477 καὶ
589 4424 688 4476 οὐκ
716 4419 784 4492 ἦν
817 4421 904 4474 ἐπ’
931 4421 1055 4491 ἐμοὶ
1085 4419 1258 4490 ίσχύς.

544 4515 630 4568 17.
665 4515 776 4568 Kal
811 4513 930 4578 πῶς
947 4513 1239 4583 δυνήσεται
1279 4513 1308 4564 ό
1342 4513 1473 4574 παῖς
1504 4509 1736 4582 λαλῆσαι
1783 4510 1922 4580 μετὰ
1960 4510 2052 4563 τοῦ

465 4607 676 4678 Κυρίου
710 4605 905 4670 αὑτοῦ;
931 4605 1040 4658 Kal
1086 4601 1197 4671 ἐγὼ
1227 4602 1525 4674 ἠσθένησα,
1569 4602 1664 4655 καὶ
1693 4602 1792 4654 οὐκ
1825 4601 1972 4655 ἐστιν
1998 4603 2056 4655 ἐν

465 4700 594 4767 ἐμοὶ
626 4698 801 4767 ίσχὺς,
822 4696 916 4750 καὶ
943 4694 1162 4765 πνεῦμα
1189 4695 1248 4746 οὐ
1290 4693 1619 4763 κατελείφθη
1652 4695 1710 4746 ἐν
1732 4693 1876 4762 ἐμοί.

544 4789 631 4842 18.
663 4789 774 4841 Kal
802 4786 1139 4857 προσέθηκε,
1169 4786 1262 4839 καὶ
1281 4785 1457 4856 ἣψατό
1489 4802 1593 4856 μου
1621 4785 1697 4849 ὠς
1739 4785 1928 4856 ὅρασις
1960 4784 2055 4839 ἀν-

465 4882 713 4954 θρώπου,
742 4883 837 4936 καὶ
867 4880 1168 4952 κατίσχυσέ
1198 4897 1290 4951 με.

541 4974 628 5030 19.
653 4975 763 5027 Kal
789 4968 940 5026 εῐπέν
959 4989 1070 5044 μοι·
1099 4972 1422 5042 Ἀνθρωπος
1438 4970 1656 5042 ἐλεηνὺς
1685 4966 1756 5035 εἴ,
1774 4972 1848 5044 μὴ
1863 4971 2056 5042 φοϐοῦ,

467 5065 701 5134 ὑγίαινε.
735 5064 1009 5134 άνδρίζου,
1042 5064 1137 5117 καὶ
1166 5065 1318 5134 ίσχυε
1337 5078 1351 5092 ⁶
1385 5062 1482 5116 καὶ
1507 5064 1564 5116 ἐν
1585 5061 1662 5134 τῷ
1705 5063 1935 5134 λαλῆσαι
1958 5064 2056 5116 αὐ-

463 5156 562 5209 τὸν
591 5156 710 5225 μετ’
738 5154 872 5225 ἐμοῦ
897 5157 1120 5225 ίσχυσα,
1151 5156 1247 5208 καὶ
1270 5149 1404 5210 εἶπα
1424 5171 1438 5185 ·
1459 5154 1766 5224 Δαλησάτω
1787 5158 1815 5209 ὁ
1856 5155 2060 5227 Κύριός

468 5263 594 5316 μου,
626 5247 708 5299 ὅτι
739 5245 990 5316 ἐνίσχυσέ
1026 5263 1116 5317 με.

535 5338 624 5391 20.
659 5337 770 5390 Kal
791 5334 946 5390 εἶπεν
992 5337 1132 5406 πρὸς
1179 5337 1282 5406 μέ·
1317 5335 1612 5399 Γινώσκεις
1634 5337 1687 5390 τί
1721 5333 1882 5407 ἦλθον
1923 5337 2061 5406 πρὸς

467 5431 565 5493 σέ;
609 5430 704 5482 καὶ
729 5429 824 5483 νῦν
852 5429 1168 5502 ἐπιστρέψω
1193 5429 1556 5499 διαμάχεσθαι
1590 5429 1730 5499 μετὰ
1768 5427 1861 5482 τοῦ
1895 5446 2061 5498 στρασ

464 5521 639 5588 τηγοῦ
672 5520 939 5590 βασιλέως
955 5521 1062 5574 τῶν
1087 5520 1333 5589 Περσῶν.
1369 5521 1478 5574 Kal
1496 5521 1606 5588 ἐγὼ
1634 5518 2059 5592 ὲξεπορευόμην,

416 5661 423 5666 .
469 5609 691 5663 καὶίδοὺ
727 5610 1037 5680 στρατηγὸς
1071 5609 1341 5679 Ἐλλήνων
1371 5608 1774 5680 εἰσεπορεύετο.

539 5697 632 5755 Si.
662 5701 768 5754 Kal
797 5701 940 5770 μάλα
975 5701 1240 5768 ὑποδείξω
1266 5718 1346 5754 σοι
1379 5701 1444 5754 τὰ
1473 5702 1661 5771 πρῶτα
1687 5702 1743 5754 ὲν
1767 5703 2058 5774 ἀπογραφῇ

2154 3230 2494 3302 principibus
2517 3227 2708 3298 primis
2738 3228 3051 3297 supervenit
3079 3226 3147 3281 ad
3177 3228 3547 3282 auxiliandum
3572 3228 3726 3292 mihi,

2153 3331 2210 3380 et
2241 3323 2421 3391 ipsum
2448 3321 2522 3376 ibi
2562 3320 2757 3390 reliqui
2789 3335 2914 3375 cum
2946 3321 3082 3374 duce
3105 3319 3246 3390 regis
3285 3319 3595 3375 Persarum.

2229 3504 2318 3558 N.
2361 3503 2427 3558 Et
2457 3503 2594 3558 dixit
2624 3503 2795 3557 mihi:
2839 3501 2992 3568 Veni,
3043 3508 3102 3555 ut
3141 3500 3569 3555 demonstrarem
3607 3500 3723 3565 tibi,

2155 3593 2284 3664 quid
2315 3592 2565 3648 obveuiet
2597 3591 2795 3662 pepulo
2827 3600 2923 3646 tuo
2952 3591 3004 3645 in
3038 3590 3336 3644 novissimo
3363 3589 3604 3654 dierum;
3629 3593 3727 3645 ad-

2161 3688 2270 3743 huc
2305 3685 2449 3740 enim
2495 3684 2634 3739 visio
2669 3683 2722 3738 in
2755 3683 2894 3739 dies.

2228 3778 2316 3833 15.
2349 3777 2596 3846 Cumque
2648 3775 2764 3845 ipse
2823 3774 3138 3843 loqueretur
3183 3787 3396 3828 mecum
3469 3771 3727 3828 mandata

2154 3869 2290 3935 haec,
2327 3868 2449 3924 dedi
2477 3867 2671 3923 faciem
2705 3881 2883 3921 meam
2915 3881 3078 3935 super
3107 3873 3323 3930 terram,
3358 3875 3411 3920 et
3440 3865 3588 3920 silui.

2226 4051 2314 4106 16.
2357 4049 2423 4104 Et
2452 4064 2580 4105 ecce
2611 4049 2769 4120 quasi
2802 4049 3103 4105 similitudo
3148 4065 3342 4105 manus
3375 4049 3610 4103 hominis
3653 4061 3730 4104 te-

2154 4144 2275 4214 tigit
2301 4143 2441 4198 labia
2476 4158 2619 4205 mea,
2649 4150 2704 4196 et
2753 4142 2939 4212 aperui
2974 4158 3035 4196 os
3060 4157 3263 4208 meum,
3293 4141 3729 4208 etlocutnssum,

2152 4248 2208 4292 et
2245 4236 2357 4291 dixi
2391 4237 2464 4302 ei,
2500 4236 2593 4306 qui
2620 4236 2798 4291 stabat
2822 4250 3007 4289 coram
3041 4251 3126 4290 me
3159 4255 3171 4290 :
3230 4234 3488 4299 Domine;
3536 4245 3588 4289 et
3612 4242 3731 4287 tan-

2154 4345 2319 4399 quam
2352 4328 2490 4384 visio
2513 4341 2774 4382 conversa
2796 4337 2879 4382 est
2904 4328 2956 4381 in
2989 4328 3129 4384 latus
3155 4343 3334 4382 meum
3362 4343 3525 4397 super
3553 4342 3656 4391 me,
3678 4335 3733 4381 et

2087 4425 2129 4479 Ι)
2159 4438 2268 4478 non
2301 4420 2405 4476 fuit
2437 4421 2491 4475 in
2522 4435 2608 4474 me
2639 4419 2920 4474 fortitudo.

2232 4513 2319 4566 17.
2365 4509 2718 4580 thuomodo
2740 4512 2944 4580 poterit
2969 4525 3159 4566 servus
3186 4510 3332 4580 loqui
3356 4525 3480 4564 cum
3503 4509 3733 4565 Domino

2158 4605 2296 4661 suo?
2324 4605 2391 4659 Et
2417 4619 2517 4672 ego
2545 4600 2742 4667 deieci,
2792 4611 2846 4656 et
2873 4617 2980 4656 non
3009 4612 3093 4658 est
3142 4603 3197 4657 in
3237 4618 3323 4657 me
3357 4601 3642 4667 fortitudo,
3678 4609 3735 4660 et

2157 4697 2383 4768 spiritus
2407 4709 2516 4749 non
2539 4693 2762 4750 relictus
2791 4704 2873 4749 est
2907 4695 2960 4749 in
2991 4710 3098 4749 me.

2230 4787 2318 4842 18.
2359 4785 2426 4841 Et
2454 4787 2728 4856 apposuit,
2756 4793 2810 4842 et
2833 4787 3006 4857 tetigit
3026 4803 3113 4844 me
3133 4786 3290 4858 quasi
3315 4787 3455 4843 visio
3473 4787 3730 4852 hominis,

2156 4890 2211 4935 et
2233 4879 2559 4934 conforlavit
2585 4893 2689 4931 me.

2230 4969 2319 5023 19.
2359 4967 2582 5024 Etdixit
2603 4969 2776 5023 mihi:
2809 4966 2984 5024 llomo
3011 4968 3397 5024 misericordia:
3441 4985 3521 5036 es,
3545 4986 3612 5026 ne
3653 4969 3734 5024 li-

2159 5059 2512 5124 measzvale,
2565 5059 2794 5114 viriliter
2825 5076 2943 5131 age,
3002 5069 3056 5116 et
3104 5059 3435 5115 confortare.
3488 5061 3736 5131 Cumque

2161 5154 2477 5222 loqueretur
2504 5152 2621 5221 ipse
2653 5167 2889 5218 mecum,
2941 5151 3283 5208 confortatus
3329 5169 3472 5218 sum,
3509 5163 3564 5208 et
3591 5155 3734 5211 dixi:

2161 5244 2440 5314 Loquatur
2467 5242 2730 5299 Dominus
2761 5259 2934 5309 meus,
2964 5245 3092 5314 quia
3131 5244 3460 5300 confortavit
3487 5262 3591 5301 me.

2229 5337 2320 5388 20.
2366 5333 2431 5388 Et
2463 5334 2597 5389 dixit
2630 5334 2697 5388 ad
2730 5349 2815 5389 me
2844 5355 2856 5388 :
2891 5334 3187 5404 Cognoscis
3205 5351 3375 5402 quare
3401 5337 3640 5390 venerim
3673 5337 3737 5389 ad

2161 5429 2246 5483 te?
2273 5428 2338 5483 Et
2368 5443 2515 5483 nunc
2549 5435 2788 5482 revertar
2817 5427 2882 5481 ad
2911 5427 3258 5498 pugnandum
3288 5442 3411 5480 cum
3437 5429 3573 5482 duce
3598 5430 3739 5494 regis

2162 5521 2470 5576 Persarum.
2509 5519 2574 5573 Et
2607 5534 2707 5590 ego
2737 5519 2878 5573 exivi
2911 5559 2924 5583 ,
3005 5531 3058 5574 et
3089 5535 3215 5574 ecce
3275 5519 3384 5574 dux
3424 5520 3736 5574 Graecorum

2163 5611 2427 5666 introivit.

2238 5704 2328 5758 ‘21.
2372 5701 2437 5756 Et
2465 5715 2593 5758 sane
2621 5701 2901 5758 ostendam
2948 5702 3042 5757 tibi
3077 5704 3345 5773 praecipua
3385 5702 3437 5756 iu
3466 5701 3738 5774 scriptura
