3848 6218
335 243 476 302 2825

1653 230 1904 291 DANIEL
1946 228 2176 286 JUXTA
2216 228 2377 286 LXX.

3449 230 3595 290 2826

338 358 620 417 veritatis:
656 368 709 416 et
740 374 902 415 nemo
920 368 1058 425 erat,
1084 356 1177 429 qui
1205 355 1488 427 adjuvaret
1508 366 1597 410 me
1626 354 1907 424 superbis,

2038 351 2297 423 ιληθείας’
2335 352 2431 405 καὶ
2466 350 2645 416 οὐδεὶς
2684 347 2753 423 ἦν
2792 352 2822 405 ὁ
2865 350 3079 423 βοηθῶν
3111 352 3227 422 μετ’
3272 353 3413 424 ἐμοῦ
3452 355 3593 427 ὑπὲρ

337 453 442 508 nisi
477 453 705 508 Michael
750 452 996 523 angelus.

929 561 1160 619 CAPUT
1204 561 1295 617 XI.

409 651 463 707 1.
503 650 569 705 Et
595 667 740 706 anno
768 653 943 722 primo
964 652 1090 725 Cyri
1118 653 1258 726 regis
1308 652 1445 710 dixit
1488 653 1648 719 mihi,
1682 662 1743 709 ut
1779 668 1912 708 cun—

337 740 591 811 t'ortarer,
615 754 668 799 et
696 746 924 799 viriliter
952 760 1186 816 agerem.

406 834 461 890 2.
505 833 569 889 Et
625 851 771 891 nunc
821 837 967 903 veni,
1014 844 1075 891 ut
1124 837 1405 893 veritatem
1477 837 1909 893 demonstrarem

337 926 453 983 tibi.
480 927 618 983 Ecce
641 938 749 984 tres
779 945 931 1000 reges
953 932 1270 986 restiterunt
1317 933 1371 986 in
1401 929 1644 995 Perside,
1664 939 1717 984 ct
1744 945 1910 1000 quar-

338 1028 425 1074 tus
460 1019 722 1073 ditabitur
756 1022 957 1076 divitiis
986 1022 1198 1092 magnis
1233 1036 1397 1091 super
1428 1036 1659 1075 omnes:
1694 1029 1746 1075 et
1781 1036 1907 1075 cum

338 1112 630 1167 roboratus
653 1110 815 1167 fuerit
844 1114 957 1182 ip<e
985 1113 1038 1167 in
1069 1113 1274 1169 divitiis
1300 1114 1437 1179 suis,
1476 1114 1718 1185 insurget
1747 1128 1911 1183 super

337 1218 558 1258 omnem
585 1219 765 1275 regem
796 1202 1132 1261 Graecorum.

409 1296 463 1350 3.
505 1294 574 1349 Et
609 1296 777 1352 stabit
807 1312 900 1351 rex
940 1308 1153 1367 potens,
1177 1304 1231 1351 et
1258 1295 1632 1351 dominabitur
1660 1295 1912 1352 domina-

338 1388 488 1443 tione
512 1389 704 1456 muita,
736 1399 789 1445 et
820 1390 982 1445 faciet
1014 1391 1156 1444 sicut
1176 1389 1431 1443 voluerit.

408 1479 464 1533 4.
506 1478 573 1535 Ει
609 1495 735 1536 cum
777 1481 1047 1536 exaltatus
1087 1480 1255 1535 fuerit
1289 1480 1422 1550 ipse,
1467 1479 1783 1535 concidetur
1830 1493 1912 1535 re-

338 1585 505 1640 gnum
537 1570 695 1642 ejus,
736 1583 790 1628 et
836 1572 1111 1627 dividetur
1156 1571 1210 1625 in
1244 1582 1480 1642 quatuor
1536 1578 1730 1627 ventos
1763 1570 1908 1637 cmli,

2015 442 2241 510 τούτων,
2267 444 2385 498 ἀλλ’
2411 444 2446 515 ἢ
2469 443 2689 514 Μιχαὴλ
2721 446 2750 498 6
2774 444 3025 514 ἄγγελος.

2600 558 2848 612 ΚΕΦΑΛ.
2884 556 2984 613 1Α⁹.

2082 648 2134 703 1.
2170 648 2279 702 Kal
2311 649 2371 703 ἐν
2405 648 2485 721 τῷ
2505 651 2740 722 ἐνιαυτῷ
2765 651 2844 723 τῷ
2869 651 3071 723 πρώτῳ
3100 652 3283 723 Κύρου
3306 651 3401 706 τοῦ
3437 654 3595 724 βασι-

2010 739 2149 803 λέως
2170 735 2328 793 εἶπέν
2363 757 2454 811 μοι
2489 742 2789 813 ἐνισχῦσαι,
2829 745 2923 797 καὶ
2950 743 3317 814 ἀνδρίζεσθαι.

2079 831 2135 886 2.
2174 832 2285 885 Kal
2326 831 2422 885 νῦν
2450 827 2615 902 ἦλθον
2671 834 2771 906 τὴν
2827 834 3083 904 ἀλήθειαν
3136 834 3410 902 ὑποδεῖξαί
3467 851 3594 890 σοι⁹

2022 922 2151 977 ’ἰδοὺ
2177 926 2325 994 τρεῖς
2349 924 2589 995 βασιλεῖς
2617 925 3016 997 άνθεστήκασιν
3045 928 3101 979 ἐν
3125 928 3192 997 τῇ
3226 928 3465 998 Περσίδι,
3500 929 3597 982 καὶ

2009 1015 2038 1068 6
2067 1015 2326 1087 τέταρτος
2360 1017 2652 1088 πλουτήσει
2698 1017 2929 1071 πλοῦτον
2959 1018 3133 1089 μέγαν
3158 1019 3311 1090 παρὰ
3347 1021 3556 1083 πάντας
3576 1037 3591 1051 ·

2009 1108 2104 1160 καὶ
2149 1110 2207 1161 ἐν
2256 1106 2333 1179 τῷ
2376 1109 2704 1181 κατισχύσαι
2737 1111 2902 1165 αὑτὸν
2940 1112 3000 1164 ἐν
3052 1112 3129 1182 τῷ
3155 1112 3372 1185 πλούτῳ
3400 1114 3613 1175 αὐτοῦ,’

2009 1197 2448 1270 ἐπαναστήσεται
2475 1201 2639 1254 παντὶ
2673 1200 2889 1271 βασιλεῖ
2921 1202 3212 1275 Ἑλλήνων.

2081 1289 2135 1344 3.
2167 1288 2279 1342 Kal
2325 1291 2583 1362 στήσεται
2611 1291 2863 1361 βασιλεὺς
2907 1293 3150 1357 δυνατὸς,
3189 1294 3283 1349 καὶ
3313 1296 3593 1368 κυριεύσει

2009 1380 2232 1451 κυρείας
2267 1382 2487 1451 πολλῆς,
2516 1383 2612 1437 καὶ
2643 1385 2860 1456 ποιήσει
2886 1385 3070 1449 καθὼς
3100 1386 3167 1441 ἂν
3196 1386 3473 1459 βούληται.

2078 1469 2133 1524 4.
2164 1472 2275 1524 Kal
2315 1473 2374 1525 ἐν
2423 1472 2503 1543 τῷ
2540 1474 2836 1546 ἀναστῆναι
2886 1476 3052 1530 αὐτὸν
3096 1478 3516 1549 ππριῦήσεται
3557 1480 3595 1552 ή

2009 1559 2257 1633 βασιλεία
2281 1564 2465 1632 αὐτοῦ,
2499 1566 2596 1619 καὶ
2627 1568 3016 1639 μερισθήσεται
3045 1570 3125 1633 εἰς
3149 1569 3276 1633 τοὺς
3317 1571 3595 1643 τέσσαρας

340 1675 449 1714 non
482 1664 785 1717 secundum
816 1663 961 1718 vires
1000 1662 1143 1732 ejus,
1173 1677 1349 1732 neque
1390 1662 1546 1732 juxta
1580 1661 1911 1716 dominatio-

2038 1656 2249 1728 ινέμους
2277 1655 2373 1710 τοῦ
2405 1658 2464 1710 οὐ
2475 1657 2638 1728 ρανοῦ
2660 1675 2673 1690 ·
2696 1660 2758 1713 οὐ
2784 1661 2924 1715 κατὰ
2952 1662 3051 1731 τὴν
3089 1660 3260 1733 ἀλκὴν
3282 1662 3448 1716 αὑτοῦ
3470 1664 3594 1718 οὐδὲ

338 1766 461 1805 nem
489 1751 630 1822 ejus,
654 1768 761 1822 qua
784 1753 1095 1807 dominatus
1120 1760 1221 1818 est,
1259 1752 1387 1824 quia
1435 1752 1647 1807 deﬁciet
1679 1767 1907 1824 regnum

2038 1746 2153 1800 πατὰ
2176 1746 2275 1819 τὴν
2293 1748 2516 1820 κυρείαν
2546 1748 2733 1818 αὐτοῦ,
2760 1751 2828 1823 ήν
2849 1752 3223 1819 ἐδυνάστευσε,
3247 1755 3328 1808 ὅτι
3352 1756 3594 1809 ἀποστα-

341 1842 484 1911 ejus,
514 1852 569 1898 et
602 1844 739 1900 alios
767 1844 1039 1900 docebunt
1074 1844 1199 1900 ista.

408 1932 463 1987 5.
504 1931 571 1986 Et
599 1934 999 1988 confortabitur
1038 1948 1263 2004 regnum
1305 1931 1544 2004 Egypti,
1591 1942 1644 1989 et
1673 1950 1817 1990 unus
1842 1935 1937 2000 de,

336 2022 681 2092 principibus
703 2024 1017 2095 praevalebit
1044 2025 1115 2090 ei,
1146 2032 1200 2079 et
1252 2024 1622 2079 dominabitur
1661 2044 1675 2080 :
1729 2026 1908 2081 domi.

341 2115 490 2170 natio
516 2132 734 2186 magna,
766 2116 1068 2172 dominatio
1101 2116 1240 2187 ejus.

410 2205 463 2261 6.
506 2206 572 2262 Et
602 2207 657 2261 in
689 2207 849 2262 tinem
882 2223 1151 2263 annorum
1202 2207 1433 2264 adducet
1477 2222 1572 2263 eos
1606 2226 1619 2261 :
1648 2217 1699 2263 et
1730 2208 1908 2279 ingre-

338 2293 519 2349 dietur
572 2311 667 2351 rex
716 2296 931 2367 IEgypti
968 2297 1022 2351 in
1071 2311 1297 2369 regnum
1343 2296 1628 2367 Aquilonis
1669 2298 1908 2353 facturus

341 2386 568 2454 fmdera,
599 2396 653 2443 et
682 2403 789 2443 non
822 2388 1157 2459 praevalebit,
1183 2388 1311 2458 quia
1346 2388 1631 2444 brachium
1664 2389 1783 2459 ejus
1800 2404 1907 2444 non

343 2480 509 2534 stabit
535 2478 878 2547 fortitudine,
918 2490 971 2535 et
1022 2479 1308 2535 brachium
1358 2478 1478 2549 ejus
1533 2488 1825 2550 torpescet,
1855 2488 1910 2537 et

339 2584 556 2638 eorum,
582 2570 675 2642 qui
731 2571 1065 2627 conveniunt
1105 2586 1231 2627 cum
1284 2585 1391 2638 eo;
1447 2579 1502 2626 et
1568 2574 1810 2629 manebit
1841 2575 1909 2630 ad

341 2661 528 2719 horas.

413 2753 468 2809 7.
510 2752 577 2808 Et
601 2761 785 2824 surget
814 2768 1033 2824 germen
1056 2754 1124 2809 de
1174 2755 1357 2810 radice
1385 2754 1504 2826 ejus
1530 2771 1629 2826 pro
1660 2756 1811 2826 ipso:
1855 2765 1910 2811 et

341 2843 524 2899 veniet
576 2845 642 2899 ad
691 2847 985 2899 exercitum
1030 2845 1151 2916 ejus
1210 2847 1266 2901 in
1304 2846 1624 2903 fortitudine
1678 2864 1777 2904 sua
1816 2864 1909 2903 rex

341 2934 654 3004 Aquilonis,
673 2944 726 2990 et
752 2934 916 2991 faciet
946 2938 1261 3004 tumultum,
1302 2947 1357 2992 et
1384 2938 1715 3007 praevalebit.

2012 1835 2287 1910 θήσεταιὴ
2321 1839 2572 1909 βασιλεία
2595 1842 2782 1905 αὐτοῦ,
2801 1844 2894 1897 καί
2921 1845 3143 1917 ἐτέρους
3174 1846 3374 1914 διδάξει
3394 1847 3590 1915 ταῇτα.

2082 1928 2135 1983 5.
2170 1930 2280 1983 Kal
2308 1930 2581 2001 ἐνισχύσει
2615 1932 2896 2002 βασιλείαν
2936 1934 3235 2003 Αἰγύπτου,
3267 1937 3364 1989 καὶ
3396 1930 3478 1999 εἷς
3527 1940 3594 1991 ἐκ

2008 2017 2118 2072 τῶν
2144 2019 2422 2075 δυναστῶν
2468 2024 2787 2094 κατισχύσει
2831 2024 3016 2091 αὑτὸν,
3065 2026 3161 2081 καί
3207 2028 3593 2082 δυναστεύσει⁶

2009 2110 2297 2166 δυναστεία
2327 2113 2541 2185 μεγάλη
2572 2117 2604 2185 ὴ
2631 2115 2916 2169 δυναστεία
2942 2116 3131 2172 αὐτοῦ.

2082 2201 2135 2256 6.
2163 2203 2273 2256 Kal
2300 2206 2381 2268 εἰς
2415 2205 2729 2259 συντέλειαν
2762 2208 3026 2261 ἐνιαυτῶν
3074 2208 3194 2276 ἄξει
3236 2211 3464 2277 αὐτούς’
3496 2215 3594 2268 καὶ

2010 2292 2373 2350 εἰσελεύσεται
2403 2296 2657 2366 βασιλεὺς
2677 2297 2955 2367 Αἰγύπτου
2980 2302 3057 2365 εἰς
3072 2301 3170 2373 τήν
3189 2301 3468 2373 βασιλείαν
3492 2306 3593 2377 τὴν

2010 2384 2192 2457 Βορρᾶ
2218 2386 2553 2458 ποιήσασθαι
2583 2387 2879 2460 συνθήκας,
2910 2392 3006 2445 καὶ
3047 2392 3106 2446 οὐ
3145 2394 3221 2466 μὴ
3245 2397 3589 2468 κατισχύσει,

2008 2477 2092 2530 ὅτι
2119 2478 2147 2529 6
2181 2476 2419 2550 βραχίων
2438 2478 2604 2533 αὑτοῦ
2635 2480 2696 2534 ού
2729 2484 2916 2553 στήσει
2955 2484 3138 2556 ἰσχὺν,
3175 2489 3269 2540 καὶ
3296 2488 3324 2540 6
3348 2488 3593 2561 βραχίων

2007 2569 2172 2623 αὐτοῦ
2212 2572 2497 2643 ναρκήσει,
2528 2572 2620 2626 καὶ
2649 2572 2760 2625 τῶν
2792 2577 3291 2649 συμπορευομένων
3326 2584 3445 2651 μετ’
3494 2584 3591 2638 αὑ-

2007 2660 2123 2723 τοῦ,
2157 2661 2252 2714 καὶ
2284 2663 2437 2732 μενεῖ
2462 2663 2544 2726 εἰς
2568 2661 2741 2734 ὧρας.

2080 2751 2132 2807 7.
2158 2752 2269 2805 Kal
2293 2753 2660 2824 ἀναστήσεται
2684 2754 2851 2825 φυτὸν
2879 2756 2944 2810 ἐκ
2965 2757 3064 2827 τῆς
3083 2757 3241 2832 ῥίζης
3269 2762 3437 2817 αὑτοῦ
3466 2765 3594 2819 καθ’

2009 2843 2220 2909 ἑαυτὸν,
2253 2845 2348 2898 καὶ
2374 2844 2494 2915 ήξει
2520 2846 2614 2899 ἐπὶ
2644 2846 2742 2918 τὴν
2769 2847 3001 2919 δύναμιν
3033 2851 3199 2905 αὑτοῦ
3228 2856 3288 2908 ἐν
3320 2855 3467 2926 ἰσχύϊ
3489 2857 3593 2911 αὐ-

2008 2937 2100 2991 τοῦ
2133 2937 2383 3004 βασιλεὺς
2414 2937 2614 3012 Eappa,
2636 2940 2731 2994 καὶ
2773 2941 2990 3013 ποιήσει
3018 2945 3282 3017 ταραχὴν,
3327 2949 3422 3003 καὶ
3460 2967 3595 3005 κατ-

1937 3030 1984 3091 C
2017 3031 2246 3103 ισχύσει.

411 3118 465 3174 8.
508 3118 574 3173 Ει
602 3118 735 3176 deos
781 3134 969 3174 eorum
1021 3120 1299 3177 subvertet
1354 3136 1479 3176 cum
1538 3121 1905 3178 conﬂatilibus

340 3225 556 3280 eorum,
587 3223 641 3268 et
664 3213 851 3269 turbas
897 3228 1085 3269 eorum
1123 3229 1248 3269 cum
1299 3215 1447 3271 vasis
1510 3215 1908 3270 desideriorum

341 3318 592 3374 suorum,
621 3315 897 3373 argentum
969 3313 1022 3358 et
1059 3320 1254 3359 aurum
1290 3306 1343 3359 in
1381 3306 1693 3375 captivitate
1722 3322 1913 3377 aspor-

344 3395 538 3450 tabunt
564 3397 619 3451 in
651 3395 978 3468 ngyptum;
1020 3407 1075 3453 et
1099 3398 1205 3454 erit
1233 3414 1412 3455 annus
1442 3400 1555 3470 regi
1599 3401 1908 3470 Aquilonis.

411 3580 466 3635 9.
505 3579 572 3635 Et
598 3581 928 3653 ingredietur
959 3583 1013 3638 in
1048 3574 1276 3653 regnum
1307 3599 1400 3640 rex
1432 3584 1647 3657 Egypti
1683 3586 1749 3641 ad
1773 3587 1911 3654 dies,

340 3683 395 3728 et
432 3683 731 3730 revertetur
762 3676 829 3729 ad
860 3684 1059 3730 terram
1085 3690 1262 3730 suam.

415 3767 505 3822 10.
546 3766 612 3823 Et
642 3768 786 3824 illius
819 3767 939 3836 ejus
968 3767 1133 3821 etiam
1172 3767 1581 3839 provocabitur,
1606 3776 1660 3823 et
1695 3770 1915 3843 colliget

342 3860 815 3929 congregationem
868 3858 1038 3913 turba:
1086 3860 1289 3921 multae,
1342 3867 1395 3913 et
1427 3861 1759 3930 ingredietur
1788 3878 1911 3918 cum

343 3968 405 4004 ea
438 3951 701 4004 adversus
730 3949 917 4020 Syros,
952 3949 1323 4018 pertransibit,
1372 3958 1426 4003 et
1452 3958 1767 4006 revertetur.

414 4042 501 4096 11.
543 4040 610 4095 Et
633 4041 1045 4095 exacerbabitur
1080 4042 1446 4108 vehementer,
1466 4049 1520 4095 et
1547 4041 1915 4110 indignabitur

343 4149 438 4189 rex
476 4132 694 4205 Egypti
738 4143 790 4188 et
822 4134 1149 4216 egredietur.
1198 4130 1263 4187 Et
1285 4134 1549 4205 pugnabit
1612 4149 1735 4189 cum
1790 4151 1914 4206 rege

341 4226 649 4295 Aquilonis,
689 4234 742 4279 et
778 4233 977 4281 statuet
1019 4226 1234 4285 turbam
1275 4226 1525 4293 inultam,
1560 4235 1615 4281 et
1673 4228 1914 4284 tradetur

341 4314 688 4386 congregatio
719 4316 772 4369 in
810 4330 1004 4371 manus
1030 4316 1168 4385 ejus.

414 4496 504 4550 12.
547 4495 614 4551 Et
639 4497 815 4567 capiet
846 4499 1345 4568 congregationem,
1378 4508 1432 4552 et
1460 4496 1789 4552 exaltabitur
1817 4510 1912 4551 cor

342 4586 483 4658 ejus,
512 4597 566 4643 et
600 4589 839 4643 turbabit
867 4589 1087 4655 multos,
1114 4598 1168 4643 et
1188 4604 1292 4643 non
1328 4588 1538 4643 timebit

418 4771 504 4825 15.
551 4770 617 4825 Ει
643 4780 944 4826 revertetur
976 4786 1073 4825 rex
1107 4769 1417 4839 Aquilonis,
1472 4779 1527 4824 et
1564 4770 1914 4839 congregabit

347 4864 594 4919 civitatis
643 4864 1120 4933 congregationem
1178 4863 1437 4933 majorem
1483 4864 1624 4918 ultra
1655 4863 1912 4932 priorem,

345 4956 645 5011 secundum
674 4955 1198 5010 consummationem
1254 4954 1513 5023 temporis
1554 4954 1683 5008 anui
1709 4972 1722 5008 :
1753 4962 1808 5009 et
1834 4955 1917 5008 in-

345 5049 620 5117 gredietur
658 5048 711 5101 in
746 5062 866 5101 eam
897 5046 1154 5102 adversus
1185 5062 1308 5101 cum
1343 5047 1396 5100 in
1441 5044 1601 5101 turba
1644 5045 1832 5111 multa,
1863 5054 1918 5101 et

346 5140 400 5192 in
440 5138 634 5207 opibus
664 5137 870 5192 multis.

417 5230 504 5284 M.
550 5229 605 5282 In
639 5230 977 5299 temporibus
1016 5229 1122 5284 illis
1138 5228 1494 5298 cogitationes
1518 5237 1919 5297 surgentsuper

348 5336 527 5387 regem
562 5319 802 5390 Egypti,
840 5329 896 5376 et
944 5319 1218 5389 reparabit
1256 5319 1444 5373 ruinas
1489 5318 1665 5388 gentis
1694 5326 1799 5373 tua:
1824 5337 1836 5372 :
1865 5329 1921 5374 et

348 5412 698 5479 excitabitur,
732 5420 791 5467 ut
845 5428 1070 5483 surgere
1111 5410 1278 5467 faciat
1321 5409 1705 5483 prophetiam;
1739 5421 1793 5465 et
1820 5411 1920 5464 im-

349 5504 591 5573 pingent.

422 5595 508 5648 15.
550 5593 617 5647 Et
647 5593 991 5663 superveniet
1047 5608 1137 5647 rex
1192 5592 1502 5663 Aquilonis,
1564 5601 1923 5649 ctconvcrtet

357 5700 506 5740 arma
533 5701 651 5755 sua,
680 5696 733 5741 ct
778 5686 952 5756 capiet
1008 5685 1200 5741 urbem
1250 5686 1555 5742 munitam:
1603 5695 1656 5742 et
1700 5685 1920 5742 brachia

2081 3122 2135 3178 8.
2164 3124 2274 3178 Kal
2305 3125 2434 3190 τοὺς
2472 3126 2628 3189 θεοὺς
2658 3124 2840 3180 αὐτῶν
2886 3128 3256 3200 καταστρέψει
3294 3131 3434 3203 μετὰ
3483 3132 3596 3188 τῶν

2009 3216 2294 3287 χωνευτῶν
2322 3217 2523 3283 αὐτῶν,
2553 3218 2646 3271 καὶ
2672 3219 2799 3282 τοὺς
2841 3217 3033 3288 ὄχλους
3074 3221 3252 3275 αὐτῶν
3298 3222 3437 3293 μετὰ
3482 3224 3595 3278 τῶν

2013 3308 2222 3361 σκευῶν
2240 3307 2348 3360 τῶν
2378 3308 2813 3379 ἐπιθυμημάτων
2853 3310 3056 3375 αὐτῶν,
3110 3312 3171 3365 τὺ
3199 3313 3462 3385 ἀργύριον
3494 3316 3595 3370 καὶ

2009 3398 2071 3452 τὸ
2091 3400 2310 3471 χρυσίον
2349 3402 2406 3455 ἐν
2434 3400 2784 3472 αἰχμαλωσίᾳ
2811 3402 3127 3457 ἀποίσουσιν
3163 3406 3245 3469 εἰς
3287 3407 3593 3476 Αἴγυπτον,

2012 3491 2105 3543 καὶ
2132 3491 2285 3545 ἔσται
2318 3491 2436 3556 ἔτος
2464 3491 2674 3562 βασιλεῖ
2712 3492 2911 3565 Βοῤῥᾶ.

2082 3580 2135 3636 9.
2168 3583 2278 3636 Kal
2304 3582 2672 3638 εἰσελεύσεται
2705 3585 2787 3647 εἰς
2825 3585 3102 3655 βασιλείαν
3137 3586 3388 3658 βασιλεὺς
3419 3591 3596 3661 Αἰγύ-

2012 3691 2146 3728 πτου
2178 3675 2412 3747 ἡμέρας,
2443 3677 2537 3730 καὶ
2569 3677 2886 3749 ἐπιστρέψει
2913 3680 3009 3734 ἐπὶ
3034 3681 3133 3751 τὴν
3165 3681 3266 3752 γῆν
3292 3681 3483 3739 αὺτοῦ.

2084 3766 2169 3821 10.
2195 3766 2305 3821 Kal
2325 3769 2353 3820 6
2386 3767 2502 3832 υἰὺς
2527 3767 2693 3822 αὑτοῦ
2744 3771 2840 3823 καὶ
2867 3771 3302 3842 ἐρεθισθήσεται,
3333 3776 3429 3829 καὶ
3461 3792 3596 3830 συν-

2014 3857 2132 3923 άξει
2171 3859 2496 3929 συναγωγήν
2522 3859 2679 3930 ὄχλου
2712 3860 2931 3927 πολλοῦ,
2954 3863 3050 3916 καὶ
3070 3864 3435 3920 εἰσελεύσεται
3466 3868 3593 3922 κατ’

2013 3950 2184 4019 αὐτὴν
2213 3950 2354 4004 κατά
2383 3949 2593 4021 Σύρων,
2626 3951 3043 4022 παρελεύσεται,
3090 3958 3182 4011 xal
3209 3960 3552 4029 ἐπιστρέψει.

2088 4040 2174 4094 11.
2205 4040 2314 4094 Kal
2345 4040 2811 4113 παροξυνθήσεται
2836 4045 2928 4098 ἐπὶ
2960 4046 3117 4112 πολὺ,
3148 4048 3243 4101 καὶ
3265 4050 3595 4122 ὀργισθήσε-

2015 4147 2103 4183 ται
2134 4129 2380 4199 βασιλεὺς
2411 4131 2684 4199 Αἰγύπτου
2716 4135 2786 4201 »ζ
2807 4134 2901 4187 καί
2933 4134 3269 4200 ἐξελεύσεται
3293 4142 3347 4211 /.
3369 4142 3465 4194 καὶ
3492 4160 3593 4196 πο-

2015 4221 2241 4291 λεμήσει
2286 4220 2424 4291 μετὰ
2464 4220 2725 4290 βασιλέως
2765 4224 2946 4295 Βορῤᾶ
2971 4230 3039 4295 »ε
3069 4228 3165 4282 καὶ
3212 4233 3401 4301 στήσει
3432 4234 3593 4303 ὄχλον

2021 4313 2186 4366 πολὺν
2209 4314 2266 4382 /.
2298 4312 2393 4365 καὶ
2427 4312 2792 4384 παραδοθήσει
2834 4316 2867 4387 ή
2904 4320 3194 4389 συναγωγὴ
3226 4322 3305 4383 εἰς
3346 4321 3445 4385 τὰς
3478 4326 3597 4391 χεῖ-

2022 4421 2118 4475 ρας
2151 4402 2336 4456 αὐτοῦ.

2092 4493 2179 4548 12.
2219 4493 2326 4546 Kal
2353 4491 2580 4563 λήψεται
2606 4491 2703 4564 τὴν
2732 4495 3073 4566 συναγωγὴν,
3124 4498 3216 4551 καὶ
3240 4499 3593 4572 ὑψωθήσεται

2015 4589 2048 4658 ή
2080 4585 2277 4656 καρδία
2304 4583 2471 4639 αὐτοῦ
2494 4625 2508 4651 ,
2539 4585 2633 4639 καὶ
2663 4586 2887 4658 ταράξει
2916 4588 3163 4657 πολλοὺς,
3192 4592 3289 4645 καὶ
3308 4595 3369 4646 οὐ
3396 4594 3470 4663 μὴ
3491 4612 3591 4663 φο-

2015 4679 2176 4750 ϐηθῇ.

2088 4771 2172 4825 15.
2197 4769 2308 4822 Kal
2342 4766 2660 4840 ἐπιστρέψει
2707 4767 2957 4836 βασιλεὺς
2993 4769 3197 4840 Eappa,
3243 4773 3337 4826 καὶ
3374 4774 3591 4840 συνάξει

2016 4861 2226 4924 πόλεως
2254 4860 2577 4930 συναγωγήν
2615 4859 2835 4929 μείζονα
2871 4861 3021 4931 παρὰ
3055 4860 3154 4929 τὴν
3178 4862 3416 4935 πρώτην,
3443 4865 3592 4917 κατὰ

2020 4950 2328 5005 συντέλειαν
2383 4949 2576 5022 καιροῦ
2620 4950 2905 5014 ἐνιαυτοῦ,
2954 4953 3050 5004 καὶ
3095 4952 3457 5008 εἰσελεύσεται
3506 4955 3593 5018 εἰς

2017 5043 2185 5114 αὐτὴν
2210 5044 2294 5095 ἐπ’
2322 5042 2483 5096 αὐτὸν
2505 5044 2563 5097 ἐν
2590 5042 2732 5113 ὄχλῳ
2758 5041 2958 5113 πολλῷ,
2988 5041 3083 5097 καὶ
3117 5044 3175 5097 ἐν
3197 5045 3441 5116 χρήμασι
3457 5046 3595 5099 πολ-

2017 5135 2148 5198 λοίς.

2092 5226 2176 5280 14.
2208 5226 2320 5280 Kal
2344 5228 2401 5280 ἐν
2429 5228 2541 5291 τοῖς
2575 5230 2785 5299 καιροῖς
2820 5228 3050 5291 ἐκείνοις
3082 5227 3313 5283 διάνοιαι
3356 5229 3609 5303 ἀναπή-

2021 5335 2201 5371 σονται
2227 5319 2319 5371 ἐπὶ
2347 5318 2438 5371 τὸν
2466 5318 2689 5389 βασιλέα
2707 5321 3008 5389 Αἰγύπτου,
3040 5320 3138 5374 καὶ
3180 5320 3602 5392 άνοικοδομήσει

2020 5406 2089 5460 τὰ
2123 5406 2448 5459 πεπτωκότα
2491 5407 2582 5461 τοῦ
2618 5407 2802 5471 ἔθνους
2835 5425 2952 5473 σου,
2995 5407 3090 5461 καί⁵
3112 5408 3482 5476 ἀναστήσεται
3514 5410 3604 5472 εἰς

2020 5498 2081 5551 τὸ
2112 5498 2412 5569 ἀναστῆσαι
2435 5498 2531 5570 τὴν
2561 5499 2918 5570 προφητείαν,
2947 5497 3039 5552 καὶ
3066 5497 3453 5569 προσκόψουσι.

2095 5589 2179 5644 15.
2213 5591 2322 5643 Kal
2348 5589 2696 5643 ἐπελεύσεται
2721 5588 2968 5659 βασιλεὺς
2993 5588 3194 5660 Βορρᾶ,
3225 5588 3317 5641 καὶ
3343 5588 3605 5657 ἐπιστρά-

2024 5684 2112 5754 ille:
2142 5681 2209 5739 τὰ
2232 5682 2431 5755 δόρατα
2453 5681 2638 5751 αὐτοῦ,
2666 5682 2757 5736 καὶ
2780 5681 3006 5753 λήψεται
3033 5680 3130 5752 τὴν
3160 5680 3313 5734 πόλιν
3349 5679 3451 5750 τὴν
3471 5678 3605 5749 ὀχυ-
