4390 6222
465 290 616 348 2825

469 491 612 558 μετὰ
642 491 750 544 τῶν
777 492 1053 547 δυναστῶν
1082 495 1271 561 αὐτοῦ,
1302 496 1396 549 καὶ
1424 496 1524 550 οὐκ
1540 495 1690 550 ἔσται
1711 497 1857 567 αὐτῷ
1890 498 2042 568 ἰσχὺς

467 583 550 644 είς
573 581 635 634 τὸ
659 582 978 652 ἀντιστῆναι
1009 584 1178 654 αύτῷ.

543 671 629 726 16.
665 674 776 727 Kal
803 677 1020 746 ποιήσει
1047 677 1076 728 ὁ
1105 676 1555 748 εἰσπορευόμενος
1594 679 1681 732 ἐπ’
1701 677 1862 734 αὑτὸν
1900 677 2044 733 κατὰ

465 760 530 814 τδ
558 761 770 831 θέλημα
789 763 980 829 αὑτοῦ,
1011 764 1106 818 καὶ
1138 765 1238 818 οὐκ
1263 765 1414 818 ἔσται
1453 768 1482 819 ὁ
1511 767 1857 840 ἀνθεστηκὼς
1891 772 2044 823 ἐναν-

465 851 580 905 τίον
609 853 771 906 αὑτοῦ
793 870 806 882 ·
839 854 934 907 καὶ
965 856 1221 924 στήσεται
1263 858 1322 909 ἐν
1354 860 1422 928 τῇ
1447 857 1634 929 χώρᾳ,
1671 862 1764 914 καὶ
1805 861 2044 914 ἐπιτελε-

467 942 729 1012 σθήσεται
753 943 929 996 πάντα
951 943 1020 997 τά
1046 945 1105 998 ἐν
1125 948 1242 1010 ταῖς
1275 947 1465 1016 χερσὶν
1498 947 1686 1001 αὑτοῦ.

539 1036 626 1088 17.
655 1036 768 1092 Kal
790 1035 952 1089 δώσει
980 1036 1039 1089 τὸ
1061 1037 1352 1108 πρόσωπον
1385 1038 1549 1092 αὑτοῦ
1580 1039 1828 1092 ἐπελθεῖν
1853 1039 1945 1111 βίᾳ
1980 1043 2043 1098 τὺ

462 1123 627 1195 ἔργον
676 1127 866 1193 αὑτοῦ,
923 1129 1018 1181 καὶ
1065 1129 1339 1200 συνθήκας
1370 1133 1489 1200 μετ’
1520 1131 1685 1186 αὐτοῦ
1717 1134 2039 1203 ποιήσεται·

463 1217 560 1271 καὶ
595 1218 867 1289 θυγατέρα
903 1219 1191 1290 ἀνθρώπου
1238 1221 1400 1276 δώσει
1439 1224 1589 1295 αύτῷ
1621 1225 1701 1288 είς
1733 1226 1794 1279 τὸ
1821 1227 2041 1299 φθεῖραι

460 1311 654 1381 αὐτὴν,
681 1312 772 1365 καὶ
804 1313 867 1365 ού
893 1312 1160 1378 πείσεται,
1200 1314 1295 1366 καὶ⁷
1315 1315 1416 1368 οὐκ
1438 1315 1613 1370 ἔσται.

536 1403 624 1457 18.
656 1403 768 1456 Kal
796 1403 953 1456 δώσει
980 1405 1041 1457 τὸ
1076 1404 1367 1475 πρόσωπον
1394 1407 1561 1460 αὐτοῦ
1585 1407 1678 1461 ἐπὶ
1701 1407 1801 1478 τὴν
1835 1406 2040 1462 θάλασ-

461 1508 586 1558 σαν,
611 1494 702 1546 καὶ
732 1493 964 1564 λήψεται
987 1496 1237 1562 πολλοὺς,
1265 1496 1360 1550 καὶ
1379 1498 1694 1568 ἐπιστρέψει
1718 1499 1887 1570 ὀργὴν
1905 1499 2042 1553 ὀνει-

448 1582 655 1652 δισμοῦ
685 1582 866 1636 αὐτῶν
895 1586 952 1638 ἐν
975 1586 1124 1657 ὅρκῳ
1161 1587 1304 1641 κατά
1336 1588 1425 1641 τὺν
1452 1589 1752 1658 ὀνειδισμὸν
1781 1589 1968 1643 αὑτοῦ.

533 1677 622 1732 19.
675 1676 1028 1747 Ἐπιστρέψει
1065 1678 1128 1731 τὸ
1162 1678 1456 1749 πρόσωπον
1492 1678 1658 1732 αὑτοῦ
1701 1681 1782 1743 εἰς
1809 1681 1870 1733 τὸ
1905 1698 2039 1734 κατ-

1902 295 2131 352 CAPUT
2171 299 2264 353 XI.

470 400 592 471 ραν,
624 399 717 454 καὶ
745 399 798 454 οί
818 399 1102 472 βραχίονες
1137 403 1400 475 βασιλέως
1431 403 1708 474 Δίγύπτου
1755 407 2042 476 στήσονται
2072 415 2118 472 Α
2147 426 2204 467 re

2075 415 2118 472 Α
2147 412 2290 481 regis
2323 411 2539 484 Egypti
2570 415 2792 470 stabunt
2819 429 2942 471 cum
2969 414 3306 484 principibus
3354 418 3491 484 suis,
3521 424 3576 472 et
3605 433 3714 472 non
3802 411 3809 423 ”

3573 305 3715 362 2826

2142 515 2305 562 erunt
2335 507 2382 562 ei
2421 507 2564 563 vires
2591 508 2658 562 ad
2688 508 3052 564 resistendum
3079 509 3156 564 ei.

2211 667 2300 722 16.
2341 668 2408 723 Et
2439 667 2622 738 faciet,
2646 670 2742 740 qui
2775 670 3077 742 ingreditur
3100 673 3365 730 adversus
3392 688 3540 740 eum,
3559 674 3711 743 juxta

2141 761 2473 816 voluntatem
2528 777 2708 828 suam,
2754 770 2810 816 et
2837 778 2946 817 non
2971 763 3099 828 erit,
3130 762 3226 832 qui
3269 763 3491 818 resistat
3527 778 3712 817 coram

2141 864 2249 905 eo:
2283 859 2338 904 et
2367 851 2531 905 stabit
2565 852 2618 906 in
2661 851 2906 922 regione,
2923 852 3347 923 etperftcientur
3376 854 3717 925 omnia,qua

2142 939 2197 996 in
2226 943 2478 998 manilius
2508 944 2627 1013 ejus
2653 953 2802 999 sunt.

2213 1032 2300 1086 17.
2345 1032 2413 1087 Et
2449 1034 2600 1089 dabit
2625 1034 2813 1091 faciem
2842 1050 3023 1104 suam,
3060 1047 3119 1093 ut
3153 1038 3334 1093 veniat
3385 1054 3484 1108 per
3513 1039 3620 1093 vim
3647 1038 3714 1094 ad

2141 1137 2279 1193 opus
2317 1140 2500 1188 suum,
2532 1137 2584 1181 et
2613 1125 2814 1184 fmdera
2841 1143 2966 1183 cum
3006 1144 3072 1185 eo
3102 1128 3284 1195 faciet,
3322 1140 3377 1185 et
3416 1131 3582 1185 ﬁliam
3618 1132 3717 1184 ho.

2142 1215 2307 1270 minis
2339 1216 2490 1270 dabit
2517 1218 2566 1272 ei
2601 1218 2667 1272 ad
2703 1219 3030 1288 perdendam
3068 1236 3229 1289 eam;
3265 1230 3320 1278 et
3353 1237 3461 1276 non
3489 1236 3718 1292 persua-

2141 1306 2309 1374 debit,
2339 1317 2393 1362 et
2418 1324 2524 1364 non
2554 1311 2677 1364 erit.

2213 1398 2302 1452 18.
2345 1398 2409 1454 Et
2443 1399 2592 1456 dabit
2618 1402 2808 1458 faciem
2845 1419 3003 1459 suam
3038 1421 3205 1476 super
3243 1421 3413 1469 mare,
3457 1412 3511 1460 et
3539 1406 3718 1476 capiet

2141 1490 2360 1556 multos,
2386 1500 2442 1546 et
2471 1502 2751 1550 convertet
2777 1495 2912 1552 iram
2934 1497 3215 1567 opprobrii
3251 1514 3442 1554 eorum
3467 1499 3524 1556 in
3551 1499 3716 1571 jure-

2136 1583 2372 1652 jurando
2399 1585 2697 1642 secundum
2729 1588 3079 1657 Opprobrium
3105 1606 3266 1645 suum

2215 1674 2300 1728 19.
2343 1675 2632 1731 Convertet
2694 1677 2890 1734 faciem
2939 1696 3095 1735 suam
3146 1681 3212 1734 ad
3253 1683 3714 1739 corroborandam

464 1767 586 1839 ισχύ
597 1784 684 1820 σαι
712 1767 810 1838 τὴν
839 1767 1022 1838 χώραν
1044 1768 1232 1834 αὐτοῦ,
1257 1770 1354 1823 καὶ
1389 1770 1712 1842 προσκόψει,
1737 1771 1832 1825 καὶ
1855 1775 2040 1826 πεσεῖ-
2074 1749 2116 1804 Β
2143 1780 2198 1819 re

1979 1775 2040 1826 εῖ-
2074 1749 2116 1804 Β
2143 1765 2416 1836 regionem
2451 1783 2630 1835 suam,
2666 1778 2720 1825 et
2746 1769 2999 1838 offendet,
3057 1782 3112 1828 et
3173 1775 3348 1842 cadet,
3397 1783 3450 1830 et
3495 1791 3602 1832 non
3632 1777 3713 1831 in-

457 1877 573 1924 ται,
609 1859 706 1912 καὶ
739 1860 837 1929 ούχ
867 1859 1248 1932 εὑρεθήσεται.

530 1953 623 2009 20.
654 1953 764 2006 Kal
787 1953 1158 2022 ἀναστήσεται
1207 1955 1273 2007 ἐκ
1312 1953 1412 2025 τῆς
1455 1953 1616 2027 ῥίζης
1657 1955 1826 2010 αὐτοῦ
1873 1955 2042 2025 φυτὸν

459 2043 741 2114 βασιλείας
774 2045 853 2109 είς
886 2044 1219 2113 ἀνάστασιν,
1263 2045 1406 2119 ἀνὴρ
1457 2047 1675 2102 τύπτων
1704 2047 1862 2114 δόξαν
1889 2047 2030 2118 βασιι

456 2136 617 2202 λέως.

527 2230 618 2284 21.
649 2230 759 2283 Kal
799 2230 858 2282 ἐν
905 2230 1142 2302 ἡμέραις
1183 2229 1444 2301 ἐσχάταις
1473 2230 1915 2302 συντριϐήσεται,
1945 2230 2040 2285 καὶ

453 2321 560 2375 οὐκ
595 2322 653 2375 ἐν
678 2323 839 2393 ὀργῇ,
863 2322 985 2375 ούδέ
1012 2324 1070 2376 ἐν
1103 2322 1342 2394 πολέμῳ·
1385 2323 1480 2378 καὶ
1531 2324 1897 2394 ἀναστήσεται
1945 2326 2040 2377 ἐπὶ

451 2413 548 2466 τὸν
584 2413 748 2468 τόπον
781 2413 946 2468 αὐτοῦ
990 2414 1464 2485 εὐκαταφρόνητος
1484 2455 1500 2480 ,
1543 2415 1637 2466 καὶ
1661 2414 1720 2466 οὐ
1754 2414 2038 2485 δοθήσεται

453 2503 544 2557 ἐπ’
570 2504 734 2557 αὑτὸν
754 2502 882 2568 δόξα
921 2504 1208 2574 βασιλέως,
1231 2506 1324 2557 καὶ
1346 2503 1466 2575 ἥξει
1495 2503 1746 2569 ἐξάπινα·
1779 2505 2038 2576 κατισχύ-

455 2614 541 2651 σει
567 2597 821 2667 βασιλεὺς
852 2599 910 2650 ἐν
952 2597 1276 2669 κληροδοσίᾳ
1314 2597 1502 2655 αὑτοῦ.

522 2691 613 2743 22.
637 2692 747 2744 Kal
773 2691 900 2754 τοὺς
929 2691 1223 2762 βραχίονας
1244 2693 1372 2757 τοὺς
1395 2692 1781 2764 συντριϐέντας
1813 2694 2032 2764 συντρί-

449 2783 545 2853 ψει
571 2783 678 2836 ἀπὸ
709 2783 1006 2852 προσώπου
1028 2783 1218 2838 αὐτοῦ.

521 2877 614 2931 23.
645 2877 753 2930 Kal
779 2877 920 2946 μετὰ
948 2877 1048 2946 τῆς
1077 2877 1365 2948 διαθήκης,
1395 2878 1493 2932 καὶ
1537 2877 1708 2949 δήμου
1744 2878 2034 2946 συνταγέν·

442 2986 544 3032 τος
570 2969 685 3038 μετ’
713 2969 899 3034 αὐτοῦ,
935 2971 1152 3040 ποιήσει
1172 2969 1388 3040 ψεῦδος,
1425 2971 1519 3023 καὶ
1553 2972 1647 3024 ἐπὶ
1682 2970 1834 3034 ἔθνος
1885 2972 2031 3041 ἰσχυ-

443 3061 548 3133 ρδν
576 3062 633 3114 ἐν
665 3059 928 3131 ὀλιγοστῷ
949 3060 1115 3115 ἔθνει.

522 3151 614 3209 24.
653 3152 914 3216 Ἐξάπινα
941 3151 1220 3223 ἐρημώσει
1243 3152 1418 3216 πόλιν,
1450 3153 1544 3208 καὶ
1566 3154 1784 3225 ποιήσει
1813 3153 1913 3208 ὅσα
1935 3155 2037 3208 ούκ

444 3244 718 3312 ἐποίησαν
771 3244 821 3296 οί
879 3244 1116 3315 πατέρες
1153 3245 1342 3311 αὑτοῦ,
1383 3246 1504 3299 οὐδέ
1550 3247 1600 3299 oi
1640 3247 1878 3318 πατέρες
1930 3247 2036 3300 τῶν

445 3335 706 3406 πατέρων
735 3334 902 3388 αὑτοῦ
924 3351 938 3366 ο
982 3336 1260 3406 προνομὴν
1309 3338 1403 3390 καὶ
1437 3336 1610 3392 σκῦλα
1657 3339 1752 3392 καὶ
1777 3339 2037 3409 χρήματα

445 3429 639 3490 αὐτοῖς
674 3428 858 3490 δώσει,
890 3429 988 3481 καὶ
1009 3429 1105 3480 ἐπὶ
1131 3429 1229 3500 τὴν
1262 3429 1416 3482 πόλιν
1445 3432 1546 3500 τὴν
1573 3429 1801 3500 ἰσχυρὰν
1825 3431 2036 3502 διανοη-

446 3522 699 3592 Θήσεται,
733 3525 828 3574 καὶ
849 3521 900 3574 οἱ
925 3522 1180 3592 λογισμοὶ
1208 3522 1376 3575 αὐτοῦ
1413 3523 1494 3585 είς
1518 3522 1718 3593 μάτην.

523 3613 612 3666 25.
644 3613 753 3666 Kal
787 3611 1145 3683 ἐγερθήσεται
1177 3615 1211 3682 ή
1243 3613 1398 3684 ἰσχὺς
1429 3613 1615 3679 αὑτοῦ,
1647 3615 1742 3668 καὶ
1775 3617 1808 3686 ή
1839 3617 2037 3687 καρδία

444 3704 620 3758 αὐτοῦ
649 3706 739 3756 ἐπὶ
765 3703 857 3756 τὸν
885 3703 1114 3773 βασιλέα
1135 3704 1417 3771 Αἰγύπτου
1445 3706 1506 3759 ἐν
1540 3706 1684 3776 δχλῳ
1713 3707 1914 3778 πολλῷ,
1941 3709 2037 3762 καὶ

445 3798 478 3850 ὁ
528 3796 1094 3866 βασιλεὺς-Αἰγύπτου
1132 3796 1538 3870 ἐρεθισθήσεται
1577 3801 1657 3863 εἰς
1707 3799 1944 3870 πόλεμον
1977 3801 2036 3854 ἐν

441 3887 597 3957 ὄχλῳ
639 3886 844 3958 ἰσχυρῷ
878 3888 1082 3960 σφόδρα
1112 3888 1257 3955 λίαν,
1285 3890 1380 3944 καὶ
1409 3891 1473 3944 ού
1507 3893 1787 3964 στήσεται,
1817 3893 1899 3946 ὃτι
1922 3893 2038 3946 δια-

444 3979 777 4049 νοηθήσεται
812 3980 899 4031 ἐπ’
930 3979 1092 4033 αὑτὸν
1115 3979 1346 4035 διάνοια.

523 4069 610 4124 2‘3.
637 4071 747 4123 Kal
778 4069 1256 4124 καταναλώσουσιν
1310 4071 1475 4125 αὑτὸν
1527 4073 1790 4145 μέριμναι
1841 4075 2034 4141 αὑτοῦ,

444 4164 550 4217 καὶ
578 4163 1016 4234 ἀποστρέψουσιν
1057 4163 1255 4229 αὐτὸν,
1301 4165 1399 4218 καὶ
1434 4166 1900 4236 παρελεύσονται,
1941 4171 2036 4224 καὶ

442 4257 799 4325 κατασυριεῖ,
824 4256 917 4307 καὶ
955 4255 1248 4309 πεσοῦνται
1281 4259 1616 4330 τραυματίαι
1647 4259 1856 4316 πολλοί.

523 4347 612 4402 27.
641 4348 750 4400 Kal
777 4345 872 4400 δύο
924 4346 1165 4416 βασιλεῖς
1201 4349 1351 4419 μόνοι
1405 4351 1786 4420 δειπνήσουσιν
1823 4353 1916 4406 ἐπὶ
1973 4354 2034 4408 τὸ

2141 1857 2410 1912 venictur.

2212 1948 2303 2003 20.
2347 1949 2410 2004 Et
2446 1961 2633 2020 surget
2661 1951 2728 2008 de
2752 1953 2936 2009 radice
2962 1954 3082 2024 ejus
3115 1956 3300 2026 planta
3331 1956 3483 2026 regni
3524 1957 3590 2012 ad
3631 1973 3714 2013 re-

2139 2042 2522 2108 staurandum,
2552 2044 2635 2099 vir
2664 2047 2977 2115 percutiens
3004 2048 3234 2116 gloriam
3263 2050 3429 2120 regis.

2206 2221 2296 2276 2f.
2337 2221 2404 2278 Et
2427 2223 2480 2278 in
2506 2223 2701 2281 diebus
2734 2227 3050 2285 novissimis
3081 2239 3409 2296 conteretur,
3435 2241 3488 2286 et
3523 2250 3630 2288 non
3658 2234 3709 2287 in

2137 2310 2240 2378 ira,
2269 2327 2448 2383 neque
2489 2312 2544 2368 in
2586 2316 2750 2372 bello.
2809 2317 2874 2370 Ει
2900 2327 3090 2389 surget
3141 2335 3307 2391 super
3368 2323 3546 2378 locum
3594 2326 3715 2394 ejus

2134 2405 2580 2474 contemptibilis,
2640 2415 2694 2462 et
2741 2423 2848 2463 non
2887 2409 3105 2466 dabitur
3153 2428 3320 2482 super
3373 2431 3496 2469 eum
3541 2403 3713 2487 gloria

2137 2496 2299 2566 regis,
2336 2507 2390 2552 et
2420 2500 2601 2554 veniet
2628 2508 2891 2570 repente;
2925 2504 3374 2560 corroborabitur
3399 2522 3494 2561 rex
3519 2508 3573 2562 in
3603 2509 3716 2565 Ιιίε-

2135 2589 2367 2643 reditate
2394 2604 2515 2645 sua.

2202 2682 2292 2736 22.
2337 2682 2402 2738 Et
2431 2683 2674 2751 brachia,
2699 2701 2822 2756 quae
2850 2688 3082 2745 contrita
3111 2700 3260 2757 sunt,
3301 2702 3542 2749 conteret
3572 2709 3602 2749 a
3637 2694 3717 2750 fa-

2131 2789 2215 2829 cne
2251 2790 2370 2831 sna.

2202 2867 2293 2919 25.
2335 2866 2552 2923 Etcum
2591 2878 2937 2935 testamento,
2991 2882 3046 2927 et
3107 2876 3311 2946 populo
3365 2892 3547 2932 secum
3579 2893 3718 2932 con-

2128 2957 2342 3028 iuncto,
2372 2958 2534 3014 faciet
2561 2961 2746 3015 dolum
2796 2981 2808 3016 :
2858 2971 2912 3018 et
2945 2973 3132 3021 contra
3177 2978 3393 3037 gentem
3433 2967 3623 3024 fortem
3660 2971 3716 3025 in

2059 3094 2104 3155 ο
2136 3050 2469 3119 paucissima
2510 3061 2695 3120 gente.

2207 3141 2298 3196 24.
2342 3142 2535 3196 Statim
2580 3143 2884 3199 devastabit
2940 3146 3236 3212 civitatem,
3277 3159 3332 3204 et
3373 3149 3554 3217 faciet,
3595 3169 3717 3222 quae

2136 3249 2244 3287 non
2271 3233 2517 3288 fecerunt
2538 3243 2720 3303 patres
2745 3235 2886 3303 ejus,
2921 3253 3096 3307 neque
3128 3249 3309 3308 patres
3339 3253 3551 3311 patrum
3572 3246 3712 3315 ejus:

2134 3322 2615 3391 depraadationem,
2646 3334 2698 3378 et
2722 3325 2915 3393 spolia,
2961 3334 3014 3380 et
3041 3330 3303 3395 pecunias
3337 3332 3416 3387 eis
3459 3333 3628 3399 dabit,
3663 3347 3718 3392 et

2133 3428 2298 3483 super
2324 3414 2512 3469 urbem
2546 3413 2741 3470 fortem
2776 3417 3034 3487 cogitabit
3061 3436 3076 3485 ;
3103 3419 3197 3474 sed
3221 3423 3576 3492 cogitationes
3596 3427 3717 3497 ejus

2135 3505 2189 3559 in
2221 3519 2446 3557 vanum.

2204 3596 2293 3652 25.
2337 3596 2404 3651 Et
2428 3597 2757 3653 excitabitur
2790 3597 3051 3658 fortitudo
3081 3603 3222 3673 ejus,
3255 3617 3309 3660 et
3337 3621 3433 3662 cor
3462 3609 3583 3679 ejus
3616 3626 3714 3666 su-

2137 3704 2232 3758 per
2259 3705 2437 3760 regem
2468 3688 2690 3762 ‘Egypti
2721 3692 2774 3746 in
2809 3695 2966 3748 turba
3001 3696 3174 3752 multa
3209 3716 3220 3751 :
3258 3708 3312 3754 et
3358 3716 3452 3756 rex
3490 3702 3712 3772 Aﬁgypti

2135 3783 2519 3849 provocabitur
2549 3784 2615 3837 ad
2647 3783 2848 3838 bellum
2893 3785 2948 3840 in
2995 3788 3346 3847 multitudine
3387 3792 3514 3847 forti
3555 3797 3716 3850 valde

2138 3871 2334 3925 nimis:
2377 3881 2431 3928 et
2468 3888 2576 3928 non
2601 3874 2788 3940 stabit,
2814 3875 2942 3947 quia
2971 3879 3371 3951 excogitabitur
3400 3900 3566 3957 super
3587 3903 3713 3944 eum

2135 3961 2445 4018 consilium.

2206 4053 2297 4107 26.
2341 4053 2406 4108 Et
2453 4067 2773 4113 consument
2824 4074 2949 4114 eum
3007 4059 3405 4121 sollicitudines
3455 4067 3598 4138 ejus,
3660 4079 3714 4124 et

2137 4153 2384 4200 avertent
2409 4163 2555 4216 eum,
2605 4158 2660 4204 et
2695 4152 3029 4218 transibunt,
3068 4164 3123 4210 et
3154 4156 3384 4212 buccina
3448 4169 3628 4225 canet,
3660 4172 3716 4218 et

2136 4240 2334 4295 cadent
2357 4242 2630 4298 vulnerati
2665 4245 2844 4302 multi.

2207 4334 2297 4389 27.
2338 4334 2533 4391 Etduo
2564 4352 2720 4409 reges
2767 4339 2868 4394 soli
2921 4341 3361 4400 convivabuntur
3406 4350 3626 4418 pariter,
3660 4361 3715 4406 et

443 4437 605 4504 αὐτὸ,
623 4439 717 4490 καὶ
734 4440 825 4491 ἐπὶ
845 4440 974 4509 μιᾶς
989 4439 1270 4511 τραπέζης
1295 4441 1584 4510 φάγονται,
1600 4443 1695 4496 καὶ
1714 4443 2035 4517 ψευδολογή-
2067 4441 2109 4496 D
2139 4439 2177 4479 5'

1979 4446 2035 4517 ἡ,
2067 4441 2109 4496 ο
2139 4439 2303 4497 super
2322 4441 2486 4481 unam
2523 4443 2767 4484 mensam
2800 4435 3118 4502 comedent,
3168 4445 3222 4491 et
3262 4440 3592 4497 mendaciter
3617 4443 3712 4496 lo-

446 4545 629 4591 σουσι.
669 4527 764 4581 καὶ
787 4529 888 4582 ούκ
913 4528 1340 4601 εύοδωθήσονται
1359 4546 1374 4561 ο
1401 4530 1482 4584 ἔτι
1508 4531 1618 4603 γάρ
1651 4533 1930 4588 συντέλεια
1955 4536 2035 4598 είς

444 4620 662 4689 καιρόν.

523 4711 612 4764 28.
645 4711 755 4764 Kal
793 4711 1114 4783 ἐπιστρέψει
1139 4713 1220 4776 είς
1247 4712 1345 4782 τὴν
1385 4712 1570 4784 χώραν
1613 4715 1777 4768 αὑτοῦ
1813 4716 1870 4770 ἐν
1901 4719 2038 4789 χρή-

451 4819 592 4873 μασι
631 4801 870 4868 πολλοῖς,
898 4804 1044 4875 καὶὴ
1076 4805 1276 4876 καρδία
1304 4805 1469 4858 αὑτοῦ
1500 4807 1592 4860 ἐπὶ
1623 4809 1722 4879 τὴν
1765 4809 2034 4881 διαθήκην

446 4891 550 4946 τοῦ
587 4893 766 4961 άγίοψ
802 4897 1016 4965 ποιήσει
1044 4933 1060 4960 ,
1088 4896 1186 4950 καὶ
1235 4897 1554 4969 ἐπιστρέψει
1600 4901 1695 4953 ἐπὶ
1721 4901 1821 4971 τὴν
1852 4900 2035 4973 χώραν

447 4983 645 5042 αὐτοῦ.

525 5076 614 5130 29.
649 5077 741 5140 El;
781 5077 969 5148 καιρὸν
999 5081 1067 5146 Χ
1104 5077 1501 5150 ἐπιστρέψει
1539 5083 1634 5134 καὶ
1663 5077 2034 5140 εἰσελεύσεται

449 5169 537 5228 είς
579 5169 894 5236 Αἴγυπτον,
940 5169 1036 5223 xal
1085 5170 1187 5224 οὐκ
1218 5170 1372 5224 ἔσται
1418 5171 1494 5235 ώς
1541 5174 1576 5244 ἡ
1628 5174 1822 5246 πρώτη
1875 5179 1966 5230 καὶ
2001 5180 2034 5247 ή

451 5261 656 5330 ἐσχάτη
667 5300 680 5314 .

525 5352 616 5406 50.
645 5353 756 5406 Kal
808 5353 1000 5424 ἥξουσι
1040 5354 1323 5428 Ῥωμαῖοι,
1373 5358 1466 5411 καὶ
1507 5357 1801 5443 ἐξώσουσιν
1835 5361 2031 5428 αὐτὸν,

453 5485 548 5536 καὶ
583 5483 1016 5556 ἐίιῦριμήσονται
1044 5486 1195 5558 αύτῷ
1226 5503 1288 5543 +
1317 5488 1412 5540 xal
1443 5474 1792 5561 ἐπιστρέψει,
1823 5494 1914 5546 καὶ
1943 5494 2030 5564 ὀρ⁴

450 5574 774 5644 γισθήσεται
797 5578 854 5646 /.
884 5578 977 5631 ἐπὶ
1008 5578 1108 5650 τὴν
1137 5579 1403 5649 διαθήκην
1427 5581 1523 5634 τοῦ
1554 5583 1729 5650 ἁγίου,
1761 5587 1854 5638 καὶ
1881 5587 2031 5656 ποιή-

452 5682 557 5727 σει.
594 5666 690 5720 καὶ
723 5667 1074 5739 ἐπιστρέψει,
1125 5671 1219 5724 καὶ
1251 5671 1668 5744 διανοηθήσεται
1702 5675 1788 5728 ἐπ’
1810 5676 2028 5742 αὐτοὺς,

447 5757 570 5812 ἀνθ’
596 5751 672 5812 ὧν
710 5759 1068 5827 ἐγκατέλιπον
1092 5763 1188 5835 τὴν
1220 5762 1488 5836 διαθήκην
1519 5767 1613 5820 τοῦ
1652 5767 1825 5834 ἁγίου.

2137 4527 2393 4588 quentur,
2420 4529 2474 4575 et
2507 4535 2614 4575 non
2644 4525 3151 4594 prosperabuntur:
3195 4529 3376 4588 adhuc
3413 4533 3557 4589 enim
3585 4551 3712 4592 con-

2135 4614 2432 4668 summatio
2452 4613 2520 4668 ad
2540 4623 2777 4686 tempus.

2206 4700 2298 4755 28.
2341 4701 2404 4756 Et
2433 4715 2732 4760 revertetur
2759 4707 2813 4760 in
2873 4707 3150 4778 regionem
3183 4725 3338 4767 suam
3399 4714 3452 4768 in
3515 4719 3710 4788 opibus

2137 4793 2345 4859 multis,
2380 4805 2434 4850 et
2460 4811 2556 4850 cor
2592 4796 2712 4867 ejus
2749 4815 2912 4869 super
2950 4812 3339 4860 testamentum
3383 4812 3594 4879 sancti;
3631 4813 3714 4868 fam

2137 4886 2261 4952 ciet,
2288 4895 2342 4942 et
2373 4898 2674 4946 revertetur
2693 4891 2749 4947 in
2772 4895 3047 4965 regionem
3078 4914 3256 4954 suam.

2204 5067 2294 5123 29.
2335 5070 2415 5126 Ad
2441 5079 2656 5142 tempus
2691 5086 2993 5132 revertetur
3013 5090 3066 5135 et
3102 5081 3508 5152 ingredieturin
3544 5088 3714 5162 Egy-

2135 5169 2284 5230 ptum
2313 5177 2326 5213 :
2354 5171 2406 5216 et
2429 5178 2534 5218 non
2564 5176 2724 5220 erunt
2747 5167 2889 5224 sicut
2918 5170 3101 5240 priora
3131 5174 3294 5229 etiam
3321 5178 3641 5239 novissima.

2204 5340 2292 5395 50.
2335 5340 2398 5396 Ει
2425 5343 2644 5398 venient
2667 5343 2919 5411 Romani,
2947 5356 3000 5402 et
3026 5351 3297 5420 expellent
3321 5369 3471 5422 eum,
3501 5367 3553 5413 et
3575 5362 3717 5416 acri-

2136 5442 2215 5487 ter
2275 5434 2758 5490 comminabuntur
2805 5438 2875 5504 ei,
2905 5447 2959 5494 et
2990 5453 3314 5513 revertetur,
3353 5458 3406 5503 et
3459 5450 3714 5524 indigna-

2133 5523 2280 5578 bitur
2307 5540 2470 5594 super
2499 5534 2880 5584 testamentum
2916 5534 3112 5600 sancti,
3139 5546 3194 5591 et
3225 5535 3386 5595 faciet
3411 5560 3423 5596 :
3450 5551 3504 5598 et
3531 5523 3714 5600 rever-

2134 5623 2296 5678 tetur,
2338 5625 2392 5670 et
2422 5617 2678 5688 cogitabit
2706 5635 2870 5692 super
2895 5639 3008 5693 eos,
3045 5640 3110 5683 eo
3128 5630 3270 5700 quod
3308 5633 3710 5706 dereliqucrnnt

2132 5714 2513 5760 testamentum
2547 5711 2739 5764 sancti.
