4390 6222
436 234 584 302 2829

1883 258 2112 319 CAPUT
2150 262 2290 324 XIII.

439 363 586 462 χαέιλ
609 366 638 419 6
671 366 902 462 άγγελος
951 367 981 424 ὁ
1011 369 1206 442 μέγας,
1246 373 1276 426 6
1305 374 1554 448 έστηκὼς
1599 377 1692 432 ἐπὶ
1721 379 1849 445 τοὺς
1876 382 2028 447 υἱοὺς
2058 393 2102 448 Α
2132 405 2173 457 ει

1962 383 2028 447 ιὺς
2058 393 2102 448 Α
2132 388 2287 457 gelus
2319 404 2570 460 magnus,
2600 391 2695 462 qui
2726 397 2836 446 stat
2861 403 3024 460 super
3065 387 3208 446 lllios
3241 388 3426 460 populi
3458 389 3574 446 tui:
3605 391 3696 446 illa

440 456 540 510 τοῦ
573 457 705 512 λαοῦ
739 476 835 513 σου
857 477 872 493 ·
899 461 1084 534 ἐκείνη
1114 465 1148 535 ἡ
1178 465 1360 536 ἡμέρα
1381 467 1632 538 θλίψεως,
1667 471 1753 524 οἶα
1777 472 1876 524 ούκ
1903 473 2024 542 ἐγε-

439 548 608 620 νήθη,
644 549 740 620 ἀφ’
787 546 848 606 οὗ
902 554 1240 625 ἐγενήθησαν
1273 557 1379 622 ἕως
1424 563 1525 630 τῆς
1549 561 1760 632 ἡμέρας
1787 563 2024 634 ἐκείνης.

440 641 559 694 Kal
588 643 647 695 έν
675 643 859 719 ἐκείνῃ
887 649 953 717 τῇ
981 648 1164 720 ἡμέρᾳ
1186 649 1536 722 ὑψωθήσεται
1571 657 1680 721 πᾶς
1718 657 1747 710 ὁ
1783 656 1933 722 λαὸς,
1967 657 2029 722 ὃς

442 732 516 787 ἂν
546 734 742 806 εὑρεθῇ
770 736 1224 809 ἐγγεγραμμένος
1256 744 1314 794 ὲν
1343 742 1422 813 τῷ
1445 744 1656 816 βιϐλίῳ.

515 824 570 878 2.
598 826 710 880 Kal
743 828 929 882 πολλοὶ
948 830 1059 883 τῶν
1086 831 1458 888 καθευδόντων
1505 836 1561 888 ὲν
1589 835 1668 906 τῷ
1707 836 1899 890 πλάτει
1927 839 2028 907 τῆς

443 915 551 986 γῆς
579 918 998 990 ἀναστήσονται,
1025 923 1074 974 oi
1101 923 1199 991 μὲν
1221 923 1301 985 εἰς
1329 923 1472 995 ζωὴν
1513 925 1729 980 αἰώνιον
1745 929 1838 993 ,.οί
1863 928 1919 981 δὲ
1949 929 2028 992 είς

444 1007 786 1079 ὀνειδισμὸν,
820 1013 872 1065 oi
913 1012 972 1066 δὲ
1007 1014 1092 1077 είς
1117 1014 1439 1085 διασπορὰν,
1475 1018 1570 1070 καὶ
1599 1018 1862 1090 αἰσχύνην
1900 1017 2030 1072 αἰώ-

445 1114 582 1154 νιον.
1841 1120 1844 1124 ’

519 1190 574 1244 3.
599 1191 711 1246 Kal
740 1193 789 1246 οί
818 1195 1090 1262 συνιέντες
1117 1200 1378 1268 φανοῦσιν
1397 1201 1472 1266 ὡς
1492 1201 1779 1272 φωστῆρες
1815 1199 1909 1254 τοῦ
1941 1201 2030 1254 ού-

450 1282 639 1352 ρανοῦ,
671 1286 766 1338 καὶ
801 1288 853 1339 οἱ
900 1291 1284 1361 κατισχύοντες
1326 1294 1453 1357 τοὺς
1490 1293 1684 1363 λόγους
1729 1311 1862 1362 μου,
1897 1292 2031 1345 ὡσεὶ

445 1373 520 1427 τά
545 1375 719 1447 ἄστρα
741 1379 835 1432 τοῦ
861 1381 1095 1450 ούρανοῦ
1131 1385 1210 1447 εἰς
1241 1385 1334 1439 τὸν
1372 1384 1546 1439 αἰῶνα
1569 1384 1663 1438 τοῦ
1687 1383 1904 1447 αἰῶνος.

497 1467 575 1522 -4,
604 1469 716 1522 Kal
746 1471 832 1538 σὺ,
866 1473 1085 1545 Δανιὴλ,
1112 1476 1350 1546 κάλυψον
1370 1477 1442 1530 τὰ
1480 1477 1898 1548 προστάγματα,
1935 1475 2031 1528 καὶ

450 1563 753 1632 σφραγίσαι
773 1564 836 1618 τὺ
860 1564 1064 1636 βιϐλίον
1096 1568 1201 1633 ἕως
1241 1571 1436 1639 καιροῦ
1468 1568 1799 1631 συντελείας,
1833 1568 1938 1630 ἕως
1964 1566 2030 1620 ἂν

450 1653 807 1722 ἁπομανῶσιν
845 1658 895 1710 οἱ
928 1657 1133 1726 πολλοὶ,
1171 1661 1262 1714 καὶ
1292 1660 1506 1732 πλησθῇ
1541 1662 1574 1730 ἡ
1621 1660 1694 1730 γῆ
1724 1660 1954 1722 ἀδικίας.

2129 481 2274 552 (erit)
2295 483 2413 538 dies
2438 483 2883 551 tribulalationis,
2943 483 3120 554 qualis
3153 499 3260 539 non
3314 483 3455 539 facta
3492 494 3594 546 est,
3629 501 3697 540 ex

2127 588 2238 642 quo
2266 573 2422 630 iactae
2451 585 2582 630 sunt
2609 576 2842 647 (gentes)
2874 592 3047 645 usque
3071 575 3136 630 ad
3161 576 3305 630 diem
3351 578 3519 630 illam.
3550 575 3614 630 Et
3643 577 3696 650 in

2127 662 2220 717 illa
2255 663 2344 720 die
2400 665 2728 720 exaltabitur
2787 665 2966 722 omnis
3019 666 3277 736 populus.
3311 666 3405 735 qui
3445 665 3700 721 inventus

2128 755 2293 812 fuerit
2321 758 2618 827 inscriptus
2646 761 2699 814 in
2743 759 2904 813 libro.

2198 850 2254 903 2.
2296 848 2364 904 Et
2386 850 2541 905 multi
2571 851 2961 906 dormientium
2999 850 3054 904 in
3092 848 3375 904 latitudine
3412 858 3570 902 terra:
3602 864 3701 903 ex-

2130 951 2375 1012 surgent,
2419 943 2509 998 alii
2549 943 2768 1013 quidem
2822 943 2876 997 in
2921 943 3086 997 vitam
3127 951 3404 1004 aeternam,
3449 941 3542 994 alii
3577 953 3704 994 vero

2131 1030 2185 1086 in
2217 1031 2596 1101 opprobrium,
2628 1032 2720 1086 alii
2743 1046 2870 1087 vero
2900 1031 2955 1085 in
2985 1028 3403 1100 dispersionem,
3429 1036 3484 1081 et
3507 1025 3702 1082 confu—

2131 1121 2340 1177 sionem
2381 1123 2788 1193 sempiternam.

2201 1213 2256 1266 3.
2296 1212 2363 1268 Et
2408 1214 2772 1284 intelligentes
2807 1213 3170 1285 splendebunt
3228 1212 3372 1268 sicut
3415 1210 3703 1266 luminaria

2131 1303 2791 1359 coalizetconiirmantes
2843 1317 3128 1360 sermones
3178 1317 3330 1358 meos
3375 1301 3531 1372 quasi
3559 1309 3704 1354 astra

2131 1392 2258 1448 coeli
2289 1394 2343 1448 in
2370 1395 2630 1450 saeculum
2662 1395 2870 1453 seculi.

2205 1487 2261 1542 4.
2301 1486 2383 1542 Tu
2417 1501 2622 1552 autem,
2651 1488 2860 1551 Daniel,
2884 1489 3157 1544 absconde
3175 1489 3452 1552 mandata,
3471 1495 3527 1541 et
3551 1486 3707 1556 signa

2130 1581 2330 1636 librum
2357 1596 2530 1651 usque
2554 1580 2620 1635 ad
2652 1589 2864 1650 tempus
2891 1580 3399 1644 consummationis,
3423 1580 3595 1634 donec
3620 1580 3705 1632 in-

2133 1673 2354 1728 saniant
2382 1672 2563 1736 multi,
2593 1681 2647 1726 et
2678 1672 2966 1742 impleatur
2994 1681 3139 1726 terra
3169 1671 3496 1740 iniquitatis.

523 1745 576 1799 5.
608 1742 870 1832 KalelSov
899 1749 1009 1817 ἐγὼ
1031 1750 1249 1822 Δανιὴλ,
1268 1753 1362 1805 καὶ
1389 1751 1497 1806 ἰδοὺ
1520 1751 1612 1804 δύο
1641 1752 1816 1822 ἕτεροι
1849 1751 2032 1821 είστή-
2065 1747 2106 1804 Β
2203 1763 2257 1817 5,

1973 1751 2032 1821 ll'
2065 1747 2106 1804 Β
2203 1763 2258 1817 5.
2299 1761 2365 1816 Et
2400 1763 2509 1816 vidi
2543 1776 2644 1832 ego
2675 1760 2884 1824 Daniel,
2913 1769 2970 1816 et
3013 1775 3141 1814 ecce
3172 1759 3282 1814 duo
3329 1758 3420 1813 alii
3469 1757 3707 1822 stabant,

450 1851 660 1897 κεισαν,
692 1831 773 1901 εἷς
799 1838 952 1893 ἐνθεν
979 1840 1073 1894 τοῦ
1109 1841 1380 1912 ποταμοῦ,
1415 1843 1511 1896 καὶ
1533 1837 1612 1906 εἷς
1646 1843 1816 1895 ἐνθεν.

523 1926 578 1982 6.
610 1929 720 1982 Kal
747 1925 876 1983 εῐπα
895 1931 974 2000 τῷ
1009 1932 1092 1986 ένὶ
1123 1932 1201 2002 τῷ
1227 1934 1679 2005 περιϐεϐλημένῳ
1706 1934 1775 1987 τά
1805 1932 2033 2003 βύσσινα

452 2018 532 2090 τῷ
568 2020 753 2074 ὲπάνω
777 2021 870 2074 τοῦ
905 2022 1095 2088 ὓδατος
1119 2025 1214 2078 τοῦ
1249 2027 1496 2097 ποταμοῦ
1514 2042 1527 2054 ·
1563 2027 1700 2080 Πότε
1725 2021 1817 2079 οῦν
1844 2025 2034 2078 συντέ-

453 2110 572 2164 λεια
607 2105 682 2166 ὧν
712 2115 941 2184 εἴρηκάς
975 2133 1066 2185 μοι
1097 2118 1205 2172 τῶν
1239 2117 1600 2190 θαυμαστῶν;
1637 2132 1702 2174 +
1731 2119 1828 2172 καὶ
1860 2119 1890 2171 6
1935 2135 2036 2171 κα-

454 2201 723 2273 θαρισμὸς
759 2218 822 2260 σε-
847 2204 1054 2261 τούτων
1079 2207 1136 2278 /.

525 2301 578 2356 7.
604 2303 715 2356 Kal
743 2304 950 2374 ἥκουσα
980 2305 1074 2359 τοῦ
1100 2306 1570 2378 περιϐεϐλημένον
1599 2306 1666 2362 τά
1693 2307 1942 2378 βύσσινα,
1976 2306 2037 2370 ὃς

450 2389 522 2465 ἦν
546 2395 731 2448 ἐπάνω
749 2395 842 2449 τοῦ
865 2396 1057 2460 ὓδατος
1080 2397 1174 2452 τοῦ
1213 2400 1484 2470 ποταμοῦ·
1513 2401 1659 2464 ’Έως
1691 2401 1884 2471 καιροῦ
1909 2418 2034 2454 συν-

452 2486 696 2550 τελείας·
733 2488 830 2542 καὶ
881 2487 1063 2558 ὓψωσε
1108 2489 1208 2561 τὴν
1251 2491 1430 2555 δεξιὰν
1463 2493 1560 2545 καὶ
1596 2492 1697 2562 τὴν
1737 2492 2035 2562 ἀριστεράν

455 2579 538 2641 εἰς
564 2580 656 2633 τὸν
693 2580 944 2650 οὐρανὸν,
971 2583 1065 2636 καὶ
1087 2581 1269 2651 ὤμοσε
1299 2583 1390 2638 τὸν
1414 2581 1593 2648 ζῶντα
1624 2587 1704 2648 εἰς
1737 2583 1828 2637 τὸν
1862 2584 2036 2638 αίῶνα

454 2669 608 2732 Θεὸν,
642 2671 724 2724 ὅτι
753 2673 833 2735 είς
861 2673 1051 2743 καιρὸν
1082 2676 1177 2727 καλ⁵
1225 2675 1475 2745 καιροὺς,
1507 2675 1603 2727 καὶ
1632 2673 1804 2743 ἥμισυ
1843 2671 2036 2744 καιροῦ

455 2761 491 2832 ή
544 2762 824 2816 συντέλεια
866 2764 1068 2834 χειρῶν
1120 2764 1371 2833 ἀφέσεως
1417 2763 1544 2818 λαοῦ
1577 2764 1756 2833 ἁγίου,
1784 2766 1880 2818 καὶ
1911 2781 2037 2818 συν-

453 2853 843 2925 τελεσθήσεται
877 2855 1056 2910 πάντα
1090 2855 1285 2910 ταῦτα.

529 2947 583 2998 8.
614 2946 728 2998 Kal
766 2942 877 3012 ἐγὼ
905 2946 1138 3014 ἥκουσα,
1168 2947 1264 2999 καὶ
1287 2945 1347 3000 οὗ
1382 2945 1664 3016 διενοήθην
1707 2945 1838 3016 παρ’
1873 2944 2037 2998 αὐτὸν

2134 1870 2279 1910 unus
2303 1854 2372 1908 ab
2394 1869 2503 1908 una
2533 1863 2690 1923 parte
2719 1853 2980 1919 numinis,
3004 1860 3060 1907 et
3085 1851 3226 1906 alius
3249 1853 3317 1905 ab
3346 1850 3515 1905 altera

2204 1946 2258 2000 6.
2301 1945 2368 1999 Et
2393 1944 2506 1999 dixi
2536 1944 2652 2010 uni,
2677 1944 2769 2014 qui
2798 1943 3021 1997 indutus
3043 1950 3160 1996 erat
3186 1940 3445 2011 byssinis,
3471 1939 3563 2008 qui
3595 1945 3711 1992 sta-

2134 2037 2228 2092 bat
2250 2051 2413 2106 supra
2445 2053 2644 2106 aquam
2681 2035 2926 2089 ﬂuminis
2957 2050 2971 2086 :
2999 2032 3232 2099 Quando
3262 2031 3427 2100 igitur
3449 2044 3708 2084 consum-

2135 2129 2304 2183 matio
2343 2129 2618 2192 istorum,
2675 2141 2799 2197 qua:
2845 2126 3030 2183 dixisti
3076 2125 3210 2179 mihi
3267 2122 3623 2187 mirabilium,
3655 2131 3712 2175 et

2135 2221 2419 2280 mundatio
2453 2220 2723 2275 istorum?

2207 2312 2260 2367 7.
2298 2310 2365 2365 Et
2394 2311 2572 2365 audiri
2600 2325 2748 2373 cum,
2779 2307 2872 2377 qui
2912 2306 3136 2362 indutus
3176 2314 3295 2360 erat
3313 2302 3587 2373 byssinis,
3617 2300 3709 2370 qui

2135 2413 2256 2459 erat
2287 2419 2452 2472 super
2480 2417 2679 2472 aquam
2706 2400 2978 2455 ﬂuminis:
3009 2397 3198 2468 Usque
3224 2397 3289 2451 ad
3327 2407 3542 2464 tempus
3576 2409 3710 2448 con-

2137 2494 2524 2550 summationis
2561 2513 2573 2548 :
2605 2502 2660 2548 et
2691 2493 2922 2548 elevavit
2959 2493 3204 2545 dextram
3249 2497 3305 2543 et
3337 2488 3615 2543 sinistram
3656 2485 3712 2538 in

2136 2589 2362 2652 cmlum,
2395 2599 2447 2642 et
2478 2588 2682 2658 juravit
2711 2602 2808 2656 per
2834 2586 3107 2639 viventem
3141 2583 3192 2636 in
3217 2589 3479 2636 aeternum
3519 2579 3711 2642 Deum,

2136 2685 2266 2754 quia
2303 2685 2357 2738 in
2386 2691 2622 2751 tempus,
2648 2691 2702 2736 et
2727 2692 2993 2751 tempora,
3041 2688 3098 2733 et
3131 2677 3414 2731 dimidium
3451 2673 3715 2743 temporis

2135 2776 2540 2832 consummatio
2574 2788 2836 2827 manuum
2870 2770 3210 2827 dimissionis
3263 2767 3450 2839 populi
3505 2766 3714 2832 sancti;

2135 2877 2192 2923 et
2220 2869 2752 2923 consumrnabuntur
2779 2865 2962 2918 omnia
2991 2864 3130 2917 haec.

2209 2959 2264 3014 8.
2304 2959 2372 3012 Et
2401 2973 2502 3029 ego
2539 2958 2746 3018 audivi,
2785 2965 2838 3011 et
2890 2971 2999 3010 non
3066 2953 3304 3009 intellexi
3341 2953 3484 3007 circa
3535 2951 3714 3020 ipsum

450 3035 550 3090 τὸν
578 3036 790 3107 καιρὸν,
822 3037 919 3090 καὶ
940 3033 1104 3091 εῐπα’
1135 3038 1330 3108 Κύριε,
1363 3038 1446 3101 τίς
1496 3040 1530 3107 ἡ
1563 3038 1718 3102 λύσις
1749 3037 1846 3091 τοῦ
1877 3037 2036 3106 λόγου
2065 3086 2108 3144 C
2140 3061 2184 3107 ιε

1977 3054 2036 3090 ου
2065 3086 2108 3144 C
2140 3061 2375 3122 tempus,
2402 3059 2456 3103 et
2480 3050 2590 3104 dixi
2639 3066 2652 3100 :
2690 3047 2941 3110 Domine,
2969 3061 3220 3114 quaenam
3261 3044 3462 3101 solutio
3504 3058 3711 3098 sermo-

447 3127 670 3191 τούτου,
695 3130 792 3182 καὶ
818 3129 962 3193 τίνος
993 3130 1051 3184 al
1080 3129 1391 3200 παραϐολαὶ
1419 3125 1615 3194 aia-cat;

528 3220 581 3275 9.
618 3222 729 3275 Kal
758 3216 880 3274 εἶπέ
910 3238 1021 3291 μοι·
1041 3222 1355 3291 Ἀπότρεχε,
1375 3223 1595 3291 Δανιὴλ,
1614 3222 1696 3274 ὅτι
1734 3238 2044 3274 κατακεκα-

453 3311 732 3383 λυμμένα,
761 3314 857 3367 καὶ
881 3313 982 3380 ὲσφ
992 3313 1297 3383 ραγισμένα
1310 3315 1379 3367 τά
1399 3313 1821 3384 προστάγματα,
1851 3312 1956 3376 ἕως
1976 3311 2042 3364 ἂν

454 3404 795 3473 πειρασθῶσι
829 3405 926 3457 καὶ
962 3403 1264 3472 άγιασθῶσι
1289 3403 1497 3457 πολλοί.

534 3495 622 3552 10.
650 3497 762 3550 Kal
781 3496 1100 3566 ἁμάρτωσιν
1134 3497 1178 3548 oi
1215 3495 1555 3566 ἁμαρτωλοὶ,
1579 3497 1676 3550 xal
1721 3496 1784 3550 οὒ
1823 3495 1900 3566 μὴ
1927 3496 2045 3550 δια-

455 3587 695 3658 νοηθῶαι
727 3587 930 3651 πάντες
957 3587 1008 3642 οἱ
1046 3587 1366 3659 ἁμαρτωλοὶ
1387 3629 1403 3654 ,
1447 3587 1545 3641 καὶ
1589 3587 1640 3640 oi
1672 3585 2045 3656 διανοούμενοι

455 3681 838 3752 προσέξουσιν.

536 3774 624 3827 11.
662 3771 778 3840 Ἀφ’
811 3765 874 3825 ού
907 3773 972 3826 ἂν
995 3771 1280 3843 ἀποσταθῇ
1311 3773 1345 3844 ἠ
1383 3770 1545 3826 θυσία
1589 3771 1918 3837 διαπαντὸς,
1950 3771 2046 3826 καὶ

457 3863 764 3934 ἑτοιμασθῇ
829 3862 1052 3933 δοθῆναι
1095 3862 1158 3915 τὸ
1207 3862 1484 3933 βδέλυγμα
1536 3861 1640 3932 τῆς
1687 3862 2044 3934 ἐρημώσεως,

458 3945 680 4028 ἡμέρας
705 3955 880 4026 χιλίας
910 3955 1189 4018 διακοσίας
1216 3956 1561 4025 ἐνενήκοντα.

539 4048 624 4103 12.
657 4047 943 4118 Μακάριος
975 4048 1004 4099 6
1034 4046 1288 4117 ἐμμένων
1323 4047 1420 4099 καὶ
1455 4045 1676 4111 συνάξει
1709 4047 1790 4110 είς
1831 4045 2048 4118 ἡμέρας

460 4139 643 4212 χιλίας
674 4139 992 4211 τριακοσίας
1019 4138 1312 4208 τριάκοντα
1343 4137 1528 4192 πέντε.

538 4245 622 4300 15.
665 4243 776 4297 Καὶ
804 4241 868 4294 σὺ
901 4240 1143 4310 βάδιζον,
1188 4237 1470 4293 ἀναπαύου
1517 4251 1580 4293 -ι-
1624 4235 1704 4291 ἔτι
1753 4236 1864 4309 γὰρ
1911 4237 2050 4291 είσὶν

459 4335 674 4408 ἡμέραι
714 4336 810 4388 καὶ
841 4333 983 4403 ὧραι
1019 4334 1099 4395 είς
1127 4331 1516 4402 ἀναπλήρωσιν
1544 4330 1856 4393 συντελείας
1874 4331 1930 4400 /.
1954 4332 2051 4384 καὶ

2143 3143 2231 3198 nis
2266 3143 2429 3210 hujus
2449 3181 2463 3201 ,
2496 3149 2549 3195 et
2582 3139 2740 3207 cujus
2764 3138 3036 3207 parabolae
3063 3136 3223 3191 istae!

2212 3234 2266 3289 9.
2307 3231 2373 3285 Et
2402 3231 2540 3285 dixit
2573 3229 2741 3283 mihi:
2779 3228 3088 3291 Revertere,
3108 3226 3314 3291 Daniel,
3341 3226 3467 3295 quia
3502 3225 3716 3279 obtecta

2143 3335 2198 3380 et
2231 3325 2517 3393 obsignata
2550 3330 2680 3376 sunt
2714 3317 3388 3389 mandata,,quoadusque
3441 3325 3719 3371 tenteutur

2143 3430 2198 3474 et
2224 3415 2632 3472 sanctiﬁcentur
2658 3413 2836 3468 multi.

2216 3509 2304 3561 10.
2347 3506 2412 3558 Et
2445 3514 2668 3576 peccent
2689 3512 3027 3575 peccatores,
3054 3510 3110 3556 et
3125 3518 3230 3555 non
3256 3500 3563 3570 intelligant
3596 3512 3720 3553 omo

2145 3613 2244 3654 nes
2279 3607 2615 3668 peccatores,
2641 3603 2695 3653 et
2721 3593 3083 3663 intelligentes
3105 3591 3404 3646 attenderit.

2217 3772 2302 3826 ll.
2345 3769 2423 3824 Ex
2455 3785 2566 3840 quo
2593 3776 2840 3839 tempore
2868 3766 3127 3823 deiecerit
3149 3766 3478 3822 sacriﬁcium
3497 3767 3646 3836 juge,
3669 3773 3724 3819 et

2148 3873 2395 3934 paratum
2435 3861 2617 3923 fuerit,
2655 3871 2717 3916 ut
2741 3862 2898 3916 detur
2945 3860 3283 3914 abominatio
3341 3860 3719 3929 desolationis,

2147 3957 2268 4012 dies
2301 3956 2448 4010 mille
2477 3953 2698 4009 ducenti
2731 3953 3047 4022 nonaginta.

2222 4049 2308 4103 12.
2340 4048 2538 4102 Beatus
2557 4047 2648 4116 qui
2684 4055 2982 4115 exspectat,
3010 4054 3061 4100 et
3094 4045 3446 4115 congregabit
3487 4043 3554 4098 ad
3608 4043 3726 4101 dies

2149 4143 2300 4198 mille
2325 4149 2601 4196 trecentos
2630 4139 2851 4210 triginta
2877 4139 3140 4208 quinque.

2223 4235 2310 4288 l5.
2351 4231 2434 4287 Tu
2467 4239 2650 4286 autem
2679 4230 2838 4293 vade.
2868 4230 3174 4299 requiesce,
3209 4227 3390 4282 adhuc
3427 4227 3571 4282 enim
3599 4236 3730 4283 sunt

2150 4315 2291 4391 dies,
2319 4336 2374 4380 et
2427 4325 2578 4378 horze
2626 4321 2694 4377 ad
2747 4321 3165 4391 completionem
3217 4320 3724 4376 consummationis.

461 4426 780 4497 ἀναπαύσῃ.
812 4425 908 4478 καὶ
935 4424 1215 4494 ἀναστήσῃ
1244 4423 1339 4476 ἐπὶ
1355 4421 1455 4493 τὴν
1493 4421 1652 4486 δόξαν
1687 4437 1782 4474 σου
1813 4423 1894 4485 είς
1924 4438 2050 4476 συν-
2086 4445 2130 4501 D
2158 4419 2195 4473 Β

1992 4440 2050 4476 ν-
2086 4445 2130 4501 D
2158 4419 2486 4488 Requiesces
2507 4425 2712 4480 autem,
2743 4424 2799 4470 et
2824 4429 3076 4485 resurges
3103 4428 3272 4484 super
3317 4410 3542 4485 gloriam
3578 4421 3725 4466 tuam

461 4517 678 4571 τέλειαν
706 4515 946 4586 ἡμερῶν.

541 4610 740 4680 Δανιὴλ
777 4607 918 4662 κατὰ
940 4608 1068 4671 τοὺς
1096 4608 1173 4670 0’,
1211 4603 1430 4676 ἐγράφη
1460 4603 1520 4668 EE
1541 4603 1880 4676 ἀντιγράφου
1903 4604 2053 4676 ἔχον-

463 4716 563 4764 τος
596 4701 697 4770 τὴν
725 4701 900 4769 ὑποση
910 4701 1134 4769 μείωσιν
1157 4696 1364 4766 ταύτην
1384 4713 1400 4729 ·
1437 4695 1682 4767 Ἐγράφη
1709 4698 1775 4750 ὲκ
1813 4697 1921 4751 τῶν
1947 4695 2068 4752 Τε-·

467 4791 726 4864 τραπλῶν
757 4789 818 4856 ἐξ
840 4786 916 4845 ὧν
942 4792 1038 4845 καὶ
1069 4788 1366 4861 παρετέθη.

1073 4923 1328 4979 ΚΕΦΑΛ.
1357 4921 1432 4974 II"

1085 5014 1426 5070 Σουσάννα.

546 5113 599 5167 1.
633 5114 685 5181 2
723 5112 836 5166 Kal
859 5107 927 5182 ἦν
959 5109 1098 5180 ἀνὴρ
1123 5106 1288 5162 οἰκῶν
1318 5107 1375 5160 ὲν
1408 5108 1710 5179 Βαϐυλῶνι,
1757 5115 1852 5167 καὶ
1882 5114 2048 5183 ὄνομα

479 5205 536 5273 2
571 5204 718 5274 αὐτῷ
768 5202 976 5256 Ἰωακεί
985 5220 1044 5272 μ.

545 5296 598 5349 2.
631 5298 683 5364 2
717 5297 827 5348 Kal
850 5294 1008 5350 έλαϐε
1031 5298 1284 5365 γυναῖκα,
1368 5299 1538 5368 δνομα
1567 5297 1859 5361 Σουσάννα,
1886 5293 2052 5362 θυγά-

481 5387 538 5458 2
572 5403 678 5458 τηρ
711 5387 965 5455 Χελκίου,
1018 5388 1158 5460 καλὴ
1199 5390 1428 5462 σφόδρα,
1468 5389 1564 5441 καὶ
1619 5386 1930 5458 φοϐουμένη
1960 5383 2052 5437 τὸν

483 5478 537 5544 2
574 5475 796 5546 Κύριον.

549 5569 602 5623 5.
642 5571 694 5636 2
731 5570 841 5623 Kal
865 5572 915 5623 oi
961 5573 1139 5639 γονεῖς
1192 5571 1363 5640 αὐτῆς
1397 5571 1619 5636 δίκαιοι,
1676 5572 1770 5624 καὶ
1807 5568 2050 5634 ἐδίδαξαν

484 5661 540 5727 2
572 5659 672 5730 τὴν
694 5659 964 5732 θυγατέρα
989 5664 1169 5716 αὐτῶν
1208 5664 1349 5718 κατά
1373 5665 1465 5717 τὸν
1495 5664 1659 5736 νόμον
1693 5662 1924 5732 Μιυῦσῆ.

549 5752 601 5806 4-
637 5751 688 5818 2
719 5753 828 5808 Καὶ
866 5750 932 5827 ἦν
979 5757 1232 5828 Ἱωακεὶμ
1273 5756 1523 5822 πλούσιος
1574 5757 1775 5828 σφόδρα
1803 5796 1816 5823 ,
1859 5755 1948 5808 καὶ
1983 5749 2048 5825 ἦν

2155 4511 2210 4564 in
2235 4508 2712 4564 consummatione
2738 4505 2975 4560 dierum.

2230 4597 2418 4652 Daniel
2440 4597 2596 4663 juxta
2634 4594 2774 4648 LXX
2829 4593 3139 4663 descriptus
3187 4600 3274 4646 cst
3323 4591 3393 4646 ab
3432 4591 3730 4662 exemplari

2155 4691 2391 4746 habente
2422 4687 2886 4756 subscriptionem
2923 4685 3064 4740 hanc
3107 4684 3468 4754 :Descriptus
3529 4696 3612 4740 est
3661 4700 3731 4740 ex

2156 4781 2427 4851 Tetraplis
2457 4795 2582 4835 cum
2611 4778 2812 4848 quibus
2845 4779 3009 4832 etiam
3045 4778 3279 4832 collatus
3305 4787 3412 4832 est.

2730 4913 2963 4968 CAPUT
3008 4911 3152 4968 Xlll.

2808 5004 3080 5059 Susanna.

2225 5115 2274 5168 1.
2319 5112 2380 5168 El
2404 5120 2521 5168 erat
2550 5111 2632 5166 vir
2688 5109 2940 5166 habitans
2991 5109 3045 5162 in
3108 5108 3403 5180 Babylone.
3449 5115 3504 5163 et
3535 5121 3731 5164 nomen

2154 5212 2274 5280 ejus
2303 5209 2534 5264 Joacim.

2224 5303 2278 5356 9..
2324 5301 2387 5354 Et
2416 5300 2626 5370 accepit
2655 5313 2902 5362 uxorem,
2934 5297 3020 5352 cui
3043 5312 3238 5350 nomen
3288 5295 3537 5350 Susanna
3566 5337 3580 5361 ,
3624 5294 3730 5349 lilia

2153 5394 2390 5450 Cbelcia:
2415 5393 2646 5464 pulchra
2681 5391 2860 5457 valde,
2893 5399 2947 5444 et
2982 5391 3179 5443 timens
3211 5388 3525 5442 Dominum.

2227 5572 2282 5626 5.
2323 5569 2387 5623 Et
2413 5578 2665 5638 parentes
2716 5566 2836 5636 ejus
2877 5566 3050 5634 justi;
3101 5575 3155 5623 et
3205 5566 3512 5622 docuerunt
3564 5567 3729 5621 lilium

2153 5676 2308 5714 suam
2340 5657 2636 5712 secundum
2674 5657 2844 5727 legem
2870 5655 3061 5728 Moysi.

2224 5752 2278 5806 4.
2318 5749 2444 5803 Erat
2470 5747 2875 5806 autcmloacim
2890 5747 3042 5806 dives
3071 5749 3245 5818 valde,
3265 5758 3450 5808 ctcrat
3477 5749 3730 5822 cipoma-
