4390 6222
1060 271 1193 328 2851

2290 250 2542 333 DANIEL
2581 277 2805 334 JUXTA
2846 272 2989 334 Lxx

4187 246 4390 331 2832'

1059 387 1203 438 rium
1237 383 1473 441 vicinum
1498 385 1685 442 domui
1732 401 1877 453 suae;
1919 398 1973 444 et
2005 389 2071 445 ad
2102 390 2277 461 ipsum
2306 394 2637 449 accedebant
2667 396 2708 453 Α
2747 396 2793 461 2

2593 401 2637 447 ιι
2667 396 2708 453 Α
2747 396 2800 461 2
2833 392 2983 463 αὐτῷ
3023 390 3351 463 παράδεισος
3378 388 3629 460 γειτνιῶν
3681 385 3759 459 τῷ
3793 388 3927 459 οἴκῳ
3962 384 4172 440 αὐτοῦ’
4236 387 4327 440 καῖ

1056 473 1253 541 Judaei,
1278 491 1343 531 eo
1370 478 1516 547 quod
1552 485 1698 535 esset
1729 480 2106 537 honorabilior
2148 485 2425 540 omnibus.

1131 650 1186 703 5.
1229 649 1294 705 Et
1319 652 1579 708 declarati
1608 664 1739 710 sunt
1764 656 1875 711 duo
1924 658 2170 714 seniores
2212 658 2279 715 de
2316 660 2521 729 popqu
2546 660 2638 730 ju-

1058 740 1208 795 dices
1235 743 1286 795 in
1310 758 1455 797 anno
1482 744 1595 808 illo,
1622 745 1687 800 de
1709 748 1908 815 quibus
1935 749 2194 818 loquutus
2225 761 2307 804 est
2334 750 2631 806 Dominus:

1059 829 1196 895 Quia
1220 847 1437 901 egressa
1471 842 1555 888 est
1588 834 1848 904 iniquitas
1885 837 1953 891 de
2001 837 2279 909 Babylone
2326 854 2357 893 a
2399 841 2635 895 seniori-

1058 921 1483 993 busjudicibus,
1514 926 1609 995 qui
1643 928 1967 983 videbantur
1985 944 2176 1000 regere
2207 930 2491 1001 populum.

1130 1095 1184 1149 6.
1228 1096 1296 1151 Et
1322 1100 1613 1156 veniebant
1651 1104 2039 1160 controversiae
2069 1104 2134 1161 de
2157 1105 2281 1162 aliis
2312 1106 2632 1165 civitatibus

1057 1188 1127 1243 ad
1154 1203 1267 1242 eos.

1132 1281 1183 1334 7.
1224 1281 1313 1336 lsti
1337 1298 1461 1336 cum
1490 1284 1737 1340 viderent
1767 1287 2049 1342 mulierem
2092 1289 2394 1360 elegantem
2431 1290 2629 1360 forma,

1060 1372 1344 1427 mulierem
1387 1373 1573 1431 fratris
1609 1375 1690 1430 sui
1727 1377 1793 1431 de
1819 1378 1945 1433 [iliis
1975 1380 2140 1434 lsrael
2169 1384 2389 1438 nomine
2424 1382 2632 1438 Susan-

1059 1477 1207 1529 nam,
1223 1464 1384 1517 tiliam
1403 1465 1656 1532 Chelcite,
1685 1482 1909 1523 uxorem
1927 1467 2160 1536 Joacim,
2185 1472 2629 1532 deambulantem

2746 485 2799 551 2
2833 483 2970 553 πρὸς
3002 483 3164 536 αὑτὸν
3194 481 3530 552 προσήγοντο
3566 479 3616 531 οἱ
3660 477 3925 541 Ἰουδαῖοι,
3972 476 4066 530 διὰ
4092 476 4160 548 τὸ
4194 470 4328 527 εἶναι

2746 578 2799 643 2
2833 574 2994 628 αὐτὸν
3026 573 3364 643 ἐνδοξότερον
3394 573 3631 627 πάντων.

2808 666 2861 719 5.
2898 667 2950 733 2
2984 665 3096 719 Kal
3139 661 3541 734 ἀπεδείχθησαν
3575 659 3671 714 δύο
3710 657 4081 732 πρεσϐύτεροι
4134 656 4211 709 ἐκ
4237 653 4328 705 τοῦ

2744 756 2798 823 2
2835 755 2964 808 λαοῦ
3014 756 3202 825 κριταὶ
3250 754 3309 807 ἐν
3358 752 3437 823 τῷ
3487 749 3722 820 ἐνιαυτῷ
3758 747 3953 817 ἐκείνῳ
4085 746 4229 816 περὶ
4258 739 4328 798 ὧν

2735 846 2997 915 ἐλάλησεν
3029 848 3056 899 ὁ
3084 845 3382 914 Δεσπότης·
3423 845 3546 897 Ὀτι
3571 839 3795 911 ἐξῆλθεν
3830 838 4036 908 ἀνομία
4057 840 4126 890 ὲκ
4148 836 4328 889 Βαϐυ-

2734 936 2902 1000 λῶνος
2923 938 2985 991 ἐκ
3017 934 3405 1006 πρεσϐυτέρων
3431 931 3659 1005 κριτῶν,
3707 930 3757 984 οἳ
3788 929 4010 983 ἐδόκουν
4044 927 4327 997 κυϐερνᾷν

2732 1027 2824 1081 τὸν
2849 1027 2995 1082 λαόν.

2804 1118 2859 1173 6.
2897 1120 3008 1173 Kal
3034 1119 3280 1190 ,ἤρχοντο
3337 1114 3548 1186 κρίσεις
3586 1113 3648 1180 ἐξ
3696 1112 3872 1169 ἄλλων
3910 1111 4130 1165 πόλεων
4190 1110 4327 1181 πρὸς

2732 1209 2951 1274 αὐτούς.

2804 1304 2857 1357 7.
2887 1298 3046 1359 Οὗτοι
3075 1302 3274 1367 ἰδόντες
3296 1303 3531 1372 γυναῖκα
3557 1298 3779 1354 ἀστείαν
3804 1298 3883 1369 τῷ
3902 1297 4059 1357 εῖδει.
4085 1298 4327 1365 γυναῖκα

2731 1394 2961 1465 ἀδελφοῦ
2993 1394 3172 1448 αὐτῶν
3206 1394 3271 1447 ἐκ
3296 1391 3404 1446 τῶν
3441 1390 3574 1444 υἱῶν
3620 1388 3835 1461 Ἰσραὴλ
3877 1388 4059 1457 ὄνομα
4085 1388 4327 1441 Σουσάν-

2730 1501 2848 1550 ναν,
2884 1483 3161 1554 θυγατέρα
3186 1480 3442 1546 Χελκίου,
3476 1481 3714 1549 γυναῖκα
3757 1477 4043 1547 ’1ωακεὶμ,
4079 1492 4327 1547 περιπα-

1059 1551 1118 1606 in
1143 1555 1390 1623 pomario
1425 1556 1527 1611 viri
1562 1558 1648 1611 sui
1679 1566 1922 1628 tempore
1947 1562 2345 1630 pomeridiano.
2728 1593 2791 1630 το

2728 1576 2929 1630 τοῦσαν
2956 1551 3014 1629 ἐν
3032 1551 3110 1646 τῷ
3139 1573 3454 1646 παραδείσῳ
3479 1571 3577 1627 τοῦ
3618 1569 3811 1641 ἀνδρὸς
3856 1570 4035 1640 αὐτῆς
4052 1568 4121 1621 τδ
4144 1568 4325 1621 δειλι-

2657 1725 2703 1782 B
2729 1668 2858 1815 νύξ.
2890 1758 3001 1812 Kal
3039 1755 3483 1828 ἐπιθυμήσαντες
3502 1754 3692 1824 αὐτῆς.

2798 1850 2853 1905 9.
2888 1848 3222 1919 Διέστρεψαν
3248 1847 3340 1899 τὸν
3358 1845 3482 1899 νοῦν
3506 1844 3703 1907 αὐτῶν,
3739 1840 3833 1897 καὶ
3865 1839 4162 1907 ἐξέκλιναν
4201 1839 4321 1901 τοὺς

2728 1941 3040 2012 ὀφθαλμοὺς
3074 1938 3276 2005 αὐτῶν,
3310 1935 3406 1991 τοῦ
3449 1935 3523 2008 μὴ
3560 1934 3775 2006 βλέπειν
3807 1935 3888 1996 εἰς
3928 1932 4027 1984 τὸν
4066 1931 4317 1999 οὐρανὸν,

1127 1730 1182 1785 8.
1224 1730 1292 1787 Ει
1317 1747 1442 1787 cum
1472 1736 1859 1805 concupissent
1887 1752 2035 1794 eam.

1129 1823 1183 1879 9.
1227 1826 1612 1883 Perverterunt
1644 1839 1881 1886 mentem
1913 1847 2089 1897 suam,
2127 1841 2182 1888 et
2218 1832 2632 1891 declinaverunt

1055 1916 1247 1971 oculos
1270 1933 1422 1982 suos,
1459 1934 1528 1973 ne
1561 1920 1869 1989 aspicerent
1896 1923 1951 1977 in
1980 1923 2204 1992 coelum,
2244 1940 2421 1996 neque
2453 1941 2631 1982 recor-

1054 2005 1316 2063 darentur
1329 2009 1663 2078 judiciorum
1694 2012 1994 2081 justorum.
2732 2005 2788 2107 pi

2732 2005 2868 2107 μῆδὲ
2903 2005 3266 2105 μνημονεύειν
3288 2005 3574 2101 κριμάτὼν
3596 2026 3838 2081 δικαίων.

1130 2097 1215 2151 10.
1257 2097 1323 2154 Et
1342 2101 1504 2158 ambo
1528 2112 1685 2158 erant
1721 2106 1964 2161 stimulis
2006 2106 2195 2177 agitati
2225 2122 2356 2178 erga
2395 2122 2538 2174 eam,
2573 2117 2629 2165 et
2732 2097 2746 2107 ’
2795 2097 2864 2179 ἰο

2580 2117 2629 2165 ει
2732 2097 2746 2107 1
2795 2097 2885 2179 10.
2903 2097 3038 2177 ’Κάὶ
3063 2097 3366 2193 ἀμφότεροι
3387 2116 3527 2191 ἦσαν
3553 2115 4022 2186 κατανενυγμένοι
4054 2115 4196 2185 περὶ
4222 2116 4314 2167 αὖ·

1055 2185 1194 2241 alter
1227 2187 1379 2242 alteri
1404 2189 1789 2247 dissimulabat
1809 2195 2097 2258 malitiam,
2152 2211 2270 2266 qua:
2318 2197 2629 2267 possidebat
2725 2212 2789 2283 τῆ

2580 2207 2629 2253 ³⁸
2725 2212 2849 2283 τῆς,
2880 2212 2975 2265 καὶ
2995 2185 3183 2283 ἕτερος
3205 2185 3294 2281 τῷ.
3325 2185 3498 2281 ἑτέρῳ
3534 2206 3596 2259 ού
3641 2185 4023 2276 προσεποιεῖτο
4057 2204 4123 2255 τὸ
4153 2204 4314 2255 κακὴν

1054 2291 1153 2333 eos
1179 2288 1401 2350 propter
1426 2280 1636 2351 ipsam;
1675 2298 1854 2354 neque
1911 2284 2108 2342 mulier
2145 2297 2476 2358 cognoverat
2511 2304 2625 2344 rem
2725 2280 2788 2358 τδ

2583 2305 2625 2344 πη
2725 2280 2793 2358 τδή
2815 2304 2937 2374 ἐχον
2985 2280 3188 2365 αὐτοὺς
3235 2300 3369 2372 περὶ
3404 2280 3614 2369 αὐτῆς,
3650 2295 3773 2349 οὑδέ
3817 2295 3852 2366 ή
3906 2294 4057 2365 γυνὴ
4085 2294 4237 2362 ἔγνω
4264 2294 4317 2346 τὸ

1054 2367 1220 2427 hanc.
2727 2413 2788 2466 πε

1465 2465 1471 2466 ,
2727 2367 2960 2466 πρᾶγμα
2984 2391 3162 2447 τοῦτο.

1124 2460 1210 2514 12.
1250 2460 1317 2516 Ει
1349 2465 1533 2519 statim
1559 2466 1800 2523 diluculo
1827 2468 2103 2525 venientes
2149 2469 2404 2526 fallebant
2453 2488 2514 2528 se
2544 2472 2629 2529 in-
2774 2460 2858 2540 λε

2584 2491 2629 2529 ι·-
2922 2487 3036 2539 Kal
3085 2485 3161 2547 ὼς
3191 2481 3415 2553 ’ἐγίνετο
3446 2481 3672 2553 δρθρος,
3725 2476 4018 2551 ἐρχόμενοι
4056 2478 4318 2530 ἔκλεπτον

1051 2552 1251 2624 vicem,
1286 2557 1652 2615 accelerantes
1673 2560 1798 2630 quis
1826 2572 2111 2631 appareret
2141 2564 2191 2619 ei
2241 2566 2411 2635 prior,
2453 2578 2509 2623 et
2546 2571 2626 2625 lo-
2724 2579 2785 2632 ἀλ

2579 2584 2626 2625 3-
2724 2578 2987 2650 ἀλλήλους
3022 2576 3364 2640 σπεύδοντες,
3390 2552 3489 2637 τίς
3521 2574 3820 2643 φανήσεται
3842 2570 3987 2640 αὐτῇ
4026 2570 4313 2639 πρότερος.

1051 2654 1313 2714 queretur
1338 2647 1407 2702 ad
1435 2663 1581 2705 eam.
2727 2686 2785 2725 κο

2727 2672 2821 2725 καὶ
2848 2647 3077 2740 λαλήσει
3104 2666 3241 2736 πρὸς
3276 2666 3466 2736 αὐτήν.

1124 2738 1217 2793 15.
1255 2738 1322 2793 Et
1351 2754 1479 2796 ecce
1504 2742 1619 2813 ipsa
1656 2743 1815 2814 juxta
1860 2745 2314 2804 consuetudinem
2357 2749 2625 2805 deambu-
2797 2762 2858 2816 13

2583 2767 2625 2805 ι-
2797 2762 2884 2816 15.
2920 2738 3033 2813 Kal
3059 2759 3169 2813 ἰδοὺ
3194 2756 3337 2827 αὕτη
3358 2754 3503 2809 κατὰ
3526 2754 3587 2807 τὸ
3607 2752 3797 2818 είωθδς
3825 2751 4172 2823 περιεπάτει
4191 2766 4207 2778 ·
4230 2750 4317 2802 καὶ

1051 2825 1220 2891 labat,
1243 2838 1297 2884 et
1326 2846 1469 2887 unus
1496 2832 1563 2887 de
1601 2833 1912 2892 senioribus
1946 2848 2199 2905 venerat;
2236 2849 2290 2895 et
2327 2855 2453 2896 ecce
2482 2842 2623 2899 alius
2723 2854 2785 2907 ὁι

2582 2859 2623 2899 l8
2723 2854 2752 2907 ὁ
2778 2847 2862 2916 εἷς
2886 2852 2997 2905 τῶν
3036 2825 3424 2922 πρεσϐυτέρων
3456 2844 3722 2917 ἐληλύθει,
3778 2843 3877 2897 καὶ
3933 2842 4054 2896 ἰδοὺ
4082 2842 4316 2911 ὀὲτερος

1052 2921 1290 2988 advenit,
1323 2931 1377 2978 et
1401 2938 1543 2980 unus
1576 2925 1743 2980 alium
1771 2926 2150 3000 interrogavit,
2190 2931 2379 2987 dicens
2406 2951 2420 2988 :
2444 2934 2623 3000 Quare
2727 2962 2786 2999 πε

2584 2950 2623 2991 ’Θ
2727 2921 3200 3016 παρεγένετο,καὶ
3237 2934 3318 3003 εἷς
3356 2939 3450 2992 τὸν
3478 2938 3664 3008 ἓτερον
3695 2936 3972 3005 ἀνέκρινε,
4010 2934 4237 3002 λέγων·
4260 2932 4318 2986 Τί

1053 3017 1111 3065 ιιι
1149 3011 1219 3065 ita
1243 3027 1403 3067 mane
1430 3029 1683 3084 egressus
1708 3029 1789 3081 es,
1822 3031 1930 3070 non
1953 3018 2228 3088 accipiens
2247 3019 2377 3073 me?
2647 3050 2691 3109 ο
2725 3035 2787 3089 σὺ

2353 3019 2377 3072 ι
2647 3050 2691 3109 α
2725 3035 2790 3089 σὺ
2812 3011 2992 3099 sum;
3023 3033 3218 3104 δρθρου
3250 3030 3473 3102 ἐξῆλθες
3497 3028 3558 3082 ού
3592 3025 3923 3099 παραλαϐών
3952 3040 4074 3094 με;

1125 3103 1212 3156 14.
1255 3102 1320 3158 Et
1348 3103 1585 3161 confessi
1616 3114 1746 3161 sunt
1775 3108 2150 3179 unusquisque
2195 3109 2338 3164 inter
2362 3124 2423 3165 se
2466 3110 2622 3167 dolo-

1049 3206 1165 3248 rem
1200 3209 1384 3248 suum.

1123 3284 1211 3343 19.
1248 3283 1317 3340 Ει
1345 3286 1483 3341 dixit
1508 3302 1653 3343 unus
1684 3286 1839 3363 aLteri
1869 3305 1883 3343 :
1924 3286 2125 3345 Eamus
2154 3289 2219 3345 ad
2243 3304 2386 3345 eam.
2412 3290 2624 3348 Eteon-

1043 3376 1223 3449 juncti
1271 3388 1624 3437 accesserunt
1668 3378 1737 3434 ad
1793 3394 1940 3445 eam,
1968 3388 2025 3436 et
2080 3381 2190 3436 vim
2241 3380 2512 3439 iaciebant
2566 3386 2621 3439 in

1047 3483 1192 3525 eam.

1116 3559 1209 3613 22.
1249 3558 1316 3613 Et
1344 3559 1482 3616 dixit
1508 3559 1615 3616 illis
1638 3558 1827 3616 Iudaea
1852 3576 1866 3613 :
1895 3559 2027 3616 Novi
2051 3562 2179 3633 quia
2205 3562 2254 3619 si
2300 3578 2462 3634 egero
2492 3563 2617 3633 hoc,

1047 3667 1200 3707 mors
1228 3651 1361 3707 mihi
1387 3662 1494 3719 est,
1518 3660 1573 3709 et
1594 3652 1641 3709 si
1673 3667 1781 3709 non
1810 3668 1990 3725 egero,
2023 3669 2130 3709 non
2148 3654 2401 3726 eﬂ‘ugiam
2426 3672 2621 3713 manus

1046 3752 1277 3797 vestras.

1116 3838 1209 3890 25.
1246 3835 1349 3890 Sed
1375 3834 1661 3891 honestius
1689 3835 1824 3890 mihi
1855 3845 1940 3892 est
1977 3852 2084 3891 non
2133 3835 2426 3893 facientem
2476 3839 2617 3896 inci-

1044 3929 1175 3984 dere
1203 3928 1258 3982 in
1288 3943 1484 3983 manus
1513 3938 1743 3994 vestras,
1771 3942 1932 3997 quam
1968 3943 2192 3999 peccare
2238 3930 2292 3985 in
2323 3939 2619 4001 conspectu

1046 4018 1283 4075 Domini.

1114 4113 1203 4167 28.
1245 4110 1419 4181 lniqui
1451 4119 1629 4167 autem
1660 4112 1762 4167 viri
1810 4113 2012 4169 reversi
2059 4123 2189 4169 sunt
2222 4116 2618 4173 comminantes

1045 4204 1101 4261 in
1123 4206 1451 4275 semetipsis,
1476 4213 1531 4261 et
1562 4205 1791 4263 insidias
1817 4215 2095 4276 parantes,
2138 4216 2199 4263 ut
2243 4217 2420 4263 morte
2440 4209 2618 4265 allice-

1042 4307 1169 4355 rent
1194 4315 1335 4355 eam.
1370 4298 1436 4354 Et
1464 4306 1730 4354 venerunt
1761 4299 1827 4353 ad
1855 4299 2203 4370 Synagogam
2232 4299 2496 4367 civitatis,
2522 4300 2615 4357 ubi

2794 3126 2881 3180 14.
2914 3126 3026 3179 Kal
3052 3123 3531 3194 ἐξωμολογήσαντο
3556 3119 3694 3190 πρὸς
3721 3117 3993 3189 ἀλλήλους
4049 3118 4316 3188 ἑκάτερος

2720 3218 2821 3290 τὴν
2849 3216 3041 3287 ὀδύνην
3072 3214 3257 3269 αὐτοῦ.

2792 3305 2879 3360 19.
2909 3305 3023 3359 Kal
3068 3300 3223 3357 εἶπεν
3260 3304 3345 3367 τὶς
3395 3301 3476 3373 τῷ
3506 3300 3710 3372 ἐτέρῳ’
3735 3297 4117 3371 Πορευθῶμεν
4180 3301 4313 3368 πρὸς

2721 3398 2913 3468 αὑτήν.
2946 3397 3065 3450 Καὶ
3093 3395 3408 3467 συνθέμενοι
3448 3392 3822 3466 προσήλθοσαν
3865 3391 4039 3462 αὐτῇ,
4082 3392 4191 3446 καὶ
4234 3393 4313 3456 ἐξ·

2720 3488 3003 3553 εϐιάζοντο
3028 3482 3223 3557 αὑτήν.

2788 3579 2881 3635 22.
2910 3579 3022 3632 Kal
3042 3572 3194 3630 εἶπεν
3214 3576 3398 3641 αὐτοῖς
3420 3577 3454 3647 ἡ
3493 3575 3739 3630 Ἰουδαία·
3753 3569 3906 3641 Οἶδα,
3923 3573 4015 3627 ὅτι
4038 3574 4145 3628 ἐὰν
4178 3576 4313 3645 πρά-

2720 3671 2797 3739 ξω
2824 3670 3000 3736 τοῦτο,
3033 3668 3261 3731 θάνατός
3291 3684 3384 3738 μοι
3403 3666 3540 3721 ἐστί’
3572 3666 3667 3720 καὶ
3698 3666 3794 3721 ἐὰν
3832 3665 3911 3737 μὴ
3944 3666 4194 3737 πράξω,
4218 3670 4311 3721 οὐκ

2712 3757 3054 3829 ’ἐκφεύξομαι
3080 3756 3178 3820 τὰς
3203 3758 3392 3827 χεῖρας
3420 3753 3596 3825 ὑμῶν.

2786 3849 2880 3903 25.
2912 3847 3146 3903 Κάλλιον
3179 3847 3237 3900 δέ
3263 3863 3333 3919 με
3357 3846 3432 3918 μὴ
3456 3845 3745 3918 πράξασαν
3786 3846 4059 3916 ἐμπεσεῖν
4101 3849 4189 3913 εις
4218 3847 4308 3912 τὰς

2718 3943 2908 4014 χεῖρας
2932 3940 3106 4011 ὑμῶν,
3131 3940 3166 4011 ἢ
3200 3940 3468 4011 ἁμαρτεῖν
3491 3936 3723 3993 ἐνώπιον
3748 3938 3984 4009 Κυρίου.

2787 4123 2877 4179 28.
2906 4124 2969 4178 Ol
2994 4123 3051 4178 δὲ
3080 4121 3385 4193 παράνομοι
3410 4120 3602 4193 ἄνδρες
3623 4120 3979 4192 ἀπέστρεψαν
4013 4122 4306 4177 ἀπειλοῦνο

2715 4230 2807 4279 τες
2830 4216 2889 4268 ἐν
2922 4216 3158 4280 ἐαυτοῖς,
3188 4214 3285 4268 καὶ
3313 4212 3704 4284 ἐνεδρεύοντες,
3747 4212 3838 4267 ἵνα
3887 4212 4306 4268 θανατώσουσιν

2717 4305 2891 4375 αὑτήν
2905 4320 2920 4335 ο
2962 4304 3059 4359 καὶ
3078 4303 3324 4367 ἐλθόντες
3343 4301 3440 4355 ἐπὶ
3462 4301 3562 4371 τὴν
3600 4300 3936 4372 Συναγωγὴν
3950 4301 4059 4371 τῆς
4093 4304 4305 4367 πόλεως

1043 4391 1384 4455 habitabant,
1421 4398 1476 4445 et
1525 4390 1915 4456 consederunt,
1964 4392 2059 4460 qui
2107 4401 2267 4448 erant
2312 4392 2384 4448 ibi
2420 4408 2616 4453 omnes
2645 4399 2691 4454 D
2718 4393 2777 4453 οὗ

2570 4410 2616 4453 ιε
2645 4399 2691 4454 Ι)
2718 4393 2779 4453 οὗ
2797 4397 3119 4469 παρῴκουν,
3142 4395 3241 4451 καὶ
3276 4394 3645 4466 συνήδρευσαν
3671 4392 3722 4447 oi
3747 4393 3902 4457 ὄντες
3938 4395 4067 4447 ἐκεῖ
4099 4395 4304 4459 πάντες

1042 4482 1137 4540 ﬁlii
1167 4480 1352 4536 Israel.

1111 4571 1203 4627 29.
1246 4572 1311 4625 Et
1343 4580 1629 4642 surgentes
1659 4569 1770 4625 duo
1830 4570 2078 4626 seniores
2110 4578 2166 4626 et
2211 4572 2426 4641 judices
2464 4574 2616 4629 dixe-
2690 4620 2693 4623 .

1014 4670 1175 4718 erunt
1203 4677 1217 4714 :
1248 4661 1443 4717 Mittite
1470 4660 1536 4715 ad
1563 4660 1874 4715 Susannam
1901 4660 2067 4714 tiliam
2104 4660 2356 4728 Chelciac,
2384 4678 2505 4732 quae
2530 4672 2615 4720 est

1041 4767 1185 4811 uxor
1208 4750 1439 4808 Joacim.
1482 4751 1564 4806 illi
1600 4760 1782 4805 autem
1810 4751 1996 4807 statim
2022 4763 2372 4822 .vocavcrunt
2395 4768 2540 4810 eam.

1108 4932 1196 4989 '50.
1242 4930 1307 4988 Ut
1343 4939 1523 4986 autem
1552 4930 1769 4986 advenit
1800 4930 1997 4987 mulier
2042 4946 2167 4989 cum
2217 4940 2373 5004 patre
2404 4949 2526 4997 suo,
2558 4945 2607 4990 ct

1040 5034 1235 5091 matre,
1284 5034 1336 5079 et
1360 5024 1524 5089 servi,
1554 5032 1608 5079 ct
1656 5023 1865 5078 ancilla:
1914 5024 2055 5094 ejus,
2110 5038 2235 5079 cum
2293 5035 2477 5081 essent
2508 5044 2612 5082 nu-

1039 5132 1192 5172 moro
1248 5115 1663 5189 quinquaginta,
1720 5115 2016 5172 adfuerunt
2065 5123 2119 5172 et
2157 5116 2308 5172 ﬁlioli
2345 5116 2610 5175 Susannae

1080 5217 1293 5263 uatuor.

1080 5225 1293 5263 uatuor.

1036 5225 1073 5280 q
1104 5301 1196 5354 51.
1240 5297 1368 5352 Erat
1392 5308 1571 5354 autem
1604 5297 1799 5353 mulier
1829 5298 2061 5355 delicata
2102 5297 2285 5355 nimis.

1105 5390 1194 5443 52.
1237 5389 1301 5445 Et
1330 5390 1614 5460 jusserunt
1646 5390 1819 5461 iniqui
1866 5391 2218 5462 discooperiri
2243 5407 2386 5461 eam,
2429 5405 2487 5450 ut
2520 5413 2610 5452 sa-

1036 5481 1306 5537 tiarentur
1336 5484 1535 5538 decore
1565 5483 2025 5553 concupiscentiae
2058 5484 2197 5555 ejus.

1104 5572 1195 5627 55.
1241 5574 1303 5627 Et
1340 5574 1603 5631 llzvcrunt
1633 5575 1714 5631 sui
1750 5589 1961 5645 omnes,
2000 5576 2165 5646 ctqui
2198 5592 2316 5634 cam
2344 5591 2606 5637 noverant

1036 5680 1126 5721 om
1136 5679 1249 5723 ﬂCS.

2716 4489 2766 4541 οἱ
2788 4489 2897 4541 ulol
2941 4487 3180 4559 Ἰσραήλ.

2783 4580 2876 4637 29.
2899 4580 3005 4634 Kal
3038 4578 3370 4640 ἀναστάντες
3395 4578 3447 4631 oi
3463 4576 3557 4631 δύο
3572 4576 3934 4650 πρεσϐύτεροι
3986 4582 4090 4635 καὶ
4119 4584 4303 4653 κριταὶ

2715 4669 2878 4728 εἶπαν
2899 4690 2913 4704 ·
2960 4670 3346 4726 ’Δπόστείλατε
3375 4670 3471 4723 ἐπὶ
3514 4669 3821 4724 Σουσάνναν
3843 4669 4138 4743 θυγατέρα
4170 4676 4301 4727 Χελ-

2714 4766 2855 4830 κίου,
2884 4764 3006 4835 ἥτις
3037 4762 3156 4816 ἐστὶ
3177 4760 3319 4833 γυνὴ
3356 4760 3627 4832 Ἰωακείμ.
3657 4761 3721 4815 Ol
3755 4760 3814 4815 δέ
3852 4761 4069 4827 εὐθέως
4110 4766 4303 4820 ικάὶε-

2715 4874 2813 4911 σαν
2840 4855 3031 4926 αὐτήν.

2783 4948 2872 5003 30.
2911 4946 3002 5009 Ὦς
3028 4943 3085 4997 δὲ
3108 4941 3461 5016 παρεγενήθη
3485 4941 3518 5014 ή
3555 4941 3693 5014 γυνὴ
3721 4942 3819 4997 σὺν
3856 4942 3936 5013 τῷ
3957 4946 4143 5015 πατρὶ
4172 4946 4298 4999 ξαν.

2711 5039 2828 5110 τῆς,
2859 5038 2956 5092 Stal
3003 5039 3070 5108 τῇ
3102 5035 3291 5108 μητρὶ,
3325 5035 3420 5091 καὶ
3448 5036 3497 5089 oi
3522 5035 3732 5099 παῖδες,
3787 5035 3885 5088 καὶ
3914 5036 3972 5088 ai.
4007 5037 4298 5091 παιδίσκαι

2710 5126 2880 5197 αὐτῆς
2901 5125 3053 5190 ὄντες
3078 5126 3169 5180 τὸν
3211 5123 3443 5198 ἀριθμὸν
3489 5124 3875 5196 πεντηκοστοὶ,
3928 5129 4297 5196 παρεγένοντο

2710 5220 2807 5275 xal
2825 5218 2895 5273 τά
2926 5217 3113 5272 παιδία
3142 5217 3450 5280 Σουσάννας
3477 5216 3741 5285 τέσσαρα.

2780 5310 2866 5366 51.
2888 5305 2995 5363 ’Ἦν
3027 5308 3085 5363 δέ
3111 5309 3143 5380 ἡ
3175 5307 3312 5380 γυνὴ
3341 5313 3589 5381 τρυφερὰ
3634 5307 3856 5379 σφόδρα.

2781 5399 2870 5455 '52.
2899 5400 3011 5453 Kal
3069 5398 3410 5472 προσέταξαν
3462 5401 3509 5452 oi
3560 5398 3865 5470 παράνομοι
3937 5399 4291 5471 ἀποκαλύψαι

2708 5492 2899 5561 αὐτὴν,
2938 5490 3023 5543 ἵνα
3045 5489 3401 5561 ἐμπλησθῶσι
3433 5490 3661 5555 κάλλους
3692 5489 4000 5560 ἐπιθυμίας
4038 5494 4236 5562 αὐτῆς.

2778 5582 2867 5635 55.
2901 5581 3012 5633 Kal
3040 5580 3328 5634 ἐκλαίοσαν
3349 5579 3400 5633 οί
3431 5578 3561 5651 παρ’
3584 5580 3751 5651 αὐτῆς
3802 5578 4033 5646 πάντες,
4065 5583 4163 5637 καὶ
4187 5583 4291 5636 ὅσα

2711 5672 2876 5738 αὐτὴν
2900 5672 3118 5740 ἥδεισαν
3160 5670 3374 5735 πάντες.
