4390 6222
376 278 533 337 2835

1828 271 2061 330 CAPUT
2105 269 2246 329 Xlll.

3506 266 3652 323 2856

457 393 550 450 54.
593 391 949 456 ’Δναστάντες
990 391 1047 447 δὲ
1098 392 1149 445 οἱ
1215 391 1581 463 πρεσϐύτεροι
1657 392 1755 447 καὶ
1786 393 1976 462 κριταὶ
2003 394 2050 450 Α
2148 393 2191 447 3

1917 393 1976 444 al
2003 394 2050 450 Α
2148 393 2237 447 54.
2278 390 2682 463 Consurgentes
2735 399 2920 447 autem
2999 386 3249 444 seniores
3323 392 3380 441 et
3435 383 3651 454 judices

381 484 664 552 ἐπέθηκαν
699 481 798 544 τὰς
817 483 1006 551 χεῖρας
1045 481 1224 534 αὐτῶν
1252 481 1347 535 ἐπὶ
1371 482 1470 551 τῆς
1505 480 1748 549 κεφαλῆς
1775 479 1966 546 αὐτῆς.

459 574 552 629 55.
595 573 662 624 Ἡ
681 572 738 625 δὲ
767 571 965 641 καρδία
999 572 1170 642 αὐτῆς
1211 572 1493 626 ἐπεποίθει
1534 573 1629 625 ἐπὶ
1674 570 1866 640 Κυρίῳ
1892 568 1971 638 τῷ

380 663 509 734 Θεῷ
531 663 722 732 αὐτῆς,
751 663 846 715 xal
863 663 1210 732 ἀνακύψασα,
1239 663 1504 718 ἔκλαυσεν
1525 665 1582 716 ἐν
1613 663 1751 734 αὐτῇ
1778 661 1970 729 λέγου-

384 772 488 807 σα·
520 754 693 824 Κύριε
728 756 757 807 ό
783 754 914 817 Θεὸς
941 756 971 807 6
999 755 1237 820 αἰώνιος,
1277 758 1305 810 6
1335 754 1490 819 εἰδὼς
1517 755 1587 808 τὰ
1630 755 1811 807 πάντα
1841 753 1972 823 πρὶν

383 845 657 914 γενέσεως
680 845 878 911 αὐτῶν,
913 847 977 899 σὺ
1013 841 1181 911 οἶδας,
1207 847 1290 900 δτι
1317 848 1417 900 οὐκ
1450 847 1682 918 ἐποίησα
1724 845 1761 899 ἃ
1805 862 1974 914 πονη-

385 938 642 1008 ρεύονται
668 939 715 990 οί
741 937 932 1007 ἄνομοι
965 932 1111 992 οὗτοι
1132 938 1220 990 ἐπ’
1249 938 1391 1008 ἐμοί.
1415 938 1529 992 Kal
1560 940 1844 1010 εἰσήκουσε
1869 937 1976 990 Κύ-

386 1045 510 1098 ριος
533 1029 632 1096 τῆς
664 1028 899 1098 δεήσεως
929 1029 1120 1099 αὐτῆς.

463 1119 554 1174 56.
591 1122 654 1172 Ol
676 1120 733 1173 δὲ
758 1119 851 1172 δύο
887 1120 1446 1194 πρεσϐύτεροιεῖπαν·
1486 1122 1675 1192 Ἡμεῖς
1704 1138 1973 1193 περιεπα-

383 1211 488 1264 τοῦ
497 1229 596 1282 μεν
625 1214 683 1264 ἐν
711 1211 787 1282 τῷ
821 1214 1137 1284 παραδείσῳ
1155 1214 1250 1268 τοῦ
1274 1213 1468 1286 ἀνδρὸς
1497 1215 1692 1285 αὐτῆς.

467 1303 556 1356 57.
592 1303 704 1356 Καὶ
757 1303 1088 1367 κυκλοῦντες
1133 1304 1196 1358 τὸ
1229 1305 1462 1371 στάδιον,
1515 1305 1729 1374 εῐδομεν
1771 1302 1976 1373 ταύτην

384 1394 819 1465 ἀναπαυομένην
840 1397 978 1466 μετὰ
1004 1395 1218 1465 ἀνδρὸς,
1258 1398 1356 1450 καὶ
1383 1397 1608 1460 στάντες
1635 1396 1977 1467 ἐθεωροῦμεν

387 1485 595 1548 αὐτοὺς
623 1485 944 1555 ὁμιλοῦντας
967 1486 1240 1557 ἀλλήλοις.

468 1575 556 1630 58.
582 1577 694 1628 Kal
728 1577 883 1630 αὐτοὶ
908 1578 1008 1629 οὐκ
1035 1576 1277 1647 ᾔδεισαν,
1309 1577 1391 1631 ὅτι
1420 1577 1768 1648 είστήκειμεν
1788 1590 1803 1605 '
1854 1575 1977 1628 τότε

389 1666 776 1774 συνειπάμεθα
803 1667 1054 1739 ἀλλήλοις
1073 1668 1341 1737 λέγοντες·
1361 1669 1640 1738 Μάθωμεν
1669 1667 1814 1730 τίνες
1839 1668 1978 1720 εἰσὶν

388 1773 566 1810 ουτοι.

469 1846 558 1902 39.
593 1848 704 1902 Kal
729 1847 1119 1918 προσελθόντες
1145 1848 1463 1920 ἐπέγνωμεν
1490 1848 1663 1921 αὑτήν
1685 1867 1699 1881 ·
1723 1848 1752 1900 6
1773 1848 1830 1901 δὲ
1857 1865 1982 1904 νεα-

389 1940 584 2003 νίσκος
620 1941 789 2011 ἔφυγε
819 1943 1362 2012 συγκεκαλυμμένος.

471 2031 562 2086 40.
595 2031 814 2103 Ταύτης
847 2034 903 2086 δὲ
932 2033 1337 2104 ἐπιλαϐόμενοι,
1368 2033 1747 2104 ἐπηρωτῶμεν
1790 2031 1981 2101 αὐτὴν,

392 2121 485 2184 τίς
510 2125 538 2175 6
571 2122 876 2194 ἄνθρωπος,
933 2127 1030 2180 καὶ
1079 2128 1180 2180 οὐκ
1209 2125 1548 2198 ἀπήγγειλεν
1597 2126 1730 2197 ήμίν
1766 2124 1848 2188 τίς
1890 2119 1980 2194 ἦν.

394 2211 590 2265 Ταῦτα
627 2215 907 2285 μαρτυροῦ
917 2235 1034 2286 μεν.

475 2306 564 2362 ﬂ.
599 2307 707 2360 Kal
737 2308 1059 2365 ἐπίστευσεν
1091 2313 1276 2377 αὐτοῖς
1303 2313 1337 2383 ἡ
1365 2309 1666 2382 Συναγωγή
1695 2309 1869 2375 πᾶσα,
1908 2307 1984 2371 ὡς

398 2395 793 2466 πρεσϐυτέρων
835 2398 1006 2452 ὄντων
1039 2403 1134 2455 καὶ
1166 2403 1370 2472 κριτῶν
1399 2402 1492 2456 τοῦ
1523 2401 1677 2455 λαοῦ.

478 2486 566 2540 45.
599 2489 712 2541 Kal
755 2487 862 2541 ίδοὺ
894 2490 1124 2559 ἄγγελος
1153 2494 1382 2564 Κυρίου,
1415 2493 1632 2565 ἐκείνης
1650 2493 1987 2564 ἐξαγομένης

402 2578 725 2647 ἀπολέσθαι,
759 2585 855 2638 καὶ
877 2583 1117 2638 έδωκενό
1142 2585 1395 2654 ἄγγελος,
1431 2585 1616 2650 καθὼς
1645 2584 1984 2656 προσετάγη,

402 2669 626 2742 πνεῦμα
653 2675 921 2741 συνέσεως
947 2678 1193 2750 νεωτέρῳ
1218 2678 1332 2733 δντι
1361 2679 1581 2752 Δανιήλ.

481 2851 570 2906 48.
596 2855 916 2920 Διαστείλας
951 2857 1010 2911 δὲ
1052 2859 1251 2930 Δανιὴλ
1281 2857 1374 2914 τὸν
1422 2857 1601 2930 δχλον,
1649 2859 1747 2912 καὶ
1771 2859 1904 2924 στὰς
1928 2860 1988 2915 ἐν

411 2945 566 3017 μέσῳ
593 2949 772 3003 αὐτῶν
802 2947 953 3004 εἶπεν
977 2968 990 2982 ·
1023 2951 1231 3019 Οὕτως,
1261 2955 1436 3025 μωροὶ
1457 2955 1565 3007 υἱοὶ
1605 2955 1843 3026 Ἰσραὴλ,
1886 2955 1987 3010 οὐκ

2076 485 2456 553 imposuerunt
2477 499 2674 539 manus
2713 499 2841 539 suas
2869 495 3034 552 super
3068 490 3234 548 caput
3261 476 3402 546 ejus.

2145 575 2234 630 55.
2273 575 2384 631 Cor
2415 587 2596 631 autem
2628 576 2748 646 ejus
2782 573 3036 630 fiduciam
3069 570 3300 626 habebat
3333 570 3386 622 in
3421 567 3652 621 Domino

2076 664 2188 720 Deo
2215 681 2337 730 suo,
2378 675 2432 720 et
2495 667 2802 736 suspiciens
2862 663 3010 718 flevit
3061 662 3116 715 in
3157 661 3369 728 seipsa,
3421 658 3649 713 dicens:

2078 757 2307 812 Domine
2332 758 2470 813 Deus
2499 767 2717 824 aeterne,
2778 757 2870 826 qui
2929 753 3070 809 nosti
3123 751 3305 806 omnia
3360 760 3651 818 antequam

2079 854 2293 919 fierent,
2321 860 2379 906 tu
2407 853 2537 916 scis,
2568 852 2697 921 quia
2721 863 2832 904 non
2857 848 2979 913 feci,
3034 860 3155 914 qua
3183 843 3456 898 malitiose
3487 857 3654 895 com-

2077 954 2288 1013 ponunt
2326 944 2498 1012 iniqui
2532 944 2620 998 isti
2673 943 2730 997 in
2782 957 2890 997 me.
2946 938 3014 993 Et
3068 935 3344 992 exaudivit
3389 933 3653 987 Dominus

2080 1035 2515 1104 deprecationem
2545 1034 2686 1104 ejus.

2150 1127 2240 1180 '56.
2272 1125 2389 1181 Duo
2413 1135 2595 1181 autem
2626 1124 2868 1180 seniores
2896 1123 3156 1178 dixerunt
3183 1138 3199 1175 :
3229 1117 3343 1173 Nos
3379 1114 3656 1171 deambu-

2081 1216 2332 1271 labamus
2360 1216 2414 1270 in
2447 1216 2695 1285 pomario
2725 1214 2827 1268 viri
2867 1213 3006 1282 ejus.

2151 1307 2242 1362 57.
2296 1306 2367 1361 Ει
2413 1307 2819 1361 circumeuntes
2867 1303 3149 1364 stadium,
3215 1297 3454 1354 vidimus
3511 1295 3655 1349 hanc

2081 1401 2455 1470 quiescentem
2491 1413 2616 1452 cum
2653 1396 2793 1459 viro,
2827 1402 2882 1449 et
2915 1401 3122 1451 stantes
3149 1386 3656 1457 contemplabamur

2083 1505 2183 1546 eos
2213 1489 2664 1545 consuetudinem
2693 1486 2954 1540 habentes
2996 1483 3138 1536 inter
3163 1496 3240 1534 se.

2153 1581 2241 1635 38.
2290 1581 2352 1634 Et
2383 1581 2484 1649 ipsi
2508 1594 2612 1632 non
2632 1583 2919 1637 noverant,
2952 1572 3098 1642 quod
3131 1570 3656 1633 adstaremus;tunc

2085 1675 2248 1729 simul
2280 1672 2492 1741 loquuti
2526 1683 2720 1726 sumus
2747 1667 2816 1721 ad
2847 1665 3080 1721 invicem
3133 1663 3415 1718 dicentes:
3451 1659 3657 1729 Depre-

2014 1748 2054 1803 δ
2085 1767 2393 1822 hendamus
2422 1763 2515 1833 qui
2547 1768 2676 1817 sunt
2704 1758 2817 1814 isti.

2153 1859 2245 1914 ‘59.
2290 1857 2356 1912 Et
2387 1855 2713 1912 accedentes
2745 1849 3105 1922 cognovimus
3135 1861 3292 1913 eam;
3339 1843 3657 1899 adolescens

2082 1966 2216 2008 vero
2253 1951 2389 2020 fugit
2420 1956 2730 2018 c00pertus.

2171 2045 2263 2098 40.
2308 2041 2459 2096 Hanc
2486 2050 2667 2095 autem
2716 2052 2840 2092 cum
2881 2025 3658 2104 apprehendissemus,inter-

2083 2134 2400 2205 rogavimus
2430 2147 2574 2196 eam,
2610 2130 2863 2200 quisnam
2891 2135 3037 2180 esset
3066 2124 3251 2187 homo,
3280 2130 3333 2174 et
3373 2133 3482 2172 non
3514 2116 3657 2170 indi-

2087 2226 2230 2281 cavit
2254 2223 2415 2278 nobis
2448 2223 2570 2292 quis
2603 2228 2754 2276 erat:
2787 2219 2904 2273 haec
2929 2225 3212 2272 testamur.

2155 2318 2244 2373 41.
2288 2315 2357 2370 Et
2382 2315 2614 2370 credidit
2644 2312 2727 2368 eis
2779 2311 3067 2382 Synagoga
3130 2304 3332 2366 omnis,
3384 2314 3463 2362 .eo
3511 2296 3656 2369 quod

2083 2418 2269 2467 essent
2304 2406 2607 2479 presbyteri
2638 2414 2691 2461 et
2719 2403 2932 2473 judiees
2965 2398 3172 2470 populi.

2158 2503 2249 2558 45.
2291 2502 2358 2556 Et
2384 2515 2509 2554 ecce
2531 2498 2758 2568 angelus
2807 2493 3045 2558 Domini,
3105 2503 3228 2544 cum
3300 2484 3663 2539 adduceretur

2085 2595 2200 2662 illa,
2243 2602 2304 2648 ut
2334 2591 2574 2663 periret:
2608 2598 2661 2644 et
2700 2587 2845 2643 dedit
2887 2583 3139 2653 angelus,
3176 2580 3315 2633 sicut
3345 2574 3659 2630 mandatum

2085 2694 2227 2751 erat,
2260 2683 2518 2756 spiritum
2547 2677 2920 2750 intelligentiae
2949 2667 3377 2731 adolescentulo,
3418 2665 3510 2736 qui
3547 2669 3664 2718 erat

2083 2777 2298 2832 Daniel.

2156 2868 2248 2924 48.
2290 2868 2425 2924 Cum
2463 2874 2643 2921 autem
2681 2861 2869 2917 Daniel
2893 2864 3170 2929 separaret
3202 2853 3437 2914 turbam,
3469 2858 3522 2903 et
3553 2855 3665 2901 sta—

2088 2967 2172 3014 ret
2201 2958 2256 3012 in
2282 2956 2463 3011 medio
2495 2969 2705 3018 eorum,
2734 2952 2811 3005 ait
2836 2968 2848 3003 :
2887 2947 2998 3014 Sic,
3023 2945 3173 3000 stulti
3219 2943 3310 2996 filii
3338 2939 3520 3002 Israel,
3554 2951 3663 2990 non

405 3038 822 3136 ανακρίναντες,
851 3043 972 3136 ούδέ
1003 3044 1063 3096 τὺ
1084 3046 1250 3114 σαφὲς
1270 3046 1602 3114 ἐπιγνόντες,
1629 3046 1989 3101 ἀπεκτείνατε
2016 3073 2062 3136 C
2091 3049 2139 3104 in

1932 3063 1989 3101 τε
2016 3073 2062 3136 C
2091 3049 2514 3119 interrogantes,
2542 3059 2718 3114 neque
2746 3041 2891 3112 quod
2943 3037 3293 3092 manifestum
3346 3043 3429 3088 est
3464 3044 3666 3100 cogno-

409 3128 688 3200 θυγατέρα
732 3132 944 3203 Ἰσραήλ
964 3152 978 3200 ;

486 3221 571 3274 51.
601 3224 711 3276 Kal
737 3224 830 3278 νῦν
850 3225 1212 3296 διαχωρίσατέ
1257 3245 1345 3297 μοι
1395 3228 1590 3292 αὐτοὺς
1626 3230 1721 3282 ἀπ’
1746 3228 1990 3300 ἀλλήλων

415 3314 655 3384 μακρὰν,
687 3316 772 3368 ἴνα
806 3317 984 3370 ἐτάσω
1025 3317 1252 3380 αὐτούς·
1298 3317 1375 3381 ὡς
1413 3319 1471 3372 δὲ
1530 3320 1987 3391 διεχωρίσθησαν,

412 3399 573 3460 εἶπεν
608 3406 807 3477 Δανιὴλ
861 3410 926 3479 τῇ
962 3410 1249 3479 συναγωγῇ
1272 3426 1284 3437 ⁸
1319 3409 1432 3464 Νῦν
1489 3410 1563 3480 μὴ
1616 3410 1870 3480 βλέψητε,
1908 3411 1991 3462 ὅτι

410 3491 686 3550 οὖτοιείσὶ
719 3499 1099 3571 πρεσϐύτεροι,
1136 3500 1384 3567 λέγοντες
1407 3516 1420 3528 ο
1454 3501 1528 3552 Ού
1561 3501 1634 3571 μὴ
1660 3500 1989 3570 ψεύσωνται,

415 3587 556 3640 ἀλλὰ
583 3589 860 3658 ἀνακρινῶ
893 3589 1091 3653 αὐτοὺς
1121 3589 1263 3643 κατὰ
1282 3589 1351 3643 τὰ
1387 3591 1766 3645 ὑποπίπτοντα
1808 3608 1917 3661 μοι.

490 3679 578 3732 52.
629 3682 740 3734 Kal
787 3683 1011 3736 ἐκάλεσε
1039 3681 1129 3736 τὸν
1166 3681 1262 3734 ’ένα
1299 3682 1496 3747 αὐτῶν,
1528 3683 1622 3735 καὶ
1645 3684 1993 3753 προσήγαγον

415 3769 512 3824 τὸν
529 3773 901 3844 πρεσϐύτερον
916 3773 994 3844 τῷ
1016 3774 1288 3845 νεωτέρῳ,
1306 3775 1401 3828 καὶ
1423 3770 1574 3827 εἶπεν
1600 3775 1748 3847 αὐτῷ
1772 3777 1992 3847 Δανιήλ·

424 3866 644 3928 Ἄκουε,
673 3865 857 3930 ἄκουε,
913 3866 1336 3935 πεπαλαιωμένε
1367 3865 1593 3936 ήμερῶν
1641 3865 1849 3934 κακῶν,
1899 3865 1995 3919 νῦν

418 3957 587 4028 ἥκασί
620 3974 713 4010 σου
743 3957 798 4009 αἱ
821 3957 1086 4028 ἁμαρτίαι
1113 3955 1178 4019 ἃς
1202 3956 1405 4018 ἐποίεις
1435 3956 1495 4010 τὸ
1527 3957 1810 4026 πρότερον.

493 4049 580 4103 55.
615 4046 933 4110 Πιστευθεὶς
987 4047 1229 4112 ἀκούειν,
1288 4047 1385 4100 καὶ
1425 4046 1632 4116 κρίνειν
1663 4046 1875 4118 κρίσεις
1901 4047 1998 4102 θά-

421 4157 578 4196 νατον
607 4139 997 4210 ἐπιφερούσας,
1032 4138 1246 4191 καὶτὸν
1280 4137 1379 4208 μὲν
1421 4135 1599 4218 ἀθῶον
1643 4139 1994 4211 κατέκρινας,

419 4233 548 4294 τοὺς
579 4232 636 4286 δὲ
670 4231 887 4300 ἐνόχους
905 4229 1107 4299 ήφίεις,
1129 4229 1222 4283 τοῦ
1251 4229 1457 4300 Κυρίου
1485 4228 1757 4298 λέγοντος·
1797 4230 1997 4284 Ἀθῶον

422 4325 518 4378 καὶ
539 4324 745 4377 δίκαιον
775 4323 875 4375 οὐκ
908 4323 1245 4384 ἀποκτενεῖς.

2093 3149 2331 3202 scentes,
2357 3146 2535 3192 morte
2567 3133 2814 3189 multatis
2843 3131 3010 3185 tiliam
3043 3127 3244 3183 Israel?

2162 3233 2250 3287 5|.
2293 3231 2358 3284 Et
2384 3244 2530 3284 nunc
2559 3223 2974 3297 separate_mihi
3010 3236 3104 3276 eos
3135 3220 3204 3274 ab
3261 3217 3492 3271 invicem
3543 3225 3669 3282 pro-

2092 3324 2201 3388 cul,
2235 3331 2293 3376 ut
2336 3320 2642 3376 examinem
2704 3330 2822 3370 eos.
2873 3311 3170 3380 Postquam
3211 3315 3391 3362 autem
3430 3301 3666 3372 separati

2093 3427 2240 3481 sunt,
2263 3415 2403 3470 dixit
2440 3411 2626 3466 Daniel
2653 3408 2986 3464 multitudini
3021 3424 3034 3459 :
3063 3402 3220 3457 Nunc
3249 3417 3315 3453 ne
3337 3395 3665 3466 respiciatis,

2092 3510 2220 3580 quia
2259 3507 2346 3561 isti
2371 3502 2838 3574 suntpresbyteri,
2868 3500 3133 3559 dicentes,
3170 3493 3287 3547 Non
3307 3491 3665 3550 mentiuntur,

2093 3579 2188 3657 scd
2218 3597 2566 3666 interrogabo
2589 3609 2684 3649 eos
2705 3593 2859 3663 juxta
2891 3605 2976 3655 ea,
3001 3603 3123 3658 quae
3164 3584 3296 3640 mihi
3325 3597 3383 3637 se
3414 3579 3666 3634 olTerunt.

2165 3690 2254 3747 52.
2282 3689 2347 3743 Et
2377 3686 2589 3742 vocavit
2620 3699 2788 3739 unum
2811 3699 2873 3737 ex
2905 3681 3007 3746 eis,
3039 3689 3093 3734 et
3122 3676 3464 3732 adduxerunt
3489 3669 3671 3725 senio-

2095 3798 2212 3838 rem
2243 3777 2681 3839 adolescentulo,
2699 3783 2755 3829 et
2771 3773 2908 3828 dixit
2927 3773 2975 3825 ei
2995 3768 3179 3823 Daniel
3201 3786 3214 3820 :
3233 3766 3396 3828 Audi,
3421 3761 3568 3825 audi,
3584 3760 3672 3814 in-

2094 3882 2332 3929 veterate
2357 3871 2567 3926 dierum
2599 3867 2901 3930 malorum,
2940 3877 3086 3918 nunc
3123 3866 3388 3914 venerunt
3423 3863 3666 3926 peccata,

2095 3981 2215 4038 qua!
2237 3964 2474 4019 faciebas
2500 3969 2682 4014 antea.

2167 4059 2255 4114 55.
2284 4057 2421 4112 Cum
2454 4054 2550 4109 tibi
2577 4051 2933 4109 commissum
2962 4047 3127 4102 fuerit
3155 4044 3365 4108 audire,
3390 4048 3440 4095 et
3470 4037 3674 4092 discer-

2097 4167 2227 4208 nere
2256 4148 2462 4218 judicia
2507 4154 2737 4200 mortem
2771 4140 3072 4206 alferentia,
3099 4147 3153 4193 et
3179 4137 3522 4192 innocentem
3551 4129 3674 4200 qui-

2097 4244 2221 4298 dem
2243 4235 2644 4302 condemnasti,
2672 4249 2796 4290 reos
2824 4239 3008 4288 autem
3067 4228 3406 4291 dimittebas,
3457 4223 3674 4279 dicente

2100 4334 2364 4389 Domino:
2389 4329 2736 4384 lnnocentem
2770 4327 3050 4396 etjustum
3075 4337 3182 4378 non
3222 4318 3534 4376 interlicies.

496 4417 580 4469 54.
613 4415 725 4469 Νῦν
752 4412 844 4469 οὖν
872 4414 976 4467 ὑπὸ
1012 4415 1064 4467 τί
1099 4413 1335 4482 δένδρον,
1386 4413 1483 4468 καὶ
1517 4413 1745 4484 ποταπῷ
1773 4413 1866 4467 τοῦ
1894 4433 1996 4468 πα·
2027 4409 2072 4465 D
2169 4427 2230 4481 54

1932 4434 1996 4468 τα·
2027 4409 2072 4465 D
2169 4427 2259 4481 54.
2301 4426 2458 4479 Nunc
2485 4423 2650 4494 igitur
2677 4421 2777 4476 sub
2802 4435 2909 4490 qua
2940 4418 3155 4479 arbore,
3181 4423 3234 4470 et
3259 4412 3406 4484 quali
3436 4407 3666 4480 pomarii

424 4511 672 4581 ραδείσου
705 4510 852 4578 τόπῳ
899 4506 1150 4577 ἑώρακας
1181 4505 1380 4568 αὐτοὺς
1411 4505 1571 4568 ὄντας
1605 4506 1702 4560 σὺν
1747 4509 1994 4576 ἐαυτοῖς;

423 4605 533 4658 Kal
564 4600 999 4669 εἷπενόασεϐής·
1035 4597 1168 4650 Ὑπὸ
1198 4599 1396 4666 σχῖνον.

497 4695 586 4750 55.
617 4690 785 4746 Εἶπεν
815 4692 869 4744 δὲ
901 4692 928 4743 6
955 4690 1237 4760 νεώτερος·
1274 4688 1480 4758 Ὀρθῶς
1504 4687 1728 4757 ἔψευσαι
1774 4691 1854 4752 είς
1901 4689 1999 4760 τὴν

425 4786 656 4842 σεαυτοῦ
689 4785 901 4854 ψυχήν·
937 4783 966 4834 6
1010 4781 1119 4853 γὰρ
1161 4780 1393 4849 ἄγγελος
1441 4782 1647 4852 Κυρίου
1699 4781 1872 4853 σχίσει
1905 4801 1999 4836 σου

422 4878 523 4950 τὴν
555 4877 730 4946 ψυχὴν
763 4875 1024 4944 σήμερον.

496 4969 585 5023 56.
611 4967 718 5021 Καὶ
733 4964 921 5018 τοῦτον
945 4964 1290 5034 μεταστήσας
1315 4957 1436 5015 εἷπε
1463 4965 1832 5033 προσαγαγεῖν
1853 4963 2000 5036 αὐτῷ

421 5058 518 5111 τὸν
539 5058 728 5126 ἕτερον
751 5071 764 5084 ·
794 5056 888 5108 καὶ
916 5054 1090 5124 τούτῳ
1109 5049 1346 5107 δέεἶπεν·
1372 5053 1472 5106 Διὰ
1496 5053 1548 5104 τί
1571 5053 2001 5124 διεστραμμένον

424 5151 488 5204 τὸ
533 5149 751 5218 σπέρμα
784 5162 878 5199 σου
915 5145 992 5208 ὼς
1039 5145 1288 5207 Σιδῶνος,
1327 5145 1422 5196 καὶ
1455 5145 1553 5215 οὐχ
1592 5144 1665 5208 ὡς
1708 5146 1905 5212 Ἰούδας
1941 5147 2001 5201 τὸ

426 5240 624 5303 κάλλος
658 5240 718 5291 σέ
751 5238 1053 5306 ἠπάτησεν,
1089 5238 1122 5304 ή
1159 5234 1328 5304 μικρὰ
1360 5235 1647 5304 ἐπιθυμία.

497 5333 588 5388 57.
621 5332 734 5385 Kal
755 5331 928 5393 οὕτως
956 5330 1190 5381 ἐποιεῖτε
1233 5327 1572 5396 θυγατράσιν
1625 5329 1838 5400 Ἰσραήλ
1858 5347 1871 5361 ·
1909 5333 2002 5386 καὶ

428 5428 633 5480 ἐκεῖναι
665 5421 1015 5492 φοϐούμεναι,
1047 5417 1355 5489 σῦμιλοῦσαν
1387 5418 1537 5487 ὑμῖν·
1577 5419 1693 5472 ἀλλ’
1738 5421 1800 5474 ού
1831 5424 2001 5490 θυγά-

425 5533 534 5585 τηρ
574 5513 740 5567 Ἰούδα
785 5513 1047 5582 ὑπέμεινε
1093 5510 1190 5580 τὴν
1223 5509 1379 5562 νόσον
1405 5508 1562 5578 ὑμῶν
1586 5510 1645 5562 ἐν
1671 5511 1874 5582 ἀνομία
1903 5515 2004 5566 ὑπ-

427 5608 696 5674 ενεγκεϊν.

501 5698 590 5753 58.
620 5697 730 5751 Νῦν
751 5691 841 5752 οὖν
866 5697 988 5763 λέγε
1016 5712 1124 5768 μοι·
1162 5692 1298 5746 Ὑπὸ
1319 5696 1381 5747 ,τί
1402 5693 1457 5749 δέ
1474 5694 1638 5764 λδρον,
1663 5698 1756 5750 καὶ
1872 5701 2001 5773 ποίῳ

2102 4517 2222 4571 loco
2273 4514 2454 4569 vidisti
2517 4527 2612 4566 eos
2682 4527 2868 4567 secum
2925 4503 3366 4563 commorantes?
3407 4503 3476 4558 Et
3533 4498 3674 4555 dixit

2101 4605 2338 4673 impius:
2371 4603 2486 4656 Sub
2513 4602 2725 4657 schino.
3250 4610 3256 4615 ·

2170 4697 2260 4751 55.
2294 4695 2638 4748 Dixitautem
2681 4690 3119 4746 adolescentulus
3162 4703 3176 4740 :
3219 4685 3384 4741 Recte
3413 4681 3674 4738 mentitus

2100 4805 2159 4844 es
2188 4789 2240 4842 in
2269 4788 2506 4842 animam
2533 4796 2703 4851 tuam,
2749 4785 2975 4855 angelus
3010 4792 3190 4838 autem
3217 4778 3435 4836 Domini
3465 4777 3674 4834 scindet

2102 4883 2336 4937 animam
2372 4889 2517 4934 tuam
2544 4877 2725 4931 hodie.

2174 4973 2263 5026 56.
2293 4970 2356 5026 Et
2387 4985 2511 5024 cum
2541 4969 2688 5023 hunc
2723 4966 3074 5031 removisset,
3127 4963 3284 5029 dixit,
3325 4970 3386 5017 ut
3433 4960 3672 5016 adduce-

2101 5072 2222 5118 rent
2243 5061 2343 5115 sibi
2373 5061 2625 5123 alterum,
2655 5058 2750 5113 sed
2776 5065 2831 5111 et
2853 5057 2980 5111 huic
3006 5056 3114 5109 ait:
3145 5053 3326 5121 Quare
3355 5066 3670 5122 perversum

2100 5163 2185 5210 est
2215 5166 2397 5208 semen
2435 5159 2586 5204 tuum
2620 5149 2762 5202 sicut
2807 5145 3047 5210 Sidonis,
3078 5153 3134 5197 et
3159 5159 3264 5196 non
3313 5142 3455 5198 sicut
3497 5139 3676 5195 Juda!

2101 5246 2306 5317 species
2341 5242 2556 5298 seduxit
2589 5249 2661 5302 te.
2688 5253 2850 5310 parva
2891 5235 3352 5305 concupiscentia.

2172 5338 2260 5392 57.
2305 5337 2368 5390 Et
2416 5336 2497 5390 sic
2541 5331 2824 5388 faciebatis
2888 5329 3101 5383 filiabus
3158 5326 3345 5388 Israel,
3385 5332 3439 5379 et
3469 5323 3574 5377 illae
3607 5322 3674 5376 ti-

2103 5437 2312 5484 mentes
2352 5424 2822 5481 conversabantur
2855 5420 3138 5474 vobiscum
3191 5435 3202 5470 :
3236 5418 3329 5472 sed
3381 5417 3491 5470 filia
3532 5415 3672 5470 Juda

2103 5537 2212 5576 non
2253 5516 2516 5573 sustinuit
2539 5515 2790 5570 morbum
2829 5519 3072 5567 vestrum
3125 5510 3179 5564 in
3227 5509 3520 5579 iniquitate
3552 5505 3671 5563 suf-

2109 5613 2271 5667 ferre.

2176 5704 2260 5757 .58.
2301 5699 2453 5756 Nunc
2483 5715 2611 5769 ergo
2645 5700 2731 5755 dic
2759 5698 2892 5754 mihi
2938 5717 2947 5750 :
2993 5697 3106 5754 Sub
3139 5712 3245 5769 qua
3285 5695 3500 5761 arbore,
3531 5701 3585 5751 et
3618 5694 3674 5752 in
