4390 6222
1069 248 1214 307 2855

2353 247 2606 306 DANIEL
2634 248 2862 308 JUXTA
2900 249 3065 307 LXX.

4213 243 4344 300 381!

1071 369 1221 440 quali
1261 367 1380 424 loco
1436 369 1580 425 borti
1628 368 2086 441 comprehendisti
2125 369 2388 425 eosinter
2428 385 2488 424 se
2513 384 2645 424 cou-
2673 374 2719 433 Α
2747 388 2805 423 το

2607 389 2645 422 ι·
2673 374 2719 433 Α
2747 371 2842 423 τοῦ
2873 373 3054 439 κήπου
3081 370 3232 441 τόπῳ
3258 366 3554 431 κατέλαϐες
3572 365 3770 431 αὐτοὺς
3804 363 4154 437 ὁμιλοῦντας
4186 362 4341 430 611i-

1072 461 1418 516 suetudinem
1455 463 1759 518 habentes?
1796 461 1900 528 Qui
1936 477 2066 517 vero
2103 462 2202 528 ait,
2235 462 2352 517 Sub
2391 463 2571 532 prino.

1143 553 1235 609 59.
1279 554 1534 624 Dixitque
1569 553 1760 611 Daniel
1794 573 1808 610 :
1849 556 2060 626 Inique,
2103 571 2249 610 nunc
2271 555 2498 626 angelus
2540 554 2648 608 Do-

1074 644 1208 701 mini
1243 646 1396 701 stetit
1424 646 1666 715 gladium
1698 647 1924 712 habens,
1968 656 2028 701 ut
2059 647 2295 702 dissecet
2347 656 2419 712 te,
2472 647 2649 701 donec

1072 738 1307 808 populus
1344 737 1788 792 exterminaverit
1821 753 1940 792 vos.

1144 828 1234 883 60.
1261 827 1326 883 Et
1363 828 1543 884 omnis
1584 843 1857 899 synagoga
1890 828 2214 884 exclamavit
2233 841 2398 898 super
2428 827 2647 884 adoles-

1072 921 1347 977 centulum
1375 937 1390 985 ;
1423 922 1551 990 quia
1572 937 1640 975 ex
1662 937 1758 976 ore
1814 923 2037 994 proprio
2063 922 2304 977 convicit
2333 936 2432 978 eos
2454 920 2648 978 ambos

1071 1009 1354 1066 confessos
1375 1009 1540 1065 falsos
1569 1017 1757 1065 testes.

1145 1101 1234 1157 6|.
1267 1103 1334 1156 Et
1365 1111 1423 1156 ut
1452 1101 1536 1156 lex
1562 1103 1826 1172 praecipit,
1869 1103 2114 1158 fecerunt
2147 1101 2250 1169 eis,
2290 1102 2648 1173 quemadmo-

1073 1192 1203 1248 dum
1230 1193 1474 1263 improbe
1507 1204 1737 1264 egerunt
1769 1197 1822 1249 in
1861 1211 2127 1251 sororem.

1145 1284 1234 1340 62.
1267 1284 1332 1339 Ει
1359 1287 1748 1356 colligaverunt
1780 1302 1876 1341 eos
1908 1287 2170 1355 capistro,
2213 1297 2270 1340 et
2310 1283 2647 1340 abducentes

1073 1377 1422 1446 proiecerunt
1471 1380 1524 1432 in
1588 1379 1800 1434 vallem.
1864 1377 2064 1434 Eodem
2125 1389 2369 1448 tempore
2424 1378 2650 1448 angelus

1077 1469 1292 1524 Domini
1317 1472 1545 1527 immisit
1584 1472 1762 1543 ignem
1813 1470 1956 1526 inter
1991 1486 2108 1538 eos,
2169 1480 2225 1526 et
2275 1471 2519 1526 salvatus
2563 1477 2651 1525 est

1073 1564 1576 1629 sanguis—innoxius
1599 1565 1652 1618 in
1687 1565 1776 1618 die
1797 1564 1910 1619 illa.

1147 1653 1234 1708 63.
1267 1653 1662 1726 ldeojuniores
1701 1656 1887 1713 dilecti
1923 1665 2052 1713 sunt
2084 1655 2292 1712 Iacobo
2315 1656 2372 1712 in
2432 1653 2648 1726 simpli-

1073 1745 1242 1802 citate
1270 1763 1390 1802 sua.

1145 1838 1233 1893 64.
1270 1840 1336 1894 Ει
1373 1855 1475 1895 nos
1495 1841 1840 1899 attendamus
1877 1842 1943 1897 ad
1981 1841 2124 1897 ﬁlios
2179 1847 2430 1911 potentes
2464 1836 2652 1908 junio-

1076 1946 1195 1987 rcs:
1233 1932 1487 2001 pietatem
1510 1935 1655 1988 enim
1697 1936 2027 1990 exercebant
2060 1934 2330 2005 iuniores,
2355 1940 2410 1987 et
2455 1933 2557 1987 erit
2596 1932 2650 1986 in

1074 2021 1156 2075 eis
1209 2020 1434 2090 spiritus
1467 2022 1709 2079 scientia:
1751 2033 1807 2080 et
1864 2024 2238 2096 intelligentia:
2285 2025 2342 2078 in
2390 2023 2648 2078 saculum

1075 2111 1285 2168 saeculi.

1659 2203 1891 2263 CAPUT
1932 2203 2071 2260 XIV.

1075 2288 1156 2347 Ex
1189 2290 1504 2351 Paorus'ru
1533 2295 1796 2352 Ausacmr
1843 2312 1972 2352 ru."
2021 2294 2153 2352 Jesu
2189 2311 2256 2351 ne
2288 2310 2450 2350 nisu
2492 2291 2648 2348 Lcrt.

1144 2449 1200 2505 1.
1239 2449 1414 2507 Homo
1439 2451 1665 2522 quidam
1700 2463 1822 2509 erat
1887 2454 2166 2521 sacerdos,
2196 2453 2284 2508 cui
2316 2465 2516 2506 nomen
2546 2448 2654 2504 Da-

1075 2543 1206 2610 niel,
1235 2545 1380 2600 ﬁlius
1403 2545 1558 2611 Abal,
1591 2547 1819 2601 conviva
1851 2546 1996 2616 regis
2027 2545 2338 2614 Babylonis.

1146 2632 1200 2685 2.
1229 2633 1296 2687 Et
1325 2643 1444 2688 erat
1466 2635 1672 2690 idolum
1708 2635 1822 2701 Bel,
1859 2637 2004 2705 quod
2046 2636 2297 2690 colebant
2322 2629 2605 2704 Babylonii
2633 2646 2646 2683 :

1077 2721 1531 2790 impendebantur
1562 2735 1742 2779 autem
1787 2727 1842 2780 in
1875 2741 1940 2780 eo
1987 2741 2082 2795 per
2121 2724 2368 2794 singulos
2401 2723 2519 2776 dies
2572 2719 2651 2774 si-

1075 2818 1222 2873 mila:
1243 2819 1444 2874 artabze
1504 2819 1816 2884 duodecim,
1859 2829 1914 2874 et
1969 2834 2100 2874 oves
2156 2827 2416 2888 quatuor,
2455 2823 2510 2870 et
2542 2811 2650 2870 olei

1077 2923 1321 2970 metreta:
1346 2928 1461 2968 sex.

1147 3008 1202 3062 ὅ.
1243 3006 1311 3061 Ει
1339 3023 1435 3062 rex
1459 3007 1671 3062 colebat
1708 3021 1856 3073 eum,
1880 3016 1936 3061 et
1973 3005 2088 3061 ibat
2141 3021 2236 3060 rex
2279 3019 2375 3074 per
2404 3003 2650 3074 singulos

2749 461 2890 525 λοις;
2934 461 2993 513 ὐ
3020 460 3076 513 δὲ
3111 455 3264 512 εἷπεν
3285 475 3298 489 ο
3349 457 3488 511 ’Υπὺ
3511 457 3720 528 πρῖνον.

2823 553 2909 607 59.
2945 551 3056 605 Kal
3084 544 3238 604 εἶπεν
3261 547 3496 619 Δανιὴλ⁹
3547 543 4015 617 ’Δμαρτωλῂνῦν
4041 543 4073 596 6
4115 540 4341 610 ᾶγγελις

2748 645 2956 719 Κυρίου
2988 645 3086 717 τὴν
3114 643 3390 715 ῥομφαίαν
3414 641 3646 712 ἔστηκεν
3672 638 3812 710 ἔχων
3830 677 3847 703 ,
3878 637 3993 701 ἓως
4031 637 4064 690 6
4092 635 4235 697 λαδς
4275 634 4344 694 ἐε-

2748 737 3058 807 ολοθρεύσει
3079 738 3245 807 ὑμᾶς,
3286 736 3374 789 ῐνα
3391 733 3706 804 καταπρίσῃ
3732 748 3814 785 σε.

2819 830 2909 884 60.
2942 829 3056 881 Kal
3087 829 3239 880 πᾶσα
3263 827 3296 896 ἡ
3328 823 3617 893 συναγωγὴ
3647 821 3942 892 ἀνεϐόησεν
3979 819 4087 872 ἐπὶ
4113 817 4202 888 τῷ
4230 834 4345 869 νεε-

2747 922 2914 994 τέρῳ,
2959 920 3036 983 ὡς
3081 922 3144 973 ὲκ
3188 917 3282 972 τοῦ
3328 917 3460 972 ίδίου
3501 915 3768 986 στόματος
3810 912 4132 985 ὁμολόγους
4160 911 4343 972 afﬁci;

2749 1014 3085 1081 κατέστησεν
3118 1010 3462 1082 ἀμφοτέρους
3493 1005 3972 1077 ψευδομάρτυρας.

2821 1105 2911 1159 61.
2937 1104 3048 1158 Kal
3073 1101 3150 1166 ὼς
3189 1103 3218 1154 6
3245 1105 3410 1172 νόμος
3439 1097 3775 1169 διαγορεύει,
3817 1096 4105 1167 ἐποίησαν
4149 1094 4342 1157 αὐτοῖς,

2749 1195 2933 1261 καθὼς
2957 1197 3122 1264 ὲπονη
3132 1192 3394 1263 ρεύσαντο
3424 1191 3567 1245 κατὰ
3585 1190 3685 1260 τῆς
3715 1188 3980 1257 ἀδελφῆς.

2819 1288 2909 1342 62.
2938 1287 3050 1340 Kal
3079 1285 3367 1354 ἑφίμωσαν
3397 1281 3615 1345 αὐτοὺς,
3646 1280 3743 1333 καὶ
3789 1277 4175 1346 ἐξαγαγόντες
4205 1274 4344 1345 E653:-

2747 1380 2858 1450 ψαν
2885 1381 2966 1442 είς
2995 1377 3256 1448 φάραγγα
3277 1391 3292 1407 ⁸
3321 1375 3442 1428 τότε
3467 1376 3497 1427 6
3519 1372 3750 1442 ἄγγελος
3769 1370 3975 1444 Κυρίου
4013 1368 4228 1439 ερριψε
4252 1368 4348 1437 πῦρ

2749 1470 2840 1525 διὰ
2875 1470 3042 1540 μέσου
3081 1465 3282 1530 αὐτῶν,
3339 1465 3437 1518 καὶ
3465 1463 3643 1532 ἐσώθη
3675 1455 3815 1531 αἷμα
3860 1459 4130 1514 ἀναίτιον
4181 1459 4244 1510 ἐν
4287 1462 4345 1527 τῇ

2751 1563 2938 1635 ἡμέρα
2967 1560 3171 1631 ἐκείνῃ.

2821 1655 2908 1709 65.
2941 1653 3040 1707 Διὰ
3077 1651 3236 1704 τοῦτο
3257 1649 3308 1703 οί
3345 1646 3603 1718 νεώτεροι
3623 1645 3900 1716 ἀγαπητοὶ
3952 1641 4174 1697 Ἰακὼὸ
4203 1642 4261 1694 ὲν
4290 1644 4345 1710 τῇ

2680 1739 2723 1795 Β
2752 1744 3016 1814 ἁπλότητι
3045 1741 3245 1795 αὐτῶν.

2821 1835 3047 1892 64.Καὶ
3084 1834 3246 1905 ἡμεῖς
3303 1827 3709 1900 φυλασσὼμεθα
3751 1827 3832 1890 είς
3871 1826 4032 1888 υἱοὺς
4088 1825 4348 1885 δυνατοὺς

2750 1931 3080 2000 νεωτέρους·
3121 1924 3478 1995 εύσεϐήσουσι
3506 1925 3617 2000 γὰρ
3656 1917 3934 1989 νεώτεροι,
3971 1919 4075 1970 καὶ
4107 1917 4268 1968 ἔσται
4297 1917 4346 1966 ἐν

2751 2022 2938 2084 αὐτοῖς
2983 2018 3202 2090 πνεῦμα
3247 2016 3563 2087 ἐπιστήμης
3609 2015 3704 2068 καὶ¹
3743 2010 4023 2075 συνέσεως
4062 2011 4154 2072 είς
4183 2007 4346 2062 alim.

2751 2111 2970 2176 αίῶνος.

3358 2198 3612 2252 ΚΕΦΑΛ.
3655 2198 3751 2251 IA'.

2763 2295 2858 2347 Ἐκ
2891 2291 3256 2362 προφητείας
3305 2288 3633 2362 Ἆμὸαξοὺμ
3672 2287 3807 2362 υίοῦ
3863 2285 4080 2354 Ἰησοῦ
4129 2284 4201 2338 ἐκ
4247 2283 4345 2350 τῆς

3339 2358 3540 2429 φυλῆς
3576 2359 3739 2413 Acut.

2823 2453 2876 2508 1.
2913 2452 3232 2523 Ἄνθρωπός
3257 2468 3344 2515 τις
3373 2446 3442 2521 ἡν
3482 2449 3678 2520 ἱερεὺς,
3708 2440 3752 2515 ᾧ
3773 2447 3950 2516 ὄνομα
3977 2444 4215 2516 Δανιὴλ,
4243 2444 4346 2506 υἱὸς

2756 2547 2954 2609 Ἀὁαλ,
2979 2544 3297 2616 συμϐιωτὴς
3318 2543 3414 2596 τοῦ
3441 2541 3709 2612 βασιλέως
3736 2539 4100 2598 Βαϐυλῶνος.

2821 2639 2876 2691 2.
2909 2639 3020 2691 Kal
3047 2633 3116 2707 ἦν
3141 2635 3358 2690 εἴδωλον
3387 2634 3518 2704 Βὴλ,
3554 2633 3582 2685 ὃ
3614 2631 3866 2685 ἐσέϐοντο
3887 2633 3936 2682 οἱ
3983 2629 4344 2683 Βαϐυλώνια·

2751 2730 3075 2802 ἀνηλίσκετο
3094 2729 3150 2781 δὲ
3175 2728 3325 2798 αὐτῷ
3349 2727 3471 2780 καθ’
3495 2726 3735 2793 ἑκάστην
3761 2723 3983 2793 ἡμέραν
4009 2722 4347 2791 σεμιδάλεως

2751 2821 2986 2894 ἅρτάϐαι
3019 2819 3268 2884 δεκαδύο,
3303 2819 3400 2873 καὶ
3443 2817 3696 2888 πρόὃατα
3730 2817 4007 2886 τέσσαρα,
4037 2816 4143 2869 καὶ
4180 2815 4348 2867 ἐλαίου

2754 2913 3029 2984 μετρηταὶ
3057 2911 3138 2978 ἕξ.

2822 3008 2876 3063 3.
2905 3008 3016 3062 Kal
3037 3009 3066 3061 6
3097 3006 3349 3077 βασιλεὺς
3370 3005 3589 3060 ἐσέϐετο
3630 3004 3812 3069 αὐτὸν,
3856 3005 3957 3058 καὶ
3993 3003 4348 3075 ἐπορεύετοό

1076 3099 1218 3164 dies,
1277 3115 1511 3168 eumque
1568 3069 1853 3154 adorabat.
1890 3097 2078 3153 Daniel
2138 3069 2318 3152 autem
2352 3069 2545 3150 orabat
2580 3094 2647 3148 ad
2677 3069 2723 3132 ε
2758 3101 2810 3171 βο

2609 3094 2647 3148 κά
2677 3069 2723 3132 c
2758 3100 3011 3171 βασιλεὺς
3033 3069 3154 3152 καθ’
3176 3099 3414 3168 ἑκάστην
3437 3098 3668 3168 ἡμέραν,
3696 3098 3792 3150 καὶ
3810 3069 4168 3166 προσεκύνει
4193 3096 4343 3162 αὐτῷ.

1077 3189 1388 3258 Dominum.
1423 3189 1679 3260 Dixitque
1731 3203 1826 3243 rex
1860 3187 2071 3242 Danieli
2117 3184 2352 3252 :Quare
2405 3198 2512 3238 non
2562 3184 2652 3238 ad-

1074 3297 1202 3339 oras
1227 3281 1354 3337 Bell

1147 3374 1202 3429 4.
1229 3373 1293 3429 Ει
1329 3374 1468 3430 dixit
1498 3373 1686 3429 Daniel
1712 3373 1779 3429 ad
1810 3389 1992 3443 regem
2019 3388 2036 3426 ι
2071 3371 2352 3429 Neminem
2381 3371 2504 3427 colo
2527 3385 2650 3440 ego,

1077 3465 1184 3520 nisi
1215 3464 1505 3520 Dominum
1541 3465 1734 3529 Deum,
1764 3464 1858 3533 qui
1883 3464 2086 3519 creavit
2107 3464 2307 3518 coelum
2341 3471 2396 3518 et
2425 3471 2647 3528 terram,

1076 3569 1133 3615 et
1170 3559 1329 3614 habet
1369 3558 1550 3613 omnis
1601 3556 1784 3612 carnis
1812 3555 2260 3611 dominationem.

1149 3738 1206 3792 5.
1239 3737 1384 3791 Dixit
1416 3743 1598 3792 autem
1622 3750 1717 3790 rex
1743 3733 1794 3788 ei
1821 3750 1836 3789 :
1863 3731 1965 3788 Hic
1996 3733 2164 3805 igitur
2194 3748 2304 3787 non
2345 3740 2429 3788 est
2467 3731 2652 3787 Deus?

1079 3845 1190 3886 non
1221 3829 1372 3886 vides
1397 3836 1601 3899 quanta
1625 3826 1680 3881 in
1713 3839 1838 3881 eum
1865 3834 2260 3881 consumantur
2293 3840 2391 3895 per
2409 3825 2654 3895 singulos

1078 3918 1236 3974 dies?

1151 4013 1206 4066 6.
1228 4011 1293 4064 Et
1327 4008 1465 4065 dixit
1492 4008 1542 4064 ei
1581 4006 1770 4063 Daniel
1802 4024 1817 4061 :
1857 4005 2238 4076 Nequaquam,
2265 4004 2451 4060 nullus
2479 4013 2531 4059 te
2559 4002 2653 4058 de-

1078 4103 1249 4173 cipiat
1281 4121 1293 4155 :
1320 4101 1410 4156 hic
1433 4101 1578 4156 enim
1612 4100 1943 4154 intrinsecus
1963 4099 2183 4169 quidem
2217 4098 2397 4152 luteus
2430 4105 2534 4161 est,
2569 4095 2651 4150 fo-

1081 4197 1331 4251 rinsecus
1361 4203 1538 4249 autem
1566 4209 1742 4249 azreus
1767 4211 1782 4260 ;
1807 4193 1932 4264 juro
1954 4209 2081 4248 vero
2116 4192 2212 4246 tibi
2242 4207 2336 4261 per
2362 4191 2651 4245 Dominum

1082 4285 1251 4342 Deum
1299 4285 1547 4351 deorum,
1595 4285 1740 4355 quod
1796 4285 1933 4339 nihil
1966 4284 2202 4340 comedit
2252 4299 2490 4352 unquam
2527 4282 2648 4336 iste.

1156 4377 1211 4433 7.
1243 4375 1310 4432 Et
1346 4377 1524 4432 iratus
1578 4394 1672 4432 rex
1728 4377 1943 4432 vocavit
2003 4375 2292 4447 praefectos
2345 4375 2551 4444 templi,
2602 4383 2657 4429 et

1080 4470 1223 4526 dixit
1255 4469 1337 4525 eis
1370 4487 1384 4522 :
1419 4467 1658 4524 lndicate
1692 4469 1869 4531 illum,
1907 4468 2001 4537 qui
2032 4467 2288 4530 comedit,
2313 4482 2437 4537 qua:
2465 4480 2658 4535 parau-

1083 4572 1174 4618 tur
1212 4561 1325 4625 Bel,
1356 4577 1514 4616 secus
1552 4576 1683 4615 vero
1718 4559 2048 4629 moriemini.

1155 4739 1210 4795 8.
1241 4739 1350 4794 Aut
1383 4739 1596 4806 Daniel,
1625 4739 1720 4810 qui
1753 4747 2029 4794 asseverat
2063 4753 2172 4794 non
2209 4739 2421 4796 comedi
2457 4739 2571 4795 hate
2591 4740 2661 4796 ab

1083 4849 1175 4889 eo.
1201 4831 1266 4887 Hi
1309 4841 1485 4886 autem
1511 4831 1769 4885 dixerunt
1805 4831 1964 4900 :lpsc
2011 4830 2103 4884 Bel
2135 4841 2241 4895 est,
2288 4831 2382 4902 qui
2437 4831 2664 4886 devorat

1087 4927 1220 4983 ista;
1241 4925 1430 4981 Daniel
1451 4935 1634 4979 autem
1666 4924 1805 4978 dixit
1830 4925 1895 4978 ad
1922 4939 2102 4992 regem
2143 4943 2156 4978 :
2200 4923 2322 4978 Fiat
2388 4925 2491 4990 ita;
2558 4926 2660 4980 nisi

1085 5019 1403 5082 ostendero,
1445 5017 1593 5087 quod
1633 5033 1740 5072 non
1780 5018 1854 5072 sit
1889 5016 2006 5083 Bel,
2064 5015 2161 5087 qui
2199 5017 2496 5072 manducat
2534 5017 2660 5086 ista,

1086 5113 1296 5170 moriar
1323 5125 1446 5182 ego,
1481 5118 1536 5164 et
1557 5125 1750 5165 omnes
1795 5111 1920 5165 mei.

1159 5207 1207 5260 9.
1242 5203 1411 5258 Erant
1437 5208 1614 5257 autem
1634 5201 1946 5259 sacerdotes
1973 5203 2066 5260 Bel
2093 5204 2433 5275 septuaginta
2459 5204 2666 5275 absque

1087 5297 1360 5352 uxoribus
1409 5303 1464 5350 et
1495 5294 1641 5350 ﬁliis.
1673 5293 1961 5352 [luxerunt
1983 5305 2168 5352 autem
2195 5312 2376 5367 regem
2400 5296 2468 5352 ad
2504 5296 2664 5352 delu-

1089 5393 1250 5448 brum
1277 5391 1430 5445 idoli.

1164 5485 1251 5537 10.
1295 5484 1361 5537 Et
1391 5484 1650 5552 apposita!
1681 5493 1811 5540 sunt
1839 5501 1980 5541 esca:
2015 5485 2068 5540 in
2096 5493 2392 5556 conspectu
2438 5484 2580 5556 regis
2614 5495 2669 5540 et

1095 5575 1381 5637 Dauiclis;
1423 5583 1477 5627 et
1537 5576 1724 5631 vinum
1788 5577 2016 5634 mixtum
2050 5577 2420 5635 introductum
2476 5590 2578 5644 est,
2617 5589 2670 5635 ct

1098 5665 1409 5735 appositum
1451 5675 1534 5720 est
1562 5665 1710 5722 Belo.

2754 3191 2952 3262 Δανιὴλ
2970 3191 3026 3243 δὲ
3057 3189 3401 3261 προσηύχετο
3426 3191 3564 3262 πρὸς
3593 3189 3798 3260 Κύριον
3816 3230 3832 3254 ,
3874 3189 3974 3242 καὶ
4017 3185 4193 3242 εἶπεν
4223 3191 4250 3242 6
4272 3188 4348 3257 .51-

2757 3285 2940 3348 σιλεὺς
2961 3283 3037 3354 τῷ
3067 3283 3285 3354 Δανιὴλ·
3316 3282 3469 3337 Διατί
3497 3282 3556 3335 ού
3592 3284 3917 3354 προσκυνεῖς
3941 3282 4030 3350 τῷ
4063 3283 4227 3352 Βὴλς

2825 3377 2880 3430 4.
2913 3377 3025 3429 Καὶ
3059 3369 3180 3428 εἷπε
3201 3374 3401 3444 Δανιὴλ
3421 3373 3557 3442 πρὸς
3571 3373 3662 3426 τὸν
3687 3372 3930 3442 βασιλέα·
3962 3374 4198 3428 Οὐδένα
4228 3372 4350 3425 σέεσ

2759 3463 3023 3537 μαίὲγὼ,
3056 3469 3105 3522 εἰ
3160 3467 3234 3538 μὴ
3267 3466 3470 3538 Κύριον
3499 3465 3592 3518 τὸν
3621 3464 3754 3519 Θεὸν
3794 3463 3890 3516 τδν
3936 3463 4233 3520 κτίσαντα
4279 3466 4352 3514 th

2755 3561 2986 3631 οὐρανὸν
3019 3560 3114 3612 καὶ
3137 3557 3237 3629 τὴν
3271 3557 3399 3628 γῆν,
3425 3557 3521 3612 καὶ
3543 3557 3737 3627 ἔχοντα
3785 3555 3976 3626 πάσης
4021 3557 4242 3627 σαρκὸς
4277 3576 4353 3609 ιω-

2760 3669 2937 3723 ρειαν.

2833 3743 2889 3798 5.
2925 3738 3094 3796 Εἶπεν
3131 3742 3188 3796 δὲ
3213 3745 3242 3796 6
3273 3740 3527 3812 βασιλεὺς
3545 3739 3714 3811 αὐτῷ·
3747 3733 3920 3802 Οὗτος
3971 3734 4076 3793 οὖν
4107 3741 4223 3794 οὐκ
4259 3740 4353 3792 ἐπι

2755 3832 2918 3898 Θεός;
2941 3832 3039 3901 οὐχ
3059 3833 3191 3902 ὁρᾷς
3215 3831 3314 3884 ὅσα
3337 3832 3418 3895 είς
3443 3831 3606 3885 αὐτὸν
3626 3830 3933 3884 δαπανᾶται
3962 3831 4104 3883 καθ’
4127 3831 4352 3896 ἑκάστη-ν

2759 3923 2974 3995 ἡμέραν
2990 3940 3006 3990 ;

2829 4018 2884 4072 6.
2906 4017 3013 4071 Καὶ
3033 4011 3186 4070 εἷπεν
3212 4015 3363 4088 αύτῷ
3379 4015 3598 4086 Δανιὴλ·
3625 4012 3930 4086 Μηδαμῶς,
3961 4013 4182 4084 μηδείς
4202 4030 4357 4066 arm-

2764 4111 3164 4185 ραλογιζέσθωο
3197 4101 3355 4173 οὗτος
3386 4108 3495 4180 γὰρ
3527 4107 3732 4160 ἔσωθεν
3765 4105 3866 4176 μὲν
3913 4106 4167 4176 πήλινός
4200 4111 4352 4165 ἐστιν,

2759 4202 2958 4268 ἔξωθεν
2985 4201 3042 4254 δὲ
3071 4198 3308 4271 χαλκοῦς
3328 4214 3344 4229 ·
3390 4197 3579 4267 ὀμνύω
3626 4196 3684 4249 δέ
3726 4213 3809 4248 σοι
3858 4195 4082 4266 Κύριον
4113 4197 4214 4250 τὸν
4239 4195 4356 4248 Θεὸν

2760 4294 2867 4348 τῶν
2895 4293 3053 4358 θεῶν,
3085 4292 3166 4345 ὅτι
3192 4289 3350 4344 οὐθὲν
3384 4289 3628 4359 βέϐρωκε
3667 4286 3890 4341 πώποτε
3915 4282 4109 4350 οὗτος.

2831 4388 2884 4441 7.
2909 4386 3020 4440 Kal.
3046 4383 3320 4455 θυμωθεὶς
3343 4383 3372 4434 6
3395 4381 3647 4452 βασιλεὺς
3680 4379 3907 4434 ἐκάλεσε
3928 4381 4066 4442 τοὺς
4094 4398 4240 4451 προς
4251 4398 4354 4447 στη-

2761 4482 2924 4543 κότας
2956 4477 3051 4532 τοῦ
3081 4475 3250 4549 ίεροῦ,
3283 4476 3378 4529 καὶ
3409 4469 3566 4528 εἶπεν
3597 4473 3812 4536 αὐτοῖς’
3849 4471 4248 4542 Παραδείξατε
4284 4475 4356 4524 τὸν

2762 4570 3010 4623 ἐσθίοντα
3047 4567 3118 4622 τὰ
3147 4563 3681 4637 παρασκευαζόμενα
3702 4561 3782 4633 τῷ
3806 4560 3918 4632 Βὴλ
3941 4576 3956 4590 ·
3995 4561 4048 4613 εί
4071 4560 4139 4614 δὲ
4177 4563 4256 4632 μή
4283 4577 4354 4628 γε,

2760 4660 3142 4718 ἀποθανεῖσθε.

2833 4755 2887 4810 8.
2922 4755 2992 4806 Ἦ
3023 4750 3220 4822 Δανιὴλ
3242 4751 3271 4804 6
3297 4748 3526 4821 φάσκων
3555 4746 3628 4818 μὴ
3657 4744 3934 4799 ἐσθίεσθαι
3968 4743 4125 4796 αὑτὰ
4155 4743 4252 4797 ὑπ’
4274 4743 4357 4795 αύ-

2758 4847 2878 4900 τοῦ.
2908 4847 2971 4900 Ol
3001 4844 3058 4898 δὲ
3085 4841 3244 4897 εἶπαν
3267 4858 3282 4873 ο
3317 4841 3490 4906 Αὐτὸς
3536 4842 3566 4893 6
3611 4839 3724 4911 Βὴλ
3770 4841 3919 4892 ἐστιν
3965 4839 3997 4890 6
4053 4837 4358 4890 κατεσθίων

2765 4939 2924 4993 αὐτά.
2957 4933 3091 4990 Εῐπε
3119 4936 3176 4989 δὲ
3200 4933 3400 5005 Δανιὴλ
3425 4933 3562 5003 πρὸς
3596 4931 3690 4985 τὸν
3715 4927 3963 4999 βασιλέαο
3989 4927 4252 4980 Γινὲσθω
4281 4927 4358 4977 οὖ-

2764 5047 2894 5093 τως·
2925 5028 3020 5082 ἐὰν
3075 5028 3151 5099 μὴ
3181 5023 3514 5098 παραδείξω,
3543 5023 3626 5077 δτι
3656 5022 3755 5075 οὐκ
3786 5019 3932 5072 ἐστιν
3958 5020 3990 5072 6
4039 5018 4164 5088 Βὴλ
4188 5021 4219 5071 6
4253 5033 4358 5070 κατι

2767 5121 2962 5175 εσθίων
2985 5120 3176 5182 ταῦτα,
3212 5116 3611 5186 ἀποθανοῦμαι,
3635 5114 3732 5167 καὶ
3753 5112 3957 5173 πάντες
3972 5111 4027 5163 οῖ
4047 5111 4190 5178 παρ’
4225 5111 4353 5180 ipsi.

2838 5210 2892 5265 9.
2926 5207 3108 5263 Ἦσαν
3139 5208 3196 5262 δὲ
3216 5205 3294 5278 τῷ
3324 5204 3433 5277 Βὴλ
3463 5205 3629 5275 ἱερεῖς
3648 5202 4028 5271 ἐϐδομήκοντα
4060 5204 4249 5273 χωρὶς
4272 5219 4354 5267 γεω

2772 5301 2976 5356 ναικῶν
3018 5300 3116 5354 καὶ
3153 5299 3363 5353 τέκνων
3383 5313 3398 5329 ο
3426 5298 3636 5368 ἡγαγον
3685 5294 3743 5348 δὲ
3789 5293 3885 5346 τὸν
3918 5292 4170 5362 βασιλέα
4200 5297 4280 5356 εἰς
4307 5295 4354 5343 τὲ

2769 5392 3057 5446 εἰδωλεῖον.

2843 5486 2931 5539 10.
2961 5483 3072 5538 Kal
3097 5480 3373 5554 παρετέθη
3411 5479 3482 5534 τὰ
3505 5478 3770 5550 βρώματα
3805 5472 4050 5529 ὲνὼπιον
4082 5476 4189 5530 τοῦ
4223 5476 4354 5544 βατι-

2771 5577 2906 5639 λέως
2934 5576 3027 5628 καὶ
3053 5573 3146 5627 τοῦ
3169 5573 3396 5644 Δανιήλο
3426 5571 3520 5627 καὶ
3545 5567 3685 5634 οἶνος
3715 5566 4016 5638 κερασθεὶς
4048 5567 4350 5636 εἰσηνέχθη.

2777 5669 2868 5722 καὶ
2903 5666 3170 5739 παρετέθη
3201 5664 3278 5729 τῷ
3310 5664 3436 5725 Βὴλ.
3551 5655 3559 5663 ’
