4390 6222
384 266 536 320 2837

383 477 594 540 ταῦτα,
639 476 886 546 βασιλεῦ.

469 568 560 623 l2.
587 569 659 622 Σὺ
695 563 788 621 οὖν
832 564 1256 635 ἐπισφραγίσεις
1291 565 1392 628 τὰς
1420 563 1637 627 κλεῖδας
1676 561 1772 616 τοῦ
1805 562 1934 615 ναοῦ
1959 605 1974 628 ,

385 659 537 711 ἐπὰν
563 659 786 728 κλεισθῇ
813 675 824 688 ·
850 659 1013 728 ἤρεσε
1048 655 1104 708 δὲ
1133 656 1161 708 6
1189 653 1347 720 λόγος
1387 653 1465 724 τῷ
1501 652 1728 722 βασιλεῖ.

469 752 558 806 15.
607 751 666 803 '0
692 751 750 805 δὲ
781 749 978 820 Δανιὴλ
1017 748 1268 802 ἐκέλευσε
1292 748 1420 809 τοὺς
1453 746 1582 815 παρ’
1601 743 1787 808 αὑτοῦ,
1815 743 1980 796 ἐκϐα-

384 842 592 905 λόντας
619 841 828 904 πάντας
848 841 912 893 ἐκ
931 839 1026 892 τοῦ
1046 837 1195 904 ναοῦ,
1227 836 1565 906 καταστῆσαι
1588 835 1708 888 ὅλον
1739 834 1832 888 τὸν
1853 833 1980 886 ναὸν

391 933 604 1002 σποδῷ,
654 931 867 994 οὐδενὸς
905 929 1013 982 τῶν
1058 930 1216 992 ἐκτὸς
1248 926 1410 981 αὑτοῦ
1449 925 1669 988 εἰδότος.
1719 923 1830 977 Kal
1858 922 1980 975 τότε

392 1022 851 1093 σφραγισάμενος
880 1021 971 1074 τὸν
996 1019 1122 1073 ναὸν
1154 1017 1408 1072 ἐκέλευσε
1437 1016 1738 1086 σφραγίσας
1775 1013 1853 1085 τῷ
1883 1014 1979 1068 τοῦ

393 1113 674 1182 βασιλέως
702 1111 990 1182 δακτυλίῳ,
1031 1111 1127 1165 καὶ
1167 1111 1282 1169 τοῖς
1322 1107 1624 1171 δακτυλίοις
1648 1107 1812 1161 τινῶν
1836 1106 1983 1160 £3166-

394 1203 512 1267 ξων
545 1202 762 1273 ίερέωνο
793 1200 890 1255 καὶ
915 1199 1132 1269 ἐγένετο
1155 1195 1349 1261 οὕτως.

477 1292 563 1346 14.
604 1293 714 1345 Καὶ
741 1291 977 1359 ἐγένετο,
1008 1290 1072 1359 τῇ
1094 1287 1356 1358 ἐπαύριον
1385 1285 1748 1357 παρεγένοντο
1774 1283 1869 1338 ἐπὶ
1889 1284 1983 1337 τὸν

391 1381 569 1435 τόπον
593 1397 606 1409 ·
629 1381 680 1433 οἱ
705 1379 760 1432 δὲ
791 1381 957 1449 ἱερεῖς
983 1379 1078 1432 τοῦ
1119 1377 1228 1450 Βὴλ
1252 1377 1342 1431 διά
1384 1374 1780 1446 ψευδοθυρίδων
1807 1372 1982 1426 εἰσελ-

394 1472 610 1536 θόντες,
637 1470 1018 1537 κατεφάγοσαν
1045 1468 1224 1522 πάντα
1243 1467 1312 1522 τά
1336 1465 1712 1538 παρακείμενα
1742 1463 1820 1534 τῷ
1851 1463 1980 1534 Βὴλ,

396 1561 506 1615 καὶ
533 1559 749 1627 ἐξέπιον
781 1558 874 1612 τὸν
908 1555 1072 1613 οἶνον.

479 1651 566 1706 15.
610 1651 721 1704 Kal
768 1646 922 1703 εἶπεν
975 1648 1206 1720 Δανιήλ’
1249 1648 1494 1702 Ἐπίδετε
1521 1647 1622 1710 τάς
1682 1646 1985 1717 σφραγῖδας

393 1743 582 1814 ὑμῶν,
600 1745 648 1797 εί
676 1742 947 1813 μένουσιν,
971 1742 1163 1811 ἀνδρες
1191 1742 1374 1812 ίερείς·
1410 1740 1508 1795 καὶ
1538 1741 1603 1795 σὺ
1628 1739 1708 1806 δὲ,
1740 1739 1984 1811 βασιλεῦ,
2015 1728 2060 1790 Β

400 1833 632 1904 σκέψαι,
665 1834 740 1904 μὴ
763 1833 818 1887 τί
851 1850 934 1886 σοι
956 1832 1289 1902 ἀσύμφωνον
1317 1831 1637 1902 γεγένηται.

482 1926 568 1980 16.
599 1926 707 1981 Kal
743 1922 898 1996 εὗρον
925 1923 1001 1987 ὡς
1044 1919 1114 1994 ἦν
1143 1923 1402 1995 σφραγὶς,
1443 1924 1540 1978 καὶ
1573 1921 1846 1978 ἀπέϐαλον
1893 1919 1991 1993 τὴν

400 2019 705 2088 σφραγῖδα.

483 2111 572 2164 17.
607 2110 715 2163 Kal
743 2105 1049 2174 ἀνοίξαντες
1075 2107 1177 2173 τὰς
1205 2107 1397 2180 θύρας,
1439 2105 1649 2160 εἷδοσαν
1685 2104 1990 2174 δεδαπανη-

406 2201 554 2272 μὲνα
575 2201 750 2255 πάντα
773 2200 843 2254 τὰ
870 2200 1278 2271 παρατεθέντα,
1325 2195 1426 2252 καῖ
1456 2197 1555 2261 τάς
1579 2195 1859 2267 τραπέζας
1900 2210 1994 2247 κε-

399 2293 509 2357 νάς
530 2309 543 2322 ·
568 2293 665 2346 καὶ
694 2294 868 2364 ἐχάρη
891 2294 920 2346 6
949 2291 1225 2362 βασιλεὺς,
1265 2290 1360 2344 καὶ
1385 2283 1540 2343 εἷπεν
1589 2286 1728 2358 πρὸς
1763 2286 1854 2340 τὸν
1888 2287 1994 2338 Δα-

397 2387 565 2457 νιήλ·
607 2385 797 2455 Μέγας
846 2385 994 2438 ἐστὶν
1027 2387 1056 2439 6
1083 2383 1219 2454 Βὴλ,
1265 2383 1364 2437 καὶ
1397 2382 1497 2436 οὐκ
1529 2379 1647 2434 ἐστι
1685 2378 1817 2452 παρ’
1842 2375 1993 2447 αύτῷ

397 2478 559 2540 δόλος
568 2519 580 2532 .

486 2571 572 2625 18.
601 2570 712 2624 Kal
732 2567 959 2636 ἐγέλασε
979 2566 1178 2638 Δανιὴλ
1201 2566 1428 2637 σφόδρα,
1451 2564 1546 2620 καὶ
1568 2560 1721 2618 εἴπεν
1746 2560 1823 2633 τῷ
1846 2561 1996 2633 βασι-

401 2662 529 2715 λεῖ·
560 2660 733 2731 Δεῦρο
767 2661 845 2714 ι’δε
878 2659 970 2713 τὸν
999 2658 1148 2712 δόλον
1177 2658 1286 2711 τῶν
1324 2656 1536 2729 ἱερέων.
1563 2656 1676 2708 Kal
1705 2651 1857 2707 εἶπεν
1887 2653 1992 2706 Δα-

403 2752 566 2822 νιὴλ’
597 2750 850 2810 Βασιλεῦ,
873 2749 1046 2803 ταῦτα
1075 2749 1146 2801 τά
1168 2748 1290 2819 ῐχνη
1319 2747 1464 2811 τινός
1487 2746 1603 2799 ἐστί
1625 2763 1639 2810 ;

488 2840 576 2897 19.
611 2842 721 2894 Kal
749 2835 903 2894 εἶπεν
925 2839 954 2892 6
980 2837 1262 2910 βασιλεύςο
1302 2836 1557 2909 Ἀνδρῶν,
1582 2832 1989 2904 καὶγυναικῶν,

406 2933 513 2986 καὶ
540 2933 788 2986 παιδίων.

486 3021 576 3075 20.
604 3023 714 3075 Kal
736 3021 968 3091 ἐπῆλθεν
996 3019 1091 3073 ἐπὶ
1112 3018 1204 3072 τὸν
1232 3015 1378 3072 οἷκον
1407 3018 1464 3070 ἐν
1491 3009 1536 3084 ᾧ
1563 3010 1704 3087 ἦσαν
1743 3015 1792 3067 οἱ
1829 3015 1996 3085 ίερεῖς

1826 256 2056 312 CAPUT
2097 257 2214 313 XIV

473 386 556 440 ll.
596 385 707 439 Kal
731 382 884 439 εἶπεν
913 382 1143 454 Δανιὴλ·
1180 382 1251 436 Σὺ
1278 379 1440 446 αὐτὸς
1482 383 1635 452 ὁρᾷς,
1684 379 1766 434 ὅτι
1807 381 1983 431 κεῖται
2013 384 2057 439 Α
2155 377 2207 430 11

2021 384 2057 439 Α
2155 377 2243 432 11.
2277 377 2343 432 Et
2373 376 2512 432 dixit
2535 375 2720 432 Daniel
2753 393 2770 434 :
2808 375 2890 432 Tu
2915 375 3028 448 ipse
3052 375 3223 442 vides,
3257 375 3391 447 quia
3454 390 3659 450 propo-
3753 369 3755 373 ’

3509 258 3657 319 283B

2084 469 2187 524 sita
2210 480 2337 524 sunt
2361 470 2485 534 ista,
2517 485 2634 524 rex.

2158 562 2246 617 l2.
2294 560 2374 616 Tu
2441 577 2571 632 ergo
2633 560 2947 630 obsignabis
2990 561 3173 618 claves
3234 561 3443 632 templi,
3508 571 3658 632 post-

2084 668 2248 722 quam
2282 653 2528 707 clausum
2562 651 2742 707 fuerit.
2768 651 2979 708 Placuit
3007 662 3188 706 autem
3215 652 3545 722 sermoregi.

2159 745 2244 798 15.
2278 743 2466 799 Daniel
2488 759 2616 799 vero
2637 744 2802 813 jussit
2830 744 2938 808 his,
2960 745 3054 814 qui
3094 759 3220 799 cum
3279 759 3346 800 eo
3379 752 3560 810 erant,
3593 752 3658 800 ut

2085 834 2276 904 ejectis
2313 835 2566 890 omnibus
2601 836 2668 890 de
2703 836 2926 905 templo,
2951 843 3379 905 conspergerent
3411 835 3656 889 cinerem

2086 939 2182 994 per
2215 932 2388 978 totum
2423 923 2704 993 templum,
2728 924 2943 979 nemine
2961 939 3175 986 eorum,
3199 923 3292 993 qui
3316 922 3449 978 foris
3475 930 3652 990 erant,

2087 1014 2314 1069 sciente.
2350 1013 2416 1068 Et
2443 1013 2636 1068 eodem
2672 1021 2914 1083 tempore
2939 1015 3128 1069 clauso
3146 1014 3346 1083 templo
3377 1013 3654 1084 praecepit,

2087 1113 2149 1158 ut
2179 1104 2528 1176 obsignarent
2561 1105 2762 1160 annulo
2785 1106 2950 1175 regis.
2968 1106 3258 1162 etannulis
3285 1106 3656 1175 quorumdam

2087 1195 2379 1264 insignium
2413 1195 2757 1250 sacerdotum
2786 1211 2801 1261 ;
2841 1204 2895 1250 et
2922 1194 3124 1251 factum
3158 1205 3242 1252 est
3275 1196 3370 1252 ita.

2159 1285 2246 1340 14.
2276 1285 2342 1340 Ει
2370 1285 2570 1341 factum
2589 1296 2692 1348 est,
2708 1295 2926 1355 postero
2946 1287 3033 1341 die
3047 1298 3312 1342 venerunt
3335 1287 3401 1342 ad
3432 1288 3613 1343 locum
3637 1305 3654 1343 :

2087 1379 2400 1435 sacerdotes
2451 1388 2632 1435 autem
2690 1379 2784 1435 Bel
2843 1393 2938 1449 per
2991 1379 3159 1436 falsas
3200 1380 3347 1436 fores
3395 1382 3656 1452 ingressi,

2089 1470 2447 1526 comederunt
2509 1471 2717 1535 omnia,
2774 1486 2896 1540 qua:
2945 1481 3136 1542 parata
3173 1471 3396 1528 fuerant
3444 1472 3561 1543 Bel,
3601 1484 3661 1530 et

2089 1563 2346 1619 biberunt
2375 1564 2582 1619 vinum.

2164 1653 2252 1707 l5.
2281 1653 2348 1708 Et
2403 1654 2542 1709 dixit
2587 1653 2775 1710 Daniel
2809 1670 2823 1707 :
2858 1653 3112 1727 inspicite
3145 1657 3320 1727 sigilla
3349 1665 3548 1722 vestra,
3580 1671 3650 1712 an

2088 1755 2362 1810 maneant,
2392 1746 2494 1800 viri
2529 1747 2840 1804 sacerdotes
2874 1749 3009 1805 :sed
3039 1748 3203 1805 etiam
3221 1758 3300 1816 tu,
3325 1765 3441 1815 rex,
3475 1748 3658 1805 consi-

2088 1836 2238 1901 dera,
2266 1852 2333 1892 ne
2364 1837 2492 1906 quid
2519 1838 2615 1892 tibi
2643 1840 2978 1894 contrarium
3027 1841 3230 1896 factum
3263 1839 3448 1897 fuerit.

2161 1925 2246 1980 16.
2287 1926 2351 1981 Et
2381 1930 2705 1983 invenerunt
2732 1929 2876 1986 sicut
2901 1938 3022 1986 erat
3051 1930 3418 2000 signaculum,
3460 1941 3516 1987 et
3559 1931 3661 1986 ab.

2089 2017 2337 2090 iecerunt
2373 2019 2635 2090 sigillum.
2765 2011 2788 2099 ἰ

2162 2110 2249 2166 17.
2282 2109 2351 2165 Et
2409 2112 2713 2181 aperientes
2761 2111 2992 2182 ianuas,
3046 2113 3302 2169 viderunt
3363 2113 3659 2185 absumpta

2090 2200 2297 2265 omnia,
2332 2217 2452 2272 quae
2479 2203 2724 2272 apposita
2771 2202 3006 2267 fuerant,
3042 2211 3098 2257 et
3148 2217 3371 2260 mensas
3417 2218 3658 2266 vacuas;

2091 2301 2144 2347 et
2176 2293 2397 2362 gavisus
2432 2302 2518 2349 est
2545 2308 2661 2358 rex,
2690 2304 2746 2348 et
2768 2293 2905 2348 dixit
2951 2293 3020 2348 ad
3073 2293 3350 2350 Dauielem
3377 2312 3392 2348 :
3422 2293 3657 2366 Magnus

2089 2395 2174 2440 est
2195 2383 2310 2452 Bel,
2343 2394 2399 2440 et
2428 2401 2536 2440 non
2562 2393 2648 2441 est
2676 2386 2730 2440 in
2756 2401 2824 2442 eo
2843 2386 3022 2441 dolus.

2161 2558 2252 2614 18.
2277 2558 2343 2612 Ει
2401 2559 2524 2616 risit
2580 2558 2769 2616 Daniel
2817 2560 3206 2628 vehementer;
3238 2569 3294 2617 et
3331 2561 3469 2617 dixit
3496 2561 3609 2632 negi
3644 2581 3663 2617 :

2090 2646 2324 2712 Accede,
2351 2649 2477 2704 vide
2509 2650 2690 2704 dolum
2721 2651 3090 2706 sacerdotum.
3123 2650 3190 2707 Et
3239 2651 3378 2706 dixit
3418 2650 3608 2706 Daniel
3645 2669 3664 2706 :

2094 2741 2366 2806 Rex,haac
2397 2743 2626 2814 vestigia
2656 2743 2815 2812 cujus
2855 2744 3030 2799 sunt?

2166 2833 2254 2887 l9.
2293 2833 2360 2887 Et
2379 2833 2628 2889 dixitrex
2669 2852 2683 2888 :
2719 2831 2998 2903 Virorum,
3028 2845 3082 2890 et
3105 2834 3422 2902 mulierum,
3451 2845 3505 2890 ct
3531 2850 3668 2906 pue-

2093 2938 2302 2978 rerum.

2165 3017 2255 3069 20.
2282 3015 2350 3071 Et
2385 3017 2519 3072 abiit
2547 3017 2600 3072 in
2646 3017 2892 3079 domum,
2927 3017 2980 3071 in
3032 3033 3139 3087 qua
3190 3019 3501 3074 sacerdOtes
3539 3034 3665 3074 ver—-

407 3083 840 3183 καταγινόμενοι
859 3153 875 3178 ,
924 3112 1020 3165 καὶ
1043 3104 1169 3183 εὗρε
1196 3111 1265 3164 τὰ
1298 3108 1563 3180 βρώματα
1588 3083 1696 3160 *τοῦ
1733 3105 1862 3175 Βὴλ,
1884 3083 1995 3158 -καὶ
2023 3083 2064 3142 C
2098 3122 2141 3161 s:

1931 3105 1995 3157 .al
2023 3083 2064 3142 ο
2098 3107 2381 3174 sabantur,
2405 3115 2460 3162 et
2495 3108 2700 3162 invenit
2756 3122 2910 3164 escas
2947 3083 3109 3175 Belis,
3141 3118 3195 3162 et
3225 3109 3408 3164 vinum
3440 3128 3455 3176 ;
3481 3118 3534 3165 et
3582 3111 3665 3164 in-

412 3203 511 3256 τδν
539 3199 698 3267 οἶνον,
727 3203 821 3256 καὶ
845 3202 1085 3266 ἐπέδειξε
1107 3199 1303 3271 Δανιὴλ
1331 3198 1409 3270 τῷ
1455 3197 1662 3268 βασιλεῖ
1707 3196 1776 3249 τά
1801 3194 1995 3263 ψευδο-

411 3294 599 3367 θύρια,
622 3295 691 3348 δι’
719 3288 794 3348 ὧν
825 3293 1268 3364 εἰσπορευόμενοι
1297 3293 1344 3344 oi
1392 3291 1578 3362 ἱερεῖς,
1615 3287 1898 3341 ἐδαπάνων
1926 3283 1998 3340 τά

412 3386 832 3456 παρατιθέμενα
859 3385 935 3455 τῷ
961 3385 1092 3456 Βήλ.

488 3475 580 3532 2|.
599 3476 710 3528 Kal
733 3475 998 3546 ἐξήγαγεν
1019 3471 1217 3534 αὐτοὺς
1241 3473 1269 3524 6
1291 3470 1544 3542 βασιλεὺς
1571 3470 1633 3523 ἐκ
1651 3467 1746 3522 τοῦ
1776 3467 1993 3539 Βηλίου,

412 3565 517 3620 καὶ
539 3565 853 3634 παρέδωκεν
885 3564 1086 3626 αὐτοὺς
1121 3563 1200 3633 τῷ
1223 3563 1441 3633 Δανιὴλ,
1481 3561 1577 3614 καὶ
1613 3561 1712 3631 τὴν
1751 3559 1997 3630 δαπάνην

413 3659 520 3730 τὴν
555 3661 634 3721 εις
681 3657 844 3710 αὑτὸν
885 3657 1051 3710 ἔδωκε
1093 3655 1170 3712 τῶ
1202 3654 1434 3726 Δανιὴλ·
1481 3653 1574 3708 τὸν
1613 3652 1671 3705 δὲ
1710 3652 1819 3724 Βὴλ
1865 3668 1999 3704 κατ·

417 3749 674 3817 έστρεψε.

490 3841 580 3895 22.
617 3841 730 3895 Kal
753 3836 822 3912 ἦν
852 3838 1066 3911 δράκων
1084 3839 1143 3892 ἐν
1168 3835 1247 3908 τῷ
1266 3835 1416 3908 αὐτῷ
1445 3835 1614 3905 τόπῳ,
1635 3833 1730 3888 καὶ
1750 3833 1999 3887 ἐσέϐοντο

416 3935 473 3989 οἱ
512 3931 864 3987 Βαϐυλώνιοι.

490 4024 581 4080 25.
614 4025 726 4077 Kal
752 4017 906 4076 εἶπεν
925 4022 954 4074 6
985 4020 1237 4092 βασιλεὺς
1259 4019 1337 4091 τῷ
1363 4020 1559 4090 Δανιήλ
1578 4033 1592 4049 ο
1632 4017 1724 4088 Μὴ
1751 4017 1847 4071 καὶ
1879 4016 2001 4070 τοῦ-

416 4133 514 4171 τον
556 4117 701 4187 ἐρεῖς
725 4155 739 4179 ,
772 4115 854 4168 ὄτι
893 4112 1128 4184 χαλκοῦς
1175 4115 1361 4174 ἐστιν;
1407 4112 1515 4164 ίδοὺ
1549 4109 1639 4181 ζῇ,
1675 4109 1773 4163 καὶ
1800 4108 1996 4175 ἐσθίει,

419 4207 521 4263 καὶ
543 4207 706 4270 πίνει,
737 4205 1117 4276 προσκύνησον
1139 4202 1309 4272 αὐτῷ.

491 4298 581 4354 25.
607 4299 720 4352 Kal
742 4291 893 4350 εἷπεν
913 4293 1129 4364 Δανιὴλ¹
1159 4291 1411 4355 Βασιλεῦ,
1438 4291 1526 4356 δός
1566 4309 1657 4363 μοι
1698 4293 1798 4362 τὴν
1842 4289 1997 4356 ἐξου-

2096 3198 2298 3252 dicavit
2353 3197 2540 3252 Daniel
2607 3199 2720 3268 regi
2779 3198 2945 3253 falsas
2994 3197 3163 3264 fores,
3191 3215 3287 3268 per
3314 3215 3454 3269 quas
3484 3200 3667 3270 ingre-

2095 3291 2306 3346 dientes
2343 3289 2657 3346 sacerdotes
2697 3291 3061 3346 absumebant
3087 3307 3208 3362 qua:
3253 3292 3667 3362 opponebantur

2096 3381 2209 3438 Bel.

2164 3474 2255 3528 2i.
2298 3473 2361 3527 Et
2383 3472 2544 3543 ejecit
2567 3487 2664 3527 eos
2695 3487 2788 3526 rex
2820 3472 2887 3526 de
2951 3473 3152 3542 templo
3186 3472 3300 3538 Bel,
3337 3482 3392 3529 et
3437 3473 3667 3530 tradidit

2096 3579 2190 3620 eos
2224 3563 2454 3628 Danieli,
2489 3572 2544 3618 el.
2571 3564 2896 3632 impensam,
2921 3578 3043 3632 quae
3071 3565 3120 3618 in
3146 3580 3272 3618 eum
3306 3566 3661 3634 erogabatur.

2097 3654 2246 3711 dedit
2276 3653 2525 3721 Danieli;
2559 3653 2648 3709 Bel
2679 3662 2860 3708 autem
2888 3655 3101 3708 evertit.

2167 3831 2258 3887 22.
2286 3829 2352 3884 Et
2379 3827 2680 3885 eratdraco
2704 3827 2758 3882 in
2787 3828 2907 3901 ipso
2930 3829 3070 3897 loco,
3102 3842 3158 3889 et
3213 3831 3463 3889 colebant
3498 3829 3674 3902 Bahr

2097 3924 2252 3979 lonii.

2154 3941 2252 3978 nn.

2118 3940 2255 4071 023.
2280 4014 2346 4071 Et
2372 4016 2509 4072 dixit
2532 4033 2625 4073 rex
2657 4017 2868 4072 Danieli
2892 4015 3193 4087 :Numquid
3233 4027 3289 4073 et
3315 4018 3461 4072 hunc
3488 4015 3672 4080 dices,

2098 4108 2242 4177 quod
2271 4124 2444 4166 aereus
2474 4109 2577 4165 siti
2605 4125 2731 4165 ecce
2765 4109 2917 4178 vivit,
2953 4110 3214 4174 comedit,
3249 4119 3304 4166 et
3324 4109 3672 4175 bibit,adora

2096 4212 2244 4253 eum.

2167 4290 2256 4344 25.
2289 4289 2512 4346 Etdixit
2546 4291 2732 4346 Daniel
2763 4311 2776 4348 :
2813 4290 2951 4358 Rex,
2981 4290 3049 4345 da
3078 4290 3208 4344 mihi
3238 4299 3581 4362 potestatem,
3608 4301 3668 4348 et

422 4393 566 4454 σίαν,
612 4390 706 4444 xal
755 4387 932 4443 ἀνελῶ
965 4387 1058 4439 τὸν
1125 4385 1397 4456 δράκοντα
1444 4384 1574 4438 ἄνευ
1626 4383 1844 4455 σιδήρου
1871 4382 1997 4474 ’καὶ
2032 4421 2071 4474 D
2100 4381 2154 4435 in

1937 4382 1997 4437 al
2032 4421 2071 4474 υ
2100 4381 2421 4437 interﬁciam
2479 4383 2770 4440 draconem
2840 4385 3046 4455 absque
3097 4385 3244 4442 ferro
3276 4396 3330 4442 et
3388 4386 3551 4444 iuste.
3599 4383 3671 4441 Et

423 4481 642 4552 ῥάὁδου.
667 4480 779 4534 Kal
801 4476 1176 4548 συνεχώρησεν
1202 4473 1352 4545 αὐτῷ
1371 4476 1405 4528 6.
1420 4472 1696 4544 βασιλεὺς,
1729 4471 1826 4527 καὶ
1842 4467 2002 4524 εἶπεν

420 4571 593 4643 αὐτῷ·
611 4569 829 4624 Δέδοταί
853 4586 956 4622 σοι.

493 4663 585 4718 26.
617 4664 729 4717 Kal
748 4661 928 4715 λαϐὼν
956 4660 1154 4731 Δανιὴλ
1175 4658 1375 4729 πίσσης
1408 4657 1546 4728 μνᾶς
1571 4655 1881 4726 τριάκοντα,
1905 4655 2002 4711 καὶ

423 4755 615 4827 στέαρ,
644 4755 738 4808 καὶ
765 4753 977 4823 τρίχας,
1009 4752 1219 4823 ἥψησεν
1247 4749 1340 4803 ἐπὶ
1377 4749 1438 4802 τὸ
1467 4747 1619 4810 αὐτὸ,
1655 4747 1752 4800 καὶ
1780 4746 2000 4819 ἐποίησε

429 4846 630 4918 μάζαν,
652 4846 748 4898 καὶ
774 4843 1026 4900 ἐνέϐαλεν
1052 4844 1132 4906 είς
1155 4843 1216 4895 τὸ
1248 4841 1424 4912 στόμα
1453 4839 1547 4895 τοῦ
1575 4839 1884 4913 δράκοντος,
1909 4840 2003 4892 καὶ

426 4934 618 5008 φαγὼν
642 4935 925 5008 saepem,
966 4933 1062 4986 καὶ
1105 4931 1306 4997 ἔδειξεν
1333 4930 1498 4985 αὑτὸν
1523 4930 1600 5002 τῷ
1643 4929 1872 5002 βασιλεῖ,
1917 4929 2002 4982 λέ-

421 5046 569 5104 γων⁶
592 5029 666 5081 Οὐ
691 5025 862 5082 ταῦτα
891 5023 1136 5088 σέϐεσθε,
1158 5020 1411 5094 βασιλεῦς

496 5121 588 5175 27.
619 5121 740 5174 Kal.
762 5117 1108 5188 συνήχθησαν
1140 5115 1190 5168 oi
1217 5115 1325 5167 ἀπὸ
1347 5112 1448 5181 τῆς
1472 5109 1656 5182 χώρας
1688 5111 1886 5174 πάντες
1909 5111 2002 5164 ἐπὶ

423 5215 518 5268 τὸν
556 5211 755 5282 Δανιὴλ
777 5249 792 5275 ,
848 5211 944 5262 καὶ
992 5203 1152 5261 εἶπαν
1175 5221 1190 5236 ο
1248 5204 1497 5267 Ἰουδαῖος
1540 5202 1764 5272 γέγονεν
1795 5203 1823 5254 6
1851 5202 2003 5273 βασι-

424 5301 580 5365 λεύς·
623 5299 721 5352 τὸν
753 5297 867 5370 Βὴλ
903 5294 1242 5365 κατέστρεψε
1271 5332 1286 5358 ,
1320 5294 1416 5346 καὶ
1447 5293 1538 5345 τὸν
1585 5291 1855 5363 δράκοντα
1893 5292 2002 5345 ἀπ-

427 5393 658 5445 ἔκτεινε.

497 5481 588 5536 29.
630 5479 742 5534 Kal
765 5478 895 5533 ίᾶὼν-
921 5480 950 5532 6
983 5475 1258 5550 βασιλεὺς,
1293 5477 1375 5530 ὅτι
1409 5473 1746 5546 ἐπισυνήχθη
1790 5474 1819 5526 6
1850 5473 2004 5544 ὄχλος

427 5573 531 5643 τῆς
553 5571 736 5643 χώρας
754 5572 841 5625 ἐπ’
867 5570 1049 5639 αὑτὸν,
1076 5569 1299 5624 ἐκάλεσε
1326 5568 1454 5631 τοὺς
1477 5565 1790 5637 συμϐιωτὰς
1813 5565 2002 5635 αὑτοῦ,

431 5667 528 5722 καὶ
556 5660 727 5724 εἶπενο
766 5664 968 5737 Δίδωμι
995 5664 1088 5720 τὸν
1104 5662 1301 5735 Δανιὴλ
1327 5661 1406 5728 είς
1426 5659 1719 5718 ἀπώλειαν.

2101 4476 2346 4544 permisit
2377 4476 2427 4531 ei
2456 4491 2587 4544 rex;
2626 4486 2681 4532 et
2713 4477 2854 4532 dixit
2884 4478 2935 4533 ei
2974 4497 2988 4534 :
3030 4478 3170 4535 Data
3185 4488 3271 4534 est
3306 4479 3426 4534 tibi.

2172 4651 2262 4707 26.
2291 4651 2360 4707 Et
2401 4652 2680 4722 accipiens
2713 4652 2900 4709 Daniel
2945 4654 3081 4723 picis
3141 4670 3300 4712 mnas
3346 4654 3590 4726 triginta,
3616 4664 3674 4712 et

2101 4743 2340 4814 adipem,
2379 4751 2434 4796 et
2467 4742 2628 4812 pilos,
2667 4745 2815 4797 coxit
2852 4745 3036 4799 omnia
3071 4746 3256 4808 simul,
3284 4755 3338 4800 et
3371 4743 3499 4800 fecit
3522 4760 3674 4801 manv-

2101 4851 2240 4900 sam,
2276 4843 2330 4888 et
2357 4834 2504 4889 misit
2537 4835 2592 4888 in
2623 4850 2685 4890 os
2715 4835 2992 4902 draconis,
3045 4846 3098 4892 et
3128 4835 3419 4892 comedens
3451 4835 3677 4906 disrup-

2103 4935 2192 4981 tus
2225 4935 2329 4991 est,
2359 4932 2414 4980 et
2443 4925 2683 4981 ostendit
2717 4940 2842 4982 eum
2882 4927 3016 4998 regi,
3051 4927 3239 4984 dicens
3275 4944 3289 4982 :
3327 4925 3519 4982 Nonne
3557 4926 3673 4984 haec

2101 5019 2300 5082 colitis,
2342 5019 2480 5073 rex?

2173 5111 2262 5164 27.
2298 5109 2360 5164 Et
2380 5109 2690 5180 congregati
2714 5119 2842 5164 sunt
2864 5110 2930 5165 de
2957 5109 3178 5180 regione
3197 5123 3386 5165 omnes
3406 5108 3678 5166 adversus

2106 5203 2401 5266 Danielem,
2463 5212 2519 5259 et
2569 5204 2875 5258 dixerunt:
2909 5201 3130 5256 Judaeus
3185 5201 3364 5258 iactus
3413 5209 3500 5259 est
3551 5216 3669 5257 rex.

2102 5295 2196 5351 Bel
2218 5296 2435 5360 evertit,
2476 5303 2529 5350 et
2558 5295 2850 5350 draconem
2885 5293 3174 5348 interfecit.

2173 5472 2264 5527 29.
2306 5471 2372 5525 Et
2392 5471 2584 5527 videns
2601 5485 2717 5535 rex,
2751 5467 2897 5540 quod
2931 5476 3255 5539 congregata
3285 5477 3430 5526 esset
3479 5469 3672 5526 multi.

2106 5565 2236 5620 tudo
2269 5563 2512 5633 regionis
2544 5562 2804 5617 adversus
2855 5576 2936 5626 se,
2969 5561 3181 5615 vocavit
3223 5562 3484 5622 convivas
3513 5578 3671 5634 suos,

2106 5667 2160 5713 et
2190 5655 2326 5712 dixit
2347 5674 2359 5712 :
2379 5655 2559 5712 'l‘rado
2591 5653 2863 5712 Daniclem
2893 5651 2958 5709 ad
2986 5649 3369 5723 perditionem.
