4390 6222
1067 237 1210 296 9859

2126 244 2378 303 DANIEL
2417 247 2645 303 JUXTA
2685 246 3228 306 THEODOTIONEM

4214 245 4319 299 ’ὶΒί
4342 249 4350 296 ι

1136 362 1228 416 51.
1265 359 1392 416 Erat
1422 370 1602 416 autem
1623 362 1798 429 lacus,
1828 364 1884 418 in
1911 379 2023 435 quo
2055 368 2440 445 nutriebantur
2463 370 2646 426 leones
2675 377 2722 432 Α
2819 373 2870 426 51

2609 387 2646 426 es
2675 377 2722 432 Α
2819 373 2908 426 5i.
2939 367 3049 424 Ἦν
3076 372 3133 424 δὲ.
3169 370 3372 432 λάκκος
3413 371 3470 422 ἐν
3511 361 3556 438 ᾧ
3596 368 3883 441 ἐτρέφοντο
3908 365 4137 428 λέοντες
4188 367 4343 420 ἐπτὲη

1067 460 1296 520 septem,
1359 453 1559 520 quibus
1614 452 1971 508 tradebantur
2005 455 2356 513 insidiatores
2390 460 2554 528 regis,
2587 468 2641 512 et

1065 544 1629 598 subministrabautur
1679 544 1762 600 eis
1827 545 2074 614 quotidie
2147 547 2640 603 condemnatorum

1064 634 1173 690 duo
1205 649 1456 703 corpora.

1136 726 1225 779 50.
1259 725 1326 780 Et
1355 725 1659 795 injecerunt
1685 726 1959 782 Danielem
1987 729 2230 784 turbzein
2263 728 2412 783 illum
2439 730 2639 796 lacum,

1065 827 1125 870 ut
1157 817 1537 883 devoraretur,
1565 827 1618 871 et
1648 833 1824 888 neque
1856 820 2150 889 sepulturae
2184 833 2412 888 compos
2460 820 2638 874 ﬂeret.

1065 908 1130 962 Et
1155 919 1274 962 erat
1305 910 1359 961 in
1391 909 1512 962 lacu
1556 908 1742 964 Daniel
1763 910 1957 964 diebus
1991 926 2107 965 sex.

1135 1001 1223 1053 52.
1265 999 1330 1053 Et
1365 1000 1567 1055 factum
1593 1011 1677 1056 est
1701 1003 1753 1055 in
1783 1003 1870 1056 die
1898 1013 2070 1068 sexta,
2104 1012 2158 1056 et
2185 1013 2302 1058 erat
2336 1004 2637 1058 Ambacum

1066 1091 1274 1146 habens
1301 1107 1471 1161 panes
1511 1093 1725 1145 intritos
1773 1094 1826 1147 in
1863 1094 2072 1148 alveolo
2114 1095 2168 1148 in
2223 1097 2525 1163 pulmento,
2588 1105 2643 1150 et

1065 1197 1160 1238 vas
1198 1183 1309 1237 vini
1339 1183 1514 1250 mixti,
1542 1191 1596 1238 et
1619 1184 1731 1239 ibat
1759 1184 1815 1239 in
1844 1199 2096 1255 campum
2132 1185 2200 1240 ad
2235 1201 2531 1241 messores.

1134 1357 1225 1410 55.
1257 1357 1324 1411 Et
1351 1357 1613 1427 loquutus
1635 1366 1718 1413 est
1741 1359 1967 1427 angelus
1986 1357 2202 1414 Domini
2230 1361 2296 1415 ad
2314 1362 2638 1427 Ambacum,

1065 1448 1251 1504 dicens
1287 1465 1300 1502 :
1337 1447 1463 1503 Haec
1493 1449 1589 1503 tibi
1620 1450 1754 1505 dicit
1791 1449 2056 1506 Dominus
2082 1449 2227 1507 Deus
2258 1471 2270 1506 :
2320 1452 2638 1519 Prandium,

1065 1540 1211 1608 quod
1247 1541 1438 1606 babes,
1462 1541 1593 1598 aﬂ‘er
1626 1543 1834 1598 Danieli
1859 1544 1913 1598 in
1947 1545 2128 1601 lacum
2165 1546 2384 1601 leonum
2435 1549 2490 1602 in
2537 1548 2640 1603 Ba-

1065 1634 1282 1705 bylone.

2743 457 2824 524 οἷς
2857 461 3197 530 παρεδίδοντο
3224 461 3272 513 οἰ
3299 458 3572 512 ἐπίϐουλοι
3598 458 3692 511 τοῦ
3714 459 3999 528 βασιλέως,
4031 457 4138 509 καὶ
4159 457 4347 523 ἐχορτ-

2743 554 2892 620 γεῖτο
2923 553 3104 614 αὐτοῖς
3135 551 3257 604 καθ’
3291 551 3527 620 ἑκάστην
3569 550 3785 621 ἡμέραν
3818 548 3927 601 τῶν
3970 547 4345 600 ἐπιθανατίωι

2745 642 2971 713 σώματα
2988 642 3100 696 δύο.

2815 735 2903 789 50.
2938 734 3047 786 Kal
3079 732 3398 787 ἐνεϐάλοσαν
3419 732 3511 784 τὸν
3543 731 3738 802 Δανιὴλ
3766 733 3814 785 οἰ
3843 730 3993 801 ὄχλοι
4025 732 4116 792 εἰς
4141 731 4346 781 ἐκεῖνον

2742 824 2834 877 τὸν
2859 825 3084 888 λάκκον,
3129 823 3216 875 ῐνα
3243 821 3572 893 καταϐρωθῇ
3599 861 3612 885 ,
3660 821 3754 873 καὶ
3789 819 3922 888 μηδέ
3951 817 4146 886 ταφῆς
4187 815 4325 883 τύχη

2744 916 2854 969 Kal
2886 912 2954 986 ἦν
2985 917 3040 966 ἐν
3066 913 3142 984 τῷ
3174 913 3364 982 λάκκῳ
3393 911 3589 982 Δανιὴλ
3619 911 3831 981 ἡμέρας
3855 909 3935 972 ἐξ.

2812 1007 2904 1064 52.
2930 1006 3040 1059 Kal
3069 1005 3290 1072 ἐγένετο
3318 1007 3384 1074 τῇ
3410 1003 3594 1074 ἡμέρᾳ
3621 1006 3689 1072 τῇ
3720 1003 3875 1073 ἕκτῃ,
3900 1000 3998 1053 καὶ
4017 994 4097 1068 ἦν
4134 997 4198 1048 Ἀ
4213 995 4345 1063 μία·

2743 1098 2889 1167 κοὺμ
2922 1095 3059 1165 ἔχων
3089 1096 3287 1164 ἄρτους
3311 1094 3781 1164 ἐντεθρυμμένους
3801 1095 3858 1144 ἐν
3891 1093 4090 1162 σκάφῃ
4115 1094 4178 1142 ἐν
4225 1093 4348 1158 ἐψή-

2747 1207 2898 1260 ματι,
2916 1189 3012 1242 καὶ
3041 1190 3276 1258 στάμνον
3291 1187 3437 1239 οἴνου
3459 1185 3886 1254 κεκερασμένου,
3910 1185 4009 1237 καὶ
4038 1185 4348 1255 ἐπορεύετιι

2743 1283 2823 1344 εἰς
2847 1280 2908 1333 τδ
2947 1279 3129 1333 πεδίον
3166 1279 3301 1348 πρὸς
3322 1279 3448 1340 τοὺς
3481 1275 3758 1346 θεριστάς.

2813 1373 2903 1426 55.
2932 1373 3042 1424 Kal
3065 1371 3324 1440 ἐλάλησεν
3341 1367 3573 1436 ἄγγελος
3595 1366 3798 1437 Κυρίου
3823 1367 3961 1438 πρὸς
3977 1368 4039 1419 Ἀ
4053 1365 4329 1435 μϐακοιιμ⁴

2741 1463 2944 1532 λέγων·
2976 1463 3117 1515 τάδε
3147 1461 3296 1529 λέγει
3338 1460 3421 1512 σοὶ
3445 1458 3690 1527 Κύριοςὸ
3716 1457 3851 1521 Θεὸς
3871 1475 3886 1490 '
3921 1458 3996 1510 Τὸ
4035 1457 4277 1528 ἄριστον
4321 1460 4343 1498 ἐκ

2742 1554 2910 1624 ἔχεις,
2947 1552 3220 1622 ἀπένεγκε
3260 1550 3457 1620 Δανιὴλ
3489 1552 3568 1613 εἰς
3596 1548 3690 1601 τὸν
3716 1549 3918 1602 λάκκον
3955 1548 4075 1600 τῶν
4112 1547 4344 1600 λεόντων

2743 1647 2801 1698 ἐν
2830 1642 3132 1698 Βαϐυλῶνι.

1140 1728 1230 1782 δι.
1268 1728 1333 1783 Ει
1361 1728 1496 1783 dixit
1519 1729 1818 1784 Ambacum
1864 1748 1878 1785 :
1915 1731 2147 1788 Domino
2197 1731 2364 1798 Deus,
2393 1749 2499 1787 non
2533 1732 2640 1788 vidi
2674 1706 2714 1761 Β
2812 1735 2874 1791 54

2596 1733 2640 1788 iii
2674 1706 2714 1761 Β
2812 1735 2903 1791 54.
2921 1735 3030 1789 Kal
3054 1727 3561 1801 εἰπενἊμϐακούμο
3579 1727 3751 1798 Κύριε
3765 1728 3793 1779 6
3809 1725 3966 1788 Θεὸς,
3986 1725 4096 1795 οὐχ
4117 1724 4330 1795 ἑώρακε

1064 1819 1413 1891 Babylonem,
1437 1831 1491 1876 et
1523 1823 1702 1876 lacum
1729 1824 1912 1878 nescio
1940 1824 2032 1878 ubi
2064 1825 2154 1879 sit.

1134 1911 1226 1966 55.
1258 1911 1321 1966 Et
1373 1912 1787 1981 apprehendens
1827 1913 2006 1984 ipsum
2059 1914 2363 1970 Ambacum
2402 1916 2634 1986 angelus

1067 2002 1279 2057 Domini
1313 2019 1466 2057 coma
1489 2005 1682 2073 capitis
1704 2005 1846 2074 ejus,
1881 2007 2201 2077 posuiteum
2236 2023 2400 2078 super
2432 2008 2635 2076 lacum,

1062 2095 1157 2164 qui
1192 2105 1310 2150 erat
1341 2095 1638 2166 Babylone.

1131 2187 1221 2241 56.
1256 2187 1321 2240 Et
1371 2187 1508 2243 dixit
1563 2188 1865 2244 Ambacum
1916 2189 1983 2244 ad
2033 2190 2310 2247 Danielem
2351 2191 2638 2263 :Surgens

1062 2279 1288 2334 comede
1317 2281 1629 2348 prandium,
1665 2283 1808 2350 quod
1852 2283 2002 2337 misit
2035 2283 2132 2337 tibi
2165 2283 2429 2339 Dominus
2471 2284 2633 2340 Deus.

1131 2371 1221 2426 57.
1256 2372 1322 2424 Et
1348 2372 1424 2425 ait
1456 2372 1680 2428 Daniel:
1717 2375 2056 2429 Recordatus
2081 2385 2165 2430 est
2215 2377 2362 2431 enim
2393 2378 2497 2430 mei
2534 2377 2642 2432 Do-

1060 2465 1246 2518 minus
1285 2464 1445 2526 Deus,
1479 2465 1572 2534 qui
1614 2481 1721 2518 non
1750 2467 2344 2538 dereliquitdiligentes
2377 2484 2453 2524 se.

1132 2557 1222 2611 58.
1251 2555 1314 2610 Et
1340 2558 1576 2611 comedit
1624 2558 1830 2613 Daniel.
1877 2560 2115 2630 Angelus
2177 2570 2360 2614 autem
2419 2560 2634 2616 Domini

1059 2647 1300 2702 restituit
1349 2649 1673 2713 Ambacum,
1710 2649 1857 2702 unde
1905 2649 2081 2719 ipsum
2121 2662 2497 2719 assumpserat
2542 2667 2636 2706 ea-

1059 2739 1180 2793 dem
1207 2739 1292 2792 die
1317 2756 1331 2792 :
1353 2737 1615 2793 Dominus
1635 2754 1762 2793 vero
1775 2738 1917 2794 Deus
1937 2741 2252 2794 recordatus
2272 2749 2354 2794 est
2376 2740 2633 2796 Danielis.

1130 2828 1218 2883 59.
1257 2828 1428 2883 Porro
1461 2845 1712 2896 egressus
1742 2840 1825 2886 est
1856 2847 1948 2886 rex
1981 2841 2104 2901 post
2135 2832 2250 2886 haec
2279 2833 2500 2900 plorans
2533 2831 2636 2886 Da-

1059 2919 1276 2987 nielem,
1307 2932 1361 2976 et
1391 2921 1685 2992 inspiciens
1739 2923 1794 2977 in
1843 2923 2046 2989 lacum,
2081 2923 2228 2978 videt
2278 2938 2402 2977 eum
2440 2925 2636 2978 seden-

1057 3019 1192 3068 tem.

1127 3104 1217 3158 40.
1254 3103 1319 3159 Et
1344 3106 1661 3163 exclamans
1687 3107 1877 3162 aitrex
1918 3127 1931 3162 :
1972 3110 2206 3178 Magnus
2245 3117 2330 3162 est
2371 3105 2635 3161 Dominus

1059 3193 1224 3258 Deus,
1266 3205 1320 3250 et
1345 3212 1452 3250 non
1493 3207 1577 3252 est
1617 3208 1813 3268 praeter
1845 3213 1969 3252 eum
2012 3199 2173 3252 alius.

1137 3289 1225 3343 41.
1264 3289 1328 3344 Ει
1357 3290 1544 3344 eduxit
1568 3307 1659 3346 rex
1700 3293 1976 3347 Danielem
2009 3293 2077 3348 de
2117 3295 2260 3359 lacu,
2287 3303 2342 3347 et
2383 3301 2637 3347 auctores

1057 3384 1381 3451 perditionis
1416 3385 1536 3454 ejus
1568 3386 1794 3440 immisit
1822 3387 1876 3440 in
1908 3387 2087 3444 laeum
2119 3387 2174 3442 in
2198 3398 2497 3457 conSpectu
2527 3385 2636 3440 Da-

1067 3475 1247 3542 nielis.
1276 3487 1331 3532 et
1364 3477 1605 3533 devorati
1639 3487 1789 3532 sunt.

1572 3656 2093 3767 DANIEL

1223 3824 1548 3903 JUXTA
1628 3827 2496 3906 THEODOTIONEM.

1691 3937 1920 3992 CAPUT
1963 3939 2002 3995 Ι.

1130 4029 1182 4082 1.
1236 4028 1290 4082 In
1325 4044 1468 4083 anno
1506 4029 1666 4083 tertio
1695 4032 1846 4099 regni
1876 4030 2087 4085 Joakim
2125 4033 2268 4102 regis
2297 4032 2458 4097 .Iuda,
2489 4034 2636 4088 venit

1057 4118 1566 4174 Nabuchodonosor
1622 4137 1718 4175 rex
1768 4121 2060 4192 Babylonis
2095 4124 2151 4176 in
2201 4121 2504 4178 Jerusalem
2531 4165 2546 4190 ,
2583 4133 2636 4179 et

1055 4212 1337 4266 obsidebat
1373 4227 1514 4264 eam.

1123 4303 1178 4357 2.
1197 4306 1258 4359 Et
1293 4305 1439 4358 dedit
1469 4303 1732 4359 Dominus
1767 4305 1820 4360 in
1845 4321 2008 4362 manu
2037 4306 2155 4376 ejus
2184 4307 2393 4361 Joakim
2449 4323 2631 4378 regem

2738 1827 2840 1896 τὴν
2866 1825 3163 1879 Βαϐυλῶνα
3185 1866 3200 1887 ,
3223 1825 3316 1876 καὶ
3340 1822 3432 1876 τδν
3457 1821 3661 1874 λάκκον
3685 1819 3746 1873 οὐ
3774 1816 4037 1887 γινώσκω
4063 1817 4178 1868 ποῦ
4204 1820 4331 1869 ἐστι.

2813 1921 2902 1976 55.
2929 1919 3040 1973 Kal
3058 1916 3448 1987 ἐπιλαϐόμενος
3477 1913 3641 1968 αὐτοῦ
3673 1915 3700 1966 6
3730 1910 3961 1979 ἄγγελος
3993 1908 4221 1980 Κυρίου
4251 1908 4333 1959 τοῦ

2738 2013 3064 2087 Ἀμϐακοὺμ
3088 2011 3187 2080 τῆς
3212 2009 3389 2079 κόμης
3435 2005 3600 2060 αὐτοῦ
3656 2005 3759 2073 τῆς
3793 2003 4043 2072 κεφαλῆς
4075 2041 4093 2067 ,
4149 2000 4333 2069 έθηκεν

2739 2103 2902 2160 αὐτὸν
2939 2102 3122 2155 ἐπάνω
3154 2099 3247 2153 τοῦ
3276 2099 3482 2153 λάκκου
3511 2097 3604 2150 τοῦ
3628 2099 3685 2149 ἐν
3715 2095 4026 2148 Βαϐυλῶνι.

2808 2196 2897 2250 56.
2932 2196 3042 2247 Kal
3082 2190 3236 2246 εἶπεν
3267 2190 3594 2260 Ἀμϐακουμ
3631 2187 3765 2257 πρὸς
3795 2186 4024 2255 Δανιῆλ·
4069 2183 4335 2243 Ἀναστάς

2741 2288 2881 2356 φάγε
2909 2285 2969 2338 τὸ
2995 2286 3238 2355 ἄριστον,
3269 2283 3295 2335 6
3325 2280 3616 2336 ἀπέστειλέ
3656 2296 3736 2332 σοι
3772 2278 3981 2348 Κύριος
4007 2279 4038 2330 ὁ
4075 2275 4238 2336 Θεὸς.

2811 2376 2900 2430 57.
2932 2375 3045 2428 Kal
3085 2368 3241 2426 εἶπεν
3268 2372 3494 2442 Δανιήλ’
3533 2370 3808 2440 Ἐμνήσθη
3847 2368 3959 2438 γὰρ
3991 2367 4104 2437 μοῦ
4139 2368 4335 2435 Κύριος

2737 2469 2767 2521 ὁ
2803 2467 2953 2531 Θεὸς,
2991 2469 3018 2519 6
3047 2465 3122 2536 μὴ
3147 2465 3553 2533 ἐγκαταλείπων
3581 2464 3706 2525 τοὺς
3733 2459 4080 2530 ἀγαπῶντας
4119 2459 4306 2510 αὐτόν.

2809 2561 2898 2614 58.
2939 2559 3052 2612 Kal
3071 2559 3240 2627 ἔφαγε
3270 2555 3486 2626 Δανιήλ.
3530 2553 3588 2607 Ὀ
3611 2553 3667 2605 δέ
3693 2550 3923 2620 ἅγγελος
3951 2549 4180 2619 Κυρίου
4211 2564 4337 2600 κατ-

2739 2655 2933 2722 έστησε
2961 2652 3054 2704 τὸν
3103 2649 3429 2718 ’Δμϐακοὺμ
3479 2645 3599 2698 ὅθεν
3654 2644 3814 2697 αὐτὸν
3869 2641 4036 2694 ἔλαϐε
4090 2644 4166 2709 τῇ
4203 2640 4334 2706 αὐτῇ

2737 2744 2923 2814 ἡμέρα
2942 2759 2956 2774 ·
2992 2744 3020 2795 6
3051 2741 3108 2794 δέ
3135 2741 3342 2811 Κύριος
3365 2739 3394 2789 6
3430 2737 3561 2799 Θεὸς
3587 2734 3833 2804 ἐμνήσθη
3873 2732 3971 2784 τοῦ
3998 2730 4234 2800 Δανιὴλ.

2808 2836 2897 2891 59.
2945 2833 3168 2902 Ἐξῆλθε
3197 2832 3254 2885 δὲ
3288 2833 3316 2884 6
3342 2828 3596 2900 βασιλεὺς
3622 2826 3760 2895 μετὰ
3785 2824 3961 2877 ταῦτα
3990 2823 4225 2876 πενθῶν
4255 2822 4337 2873 τὶν

2737 2926 2959 2997 Δανιὴλ,
2992 2926 3089 2979 καὶ
3113 2921 3359 2993 ἐγκύψας
3388 2921 3466 2983 εἰς
3494 2919 3586 2972 τὸν
3613 2918 3837 2981 λάκκον,
3867 2917 3973 2986 ὁρᾷ
4001 2915 4184 2968 αὐτὸν
4215 2913 4338 2966 καθ·

2739 3018 2771 3086 ή
2780 3032 2962 3086 μενον.

2808 3105 2898 3159 40.
2935 3106 3048 3158 Kal
3068 3103 3398 3172 ἀναϐοήσας,
3441 3094 3596 3152 εἶπεν
3615 3100 3644 3152 6
3678 3097 3932 3168 βασιλεὺς
3957 3113 3972 3127 °
3994 3096 4208 3165 Μέγας
4231 3096 4337 3149 ἐστί

2739 3195 2941 3263 Κύριος
2971 3197 2999 3248 6
3033 3194 3184 3255 Θεὸς,
3209 3194 3303 3246 καὶ
3325 3193 3425 3245 οὑκ
3455 3193 3602 3244 ἐστιν
3632 3189 3770 3260 πλὴν
3796 3188 3962 3242 αὐτοῦ
4003 3188 4200 3250 ἄλλος.

2807 3285 2894 3339 41.
2931 3286 3039 3337 Kal
3082 3285 3347 3354 ἐξήγαγεν
3389 3285 3417 3335 6
3461 3282 3716 3352 βασιλεὺς
3748 3281 3837 3332 τὶν
3885 3279 4099 3347 Δανιὴλ
4143 3280 4211 3330 ἐκ
4251 3278 4333 3329 τοῦ

2738 3377 2963 3443 λάκκου,
2999 3378 3094 3430 καὶ
3119 3378 3247 3437 τοὺς
3268 3377 3474 3436 αἰτίους
3502 3375 3600 3443 τῆς
3629 3372 3898 3435 ἀπωλείας
3932 3371 4116 3424 αὑτοῦ
4157 3369 4335 3422 ἐνέϐα·

2736 3471 2826 3523 λεν
2848 3470 2927 3532 εἰς
2949 3469 3038 3524 τὸν
3060 3467 3264 3522 λάκκον
3297 3466 3526 3520 ἐνώπιον
3551 3464 3646 3518 τοῦ
3674 3464 3892 3535 Δανιὴλ,
3920 3465 4022 3516 καὶ
4045 3461 4334 3532 κατεϐ

3223 3637 3853 3773 ΔΑΝΙΗΑ

2841 3819 3140 3904 ΚΑΤΑ
3176 3821 3403 3904 TON
3451 3813 4225 3905 ΘΕΟΔΟΤΙΩΝΑ.

3265 3936 3664 3990 ΚΕΦΑΛΔΙΟΝ
3703 3937 3783 3987 Αο.

2808 4029 2858 4082 Ι.
2877 4030 2965 4083 Ἐν
3004 4029 3113 4082 ἔτει
3135 4028 3303 4098 τρίτῳ
3322 4030 3421 4097 τῆς
3449 4027 3725 4097 βασιλείας
3741 4025 4027 4094 Ἰωακεὶμ,
4063 4023 4330 4094 βασιλέως

2748 4118 2934 4183 Ἰούδα,
2960 4116 3092 4191 ἦλθε
3124 4118 3615 4188 Ναϐουχοδονόσορ,
3655 4117 3909 4187 βασιλεὺς
3969 4117 4323 4179 Βαϐυλῶνος.

2735 4213 2817 4276 εἰς
2845 4211 3222 4283 Ἰερουσαλὴμ,
3255 4211 3351 4264 καὶ
3379 4210 3690 4282 ἐπολιόρκει
3717 4213 3908 4280 αὑτήν.

2805 4305 2859 4358 2.
2887 4303 2997 4356 Kal
3023 4302 3190 4356 ἔδωκε
3218 4301 3423 4372 Κύριος
3461 4303 3517 4354 ἐν
3543 4303 3686 4372 χειρὶ
3720 4301 3882 4355 αὑτοῦ
3911 4301 4005 4353 τὸν
4041 4303 4328 4370 Ἰωακεὶμ.

1054 4393 1214 4460 Juda,
1249 4404 1301 4450 et
1339 4397 1404 4449 de
1445 4403 1596 4465 parte
1635 4413 1892 4452 vasorum
1926 4397 2122 4452 domus
2162 4399 2254 4454 Dei
2305 4419 2316 4453 :
2351 4409 2404 4454 et
2432 4415 2628 4469 aspor-
2662 4401 2704 4454 D
2736 4396 2788 4466 βο

2595 4417 2628 4440 ν-
2662 4401 2704 4454 D
2736 4395 2958 4466 βασιλέα
2997 4394 3189 4458 Ἰούδα,
3237 4395 3333 4446 καὶ
3378 4394 3486 4448 ἀπὸ
3530 4395 3731 4465 μέρους
3775 4393 3884 4445 τῶν
3929 4395 4157 4445 σκευῶν
4185 4396 4329 4445 οἴκου

1055 4488 1189 4540 tavit
1233 4503 1295 4541 ea
1338 4489 1404 4541 ‘in
1435 4495 1636 4542 terram
1684 4487 1890 4543 Senaar
1926 4491 1980 4544 in
2026 4490 2248 4544 domum
2293 4491 2378 4546 dei
2423 4492 2530 4556 sui,
2574 4499 2629 4545 ct

1054 4593 1183 4633 vasa
1220 4580 1402 4634 intulit
1431 4581 1484 4634 in
1509 4581 1728 4636 domum
1762 4581 2006 4638 thesauri
2045 4582 2132 4637 dei
2160 4585 2265 4638 sui.

1121 4755 1176 4811 5.
1221 4757 1287 4812 Et
1319 4757 1456 4813 dixit
1486 4775 1577 4812 rex
1611 4759 1902 4830 Asphanex
1928 4761 2219 4830 praeposito
2243 4763 2625 4816 cunuchorum

1052 4861 1298 4911 suorum,
1334 4857 1394 4902 ut
1424 4849 1799 4906 introduceret
1836 4851 1902 4905 de
1945 4852 2069 4907 liliis
2120 4854 2449 4921 captivitatis
2487 4853 2628 4905 lilio-

1053 4955 1173 4994 rum
1205 4941 1392 5009 Israel,
1445 4951 1498 4998 ct
1525 4943 1592 4998 de
1639 4945 1847 4999 semine
1883 4946 2054 5015 regni,
2109 4954 2164 4999 et
2202 4945 2268 4999 de
2307 4945 2629 5013 pliorthom-

1053 5033 1188 5086 min.

1123 5125 1174 5180 4.
1193 5124 1417 5189 Pueros,
1435 5125 1486 5179 in
1506 5128 1704 5196 quibus
1721 5145 1829 5181 non
1850 5128 1998 5183 estin
2019 5128 2097 5182 eis
2115 5129 2350 5195 macula,
2368 5129 2626 5198 pulchros

1055 5219 1255 5288 specie,
1296 5229 1349 5272 et
1386 5221 1742 5290 inlelligcntes
1785 5222 1836 5274 in
1869 5222 2016 5274 omni
2047 5223 2334 5290 sapientia,
2373 5231 2427 5275 et
2449 5223 2630 5276 scien-

1052 5320 1136 5366 tes
1165 5312 1472 5377 scientiam,
1510 5323 1564 5365 et
1589 5312 1901 5381 "cogitantes
1937 5312 2303 5381 prudentiam,
2335 5323 2389 5366 et
2421 5314 2625 5382 quibus

1052 5413 1137 5458 est
1160 5404 1328 5459 robur
1356 5404 1409 5458 in
1437 5406 1515 5459 eis
1545 5407 1720 5459 standi
1764 5405 1816 5457 in
1847 5405 2011 5459 domo
2045 5405 2208 5474 regis,
2236 5415 2287 5460 et
2318 5415 2377 5460 ut
2405 5405 2627 5462 doceret

1053 5510 1147 5552 eos
1177 5495 1405 5559 litteras,
1431 5503 1484 5550 et
1516 5496 1753 5565 linguam
1784 5497 2183 5552 Chaldaeorum.

1127 5671 1177 5728 5.
1221 5669 1282 5726 Et
1337 5668 1621 5727 constituit
1665 5669 1745 5728 eis
1793 5685 1887 5727 rex
1934 5669 2246 5728 dimensum
2332 5671 2618 5743 diurnum,

2735 4488 2830 4541 τοῦ
2859 4486 3016 4549 Θεοῦ,
3053 4487 3148 4540 καὶ
3167 4487 3364 4556 ἤνεγκε
3395 4485 3534 4539 αὐτὰ
3564 4488 3642 4549 εἰς
3675 4486 3777 4554 γῆν
3811 4485 4024 4553 Σεναὰρ
4059 4485 4158 4537 τὸν
4191 4481 4330 4537 οἷκον

2735 4581 2828 4634 τοῦ
2881 4580 3007 4633 θεοῦ
3049 4578 3235 4645 αὑτοῦ,
3270 4580 3368 4632 καὶ
3407 4579 3476 4632 τὰ
3525 4579 3692 4647 σκεύη
3741 4580 4067 4649 εἰσήνεγκεν
4122 4581 4205 4642 εἰς
4247 4579 4328 4630 τὸν

2735 4667 2881 4725 οἷκον
2908 4671 3004 4724 τοῦ
3037 4669 3308 4741 θησαυροῦ
3331 4668 3424 4723 τοῦ
3460 4669 3582 4722 θεοῦ
3617 4669 3801 4723 αὑτοῦ.

2805 4765 2859 4817 5.
2893 4765 3003 4817 Kal
3031 4760 3184 4815 εἶπεν
3205 4766 3232 4816 6
3265 4763 3518 4832 βασιλεὺς
3555 4760 3819 4831 Ἀσφανὲξ
3841 4761 3917 4830 τῷ
3946 4761 4328 4831 ἀρχιευνςύχῳ

2735 4855 2922 4920 αὐτοῦ,
2982 4857 3298 4924 εἰσαγαγεῖν
3346 4854 3455 4908 ἀπὸ
3488 4854 3596 4906 τῶν
3631 4853 3760 4906 υἰῶν
3801 4853 3897 4921 τῆς
3938 4856 4328 4921 αἰχμαλωςέας

2735 4945 2841 4998 τῶν
2873 4945 3002 4998 υἰῶν
3044 4945 3282 5015 Ἰσραὴλ,
3309 4945 3402 4998 καί
3429 4944 3537 4998 ἀπὸ
3568 4945 3661 4998 τοῦ
3701 4946 4015 5013 σπέρματος
4044 4946 4152 5014 τῆς
4179 4947 4328 5016 βασι-

2735 5040 2898 5104 λείας,
2931 5039 3024 5091 καὶ
3048 5038 3154 5091 ἀπὸ
3185 5037 3295 5089 τῶν
3315 5037 3674 5107 φορθομμείν.

2803 5131 2855 5183 4.
2880 5130 3230 5193 Νεανίσκους,
3255 5132 3311 5182 ἐν
3331 5123 3409 5190 οἷς
3454 5128 3554 5182 οὐκ
3589 5129 3736 5180 ἔστιν
3776 5129 3832 5180 ἐν
3865 5128 4070 5191 ἀὐτοῖς
4112 5129 4323 5198 μῶμος,

2734 5223 2826 5275 καὶ
2853 5223 3050 5285 καλοὺς
3087 5224 3150 5292 τῇ
3180 5221 3320 5290 ὄψει,
3376 5222 3470 5273 καὶ
3523 5221 3802 5281 συνιόντας
3844 5219 3904 5270 ἐν
3949 5219 4109 5289 πάσῃ
4147 5221 4322 5288 σοςίᾳ,

2736 5315 2830 5366 καὶ
2853 5312 3215 5382 γινώσκοντας
3241 5313 3462 5381 γνῶσιν,
3486 5314 3580 5364 καὶ
3595 5311 4012 5379 διανοουμένους
4035 5313 4214 5380 φρόνη
4228 5330 4320 5370 3n.

2734 5409 2829 5460 καὶ
2847 5401 2926 5470 οἷς
2958 5407 3104 5459 ἐστιν
3137 5408 3289 5476 ἰσχὺς
3321 5406 3378 5458 ἐν
3405 5406 3590 5467 αὐτοῖς
3632 5402 3726 5456 τοῦ
3754 5404 3978 5456 ἑστάναι
4006 5405 4064 5454 ἐν
4091 5404 4172 5473 τῷ
4197 5407 4322 5471 οἴκῳ

2733 5495 2826 5548 τοῦ
2869 5495 3129 5565 βασιλέως
3157 5535 3171 5558 ,
3222 5496 3316 5546 καὶ
3349 5494 3440 5547 τοῦ
3471 5495 3745 5548 διδάσκειν
3767 5493 3965 5556 αὐτοὺς
3990 5497 4318 5566 γράμματα,

2735 5589 2828 5642 καὶ
2851 5587 3099 5656 γλῶσσαν
3127 5587 3428 5640 Χαλδαίων.

2807 5679 2856 5734 5.
2895 5679 3008 5734 Kal
3042 5672 3284 5743 διέταξεν
3313 5678 3495 5743 αὐτοῖς
3523 5680 3549 5732 6
3579 5677 3832 5750 βασιλεὺς
3862 5677 3923 5731 τὸ
3971 5679 4072 5748 τῆς
4112 5681 4316 5750 ἡμέρας
