4390 6222
162 234 303 292 2841

1640 231 1869 289 CAPUT
1910 231 1948 291 l.

3287 228 3435 286 2842

163 352 292 406 καθ’
321 352 558 425 ἡμέραν,
589 352 699 408 ἀπὸ
729 355 830 426 τῆς
879 354 1162 428 τραπέζης
1194 354 1290 409 τοῦ
1338 355 1622 426 βασιλέως,
1657 354 1752 408 καὶ
1781 357 1825 414 Α
1854 367 1897 420 ql

1697 354 1752 407 al
1781 357 1825 414 Α
1854 350 2097 420 quotidie
2120 351 2187 408 de
2204 367 2391 410 mensa
2421 353 2585 423 regis,
2623 361 2677 407 ct
2705 353 2770 408 dc
2802 352 2928 406 vino
2963 359 3124 421 potus
3155 348 3348 419 ipsius,
3372 351 3431 402 ut

161 446 278 500 ἀπὸ
305 445 397 499 τοῦ
425 447 570 500 οἴνου
599 447 692 501 τοῦ
721 447 887 502 ποτοῦ
916 448 1103 510 αὐτοῦ,
1140 450 1236 502 καὶ
1264 450 1526 520 ἐκθρέψαι
1555 452 1752 516 αὐτοὺς

163 535 263 605 ἔτη
315 536 440 606 τρία
465 578 479 602 ,
516 539 612 591 καὶ
647 538 787 609 μετὰ
833 539 1007 593 ταῦτα
1045 539 1239 610 στῆναι
1287 541 1484 605 αὐτοὺς
1523 542 1754 596 ἐνώπιον

160 626 261 679 τοῦ
301 628 587 697 βασιλέως.

236 716 288 771 6.
326 719 436 771 Kal
465 719 715 787 ἐγένοντο
749 720 806 773 ἐν
837 721 1022 784 αὐτοῖς
1044 722 1108 775 ἐκ
1128 721 1237 776 τῶν
1269 722 1400 776 υίῶν
1441 722 1614 779 Ἰούδα
1645 726 1753 779 Δα-

159 810 308 880 νιὴλ,
341 812 436 865 καὶ
484 813 752 878 Ἀνανίας,
795 817 891 868 xal
933 815 1210 886 ’Δξαρίας,
1238 819 1332 871 καὶ
1364 820 1605 889 Μισαήλ.

236 902 291 954 7.
319 904 428 955 Kal
474 904 747 976 ἐπέθηκεν
790 907 974 970 αὐτοῖς
1021 909 1050 960 6
1076 907 1458 978 άρχιευνοῦχος
1489 910 1749 980 ὀνόματα,

159 992 244 1062 τῷ
273 995 473 1065 Δανιὴλ
497 995 802 1067 Βαλτάσαρ,
823 997 917 1051 καὶ
941 997 1020 1068 τῷ
1057 999 1274 1070 Ἀνανίᾳ
1297 1001 1525 1072 Σεδρὰχ,
1556 1004 1650 1056 καὶ
1673 1005 1752 1076 τῷ

174 1085 408 1156 Ἀζαρία
443 1085 770 1155 Ἀϐδεναγὼ,
803 1089 899 1143 καὶ
930 1089 1009 1160 τῷ
1039 1090 1260 1161 Μισαὴλ
1290 1093 1500 1162 Μισάχ.

237 1176 290 1231 8.
317 1177 427 1231 Kal
446 1177 598 1232 ἔθετο
618 1179 814 1251 Δανιὴλ
841 1182 935 1234 ὲπὶ
967 1180 1068 1252 τὴν
1106 1182 1335 1253 καρδίαν
1360 1184 1525 1238 αὐτοῦ
1552 1185 1649 1240 τοῦ
1675 1188 1751 1260 μὴ

159 1270 530 1342 ἁλισγηθῆναι
563 1272 622 1327 ὲν
653 1275 719 1344 τῇ
739 1273 988 1346 τραπέζῃ
1028 1272 1120 1328 τοῦ
1151 1274 1435 1345 βασιλέως,
1472 1278 1568 1331 καὶ
1592 1279 1650 1331 ὲν
1675 1281 1752 1351 τῷ

157 1359 295 1432 οῐνῳ
325 1361 418 1415 τοῦ
455 1361 620 1417 ποτοῦ
644 1363 810 1419 αὐτοῦ
829 1379 846 1396 ⁸
877 1366 974 1421 καὶ
1001 1365 1202 1437 ἠξίωσε
1231 1367 1324 1421 τὸν
1343 1368 1750 1442 ἀρχιευνοῦχον,

158 1453 314 1515 ὅπως
349 1452 422 1523 μὴ
454 1452 743 1525 sumen.

235 1543 290 1598 9.
322 1542 426 1598 Kal
454 1545 655 1599 ἔδωκεν
679 1548 708 1599 6
735 1545 867 1609 Θεὸς
887 1545 980 1600 τὸν
1005 1547 1206 1619 Δανιὴλ
1244 1550 1325 1613 εἰς
1352 1549 1521 1618 ἔλεον,
1549 1553 1644 1608 καὶ
1671 1554 1753 1618 είς

154 1634 445 1706 οἰκτιρμὸν
465 1635 697 1692 ἐνώπιον
719 1635 811 1692 τοῦ
840 1637 1256 1710 άρχιευνούχου.

236 1808 324 1862 10.
364 1810 476 1864 Kal
503 1805 657 1865 εἶπεν
696 1812 724 1865 6
754 1811 1142 1883 ἀρχιευνοῦχος
1189 1811 1267 1882 τῷ
1298 1813 1517 1884 Δανιήλ·
1551 1814 1754 1869 Φοϐοῦ-

161 1915 267 1970 μαι
297 1899 407 1968 ἐγὼ
442 1901 532 1956 τὸν
561 1901 752 1975 κύριόν
793 1921 896 1974 μου
934 1903 1027 1956 τὸν
1057 1903 1302 1973 βασιλέα,
1325 1905 1416 1960 τὸν
1447 1905 1754 1971 ὲκτάξαντα

155 1991 267 2062 τὴν
295 1991 496 2062 βρῶσιν
534 1993 709 2062 ὑμῶν,
743 1994 840 2049 καὶ
863 1993 962 2066 τὴν
992 1994 1151 2048 πόσιν
1176 1995 1333 2066 ὑμῶν
1355 2035 1371 2062 ,
1417 1997 1628 2067 μήποτε
1668 1998 1754 2070 ἴδῃ

155 2080 234 2134 τά
256 2082 524 2152 πρόσωπα
558 2082 711 2153 ὑμῶν
751 2081 1053 2153 σκυθρωπὰ
1083 2084 1235 2155 παρά
1277 2085 1347 2139 τὰ
1385 2085 1650 2156 παιδάρια
1683 2087 1754 2142 τὰ

160 2172 430 2242 συνήλικα
465 2173 642 2246 ὑμῶν,
675 2175 775 2229 καὶ
795 2172 1200 2246 καταδικάσητε
1233 2173 1332 2246 τὴν
1370 2174 1613 2246 κεφαλήν
1648 2194 1751 2248 μου

156 2262 242 2332 τῷ
271 2263 503 2332 βασιλεῖ.

238 2358 325 2410 11.
358 2358 468 2411 Kal
497 2352 649 2411 εἶπεν
697 2358 896 2430 Δανιὴλ
947 2359 1086 2428 πρὸς
1128 2358 1574 2430 Ἀμελλασὰρ,δν
1622 2376 1754 2413 κατ-

159 2449 397 2519 έστησεν
423 2453 450 2502 6
480 2450 866 2521 ἀρχιευνοῦχος
900 2451 996 2505 ἐπὶ
1027 2451 1252 2523 Δανιὴλ,
1297 2451 1574 2524 Ἀζαρίαν,
1593 2452 1752 2506 Ἀναο

155 2540 302 2604 νίαν,
336 2541 430 2593 καὶ
457 2542 696 2612 Μισαήλ.

238 2631 323 2686 12.
356 2631 625 2704 Πείρασον
655 2634 719 2706 δὴ
746 2636 874 2699 τοὺς
903 2633 1100 2698 παῖδάς
1126 2650 1220 2687 σου
1250 2635 1466 2705 ἡμέρας
1484 2633 1638 2700 δέκα,
1656 2635 1753 2690 καὶ

156 2722 402 2777 δότωσαν
434 2725 564 2794 ἡμῖν
594 2727 704 2782 ἀπὸ
729 2727 838 2782 τῶν
869 2725 1202 2799 σπερμάτων
1234 2725 1334 2796 τῆς
1363 2725 1490 2798 γῆς,
1519 2726 1614 2781 καὶ
1649 2743 1753 2796 φα-

158 2813 394 2884 γόμεθα,
428 2816 524 2868 καὶ
552 2815 697 2888 ὕδωρ
727 2817 990 2888 πιόμεθα.

238 2907 324 2960 13.
351 2906 462 2959 Καὶ
489 2905 812 2979 όφθὴτωσαν
842 2908 1072 2965 ἐνώπιόν
1097 2929 1192 2965 σου
1217 2910 1275 2964 αἱ
1295 2908 1430 2964 ἰδέαι
1459 2910 1638 2981 ἡμῶν,
1655 2909 1753 2965 καὶ

1855 443 2087 498 nutriret
2109 459 2205 501 cos
2232 445 2393 502 annis
2429 447 2624 511 tribus,
2654 454 2707 500 et
2738 453 2927 514 postea
2969 449 3176 497 starent
3203 441 3305 512 ipsi
3332 454 3431 496 co-

1854 550 1974 590 ram
2002 551 2148 608 rege.

1923 755 1977 809 6.
2020 754 2086 809 Et
2116 756 2335 812 fuerunt
2369 757 2421 811 in
2455 756 2535 810 eis
2564 755 2630 810 de
2664 755 2788 810 [iliis
2810 752 2949 809 Juda
2979 752 3191 818 Daniel,
3223 751 3431 808 etAna—

1855 847 2000 911 nias,
2031 857 2084 903 ct
2112 850 2360 915 Azarias,
2399 859 2453 904 et
2481 848 2689 904 Misacl.

1927 937 1978 991 7.
2013 937 2080 991 Et
2119 940 2383 1008 imposuit
2436 939 2517 994 eis
2558 939 2880 1009 praepositus
2913 940 3296 995 cunuchorum
3330 955 3432 994 no-

1856 1029 2039 1095 mina;
2089 1029 2294 1084 Danieli
2329 1031 2612 1097 Baltasar;
2664 1040 2719 1085 et
2771 1031 2995 1086 Ananiae
3041 1031 3314 1099 Sedrach;
3376 1041 3432 1088 et

1852 1119 2065 1175 Azan-iac
2091 1122 2422 1192 Abdenago;
2455 1132 2510 1178 ct
2536 1123 2744 1178 Misaeli
2767 1121 2995 1178 Misach.

1926 1213 1980 1268 8.
2024 1213 2090 1268 Et
2119 1216 2302 1284 posuit
2332 1215 2522 1271 Daniel
2562 1217 2615 1270 in
2656 1217 2821 1272 corde
2849 1231 2970 1281 suo,
3005 1225 3065 1270 ut
3091 1231 3200 1271 non
3223 1214 3432 1286 pollue-

1853 1313 2005 1359 retur
2025 1305 2079 1360 in
2101 1322 2290 1362 mensa
2320 1308 2487 1378 regis,
2519 1319 2572 1363 et
2602 1309 2656 1362 in
2679 1309 2806 1363 vino
2836 1319 2996 1378 potus
3039 1307 3160 1378 ejus
3192 1326 3206 1362 :
3253 1320 3306 1362 et
3339 1322 3431 1361 ro-

1854 1398 2001 1468 gavit
2071 1401 2453 1456 cunuchorum
2505 1401 2899 1473 praepositum,
2962 1416 3031 1457 ne
3091 1401 3434 1457 contamina-

1854 1502 2027 1547 I'BIUI'.

1923 1583 1976 1638 9.
2020 1582 2084 1639 Et
2115 1585 2262 1640 dedit
2288 1585 2430 1640 Deus
2464 1583 2742 1640 Daniclem
2785 1585 2839 1640 in
2875 1584 3344 1646 miscricordiam,
3378 1592 3434 1638 et

1787 1674 1912 1768 Bin
1941 1676 2346 1731 miserationem
2377 1676 2434 1732 in
2485 1687 2780 1748 conspectu
2833 1678 3097 1748 principis
3151 1676 3435 1732 eunucho-

1855 1780 2012 1890 ωῗδ.
2057 1835 2272 1891 Etdixit
2301 1837 2553 1908 princeps
2574 1836 2951 1892 cunuchorum
2985 1835 3189 1890 Danieli
3210 1853 3224 1889 :
3247 1834 3432 1889 Timeo

1853 1939 1954 1996 ego
1983 1926 2266 1980 dominum
2318 1943 2498 1982 meum
2543 1943 2754 1999 regem,
2801 1929 2894 1998 qui
2934 1928 3218 1983 constituit
3247 1926 3430 1980 cibum

1853 2027 2117 2082 vestrum,
2146 2025 2200 2072 et
2219 2027 2408 2087 potum
2443 2026 2709 2086 vestrum,
2741 2035 2810 2074 ne
2848 2018 2989 2073 forte
3024 2019 3208 2073 videat
3263 2016 3432 2072 facies

1851 2118 2064 2163 vestras
2095 2107 2280 2162 tristes
2306 2122 2418 2178 prae
2448 2109 2696 2177 puerulis
2721 2109 2920 2165 coazvis
2955 2108 3175 2172 vestris,
3222 2115 3278 2162 et
3298 2121 3433 2161 con-

1852 2197 2122 2252 deuinctis
2151 2205 2315 2266 caput
2341 2211 2522 2252 meum
2557 2199 2695 2270 regi.

1925 2373 2012 2429 11.
2055 2371 2122 2429 Ει
2159 2372 2503 2428 dixitDanicl
2536 2373 2605 2428 ad
2649 2371 2974 2434 Amcllasar,
3025 2385 3186 2442 quem
3225 2370 3433 2427 consti-

1851 2472 2030 2521 tuerat
2063 2465 2317 2536 princeps
2339 2466 2718 2521 cunuchorum
2767 2480 2931 2536 super
2966 2463 3262 2531 Danielem,
3287 2464 3430 2519 Aza-

1852 2557 2013 2621 riam,
2050 2559 2342 2622 Ananiam,
2361 2567 2415 2613 et
2442 2557 2650 2613 Misacl.

1924 2647 2012 2702 12.
2055 2647 2248 2715 Tenta,
2278 2649 2530 2716 obsecro,
2569 2663 2768 2720 pueros
2789 2657 2913 2704 tuos
2934 2646 3129 2703 diebus
3147 2646 3357 2709 decem,
3378 2653 3436 2702 et

1852 2737 2051 2794 dentur
2089 2740 2248 2795 nobis
2277 2739 2346 2796 de
2384 2741 2688 2796 seminibus
2739 2748 2918 2809 terrae,
2966 2747 3022 2796 ct
3051 2737 3431 2805 comedemus,

1852 2837 1908 2884 et
1937 2845 2136 2900 aquam
2175 2830 2450 2886 bibemus.

1926 2923 2015 2978 15.
2057 2924 2124 2978 Et
2149 2930 2446 2993 appareant
2481 2937 2664 2979 coram
2693 2932 2746 2979 te
2776 2921 2942 2980 facies
2971 2929 3196 3000 nostrae,
3247 2929 3304 2977 et
3352 2920 3435 2976 fa-

159 2999 226 3055 αἱ
251 2999 383 3053 ίδέαι
413 2998 518 3052 τῶν
549 3001 853 3072 παιδαρίων
877 3004 988 3058 τῶν
1020 3005 1313 3058 ἐσθιόντων
1342 3003 1444 3074 τὴν
1473 3003 1752 3075 τράπεζαν
1778 3054 1820 3114 C
1858 3016 1893 3069 οξ

159 3090 256 3114 --π
296 3090 556 3114 ο--.πι..-
605 3093 693 3114 --.Α
722 3093 869 3114 nun}.
892 3112 905 3114 _
942 3094 1138 3114 11,”-
1164 3112 1177 3114 -
1202 3093 1318 3114 *_!_-
1337 3110 1420 3114 __..
1468 3093 1601 3114 _-__L
1643 3093 1747 3114 _f'-.

1700 3019 1752 3105 ξίν
1778 3054 1820 3114 c
1858 3013 1970 3070 cies
2001 3015 2377 3084 puerulorum,
2412 3015 2506 3084 qui
2533 3015 2700 3070 edunt
2749 3029 2994 3071 mensam
3024 2998 3166 3086 regis
3193 3028 3208 3067 :
3241 3021 3295 3070 et
3325 3012 3434 3068 sic-

156 3090 259 3144 τοῦ
295 3090 578 3160 βασιλέως,
605 3093 699 3146 καὶ
721 3093 906 3160 καθὼς
938 3095 1034 3149 ἐὰν
1064 3094 1178 3167 ῐδῃς
1197 3093 1421 3166 ποίησον
1465 3093 1604 3166 μετὰ
1640 3093 1748 3149 τῶν
1778 3090 1820 3114 ν
1856 3120 1888 3160 υ

1197 3093 1421 3166 ποίησον
1465 3093 1604 3166 μετά
1640 3093 1748 3149 τῶν
1778 3090 1820 3114 ν
1856 3113 1916 3160 ut
1952 3105 2171 3171 videris,
2208 3105 2374 3160 facito
2408 3121 2532 3160 cum
2573 3107 2754 3176 pueris
2787 3107 2916 3162 tuis.

157 3183 371 3238 παίδων
400 3201 518 3238 σου.

237 3275 324 3331 ﬂ.
357 3277 465 3331 Kal
492 3279 814 3350 είσήκουσεν
848 3278 1026 3333 αὐτῶν
1060 3278 1141 3342 είς
1168 3277 1228 3332 τὸ
1258 3276 1411 3350 ῥῆμα
1441 3274 1620 3343 τοῦτο,
1654 3275 1752 3331 καὶ

158 3368 457 3438 δπείρασεν
482 3370 678 3435 αὐτοὺς
698 3369 914 3440 ἡμέρας
940 3369 1096 3425 δέκα.

236 3460 324 3516 15.
352 3463 464 3515 Kal
501 3461 641 3532 μετὰ
680 3460 741 3514 τὸ
774 3461 927 3526 τέλος
951 3461 1059 3516 τῶν
1083 3461 1217 3516 δέκα
1249 3461 1496 3534 ἡμερῶν,
1532 3460 1752 3533 dipan-

163 3571 266 3608 σαν
293 3554 351 3609 ai
379 3553 512 3608 ίδὲαι
537 3553 716 3608 αὐτῶν
745 3553 972 3622 ἀγαθαὶ,
1011 3555 1108 3608 καὶ
1156 3555 1312 3609 αὐτοὶ
1366 3556 1579 3626 ἰσχυροὶ
1627 3556 1750 3618 ταῖς

163 3644 358 3715 σαρξὶν
385 3646 522 3716 ὑπὲρ
561 3645 632 3699 τὰ
654 3645 918 3716 παιδάρια
949 3645 1018 3699 τὰ
1045 3645 1293 3701 ἐσθίοντα
1326 3645 1425 3718 τὴν
1468 3646 1749 3717 τράπεζαν

159 3735 259 3791 τοῦ
295 3736 581 3807 βασιλέως.

235 3827 326 3884 16.
358 3831 468 3883 Kal
497 3828 715 3898 ἐγένετο
751 3828 1097 3900 Ἀμελλασὰρ
1125 3829 1520 3901 ἀναιρούμενος
1557 3831 1617 3882 τὸ
1638 3830 1748 3884 δεῖν

162 3936 297 3972 πνον
324 3920 526 3986 αὐτῶν,
566 3921 659 3974 καὶ
708 3920 800 3973 τὸν
844 3916 985 3974 οἶνον
1014 3919 1110 3973 τοῦ
1142 3921 1386 3989 πόματος
1420 3919 1621 3987 αὐτῶν,
1653 3922 1750 3975 καὶ

165 4008 339 4062 ἐδίδου
371 4010 554 4072 αὐτοῖς
581 4009 894 4079 σπέρματα.

237 4099 323 4154 17.
365 4101 476 4154 Kal
519 4103 632 4163 τοῖς
681 4100 994 4171 παιδαρίοις
1037 4101 1151 4163 τοῖς
1206 4100 1498 4172 τέσσαρσιν
1549 4099 1751 4156 ἔδωκεν

165 4193 350 4255 αὐτοῖς
369 4194 397 4245 6
426 4192 560 4257 Θεὸς
590 4193 831 4257 σύνεσιν,
871 4194 966 4246 καὶ
1007 4193 1268 4264 φρόνησιν
1311 4194 1369 4246 ὲν
1394 4195 1544 4266 πάσῃ
1569 4211 1752 4265 γραμ-

169 4284 374 4353 ματικῇ
406 4283 500 4336 καὶ
533 4283 696 4355 σοφίᾳ
718 4300 731 4312 ·
762 4284 858 4338 καὶ
875 4283 1074 4354 Δανιὴλ
1105 4284 1336 4355 συνῆκεν
1366 4287 1423 4340 ὲν
1453 4286 1600 4356 πάσῃ
1624 4286 1750 4356 ὁρά-

168 4389 254 4424 σει
287 4372 383 4425 καὶ
413 4373 709 4438 ἐνυπνίοις.

239 4459 322 4513 18.
361 4461 472 4515 Kal
525 4462 663 4530 μετὰ
713 4461 774 4514 τὸ
808 4461 960 4526 τέλος
995 4463 1102 4517 τῶν
1144 4465 1388 4536 ἡμερῶν,
1431 4457 1506 4519 ὧν
1551 4462 1750 4518 εἷπενό

167 4550 422 4623 βασιλεὺς
445 4553 764 4621 εἰσαγαγεῖν
797 4553 1014 4618 αὐτοὺς,
1047 4555 1140 4607 καὶ
1170 4556 1465 4624 εἰσήγαγεν
1499 4557 1694 4619 αὐτοὺς
1723 4557 1752 4608 6

162 4643 549 4714 ἀρχιευνοῦχος
591 4643 830 4697 ἐναντίον
860 4643 1358 4716 Ναϐουχοδονόσορ.

241 4734 326 4789 19.
357 4735 468 4790 Kal
488 4735 722 4805 ὲλάλησε
770 4735 888 4807 μετ’
918 4735 1098 4789 αὐτῶν
1130 4739 1159 4790 6
1199 4736 1483 4808 βασιλεὺς,
1526 4740 1622 4792 καὶ
1654 4741 1752 4811 οὐχ

162 4827 470 4898 εὑρέθησαν
494 4828 558 4880 ὲκ
587 4826 804 4882 πάντων
833 4826 1011 4881 αὐτῶν
1039 4827 1214 4898 ὅμοιοι
1241 4830 1462 4901 Δανιὴλ,
1484 4831 1752 4886 καὶἈνα-

161 4921 277 4991 vta,
314 4920 411 4973 καὶ
442 4918 692 4990 Ἀζαρία,
725 4919 820 4973 καὶ
851 4919 1102 4992 Μισαήλ·
1136 4921 1232 4976 καὶ
1259 4919 1494 4994 ἔστησαν
1521 4921 1750 4978 ἐνώπιον

161 5009 262 5065 τοῦ
295 5010 578 5080 βασιλέως.

235 5099 325 5154 20.
365 5101 474 5152 Kal
513 5101 572 5153 ὲν
609 5100 774 5154 παντὶ
801 5101 1008 5172 ῥήματι
1048 5098 1260 5168 σοφίας,
1291 5099 1388 5152 καὶ
1418 5100 1746 5171 ἐπιστήμης,

162 5190 311 5263 ὑπὲρ
337 5184 412 5244 ὧν
440 5191 673 5262 ἐζήτησε
699 5194 830 5262 παρ’
861 5191 1039 5245 αὐτῶν
1069 5192 1096 5243 6
1132 5189 1403 5261 βασιλεὺς,
1457 5184 1615 5260 εὗρεν
1654 5190 1752 5244 αὒ-

163 5281 294 5344 τοὺς
333 5281 764 5343 δεκαπλασίονας
811 5281 954 5350 ὑπὲρ
1008 5280 1216 5342 πάντας
1264 5281 1392 5342 τοὺς
1443 5279 1747 5344 ὲπαοιδοὺς,

166 5371 266 5424 καὶ
310 5372 434 5434 τοὺς
479 5371 688 5441 μάγους
712 5409 727 5436 ,
759 5371 884 5435 τοὺς
912 5370 1071 5433 ὄντας
1104 5371 1162 5425 ὲν
1219 5369 1369 5441 πάσῃ
1404 5371 1470 5440 τῇ
1505 5369 1751 5441 βασιλεία

166 5461 356 5516 αὑτοῦ.

242 5552 333 5606 21.
363 5553 474 5606 Kal
503 5553 718 5626 ἐγένετο
743 5551 942 5607 Δανιὴλ
968 5551 1072 5616 ἕως
1103 5550 1254 5616 ἔτους
1286 5550 1403 5616 ἐνὸς
1437 5550 1622 5623 Κύρου
1653 5551 1750 5606 τοῦ

169 5641 458 5716 βασιλέως.

1927 3286 2014 3343 14.
2057 3284 2124 3340 Ει
2143 3284 2422 3340 exaudivit
2450 3299 2545 3340 eos
2574 3285 2628 3340 in
2661 3285 2829 3340 verbo
2853 3283 2977 3352 hoc,
3000 3292 3056 3342 et
3083 3282 3310 3340 tentavit
3336 3298 3434 3342 eos

1853 3377 2044 3436 diebus
2074 3377 2282 3433 decem.

1923 3471 2014 3528 15.
2057 3471 2124 3526 Ει
2156 3476 2280 3539 post
2313 3467 2476 3523 ﬁnem
2531 3467 2719 3524 decem
2776 3467 3012 3530 dierum,
3063 3477 3435 3538 apparuerunt

1851 3563 2037 3618 vultus
2070 3576 2260 3616 eorum
2290 3560 2415 3615 boni
2442 3578 2458 3628 ;
2493 3569 2547 3615 et
2579 3560 2682 3630 ipsi
2717 3560 2928 3615 robusti
2981 3561 3239 3617 carnibus
3268 3575 3434 3631 super

1861 3655 2145 3726 puerulos,
2177 3653 2270 3720 qui
2301 3653 2535 3708 edebant
2564 3667 2809 3707 mensam
2840 3653 2986 3724 regis

1924 3831 2011 3886 16.
2055 3829 2120 3885 Et
2147 3829 2250 3884 fuit
2281 3828 2586 3883 Amellasar
2643 3828 2838 3883 tollens
2897 3826 3077 3880 cibum
3129 3841 3340 3894 eorum,
3376 3834 3434 3883 et

1851 3923 2039 3978 vinum
2075 3932 2240 3992 potus
2274 3935 2485 3987 eorum,
2515 3928 2571 3974 et
2595 3919 2759 3974 dabat
2779 3919 2860 3974 eis
2885 3919 3181 3990 legumina.

1922 4098 2011 4151 17.
2054 4096 2121 4150 Et
2148 4096 2392 4166 puerulis
2420 4103 2656 4165 quatuor
2713 4095 2861 4149 dedit
2916 4095 2996 4149 eis
3027 4094 3169 4149 Deus
3219 4093 3432 4149 intelle-

1851 4199 1998 4244 ctum
2030 4198 2083 4243 et
2115 4189 2458 4258 prudentiam
2506 4189 2562 4240 in
2599 4186 2746 4240 omni
2779 4187 3058 4241 literalura
3082 4229 3096 4252 ,
3135 4196 3187 4242 et
3216 4189 3432 4257 sapien-

1851 4283 1965 4346 tia;
1996 4291 2051 4336 et
2096 4279 2288 4335 Daniel
2343 4279 2608 4333 intellexit
2673 4279 2726 4331 in
2759 4280 2908 4332 omni
2945 4279 3157 4334 visione
3195 4289 3250 4334 et
3283 4293 3429 4334 som-

1781 4387 1825 4442 ι)
1856 4373 1983 4426 niis.

1924 4461 2012 4516 18.
2055 4460 2124 4516 Ει
2156 4471 2278 4532 post
2305 4461 2468 4515 ﬁnem
2510 4459 2720 4514 dierum
2757 4499 2772 4525 ,
2818 4460 3039 4530 quando
3093 4461 3302 4516 dixerat
3335 4478 3428 4516 rex

1852 4553 2124 4610 introduci
2149 4569 2268 4616 eos,
2297 4565 2352 4609 et
2396 4553 2699 4608 introduxit
2739 4568 2833 4609 eos
2881 4556 3208 4624 praepositus
3255 4570 3432 4608 eunu-

1851 4648 2080 4703 chorum
2112 4647 2167 4701 in
2202 4655 2500 4716 conspectu
2544 4643 3068 4700 Nabuchodonosor.

1923 4740 2013 4795 19.
2055 4737 2121 4792 Ει
2148 4738 2412 4808 loquutus
2438 4746 2522 4792 est
2551 4752 2675 4792 cum
2700 4737 2784 4792 cis
2815 4751 2933 4802 rex,
2965 4747 3020 4792 ct
3051 4753 3156 4791 non
3186 4746 3312 4792 sunt
3342 4737 3428 4790 in-

1850 4828 1998 4885 venti
2031 4829 2097 4883 de
2131 4829 2404 4883 universis
2436 4828 2568 4897 ipsis
2603 4828 2811 4884 similes
2848 4827 3077 4892 Danieli,
3107 4841 3158 4883 et
3180 4829 3425 4896 Ananim,

1850 4929 1905 4976 et
1941 4921 2169 4988 Azariae,
2209 4928 2262 4975 ct
2290 4918 2516 4974 Misael:
2546 4930 2598 4975 et
2625 4928 2891 4974 steterunt
2926 4919 2980 4973 in
3011 4928 3303 4989 conspectu
3337 4935 3427 4974 re-

1850 5012 1954 5082 gis.

1919 5097 2009 5152 20.
2050 5095 2120 5152 Et
2159 5098 2214 5153 in
2263 5098 2412 5154 omni
2447 5100 2615 5155 verbo
2659 5100 2940 5170 sapientiae
2975 5107 3028 5154 et
3063 5099 3324 5164 scientiae,
3359 5101 3426 5157 de

1851 5191 2052 5261 quibus
2087 5191 2405 5247 sciscitatus
2435 5201 2520 5247 cst
2540 5193 2608 5247 ab
2638 5193 2718 5248 eis
2779 5208 2898 5257 rex,
2955 5192 3163 5247 invenit
3190 5207 3284 5247 eos
3330 5193 3428 5248 de-

1851 5281 2013 5350 cuplo
2063 5281 2339 5350 potiores,
2399 5297 2512 5352 pra:
2570 5282 2826 5338 omnibus
2885 5282 3319 5338 incantatoribus
3373 5293 3428 5338 et

1851 5374 2047 5444 magis,
2079 5374 2172 5444 qui
2211 5383 2368 5430 erant
2399 5375 2454 5430 in
2484 5375 2740 5432 universo
2770 5390 2940 5448 regno
2971 5377 3109 5446 ejus.

1922 5552 2013 5607 2i.
2055 5552 2122 5612 Et
2155 5553 2259 5614 fuit
2285 5555 2473 5618 Daniel
2532 5573 2706 5633 usque
2749 5558 2818 5616 ad
2855 5573 3060 5616 annum
3102 5572 3272 5615 unum
3299 5555 3427 5631 Cyri

1852 5657 2018 5716 regis.
