4390 6222
924 250 1070 310 esis
2001 240 2258 298 DANIEL
2295 235 2522 296 ium
2562 238 3110 299 TIIEODOTIONEM
4046 249 4210 307 es.“

1542 365 1776 424 CAPUT
1819 365 1881 423 .l.
2530 371 2578 425 Δ
3211 367 3276 423 Kl

1853 366 1881 423 ἵ.
2530 371 2578 425 Δ
3211 367 3469 423 ΚΕΦΑΛ.
3513 368 3587 424 B'.

992 455 1045 512 1.
1079 457 1136 513 1η
1164 473 1310 513 anno
1342 461 1584 515 secundo
1611 461 1762 531 regni
1797 459 2321 523 Nabuchodonosor,
2351 475 2499 515 som-
2678 456 2726 508 1.

2478 490 2499 501 -
2678 456 2730 508 1.
2771 456 2859 508 Ἐν
2887 457 2967 527 τῷ
2991 456 3100 510 ἔτει
3130 457 3212 528 τῷ
3239 458 3480 530 δευτέρῳ
3521 460 3624 530 τῆς
3653 459 3930 530 βασιλείας
3976 462 4208 517 Ναϐου-

917 551 1088 606 niavit
1117 549 1628 608 Nabuchodonosor
1651 554 1953 619 somnium,
1979 563 2034 607 et
2073 553 2355 624 obstupuit
2388 554 2500 622 spi-
2604 561 2651 614 χε

2481 581 2500 594 .
2604 545 2890 616 χοδονόσορ
2913 585 2930 609 ,
2987 547 3322 618 ἑνυπνιάσθη
3386 548 3855 621 Ναϐουχοδονόσορ
3912 551 4205 618 ἐνύπνιον,

916 643 1056 698 ritus
1087 642 1232 712 ejus,
1265 651 1318 698 et
1352 659 1582 699 somnus
1612 643 1733 714 ejus
1763 645 1994 700 recessit
2016 646 2085 699 ab
2107 659 2196 700 eo.
2604 653 2650 689 κι

2604 639 2699 690 καὶ
2730 639 2922 708 ἐξέστη
2955 638 3018 691 τὸ
3045 639 3266 709 πνεῦμα
3299 640 3488 707 αὑτοῦ,
3522 642 3615 695 καὶ
3647 643 3675 695 6
3699 641 3867 706 ὕπνος
3887 643 4057 698 αὐτοῦ
4084 646 4207 699 ἀπ·-

2603 727 2820 796 εγένετο
2847 729 2941 782 ἀπ’
2977 729 3164 784 αὐτοῦ.

982 821 1036 876 2.
1081 821 1144 876 Et
1167 821 1307 876 dixit
1336 837 1451 884 rex.
1484 832 1540 876 ut
1571 829 1829 878 vocarent
1861 822 2086 888 ariolos,
2121 831 2176 877 et
2209 837 2419 894 magos.
2441 829 2498 878 et
2672 818 2716 871 2

2475 829 2498 877 ι
2672 818 2726 872 2.
2763 819 2877 873 Καὶ
2915 814 3068 872 εἶπεν
3095 821 3124 873 6
3173 819 3428 892 βασιλεὺς
3461 823 3556 876 τοῦ
3585 823 3812 878 καλέσαι
3843 826 3971 889 τοὺς
3999 827 4205 880 ἐπαοι-

913 914 1284 977 maleiicos,et
1310 914 1595 970 Chaldaaos
1625 914 1692 968 ad
1721 914 2157 969 annuntiandnm
2197 915 2309 984 regi
2339 931 2494 968 som-
2600 907 2647 962 δε

2469 946 2494 956 ..
2600 907 2744 972 δοὺς,
2771 910 3015 973 καὶτοὺς
3052 911 3282 980 μάγους,
3307 913 3547 977 καὶτοὺς
3577 916 3924 985 φαρμακοὺς,
3944 918 4044 970 καὶ
4062 919 4203 981 τοὺς

914 1005 1064 1060 nium
1094 1006 1234 1075 ejus.
1276 1005 1345 1060 Et
1392 1005 1628 1076 ingressi
1678 1017 1846 1070 sunt,
1882 1014 1936 1060 et
1980 1014 2248 1061 steterunt
2305 1021 2492 1061 coram
2599 1001 2643 1054 Χ

2467 1021 2492 1060 ιι
2599 1001 2923 1067 Χαλδαίους,
2972 1002 3067 1056 τοῦ
3099 1004 3418 1072 ἀναγγεῖλαι
3452 1006 3528 1076 τῷ
3571 1006 3782 1077 βασιλεῖ
3824 1011 3884 1061 τὸ
3931 1011 4201 1062 ἐνύπνιον

911 1111 1057 1169 ηερ,
2599 1093 2792 1157 αὐτοῦ,
2827 1095 2924 1148 καὶ
2949 1095 3220 1165 εἰσῆλθον,
3257 1098 3353 1150 καὶ
3392 1097 3628 1168 ἔστησαν
3654 1099 3884 1153 ἐνώπιον
3910 1100 4006 1153 τοῦ
4035 1100 4203 1171 βασι.

2598 1184 2754 1249 λέως.

977 1284 1032 1338 5.
1075 1280 1136 1334 Et
1173 1281 1312 1334 dixit
1345 1280 1426 1335 eis
1459 1295 1553 1335 rex
1592 1294 1606 1332 :
1660 1278 1939 1333 Sonmiavi
1981 1278 2280 1342 somnium,
2310 1287 2366 1334 et
2393 1279 2494 1334 ob-
2669 1274 2703 1326 5

2468 1308 2494 1320 -
2669 1274 2724 1326 5.
2779 1273 2890 1329 Καὶ
2930 1270 3084 1328 εἶπεν
3139 1274 3326 1340 αὐτοῖς
3373 1278 3402 1330 6
3444 1276 3698 1347 βασιλεύς
3724 1295 3737 1309 ο
3783 1279 4202 1351 Ἐνυπνιάσθην

907 1371 1122 1439 stupuit
1144 1371 1376 1439 spiritus
1409 1385 1564 1424 nieus
1609 1368 1678 1422 ad
1711 1369 2156 1438 cognoscendum
2187 1369 2487 1424 somnium.
2595 1364 2641 1417 si

2471 1405 2487 1421 .
2595 1363 2871 1432 ἐνύπνιον,
2901 1367 2998 1420 καὶ
3024 1366 3218 1439 ἐξέστη
3255 1368 3316 1422 τὸ
3363 1368 3586 1440 πνεῦμά
3617 1387 3742 1441 μου,
3771 1371 3866 1424 τοῦ
3892 1371 4100 1440 γνῶναι
4133 1372 4200 1425 τὸ

2595 1454 2863 1512 ἐνύπνιον.

971 1550 1025 1603 4.
1069 1547 1134 1602 Ει
1160 1547 1370 1618 ioquuti
1393 1554 1522 1601 sunt
1552 1545 1792 1601 Chaldzei
1820 1546 1932 1616 regi
1961 1545 2182 1618 Syriaoe
2217 1589 2231 1603 .
2266 1544 2406 1610 Rex,
2432 1548 2485 1602 in
2664 1550 2698 1604 4

2456 1565 2485 1602 n
2664 1550 2718 1604 4.
2753 1550 2866 1602 Καὶ
2894 1549 3167 1621 ἐλάλησαν
3193 1551 3244 1604 οι
3277 1549 3540 1618 ¹Χαλδαῖοι
3571 1550 3649 1621 τῷ
3681 1549 3890 1619 βασιλεῖ
3917 1551 4154 1624 Συριστί
4177 1571 4190 1582 ο

904 1640 1300 1709 sempiternum
1331 1639 1489 1705 vive;
1523 1647 1577 1691 tu
1614 1638 1701 1693 dic
1740 1639 2016 1693 somnium
2046 1643 2234 1711 pueris
2275 1640 2406 1708 tuis,
2432 1648 2488 1696 et
2594 1642 2635 1696 Β

2461 1648 2488 1695 ιι
2594 1642 2849 1708 Βασιλεῦ,
2880 1644 2960 1706 εἰς
2997 1644 3123 1708 τοὺς
3152 1643 3356 1707 αἰῶνας
3401 1643 3563 1712 ζῆθιο
3595 1645 3658 1697 σὺ
3685 1644 3806 1697 εἰπὲ
3835 1645 3898 1697 τὸ
3925 1645 4195 1699 ἐνύπνιον

905 1733 1410 1804 interpretationem
1435 1731 1553 1801 ejus
1578 1730 1967 1785 indicabimus.
2517 1728 2562 1784 Β
2590 1752 2639 1787 τι

2517 1728 2562 1784 Β
2590 1737 2702 1798 τοῖς
2724 1735 2881 1788 παισί
2907 1753 3023 1801 σου,
3055 1736 3152 1789 καὶ
3189 1735 3291 1806 τὴν
3321 1734 3608 1806 σύγκρισιν
3633 1735 3798 1790 αὑτοῦ
3830 1736 4191 1805 ἀπαγγελοῦ-

2661 1842 2711 1879 ν.

971 1911 1025 1964 5.
1070 1909 1370 1975 Respondit
1395 1924 1512 1974 rem
1543 1917 1600 1964 et
1630 1909 1771 1964 dixit
1798 1909 2070 1965 Chaldaeis
2115 1925 2131 1964 :
2169 1908 2364 1965 Sermo
2397 1925 2484 1966 re-
2589 1841 2705 1969 “3;:

2631 1842 2711 1879 εν.

2451 1930 2484 1962 e-
2589 1841 2630 1894 μ
2657 1915 2712 1969 5.
2751 1914 3048 1987 Ἀπεκρίθη
3071 1916 3100 1969 6
3129 1915 3404 1988 βασιλεὺς,
3428 1916 3522 1970 καὶ
3551 1912 3702 1969 εἶπεν
3727 1918 3840 1981 τοῖς
3864 1917 4185 1982 Χαλδαίοιςο

900 2006 1068 2057 cessit
1093 2004 1387 2068 aine;nisi
1416 2003 1972 2073 igiturindicaveritis
2005 2003 2136 2058 mihi
2181 2005 2482 2068 somnium,
2597 2006 2634 2059 '(

2453 2024 2482 2068 ι,
2597 2006 2657 2059 ⁸0
2674 2007 2832 2076 λόγος
2861 2008 3073 2079 ἀπέστη
3106 2009 3200 2061 ἀπ’
3218 2008 3353 2079 ἐμοῦ
3375 2025 3387 2038 ·
3413 2009 3509 2061 ἒάν
3541 2005 3634 2063 οὖν
3655 2008 3729 2080 μὴ
3749 2010 4055 2081 γνωρίσητέ
4085 2028 4187 2080 μοι

897 2103 954 2148 et
978 2093 1351 2163 conjecturam
1377 2094 1522 2163 ejus,
1550 2094 1604 2148 in
1626 2094 1986 2164 perditionem
2013 2094 2191 2160 eritis,
2215 2103 2270 2150 et
2285 2095 2485 2151 domus
2583 2095 2631 2148 τί

2456 2111 2485 2151 8
2583 2095 2644 2148 τὸ
2673 2096 2944 2160 ἐνύπνιον,
2976 2097 3072 2150 καὶ
3100 2098 3200 2167 τὴν
3227 2098 3516 2168 σύγκρισιν
3545 2097 3709 2151 αὐτοῦ
3732 2140 3746 2165 ,
3788 2100 3868 2161 είς
3899 2099 4186 2156 ἀπώλειαν

897 2197 1096 2243 νοείτω
1128 2188 1480 2257 diripientnr.
2583 2187 2631 2241 Ec

2583 2187 2793 2252 ἔσεσθε,
2820 2189 2914 2241 καὶ
2946 2190 2995 2241 οἱ
3023 2185 3160 2242 οἶκοι
3189 2188 3343 2259 ὑμῶν
3365 2189 3850 2260 διαρπαγήσονται.

971 2279 1027 2332 6.
1072 2279 1128 2332 Si
1162 2290 1344 2333 autem
1376 2279 1650 2334 somnium
1686 2289 1740 2335 et
1781 2281 2154 2351 conjecturam
2185 2282 2308 2351 ejus
2340 2282 2481 2337 indi-
2653 2280 2705 2335 6.

2447 2285 2481 2336 ἱ·-
2653 2280 2710 2335 6.
2751 2279 2878 2333 Ἐἀν
2915 2279 2971 2332 δὲ
3003 2280 3065 2332 τὸ
3106 2279 3356 2332 ἐνύπνιον
3389 2279 3485 2332 καὶ
3524 2281 3625 2347 τὴν
3673 2278 3960 2351 σύγκρισιν
4003 2277 4181 2332 αὑτοῦ

896 2369 1152 2424 caveritis
1189 2368 1349 2436 mihi,
1381 2369 1623 2438 pneniia,
1656 2380 1711 2425 et
1747 2371 1911 2436 dona,
1947 2381 2003 2426 et
2041 2373 2276 2426 multum
2303 2374 2479 2427 hono-
2581 2390 2630 2442 γι

2445 2400 2479 2417 ›-
2581 2372 2890 2443 γνωρίσητέ
2931 2388 3042 2442 μοι,
3072 2371 3301 2440 δόματα,
3337 2372 3434 2423 καὶ
3459 2370 3688 2441 δωρεὰς,
3719 2372 3816 2424 καὶ
3859 2371 4062 2439 πολλὴν
4093 2388 4179 2422 rt-

897 2478 1010 2517 rem
1047 2463 1330 2531 accipietis
1358 2477 1388 2515 a
1428 2477 1514 2516 me
1557 2480 1570 2517 :
1603 2471 1846 2517 ceterum
1878 2465 2152 2519 somnium
2192 2475 2248 2520 et
2289 2467 2480 2536 conje~
2585 2483 2631 2535 pr

2447 2493 2480 2514 τη
2585 2466 2693 2536 μὴν
2722 2464 2960 2535 λήψεσθε
2992 2465 3124 2535 παρ’
3156 2463 3324 2535 ἐμοῦ·
3361 2463 3504 2535 πλὴν
3542 2463 3604 2518 τὸ
3638 2463 3888 2518 ἐνύπνιον
3939 2465 4037 2519 καὶ
4073 2464 4181 2535 τὴν

895 2562 1107 2607 cturani
1143 2551 1261 2620 ejns
1290 2543 1524 2606 indicate
1557 2551 1712 2605 mihi.
2582 2575 2629 2610 σι

2582 2557 2872 2627 σύγκρισιν
2897 2555 3061 2610 αὑτοῦ
3083 2555 3456 2625 ἀπαγγείλατέ
3487 2573 3596 2626 μοι.

967 2643 1020 2696 7.
1044 2642 1465 2713 Responderunt
1490 2643 1757 2704 secundo,
1789 2650 1843 2696 et
1875 2640 2136 2697 dixerunt
2158 2641 2270 2712 regi
2300 2660 2312 2696 ;
2340 2640 2476 2706 Rex,
2653 2653 2701 2704 7,

2443 2659 2476 2706 ῖς
2653 2653 2703 2704 7.
2751 2647 3156 2721 Ἀπεκρίθησαν
3189 2650 3251 2701 τὸ
3287 2649 3560 2720 δεύτερον,
3601 2648 3697 2702 καὶ
3725 2643 3887 2701 εἶπαν
3909 2646 3988 2718 τῷ
4012 2647 4177 2717 βασι-

896 2735 984 2790 .lic
1013 2736 1292 2789 somnium
1321 2744 1470 2788 tuum
1498 2733 1686 2804 pueris
1719 2733 1850 2798 tuis,
1881 2744 1937 2788 et
1969 2733 2476 2803 interpretationem
2579 2741 2630 2794 λε

2441 2749 2476 2787 ιι
2579 2741 2679 2794 λεϊ·
2712 2739 2965 2804 Βασιλεῦ,
2996 2740 3117 2793 εἰπὲ
3165 2741 3225 2793 τὸ
3258 2740 3506 2793 ἐνύπνιόν
3547 2757 3642 2794 σου
3673 2743 3785 2803 τοῖς
3843 2741 4000 2794 παισί
4049 2757 4175 2804 σου,

895 2830 1012 2901 ejus
1043 2830 1428 2885 indicabimus.
2581 2850 2629 2888 κι

2581 2835 2677 2888 καὶ
2705 2834 2804 2904 τὴν
2840 2833 3128 2904 σύγκρισιν
3154 2832 3318 2886 αὑτοῦ
3351 2832 3793 2901 ἀπαγγελοῦμεν.

966 2925 1021 2980 8.
1065 2923 1129 2979 Et
1158 2924 1436 2994 respondit
1461 2938 1578 2991 rex,
1617 2932 1672 2978 et
1693 2923 1869 2978 dixit:
1930 2921 1988 2976 in
2046 2923 2272 2978 veritate
2324 2922 2473 2988 novi,
2648 2923 2700 2978 8.

2443 2922 2473 2988 i,
2648 2923 2704 2978 8.
2728 2927 2841 2980 Καὶ
2864 2927 3140 2998 ἀπεκρίθη
3167 2928 3194 2981 6
3222 2925 3496 2996 βασιλεὺς,
3539 2928 3634 2980 καὶ
3667 2922 3820 2978 εἶπεν
3843 2941 3858 2956 ο
3897 2925 4177 2995 Ἐπ’ἀλη-

895 3020 1038 3087 quod
1070 3029 1286 3088 tempus
1321 3033 1418 3072 vos
1448 3016 1716 3072 redimitis
1739 3056 1752 3080 ,
1801 3017 2102 3072 secundum
2151 3016 2298 3087 quod
2320 3018 2477 3071 uovi-
2503 3065 2546 3122 Ο
2581 3016 2629 3070 θε

2444 3021 2477 3068 l-
2503 3065 2546 3122 Β
2581 3016 2731 3082 Θείας
2760 3014 2897 3083 οἶδα,
2934 3019 3016 3072 ὃτι
3047 3019 3240 3089 καιρὸν
3286 3019 3442 3089 ὑμεῖς
3497 3017 3886 3088 ἑξαγοράζετε,
3925 3016 4047 3070 καθ’
4089 3017 4178 3070 ὅτι

895 3114 1015 3174 stis,
1043 3111 1172 3182 quia
1202 3110 1427 3166 recessit
1449 3124 1479 3164 a
1511 3125 1598 3165 me
1624 3110 1873 3164 verbum.
2507 3110 2546 3122 “
2578 3112 2629 3166 οῖ

2507 3110 2546 3122 “
2578 3111 2775 3175 οἴδατε,
2805 3112 2886 3165 ὅτι
2907 3111 3120 3180 ἀπέστη
3142 3112 3238 3163 ἀπ’
3272 3110 3408 3182 ἐμοῦ
3443 3110 3504 3164 τὸ
3536 3111 3705 3182 ῥῆμα.

965 3204 1018 3260 9.
1061 3204 1117 3258 Si
1152 3218 1282 3272 ergo
1312 3203 1586 3257 somnium
1616 3217 1722 3255 non
1781 3201 2153 3255 inilieaveritis
2185 3201 2340 3263 mihi,
2368 3214 2476 3254 una
2649 3205 2699 3258 9.

2446 3214 2476 3253 a
2649 3205 2702 3258 9.
2750 3203 2876 3255 Ἐὰν
2903 3199 2996 3255 οὖν
3049 3203 3112 3255 τὸ
3143 3203 3394 3256 ἐνύπνιον
3440 3203 3513 3274 μὴ
3563 3200 3936 3271 ἀπαγγείλητέ
3971 3217 4085 3272 μοι,
4114 3200 4179 3253 ἓν

894 3304 977 3350 est
1010 3294 1287 3349 sententia
1316 3301 1520 3359 vestra,
1543 3303 1596 3346 et
1625 3291 1773 3355 novi,
1816 3293 1945 3361 quia
1985 3293 2216 3346 verbum
2273 3292 2476 3348 falsum
2580 3299 2628 3350 ὲ(

2442 3310 2476 3347 n
2580 3299 2698 3350 ἐστι
2722 3296 2784 3348 τὸ
2811 3295 2989 3365 δόγμα
3021 3294 3194 3364 ὑμῶν,
3218 3295 3313 3348 καὶ
3345 3290 3462 3346 οἶδα
3503 3294 3586 3346 ὅτι
3620 3293 3772 3364 ῥῆμα
3816 3292 4010 3361 ψευδὲς
4076 3293 4176 3344 καὶ

895 3397 947 3441 et
970 3395 1287 3455 corruptum
1322 3385 1484 3440 simul
1525 3384 1726 3439 dicturi
1759 3386 1892 3439 estis
1925 3399 2112 3438 coram
2150 3401 2262 3447 me,
2301 3385 2479 3441 donec
2579 3387 2629 3440 δι

2441 3401 2479 3441 κ)
2579 3385 2980 3458 διεφθαρμένον
3005 3385 3296 3438 συνέσεσθε
3323 3385 3498 3438 εἰπεῖν
3536 3384 3767 3438 ἐνώπιόν
3810 3401 3930 3454 μου,
3963 3383 4072 3446 ἕως
4110 3377 4175 3436 οὗ

895 3489 1109 3547 tempus
1141 3485 1502 3548 pertranseat.
1557 3476 1845 3530 Somnium
1895 3491 2079 3530 meum
2113 3477 2281 3532 dicite
2315 3479 2474 3544 mihi,
2579 3481 2607 3533 6

2440 3479 2474 3544 i,
2579 3481 2607 3533 6
2636 3477 2827 3550 καιρὸς
2853 3476 3102 3547 παρέλθῃ
3121 3494 3135 3507 ο
3161 3477 3222 3530 τὸ
3246 3477 3496 3530 ἐνύπνιόν
3533 3494 3635 3546 μου
3670 3477 3857 3529 εἴπατέ
3905 3492 3994 3545 μοι
4019 3517 4033 3537 ,
4073 3477 4174 3529 καὶ

894 3580 948 3625 et
976 3569 1325 3639 sciam,qnia
1354 3569 1518 3623 etiam
1567 3565 2068 3635 interpretationem
2114 3571 2234 3639 ejus
2269 3569 2479 3624 indica«
2580 3587 2628 3639 γε

2439 3588 2479 3624 ι⁴
2580 3568 2862 3641 γνώσομαι
2890 3608 2907 3636 ,
2933 3568 3014 3622 ὅτι
3044 3569 3140 3622 καὶ
3171 3569 3270 3641 τὴν
3305 3568 3592 3639 σύγκρισιν
3619 3568 3783 3622 αὑτοῦ
3817 3568 4173 3637 ἀναγγελεῖτέ

896 3665 1023 3723 bitis
1063 3665 1216 3720 mihi.
2583 3678 2695 3732 μοι.

968 3757 1056 3811 10.
1099 3754 1520 3824 Responderunt
1550 3770 1744 3809 rursus
1776 3753 2014 3808 Chaldzei
2045 3769 2233 3809 coram
2257 3769 2402 3824 rege,
2422 3764 2478 3810 et
2655 3753 2702 3805 il

2437 3764 2478 3810 at
2655 3753 2743 3806 10.
2787 3751 3194 3823 Ἀπεκρίθησαν
3221 3751 3380 3805 πάλιν
3405 3752 3452 3805 οἱ
3505 3751 3758 3805 Χαλδαῖοι
3797 3750 4027 3805 ἐνώπιον
4073 3751 4171 3806 τοῦ

895 3847 1188 3903 dixerunt:
1218 3846 1333 3901 Non
1381 3856 1466 3902 est
1497 3849 1662 3900 homo
1701 3864 1868 3917 super
1913 3849 2144 3914 aridam,
2179 3849 2270 3918 qui
2309 3852 2483 3918 possit
2583 3845 2629 3916 βε

2439 3852 2483 3904 it
2583 3843 2884 3916 βασιλέως,
2922 3844 3017 3897 καὶ
3067 3840 3255 3895 εἷπον⁹
3285 3843 3399 3896 υύκ
3438 3843 3583 3896 ἔστιν
3616 3843 3902 3912 ἄνθρωπος
3929 3843 4025 3894 ἐπὶ
4067 3844 4171 3914 τῆς

897 3949 1087 3998 notum
1120 3941 1298 3995 facere
1327 3941 1548 3998 verbum
1582 3941 1760 4011 regis:
1816 3942 1956 3996 sicut
1987 3943 2168 3996 onmis
2231 3958 2322 3996 rex
2357 3958 2478 3996 ina-
2581 3937 2631 4004 ξι

2435 3961 2478 3996 ι-
2581 3937 2771 4010 ξηρᾶς,
2798 3937 2945 3998 ὅστις
2982 3933 3272 4005 δυνήσεται
3297 3937 3562 4006 γνωρίσαι
3598 3935 3660 3987 τὸ
3701 3935 3851 4006 ῥῆμα
3884 3934 3979 3986 τοῦ
4013 3934 4169 4004 βασι-

897 4047 1038 4106 ειιιιδ
1068 4041 1123 4086 et
1162 4033 1416 4102 princeps
1448 4033 1672 4086 verbum
1711 4033 2026 4102 bujusmodi
2072 4051 2180 4089 non
2227 4036 2479 4092 sciscita-
2580 4031 2631 4084 λέ

2433 4052 2479 4091 ι-
2580 4031 2737 4093 λέως,
2765 4028 2953 4083 καθότι
2983 4029 3089 4090 πᾶς
3120 4026 3374 4096 βασιλεὺς
3437 4027 3612 4097 μέγας
3675 4027 3770 4079 καὶ
3800 4028 3982 4098 ἄρχων
4009 4028 4167 4096 ῥῆμα

899 4134 990 4182 tur
1022 4124 1090 4179 ab
1115 4125 1262 4180 omni
1285 4123 1478 4190 ariolo,
1509 4141 1693 4197 mago,
1723 4136 1776 4182 et
1810 4125 2086 4182 Chaldaeo.
2580 4141 2633 4176 τε

2580 4122 2818 4177 τοιοῦτον
2855 4121 2956 4174 οὐκ
2994 4120 3248 4190 ἐπερωτᾷ
3305 4119 3481 4173 πάντα
3534 4119 3803 4182 ὲπαοιδὸν,
3835 4119 4028 4188 μάγον,
4070 4120 4166 4174 καὶ

2580 4215 2863 4269 Χαλδαῖον.

967 4302 1058 4358 11.
1100 4302 1239 4370 Quia
1266 4317 1470 4369 sermo,
1495 4317 1658 4371 quem
1687 4301 1988 4373 interrogat
2018 4319 2135 4367 rex,
2169 4305 2350 4374 gravis
2372 4314 2476 4360 est:
2653 4307 2701 4361 11

2428 4314 2476 4360 .t:
2653 4307 2740 4361 11.
2778 4307 2902 4360 Ὀτι
2930 4306 2959 4358 6
2991 4304 3168 4372 λόγος,
3202 4303 3260 4356 δν
3308 4303 3562 4374 ἐπερωτᾷ
3600 4303 3628 4356 6
3667 4302 3938 4372 βασιλεὺς.
3969 4301 4162 4374 βαρὺς.

897 4403 954 4450 et
986 4395 1128 4450 alius
1159 4409 1266 4449 non
1302 4404 1405 4457 est,
1435 4394 1528 4464 qui
1565 4394 1766 4448 indicet
1798 4394 1948 4448 illum
1976 4396 2028 4448 in
2062 4405 2362 4465 conspectu
2392 4414 2478 4452 re—
2511 4402 2554 4457 D
2583 4419 2631 4454 κε

2431 4414 2478 4452 3-
2511 4402 2554 4457 D
2583 4401 2678 4454 καὶ
2719 4399 2907 4469 ἕτερος
2939 4397 3040 4450 οὑκ
3074 4395 3240 4457 ἔστιν,
3279 4394 3337 4457 ὃς
3387 4394 3679 4461 ἀναγγελεῖ
3725 4393 3885 4447 αὐτὸν
3933 4395 4165 4447 ἐνώπιον

900 4486 1005 4556 gis,
1037 4485 1142 4539 nisi
1170 4485 1268 4551 dii,
1305 4501 1542 4556 quorum
1583 4500 1691 4538 non
1751 4494 1834 4541 est
1877 4487 2142 4540 habitatio
2189 4501 2287 4540 sua
2348 4504 2475 4543 cum
2581 4509 2634 4545 τε

2429 4505 2475 4542 m
2581 4490 2675 4545 τοῦ
2713 4487 2995 4560 βασιλέως,
3024 4485 3198 4556 ἀλλ’ἢ
3230 4485 3359 4549 θεοὶ,
3395 4477 3471 4538 ὧν
3512 4487 3613 4538 οὐκ
3653 4485 3801 4538 ἔστιν
3829 4487 3876 4537 0t
3911 4487 4163 4538 κατοικία

899 4578 1047 4634 omni
1079 4593 1266 4642 carne,
1311 4580 1455 4634 unde
1482 4595 1588 4634 non
1619 4587 1797 4648 potest
1825 4580 1940 4633 lieri
1970 4582 2116 4634 sicut
2151 4589 2334 4650 putas.
2583 4586 2633 4638 ai

2583 4582 2762 4638 αὐτῶν
2799 4579 2937 4652 μετά
2979 4579 3160 4648 πάσης
3210 4576 3445 4647 σαρκὸς,
3493 4580 3561 4645 χ
3590 4575 3714 4629 ὅθεν
3754 4577 3855 4630 οὐκ
3888 4576 4164 4646 ἐνδέχεται

2118 4687 2123 4691 ’
2581 4672 2833 4746 γενέσθαι
2859 4671 3113 4740 καθάπερ
3139 4670 3260 4722 οῐει.

972 4762 1059 4819 12.
1102 4760 1258 4816 Tunc
1297 4777 1391 4816 rex
1423 4762 1479 4816 in
1539 4759 1723 4816 furore
1755 4769 1810 4816 et
1870 4762 1950 4816 ira
1997 4763 2169 4818 multa
2220 4763 2379 4832 dixit,
2423 4773 2483 4819 ut
2654 4767 2706 4821 ii

2429 4773 2483 4819 ut
2654 4767 2741 4821 η.
2773 4765 2908 4819 Τότε
2935 4766 2964 4816 6
2999 4760 3254 4833 βασιλεὺς
3281 4761 3338 4813 ὲν
3379 4759 3536 4830 θυμῷ
3582 4759 3678 4813 καὶ
3703 4759 3840 4831 ὀργῇ
3885 4758 4050 4830 πολλῇ
4085 4754 4163 4813 εῖ-

901 4855 1189 4925 perderent
1219 4854 1493 4924 sapientes
1523 4851 1813 4923 Babylonis
2584 4880 2635 4914 πε

2584 4877 2686 4914 πεν
2715 4857 2804 4912 τοῦ
2830 4855 3090 4911 ἀπολέσαι
3118 4853 3244 4916 τοὺς
3275 4853 3472 4921 σοφοὺς
3505 4850 3840 4915 Βαϐυλῶνος.

975 4964 1063 5020 15.
1109 4961 1175 5016 Et
1205 4962 1474 5016 sententia
1505 4977 1726 5031 egressa
1750 4969 1835 5016 est
1860 5003 1875 5027 ,
1910 4971 1965 5016 et
2016 4961 2293 5030 sapientes
2333 4962 2479 5016 occio
2665 4973 2709 5027 ιε

2438 4962 2479 5016 ί⁴
2665 4973 2747 5027 15.
2785 4970 2897 5023 Καὶ
2931 4967 2992 5020 τὸ
3039 4967 3216 5035 δόγμα
3245 4963 3455 5035 ἐξῆλθε,
3488 4963 3582 5017 καὶ
3610 4963 3658 5018 οἱ
3708 4965 3864 5033 σοφοὶ¹
3909 4962 4169 5018 ἀπεκτεί-

901 5055 1170 5110 dabantur
1205 5071 1216 5106 :
1251 5065 1305 5108 et
1337 5051 1673 5122 quaesierunt
1709 5050 1988 5108 Danielem
2018 5062 2072 5106 et
2110 5052 2320 5107 amicos
2362 5052 2484 5122 ejus
2584 5081 2635 5118 νε

2437 5068 2484 5108 l5
2584 5079 2738 5118 νοντο
2757 5079 2769 5092 ·
2803 5061 2901 5114 καὶ
2923 5055 3194 5128 ἐζήτησαν
3221 5057 3313 5110 τὸν
3340 5057 3539 5128 Δανιὴλ
3569 5058 3665 5110 καὶ
3699 5055 3826 5120 τοὺς
3851 5056 4036 5126 φίλους
4069 5060 4171 5112 αύ-

902 5148 969 5202 ad
1003 5145 1460 5202 interﬁciendum.
2585 5172 2636 5208 τε

1211 5145 1460 5199 :iendum.
2585 5153 2678 5208 τοῦ
2715 5151 2945 5207 ἀνελεῖν.

977 5261 1064 5315 ﬂ.
1106 5258 1262 5315 Tunc
1288 5257 1477 5314 Daniel
1508 5257 1866 5327 interrogavit
1890 5257 1958 5313 de
1986 5259 2221 5315 consilio
2245 5270 2301 5316 et
2357 5279 2482 5319 sen.
2657 5268 2711 5321 Η

2437 5280 2482 5317 ιο
2657 5268 2744 5324 11.
2777 5267 2910 5320 Τότε
2931 5264 3130 5335 Δανιὴλ
3162 5263 3436 5335 ἀπεκρίθη
3467 5263 3660 5335 βουλὴν
3693 5264 3789 5319 καὶ
3819 5262 4046 5332 γνώμην
4093 5266 4171 5338 τῷ

903 5353 1073 5407 tentia
1108 5352 1311 5406 Arioch
1340 5350 1642 5421 principem
1665 5365 1971 5419 coquorum
2000 5354 2168 5422 regis,
2191 5355 2283 5423 qui
2306 5369 2486 5424 egres—
2598 5357 2637 5410 ’Δ

2437 5370 2486 5410 s-
2598 5355 2797 5427 Ἀριὼχ
2822 5355 2904 5426 τῷ
2945 5354 3330 5425 ἀρχιμαγείρῳ
3383 5353 3478 5406 τοῦ
3510 5353 3796 5422 βασιλέως,
3847 5354 3907 5416 ὃς
3946 5353 4169 5423 ιξῆλθεν

902 5459 998 5500 sus
1035 5443 1208 5499 fuerat
1247 5443 1315 5498 ad
1345 5441 1751 5498 interﬁciendos
1783 5442 2056 5512 sapientes
2094 5443 2410 5514 Babylonis.
2585 5450 2636 5503 ἀι

1811 5442 2056 5512 apientes
2094 5443 2410 5514 Babylonis.
2585 5449 2797 5503 ἀνελεῖν
2827 5446 2953 5509 τοὺς
2975 5445 3175 5515 σοφοὺς
3203 5443 3543 5507 Βαϐυλῶνος.

977 5556 1066 5615 15.
1109 5557 1176 5614 Et
1204 5556 1589 5614 sciscitabatur
1626 5555 1696 5610 ab
1721 5570 1809 5619 eo,
1845 5555 2033 5612 dicens
2070 5575 2082 5611 :
2111 5555 2369 5627 Princeps
2399 5575 2485 5614 re-
2655 5559 2711 5613 ιε

2435 5576 2485 5614 e-
2655 5559 2744 5613 15.
2776 5557 2887 5612 Καὶ
2914 5555 3244 5610 ἐπυνθάνετο
3265 5555 3452 5622 αὐτοῦ,
3485 5556 3658 5625 λέγων
3677 5571 3692 5587 °
3710 5553 4038 5628 ’Δρχωντοῦ
4073 5556 4169 5626 βα-

906 5649 1014 5722 gis,
1045 5665 1217 5721 quare
1253 5664 1473 5720 egressa
1514 5657 1601 5706 est
1653 5649 1921 5708 sententia
1962 5648 2252 5720 impudens
2294 5649 2410 5705 haec
2453 5663 2484 5706 a
2589 5668 2640 5704 σι

2453 5663 2484 5706 a
2589 5649 2798 5718 σιλέως,
2825 5648 2955 5737 περὶ
2985 5648 3129 5712 τίνος
3153 5648 3376 5719 ἐξῆλθεν
3404 5650 3438 5720 ἡ
3471 5649 3666 5722 γνώμη
3696 5651 3730 5722 ἡ
3772 5649 3995 5719 ἀναιδὴς
4023 5650 4166 5720 αὕτη
