4390 6222
275 292 464 412 32845
1780 294 2009 350 CAPUT

1831 294 2010 350 APUT
2052 295 2117 350 Il.
3423 302 3565 356 2846

276 410 379 490 ﬁt:
405 411 806 483 προσώπουτοῦ
835 411 1102 484 βασιλέως
1113 430 1130 479 ;
1160 411 1294 467 Τότε
1324 413 1388 467 τὸ
1418 414 1569 486 ῥῆμα
1599 414 1894 486 ἐγνώρισεν
1921 423 1968 478 Α
1996 413 2010 467 Ι

1830 430 1894 467 ιεν
1921 423 1968 478 Α
1996 413 2133 468 facie
2160 410 2361 484 regis?
2396 410 2549 469 Tunc
2597 412 2824 469 verbum
2879 412 3142 469 indicavit
3199 413 3402 471 Ariocli
3458 416 3564 471 Da-

275 505 285 572 ξ
313 508 340 559 6
393 504 592 576 Ἀριὼχ
626 503 705 576 τῷ
739 504 958 577 Δανιήλ.
1995 505 2143 561 nieli.

385 599 471 653 16.
507 598 619 652 Kal
650 598 852 670 Δανιὴλ
877 598 1118 670 εἰσῆλθε,
1147 601 1246 656 καὶ
1281 600 1482 674 ὴξίωσε
1523 598 1616 652 τὸν
1646 597 1892 671 βασιλέα,

312 691 462 754 ὅπως
488 691 678 763 χρόνον
703 690 778 762 δῷ
798 691 967 763 αὐτῷ,
1005 692 1101 746 καὶ
1129 693 1229 765 τὴν
1267 693 1555 765 σύγκρισιν
1586 689 1894 762 ἀπαγγείλῃ

313 781 391 852 τῷ
423 783 634 853 βασιλεί
654 783 749 836 τοῦ
779 783 1031 837 ἐνυπνίου
1057 783 1246 840 αὐτοῦ.

388 876 475 930 17.
501 876 612 929 Kal
648 876 866 949 εἰσῆλθε
903 877 1102 948 Δανιὴλ
1133 878 1213 943 εἰς
1251 875 1342 930 τὸν
1389 871 1539 930 οἷκον
1584 874 1770 941 αὑτοῦ,
1797 873 1893 927 καὶ

313 965 394 1037 τῷ
433 967 672 1039 Ἁνανία,
720 969 817 1021 καὶ
862 967 938 1040 τῷ
983 967 1232 1040 Ἀζαρία,
1278 969 1376 1024 καὶ
1418 967 1496 1040 τῷ
1532 967 1751 1039 Μισαὴλ
1782 969 1891 1031 τοῖς

313 1059 491 1128 φίλοις
516 1057 680 1112 αὑτοῦ
714 1057 977 1131 ἐγνώρισε
1007 1061 1069 1113 τὸ
1102 1061 1275 1131 ῥῆμα.

387 1151 476 1206 18.
512 1151 625 1206 Καὶ
658 1153 990 1223 ξοίκτιρμοὺς
1037 1151 1266 1224 ἐζήτουν
1303 1152 1455 1225 παρά
1485 1151 1580 1206 τοῦ
1622 1149 1757 1206 Θεοῦ
1796 1151 1890 1207 τοῦ

311 1244 545 1318 ούρανοῦ
603 1245 744 1316 ὑπὲρ
782 1245 876 1300 τοῦ
933 1247 1235 1317 μυστηρίου
1283 1246 1497 1312 τούτου,
1547 1248 1694 1309 ὅπως
1718 1247 1783 1302 ἂν
1815 1249 1892 1321 μὴ

311 1339 621 1392 ἀπόλωνται
650 1337 850 1406 Δανιὴλ
905 1339 1001 1391 καὶ
1028 1340 1073 1392 oi
1109 1338 1252 1408 φίλοι
1275 1337 1441 1393 αὑτοῦ
1479 1339 1617 1411 μετά
1641 1340 1748 1393 τῶν
1769 1341 1889 1393 ἐπι-

310 1429 514 1485 λοίπων
542 1431 720 1499 σοφῶν
742 1429 1085 1495 Βαϐυλῶνος.

383 1524 472 1580 19.
507 1523 640 1576 Τότε
663 1522 741 1591 τῷ
778 1523 977 1594 Δανιὴλ
1006 1526 1063 1577 ἐν
1097 1522 1337 1594 ὁράματι
1369 1525 1466 1596 τῆς
1498 1524 1689 1590 νυκτὸς
1710 1524 1770 1579 τὸ
1789 1541 1893 1596 μυ-

309 1613 536 1685 στήριον
557 1613 916 1685 ἀπεκαλύφθη
943 1631 956 1644 ·
987 1615 1082 1668 καὶ
1113 1614 1385 1688 ηὐλόγησε
1410 1617 1500 1670 τὸν
1526 1618 1658 1671 Θεὸν
1678 1617 1771 1671 τοῦ
1800 1618 1889 1670 ού-

309 1707 480 1777 ρανοῦ
506 1709 534 1758 ὀ
558 1705 777 1777 Δανιὴλ,
801 1707 896 1759 καὶ
935 1701 1112 1759 εἶπενο

2066 597 2157 652 16.
2198 595 2265 653 Et
2286 595 2478 652 Daniel
2514 595 2796 668 ingressus
2825 606 2928 662 est,
2953 606 3008 653 et
3033 597 3246 670 rogavit
3282 613 3485 670 regem,
3508 609 3567 654 ut

1993 699 2206 762 tempus
2231 690 2385 746 daret
2435 691 2559 758 sibi,
2614 698 2670 746 et
2720 691 3093 763 conjecturam
3133 691 3400 748 indicaret
3451 696 3564 765 regi

1993 784 2191 839 somnii
2221 784 2327 839 sui.
2568 786 2575 794 “

2065 875 2152 931 17.
2194 875 2263 931 Ει
2290 877 2574 944 ingressus
2599 886 2680 932 est
2708 876 2895 931 Daniel
2936 877 2990 932 in
3029 877 3252 932 domum
3298 894 3478 941 suam,
3511 886 3568 933 et

1991 969 2236 1033 Ananiae,
2263 977 2318 1024 et
2345 969 2576 1035 Azariaa,
2603 979 2654 1024 et
2677 967 2865 1026 Misael
2913 969 3106 1025 amicis
3157 969 3274 1026 suis
3307 970 3569 1025 indicavit

1990 1059 2240 1114 verbum.

2063 1151 2150 1208 18.
2193 1150 2262 1205 Et
2317 1150 2701 1206 miserationes
2752 1152 3069 1220 quaerebant
3107 1167 3138 1206 a
3171 1150 3283 1208 Deo
3313 1151 3437 1206 cceli
3469 1167 3566 1222 pro

1991 1245 2253 1315 mysterio
2279 1245 2404 1308 hoc,
2435 1253 2495 1300 ιιι
2520 1259 2628 1298 non
2658 1244 2894 1314 perirent
2926 1245 3115 1300 Daniel
3167 1255 3222 1301 et
3257 1244 3419 1300 amici
3445 1243 3566 1315 ejus

1991 1351 2116 1390 cum
2147 1336 2360 1392 caeteris
2387 1336 2728 1406 sapientibus
2755 1335 3071 1408 Babylonis.

2061 1514 2148 1572 19.
2190 1513 2344 1571 Tunc
2370 1515 2576 1571 Danieli
2638 1515 2692 1570 in
2756 1515 2964 1571 visione
3025 1515 3206 1571 noctis
3241 1513 3564 1585 mysterium

1989 1611 2288 1665 revelatum
2327 1619 2455 1666 est:
2483 1619 2538 1664 et
2568 1608 2842 1664 benedixit
2873 1608 3043 1663 Deum
3093 1607 3217 1664 cceli
3274 1607 3482 1673 Daniel,
3511 1617 3567 1662 et

1990 1702 2126 1758 dixit
2161 1717 2176 1755 :

382 1759 476 1850 20.
517 1796 617 1867 Εἴη
644 1759 897 1866 τδιὸνομα
930 1795 1023 1849 τοῦ
1053 1795 1189 1850 Θεοῦ
1234 1797 1594 1868 εὐλογημένον
1638 1799 1746 1853 ἀπὸ
1794 1799 1889 1853 τοῦ
1921 1759 1967 1820 Β
2063 1793 2116 1849 2(

1833 1759 1967 1853 υῦΒ
2063 1793 2155 1849 20.
2220 1792 2304 1850 Sit
2361 1808 2556 1848 nomen
2596 1791 2692 1848 Dei
2747 1792 3098 1847 benedictum
3161 1805 3192 1846 a
3261 1791 3464 1846 saculo
3512 1801 3567 1844 et

307 1887 530 1950 αἰῶνος,
558 1888 653 1941 καὶ
677 1887 782 1951 ἓως
812 1886 905 1940 τοῦ
941 1887 1157 1954 αἰῶνος,
1182 1889 1263 1942 ὅτι
1289 1892 1323 1962 ή
1361 1891 1526 1961 σοφία
1581 1891 1675 1946 καὶ
1701 1893 1736 1962 ὴ
1770 1891 1895 1946 σύν-

308 1995 432 2044 εσις
453 1978 618 2031 αὑτοῦ
645 1978 783 2034 ἐστι.

384 2069 478 2125 21.
515 2070 625 2124 Kal
652 2070 816 2134 αὐτὸς
844 2069 1048 2124 ἀλλοιοῖ
1075 2071 1300 2142 καιροὺς
1350 2071 1446 2125 καὶ
1490 2071 1736 2144 χρόνους,
1762 2072 1896 2127 καθ-

313 2163 442 2234 ιστᾷ
467 2161 705 2233 βασιλεῖς
757 2163 852 2216 καὶ
891 2163 1152 2234 μεθιστᾷ,
1208 2164 1386 2228 διδοὺς
1427 2165 1619 2236 σοφίαν
1660 2168 1772 2230 τοῖς
1802 2183 1893 2220 σοο

312 2256 460 2324 φοῖς,
494 2254 590 2306 καὶ
623 2253 884 2325 φρόνησιν
906 2256 1017 2317 τοῖς
1041 2255 1204 2308 εἰδόσι
1230 2254 1466 2310 σύνεσιν.

383 2345 476 2399 22.
508 2344 682 2408 Αὐτός
731 2345 1108 2400 ἀποκαλύπτει
1188 2345 1357 2417 βαθέα
1435 2347 1531 2401 καὶ
1576 2346 1892 2419 ἀπόκρυφα,

309 2436 600 2506 γινώσκων
626 2437 696 2492 τά
736 2440 794 2491 ἐν
817 2438 894 2510 τῷ
927 2439 1143 2506 σκότει,
1193 2439 1290 2494 καὶ
1325 2439 1387 2493 τὸ
1433 2439 1546 2510 φῶς
1588 2444 1707 2512 μετ’
1730 2439 1894 2494 αὑτοῦ

313 2531 462 2582 ἐστι.

387 2620 480 2675 23.
512 2620 630 2684 Σοὶ,
667 2621 696 2674 6
720 2619 853 2685 Θεὸς
879 2620 988 2676 τῶν
1013 2620 1266 2694 πατέρων
1306 2639 1432 2690 μου,
1467 2621 1895 2693 ἐξομολογοῦμαι

313 2715 416 2769 καὶ
436 2713 588 2777 αἰνῶ,
611 2714 693 2767 ὅτι
715 2713 908 2783 σοφίαν
954 2715 1049 2766 καὶ
1067 2713 1294 2785 δύναμιν
1313 2714 1516 2778 ἔδωκάς
1546 2732 1658 2786 μοι.
1683 2715 1778 2769 καὶ
1800 2714 1895 2768 νῦν

313 2806 622 2878 ἐγνώρισάς
672 2823 761 2876 μοι
809 2807 845 2861 ἀ
891 2806 1206 2878 ἠξιώσαμεν
1255 2808 1405 2879 παρά
1445 2807 1562 2875 σοῦ,
1592 2808 1688 2863 καὶ
1719 2808 1803 2861 ὅτι
1832 2807 1897 2862 τὸ

313 2900 502 2972 ὅραμα
532 2899 626 2954 τοῦ
661 2899 923 2970 βασιλέως
961 2901 1261 2973 ἐγνώρισάς
1293 2919 1403 2972 μοι.

388 2991 481 3045 24.
523 2991 631 3045 Kal
664 2990 865 3054 εὐθέως
883 2987 1012 3060 ἦλθε
1032 2991 1232 3061 Δανιὴλ
1260 2991 1397 3063 πρὸς
1437 2991 1657 3064 Ἀριὼχ,
1680 2992 1740 3046 ὃν
1763 3009 1896 3047 κατ-

1992 1900 2169 1957 usque
2199 1885 2254 1940 in
2283 1885 2546 1941 saculum
2575 1899 2589 1937 :
2627 1885 2757 1955 quia
2787 1884 3051 1954 sapientia
3104 1892 3159 1939 et
3207 1882 3565 1952 intelligentia

1991 1978 2112 2050 ejus
2139 1985 2287 2033 sunt.

2061 2068 2152 2123 2i.
2191 2067 2257 2124 Et
2289 2068 2404 2139 ipse
2431 2075 2606 2123 mutat
2632 2078 2874 2138 tempora
2933 2075 2988 2122 et
3025 2075 3234 2131 aetates,
3284 2067 3568 2123 constituit

1991 2177 2148 2233 reges
2195 2169 2251 2217 et
2301 2161 2568 2224 destituit,
2604 2161 2740 2214 dans
2774 2158 3100 2231 sapientiam
3134 2159 3492 2228 sapientibus,
3511 2167 3567 2230 et

1993 2253 2334 2325 prudentiam
2370 2253 2795 2323 intelligentibus
2821 2251 3189 2320 disciplinam.

2061 2347 2152 2400 22.
2197 2346 2315 2416 Ipse
2349 2345 2550 2399 revelat
2580 2342 2850 2413 profunda
2897 2352 2948 2397 et
2972 2341 3314 2407 abscondita,
3358 2357 3564 2413 cognoo

1992 2453 2152 2495 sccns
2185 2453 2305 2509 qua:
2326 2437 2380 2491 in
2412 2435 2670 2501 tenebris,
2695 2445 2748 2490 et
2779 2435 2872 2489 lux
2907 2450 3033 2490 cum
3061 2448 3127 2490 eo
3149 2441 3253 2490 est.

2061 2614 2314 2677 23.Tibi,
2347 2612 2491 2669 Deus
2516 2621 2734 2683 patrum
2766 2627 3040 2676 meorum,
3076 2612 3342 2668 confiteor
3367 2620 3420 2666 et
3447 2611 3566 2666 lau-

1993 2709 2114 2762 dem
2143 2708 2234 2774 do,
2263 2708 2390 2777 quia
2437 2705 2758 2775 sapientiam
2823 2713 2878 2759 et
2930 2704 3305 2759 fortitudinem
3367 2703 3562 2758 dedisti

1994 2799 2148 2863 milii,
2180 2807 2234 2853 et
2260 2812 2407 2851 nunc
2435 2796 2721 2850 ostendisti
2757 2795 2911 2859 mihi,
2971 2809 3092 2864 qua:
3147 2793 3461 2864 rogavimus
3488 2801 3558 2864 te,

1993 2900 2048 2945 et
2079 2889 2206 2960 quia
2238 2889 2498 2942 visionem
2528 2886 2668 2955 regis
2700 2895 2882 2939 notam
2924 2884 3101 2941 fecisti
3136 2885 3290 2944 mihi.

2063 2981 2152 3036 24.
2195 2980 2260 3034 Ει
2287 2980 2466 3035 statim
2497 2976 2950 3036 venitDanidad
2984 2978 3205 3046 Ariocb,
3239 2999 3399 3052 quem
3432 3000 3563 3040 con-

317 3081 598 3154 έστησενό
629 3083 882 3153 βασιλεὺς
922 3085 1185 3138 ἀπολέσαι
1229 3087 1356 3147 τοὺς
1397 3087 1592 3152 σοφοὺς
1638 3086 1890 3139 Βαϐυλῶ-
1918 3107 1961 3164 c
1995 3085 2040 3130 Si

1830 3086 1890 3138 3-
1918 3107 1961 3164 ο
1995 3075 2250 3130 stitnerat
2283 3089 2395 3136 rex,
2429 3080 2490 3126 ut
2533 3071 2786 3139 perderet
2841 3075 3112 3144 sapientes
3159 3074 3473 3146 Babylonis,
3510 3088 3564 3131 et

317 3189 430 3237 νος,
464 3173 560 3227 καὶ
607 3170 759 3226 εἶπεν
808 3173 956 3245 αύτῷ
981 3192 995 3205 ·
1031 3176 1170 3239 Τοὺς
1222 3177 1418 3243 σοφοὺς
1471 3175 1788 3238 Βαὸυλῶνος
1817 3177 1891 3247 μὴ

317 3265 618 3338 ἀπολέσῃς,
642 3266 906 3334 εἰσάγαγε
930 3265 986 3319 δέ
1019 3283 1083 3338 με
1116 3264 1345 3320 ἐνώπιον
1373 3265 1466 3319 τοῦ
1497 3266 1776 3336 βασιλέως,
1800 3269 1894 3320 καὶ

316 3355 418 3428 τὴν
443 3355 730 3427 σύγκρισιν
750 3356 842 3410 τοῦ
873 3358 1146 3428 ὁράματος
1179 3357 1467 3426 ἀναγγελώ
1497 3358 1575 3429 τῷ
1608 3358 1834 3428 βασιλεῖ.

389 3450 482 3504 25.
518 3449 653 3503 Τότε
678 3450 706 3502 6
741 3447 941 3520 Ἀριὼχ
962 3451 1019 3503 ἐν
1051 3450 1253 3520 σπουδῇ
1287 3451 1547 3520 εἰσήγαγε
1577 3449 1666 3502 τὸν
1695 3435 1920 3520 Δανιὴλ¹

318 3541 550 3596 ἐνώπιον
567 3541 663 3595 τοῦ
683 3542 963 3613 βασιλέως,
989 3542 1084 3596 καλ⁴
1113 3538 1263 3595 εἶπεν
1285 3541 1432 3612 αὐτῷ
1448 3557 1461 3571 ο
1479 3541 1702 3612 Εὖρηκα
1723 3542 1893 3612 ἀνδρα

321 3633 386 3685 ἐκ
417 3632 528 3685 τῶν
564 3633 698 3685 υἱῶν
725 3635 823 3703 τῆς
855 3631 1232 3703 αίχμαλωσίας
1263 3634 1361 3704 τῆς
1406 3634 1661 3698 Ἰουδαίας
1681 3677 1695 3701 ,
1743 3636 1892 3699 ὅστις

319 3724 398 3796 τῷ
427 3725 641 3796 βασιλεῖ
665 3724 727 3779 τὸ
755 3724 1036 3796 σύγκριμα
1067 3726 1376 3795 ἀναγγελεῖ.

389 3817 479 3871 26.
514 3819 626 3872 Kal
659 3818 932 3889 ἀπεκρίθη
952 3820 980 3871 6
1006 3817 1276 3889 βασιλεὺς,
1300 3820 1396 3872 καὶ
1426 3814 1548 3873 εἶπε
1575 3819 1652 3891 τῷ
1673 3821 1888 3893 Δανιὴλ,

318 3900 382 3963 οὗ
413 3909 474 3961 τὸ
505 3907 674 3978 ὄνομα
697 3908 982 3980 Βαλτάσαρ
1001 3926 1014 3940 ·
1035 3910 1097 3963 El
1120 3909 1342 3964 δύνασαί
1367 3927 1458 3981 μοι
1487 3912 1803 3980 ἀναγγεῖλαι
1831 3912 1892 3965 τὸ

318 4000 570 4055 ἐνύπνιον
594 4001 622 4054 6
649 3995 808 4064 εἶδον,
844 4003 940 4056 καὶ
963 4001 1061 4073 τὴν
1091 4001 1377 4072 σύγκρισιν
1410 4003 1607 4070 αὑτοῦ;

388 4090 481 4145 27.
517 4092 626 4146 Kal
656 4091 927 4164 ἀπεκρίθη
967 4093 1165 4161 Δανιὴλ
1197 4093 1426 4148 ἐνώπιον
1460 4094 1554 4147 τοῦ
1602 4094 1885 4164 βασιλέως,

318 4185 418 4238 καὶ
451 4179 604 4238 εἶπεν
623 4201 636 4215 ο
671 4184 743 4238 Τὸ
771 4185 1063 4256 μυστήριον
1083 4184 1112 4236 6
1142 4187 1170 4238 6
1201 4184 1450 4254 βασιλεὺς
1477 4186 1748 4257 ἐπερωτᾷ,
1789 4187 1891 4239 οὐκ

319 4275 436 4329 ἐστι
468 4276 667 4346 σοφῶν,
719 4277 928 4348 μάγων,
976 4276 1264 4344 ἐπαοιδῶν,
1311 4277 1633 4348 γαζαρηνῶν
1660 4277 1889 4350 δύναμις

321 4366 644 4435 ἀναγγεῖλαι
667 4365 746 4438 τῷ
780 4367 1006 4438 βασιλεῖ.

1993 3168 2129 3223 dixit
2163 3165 2246 3219 ei:
2276 3164 2559 3232 Sapientes
2588 3164 2880 3234 Babylonis
2912 3180 2980 3219 ne
3003 3165 3232 3234 perdas,
3263 3166 3357 3221 sed
3390 3167 3564 3220 intro-

1991 3258 2098 3314 duc
2125 3273 2210 3311 me
2242 3255 2295 3309 in
2332 3264 2631 3324 conspectu
2655 3256 2822 3325 regis,
2850 3264 2904 3310 et
2925 3256 3296 3326 conjecturam
3331 3258 3561 3312 visionis

1992 3351 2229 3405 narrabo
2266 3348 2396 3420 regi.

2060 3441 2151 3496 25.
2194 3439 2347 3494 Tunc
2371 3438 2569 3494 Ariocli
2629 3438 2682 3492 in
2712 3437 3064 3494 festinatione
3105 3439 3408 3496 introduxit
3458 3440 3563 3496 Da-

1992 3532 2186 3586 nielem
2218 3532 2271 3585 in
2303 3540 2596 3599 conspectu
2636 3533 2797 3600 regis,
2832 3541 2888 3586 et
2933 3532 3069 3587 dixit
3123 3534 3207 3587 ei:
3259 3533 3441 3588 Inveni
3485 3534 3565 3587 vi-

1991 3638 2113 3676 rum
2151 3622 2217 3676 de
2244 3621 2368 3675 [iliis
2400 3620 2728 3690 captivitatis
2757 3618 2976 3685 ludam,
3006 3621 3100 3692 qui
3133 3620 3245 3692 regi
3287 3621 3564 3692 conjectu-

1992 3731 2110 3770 ram
2147 3715 2426 3770 indicabit.

2062 3805 2152 3858 26.
2200 3804 2264 3859 Et
2295 3803 2576 3874 respondit
2599 3819 2717 3868 rex,
2751 3813 2805 3858 et
2831 3803 2970 3860 dixit
3005 3803 3235 3868 Danieli,
3275 3803 3434 3874 cujus
3464 3819 3564 3858 no-

1992 3911 2116 3950 men
2151 3904 2271 3950 erat
2299 3895 2590 3949 Baltasar:
2651 3893 2707 3949 Si
2742 3904 2896 3964 potes
2950 3895 3085 3948 mihi
3139 3895 3379 3949 indicare
3418 3909 3564 3950 som-

1991 3989 2166 4050 nium,
2197 3987 2340 4056 quod
2367 3986 2496 4051 vidi,
2527 3997 2582 4040 et
2605 3987 3099 4056 interpretationem
3124 3987 3284 4056 ejus?

2061 4079 2154 4132 27.
2193 4079 2262 4132 Et
2311 4079 2594 4148 respondit
2639 4077 2825 4134 Daniel
2856 4096 3041 4134 coram
3077 4096 3220 4150 rege,
3283 4089 3338 4135 et
3387 4081 3558 4137 dixit:

1991 4167 2329 4241 Mysterium,
2390 4171 2536 4240 quod
2591 4187 2681 4225 rex
2725 4173 3042 4242 interrogat,
3068 4189 3173 4226 non
3215 4183 3299 4228 est
3351 4175 3564 4243 sapien-

1990 4261 2149 4326 tittm,
2182 4276 2489 4332 magorum,
2543 4262 2839 4317 ariolorum
2875 4303 2892 4329 ,
2940 4279 3335 4334 gazarenorum
3393 4269 3563 4323 virtus

1991 4352 2232 4407 indicare
2253 4351 2388 4422 regi.

391 4456 481 4510 28.
529 4456 669 4511 Ἀλλ’
723 4459 757 4530 ἢ
803 4461 918 4512 ἐστι
964 4458 1097 4523 Θεὸς
1129 4461 1186 4513 ἐν
1231 4459 1445 4532 οὖρανῶ
1490 4461 1889 4516 ἀποκαλύπτων
1918 4455 1968 4515 D
2060 4445 2125 4499 28

1828 4478 1889 4514 ον
1918 4455 1968 4515 D
2060 4445 2152 4502 28.
2196 4444 2300 4500 Sed
2330 4453 2414 4498 est
2474 4442 2617 4499 Deus
2649 4444 2702 4499 in
2734 4445 2875 4500 etelo
2928 4445 3178 4501 revelans
3202 4447 3482 4518 mysteria.
3510 4457 3562 4503 et

321 4551 619 4620 μυστήρια,
651 4551 747 4604 καὶ
771 4549 1036 4621 ἐγνώρισε
1073 4550 1150 4622 τῷ
1174 4550 1382 4622 βασιλεῖ
1419 4553 1889 4624 Ναϐουχοδονόσορ

317 4637 355 4692 ἃ
383 4637 464 4690 δεῖ
490 4637 744 4706 γενέσθαι
765 4640 851 4692 ἐπ’
875 4640 1120 4710 ἐσχάτων
1141 4641 1248 4695 τῶν
1273 4644 1523 4715 ἡμερῶν·
1555 4645 1615 4696 τὸ
1639 4643 1889 4698 ἐνύπνιόν

318 4746 434 4794 σου,
469 4732 565 4784 καὶ
596 4733 652 4785 αἱ
682 4733 898 4803 ὁράσεις
919 4734 1021 4805 τῆς
1052 4734 1293 4807 κεφαλῆς
1319 4754 1411 4790 σου
1450 4739 1544 4791 ἐπὶ
1576 4738 1675 4810 τῆς
1702 4738 1891 4810 κοίτης

319 4837 436 4886 σου,
466 4823 735 4877 τουτέστι.

385 4935 476 4990 29.
500 4935 752 5002 Βασιλεῦ,
783 4938 832 4991 oi
853 4937 1189 5009 διαλογισμοί
1216 4956 1308 4994 σου
1329 4939 1423 4994 ἐπὶ
1450 4943 1548 5010 τῆς
1578 4942 1764 5014 κοίτης
1793 4959 1887 4997 σου

315 5027 610 5098 ἀνέϐησαν,
637 5029 690 5081 τί
727 5029 809 5083 δεῖ
835 5029 1085 5098 γενέσθαι
1111 5030 1251 5101 μετὰ
1275 5033 1469 5086 ταῦτα·
1502 5036 1598 5087 καὶ
1625 5035 1654 5086 6
1678 5035 1888 5089 ἀποκα-

314 5117 534 5173 λύπτων
571 5121 864 5192 μυστήρια,
894 5122 1156 5193 ἐγνώρισέ
1185 5123 1322 5177 σοιά
1351 5124 1432 5178 δεῖ
1468 5124 1743 5193 γενέσθαι.

375 5230 470 5292 50.
503 5233 615 5286 Kal
639 5235 762 5304 ἐμοὶ
782 5235 881 5288 οὐκ
909 5237 967 5289 ἐν
998 5237 1160 5307 σοφία
1187 5239 1256 5308 τῇ
1276 5235 1409 5309 οὔσῃ
1438 5238 1560 5308 ἐμοὶ
1582 5238 1732 5311 παρά
1756 5239 1887 5294 πάνο

309 5341 407 5388 τας
439 5325 568 5388 τοὺς
605 5325 815 5391 ζῶντας
861 5327 924 5380 τό
968 5330 1265 5400 μυστήριον
1295 5329 1455 5383 τοῦτο
1496 5332 1880 5404 ἀπεκαλύφθη,

308 5417 424 5471 ἀλλ’
449 5418 632 5473 ἕνεκεν
664 5421 756 5474 τοῦ
781 5421 882 5493 τὴν
912 5423 1196 5494 σύγκρισιν
1228 5424 1304 5496 τῷ
1348 5425 1556 5495 βασιλεῖ
1592 5426 1881 5496 γνωρίσαι,

307 5511 402 5563 καὶ
435 5511 521 5565 ἵνα
542 5511 685 5583 γνῷς
712 5515 837 5578 τοὺς
861 5515 1240 5586 διαλογισμοὺς
1265 5518 1364 5586 τῆς
1396 5516 1622 5586 καρδίας
1660 5535 1774 5570 σου.

379 5625 578 5689 51.Σὺ,
606 5627 847 5697 βασιλεῦ,
878 5627 1152 5701 ἐθεώρεις,
1187 5631 1283 5683 καὶ
1323 5631 1432 5684 ἰδοὺ
1464 5629 1627 5684 εἰκὼν
1656 5630 1752 5700 μία
1783 5647 1882 5700 με-

312 5717 452 5791 γάλη
483 5719 670 5792 πολλή·
704 5721 923 5791 ἡείκὼν
946 5722 1127 5792 ἐκείνη
1164 5721 1395 5795 μεγάλη,
1425 5724 1519 5777 καὶ
1550 5723 1583 5796 ὴ
1613 5721 1877 5793 πρόσοψις

627 5814 898 5878 ΡΑτιιοι.
941 5816 1058 5880 Gn.
1105 5815 1274 5879 XVl.

1991 4549 2120 4592 nota
2138 4536 2274 4595 fecit
2303 4537 2413 4606 regi
2441 4534 2945 4593 Nabuchodonosor
2965 4577 2980 4602 ,
3034 4555 3157 4608 qua:
3206 4550 3420 4610 oportet
3447 4542 3560 4596 lieri

1991 4630 2046 4684 in
2076 4629 2390 4686 novissimis
2418 4630 2631 4685 diebus.
2670 4629 2954 4685 Somnium
3005 4642 3182 4698 tuum,
3225 4642 3279 4686 et
3326 4633 3562 4688 visiones

1990 4723 2182 4794 capitis
2207 4723 2285 4778 tui
2317 4722 2371 4777 in
2399 4722 2650 4778 cubiculo
2679 4731 2795 4789 tuo,
2834 4722 2947 4778 haec
2986 4735 3133 4779 sunt.

2060 4942 2152 4997 29.
2195 4942 2240 4999 Ο
2272 4958 2409 5008 rex,
2463 4942 2824 5014 cogitationes
2883 4952 2990 4999 tuae
3053 4945 3108 4999 in
3166 4946 3422 5002 cubiculo
3468 4956 3562 5003 tuo

1990 5036 2378 5100 ascenderunt,
2403 5035 2534 5106 quid
2561 5036 2805 5091 futurum
2837 5036 2910 5092 sit
2940 5046 3059 5107 post
3093 5038 3242 5094 haec:
3268 5049 3321 5094 et
3358 5043 3450 5110 qui
3477 5058 3558 5096 re-

1987 5129 2134 5184 velat
2165 5127 2446 5200 mysteria,
2469 5128 2705 5183 ostendit
2736 5128 2853 5193 tibi,
2887 5144 3008 5198 quae
3043 5140 3256 5200 oportet
3282 5131 3416 5186 lleti.

2059 5242 2149 5298 30.
2193 5242 2257 5297 Et
2283 5243 2415 5297 mihi
2463 5258 2570 5297 non
2615 5244 2670 5297 in
2705 5243 2992 5312 sapientia,
3024 5260 3145 5313 quae
3178 5245 3250 5300 sit
3276 5246 3410 5301 mihi
3451 5263 3562 5316 prae

1987 5337 2242 5392 omnibus
2275 5336 2602 5400 viventibus,
2644 5338 2962 5408 mysterium
2985 5338 3087 5392 hoc
3122 5339 3416 5393 revelatum
3448 5351 3559 5394 est:

1986 5428 2081 5482 sed
2118 5438 2177 5482 ut
2211 5428 2712 5498 interpretationem
2776 5427 2886 5498 regi
2935 5428 3279 5484 manifestam
3338 5429 3558 5496 faciam,

1983 5530 2040 5577 et
2067 5529 2127 5575 ut
2152 5521 2294 5578 scias
2327 5523 2681 5594 cogitationes
2709 5524 2892 5578 cordis
2925 5524 3023 5578 tui.

2053 5633 2142 5686 3t.
2184 5631 2287 5698 Tu,
2315 5651 2432 5698 rex,
2468 5633 2710 5697 videbas,
2730 5644 2782 5688 et
2813 5650 2938 5690 ecce
2983 5635 3161 5707 imago
3205 5653 3312 5692 una
3361 5654 3554 5710 magna

1984 5723 2168 5790 nimis;
2210 5724 2390 5795 imago
2419 5725 2509 5781 illa
2547 5739 2762 5794 magna,
2805 5735 2859 5781 et
2892 5737 3143 5798 aspectus
3177 5729 3350 5796 ipsius
3394 5731 3560 5785 sublio

3185 5820 3264 5879 90
