3848 6218
426 322 570 377 2847

1479 311 1737 368 DANIEL
1774 306 2002 368 JUXTA
2042 306 2586 366 TlIEODOTlONEM

3537 305 3705 364 2843

424 443 567 507 mis;
604 449 755 495 stans
779 446 903 491 ante
931 435 1126 491 faciem
1153 448 1322 502 tuam,
1376 442 1430 489 et
1454 433 1595 489 visio
1627 432 1747 502 ejus
1793 430 2005 487 terribi-

2141 430 2282 499 ,ὑτῆς
2308 429 2642 502 ὑπερφερὴς,
2676 429 2887 485 ἑστῶσα
2916 429 3021 502 πρὸ
3052 428 3342 504 προσώπου
3378 449 3493 497 σου,
3528 437 3636 485 καὶ
3668 436 3704 503 ἡ

425 535 514 587 hs.

493 624 584 676 52.
628 620 831 691 Imago,
872 618 1032 689 cujus
1063 627 1225 688 caput
1256 627 1375 672 erat
1414 632 1481 671 ex
1513 630 1650 671 auro
1689 630 1852 686 puro,
1885 630 2003 670 ma-

424 732 550 776 nus,
578 722 633 769 et
665 721 877 783 pectus,
922 720 977 767 et
1035 711 1257 765 brachia
1323 709 1443 780 ejus
1489 718 1763 780 argentea,
1816 717 2007 764 venter

423 815 477 859 et
509 803 714 861 femora
740 817 900 858 aerea.

494 899 583 952 33.
622 897 690 951 Et
726 898 872 951 tibia:
911 894 1117 960 ferreae,
1147 893 1334 965 pedes,
1390 906 1517 962 pars
1551 894 1799 963 quaedam
1850 892 2005 961 ferri,

424 1006 551 1061 pars
583 998 763 1044 autem
794 996 967 1043 testae.

492 1082 583 1138 '54.
632 1082 886 1147 Videbas,
913 1079 1088 1134 donec
1122 1079 1398 1136 abscissus
1431 1087 1515 1135 est
1553 1078 1621 1134 de
1658 1086 1843 1131 monte
1868 1077 2006 1145 lapis

426 1175 544 1230 sine
572 1175 859 1229 manibus:
886 1182 939 1227 et
966 1172 1240 1243 percussit
1288 1173 1580 1243 imaginem
1638 1186 1802 1241 super
1843 1170 2006 1239 pedes

425 1268 658 1333 ferreos,
698 1276 752 1321 et
779 1266 1015 1337 figlinos,
1061 1276 1114 1322 ct
1144 1268 1467 1324 comminuit
1509 1283 1604 1323 eos
1638 1267 1703 1321 ad
1747 1266 1929 1321 tinem.

495 1444 587 1499 '55.
631 1442 787 1499 Tunc
814 1444 1150 1501 comminuta
1179 1454 1307 1502 sunt
1338 1444 1542 1515 pariter
1584 1442 1809 1509 ferrum,
1844 1450 2004 1508 testa,

423 1551 517 1599 trs.
555 1546 864 1607 argentum,
893 1552 1112 1603 aurum,
1147 1545 1201 1592 et
1233 1536 1372 1591 facta
1400 1545 1530 1592 sunt
1557 1536 1714 1606 quasi
1736 1533 1914 1605 pulvis
1940 1534 2008 1589 de

424 1644 548 1684 area
582 1629 791 1695 aestiva,
829 1638 883 1684 et
921 1629 1146 1685 sustulit
1185 1644 1310 1684 eum
1356 1628 1646 1684 multitudo
1671 1626 1912 1697 spiritus,
1954 1635 2009 1680 et.

424 1723 606 1779 omnis
626 1722 780 1778 locus
809 1738 918 1776 non
944 1731 1027 1778 est
1051 1724 1307 1778 inventus
1333 1722 1413 1777 eis
1443 1738 1455 1773 :
1496 1729 1551 1775 et
1579 1720 1737 1790 lapis,
1752 1719 1847 1790 qui
1883 1734 2005 1789 per-

2106 522 2298 591 ὅρασις
2318 522 2489 592 αὐτῆς
2517 522 2744 594 φοϐερά.
2790 596 2793 599 Α

2176 612 2266 667 52.
2294 612 2492 678 Είκὼν,
2526 608 2591 685 ἦς
2618 615 2650 684 ή
2684 613 2895 685 κεφαλὴ
2925 613 3147 685 χρυσίου
3176 614 3413 686 καθαροῦ
3435 658 3449 681 ,
3482 616 3540 668 αἱ
3575 616 3707 685 χεῖ-

2110 722 2223 776 ρας,
2256 704 2435 757 καὶτὸ
2460 705 2674 775 στῆθος,
2711 708 2807 759 καὶ
2846 708 2894 759 οἱ
2927 706 3212 778 βραχίονες
3240 708 3411 777 αὐτῆς
3430 708 3703 780 ἀργυροῖ,

2105 800 2138 869 ή
2171 796 2344 849 κοιλία
2377 798 2471 850 καὶ
2499 800 2548 850 oi.
2583 803 2748 868 μηροὶ
2769 799 2976 868 χαλκοῖ.

2178 888 2268 942 55.
2307 888 2418 939 Kal
2455 888 2513 939 αἱ
2535 889 2743 957 κνῆμαι
2774 888 3010 958 σιδηραῖ,
3037 889 3089 940 οἱ
3116 888 3272 953 πόδες
3300 888 3467 959 μέρος
3503 888 3606 959 μέν
3644 905 3707 941 τι

2109 977 2351 1047 σιδήρου,
2388 977 2555 1047 μέρος
2584 977 2642 1030 δέ
2671 994 2722 1030 τι
2746 978 3038 1048 ὀστράκου.

2178 1070 2266 1124 54.
2315 1070 2599 1141 Ἐθεώρεις
2638 1070 2743 1133 ἓως
2772 1071 2893 1124 ὅτου
2933 1069 3236 1142 ἀπεσχίσθη
3273 1070 3379 1123 ἀπὸ
3423 1071 3587 1142 ὅρους
3615 1070 3709 1123 λίς

2110 1160 2202 1222 θος
2247 1159 2375 1215 ἄνευ
2408 1161 2625 1233 χειρῶν,
2672 1162 2769 1215 καὶ
2817 1161 3054 1225 ἐπάταξε
3078 1164 3177 1231 τὴν
3210 1163 3391 1215 είκόνα
3430 1164 3527 1214 ἐπὶ
3565 1164 3706 1223 τοὺς

2112 1254 2280 1317 πόδας
2310 1256 2436 1319 τοὺς
2466 1255 2737 1324 σιδηροῦς,
2774 1256 2869 1309 καὶ
2900 1254 3254 1326 ὀστρακίνους
3278 1296 3292 1320 ,
3332 1255 3427 1308 καὶ
3465 1254 3706 1308 ὲλέπτυε-

2109 1364 2197 1401 νεν
2230 1348 2428 1413 αὐτοὺς
2459 1353 2539 1413 εἰς
2559 1351 2734 1413 τέλος.

2180 1444 2271 1499 55.
2319 1444 2455 1497 Τότε
2501 1444 2912 1517 ὲλεπτύνθησαν
2959 1445 3192 1511 εἰσάπαξ
3235 1447 3264 1500 6
3318 1447 3537 1518 σίδηρος
3570 1490 3585 1514 ,
3633 1449 3707 1503 τὸ

2105 1533 2396 1607 ὄστρακον,
2421 1537 2450 1591 6
2493 1537 2711 1607 χαλκὸς,
2747 1538 2775 1590 6
2807 1537 3069 1609 ἄργυρος,
3114 1540 3143 1593 ὀ
3176 1539 3398 1609 χρυσός·
3430 1541 3529 1592 καὶ
3570 1538 3707 1606 ὲγέ-

2108 1641 2258 1679 νοντο
2275 1626 2408 1680 ὡσεὶ
2436 1628 2711 1699 κονιορτὸς
2733 1627 2840 1681 ἀπὸ
2869 1627 3073 1692 ἅλωνος
3099 1628 3317 1701 θερινῆς
3334 1646 3347 1659 °
3367 1630 3464 1683 καὶ
3495 1629 3707 1700 ἐξῆρεν

2109 1718 2275 1772 αὐτὸν
2301 1718 2363 1771 τὸ
2386 1718 2589 1788 πλῆθος
2622 1718 2717 1772 τοῦ
2741 1720 3072 1789 πνεύματος,
3094 1721 3189 1774 καὶ
3223 1724 3290 1789 Χ
3321 1723 3426 1783 πᾶς
3443 1722 3501 1793 /.
3525 1721 3708 1782 τόπος

423 1825 671 1871 cusserat
696 1814 987 1885 imaginem
1015 1815 1191 1870 factus
1223 1824 1307 1871 est
1333 1815 1385 1869 in
1428 1826 1671 1869 montem
1709 1829 1967 1885 magnum
1990 1851 2005 1878 ,

2142 1809 2210 1879 ύχ
2235 1808 2433 1882 εὑρέθη
2461 1812 2665 1876 αὐτοῖς,
2695 1811 2790 1864 καὶ
2813 1813 2840 1864 6
2861 1810 3007 1875 λίθος
3028 1813 3055 1865 6
3088 1812 3333 1876 πατάξας
3376 1813 3474 1883 τὴν
3508 1812 3708 1867 εἰκόνα

422 1918 478 1964 ct
502 1908 749 1976 implevit
780 1908 1093 1964 universam
1127 1918 1352 1963 terram.
1403 1928 1419 1945 -

492 1998 583 2053 56.
632 1998 746 2054 Hoc
779 2007 864 2054 est
892 2001 1165 2055 somnium
1202 2014 1217 2052 :
1265 2008 1319 2055 et
1354 1998 1856 2069 interpretationem
1882 1996 2001 2067 ejus

419 2092 667 2146 dicemus
700 2108 886 2147 coram
924 2108 1070 2164 rege.

491 2186 582 2241 57.
624 2185 731 2251 Tu,
758 2203 851 2241 rex
899 2203 1111 2257 regum.
1131 2188 1217 2243 cui
1249 2187 1391 2243 Deus
1423 2187 1549 2243 coeli
1579 2201 1809 2258 regnum
1837 2183 1999 2251 forte,

420 2287 473 2330 et
494 2276 759 2341 validum,
789 2289 843 2334 et
870 2277 1198 2334 honoratum
1231 2278 1379 2334 dedit
1404 2279 1457 2333 in
1483 2278 1633 2334 omni
1657 2279 1800 2333 loco.

491 2454 581 2509 58.
623 2452 725 2509 Ubi
760 2454 1007 2509 habitant
1034 2454 1129 2509 filii
1181 2454 1504 2520 hominum;
1559 2454 1762 2509 bestias
1796 2453 2003 2523 pariter

423 2546 560 2615 agri,
592 2554 646 2599 et
661 2545 913 2599 volucres
937 2545 1084 2610 coeli,
1103 2553 1156 2598 et
1182 2546 1361 2614 pisces
1390 2546 1560 2599 maris
1583 2546 1731 2600 dedit
1756 2546 1809 2598 in
1835 2560 2001 2599 manu

422 2646 539 2699 tua,
571 2646 625 2691 et
657 2636 1011 2692 eonstituitte
1039 2637 1321 2691 dominum
1344 2638 1610 2692 omnium.
1638 2636 1719 2690 Tu
1746 2652 1805 2691 es
1841 2643 2004 2705 caput

423 2743 673 2782 aureum.

494 2817 589 2873 '59.
627 2816 695 2871 Et
725 2825 849 2887 post
876 2827 926 2872 te
951 2826 1243 2889 consurget
1266 2832 1490 2886 regnum
1512 2817 1659 2871 aliud
1694 2819 1872 2872 minus
1915 2824 1999 2870 te:

320 2906 323 2911 ’
423 2917 478 2963 et
501 2921 726 2977 regnum
760 2907 1001 2975 tertium,
1054 2912 1203 2979 quod
1260 2918 1353 2965 est
1384 2923 1481 2977 aes,
1512 2908 1663 2978 quod
1715 2907 2005 2978 imperabit

426 2998 699 3053 universa:
730 3006 911 3054 terrm.

495 3088 584 3143 40.
625 3088 690 3143 Et
724 3106 951 3161 regnum
988 3099 1241 3161 quartum
1265 3092 1369 3147 erit
1403 3091 1543 3148 forte
1572 3093 1741 3148 veluti
1770 3092 2000 3149 ferrum:

424 3183 702 3251 quomodo
735 3182 879 3236 enim
921 3180 1129 3237 ferrum
1192 3184 1517 3240 comminuit
1576 3193 1631 3240 et
1686 3186 1892 3254 domat,
1929 3186 2008 3241 sic

423 3275 613 3329 omnia
640 3276 976 3330 comminuet
1006 3285 1061 3331 et
1097 3276 1359 3332 domahit.
2004 3344 2007 3347 _

494 3365 587 3423 4i.
633 3366 699 3421 Et
731 3368 858 3438 quia
892 3368 1076 3424 vidisti
1108 3370 1294 3438 pedes,
1326 3377 1380 3425 et
1405 3368 1624 3440 digitos,
1652 3379 1859 3439 partem
1882 3370 2008 3441 qui-

426 3458 549 3513 dem
582 3460 821 3530 aliquam
858 3459 1006 3527 ferri,
1065 3469 1276 3532 partem
1314 3478 1446 3516 vero
1481 3464 1772 3533 quantulum
1832 3472 2007 3530 testae,

426 3566 655 3622 regnum
684 3552 922 3607 divisum
958 3553 1065 3609 erit
1088 3554 1144 3607 in
1199 3570 1278 3617 se,
1329 3555 1791 3624 quemadmodum
1819 3554 2006 3611 vidisti

427 3640 632 3699 ferrum
668 3645 1026 3700 commixtum
1057 3656 1210 3701 testae
1244 3648 1423 3704 luteas.

498 3737 589 3791 42.
632 3737 697 3791 Et
726 3736 879 3807 digiti
920 3738 1118 3808 pedum
1152 3754 1281 3807 pars
1333 3738 1580 3809 quaedam
1631 3736 1807 3793 ferrea
1831 3778 1846 3804 ,
1884 3753 2010 3807 pars

428 3839 612 3886 autem
642 3830 894 3899 quaedam
930 3830 1084 3900 regni
1117 3832 1222 3885 erit
1283 3818 1461 3899 fertis,
1499 3840 1554 3885 et
1585 3830 1653 3886 de
1709 3846 1775 3886 eo
1819 3838 2012 3885 conte-

430 3933 600 3980 retur.

501 4019 591 4073 43.
632 4016 699 4073 Et
723 4017 853 4088 quia
882 4017 1065 4071 vidisti
1099 4014 1303 4071 ferrum
1335 4014 2007 4082 admixtumtesttelutere,

431 4110 717 4167 commixti
751 4119 915 4164 erunt
966 4111 1023 4164 in
1077 4111 1285 4165 semine
1324 4109 1631 4173 hominum,
1690 4117 1745 4162 et
1774 4123 1885 4161 non
1924 4109 2013 4161 ad-

432 4203 719 4259 hmrebunt
747 4202 883 4257 alter
911 4201 1090 4267 alteri,
1147 4202 1289 4258 sicut
1340 4199 1550 4256 ferrum
1590 4216 1700 4254 non
1749 4200 2013 4255 miscetur

433 4310 558 4351 cum
592 4302 752 4350 testa.

2108 1902 2325 1967 ἐγένετο
2350 1904 2429 1967 είς
2449 1902 2575 1974 ὅρος
2600 1903 2763 1973 μέγα,
2789 1904 2885 1958 καὶ
2915 1903 3199 1976 ἐπλήρωσε
3229 1906 3407 1959 πᾶσαν
3438 1906 3540 1976 τὴν
3566 1905 3702 1975 γῆν.

2179 1993 2269 2048 56.
2304 1994 2477 2048 Τοῦτό
2496 1995 2613 2047 ἐστι
2641 1995 2702 2049 τὸ
2722 1994 2995 2062 ἐνύπνιον,
3022 1997 3118 2050 καὶ
3148 1997 3245 2067 τήν
3280 1998 3569 2071 σύγκρισιν
3598 1997 3709 2052 αόο

2107 2085 2202 2139 τοῦ
2228 2085 2460 2158 ἐροῦμεν
2488 2087 2719 2141 ἐνώπιον
2749 2087 2844 2141 τοῦ
2880 2088 3162 2159 βασιλέως.

2182 2179 2272 2235 57.
2296 2179 2391 2243 Σὺ,
2421 2179 2643 2249 βασιλεῦ
2683 2180 2968 2251 βασιλέων,
2992 2176 3035 2251 ᾧ
3077 2184 3105 2237 6
3156 2181 3288 2247 Θεὸς
3331 2182 3425 2236 τοῦ
3460 2183 3704 2255 ούρανοῦ

2111 2269 2390 2341 βασιλείαν
2422 2272 2671 2343 ἰσχυρὰν,
2697 2274 2795 2327 καὶ
2823 2274 3110 2346 κραταιὰν,
3140 2275 3236 2329 καὶ
3258 2275 3474 2347 ἔντιμον
3493 2274 3705 2331 ἔδωκεν

2109 2364 2169 2417 ὲν
2196 2364 2361 2417 παντὶ
2396 2364 2567 2435 τόπῳ.

2180 2454 2269 2507 58.
2303 2455 2479 2507 Ὅπου
2510 2454 2859 2509 κατοικοῦσιν
2892 2456 2943 2508 οί
2976 2457 3083 2509 υἱοὶ
3102 2456 3209 2511 τῶν
3228 2456 3533 2529 ἀνθρώπων
3555 2477 3569 2488 ·
3602 2446 3709 2530 θηέ

2113 2542 2204 2613 ρία
2227 2560 2286 2596 τε
2308 2543 2503 2615 ἀγροῦ,
2539 2545 2635 2598 καὶ
2669 2545 2890 2599 πετεινά
2922 2543 3151 2616 οὐρανοῦ
3172 2587 3187 2611 ,
3230 2548 3327 2600 καὶ
3360 2547 3548 2616 ἰχθύας
3597 2549 3698 2601 θα-

2110 2635 2315 2706 λάσσης
2368 2635 2565 2689 ἔδωκεν
2613 2637 2669 2689 ἐν
2712 2638 2779 2706 τῇ
2837 2636 2979 2707 χειρί
3010 2653 3124 2703 σου,
3162 2638 3257 2690 καὶ
3299 2637 3607 2709 κατέστησέ
3641 2656 3703 2691 σε

2113 2726 2303 2797 κύριον
2327 2727 2573 2781 πάντων·
2604 2728 2669 2780 σὺ
2694 2727 2744 2782 εἷ
2764 2732 2796 2797 ή
2828 2728 3040 2801 κεφαλὴ
3080 2732 3113 2801 ή
3143 2730 3343 2801 χρυσῆ.

2182 2822 2270 2876 59.
2305 2824 2415 2876 Kal.
2450 2823 2628 2876 ὀπίσω
2682 2838 2776 2874 σου
2825 2824 3187 2893 ἀναστήσεται
3236 2823 3482 2894 βασιλεία
3531 2824 3705 2896 ἑτέρα

2108 2912 2290 2983 ’ήττων
2321 2930 2435 2976 σου,
2466 2916 2563 2967 καὶ
2594 2915 2839 2985 βασιλεία
2885 2918 3067 2989 τρίτη,
3105 2918 3139 2989 ἦ
3167 2919 3316 2973 ἐστιν
3350 2921 3378 2972 6
3399 2920 3629 2991 χαλκὸς,
3668 2922 3705 2992 ἢ

2110 3002 2393 3074 κυριεύσει
2423 3004 2603 3074 πάσης
2634 3005 2736 3076 τῆς
2756 3007 2882 3077 γῆς.

2180 3093 2267 3147 40.
2304 3094 2416 3147 Kal.
2446 3093 2694 3164 βασιλεία
2729 3097 2964 3168 τετάρτη
3001 3096 3150 3152 ἔσται
3199 3098 3395 3171 ίσχυρὰ
3423 3100 3499 3163 ὡς
3546 3100 3706 3171 σίδη-

2114 3200 2234 3257 ρος’
2266 3185 2325 3238 ὸν
2354 3186 2552 3257 τρόπον
2577 3187 2684 3258 γὰρ
2712 3190 2740 3240 6
2763 3189 2981 3260 σίδηρος
3004 3190 3253 3244 λεπτύνει
3290 3193 3386 3245 καὶ
3437 3192 3707 3263 δαμάζει,

2111 3276 2285 3341 οὕτως
2309 3277 2486 3331 πάντα
2519 3278 2770 3332 λεπτυνεῖ
2792 3281 2887 3333 καὶ
2925 3272 3175 3350 δαμάσέι.

2182 3371 2270 3425 4|.
2312 3371 2423 3424 Kal.
2457 3371 2537 3423 ὅτι
2565 3367 2704 3434 εἶδες
2735 3372 2862 3435 τοὺς
2884 3373 3069 3441 πόδας,
3108 3375 3197 3427 καὶ
3233 3374 3356 3437 τοὺς
3376 3373 3704 3438 δακτύλους,

2115 3463 2282 3532 μέρος
2310 3462 2409 3531 μέν
2431 3479 2484 3515 τι
2509 3462 2750 3533 σιδήρου,
2780 3463 2943 3533 μέρος
2966 3464 3023 3515 δέ
3042 3481 3093 3516 τι
3121 3466 3413 3535 ὀστράκου,
3446 3465 3705 3535 βασιλεία

2111 3553 2417 3624 διῃρημένη
2439 3553 2589 3608 ἔσται
2619 3557 2677 3607 έν
2706 3556 2865 3626 αὐτῇ,
2898 3557 2957 3608 ὃν
2988 3563 3188 3628 τρόπον
3211 3554 3350 3620 εἶδες
3371 3557 3462 3611 τὸν
3481 3558 3707 3629 σίδηρον

2112 3647 2558 3716 ἀναμεμιγμένον
2594 3646 2672 3717 τῷ
2698 3646 2952 3717 ὀστράκῳ
2985 3648 3061 3720 τῷ
3092 3648 3319 3719 πηλίνῳ.
3448 3650 3451 3657 γ

2185 3738 2277 3791 42.
2320 3739 2432 3790 Kal
2457 3739 2505 3790 οἱ
2528 3738 2781 3791 δάκτυλοι
2810 3739 2919 3793 τῶν
2950 3740 3123 3792 ποδῶν
3153 3741 3317 3810 μέρος
3346 3739 3446 3809 μέν
3461 3757 3515 3793 τι
3548 3741 3704 3810 σιδη-

2115 3828 2265 3902 ροῦν,
2297 3830 2462 3902 μέρος
2490 3829 2549 3882 δέ
2584 3847 2636 3882 τι
2668 3831 2767 3900 τῆς
2807 3831 3086 3899 βασιλείας
3120 3830 3273 3885 ἔσται
3317 3832 3560 3904 ίσχυρὸν,
3604 3834 3705 3887 καὶ

2114 3921 2209 3974 ἀπ’
2233 3921 2403 3990 αὐτῆς
2423 3921 2574 3973 ἔσται
2611 3923 3049 3993 συντριϐόμενον.
3618 3991 3622 3994 γ

2185 4014 2273 4067 43.
2320 4015 2429 4067 Kal.
2456 4016 2537 4067 ὅτι
2578 4010 2718 4077 εἶδες
2746 4014 2836 4066 τὸν
2875 4015 3093 4084 σίδηρον
3142 4016 3591 4086 ἀναμεμιγμένον
3626 4015 3705 4085 τῷ

2115 4108 2369 4178 ὀστράκῳ
2396 4108 2473 4178 τῷ
2499 4107 2729 4177 πηλίνῳ,
2766 4110 3060 4177 συμμιγεῖς
3094 4106 3303 4161 ἔσονται
3326 4111 3384 4160 έν
3418 4109 3701 4179 σπέρματι

2115 4200 2441 4268 ἀνθρώπων,
2492 4200 2588 4253 καὶ
2630 4200 2729 4252 οὐκ
2773 4198 2983 4252 ἔσονται
3031 4198 3504 4270 προσκολλώμενοι
3546 4196 3703 4263 οὗτος

2118 4293 2258 4363 μετὰ
2290 4292 2502 4356 τούτου,
2539 4291 2721 4356 καθὼς
2747 4294 2774 4345 6
2802 4293 3021 4364 σίδηρος
3053 4294 3154 4346 οὐκ
3173 4292 3541 4363 ἀναμίγνυται
3563 4294 3704 4363 μετά

2112 4384 2208 4437 τοῦ
2234 4385 2528 4456 ὀστράκου.

503 4474 594 4529 44.
638 4474 705 4527 Et
734 4472 788 4527 in
819 4472 1013 4529 diebus
1041 4488 1230 4543 regum
1276 4472 1497 4527 illorum
1541 4470 1831 4527 suscitabit
1865 4469 2005 4526 Deus

2183 4477 2271 4530 44.
2305 4448 2417 4529 Kal.
2476 4478 2534 4529 ὲν
2578 4478 2700 4538 ταῖς
2738 4450 2976 4547 ήμέραις
3014 4474 3122 4528 τῶν
3162 4448 3428 4545 βασιλέων
3474 4474 3703 4527 ἐκείνων

435 4567 557 4624 omli
599 4581 849 4636 regnum,
910 4565 1138 4636 quodin
1179 4567 1377 4621 saecula
1440 4580 1551 4619 non
1609 4564 2009 4634 dissipabitur:

440 4669 494 4714 et
515 4676 740 4729 regnum
775 4660 894 4730 ejus
920 4659 1124 4730 populo
1152 4659 1305 4715 alteri
1337 4673 1447 4714 non
1483 4658 1753 4725 tradetur;
1784 4657 2016 4713 commi-

434 4761 570 4808 nuet
620 4762 673 4806 et
699 4752 983 4808 ventilabit
1008 4752 1265 4807 universa
1317 4765 1503 4822 regna,
1540 4759 1594 4805 et
1635 4751 1815 4819 ipsum
1850 4748 2016 4804 stabit

434 4848 491 4902 in
518 4845 741 4901 saecula.

504 5020 596 5073 45.
642 5019 798 5075 Sicut
827 5020 1033 5087 vidisti,
1066 5020 1212 5091 quod
1278 5020 1342 5076 de
1395 5031 1583 5075 monte
1612 5020 1891 5075 abscissus
1931 5029 2015 5099 est

434 5112 576 5181 lapis
604 5111 723 5167 sine
746 5113 1023 5179 manibus,
1044 5121 1098 5167 et
1115 5113 1523 5167 comminuebat
1539 5119 1759 5177 testam,
1784 5111 2012 5173 ferrum,

436 5223 533 5269 aes,
568 5218 875 5278 argentum,
920 5222 1138 5272 aurum,
1164 5208 1307 5261 Deus
1338 5223 1571 5276 magnus
1611 5207 1850 5261 ostendit
1877 5206 2012 5276 regi,

438 5315 562 5367 qua:
589 5308 804 5367 oportet
833 5300 948 5353 fieri
992 5301 1249 5369 posthaec
1277 5317 1290 5353 :
1318 5310 1372 5355 et
1390 5316 1577 5355 verum
1611 5309 1692 5354 est
1716 5299 2012 5366 somnium,

438 5398 494 5443 ct
527 5388 703 5443 ﬁdelis
738 5390 1116 5459 interpretatio
1140 5391 1283 5460 ejus.

509 5480 601 5534 46.
645 5480 799 5538 Tunc
829 5499 924 5537 rex
956 5482 1459 5539 Nabuchodonosor
1489 5484 1686 5539 cecidit
1708 5486 1760 5537 in
1798 5483 2012 5548 faciem,

440 5581 495 5623 et
529 5570 800 5626 Danielem
833 5573 1101 5636 adoravit,
1144 5587 1198 5629 et
1251 5591 1468 5641 manaa,
1509 5587 1563 5631 et
1612 5577 1853 5630 suavitas
1883 5576 2017 5629 odo-

453 5659 553 5721 ris,
584 5660 723 5715 dixit
751 5670 808 5715 ut
838 5662 1161 5719 libarentur.

514 5751 603 5807 67.
645 5751 710 5810 Et
742 5755 1076 5824 respondens
1104 5771 1198 5813 rex
1223 5757 1360 5814 dixit
1390 5756 1599 5816 Danieli
1647 5777 1659 5814 :
1703 5758 1760 5814 ln
1786 5758 2012 5816 veritate

2115 4569 2411 4638 ἀναστήσει
2449 4569 2476 4620 6
2516 4567 2649 4631 Θεὸς
2686 4568 2778 4621 τοῦ
2832 4568 3062 4638 ούρανοῦ
3118 4567 3421 4636 βασιλείαν,
3470 4568 3595 4636 ἥτις
3624 4569 3703 4628 εἰς

2114 4660 2241 4723 τοὺς
2270 4660 2470 4721 αἰῶνας
2510 4660 2570 4713 ού
2598 4659 3044 4730 διαφθαρήσεται,
3074 4660 3169 4711 καὶ
3198 4661 3229 4727 ή
3256 4657 3508 4727 βασιλεία
3537 4657 3699 4710 αὐτοῦ

2113 4751 2225 4823 λαῷ
2250 4753 2424 4823 ἑτέρῳ
2453 4753 2549 4821 οὐχ
2581 4751 3054 4822 ὑπολειφθήσεται·
3078 4752 3333 4803 λεπτυνεί
3381 4751 3477 4803 xal.
3505 4749 3703 4820 λικμή-

2116 4863 2201 4899 σει
2231 4847 2409 4908 πάσας
2433 4845 2533 4909 τὰς
2570 4844 2869 4915 βασιλείας,
2900 4846 2993 4898 καὶ
3036 4843 3175 4914 αὕτη
3212 4844 3585 4913 ἀναστήσεται
3625 4845 3703 4906 εἰς

2116 4942 2243 5001 τοὺς
2282 4939 2505 5001 αἰῶνας.

2188 5032 2277 5086 45.
2315 5032 2410 5083 Ὃν
2434 5029 2635 5100 τρόπον
2670 5022 2828 5092 εἶδες,
2856 5027 2937 5081 ὅτι
2972 5026 3080 5080 ἀπὸ
3102 5026 3266 5097 δρους
3301 5025 3517 5095 ἐτμήθη
3552 5024 3694 5088 λίθος

2117 5123 2246 5177 ἄνευ
2269 5121 2488 5192 χειρῶν,
2518 5123 2613 5174 καὶ
2636 5116 2891 5173 ὲλέπτυνε
2913 5119 2974 5172 τὸ
2992 5118 3260 5189 ὄστρακον
3279 5114 3297 5177 ,’
3323 5118 3418 5169 τὸν
3458 5117 3695 5187 σίδηρον,

2118 5216 2207 5269 τὸν
2241 5216 2463 5285 χαλκὸν,
2482 5214 2574 5266 τὸν
2603 5213 2862 5283 ἄργυρον,
2884 5212 2976 5264 τὸν
3007 5210 3233 5281 χρυσόν⁸
3256 5211 3283 5262 6
3310 5208 3445 5271 Θεὸς
3467 5211 3496 5261 6
3525 5210 3698 5277 μέγας

2119 5306 2383 5379 ἐγνώρισε
2409 5306 2487 5375 τῷ
2517 5304 2725 5374 βασιλεί
2747 5304 2783 5357 ἀ.
2809 5302 2891 5355 δεῖ
2912 5302 3161 5370 γενέσθαι
3206 5300 3342 5370 μετὰ
3373 5298 3582 5353 ταῦτα·
3607 5302 3698 5354 καὶ
3732 5330 3743 5349 φ

2119 5399 2373 5469 ἀληθινὸν
2409 5398 2468 5452 τὸ
2505 5396 2778 5459 ἐνύπνιον,
2803 5397 2897 5448 καὶ
2932 5395 3097 5464 πιστὴ
3128 5396 3160 5461 ὴ
3189 5392 3479 5462 σύγκρισις
3508 5392 3692 5446 αὐτοῦ.

2190 5489 2279 5541 46.
2321 5489 2453 5541 Τότε
2492 5489 2519 5540 6
2557 5486 2809 5556 βασιλεὺς
2850 5483 3317 5555 Ναϐουχοδονόσορ
3370 5482 3574 5536 ἔπεσεν
3607 5484 3697 5536 ἐπὶ

2120 5581 2433 5649 πρόσωπον,
2470 5578 2665 5647 καὶτῷ
2698 5576 2895 5647 Δανιὴλ
2935 5576 3327 5646 προσεκύνησε,
3376 5575 3475 5627 καὶ
3512 5575 3691 5645 μιαναά

2118 5670 2213 5724 καὶ
2237 5669 2459 5723 εὐωδίαν
2495 5665 2648 5722 εἶπεν
2677 5671 2916 5723 σπεῖσαι.
3694 5727 3699 5737 ι

2185 5763 2275 5817 47.
2317 5762 2425 5816 Kal.
2448 5762 2770 5831 ἀποκριθεὶς
2809 5761 2838 5814 6
2869 5759 3141 5832 βασιλεὺς,
3167 5752 3319 5811 εἶπεν
3357 5754 3437 5826 τῷ
3459 5752 3697 5823 Δανιήλί
