4390 6222
323 322 466 378 2849
1774 311 2005 368 CAPUT
2042 310 2057 366 1

1830 311 2005 368 APUT
2042 310 2129 368 lll.
3427 312 3564 367 2850

337 440 455 493 Ἐπ’
472 434 727 508 ἀληθείας
748 437 777 489 ό
799 434 931 498 Θεὸς
951 433 1105 503 ὑμῶν
1147 432 1306 497 αὐτὸς
1333 430 1593 496 tumeat;
1618 432 1775 495 θεῶν,
1809 435 1904 486 καὶ
1931 436 1977 492 Α
2005 432 2071 487 De

1826 435 1904 486 cal
1931 436 1977 492 Α
2005 432 2148 488 Deus
2185 440 2363 487 vester
2393 431 2507 500 ipse
2535 439 2620 486 est
2647 428 2789 485 Deus
2818 430 3043 487 deorum
3066 466 3082 493 ,
3112 439 3164 483 et
3199 427 3461 483 Dominus
3483 443 3560 482 γει

327 530 530 601 Κύριος
557 528 667 581 τῶν
707 526 994 598 βασιλέων,
1024 525 1119 580 καὶ
1160 524 1558 579 ἀποκαλύπτων
1610 525 1901 597 μυστήρια,
2001 542 2061 596 ευ

1834 543 1901 594 ια,
2001 541 2154 596 gum,
2187 533 2241 579 et
2272 526 2521 579 revelatis
2550 524 2841 595 mysteria;
2874 522 3131 592 quoniam
3160 521 3385 591 potuisti
3418 537 3568 575 reve-

325 604 701 692 ὅτνὲδυύήθης
726 619 1070 689 ἀποκαλύψαι
1103 618 1165 673 τό
1197 621 1494 691 μυστήριον
1513 619 1690 672 τοῦτο.
2002 615 2054 670 la

881 619 1070 689 αλύψαι
1103 618 1165 673 τό
1197 621 1494 691 μυστήριον
1513 619 1690 672 τοῦτο.
2002 615 2115 670 lare
2140 615 2461 685 mysterium
2492 614 2615 667 hoc.

402 712 488 766 ιε.
514 713 626 767 Kal
647 711 984 781 ἐμεγάλυνεν
1004 712 1033 764 6
1055 710 1310 781 βασιλεὺς
1340 711 1430 763 τὸν
1457 709 1674 781 Δανιὴλ,
1701 710 1795 763 καὶ
1821 708 1907 761 δό-
2072 706 2136 760 48

1832 708 1907 761 50'-
2072 706 2162 760 48.
2206 705 2272 759 Ει
2306 706 2670 775 magniticavit
2724 718 2821 757 rex
2875 701 3175 765 Danielem,
3228 710 3283 757 et
3338 714 3566 755 munera

2004 813 2201 869 magna
2239 806 2294 853 et
2323 797 2491 851 multa
2550 796 2694 850 dedit
2716 796 2764 849 ei
2794 813 2807 849 :
2847 801 2900 849 et
2929 793 3214 849 constituit
3243 808 3367 847 eum
3410 807 3573 859 super

2006 890 2316 946 universam
2351 889 2625 959 regionem
2645 885 2958 958 Babylonis,
2988 895 3042 939 ct
3073 884 3369 953 principem
3400 896 3573 938 satia-

2006 998 2221 1053 parum,
2245 991 2302 1038 et
2331 997 2492 1050 super
2522 995 2737 1035 onmem
2760 978 3095 1050 provinciam
3122 975 3434 1047 Babylonis.

332 820 480 876 ματα
512 802 729 874 μεγάλα.
786 802 881 856 καὶ
905 802 1075 855 πολλὰ
1096 801 1293 855 ἔδωκεν
1325 801 1494 873 αὐτῷ,
1525 802 1619 855 καὶ
1640 801 1908 871 κατέστη-

332 914 426 950 σεν
457 895 621 949 αὐτὸν
649 894 744 949 ἐπὶ
766 894 947 966 πάσης
967 894 1066 965 τῆς
1086 897 1269 966 χώρας
1300 894 1638 959 Βαϐυλῶνος,
1681 894 1775 946 καὶ
1806 894 1908 963 ἄρ-

329 1004 499 1059 χοντα
530 986 845 1059 σατραπῶν,
877 986 971 1040 καὶ
999 986 1095 1039 ἐπὶ
1120 985 1301 1057 πάσης
1321 984 1421 1056 τῆς
1451 985 1633 1057 χώρας
1656 983 1910 1037 Βαϐυλῶ-

330 1096 443 1142 νος.
773 1104 777 1109 “

406 1173 493 1228 49.
535 1171 648 1226 Kal
672 1170 869 1242 Δανιὴλ
898 1171 1138 1242 ᾐτήσατο
1167 1168 1318 1241 παρὰ
1362 1169 1455 1224 τοῦ
1495 1168 1779 1239 βασιλέως,
1815 1167 1911 1221 καὶ

334 1264 667 1335 κατέστησεν
700 1264 793 1317 ἐπὶ
844 1263 917 1317 τὰ
945 1263 1081 1333 ἔργα
1117 1264 1217 1333 τῆς
1262 1263 1444 1334 χώρας
1478 1262 1793 1326 Βαϐυλῶνος
1819 1262 1910 1314 τὸν

337 1355 566 1426 Σεδρὰχ,
607 1354 814 1424 Μισάχ,
877 1354 1221 1425 Ἀϐδεναγὼ’
1253 1356 1349 1409 καὶ
1394 1354 1592 1425 Δανιὴλ
1636 1350 1706 1426 ἦν
1754 1355 1812 1409 ὲν
1841 1356 1908 1425 τῇ

336 1446 476 1518 αὐλῇ
502 1445 597 1501 τοῦ
625 1445 908 1517 βασιλέως.

924 1537 1176 1591 ΚΕΦΑΛ.
1220 1536 1293 1590 Γθ.

418 1633 467 1686 I.
498 1633 693 1695 Ἔτους
713 1630 1182 1685 ὀκτωκαιδεκάτου
1214 1628 1684 1701 Ναϐουχοδονόσορ
1704 1630 1732 1682 6
1760 1628 1914 1699 βασι-

2080 1163 2170 1219 49.
2205 1160 2273 1217 Ει
2310 1160 2499 1215 Daniel
2527 1159 2822 1230 postulavit
2852 1174 2882 1212 a
2910 1172 3057 1228 rege,
3089 1167 3149 1212 et'
3171 1154 3454 1212 constituit
3485 1169 3579 1207 sus

2010 1272 2107 1327 per
2157 1270 2321 1326 opera
2379 1254 2673 1324 provincia:
2731 1251 3021 1322 Babylonis
3059 1246 3577 1315 Sedrach,Misarh,

2009 1348 2305 1419 Abdenago
2332 1366 2346 1403 :
2377 1355 2431 1401 et
2454 1346 2642 1401 Daniel
2676 1356 2792 1400 erat
2820 1346 2871 1398 in
2902 1344 3024 1399 aula
3050 1342 3212 1411 regis.

2615 1533 2843 1590 CAPUT
2899 1533 2987 1588 IIl.

2087 1629 2139 1685 1.
2172 1628 2331 1682 Anno
2357 1625 2569 1682 decimo
2602 1635 2795 1681 octavo
2822 1621 3327 1677 Nabuchodonosor
3371 1627 3462 1671 rex
3506 1615 3585 1668 tuo

343 1723 471 1788 λεὺς
508 1724 761 1795 ἐποίησεν
799 1723 984 1777 εἰκόνα
1042 1722 1246 1794 χρυσῆν
1272 1738 1285 1750 ·
1335 1720 1469 1790 ὕψος
1518 1720 1689 1790 αὐτῆς
1722 1718 1912 1790 πηχῶν
1950 1786 1989 1795 _
2021 1724 2069 1779 ci

1851 1718 1912 1771 ὒν
1950 1786 1989 1795 _
2021 1724 2096 1779 cit
2127 1722 2418 1792 imaginem
2470 1733 2733 1773 auream:
2780 1714 3013 1770 altitudo
3063 1711 3235 1782 ipsius
3277 1709 3585 1764 cubitorum

342 1786 629 1887 ἑξήκοντα,
652 1786 749 1867 καὶ
776 1809 932 1884 εὖρος
980 1786 1148 1882 αὐτὲις
1202 1786 1395 1884 πηχῶν
1424 1811 1483 1876 ἒξ
1502 1830 1517 1845 ο
1571 1786 1663 1865 καί
1690 1786 1918 1883 ἔστησεν
1950 1786 1994 1845 Β
2023 1831 2076 1872 se

1855 1827 1918 1865 ἐν
1950 1786 1994 1845 Β
2023 1786 2325 1887 sexaginta,
2349 1820 2403 1867 et
2430 1810 2656 1865 latitudo
2682 1809 2801 1879 ejus
2826 1806 3135 1861 cubitorum
3160 1818 3292 1867 sex;
3317 1810 3371 1855 et
3400 1799 3589 1854 statuit

349 1904 520 1977 αὐτὴν
548 1906 605 1957 ὲν
632 1904 799 1973 πεδίῳ
828 1904 1042 1974 Δεειρᾷ,
1065 1904 1122 1955 ὲν
1155 1902 1309 1974 χώρᾳ
1343 1901 1680 1965 Βαϐυλῶνος.
2020 1923 2081 1964 ea

1640 1918 1680 1965 ἱ·
2020 1923 2141 1964 eam
2174 1907 2228 1961 in
2259 1919 2453 1974 campo
2483 1902 2642 1957 Deira
2669 1902 2722 1955 in
2746 1898 3025 1970 provincia
3061 1894 3374 1965 Babylonis.

417 1998 472 2052 2.
502 1994 614 2051 Kal
639 1994 1112 2065 Ναϐουχοδονόσορ
1143 1994 1171 2047 6
1194 1993 1446 2063 βασιλεὺς
1472 1990 1760 2045 ἀπέστειλε
1793 2007 1922 2043 συν-
2092 1999 2148 2054 2,

1862 2007 1922 2043 ν·
2092 1999 2148 2054 2.
2192 1998 2256 2053 Et
2282 1996 2787 2052 Nabuchodonosor
2831 2006 2925 2046 rex
2962 1988 3110 2042 misit
3136 1987 3203 2040 ad
3254 1997 3592 2053 congregan-

346 2092 577 2158 αγαγεῖν
603 2087 808 2151 πάντας
834 2088 960 2151 τοὺς
990 2087 1251 2152 ὑπάτους,
1282 2086 1379 2139 καὶ
1406 2086 1532 2148 τοὺς
1561 2086 1922 2156 στρατηγοὺς,
2023 2094 2080 2149 dc

1857 2100 1922 2146 ’ςν
2023 2094 2125 2150 dos
2144 2108 2336 2149 omnes
2366 2089 2644 2155 consules,
2686 2095 2740 2141 et
2770 2085 2958 2148 duces,
3004 2090 3058 2135 et
3104 2077 3419 2148 toparchas,
3454 2093 3591 2147 prae-

347 2182 446 2237 καὶ
469 2182 596 2245 τοὺς
632 2181 935 2251 τοπάρχας,
963 2178 1323 2250 ἡγουμένους,
1358 2179 1455 2231 καὶ
1482 2175 1801 2247 τυράννους,
1830 2174 1926 2227 καὶ

348 2275 477 2338 τοὺς
526 2274 611 2325 ἐπ’
661 2271 942 2337 ἐξουσιῶν,
988 2271 1083 2324 καὶ
1126 2269 1337 2332 πάντας
1364 2269 1489 2332 τοὺς
1524 2268 1791 2339 ἄρχοντας
1817 2266 1927 2320 τῶν

352 2363 568 2437 χωρῶν,
596 2363 771 2416 ἐλθεῖν
797 2364 878 2425 εις
907 2361 975 2415 τὰ
995 2361 1248 2430 ἔγκαίνια
1266 2360 1363 2432 τῆς
1387 2360 1614 2425 εἰκόνος,
1636 2354 1703 2432 ἧς
1733 2359 1928 2429 ἔστησε

351 2455 828 2527 Ναϐουχοδονόσορ
856 2454 886 2507 6
925 2452 1196 2525 βασιλεύς.

428 2549 482 2603 3.
512 2549 624 2601 Kal
653 2545 996 2618 συνήχθησαν
1019 2545 1069 2598 οἱ
1101 2544 1395 2616 τοπάρχαι,
1434 2542 1651 2609 ὕπατοι,
1695 2559 1933 2614 στρατη-

353 2644 466 2714 γοὶ,
496 2642 810 2715 ἡγούμενοι,
841 2640 1094 2713 τύραννοι
1139 2639 1388 2710 μεγάλοι,
1443 2640 1491 2692 οἱ
1532 2638 1618 2691 ἐπ’
1647 2636 1928 2702 ἐξουσιῶν,

352 2736 452 2789 καὶ
481 2735 681 2797 πάντες
730 2734 778 2786 οί
811 2731 1069 2803 ἄρχοντες
1118 2731 1226 2785 τῶν
1262 2730 1476 2801 χωρῶν,
1507 2729 1601 2783 τοῦ
1650 2728 1822 2781 ἐλθεῖν
1854 2730 1935 2789 εἰς

355 2828 451 2881 τὸν
476 2824 828 2897 ὲγκαινισμδν
854 2824 951 2895 τῆς
999 2823 1225 2890 εἰκόνος,
1260 2818 1326 2893 ἧς
1365 2823 1558 2892 ἔστησε
1603 2820 1936 2891 Ναϐουχοδο-

355 2918 518 2987 νόσορ
539 2918 568 2969 6
601 2914 884 2986 βασιλεύςο
916 2913 1010 2967 καὶ
1042 2914 1388 2983 είστήκεισαν
1409 2912 1636 2966 ἐνώπιον
1665 2912 1765 2982 τῆς
1794 2911 1937 2965 εἰκό-

359 3027 473 3075 νος,
503 3004 572 3081 ἦς
601 3006 828 3074 ἔστησεν
855 3007 884 3060 ό
917 3005 1407 3077 Ναϐουχοδονόσορ.

2025 2185 2221 2251 fectos,
2251 2193 2305 2241 et
2328 2193 2612 2256 tyrannos,
2662 2187 2716 2233 et
2748 2192 2863 2243 eos,
2921 2171 3016 2246 qui
3056 2183 3212 2229 erant
3264 2173 3318 2227 in
3359 2178 3597 2241 potesta-

2026 2279 2175 2334 tibus
2203 2276 2506 2339 constituti,
2559 2281 2615 2328 et
2647 2285 2838 2326 omnes
2887 2269 3159 2340 principes
3203 2266 3508 2337 regionum,
3539 2272 3600 2318 ut

2028 2371 2279 2425 venirent
2312 2369 2379 2422 ad
2413 2364 2808 2422 dedicationem
2838 2360 3117 2432 imaginis,
3151 2374 3313 2428 quam
3338 2366 3603 2413 statuerat

2030 2460 2534 2517 Nabuchodonosor
2570 2472 2685 2513 rex.

2100 2555 2155 2609 '5.
2188 2553 2255 2608 Et
2286 2549 2599 2621 congregati
2630 2557 2757 2605 sunt
2802 2548 3100 2619 toparchte,
3120 2542 3601 2607 consules,duces,

2033 2643 2295 2715 prmfecti,
2328 2642 2543 2714 tyranni
2569 2640 2770 2711 magni,
2804 2642 2896 2711 qui
2925 2650 3084 2696 erant
3113 2640 3167 2693 in
3192 2645 3457 2709 potestate
3472 2649 3605 2689 con-

2035 2737 2235 2799 stituti,
2262 2743 2316 2790 et
2338 2750 2527 2790 omnes
2554 2734 2825 2803 principes
2854 2733 3162 2803 regionum,
3200 2728 3604 2784 utvenirentad

2037 2829 2436 2884 dedicationem
2472 2826 2760 2895 imaginis,
2796 2839 2958 2895 quam
3006 2831 3272 2879 statuerat
3316 2819 3609 2875 Nabucbo-
3668 2865 3689 2893 ,

2037 2922 2276 2977 donosor
2310 2936 2402 2973 rex
2443 2936 2456 2971 :
2492 2928 2545 2973 et
2590 2926 2860 2973 steterunt
2902 2916 2956 2970 in
2997 2925 3291 2985 couspectu
3332 2914 3607 2985 imaginis.

2040 3028 2201 3083 quam
2232 3021 2496 3067 statuerat
2521 3009 3051 3064 Nabuchodonosor.

432 3102 487 3157 4.
519 3101 630 3155 Kal
651 3103 679 3155 6
703 3098 878 3171 κήρυξ
910 3099 1039 3153 ἐϐόα
1063 3100 1121 3153 ὲν
1148 3097 1318 3169 ίσχύῖ’
1337 3098 1498 3168 Ὑμῖν
1523 3097 1763 3166 λέγεται,
1784 3094 1933 3167 ἔθνη,
1964 3143 2008 3202 C
2109 3104 2163 3157 4.

1876 3112 1933 3167 η,
1964 3143 2008 3202 C
2109 3104 2163 3157 4.
2184 3102 2250 3156 Et
2283 3117 2457 3171 praeco
2485 3101 2756 3155 clamabat
2785 3098 2997 3154 valide:
3035 3096 3203 3153 Vobis
3228 3096 3449 3162 dicitur,
3480 3112 3610 3166 gen-

358 3194 505 3259 λαοὶ,
535 3192 722 3263 φυλαὶ,
751 3191 1016 3262 γλῶσσαι.
1714 3248 1717 3249 ν

430 3286 487 3341 5.
517 3279 597 3358 ᾟ
629 3284 695 3339 ἂν
738 3283 857 3356 ῶρᾳ
885 3282 1156 3354 ἀκούσητε
1195 3284 1378 3356 φωνῆς
1409 3283 1726 3352 σάλπιγγος,
1754 3282 1943 3355 σύριγ-

363 3376 464 3447 γός
497 3394 558 3432 τε
590 3376 687 3430 καὶ
731 3374 984 3449 κιθάρας,
1034 3375 1342 3446 σαμϐύκης,
1382 3377 1478 3430 καὶ
1501 3376 1821 3447 ψαλτηρίου,
1848 3375 1944 3429 καὶ

364 3465 707 3538 συμφωνίας,
750 3466 846 3519 καὶ
872 3464 1075 3528 παντὸς
1102 3466 1296 3533 γένους
1330 3467 1625 3535 μουσικῶν,
1654 3466 1943 3530 πίπτοντες

364 3558 722 3631 προσκυνεῖτε
774 3559 842 3627 τῇ
879 3557 1047 3610 εἰκόνι
1071 3560 1139 3629 τῇ
1166 3560 1365 3629 χρυσῇ,
1388 3558 1455 3629 ἢν
1481 3557 1707 3630 ἔστησεν
1732 3558 1945 3612 Ναϐου-

365 3650 648 3723 χοδονόσορ
675 3649 704 3701 6
726 3646 998 3718 βασιλεύς.

439 3737 495 3793 6.
539 3739 653 3792 Kal
695 3738 757 3803 ὃς
805 3738 900 3792 ἐὰν
944 3737 1020 3810 μὴ
1053 3736 1235 3792 πεσὼν
1289 3741 1667 3813 προσκυνήσῃ,
1703 3742 1841 3814 αὐτῇ
1875 3744 1942 3813 τῇ

367 3833 489 3905 ῶρᾳ
517 3830 846 3904 βληθήσεται
866 3832 945 3895 εἰς
971 3833 1071 3905 τὴν
1100 3832 1329 3903 κάμινον
1355 3833 1449 3888 τοῦ
1474 3835 1642 3907 πυρὸς
1670 3835 1769 3907 τὴν
1792 3854 1944 3890 καιο-

376 3925 565 3998 μένην.
1934 3946 1937 3949 λ

444 4018 497 4073 7.
531 4018 640 4075 Kal
673 4015 891 4086 ἐγένετο
920 4016 1009 4070 ὅτε
1032 4017 1229 4088 ἤκουον
1264 4018 1315 4071 οί
1352 4018 1473 4072 λαοὶ
1497 4018 1599 4087 τῆς
1633 4020 1815 4090 φωνῆς
1846 4022 1946 4093 τῆς

372 4108 695 4179 σάλπιγγος,
729 4107 990 4180 σύριγγός
1015 4126 1074 4162 τε
1100 4111 1197 4163 καὶ
1240 4108 1496 4181 κιθάρας,
1521 4113 1829 4183 σαμϐύκης,
1850 4114 1946 4168 καὶ

370 4200 694 4273 ψαλτηρίου,
725 4200 821 4255 καὶ
849 4200 1188 4270 συμφωνίας,
1212 4202 1310 4254 καὶ
1346 4202 1547 4267 παντὸς
1591 4204 1782 4273 γένους
1814 4222 1947 4277 μου-

375 4293 564 4359 σικῶν,
586 4293 876 4356 πίπτοντες
897 4294 947 4345 οἱ
975 4293 1115 4359 λαοὶ,
1140 4293 1342 4363 φυλαὶ,
1376 4294 1637 4364 γλῶσσαι,
1679 4298 1947 4367 προσεκύ-

374 4402 499 4439 νουν
518 4386 583 4456 τῇ
611 4386 778 4439 εἰκόνι
808 4386 875 4456 τῇ
906 4387 1103 4456 χρυσῇ,
1131 4385 1197 4456 ἢν
1222 4385 1448 4457 ἔστησεν
1476 4388 1945 4464 Ναϐουχοδονόσορ

373 4480 403 4531 6
434 4477 707 4549 βασιλεὺς,
733 4476 1019 4531 κατέναντι
1043 4478 1251 4531 τούτου.

445 4573 501 4627 8.
529 4571 663 4624 Τότε
693 4568 996 4641 προσῆλθον
1034 4570 1227 4641 ἄνδρες
1247 4570 1535 4640 Χαλδαῖοι,
1578 4573 1675 4628 καὶ
1703 4572 1947 4632 διέϐαλον

375 4661 502 4723 τοὺς
540 4660 839 4725 Ἰουδαίους.
1084 4692 1087 4693 ν

448 4750 503 4806 9.
537 4753 650 4806 Kal.
685 4752 1075 4823 ἀποκριθέντες
1119 4750 1271 4806 εἶπον
1316 4752 1396 4824 τῷ
1432 4754 1643 4825 βασιλεῖ
1677 4757 1949 4830 Ναϐουχο-

377 4840 621 4914 δονόσορ⁶
666 4840 915 4908 Βασιλεῢ,
953 4845 1031 4907 είς
1055 4843 1179 4906 τοὺς
1205 4842 1565 4915 αἰῶναςξῆθι.

453 4931 650 4996 10.Σὺ,
669 4930 912 5001 βασιλεῦ,
941 4932 1142 5003 ἔθηκας
1161 4932 1359 5003 δόγμα,
1382 4934 1560 4989 πάντα
1576 4935 1879 5009 ἄνθρωπον,
1892 4940 1952 5001 ὃς

382 5022 451 5076 ἃν
478 5021 686 5093 ἀκούσῃ
723 5023 823 5093 τῆς
864 5024 1047 5094 φωνῆς
1075 5025 1174 5095 τῆς
1226 5024 1546 5093 σάλπιγγος,
1580 5028 1839 5100 σύριγγός
1891 5052 1951 5087 τε

382 5114 479 5167 καὶ
505 5112 759 5185 κιθάρας,
796 5115 1082 5186 σαμϐύκης
1107 5132 1167 5169 τε
1209 5117 1305 5170 καὶ
1337 5118 1658 5189 ψαλτηρίου,
1689 5124 1785 5175 καὶ
1817 5141 1953 5195 συμ-

383 5202 610 5271 φωνίας,
654 5202 751 5257 καὶ
775 5203 978 5267 παντὸς
1007 5204 1198 5273 γένους
1225 5208 1522 5277 μουσικῶν,
1554 5214 1818 5277 πεσεῖται,
1859 5218 1952 5270 καὶ

383 5294 750 5363 προσκυνήσει
770 5296 835 5364 τῇ
870 5294 1038 5348 εικόνι
1064 5298 1130 5367 τῇ
1161 5299 1354 5368 χρυσῇ.

456 5385 543 5439 Η.
574 5386 684 5440 Kal
719 5385 778 5450 ὃς
812 5386 908 5440 ὲὰν
949 5387 1023 5459 μὴ
1049 5388 1229 5443 πεσὼν
1271 5392 1644 5466 προσκυνήσῃ.
1676 5394 1952 5470 ἐμϐληθή-

386 5492 538 5529 σεται
564 5478 644 5541 είς
667 5476 767 5549 τὴν
787 5478 1014 5549 κάμινον
1042 5480 1134 5533 τοῦ
1163 5481 1331 5553 πυρὸς
1356 5482 1456 5554 τὴν
1492 5484 1809 5557 καιομένην.

458 5566 545 5622 12.
578 5568 731 5623 Είσὶν
778 5565 870 5624 οὖν
922 5571 1111 5637 ἄνδρες
1143 5571 1406 5640 Ἰουδαῖοι,
1461 5573 1552 5638 οὓς
1612 5578 1954 5649 κατέστησας

385 5657 479 5710 ἰπὶ
510 5658 577 5711 τὰ
613 5659 749 5731 ἔργα
776 5661 873 5732 τῆς
896 5660 1078 5733 χώρας
1115 5661 1452 5733 Βαϐυλῶνος,
1487 5665 1710 5739 Σεδρὰχ,
1742 5669 1948 5740 Μισάχ,

397 5749 705 5823 Ἀϐδεναγώ
726 5770 741 5785 ·
780 5754 829 5813 οἱ
883 5754 1075 5827 ἄνδρες
1118 5756 1319 5812 ἐκεῖνοι
1362 5757 1461 5830 οὐχ
1516 5759 1830 5833 ὑπήκουσαν
1873 5762 1952 5832 τῷ

2043 3206 2144 3260 tes,
2173 3194 2378 3265 populi,
2404 3193 2577 3248 tribus
2601 3201 2657 3247 et
2682 3192 2898 3262 linguae.

2111 3288 2165 3343 5.
2207 3285 2560 3354 Quacumque
2583 3284 2719 3338 hora
2777 3281 3065 3338 audieritis
3120 3296 3310 3336 vocem
3360 3281 3528 3345 tulm,
3562 3291 3615 3335 et

2042 3381 2238 3437 ﬁstulae
2265 3388 2318 3433 et
2349 3378 2595 3440 citharae,
2626 3375 2935 3437 sambucae,
2987 3382 3043 3429 et
3078 3374 3347 3444 psalterii,
3383 3382 3438 3427 et
3470 3388 3613 3443 sym.

2042 3475 2279 3546 phoniae,
2314 3483 2368 3526 et
2410 3471 2592 3525 omnis
2646 3469 2861 3540 generis
2918 3468 3257 3523 musicorum
3287 3507 3302 3532 ,
3356 3467 3612 3521 cadentes

2042 3568 2268 3622 adorato
2299 3565 2591 3635 imaginem
2625 3577 2848 3618 auream
2872 3577 3035 3632 quam
3077 3561 3269 3616 statuit
3325 3559 3613 3619 Nabucho-

2043 3657 2284 3713 donosor
2312 3671 2428 3710 rex.

2114 3748 2167 3803 6.
2208 3747 2555 3817 Quicumque
2580 3759 2761 3802 autem
2791 3764 2899 3803 non
2931 3748 3131 3803 cadens
3162 3748 3491 3815 adoraverit,
3520 3765 3615 3805 ea-

2043 3840 2165 3896 dem
2196 3840 2331 3895 hora
2366 3840 2609 3894 mittetur
2634 3840 2685 3893 in
2709 3838 2982 3894 fornacem
3013 3840 3151 3910 ignis
3173 3840 3476 3896 ardentem.

2121 4023 2173 4077 Ἰ.
2214 4021 2281 4076 Et
2310 4020 2514 4076 factum
2544 4028 2649 4085 est,
2683 4019 2901 4091 quando
2955 4018 3254 4075 audiebant
3309 4021 3493 4092 populi
3524 4036 3619 4074 τος

2045 4130 2162 4170 cem
2188 4114 2352 4177 tubae,
2380 4122 2434 4168 et
2463 4113 2678 4175 fistulae.
2709 4122 2763 4168 et
2788 4113 3031 4177 cithara,
3064 4113 3359 4177 sambucas,
3388 4121 3442 4167 et
3472 4115 3618 4183 psal-

2048 4208 2190 4273 terti,
2229 4213 2284 4260 et
2312 4206 2675 4277 symphoniae,
2698 4215 2753 4259 et
2788 4204 2969 4259 omnis
2998 4205 3211 4274 generis
3257 4206 3616 4269 musicorum,

2045 4298 2300 4352 cadentes
2321 4296 2527 4367 populi,
2554 4296 2752 4359 tribus,
2779 4295 2976 4365 linguae
2996 4295 3298 4350 adorabant
3328 4297 3617 4367 imaginem

2045 4405 2266 4446 auream
2299 4432 2315 4457 ,
2356 4405 2524 4460 quam
2576 4397 2843 4444 statuerat
2886 4387 3395 4445 Nabuchodonosor
3437 4406 3531 4445 rex
3566 4393 3619 4445 in

1975 4490 2021 4546 D
2049 4492 2340 4550 conspectu
2379 4483 2570 4553 ipsius.

2120 4574 2173 4629 8.
2216 4573 2372 4629 Tunc
2393 4580 2741 4631 accesserunt
2796 4572 2896 4627 viri
2936 4574 3195 4643 Chaldmi,
3252 4587 3305 4632 et
3335 4591 3623 4632 accusave-

2050 4675 2185 4723 runt
2210 4664 2448 4722 Iudaeos.

2123 4759 2178 4816 9.
2220 4758 2286 4812 Et
2314 4759 2705 4828 respondentes
2731 4759 2989 4815 dixerunt
3019 4761 3133 4832 regi
3186 4758 3622 4817 Nabuchodono-

2052 4850 2335 4914 sor:Rex,
2374 4851 2426 4904 in
2462 4852 2645 4906 secula
2670 4852 2812 4907 vive.

2125 4941 2213 4996 10.
2236 4938 2342 5001 Tu.
2374 4956 2493 5004 rex,
2526 4941 2759 5011 posuisti
2791 4941 3091 5005 decretum,
3131 4949 3192 4995 ut
3219 4943 3397 4996 omnis
3434 4942 3621 5002 homo.
3651 4990 3658 4996 .

2053 5037 2385 5106 quicumque
2408 5033 2641 5087 audierit
2672 5048 2856 5087 vocem
2874 5034 3035 5097 tubaa,
3057 5042 3110 5087 et
3135 5034 3415 5095 ﬁstulae.et
3445 5034 3591 5088 citba
3608 5065 3625 5074 -
3653 5022 3656 5025 ’

2055 5142 2148 5189 rae,
2180 5136 2235 5179 et
2263 5126 2559 5185 sambucat,
2587 5132 2641 5179 et
2670 5124 2936 5192 psalterii,
2968 5133 3024 5178 et
3054 5125 3408 5194 symphonias,
3429 5131 3484 5177 et
3509 5138 3626 5177 om-

2057 5220 2143 5273 nis
2169 5217 2381 5287 generis
2406 5216 2765 5283 musicorum,
2795 5214 2977 5281 cadat,
3031 5224 3087 5269 et
3110 5215 3298 5270 adoret
3332 5215 3623 5284 imaginem

2057 5321 2305 5361 auream.

2129 5401 2217 5453 11.
2261 5399 2329 5453 Ει
2357 5397 2690 5467 quicumque
2722 5411 2831 5452 non
2858 5396 3061 5452 cadens
3086 5396 3412 5457 adoraverit.
3440 5396 3628 5450 mitte-

2057 5501 2147 5546 tur
2178 5492 2231 5545 iu
2256 5490 2530 5545 fornacem
2559 5488 2701 5558 ignis
2726 5489 3028 5543 ardentem.

2129 5584 2218 5637 12.
2263 5581 2591 5652 Suntigitur
2612 5581 2713 5636 viri
2744 5578 2937 5647 Judaei,
2983 5596 3124 5652 quos
3162 5582 3492 5637 constituisti
3536 5600 3631 5637 su-

2059 5692 2153 5746 per
2183 5690 2348 5745 opera
2398 5675 2638 5745 regionis
2696 5672 3007 5744 Babylonis,
3074 5674 3334 5740 Sedrach,
3396 5674 3627 5737 Μίδαι-ὴ,

2055 5766 2348 5834 Abdcnago
2373 5785 2386 5822 :
2423 5766 2524 5822 viri
2554 5764 2631 5822 illi
2662 5779 2768 5821 non
2795 5764 3117 5825 obedierunt
3145 5768 3363 5826 decreto
3389 5779 3479 5827 tuo
3505 5786 3618 5836 rex,
