4390 6222
918 357 1054 414 2851

1987 337 2240 393 DANIEL
2276 337 2351 390 ΙΙ]
2364 335 2506 390 ΧΊἈ
2534 332 3089 392 THEODOTIONEM

4005 322 4166 377 285?.

912 488 966 530 ct
987 475 1121 529 deos
1147 481 1268 527 tuos
1293 484 1399 524 non
1421 466 1628 528 colunt,
1655 471 1709 518 et
1737 458 2024 530 imaginem
2053 468 2476 524 anream,quam
2503 456 2551 513 Α
2576 451 2646 504 δό-

2433 468 2476 508 ω
2503 456 2551 513 Α
2576 449 2805 521 δόγματί
2833 468 2949 517 σου,
2984 446 3224 521 βασιλεῦ,
3255 445 3347 500 καὶ
3368 442 3638 507 τοῖς³θεοῖς
3655 459 3751 495 σου
3770 441 3830 494 οὐ
3860 439 4167 510 λατρεύου-

913 563 1175 630 statuisti,
1200 575 1308 616 non
1333 558 1580 615 adorant.

985 739 1074 793 15.
1133 734 1290 790 Tunc
1352 729 1856 786 Nabuchodonosor
1920 723 1976 778 in
2024 722 2208 778 furore
2284 726 2339 773 et
2401 715 2485 771 ira

917 829 1074 893 dixit,
1103 837 1162 881 ut
1190 825 1524 880 adducerent
1583 819 1853 882 Sedrach,
1893 814 2140 877 Misach,
2197 818 2250 866 et
2305 809 2485 863 Abde-

919 936 1061 991 nago
1093 938 1108 974 :
1138 929 1192 974 et
1221 917 1320 970 viri
1350 916 1425 969 illi
1460 912 1678 968 adducti
1704 919 1833 965 sunt
1858 909 1912 962 in
1936 915 2224 975 conspectu
2256 902 2418 970 regis.

992 1013 1080 1067 H.
1125 1011 1190 1065 Et
1213 1007 1493 1077 respondit
1533 1001 2052 1062 Nabuchodonosor,
2102 1005 2157 1050 et
2197 993 2332 1048 dixit
2369 991 2484 1048 eis:

918 1109 1002 1161 An
1037 1120 1164 1159 vere
1192 1102 1456 1163 Sedrach,
1490 1096 1721 1161 Misach,
1761 1100 1816 1148 et
1840 1092 2135 1158 Abdenago
2171 1087 2304 1141 deos
2333 1097 2486 1138 meos

919 1215 1026 1253 non
1059 1197 1239 1251 colitis
1259 1232 1274 1259 ,
1306 1202 1359 1247 et
1387 1191 1676 1261 imaginem
1699 1199 1941 1248 auream,
1968 1196 2131 1253 quam
2159 1177 2348 1244 statui,
2377 1191 2487 1230 non

919 1284 1196 1342 adoratis?

992 1378 1080 1431 15.
1121 1374 1276 1428 Nunc
1301 1386 1431 1442 ergo
1461 1369 1507 1424 si
1536 1366 1667 1422 estis
1695 1364 1891 1435 parati,
1931 1371 1992 1417 ut
2035 1361 2090 1415 in
2143 1367 2490 1429 quocumque

921 1481 1164 1536 tempore
1201 1462 1485 1519 audieritis
1511 1473 1698 1514 vocem
1736 1457 1899 1520 tubae,
1950 1463 2004 1509 et
2042 1451 2236 1507 fistulae
2259 1491 2275 1516 ,
2328 1458 2376 1503 et
2411 1448 2490 1501 ci-

921 1560 1128 1624 tharae,
1169 1556 1475 1616 sambucae,
1517 1560 1570 1606 et
1599 1547 1836 1621 psalterii
1864 1587 1879 1612 ,
1915 1552 1969 1599 et
2011 1540 2347 1614 symphonia:
2372 1577 2388 1602 ,
2436 1545 2491 1591 et

920 1651 1102 1704 omnis
1131 1646 1345 1717 generis
1381 1642 1738 1705 musicorum,
1774 1636 2030 1691 cadentes
2077 1629 2315 1686 adoretis
2346 1628 2487 1682 ima-

923 1742 1126 1810 ginem,
1151 1752 1315 1806 quam
1369 1733 1470 1788 feci
1516 1746 1531 1784 :
1569 1728 1714 1801 quod
1750 1727 1797 1782 si
1833 1741 1941 1780 non
1981 1718 2361 1781 adoraveritis,
2396 1730 2486 1770 ea-

2583 560 2657 609 σι,
2690 543 2786 596 καὶ¹
2820 545 2889 614 τῇ
2919 542 3087 596 είκόνι
3129 542 3197 611 τῇ
3232 539 3407 610 χρυσῇ
3452 531 3486 611 ᾖ
3516 535 3769 606 ἑστησας,
3820 531 3880 585 οὐ
3911 546 4170 602 προσκυ-

2582 638 2754 689 νοῡσι.
4181 638 4184 639 ⁷

2654 725 2742 781 15.
2783 725 2917 778 Τότε
2948 721 3414 794 Ναϐουχοδονόσορ
3441 719 3497 772 ἐν
3526 717 3680 789 θυμῷ
3701 716 3795 770 καὶ
3836 713 3972 788 ὀργῇ
4005 707 4171 765 εἶπεν

2584 815 2814 885 ἀγαγεῖν
2837 816 2929 869 τὸν
2953 815 3184 885 Σεδρὰχ,
3213 813 3430 882 Μισάχ,
3463 809 3560 864 καὶ
3596 807 3904 875 Ἀϐδεναγώ
3923 824 3937 839 ο
3981 806 4082 859 καὶ
4114 805 4169 856 οἱ

2585 909 2774 981 ἄνδρες
2803 909 3000 961 ἐκεῖνοι
3028 905 3273 977 1ἤχθησαν
3298 902 3525 958 ἐνώπιον
3555 901 3646 954 τού
3682 899 3963 970 βασιλέως.

2656 997 2743 1052 14.
2777 998 2886 1050 Kal
2908 994 3178 1067 ἀπεκρίθη
3218 991 3715 1061 Ναϐουχοδονόσορ,
3757 991 3851 1044 καὶ
3877 985 4032 1041 εἶπεν
4065 988 4171 1042 αὑ-

2585 1089 2698 1152 τοῖς
2718 1105 2731 1118 ·
2759 1087 2822 1141 Εἰ
2844 1086 3060 1157 ἀληθῶς
3088 1085 3315 1156 Σεδράχ,
3347 1082 3551 1151 Μισαχ,
3579 1083 3672 1135 καὶ
3725 1078 4031 1146 Ἀϐδεναγώ
4048 1079 4172 1141 τοῖς

2589 1182 2732 1244 θεοῖς
2769 1198 2870 1252 μου
2905 1181 2964 1232 οὐ
3001 1177 3314 1250 λατρεύετε,
3349 1177 3445 1230 καὶ
3486 1178 3552 1246 τῇ
3595 1174 3762 1227 είκόνι
3792 1175 3859 1244 τῇ
3889 1174 4087 1243 χρυσῇ,
4132 1163 4172 1243 ᾗ

2591 1272 2815 1342 έστησα,
2847 1272 2907 1325 ού
2943 1271 3300 1342 προσκυνεῖτε
3323 1287 3336 1334 ;

2660 1362 2750 1416 15.
2780 1360 2896 1415 Νῦν
2920 1358 3012 1415 οὖν
3041 1363 3088 1414 εἰ
3123 1361 3270 1432 ἔχετε
3305 1359 3554 1430 ἑτοίμως,
3583 1358 3672 1411 ἴνα
3699 1356 3772 1421 ὡς
3803 1356 3869 1410 ἂν
3891 1354 4174 1424 ἀκούσητε

2588 1457 2689 1526 τῆς
2715 1454 2899 1525 φωνῆς
2919 1453 3018 1523 τῆς
3043 1453 3362 1520 σάλπιγγος,
3388 1449 3645 1520 σύριγγός
3688 1465 3748 1500 τε
3779 1449 3876 1501 καὶ
3909 1446 4172 1513 κιθάρας,

2591 1545 2888 1616 σαμϐύκης
2935 1561 2996 1596 τε
3023 1545 3122 1598 καὶ
3149 1542 3447 1614 ψαλτηρίου
3475 1582 3490 1607 ,
3545 1542 3636 1596 καὶ
3684 1539 4019 1610 συμφωνίας,
4070 1537 4175 1589 καὶ

2589 1637 2790 1701 παντὸς
2834 1636 3028 1705 γένους
3070 1635 3366 1706 μουσικῶν,
3418 1633 3673 1696 πεσόντες
3711 1633 4066 1704 προσκυνεῖτε
4097 1632 4172 1699 τῇ

2591 1729 2782 1794 εἰκόνι,
2871 1728 3133 1798 ἐποίησα·
3177 1727 3269 1780 ἐὰν
3306 1727 3362 1778 δὲ
3400 1726 3476 1798 μὴ
3502 1725 3948 1797 προσκυνήσητε,
3991 1721 4173 1791 ταύτῃ

920 1833 1046 1888 dem
1075 1833 1208 1886 hora
1235 1826 1521 1882 mittemini
1572 1826 1627 1878 in
1682 1821 1961 1876 fornacem
1997 1813 2137 1884 ignis
2166 1809 2485 1865 ardentem:
2521 1789 2564 1847 Β
2589 1824 2654 1893 τῇ

2440 1826 2446 1860 ι
2471 1825 2485 1861 ε
2521 1789 2564 1847 Β
2589 1824 2656 1893 τῇ
2679 1789 2798 1893 ὥρα
2817 1789 3238 1892 ⁸ἐμϐληθήσεσθε
3267 1821 3346 1882 είς
3367 1789 3476 1890 τίῆν,
3490 1789 3718 1886 κάμινον
3746 1789 3852 1870 τοῦ⁷
3875 1815 4048 1887 πυρὸς
4066 1789 4174 1885 τὴν

921 1933 977 1980 ct
1013 1924 1140 1994 quis
1160 1930 1245 1977 est
1266 1920 1429 1985 Deus,
1470 1916 1563 1988 qui
1595 1913 1789 1983 eripiet
1809 1923 1907 1964 vos
1942 1908 2010 1962 de
2038 1903 2292 1959 manibus
2313 1897 2490 1954 meis?

993 2102 1082 2159 16.
1129 2100 1192 2155 Et
1231 2095 1631 2168 responderunt
1664 2089 1926 2153 Sedrach,
1960 2086 2184 2148 Misach,
2222 2092 2278 2139 et
2308 2081 2490 2138 Abde-

926 2206 1084 2260 nago,
1115 2196 1170 2242 et
1199 2187 1458 2241 dixerunt
1484 2179 1990 2237 Nabuchodonosor
2013 2176 2127 2245 regi
2167 2194 2180 2229 :
2212 2172 2330 2228 Non
2353 2185 2492 2242 opus

926 2283 1188 2337 habemus
1217 2294 1318 2335 nos
1344 2276 1414 2332 de
1442 2275 1609 2330 verbo
1633 2273 1737 2327 hoc
1763 2269 2092 2339 respondere
2122 2265 2245 2320 tibi.

996 2465 1085 2520 17.
1125 2461 1222 2517 Est
1247 2461 1393 2516 enim
1445 2456 1590 2513 Deus
1626 2463 1813 2512 noster
1869 2453 1925 2508 in
1973 2451 2145 2512 coelo,
2198 2462 2360 2519 quem
2393 2460 2495 2502 nos

925 2558 1180 2620 colimus,
1230 2563 1427 2624 potens
1483 2549 1694 2619 eripere
1727 2561 1827 2601 nos
1873 2545 1941 2599 de
1977 2542 2200 2599 fornace
2231 2540 2372 2610 ignis
2405 2553 2494 2592 ar-

925 2653 1108 2713 dente,
1136 2656 1192 2703 et
1217 2648 1284 2702 de
1323 2643 1579 2700 manibus
1605 2640 1738 2707 tuis,
1772 2653 1806 2693 o
1831 2651 1949 2700 rex,
1980 2633 2234 2690 liberabit
2266 2645 2387 2686 nos.

998 2829 1088 2885 18.
1131 2827 1195 2882 Et
1221 2825 1270 2882 si
1298 2841 1428 2893 non,
1456 2832 1645 2879 notum
1684 2821 1755 2877 sit
1785 2819 1904 2883 tibi,
1936 2834 1969 2873 o
2012 2832 2142 2881 rex,
2191 2813 2320 2885 quia
2371 2813 2500 2868 deos

929 2934 1056 2978 tuos
1095 2936 1202 2974 non
1236 2917 1492 2980 colimus,
1523 2923 1579 2970 et
1616 2912 1908 2983 imaginem
1935 2923 2182 2972 auream,
2211 2921 2372 2977 quam
2391 2914 2503 2960 sta-

932 3013 1103 3077 tuisti,
1139 3027 1250 3066 non
1274 3009 1586 3064 adoramus.

1002 3109 1090 3164 19.
1131 3105 1287 3160 Tunc
1315 3101 1812 3158 Nabuchodonosor
1843 3095 2081 3166 repletus
2113 3099 2194 3147 est
2223 3091 2424 3154 furore,
2447 3095 2500 3144 et
2526 3118 2573 3181 ο

927 3208 1182 3272 aspectus
1208 3196 1363 3252 [aciei
1395 3195 1541 3250 illius
1580 3193 1900 3247 immutatus
1933 3198 2015 3242 est
2045 3200 2209 3255 super
2235 3182 2495 3244 Sedrach,

929 3293 1156 3359 Misach,
1184 3291 1508 3357 Abdenago,
1533 3294 1588 3340 et
1620 3283 1758 3338 dixit
1798 3299 1814 3336 :
1851 3278 2174 3335 Succendite
2221 3275 2499 3330 fornacem

930 3385 1263 3458 septuplum,
1295 3381 1469 3436 donec
1499 3381 1553 3432 in
1588 3379 1750 3431 tinem
1793 3374 2004 3428 ardeat.

999 3477 1090 3532 20.
1135 3474 1200 3529 Et
1229 3474 1362 3528 viris
1392 3469 1634 3526 robustis
1658 3465 1974 3520 fortitudine
1995 3460 2154 3525 dixit,
2184 3467 2243 3512 ut
2270 3457 2500 3526 ligantes

932 3567 1192 3633 Sedrach,
1225 3563 1453 3625 Misach,
1488 3570 1542 3616 et
1571 3558 1884 3626 Abdenago,
1930 3553 2208 3609 mitterent
2232 3551 2286 3606 in
2313 3549 2500 3604 forna-

930 3678 1049 3719 cem
1081 3660 1220 3731 ignis
1259 3658 1563 3712 ardentem.

1002 3747 1091 3801 21.
1133 3746 1288 3799 Tunc
1316 3743 1393 3797 illi
1419 3741 1523 3796 viri
1557 3741 1724 3796 vincti
1749 3747 1876 3796 sunt
1900 3752 2024 3794 cum
2058 3733 2333 3791 sarabaris
2363 3731 2499 3792 suis,

930 3849 985 3895 et
1010 3838 1186 3903 tiaris,
1225 3844 1280 3890 et
1307 3834 1605 3899 tibialibus,
1637 3843 1690 3887 et
1715 3830 2053 3886 vestimentis
2079 3827 2196 3883 suis
2219 3865 2234 3894 ,
2267 3835 2319 3880 et
2347 3822 2501 3878 missi

933 3928 1129 3985 suntin
1154 3925 1391 3982 medium
1413 3925 1652 3980 fornacis
1681 3923 1820 3994 ignis
1851 3921 2112 3976 ardentis.

1001 4120 1096 4174 22.
1135 4115 1269 4171 Nam
1298 4111 1525 4168 verbum
1556 4109 1700 4179 regis
1747 4106 1974 4177 urgebat
2012 4121 2028 4159 :
2065 4111 2120 4160 et
2159 4102 2351 4158 fornax
2378 4118 2502 4159 suc-

935 4226 1100 4268 censa
1128 4215 1249 4264 erat
1281 4205 1464 4261 nimis.
1491 4200 1559 4256 Et
1588 4202 1734 4256 viros
1781 4199 1926 4261 illos,
1981 4196 2076 4266 qui
2111 4203 2503 4249 accusaverant

937 4301 1200 4362 Sedrach,
1227 4297 1455 4359 Misach,
1476 4304 1532 4350 et
1551 4290 1865 4360 Abdenago,
1891 4286 2162 4344 interfecit
2176 4300 2268 4342 eos
2283 4285 2501 4341 llannna

933 4393 1078 4468 ignis
1102 4393 1158 4448 in
1188 4389 1440 4447 circuitu.

1003 4575 1095 4631 23.
1133 4572 1202 4628 Et
1228 4570 1331 4626 viri
1357 4569 1435 4625 illi
1475 4577 1587 4623 tres
1640 4563 1882 4620 Sedrach
1905 4605 1920 4628 ,
1957 4559 2186 4625 Misach,
2221 4567 2276 4615 et
2323 4557 2500 4612 Abde-

937 4682 1079 4739 nago
1130 4664 1448 4720 ceciderunt
1497 4660 1555 4715 in
1606 4655 1789 4714 medio
1829 4654 2046 4709 camino
2092 4651 2234 4723 ignis
2276 4650 2503 4705 ardente

931 4757 1288 4829 compedibus
1314 4753 1502 4810 vincti.

1003 4848 1096 4903 24.
1137 4849 1202 4903 Ει
1233 4843 1582 4900 ambulabant
1614 4839 1669 4893 in
1699 4834 1879 4892 medio
1909 4833 2142 4889 ﬂamma:
2165 4873 2181 4900 ,
2217 4830 2504 4886 laudantes

935 4943 1131 5007 Deum,
1165 4948 1220 4995 et
1245 4936 1628 4993 benedicentes
1662 4929 1976 4986 Dominum.

1001 5035 1095 5090 25.
1138 5034 1301 5088 Stans
1331 5039 1514 5086 autem
1548 5041 1674 5083 cum
1726 5023 1834 5079 illis
1880 5019 2126 5084 Azarias,
2181 5016 2357 5072 oravit
2384 5015 2501 5074 sic.

933 5138 989 5183 et
1019 5125 1268 5197 aperiens
1292 5137 1356 5178 os
1379 5135 1544 5176 suum
1571 5120 1627 5173 in
1651 5115 1834 5172 medio
1865 5112 2029 5185 ignis,
2070 5109 2206 5166 dixit
2241 5127 2258 5165 :

1003 5308 1096 5366 26.
1137 5306 1456 5363 Benedictus
1490 5317 1570 5367 es,
1605 5299 1833 5356 Domine
1862 5296 2006 5352 Deus
2035 5303 2251 5366 patrum
2286 5302 2506 5349 nostro-

934 5419 1079 5470 rum,
1141 5413 1194 5458 et
1226 5397 1516 5464 laudabile,
1547 5402 1604 5451 et
1659 5392 1956 5464 gloriosum
2003 5401 2201 5442 nomen
2247 5393 2402 5441 tuum
2449 5383 2504 5439 in

1051 5508 1160 5546 Illa.

937 5508 1093 5635 “:7.
1135 5577 1274 5646 Quia
1300 5576 1482 5648 justus
1505 5589 1566 5631 es
1589 5574 1642 5630 in
1669 5572 1945 5638 omnibus,
1972 5586 2096 5642 quae
2118 5567 2294 5625 fecisti
2321 5565 2500 5632 nobis,

934 5681 990 5727 et
1021 5672 1270 5727 universa
1308 5683 1474 5736 opera
1507 5676 1598 5723 tua
1657 5681 1808 5737 vera,
1845 5673 1900 5724 et
1927 5672 2089 5722 recte
2141 5661 2241 5718 vite
2269 5667 2376 5717 tuae
2398 5697 2414 5726 ,
2449 5666 2506 5716 et

935 5763 1123 5819 omnia
1153 5759 1354 5830 iudicia
1384 5768 1477 5816 tua
1505 5774 1671 5838 veras

2591 1913 2925 1984 καιομένην·
2973 1913 3070 1966 καὶ
3091 1911 3176 1975 τίς
3202 1912 3319 1964 ἐστι
3362 1908 3512 1974 Θεὸς,
3553 1909 3610 1972 ὃς
3642 1907 3900 1972 ὲξελεῖται
3925 1906 4070 1977 ὑμᾶς
4104 1905 4179 1958 ἐκ

2590 2004 2700 2060 τῶν
2726 2004 2925 2076 χειρῶν
2955 2019 3085 2074 μους

2664 2093 2751 2150 16.
2785 2096 2898 2150 Kal
2921 2094 3297 2167 ἀπεκρίθησαν
3335 2091 3561 2164 Σεδράχ,
3597 2089 3822 2160 Μισάχῖ
3851 2089 3946 2143 καὶ
3985 2087 4179 2141 Ἀϐδε-

2591 2185 2764 2254 ναγώ,
2814 2187 2911 2239 καὶ
2948 2181 3101 2238 εἷπον
3145 2184 3221 2255 τῷ
3284 2183 3492 2253 βασιλεῖ
3549 2181 4016 2251 Ναϐουχοδονόσορ
4041 2195 4056 2209 ’
4091 2181 4173 2232 Οὐ

2593 2277 2783 2348 χρείαν
2823 2277 3018 2348 ἔχομεν
3060 2278 3219 2347 ἡμεῖς
3250 2277 3378 2347 περὶ
3404 2273 3498 2327 τοῦ
3527 2275 3770 2345 ῥήματος
3801 2271 3992 2325 τούτου
4035 2273 4178 2326 ἀπο-

2594 2366 2850 2439 κριθῆναί
2883 2384 2985 2421 σοι.

2667 2458 2756 2513 17.
2793 2459 2949 2511 Ἔστι
2977 2456 3087 2529 γὰρ
3127 2458 3156 2510 ὁ
3183 2456 3313 2520 Θεὸς
3363 2455 3522 2526 ἡμῶν
3554 2454 3613 2508 ἐν
3650 2453 3886 2526 οὐρανῷ,
3915 2447 3961 2522 ᾧ
4008 2455 4176 2525 ἡμεῖς

2596 2548 2952 2620 λατρεύομεν,
2975 2548 3197 2611 δυνατὸς
3222 2545 3500 2612 ἐξελέσθαι
3526 2547 3671 2616 ἡμᾶς
3703 2547 3767 2598 ἐκ
3806 2547 3904 2616 τῆς
3933 2545 4176 2616 καμίνου

2597 2640 2692 2693 τοῦ
2723 2639 2894 2712 πυρὸς
2927 2640 3024 2710 τῆς
3057 2638 3373 2708 καιομένης,
3421 2638 3518 2691 καὶ
3555 2638 3620 2689 ἐκ
3648 2636 3755 2689 τῶν
3802 2636 3999 2708 χειρῶν
4052 2653 4174 2702 σου,

2602 2732 2848 2803 βασιλεῦ,
2885 2731 3106 2801 ῥύσεται
3144 2731 3177 2800 ἡ
3186 2731 3310 2800 μᾶς.

2673 2823 2759 2878 18.
2805 2824 2916 2876 Kal
2945 2822 3038 2876 ἐὰν
3067 2821 3163 2892 μὴ,
3190 2820 3429 2890 γνωστὸν
3477 2819 3616 2874 ἔστω
3666 2838 3766 2882 σοι,
3813 2819 4055 2890 βασιλεῦ,
4089 2822 4178 2874 ὅτι

2599 2916 2714 2976 τοῖς
2742 2913 2884 2977 Θεοῖς
2913 2930 3006 2966 σου
3035 2913 3095 2965 οὐ
3129 2911 3478 2983 λατρεύομεν,
3517 2913 3613 2964 καὶ
3652 2914 3718 2983 τῇ
3744 2912 3911 2965 εἰκόνι
3937 2913 4003 2982 τῇ
4037 2926 4179 2983 χρυ-

2604 3005 2695 3073 σῇ,
2730 3003 2796 3073 ἦν
2827 3002 3082 3072 έστησας,
3115 3002 3174 3054 οὐ
3215 2999 3650 3070 προσκυνοῦμεν.

2675 3095 2761 3149 19.
2798 3094 2933 3147 Τότε
2978 3093 3442 3162 Ναϐουχοδονόσορ
3491 3089 3734 3160 ἐπλήσθη
3763 3087 3953 3159 θυμοῦ,
4007 3085 4107 3140 καὶ
4144 3089 4181 3160 ἡ

2601 3186 2723 3256 ὄψις
2752 3184 2845 3238 τοῦ
2870 3183 3160 3256 προσώπου
3189 3182 3352 3235 αὑτοῦ
3381 3181 3648 3253 ἠλλοιώθη
3689 3183 3780 3233 ἐπὶ
3809 3181 4038 3253 Σεδράχ,
4066 3183 4181 3236 Μι-

2602 3276 2727 3345 σάχ,
2755 3273 3083 3343 Ἀϐδεναγώ,
3112 3274 3207 3326 καὶ
3233 3269 3386 3325 εἶπεν
3405 3288 3419 3302 ο
3449 3271 3787 3326 Ἐκκαύσατε
3809 3274 3908 3344 τὴν
3939 3275 4179 3345 κάμινον

2600 3365 3010 3430 ἐπταπλασίως,
3044 3366 3148 3428 ἓως
3170 3365 3250 3426 είς
3274 3364 3427 3427 τέλος
3454 3365 3647 3435 ἐκκαῇ.

2671 3458 2762 3514 20.
2800 3459 2911 3511 Kal
2941 3457 3139 3529 ἄνδρας
3164 3458 3414 3528 ἰσχυροὺς
3435 3460 3500 3528 τῇ
3534 3457 3676 3526 ίσχύῖ
3707 3451 3877 3520 εῐπεν,
3909 3458 4180 3530 πεδήσαν-

2600 3566 2700 3612 τας
2732 3549 2824 3602 τὸν
2851 3549 3073 3620 Σεδράχ,
3101 3548 3306 3618 Μισάχ,
3337 3549 3432 3600 καὶ
3469 3547 3789 3616 Ἀϐδεναγώ,
3814 3549 4072 3618 ἐμϐαλεῖν
4094 3554 4180 3616 είς

2603 3639 2702 3711 τὴν
2729 3639 2959 3710 κάμινον
2988 3637 3082 3692 τοῦ
3115 3639 3286 3709 πυρὸς
3316 3637 3413 3706 τὴν
3446 3638 3762 3708 καιομένην.

2672 3735 2762 3787 21.
2795 3733 2929 3786 Τότε
2970 3735 3020 3786 ot
3053 3733 3244 3804 ἄνδρες
3298 3734 3494 3786 ἐκεῖνοι
3545 3733 3884 3804 ἐπεδήθησαν
3933 3735 4032 3788 σὺν
4059 3738 4178 3800 τοῖς

2605 3825 2936 3897 σαραϐάροις
2975 3823 3156 3877 αὐτῶν
3181 3863 3196 3887 ,
3252 3825 3348 3877 καὶ
3375 3825 3610 3896 τιάραις,
3654 3826 3750 3877 καὶ¹
3775 3826 4135 3896 περικνημίσι
4158 3869 4177 3892 ,

2604 3916 2702 3968 καὶ
2730 3917 2841 3978 τοῖς
2863 3914 3154 3984 ἐνδύμασιν
3191 3913 3391 3979 αὐτῶν,
3419 3915 3516 3967 καὶ
3545 3914 3848 3986 ἐϐλήθησαν
3893 3918 3971 3980 εἰς
4008 3916 4177 3988 μέσον

2601 4008 2704 4078 τῆς
2739 4007 2970 4091 καμίνου
2990 4005 3083 4059 τοῦ
3109 4006 3278 4078 πυρὸς
3304 4006 3402 4075 τῆς
3422 4008 3737 4078 καιομένης.

2672 4097 2764 4152 22.
2814 4099 2970 4151 Ἐπεὶ
2999 4097 3059 4149 τὸ
3087 4100 3238 4168 ῥῆμα
3285 4096 3379 4151 τοῦ
3425 4097 3688 4167 βασιλέως
3717 4099 4042 4170 ὐπερίσχυε·
4077 4101 4178 4156 καὶ

2603 4189 2637 4260 ἡ
2667 4190 2897 4259 κάμινος
2945 4187 3212 4258 ἐξεκαύθη
3258 4189 3322 4241 ἐκ
3356 4188 3648 4259 περισσοῦο
3697 4190 3941 4254 καὶτοὺς
3971 4193 4175 4264 ἄνδρας

2603 4281 2842 4345 ἐκείνους
2889 4282 3014 4344 τοὺς
3063 4280 3504 4345 ἐνδιαϐάλλοντας
3552 4281 3644 4335 τὸν
3695 4281 3921 4353 Σεδράχ,
3961 4285 4174 4357 Μισάχ,

2603 4377 2699 4429 καὶ
2730 4371 3033 4442 Ἀϐδεναγώ
3064 4373 3379 4427 ἀπέκτεινεν
3403 4374 3656 4444 αὐτοὺςή
3694 4373 3824 4444 φλὸξ
3858 4372 3953 4426 τοῦ
4000 4377 4176 4448 πυρὸς

2531 4450 2577 4509 Ῑ)
2606 4464 2884 4521 κύκλοθεν.

2673 4557 2765 4613 25.
2801 4557 2912 4610 Kal
2941 4557 2990 4609 οί
3022 4554 3212 4626 ἄνδρες
3234 4556 3429 4609 ἐκεῖνοι
3453 4557 3503 4610 οἱ
3535 4558 3681 4627 τρεῖς
3713 4556 3937 4629 Σεδράχ,
3960 4559 4172 4630 Μισάχ,

2602 4651 2699 4705 καὶ
2753 4646 3056 4717 Ἀϐδεναγώ
3107 4648 3299 4701 ἔπεσον
3337 4649 3416 4711 εἰς
3459 4648 3624 4719 μέσον
3669 4653 3769 4721 τῆς
3804 4651 4038 4720 καμίνου
4076 4651 4172 4704 τοῦ

2604 4740 2777 4813 πυρὸς
2807 4740 2908 4810 τῆς
2941 4738 3236 4809 καιομένης
3258 4740 3643 4810 πεπεδημένοι.

2673 4833 2765 4887 24.
2799 4832 2908 4884 Καὶ
2928 4831 3293 4902 περιεπάτουν
3322 4834 3379 4885 ἐν
3403 4830 3551 4903 μέσῳ
3580 4831 3678 4903 τῆς
3699 4830 3912 4901 φλογὸς,
3944 4833 4177 4904 ὑμνοῦν-

2605 4943 2695 4990 τες
2723 4926 2814 4978 τὸν
2837 4923 2989 4989 Θεὸν,
3011 4923 3107 4977 καὶ
3134 4922 3481 4992 εὐλογοῦντες
3509 4923 3602 4977 τὸν
3632 4924 3852 4995 Κύριον.

2675 5018 2764 5072 25.
2815 5017 2926 5070 Kal
2960 5015 3159 5079 συστὰς
3203 5016 3384 5078 αὐτοῖς
3421 5015 3675 5086 Ἀζαρίας
3703 5013 4046 5085 προσηύξατο
4089 5013 4181 5067 οὗ·

2604 5124 2741 5171 τως·
2776 5108 2872 5160 καὶ
2913 5106 3126 5172 ἀνοίξας
3162 5105 3223 5159 τὸ
3270 5105 3443 5176 στόμα
3481 5103 3643 5158 αὑτοῦ
3672 5105 3730 5157 ἐν
3761 5105 3909 5176 μέσῳ
3937 5102 4033 5156 τοῦ
4073 5123 4180 5158 πυ-

2608 5200 2720 5273 ρὸς,
2753 5194 2907 5252 εἶπεν
2938 5214 2952 5252 :

2676 5288 2768 5343 26.
2793 5279 3177 5357 Εὐλογητὸςεῖ,
3198 5284 3392 5356 Κύριε,
3405 5285 3433 5338 ὁ
3449 5283 3580 5347 Θεὸς
3592 5283 3699 5337 τῶν
3719 5283 3967 5354 πατέρων
3991 5283 4173 5354 ἡμῶν,

2605 5379 2702 5432 καὶ
2730 5375 2957 5443 αίνετὸν,
2986 5378 3082 5430 καὶ
3108 5375 3488 5446 δεδοξασμένον
3523 5373 3584 5428 τὸ
3615 5374 3784 5445 ὄνομά
3813 5391 3906 5427 σου
3947 5376 4026 5438 εἰς
4049 5378 4180 5442 τοὺς

2605 5471 2824 5533 αἰῶνας.

2674 5564 2764 5618 27.
2800 5563 2919 5616 Ὀτι
2963 5560 3167 5624 δίκαιος
3214 5556 3267 5614 εἴ
3295 5559 3386 5613 ἐπὶ
3411 5560 3576 5613 πᾶσιν
3601 5556 3683 5622 οἷς
3725 5558 3988 5628 ἐποίησας
4022 5559 4178 5627 ἡμῖν,

2605 5655 2700 5708 καὶ
2725 5652 2902 5706 πάντα
2920 5649 2991 5703 τὰ
3015 5649 3152 5721 ἔργα
3181 5666 3276 5702 σου
3298 5648 3528 5720 ἀληθινὰ
3553 5687 3568 5712 ,
3614 5649 3713 5702 καὶ
3744 5647 3948 5703 εὐθεῖαι
3983 5649 4041 5702 αι
4067 5648 4179 5703 ὁδοί

2608 5762 2722 5812 σου,
2741 5744 2834 5798 καὶ
2857 5743 3028 5798 πᾶσαι
3060 5743 3115 5796 αἱ
3144 5742 3356 5814 κρίσεις
3393 5757 3485 5796 σου
3515 5739 3785 5814 ἀληθιναί.
