3848 6218
205 265 354 344 esss

1641 283 1884 342 CAPUT
1911 284 1998 342 Ill.

3307 286 3448 342 2854

276 400 369 456 28.
402 396 516 450 Kal
546 391 794 469 κρίματα
827 392 1083 465 ἀληθείας
1116 393 1377 464 ἐποίησας
1411 393 1552 447 κατὰ
1580 406 1778 462 πάντα,

1953 398 2042 454 28.
2086 396 2152 454 Et
2176 397 2389 470 judicia
2407 397 2654 460 veritatis
2676 395 2852 452 fecisti
2893 395 3063 466 juxta
3093 395 3298 461 omnia,
3330 413 3452 468 qua:

208 491 247 548 ἃ
274 490 556 560 ἐπήγαγες
585 487 736 557 ἡμῖν,
770 486 865 539 καὶ
886 485 979 538 ἐπὶ
1004 485 1104 556 τὴν
1153 486 1309 538 πόλιν
1337 485 1434 556 τὴν
1479 485 1640 554 ἁγίαν
1683 485 1782 556 τὴν

209 580 319 635 τῶν
354 578 606 649 πατέρων
635 575 790 647 ἡμῶν
845 575 1220 647 Ἰερουσαλήμ.
1264 575 1384 627 Ὀτι
1437 576 1495 628 ἐν
1555 574 1784 646 ἀληθείᾳ

211 673 308 727 καὶ
340 673 521 743 κρίσει
548 671 823 740 ἐπήγαγες
853 669 1028 722 πάντα
1053 668 1225 721 ταῦτα
1257 667 1342 736 ἐφ’
1377 667 1523 738 ἡμᾶς
1563 667 1651 722 διά
1684 674 1784 732 τάς

208 764 489 836 ἁμαρτίας
527 762 559 830 ή
568 760 705 832 μῶν.

279 857 370 912 29.
401 857 524 910 Ὅτι
551 855 893 926 ἡμάρτομεν,
922 852 1015 906 καὶ
1043 853 1402 923 ὴνομήσαμεν
1447 851 1782 916 ἀποστάντες

207 950 319 1005 ἀπὺ
351 951 466 1014 σοὺ,
492 949 589 1002 καὶ
621 945 1002 1018 ἐξημάρτομεν
1027 945 1085 996 ἐν
1115 945 1272 999 πᾶσι.

279 1043 370 1098 50.
408 1041 519 1094 Kal
549 1038 657 1092 τῶν
705 1037 935 1090 ἐντολῶν
983 1053 1076 1089 σου
1126 1036 1227 1089 οὐκ
1257 1035 1614 1106 εὴκούσαμεν,
1662 1035 1785 1089 οὐδὲ

208 1133 560 1202 ἐφυλάξαμεν
597 1129 790 1195 αὑτάς,
810 1128 930 1181 ούδέ
951 1128 1288 1200 ἐποιήσαμεν
1317 1126 1501 1191 καθὼς
1536 1127 1785 1180 ἐνετείλω

206 1228 364 1297 ἡμῖν,
399 1225 484 1278 ἵνα
512 1219 570 1276 εὖ
600 1223 730 1292 ημῖν
751 1219 998 1290 γένηται.

281 1319 372 1373 51.
402 1316 511 1370 Kal
533 1314 708 1368 πάντα
734 1313 834 1367 ὅσα
861 1312 1123 1384 ἐποίησας
1149 1314 1303 1384 ἡμῖν,
1322 1311 1382 1366 ἐν
1411 1310 1642 1383 ἀληθινῇ
1664 1310 1786 1384 κρί-

210 1427 297 1463 σει
326 1408 606 1478 ἐποίησας.

281 1501 373 1555 52.
414 1500 522 1552 Kal
551 1497 875 1568 παρέδωκας
905 1496 1050 1566 ἡμᾶς
1074 1497 1153 1558 είς
1198 1497 1388 1566 χεῖρας
1421 1494 1633 1565 ἐχθρῶν
1666 1492 1788 1548 άνό-

211 1605 353 1660 μων,
387 1586 650 1657 ἐχθίστων
701 1586 1042 1649 ἀποστατῶν,
1079 1585 1172 1638 καὶ
1206 1584 1417 1654 βασιλεξ
1447 1585 1642 1656 ἀδίκῳ,
1692 1586 1786 1639 καὶ

207 1679 567 1752 πονηροτάτῳ
599 1677 752 1751 παρὰ
784 1679 963 1732 πᾶσαν
989 1676 1089 1746 τὴν
1115 1677 1218 1747 γῆν
1245 1675 1564 1749 παρέδωκας
1611 1678 1777 1747 ἡμᾶς.

281 1863 374 1920 55.
408 1861 519 1916 Kal
571 1859 666 1916 νῦν
695 1861 796 1915 οὐκ
846 1859 993 1914 ἔστιν
1035 1861 1166 1931 ἡμῖν
1199 1859 1428 1926 εάνοῐξαι
1473 1859 1534 1913 τὸ
1578 1859 1780 1931 στόμαο

209 1954 443 2027 αἰσχύνη
499 1954 592 2007 καὶ
631 1952 830 2017 ὄνειδος
877 1951 1092 2022 ἐγένετο
1127 1953 1239 2015 τοῖς
1284 1951 1490 2016 δούλοις
1528 1968 1645 2020 σου,
1691 1951 1787 2006 καὶ

209 2050 327 2112 τοῖς
359 2044 673 2116 σεϐομένοις
697 2060 777 2100 σε.

285 2141 374 2194 54.
403 2138 492 2209 Μὴ
524 2137 580 2190 δέ
619 2133 874 2206 παραδῷς
903 2134 1050 2205 ἡμᾶς
1091 2134 1171 2198 είς
1216 2133 1369 2198 τέλος
1399 2131 1488 2186 διὰ
1525 2131 1589 2187 τὸ
1616 2132 1788 2205 δνομά

213 2247 331 2291 σου.
359 2231 452 2283 καὶ
488 2229 562 2300 μὴ
589 2226 944 2298 διασκεδάσης
973 2226 1068 2298 τὴν
1095 2225 1360 2297 διαθήκην
1389 2241 1502 2278 σου.

285 2323 375 2378 55.
403 2322 512 2374 Kal
552 2321 628 2391 μὴ
656 2320 970 2389 άποστήσῃς
1007 2317 1068 2369 τὸ
1099 2316 1247 2379 ἔλεός
1275 2331 1366 2367 σου
1395 2313 1489 2384 ἀφ’
1521 2313 1681 2385 ἡμῶν
1701 2313 1788 2366 διὰ

229 2413 481 2485 Ἁϐραάμ
527 2412 616 2464 τὸν
664 2410 1020 2480 ἠγαπημένον
1072 2407 1175 2461 ὑπό
1208 2424 1322 2468 σου,
1353 2407 1448 2460 καὶ
1475 2405 1564 2459 διὰ
1604 2406 1788 2460 Ἰσαάκ

213 2507 310 2559 ⁴τὸν
340 2504 523 2556 δοῦλόν
555 2520 670 2569 σου,
697 2502 794 2555 καὶ
836 2499 1051 2572 Ἰσραὴλ
1069 2498 1162 2551 τὸν
1194 2497 1347 2565 ἆγιόν
1374 2514 1486 2549 σου.

288 2595 376 2650 56.
405 2590 499 2658 Οἷς
519 2594 784 2664 ἐλάλησας
805 2592 986 2654 αὐτοῖς
1017 2590 1188 2657 λέγων
1212 2605 1225 2617 ·
1253 2587 1512 2658 Πληθυνῶ
1538 2587 1598 2640 τὸ
1625 2586 1792 2658 σπέρ-

221 2705 302 2759 μα
328 2687 503 2758 ὑμῶν,
558 2685 692 2738 ὡσεὶ
743 2683 810 2738 τά
839 2683 1015 2752 ἄστρα
1063 2681 1156 2734 τοῦ
1188 2679 1436 2749 ούρανοῦ,
1465 2678 1559 2731 καὶ
1587 2679 1662 2742 ὡς
1691 2677 1790 2749 τὴν

216 2786 405 2856 ἄμμον
428 2783 526 2853 τὴν
551 2781 703 2852 παρὰ
724 2780 786 2834 τὸ
813 2780 984 2850 χεῖλος
1008 2778 1106 2847 τῆς
1139 2776 1434 2846 Θαλάσσης.

290 2875 380 2929 57.
413 2874 554 2938 Ὀτι,
578 2873 849 2937 Δέσποτα,
871 2867 1312 2941 ἐσμικρύνθημεν
1340 2864 1488 2936 παρὰ
1519 2863 1694 2916 πάντα
1721 2859 1792 2914 τά

217 2964 371 3036 ἔθνη,
400 2965 493 3017 καὶ
521 2963 686 3035 ἐσμὲν
715 2961 960 3015 ταπεινοὶ
978 2961 1034 3014 ὲν
1069 2959 1217 3029 πάσῃ
1239 2958 1303 3028 τῇ
1339 2958 1410 3027 γῇ
1450 2955 1686 3025 σήμερον
1706 2949 1793 3004 διὰ

217 3054 319 3118 τὰς
342 3054 614 3125 ἁμαρτίας
636 3053 669 3124 ἡ
678 3051 815 3123 μῶν.

295 3145 531 3200 58.*Καὶ
551 3144 650 3198 ούκ
673 3143 817 3196 ἐστιν
847 3142 904 3195 ἐν
940 3139 1019 3212 τῷ
1049 3137 1224 3210 καιρῷ
1261 3137 1433 3208 τούτῳ
1468 3135 1670 3206 ἄρχων,
1698 3134 1793 3188 καὶ¹

225 3239 534 3309 προφήτης,
593 3236 688 3289 καὶ
735 3235 1055 3306 ἡγούμενος,
1104 3231 1224 3284 οὐδὲ
1262 3228 1645 3289 ὁλοκαύτωσις,
1676 3226 1796 3279 οὐδὲ

221 3329 420 3392 θυσία.
463 3325 584 3379 ούδέ
643 3324 948 3396 προσφορά,
1006 3322 1126 3376 οὐδὲ
1184 3320 1451 3390 θυμίαμα,
1491 3319 1656 3383 τόπος
1702 3317 1795 3371 τοῦ

224 3419 518 3494 καρπῶσαι
547 3417 786 3473 ἐναντίον
811 3433 928 3483 σου,
961 3416 1056 3470 καὶ
1104 3413 1284 3484 εὑρεῖν
1313 3411 1478 3464 ἔλεον.

292 3625 381 3681 59.
425 3623 564 3676 Ἀλλ’
613 3621 672 3675 ἐν
713 3619 860 3691 ψυχῇ
909 3616 1364 3690 συντετριμμένῃ,
1406 3615 1502 3668 καὶ
1527 3613 1796 3686 πνεύματι

223 3716 602 3781 ταπεινώσεως
631 3711 1111 3786 προσδεχθείημεν.

296 3813 388 3868 40.
432 3811 517 3873 Ὠς
549 3810 605 3862 ὲν
633 3802 992 3860 ὁλοκαυτώσει
1015 3801 1206 3874 κριῶν,
1234 3803 1328 3855 καὶ
1354 3801 1589 3874 ταύρων,
1611 3803 1703 3855 καὶ
1721 3801 1796 3866 ὼς

225 3906 286 3957 ἐν
316 3903 574 3974 μυριάσιν
613 3897 794 3971 ἀρνῶν
831 3897 1052 3960 πιόνων,
1101 3895 1244 3949 οὕτω
1285 3895 1525 3964 γενέσθω
1573 3897 1606 3965 ἡ
1641 3894 1798 3947 θυσία

225 3995 385 4066 ἡμῶν
415 3999 651 4065 σήμερον
689 3989 919 4045 ἐνώπιόν
952 4005 1067 4052 σου,
1090 3989 1185 4041 καὶ
1223 3985 1317 4040 τοῦ
1366 3987 1643 4040 ἐκτελέσαι
1681 3984 1800 4036 3m—

227 4084 356 4137 σθέν
385 4098 476 4134 σου
496 4097 509 4110 ·
542 4081 623 4135 ὅτι
650 4080 750 4133 οὑκ
781 4078 927 4133 ἐστιν
956 4077 1201 4148 αἰσχύνη,
1229 4077 1341 4139 τοῖς
1374 4073 1686 4126 πεποιθόσιν
1707 4072 1799 4125 ἐπὶ

225 4177 332 4233 σοί.

297 4270 388 4324 4|.
423 4266 534 4321 Kal
580 4262 675 4319 νῦν
724 4258 1187 4330 ἐξακολουθοῦμέν
1232 4275 1314 4312 σοι
1347 4259 1407 4312 ἐν
1451 4257 1550 4327 ὅλῃ·
1581 4255 1797 4328 καρδία,

225 4364 326 4418 καὶ
353 4355 668 4431 φοϐούμεθά
705 4371 785 4420 σε,
820 4353 920 4407 καὶ·
935 4351 1206 4423 ζητοῦμεν
1230 4351 1290 4402 τὸ
1323 4349 1611 4419 πρόσωπόν
1645 4365 1759 4401 σου.

1881 490 2142 546 induxisti
2167 506 2330 560 super
2351 505 2474 554 nos,
2509 499 2563 544 et
2595 504 2758 558 super
2786 487 3058 541 civitatem
3085 497 3332 542 sanctam
3348 504 3449 555 pa-

1880 590 2024 638 trum
2055 590 2366 637 nostrorum
2419 579 2754 644 Jerusalem;
2801 579 2926 649 quia
3012 577 3069 632 in
3126 578 3350 633 veritate
3399 589 3454 634 et

1876 673 2086 744 judicio
2144 673 2408 730 induxisti
2465 673 2648 728 omnia
2704 672 2820 726 haec
2874 685 3056 741 super.
3099 685 3199 725 nos
3229 680 3473 742 propter'

1881 776 2105 836 peccata
2135 776 2340 822 nostra.

1956 857 2046 913 i9.
2087 857 2442 914 Peccavimus
2467 856 2636 922 enim,
2662 864 2716 911 et
2740 853 2939 923 inique
2952 868 3166 926 egimus
3190 855 3452 911 receden-

1882 959 1964 1005 tes
1989 964 2019 1003 a
2048 959 2121 1014 te,
2155 959 2208 1005 et
2234 948 2566 1020 deliquimus
2597 949 2650 1002 in
2681 946 2958 1001 omnibus.

1953 1039 2043 1095 30.
2086 1038 2152 1094 Et
2186 1040 2439 1094 mandata
2467 1049 2558 1094 tua
2582 1054 2689 1093 non
2718 1036 3049 1099 audivimus,
3080 1051 3255 1108 neque
3279 1048 3456 1092 custo-

1883 1132 2121 1188 divimus
2152 1147 2237 1198 ea,
2273 1148 2447 1201 neque
2487 1133 2743 1192 fecimus,
2771 1131 2914 1185 sicut
2963 1131 3319 1186 mttdaveras
3357 1148 3480 1184 llo--

1884 1221 1988 1284 bis.
2014 1231 2071 1276 ut
2099 1221 2235 1276 bene
2263 1222 2418 1276 nobis
2446 1232 2610 1277 esset.

1957 1313 2045 1368 3f.
2089 1315 2155 1368 Et
2195 1315 2402 1379 omnia,
2434 1330 2557 1385 quae
2582 1312 2758 1369 fecistt
2788 1313 2970 1377 nobis,
3001 1312 3056 1367 in
3089 1327 3220 1367 vero
3248 1311 3468 1381 judicio

1885 1401 2083 1458 fecisti.

1954 1495 2042 1551 52.
2087 1495 2152 1550 Et
2177 1493 2443 1550 tradidisti
2495 1509 2596 1550 nos
2623 1494 2676 1549 in
2709 1510 2902 1550 manus
2956 1495 3298 1550 inimicorum
3349 1495 3455 1548 ini-

1885 1604 2140 1659 quorum,
2173 1588 2675 1642 inimicissimorum
2707 1595 3102 1657 apostatarum,
3137 1597 3190 1641 et
3231 1587 3341 1658 regi
3371 1587 3454 1640 in-

1882 1680 2053 1750 justo,
2080 1689 2134 1736 et
2159 1680 2397 1750 pessimo
2449 1694 2613 1751 super
2661 1694 2877 1734 omnem
2931 1688 3129 1735 terram
3185 1679 3453 1734 tradidisti

1885 1786 2007 1826 llOS.

1955 1865 2045 1920 33.
2086 1862 2153 1918 Et
2179 1879 2325 1918 nunc
2354 1879 2463 1918 non
2493 1871 2578 1919 est
2609 1863 2766 1923 nobis
2802 1864 3019 1934 aperire
3073 1879 3168 1920 os:
3203 1861 3454 1918 confusio

1884 1964 1940 2011 et
1976 1956 2326 2027 exprobratio
2367 1954 2508 2011 facta
2555 1965 2639 2012 est
2670 1956 2844 2013 servis
2875 1956 3004 2024 tuis,
3053 1965 3108 2011 et
3150 1955 3454 2010 colentibus

1888 2058 1958 2109 l6.

1955 2144 2046 2198 34.
2089 2141 2195 2198 Sed
2233 2156 2302 2197 ne
2334 2141 2517 2197 tradas
2551 2156 2650 2197 nos
2691 2141 2747 2196 in
2801 2140 2967 2196 finem
3007 2148 3225 2210 propter
3255 2155 3454 2193 nomen

1886 2244 2061 2299 tuum,
2089 2243 2144 2289 et
2164 2249 2232 2288 ne
2255 2235 2486 2304 dissipes
2517 2243 2897 2289 testamentum
2923 2241 3099 2287 tuum.

1957 2325 2046 2379 55.
2088 2322 2156 2377 Et
2181 2338 2246 2377 ne
2275 2333 2490 2378 avertas
2523 2323 2958 2379 misericordiam
3016 2332 3162 2377 tuam
3214 2336 3244 2375 a
3291 2319 3452 2376 nobis

1889 2428 2108 2488 propter
2144 2415 2418 2470 Abraham
2453 2415 2708 2470 dilectum
2753 2424 2904 2468 tuum
2928 2456 2944 2482 ,
2971 2424 3024 2469 ct
3061 2423 3278 2485 propter
3305 2413 3456 2469 Isaac

1887 2522 2104 2562 servum
2142 2516 2317 2570 tuum,
2349 2513 2403 2558 et
2431 2505 2596 2561 Israel
2621 2516 2870 2562 sanctum
2903 2514 3075 2560 tuum.

1960 2595 2050 2649 36.
2092 2594 2302 2661 Quibus
2349 2595 2566 2651 loeutus
2604 2611 2664 2651 es
2693 2596 2772 2651 eis
2813 2595 3047 2651 dicens:
3084 2593 3456 2665 Multiplicaho

1890 2704 2076 2745 semen
2104 2698 2341 2741 vestrum
2370 2688 2510 2742 sicut
2538 2687 2720 2743 stellas
2749 2687 2905 2754 cteli,
2944 2695 3000 2742 et
3043 2687 3186 2743 sicut
3211 2701 3457 2751 arenam,

1891 2797 2012 2853 quae
2042 2791 2127 2836 est
2159 2782 2212 2835 in
2245 2781 2424 2836 littore
2448 2781 2636 2836 maris.

1963 2872 2054 2930 37.
2096 2872 2254 2940 Quia,
2293 2871 2544 2938 Domine,
2575 2872 2846 2927 imminuti
2873 2888 3064 2930 sumus
3104 2873 3246 2928 ultra
3270 2889 3491 2928 omnes.

1893 2977 2099 3038 gentes,
2129 2975 2184 3021 et
2206 2981 2397 3020 sumus
2430 2964 2664 3020 humiles
2711 2964 2768 3020 in
2812 2965 3066 3022 universa
3119 2975 3264 3020 terra
3298 2964 3466 3019 hodie

1817 3078 1860 3136 C
1893 3069 2112 3131 propter
2144 3069 2363 3128 peccata
2391 3067 2595 3112 nostra.

1964 3150 2055 3205 58.
2097 3149 2160 3204 Et
2196 3163 2302 3203 non
2330 3157 2415 3203 est
2445 3147 2500 3201 in
2532 3156 2774 3217 tempore
2801 3147 2907 3202 hoc
2952 3147 3224 3218 princeps,
3259 3157 3312 3202 et
3338 3162 3466 3219 pro-

1895 3241 2078 3311 pheta,
2101 3250 2154 3295 et
2179 3240 2282 3294 dux
2310 3279 2326 3306 ,
2369 3253 2546 3308 neque
2595 3237 3000 3304 holocaustum,
3047 3254 3222 3309 neque
3252 3240 3461 3294 sacriﬁ-

1895 3334 2064 3397 cium,
2098 3349 2272 3403 neque
2293 3332 2518 3396 oblatio,
2542 3346 2719 3402 neque
2753 3333 3070 3402 thymiama,
3105 3349 3280 3402 neque
3310 3335 3464 3390 locus

1895 3425 2166 3496 primitias
2195 3423 2460 3480 oﬂ'erendi
2499 3440 2685 3481 coram
2707 3433 2780 3492 te,
2810 3431 2866 3480 et
2901 3424 3210 3480 inveniendi
3245 3426 3464 3480 miseriq-

1897 3516 2163 3572 cordiam.

1970 3608 2059 3666 39.
2104 3608 2211 3664 Sed
2253 3609 2310 3664 in
2333 3608 2518 3664 anima
2545 3608 2800 3674 contrita,
2832 3616 2888 3666 et
2919 3607 3115 3678 spiritu
3147 3607 3467 3664 humilitatis

1897 3699 2282 3769 suscipiamur.

1967 3791 2056 3847 40.
2099 3790 2253 3845 Sicut
2285 3790 2340 3844 in
2364 3789 2689 3846 holocausto
2719 3791 2975 3857 arietum,
2998 3799 3050 3844 et
3078 3799 3383 3855 taurorum,
3414 3799 3470 3846 et

1897 3884 2042 3940 sicut
2068 3884 2123 3938 in
2150 3883 2389 3938 millibus
2419 3897 2683 3953 agnorum
2722 3883 3036 3953 pinguium;
3077 3882 3157 3938 sic
3181 3883 3272 3936 fiat
3295 3883 3469 3937 sacri-

1897 3974 2082 4029 ficium
2108 3983 2353 4028 nostrum
2391 3971 2554 4027 hodie
2582 3973 2634 4026 in
2667 3982 2958 4042 conspectu
2984 3981 3076 4026 tuo
3100 4011 3117 4038 ,
3174 3981 3227 4027 et
3255 3983 3310 4027 ut
3341 3990 3468 4044 per-

1899 4066 2112 4120 ficiatur
2139 4073 2263 4134 post
2318 4074 2389 4128 te,
2444 4064 2704 4135 quoniam
2759 4081 2865 4117 non
2903 4075 2987 4119 est
3014 4063 3265 4121 confusio
3296 4067 3471 4123 confi-

1899 4158 2154 4214 dentibus
2186 4158 2240 4211 in
2270 4165 2339 4211 te.

1969 4251 2058 4306 4i.
2100 4249 2167 4304 Et
2191 4263 2338 4304 nunc
2368 4247 2649 4318 sequimur
2676 4259 2729 4302 te.
2758 4248 2810 4301 in
2846 4257 2959 4302 toto
3006 4249 3199 4314 corde,
3235 4259 3288 4306 et
3313 4252 3472 4308 time-

1901 4358 2024 4397 mus
2049 4350 2120 4407 te,
2150 4350 2203 4395 et
2227 4339 2522 4410 quatrimus
2556 4337 2745 4392 faciem
2773 4349 2942 4394 tuam.

298 4429 390 4508 ιε.
429 4451 520 4522 Μὴ
577 4444 942 4518 καταισχύνῃς
989 4445 1176 4515 ἡμᾶς,
1217 4440 1351 4494 ἀλλὰ
1400 4441 1624 4510 ποίησον
1679 4439 1790 4510 μεθ’

1969 4432 2058 4488 42.
2093 4431 2173 4486 Ne
2206 4429 2510 4486 confundas
2553 4445 2674 4494 nos,
2702 4429 2798 4484 sed
2842 4430 2927 4486 fac
2979 4431 3261 4486 nobiscum
3313 4431 3468 4502 juxta

223 4547 387 4620 ἡμῶν
418 4541 559 4597 κατὰ
581 4539 679 4611 τὴν
709 4534 1010 4592 ἐπιείκειάν
1043 4551 1160 4599 σου,
1201 4534 1298 4587 καὶ
1329 4532 1470 4585 κατὰ
1506 4531 1566 4584 τὸ
1597 4529 1807 4602 πλῆθος.

223 4635 322 4689 τοῦ
342 4633 525 4694 ἐλέους
555 4648 669 4685 σου.

298 4725 390 4779 45.
421 4722 532 4775 Kal
567 4715 749 4783 ἐξελοῦ
797 4714 945 4786 ἡμᾶς
978 4711 1119 4766 κατὰ
1152 4710 1222 4764 τά
1249 4705 1528 4779 θαυμάσιά
1561 4724 1674 4771 σου,
1705 4705 1822 4760 καὶ.

225 4817 316 4880 δὶς
348 4811 505 4878 δόξαν
529 4811 606 4882 τῷ
632 4807 854 4878 ὀνόματί
886 4823 1004 4872 σου,
1027 4803 1220 4875 Κύριε.

299 4906 390 4960 44.
439 4903 552 4957 Kal
596 4898 996 4971 ἐντραπείησαν
1039 4896 1240 4954 πάντες
1300 4893 1348 4946 oi
1405 4890 1816 4960 ἐνδεικνύμενοι.

227 4997 341 5056 τοῖς
372 4992 580 5052 δούλοις
613 5006 710 5042 σου
742 4986 889 5042 κακὰ
913 5027 929 5052 ,
980 4984 1076 5037 καὶ
1127 4979 1646 5050 καταισχυνθείησαν
1693 4975 1801 5029 ἀπὸ

228 5087 410 5157 πάσης
437 5079 778 5146 δυναστείας,
805 5079 900 5132 καὶ
924 5078 959 5148 ὴ
994 5074 1144 5145 ίσχὺς
1171 5071 1350 5124 αὐτῶν
1397 5066 1727 5138 συντριϐείη.

300 5182 388 5235 45.
425 5177 746 5244 Γνὼτωσαν,
774 5175 857 5228 ὅτι
891 5173 955 5225 σὺ
986 5166 1037 5223 εἴ
1061 5168 1265 5240 Κύριος
1292 5168 1320 5220 ὁ
1344 5165 1474 5229 Θεὸς
1499 5165 1678 5236 μόνος,
1707 5165 1802 5219 καὶ

226 5275 258 5328 δ
286 5269 493 5336 ἔνδοξος
516 5266 600 5336 ἐφ’
627 5266 754 5334 ὃλην
774 5263 871 5333 τὴν
894 5258 1242 5328 οἰκουμένην.

299 5361 388 5415 46.
434 5357 547 5411 Kal
583 5355 644 5408 ού
691 5351 930 5405 διέλιπον
952 5350 1001 5401 οι
1033 5345 1394 5418 ἐμὸάλλοντες
1441 5341 1638 5405 αὐτοὺς
1693 5341 1798 5394 ὑπ-

227 5453 424 5525 ηρέται
451 5449 545 5503 τοῦ
590 5445 851 5517 βασιλέως
895 5440 1140 5502 καίοντες
1167 5437 1263 5509 τὴν
1305 5437 1534 5505 κάμινον
1571 5433 1798 5502 νάφθαν,

227 5545 326 5598 καὶ
361 5541 608 5603 στίπυον,
639 5537 735 5591 καὶ
759 5536 986 5596 πίσσαν,
1013 5532 1107 5584 καὶ
1133 5527 1461 5600 κληματίδα.

299 5634 390 5688 47.
415 5632 528 5686 Kal
559 5629 796 5699 διηχεῖτο
824 5628 857 5697 ὴ
901 5622 1034 5694 φλὸξ
1072 5619 1254 5677 ἐπάνω
1281 5619 1382 5690 τῆς
1426 5616 1656 5690 καμίνου
1703 5617 1798 5672 ἐπὶ

229 5726 423 5798 πήχεις
445 5717 1030 5793 τεσσαρακονταεννέα.

1898 4524 2370 4580 mansuetudinem
2407 4531 2589 4592 tuam,
2631 4532 2685 4578 et
2717 4525 3018 4580 secundum
3063 4526 3467 4580 multitudinem

1899 4616 2287 4671 misericordia:
2318 4623 2445 4670 tuae.

1967 4709 2058 4764 43.
2098 4706 2165 4762 Et
2201 4723 2331 4762 erue
2362 4724 2463 4763 nos
2483 4707 2641 4778 juxta
2665 4708 2937 4764 mirabilia
2980 4718 3094 4776 tua,
3145 4718 3200 4765 et
3255 4711 3321 4764 da
3352 4710 3466 4778 glo-

1898 4803 2033 4858 riam
2068 4801 2276 4856 nomini
2305 4811 2416 4866 tuo,
2452 4801 2700 4857 Domine.

1968 4895 2058 4951 44.
2097 4893 2163 4949 Et
2192 4893 2599 4949 confundantur
2637 4895 2988 4966 omnes,.qui
3022 4897 3317 4950 ostendunt
3349 4911 3468 4949 ser-

1897 4986 1979 5040 vis
2009 4985 2118 5040 tuis
2147 4983 2312 5047 mala,
2343 4991 2396 5038 et
2422 4983 2827 5038 confundantur
2850 4983 2918 5038 ah
2943 4984 3093 5040 omni
3127 4984 3392 5054 potentia,
3415 4992 3472 5038 et

1898 5079 2064 5134 robur
2090 5092 2279 5132 eorum
2313 5084 2654 5130 conteratur.

1967 5169 2058 5224 45.
2098 5170 2461 5238 Cognoscant,
2497 5167 2623 5237 quia
2650 5175 2706 5220 tu
2735 5182 2794 5221 es
2820 5165 3084 5221 Dominus
3129 5165 3270 5222 Deus
3295 5165 3468 5234 solus,

1897 5269 1952 5316 et
1975 5261 2243 5330 gloriosus
2273 5275 2435 5329 super
2469 5260 2785 5312 universum
2817 5259 3004 5311 orbem
3039 5266 3326 5311 terrarum.

1970 5353 2058 5406 46.
2099 5351 2164 5405 Et
2194 5367 2299 5405 non
2333 5350 2639 5416 cessabant,
2672 5349 2764 5418 qui
2795 5349 3091 5418 injecerant
3116 5364 3210 5403 eos
3237 5350 3476 5405 ministri

1897 5445 2059 5511 regis,
2092 5442 2484 5499 succendentes
2517 5440 2793 5496 fornacem
2835 5441 3095 5510 naphtha,
3135 5449 3184 5494 et
3222 5450 3401 5511 stupa,
3428 5453 3475 5494 et

1898 5535 2036 5605 pice,
2071 5541 2124 5588 et
2153 5535 2464 5587 sarmentis.

1968 5623 2057 5677 47.
2101 5622 2167 5677 Et
2194 5621 2572 5677 eifundehalur
2612 5619 2830 5676 flamma
2880 5636 3046 5694 super
3088 5619 3470 5678 fornaccmad

1899 5716 2111 5774 subitos
2147 5715 2505 5786 quadraginta
2530 5729 2766 5770 ιιονοιιι..
