3848 6218
399 312 541 371 28⁵55

1466 299 1721 357 DANIEL
1755 297 1983 356 JUXTA
2020 294 2565 355 THEODOTIONEM

3488 289 3632 348 2856

467 433 556 487 48.
600 429 664 483 Et
690 425 888 497 erupit,
919 434 973 481 et
1000 422 1261 491 incendit,
1289 437 1429 494 quos
1456 423 1665 478 invenit
1685 422 1828 477 circa
1855 420 1967 477 for-

2137 419 2226 473 48.
2258 420 2369 471 Καὶ
2410 416 2687 477 διώδευσε.
2732 415 2828 469 ml
2856 374 3301 486 EVS‘JTGPIO’SV'ODG
3330 402 3454 482 εὗρε
3502 410 3633 482 περὶ

396 537 589 577 nacem
611 522 678 575 de
709 518 999 575 Chaldaeis.

470 615 555 668 49.
596 611 836 681 Angelus
863 616 1045 665 autem
1076 607 1291 663 Domini
1318 606 1477 663 simul
1522 604 1800 662 descendit
1840 618 1967 659 cum

396 706 487 771 iis,
518 706 610 776 qui
637 713 793 760 erant
820 719 943 760 cum
981 702 1179 756 Azaria
1211 702 1269 756 in
1298 700 1600 763 fornacem,
1642 710 1697 753 et
1726 697 1970 753 excussit

394 798 671 852 flammam
701 797 840 867 ignis
872 795 939 850 de
966 793 1209 858 fornace,
1248 801 1304 849 et
1350 791 1477 848 fecit
1510 789 1745 845 medium
1785 787 1969 843 forna-

395 891 497 951 cis,
521 889 682 959 quasi
708 888 962 958 spiritum
987 884 1128 942 roris
1153 884 1392 940 flantem.

466 981 555 1036 50.
595 980 661 1034 Et
689 994 800 1034 non
834 977 1009 1049 tetigit
1036 993 1132 1034 eos
1159 976 1386 1032 omnino
1416 976 1555 1045 ignis
1579 1015 1594 1039 ,
1631 986 1807 1044 neque
1836 985 1969 1028 con-

396 1071 633 1128 tristavit
659 1086 775 1137 eos,
806 1084 986 1140 neque
1017 1068 1324 1124 molestiam
1353 1067 1536 1123 intulit
1564 1067 1665 1121 eis.

467 1255 555 1310 51.
599 1252 755 1308 Tunc
816 1261 927 1308 tres
982 1251 1138 1322 quasi
1181 1266 1249 1306 ex
1274 1264 1385 1305 uno
1434 1263 1529 1303 ore
1573 1247 1887 1314 laudabant,
1916 1255 1970 1302 et

399 1346 795 1419 glorificabant,
820 1353 875 1401 et
907 1343 1301 1400 benedicebant
1329 1340 1501 1397 Deum
1546 1340 1599 1394 in
1638 1339 1862 1395 fornace
1886 1338 1970 1394 di-

399 1452 587 1497 centes
608 1457 624 1495 ε

473 1534 561 1588 52.
598 1529 927 1586 Benedictus
956 1542 1037 1593 es,
1077 1525 1309 1581 Domine
1345 1522 1486 1579 Deus
1510 1531 1723 1592 patrum
1757 1531 1971 1576 nostro-

399 1640 543 1688 rum,
573 1631 628 1679 et
660 1619 951 1677 laudabilis
976 1658 993 1682 ,
1045 1627 1099 1672 et
1160 1617 1599 1686 superexaltatus
1639 1613 1692 1667 in
1726 1613 1921 1667 sarcula
1951 1628 1964 1665 :

398 1728 452 1771 ct
479 1716 819 1770 benedictum
862 1727 1062 1766 nomen
1096 1708 1281 1782 gloriae
1306 1718 1411 1762 tuae
1444 1718 1689 1762 sanctum
1712 1746 1728 1770 ,
1771 1716 1824 1760 et
1846 1705 1968 1761 lau-

398 1806 601 1868 dabile,
638 1814 693 1859 et
717 1802 1179 1873 superexaltatum
1221 1800 1277 1853 in
1310 1798 1531 1853 saecula.

472 1898 561 1951 55.
603 1896 927 1951 Benedictus
954 1910 1013 1948 es
1041 1893 1093 1947 in
1124 1892 1323 1961 templo
1358 1899 1559 1946 sanctae
1591 1888 1777 1961 gloriae
1827 1895 1968 1956 tute,

398 1998 453 2043 et
485 1984 957 2057 superlaudabilis,
985 1993 1040 2039 et
1065 1985 1505 2055 supergloriosus
1554 1986 1609 2039 in
1638 1985 1858 2040 smcula.

470 2082 558 2136 54.
603 2079 926 2133 Benedictus
968 2093 1028 2133 es
1066 2077 1122 2130 in
1155 2078 1356 2132 throno
1386 2076 1574 2147 gloria:
1612 2076 1765 2146 regni
1795 2075 1896 2141 tui,
1919 2081 1973 2131 et

400 2171 877 2243 superlaudabilis,
904 2178 960 2225 et
984 2169 1415 2241 superexaltatus
1446 2170 1505 2226 in
1533 2170 1753 2226 saecula.

474 2376 563 2431 55.
604 2372 929 2428 Benedictus
964 2385 1042 2435 es,
1071 2370 1164 2442 qui
1191 2370 1419 2425 intueris
1468 2369 1729 2440 abyssos,
1780 2369 1976 2431 sedens

403 2484 569 2538 super
612 2464 910 2521 Cherubim
939 2504 955 2529 ,
1003 2471 1058 2518 et
1112 2462 1421 2527 laudabilis,
1467 2474 1521 2517 et
1547 2463 1977 2531 superexaltatus

406 2562 460 2615 in
490 2559 710 2614 saecula.

480 2649 569 2703 56.
611 2647 942 2709 Benedictus
971 2660 1031 2701 es
1065 2645 1119 2700 in
1142 2645 1487 2700 firmamento
1521 2645 1665 2711 caeli,
1700 2654 1755 2701 et
1788 2645 1980 2705 lauda-

408 2742 557 2805 bilis,
592 2750 645 2795 et
675 2741 951 2811 gloriosus
979 2740 1033 2793 in
1064 2739 1284 2793 saecula.

482 2834 570 2888 57.
616 2831 931 2893 Benedicite
953 2830 1137 2884 omnia
1160 2844 1327 2899 opera
1350 2827 1563 2883 Domini
1596 2827 1848 2894 Domino,
1864 2829 1985 2884 lau-

411 2929 555 2992 date,
591 2936 644 2980 ct
672 2922 1072 2994 superexaltate
1109 2936 1229 2976 eum
1266 2921 1319 2974 in
1358 2920 1577 2975 saecula.

485 3020 573 3074 58.
598 3016 910 3072 Benedicite
933 3013 1112 3083 angeli
1140 3012 1355 3067 Domini
1387 3011 1636 3078 Domino,
1664 3013 1900 3078 laudate,
1931 3022 1986 3069 et

415 3113 819 3184 superexaltate
850 3125 972 3164 eum
1002 3110 1058 3163 in
1097 3107 1319 3164 saecula.

487 3206 576 3260 59.
618 3202 924 3259 Benedicite
956 3198 1080 3255 eteli
1143 3197 1394 3262 Domino,
1432 3196 1677 3263 laudate,
1711 3208 1764 3252 et
1792 3213 1985 3268 super-

415 3298 649 3357 exaltate
685 3310 812 3351 eum
850 3293 906 3349 in
934 3292 1153 3349 saecula.

486 3391 574 3447 60.
617 3388 925 3449 Benedicite
952 3401 1111 3454 aquae
1166 3399 1359 3443 omnes
1387 3422 1402 3446 ,
1464 3398 1586 3453 quae
1620 3398 1783 3454 super
1816 3383 1987 3439 caelos

416 3490 568 3547 sunt,
596 3480 828 3535 Domino
856 3518 871 3545 ,
919 3477 1157 3542 laudate,
1203 3484 1259 3530 et
1318 3474 1715 3544 superexaltate
1756 3489 1882 3529 eum
1931 3476 1986 3529 in

416 3572 635 3631 saecula.

487 3665 575 3719 (il.
620 3662 928 3717 Benedicite
956 3674 1148 3715 omnes
1201 3658 1433 3714 virtutes
1464 3656 1683 3713 Domini
1735 3657 1988 3722 Domino,

419 3756 653 3819 laudate,
680 3762 734 3807 et
765 3751 1167 3821 superexaltate
1195 3766 1321 3805 eum
1363 3750 1418 3804 in
1451 3750 1671 3805 sarcula.

489 3841 579 3895 6'2.
624 3839 933 3894 Benedicite
966 3838 1071 3905 sol,
1103 3848 1157 3893 et
1202 3839 1331 3896 luna
1386 3836 1633 3903 Domino,
1664 3836 1897 3902 laudate,
1937 3848 1992 3893 et

419 3933 821 4003 superexaltate
850 3947 975 3987 eum
1010 3932 1065 3985 in
1101 3931 1319 3986 saecula.

490 4027 579 4080 65.
623 4023 935 4081 Benedicite
969 4023 1137 4077 stellae
1169 4022 1291 4077 coeli
1344 4020 1610 4087 Domino,
1669 4021 1906 4087 laudate,
1938 4033 1993 4076 et

422 4116 827 4187 superexaltate
853 4128 981 4170 eum
1018 4114 1073 4168 in
1107 4113 1327 4169 saecula.

491 4209 582 4264 64.
626 4206 940 4268 Benedicite
973 4208 1151 4263 omnis
1175 4207 1372 4271 imber,
1402 4214 1457 4262 et
1481 4220 1574 4261 ros
1596 4205 1846 4272 Domino,
1878 4205 1995 4261 lau~

419 4306 564 4368 date,
592 4312 646 4357 et
673 4301 1072 4371 superexaltale
1097 4315 1220 4357 eum
1244 4300 1297 4353 in
1328 4298 1546 4355 saecula.

492 4396 581 4450 65.
627 4391 933 4447 Benedicite
956 4404 1147 4445 omnes
1199 4388 1425 4458 spiritus
1470 4384 1721 4449 Domino,
1753 4384 1993 4452 lardate,

421 4500 475 4543 et
509 4484 909 4555 supercxaltate
948 4498 1071 4538 eum
1104 4482 1159 4534 in
1206 4478 1431 4534 smcula.

494 4579 584 4633 66.
628 4576 938 4631 Benedicite
968 4574 1130 4643 ignis,
1160 4581 1215 4626 et
1247 4580 1416 4626 aestus
1447 4568 1700 4635 Domino,
1754 4567 1992 4633 laudate,

424 4675 477 4725 et
505 4665 906 4735 superexaltate
935 4677 1059 4718 eum
1088 4663 1143 4715 in
1177 4661 1399 4717 saecula.

495 4757 583 4811 67.
626 4755 937 4810 Benedicite
971 4753 1165 4823 frigus,
1198 4761 1255 4807 et
1284 4760 1451 4809 aastus
1478 4747 1730 4814 Domino,
1758 4749 1996 4819 laudate,

423 4862 479 4913 et
499 4848 901 4921 superexaltate
929 4861 1055 4900 eum
1087 4845 1142 4898 in
1174 4845 1401 4899 saecula.

497 4942 584 4997 68.
631 4941 943 4995 Benedicite
970 4953 1145 5002 rores,
1175 4944 1228 4991 et
1248 4936 1457 5005 pruina:
1485 4935 1736 4999 Domino,
1758 4933 1998 4999 laudate,

425 5046 479 5090 et
510 5033 906 5104 superexaltate
934 5045 1060 5084 eum
1098 5029 1151 5081 in
1182 5029 1401 5083 sazcula.

496 5126 586 5182 69.
623 5124 932 5179 Benedicite
955 5121 1079 5192 gelu
1118 5128 1175 5175 et
1222 5118 1396 5189 frigus
1448 5116 1697 5185 Domino,
1761 5118 1999 5182 laudate,

428 5230 481 5270 ct
511 5214 918 5287 superexaltate
952 5228 1077 5267 eum
1108 5212 1163 5265 in
1194 5211 1413 5266 saecula.

500 5309 586 5363 70.
626 5306 935 5361 Benedicite
955 5303 1178 5374 glacies,
1211 5312 1265 5357 et
1291 5301 1441 5357 nives
1484 5299 1733 5366 Domino,
1766 5301 2001 5366 laudate,

428 5414 482 5455 et
513 5398 917 5469 superexaltate
942 5410 1067 5453 eum
1097 5395 1154 5449 in
1189 5394 1409 5451 secula.

503 5492 590 5545 7f.
632 5487 939 5543 Benedicite
961 5496 1173 5552 noctes,
1220 5493 1275 5540 et
1304 5485 1420 5540 dies
1468 5484 1719 5551 Domino,
1770 5484 2003 5549 laudate,

432 5595 484 5639 ct
511 5580 908 5654 superexaltate
934 5594 1059 5634 eum
1087 5578 1141 5632 in
1171 5578 1392 5633 sazcula.

504 5672 596 5726 72.
635 5669 943 5726 Benedicite
975 5671 1087 5736 lux,
1113 5679 1168 5724 et
1211 5669 1445 5725 tenebra:
1489 5669 1739 5739 Domino,
1770 5669 2006 5737 laudate,

436 5774 489 5824 et
524 5761 919 5839 supereaaltate
949 5778 1076 5840 eum
1102 5762 1158 5820 in
1184 5761 1413 5844 saecula.

2066 510 2164 582 τὴν
2201 509 2431 580 κάμινον
2466 508 2573 561 τῶν
2603 506 2907 563 Χαλδαίων.

2136 603 2225 659 49.
2261 604 2320 656 '0
2344 602 2400 655 δὲ
2421 601 2649 671 ἄγγελος
2674 600 2881 671 Κυρίου
2908 598 3025 670 ἅμα
3047 595 3346 666 συνκατέϐη
3370 594 3483 658 τοῖς
3503 592 3637 664 περὶ

2066 693 2158 747 τόν
2196 692 2451 765 Ἀζαρίαν
2510 694 2589 755 εἰς
2632 691 2731 763 τὴν
2777 691 3029 761 κάμινον,
3082 689 3178 743 ml
3214 685 3482 754 ὲξετίναξε
3532 684 3635 755 τὴν

2069 784 2243 854 φλόγα
2264 783 2359 837 τοῦ
2383 783 2553 855 πυρὸς
2576 786 2639 837 ὲκ
2668 783 2769 853 τῆς
2789 782 3044 854 καμίνου,
3075 782 3173 835 ml
3198 778 3420 850 ἐποίησε
3448 777 3511 831 τὸ
3533 775 3636 848 μέ-

2069 890 2162 927 σον
2185 872 2285 943 τῆς
2304 872 2560 944 καμίνου,
2587 871 2663 936 ῶς
2692 871 2908 942 πνεῦμα
2940 870 3131 941 δρόσου
3163 868 3492 938 διασυρίζον.

2140 962 2229 1017 50.
2263 964 2377 1017 Καὶ
2420 962 2519 1033 οὐχ
2556 962 2733 1032 ἥψατο
2785 962 2961 1015 αὐτῶν
2997 959 3058 1015 τὸ
3096 959 3217 1014 καθ’
3247 960 3370 1013 ὅλου
3413 957 3475 1011 τὸ
3498 956 3636 1030 πῦρ,

2068 1057 2166 1110 ml
2201 1056 2302 1109 οὐκ
2325 1054 2595 1127 ἐλύπησεν
2618 1054 2837 1121 αὐτοὺς,
2876 1054 2972 1109 ml
2993 1054 3054 1108 οὐ
3086 1053 3509 1126 παρηνώχλησεν
3536 1054 3641 1107 αὑ-

2070 1151 2204 1213 τοῖς.

2140 1241 2228 1295 51.
2260 1237 2396 1294 Τότε
2420 1240 2469 1294 οἰ
2497 1239 2645 1310 τρεῖς
2669 1237 2744 1302 ὡς
2770 1236 2829 1304 ἐξ
2859 1237 2976 1302 ἐνὸς
3001 1236 3266 1309 πόματος
3301 1234 3518 1309 ὐμνουν,
3543 1237 3643 1291 ml

2069 1332 2340 1402 ἐδόξαζον,
2374 1335 2467 1389 ml
2492 1334 2746 1405 εὐλόγουν
2773 1334 2865 1388 τὸν
2886 1333 3017 1387 Θεὸν
3041 1333 3098 1386 έν
3115 1334 3182 1404 τῇ
3212 1331 3425 1403 καμίνῳ
3451 1331 3643 1400 λέγον-

2069 1445 2181 1491 τες.

2140 1519 2228 1574 52.
2249 1517 2557 1591 Εὐλογητὸς
2573 1511 2647 1585 εἴ,
2666 1517 2859 1589 Κύριε,
2875 1519 2902 1572 ὁ
2918 1517 3050 1583 Θεὸς
3068 1516 3175 1572 τῶν
3189 1517 3436 1589 πατέρων
3458 1515 3639 1587 ἡμῶν,

2071 1613 2166 1665 ml
2197 1612 2426 1677 αἰνετὸς,
2467 1612 2563 1665 καὶ
2609 1610 3053 1682 ὑπερυψούμενος
3100 1610 3179 1674 εἰς
3223 1609 3352 1674 τούς
3409 1609 3640 1670 αἰῶνας⁸

2071 1706 2166 1760 ml
2193 1703 2557 1775 εὐλογημένον
2588 1703 2651 1758 τὸ
2678 1704 2848 1774 ὄνομα
2879 1702 2978 1774 τῆς
3017 1701 3171 1773 δόξης
3213 1719 3306 1755 σου
3348 1701 3410 1754 τὸ
3444 1701 3599 1770 ἅγιον
3623 1738 3643 1765 ,

2000 1789 2044 1846 Β
2072 1799 2168 1851 ml
2190 1796 2421 1863 αἰνετὸν,
2446 1797 2542 1849 ml
2573 1794 3020 1867 ὑπερυψούμενον
3049 1798 3129 1858 εἰς
3157 1795 3283 1859 τοὺς
3311 1792 3537 1857 αἰῶνας.

2142 1890 2232 1944 55.
2254 1887 2632 1958 Εὐλογημένος
2654 1883 2703 1940 εἰ
2724 1887 2780 1940 ὲν
2800 1885 2877 1957 τῷ
2901 1884 3014 1956 ναῷ
3034 1886 3132 1956 τῆς
3157 1884 3313 1953 ἁγίας
3340 1883 3497 1955 δόξης
3524 1900 3645 1950 σου,

2072 1983 2168 2037 ml
2198 1980 2599 2053 ὑπερυμνητὸς,
2632 1980 2727 2034 ml
2752 1977 3100 2050 ὐπερένδοξος
3130 1978 3207 2043 είς
3236 1978 3362 2041 τοὺς
3382 1976 3608 2039 αἰῶνας.

2144 2077 2234 2131 54.
2265 2074 2644 2146 Εὐλογημένος
2664 2068 2716 2127 εῐ
2732 2073 2827 2127 ἐπὶ
2852 2072 3039 2145 θρόνου
3055 2070 3209 2140 δόξης
3238 2070 3339 2141 τῆς
3370 2068 3646 2140 βασιλείας

2077 2186 2193 2233 σου,
2223 2168 2320 2222 ml
2356 2166 2759 2239 ὑπερυμνητὺς,
2790 2165 2885 2219 ml
2928 2161 3369 2235 ὑπερυψούμενος
3404 2162 3484 2225 εἰς
3521 2161 3648 2223 τοὺς

2076 2261 2299 2323 αἰῶνας-

2148 2353 2238 2408 55.
2265 2349 2647 2425 Εὐλογημένος
2672 2341 2724 2403 εἶ
2739 2350 2768 2404 ὁ
2800 2347 3012 2420 βλέπων
3032 2346 3319 2409 ἀϐύσσους,
3340 2342 3478 2415 καΘὴ
3488 2359 3649 2414 μενος

2078 2446 2172 2500 ἐπὶ
2200 2443 2500 2515 Χερουϐὶμ,
2548 2441 2644 2497 ml
2696 2438 2929 2504 αἰνετὸς,
2967 2439 3062 2493 ml
3096 2435 3537 2507 ὑπερυψούμενος
3568 2436 3649 2499 εἰς

2078 2538 2205 2600 τοὺς
2233 2537 2456 2600 αἰῶνας.

2151 2628 2242 2684 56.
2271 2625 2648 2698 Εὐλογημένος
2688 2617 2739 2677 εἷ
2773 2625 2833 2677 ὲν
2879 2621 2957 2693 τῷ
2990 2619 3329 2694 περεώματι
3356 2616 3451 2672 τοῦ
3483 2618 3651 2689 οὐρα-

2081 2720 2197 2787 νοῦ,
2227 2720 2325 2774 ml
2350 2717 2609 2790 ὑμνητὸς,
2643 2717 2737 2770 ml
2764 2714 3145 2786 δεδοξασμένος
3177 2713 3257 2775 είς
3274 2712 3398 2773 τοὺς
3426 2709 3651 2772 αἰῶνας.

2154 2814 2244 2868 57.
2280 2812 2568 2881 Εὐλογεῖτε
2592 2811 2771 2867 πάντα
2794 2809 2863 2863 τὰ
2893 2808 3029 2880 ἔργα
3071 2805 3277 2878 Κυρίου
3306 2804 3397 2859 τὸν
3423 2803 3651 2875 Κύριον,

2084 2906 2327 2977 ὑμνεῖτε,
2350 2904 2445 2957 ml
2471 2900 2813 2975 ὑπερυψοῦτε
2842 2899 3004 2953 αὑτὸν
3028 2898 3107 2960 εἰς
3131 2898 3256 2960 τοὺς
3284 2895 3510 2958 αἰῶνας.

2155 2997 2245 3053 58.
2275 2996 2561 3064 Εὐλογεῖτε
2585 2994 2804 3063 ἄγγελοι
2825 2991 3029 3063 Κυρίου
3048 2991 3140 3043 τὸν
3166 2988 3388 3061 Κύριον,
3411 2988 3656 3059 ὑμνεῖτε,

2013 3127 2055 3185 C
2087 3094 2182 3148 ml
2211 3089 2553 3163 ὑπερυψοῦτε
2572 3087 2732 3145 αὐτὸν
2758 3087 2837 3149 εἰς
2857 3085 2981 3147 τοὺς
3013 3081 3235 3144 αἰῶνας.

2163 3185 2248 3241 59.
2284 3183 2572 3251 Εὐλογεῖτε
2617 3178 2839 3251 οὐρανοὶ
2867 3175 2959 3230 τὸν
2992 3174 3221 3246 Κύριον,
3270 3172 3514 3244 ὑμνεῖτε,
3564 3171 3661 3226 καὶ

2094 3274 2435 3347 ὑπερυψοῦτε
2464 3272 2621 3327 αὐτὸν
2644 3273 2722 3334 εἰς
2747 3271 2872 3333 τοὺς
2895 3267 3118 3332 αἰῶνας.

2163 3368 2254 3424 60.
2288 3366 2573 3435 Εὐλογεῖτε
2595 3364 2761 3417 ὐδατα
2792 3362 2965 3416 πάντα
2991 3362 3059 3415 τὰ
3095 3358 3275 3414 ὲπάνω
3302 3356 3396 3414 τοῦ
3428 3355 3661 3429 οὐρανοῦ

2092 3463 2184 3518 τὸν
2206 3461 2431 3533 Κύριον,
2458 3459 2701 3530 ὑμνεῖτε,
2726 3456 2823 3510 καὶ
2850 3450 3190 3525 ὑπερυψοῦτε
3216 3449 3376 3505 αὐτὸν
3423 3450 3505 3514 εἰς
3535 3450 3664 3513 τοὺς

2095 3555 2319 3617 αἰῶνας.

2166 3646 2254 3701 61.
2287 3643 2574 3712 Εὐλογεῖτε
2604 3640 2777 3694 πᾶσαι
2801 3638 2857 3691 αἰ
2890 3636 3146 3706 δυνάμεις
3176 3631 3378 3705 Κυρίου
3417 3631 3513 3685 τὸν
3552 3629 3667 3684 Κύ-

2101 3756 2240 3811 ριον,
2259 3739 2496 3809 ὑμνεῖτε,
2529 3734 2625 3789 ml.
2645 3729 2985 3803 ὑπερυψοῦτε
3006 3729 3163 3785 αὑτὸν
3186 3729 3266 3791 εἰς
3290 3728 3415 3792 τοὺς
3436 3725 3665 3788 αἰῶνας.

2165 3830 2254 3885 62.
2277 3829 2563 3897 Εὐλογεῖτε
2587 3826 2758 3897 ἥλιος,
2785 3824 2882 3878 ml
2908 3822 3102 3893 σελήνη
3121 3820 3209 3873 τὸν
3234 3818 3460 3889 Κύριον,
3481 3819 3668 3889 ὑμνεῖ·

2095 3941 2176 3988 τε,
2210 3923 2306 3976 ml
2332 3917 2673 3991 ὑπερυψοῦτε
2709 3915 2870 3970 αὐτὸν
2904 3916 2984 3978 εἰς
3008 3914 3133 3976 τοὺς
3164 3912 3384 3969 αἰῶνας.

2169 4016 2259 4072 6⁸5.
2304 4015 2589 4083 Εὐλογεῖτε
2643 4011 2819 4081 ἄστρα
2862 4007 2956 4062 τοῦ
3004 4005 3235 4079 ούρανοῦ
3280 4005 3371 4059 τὸν
3419 4002 3667 4074 Κύριον,

2101 4110 2339 4180 ὑμνεῖτε,
2376 4106 2471 4159 ml
2497 4101 2835 4175 ὑπερυψοῦτε
2864 4100 3026 4155 αὐτὸν
3059 4100 3144 4160 εἰς
3172 4097 3297 4159 τοὺς
3319 4096 3547 4159 αἰῶνας.

2166 4200 2255 4254 64.
2282 4197 2569 4265 Εὐλογεῖτε
2599 4196 2705 4257 πᾶς
2724 4192 2947 4264 ὄμϐρος,
2976 4191 3077 4244 ml
3112 4189 3299 4260 δρόσος
3327 4188 3418 4241 τὸν
3439 4186 3670 4259 Κύριον,

2099 4292 2341 4364 ὑμνεῖτε,
2373 4288 2467 4341 ml
2494 4282 2833 4356 ὑπερυψοῦτε
2856 4280 3019 4335 αὐτὸν
3039 4281 3119 4342 εἰς
3144 4280 3271 4342 τοὺς
3299 4277 3525 4341 αἰῶνας.

2170 4384 2259 4439 65.
2291 4381 2577 4451 Εὐλογεῖτε
2615 4377 2794 4431 πάντα
2847 4375 2918 4429 τὰ
2962 4372 3246 4441 πνεύματα
3300 4369 3392 4423 τὸν
3435 4370 3668 4441 Κύριον,

2024 4489 2069 4545 ι)
2098 4477 2337 4548 ὑμνεῖτε,
2368 4472 2464 4526 καὶ
2488 4467 2827 4540 ὑπερυψοῦτε
2854 4464 3019 4520 αὑτὸν
3052 4465 3132 4527 εἰς
3156 4462 3282 4525 τοὺς
3301 4460 3526 4522 αἰῶνας.

2168 4567 2254 4622 66.
2287 4565 2572 4633 Εὐλογεῖτε
2606 4560 2737 4631 πῦρ,
2771 4558 2869 4612 καὶ
2901 4555 3089 4626 καῦμα
3117 4553 3208 4607 τὸν
3235 4551 3456 4623 Κύριον,
3486 4552 3675 4622 ὑμνεῖ-

2096 4677 2179 4726 τε,
2202 4659 2297 4713 ml
2321 4652 2664 4726 ὑπερυψοῦτε
2689 4649 2851 4706 αὐτὸν
2879 4649 2960 4711 εἰς
2988 4648 3111 4708 τοὺς
3141 4645 3366 4706 αἰῶνας.

2171 4751 2260 4805 67.
2293 4748 2577 4814 Εὐλογεῖτε
2623 4742 2827 4813 ψύχος,
2882 4740 2976 4793 ml
3026 4734 3218 4807 καῦμα
3275 4734 3363 4788 τὸν
3415 4732 3675 4805 Κύριον,

2102 4844 2341 4915 ὑμνεῖτε,
2371 4839 2466 4891 ml
2484 4832 2825 4907 ὑπερυψοῦτε
2859 4829 3022 4886 αὐτόν
3048 4831 3128 4893 εἰς
3153 4829 3279 4891 τοὺς
3298 4826 3518 4888 αἰῶνας.

2170 4934 2260 4989 68.
2307 4930 2592 4997 Εὐλογεῖτε
2644 4924 2845 4997 δρόσοι,
2898 4922 2995 4976 ml
3047 4920 3252 4990 vupe'tol
3289 4918 3382 4971 τὸν
3437 4916 3674 4989 Κύριον,

2104 5028 2345 5098 ὑμνεῖτε,
2372 5022 2468 5076 ml
2499 5016 2839 5091 ὑπερυψοῦτε
2876 5012 3037 5071 αὐτὸν
3064 5014 3145 5075 εἰς
3161 5011 3288 5074 τούς
3310 5010 3531 5073 αἰῶνας.

2174 5117 2260 5172 69.
2292 5113 2575 5181 Εὐλογεῖτε
2599 5108 2782 5178 πάγοι,
2809 5106 2904 5159 ml
2921 5103 3092 5175 ψύχος
3124 5102 3214 5155 τὸν
3242 5100 3465 5170 Κύριον,
3484 5099 3679 5169 ὑμνεῖ-

2104 5226 2185 5274 τε,
2225 5210 2319 5261 ml
2355 5200 2695 5275 ὑπερυψοῢτε
2721 5197 2882 5253 αὐτὸν
2914 5198 2994 5259 εἰς
3016 5194 3142 5257 τοὺς
3167 5193 3387 5256 αἰῶνας.

2176 5297 2266 5353 76.
2301 5292 2583 5363 Εὐλογεῖτε
2629 5288 2829 5358 πάχνη,
2881 5286 2976 5340 ml
3037 5282 3216 5354 χιόνες
3281 5281 3373 5335 τὸν
3424 5279 3677 5350 Κύριον,

2109 5390 2344 5460 ὑμνεῖτε,
2377 5387 2472 5439 ml
2508 5379 2849 5454 ὑπερυψοῦτε
2880 5376 3043 5431 αὐτὸν
3073 5378 3151 5438 είς
3172 5374 3299 5436 τοὺς
3332 5372 3557 5433 αἰῶνας.

2174 5483 2265 5536 71.
2293 5479 2577 5546 Εὐλογεῖτε
2625 5473 2838 5537 νύκτες,
2897 5469 2994 5523 ml
3040 5467 3244 5540 ἡμέραι
3300 5465 3391 5517 τὸν
3440 5462 3681 5532 Κύριον,

2109 5575 2348 5647 ὑμνεῖτε,
2376 5571 2471 5625 ml.
2508 5564 2848 5638 ὑπερυψοῦτε
2884 5558 3047 5616 αὐτὸν
3081 5559 3160 5621 εἰς
3190 5557 3316 5619 τοὺς
3340 5552 3566 5617 αἰῶνας.

2184 5666 2271 5719 72.
2307 5662 2586 5731 Εὐλογεῖτε
2618 5658 2753 5728 φῶς,
2787 5654 2883 5710 ml
2912 5652 3101 5715 σκότος
3123 5649 3211 5703 τὸν
3237 5646 3459 5716 Κύριον,
3480 5646 3684 5715 ὑμνεῖ.

2111 5778 2191 5829 τε,
2221 5757 2314 5812 ml
2341 5749 2678 5827 ύπερυψοῦτε
2701 5745 2862 5804 αὐτὸν
2893 5744 2973 5809 εἰς
3002 5742 3127 5805 τοὺς
3165 5737 3384 5801 αἰῶνας.
