3848 6218
185 238 339 298 2857

1598 236 1825 295 CAPUT
1858 237 1952 295 III.

3290 244 3433 301 2858

263 351 356 406 75.
389 348 673 419 Εὑλογεῖτε
700 349 1000 423 ἀστραπαὶ,
1028 352 1132 407 καὶ·
1146 352 1368 425 νεφέλαι
1409 351 1503 407 τὸν
1539 354 1744 425 Κύριον

1935 351 2025 407 75.
2068 351 2375 411 Benedicite
2405 354 2640 423 fulgura,
2687 365 2741 410 et
2773 355 2946 411 nubes
3005 328 3259 422 Domino,
3317 360 3434 414 la'u-

191 444 437 513 ὑμνεῖτε,
472 444 577 496 καὶ
605 442 948 514 ὑπερυψοῦτε
982 444 1146 501 αὐτὸν
1172 446 1255 509 εἰς
1286 446 1413 509 τοὺς
1441 444 1665 507 αἰῶνας.

264 536 354 591 74.
378 536 667 607 Εὑλογήτω
691 537 724 607 ή
745 536 817 608 γῆ
837 537 928 590 τὸν
950 537 1174 609 Κύριον,
1206 536 1463 609 ὑμνείτω,
1491 536 1585 590 καὶ
1600 536 1766 608 ὑπερ-

188 627 591 698 υψούτωναὺτὸν
618 629 700 691 εἰς
735 628 860 693 τοὺς
894 629 1116 694 αἰῶνας.

261 720 356 774 75.
381 718 667 789 Εὑλογεῖτε
686 720 809 791 ὅρη,
837 723 931 775 καὶ
956 721 1137 792 βουνοὶ
1161 722 1254 777 τὸν
1277 721 1504 795 Κύριον,
1521 722 1763 796 ὑμνεῖτε,

185 812 289 865 καὶ
318 810 661 883 ὑπερυψοῦτε
699 813 859 868 αὑτὸν
891 815 973 879 εἰς
998 816 1125 879 τοὺς
1152 815 1378 880 αἰῶνας.

266 903 361 959 76.
392 903 680 973 Εὑλογεῖτε
727 906 902 961 πάντα
958 908 1028 961 τὰ
1061 907 1307 979 φύομενα
1353 910 1411 963 ὲν
1462 910 1529 981 τῇ
1567 910 1638 980 γῇ
1671 908 1765 963 τὸν

186 994 423 1064 Κύριον,
470 996 713 1066 ὑμνεῖτε,
768 998 865 1052 καὶ
918 998 1261 1073 ὑπερυψοῦτε
1307 1000 1472 1056 αὐτὸν
1519 1003 1600 1067 εἰς
1638 1002 1764 1067 τοὺς

183 1086 416 1151 αἰῶνας.

259 1177 351 1233 77.
386 1178 674 1247 Εὐλογεῖτε
700 1179 758 1234 αἰ
787 1180 966 1252 πηγαὶ
992 1179 1083 1235 τὸν
1106 1181 1335 1254 Κύριον,
1366 1182 1620 1255 ὑμνεῖτε,
1666 1184 1763 1238 καὶ

185 1268 534 1341 ὑπερυψοῦτε
564 1270 727 1325 αὑτὸν
750 1273 831 1336 εἰς
858 1272 985 1336 τοὺς
1016 1274 1242 1337 αἰῶνας.

260 1364 350 1419 78.
385 1364 674 1434 Εὑλογεῖτε
708 1365 995 1431 θάλασσαι,
1018 1366 1115 1419 καὶ
1150 1366 1387 1437 ποταμοὶ
1413 1366 1506 1420 τὸν
1532 1365 1759 1438 Κύριον,

181 1453 433 1525 ὑμνεῖτε,
460 1457 558 1509 καὶ
590 1455 931 1529 ὑπερυψοῦτε
966 1456 1127 1509 αὑτὸν
1164 1458 1244 1520 εἰς
1274 1457 1402 1520 τοὺς
1430 1457 1652 1521 αἰῶνας.

256 1546 347 1601 79.
386 1547 673 1617 Εύλογεῖτε
723 1549 859 1619 κήτη
887 1586 903 1612 ,
953 1549 1048 1602 καὶ
1080 1548 1258 1603 πάντα
1282 1548 1352 1603 τὰ
1381 1549 1672 1620 κινούμενα
1701 1551 1760 1604 ὲν

178 1639 299 1701 τοῖς
333 1636 488 1691 ὕδασι
517 1638 609 1692 τὸν
644 1636 870 1709 Κύριον,
905 1638 1143 1709 ὑμνεῖτε,
1174 1641 1268 1693 καὶ
1299 1640 1639 1711 ὑπερυψοῦτε
1660 1642 1758 1694 αὺ-

182 1731 278 1783 τὸν
304 1732 386 1794 εἰς
409 1732 534 1794 τοὺς
566 1731 791 1794 αἰῶνας.
1154 1742 1159 1749 ’

256 1822 348 1877 80.
390 1821 675 1891 Εὐλογεῖτε
703 1824 879 1879 πάντα
922 1821 990 1877 τὰ
1035 1822 1265 1877 πετεινὰ
1292 1822 1383 1876 τοῦ
1414 1823 1643 1895 ούρανοῦ
1670 1823 1761 1876 τὸν

189 1914 421 1984 Κύριον,
480 1912 698 1984 ὑμνεῖτε
724 1952 739 1981 ,
787 1917 884 1968 καὶ
917 1913 1261 1985 ὑπερυψοῦτε
1306 1912 1466 1967 αὑτὸν
1508 1915 1587 1978 εἰς
1634 1914 1762 1978 τοὺς

182 2005 407 2067 αἰῶνας.

255 2098 346 2151 81.
384 2096 667 2167 Εὑλογεῖτε
698 2097 879 2151 πάντα
917 2095 987 2151 τὰ
1029 2096 1214 2168 θηρία,
1237 2096 1333 2150 καὶ
1362 2096 1432 2150 τὰ
1462 2096 1631 2168 κτήνη
1668 2096 1761 2150 τὸν

182 2188 412 2260 Κύριον,
442 2189 683 2261 ὑμνεῖτε,
714 2192 810 2243 καί⁵
832 2188 1172 2261 ὑπερυψοῦτε
1193 2188 1353 2242 αὑτὸν
1374 2190 1453 2253 εἰς
1480 2190 1607 2251 τοὺς
1630 2188 1760 2243 αἰῶ-

180 2298 300 2345 νας.

251 2371 343 2426 82.
378 2370 665 2440 Εὑλογεῖτε
712 2370 821 2424 υἱοὶ
874 2370 983 2425 τῶν
1030 2370 1333 2442 ἀνθρώπων
1383 2371 1477 2424 τὸν
1531 2370 1758 2445 Κύριον,

180 2464 423 2535 ὑμνεῖτε,
442 2465 537 2518 καὶ
566 2463 912 2536 ὑπερυψοῦτε
941 2464 1102 2518 αὑτὸν
1123 2466 1202 2527 εἰς
1226 2464 1354 2527 τοὺς
1391 2463 1614 2527 αἰῶνας.

251 2556 340 2609 85.
368 2554 654 2624 Εὑλογεῖτε
702 2556 812 2609 υἰοί⁸
853 2555 1067 2628 Ἰσραὴλ
1100 2556 1190 2609 τὸν
1240 2556 1466 2629 Κύριον,
1516 2557 1755 2628 ὑμνεῖτε,

181 2648 278 2701 καὶ
311 2647 653 2718 ὑπερυψοῦτε
677 2648 839 2703 αὑτὸν
873 2650 951 2711 εἰς
972 2650 1099 2711 τοὺς
1125 2648 1347 2712 αἰῶνας.

250 2738 343 2793 84.
383 2735 671 2807 Εὑλογεῖτε
723 2738 891 2807 ἱερεῖς
940 2738 1034 2790 τὸν
1083 2737 1310 2807 Κύριον,
1368 2736 1611 2805 ὑμνεῖτε,
1661 2737 1758 2790 καὶ⁵

178 2828 523 2900 ὑπερυψοῦτε
544 2829 706 2883 αὑτὸν
736 2831 815 2892 εἰς
848 2828 974 2892 τοὺς
1003 2827 1227 2891 αἰῶνας.

249 2920 338 2973 85.
362 2919 646 2988 Εὑλογεῖτε
670 2919 846 2973 δοῦλοι
892 2920 1099 2991 Κυρίου
1133 2918 1224 2972 τὸν
1257 2918 1479 2990 Κύριον,
1512 2918 1753 2989 ὑμνεῖτε,

177 3010 275 3064 καὶ
299 3010 642 3082 ὑπερυψοῦτε
663 3010 827 3065 αὑτὸν
858 3010 937 3074 εἰς
968 3011 1095 3073 τοὺς
1118 3010 1342 3075 αἰῶνας.

249 3102 339 3157 86.
376 3103 660 3171 Εὑλογεῖτε
702 3102 1008 3172 πνεύματα,
1044 3102 1140 3155 καὶ
1191 3101 1366 3172 ψυχαὶ
1414 3101 1639 3157 δικαίων
1661 3102 1753 3157 τὸν

178 3198 407 3268 Κύριον,
436 3198 677 3267 ὑμνεῖτε,
701 3197 798 3251 καὶ
815 3194 1158 3268 ὑπερυψοῦτε
1182 3196 1345 3249 αὑτὸν
1367 3196 1447 3260 εἰς
1473 3198 1599 3262 τοὺς
1620 3198 1755 3252 αἰῶ-

178 3305 299 3354 νας.

249 3380 339 3434 87.
376 3378 847 3448 Εὑλογεῖτε,ὃσιοι,
895 3380 991 3433 καὶ
1026 3379 1381 3451 ταπεινοὶ,τῇ
1424 3380 1623 3453 καρδίᾳ
1662 3381 1753 3435 τὸν

177 3472 404 3542 Κύριον,
433 3472 672 3543 ὑμνεῖτε,
700 3472 793 3525 καὶ
818 3470 1158 3542 ὑπερυψοῦτε
1183 3470 1345 3525 αὑτὸν
1366 3472 1595 3535 εἰςτοὺς
1622 3471 1755 3525 αἰῶ-

177 3581 296 3627 νας.

247 3656 337 3711 88.
375 3656 659 3725 Εὑλογεῖτε
698 3656 937 3721 Ἀνανία,
978 3656 1226 3728 Ἀζαρία,
1269 3656 1489 3728 Μισαὴλ
1524 3657 1616 3710 τὸν
1638 3656 1752 3711 Κύ-

178 3765 316 3819 ριον,
354 3748 575 3817 ὑμνεῖτε
598 3788 613 3813 ,
656 3748 752 3801 καὶ
791 3747 1133 3818 ὑπερυψοῦτε
1159 3748 1321 3801 αὑτὸν
1343 3750 1422 3811 εἰς
1450 3748 1577 3811 τοὺς
1614 3748 1752 3801 αἰῶ-

178 3857 295 3903 νας.
333 3839 455 3893 Ὅτι
475 3838 746 3911 ἐρρύσατο
770 3840 919 3909 ἡμᾶς
955 3838 1015 3904 ἐξ
1044 3839 1195 3911 ᾅδου,
1230 3840 1325 3892 καὶ
1350 3842 1415 3892 ὲκ
1444 3840 1623 3911 χειρὸς
1651 3838 1740 3893 θαι

176 3930 340 3985 νὰτου
374 3928 577 3985 ἔσωσεν
604 3930 783 4000 ἡμᾶς·
831 3930 926 3982 καὶ
966 3929 1239 4002 ἐρρύσατο
1284 3931 1430 4001 ἡμᾶς
1484 3932 1550 3983 ὲκ
1584 3930 1749 4001 μέσου

176 4021 472 4092 καιομένης
512 4021 731 4091 φλογὸς,
785 4022 883 4076 καὶ
934 4023 1000 4077 ἐκ
1047 4022 1217 4093 μέσου
1260 4023 1430 4094 πυρὸς
1484 4023 1753 4096 ἐρρύσατο

175 4114 344 4185 ἡμᾶς.
1746 4154 1759 4163 .

248 4206 337 4261 89.
387 4203 827 4275 Ἑξομολογεῖσθε
880 4204 960 4276 τῷ
988 4205 1215 4277 Κυρίῳ,
1260 4207 1340 4261 ὅτι
1368 4207 1634 4278 χρηστὸς,
1666 4209 1748 4263 ὅτι

177 4298 257 4359 είς
288 4297 380 4349 τὸν
410 4298 578 4351 αἰῶνα
606 4297 666 4351 τὸ
698 4298 846 4362 ἔλεος
873 4297 1059 4353 αὑτοῦ.

1864 443 2008 506 date,
2043 454 2098 499 et
2122 448 2516 516 superexaltate
2551 462 2673 502 eum
2704 447 2758 501 in
2788 447 3007 502 saecula.
3118 478 3119 481 η

1937 535 2023 590 74.
2065 534 2356 594 Benedicat
2392 549 2539 594 terra
2595 538 2846 606 Domino,
2883 539 3087 607 laudet,
3127 549 3185 595 et
3241 554 3437 610 super-

1863 629 2064 685 exaltet
2097 646 2223 685 eum
2253 630 2309 685 in
2340 633 2563 687 saecula.

1935 721 2021 776 75.
2059 721 2365 778 Benedicite
2390 733 2621 788 montes,
2650 731 2703 779 et
2722 722 2886 779 colles
2912 721 3164 788 Domino,
3192 720 3430 789 laudate,

1862 820 1918 868 et
1942 814 2336 884 superexaltate
2373 830 2497 870 eum
2528 815 2580 868 in
2613 816 2830 871 saecula.

1934 904 2021 959 76.
2062 905 2374 961 Benedicite
2445 905 2702 960 universa
2754 904 3118 975 germinantia
3166 906 3221 959 in
3286 912 3431 960 terra

1863 997 2118 1065 Domino,
2151 999 2390 1067 laudate,
2416 1008 2472 1055 et
2498 998 2897 1071 superexaltate
2916 1015 3039 1054 eum
3073 1000 3127 1054 in
3153 1000 3373 1055 saecula.

1935 1175 2023 1230 77.
2064 1175 2372 1233 Benedicite
2407 1175 2586 1233 fontes
2622 1176 2874 1246 Domino,
2902 1175 3141 1242 laudate,
3164 1186 3218 1231 et
3237 1192 3432 1248 super-

1860 1268 2094 1322 exaltate
2124 1283 2249 1323 eum
2284 1269 2339 1323 in
2378 1270 2598 1325 saecula.

1932 1358 2018 1413 78.
2062 1358 2369 1416 Benedicite
2393 1362 2586 1427 maria,
2608 1370 2661 1417 et
2686 1360 2908 1417 ﬂumina
2923 1361 3171 1429 Domino,
3194 1362 3429 1427 laudate,

1859 1461 1913 1507 et
1943 1453 2340 1522 superexaltate
2369 1469 2493 1509 eum
2516 1456 2571 1509 in
2604 1455 2822 1510 saecula.

1932 1544 2020 1601 79.
2062 1545 2368 1601 Benedicite
2390 1554 2531 1611 cete,
2560 1556 2616 1603 et
2653 1549 2856 1615 omnia,
2886 1564 3009 1619 quae
3058 1557 3344 1605 moventur
3374 1549 3429 1603 in

1860 1639 2018 1708 aquis
2047 1639 2297 1707 Domino,
2322 1640 2557 1705 laudate,
2588 1648 2643 1695 et
2671 1642 3073 1711 superexaltate
3105 1658 3226 1696 eum
3254 1641 3309 1695 in
3330 1656 3431 1697 sa)-

1790 1710 1834 1765 B
1862 1732 2003 1786 cula.

1931 1824 2017 1879 80.
2063 1824 2370 1880 Benedicite
2424 1840 2615 1880 omnes
2676 1825 2927 1880 volucres
2992 1824 3118 1881 coeli
3177 1824 3427 1889 Domino,

1860 1916 2098 1983 laudate,
2131 1925 2186 1971 et
2220 1917 2621 1986 superexaltate
2654 1932 2780 1972 eum
2812 1917 2869 1971 in
2903 1919 3127 1973 saecula.

1928 2088 2019 2144 81.
2060 2087 2369 2144 Benedicite
2395 2104 2587 2145 omnes
2626 2089 2834 2155 bestiae,
2875 2098 2929 2145 et
2960 2087 3425 2159 pecoraDomino,

1860 2180 2094 2248 laudate,
2124 2191 2179 2236 et
2209 2181 2607 2251 superexaltate
2637 2196 2762 2236 eum
2786 2181 2840 2236 in
2873 2182 3091 2237 sazcula.

1929 2382 2018 2437 82.
2058 2382 2366 2438 Benedicite
2392 2382 2488 2437 lilii
2522 2382 2805 2438 hominum
2830 2382 3085 2449 Domino,
3118 2383 3357 2447 laudate,
3374 2393 3431 2438 et

1858 2471 2260 2541 superexaltate
2284 2486 2407 2524 eum
2438 2470 2495 2525 in
2524 2471 2743 2526 saecula.

1928 2563 2018 2618 85.
2060 2562 2371 2618 Benedicite
2421 2562 2517 2617 lilii
2551 2561 2718 2618 Israel
2774 2562 3007 2620 Domino
3035 2603 3051 2630 ,
3094 2564 3330 2628 laudate,
3375 2574 3431 2620 et

1858 2656 2259 2727 superexaltate
2292 2670 2415 2710 eum
2454 2656 2510 2710 in
2540 2657 2762 2712 saecula.

1929 2749 2018 2803 8t.
2060 2748 2371 2804 Benedicite
2402 2749 2718 2804 sacerdotes
2772 2747 3008 2804 Domino
3032 2789 3049 2803 .
3098 2748 3340 2815 laudate,
3374 2760 3431 2805 et

1857 2838 2256 2907 superexaltate
2287 2853 2411 2892 eum
2443 2838 2498 2892 in
2533 2838 2753 2892 szecula.

1927 2930 2016 2984 85.
2060 2929 2367 2985 Benedicite
2404 2930 2547 2986 servi
2585 2931 2799 2985 Domini
2830 2930 3085 2998 Domino,
3122 2930 3354 2996 laudate,
3373 2944 3428 2987 et

1782 3039 1827 3098 ο
1859 3023 2257 3092 superexaltate
2281 3037 2407 3078 eum
2442 3023 2496 3076 in
2524 3022 2747 3078 saecula.

1931 3115 2020 3170 86.
2059 3113 2369 3170 Benedicite
2394 3115 2639 3185 spiritus,
2681 3122 2736 3171 et
2773 3114 2969 3169 animae
3014 3114 3289 3184 justorum
3323 3116 3427 3170 Ι)οφ

1861 3203 2030 3271 mino,
2065 3203 2302 3270 laudate,
2329 3211 2383 3258 et
2412 3203 2805 3272 superexaltate
2830 3220 2955 3259 eum
2982 3204 3040 3259 in
3066 3205 3284 3261 saecula.

1930 3377 2017 3431 87.
2058 3376 2365 3431 Benedicite
2402 3375 2600 3441 sancti,
2638 3384 2692 3430 et
2726 3376 2957 3433 humiles
2984 3379 3147 3434 corde
3168 3379 3427 3445 Domina,

1859 3463 2095 3529 laudate,
2127 3470 2181 3518 et
2210 3461 2607 3532 superexaltate
2637 3477 2764 3517 eum
2798 3462 2853 3517 in
2888 3465 3082 3518 szecnla

1929 3650 2018 3706 88.
2059 3649 2370 3706 Benedicite
2394 3650 2630 3719 Anania,
2657 3652 2872 3720 Azaria,
2927 3652 3114 3708 Misael
3170 3653 3422 3715 Domino.

1857 3742 2093 3806 laudate,
2122 3750 2177 3796 et
2202 3742 2597 3811 superexaltate
2623 3758 2748 3799 eum
2780 3746 2836 3799 in
2887 3746 3103 3799 saecula.
3125 3744 3262 3811 Quia
3282 3747 3427 3802 eruit

1857 3849 1956 3889 nos
1981 3837 2049 3890 de
2069 3833 2301 3898 inferno,
2332 3843 2386 3889 et
2409 3834 2479 3890 de
2506 3850 2668 3889 manu
2705 3836 2899 3891 mortis
2928 3836 3107 3892 salvos
3149 3836 3275 3892 fecit
3303 3853 3422 3901 nos,

1855 3935 1911 3982 et
1942 3926 2193 3982 liberavit
2224 3940 2326 3981 nos
2358 3926 2426 3980 de
2478 3926 2660 3982 medio
2698 3928 2939 3983 ardentis
2984 3930 3234 3996 ﬂammae,
3269 3939 3323 3985 et
3356 3932 3423 3987 de

1856 4020 2037 4075 medio
2065 4019 2205 4090 ignis
2234 4018 2375 4074 eruit
2405 4032 2531 4074 nos.

1923 4194 2371 4252 89.Conﬁtemini
2406 4196 2654 4258 Domino,
2685 4195 2940 4265 quoniam
2960 4194 3419 4267 bonus,qnoniam

1852 4292 1905 4346 in
1941 4301 2205 4346 aeternum
2246 4290 2623 4345 misericordia
2656 4290 2796 4359 ejus.

248 4383 337 4437 90.
367 4383 650 4453 Εὑλογεῖτε
684 4386 883 4450 πάντες
940 4387 990 4439 οἰ
1046 4386 1328 4458 σεϐόμενοι
1374 4388 1465 4441 τὸν
1514 4389 1741 4460 Κύριον,

1922 4384 2012 4439 90.
2052 4383 2365 4439 Benedicite
2411 4398 2602 4438 omnes
2666 4381 2906 4436 colentes
2966 4380 3285 4449 Dominum,
3318 4380 3422 4438 Do-

177 4475 382 4547 Κύριον
402 4477 493 4531 τὸν
525 4476 658 4530 Θεὸν
678 4477 786 4531 τῶν
811 4478 969 4541 θεῶν,
1005 4479 1247 4549 ὑμνεῖτε,
1277 4480 1373 4532 καὶ
1406 4479 1744 4550 ἐξομολογεῖ-

179 4569 295 4633 σθε,
322 4571 402 4623 ὅτι
432 4572 511 4633 εἰς
544 4570 752 4633 πάντας
776 4570 900 4633 τοὺς
926 4570 1127 4634 αἰῶνας
1152 4570 1213 4623 τὸ
1242 4570 1387 4633 ἔλεος
1421 4570 1603 4625 αὑτοῦ.

248 4662 337 4716 91.
381 4663 491 4715 Καὶ
517 4661 985 4734 Ναϐουχοδονόσορ
1032 4663 1264 4734 ἤκουσεν
1313 4662 1623 4733 ὑμνούντων
1651 4663 1746 4716 αὑ-

177 4752 305 4819 τῶν,
342 4754 437 4806 καὶ
479 4753 781 4822 ἐθαύμασε,
820 4754 930 4807 ,καὶ
986 4753 1245 4823 ἐξανέστη
1284 4752 1341 4804 ὲν
1371 4754 1597 4823 σπουδῇ,
1649 4754 1746 4807 καὶ¹

179 4841 301 4897 εἷπε
332 4847 445 4908 τοῖς
482 4846 802 4914 μεγιστᾶσιν
837 4844 1023 4897 αὐτοῦ·
1050 4845 1186 4913 Οὐχὶ
1212 4843 1408 4915 ἄνδρας
1430 4846 1577 4915 τρεῖς
1616 4844 1743 4898 ἐδά-

178 4936 346 5005 ).ομεν
384 4938 464 5001 εἰς
501 4938 665 5006 μέσον
698 4938 790 4993 τοῦ
814 4940 985 5013 πυρὸς
1018 4940 1458 5010 πεπεδημένους;
1495 4941 1590 4993 καὶ
1613 4941 1747 4993 ἀπο-

180 5028 459 5099 κριθέντες
479 5029 696 5098 λέγουσι
722 5030 800 5101 τῷ
824 5031 1031 5101 βασιλεῖ
1047 5046 1062 5063 ο
1108 5030 1368 5103 Ἀληθῶς,
1396 5030 1641 5100 βασιλεῦ.

254 5120 344 5175 92.
378 5122 487 5175 Καὶ
531 5121 849 5193 ἀποκριθεὶς
891 5119 1042 5176 εἶπεν
1074 5123 1102 5174 ὁ
1150 5121 1401 5193 βασιλεύς
1424 5139 1439 5152 ο
1471 5115 1597 5175 Ὧδε
1636 5121 1747 5191 ἐγὼ

180 5213 289 5285 ὁρῶ
318 5212 516 5282 ἄνδρας
547 5214 818 5284 τέσσαρας
854 5213 1178 5284 λελυμένους
1224 5211 1658 5285 περιπατοῦντας
1686 5216 1745 5267 ὲν

184 5306 336 5376 μέσῳ
354 5304 447 5358 τοῦ
470 5306 661 5376 πυρὸς,
693 5306 789 5360 καὶ
809 5305 1072 5375 διαφθορὰ
1096 5306 1196 5357 οὐκ
1228 5304 1378 5359 ἔστιν
1414 5306 1616 5371 αὐτοῖς,
1647 5306 1744 5359 καὶ

180 5401 212 5469 ἡ
242 5399 429 5470 ὅρασις
450 5396 543 5451 τοῦ
564 5397 825 5469 τετάρτου
855 5398 1014 5467 ὁμοία
1044 5397 1145 5467 υίῷ
1175 5395 1332 5451 Θεοῦ.

246 5491 340 5544 95.
363 5490 498 5543 Τότε
526 5489 794 5562 προσῆλθε
815 5488 1283 5559 Ναϐουχοδονόσορ
1308 5486 1442 5559 πρὸς
1457 5487 1554 5558 τὴν
1571 5486 1741 5558 θύραν

181 5580 276 5650 τῆς
302 5581 534 5650 καμίνου
577 5581 669 5635 τοῦ
718 5581 888 5652 πυρὸς
935 5581 1036 5651 τῆς
1082 5580 1398 5650 καιομένης,
1428 5580 1524 5632 καὶ
1552 5574 1737 5631 εἶπεν·

180 5672 653 5746 Σεδρὰχ,’Μισὰχ,
697 5672 1031 5743 Ἀϐδεναγώ,
1067 5674 1117 5728 οἰ
1157 5670 1441 5727 δοῦλοιτοῦ
1481 5668 1741 5725 Θεοῦτοῦ

1850 4476 1998 4531 mino
2025 4474 2137 4530 Deo
2158 4476 2403 4536 deorum,
2435 4474 2669 4541 laudate,
2702 4483 2756 4530 et
2785 4475 3418 4545 contitemini,quoniam

1848 4571 1903 4625 in
1939 4569 2123 4623 omnia
2155 4568 2350 4623 saecula
2383 4567 2758 4623 misericordia
2783 4568 2925 4637 ejus.

1917 4661 2006 4716 9t.
2047 4659 2113 4714 Et
2132 4658 2634 4715 Nabuchodonosor
2663 4660 2868 4715 audivit
2893 4660 3175 4715 laudantes
3204 4660 3421 4719 illos.et

1848 4752 2149 4822 obstupuit,
2177 4758 2231 4806 et
2259 4752 2501 4807 surrexit
2550 4767 2802 4821 propere,
2851 4761 2904 4807 et
2950 4752 3027 4807 ait
3061 4750 3418 4821 optimatibus

1848 4846 1998 4901 suis:
2024 4844 2213 4899 Nonne
2254 4844 2402 4899 viros
2436 4852 2546 4899 tres
2584 4845 2836 4900 misimus
2880 4845 2933 4899 in
2987 4846 3226 4900 medium
3276 4846 3419 4915 ignis

1847 4933 2225 5006 compeditos?
2258 4944 2314 4990 et
2368 4935 2763 5005 respondentes
2815 4934 3005 4989 dicunt
3058 4935 3171 5005 regi
3206 4952 3219 4987 :
3256 4935 3415 5000 Vere,

1847 5042 1965 5080 rex.

1915 5117 2003 5172 92.
2045 5116 2112 5172 Ει
2142 5118 2481 5189 respondens
2515 5117 2653 5172 dixit
2681 5132 2816 5170 rex:
2880 5116 2975 5172 Hic
3013 5130 3115 5183 ego
3145 5115 3306 5170 video
3337 5115 3418 5168 vi-

1847 5224 1940 5265 ros
1974 5220 2208 5280 quatuor
2242 5211 2454 5265 solutos
2482 5209 2826 5262 ambulantes
2853 5207 2907 5261 in
2944 5209 3124 5262 medio
3164 5208 3326 5278 ignis,
3360 5218 3417 5263 et

1846 5302 2123 5371 corruptio
2149 5316 2259 5355 non
2285 5310 2368 5356 est
2416 5300 2469 5354 in
2497 5302 2600 5367 eis,
2652 5309 2707 5355 et
2749 5301 2958 5371 species
3005 5302 3185 5371 quarti
3218 5304 3414 5357 similis

1845 5394 1958 5447 ﬁlio
1992 5392 2108 5447 Dei.

1915 5487 2003 5540 95.
2046 5484 2200 5540 Tune
2243 5487 2478 5542 accessit
2534 5484 3041 5543 Nabuchodonosor
3086 5488 3154 5543 ad
3209 5490 3409 5544 ostium

1844 5576 2084 5632 fornacis
2113 5578 2251 5648 ignis
2276 5579 2537 5645 ardentis,
2559 5587 2613 5633 et
2637 5579 2777 5634 dixit
2818 5598 2832 5634 :
2874 5580 3113 5635 Sedrach
3139 5621 3153 5647 ,
3184 5580 3410 5648 Misach,

1844 5672 2157 5743 Abdcnago,
2186 5673 2326 5729 servi
2355 5672 2449 5728 Dei
2468 5672 2693 5741 excelsi,
2719 5674 3062 5744 egredimini,
3112 5683 3167 5733 et
3207 5676 3408 5733 venite.
