3848 6218
454 224 597 282 2859

1529 237 1785 292 DANIEL
1818 235 2042 294 JUXTA
2084 234 2636 295 THEODOTIONEM

3557 242 3702 301 2860

452 341 517 394 lit
543 359 798 413 egressus
829 356 912 403 est
942 347 1209 418 Sedracb,
1244 352 1472 421 Misach,
1500 355 1795 425 Abdenago
1823 356 1890 410 de
1918 372 2012 409 me-

2137 354 2381 424 ὑψίστου,
2420 355 2686 424 ἑξέλθετε,
2713 355 2810 412 καὶ
2859 354 3044 413 δεῦτε·
3080 361 3178 414 καὶ
3220 359 3413 431 ἐξῆλθε
3471 361 3699 436 Σεδρὰχ,

449 436 542 490 dio
575 436 738 494 ignis.

523 453 542 490 3
575 453 594 490 ι
632 453 738 494 ms.

523 453 628 584 εἰ
655 528 722 584 Ει
740 541 1138 604 congregantur
1169 545 1424 610 satrapae,
1459 549 1512 596 et
1531 540 1718 608 duces,
1752 549 1808 597 et
1843 553 2030 614 topar-

451 619 591 687 ch33,
635 631 690 676 et
715 632 966 692 potentes
999 627 1164 698 regis,
1199 639 1255 684 et
1289 632 1802 702 contemplabantur
1857 635 2028 699 viros,

2130 447 2341 518 Μισὰχ,
2385 447 2692 518 ’Δὸδεναγὼ
2723 450 2790 504 ὲκ
2819 450 2986 522 μέσου
3011 450 3108 505 τοῦ
3143 453 3331 524 πυρός.

2199 536 2287 593 94.
2325 539 2438 593 Καὶ
2465 541 2808 609 ζσυνάγονται
2853 543 2903 595 oi
2932 543 3230 615 σατράπαι,
3264 543 3360 597 καὶ
3390 544 3438 596 oi
3463 561 3701 616 στρατη-

2128 630 2237 698 γοὶ,
2268 631 2365 685 καὶ
2390 631 2440 686 οί
2469 632 2766 705 τοπάρχαι,
2793 634 2891 688 καὶ
2917 635 2967 690 οἱ
3000 635 3258 690 δυνάσται
3295 636 3389 690 τοῦ
3414 636 3697 706 βασιλέως,

451 713 714 781 quoniam
743 716 879 770 nihil
910 722 1197 788 potestatis
1237 722 1522 779 habuisset
1553 724 1695 796 ignis
1719 725 1772 779 in
1803 740 2012 795 corpori

2137 722 2227 776 καὶ
2249 722 2522 796 ἐθεώρουν
2548 725 2677 790 τοὺς
2696 726 2916 799 ἄνδρας,
2948 728 3031 782 ὅτι
3063 729 3164 783 οὐκ
3192 728 3479 801 ἐκυρίευσε
3507 730 3570 784 τὸ
3592 731 3700 803 πῦρ

451 818 667 869 eorum,
697 815 752 861 et
787 810 1016 879 capillus
1049 813 1244 883 capitis
1269 828 1455 869 eorum
1485 831 1592 870 non
1608 826 1753 873 esset
1776 817 2027 885 adustus,

449 901 506 946 et
535 895 795 951 sarabara
827 913 1016 954 eorum
1047 916 1154 957 non
1187 903 1424 960 fuissent
1454 904 1763 973 immutata,
1800 917 1856 964 et
1892 909 2030 965 odor

451 983 596 1052 ignis
619 1002 726 1042 non
750 998 896 1045 esset
919 992 974 1045 in
1004 992 1107 1049 eis.

520 1076 611 1133 95.
652 1077 720 1134 Et
752 1080 1002 1138 adoravit
1028 1085 1083 1139 in
1121 1097 1413 1158 conspectu
1461 1105 1653 1146 eorum
1691 1106 1786 1148 rex
1836 1091 2024 1149 Domi-

449 1183 602 1236 num,
627 1181 681 1226 et
706 1177 988 1244 respondit
1019 1176 1542 1249 Nabuchodonosor,
1561 1193 1615 1238 et
1642 1184 1781 1240 dixit
1813 1205 1826 1241 :
1855 1185 2026 1242 Bene-

446 1261 627 1318 dictus
657 1263 803 1322 Deus
838 1266 1100 1334 Sedrach,
1136 1271 1364 1339 Misacb,
1406 1274 1721 1347 Abdenago,
1753 1278 1847 1348 qui
1877 1278 2026 1334 misit

447 1354 703 1423 angelum
734 1373 918 1425 suum,
943 1370 999 1416 et
1025 1364 1169 1418 eruit
1195 1381 1386 1422 servos
1421 1381 1571 1432 suos,
1601 1370 1729 1438 quia
1775 1370 2023 1426 credide-

447 1455 577 1500 runt
615 1448 668 1502 in
697 1463 862 1517 eum;
909 1461 964 1508 et
995 1454 1225 1510 verbum
1276 1458 1422 1528 regis
1484 1459 1932 1527 immutaverunt,
1969 1469 2023 1516 et

446 1535 790 1595 tradiderunt
813 1557 1043 1615 corpora
1073 1563 1173 1602 sua
1206 1548 1261 1603 in
1293 1550 1493 1619 ignem,
1523 1565 1593 1606 ne
1621 1551 1907 1618 servirent,
1927 1567 2022 1607 ne-

445 1641 553 1696 que
579 1629 871 1688 adorarent
893 1649 1112 1692 omnem
1142 1638 1328 1704 deum,
1363 1649 1558 1711 praeter
1585 1640 1757 1699 Deum
1795 1657 1982 1700 suum.

513 1808 605 1868 96.
647 1809 713 1867 Et
741 1829 844 1885 ego
875 1832 1124 1889 propono
1154 1819 1433 1877 decretum
1458 1864 1472 1887 ,
1527 1835 1588 1879 ut
1647 1825 1829 1882 omnis
1852 1841 2021 1897 popu-

443 1899 550 1965 lus.
583 1904 778 1969 tribus,
802 1908 1006 1980 lingua,
1038 1929 1402 1985 quaecumque
1429 1916 1650 1986 loquuta
1684 1917 1845 1974 fuerit
1874 1920 2020 1975 blas-

441 1989 714 2059 pbemiam
745 2011 934 2053 contra
965 1999 1134 2056 Deum
1162 2001 1422 2069 Sedrach,
1447 2004 1671 2069 Misach,
1701 2008 2016 2079 Abdenago,

441 2079 496 2134 in
526 2085 885 2151 perditionem
929 2100 1110 2156 emnt,
1141 2102 1195 2148 et
1225 2095 1420 2151 domus
1457 2112 1645 2151 eorum
1673 2099 1727 2152 in
1766 2099 2019 2170 direptio-

440 2187 563 2226 nem
597 2190 759 2233 erunt
783 2196 797 2232 :
833 2190 1120 2253 propterea
1146 2187 1290 2257 quod
1318 2204 1426 2244 non
1455 2200 1539 2245 est
1572 2189 1717 2249 Deus
1742 2195 2018 2266 alius,qui

437 2266 614 2334 possit
636 2269 850 2327 salvare
873 2289 968 2329 eos
996 2275 1094 2330 ita.

511 2355 600 2412 97.
643 2357 798 2418 Tunc
820 2379 916 2419 rex
956 2369 1227 2436 promovit
1259 2368 1522 2438 Sedrach,
1555 2372 1783 2443 Misach,
1833 2375 2016 2432 Abde-

437 2463 581 2520 nago
608 2449 664 2505 in
695 2454 914 2524 regione
946 2455 1262 2529 Babylonis,
1293 2473 1347 2517 et
1376 2464 1529 2519 anxit
1574 2481 1690 2529 eos,
1735 2475 1790 2522 et
1822 2468 2017 2539 dignos

439 2540 636 2636 habuit
669 2544 844 2614 ipsos,
889 2549 984 2617 qui
1023 2565 1318 2620 praeessent
1351 2558 1611 2616 omnibus
1663 2559 1890 2630 Iudaeis,
1920 2566 2014 2636 qui

437 2642 596 2688 erant
621 2634 675 2688 in
707 2652 876 2707 regno
901 2655 1026 2696 suo.

509 2734 599 2790 98.
642 2735 1151 2798 Nabuchodonosor
1175 2761 1270 2800 rex
1304 2749 1568 2806 omnibus
1619 2753 1856 2822 populis,
1913 2755 2014 2810 tri-

438 2825 653 2892 bubus,
702 2829 929 2902 linguis,
988 2833 1362 2896 habitantibus
1409 2841 1463 2896 in
1515 2844 1769 2901 universa
1833 2857 2012 2904 terra:

436 2933 542 2988 pax
567 2921 724 2976 vobis
753 2924 1162 2995 multiplicetur.

508 3011 597 3066 99.
642 3011 831 3086 Signa,
868 3028 926 3072 et
979 3029 1213 3086 ostenta,
1273 3037 1396 3092 qua:
1446 3023 1571 3080 fecit
1630 3044 1841 3083 meeum
1871 3029 2013 3088 Deus

434 3105 723 3174 excelsus,
783 3109 989 3180 placuit
1038 3113 1092 3168 in
1151 3125 1444 3184 conspectu
1496 3134 1620 3173 meo
1685 3124 2015 3179 annuntiare

434 3198 614 3264 vobis,
638 3216 803 3272 quam
835 3220 1052 3277 magna,
1083 3217 1136 3262 et
1169 3208 1352 3264 fortia.

506 3291 631 3348 100.
674 3292 920 3368 Regnum
953 3298 1074 3368 ejus
1100 3315 1328 3370 regnum
1362 3304 1774 3374 sempiternum,
1814 3317 1870 3364 et
1915 3323 2014 3381 po-

437 3393 607 3442 testas
635 3386 756 3458 ejus
790 3389 842 3444 in
874 3393 1278 3462 generationem
1309 3403 1364 3448 et
1401 3397 1831 3465 generationem.

1035 3503 1265 3563 CAPUT
1320 3507 1411 3564 IV.

507 3593 560 3648 l.
599 3592 712 3663 Ego
735 3592 1247 3656 Nabuchodonosor
1279 3601 1564 3660 abundans
1591 3620 1740 3660 eram
1774 3607 1827 3661 in
1852 3607 2014 3663 domo

433 3700 574 3752 mea,
606 3697 660 3742 et
686 3687 889 3746 ﬂorens
922 3690 978 3745 in
1014 3692 1214 3748 throno
1249 3710 1372 3750 meo
1402 3706 1456 3752 et
1485 3698 1701 3770 pinguis
1731 3700 1783 3754 in
1812 3702 2014 3772 popqu

433 3793 577 3833 meo.

501 3871 557 3925 2.
601 3871 886 3930 Somnium
918 3875 1048 3940 vidi,
1075 3887 1128 3930 et
1153 3881 1444 3948 perterruit
1485 3897 1594 3948 me,
1652 3893 1707 3940 et
1757 3885 2011 3942 turbatus

429 3977 551 4017 sum
576 3963 629 4018 in
657 3965 821 4020 cubili
846 3982 989 4034 meo,
1018 3976 1074 4022 et
1110 3970 1349 4026 visiones
1400 3974 1594 4043 capitis
1634 3975 1740 4029 mei
1785 3986 2011 4032 contur-

433 4055 701 4110 baverunt
723 4072 830 4112 me.

500 4147 556 4201 3.
602 4146 667 4203 Et
693 4163 726 4203 a
753 4165 839 4204 me
868 4151 1207 4221 propositum
1243 4161 1327 4210 est
1360 4154 1662 4220 decretum,
1687 4167 1746 4212 ut
1771 4161 2012 4215 introdu-

429 4247 687 4291 cerentur
711 4239 766 4292 in
799 4251 1095 4311 conspectu
1135 4258 1257 4298 meo
1292 4259 1486 4302 omnes
1515 4249 1791 4318 sapientes
1833 4250 2010 4323 Baby-

429 4329 594 4396 lonis,
625 4339 685 4385 ut
706 4331 1207 4403 interpretationem
1246 4339 1447 4394 somnii
1474 4339 1776 4396 indicarent
1801 4343 1955 4399 mihi.

499 4421 576 4476 4.‘
624 4421 692 4477 Et
750 4424 1198 4494 ingrediebantur
1245 4428 1426 4495 arioli,
1486 4432 1652 4502 magi,
1723 4435 1996 4502 gazareni,

2125 811 2222 865 τοῦ
2262 812 2516 884 σώματος
2554 814 2757 881 αὐτῶν,
2788 817 2884 872 καὶ
2910 818 2943 888 ἡ
2974 817 3097 889 θρὶξ
3121 817 3221 889 τῆς
3249 819 3494 891 κεφαλῆς
3519 820 3700 876 αὐτῶν

2124 903 2227 958 οὐκ
2255 905 2575 979 ὲφλογίσθη,
2603 907 2787 962 καὶτὰ
2812 909 3102 981 σαράόαρα
3131 909 3311 966 αὐτῶν
3340 911 3444 966 οὐκ
3475 911 3699 983 ἠλλοιώ-

2127 994 2218 1067 θη,
2246 998 2345 1053 καὶ
2370 999 2516 1072 ὀσμὴ
2544 1001 2716 1072 πυρὸς
2745 1001 2846 1055 οὐκ
2873 997 2943 1073 ἦν
2963 1003 3022 1056 ὲν
3047 1003 3253 1068 αὐτοῖς.

2195 1089 2284 1146 95.
2327 1092 2439 1147 Καὶ
2461 1093 2868 1165 προσεκύνησεν
2897 1093 3129 1151 ἐνώπιον
3179 1095 3361 1151 αὐτῶν
3390 1097 3420 1150 6
3449 1095 3701 1168 βασιλεὺς

2121 1181 2202 1252 τῷ
2259 1182 2492 1255 Κυρίῳ⁶
2553 1185 2652 1240 καὶ
2707 1185 2982 1258 ἀπεκρίθη
3036 1187 3551 1261 Ναϐουχοδονόσορ,
3607 1190 3701 1242 καὶ

2122 1269 2297 1328 εἶπεν·
2328 1275 2637 1348 Εὐλογητὸς
2657 1279 2686 1332 6
2711 1277 2844 1344 Θεὸς
2871 1277 2966 1333 τοῦ
3000 1279 3228 1352 Σεδράχ,
3260 1280 3466 1352 Μισάχ,
3515 1281 3700 1337 ’Δὸδε-

2123 1365 2293 1436 ναγὼ,
2321 1366 2382 1431 ὃς
2410 1367 2700 1423 ἀπέστειλε
2742 1369 2832 1424 τὸν
2856 1371 3088 1440 ἄγγελον
3129 1371 3318 1439 αὑτοῦ,
3342 1375 3436 1428 καὶ
3462 1373 3698 1438 ἐξείλετο

2122 1458 2249 1522 τοὺς
2283 1460 2479 1524 παῖδας
2501 1461 2689 1527 αὐτοῦ,
2728 1463 2812 1516 ὅτι
2852 1462 3232 1520 ἐπεποίθεισαν
3277 1465 3366 1518 ἐπ’
3390 1464 3570 1538 αὐτῷ·
3604 1466 3699 1519 καὶ

2119 1550 2181 1604 τὸ
2206 1551 2362 1624 ῥῆμα
2387 1553 2483 1607 τοῦ
2515 1553 2779 1625 βασιλέως
2799 1556 3120 1627 ἡλλοίωσαν,
3153 1558 3250 1612 καὶ
3275 1557 3602 1631 παρέδωκαν
3630 1559 3700 1613 τὰ

2123 1642 2353 1715 σώματα
2375 1645 2557 1701 αὐτῶν
2585 1649 2664 1712 είς
2692 1648 2826 1720 πῦρ,
2867 1650 3017 1715 ὅπως
3048 1649 3124 1722 μὴ
3167 1650 3524 1720 λατρεύσωσι,
3561 1652 3698 1722 μηδὲ

2054 1738 2100 1796 Β
2126 1739 2547 1809 προσκυνήσωσι
2569 1741 2735 1794 παντὶ
2763 1740 2892 1812 θεῷ,
2927 1742 3044 1795 ἀλλ’
3073 1741 3105 1813 ἢ
3131 1742 3210 1815 τῷ
3240 1742 3360 1814 Θεῷ
3383 1741 3588 1796 αὐτῶν.

2152 1828 2278 1887 ι96.
2313 1831 2424 1884 Καὶ
2454 1831 2566 1900 ἐγὼ
2597 1833 2880 1905 ἐκτίθεμαι
2932 1835 3143 1904 δόγμα,
3195 1836 3342 1899 ὅπως
3387 1837 3498 1900 πᾶς
3543 1835 3697 1902 λαὸς,

2118 1920 2278 1992 φυλὴ,
2303 1921 2545 1990 γλῶσσα,
2575 1925 2610 1996 ἥ
2631 1925 2726 1979 ἐὰν
2760 1926 2890 1999 εἴπῃ
2909 1927 3120 1998 βλασφη
3128 1928 3256 1997 μίαν
3286 1927 3428 1983 κατὰ
3445 1927 3540 1982 τοῦ
3559 1927 3697 1981 Θεοῦ

2117 2010 2347 2082 Σεδράχ,
2383 2013 2588 2084 Μισὰχ,
2633 2014 2961 2084 Ἀϐδεναγώ,
3009 2020 3090 2080 είς
3119 2015 3390 2070 ἀπώλειαν
3439 2015 3694 2082 ἔσονται,

2116 2102 2214 2155 καὶ
2248 2104 2298 2155 oi.
2337 2099 2478 2157 οἶκοι
2513 2105 2694 2158 αὐτῶν
2744 2108 2823 2170 είς
2853 2107 3162 2178 διαρπαγὴν
3208 2107 3420 2162 ἔσονται
3447 2123 3463 2138 ⁸
3501 2107 3693 2162 καθότι

2115 2193 2219 2246 οὐκ
2276 2194 2393 2248 ἔστι
2450 2196 2583 2261 Θεὸς
2629 2197 2837 2269 ἔτερος,
2881 2199 3030 2263 ὅστις
3078 2199 3363 2270 δυνήσεται
3425 2199 3692 2270 ῥύσασθαι

2116 2287 2314 2351 αὐτοὺς
2345 2287 2536 2352 οὕτως.

2187 2398 2275 2451 97.
2301 2399 2434 2453 Τότε
2460 2401 2489 2454 6
2518 2401 2771 2467 βασιλεὺς
2798 2403 3097 2457 κατεύθυνε
3122 2401 3214 2456 τδν
3234 2400 3457 2473 Σεδρὰχ,
3481 2401 3692 2472 Μισὰχ,

2127 2487 2453 2559 Ἀϐδεναγώ,
2492 2491 2550 2543 ἐν
2570 2493 2636 2563 τῇ
2664 2491 2818 2563 χώρᾳ
2847 2492 3185 2560 Βαϐυλῶνος,
3209 2494 3307 2547 καὶ
3331 2492 3572 2565 ηὔξησεν
3591 2495 3692 2549 a6-

2113 2580 2261 2644 τοὺς,
2286 2582 2380 2632 καὶ
2403 2579 2636 2650 ἠξίωσεν
2664 2582 2862 2645 αὐτοὺς
2900 2584 3150 2653 ἡγεῖσθαι
3178 2585 3396 2638 πάντων
3420 2583 3529 2639 τῶν
3558 2585 3692 2640 Ἰουο

2113 2669 2300 2734 δαίων,
2332 2670 2439 2724 τῶν
2469 2671 2637 2726 ὄντων
2671 2674 2730 2727 ὲν
2766 2676 2834 2745 τῇ
2861 2673 3109 2746 βασιλείᾳ
3129 2674 3314 2731 αὑτοῦ.

2183 2761 2273 2816 98.
2303 2762 2777 2836 Ναϐουχοδονόσορ
2826 2767 2854 2819 6
2888 2765 3140 2837 βασιλεὺς
3171 2769 3306 2820 πᾶσι
3351 2769 3463 2831 τοῖς
3517 2767 3688 2833 λαοῖς,

2114 2855 2328 2924 φυλαῖς,
2362 2856 2657 2925 γλώσσαις,
2690 2861 2802 2924 τοῖς
2833 2859 3078 2914 οἰκοῦσιν
3109 2862 3168 2915 ἐν
3197 2861 3346 2934 πάσῃ
3377 2861 3447 2932 τῇ
3489 2861 3583 2932 τῇ,
3615 2863 3692 2914 el-

2115 2951 2250 3020 ρήνη
2284 2949 2412 3019 ὑμίν
2433 2949 2787 3023 πληθυνθείη.

2187 3039 2275 3096 99.
2324 3041 2404 3094 Τὰ
2456 3044 2678 3112 σημεῖα,
2713 3044 2808 3097 καὶ
2844 3043 2914 3097 τά
2943 3045 3169 3115 τέρατα,
3207 3041 3244 3098 ἃ
3294 3044 3522 3114 ἐποίησε
3575 3045 3691 3116 μετ’

2117 3132 2252 3202 ὲμοὗ
2279 3133 2307 3186 ὁ
2331 3132 2461 3198 θεὸς
2491 3134 2519 3187 ὁ
2562 3133 2818 3204 ὕψιστος,
2860 3135 3057 3206 ἤρεσεν
3107 3135 3348 3190 ἐναντίον
3379 3153 3482 3207 μου
3524 3136 3691 3204 άναγο

2114 3223 2291 3292 γεῖλαι
2327 3224 2477 3295 ὑμῖν,
2509 3223 2586 3289 ὡς
2611 3227 2843 3299 μεγάλη,
2875 3229 2972 3281 καὶ
3006 3227 3221 3299 ίσχυρά.

2188 3311 2310 3367 100.
2350 3315 2417 3366 Ἦ
2445 3314 2691 3384 βασιλεία
2727 3317 2892 3370 αὑτοῦ
2925 3317 3174 3386 βασιλεία
3221 3315 3437 3382 αίώνιος
3462 3355 3478 3383 ,
3514 3317 3612 3374 καὶ
3655 3319 3690 3390 ἠ

2113 3404 2332 3469 ἐξουσία
2358 3407 2525 3462 αὑτοῦ
2549 3410 2627 3474 είς
2657 3411 2850 3477 γενεὰν
2881 3412 2976 3466 καὶ
3006 3412 3221 3482 γενεάν.

2645 3525 3044 3582 ΚΕΦΑΛΑΙΟΝ
3082 3529 3158 3584 Δ’.

2184 3609 2238 3667 ί.
2271 3610 2416 3678 Ἐγὼ
2441 3612 2909 3686 Ναϐουχοδονόσορ
2937 3615 3179 3686 ευῦθηνῶν
3204 3617 3353 3690 ἥμην
3373 3618 3433 3672 ὲν
3455 3618 3534 3690 τῷ
3558 3620 3690 3692 οῐκφ

2116 3719 2242 3772 μου,
2274 3703 2370 3756 καὶ
2408 3703 2649 3757 εύθαλῶν
2678 3706 2770 3759 ἐπὶ
2801 3705 2894 3759 τοῦ
2936 3705 3124 3779 θρόνου
3157 3725 3260 3780 μου
3292 3714 3362 3780 x
3410 3712 3506 3766 καὶ
3552 3713 3691 3766 πίων

2112 3796 2181 3863 Χ
2215 3796 2273 3849 ὲν
2302 3794 2382 3866 τῷ
2405 3795 2520 3867 λαῷ
2551 3814 2672 3867 μου.

2181 3885 2237 3942 2.
2282 3885 2564 3942 Ἐνύπνιον
2597 3885 2754 3958 εἶδον,
2790 3892 2884 3944 καὶ
2915 3891 3202 3963 ὲφοὸἐρισὲ
3235 3909 3303 3964 με
3346 3893 3445 3948 καὶ
3491 3894 3692 3966 ἐταρά-

2110 3975 2246 4047 χθην
2273 3976 2367 4030 ἐπὶ
2400 3977 2498 4040 τῆς
2543 3977 2732 4050 κοίτης
2782 3994 2906 4050 μου,
2937 3980 3034 4033 καὶ
3061 3980 3118 4034 αἱ
3143 3980 3362 4052 ὁράσεις
3388 3979 3493 4051 τῆς
3518 3997 3694 4050 κεφα-

2110 4066 2209 4137 λῆς
2244 4085 2346 4138 μου
2379 4069 2746 4141 συνετάραξαν
2783 4087 2871 4140 με.

2181 4160 2237 4215 5.
2265 4161 2375 4215 Καὶ
2403 4163 2532 4234 παρ’
2559 4161 2693 4232 ἐμοῦ
2724 4161 2945 4234 ἐξετέθη
2976 4163 3172 4234 δόγμα,
3222 4162 3320 4217 τοῦ
3367 4163 3691 4233 είσαγαγεῖν

2109 4255 2341 4310 ἐνώπιόν
2372 4273 2476 4327 μου
2519 4257 2728 4322 πάντας
2755 4258 2877 4321 τοὺς
2918 4257 3116 4328 σοφοὺς
3164 4255 3510 4323 Βαϐυλῶνος,
3543 4258 3692 4322 ὅπως

2109 4347 2209 4419 τὴν
2235 4347 2525 4420 σύγκρισιν
2551 4347 2647 4401 τοῦ
2677 4349 2930 4403 ἐνυπνίου
2961 4347 3272 4418 γνωρίσωσί
3302 4366 3416 4417 μοι.

2175 4438 2230 4491 4.
2265 4438 2374 4491 Καὶ
2394 4437 2808 4509 εἰσεπορεύοντο
2841 4439 2890 4492 οἱ
2913 4438 3175 4502 ὲπαοιδοὶ,
3213 4439 3400 4511 μάγοι,
3431 4438 3688 4512 γαζαρη-

429 4514 690 4580 Chaldaei,
722 4526 777 4571 et
799 4517 1075 4572 somnium
1107 4518 1219 4573 dixi
1246 4535 1348 4590 ego
1378 4521 1432 4575 in
1473 4533 1765 4593 conspectu
1794 4540 2004 4591 eorum,

2141 4529 2212 4591 οὶ,
2245 4528 2543 4593 Χαλδαῖοι,
2587 4505 2684 4584 καὶ
2715 4530 2774 4583 τὸ
2820 4529 3072 4583 ἐνύπνιον
3100 4505 3254 4584 εἷπον
3303 4505 3416 4599 εγὼ
3445 4505 3693 4585 *ἐνώπιον

429 4613 487 4660 et
510 4605 1016 4676 interpretationem
1042 4608 1164 4680 ejus
1192 4624 1299 4664 non
1327 4611 1641 4667 indicarunt
1673 4614 1829 4671 mihi.

503 4696 560 4752 5.
605 4696 785 4754 Donec
809 4698 950 4756 alius
982 4700 1269 4772 ingressus
1298 4711 1385 4759 est
1428 4703 1483 4758 in
1530 4717 1823 4775 conspectu
1863 4723 2005 4773 meo,

430 4786 643 4855 Daniel,
674 4789 833 4860 cujus
860 4806 1057 4846 nomen
1087 4793 1338 4849 Baltasar
1366 4796 1666 4850 secundum
1699 4813 1895 4854 nomen
1916 4799 2008 4854 Dei

429 4880 557 4946 mei,
589 4883 684 4951 qui
708 4881 972 4954 Spiritum
1002 4882 1098 4938 Dei
1121 4893 1372 4942 sanctum
1406 4886 1570 4944 habet
1596 4889 1652 4943 in
1683 4891 2006 4962 semetipso;

425 4982 483 5028 et
507 4973 779 5028 somnium
806 4989 990 5030 coram
1012 4991 1078 5030 eo
1099 4975 1234 5032 dixi.

499 5063 554 5120 6.
596 5064 848 5122 Baltasar
917 5067 1173 5138 princeps
1237 5069 1583 5138 ariolorum,
1639 5087 1800 5143 quem
1856 5073 2004 5140 novi,

425 5160 577 5230 quod
613 5159 851 5230 Spiritus
885 5160 980 5216 Dei
1011 5172 1238 5217 sanctus
1266 5164 1338 5220 sit
1365 5163 1425 5219 in
1456 5174 1528 5231 te,
1564 5173 1618 5221 et
1649 5181 1809 5222 omne
1826 5183 2008 5224 sacra—

429 5261 674 5306 mentum
704 5268 812 5308 non
844 5263 930 5309 est
983 5252 1325 5325 impossibile
1353 5256 1448 5312 tibi
1485 5276 1500 5325 ;
1563 5258 1685 5313 audi
1739 5259 2005 5314 visionem

426 5344 652 5411 somnii,
702 5345 848 5415 quod
904 5345 1036 5413 vidi,
1092 5356 1148 5402 et
1213 5348 1718 5419 interpretationem
1759 5351 1879 5422 ejus
1917 5352 2012 5408 dic

428 5436 585 5492 mihi.

503 5529 553 5582 7.
597 5527 664 5582 Et
692 5529 935 5586 visiones
965 5531 1163 5603 capitis
1190 5534 1297 5589 mei
1324 5535 1379 5590 in
1399 5535 1567 5593 cubili
1593 5553 1715 5593 meo
1735 5537 2004 5606 videbam,

430 5632 485 5676 et
506 5638 634 5676 euro
661 5625 823 5680 arbor
867 5641 974 5682 una
1019 5627 1073 5684 in
1121 5628 1301 5684 medio
1337 5638 1516 5696 terrae,
1547 5641 1602 5688 et
1633 5630 1859 5688 altitudo
1883 5631 2004 5702 ejus

432 5714 628 5769 multa.

2109 4621 2308 4685 αὐτῶν,
2337 4623 2432 4674 καὶ
2468 4621 2567 4693 τὴν
2603 4621 2890 4695 σύγκρισιν
2919 4623 3079 4677 αὐτοῦ
3109 4625 3209 4678 οὐκ
3233 4623 3544 4695 ὲγνώρισάν
3572 4643 3685 4695 μοι.

2178 4709 2230 4765 5.
2270 4707 2418 4774 Ἕως
2449 4701 2511 4762 οὗ
2531 4709 2717 4782 ἕτερος
2746 4711 2995 4780 εἰσῆλθεν
3025 4711 3255 4768 ἐνώπιόν
3297 4731 3422 4784 μου,
3457 4715 3686 4786 Δανιὴλ,

2107 4793 2168 4855 οὗ
2189 4801 2252 4856 τδ
2274 4801 2447 4874 ὄνομα
2472 4803 2759 4875 Βαλτάσαρ
2779 4804 2922 4858 κατὰ
2951 4803 3012 4858 τὸ
3035 4805 3205 4875 ὄνομα
3235 4805 3329 4859 τοῦ
3373 4806 3509 4859 Θεοῦ
3555 4825 3686 4878 μου,

2107 4894 2166 4958 ὃς
2187 4894 2410 4965 Πνεῦμα
2440 4894 2574 4948 Θεοῦ
2601 4895 2757 4964 ἆγιον
2793 4895 2906 4967 ἔχει
2946 4897 3005 4951 ὲν
3054 4897 3267 4968 ὲαυτῷο
3308 4897 3406 4952 καὶ
3431 4897 3689 4953 ἐνύπνιον

2107 4984 2336 5040 ἐνώπιον
2367 4984 2531 5040 αὑτοῦ
2553 4981 2727 5042 εἷπον.

2178 5077 2231 5133 6.
2264 5078 2552 5150 Βαλτάσαρ
2575 5080 2602 5131 6
2639 5081 2823 5152 ἄρχων
2852 5080 2963 5135 τῶν
2981 5081 3270 5150 ὲπαοιδῶν,
3297 5081 3358 5136 ὃν
3391 5082 3569 5152 ἔγνων
3599 5085 3684 5140 ὅτι

2106 5169 2333 5241 Πνεῦμα
2381 5170 2516 5224 Θεοῦ
2549 5172 2706 5241 άγιον
2744 5173 2804 5226 ὲν
2837 5173 2941 5239 σοὶ,
2972 5173 3068 5228 καὶ
3112 5175 3219 5228 πᾶν
3253 5176 3555 5246 μυστήριον
3585 5177 3684 5229 οὐκ

2107 5263 2363 5316 ἀδυνατεῖ
2409 5280 2512 5330 σοι,
2544 5263 2776 5318 ἄκουσον
2808 5266 2907 5336 τὴν
2939 5267 3129 5337 ὅρασιν
3173 5265 3266 5321 τοῦ
3323 5266 3582 5322 ἐνυπνίου
3621 5264 3684 5325 οὗ

2107 5349 2266 5421 εἶδον,
2297 5354 2395 5408 καὶ
2420 5353 2522 5427 τὴν
2555 5354 2844 5426 σύγκρισιν
2873 5355 3038 5411 αὑτοῦ
3069 5356 3190 5411 είπέ
3222 5374 3332 5430 μοι.

2176 5535 2232 5590 7.
2275 5535 2388 5589 Kal.
2410 5535 2512 5600 τὰς
2537 5534 2756 5608 ὁράσεις
2779 5533 2880 5605 τῆς
2904 5533 3148 5605 κεφαλῆς
3187 5552 3288 5606 μου
3313 5533 3410 5589 ἐπὶ
3439 5535 3540 5606 τῆς
3563 5535 3681 5589 κοί-

2105 5645 2205 5697 της
2237 5644 2340 5698 μου
2371 5627 2658 5699 ἐθεώρουν,
2691 5625 2786 5680 καὶ
2817 5625 2924 5679 ίδοὺ
2949 5626 3162 5701 δένδρον
3187 5625 3246 5684 ἒν
3293 5625 3352 5681 ὲν
3396 5624 3550 5697 μέσῳ
3579 5624 3679 5696 τῆς

2107 5722 2229 5794 γῆς,
2257 5720 2433 5777 καὶτὸ
2454 5718 2586 5792 ὕψος
2614 5719 2778 5776 αὐτοῦ
2805 5718 2959 5776 πολύ.
