4390 6222
297 153 437 212 2861

1717 150 1949 210 CAPUT
1991 152 2080 211 IV.

3383 156 3530 215 2809

368 265 427 321 8.
466 261 839 336 Ἑμεγαλύνθη
871 262 936 317 16
979 262 1214 337 δένδρον,
1263 261 1361 319 καὶ
1417 262 1622 334 (quas,
1658 262 1756 316 ttat
1805 260 1868 314 τὸ
1895 271 1944 328 Α
2042 265 2098 322 8,

1805 260 1868 314 τδ
1895 271 1944 328 Α
2042 265 2098 322 8.
2138 266 2207 321 Et
2237 266 2581 338 magniﬁcata
2603 275 2688 324 est
2720 266 2906 331 arbor,
2939 275 2996 323 et
3025 265 3273 331 invaluit.
3323 279 3379 323 et
3404 269 3531 322 alti-

302 358 436 429 ὕψος
471 356 636 412 αὐτοῦ
670 355 907 426 έφθασεν
932 357 1036 421 ἕως
1060 356 1154 410 τοῦ
1186 355 1437 429 ούρανοῦ,
1482 356 1579 410 καὶ
1609 354 1672 408 16
1702 352 1866 417 κῦτος

299 449 468 505 αὑτοῦ
501 449 580 511 είς
611 447 678 501 τά
710 447 921 518 πέρατα
947 448 1127 518 πάσης
1154 448 1254 519 τῆς
1281 447 1406 517 γῆς.

373 539 426 594 9.
463 535 546 593 Τά
575 537 748 607 φύλλα
795 537 960 591 αὑτοῦ
985 538 1161 610 ὡραῖα
1184 579 1200 603 ,
1255 536 1351 591 καὶ
1384 536 1412 588 6
1442 534 1651 606 καρπὸς
1702 528 1866 587 αὑτοῦ

301 630 489 694 πολὺς,
515 631 609 683 καὶ
628 628 800 700 τροφὴ
826 630 1044 682 πάντων
1071 630 1130 683 ἐν
1167 627 1334 698 αὐτῷ.
1371 628 1464 682 καὶ
1495 626 1749 680 ὑποκάτω
1771 624 1866 678 αύ-

301 721 396 776 τοῦ
415 723 780 792 κατεσκήνουν
797 720 866 773 τὰ
893 719 1054 791 θηρία
1081 718 1151 773 τὰ
1173 720 1360 788 ἄγρια,
1397 717 1492 770 καὶ
1520 717 1578 768 ὲν
1604 718 1716 778 τοῖς
1737 714 1867 767 κλά-

301 814 415 877 δοις
445 811 608 866 αὑτοῦ
637 811 871 882 κατῴκει
906 812 975 865 τά
998 811 1159 883 ὄρνεα
1191 811 1288 864 τοῦ
1317 808 1574 882 ούρανοῦ·
1611 808 1672 873 ἐξ
1702 803 1866 861 αὑτοῦ

305 905 566 978 ἐτρέφετο
590 905 737 958 πᾶσα
768 903 928 974 σάρξ.
1182 936 1192 942 -

378 997 463 1052 10.
509 994 806 1066 Ἐθεώρουν
860 997 919 1048 ἐν
969 993 1208 1065 ὁράματι
1264 994 1364 1064 τῆς
1400 991 1593 1056 νυκτὸς
1637 990 1730 1044 ἐπὶ
1771 991 1872 1060 τῆς

302 1087 492 1157 κοίτης
527 1104 649 1158 μου,
707 1087 804 1141 καὶ
859 1086 969 1141 ίδοὺ
998 1085 1100 1158 Εἳρ
1126 1125 1142 1152 ,
1172 1086 1267 1140 καὶ
1294 1084 1447 1155 ἅγιος
1495 1082 1603 1138 ἀπὸ
1640 1080 1870 1154 οὐρανοῦ

302 1178 531 1250 κατέϐη.

374 1270 461 1325 11.
491 1271 602 1325 Καὶ
627 1268 904 1342 ἐφώνησεν
924 1269 982 1322 ὲν
1020 1267 1289 1340 ίσχύϊ,καὶ
1319 1266 1490 1331 οὕτως
1516 1261 1700 1321 εϊπεψ
1751 1265 1874 1318 Ἐκ-

300 1363 506 1434 κόψατε
524 1362 586 1416 16
613 1363 845 1434 δένδρον,
879 1362 973 1414 καὶ
1001 1361 1250 1415 ἐκτίλατε
1272 1361 1400 1421 τοὺς
1431 1359 1658 1423 κλάδους
1683 1358 1870 1424 αὐτοῦ,

299 1457 399 1511 καὶ
434 1455 747 1522 ἐκτινάξατε
771 1455 840 1508 τὰ
865 1453 1039 1524 φύλλα
1073 1451 1237 1506 αὑτοῦ
1257 1496 1272 1518 ,
1317 1453 1410 1506 καὶ
1456 1449 1874 1521 διασκορπίσατε

1967 357 2100 412 tudo
2126 357 2246 427 ejus
2271 359 2515 429 pervenit
2547 374 2721 429 usque
2756 359 2825 414 ad
2850 360 3074 426 omium,
3097 369 3154 415 et
3178 360 3536 428 latitudoejus

1969 450 2036 507 ad
2073 451 2334 506 terminos
2361 451 2629 508 universa:
2649 461 2827 508 terrae.

2039 542 2091 598 9.
2133 542 2282 597 Folia
2311 542 2429 612 ejus
2459 541 2705 612 pulchra,
2727 550 2781 597 et
2805 541 3015 597 fructus
3066 541 3186 610 ejus
3221 540 3445 607 multus,
3479 551 3535 598 et

1967 651 2092 690 esca
2114 636 2492 690 universorum
2527 635 2582 690 in
2609 650 2705 702 ea;
2744 643 2799 690 et
2833 635 3019 690 subter
3067 650 3184 689 eam
3219 634 3535 690 habitabant

1969 721 2153 776 bestiae
2177 731 2434 793 agrestes,
2459 735 2512 776 et
2533 724 2586 777 in
2620 723 2787 778 ramis
2807 723 2926 793 ejus
2949 723 3264 778 habitabant
3287 724 3535 782 volucres

1969 814 2132 870 coeli:
2163 830 2226 868 ex
2258 830 2321 870 ea
2351 815 2694 871 nutriebatur
2726 816 2908 871 omnis
2926 831 3055 870 caro

2043 994 2130 1047 1ο.
2171 993 2433 1050 Videbam
2461 994 2516 1049 in
2539 995 2750 1051 visione
2783 995 2960 1053 noctis
3006 995 3060 1051 in
3110 996 3278 1052 cubili
3311 1010 3454 1063 meo,
3482 1000 3543 1054 οι

1971 1102 2098 1145 ecce
2124 1087 2242 1157 Hir,
2269 1101 2324 1146 et
2351 1090 2585 1148 Sanctus
2614 1092 2682 1147 de
2703 1093 2842 1148 caelo
2877 1092 3182 1148 descendit.

2043 1270 2130 1324 Η.
2170 1270 2546 1341 Clamavitque
2572 1271 2628 1327 in
2657 1263 2994 1336 fortitudine,
3013 1279 3066 1328 et
3106 1271 3186 1327 sic
3229 1270 3309 1326 ait
3354 1289 3369 1326 :
3401 1271 3541 1328 Suc-

1973 1363 2136 1419 cidite
2167 1365 2440 1426 arborem,
2474 1374 2528 1419 et
2556 1365 2770 1420 evellite
2798 1381 2979 1421 ramos
3028 1365 3170 1432 ejus,
3201 1375 3256 1421 et
3303 1366 3543 1420 excutite

1974 1453 2103 1508 folia
2128 1454 2267 1524 ejus,
2303 1463 2357 1509 et
2390 1455 2688 1525 dispergite
2738 1455 2974 1510 fructum
3036 1455 3196 1524 ejus:
3253 1455 3547 1525 abigantur

298 1547 396 1602 τὸν
427 1547 642 1617 καρπὸν
669 1545 833 1600 αὐτοῦ
856 1561 871 1576 ⁶
901 1543 1214 1616 σαλευθήτω
1237 1545 1305 1597 τὰ
1328 1542 1492 1615 θηρία
1525 1539 1874 1596 ὑποκάτωθεν
1977 1546 2032 1602 ιη

1632 1539 1874 1594 κάτωθεν
1977 1546 2164 1604 bestiae
2189 1549 2374 1604 subter
2402 1564 2546 1613 eam,
2581 1557 2635 1604 et
2671 1549 2920 1604 volucres
2941 1549 3012 1604 de
3042 1550 3207 1604 ramis
3227 1549 3366 1618 ejus.

299 1638 491 1704 αὐτοῦ,
524 1640 617 1692 καὶ
643 1638 714 1692 τὰ
749 1637 909 1710 ὄρνεα
929 1637 1034 1691 άπὸ
1058 1635 1163 1689 τῶν
1191 1635 1397 1689 κλάδων
1418 1634 1606 1688 αὐτοῦ.

373 1731 462 1786 12.
491 1731 637 1802 Πλὴν
664 1730 764 1800 τὴν
789 1728 931 1800 φυὴν
949 1727 1056 1781 τῶν
1081 1726 1246 1798 ριζῶν
1277 1726 1442 1782 αὑτοῦ
1477 1728 1535 1781 ἐν
1575 1728 1642 1797 τῇ
1671 1727 1742 1796 γῇ
1779 1725 1874 1779 ἐά-

301 1838 456 1889 σατε,
494 1823 590 1876 καὶ
633 1822 692 1874 ἐν
724 1818 909 1891 δεσμῷ
949 1817 1172 1888 σιδηρῷ,
1220 1818 1314 1871 καὶ
1347 1816 1552 1887 χαλκῷ,
1594 1817 1687 1868 καὶ
1708 1817 1766 1868 ἐν
1806 1818 1873 1887 τῇ

298 1913 441 1987 χλόῃ
472 1915 536 1983 τῇ
567 1912 692 1978 ἔξω,
722 1912 817 1965 καὶ
847 1911 904 1964 ἐν
934 1913 998 1982 τῇ
1025 1909 1200 1980 δρόσῳ
1223 1908 1317 1962 τοῦ
1342 1907 1574 1978 ούρανοῦ
1621 1905 1877 1975 αὐλισθή-

302 2022 498 2071 σεται,
533 2005 630 2058 καὶ
657 2003 796 2074 μετὰ
822 2001 932 2056 τῶν
974 2001 1177 2072 θηρίων
1209 2001 1244 2072 ή
1293 2000 1449 2072 μερὶς
1495 1997 1662 2052 αἰ)τοῦ
1695 1999 1753 2050 ὲν
1799 1995 1877 2068 τῷ

298 2094 482 2167 χόρτῳ
513 2095 612 2165 τῆς
641 2093 764 2162 γῆς.

376 2188 466 2242 13.
507 2187 571 2240 Ἥ
603 2186 798 2258 καρδία
824 2182 992 2239 αὐτοῦ
1025 2183 1135 2238 άπὸ
1167 2183 1279 2237 τῶν
1323 2181 1628 2253 ἀνθρώπων
1655 2179 1879 2235 ἀλλοιω-

301 2278 568 2350 θήσεται,
613 2279 709 2332 καὶ
749 2277 947 2348 καρδία
990 2275 1178 2348 θηρίου
1227 2274 1511 2346 δοθήσεται
1552 2273 1734 2343 αὐτῷ,
1783 2272 1879 2326 καὶ

300 2371 445 2424 ἑπτὰ
479 2371 661 2441 καιροὶ
695 2370 1087 2441 ἀλλαγήσονται
1122 2367 1210 2420 ἐπ’
1246 2367 1436 2438 αὐτήν.

378 2462 463 2516 14.
499 2463 599 2516 Διὰ
626 2461 996 2532 συγκρίματος
1038 2459 1160 2530 Εΐρ,
1185 2460 1214 2512 6
1243 2457 1419 2527 λόγος,
1439 2458 1534 2512 καὶ
1560 2456 1709 2528 ῥῆμα
1726 2455 1879 2527 ἅγιον

300 2551 368 2606 16
397 2551 768 2624 ἐπερώτημα,
820 2551 907 2605 ἵνα
944 2549 1144 2619 γνῶσιν
1193 2550 1242 2601 οί
1288 2547 1508 2613 ζῶντες,
1566 2547 1647 2600 ὅτι
1678 2545 1881 2616 Κύριός

301 2644 454 2696 ἐστιν
480 2644 508 2697 6
539 2642 801 2712 ’Ὑψιστος
827 2641 927 2711 τῆς
961 2640 1234 2712 βασιλείας
1263 2640 1371 2693 τῶν
1413 2638 1734 2711 ἀνθρώπων,
1785 2639 1880 2692 καὶ

300 2727 352 2803 ᾧ
387 2734 452 2789 ἂν
471 2733 618 2806 δόξῃ,
654 2733 816 2788 δώσει
846 2733 1035 2806 αὐτὴν,
1072 2733 1166 2788 καὶ
1199 2732 1537 2804 ἐξουθένημα
1579 2731 1880 2804 ἀνθρώπων

304 2826 603 2897 ἀναστήσει
643 2826 728 2880 ἐπ’
761 2826 952 2896 αὐτήν.

380 2918 468 2973 15.
499 2917 670 2971 Τοῦτο
696 2917 758 2971 τὸ
785 2917 1034 2971 ἐνύπνιον
1079 2910 1219 2970 εἶδον
1265 2913 1375 2983 ἐγὼ
1407 2916 1434 2967 6
1476 2913 1729 2984 βασιλεὺς
1767 2915 1880 2967 Να-

305 3004 710 3076 ῦουχοδονόσορ,
746 3006 956 3070 καὶσὺ,
997 3005 1303 3076 Βαλτάσαρ,
1332 3003 1393 3056 τὸ
1428 3002 1705 3074 σύγκριμα
1760 3003 1880 3058 εἰπὲ

304 3097 619 3163 κατέναντι,
651 3098 731 3151 ὃτι
763 3098 966 3160 πάντες
991 3098 1041 3150 οί
1075 3097 1227 3165 σοφοὶ
1251 3097 1349 3167 τῆς
1376 3096 1653 3166 βασιλείας
1695 3111 1794 3165 μου
1817 3094 1878 3146 ού

308 3188 564 3242 δύνανται
583 3189 645 3242 16
678 3191 958 3260 σύγκριμα
984 3187 1145 3241 αύτοῦ
1178 3188 1415 3259 δηλῶσαί
1445 3205 1534 3258 μοι
1556 3201 1571 3214 ⁶
1616 3187 1680 3239 σὺ
1705 3185 1760 3239 δὲ
1793 3184 1881 3238 δύ-

310 3297 495 3348 νασαι,
521 3283 603 3335 ὅτι
636 3281 863 3352 Πνεῦμα
890 3279 1025 3334 Θεοῦ
1055 3280 1209 3348 ἇγιον
1239 3281 1297 3332 ἐν
1333 3279 1434 3332 σοί.

379 3374 466 3429 16.
506 3374 641 3427 Τότε
669 3373 886 3444 Δανιὴλ,
907 3366 967 3426 οὗ
987 3371 1048 3424 16
1074 3371 1242 3441 ὄνομα
1260 3369 1566 3440 Βαλτάσαρ,
1590 3365 1882 3439 άπηνεώθη

310 3466 442 3520 ὡσεὶ
483 3465 632 3538 ὥραν
683 3466 812 3536 μίαν
831 3505 846 3531 ,
880 3463 977 3518 καὶ
1001 3464 1050 3517 οἱ
1078 3462 1416 3532 διαλογισμοὶ
1445 3461 1609 3516 αὑτοῦ
1655 3459 1880 3513 συνετά-

312 3575 512 3626 ρασσον
538 3559 703 3612 αὐτόν
721 3575 734 3588 ·
766 3555 1037 3628 ἀπεκρίθη
1064 3557 1093 3608 6
1125 3553 1395 3625 βασιλεὺς,
1420 3555 1512 3608 καὶ
1543 3550 1695 3607 εἶπεν
1715 3571 1727 3583 ·
1748 3551 1883 3605 Βαλ-

312 3649 513 3721 τάσαρ,
536 3650 598 3703 16
630 3649 903 3712 ἐνύπνιον,
927 3648 1021 3702 καὶ
1060 3648 1094 3717 ὴ
1132 3645 1417 3718 σύγκρισις
1452 3646 1526 3719 μὴ
1567 3661 1884 3699 κατασπευ-

316 3743 464 3796 σάτω
495 3758 591 3794 σε⁸
645 3740 918 3812 ἀπεκρίθη
976 3738 1286 3809 Βαλτάσαρ,
1338 3739 1432 3791 κα)⁴
1481 3734 1662 3790 εἶπενο
1704 3735 1880 3806 Κύριέ

319 3853 445 3907 μου,
479 3834 540 3889 16
568 3833 816 3888 ἐνύπνιον
862 3835 975 3898 τοῖς
1006 3832 1222 3904 μισοῦσί
1251 3849 1334 3899 σε,
1369 3831 1462 3886 καὶ
1508 3831 1542 3902 ἡ
1591 3829 1882 3901 σύγκρισις

313 3928 482 3984 αὐτοῦ
511 3930 624 3990 τοῖς
657 3927 870 3998 ἐχθροῖς
894 3944 1010 3981 σου.

387 4021 471 4076 17.
509 4020 583 4073 Τὸ
602 4020 816 4092 δένδρον
845 4018 873 4072 6
902 4015 1042 4083 εἶδες
1061 4018 1124 4072 16
1145 4015 1496 4090 μεγαλυνθέν,
1529 4013 1624 4068 καὶ
1650 4013 1712 4068 τὸ
1738 4013 1880 4082 ἰσχυ-

311 4113 428 4176 κδς.
447 4105 509 4166 οὗ
534 4111 596 4164 16
614 4110 745 4180 ὕψος
765 4110 998 4180 ἔφθασεν
1029 4111 1106 4174 είς
1136 4109 1226 4165 τὸν
1249 4107 1497 4181 οὐρανὸν,
1518 4107 1613 4162 καὶ
1634 4105 1694 4160 τὸ
1719 4104 1882 4167 κῦτος

313 4203 480 4257 αὐτοῦ
518 4205 596 4266 εις
625 4204 806 4257 πᾶσαν
837 4202 936 4273 τὴν
973 4201 1098 4271 γῆν.

2047 1724 2136 1778 12.
2176 1722 2566 1779 Verumtamen
2600 1739 2820 1796 germen
2855 1721 3101 1778 radicum
3133 1722 3252 1792 ejus
3302 1721 3355 1776 in
3399 1730 3547 1776 terra

1976 1819 2160 1886 sinite,
2183 1827 2237 1874 et
2259 1820 2311 1873 in
2331 1819 2549 1873 vinculo
2573 1818 2771 1880 ferreo,
2790 1826 2844 1870 et
2866 1832 3028 1881 aereo,
3055 1825 3110 1870 et
3141 1816 3192 1868 in
3221 1815 3406 1878 herba,
3424 1827 3547 1884 quae

1976 1911 2110 1968 foris
2143 1920 2246 1978 est,
2273 1912 2399 1967 etin
2433 1926 2556 1966 rore
2578 1911 2701 1966 caeli
2731 1909 3178 1976 commorabitur,
3196 1917 3250 1962 et
3266 1923 3390 1962 cum
3417 1905 3549 1961 feris

1977 2022 2104 2076 pars
2134 2006 2254 2076 ejus
2278 2007 2333 2060 in
2373 2005 2540 2060 herba
2574 2013 2752 2058 terrae.

2054 2182 2136 2236 1⁷5.
2176 2179 2282 2235 Cor
2305 2180 2424 2251 ejus
2456 2180 2525 2235 ab
2547 2180 2864 2236 hominihus
2902 2176 3350 2239 commutabitur,
3374 2183 3426 2230 et
3451 2188 3548 2230 cor

1979 2271 2108 2326 fera:
2148 2272 2371 2327 dabitur
2402 2271 2488 2338 ei;
2537 2279 2592 2326 et
2652 2279 2855 2339 septem
2899 2277 3144 2337 tempora
3191 2265 3548 2320 mutabuntur

1978 2380 2142 2435 Super
2166 2381 2307 2418 eam.

2051 2459 2138 2511 M.
2179 2455 2283 2511 Per
2313 2457 2588 2511 decretum
2619 2454 2714 2510 Hir
2745 2469 2947 2516 sermo,
2977 2460 3033 2506 et
3055 2450 3280 2505 verbum
3300 2455 3550 2503 sanctuu.

1979 2551 2167 2621 petitio
2191 2591 2204 2614 ,
2253 2558 2310 2603 ut
2332 2557 2668 2617 cognoscant
2691 2549 2959 2610 viventes,
2989 2542 3135 2614 quod
3179 2540 3444 2593 Dominus
3467 2548 3553 2593 est

1981 2642 2096 2711 ipse
2131 2640 2442 2695 Altissimus
2499 2640 2650 2710 regni
2688 2639 2994 2699 hominum,
3019 2645 3072 2689 et
3097 2633 3427 2703 quicumque
3457 2645 3552 2682 vo-

1980 2733 2161 2793 luerit,
2194 2733 2342 2786 dabit
2376 2731 2507 2784 illud
2531 2769 2547 2794 ,
2587 2740 2643 2785 et
2676 2729 2818 2798 quod
2859 2743 2956 2797 pro
3011 2725 3180 2779 nihilo
3227 2721 3456 2777 habetur
3482 2720 3552 2774 ab

1980 2823 2317 2887 hominibus,
2343 2822 2513 2888 eriget
2541 2836 2703 2890 super
2739 2819 2892 2874 illud.

2054 2914 2140 2968 15.
2183 2911 2295 2967 l-loc
2331 2913 2605 2967 somnium
2629 2911 2736 2967 vidi
2773 2927 2872 2981 ego
2903 2926 2993 2965 rex
3024 2906 3552 2968 Nabuchodonosor,

1983 3015 2035 3060 et
2065 3016 2144 3070 tu,
2172 3006 2438 3072 Baltasar,
2462 3005 2963 3076 interpretationem
2989 3003 3154 3058 dicito
3174 3016 3359 3056 coram
3388 2998 3555 3069 :quia

1983 3114 2174 3153 omnes
2201 3098 2472 3178 sapientes
2505 3097 2655 3166 regni
2680 3097 2783 3150 mei
2822 3111 2929 3149 non
2966 3103 3194 3165 possunt
3226 3094 3552 3162 interpreta-

1983 3193 2187 3246 tionem
2211 3191 2328 3259 ejus
2359 3191 2636 3245 declarare
2667 3189 2838 3252 mihi;
2891 3198 2946 3242 tu
2989 3195 3172 3241 autem
3216 3195 3391 3256 potes,
3423 3183 3555 3254 quia

1984 3283 2220 3353 Spiritus
2246 3281 2338 3336 Dei
2359 3293 2579 3337 sanctus
2604 3290 2689 3336 est
2722 3280 2776 3338 in
2807 3290 2878 3334 te.

2061 3376 2143 3430 16.
2185 3373 2337 3429 Tunc
2369 3373 2577 3440 Daniel,
2615 3373 2773 3442 cujus
2827 3386 3025 3425 nomen
3060 3369 3326 3433 Baltasar,
3358 3366 3556 3421 obmu-

1984 3468 2090 3522 tuit
2112 3468 2269 3538 quasi
2304 3467 2438 3522 hora
2469 3481 2575 3519 una
2602 3507 2618 3532 ,
2673 3475 2728 3520 et
2761 3463 3120 3535 cogitationes
3171 3461 3290 3530 ejus
3328 3469 3555 3514 contur-

1982 3562 2184 3617 babant
2206 3576 2352 3615 eum.
2376 3557 2676 3629 Respondit
2698 3573 2813 3621 rex,
2837 3567 2890 3611 et
2911 3556 3087 3610 dixit:
3117 3555 3380 3620 Baltasar,
3407 3567 3556 3607 som-

1982 3654 2159 3717 nium,
2192 3664 2247 3707 et
2281 3651 2654 3721 interpretatio
2691 3665 2758 3704 ne
2787 3649 3078 3703 sollicitum
3114 3657 3165 3700 te
3189 3645 3416 3712 reddat;
3458 3657 3551 3698 rc-

1983 3746 2203 3816 spondit
2230 3744 2497 3807 Baltasar,
2529 3751 2584 3797 et
2615 3741 2781 3795 dixit:
2819 3739 3045 3794 Domine
3065 3737 3159 3802 mi,
3188 3734 3460 3790 somnium
3484 3733 3557 3788 sit

1986 3837 2095 3900 bis,
2126 3835 2221 3907 qui
2249 3842 2303 3890 te
2328 3835 2584 3899 oderunt,
2622 3840 2677 3887 et
2731 3828 3108 3899 interpretatio
3151 3827 3271 3897 ejus
3301 3824 3557 3880 hostibus

1983 3928 2113 3983 tuis.

2055 4021 2145 4075 17.
2184 4020 2364 4075 Arbor
2395 4033 2560 4089 quam
2587 4016 2770 4072 vidisti
2801 4013 3230 4083 magniﬁcatam,
3272 4017 3328 4064 et
3359 4022 3556 4063 corro-

1985 4111 2256 4180 boratam,
2288 4112 2446 4182 cujus
2477 4109 2708 4166 altitudo
2733 4107 2981 4180 pervenit
3009 4105 3075 4159 ad
3102 4103 3324 4166 caelum,
3358 4108 3414 4155 et
3432 4098 3556 4153 lati-

1985 4209 2118 4265 tudo
2148 4208 2266 4278 ejus
2299 4208 2356 4262 in
2385 4208 2692 4262 universam
2726 4213 2946 4258 terram.

385 4295 470 4348 18.
504 4293 612 4346 Καὶ
635 4293 704 4346 τά
731 4292 902 4362 φύλλα
927 4291 1092 4346 αὐτοῦ
1112 4290 1336 4361 εὐθαλῆ,
1356 4290 1450 4344 καὶ
1485 4291 1514 4344 6
1549 4289 1760 4362 καρπὸς
1787 4291 1884 4344 αὖ·
1908 4319 1964 4380 D
2063 4301 2119 4356 18

1817 4291 1884 4343 ιῦ·
1908 4319 1964 4380 ι)
2063 4301 2147 4356 18.
2189 4301 2256 4354 Ει
2283 4298 2410 4354 folia
2445 4299 2565 4368 ejus
2591 4296 2859 4360 ﬂorentia,
2890 4303 2945 4350 et
2989 4291 3201 4347 fructus
3243 4286 3363 4359 ejus
3405 4283 3551 4340 mul-

312 4385 410 4440 τοῦ
441 4386 630 4450 πολὺς.
665 4386 760 4439 καὶ
779 4385 952 4455 τροφὴ
982 4385 1150 4436 πᾶσιν
1180 4383 1236 4436 ἐν
1269 4381 1445 4453 αὐτῷ·
1477 4382 1735 4435 ὑποκάτω
1782 4382 1882 4436 αὐ·-

314 4481 410 4534 τοῦ
448 4479 687 4550 κατῴκει
713 4478 780 4532 τὰ
807 4477 974 4549 θηρία
994 4477 1064 4530 τὰ
1091 4477 1279 4547 ἄγρια,
1314 4477 1410 4531 καὶ
1442 4477 1500 4529 ἐν
1529 4477 1641 4540 τοῖς
1669 4475 1886 4541 κλάδοις

315 4570 482 4626 αὐτοῦ
506 4571 878 4639 κατεσκήνουν
899 4568 972 4620 τά
1008 4567 1172 4638 δρνεα
1200 4566 1295 4620 τοῦ
1333 4566 1583 4638 ούρανοῦ.

389 4664 476 4720 19.
515 4663 585 4715 Σὺ
613 4658 682 4728 εἴ,
715 4660 956 4733 βασιλεῦ,
987 4661 1068 4714 ὅτι
1103 4657 1474 4730 ἐμεγαλύνθης
1505 4658 1599 4711 καὶ
1637 4658 1883 4728 ἴσχυσας,

318 4756 412 4810 καὶ
440 4756 473 4825 ή
500 4751 854 4824 μεγαλωσύνη
879 4769 972 4805 σου
1006 4749 1344 4820 ἐμεγαλύνθη
1370 4789 1385 4815 ,
1423 4749 1517 4804 καὶ
1555 4748 1887 4819 ἐφθασενέείς

315 4847 408 4899 τὸν
434 4844 677 4914 οὐρανὸν,
703 4844 796 4895 καὶ
815 4844 849 4914 ὴ
881 4842 1074 4913 κυρεία
1097 4857 1188 4894 σου
1212 4842 1288 4904 είς
1317 4841 1385 4894 τά
1410 4841 1620 4910 πέρατα
1643 4841 1742 4910 τῆς
1759 4840 1883 4910 γῆς.

389 4937 480 4991 το.
507 4936 619 4990 Καὶ
646 4937 727 4989 ὅτι
761 4929 900 4988 εἷδεν
920 4935 949 4987 6
984 4933 1236 5005 βασιλεὺς
1263 4933 1385 5005 Εἲρ,
1410 4933 1504 4986 καὶ
1530 4933 1681 5001 ἅγιον
1716 4948 1887 4986 κατα·-

318 5029 575 5083 6αίνοντα
602 5031 666 5082 ἐκ
693 5027 787 5082 τοῦ
816 5026 1068 5099 οὐρανοῦ,
1091 5026 1184 5080 καὶ
1197 5021 1369 5089 εἶπεν,
1387 5025 1664 5079 Ἐκτίλατε
1687 5024 1748 5077 16
1772 5023 1886 5078 δέν-

319 5120 466 5191 δρον,
499 5119 595 5172 καὶ
613 5118 959 5187 διαφθείρατε
987 5117 1137 5180 αὐτὸ,
1170 5116 1263 5169 καὶ
1298 5114 1436 5186 πλὴν
1474 5121 1572 5186 τὴν
1611 5117 1750 5187 φυὴν
1778 5117 1886 5170 τῶν

325 5212 489 5284 ῥιζῶν
519 5211 682 5266 αὑτοῦ
716 5213 772 5263 ἐν
803 5212 867 5281 τῇ
896 5212 966 5280 γῇ
989 5211 1205 5272 ἐάσατε,
1242 5207 1337 5261 καὶ
1368 5211 1424 5260 ἐν
1447 5207 1629 5278 δεσμῷ
1659 5209 1884 5282 σιδηρῷ,

323 5305 418 5358 καὶ
445 5303 650 5375 χαλκῷ,
685 5303 778 5357 καὶ
799 5304 856 5355 ἐν
874 5305 940 5372 τῇ
974 5300 1105 5373 χλόῃ
1129 5303 1191 5371 τῇ
1228 5299 1352 5364 ἔξω,
1390 5297 1483 5351 καὶ
1519 5300 1578 5351 ὲν
1607 5301 1672 5370 τῇ
1714 5299 1887 5372 δρόσῳ

323 5396 416 5449 τοῦ
468 5394 696 5464 ούρανοῦ
736 5392 1152 5464 αύλισθήσεται,
1203 5391 1300 5444 καὶ
1350 5389 1487 5460 μετὰ
1524 5389 1628 5443 τῶν
1683 5389 1889 5462 θηρίων

324 5487 531 5556 ἀγρίων
555 5488 589 5556 ἡ
619 5487 772 5559 μερὶς
796 5484 984 5543 αὑτοῦ.
1014 5484 1117 5548 ἕως
1145 5481 1284 5538 ἑπτὰ
1316 5482 1498 5554 καιροὶ
1522 5481 1890 5542 ἁλλοιωθῶσιν

326 5581 412 5635 ἐπ’
439 5578 619 5635 αὐτόν.

1986 4402 2096 4458 tus,
2118 4402 2171 4448 et
2197 4407 2324 4447 esca
2353 4391 2610 4445 omnibus
2663 4390 2717 4444 in
2768 4403 2832 4444 ea
2865 4404 2879 4440 :
2911 4385 3101 4440 subter
3159 4396 3278 4436 eam
3340 4379 3556 4433 habita-

1985 4486 2118 4541 bant
2145 4484 2331 4541 bestiae
2355 4484 2494 4555 agri,
2517 4490 2572 4539 et
2603 4482 2660 4537 in
2691 4480 2858 4536 ramis
2897 4479 3018 4548 ejus
3073 4471 3556 4551 commorabantur

1987 4591 2116 4632 aves
2143 4575 2290 4630 caeli.

2058 4668 2145 4724 19.
2187 4667 2267 4723 Tu
2296 4682 2377 4734 es,
2410 4681 2444 4721 o
2477 4681 2592 4731 rex,
2619 4664 2745 4734 quia
2802 4663 3180 4732 magniﬁcatus
3199 4675 3281 4722 es,
3310 4668 3364 4714 et
3400 4657 3557 4712 inva-

1986 4761 2157 4827 luisti,
2198 4769 2253 4816 et
2279 4759 2594 4831 magnitudo
2628 4768 2717 4812 tua
2746 4756 3091 4826 magniﬁcata
3130 4762 3248 4818 est,
3272 4761 3326 4806 et
3363 4762 3556 4820 perve-

1987 4853 2068 4908 nit
2093 4853 2158 4908 ad
2188 4853 2408 4915 coelum,
2441 4859 2494 4905 et
2526 4848 2763 4919 potentia
2793 4855 2882 4900 tua
2915 4846 2982 4899 ad
3017 4844 3280 4899 terminos
3311 4852 3487 4895 terrae.

2057 4947 2146 5000 20.
2188 4945 2342 5012 Quod
2373 4953 2554 4999 autem
2583 4941 2721 4996 vidit
2777 4955 2872 4994 rex
2904 4937 3020 5003 llir,
3068 4945 3122 4992 et
3177 4941 3430 4992 sanctum
3458 4931 3556 4985 de-

1987 5038 2336 5095 scendentem
2369 5035 2436 5091 de
2463 5035 2624 5098 caelo,
2649 5042 2705 5088 et
2743 5031 2881 5086 dixit
2909 5047 2921 5086 :
2955 5028 3178 5084 Evellite
3210 5026 3555 5088 arborem,et

1987 5132 2252 5188 destruite
2277 5146 2419 5193 eam,
2469 5136 2710 5184 attamen
2769 5139 2989 5196 germen
3045 5122 3291 5176 radicum
3326 5117 3447 5187 ejus
3496 5115 3554 5170 in

1988 5233 2133 5281 terra
2160 5223 2434 5284 dimittite,
2461 5229 2515 5276 et
2536 5221 2590 5275 in
2620 5218 2835 5273 vinculo
2881 5215 3058 5270 ferreo
3079 5254 3094 5281 ,
3125 5221 3180 5268 et
3231 5223 3392 5274 aereo,
3420 5215 3475 5262 et
3496 5207 3552 5262 in

1989 5315 2154 5371 herba
2194 5329 2314 5383 quae
2349 5311 2504 5374 foris,
2535 5319 2591 5364 et
2623 5308 2674 5364 in
2705 5322 2829 5364 rore
2859 5305 2982 5359 coeli
3021 5298 3470 5362 commorabitur,
3499 5303 3555 5351 et

1991 5423 2113 5465 cum
2143 5405 2330 5461 bestiis
2363 5402 2668 5474 agrestibus
2720 5414 2846 5469 pars
2902 5395 3062 5469 ejus,
3113 5395 3288 5451 donec
3342 5396 3555 5462 septem

1989 5511 2238 5572 tempora
2268 5506 2545 5554 mutentur
2571 5507 2734 5566 super
2759 5505 2908 5549 eum.
