3848 6218
432 250 578 310 2863

1497 244 1755 301 DANIEL
1786 244 2010 301 JUXTA
2046 244 2585 304 THEODOTIONEM

3545 252 3704 309 2868

504 369 593 422 21.
633 364 758 421 Haec
791 362 1167 435 interpretatio
1202 361 1344 434 ejus,
1396 377 1430 419 ο
1456 377 1551 418 rex
1581 403 1597 428 ,
1640 370 1695 415 et
1746 362 2005 416 sententia

2183 363 2273 417 2|.
2303 362 2473 417 Τοῦτο
2519 367 2552 436 ή
2583 364 2870 437 σύγκρισις
2917 364 3100 433 αὐτοῦ,
3136 366 3376 438 βασιλεῦ,
3420 368 3517 424 καὶ
3552 369 3701 435 σύγ-ο

434 458 697 515 Altissimi
720 465 826 523 est,
852 472 974 527 qua!
1008 454 1254 527 pervenit
1285 468 1448 523 super
1498 453 1782 509 dominum
1820 469 2002 509 meum

434 566 639 622 regem,
666 561 720 604 et
752 558 803 603 te
831 548 1050 618 ejicient
1074 548 1143 602 ab
1173 545 1509 612 hominibus,
1554 557 1609 599 et
1658 560 1780 600 cum
1814 546 2004 602 bestiis

434 642 743 713 agrestibus
767 641 871 696 erit
902 640 1168 695 habitatio
1205 650 1315 695 tua.

512 735 605 790 22.
648 733 717 789 Et
740 734 889 789 freno
923 742 983 786 ut
1035 734 1223 786 bovem
1283 738 1506 801 pascant
1552 739 1622 795 te,
1653 738 1707 783 et
1757 727 1823 783 de
1880 742 2003 782 rore

437 827 563 883 emli
620 840 821 896 corpus
855 834 1008 879 tuum
1051 831 1387 893 aspergetur,
1421 830 1475 876 et
1504 832 1705 891 septem
1762 829 2000 890 tempora

438 918 801 973 mutabuntur
834 930 1001 985 super
1027 923 1097 978 te,
1134 913 1307 967 donec
1328 914 1491 977 scias,
1513 913 1659 983 quod
1692 913 2004 965 dominatur

439 1007 698 1063 Excelsns
727 1020 891 1075 super
943 1018 1165 1073 regnum
1219 1003 1523 1068 hominum,
1565 1011 1619 1057 et
1677 1002 2004 1070 cuicumque

437 1100 689 1163 voluerit,
720 1097 870 1154 dabit
895 1097 1053 1151 illud.

505 1195 595 1248 25.
622 1191 779 1259 Quod
798 1199 985 1246 autem
1017 1188 1187 1243 dixit:
1219 1185 1483 1240 Dimittite
1510 1198 1729 1254 germen
1754 1182 2002 1238 radicum

439 1285 685 1339 arboris:
714 1298 939 1353 regnum
970 1293 1121 1337 tuum
1146 1280 1243 1334 tibi
1274 1280 1552 1345 manebit,
1594 1287 1880 1349 postquam
1911 1291 2005 1331 co-

440 1376 691 1446 gnoveris
723 1382 1044 1445 potestatem
1076 1372 1373 1427 cmlestem.
1996 1434 2003 1441 '

507 1469 596 1522 24.
638 1467 1026 1534 Quamobrem,
1068 1482 1186 1531 rex,
1216 1463 1510 1519 consilium
1564 1479 1743 1517 meum
1795 1463 2005 1533 placeat

436 1562 558 1627 tibi,
584 1571 636 1616 et
666 1569 883 1631 peccata
919 1568 1009 1613 tua
1032 1558 1085 1612 in
1114 1557 1476 1628 eleemosynis
1500 1556 1704 1611 redime
1724 1596 1740 1621 ,
1776 1566 1830 1611 et
1862 1557 2005 1627 inju-

440 1652 616 1708 stitias
644 1661 766 1706 tuas
814 1651 867 1704 in
914 1648 1354 1705 miserationibus
1384 1663 1678 1718 pauperum
1708 1667 1731 1703 :-
1774 1647 2004 1704 fortasse

438 1743 542 1798 erit
570 1742 951 1810 longanimitas
983 1756 1079 1812 pro
1106 1740 1317 1795 delictis
1352 1741 1480 1794 tuis.

509 1834 600 1891 25.
642 1834 765 1890 Haec
796 1835 981 1889 omnia
1036 1840 1301 1888 venerunt
1350 1847 1513 1901 super
1561 1840 1613 1887 te
1641 1829 2003 1886 Nabuchodo-

394 1941 399 1983 ξ
440 1941 607 1981 nosor
639 1942 844 1998 regem.

392 2079 403 2091 ,
510 2019 600 2074 26.
640 2019 773 2075 Post
804 2034 1016 2074 menses
1038 2017 1320 2075 duodecim
1356 2015 1409 2071 in
1461 2013 1660 2086 templo
1704 2013 1855 2085 regni
1917 2012 2003 2071 sui

395 2095 407 2160 l
440 2112 716 2183 Babylone
747 2111 1155 2167 deambulabat.

506 2207 597 2261 27.
638 2204 704 2261 Et
738 2205 1016 2275 respondit
1045 2220 1163 2267 rex,
1210 2211 1266 2258 et
1311 2200 1488 2258 dixit:
1523 2199 1717 2255 Nonne
1748 2200 1861 2254 haec
1921 2207 2005 2253 est

440 2297 677 2369 Babylon
712 2311 927 2367 magna,
960 2311 1125 2367 quam
1149 2310 1252 2367 ego
1277 2294 1538 2350 aedificavi
1573 2295 1634 2348 in
1660 2293 1889 2348 domum
1918 2309 2018 2348 re-.

438 2390 551 2461 gni,
587 2390 641 2445 in
672 2390 864 2445 robore
884 2387 1221 2444 fortitudinis
1253 2386 1429 2441 meae?

509 2481 603 2537 28.
641 2480 778 2535 Cum
800 2481 980 2535 adhuc
1009 2494 1191 2537 sermo
1213 2486 1359 2533 esset
1384 2477 1437 2532 in
1472 2492 1568 2532 ore
1594 2477 1765 2548 regis,
1800 2493 1903 2530 vox
1940 2476 2005 2531 de

439 2574 579 2630 cmlo
610 2572 749 2628 facta
780 2582 898 2628 est:
922 2572 1045 2627 Tibi
1083 2572 1303 2638 dicitur,
1336 2570 1845 2627 Nabuchodonosor
1868 2583 1996 2624 rex:

440 2686 668 2742 regnum
700 2677 853 2724 tuum
877 2668 1093 2725 transiit
1121 2686 1151 2724 a
1178 2679 1251 2728 te.

511 2843 604 2900 29.
645 2843 710 2899 Et
733 2844 803 2900 ab
829 2844 1146 2903 hominibus
1177 2854 1230 2901 te
1274 2844 1511 2916 ejicient,
1543 2855 1596 2901 et
1657 2862 1779 2903 cum
1815 2848 2007 2905 bestiis

441 2936 748 3006 agrestibus
776 2937 1035 2993 habitatio
1082 2947 1195 3003 tua,
1232 2946 1287 2994 et
1325 2937 1473 2994 faeno
1530 2949 1591 2994 ut
1629 2940 1821 2995 bovem
1860 2942 2008 2996 ciba—

444 3030 586 3083 ιιιιηι⁵
614 3037 684 3096 te,
719 3038 775 3083 et
799 3036 1003 3099 septem
1039 3037 1282 3097 tempora
1306 3030 1665 3084 mutabuntur
1742 3046 1903 3100 super
1956 3043 2008 3087 te

2112 470 2285 524 κριμα
2323 454 2579 525 Ὑψίστου
2628 458 2798 521 ἐστὶν,
2831 455 2859 509 ὃ
2884 456 3114 527 ἔφθασεν
3134 458 3335 513 ἐπϊτδν
3361 460 3553 532 κύριόν
3586 478 3698 531 μου

2108 545 2201 598 τὸν
2243 545 2489 615 βασιλέα,
2517 549 2609 601 καὶ
2631 549 2689 602 σέ
2711 550 3192 617 ἐκδιώξουσινιάπὸ
3219 552 3332 604 τῶν
3354 552 3694 623 ἀνθρώπιον,

2107 636 2202 689 καὶ
2237 637 2377 705 μετά
2403 637 2608 708 θηρίων
2634 640 2837 709 ἀγρίων
2858 641 3006 694 ἔσται
3036 643 3070 712 ἡ
3109 641 3356 695 κατοικία
3385 660 3498 697 σου.

2175 727 2267 780 22.
2307 728 2412 780 Καὶ
2444 729 2636 799 χόρτον
2682 730 2757 794 ὡς
2796 731 2921 801 βοῦν
2975 732 3279 801 ψωμίσουσί
3314 749 3395 796 σε,
3428 732 3525 786 καὶ
3573 733 3695 787 ἀπὸ

2107 824 2206 894 τῆς
2238 825 2430 896 δρόσου
2456 826 2550 879 τοῦ
2579 826 2804 898 οὐρανοῦ
2826 828 2887 880 τὸ
2916 827 3075 897 σῶμά
3094 845 3186 880 σου
3218 827 3543 897 βαφήσεται,
3589 827 3693 881 καὶ

2110 917 2253 970 ἐπτά
2284 920 2466 988 καιροὶ
2494 918 2889 989 ἀλλαγήσονται
2918 920 3011 972 ἐπὶ
3051 920 3130 984 σέ,
3166 919 3267 981 ἓως
3299 914 3361 973 οὗ
3397 918 3566 988 γνῷς,
3602 919 3691 972 ὅτι

2108 1008 2349 1079 κυριεύει
2396 1010 2425 1062 6
2484 1009 2743 1079 ’Υψιστος
2769 1013 2864 1081 τῆς
2886 1009 3161 1079 βασιλείας
3214 1009 3321 1062 τῶν
3351 1010 3687 1082 ἀνθρώπων,

2108 1099 2201 1151 καὶ
2224 1092 2268 1166 ᾧ
2298 1098 2364 1152 ἂν
2390 1098 2535 1171 δόξῃ,
2568 1099 2727 1153 δώσει
2768 1101 2957 1171 αὑτήν.

2175 1190 2269 1244 23.
2297 1190 2406 1243 Kal
2426 1191 2507 1243 ὅτι
2538 1185 2708 1256 εἶπεν,
2726 1190 2957 1245 Ἑάσατε
2976 1191 3090 1261 τὴνι
3105 1190 3243 1262 φυὴν
3254 1191 3363 1243 τῶν
3384 1190 3555 1262 ῥιζῶν
3582 1188 3688 1244 τοῦ

2107 1281 2322 1354 δένδρου
2342 1297 2359 1314 ·
2396 1283 2429 1353 ή
2464 1280 2710 1351 βασιλεία
2738 1300 2828 1335 σου
2852 1283 2936 1336 σοὶ
2967 1285 3141 1354 μενεῖ,
3172 1284 3286 1355 ,ἀφ’
3316 1280 3383 1355 ἦς
3427 1284 3495 1338 ἂν
3531 1283 3688 1354 γνῷς

2107 1372 2205 1445 τὴν
2233 1373 2478 1439 ἐξουσίαν
2496 1374 2592 1445 τὴν
2614 1375 2882 1445 οὐράνιον.

2179 1465 2269 1519 21.
2301 1466 2398 1520 Διά
2423 1466 2600 1531 τοῦτο,
2627 1465 2867 1535 βασιλεῦ,
2903 1468 2937 1538 ἡ
2976 1466 3136 1538 βουλή
3159 1484 3258 1538 μου
3288 1467 3539 1539 ἀρεσάτω
3570 1484 3684 1535 σοι,

2111 1555 2205 1610 καὶ
2257 1556 2357 1621 τὰς
2410 1558 2681 1629 ἁμαρτίας
2728 1574 2821 1611 σου
2858 1559 2915 1610 ἐν
2948 1559 3335 1629 ἐλεημοσύναις
3374 1559 3682 1629 λύτρωσαι,

2112 1647 2333 1711 καὶτὰς
2375 1649 2587 1712 ἀδικίας
2642 1666 2735 1701 σου
2781 1652 2839 1703 ἐν
2871 1651 3173 1721 οἰκτιρμοῖς
3219 1652 3502 1721 πενήτων·
3544 1652 3684 1715 tam;

2038 1741 2081 1795 Β
2111 1736 2261 1789 ἔσται
2288 1737 2639 1809 μακροθυμία
2658 1741 2769 1803 τοῖς
2798 1739 3201 1811 παραπτώμασί
3239 1757 3349 1795 σου.

2179 1828 2271 1884 25.
2309 1829 2491 1884 Ταῦτα
2521 1832 2697 1885 πάντα
2726 1830 2958 1901 ἔφθασεν
2991 1831 3085 1884 ἐπὶ
3119 1833 3177 1885 σέ
3204 1832 3681 1909 Ναόουχοδονόσορ

2106 1920 2198 1973 τὸν
2229 1919 2471 1990 βασιλέα.

2177 2011 2265 2065 26.
2295 2011 2448 2065 Μετὰ
2493 2011 2872 2083 δωδεκάμηνον
2919 2012 2978 2065 ἐν
3011 2011 3090 2083 τῷ
3129 2013 3241 2084 ναῷ
3270 2013 3367 2085 τῆς
3397 2012 3679 2084 βασιλείας

2109 2103 2270 2157 αὐτοῦ
2303 2104 2360 2156 ἐν
2386 2104 2662 2157 Βαϐυλῶνι
2690 2102 3005 2175 περιπατῶν
3026 2102 3113 2178 ἦν.

2178 2194 2268 2248 27.
2298 2195 2407 2249 Kal
2439 2195 2707 2267 ἀπεκρίθη
2738 2198 2765 2249 ὁ
2788 2195 3057 2266 βασιλεὺς,
3081 2197 3173 2249 καὶ
3201 2192 3371 2262 εἶπεν,
3395 2196 3506 2267 Οὐχ
3529 2194 3679 2265 αὕτη

2109 2286 2225 2340 ἐστὶ
2263 2285 2519 2339 Βαϐυλὼν
2541 2289 2573 2359 ὴ
2607 2287 2837 2358 μεγάλη,
2857 2289 2923 2357 ἢν
2946 2288 3055 2357 ἐγὼ
3082 2288 3402 2358 ᾠκοδόμησα
3426 2290 3506 2353 εἰς
3524 2284 3683 2343 οἷκον

2111 2377 2385 2448 βασιλείας
2411 2379 2477 2431 ἐν
2493 2378 2570 2449 τῷ
2601 2380 2789 2450 κράτει
2818 2380 2916 2450 τῆς
2965 2380 3144 2450 ίσχύος
3177 2398 3314 2450 μους

2179 2470 2271 2526 28.
2311 2472 2429 2525 Ἔτι
2462 2471 2556 2524 τοῦ
2605 2471 2762 2541 λόγου
2814 2474 2871 2526 ἐν
2896 2473 2973 2544 τῷ
3007 2474 3233 2545 στόματι
3264 2472 3354 2526 τοῦ
3408 2472 3677 2543 βασιλέως

2110 2560 2280 2625 ὄντος,
2299 2561 2448 2634 φωνὴ
2474 2563 2566 2615 ἀπ’
2587 2563 2813 2634 οὐρανοῦ
2840 2565 3075 2633 ἐγένετο·
3097 2566 3185 2616 Σοὶ
3210 2565 3441 2633 λέγεται,
3462 2566 3678 2617 Ναὸου-

2112 2653 2393 2726 χοδονόσορ
2445 2654 2686 2725 βασιλεῦ,
2722 2658 2759 2728 ἡ
2806 2656 3052 2727 βασιλεία
3099 2674 3191 2710 σου
3245 2656 3517 2729 παρῆλθεν
3565 2656 3677 2709 ἀπὸ

2114 2761 2228 2801 σου.

2181 2838 2272 2895 29.
2302 2838 2411 2892 Kal
2457 2837 2564 2891 ἀπὸ
2614 2837 2727 2891 τῶν
2773 2837 3075 2909 ἀνθρώπων
3122 2838 3179 2891 σὲ
3210 2838 3543 2906 ἐκδιώξουσι,
3579 2841 3678 2894 καὶ

2116 2930 2253 2999 μετά
2278 2928 2480 3001 θηρίων
2509 2929 2714 2998 ἀγρίων
2746 2931 2779 2999 ή
2807 2930 3059 2982 κατοικία
3088 2947 3179 2982 σου
3202 2970 3217 2993 ,
3250 2929 3345 2982 καὶ
3378 2930 3568 2999 χόρτον
3598 2928 3677 2993 ὡς

2115 3020 2241 3091 βοῦν
2282 3020 2590 3091 ψωμίσουσί
2624 3038 2705 3084 σε,
2746 3021 2840 3075 καὶ¹
2896 3021 3036 3074 ἑπτὰ
3066 3022 3243 3090 καιροὶ
3280 3021 3677 3090 ἀλλαγήσονται

441 3119 615 3174 donec
670 3120 834 3185 scias,
893 3119 1039 3190 quod
1090 3120 1405 3176 dominatur
1438 3120 1699 3179 Excelsus
1722 3138 1886 3193 super
1923 3140 2005 3179 re-

2122 3115 2202 3166 ὲπὶ
2231 3113 2451 3176 calleo;
2475 3107 2534 3166 οὗ
2557 3112 2718 3182 γνῷς,
2734 3114 2815 3166 ὅτι
2840 3113 3079 3183 κυριεύει
3106 3113 3134 3165 6
3164 3114 3422 3184 ’Υψιστος
3446 3114 3543 3184 τῆς
3570 3114 3676 3183 βα-

442 3226 608 3280 gnum
637 3212 878 3281 ipsorum
911 3212 1194 3268 hominum
1215 3254 1230 3280 ,
1284 3222 1341 3270 et
1395 3214 1724 3287 cuicumque
1748 3217 2004 3283 voluerit,

441 3302 590 3357 dabit
619 3302 771 3358 illud.

511 3394 599 3449 30.
645 3392 843 3448 Eadem
871 3392 1004 3449 hora
1037 3410 1217 3451 sermo
1240 3394 1543 3466 completus
1576 3406 1659 3452 est
1709 3410 1874 3467 super
1900 3395 2009 3451 Na-

441 3485 861 3541 buchodonosor
891 3527 907 3552 ,
957 3496 1012 3542 et
1071 3502 1136 3541 ex
1197 3488 1506 3542 hominibus
1566 3488 1775 3558 ejectus
1804 3499 1922 3556 est,
1954 3497 2009 3544 et

442 3578 645 3632 fmnnm
679 3587 737 3632 ut
766 3578 865 3634 hos
891 3579 1145 3646 comedit,
1170 3587 1224 3634 et
1249 3580 1315 3635 de
1341 3595 1466 3635 rore
1499 3580 1622 3635 ειεῐὶ
1660 3596 1861 3652 corpus
1886 3582 2006 3649 ejus

443 3666 699 3722 infectum
721 3676 825 3734 est,
852 3668 1024 3723 donec
1055 3669 1234 3739 capilli
1285 3668 1405 3738 ejus
1454 3669 1615 3739 quasi
1638 3669 1859 3725 leonum
1888 3687 2009 3725 cre-

441 3766 658 3824 verunt,
689 3765 743 3812 et
771 3774 980 3831 ungues
1009 3760 1127 3829 ejus
1150 3758 1310 3831 quasi
1335 3759 1545 3815 avium.

507 3930 598 3987 3i.
638 3929 705 3985 Ει
726 3939 850 4001 post
875 3931 1036 3986 linem
1089 3930 1301 3988 dierum
1358 3948 1462 4005 ego
1490 3932 2007 4004 Nabuchodonosor

441 4020 632 4077 oculos
660 4037 812 4077 meos
842 4022 909 4076 ad
938 4022 1135 4077 caelum
1164 4024 1357 4092 levavi,
1386 4033 1441 4080 et
1468 4040 1662 4082 sensus
1695 4026 1798 4082 mei
1830 4027 1895 4082 ad
1919 4040 2006 4082 me

441 4113 645 4169 reversi
667 4121 815 4177 sunt,
838 4122 893 4170 et
918 4112 1196 4171 Altissimo
1222 4116 1491 4185 benedixi,
1541 4125 1596 4173 et
1641 4117 1909 4173 viventem
1949 4118 2003 4173 in

412 4206 833 4274 sempiternum
864 4205 1097 4274 laudavi,
1124 4215 1179 4262 et
1204 4207 1537 4278 gloriﬁcavi,
1587 4209 1715 4279 quia
1764 4217 2004 4279 potestas

442 4294 563 4364 ejus
594 4304 832 4365 potestas
861 4297 1209 4368 sempiterna,
1241 4307 1297 4353 et
1322 4314 1549 4371 regnum
1591 4299 1711 4371 ejus
1754 4299 1809 4354 in
1842 4314 2006 4372 gene-

442 4386 709 4443 rationem
738 4397 789 4443 et
818 4389 1246 4459 generationem.

513 4567 601 4623 52.
642 4566 710 4620 Et
747 4580 939 4623 omnes
968 4567 1300 4623 habitatores
1338 4575 1493 4622 terra:
1513 4564 1670 4637 quasi
1699 4565 1832 4620 nihil
1858 4579 2008 4621 com-

444 4660 617 4731 putati
648 4668 796 4724 sunt,
828 4668 882 4713 et
912 4659 1067 4729 juxta
1104 4660 1438 4715 voluntatem
1461 4674 1615 4714 suam
1651 4658 1781 4712 facit
1810 4660 1864 4712 in
1888 4660 2006 4713 vir-

445 4759 560 4804 tute
582 4750 727 4815 cmli,
757 4758 810 4804 et
840 4750 893 4803 in
930 4751 1259 4805 habitatione
1284 4762 1457 4805 terrae.
1489 4748 1555 4802 Et
1605 4766 1713 4804 non
1748 4761 1852 4817 est,
1911 4749 2005 4820 qui

449 4841 664 4898 resistat
687 4844 871 4898 manui
897 4842 1038 4913 ejus,
1058 4852 1112 4897 et
1136 4844 1284 4898 dicat
1300 4842 1351 4899 ei
1376 4861 1390 4897 :
1411 4842 1551 4908 Quid
1580 4841 1796 4898 fecisti?

516 5044 607 5099 3'5.
646 5042 771 5114 lpso
803 5053 1043 5115 tempore
1068 5060 1265 5101 sensus
1291 5045 1398 5099 mei
1429 5045 1627 5100 reversi
1656 5054 1786 5100 sunt
1824 5044 1877 5099 in
1900 5060 2005 5113 me,

447 5142 500 5188 et
524 5134 591 5189 ad
623 5133 886 5190 honorem
938 5136 1088 5205 regni
1133 5137 1240 5190 mei
1298 5135 1442 5199 veni,
1483 5145 1536 5189 et
1567 5136 1734 5206 tignra
1781 5151 1895 5189 mea
1924 5151 2007 5190 re-

448 5241 605 5281 versa
632 5236 716 5281 est
740 5227 807 5281 ad
836 5241 955 5281 me:
990 5237 1044 5282 et
1082 5228 1317 5299 tyranni,
1341 5236 1397 5281 et
1426 5238 1703 5296 magnates
1738 5228 1839 5281 mei
1860 5242 2009 5297 quae-

450 5315 644 5368 rebant
676 5331 783 5380 me,
816 5324 872 5369 et
904 5315 957 5368 in
1022 5332 1190 5386 regno
1221 5331 1340 5370 meo
1388 5317 1724 5373 confortatus
1776 5333 1895 5373 sum
1922 5325 2009 5383 ,et

452 5406 852 5476 magniﬁcentia
884 5407 1114 5477 amplior
1146 5408 1328 5464 addita
1350 5419 1433 5465 est
1456 5410 1609 5464 mihi.

518 5585 609 5639 δι.
651 5584 718 5639 Et
776 5602 923 5641 nunc
983 5603 1082 5659 ego
1138 5587 1641 5645 Nabuchodonosor
1696 5588 1897 5655 laudo,
1951 5597 2007 5643 et

450 5676 649 5742 exalto,
680 5686 733 5732 et
763 5677 1002 5748 glorifico
1031 5696 1211 5753 regem
1244 5680 1386 5748 cmli,
1429 5681 1556 5754 quia
1611 5682 1794 5739 omnia
1843 5698 2007 5754 opera

2110 3202 2313 3266 σιλείας
2340 3201 2518 3256 αὐτῶν
2546 3202 2655 3257 τῶν
2687 3202 3006 3275 ἀνθρώπων,
3038 3205 3129 3256 καὶ
3221 3204 3317 3257 ἐὰν
3336 3203 3481 3277 δόξῃ,
3510 3202 3676 3256 δώσει

2107 3299 2455 3456 αυΞὲΪ.Αὐτῇ
2483 3386 2547 3456 τῇ
2576 3382 2695 3455 ὥρᾳ
2720 3385 2748 3438 6
2775 3383 2929 3452 λόγος
2961 3382 3307 3455 συνετελέσθη
3331 3381 3427 3435 ἐπὶ
3459 3383 3680 3436 Ναϐου-

2107 3475 2414 3545 χοδονόσορ,
2472 3475 2565 3528 ml
2600 3474 2708 3529 ἀπὸ
2738 3475 2846 3529 τῶν
2898 3474 3194 3546 ἀνθρώπων
3232 3473 3543 3546 ἐξεδιώχθη,
3580 3479 3676 3530 καὶ

2107 3564 2299 3637 χόρτον
2322 3566 2399 3629 ὠς
2430 3565 2554 3636 βοῦς
2580 3564 2755 3637 ήσθιε,
2791 3565 2887 3618 καὶ
2914 3566 3022 3619 ἀπὸ
3048 3566 3149 3636 τῆς
3180 3566 3370 3636 δρόσου
3393 3566 3488 3619 τοῦ
3509 3566 3677 3636 οὐρα-

2105 3656 2199 3711 νοῦ
2251 3656 2314 3709 τὸ
2348 3656 2506 3727 σῶμα
2539 3657 2702 3711 αὐτοῦ
2746 3657 2944 3729 ἐδάφη,
2980 3658 3085 3720 ἕως
3129 3650 3189 3710 οὗ
3216 3656 3481 3727 αίιτρίχες
3504 3657 3674 3711 αὑτοῦ

2088 3749 2181 3813 ὡς
2203 3748 2924 3821 λεόπωννέμεγαλύνθησαν,
2970 3749 3064 3803 καὶ
3093 3749 3142 3801 οί
3181 3748 3369 3819 ὄνυχες
3396 3749 3562 3803 αὐτοῦ
3596 3750 3675 3815 ὡς

2103 3841 2327 3897 ὀρνέων.

2172 3859 2327 3897 νεων.

2139 3859 2263 3991 ρ51.
2298 3934 2578 4005 Καὶνμετὰ
2599 3932 2671 3987 τὸ.
2695 3930 2845 3997 τέλος
2872 3932 2980 3985 τῶν
3007 3932 3227 4003 ἡμερῶν
3252 3930 3674 4003 ἐγὼ-Ναϐουχο-

2102 4026 2320 4097 δονόσορ
2347 4027 2472 4091 τοὺς
2493 4026 2800 4096 ὀφθαλμούς
2834 4042 2933 4095 μου
2981 4026 3059 4088 είς
3083 4024 3174 4077 τὸν
3211 4024 3436 4097 οὐρανὸν
3459 4024 3671 4087 ἔλαϐον,

2086 4120 2199 4174 ’καὶ
2232 4121 2289 4173 αι
2328 4119 2521 4190 φρένες
2553 4136 2653 4190 μου
2684 4118 2772 4171 ἐπ’
2823 4117 2920 4189 ἐμὲ
2951 4117 3388 4186 ἐπεστράφησαν,
3443 4118 3540 4170 καὶ
3581 4117 3674 4170 τδν

2105 4211 2367 4281 ’Ὕψιστον
2402 4210 2675 4281 εὐλόγησα
2695 4250 2710 4275 ,
2739 4209 2831 4263 καὶ
2863 4210 2955 4262 τδν
2987 4208 3163 4273 ζῶντα
3191 4210 3272 4272 εἰς
3316 4210 3443 4270 τοὺς
3469 4208 3673 4270 αἰῶνας

2103 4299 2306 4371 ᾔνεσα,
2340 4300 2434 4354 καὶ
2462 4297 2688 4363 ἐδόξασα
2713 4337 2728 4363 ,
2758 4298 2840 4351 ὅτι
2885 4299 2919 4368 ὴ
2972 4297 3185 4361 ἐξουσία
3230 4295 3417 4359 αὑτοῦ,
3454 4295 3675 4360 ἐξουσία

2105 4390 2349 4456 αἰώνιος,
2394 4388 2493 4445 καὶ
2525 4391 2561 4461 ἡ
2604 4388 2849 4461 βασιλεία
2877 4387 3041 4443 αὐτοῦ
3085 4389 3166 4452 εἰς
3201 4387 3395 4458 γενεὰν
3453 4389 3549 4441 καὶ
3572 4404 3673 4456 γε·

2106 4483 2249 4538 νεάν.

2173 4573 2263 4632 52.
2303 4573 2412 4627 Kal
2439 4571 2639 4637 πάντες
2660 4572 2715 4625 οί-
2738 4571 3241 4643 κατοικοῦντες-τήν
3277 4571 3383 4642 γῆν
3419 4571 3497 4634 ὡς
3522 4571 3673 4625 οὐδὲν

2105 4665 2459 4738 ἐλογίσθησαν
2481 4681 2495 4696 ⁸
2528 4664 2621 4719 καὶ
2655 4665 2797 4719 κατά
2822 4666 2882 4718 τὸ
2916 4665 3126 4735 θέλημα
3159 4663 3326 4718 αὐτοῦ
3349 4666 3493 4717 ποιεῖ
3522 4666 3580 4717 ἐν
3602 4666 3669 4734 τῇ

2104 4758 2329 4829 δυνάμει
2373 4757 2469 4812 τοῦ
2496 4756 2751 4829 οὐρανοῦ,
2787 4758 2881 4811 καὶ
2925 4758 2983 4809 ἐν
3027 4759 3091 4827 τῇ
3128 4755 3379 4826 κατοικία
3409 4756 3512 4826 τῆς
3541 4756 3670 4824 γῆς.

2105 4850 2217 4905 Kal
2241 4852 2336 4903 οὐκ
2366 4851 2513 4904 ἔστιν
2541 4850 2601 4915 ὃς
2631 4851 3009 4920 ἀντιστήσεται
3055 4850 3128 4919 τῇ
3152 4848 3294 4919 χειρὶ
3327 4848 3517 4914 αὐτοῦ,
3578 4849 3671 4903 ul

2105 4942 2222 5014 ἐρεῖ
2255 4941 2418 5012 αὐτῷ·
2450 4942 2516 4995 Τί
2542 4940 2803 5012 ἐποίησας
2820 4958 2843 5008 ;-

2080 5050 2083 5055 ’
2160 5034 2264 5089 '53.
2300 5033 2456 5104 Αὐτῷ
2481 5035 2558 5104 τῷ
2589 5033 2765 5104 καιρῷ
2793 5033 2847 5086 αί
2877 5031 3067 5103 φρένες,
3118 5048 3218 5104 μου
3245 5030 3671 5101 ἐπεστράφησαν

2105 5125 2191 5179 ἐπ’
2224 5127 2363 5196 ἐμοὶ,
2400 5126 2494 5179 καὶ
2523 5128 2600 5189 είς
2628 5126 2724 5195 τὴν
2750 5125 2912 5195 τιμὴν
2934 5125 3031 5195 τῆς
3063 5122 3336 5194 βασιλείας
3359 5139 3461 5192 μου
3483 5117 3669 5193 ἦλθον,

2108 5217 2202 5271 καὶ
2240 5219 2273 5287 ὴ
2307 5218 2486 5288 μορφή
2518 5234 2616 5287 μου
2647 5216 2979 5289 ἐπέστρεψεν
3007 5216 3093 5268 ἐπ’
3140 5213 3258 5284 ἐμὲ,
3321 5214 3418 5265 καὶ
3474 5215 3522 5265 oi
3577 5211 3670 5265 τύ-

2111 5310 2291 5382 ραννοί
2331 5327 2453 5380 μου,
2502 5310 2595 5363 καὶ
2626 5310 2675 5361 οἱ
2708 5308 3029 5379 μεγιστᾶνές
3060 5325 3158 5376 μου
3194 5305 3420 5376 ἐζήτουν
3454 5322 3543 5375 με,
3577 5306 3669 5357 καὶ

2106 5401 2198 5453 ἐπὶ
2219 5401 2317 5470 τὴν
2350 5401 2619 5470 βασιλείαν
2643 5418 2743 5471 μου
2764 5398 3156 5471 ὲκραταιώθην,
3179 5400 3271 5451 καὶ
3307 5396 3665 5468 μεγαλωσύνη

2107 5509 2174 5544 πε
2181 5491 2467 5562 ρισσοτέρα
2495 5491 2793 5562 προσετέθη
2823 5509 2933 5561 μοι.

2178 5584 2266 5639 54.
2302 5584 2410 5638 Kal
2444 5584 2538 5637 νῦν
2564 5583 2673 5651 ἐγὼ
2694 5582 3156 5653 Ναϐουχοδονόσορ
3184 5580 3321 5636 αίνῶ
3344 5621 3359 5647 ,
3405 5580 3500 5634 καὶ
3530 5580 3664 5649 ὖψῶ,

2112 5677 2209 5734 καὶ
2253 5677 2459 5744 δοξάζω
2485 5677 2573 5733 τὸν
2607 5676 2823 5748 βασιλέα
2870 5675 2962 5731 τοῦ
2990 5673 3240 5748 οὐρανοῦ,
3274 5675 3363 5728 ὅτι·
3390 5674 3570 5729 πάντα
3601 5673 3663 5725 τὰ
