3848 6218
123 259 280 317 3365

123 476 350 536 πάντας
397 475 522 537 106;
569 471 964 546 πορευομένους
987 473 1044 526 ἐν
1075 470 1439 544 ὑπερηφανίᾳ,
1484 469 1705 525 δύναται

121 566 490 620 ταπεινῶσαι.

546 667 560 682 ‘
661 652 1055 706 ΚΕΦΔΛΑΙΟΝ
1104 649 1179 705 E'.

199 744 256 800 1.
296 745 583 815 Βαλτάσαρ
614 746 642 798 6
674 744 920 813 βασιλεὺς
942 744 1160 813 ἐποίησε
1185 742 1396 794 δεῖπνον
1427 742 1566 812 μέγα
1592 744 1702 806 τοῖς

127 839 461 906 μεγιστᾶσιν
499 835 664 890 αὐτοῦ
688 836 876 907 χιλίοις
899 876 914 902 ,
951 835 1044 888 καὶ
1076 834 1359 888 κατέναντι
1387 833 1492 886 τῶν
1517 834 1701 904 χιλίων

123 933 151 984 6
170 925 342 993 οἶνος.

195 1021 255 1075 2.
283 1022 462 1075 Πίνων
503 1019 789 1090 Βαλτάσαρ
817 1019 845 1071 6
880 1018 1130 1089 βασιλεὺς
1153 1011 1306 1071 εἶπεν
1330 1018 1388 1070 ἐν
1419 1020 1483 1089 τῇ
1515 1016 1698 1084 γεύσει

123 1109 219 1164 τοῦ
251 1110 422 1175 οῐνου,
452 1110 552 1162 τοῦ
590 1110 832 1176 ἐνεγκεῖν
865 1109 932 1160 τά
963 1108 1128 1178 σκεύη
1159 1107 1228 1160 τὰ
1256 1109 1456 1178 χρυσᾶ,
1513 1107 1603 1160 καὶ
1631 1108 1699 1160 τὰ

120 1203 369 1272 ἀργυρᾶ,
402 1201 438 1255 ἀ
468 1201 723 1272 ἐξήνεγκε
753 1199 1221 1270 Ναϐουχοδονόσορ
1249 1201 1276 1251 6
1319 1197 1500 1269 πατὴρ
1531 1197 1694 1251 06106

120 1297 188 1348 ἐκ
231 1294 332 1347 τοῦ
381 1292 510 1347 ναοῦ
545 1291 640 1345 τοῦ
668 1293 724 1344 ἐν
771 1289 1145 1360 Ἰερουσαλὴμ,
1182 1289 1276 1343 καὶ
1323 1289 1591 1342 πιέτωσαν
1638 1291 1695 1341 ἐν

120 1387 314 1446 αὐτοῖς
342 1383 370 1435 6
400 1383 668 1453 βασιλεὺς,
713 1382 806 1438 καὶ
854 1383 900 1434 οἱ
948 1382 1269 1450 μεγιστᾶνες
1299 1379 1485 1444 αὐτοῦ,
1517 1381 1612 1433 καὶ
1637 1381 1693 1433 αἱ

121 1474 454 1544 παράκοιτοι
483 1471 669 1534 06106,
700 1472 793 1523 καὶ
820 1471 876 1522 αἱ
911 1468 1177 1522 παλλακαὶ
1203 1468 1389 1522 αὐτοῦ.

193 1567 250 1620 3.
291 1565 402 1617 Καὶ
431 1561 630 1631 ἠνέχθη
660 1561 727 1614 τὰ
755 1560 920 1631 σκεύη
943 1559 1011 1613 τά
1036 1561 1267 1633 ιίιργυρᾶ2
1292 1560 1386 1613 καὶ
1408 1558 1476 1612 τά
1495 1561 1689 1630 χρυσᾶ,

121 1659 156 1714 5.
185 1659 451 1728 ἐξήνεγκε
481 1653 946 1723 Ναϐουχοδονόσορ
971 1653 1034 1705 ἐκ
1061 1652 1155 1705 τοῦ
1177 1652 1304 1706 ναοῦ
1331 1652 1421 1705 τοῦ
1444 1651 1577 1705 Θεοῦ
1599 1653 1691 1705 τοῦ

1572 257 1802 316 CAPUT
1848 261 1908 318 V.

125 385 275 454 ἔργα
303 380 472 435 06106
517 377 770 451 ἀληθινά,
797 378 892 434 καὶ
916 378 972 436 αί
991 377 1166 451 τρίδοι
1192 377 1356 433 06106
1383 378 1583 451 κρίσις,
1617 380 1702 433 καὶ

1826 380 1933 450 ejus
1961 395 2108 448 vera,
2136 390 2190 437 et
2216 381 2421 437 semitae
2448 381 2570 452 ejus
2608 379 2897 452 judicium,
2928 389 2980 438 et
3017 395 3207 437 omnes
3243 398 3367 452 gra-
3472 375 3476 381 ’

3228 263 3371 320 2865

1811 471 2020 528 dientes
2048 473 2101 526 in
2129 474 2377 545 superbia
2402 483 2579 544 potest
2607 473 2911 528 bumiliare.

2426 668 2655 726 CAPUT
2697 667 2760 723 V.

1877 763 1928 816 l.
1975 760 2218 817 Baltasar
2245 779 2338 816 rex
2372 763 2497 817 fecit
2545 763 2746 832 grande
2794 760 3101 815 convivium
3134 761 3366 828 Optima-

1807 854 1948 909 tibus
1966 855 2079 910 suis
2105 854 2271 920 mille,
2298 866 2349 910 et
2367 871 2397 909 e
2422 856 2640 925 regione
2671 855 2910 924 ipsorum
2931 854 3098 920 mille,
3119 854 3324 907 vinum.

1872 1037 1926 1091 2.
1968 1037 2166 1092 Bibens
2220 1037 2462 1093 Baltasar
2517 1054 2610 1093 rex
2673 1037 2809 1092 dixit
2854 1037 2907 1091 in
2958 1045 3112 1108 gustu
3146 1035 3274 1102 vini,
3305 1044 3364 1090 ut

1803 1127 2119 1182 afferrentur
2148 1145 2274 1183 vasa
2311 1145 2492 1193 aurea,
2523 1139 2578 1183 et
2609 1138 2862 1198 argentea
2889 1170 2904 1194 ,
2963 1143 3083 1198 qua:
3121 1137 3364 1196 asporta-

1801 1226 1950 1270 verat
1977 1215 2480 1272 Nabuchodonosor
2509 1227 2661 1288 pater
2693 1219 2812 1288 ejus
2862 1218 2926 1273 de
2962 1218 3179 1288 templo,
3215 1217 3360 1286 quod

1799 1317 1916 1360 erat
1947 1307 1999 1360 in
2026 1306 2346 1370 Jerusalem,
2367 1321 2419 1363 et
2450 1310 2693 1364 biberent
2726 1310 2778 1363 in
2806 1311 2884 1364 eis
2913 1326 3025 1374 rex,
3054 1319 3107 1364 et
3128 1310 3360 1379 optirna-

1800 1407 1878 1452 tes
1901 1399 2038 1467 ejus,
2062 1409 2113 1452 et
2141 1400 2455 1455 concubinae
2483 1401 2619 1470 ejus,
2645 1411 2696 1455 et
2725 1411 2902 1456 scorta
2940 1403 3077 1471 ejus.

1869 1579 1922 1634 3.
1966 1579 2032 1633 Et
2064 1579 2222 1633 allata
2255 1589 2381 1634 sunt
2413 1596 2540 1634 vasa
2572 1591 2848 1651 argentea,
2899 1591 2951 1636 et
3012 1596 3197 1647 aurea,
3239 1596 3360 1648 quae

1799 1681 2168 1740 asportaverat
2196 1670 2698 1726 Nabuchodonosor
2730 1673 2795 1726 de
2820 1674 3017 1742 templo
3057 1673 3166 1738 Dei,
3213 1672 3358 1742 quod

121 1753 182 1805 ἐν
222 1747 605 1820 Ἰερουσαλὴμ,
641 1747 732 1799 καὶ
762 1746 943 1798 ἔπινον
963 1747 1020 1798 ἐν
1045 1746 1223 1807 αὐτοῖς
1256 1746 1283 1797 6
1313 1745 1581 1814 βασιλεὺς,
1605 1747 1698 1798 καὶ

1826 1773 1974 1816 uerat
2000 1764 2051 1816 in
2083 1762 2383 1817 Jerusalem
2415 1783 2427 1817 :
2455 1773 2507 1817 et
2535 1764 2790 1818 bibebant
2820 1764 2872 1817 in
2897 1766 2976 1817 eis
3006 1780 3118 1829 rex,
3141 1774 3193 1817 et
3221 1765 3360 1834 opti-

121 1842 172 1892 οί
203 1839 528 1907 μεγιστᾶνες
548 1834 710 1889 αὐτοῦ
731 1874 746 1902 ,
780 1835 874 1889 καὶ
923 1836 1244 1908 παράκοιτοι
1268 1833 1428 1888 06106
1451 1876 1465 1902 ,
1516 1835 1611 1888 καὶ
1640 1837 1696 1887 αἱ

123 1929 406 1984 παλλακαὶ
433 1927 618 1982 αὑτοῦ.

196 2021 253 2074 4.
280 2021 390 2072 Καὶ
427 2018 610 2071 ἔπινον
652 2014 814 2077 οἶνον,
845 2015 941 2070 καὶ
991 2015 1192 2087 ᾔνεσαν
1220 2015 1344 2077 106;
1385 2013 1538 2075 θεοὺς
1574 2014 1698 2076 106;

125 2108 383 2179 χρυσοῦς,
417 2109 508 2160 καὶ
541 2107 831 2178 ἀργυροῦς,
884 2107 980 2158 καὶ
1010 2104 1264 2176 χαλκοῦς,
1296 2105 1390 2157 καὶ
1424 2103 1694 2174 σιδηροῦς,

126 2200 221 2252 καὶ
248 2199 514 2264 ξυλίνους,
559 2199 653 2250 καὶ
682 2196 915 2259 λιθίνους
942 2212 956 2226 ο
996 2197 1092 2249 καὶ
1123 2196 1214 2248 τὸν
1241 2195 1372 2248 Θεὸν
1399 2194 1494 2247 τοῦ
1529 2196 1696 2265 ούρα-

126 2291 219 2344 νοῦ
243 2292 343 2344 οὐκ
371 2291 688 2360 εὐλόγησαν,
717 2288 808 2342 τὸν
833 2288 1024 2359 ἔχοντα
1045 2288 1292 2355 ἐξουσίαν
1332 2287 1427 2341 τοῦ
1452 2287 1697 2359 πνεύμαα

125 2400 219 2446 to;
244 2382 445 2438 αὐτῶν.

200 2477 252 2530 5.
290 2476 380 2528 Ἐν
411 2475 546 2545 αὐτῇ
594 2476 659 2544 τῇ
706 2472 826 2545 ὥρᾳ
853 2472 1076 2542 ἐξῆλθον
1123 2473 1374 2526 δάκτυλοι
1399 2473 1580 2544 χειρὸς
1605 2474 1698 2526 ἀν-

129 2567 372 2637 θρώπου,
405 2568 499 2619 καὶ
532 2567 767 2638 ἔγραφον
792 2566 1076 2619 κατέναντι
1101 2567 1199 2634 τῆς
1223 2565 1502 2636 λαμπάδος
1526 2568 1616 2618 ἐπὶ
1638 2565 1698 2618 τδ

130 2660 370 2729 κονίαμα
396 2658 490 2712 106
516 2659 693 2728 τοίχου
725 2657 816 2711 τοῦ
868 2657 1017 2711 οἴκου
1062 2659 1156 2711 τοῦ
1194 2657 1489 2728 βασιλέως·
1538 2660 1632 2712 καὶ
1669 2660 1698 2711 6

131 2749 382 2819 βασιλεὺς
418 2748 638 2820 ἐθεώρει
678 2750 804 2812 τοὺς
847 2749 1216 2818 ἀστραγάλους
1254 2750 1354 2820 τῆς
1393 2749 1573 2821 χειρὸς
1598 2755 1697 2821 τῆς

130 2839 471 2910 γραφούσης·

200 2931 255 2984 6.
287 2931 419 2984 Τότε
451 2930 542 2983 τοῦ
572 2929 834 3001 βασιλέως
877 2930 911 3000 ἠ
949 2929 1128 3001 μορφὴ
1175 2930 1464 3001 ἠλλοιώθη,
1516 2933 1611 2986 καὶ
1647 2933 1696 2985 οί

129 3023 472 3094 διαλογισμοὶ
498 3024 660 3078 αὐτοῦ
685 3025 1079 3096 συνετάρασσον
1101 3025 1259 3078 αὑτὸν
1280 3068 1293 3089 ,
1323 3028 1415 3078 καὶ
1445 3027 1493 3078 οἱ
1519 3026 1698 3079 σύνδε-

135 3133 262 3187 σμοι
293 3117 394 3186 τῆς
416 3117 613 3186 ὀσφύος
646 3118 807 3172 06106
838 3116 1124 3182 διελύοντο,
1150 3119 1247 3170 καὶ
1276 3117 1345 3170 τὰ
1382 3118 1580 3186 γόνατα
1604 3120 1701 3172 06-

133 3206 228 3260 τοῦ
259 3212 325 3275 X
359 3209 514 3262 τοῦτο
543 3209 717 3280 τούτῳ
737 3210 792 3278 /.
827 3209 1200 3280 συνεκρούετο.

203 3301 258 3352 7.
299 3301 406 3353 Καὶ
440 3301 664 3370 ἐϐόησεν
685 3302 713 3353 6
740 3301 990 3371 βασιλεὺς
1014 3304 1070 3354 ἐν
1103 3302 1246 3374 ίσχύῖ
1271 3301 1364 3355 τοῦ
1393 3302 1704 3370 εἰσαγαγεῖν

138 3391 366 3458 μάγους,
402 3390 739 3455 Χαλδαίους,
780 3391 1152 3463 γαζαρηνούς·
1205 3393 1298 3445 καὶ
1351 3392 1622 3462 ἀπεκρίθη
1675 3393 1705 3444 ὁ

138 3483 405 3551 βασιλεὺς,
441 3484 531 3536 καὶ
561 3478 712 3538 εἶπεν
745 3487 852 3547 τοῖς
881 3487 1062 3552 σοφοῖς
1105 3485 1439 3550 Βαϐυλῶνος,
1476 3486 1559 3539 ὃτι
1587 3487 1703 3549 Πᾶς

137 3575 453 3646 ἄνθρωπος,
495 3575 553 3639 ὃς
592 3575 686 3628 ἐὰν
731 3577 946 3646 ἀναγνῷ
979 3577 1076 3646 τὴν
1105 3577 1318 3647 γραφὴν
1339 3579 1541 3648 ταύτην
1561 3619 1574 3643 ,
1607 3581 1704 3632 καὶ

136 3669 234 3736 τὴν
269 3667 552 3738 σύγκρισιν
574 3667 743 3737 αὐτῆς
769 3667 1008 3738 γνωρίσῃ
1036 3685 1145 3737 μοι,
1180 3669 1467 3742 πορφύραν
1490 3670 1705 3722 ἐνδύσε-

137 3777 250 3824 ται,
270 3761 362 3812 καὶ
388 3761 414 3812 ὁ
445 3761 711 3830 μανιάκης
747 3761 774 3812 6
795 3759 1029 3830 χρυσοῦς
1057 3761 1152 3812 ἐπὶ
1185 3760 1278 3811 τοῦ
1312 3761 1580 3832 τραχήλου
1610 3761 1705 3814 αύ-

137 3850 256 3918 τοῦ,
275 3852 369 3904 καὶ
392 3851 571 3923 τρίτος
598 3853 653 3904 ἐν
675 3853 742 3921 τῇ
775 3849 1022 3922 βασιλείᾳ
1045 3868 1148 3921 μου
1182 3852 1354 3921 ἄρξει.

211 3946 266 3997 8.
301 3944 413 3996 Καὶ
444 3942 849 4014 εἰσεπορεύοντο
897 3942 1091 4006 πάντες
1130 3943 1178 3996 oi
1226 3943 1380 4012 σοφοὶ
1419 3940 1511 3996 τοῦ
1556 3942 1694 4012 βασιο

140 4038 300 4099 λέως,
329 4035 422 4088 καὶ
446 4035 546 4088 οὐκ
575 4034 834 4105 ἠδύναντο
866 4034 964 4105 τὴν
991 4035 1204 4105 γραφὴν
1231 4035 1556 4104 ἀναγνῶναι,
1587 4036 1706 4090 ούδέ

141 4130 240 4200 τὴν
267 4129 551 4198 σύγκρισιν
576 4127 839 4196 γνωρίσαι
876 4127 950 4197 τῷ
985 4127 1212 4197 βασιλεῖ.

213 4219 267 4272 9.
297 4220 405 4271 Καὶ
435 4219 462 4269 6
489 4217 737 4287 βασιλεὺς
761 4217 1042 4289 Βαλτάσαρ
1067 4217 1362 4288 ἐταράχθη,
1391 4218 1483 4272 καὶ
1516 4219 1548 4284 ἡ
1575 4237 1705 4290 μορ-

145 4308 219 4379 φὴ
244 4307 405 4361 αὑτοῦ
425 4306 688 4377 ἠλλοιώθη
723 4308 808 4362 ἐπ’
839 4307 1006 4378 αὐτῷ,
1053 4309 1149 4362 καὶ
1189 4311 1236 4362 οί
1267 4312 1583 4380 μεγιστᾶνες
1605 4310 1706 4362 06-

144 4401 240 4459 106
272 4400 745 4470 συνεταράσσοντο.

218 4493 304 4545 10.
336 4492 446 4544 Καὶ
473 4493 505 4560 ή
538 4490 821 4563 βασίλισσα
855 4490 1140 4543 κατέναντι
1166 4491 1270 4544 τῶν
1298 4491 1471 4559 λόγων
1495 4491 1586 4544 τοῦ
1610 4491 1708 4560 βα-

152 4581 360 4644 σιλέως,
393 4583 484 4634 καὶ
509 4581 616 4633 τῶν
645 4583 982 4651 μεγιστάνων
1005 4581 1168 4634 06106
1209 4583 1287 4645 είς
1323 4581 1412 4635 τὸν
1442 4579 1585 4634 οἷκον
1612 4581 1706 4634 τοῦ

152 4675 313 4727 πότου
336 4673 601 4743 εἰσῆλθεν,
629 4674 724 4727 καὶ
739 4673 1008 4744 ἀπεκρίθη
1029 4676 1061 4744 ἡ
1091 4674 1392 4743 βασίλισσα,
1420 4675 1513 4727 καὶ
1535 4673 1706 4728 εἶπενο

155 4764 405 4826 Βασιλεῦ,
429 4765 507 4827 είς
537 4765 660 4826 τοὺς
689 4763 889 4826 αίῶνας
921 4764 1074 4833 ζῆθιο
1103 4763 1175 4834 μὴ
1202 4765 1616 4835 ταρασσέτωσάν
1651 4781 1710 4816 σε

153 4856 203 4910 οἱ
233 4855 570 4924 διαλογισμοί
596 4871 709 4920 σου,
735 4856 830 4907 καὶ
857 4857 890 4925 ἡ
932 4855 1109 4926 μορφή
1140 4872 1230 4907 σου
1264 4855 1336 4924 μὴ
1362 4855 1706 4910 ἀλλοιούσθω.

224 4947 311 5000 Η.
349 4947 538 4999 Ἔστιν
566 4945 703 5016 ἀνὴρ
731 4946 790 4998 ἐν
821 4947 886 5016 τῇ
929 4945 1169 5016 βασιλείᾳ
1199 4962 1313 5010 σου,
1344 4947 1399 4998 ἐν
1420 4941 1462 5014 ᾧ
1489 4946 1710 5016 Πνεῦμα

153 5041 281 5093 Θεοῦ
316 5039 466 5108 ἆγιον
491 5041 546 5092 ἐν
572 5039 735 5110 αὐτῷ,
765 5039 860 5091 καὶ
898 5040 954 5090 ἐν
983 5041 1100 5102 ταῖς
1129 5039 1357 5109 ἡμέραις
1388 5038 1480 5090 τοῦ
1507 5039 1712 5110 πατρὸς

154 5149 244 5184 σου
275 5131 608 5203 γρηγόρησις
638 5133 731 5183 καὶ
779 5131 989 5194 σύνεσις
1039 5130 1232 5200 εὑρέθη
1275 5131 1331 5181 ἐν
1359 5129 1526 5198 αὐτῷ,
1563 5132 1657 5184 καὶ
1684 5131 1712 5183 ὁ

157 5223 406 5292 βασιλεὺς
434 5220 898 5291 Ναϐουχοδονόσορ
929 5221 958 5271 6
1015 5221 1193 5288 πατήρ
1229 5236 1320 5271 σου
1345 5219 1577 5291 ἄρχοντα
1616 5223 1711 5272 ἐπ-

153 5313 342 5368 αοιδῶν
365 5355 380 5378 ,
442 5313 649 5383 μάγων,
708 5310 1024 5378 Χαλδαίων,
1071 5311 1390 5382 γαξαρηνῶν
1452 5311 1712 5382 κατέστη-

157 5421 247 5457 σεν
285 5405 462 5459 αὐτόν.

229 5493 317 5548 12.
344 5493 466 5546 Ὅτι
498 5491 714 5564 πνεῦμα
741 5493 996 5564 περισσὸν
1019 5494 1076 5546 ἐν
1107 5493 1272 5565 αὐτῷ,
1308 5495 1402 5548 καὶ
1432 5494 1708 5566 φρόνησις,

158 5585 249 5636 x01
264 5584 496 5647 σύνεσις,
513 5583 816 5655 συγκρίνων
838 5583 1078 5649 ἐνύπνια,
1099 5585 1191 5637 καὶ
1209 5585 1552 5653 ἀναγγέλλων
1578 5604 1712 5656 κρα-

157 5676 390 5749 τούμενα
409 5693 424 5708 ο
457 5677 550 5730 καὶ
569 5676 598 5731 6
630 5675 878 5747 βασιλεὺς
906 5676 1168 5748 ἐπέθηκεν
1194 5675 1340 5748 αὐτῷ
1386 5675 1553 5748 ὄνομα
1579 5677 1710 5731 Βαλ-

1799 1863 1970 1908 mates
2000 1856 2139 1924 ejus,
2178 1865 2230 1910 et
2251 1856 2566 1910 concubinae
2594 1857 2732 1926 ejus,
2759 1867 2811 1910 et
2833 1868 3010 1911 scorta
3044 1857 3184 1926 ejus.

1870 2035 1922 2089 4.
1965 2034 2028 2089 Ει
2061 2036 2314 2090 bibebant
2341 2037 2551 2102 .vinum,
2587 2045 2639 2090 et
2664 2037 2954 2090 laudabant
2984 2035 3114 2089 deos
3139 2051 3355 2103 aureos,

1798 2137 1849 2183 et
1875 2139 2174 2198 argenteos,
2203 2139 2255 2182 et
2301 2145 2492 2194 azreos,
2544 2139 2598 2182 et
2651 2129 2855 2182 ferreos
2883 2169 2896 2193 ,
2933 2127 3270 2196 ligueosque,
3304 2135 3358 2180 et

1800 2219 2085 2290 lapideos:
2118 2228 2170 2273 et
2215 2219 2321 2273 Deo
2366 2221 2486 2273 caeli
2539 2236 2644 2273 non
2685 2219 3082 2274 bcnedixcrunt
3138 2217 3356 2272 babenti

1800 2318 2117 2381 potestatem
2147 2310 2367 2380 spiritus
2409 2327 2620 2365 eorum.

1872 2491 1921 2545 5.
1951 2490 2007 2544 in
2033 2490 2218 2545 eadem
2245 2491 2377 2546 hora
2406 2491 2608 2560 egressi
2639 2500 2765 2546 sunt
2784 2491 2931 2561 digiti
2959 2505 3151 2546 manus
3175 2489 3356 2545 homi-

1799 2582 1904 2648 nis,
1931 2594 1984 2636 et
2008 2583 2316 2638 scribebant
2343 2600 2373 2638 e
2396 2584 2614 2654 regione
2643 2584 2906 2653 lampadis
2934 2584 2987 2637 in
3011 2584 3236 2638 tectorio
3262 2599 3358 2652 pa-

1798 2674 1947 2727 rietis
1975 2673 2169 2730 domus
2197 2677 2378 2746 regis;
2410 2685 2464 2730 et
2495 2691 2590 2730 rex
2617 2675 3080 2745 contemplabatur
3099 2675 3358 2729 articulos

1798 2781 1992 2820 manus
2019 2767 2325 2822 scribentis.

1849 2947 1921 3002 -6.
1963 2947 2118 3005 Tunc
2150 2947 2292 3019 regis
2327 2947 2500 3002 forma
2526 2947 2809 3003 immutata
2841 2956 2942 3014 est,
2975 2955 3028 3002 et
3073 2945 3360 3018 cogitatio-

1805 3056 1901 3095 nes
1951 3041 2070 3109 ejus
2115 3041 2514 3095 conturbabant
2550 3056 2698 3103 eum,
2749 3049 2803 3094 et
2853 3055 3137 3109 compages
3168 3054 3358 3093 renum

1802 3133 1920 3202 ejus
1946 3133 2402 3197 dissolvebantur,
2441 3140 2494 3186 et
2545 3145 2720 3201 genua
2769 3129 2890 3200 ejus
2939 3129 3169 3184 alterum
3202 3129 3359 3183 alteri

1802 3225 2215 3278 collidebantur.

1871 3315 1923 3370 7.
1972 3317 2034 3369 Et
2065 3315 2316 3369 clamavit
2355 3329 2450 3369 rex
2485 3317 2538 3367 in
2570 3311 2905 3378 fortitudine,
2955 3320 3015 3365 ut
3054 3310 3361 3365 introduce-

1801 3412 1919 3456 rent
1941 3419 2141 3472 magos,
2167 3403 2467 3467 Chaldaeos,
2499 3417 2813 3470 gazareuos.
2849 3399 2916 3454 Et
2941 3401 3217 3469 respondit
3241 3415 3357 3465 rex,

1801 3503 1854 3549 et
1881 3495 2014 3548 dixit
2040 3495 2372 3564 sapientibus
2397 3492 2683 3564 Babylonis
2704 3535 2718 3558 ,
2777 3493 2918 3561 quod
2953 3491 3144 3546 Omnis
3197 3492 3362 3545 homo

1803 3586 2131 3656 quicumque
2159 3585 2347 3654 legerit
2371 3586 2691 3651 scripturam
2724 3585 2883 3648 hanc,
2908 3593 2961 3637 et
2992 3582 3362 3647 conjecturam

1803 3677 1922 3745 ejus
1953 3675 2294 3730 manifestam
2326 3676 2458 3730 mihi
2486 3675 2691 3740 fecerit,
2720 3689 2956 3743 purpura
2998 3673 3278 3737 vestietur,
3309 3681 3364 3728 et

1804 3777 2024 3838 torques
2053 3783 2216 3822 aurea
2249 3783 2411 3837 super
2431 3768 2629 3822 collqu
2663 3769 2803 3836 ejus,
2829 3778 2882 3822 et
2903 3768 3093 3822 tertius
3118 3768 3171 3820 in
3194 3781 3362 3838 regno

1803 3875 1926 3914 meo
1956 3860 2203 3929 princeps
2232 3860 2352 3913 erit.

1873 3947 1928 4002 8.
1973 3948 2038 4001 Et
2070 3947 2508 4017 ingrediebantur
2563 3961 2754 4001 omnes
2802 3945 3070 4016 sapientes
3110 3945 3275 4015 regis,
3309 3953 3363 4000 et

1806 4053 1914 4092 non
1947 4048 2194 4106 poterant
2222 4039 2545 4108 scripturam
2577 4039 2773 4110 legere,
2804 4053 2983 4108 neque
3009 4038 3362 4109 signiﬁcatio-

1805 4146 1928 4186 nem
1958 4130 2194 4184 indicare
2211 4129 2344 4198 regi.

1875 4222 1928 4275 9.
1971 4222 2036 4274 Et
2091 4233 2180 4274 rex
2219 4219 2460 4273 Baltasar
2509 4220 2756 4274 turbatus
2805 4227 2908 4284 est,
2941 4227 2995 4273 et
3043 4216 3215 4272 forma
3245 4215 3364 4285 ejus

1808 4310 2090 4366 immutata
2120 4321 2203 4368 est
2231 4311 2284 4365 in
2315 4311 2428 4376 illo,
2467 4320 2521 4367 et
2566 4313 2854 4382 optimates
2903 4311 3020 4382 ejus
3073 4311 3362 4365 conturba-

1737 4408 1780 4463 D
1810 4409 2026 4461 bantur.

1881 4496 1969 4550 10.
2010 4494 2076 4549 Ει
2103 4494 2286 4566 regina
2311 4503 2530 4564 propter
2560 4496 2723 4550 verba
2754 4495 2917 4566 regis,
2963 4503 3018 4550 et
3043 4495 3364 4564 optimatum

1810 4585 1929 4654 ejus
1958 4584 2013 4638 in
2046 4584 2267 4638 domum
2297 4583 2529 4637 convivii
2562 4583 2802 4654 ingressa
2848 4593 2971 4651 est,
3006 4595 3060 4638 et
3092 4585 3371 4654 respondit

1811 4677 2013 4747 regina,
2035 4684 2088 4730 et
2111 4676 2248 4730 dixit
2283 4695 2295 4730 :
2337 4675 2472 4741 Rex,
2507 4675 2560 4729 in
2585 4685 2844 4729 mternum
2876 4677 2996 4730 vive
3037 4693 3050 4728 :
3091 4692 3195 4730 non
3237 4692 3372 4730 con-

1810 4768 2030 4821 turbent
2060 4775 2111 4822 te
2143 4766 2498 4838 cogitationes
2528 4774 2651 4832 tuae,
2684 4776 2738 4820 et
2765 4764 2941 4820 forma
2995 4774 3084 4820 tua
3131 4780 3236 4820 non
3270 4766 3377 4818 im-

1811 4869 2064 4913 mutetur.

1889 4952 1978 5006 ll.
2022 4950 2116 5006 Est
2145 4952 2226 5006 vir
2258 4951 2312 5005 in
2338 4965 2507 5021 regno
2533 4957 2649 5015 tuo,
2679 4948 2732 5003 in
2766 4963 2876 5018 quo
2909 4955 2990 5003 est
3012 4945 3246 5015 Spiritus
3271 4945 3364 5000 Dei

1813 5053 2033 5099 sanctus
2068 5044 2124 5098 in
2162 5059 2247 5107 eo,
2277 5043 2405 5098 etin
2437 5043 2628 5096 diebus
2677 5042 2846 5112 patris
2881 5041 2957 5095 tui
3005 5039 3279 5108 vigilantia
3317 5046 3373 5093 et

1815 5136 2164 5207 intelligentia
2192 5137 2421 5191 inventae
2443 5145 2570 5190 sunt
2595 5136 2650 5188 in
2680 5150 2744 5189 eo
2766 5152 2780 5200 ;
2805 5144 2858 5188 et
2888 5148 2978 5187 rex
3006 5131 3361 5186 Nabuchodo-

1815 5245 1981 5284 nosor
2016 5238 2168 5298 pater
2210 5238 2334 5284 tuus
2374 5229 2671 5298 principem
2723 5225 3141 5289 incautatorum,
3187 5238 3362 5293 mago-

1816 5335 1957 5384 rum,
1983 5317 2382 5382 Chaldazorum,
2411 5329 2803 5388 gazarenorum
2834 5312 3118 5368 constituit
3149 5328 3296 5366 eum.

1890 5496 1976 5552 i2.
2018 5496 2154 5563 Quia
2183 5496 2405 5566 spiritus
2426 5491 2652 5563 amplior
2677 5489 2732 5544 in
2769 5505 2853 5555 eo,
2880 5498 2935 5544 et
2976 5485 3282 5558 prudentia,
3315 5493 3366 5541 et

1813 5588 2117 5644 intellectus
2162 5587 2456 5658 conjiciens
2499 5583 2730 5647 somnia,
2760 5594 2818 5638 et
2854 5581 3100 5636 indicans
3122 5587 3368 5635 ostenta:

1813 5688 1866 5735 et
1899 5692 1991 5734 rex
2041 5676 2302 5748 imposuit
2324 5675 2371 5733 ei
2413 5689 2608 5733 nomen
2659 5673 2903 5732 Baltasar
2947 5689 2964 5730 :
3010 5685 3157 5729 nunc
3189 5669 3372 5742 itaque
