4390 6222
982 177 1124 234 2867
2038 175 2288 231 DANIEL
2322 175 2547 232 JUXTA
2585 171 3136 230 TIIEODOTIONEM
4115 173 4270 229 2868

981 302 1208 350 vocetur
1237 291 1440 358 Daniel,
1469 300 1525 347 et
1544 290 1914 361 conjecturam
1948 288 2071 361 ejus
2108 289 2370 344 indicabit
2398 291 2518 344 tibi.
2582 294 2628 351 Α
2655 286 2715 338 τά

2582 294 2628 351 Α
2655 286 2862 357 τάσαρ⁶
2887 284 2983 338 νῦν
3015 280 3107 338 οὖν
3128 282 3382 355 κληθὴτω
3423 280 3656 355 Δανιὴλ,
3681 281 3774 337 καὶ
3800 281 3909 353 τὴν
3941 281 4265 353 σύγκρισα

2658 377 2821 432 06106
2850 376 3142 445 ἀναγγελεῖ
3169 393 3271 429 σοι.

946 467 956 488 ¹
1053 471 1141 526 15.
1181 468 1336 524 Tunc
1368 466 1552 521 Daniel
1603 464 1949 520 introductus
1980 475 2064 520 est
2105 479 2287 518 coram
2319 477 2461 533 rege,
2500 470 2555 518 et

2523 470 2555 517 et
2730 468 2818 521 13.
2859 469 2990 520 Τότε
3054 466 3253 534 Δανιὴλ
3287 463 3513 536 εἰσήχθη
3553 463 3783 519 ἐνώπιον
3818 463 3911 518 τοῦ
3944 464 4257 534 βασιλέως,

983 563 1120 619 dixit
1147 578 1242 616 rex
1268 559 1506 614 Danieli:
1541 555 1622 611 Tu
1650 573 1711 612 es
1738 555 1941 621 Daniel,
1990 555 2083 625 qui
2132 555 2198 608 de
2228 555 2353 608 ﬁliis
2383 555 2557 624 capli-
2658 577 2717 613 κο

2520 557 2557 608 i-
2658 560 2754 613 καὶ
2779 553 2932 612 εἶπεν
2953 560 2981 612 ό
3012 557 3263 628 βασιλεὺς
3294 556 3372 628 τῷ
3401 556 3621 627 Δανιήλο
3644 557 3717 609 Σὺ
3748 551 3801 609 εἴ
3826 556 4058 626 Δανιὴλ,
4097 558 4131 608 ὁ
4157 557 4254 607 ἀπή

983 653 1170 707 vitatis
1200 651 1423 718 Iudaeae,
1476 666 1639 721 quam
1674 649 1899 704 adduxit
1927 663 2020 703 rex
2078 656 2230 717 pater
2281 663 2434 701 mens
2488 646 2556 702 de
2658 651 2717 704 τι]

2518 661 2556 702 κθ
2658 651 2768 704 τῶν
2796 650 2926 703 υίῶν
2958 651 3058 720 τῆς
3079 648 3456 719 αἰχμαλωσίας
3489 649 3584 718 τῆς
3618 647 3894 711 Ἰουδαίας,
3921 641 3997 718 ἦς
4030 648 4252 717 ἢγαγεν

984 739 1208 797 εἶυάκαῖ
2659 744 2688 795 6
2712 742 2961 813 βασιλεὺς
2985 745 3012 795 6
3041 742 3224 812 πατήρ
3267 758 3366 811 μου
3405 740 3513 793 ἀπὸ
3540 740 3639 809 τῆς
3688 739 3986 803 ἰουδαίας;

1059 832 1145 886 14.
1190 831 1254 885 Et
1286 829 1466 884 audivi
1499 831 1566 884 de
1598 837 1670 893 te,
1701 826 1829 897 quia
1855 825 2096 896 Spiritus
2127 823 2220 878 Dei
2256 832 2476 878 sanctus
2503 823 2556 877 in
2733 832 2793 885 14

2509 823 2556 877 in
2733 832 2821 885 14.
2855 834 2962 885 Καὶ
2991 833 3200 902 ἥκουσα
3230 832 3358 901 περὶ
3385 829 3500 894 σοῦ,
3530 831 3614 883 ὅτι
3641 829 3862 900 Πνεῦμα
3890 829 4034 882 Θεοῦ
4085 829 4243 893 ἅγιον

986 933 1062 986 te.
1104 931 1158 978 et
1195 923 1494 992 vigilantia,
1537 930 1588 976 et
1618 920 1990 990 intelligentia,
2041 926 2095 973 et
2138 916 2409 988 sapientia
2439 931 2559 970 am-
2661 925 2720 978 ὲν

2515 931 2559 969 Ι·
2661 925 2720 978 ὲν
2751 923 2857 987 σοὶ,
2890 923 2981 976 καὶ
3015 921 3372 994 γρηγόρησις,
3407 923 3501 976 καὶ
3535 922 3780 988 σύνεσις,
3814 922 3906 975 καὶ
3942 921 4122 990 σοφία
4160 937 4249 972 πε-

988 1015 1128 1086 plior
1153 1015 1382 1070 inventae
1415 1023 1541 1068 sunt
1569 1014 1621 1066 in
1653 1020 1726 1067 te.
2665 1033 2718 1089 ρι

1569 1014 1621 1066 in
1653 1020 1726 1067 te.
2665 1016 2828 1089 ρισσὴ
2867 1015 3068 1085 εὑρέθη
3097 1016 3156 1068 ὲν
3177 1015 3288 1070 σοί.

1064 1106 1153 1161 15.
1193 1105 1260 1159 Ει
1286 1123 1430 1160 nunc
1457 1105 1684 1175 ingressi
1716 1113 1844 1159 sunt
1896 1103 1950 1158 in
1991 1111 2280 1173 conspectu
2329 1119 2452 1156 meo
2475 1118 2561 1157 sa-
2735 1105 2798 1159 15

2513 1118 2561 1156 ι·
2735 1105 2824 1159 15.
2857 1105 2968 1160 Καὶ
2989 1104 3082 1158 νῦν
3102 1103 3354 1174 εἰσῆλθον
3374 1101 3608 1157 ἐνώπιόν
3635 1120 3736 1174 μου
3763 1103 3813 1156 οί
3839 1103 4019 1173 σοφοὶ,
4055 1104 4247 1175 μάγοι.

991 1198 1224 1268 pientes,
1260 1197 1424 1268 magi,
1459 1197 1732 1268 gazareni,
1770 1206 1829 1250 ut
1874 1195 2197 1264 scripturam
2239 1195 2378 1249 hanc
2417 1194 2561 1263 lege-
2664 1214 2725 1265 γα

2523 1213 2561 1245 τ-
2664 1197 2984 1267 γαζαρηνοὶ,
3012 1196 3098 1248 ἵνα
3117 1195 3215 1266 τὴν
3239 1195 3455 1267 γραφὴν
3477 1196 3680 1266 ταύτην
3701 1196 3996 1263 ἀναγνῶσι,
4027 1197 4135 1250 καὶ
4157 1196 4257 1264 τὴν

993 1297 1137 1355 rent,
1167 1299 1219 1344 et
1240 1288 1616 1357 conjecturam
1644 1285 1764 1354 ejus
1815 1286 2121 1340 indicarent
2159 1283 2314 1349 mihi,
2349 1294 2404 1338 et
2451 1300 2565 1338 non
2667 1288 2727 1341 06

2527 1300 2565 1338 η
2667 1288 2950 1359 σύγκρισιν
2982 1288 3150 1358 αὐτῆς
3171 1286 3478 1357 γνωρίσωσί
3513 1304 3624 1356 μοι,
3649 1288 3741 1340 καὶ
3770 1288 3870 1340 οὐκ
3890 1287 4255 1358 ἠδυνήθησαν

993 1391 1289 1452 potuerunt
1337 1378 1836 1451 interpretationem
1892 1377 2158 1433 sermonis
2201 1377 2366 1446 hujus
2423 1377 2560 1432 indi-
2663 1378 2727 1449 τὴ

2365 1414 2366 1424 η
2423 1377 2560 1432 indi-
2663 1378 2761 1449 τὴν
2783 1378 3069 1451 σύγκρισιν
3095 1377 3189 1432 τοῦ
3219 1378 3376 1447 λόγου
3416 1375 3606 1431 τούτου
3629 1377 3946 1446 ἀναγγεῖλαί
3980 1394 4099 1448 μοι.

993 1489 1122 1530 care
1152 1474 1308 1530 mihi.

1067 1566 1153 1620 16.
1198 1566 1262 1620 Ει
1291 1580 1391 1636 ego
1415 1565 1594 1620 audivi
1617 1564 1682 1618 de
1710 1572 1784 1627 te,
1813 1562 1941 1632 quia
1996 1571 2150 1632 potes
2215 1559 2413 1630 judicia
2479 1560 2565 1614 in-
2737 1579 2801 1633 ιδ

2518 1577 2565 1614 ³⁵·
2737 1579 2825 1633 16.
2853 1578 2964 1633 Καὶ
2986 1577 3097 1649 ἐγὼ
3122 1579 3335 1651 ηκουσα
3355 1577 3483 1649 περὶ
3509 1574 3626 1643 σοῦ,
3659 1577 3740 1630 ὅτι
3757 1576 3982 1630 δύνασαι
4014 1577 4252 1646 συγκρί-

993 1657 1303 1728 terpretari,
1333 1666 1386 1710 et
1409 1658 1617 1711 solvere
1638 1655 1891 1726 perplexa
1937 1668 1950 1704 :
1988 1664 2041 1708 et
2090 1668 2236 1706 nunc
2289 1653 2332 1706 si
2369 1653 2568 1720 poteris
2597 1663 2639 1718 Β
2670 1687 2727 1740 με

2519 1653 2568 1705 is
2597 1663 2639 1718 Β
2670 1686 2815 1740 ματα
2847 1671 3177 1741 συγκρίνειν,
3203 1669 3296 1722 καὶ
3326 1668 3472 1722 λύειν
3501 1668 3864 1738 συνδέσμους⁸
3889 1668 3987 1720 καὶ
4014 1667 4116 1720 νῦν
4151 1668 4253 1720 ἐὰν

996 1749 1174 1817 legere
1231 1747 1579 1816 scripturam,
1641 1754 1696 1800 et
1749 1743 2121 1813 conjecturam
2178 1742 2299 1810 ejus
2330 1741 2568 1796 indicare
2666 1760 2727 1812 δυ

2516 1757 2568 1796 re
2666 1760 2898 1832 δυνηθῇς
2927 1759 3240 1829 ἀναγνῶναι
3283 1758 3384 1830 τὴν
3416 1759 3653 1829 γραφὴν,
3680 1760 3776 1812 καὶ
3822 1759 3930 1830 τὴν·
3951 1758 4250 1830 σύγκρισιν

997 1838 1154 1903 mihi,
1185 1853 1423 1907 purpura
1457 1835 1728 1898 vestieris,
1764 1843 1819 1888 et
1846 1843 2070 1903 torques
2104 1849 2303 1890 aureus
2333 1834 2438 1888 erit
2470 1849 2567 1888 su-
2668 1850 2731 1902 αὑ

2517 1851 2567 1888 ι’
2668 1850 2836 1921 αὐτῆς
2867 1851 3129 1920 γνωρίσαι
3164 1867 3275 1921 μοι,
3309 1850 3592 1922 πορφύραν
3613 1849 3830 1920 ἐνδύσῃ,
3861 1850 3955 1904 καὶ
3985 1853 4014 1903 6
4051 1851 4251 1920 μανιά-

998 1945 1099 2000 per
1123 1929 1323 1984 collum
1355 1938 1531 1996 tuum,
1558 1937 1613 1983 et
1643 1926 1836 1982 tertius
1875 1925 1929 1980 in
1964 1941 2132 1997 regno
2159 1941 2281 1983 meo
2316 1926 2569 1997 princeps
2667 1958 2732 2012 κη

2517 1941 2569 1996 P3
2667 1958 2771 2012 κης
2797 1944 2825 1994 6
2849 1941 3081 2012 χρυσοῦς
3110 1941 3261 1994 ἐσται
3287 1941 3382 1995 ἐπὶ
3412 1941 3503 1994 τὸν
3529 1940 3797 2011 τράχηλόν
3837 1957 3953 2008 σου,
3990 1943 4091 1995 καὶ
4129 1943 4251 2014 τρί-

963 2073 972 2115 .I
998 2019 1138 2115 eris:
1197 2107 1243 2115 _
1603 2107 1639 2115 ﬂ
1696 2108 1730 2115 _
1815 2109 1828 2115 _
1868 2107 1882 2115 Α
2032 2109 2066 2115 __
2111 2109 2123 2115 _
2667 2050 2758 2096 τος
2791 2036 2847 2086 ὲν
2880 2037 2946 2104 τῇ
2984 2033 3232 2103 βασιλείᾳ
3261 2051 3362 2102 μου
3390 2032 3598 2103 ἄρξεις.

1070 2109 1158 2164 17.
1197 2107 1354 2164 Tunc
1381 2107 1668 2179 respondit
1696 2107 1907 2173 Daniel,
1934 2119 1988 2165 et
2015 2109 2152 2165 dixit
2189 2125 2371 2164 coram
2405 2124 2566 2180 rege:
2739 2121 2804 2175 Π

2509 2124 2566 2164 33
2739 2121 2828 2176 17.
2868 2122 2999 2175 Τότε
3027 2122 3300 2193 ἀπεκρίθη
3328 2121 3547 2192 Δανιὴλ,
3585 2121 3680 2175 καὶ
3719 2116 3870 2174 εἷπεν
3893 2120 4109 2174 ὲνόπιον
4152 2122 4243 2174 τοῦ

997 2199 1224 2256 Munera
1250 2210 1342 2255 tua
1365 2202 1460 2256 tibi
1489 2211 1669 2267 erunt,
1687 2209 1740 2255 et
1763 2203 1963 2255 donum
1985 2203 2134 2272 regni
2165 2202 2239 2256 tui
2271 2203 2425 2256 alteri
2456 2202 2524 2256 da
2552 2218 2566 2255 :
2672 2211 2731 2283 βα

2511 2220 2524 2256 ι
2552 2218 2566 2255 τ
2672 2211 2953 2283 βασιλέως·
2986 2213 3064 2267 Τά
3089 2212 3296 2283 δόματά
3328 2229 3422 2265 σου
3457 2212 3546 2265 σοὶ
3576 2212 3750 2274 ἔσται,
3785 2212 3879 2265 καὶ
3907 2211 4009 2283 τὴν
4035 2213 4245 2282 δωρεὰν

998 2307 1101 2363 ego
1143 2302 1322 2348 autem
1361 2294 1683 2362 scripturam
1715 2291 1887 2363 legam
1918 2293 2065 2364 regi,
2111 2304 2166 2348 et
2201 2294 2569 2363 conjecturam
2669 2305 2732 2374 τῆ

2510 2309 2569 2347 ιῐῐΙ
2669 2305 2770 2374 τῆς
2817 2304 3090 2375 βασιλείας
3150 2323 3243 2358 σου
3289 2304 3460 2377 ὲτέρῳ
3515 2305 3633 2368 δός·
3681 2303 3870 2373 ὲγὼδὲ
3908 2304 4009 2374 τὴν
4029 2305 4244 2375 γραφὴν

998 2386 1118 2456 ejus
1147 2383 1432 2440 οείθηάδω
1462 2383 1582 2449 tibi:
1613 2398 1648 2438 ο
1671 2398 1789 2440 ι’θῐ·
2671 2397 3053 2469 ἀναγνώσομαι
3099 2397 3177 2470 τῷ
3213 2398 3455 2469 βασιλεῖ,
3481 2399 3572 2452 καί⁵
3622 2397 3721 2470 τὴν
3757 2396 4046 2468 σύγκρισιν
4076 2399 4246 2466 αὐτῆς

2671 2489 2922 2561 γνωρίσω
2949 2491 3050 2552 σοὶ,
3086 2489 3332 2558 βασιλεῦ.

1075 2577 1161 2632 18.
1201 2577 1348 2634 Deus
1375 2576 1675 2632 altissimus
1704 2591 1936 2650 regnum
1960 2617 1975 2644 ,
2007 2584 2062 2631 et
2089 2575 2571 2644 magniﬁcentiam,
2745 2583 2809 2637 18

2509 2589 2571 2642 Ἦ,
2745 2583 2830 2637 18.
2875 2582 2936 2636 Ὀ
2964 2582 3096 2646 Θεὸς
3118 2584 3146 2635 6
3178 2581 3402 2649 ὕψιστος
3427 2580 3526 2652 τὴν
3556 2580 3848 2652 βασιλείαν,
3893 2581 3990 2634 καὶ
4017 2580 4114 2650 τὴν
4147 2598 4243 2649 με-

1004 2676 1062 2724 et
1091 2669 1377 2736 honorem,
1416 2679 1470 2724 et
1499 2669 1728 2740 gloriam
1757 2669 1908 2724 dedit
1952 2667 2453 2723 Nabuchodonosor
2483 2684 2577 2738 pa—
2673 2691 2738 2742 γα

2510 2684 2577 2722 ιιι-
2673 2672 3014 2744 γαλωσύνην,
3039 2673 3133 2726 καὶ
3162 2672 3262 2742 τὴν
3286 2670 3471 2742 τιμὴν,
3497 2670 3591 2724 καὶ
3611 2671 3710 2742 τὴν
3741 2667 3901 2733 δόξαν
3934 2670 4108 2723 ἔδωκε
4135 2670 4244 2721 N1.-

1004 2763 1074 2817 tri
1102 2771 1218 2817 tuo.
2676 2765 2737 2818 60

2676 2765 3055 2836 ῦουχοδονόσορ
3077 2763 3155 2834 τῷ
3181 2763 3345 2835 πατρί
3367 2779 3482 2817 σου.

1079 2854 1165 2909 19.
1209 2852 1329 2908 Eta
1377 2855 1804 2926 magniﬁcentia,
1863 2870 2027 2927 quam
2062 2855 2210 2909 dedit
2261 2855 2333 2918 ei,
2387 2868 2576 2909 omnes
2747 2857 2813 2912 19

2506 2868 2576 2909 les
2747 2857 2834 2912 19.
2867 2858 2976 2910 Καὶ
3007 2855 3114 2908 ἀπὸ
3142 2855 3237 2926 τῆς
3273 2851 3682 2925 μεγαλωσύνης,
3709 2845 3776 2924 ἧς
3827 2851 4028 2904 ἔδωκεν
4079 2851 4240 2918 αὐτῷ,

1007 2946 1217 3016 populi,
1255 2947 1451 3012 tribus,
1481 2947 1677 3016 lingua:
1698 2956 1854 3003 erant
1879 2957 2194 3010 trementes,
2229 2954 2282 2998 et
2333 2957 2577 2999 metuen-
2617 3013 2639 3016 Α
2679 2948 2741 3002 πά

2516 2962 2577 2999 n-
2617 3013 2639 3016 Α
2679 2948 2882 3009 πάντες
2914 2946 2964 2998 0i
2985 2945 3123 3011 λαοὶ,
3152 2944 3336 3013 φυλαὶ,
3361 2943 3604 3012 γλῶσσαι
3632 2937 3770 3012 ἦσαν
3813 2941 4131 3012 τρέμοντες,
4157 2941 4245 2992 καὶ

1123 3052 1152 3089 a
1185 3036 1321 3091 facie
1349 3036 1506 3107 ejus:
1545 3013 1685 3107 quos
1711 3038 1924 3093 volebat
1966 3039 2080 3107 ipse
2111 3037 2486 3100 interﬁciebat,
2524 3045 2576 3091 et
2602 3013 2644 3070 θ
2679 3060 2743 3112 φο

2524 3045 2576 3091 et
2602 3013 2644 3070 Ο
2679 3041 2998 3112 φοόούμενοι
3031 3039 3137 3093 ἀπὸ
3171 3038 3461 3109 προσώπου
3498 3035 3661 3091 αὑτοῦ
3681 3052 3696 3067 ’
3728 3035 3818 3100 0'6;
3870 3035 4122 3088 ἐϐούλετο
4155 3034 4241 3087 06-

1008 3143 1148 3197 quos
1175 3129 1389 3183 volebat
1441 3129 1559 3198 ipse
1583 3130 1853 3196 servabat,
1905 3138 1958 3185 et
2013 3146 2152 3200 quos
2215 3130 2432 3185 volebat
2464 3130 2579 3200 ipse
2675 3133 2742 3185 τὸ,

2508 3145 2579 3186 μεθ
2675 3133 2766 3196 τὸς
2794 3131 3001 3202 ἀνῄρει,
3053 3132 3146 3184 καὶ
3174 3130 3267 3194 οὒς
3290 3129 3539 3183 ἐϐούλετο
3583 3127 3744 3190 αὐτὸς
3790 3127 3985 3193 ἔσωζε,
4032 3127 4130 3180 καὶ
4155 3125 4242 3187 οὒς

1012 3219 1304 3288 exaltabat,
1328 3227 1382 3275 et
1403 3236 1543 3292 quos
1568 3222 1783 3276 volebat
1806 3223 1923 3292 ipse
1964 3221 2302 3276 humiliabat.
2678 3224 2746 3277 ὲ6ι

2678 3223 2925 3277 ἐϐούλετο
2947 3221 3106 3286 06.16;
3135 3222 3295 3292 ὕψου,
3326 3224 3422 3276 καὶ
3453 3220 3544 3285 οὒς
3575 3221 3826 3276 ἐϐούλετο
3849 3219 4013 3282 0616;
4033 3218 4245 3272 ἐταπεί-

1079 3399 1172 3454 20.
1212 3396 1281 3455 Ει
1311 3399 1531 3469 quando
1561 3399 1829 3456 elevatum
1857 3408 1942 3455 est
1971 3415 2068 3455 cor
2093 3398 2234 3468 ejus,
2261 3406 2318 3453 et
2349 3398 2574 3468 spiritus
2681 3334 2813 3462 νυξὶ]

2511 3415 2574 3456 us
2681 3334 2836 3462 νυξὶ).
2865 3406 2974 3460 Καὶ
2994 3407 3081 3459 ὅτε
3121 3403 3310 3475 ὑψώθη
3343 3405 3377 3474 ἠ
3406 3402 3602 3475 καρδία
3623 3387 3812 3468 06166,
3841 3401 4014 3455 καὶτὸ
4037 3398 4245 3470 πνεῦμα

1011 3489 1133 3560 ejus
1162 3488 1481 3546 obﬁrmatus
1510 3499 1596 3546 est
1631 3492 1699 3546 ad
1730 3489 2177 3560 superbiendum,
2201 3488 2476 3559 depositus
2501 3497 2584 3544 est
2681 3499 2745 3552 αὺ

2508 3497 2584 3544 εει
2681 3498 2842 3552 06106
2863 3495 3208 3569 ὲκραταιώθη
3233 3493 3328 3549 τοῦ
3361 3491 3870 3565 ὑπερηφανεύεσθαι
3890 3530 3907 3557 ,
3941 3489 4242 3561 κατηνέχθη

1013 3581 1082 3638 de
1108 3581 1243 3637 solio
1269 3582 1422 3654 regni
1458 3581 1566 3639 sui.
2681 3590 2747 3644 ἀπ

2681 3589 2789 3644 ἀπὸ
2812 3588 2905 3643 τοῦ
2936 3587 3123 3659 θρόνου
3163 3589 3262 3657 τῆς
3297 3584 3572 3657 βασιλείας
3605 3583 3791 3641 αὑτοῦ.

1083 3703 1174 3760 21.
1216 3704 1284 3759 Ει
1306 3704 1484 3760 honor
1503 3703 1622 3775 ejus
1645 3704 1862 3762 ablatus
1890 3713 1977 3761 est
2004 3704 2074 3759 ab
2104 3719 2190 3769 eo,
2234 3713 2289 3760 et
2322 3718 2387 3759 ex
2408 3701 2586 3758 homi-
2752 3707 2812 3760 2i

2510 3701 2586 3757 ni-
2752 3707 2841 3760 2i.
2871 3705 3033 3777 Καὶὴ
3060 3703 3195 3775 τιμὴ
3216 3701 3381 3756 06106
3414 3702 3662 3774 ἀφῃρέθη
3692 3702 3787 3757 ἀπ’
3817 3699 4002 3767 06106,
4029 3701 4128 3754 καὶ
4148 3701 4244 3755 ἀπὸ

1015 3794 1177 3851 nibus
1206 3795 1411 3863 eiectus
1437 3809 1540 3862 est,
1571 3805 1626 3852 et
1645 3812 1740 3851 cor
1764 3797 1882 3866 ejus
1911 3813 2037 3853 cum
2065 3796 2254 3852 bestiis
2275 3795 2458 3850 datum
2479 3803 2583 3860 est,
2683 3799 2749 3852 τιῐ

2513 3803 2583 3860 st,
2683 3799 2790 3852 τῶν
2818 3797 3115 3868 ἀνθρώπων
3142 3795 3454 3867 ὲξεδιώχθη,
3495 3796 3590 3848 καὶ
3635 3796 3680 3865 ἡ,
3705 3793 3897 3866 καρδία
3917 3793 4082 3847 06106
4117 3793 4247 3864 μετά

1014 3893 1072 3939 et
1099 3899 1221 3938 cum
1253 3885 1473 3955 onagris
1508 3885 1772 3940 habitatio
1802 3886 1921 3955 ejus
1951 3903 1966 3941 :
2010 3895 2065 3940 et
2117 3885 2262 3940 freno
2294 3893 2354 3939 ut
2392 3884 2586 3938 bovem
2684 3890 2748 3943 τιῑ

2513 3899 2586 3938 3m
2684 3890 2790 3943 τῶν
2826 3889 3028 3961 θηρίων
3055 3889 3236 3959 ἐδόθη,
3267 3888 3364 3941 καὶ
3393 3886 3530 3957 μετά
3548 3885 3684 3939 ὄνων
3709 3885 3914 3957 ἀγρίων
3943 3887 3976 3956 ἡ
4003 3886 4247 3939 κατοικία

1017 3973 1338 4028 cibaverunt
1367 3989 1519 4041 eum,
1554 3985 1608 4030 et
1631 3978 1698 4030 de
1727 3989 1852 4030 rore
1872 3975 1994 4030 (εαξη
2018 3991 2214 4044 corpus
2257 3975 2375 4044 ejus
2401 3973 2589 4028 made-
2686 3983 2751 4036 αὑ

2513 3974 2589 4028 ΙΘ-
2686 3980 2873 4045 06106,
2908 3980 3005 4034 καὶ
3034 3979 3232 4051 χόρτον
3253 3978 3327 4042 ὼς
3357 3977 3482 4048 βοῦν
3502 3977 3774 4048 ὲψώμιζον
3803 3975 3985 4041 αὑτὸν,
4015 3978 4112 4029 καὶ
4153 3978 4247 4031 ἀπὸ

1019 4063 1219 4119 factum
1250 4072 1353 4131 est,
1381 4065 1557 4120 donec
1600 4064 1875 4137 cognovit,
1927 4066 2056 4135 quia
2105 4065 2415 4120 dominatur
2449 4063 2589 4120 Deus
2685 4074 2753 4143 τῆ

2512 4081 2589 4120 :us
2685 4074 2786 4143 τῆς
2810 4072 3000 4144 δρόσου
3028 4071 3122 4125 τοῦ
3150 4069 3376 4142 ούρανοῦ
3417 4071 3480 4124 τὸ
3516 4069 3680 4140 σῶμα.
3697 4067 3861 4122 06106
3901 4067 4104 4138 ἐδάφη,
4155 4069 4246 4129 ἕως

1019 4156 1320 4214 altissimus
1348 4173 1513 4227 super
1542 4173 1770 4228 regnum
1819 4157 2125 4223 hominum,
2163 4167 2216 4212 et
2264 4157 2591 4227 cuicumque
2688 4160 2748 4218 οὗ

2513 4172 2591 4226 [ue
2688 4160 2748 4218 οὗ
2775 4163 2934 4232 ἔγνω,
2969 4164 3048 4216 ὅτι
3080 4161 3323 4232 κυριεύει
3349 4162 3377 4214 6
3407 4159 3539 4222 Θεὸς
3558 4161 3586 4211 6
3611 4159 3829 4228 ὕψιστος
3856 4158 3955 4228 τῆς
3979 4157 4247 4228 βασιλείας

1019 4248 1272 4316 voluerit,
1305 4250 1454 4305 dabit
1477 4249 1630 4304 illud.
2689 4255 2753 4308 τᾶ

2689 4255 2798 4308 τῶν
2825 4251 3149 4324 ἀνθρώπων,
3177 4252 3271 4305 καὶ
3291 4243 3335 4319 ᾧ
3359 4249 3451 4303 ὲάν
3478 4249 3603 4322 δόξῃ
3627 4248 3788 4304 δώσει
3813 4248 4006 4318 αὐτήν.

1091 4360 1183 4416 22.
1225 4360 1291 4416 Ει
1316 4371 1371 4416 ιιι
1399 4360 1541 4417 ﬁlius
1566 4362 1683 4430 ejus
1727 4359 1974 4416 Baltasar
2023 4376 2130 4415 non
2167 4359 2462 4416 humiliasti
2494 4374 2590 4414 cor
2621 4352 2664 4408 D
2758 4368 2825 4422 22

2511 4374 2590 4414 301‘
2621 4352 2664 4408 Ῑ)
2758 4368 2848 4422 '22.
2874 4368 2984 4422 Καὶ
3014 4368 3077 4421 σὺ
3103 4367 3132 4420 6
3160 4366 3273 4430 υίὸς
3294 4363 3458 4420 αὑτοῦ
3488 4365 3794 4436 Βαλτάσαρ,
3833 4363 3935 4416 οὐκ
3963 4362 4245 4416 ἐταπείνω-

1023 4461 1175 4508 ιιιυω
1209 4468 1394 4509 coram
1424 4451 1553 4517 Deo,
1580 4452 1735 4523 cujus
1769 4453 1951 4507 omnia
1979 4453 2092 4506 haec
2125 4468 2312 4506 noras.
2697 4475 2757 4511 σα

2697 4475 2795 4522 σας
2822 4459 2921 4528 τὴν
2953 4457 3180 4528 καρδίαν
3218 4473 3311 4510 σου
3345 4452 3675 4508 κατενώπιον
3691 4451 3786 4506 τοῦ
3811 4451 3967 4518 Θεοῦ,
3995 4445 4054 4506 06
4077 4453 4247 4506 πάντα

2696 4551 2870 4606 ταῦτα
2895 4552 3085 4620 ἔγνως.

1094 4664 1183 4718 25.
1224 4662 1293 4718 Ει
1328 4678 1494 4734 super
1523 4663 1813 4718 Dominum
1854 4663 2023 4718 Deum
2076 4663 2197 4718 cmli
2238 4663 2479 4718 elevatus
2511 4677 2586 4728 es,
2763 4665 2828 4720 25

2511 4677 2586 4728 es,
2763 4665 2854 4720 εδ.
2885 4664 2994 4717 Καὶ
3041 4663 3135 4716 ἐπὶ
3169 4661 3260 4715 τὸν
3307 4659 3512 4732 Κύριον
3559 4658 3652 4713 τὸν
3704 4657 3837 4711 Θεὸν
3889 4655 3982 4710 τοῦ
4023 4652 4243 4726 ούρανοῦ

1025 4766 1080 4811 et
1111 4771 1238 4811 vasa
1267 4756 1462 4810 domus
1489 4755 1608 4826 ejus
1640 4756 1942 4811 attulerunt
1987 4771 2169 4810 coram
2208 4765 2278 4818 te,
2332 4765 2385 4809 et
2427 4765 2507 4815 tu,
2539 4764 2594 4810 et
2699 4757 2759 4827 ὑίι

2539 4764 2594 4810 et
2699 4754 2940 4827 ὑψώθης,
2969 4753 3063 4807 καὶ
3091 4753 3162 4806 τὰ
3189 4751 3354 4822 σκεύη
3377 4750 3470 4804 τοῦ
3498 4751 3646 4803 οῐκου
3679 4747 3841 4802 06106
3864 4748 4097 4819 ἡνεγκαν
4134 4744 4244 4799 ἐνώ-

1027 4847 1322 4917 optimates
1352 4847 1454 4914 tui,
1489 4856 1542 4901 et
1566 4846 1887 4901 concubinae.
1926 4854 2052 4909 tuae,
2109 4854 2163 4900 et
2189 4831 2366 4900 scorta
2393 4855 2482 4898 tua
2513 4843 2594 4898 bi-
2699 4866 2760 4901 πι

2513 4843 2594 4898 hi-
2699 4848 2822 4901 πιόν
2840 4863 2955 4910 σου,
2977 4843 3072 4898 καὶ
3104 4845 3167 4897 σὺ
3195 4843 3288 4896 καὶ
3317 4844 3368 4895 οί
3400 4840 3722 4913 μεγιστᾶνες
3747 4857 3862 4902 σου,
3881 4840 3972 4892 καὶ
3998 4839 4053 4890 αἱ
4073 4835 4241 4908 παρά-

1028 4936 1239 4992 bebatis
1273 4936 1455 4990 vinum
1488 4936 1541 4990 in
1571 4936 1672 5002 eis,
1699 4944 1753 4989 et
1774 4935 1908 4991 deos
1933 4950 2130 4990 aureos
2155 4975 2170 4999 ,
2206 4946 2260 4989 et
2286 4948 2590 5006 argenteos,
2699 4957 2762 4993 κο

2508 4950 2590 5002 os,
2699 4937 2868 4993 κοιτοί
2897 4954 3012 5000 σου,
3040 4936 3134 4988 καὶ
3159 4936 3217 4988 αί
3251 4933 3522 4987 παλλακαί
3552 4949 3645 4985 σου
3671 4931 3883 4984 ὲπίνετε
3910 4925 4050 4982 οἶνον
4074 4930 4140 4982 ὲν
4163 4927 4239 4981 αὐ-

1029 5036 1084 5082 et
1115 5041 1315 5090 amcos,
1349 5035 1403 5081 et
1430 5026 1657 5092 ferreos,
1677 5033 1731 5080 et
1757 5024 1986 5096 ligneos,
2014 5035 2066 5079 et
2095 5025 2354 5095 lapideos,
2377 5025 2466 5094 qui
2487 5040 2591 5078 non
2697 5035 2763 5083 10‘

2506 5040 2591 5078 ton
2697 5035 2828 5094 τοῖς,
2852 5028 2945 5082 καὶ
2968 5027 3094 5090 τοὺς
3123 5026 3277 5088 θεοὺς
3309 5025 3435 5088 τοὺς
3458 5023 3712 5096 χρυσοῦς,
3736 5023 3829 5076 καὶ
3855 5020 4148 5093 ἀργυροῦς,
4164 5019 4240 5071 καὶ

1029 5117 1233 5180 vident,
1273 5125 1327 5171 et
1362 5132 1468 5171 non
1497 5116 1748 5181 audiunt,
1783 5124 1839 5172 et
1866 5131 1974 5170 non
2010 5117 2274 5180 sentiunt,
2321 5116 2590 5184 laudasti;
2700 5139 2763 5192 χα

2503 5118 2552 5171 ill
2577 5135 2590 5184 ;
2700 5119 2958 5192 χαλκοῦς,
2991 5119 3084 5172 καὶ
3113 5115 3382 5188 σιδηροῦς,
3404 5117 3497 5170 καὶ
3529 5115 3791 5180 ξυλίνους,
3813 5114 3906 5166 καὶ
3937 5113 4182 5174 λιθίνους,
4203 5109 4237 5159 οἳ

1029 5215 1086 5262 et
1114 5208 1302 5272 Deum,
1329 5206 1484 5277 cujus
1513 5206 1802 5276 respiratio
1832 5215 1923 5261 tua
1956 5206 2010 5259 in
2039 5222 2201 5261 manu
2225 5206 2364 5276 ejus,
2390 5214 2443 5261 et
2473 5222 2592 5258 om-
2700 5213 2761 5265 οὺ

2503 5222 2592 5258 πιῐὶ-
2700 5213 2761 5265 o6
2796 5211 3070 5282 βλέπουσι,
3097 5208 3192 5261 καὶ
3237 5209 3296 5262 06
3348 5206 3728 5276 γινώσκουσιν,
3781 5205 4001 5276 ᾔνεσας,
4032 5204 4127 5257 καὶ
4170 5201 4237 5253 τὸν

1031 5314 1129 5354 nes
1151 5299 1250 5354 via:
1280 5307 1406 5364 tuae,
1442 5298 1620 5368 ipsum
1653 5313 1760 5352 non
1791 5297 2124 5369 gloriﬁcasti.
2701 5303 2765 5356 Θε

2701 5303 2834 5356 Θεὸν
2861 5294 2923 5354 06
2951 5303 2984 5371 ἡ
3009 5301 3141 5370 πνοή
3175 5315 3270 5351 σου
3305 5298 3362 5350 ὲν
3393 5299 3459 5368 τῇ
3496 5295 3638 5368 χειρὶ
3668 5294 3852 5359 06106,
3880 5293 3974 5346 καὶ
4005 5294 4171 5345 πᾶσαι
4195 5287 4236 5341 αξ

2702 5396 2812 5449 ὁδοί
2835 5411 2952 5458 σου,
2971 5391 3133 5446 αὐτὸν
3157 5392 3258 5444 οὐκ
3278 5390 3554 5456 ὲδόξασας.
3578 5424 3588 5436 υ

1104 5515 1194 5570 24.
1237 5515 1443 5572 Idcirco
1467 5531 1495 5572 a
1533 5516 1671 5574 facie
1698 5517 1818 5588 ejus
1846 5518 2051 5574 missus
2078 5528 2160 5572 est
2200 5515 2461 5573 articulus
2485 5533 2596 5572 ma.
2771 5508 2838 5563 24

2499 5533 2596 5572 na.
2771 5508 2862 5563 24.
2881 5505 2979 5560 Διά
3001 5505 3165 5558 τοῦτο
3186 5505 3250 5557 ἐκ
3273 5502 3564 5574 προσώπου
3585 5499 3747 5557 αὑτοῦ
3770 5497 4050 5568 ἀπεστάλη
4066 5492 4233 5566 ἀστράε

1037 5618 1164 5670 nus,
1197 5611 1252 5660 et
1286 5606 1610 5676 scripturam
1636 5607 1779 5664 hanc
1817 5606 2106 5663 ordinavit.
2704 5618 2771 5670 γα

2704 5600 2866 5670 γαλος
2897 5597 3098 5671 χειρὸς,
3144 5596 3237 5654 καὶ
3267 5596 3367 5668 τὴν
3389 5595 3606 5667 γραφὴν
3635 5593 3836 5663 ταύτην
3866 5588 4128 5655 ὲνὲταξεν.
