3848 6218
92 320 240 379 2869

1547 320 1780 376 CAPUT
1813 320 1899 376 Vl.

3201 329 3343 383 2870

164 438 258 490 '23.
311 438 418 490 Kal
469 433 606 506 αὕτη
651 437 687 508 ἡ
738 433 926 509 γραφὴ
958 435 994 506 ἡ
1022 432 1409 508 ὲντεταγμένη·
1435 434 1656 501 MANH,

1838 433 1931 491 25.
1974 434 2040 492 Et
2090 437 2206 492 haec
2267 438 2569 510 scriptura,
2601 453 2722 510 qua:
2747 438 2991 494 ordinata
3024 449 3144 496 est:
3178 459 3320 498 una

93 528 351 592 ΘΕΚΕΛ,
375 529 610 580 ΦᾹΡΕΣ.

175 620 270 673 96.
325 621 435 673 Kal
487 619 644 672 τοῦτο
687 617 751 672 τὸ
821 616 1100 690 σύγκριμα
1148 614 1244 670 τοῦ
1295 616 1668 689 ἐρωτήματος·

94 713 320 777 ΜΔΝΗ,
373 711 675 783 ἐμέτρησεν
702 713 731 764 6
763 711 894 775 Θεὸς
939 711 1037 782 τὴν
1068 708 1344 781 βασιλείαν
1391 726 1484 764 σου
1513 749 1530 776 ,
1573 710 1670 765 καὶ

91 806 416 876 ἐπλήρωσεν
447 805 635 876 αὑτήν.

162 898 257 954 27.
286 898 538 964 ΘΕΚΕΛ,
571 894 772 968 ἐστάθη
816 895 875 950 ὲν
918 894 1108 967 ζυγῷ,
1154 896 1248 951 καὶ
1271 894 1468 967 εὑρέθη
1511 895 1669 948 ὑστε-

91 1006 286 1059 pauca.

161 1080 256 1137 28.
281 1081 521 1144 ΦΑΡΕΣ,
554 1079 805 1152 διῄρηται
833 1080 868 1152 ἠ
898 1077 1144 1151 βασιλεία
1191 1096 1284 1134 σου
1311 1123 1328 1147 ,
1357 1078 1455 1134 καὶ
1510 1079 1665 1153 ὲδόθη

92 1175 322 1245 Μήδοις,
349 1173 444 1228 καὶ
471 1173 730 1245 Πέρσαις.

159 1266 254 1322 29.
284 1265 395 1320 Kal
418 1259 571 1319 εἶπεν
603 1265 913 1338 Βαλτάσαρ,
949 1281 1045 1319 και
1065 1263 1325 1319 ἐνέδυσαν
1355 1256 1447 1318 τὸν
1468 1263 1665 1335 Δανιὴλ

93 1355 400 1426 πορφύραν,
431 1353 634 1410 καὶτὸν
666 1355 938 1426 μανιάκην
957 1355 1049 1409 τὸν
1070 1353 1305 1426 χρυσοῦν
1329 1354 1666 1426 περιέθηκαν

91 1449 223 1519 περὶ
259 1448 352 1500 τὸν
382 1447 648 1519 τράχηλον
675 1447 865 1515 αὑτοῦ,
915 1448 1008 1501 καὶ
1047 1446 1279 1518 ἐκήρυξε
1309 1448 1437 1518 περὶ
1473 1445 1662 1516 αὐτοῦ,

91 1535 232 1593 εἶναι
251 1539 410 1593 αὐτὸν
430 1539 664 1612 ἄρχοντα
691 1540 870 1612 τρίτον
901 1539 961 1593 ὲν
996 1542 1062 1610 τῇ
1098 1539 1345 1610 βασιλείᾳ
1366 1539 1555 1596 αὐτοῦ.

161 1631 254 1687 30.
291 1631 379 1685 ’Ev
409 1631 584 1706 ταύτῃ
606 1634 674 1705 τῇ
702 1631 857 1687 νυκτὶ
880 1630 1123 1706 ἀνῃρέθη
1145 1629 1430 1703 Βαλτάσαρ
1455 1632 1484 1684 6
1513 1629 1666 1702 βασι-

89 1725 218 1790 λεὺς
245 1727 273 1780 ὁ
300 1726 584 1790 Χαλδαῖος.

162 1818 256 1874 3i.
286 1817 398 1871 Kal
431 1819 657 1888 Δαρεῖος
705 1805 747 1871 δ’
777 1816 961 1888 Μῆδος
1006 1813 1314 1888 παρέλαϐεν
1361 1812 1461 1889 τὴν
1512 1813 1664 1886 βασι-
1693 1794 1738 1853 Β

88 1911 262 1980 λείαν,
295 1909 374 1964 ὢν
411 1910 548 1965 ἑτῶν
577 1910 844 1980 ἑξήκοντα
878 1907 993 1965 δύο.

609 1999 1006 2055 κεφΑΑΑιυΝ
1044 2003 1135 2070 ς’.

166 2093 220 2152 1.
250 2093 360 2146 Kal
406 2093 607 2164 ἧρεσεν
654 2089 886 2146 ἐνώπιον
915 2092 1161 2161 Δαρείου,
1196 2089 1291 2144 καὶ
1325 2088 1663 2160 κατέστησεν

89 2183 185 2235 ἔπι
206 2182 307 2252 τῆς
333 2181 608 2252 βασιλείας
636 2180 922 2250 σατράπας
966 2181 1161 2234 ἑκατὸν
1202 2180 1296 2234 καὶ
1337 2179 1530 2247 εῐκοσι,
1564 2178 1660 2234 τοῦ

89 2269 230 2327 εἶναι
252 2273 449 2337 αὐτοὺς
471 2275 528 2326 ὲν
557 2273 654 2345 ὅλῃ
676 2275 742 2345 τῇ
782 2272 1028 2344 βασιλείᾳ
1051 2270 1239 2325 αὐτοῦ.

159 2365 215 2419 2.
250 2365 360 2419 Kal
387 2365 570 2419 ὲπάνω
595 2364 815 2418 πάντων
839 2362 1018 2416 αὐτῶν
1046 2361 1338 2426 τακτικοὺς
1367 2361 1516 2434 τρεῖς
1535 2379 1549 2394 ο
1570 2359 1664 2415 καὶ

87 2450 159 2528 ἦν
188 2456 390 2524 Δανιὴλ
415 2452 496 2520 εἷς
533 2454 594 2520 ἐξ
625 2455 828 2519 αὐτῶν,
879 2454 972 2508 τοῦ
1002 2455 1309 2508 ἀποδιδόναι
1334 2456 1516 2518 αὐτοῖς
1540 2455 1665 2518 τοὺς

92 2548 379 2619 σατράπας
399 2547 577 2616 λόγον,
609 2547 802 2610 δπωςό
831 2545 1081 2618 βασιλεὺς
1116 2546 1190 2618 μὴ
1221 2546 1521 2617 ἐνοχλῆται.

159 2642 215 2696 '5.
240 2639 350 2693 Kal
369 2636 437 2711 ἦν
458 2640 655 2712 Δανιὴλ
682 2639 989 2711 ὑπερνικῶν
1020 2640 1159 2710 ὑπὲρ
1200 2640 1324 2703 τοὺς
1375 2637 1665 2702 τακτικοὺς

90 2733 186 2786 καὶ
213 2735 340 2796 τοὺς
363 2733 646 2804 σατράπας
680 2731 988 2800 κατέναντι,
1030 2732 1111 2786 ὃτι
1147 2730 1364 2803 πνεῦμα
1404 2730 1664 2802 περισσὸν

89 2822 157 2899 ἦν
187 2828 248 2880 ἑν
269 2824 439 2894 αὐτῷ.

161 2921 218 2976 ι.
249 2919 360 2973 Kal
383 2921 410 2973 6
443 2917 696 2990 βασιλεὺς
727 2915 1062 2986 κατέστησεν
1094 2916 1256 2971 αὐτὸν
1297 2917 1378 2985 ἐφ’
1401 2915 1528 2988 ὅλης
1563 2914 1665 2983 τῆς

96 3008 379 3081 βασιλείας
408 3007 574 3062 αὐτοῦ
593 3024 609 3039 ο
644 3007 740 3062 καὶ
768 3007 816 3060 οἱ
843 3006 1095 3060 τακτικοὶ
1163 3005 1258 3059 καὶ
1309 3007 1358 3058 οἱ
1391 3004 1664 3074 σατράπαι

90 3102 323 3172 ἐζήτουν
367 3101 638 3173 πρόφασιν
685 3101 865 3171 εὑρεῖν
894 3099 1035 3152 κατὰ
1068 3097 1266 3169 Δανιὴλ
1299 3099 1363 3150 ὲκ
1383 3098 1481 3164 τῆς
1514 3096 1662 3166 βασιο

90 3193 265 3257 λείας,
302 3194 397 3248 καὶ
416 3193 596 3246 πᾶσαν
620 3192 893 3261 πρόφασιν
948 3191 1043 3244 καὶ
1068 3191 1420 3261 παράπτωμα
1453 3190 1551 3259 οὐχ
1579 3183 1668 3240 εὗ-

97 3303 189 3357 ρον
220 3285 344 3339 κατ’
376 3283 563 3350 αὑτοῦ,
594 3285 677 3337 ὅτι
709 3283 899 3346 πιστὸς
917 3278 1002 3354 ἦν.

173 3378 226 3432 5.
259 3376 367 3430 Kal
388 3371 539 3430 εἷπον
589 3376 638 3429 οἱ
667 3373 918 3430 τακτικοὶ
972 3375 1190 3437 ἐκεῖνοι,
1227 3371 1338 3442 Οὐχ
1365 3371 1670 3440 εὑρήσομεν

94 3469 239 3523 κατὰ
268 3468 464 3540 Δανιὴλ
486 3471 758 3542 πρόφασιν
782 3508 797 3533 ,
827 3469 875 3521 εἰ
905 3465 980 3538 μὴ
1016 3468 1074 3520 ἐν
1105 3465 1356 3536 νομίμοις
1403 3462 1538 3516 Θεοῦ
1570 3463 1670 3516 αὺ-

94 3579 212 3616 του.

165 3653 220 3707 6.
255 3651 390 3705 Τότε
411 3651 461 3705 οί
493 3649 744 3705 τακτικοὶ
789 3650 884 3704 καὶ
915 3651 1190 3721 σατράπαι
1227 3649 1574 3722 παρέστησαν
1593 3648 1670 3721 τῷ

96 3742 331 3815 βασιλεῖ,
383 3741 477 3796 καὶ
537 3737 690 3796 εἷπον
737 3742 905 3814 αὐτῷ’
943 3745 1134 3814 Δαρεῖε
1159 3740 1402 3814 βασιλεῦ,
1432 3743 1513 3806 είς
1545 3742 1672 3807 τοὺς

95 3835 302 3898 αἰῶνας
335 3833 479 3905 ζῆθι.

169 3927 226 3982 7.
255 3925 751 3980 Συνεὸουλεύσαντο
797 3923 998 3988 πάντες
1035 3923 1085 3977 οἱ
1109 3924 1202 3978 ἐπὶ
1244 3923 1345 3995 τῆς
1397 3923 1674 3995 βασιλείας

97 4037 195 4076 σου
229 4018 547 4092 στρατηγοὶ,
574 4018 668 4072 καὶ
698 4018 994 4088 σατράπαι,
1027 4015 1242 4081 ὕπατοι,
1265 4019 1358 4070 καὶ
1380 4018 1670 4090 τοπάρχαι,

95 4113 192 4166 τοῦ
221 4112 415 4182 στῆσαι
449 4111 640 4165 στάσιν
669 4107 974 4180 βασιλικὴν,
1003 4109 1098 4162 καὶ
1119 4107 1397 4179 ἐνισχῦσαι
1422 4109 1668 4180 ὁρισμὸν,

95 4206 248 4267 ὅπως
283 4203 343 4266 ὃς
398 4202 494 4255 ἐὰν
535 4202 734 4273 αἰτήσῃ
789 4199 998 4271 αἴτημα
1028 4199 1180 4270 παρὰ
1220 4201 1422 4264 παντὸς
1457 4200 1600 4266 θεοῦ,
1637 4200 1671 4271 ἢ

97 4293 425 4368 ἀνθρώπων,
451 4292 796 4364 ἓωςήμερῶν
827 4291 1143 4363 τριάκοντα,
1175 4292 1340 4363 ἀλλ’ἢ
1370 4292 1520 4364 παρὰ
1553 4291 1669 4357 σοῦ,

99 4383 349 4456 βασιλεῦ,
381 4383 782 4453 ὲμδληθήσεται
807 4383 888 4445 εἰς
929 4381 1022 4435 τὸν
1055 4381 1257 4436 λάκκον
1284 4383 1393 4434 τῶν
1423 4380 1670 4435 λεόντων.

170 4475 226 4528 8.
254 4472 371 4526 Νῦν
389 4468 503 4537 οὖν,
528 4472 767 4542 βασιλεῦ,
792 4471 991 4541 στῆσον
1009 4472 1099 4526 τὸν
1123 4473 1370 4544 ὁρισμὸν,
1399 4475 1493 4526 καὶ
1516 4472 1672 4534 ἐκθες

99 4565 342 4636 γραφὴν,
383 4567 532 4628 ὅπως
575 4565 649 4636 μὴ
681 4564 946 4636 ἀλλοιωθῇ
983 4565 1045 4618 τὸ
1093 4565 1271 4636 δόγμα
1317 4565 1517 4635 Μήδων
1573 4564 1670 4618 καὶ

99 4657 349 4729 Περσῶν,
376 4658 524 4719 ὅπως
556 4655 629 4727 μὴ
653 4655 975 4728 παραλλαγῇ
999 4656 1286 4710 κατέναντι
1315 4655 1528 4709 τούτου.

170 4750 226 4805 9.
256 4749 394 4802 Τότε
421 4748 450 4800 6
483 4748 735 4820 βασιλεὺς
759 4749 981 4820 Δαρεῖος
1030 4748 1258 4815 ἑπέταξε
1301 4747 1580 4819 γραφῆναι
1613 4745 1674 4801 τδ

172 4934 264 4990 10.
297 4932 408 4987 Kal
425 4931 620 5005 Δανιὴλ
648 4932 808 5005 ἡνίκα
841 4933 1003 5002 ἔγνω,
1026 4932 1107 4987 δτι
1135 4930 1366 5002 ὲνετάγη
1388 4929 1450 4983 τὸ
1477 4929 1674 5002 δόγμα,

101 5023 356 5094 εἰσῆλθεν
383 5025 464 5086 είς
495 5023 586 5076 τὸν
614 5018 762 5076 οἷκον
783 5021 973 5086 αὑτοῦ,
1021 5021 1116 5075 καὶ
1160 5019 1372 5091 θυρίδες
1395 5017 1679 5090 άνεῳγμέ·

102 5132 192 5171 ναι
220 5113 372 5185 αὑτῷ
405 5116 464 5168 ὲν
487 5117 602 5179 τοῖς
635 5112 904 5185 ὑπερῴοις
950 5111 1116 5167 αὐτοῦ
1149 5113 1437 5166 κατέναντι
1476 5110 1678 5182 Ἰερου-

104 5207 310 5278 σαλὴμ,
360 5206 456 5260 καὶ
498 5206 724 5278 καιροὺς
758 5208 910 5277 τρεῖς
940 5205 1041 5278 τῆς
1077 5204 1290 5278 ἡμέρας
1313 5199 1382 5276 ἦν
1407 5203 1680 5275 κάμπτων

104 5298 202 5353 ἐπὶ
229 5299 300 5352 τά
329 5299 530 5367 γόνατα
563 5297 749 5366 αὐτοῦ,
771 5299 868 5353 καὶ
889 5299 1344 5370 προσευχόμενος,
1375 5298 1470 5351 καὶ
1491 5297 1678 5366 ἐξομο-

103 5390 264 5460 λογού
273 5406 433 5460 μενος
458 5389 699 5444 ἐναντίον
715 5389 810 5443 τοῦ
828 5389 965 5443 θεοῦ
996 5390 1180 5456 αὑτοῦ,
1208 5389 1392 5453 καθὼς
1414 5385 1678 5460 ἦνεποιῶν

105 5482 440 5555 ἔμπροσθεν.

175 5576 266 5631 il.
303 5575 436 5628 Τότε
459 5573 508 5628 οἱ
529 5575 720 5647 ἄνδρες
749 5575 945 5630 ὲκετνοι
975 5575 1446 5648 παρετηρήσαντο,
1471 5573 1566 5630 καὶ
1587 5565 1679 5628 εὖ·

107 5683 203 5739 ρον
223 5667 318 5720 τὸν
339 5665 538 5740 Δανιὴλ
560 5666 835 5736 ἀξιοῦντα,
865 5667 961 5724 καὶ
978 5667 1230 5740 δεόμενον
1258 5665 1566 5742 ἔμπροσθεν
1585 5662 1680 5722 τοῦ

105 5756 243 5814 Θεοῦ
279 5756 468 5814 αὑτοῦ.

1772 539 2247 588 TBBCEL,PHARES.

1842 619 1934 672 26.
1977 618 2043 673 Ει
2103 621 2219 676 haec
2277 631 2361 677 est
2429 621 2809 692 interpretatio
2865 621 3339 694 interrogationis:

1771 725 1932 775 lane,
1963 727 2181 768 mensus
2207 722 2291 769 est
2325 713 2468 770 Deus
2503 730 2726 784 regnum
2759 725 2934 781 tuum,
2969 725 3023 770 et
3054 717 3338 785 complevit

1767 803 1920 858 illud.

1837 895 1926 949 27.
1965 896 2202 961 Tuscec,
2231 913 2526 967 appensum
2566 907 2647 953 est
2693 897 2745 952 in
2793 907 3016 966 statera,
3055 907 3110 954 et
3144 900 3334 954 inven-

1767 996 1882 1043 tum
1911 999 1992 1043 est
2019 990 2202 1044 minus
2227 991 2452 1045 habens.

1835 1084 1925 1137 28.
1966 1085 2201 1148 Puanes,
2231 1085 2465 1139 divisum
2502 1095 2584 1141 est
2611 1103 2837 1158 regnum
2869 1097 3020 1142 tuum
3069 1094 3122 1140 et
3146 1083 3334 1138 datum

1764 1182 1849 1231 est
1878 1177 2074 1239 Medis,
2111 1185 2165 1230 et
2203 1175 2400 1232 Persis.

1834 1268 1923 1324 29.
1966 1267 2030 1323 Et
2081 1269 2219 1323 dixit
2277 1268 2546 1335 Baltasar,
2601 1279 2656 1325 et
2711 1269 3005 1324 induerunt
3057 1268 3332 1322 Daniclcm

1764 1374 2028 1430 purpura,
2063 1369 2118 1415 et
2146 1373 2395 1432 torquem
2425 1378 2644 1416 auream
2679 1362 3150 1417 circumdederunt
3195 1359 3335 1413 collo

1764 1450 1905 1520 ejus,
1940 1462 1992 1506 et
2039 1453 2350 1523 praadicavit
2401 1453 2468 1509 de
2495 1469 2581 1519 eo,
2634 1469 2756 1509 esse
2813 1453 2991 1524 ipsum
3033 1453 3332 1522 principem

1765 1549 1983 1603 tertium
2020 1549 2075 1603 in
2106 1566 2272 1620 regno
2298 1567 2420 1606 suo.
2968 1609 2988 1629 I

1835 1639 1924 1693 50.
1965 1638 2026 1714 in
2056 1640 2243 1696 eadem
2277 1651 2436 1697 nocte
2485 1638 2802 1695 interfectus
2836 1648 2920 1695 est
2962 1637 3208 1692 Baltasar
3237 1651 3335 1691 rex

1764 1729 2068 1786 Chaldzrus.

1838 1820 1926 1874 31.
1974 1820 2038 1875 Et
2071 1820 2267 1876 Darius
2314 1820 2503 1877 Medus
2549 1823 2850 1893 assumpsit
2901 1837 3128 1893 regnum
3161 1834 3335 1874 annos

1768 1921 1932 1968 natus
1953 1914 2235 1985 sexaginta
2265 1913 2425 1968 duos.

2366 2003 2596 2059 CAPUT
2649 2003 2736 2061 Vl.

1841 2095 1893 2149 Ι.
1937 2093 2002 2150 Ει
2035 2095 2240 2167 placuit
2295 2095 2348 2150 in
2392 2105 2686 2165 conspectu
2747 2093 2914 2159 Darii,
2970 2099 3023 2147 et
3053 2091 3336 2147 constituit

1769 2201 1934 2256 super
1971 2203 2194 2258 regnum
2209 2194 2455 2258 satrapas
2481 2198 2698 2242 centum
2762 2195 2816 2240 et
2846 2185 3056 2256 viginti,
3080 2195 3136 2238 ut
3154 2190 3338 2237 essent

1770 2277 1824 2332 in
1867 2286 1979 2331 toto
2006 2292 2173 2347 regno
2207 2292 2329 2331 suo.

1839 2372 1892 2425 2.
1937 2368 2002 2422 Et
2041 2383 2206 2439 super
2245 2381 2438 2423 omnes
2482 2383 2601 2430 eos.
2630 2366 2910 2436 pmfectos
2939 2375 3050 2422 tres
3083 2379 3096 2415 :
3129 2373 3182 2418 et
3219 2370 3337 2416 erat

1774 2461 1958 2516 Daniel
1989 2477 2132 2515 unus
2158 2475 2224 2515 ex
2256 2460 2334 2514 eis
2361 2478 2376 2515 :
2410 2468 2472 2514 ut
2499 2471 2726 2531 satrapae
2763 2459 2874 2513 illis
2921 2458 3210 2512 redderent
3241 2470 3332 2508 ra-

1771 2553 1994 2614 tinuetu,
2037 2559 2096 2604 ut
2118 2567 2210 2604 rex
2243 2565 2350 2604 non
2375 2551 2667 2606 sustineret
2701 2549 2998 2604 molestias.

1841 2641 1894 2695 5.
1937 2640 2002 2694 Ει
2033 2651 2149 2695 erat
2179 2641 2365 2695 Daniel
2397 2642 2695 2710 praevalens
2747 2658 2910 2711 super
2956 2643 3238 2713 praefectos
3282 2650 3337 2697 et

1770 2742 2020 2802 satrapas
2046 2747 2248 2797 coram,
2281 2733 2408 2803 quia
2437 2734 2657 2804 spiritus
2696 2735 2926 2804 amplior
2951 2747 3068 2792 erat
3094 2738 3147 2794 in
3179 2756 3266 2794 eo.

1841 2913 1893 2967 4.
1942 2911 2007 2967 Et
2031 2928 2124 2968 rex
2174 2911 2460 2968 constituit
2511 2926 2635 2967 eum
2692 2927 2855 2981 super
2918 2928 3080 2968 omne
3111 2930 3337 2986 regnum

1775 3020 1967 3059 suum:
2003 3015 2057 3059 et
2082 3003 2318 3074 praefecti
2373 3013 2426 3059 et
2464 3014 2700 3074 satrapae
2731 3007 3048 3076 quarebant
3099 3007 3341 3065 invenire

1773 3098 2113 3150 occasionem
2148 3105 2338 3152 contra
2363 3094 2636 3151 Dauielem
2669 3097 2736 3152 de
2791 3112 2994 3167 regno:
3027 3107 3081 3152 et
3123 3115 3336 3154 onmem

1770 3190 2114 3244 occasionem
2191 3199 2247 3244 et
2298 3189 2553 3244 delictum
2613 3205 2723 3245 non
2789 3190 3109 3246 invenerunt
3150 3201 3340 3247 contra

1770 3298 1919 3345 eum,
1949 3297 2014 3336 eo
2049 3282 2194 3352 quod
2224 3283 2396 3338 lldelis
2427 3291 2565 3337 erat.

1841 3375 1894 3428 5.
1939 3374 2002 3427 Et
2049 3375 2304 3428 dixerunt
2359 3374 2598 3444 priefecti
2649 3375 2764 3429 illi:
2823 3374 2939 3430 Non
3005 3376 3341 3431 inveniemus

1771 3475 1959 3520 contra
1990 3466 2261 3520 Danielem
2293 3465 2658 3530 occasionem,
2700 3465 2807 3520 nisi
2859 3467 2913 3520 in
2953 3465 3213 3536 legitimis
3245 3464 3338 3520 Dei

1771 3557 1875 3612 sui.

1845 3650 1895 3703 6.
1939 3647 2094 3705 Tunc
2127 3651 2385 3720 praesides
2429 3657 2480 3703 et
2503 3659 2735 3717 satrapae
2767 3648 3060 3702 astiterunt
3101 3646 3244 3718 regi,
3284 3653 3344 3702 et

1772 3741 2028 3798 dixerunt
2053 3743 2103 3797 ei
2129 3759 2146 3797 :
2178 3740 2302 3796 Dari
2334 3757 2448 3806 rex,
2478 3741 2531 3795 in
2553 3749 2816 3795 a'ternum
2843 3740 2983 3793 vive.

1842 3920 1897 3978 7.
1937 3921 2238 3978 Consilium
2263 3921 2504 3977 inierunt
2529 3937 2740 3984 omnes,
2776 3919 2869 3990 qui
2905 3935 3069 3989 super
3111 3934 3337 3986 regnum

1775 4022 1928 4068 tuum
1955 4014 2120 4069 duces
2177 4022 2230 4068 et
2259 4024 2508 4083 satrapaa,
2542 4013 2794 4068 consules
2823 4021 2877 4066 et
2913 4013 3204 4082 toparclizc,
3228 4019 3342 4063 sta-

1775 4114 1930 4162 tuere
1961 4106 2242 4161 decretum
2274 4107 2499 4177 regium,
2528 4115 2583 4160 et
2623 4104 2948 4159 conﬁrmare
2991 4104 3342 4158 constitutio-

1775 4212 1896 4252 nem
1919 4236 1934 4261 ,
1971 4207 2031 4252 ut
2064 4198 2395 4268 quicumque
2429 4198 2646 4267 petierit
2680 4197 2989 4267 petitionem
3017 4211 3047 4250 a
3076 4212 3344 4265 quocum-

1773 4305 1880 4358 que
1909 4288 2036 4351 deo,
2071 4297 2166 4342 aut
2196 4288 2266 4342 ab
2305 4289 2618 4344 hominibus
2646 4304 2818 4358 usque
2848 4288 2914 4342 ad
2958 4289 3175 4357 triginta
3198 4288 3338 4352 dies,

1775 4379 1880 4434 nisi
1915 4395 1943 4433 a
1980 4387 2053 4445 te,
2075 4380 2459 4445 rex,mittatur
2492 4382 2544 4436 in
2576 4381 2752 4435 lacum
2782 4382 3021 4434 leonum.

1847 4470 1901 4525 8.
1943 4469 2101 4526 Nunc
2138 4472 2322 4542 igitur,
2377 4489 2498 4538 rex,
2549 4480 2726 4527 statue
2779 4468 3253 4527 constitutionem.
3286 4477 3339 4522 ct

1776 4575 2018 4631 propone
2043 4563 2394 4632 scripturam,
2432 4573 2491 4619 ut
2540 4580 2645 4620 non
2697 4565 3012 4619 immutetur
3060 4562 3339 4616 decretum

1775 4651 2051 4707 Medorum
2084 4663 2138 4708 et
2158 4652 2469 4720 Persarum,
2499 4670 2672 4724 neque
2705 4654 2938 4707 violetur
2958 4668 3122 4721 super
3156 4653 3278 4706 hoc.

1845 4744 1898 4800 9.
1933 4744 2087 4802 Tunc
2109 4762 2203 4802 rex
2235 4747 2428 4802 Darius
2449 4748 2615 4818 jussit
2643 4746 2803 4801 scribi
2839 4745 3142 4798 decretum.

1852 4924 1940 4981 10.
1984 4925 2051 4982 Ει
2079 4925 2267 4982 Daniel
2304 4925 2519 4998 quando
2547 4925 2800 4996 cognovit
2839 4923 3193 4979 constitutum
3220 4936 3340 4974 esse

1777 5017 2078 5084 decretum,
2104 5019 2382 5090 ingressus
2407 5030 2489 5074 est
2512 5018 2566 5073 in
2591 5018 2812 5072 domum
2846 5031 3001 5070 suam
3037 5029 3051 5066 :
3090 5022 3143 5068 et
3191 5012 3341 5065 leue-

1779 5115 1911 5170 stris
1943 5112 2144 5183 apertis
2173 5112 2223 5168 ei
2254 5111 2309 5167 in
2335 5111 2634 5168 emnaculis
2662 5110 2776 5165 suis
2805 5118 2990 5164 contra
3017 5105 3339 5167 Jerusalem,

1779 5214 1834 5263 et
1870 5207 2043 5262 tribus
2073 5204 2408 5276 temporibus
2431 5202 2536 5259 diei
2574 5209 2692 5257 erat
2717 5200 2933 5254 ﬂectens
2961 5214 3019 5252 se
3059 5211 3219 5266 super
3254 5211 3344 5262 go»-

1781 5313 1888 5355 nua
1916 5313 2036 5364 sua,
2095 5305 2150 5352 et
2206 5310 2387 5360 orans,
2420 5304 2473 5350 et
2526 5293 2791 5349 conﬁtens
2842 5304 3026 5345 coram
3078 5286 3186 5342 Deo
3219 5304 3340 5351 suo,

1781 5392 1924 5449 sicut
1950 5399 2076 5447 ante
2103 5389 2286 5446 facere
2321 5391 2697 5443 consueverat.

1853 5563 1942 5620 ll.
1982 5564 2136 5621 Tunc
2160 5561 2263 5619 viri
2289 5559 2368 5618 illi
2400 5561 2778 5624 observarunt,
2810 5563 2864 5611 et
2897 5555 3221 5609 invenerunt
3245 5549 3345 5606 Da-

1785 5661 1983 5721 nieletn
2010 5659 2386 5720 obsecrantem
2427 5665 2482 5714 et
2507 5659 2751 5713 orantem
2781 5663 2968 5707 coram
3017 5645 3129 5704 Deo
3154 5662 3275 5704 suo.
