3848 6218
482 275 617 333 2871

1536 268 1789 324 DANlEL
1828 269 2050 326 JUXTA
2091 269 2642 328 TllEODOTlONEM

3574 276 3733 331 2879.

555 391 641 445 12.
684 389 746 444 Et
775 389 1091 444 accedentes
1125 387 1315 443 dicunt
1353 385 1498 458 regi:
1535 385 1669 450 Rex,
1703 403 1883 441 nonne
1913 403 2046 442 eon-

2220 387 2312 443 12.
2346 389 2458 443 Kal.
2495 387 2885 460 προσελθόντες
2919 387 3138 458 λέγουσι
3167 389 3246 462 τῷ
3279 389 3516 460 βασιλεῖ’
3553 391 3733 445 Βασι-

483 482 818 538 stitutionem
848 480 1077 550 posuisti
1115 518 1130 543 ,
1175 487 1236 533 ut
1281 479 1460 533 omnis
1517 479 1681 532 homo
1711 478 2044 547 quicumque

483 574 696 644 petierit
723 587 752 626 a
778 585 1120 642 quocumque
1149 570 1250 626 deo
1317 579 1370 625 et
1397 569 1709 625 hominibus
1732 571 2042 640 petitionem

484 676 656 731 usque
687 661 754 716 ad
789 660 1044 730 tringinta
1071 659 1208 728 dies,
1240 660 1344 715 nisi
1375 675 1407 715 a
1453 669 1524 727 te,
1550 676 1641 716 rex
1669 701 1684 727 ,
1715 661 1958 716 mittatur
1989 662 2044 716 in

485 756 660 810 lacum
689 753 933 809 leonum?

555 847 640 899 15.
683 845 748 898 Ει
777 845 911 898 dixit
940 860 1054 910 rex,
1084 844 1256 899 Verus
1302 853 1385 900 est
1413 860 1622 910 sermo,
1676 855 1730 900 et
1768 845 2043 902 decretum

483 936 759 990 Medorum
784 945 837 990 et
864 934 1151 989 Persarum
1180 952 1285 989 non
1319 946 1715 990 contemnatur.

561 1029 644 1082 l4.
687 1026 840 1082 Tunc
889 1027 1305 1095 responderunt,
1337 1036 1390 1080 et
1443 1027 1629 1081 dicunt
1669 1043 1850 1082 coram
1881 1043 2040 1098 rege:

485 1117 694 1183 Daniel,
725 1117 818 1186 qui
846 1115 914 1171 de
943 1116 1069 1169 liliis
1097 1116 1424 1185 captivitatis
1449 1115 1671 1180 Judaeaa.
1718 1132 1825 1171 non
1854 1118 2043 1172 subdi-

482 1211 562 1263 dit
587 1224 645 1264 se
673 1209 888 1263 decreto
915 1217 1006 1262 tuo
1047 1207 1191 1262 circa
1250 1207 1440 1276 legem,
1498 1222 1661 1275 quam
1693 1208 1964 1262 statuisti:
1992 1217 2047 1262 et

485 1300 660 1354 tribus
692 1297 1027 1367 temporibus
1072 1297 1175 1350 diei
1217 1298 1351 1366 petit
1394 1312 1424 1350 a
1479 1295 1588 1350 Deo
1619 1311 1720 1351 suo
1759 1297 2046 1366 petitiones

483 1407 631 1445 suas.
673 1388 827 1442 Tune
859 1405 971 1452 rex,
1007 1397 1066 1442 ut
1096 1387 1304 1441 audivit
1336 1386 1562 1440 verbum
1588 1428 1604 1452 ,
1643 1387 1798 1440 valde
1844 1387 2047 1441 contri-

483 1493 658 1538 status
688 1492 768 1537 est
801 1481 852 1534 in
883 1497 948 1534 eo
976 1500 988 1534 :
1022 1491 1075 1534 et
1105 1494 1205 1549 pro
1240 1478 1458 1533 Daniele
1482 1479 1795 1534 decertabat
1825 1479 1890 1532 ad
1910 1479 2046 1532 libe-

484 1574 710 1628 randum
743 1587 890 1632 eum,
915 1581 968 1626 et
999 1586 1168 1642 usque
1191 1569 1260 1624 ad
1298 1585 1552 1626 occasum
1579 1568 1711 1624 solis
1744 1569 2044 1637 laborabat,

481 1678 541 1720 ιιι
571 1673 784 1720 erueret
811 1679 956 1719 eum.

551 1864 640 1918 15.
681 1860 836 1917 Tunc
870 1861 969 1915 viri
1005 1860 1079 1914 illi
1101 1859 1598 1914 animadverterunt
1627 1873 1790 1928 super
1839 1871 2044 1926 regem,

479 1961 534 2006 et
560 1953 747 2007 dicunt
777 1951 919 2022 regi:
959 1950 1126 2016 Scito,
1161 1966 1276 2014 rex,
1303 1950 1428 2018 quia
1457 1951 1733 2004 decretum
1762 1947 1928 2001 Medis
1997 1954 2062 2000 et-

479 2043 663 2101 Persis
679 2054 782 2109 est,
818 2052 878 2098 ut
904 2060 1118 2098 omnem
1145 2044 1313 2111 legem
1343 2051 1398 2096 et
1425 2051 1712 2107 statutum,
1747 2041 2050 2112 quodcum-

479 2149 588 2204 que
606 2149 698 2189 rex
728 2135 1001 2198 statuerit,
1034 2148 1141 2186 non
1187 2139 1435 2203 Oporteat
1467 2131 1763 2185 immutari.

551 2313 640 2369 16.
681 2311 837 2367 Tunc
873 2328 966 2367 rex
999 2312 1174 2365 dixit:
1210 2319 1266 2366 et
1297 2311 1641 2366 adduxerunt
1671 2310 1966 2374 Danielem,
1993 2317 2047 2365 et

480 2403 748 2458 miserunt
767 2417 890 2456 eum
926 2402 978 2455 in
1011 2401 1188 2455 laeum
1234 2401 1450 2455 leonum
1488 2439 1504 2465 ,
1549 2410 1603 2454 et
1640 2400 1777 2453 dixit
1803 2417 1894 2454 rex
1940 2401 2045 2454 Da-

481 2492 606 2546 nieli
635 2510 650 2548 :
683 2491 847 2557 Deus,
875 2507 1036 2562 quem
1068 2501 1124 2546 tu
1171 2492 1308 2546 colis
1355 2507 1608 2562 semper,
1654 2492 1767 2561 ipse
1802 2491 2048 2546 liberabit

481 2594 554 2641 ιε.

552 2675 640 2728 17.
679 2673 746 2729 Et
782 2674 1083 2729 attulerunt
1114 2673 1346 2744 lapidem
1369 2691 1558 2741 unum,
1590 2684 1643 2729 et
1672 2675 2050 2744 imposuerunt

482 2783 645 2837 super
671 2781 733 2822 os
765 2767 865 2822 laci
900 2785 915 2821 :
950 2776 1004 2821 et
1037 2768 1346 2836 obsignavit
1379 2784 1470 2822 rex
1508 2767 1559 2821 in
1601 2768 1800 2822 annulo
1843 2785 1964 2835 suo,
1995 2777 2050 2823 et

483 2855 684 2910 annqu
705 2857 1026 2925 optimatum
1051 2872 1305 2922 suorum,
1331 2873 1399 2914 ne
1428 2859 1557 2928 quid
1605 2875 1762 2914 secus
1815 2861 1965 2914 lieret
1991 2860 2046 2915 in

484 2948 779 3004 Danielem.

2149 477 2262 543 λεῦ,
2291 480 2389 550 οὐχ
2427 480 2651 550 ὁρισμὸν
2672 479 2887 546 ἔταξας,
2919 481 3066 544 ὅπως
3099 483 3206 546 πᾶς
3229 483 3505 551 ἄνθρωπος
3533 482 3596 546 ὃς
3624 484 3734 535 ἐὰν

2148 570 2352 643 αἰτήσῃ
2383 571 2536 642 παρά
2567 573 2766 636 παντὸς
2800 573 2922 626 θεοῦ
2968 573 3063 628 καὶ
3127 573 3427 646 ἀνθρώπων
3475 577 3729 646 αἴτημα,

2149 662 2255 726 ἕως
2284 663 2507 734 ἡμερῶν
2552 665 2843 734 τριάκοντα
2867 706 2881 730 ,
2913 667 3028 719 ἀλλ’
3057 667 3089 738 ἢ
3126 669 3278 739 παρά
3324 670 3439 734 σοῦ,
3464 669 3730 740 βασιλεῦ,

2149 753 2547 824 ἐμϐληθήσεται
2579 756 2659 819 εἰς
2687 755 2777 809 τὸν
2810 757 3010 810 λάκκον
3037 756 3142 810 τῶν
3166 757 3391 812 λεόντων
3414 775 3428 824 ;

2221 842 2307 896 15.
2341 844 2450 895 Kal
2487 839 2638 896 εἶπεν
2663 846 2692 898 6
2728 844 2999 914 βασιλεὺς,
3035 846 3306 917 Ἀληθινὸς
3351 850 3379 902 6
3413 847 3597 917 λόγος,
3628 850 3733 903 καὶ

2149 932 2210 987 τὸ
2239 933 2416 1004 δόγμα
2457 936 2654 1004 Μήδων
2697 937 2790 990 καὶ
2816 939 3040 1008 Περσῶν
3071 939 3130 991 οὐ
3157 940 3576 1011 παρελεύσεται.

2222 1027 2308 1080 14.
2347 1027 2479 1079 Τότε
2508 1027 2901 1098 ἀπεκρίθησαν,
2952 1030 3044 1082 xal.
3088 1030 3337 1100 λέγουσιν
3365 1032 3598 1086 ἐνώπιον
3629 1035 3733 1087 τοῦ

2157 1118 2417 1189 βασιλέως
2441 1135 2454 1147 ⁶
2487 1121 2702 1192 Δανιὴλ,
2725 1124 2752 1176 ὁ
2782 1123 2889 1176 ἀπὸ
2919 1125 3028 1176 τῶν
3056 1125 3186 1178 υἰῶν
3222 1125 3321 1194 τῆς
3345 1128 3737 1197 αἰχμαλωσίας

2153 1211 2252 1280 τῆς
2277 1210 2556 1276 Ἰουδαίας,
2583 1211 2679 1282 οὐχ
2718 1213 2963 1284 ὑπετάγη
2995 1213 3071 1284 τῷ
3097 1214 3324 1284 δόγματι
3356 1233 3445 1268 σου
3471 1219 3604 1286 περὶ
3629 1217 3734 1269 τοῦ

2153 1299 2401 1373 ὁρισμοῦ,
2431 1295 2492 1355 οῦ
2519 1301 2798 1365 ἐνέταξας,
2827 1303 2920 1356 καὶ
2946 1305 3170 1374 καιροὺς
3198 1307 3346 1375 τρεῖς
3374 1307 3473 1376 τῆς
3504 1307 3739 1378 ἡμέρας

2153 1395 2383 1448 αἰτεῖται
2419 1392 2569 1463 παρά
2595 1393 2688 1447 τοῦ
2714 1395 2847 1447 Θεοῦ
2872 1395 3034 1448 αὑτοῦ
3065 1396 3341 1467 αἰτήματα
3365 1397 3552 1454 αὑτοῦ.
3589 1399 3736 1450 Τότε

2153 1485 2181 1537 ὁ
2209 1485 2458 1554 βασιλεὺς
2506 1486 2582 1549 ὡς
2614 1486 2676 1538 τὸ
2721 1487 2874 1557 ῥῆμα
2907 1487 3127 1557 ἤκουσε,
3179 1488 3312 1542 πολὺ
3353 1488 3602 1558 ἐλυπήθη
3639 1489 3738 1540 ἐπ’

2154 1571 2322 1641 αὐτῷ,
2350 1573 2443 1624 καὶ
2475 1572 2719 1638 περὶτοῦ
2750 1574 2949 1645 Δανιὴλ
2979 1576 3285 1644 ἠγωνίσατο
3317 1577 3410 1631 τοῦ
3441 1576 3740 1642 ἐξελέσθαι

2153 1663 2336 1724 αὑτὸν,
2362 1662 2454 1714 καὶ
2483 1663 2586 1726 ἕως
2614 1663 2750 1734 πρὸς
2769 1664 2998 1734 δυσμαῖς
3022 1665 3173 1737 ἡλίου
3217 1662 3284 1738 ὴν
3321 1666 3740 1740 ἀγωνιζόμενος

2083 1748 2127 1804 Β
2155 1751 2429 1816 ἐξελέσθαι
2458 1754 2644 1808 αὐτόν.

2225 1844 2310 1898 15.
2339 1845 2469 1897 Τότε
2489 1848 2536 1898 οἱ
2562 1846 2752 1916 ἀνδρες
2787 1847 2984 1900 ἐκεῖνοι
3027 1849 3478 1919 παρετηρήσαντο
3504 1850 3600 1903 ἐπὶ
3634 1850 3733 1904 rex

2154 1934 2396 2005 βασιλέα,
2427 1937 2521 1990 καὶ
2549 1937 2765 2006 λέγουσι
2792 1939 2869 2008 τῷ
2896 1938 3104 2008 βασιλεῖ
3125 1958 3135 1969 ·
3155 1941 3346 2004 Γνῶθι,
3374 1941 3622 2010 βασιλεῦ,
3645 1944 3736 1996 ὅτι

2151 2031 2211 2083 τὸ
2239 2030 2413 2100 δόγμα
2432 2032 2538 2094 τοῖς
2571 2031 2773 2101 Μήδοις
2830 2032 2924 2085 καὶ
2951 2031 3186 2102 Πέρσαις
3208 2073 3222 2096 ,
3267 2032 3359 2085 τοῦ
3391 2034 3568 2087 πάντα
3609 2037 3737 2106 ὁρι-

2154 2123 2310 2193 σμὸν,
2345 2122 2438 2175 καὶ
2482 2123 2669 2176 στάσιν
2696 2163 2711 2189 ,
2745 2124 2811 2195 ἢν
2846 2124 2942 2178 ἐὰν
2970 2126 2996 2178 6
3028 2124 3276 2195 βασιλεὺς
3312 2126 3507 2196 στήσῃ,
3545 2127 3610 2179 οὐ
3650 2128 3737 2179 δεῖ

2153 2214 2516 2287 παραλλάξαι.

2224 2305 2312 2360 16.
2355 2306 2489 2358 Τότε
2524 2307 2552 2358 ὁ
2584 2304 2832 2375 βασιλεὺς
2862 2299 3014 2360 εἶπεν
3041 2322 3055 2336 ο
3091 2307 3184 2361 καὶ
3231 2307 3435 2378 ἤγαγον
3479 2307 3575 2361 τὸν
3625 2310 3732 2360 Δαο

2152 2395 2292 2467 νιὴλ,
2334 2395 2426 2448 καί⁵
2459 2395 2710 2450 ἐνέϐαλον
2737 2395 2899 2448 αὐτὸν
2951 2398 3030 2458 εἰς
3059 2397 3151 2448 τὸν
3181 2397 3382 2449 λάκκον
3430 2396 3541 2448 τῶν
3574 2397 3732 2449 λεόν-

2149 2503 2278 2554 των,
2312 2489 2404 2541 καὶ
2433 2483 2586 2542 εἶπεν
2628 2490 2656 2541 6
2689 2487 2941 2558 βασιλεὺς
2970 2488 3046 2557 τῷ
3085 2488 3304 2559 Δανιὴλ·
3341 2488 3397 2542 '0
3426 2488 3561 2552 Θεὸς
3582 2482 3630 2556 ᾧ
3665 2491 3732 2542 σὺ

2151 2577 2430 2649 λατρεύεις
2460 2579 2772 2649 ἐνδελεχῶς,
2801 2579 2960 2642 αὐτὸς
2991 2578 3253 2642 ἐξελεῑταί
3289 2594 3369 2633 σε.
3557 2594 3560 2596 ⁷

2225 2671 2311 2723 17.
2345 2672 2454 2723 Kal
2481 2671 2716 2740 ὴνεγκαν
2752 2670 2896 2723 λίθον
2945 2671 3060 2734 ἕνα,
3102 2670 3197 2722 καὶ
3235 2669 3515 2738 ἐπέθηκαν
3548 2669 3645 2722 ἐπὶ
3668 2668 3730 2722 τὸ

2156 2760 2328 2831 στόμα
2357 2761 2450 2814 τοῦ
2504 2760 2726 2824 λάκκου,
2775 2761 2867 2814 καὶ
2913 2761 3284 2832 ἐσφραγίσατο
3317 2763 3344 2813 6
3375 2759 3636 2828 βασιλεὺς
3672 2762 3730 2811 ἐν

2152 2855 2231 2926 τῷ
2269 2855 2537 2925 δακτυλίῳ
2569 2854 2755 2919 αὐτοῦ,
2806 2853 2903 2908 καὶ
2931 2854 2986 2906 ἐν
3032 2853 3108 2924 τῷ
3137 2851 3404 2922 δακτυλίῳ
3430 2851 3542 2904 τῶν
3572 2869 3726 2922 μεγι-

2156 2949 2361 3001 στάνων
2384 2945 2570 3012 αὑτοῦ,
2600 2949 2748 3011 ὅπως
2782 2946 2857 3018 μὴ
2891 2944 3158 3016 ἀλλοιωθῇ
3181 2944 3241 2997 τὸ
3285 2946 3522 3015 πρᾶγμα
3559 2946 3618 2998 ἐν
3653 2942 3727 3014 τῷ

2153 3041 2370 3112 Δανιήλ.

554 3133 642 3187 18.
684 3133 748 3187 Et
779 3133 912 3188 abiit
938 3149 1030 3188 rex
1064 3134 1116 3189 in
1144 3134 1364 3190 domum
1392 3150 1570 3199 suam,
1601 3144 1655 3189 et
1688 3134 1942 3188 dormivit
1967 3134 2046 3187 in«

2225 3104 2315 3188 18:
2353 3133 2461 3186 Kal.
2488 3131 2726 3201 ἀπῆλθεν
2750 3133 2778 3185 6
2810 3130 3059 3202 βασιλεὺς
3087 3131 3166 3192 εἰς
3211 3128 3301 3182 τὸν
3335 3124 3484 3182 οἷκον
3535 3127 3725 3190 αὑτοῦ,

483 3237 751 3293 comatus,
800 3236 853 3280 et
901 3226 1053 3280 cibos
1109 3243 1215 3281 non
1269 3229 1563 3281 attulerunt
1617 3228 1698 3292 ei,
1737 3237 1790 3280 et
1823 3242 2048 3282 somnus

483 3318 711 3373 recessit
743 3318 811 3372 ab
837 3333 902 3372 eo
929 3337 940 3372 :
969 3328 1022 3372 et
1050 3320 1316 3373 conclusit
1358 3319 1498 3374 Deus
1551 3336 1645 3374 ora
1705 3320 1944 3385 leonum,
1995 3327 2049 3372 et

483 3426 592 3467 non
620 3410 917 3467 affecerunt
947 3413 1193 3467 molestia
1222 3413 1521 3467 Danielem.

553 3590 640 3645 19.
678 3591 831 3645 Tunc
855 3605 948 3645 rex
982 3591 1219 3646 surrexit
1243 3606 1401 3646 mane
1429 3589 1694 3656 diluculo,
1725 3599 1779 3644 et
1819 3589 1871 3645 in
1899 3589 2050 3644 festi-

479 3682 702 3736 natione
728 3680 873 3735 venit
897 3683 962 3734 ad
994 3682 1172 3736 lacum
1200 3682 1445 3736 leonum.

550 3771 640 3825 20.
683 3770 889 3826 Etcum
920 3773 1378 3842 appropinquaret
1409 3775 1524 3840 ipse
1551 3771 1714 3838 laeui,
1763 3771 1966 3827 Danieli
1996 3773 2048 3827 in

480 3879 616 3918 voce
646 3862 769 3917 forti
794 3865 1064 3927 clamavit,
1099 3872 1153 3916 et
1214 3864 1497 3931 respondit
1543 3879 1656 3927 rex,
1693 3874 1745 3918 et
1769 3863 1904 3917 dixit
1936 3863 2044 3917 Da-

486 3955 609 4010 nieli
647 3973 660 4008 :
689 3953 876 4008 Daniel
906 3969 1060 4008 serve
1084 3954 1178 4008 Dei
1211 3954 1463 4017 viventis,
1501 3953 1642 4009 Deus
1678 3964 1823 4020 tuus,
1866 3957 1952 4011 cui
1990 3969 2046 4010 tu

485 4046 657 4102 servis
686 4061 919 4116 semper,
952 4061 1080 4102 num
1109 4045 1286 4116 potuit
1337 4046 1574 4100 liberare
1609 4054 1661 4101 te
1715 4047 1783 4102 de
1823 4063 1918 4103 ore
1945 4049 2050 4104 leo-

483 4138 652 4195 num?

551 4231 640 4286 21.
681 4230 748 4285 Et
778 4230 1036 4297 loquutus
1061 4238 1145 4285 est
1172 4227 1361 4283 Daniel
1392 4229 1522 4300 regi,
1555 4239 1609 4284 et
1659 4229 1734 4284 ait
1763 4246 1776 4283 :
1815 4230 1955 4299 Rex,
1993 4231 2047 4288 in

486 4321 682 4380 secula
706 4322 845 4376 vive.

552 4410 642 4464 22.
685 4410 826 4464 Deus
854 4425 1007 4464 meus
1040 4410 1188 4465 misit
1215 4411 1466 4481 angelum
1498 4425 1679 4476 suum,
1703 4421 1756 4466 et
1777 4413 2048 4468 obstruxit

484 4519 580 4557 ora
609 4503 844 4567 leonum,
867 4516 918 4557 et
947 4517 1052 4556 non
1079 4514 1382 4558 nocuerunt
1416 4504 1577 4569 mihi,
1611 4506 1736 4574 quia
1771 4523 1953 4561 coram
1979 4523 2043 4561 eo

485 4596 748 4650 rectitude
783 4597 997 4650 inventa
1027 4605 1111 4650 est
1135 4596 1267 4651 mihi
1315 4613 1329 4648 :
1370 4599 1466 4653 sed
1511 4609 1566 4653 et
1596 4615 1779 4653 coram
1809 4608 1880 4666 te,
1915 4616 2031 4667 rex,

482 4687 738 4742 delictum
771 4703 879 4741 non
923 4686 1046 4742 feci.

550 4865 641 4918 25.
684 4862 839 4919 Tunc
869 4881 963 4918 rex
1001 4866 1350 4920 vehementer
1394 4865 1614 4934 gavisus
1649 4875 1730 4919 est
1772 4882 1932 4935 super
1959 4883 2042 4934 eo,

481 4963 533 5009 et
561 4954 833 5007 Danielem
857 4955 1021 5023 jussit
1044 4953 1201 5008 educi
1225 4956 1292 5010 de
1317 4954 1469 5021 lacu;
1501 4964 1556 5009 et
1587 4956 1819 5011 eductus
1847 4967 1927 5012 est
1944 4955 2048 5011 Da-

485 5045 592 5099 niel
620 5050 688 5100 de
711 5045 852 5110 lacu,
886 5055 940 5100 et
967 5045 1111 5100 nulla
1159 5045 1307 5099 laesio
1354 5046 1567 5101 inventa
1619 5057 1701 5102 est
1728 5048 1780 5101 in
1811 5063 1893 5113 eo,
1920 5049 2044 5118 quia

483 5135 707 5189 credidit
743 5134 852 5190 Deo
877 5152 996 5192 suo.

550 5227 640 5281 21.
685 5226 752 5282 Ει
771 5229 907 5282 dixit
946 5245 1059 5292 rex,
1085 5229 1501 5284 etcadduxerunt
1542 5229 1691 5284 viros
1712 5271 1727 5297 ,
1754 5247 1845 5301 qm
1883 5248 2045 5287 arcu-

483 5329 738 5374 saverant
765 5319 1058 5387 Danielem,
1088 5324 1220 5401 etin
1251 5323 1428 5377 laeum
1476 5323 1695 5378 leonum
1738 5325 1889 5380 missi
1916 5336 2045 5382 sunt

483 5412 608 5480 ipsi,
648 5422 703 5466 et
727 5411 821 5466 lilii
846 5427 1060 5478 eorum,
1089 5422 1145 5468 et
1173 5429 1371 5470 uxores
1420 5431 1609 5471 eorum
1642 5434 1654 5469 :
1704 5425 1758 5471 et
1789 5433 1894 5472 non
1927 5434 2044 5488 per-

482 5512 748 5558 venerunt
779 5503 846 5557 ad
874 5506 1238 5574 pavimentum
1265 5506 1393 5572 laci,
1427 5508 1600 5566 donec
1618 5509 1881 5566 dominati
1920 5522 2048 5567 sunt

482 5613 676 5654 eorum
731 5598 940 5668 leones,
997 5609 1052 5658 et
1083 5602 1266 5659 omnia
1317 5619 1443 5661 ossa
1499 5620 1688 5662 eorum
1715 5607 2046 5664 comminue-

483 5697 628 5744 ῐυιιι.

2152 3227 2246 3278 καὶ
2270 3225 2536 3296 ἐκοιμήθη
2564 3225 2832 3286 ἄδειπνος,
2861 3223 2953 3276 καὶ
2978 3223 3246 3292 ἐδέσματα
3271 3222 3372 3274 οὐκ
3394 3222 3725 3291 εἰσήνεγκαν

2151 3317 2317 3388 αὐτῷ,
2369 3318 2463 3370 καὶ
2486 3317 2514 3368 6
2570 3315 2733 3379 ῦπνος
2759 3313 2969 3384 ἀπέστη
2997 3313 3089 3367 ἀπ’
3117 3312 3277 3366 αὑτοῦ
3298 3329 3311 3343 °
3346 3312 3441 3365 καὶ
3467 3311 3723 3365 ἀπέκλει-

2153 3428 2242 3463 σεν
2274 3411 2302 3462 ὁ
2322 3409 2454 3472 Θεὸς
2481 3408 2551 3461 τά
2571 3408 2815 3477 στόματα
2839 3405 2944 3458 τῶν
2973 3405 3219 3471 λεόντων,
3271 3406 3368 3458 καὶ
3402 3405 3464 3457 οὐ
3515 3420 3722 3474 παρην-

2149 3500 2396 3572 ὠχλησαν
2431 3500 2508 3570 τῷ
2533 3499 2749 3569 Δανιήλ.

2221 3593 2307 3646 19.
2338 3591 2471 3644 Τότε
2493 3591 2521 3642 6
2548 3589 2799 3660 βασιλεὺς
2823 3588 3019 3660 ἀνέστη
3063 3589 3124 3642 τὸ
3167 3589 3310 3660 πρωϊ
3355 3592 3412 3644 ἐν
3448 3593 3529 3663 τῷ
3562 3594 3725 3663 φωτὶ,

2150 3684 2242 3737 καὶ
2269 3684 2326 3736 ἐν
2351 3683 2552 3752 σπουδῇ
2582 3677 2745 3752 ἦλθεν
2768 3681 2861 3732 ἐπὶ
2889 3681 2978 3732 τὸν
3006 3681 3206 3734 λάκκον
3232 3682 3340 3735 τῶν
3379 3684 3638 3738 λεόντων.

2217 3775 2307 3830 20.
2333 3775 2440 3829 Kal
2477 3776 2535 3827 ἐν
2577 3772 2656 3843 τῷ
2687 3771 2926 3841 ἐγγίζειν
2961 3773 3124 3826 αὑτὸν
3157 3773 3234 3842 τῷ
3276 3773 3484 3845 λάκκῳ,
3506 3776 3590 3845 τῷ
3623 3779 3726 3830 Δα-

2149 3867 2268 3938 νιὴλ
2302 3868 2358 3919 ὲν
2398 3868 2546 3936 φωνῇ
2579 3865 2773 3935 ἰσχυρᾷ
2796 3864 3022 3934 ἐϐόησε,
3059 3865 3151 3916 καὶ
3183 3865 3454 3935 ἀπεκρίθη
3495 3868 3523 3918 6
3570 3866 3726 3936 βασι.

2148 3957 2292 4022 λεὺς,
2319 3955 2412 4008 καὶ
2436 3951 2588 4008 εἶπεν
2613 3953 2691 4023 τῷ
2713 3953 2935 4023 Δανιήλ·
2973 3953 3168 4023 Δανιὴλ
3197 3955 3224 4005 6
3248 3953 3429 4016 δοῦλος
3461 3954 3554 4007 τοῦ
3589 3955 3730 4008 Θεοῦ

2148 4049 2242 4105 τοῦ
2275 4048 2493 4112 ζῶντος,
2524 4049 2551 4100 6
2573 4047 2702 4110 Θεός
2740 4063 2831 4099 σου
2862 4038 2909 4112 ᾦ
2928 4047 2991 4099 σὺ
3015 4044 3297 4115 λατρεύεις
3329 4047 3646 4116 ἐνδελεχῶς,
3678 4049 3730 4100 εἰ

2149 4139 2376 4212 ἐδυνήθη
2413 4139 2690 4204 ἐξελέσθαι
2719 4155 2778 4190 σε
2805 4138 2914 4191 άπὸ
2943 4137 3209 4208 πόματος
3239 4138 3347 4189 τῶν
3380 4138 3651 4205 λεόντων;

2219 4233 2307 4287 21.
2359 4232 2468 4286 Kal
2515 4231 2742 4302 ἐλάλησε
2781 4229 2978 4300 Δανιὴλ
3027 4229 3105 4300 τῷ
3140 4230 3370 4301 βασιλεῖ,
3400 4229 3496 4282 καὶ
3525 4225 3686 4282 εἶπεν
3714 4247 3730 4261 ·

2149 4325 2396 4388 Βασιλεῦ,
2434 4327 2516 4388 εἰς
2539 4325 2663 4388 τοὺς
2692 4322 2891 4386 αἰῶνας
2922 4323 3066 4393 ζῆθι.

2218 4418 2308 4472 22.
2349 4417 2408 4470 '0
2441 4416 2573 4479 Θεός
2607 4433 2707 4486 μου
2737 4415 3022 4469 ἀπέστειλε
3051 4414 3141 4467 τὸν
3160 4413 3387 4482 ἄγγελον
3413 4414 3599 4478 αὐτοῦ,
3626 4419 3729 4469 καὶ

2151 4508 2443 4580 ἐνέφραξεν
2462 4508 2534 4561 τά
2559 4509 2802 4578 στόματα
2839 4507 2948 4559 τῶν
2966 4507 3216 4568 λεόντων,
3253 4506 3346 4558 καὶ
3388 4506 3485 4558 οὐκ
3514 4507 3730 4577 ἐλυμῄ-

2151 4599 2309 4653 ναντό
2337 4615 2427 4668 με,
2457 4598 2539 4650 ὅτι
2573 4597 2860 4650 κατέναντι
2901 4593 3069 4647 αὐτοῦ
3108 4593 3338 4664 εὐθύτης
3376 4595 3569 4666 εὑρέθη
3604 4615 3726 4667 μοι,

2152 4693 2245 4744 καί
2267 4689 2496 4744 ἐνώπιον
2521 4689 2577 4742 δὲ
2604 4687 2720 4757 σοῦ,
2753 4686 2994 4759 βασιλεῦ,
3039 4687 3393 4758 παράπτωμα
3430 4689 3527 4741 οὐκ
3569 4690 3728 4743 ἐποί-

2194 4801 2280 4836 σα.

2151 4801 2309 4929 ηῧέῦ.
2341 4873 2475 4927 Τότε
2500 4873 2528 4924 ὁ
2560 4871 2810 4942 βασιλεὺς
2833 4870 2966 4923 πολὺ
2999 4869 3282 4942 ὴγαθῦνθη
3313 4870 3400 4923 ἐπ’
3433 4871 3600 4941 αὐτῷ,
3625 4876 3725 4926 καὶ

2151 4967 2240 5021 τὸν
2289 4965 2486 5037 Δανιὴλ
2515 4960 2670 5018 εἶπεν
2714 4965 3026 5031 ἀνενεγκεῖν
3079 4965 3143 5016 ἐκ
3199 4964 3293 5016 τοῦ
3332 4963 3565 5017 λάκκου·
3622 4967 3723 5019 καὶ

2152 5057 2420 5128 ἀνηνέχθη
2443 5056 2638 5126 Δανιὴλ
2663 5056 2726 5109 ἐκ
2763 5055 2857 5108 τοῦ
2884 5055 3088 5108 λάκκου
3111 5096 3126 5121 ,
3163 5057 3256 5109 καὶ
3281 5057 3430 5110 πᾶσα
3453 5056 3721 5128 διαφθορὰ

2151 5149 2250 5219 οὐχ
2277 5148 2471 5219 εὑρέθη
2498 5150 2556 5201 ἐν
2581 5145 2748 5217 αὐτῷ,
2775 5147 2856 5199 ὃτι
2877 5147 3165 5199 ἐπίστευσε
3197 5145 3274 5216 τῷ
3308 5145 3424 5216 Θεῴ
3453 5147 3641 5200 αὑτοῦ.

2220 5241 2310 5295 24.
2334 5239 2442 5292 Kal.
2469 5233 2620 5292 εἶπεν
2645 5240 2672 5291 ὁ
2709 5238 2979 5307 βασιλεὺς,
3008 5238 3098 5290 καὶ
3135 5239 3338 5308 ἤγαγον
3371 5239 3494 5301 τοὺς
3519 5239 3720 5310 ἄνδρας

2151 5335 2277 5397 τοὺς
2307 5331 2658 5393 διαϐαλόντας
2683 5330 2774 5383 τὸν
2795 5330 3014 5401 Δανιὴλ,
3045 5330 3137 5384 καὶ
3164 5331 3244 5392 εἰς
3268 5329 3360 5382 τὸν
3384 5329 3583 5383 λάκκον
3606 5331 3718 5383 τῶν

2151 5411 2405 5478 λεόντων
2436 5421 2799 5492 ἐνεϐλήθησαν
2850 5421 3024 5487 αὐτοὶ,
3056 5421 3150 5474 καὶ
3173 5423 3220 5474 οἰ
3243 5422 3347 5474 υἱοί
3383 5421 3579 5484 αὐτῶν,
3622 5425 3715 5475 καὶ

2151 5517 2206 5569 αἱ
2231 5517 2486 5584 γυναῖκες
2515 5512 2690 5566 αὐτῶν
2715 5529 2729 5542 ·
2761 5512 2855 5565 καὶ
2882 5514 2982 5567 οὐκ
3021 5513 3261 5583 ἔφθασαν
3311 5515 3388 5577 εἰς
3427 5513 3488 5567 τὸ
3521 5513 3716 5580 ἔδαφος

2151 5607 2245 5662 τοῦ
2271 5606 2496 5669 λάκκου,
2523 5604 2626 5668 ἕως
2663 5596 2724 5657 οὗ
2751 5604 3073 5675 ἐκυρίευσαν
3093 5606 3272 5661 αὐτῶν
3294 5609 3343 5660 0i
3363 5605 3594 5671 λέοντες,
3623 5607 3717 5659 καὶ

2153 5701 2329 5755 πάντα
2353 5697 2424 5753 τὰ
2448 5697 2581 5754 ὀστᾶ
2614 5695 2791 5753 αὐτῶν
2816 5697 3131 5756 ἐλέπτυναν.
3226 5683 3228 5685 θ
3348 5686 3350 5688 ’
