4390 6222
158 210 302 268 9873

1593 223 1821 283 CAPUT
1853 226 1962 286 VII.

3252 240 3356 294 287
3368 239 3395 294 ι

227 325 318 378 25.
360 323 492 378 Τότε
537 326 760 399 Δαρεῖος
813 327 843 380 ὁ
895 328 1146 400 βασιλεὺς
1195 332 1401 406 ἔγραψε
1449 338 1578 392 πᾶσι
1616 343 1729 404 τοῖς
1757 347 1804 403 Α
1900 348 1961 400 25

1661 343 1729 404 ῡῖς
1757 347 1804 403 Α
1900 347 1990 403 25.
2028 347 2180 404 Tunc
2206 350 2402 410 Darius
2461 367 2556 410 rex
2606 352 2825 424 scripsit
2870 355 3124 412 omnibus
3161 362 3395 428 populis,

157 416 330 483 λαοῖς,
390 420 602 489 φυλαῖς,
644 422 939 492 γλώσσαις,
974 428 1085 491 τοῖς
1111 428 1354 484 οἰκοῦσιν
1401 433 1459 485 ἐν
1490 434 1638 507 πάσῃ
1659 437 1727 506 τῇ

157 513 253 582 τῇ·
286 512 488 584 Εἰρήνη
511 513 639 584 ὑμῖν
669 515 1026 588 πληθυνθείη.

232 605 324 659 26.
369 606 461 660 Ἐκ
500 607 793 676 προσώπου
820 610 976 682 ἐτέθη
998 613 1174 684 δόγμα
1202 614 1261 667 ἐν
1295 616 1440 688 πάσῃ
1469 618 1606 690 ἀρχῇ
1630 620 1730 690 τῆς

161 695 439 766 βασιλείας
470 715 595 768 μου,
626 700 719 754 τοῦ
740 699 880 755 εἶναι
901 704 1203 773 τρέμοντας
1249 710 1342 760 καὶ
1365 708 1732 778 φοϐουμένους

159 789 272 842 ἀπὸ
303 789 587 861 προσώπου
616 790 710 844 τοῦ
737 792 872 846 Θεοῦ
911 796 1131 866 Δανιὴλ,
1164 799 1244 850 ὅτι
1277 800 1448 862 αὑτός·
1467 801 1732 865 ἐστιΘεὸς

161 880 293 945 ζῶν,
324 884 416 934 καὶ
439 882 615 950 μένων
639 886 720 947 είς
746 885 873 949 τοὺς
910 887 1132 954 αἰῶνας,
1171 890 1264 942 καὶ
1301 892 1331 960 ἡ
1359 890 1603 959 βασιλεία
1635 893 1732 944 αὑ-

157 973 257 1027 τοῦ
281 975 340 1027 οὐ
361 975 813 1046 διαφθαρήσεται,
863 980 957 1032 καὶ
985 981 1179 1050 κυρεία
1209 983 1373 1034 αὐτοῦ
1397 984 1502 1046 ἕως
1525 983 1728 1046 τέλους.

232 1066 322 1120 27.
372 1067 871 1138 Ἀντιλαμϐάνεται,
925 1071 1018 1123 καὶ
1048 1071 1288 1142 ῥύσεται,
1335 1073 1428 1127 καὶ
1457 1076 1601 1126 ποιεῖ
1635 1091 1731 1145 ση-

164 1160 294 1226 μεῖα
351 1159 442 1212 καὶ
474 1159 673 1230 τέρατα
695 1161 752 1214 ἐν
788 1161 1024 1233 οὐρανῷ,
1060 1164 1154 1217 καὶ
1182 1165 1274 1216 ἐπὶ
1305 1169 1404 1236 τῆς
1431 1167 1553 1234 γῆς,
1585 1167 1733 1232 ὅστις

161 1249 396 1316 ἐξείλετο
422 1250 512 1303 τὸν
551 1252 745 1324 Δανιὴλ
776 1255 839 1307 ἐκ
870 1255 1134 1326 στόματος
1166 1257 1274 1311 τῶν
1307 1257 1554 1313 λεόντων.

231 1342 320 1396 28.
355 1343 464 1396 Καὶ
487 1345 682 1415 Δανιὴλ
728 1341 881 1410 οὗτος
933 1349 1263 1403 κατεύθυνεν
1302 1352 1359 1403 ἐν
1386 1355 1450 1422 τῇ
1487 1351 1733 1424 βασιλείᾳ.

158 1433 406 1505 Δαρείου,
434 1435 528 1488 καὶ
561 1435 618 1489 ἐν
641 1439 706 1507 τῇ
736 1436 982 1509 βασιλείᾳ
1014 1440 1198 1510 Κύρου
1233 1441 1325 1496 τοῦ
1357 1442 1589 1516 Πέρσου.

685 1575 1080 1631 ΚΕΦΑΛΛΙΟΝ
1126 1576 1200 1632 Z'.

1831 437 2103 505 tribubus,
2146 441 2366 511 linguis.
2419 444 2789 502 habitantibus
2833 445 2888 500 in
2933 447 3186 503 universa
3222 459 3395 505 terra:

1831 529 1939 584 Pax
1965 531 2116 586 vobis
2146 533 2554 602 multiplicetur.

1899 619 1989 676 26.
2030 622 2071 674 A
2102 623 2237 679 facie
2269 627 2502 695 positum
2528 636 2610 682 est
2639 627 2916 683 decretum
2967 629 3021 684 in
3064 632 3210 686 omni
3252 633 3400 701 prin-

1833 712 2012 781 cipatu
2039 717 2186 785 regni
2216 718 2341 783 mei,
2375 729 2433 772 ut
2459 721 2566 773 sint
2602 727 2895 775 trementes
2960 732 3009 776 et
3043 733 3341 780 metuentes
3366 744 3395 780 a

1833 800 1970 855 facie
1997 802 2088 858 Dei
2126 804 2378 869 Danielis,
2414 809 2540 877 quia
2569 811 2683 879 ipse
2707 822 2787 866 est
2817 813 2956 866 Deus
2977 813 3184 877 vivens,
3206 825 3257 868 et
3281 833 3397 870 ma-

1834 909 1969 949 nens
2000 897 2051 949 in
2079 900 2275 953 saecula
2312 919 2325 954 :
2357 910 2411 954 et
2449 918 2674 972 regnum
2701 905 2821 974 ejus
2853 922 2959 960 non
2994 906 3323 973 destruetur,
3348 919 3399 965 et

1833 983 2133 1042 dominatio
2162 990 2279 1058 ejus
2313 1007 2484 1060 usque
2515 993 2568 1046 in
2598 997 2780 1049 linem.

1903 1077 1992 1132 27.
2038 1077 2297 1150 Suscipit,
2325 1090 2379 1135 et
2416 1083 2629 1148 liberat,
2682 1095 2735 1140 et
2767 1087 2895 1142 facit
2939 1088 3091 1158 signa
3142 1099 3194 1142 et
3222 1089 3401 1157 prodi-

1834 1165 1919 1235 gia
1959 1166 2011 1220 in
2036 1169 2193 1234 cudo,
2225 1179 2280 1224 et
2304 1170 2359 1224 in
2391 1180 2565 1226 terra:
2603 1175 2696 1244 qui
2740 1175 2987 1230 liberavit
3033 1176 3305 1232 Danielem
3335 1180 3402 1234 de

1834 1272 1930 1312 ore
1963 1259 2205 1315 leonum.

1903 1347 1992 1401 28.
2017 1349 2083 1402 Et
2115 1349 2299 1406 Daniel
2324 1352 2438 1422 ipse
2463 1370 2718 1426 prospere
2743 1357 2936 1428 agebat
2961 1357 3013 1411 in
3042 1373 3207 1429 regno
3232 1357 3400 1426 Darii,

1833 1446 1888 1494 et
1915 1439 1969 1493 in
2000 1457 2165 1511 regno
2199 1442 2326 1514 Cyri
2355 1445 2554 1501 Persae.

2410 1579 2640 1636 CAPUT
2691 1581 2803 1638 VII.

235 1724 286 1779 1.
336 1726 424 1780 Ἐν
449 1728 528 1799 τῷ
567 1728 769 1802 πρώτῳ
805 1731 914 1785 ἔτει
946 1734 1232 1807 Βαλτάσαρ
1278 1735 1540 1807 βασιλέως
1585 1739 1731 1793 Χαλ-
1761 1703 1804 1759 Β
1835 1801 1866 1807 _
1904 1711 1967 1807 1⁸,

1662 1739 1731 1793 ιλ,
1761 1703 1804 1759 Β
1904 1711 1956 1766 ί.
1993 1710 2050 1765 In
2071 1727 2216 1766 anno
2263 1713 2439 1783 primo
2513 1715 2760 1772 Baltasar
2810 1717 2954 1789 regis
3000 1719 3396 1783 Chaldmorum,

156 1817 346 1885 δαίων,
378 1822 576 1892 Δανιὴλ
603 1823 852 1878 ἐνύπνιον
884 1822 1012 1891 εἶδε,
1048 1828 1140 1880 καὶ
1174 1830 1229 1881 αἱ
1264 1830 1482 1899 ὁράσεις
1508 1831 1608 1900 τῆς
1642 1849 1733 1884 κε-

157 1911 336 1982 φαλῆς
363 1912 528 1966 αὐτοῦ
563 1916 654 1968 ἐπὶ
683 1917 783 1986 τῆς
817 1919 1002 1988 κοίτης
1024 1919 1208 1986 αὑτοῦ,
1253 1922 1345 1975 καὶ
1383 1923 1444 1975 τὸ
1482 1922 1730 1976 ἐνύπνιον

156 2000 397 2072 ἔγραψεν
417 2019 430 2031 ’
463 2004 606 2077 ἀρχὴ
635 2005 809 2074 λόγων
839 2008 1025 2076 αὑτοῦ,
1079 2011 1174 2063 καὶ
1212 2012 1528 2082 ἀποκριθεὶς
1553 2009 1728 2067 εἶπεν.

227 2093 282 2146 2.
320 2093 460 2163 Ἐγὼ
496 2097 696 2167 Δανιὴλ
741 2097 1011 2170 ἐθεώρουν
1040 2102 1097 2153 ἐν
1149 2105 1213 2171 τῇ
1263 2102 1451 2173 ὁράσει
1487 2121 1588 2173 μου
1631 2105 1730 2172 τῆς

154 2185 379 2248 νυκτός·
439 2188 533 2240 καὶ
578 2189 684 2240 ἰδοὺ
735 2191 785 2241 οἱ
837 2190 1101 2261 τέσσαρες
1152 2193 1340 2264 ἄνεμοι
1368 2195 1460 2247 τοῦ
1498 2196 1728 2267 οὐρανοῦ

154 2277 528 2346 προσέϐαλλον
550 2281 630 2344 είς
661 2279 761 2351 τὴν
791 2281 1064 2336 θάλασσαν
1087 2285 1185 2356 τὴν
1214 2287 1476 2358 μεγάλην.

228 2365 282 2419 5.
309 2368 418 2420 Καὶ
445 2367 684 2440 τέσσαρα
724 2371 886 2441 θηρία
942 2375 1152 2443 μεγάλα
1195 2377 1477 2432 ἀνέϐαινον
1526 2379 1590 2432 ἐκ
1628 2379 1731 2450 τῆς

154 2456 434 2529 θαλάσσης
457 2458 780 2530 διαφέροντα
815 2461 1085 2533 ἀλλήλων.

225 2549 278 2603 4.
305 2552 377 2603 Τὸ
403 2552 619 2622 πρῶτον
655 2554 786 2607 ώσελ⁵
813 2555 1022 2621 λέαινα,
1060 2557 1152 2610 καὶ
1187 2559 1362 2628 πτερά
1405 2561 1572 2613 αὑτοῦ
1600 2562 1730 2614 ώσεὶ

153 2642 346 2695 ἀετοῦο
387 2643 654 2715 ἐθεώρουν
698 2646 803 2710 ἓως
857 2642 917 2702 οὗ
953 2649 1164 2721 ἐξετίλη
1196 2651 1265 2703 τά
1304 2652 1480 2723 πτερὰ
1531 2655 1726 2708 αὐτοῦ’

152 2734 255 2787 καὶ
283 2733 484 2805 ἐξῄρθη
520 2736 628 2791 ἀπὸ
659 2737 760 2806 τῆς
791 2738 917 2808 γῆς,
953 2741 1047 2793 καὶ
1091 2742 1183 2793 ἐπὶ
1229 2743 1407 2796 ποδῶν
1440 2744 1728 2816 ἀνθρώπου

154 2827 384 2898 ἐστάθη,
413 2829 507 2882 καὶ
535 2829 733 2898 καρδία
764 2832 1049 2904 ἀνθρώπου
1075 2835 1230 2905 ἐδόθη
1260 2837 1418 2908 αὐτῇ.

231 2916 284 2972 5.
315 2918 422 2970 Kal
456 2918 563 2971 ίδοὺ
612 2918 798 2991 θηρίον
832 2921 1020 2992 ἕτερον
1060 2924 1245 2993 ὅμοιον
1288 2925 1472 2998 ἄρκῳ,
1512 2929 1607 2982 καὶ
1650 2931 1731 2993 εἰς

158 3008 326 3080 μέρος
345 3008 403 3060 ἓν
434 3009 656 3081 ἐστάθη,
689 3012 786 3065 καὶ
814 3013 938 3084 τρία
966 3015 1173 3085 πλεῦρα
1199 3019 1256 3070 ἐν
1276 3018 1352 3090 τῷ
1379 3020 1605 3090 στόματι
1631 3022 1730 3074 αὒ-

1835 1801 2022 1858 Daniel
2062 1807 2337 1861 somnium
2385 1806 2544 1873 vidit,
2587 1820 2640 1862 et
2673 1810 2913 1865 visiones
2958 1812 3150 1882 capitis
3195 1813 3313 1882 ejus
3347 1815 3400 1867 in

1832 1897 2083 1952 cubiculo
2107 1900 2250 1968 ejus,
2297 1909 2353 1955 et
2399 1901 2672 1955 somnium
2737 1903 2957 1972 scripsit
3003 1922 3019 1958 :

1832 2002 2147 2043 sermonum
2172 1991 2312 2060 ejus,
2334 1999 2388 2045 et
2423 1993 2757 2061 respondens
2787 1994 2944 2048 dixit.

1901 2079 1954 2132 2.
1997 2078 2108 2148 Ego
2143 2080 2326 2136 Daniel
2357 2082 2601 2137 videbam
2648 2084 2702 2137 in
2729 2084 2937 2138 visione
2967 2099 3088 2140 mea
3117 2087 3314 2154 noctis,
3346 2096 3401 2141 et

1831 2186 1956 2226 ecce
1984 2180 2219 2241 quatuor
2265 2173 2411 2229 venti
2467 2176 2584 2230 coeli
2647 2175 2927 2232 irruebant
2987 2177 3041 2234 in
3099 2194 3246 2233 mare
3285 2194 3402 2234 ma-

1832 2280 2020 2334 guunt.

3075 1905 3399 1975 principium

1903 2359 1954 2411 5.
1997 2357 2062 2411 Ει
2124 2367 2359 2427 quatuor
2408 2360 2594 2416 bestiae
2652 2360 2884 2432 grandes
2937 2361 3302 2418 ascendebant
3333 2367 3402 2421 de

1833 2451 1970 2504 mari
2008 2452 2237 2506 dit-erae
2265 2453 2404 2507 inter
2433 2470 2512 2508 se.

1902 2543 1954 2596 4.
1996 2542 2175 2597 Prima
2206 2546 2366 2613 quasi
2399 2546 2587 2612 leaena,
2620 2555 2675 2600 et
2705 2549 2804 2602 alae
2827 2549 2945 2619 ejus
2979 2549 3122 2606 sicut
3165 2549 3396 2620 aquilae:

1832 2636 2182 2704 aspiciebam,
2206 2637 2381 2693 donec
2400 2639 2599 2693 evulsa:
2623 2651 2751 2694 sunt
2781 2643 2879 2696 ala:
2901 2643 3041 2712 ejus,
3109 2654 3163 2698 et
3190 2643 3402 2698 sublata

1834 2737 1918 2781 est
1947 2730 2014 2782 de
2047 2740 2212 2794 terra,
2251 2741 2304 2786 et
2332 2746 2494 2801 super
2524 2733 2686 2801 pedes
2713 2733 2954 2790 hominis
3009 2733 3176 2799 stetit,
3215 2742 3270 2788 et
3307 2749 3404 2788 cor

1834 2821 2071 2877 hominis
2101 2824 2289 2877 datum
2315 2834 2398 2879 est
2429 2825 2501 2878 ei.

1903 2913 1956 2967 5.
1994 2915 2059 2968 Et
2089 2931 2215 2969 ecce
2270 2916 2444 2971 bestia
2500 2917 2606 2972 alia
2660 2917 2854 2974 similis
2899 2933 3052 2983 urso,
3088 2927 3142 2972 et
3172 2918 3224 2972 in
3249 2925 3403 2988 parte

1835 3023 1941 3061 una
1971 3009 2137 3073 stetit,
2169 3019 2223 3064 et
2278 3011 2380 3064 tria
2416 3011 2586 3065 latera
2635 3012 2687 3066 in
2723 3027 2818 3066 ore
2863 3012 2986 3081 ejus
3042 3013 3181 3066 inter
3210 3012 3403 3066 dentes

153 3100 277 3169 τῆς,
306 3100 576 3168 άνάμεσον
599 3101 707 3154 τῶν
744 3102 970 3157 ὀδόντων
997 3105 1172 3176 αὐτῆς
1191 3124 1205 3139 ·
1237 3109 1329 3160 καὶ
1352 3109 1522 3174 οὕτως
1547 3111 1731 3180 ἔλεγον
1758 3100 1799 3126 υ
1833 3100 1879 3166 ei

1672 3130 1731 3165 ον
1758 3100 1799 3126 υ
1833 3100 1972 3166 ejus,
2004 3111 2058 3155 et
2087 3102 2166 3156 sic
2188 3103 2438 3157 dicebant
2460 3103 2508 3158 ei
2534 3119 2546 3154 :
2576 3103 2770 3174 Surge,
2800 3107 3024 3160 comede
3046 3119 3239 3159 carnes
3260 3103 3403 3157 mul-

155 3191 319 3261 αὺτῇ,
355 3192 662 3262 Ἀνάστηθι,
695 3194 834 3262 φάγε
867 3196 1076 3265 σάρκας
1105 3199 1328 3262 πολλάς.

233 3283 286 3336 6.
330 3284 534 3337 Ὀπίσω
557 3284 747 3338 τούτου
771 3285 1039 3359 ἐθεώρουν
1065 3291 1124 3342 ἐν
1142 3291 1379 3361 ὁράματι
1400 3291 1496 3362 τῆς
1520 3291 1731 3355 νυκτός·

158 3375 258 3428 καὶ
311 3375 420 3428 ἰδοὺ
469 3375 658 3447 ἐτερον
708 3377 896 3449 θηρίον
945 3381 1076 3433 ὡσεὶ
1116 3382 1411 3448 πάρδαλις·
1453 3384 1548 3436 καὶ
1593 3383 1732 3454 αὐτῇ

161 3467 340 3538 πτερά
368 3467 607 3539 τέσσαρα
629 3472 874 3524 πετεινοῦ
903 3472 1159 3544 ὑπεράνω
1200 3475 1389 3543 αὐτῆς,
1420 3476 1512 3528 καὶ
1539 3475 1734 3529 τέσσα-

165 3576 258 3628 ρες
292 3559 526 3627 κεφαλαὶ
551 3561 627 3631 τῷ
653 3561 848 3633 θηρίῳ,
875 3563 968 3616 καὶ
1000 3563 1218 3628 ἐξουσία
1252 3565 1406 3636 ἐδόθη
1439 3567 1607 3637 αὐτῷ.

234 3652 290 3705 7.
344 3652 548 3706 Ὀπίσω
598 3653 790 3707 τούτου
825 3655 1094 3727 ἐθεώρουν
1125 3657 1183 3710 ἐν
1235 3659 1471 3729 ὁράματι
1518 3659 1618 3728 τῆς
1646 3677 1735 3712 νυ⁴

161 3743 321 3806 κτός·
361 3746 453 3796 καὶ
477 3744 583 3798 ἰδοὺ
619 3745 806 3818 θηρίον
837 3747 1101 3817 τέταρτον
1135 3749 1384 3818 φοϐερὸν,
1407 3750 1500 3803 καὶ
1528 3749 1734 3820 ἐκθαμ-

163 3832 278 3897 ϐον,
305 3833 400 3886 καὶ
433 3834 651 3904 ἰσχυρὸν
676 3836 971 3906 περισσῶς,
1004 3837 1098 3890 καὶ
1137 3838 1187 3890 oi
1212 3839 1420 3900 ὀδόντες
1460 3837 1624 3891 αὑτοῦ
1658 3857 1733 3893 σι-

161 3924 341 3995 δηροῖ,
389 3926 483 3978 καὶ
534 3927 778 3996 μεγάλοι,
824 3927 1023 3992 ἐσθίον,
1078 3929 1174 3981 καὶ
1212 3927 1492 3994 λεπτύνον,
1526 3931 1620 3983 καὶ
1666 3930 1737 3984 τὰ

163 4016 421 4068 ἐπίλοιπα
443 4019 556 4079 τοῖς
582 4019 740 4070 ποσὶν
775 4018 939 4072 αὐτοῦ
975 4020 1264 4074 συνεπάτει
1286 4062 1300 4085 ,
1343 4022 1438 4076 καὶ
1481 4021 1610 4074 αὐτὸ
1663 4023 1737 4074 δι-

170 4107 336 4178 έφερε
367 4108 640 4179 περισσῶς
668 4111 816 4181 παρὰ
850 4111 1026 4164 πάντα
1063 4113 1130 4167 τὰ
1163 4114 1324 4186 θηρία
1340 4115 1408 4169 τὰ
1428 4114 1735 4187 ἔμπροσθεν

162 4197 353 4263 αὑτοῦ,
395 4201 486 4252 καὶ
515 4200 719 4270 κέρατα
749 4202 896 4273 αὑτῷ
925 4203 1076 4260 δέκα.

237 4289 288 4341 8.
321 4290 652 4360 Προσενόουν
682 4295 792 4356 τοῖς
816 4294 1041 4364 κέρασιν
1074 4295 1262 4362 αὐτοῦ,
1291 4297 1386 4351 καὶ
1430 4298 1536 4352 ἰδοὺ
1565 4297 1734 4371 κέρας

161 4382 351 4452 ἕτερον
390 4383 585 4453 μικρὸν
636 4385 918 4438 ἀνέϐαινεν
943 4389 1002 4440 ὲν
1042 4388 1192 4458 μέσῳ
1231 4388 1431 4454 αὐτῶν,
1471 4391 1563 4442 καὶ
1607 4389 1734 4461 τρία

163 4477 374 4545 κέρατα
414 4477 522 4528 τῶν
568 4476 875 4548 ἔμπροσθεν
903 4479 1067 4532 αὑτοῦ
1091 4480 1385 4551 ἐξεριζώθη
1413 4482 1523 4534 άπὸ
1561 4499 1734 4553 προσ-

160 4565 318 4618 ώπου
345 4567 510 4620 αὑτοῦ
533 4585 547 4597 ο
580 4568 673 4621 καὶ
703 4569 810 4622 ἰδοὺ
855 4570 1142 4641 ὀφθαλμοὶ,
1185 4571 1316 4624 ώσεὶ
1344 4572 1613 4644 ὀφθαλμοὶ
1643 4575 1736 4628 άν-

164 4656 387 4728 θρώπου
420 4660 476 4711 ἐν
499 4658 577 4730 τῷ
604 4659 798 4731 κέρατι
837 4662 1008 4733 τούτῳ
1027 4701 1042 4724 ,
1075 4663 1169 4716 καὶ
1212 4665 1384 4736 στόμα
1408 4665 1604 4722 λαλοῦν
1636 4686 1735 4739 με-

162 4750 328 4820 γάλα.

236 4842 290 4896 9.
320 4844 614 4916 Ἐθεώρουν
635 4844 740 4910 ἓως
767 4847 854 4900 ὅτε
879 4847 1056 4918 θρόνοι
1081 4848 1362 4921 ἐτέθησαν,
1385 4852 1477 4905 καὶ
1499 4853 1739 4919 Παλαιὸς

165 4934 391 5004 ἡμερῶν
436 4935 689 5004 ἐκάθητο,
752 4937 846 4990 καὶ
898 4937 959 4990 τὸ
988 4937 1185 5008 ἔνδυμα
1223 4939 1407 5004 αὑτοῦ,
1440 4939 1572 4994 ώσεὶ
1605 4941 1738 5011 χιὼν

167 5025 378 5091 λευκὸν,
415 5028 568 5097 καὶὴ
605 5027 727 5098 θρὶξ
773 5029 871 5099 τῆς
903 5031 1146 5100 κεφαλῆς
1177 5030 1363 5095 αὑτοῦ,
1412 5031 1543 5085 ώσεὶ
1593 5033 1739 5105 ἔριον

168 5116 429 5184 καθαρὸν,
459 5118 487 5170 ὁ
520 5117 706 5190 θρόνος
733 5119 899 5173 αὑτοῦ
928 5120 1057 5189 φλὸξ
1079 5122 1269 5196 πυρὸς,
1300 5122 1351 5175 oi
1371 5123 1554 5193 τροχοὶ
1572 5124 1738 5178 αὐτοῦ

167 5211 282 5279 πῦρ
307 5209 522 5278 φλέγον.

250 5300 331 5354 10.
367 5302 616 5372 Ποταμὸς
644 5303 815 5374 πυρὸς
845 5299 1026 5357 εἷλκεν
1068 5305 1500 5377 ἐκπορευόμενος
1534 5307 1741 5380 ἐμπρο-

173 5393 302 5448 σθεν
328 5393 519 5446 αὐτοῦ·
561 5394 730 5463 χίλιαι
770 5395 1006 5464 χιλιάδες
1042 5397 1416 5468 ἐλειτούργουν
1444 5399 1610 5469 αὐτῷ,
1646 5399 1741 5452 καὶ

176 5484 370 5556 μύριαι
403 5486 660 5554 μυριάδες
687 5489 1149 5557 παρειστήκεισαν
1188 5489 1497 5558 ἔμπροσθεν
1538 5489 1738 5543 αὑτοῦ·

176 5575 460 5646 κριτήριον
490 5575 729 5639 ἐκάθισε,
758 5577 852 5629 καὶ
886 5576 1056 5647 βίϐλοι
1075 5576 1516 5649 ἀνεγνώσθησαν.

251 5665 338 5718 Η.
385 5664 682 5737 Ἐθεώρουν
707 5667 827 5722 τότε
851 5666 960 5723 ἀπὸ
983 5667 1165 5740 φωνῆς
1194 5667 1308 5725 τῶν
1350 5667 1552 5740 λόγων,
1577 5661 1653 5727 ὧν
1678 5668 1741 5724 τὸ

1832 3200 1936 3246 13$.

1902 3283 1954 3336 6.
1996 3283 2125 3338 Post
2151 3284 2290 3338 hanc
2315 3285 2642 3354 aspiciebam
2669 3285 2721 3339 in
2753 3285 2964 3341 visione
2994 3287 3191 3351 noctis,
3213 3294 3404 3341 etecce

1833 3374 1936 3429 alia
1970 3376 2138 3429 bestia
2173 3377 2329 3446 quasi
2363 3377 2586 3446 pardus,
2613 3386 2669 3431 et
2697 3379 2825 3432 huic
2854 3380 2953 3432 alae
2990 3387 3225 3447 quatuor
3247 3378 3404 3431 volu-

1833 3467 1942 3520 cris
1978 3483 2140 3534 super
2173 3469 2368 3536 ipsam,
2397 3477 2451 3522 et
2487 3477 2723 3538 quatuor
2761 3470 2936 3539 capita
2967 3470 3173 3535 bestiaa,
3213 3477 3268 3524 et
3305 3485 3406 3540 po-

1833 3565 1999 3611 testas
2025 3557 2151 3611 data
2185 3566 2266 3611 cst
2288 3558 2357 3613 ei.

1902 3645 1956 3698 7.
1996 3643 2126 3699 Post
2167 3648 2306 3702 hanc
2359 3648 2692 3718 aspiciebam
2743 3649 2796 3703 in
2855 3647 3063 3706 visione
3105 3653 3304 3716 noctis,
3352 3657 3408 3705 et

1833 3752 1959 3793 ecce
1981 3739 2149 3793 bestia
2181 3749 2369 3810 quarta
2397 3742 2676 3802 terribilis.
2715 3752 2878 3811 atque
2901 3743 3186 3807 mirabilis,
3209 3754 3264 3798 et
3295 3743 3407 3798 l'or-

1834 3829 1906 3884 tis
1939 3831 2121 3896 nimis,
2144 3841 2197 3886 et
2227 3833 2416 3887 dentes
2447 3833 2568 3902 ejus
2621 3831 2807 3898 ferrei,
2865 3843 2920 3888 et
2971 3835 3171 3903 magni,
3225 3851 3408 3890 come-

1834 3921 1992 3986 dens.
2023 3933 2185 3994 atque
2212 3927 2591 3980 comminuens
2616 3966 2630 3991 ,
2674 3933 2727 3979 et
2773 3926 2981 3995 reliqua
3034 3927 3261 3995 pedibus
3289 3929 3406 3982 suis

1835 4015 2227 4082 conculcabat;
2257 4026 2311 4069 et
2338 4017 2453 4086 ipsa
2486 4015 2772 4069 diﬂ'erebat
2807 4015 2968 4070 nimis
3009 4031 3120 4085 pra»,
3146 4017 3402 4070 omnibus

1836 4103 2048 4170 bestiis,
2080 4121 2201 4174 quae
2231 4116 2357 4162 ante
2413 4122 2532 4161 eam
2565 4105 2850 4177 (fuerant),
2890 4115 2946 4160 et
2973 4121 3179 4162 cornua
3231 4107 3281 4163 ei
3309 4109 3405 4162 de-

1836 4209 1977 4249 cem.

1907 4285 1960 4340 8.
1996 4286 2418 4343 Considerabam
2468 4303 2671 4342 cornua
2715 4287 2834 4358 ejus
2865 4330 2879 4355 ,
2940 4297 2995 4342 et
3043 4305 3170 4345 ecce
3233 4305 3406 4345 cornu

1837 4373 1983 4431 aliud
2017 4392 2240 4444 parvum
2274 4377 2601 4433 ascendebat
2627 4380 2679 4432 in
2709 4379 2888 4433 medio
2907 4395 3096 4433 eorum
3152 4397 3165 4434 :
3216 4390 3270 4434 et
3306 4382 3406 4433 tria

1839 4482 2041 4522 cornua
2071 4484 2280 4535 eorum,
2312 4485 2433 4540 qua:
2470 4478 2625 4523 erant
2649 4481 2775 4526 ante
2814 4471 2989 4540 ipsum
3016 4511 3031 4535 ,
3069 4472 3252 4526 evulsa
3281 4481 3406 4524 sunt

1834 4574 1864 4613 a
1897 4559 2032 4614 facie
2063 4560 2181 4627 ejus
2211 4578 2224 4614 :
2257 4571 2310 4615 et
2341 4576 2469 4616 ecce
2494 4561 2637 4615 oculi
2683 4561 2842 4632 quasi
2887 4563 3030 4618 oculi
3077 4563 3316 4620 hominis
3354 4565 3405 4618 in

1835 4664 2006 4707 cornu
2032 4653 2156 4717 isto,
2191 4661 2246 4709 et
2273 4667 2336 4708 os
2363 4653 2595 4723 loquens
2619 4669 2838 4725 magna.

1904 4830 1960 4887 9.
2000 4830 2364 4900 Aspiciebam,
2412 4831 2586 4888 donec
2618 4831 2800 4888 throni
2830 4831 2994 4902 positi
3031 4839 3182 4896 sunt,
3214 4841 3268 4887 et
3295 4833 3407 4885 An~

1835 4923 2022 4994 tiquus
2073 4923 2284 4978 dierum
2330 4923 2486 4989 sedit,
2540 4933 2594 4980 et
2638 4925 3024 4980 vestimentum
3075 4926 3195 4996 ejus
3249 4927 3406 4996 quasi

1835 5017 1929 5072 nix
1950 5015 2262 5081 candidum,
2305 5024 2359 5070 et
2380 5016 2612 5086 capillus
2667 5016 2862 5086 capitis
2921 5017 3042 5086 ejus
3086 5017 3242 5088 quasi
3281 5018 3408 5074 lana

1836 5107 2039 5161 munda
2066 5125 2079 5161 :
2109 5108 2336 5162 thronus
2369 5105 2489 5177 ejus
2517 5105 2733 5161 ﬂamma
2763 5106 2922 5177 ignis,
2949 5116 3083 5162 rotae
3121 5109 3241 5179 ejus
3267 5110 3409 5180 ignis

1836 5200 2094 5270 ﬂagrans.

1909 5293 1998 5347 10.
2038 5291 2265 5348 Flumen
2288 5291 2429 5361 ignis
2459 5293 2707 5348 trahebat
2729 5293 3088 5364 egrediensin
3110 5304 3406 5364 conspectu

1837 5389 1956 5458 ejus
1983 5405 1996 5441 :
2040 5389 2206 5443 millia
2239 5388 2468 5444 millium
2502 5389 2884 5443 deserviebant
2905 5389 2952 5443 ei
2982 5430 2997 5455 ,
3029 5397 3084 5446 et
3113 5391 3250 5446 dena
3282 5391 3408 5445 mil-

1838 5483 1908 5536 lia
1931 5481 2129 5537 denum
2163 5482 2388 5536 millium
2414 5481 2704 5536 adstabant
2748 5489 2873 5537 ante
2927 5498 3051 5538 eum
3084 5501 3097 5538 :
3136 5483 3402 5554 judicium

1839 5575 2003 5643 sedit,
2028 5583 2083 5630 et
2104 5575 2226 5630 libri
2254 5575 2378 5632 lecti
2409 5583 2554 5630 sunt.

1911 5665 2000 5722 ll.
2041 5665 2383 5737 Aspiciebam
2429 5675 2560 5724 tunc
2589 5680 2620 5722 a
2671 5680 2804 5725 voce
2853 5682 3166 5725 sermonum
3200 5707 3216 5737 ,
3262 5683 3402 5738 quos
