3848 6218
422 317 570 376 2875

1477 303 1732 362 DANlEL
1767 299 1998 360 JUXTA
2030 297 2577 357 THEODOTIONEM

3517 294 3668 352 2376

424 446 598 487 cornu
653 427 783 484 illud
842 423 1195 497 loquebatur,
1249 421 1525 494 aspiciens
1592 436 1766 486 eram,
1814 417 1992 491 quoad

2147 412 2262 486 ίρας
2290 416 2466 469 ἐκεῖνο
2500 412 2702 477 ἐλάλει,
2731 410 2954 484 θεωρῶν
2981 413 3148 484 ἥμην,
3179 409 3286 474 ἕως
3319 408 3561 479 ἀνῃρέθη
3603 409 3671 461 es

424 537 604 594 usque
634 518 918 575 interfecta
943 526 1027 572 est
1054 514 1252 579 bestia,
1277 525 1331 570 et
1363 513 1542 584 periit,
1570 521 1626 568 et
1646 526 1847 582 corpus
1874 511 1995 582 ejus

426 615 612 670 datum
637 623 722 669 est
752 614 805 666 in
837 610 1276 666 combustionem
1309 607 1472 678 ignis.

500 705 586 759 l2.
623 701 690 757 Et
715 709 1034 756 exterarum
1063 697 1365 754 bestiarum
1401 693 1698 750 translatus
1734 702 1818 748 est
1841 693 1994 764 prin-

428 796 661 867 cipatus,
690 801 748 847 et
781 791 1059 862 longitudc
1101 789 1230 844 vitae
1279 788 1403 842 data
1449 795 1533 842 est
1589 786 1670 842 eis
1717 802 1890 856 usque
1928 785 1996 841 ad

431 902 642 956 tempus
701 892 755 941 et
793 881 1275 954 opportunitatem.

500 977 588 1031 15.
630 974 976 1045 Aspiciebam
1013 973 1064 1025 in
1125 971 1336 1026 visione
1383 967 1578 1034 noctis,
1601 975 1656 1023 et
1690 981 1815 1022 ecce
1871 981 1997 1020 cum

432 1067 668 1122 nubibus
709 1066 828 1120 caeli
874 1064 1030 1134 quasi
1058 1063 1230 1119 Filius
1259 1063 1497 1118 hominis
1525 1061 1747 1116 veniens
1782 1069 1921 1126 erat,
1944 1067 2002 1114 et

433 1175 604 1229 usque
661 1157 726 1211 ad
760 1157 1057 1226 Antiquom
1094 1155 1306 1210 dierum
1358 1153 1638 1225 pervenit,
1673 1161 1728 1207 et
1784 1151 1838 1206 in
1868 1167 2002 1207 con-

433 1259 618 1321 spectu
651 1249 771 1318 ejus
797 1249 1014 1302 oblatus
1037 1256 1119 1303 est
1157 1245 1229 1301 ei.

503 1341 591 1396 14.
635 1339 701 1394 Ει
733 1342 833 1410 ipsi
869 1339 1030 1395 datus
1065 1348 1150 1394 est
1198 1337 1575 1409 principatus,
1626 1345 1678 1392 et
1720 1338 1918 1402 honor,
1947 1345 2004 1392 et

433 1445 758 1506 regnum,et
779 1450 972 1490 omnes
1024 1433 1232 1503 populi,
1283 1432 1480 1499 tribus,
1523 1432 1722 1503 linguae
1746 1431 1846 1501 ipsi
1885 1447 2004 1486 ser-

434 1527 626 1579 viunt:
660 1535 714 1580 et
741 1533 980 1595 potestas
1023 1526 1373 1595 sempiterna,
1406 1539 1529 1594 qua:
1567 1538 1676 1580 non
1728 1533 2007 1594 pertrans-

434 1616 556 1682 ibit,
585 1627 638 1670 et
654 1631 880 1686 regnum
904 1614 1024 1683 ejus
1047 1630 1154 1668 non
1177 1614 1510 1670 destruetur.

509 1708 595 1763 15.
637 1706 861 1762 Horruit
894 1706 1120 1776 spiritus
1146 1720 1325 1770 meus,
1355 1722 1459 1777 ego
1504 1704 1690 1762 Daniel
1718 1705 1772 1760 in
1816 1703 2004 1760 habitu

435 1816 581 1866 meo,
616 1810 671 1856 et
696 1801 931 1854 visiones
959 1797 1151 1867 capitis
1181 1798 1286 1852 mei
1311 1797 1709 1852 conturbabant
1731 1813 1835 1852 me.

509 1891 596 1947 16.
644 1893 706 1946 Et
734 1892 942 1948 accessi
967 1892 1034 1946 ad
1069 1905 1236 1945 unum
1269 1891 1641 1946 assistentium
1662 1931 1677 1957 ,
1724 1900 1780 1945 et
1811 1891 2008 1944 verita-

435 1992 547 2039 tem
580 1981 890 2053 querebam
923 1981 992 2036 ab
1040 1995 1107 2037 eo
1135 1981 1346 2036 discere
1375 1980 1444 2036 de
1492 1981 1748 2036 omnibus
1795 1979 1918 2036 bis:
1952 1988 2009 2035 et

437 2073 576 2129 dixit
614 2073 748 2127 mihi
783 2075 1088 2141 veritatem,
1130 2084 1186 2128 et
1249 2071 1748 2142 interpretationem
1795 2087 2008 2128 sermo-

439 2182 570 2221 num
595 2165 897 2220 declaravit
924 2165 1080 2220 mihi.

513 2255 604 2312 17.
644 2252 738 2310 Hae
771 2254 959 2309 bestiae
1001 2269 1214 2324 magna:
1259 2262 1516 2324 quatuor,
1561 2262 1797 2326 quatuor
1843 2265 2009 2325 regna

440 2355 670 2418 surgent
707 2347 764 2401 in
793 2355 961 2413 terra,
987 2363 1109 2419 quae
1128 2347 1466 2404 auferentur.

512 2521 601 2577 18.
640 2520 707 2576 Et
740 2519 1037 2591 suscipient
1066 2536 1291 2592 regnum
1314 2521 1487 2578 sancti
1512 2522 1798 2591 Altissimi,
1829 2534 1883 2582 et
1909 2525 2012 2581 ob-

444 2613 696 2669 tinebunt
733 2611 869 2668 illud
907 2627 1083 2683 usque
1115 2613 1170 2667 in
1203 2613 1466 2669 saculum
1489 2615 1835 2672 saeculorum.

516 2789 604 2846 19.
646 2787 711 2844 Ει
736 2788 1042 2860 quaerebam
1069 2789 1353 2860 diligenter
1371 2792 1438 2847 de
1466 2792 1636 2848 bestia
1649 2802 1863 2862 quarta,
1886 2792 2014 2863 quia

446 2889 567 2937 erat
600 2880 885 2936 dissimilis
911 2880 980 2934 ab
1003 2881 1153 2936 omni
1189 2882 1382 2946 bestia,
1414 2893 1467 2938 et
1515 2885 1772 2940 terribilis
1817 2885 2013 2942 nimis:

451 2973 640 3026 dentes
661 2971 782 3040 ejus
811 2969 994 3036 ferrei,
1025 2983 1080 3026 et
1112 2986 1321 3044 ungues
1361 2973 1482 3042 ejus
1504 2974 1666 3030 aerei:
1705 2976 2016 3039 comedens,

450 3071 507 3116 ct
537 3059 946 3128 comminuens,
979 3067 1034 3115 et
1062 3061 1273 3133 reliqua
1303 3063 1531 3133 pedibus
1569 3063 1686 3119 suis
1730 3064 2019 3118 conculca-

450 3154 566 3209 bat.

520 3245 611 3302 20.
649 3245 716 3301 Et
739 3245 804 3300 de
831 3244 1094 3300 cornibus
1115 3245 1233 3315 ejus
1249 3246 1457 3314 decem,
1479 3264 1602 3318 qua:
1622 3247 1674 3301 in
1688 3250 1863 3318 capite
1877 3249 2018 3318 ejus,

450 3336 636 3392 etalio
666 3336 812 3407 quod
844 3336 1111 3402 ascendit,
1142 3345 1197 3390 et
1217 3341 1460 3396 excussit
1489 3341 1555 3394 de
1581 3341 1856 3410 prioribus
1884 3341 2017 3395 tria:

451 3441 507 3484 et
527 3447 698 3488 cornu
727 3433 880 3499 illud,
907 3433 995 3490 cui
1027 3433 1170 3488 oculi
1195 3441 1324 3488 sunt
1343 3431 1414 3495 ei,
1442 3441 1496 3485 et
1516 3447 1577 3486 os
1605 3431 1834 3502 loquens
1859 3447 2024 3500 gran-

453 3526 566 3593 dia,
593 3537 648 3584 et
676 3539 931 3600 aspectus
966 3544 1156 3585 eorum
1179 3526 1357 3598 major
1379 3525 1610 3582 caeteris.

523 3704 616 3760 2l.
653 3705 1021 3776 Aspiciebam,
1048 3715 1104 3761 et
1148 3721 1319 3761 cornu
1352 3705 1482 3760 illud
1532 3704 1765 3760 faciebat
1822 3703 2024 3760 bellum

454 3809 582 3850 cum
624 3796 852 3862 sanctis,
881 3803 937 3850 et
958 3795 1284 3866 praevalebat
1319 3795 1582 3850 adversus
1615 3811 1726 3850 eos.

524 3883 618 3938 22.
659 3883 848 3950 Quoad
882 3901 1053 3955 usque
1082 3886 1232 3940 venit
1262 3886 1532 3955 Antiquus
1559 3886 1789 3952 dierum,
1811 3897 1864 3942 et
1879 3887 2029 3958 judi-

458 3975 604 4030 cium
643 3975 790 4029 dedit
817 3976 1020 4031 sanctis
1049 3977 1335 4043 Altissimi,
1371 3988 1426 4032 et
1466 3987 1681 4048 tempus
1709 3979 1944 4047 advenit,
1974 3987 2030 4036 et

460 4082 686 4138 regnum
719 4067 1073 4122 obtinuerunt
1109 4070 1302 4124 sancti.

530 4158 622 4213 25.
660 4157 727 4212 Ει
751 4159 889 4214 dixit
918 4160 1036 4215 sic:
1072 4160 1259 4217 Bestia
1305 4172 1496 4233 quarta
1530 4179 1753 4235 regnum
1777 4173 2028 4236 quartum

463 4250 566 4308 erit
596 4251 650 4306 in
681 4261 845 4317 terra,
881 4255 1026 4324 quod
1052 4255 1312 4310 eminebit
1338 4271 1504 4326 super
1544 4259 1728 4313 omnia
1766 4274 1953 4330 regna,
1977 4269 2034 4316 et

463 4341 749 4398 dovorabit
777 4344 1085 4400 universam
1115 4354 1336 4414 terram,
1366 4358 1420 4403 et
1443 4349 1792 4406 conculcabit
1821 4360 2033 4416 eam,et

463 4431 717 4489 concidet
743 4449 886 4490 eam.

537 4608 629 4664 24.
672 4606 738 4662 Et
766 4609 952 4665 decem
984 4625 1188 4666 cornua
1220 4611 1361 4682 ejus,
1395 4613 1582 4670 decem
1614 4630 1770 4685 reges
1805 4631 2035 4673 consur-

466 4711 632 4772 gent:
663 4709 716 4756 et
749 4712 872 4772 post
927 4719 1024 4758 eos
1072 4716 1365 4777 consurget
1391 4707 1552 4774 alius,
1607 4709 1698 4777 qui
1757 4710 2036 4778 superabit

467 4793 631 4851 malis
652 4810 846 4852 omnes
875 4797 1107 4868 priores,
1136 4805 1191 4853 et
1217 4807 1325 4854 tres
1357 4815 1510 4870 reges
1538 4801 1864 4856 liumiliabit.

535 4971 628 5027 25.
669 4970 736 5026 Et
756 4986 1035 5030 sermones
1095 4979 1284 5030 contra
1336 4973 1621 5033 Excelsum
1676 4977 1956 5050 loquetur,
1983 4985 2040 5035 et

466 5073 686 5121 sanctos
737 5065 1002 5122 Altissimi
1047 5067 1382 5137 antiquabit,
1432 5077 1488 5123 et
1527 5070 1784 5140 cogitabit
1831 5081 2039 5128 mutare

466 5165 737 5226 tempora,
772 5167 825 5213 et
848 5158 1041 5229 legem,
1070 5168 1124 5214 et
1153 5159 1370 5215 dabitur
1397 5159 1450 5214 in
1496 5177 1660 5216 manu
1716 5162 1835 5232 ejus
1865 5178 2038 5235 usque

467 5249 539 5303 ad
568 5258 805 5320 tempus,
835 5260 889 5305 et
918 5261 1186 5323 tempora,
1211 5261 1266 5309 et
1297 5251 1583 5310 dimidium
1611 5257 1892 5328 temporis.

537 5425 629 5481 26.
670 5424 738 5481 Et
753 5425 1022 5497 judicium
1052 5427 1213 5494 sedit,
1246 5437 1301 5486 et
1327 5431 1690 5503 principatum
1722 5433 1841 5504 ejus
1856 5441 2036 5491 trans-

469 5516 646 5574 ferent
674 5523 740 5575 ad
798 5521 1275 5580 exterminandum
1306 5533 1362 5582 et
1409 5525 1744 5597 perdendum
1773 5542 1946 5600 usque
1975 5527 2032 5584 in

471 5607 652 5662 linem.

539 5708 631 5765 27.
673 5709 740 5765 Et
796 5724 1044 5784 regnum,
1077 5724 1131 5773 et
1158 5725 1415 5789 potestas,
1469 5690 1522 5775 et
1567 5717 1882 5790 magnitudo
1942 5735 2027 5776 re-

2095 505 2303 577 θηρίον,
2336 507 2430 560 καὶ
2460 503 2728 569 ἀπώλετο,
2754 503 2852 558 καὶ
2870 501 2934 556 τὺ
2963 501 3126 574 σῶμα
3172 500 3338 555 αὑτοῦ
3383 499 3537 570 ἐδόθη
3587 499 3672 563 είς

2093 594 2291 650 καῦσιν
2331 611 2403 649 πυ
2411 595 2520 667 ρός.

2166 686 2256 741 12.
2285 687 2396 741 Καὶ
2423 687 2531 742 τῶν
2582 684 2785 740 λοιπῶν
2839 681 3047 757 θηρίων
3097 681 3402 753 μετεστάθη
3433 681 3468 751 ή
3501 680 3667 753 ἀρχὴ,

2095 774 2191 828 καὶ
2222 775 2500 848 μακρότης
2545 775 2691 848 ζωῆς
2743 775 2901 846 ἐδόθη
2933 775 3116 837 αὐτοῖς
3155 772 3260 836 ἐως
3310 772 3504 844 χρόνου
3574 771 3670 824 καὶ

2097 883 2314 937 καιρου.

2168 960 2257 1014 15.
2302 958 2602 1031 Ἐθεώρουν
2642 958 2699 1012 ἐν
2726 957 2967 1028 δράματι
2999 955 3100 1027 τῆς
3147 955 3360 1021 νυκτὸς,
3415 952 3512 1008 καὶ
3559 951 3673 1006 ῑδοὺ

2101 1047 2242 1120 μετά
2282 1048 2392 1102 τῶν
2428 1047 2666 1118 νεφελῶν
2699 1046 2793 1101 τοῦ
2829 1045 3081 1118 οὐρανοῦ,
3109 1044 3184 1108 ώς
3211 1044 3338 1107 Υίδς
3381 1040 3677 1113 ἀνθρώπου

2100 1140 2394 1211 ἐρχόμενος
2449 1135 2555 1210 ἦν,
2590 1141 2688 1194 καὶ
2739 1138 2846 1202 ἓως
2888 1136 2985 1191 τοῦ
3024 1135 3261 1192 Παλαιοῦ
3303 1134 3414 1188 τῶν
3449 1132 3679 1205 ἡμερῶν

2099 1231 2321 1303 ἔφθασε,
2361 1231 2456 1286 καὶ
2485 1231 2716 1286 ἐνώπιον
2739 1230 2908 1286 αὑτοῦ
2937 1227 3278 1302 προσηνέχθη
3326 1225 3495 1296 αὐτῷ.

2170 1323 2258 1378 14.
2284 1323 2395 1376 Kal
2420 1322 2568 1394 αὑτῷ
2593 1322 2750 1394 ἐδόθη
2781 1323 2816 1394 ή
2839 1321 3004 1393 ἀρχὴ,
3037 1321 3132 1375 καὶ
3158 1321 3191 1390 ἡ
3219 1318 3375 1389 τιμὴ,
3398 1319 3494 1371 καί
3524 1317 3558 1387 ή
3587 1314 3683 1384 βαι

2103 1414 2301 1478 σιλεία,
2352 1415 2448 1469 καὶ
2493 1415 2696 1478 πάντες
2741 1415 2792 1467 ol
2846 1413 2984 1477 λαοὶ,
3021 1411 3221 1481 φυλαὶ,
3255 1409 3496 1478 γλῶσσαι
3529 1405 3682 1476 αὑτῷ

2100 1506 2441 1560 δουλεύουσιν
2456 1523 2470 1538 ·
2497 1508 2592 1561 καὶ
2617 1509 2650 1578 ή
2669 1505 2888 1572 ἐξουσία
2908 1504 3144 1568 αίώνιος,
3165 1503 3200 1574 ἦ
3224 1519 3306 1566 τις
3325 1502 3385 1554 οὐ
3409 1497 3685 1571 παρελεύ-

2104 1609 2278 1660 σεται,
2310 1594 2406 1648 καῖ
2434 1596 2468 1665 ή
2504 1594 2752 1664 βασιλεία
2786 1594 2952 1648 αὑτοῦ
2986 1594 3046 1646 οὑ
3081 1593 3532 1662 διαφθαρήσεται.

2176 1685 2263 1739 15.
2295 1683 2524 1757 Ἐφριξε
2547 1685 2608 1738 τὸ
2631 1686 2852 1757 πνεῦμά
2883 1684 3133 1757 μου,ἐγὼ
3163 1683 3361 1754 Δανιὴλ
3389 1684 3448 1735 ἐν
3474 1684 3541 1751 τῇ
3567 1679 3683 1746 ἕξει

2035 1784 2079 1842 Β
2110 1791 2235 1846 μου,
2266 1777 2362 1830 καὶ
2377 1777 2433 1830 αί
2465 1777 2685 1848 ὁράσεις
2717 1779 2816 1849 τῆς
2844 1777 3093 1847 κεφαλῆς
3122 1793 3226 1847 μου
3257 1773 3557 1846 ἐτάρασσόν
3589 1789 3680 1843 με.

2183 1867 2271 1923 16.
2305 1869 2418 1922 Kal
2453 1870 2760 1942 προσῆλθον
2813 1871 2893 1924 ἐνὶ
2925 1869 3033 1923 τῶν
3087 1868 3415 1938 ἑστηκότων,
3455 1867 3551 1920 καὶ
3581 1866 3688 1935 τὴν

2111 1958 2397 2030 ἀκρίϐειαν
2424 1959 2650 2032 ἐζήτουν
2688 1961 2815 2032 παρ’
2859 1959 3026 2015 αὐτοῦ
3070 1960 3262 2029 μαθεῖν
3301 1958 3430 2028 περὶ
3463 1959 3687 2010 πάντων

2111 2050 2346 2105 τούτων’
2402 2051 2498 2106 καὶ¹
2531 2048 2651 2105 είπέ
2685 2070 2775 2124 μοι
2823 2051 2922 2123 τήν
2949 2053 3272 2123 ἀκρίϐειαν,
3311 2050 3406 2104 καὶ
3427 2049 3527 2121 τήν
3555 2049 3688 2118 σύγ-

2113 2157 2294 2214 κρισιν
2320 2141 2428 2196 τῶν
2461 2142 2636 2211 λόγων
2661 2141 2927 2216 ἐγνώρισέ
2961 2159 3072 2215 μοι.

2186 2233 2274 2290 17.
2313 2233 2499 2288 Ταῦτα
2523 2235 2592 2289 τά
2625 2234 2792 2308 θηρία
2815 2236 2884 2291 τὰ
2930 2236 3142 2308 μεγάλα
3178 2237 3247 2290 τὰ
3273 2235 3536 2305 τέσσαρα,
3565 2233 3691 2286 τέσ-

2116 2341 2282 2396 σαρες
2316 2325 2583 2396 βασιλεῖαι
2609 2327 3005 2400 ἀναστήσονται
3041 2328 3134 2382 ἐπὶ
3155 2328 3256 2399 τῆς
3281 2327 3407 2399 γῆς,
3433 2327 3490 2380 αἶ
3515 2325 3688 2397 ἀρθή-

2116 2433 2320 2474 σονται.

2191 2510 2279 2565 18.
2307 2511 2417 2565 Kal
2443 2511 2857 2584 παραλήψονται
2883 2512 2982 2585 τὴν
3016 2513 3294 2585 βασιλείαν
3345 2512 3490 2582 ἀγιοι
3537 2510 3691 2580 Ὑψί-

2118 2619 2267 2669 στου,
2300 2603 2394 2657 καί
2449 2605 2770 2672 καθέξουσιν
2814 2606 2982 2679 αὐτὴν
3032 2607 3138 2672 ἕως
3189 2606 3408 2672 αἰῶνος,
3445 2604 3543 2660 καὶ
3587 2606 3692 2668 ἕως

2119 2695 2312 2760 αίῶνος
2348 2696 2456 2750 τῶν
2483 2695 2715 2753 αἰώνων.

2193 2786 2279 2842 19.
2316 2789 2426 2842 Καὶ
2455 2789 2679 2859 ἐζήτουν
2701 2789 2946 2862 ἀκριϐῶς
2971 2791 3101 2862 περὶ
3139 2790 3232 2846 τοῦ
3261 2791 3451 2862 θηρίου
3485 2790 3584 2846 τοῦ
3611 2808 3695 2844 τε·

2119 2878 2340 2950 τάρτου,
2379 2881 2461 2933 ὄτι
2493 2875 2562 2952 ἦν
2589 2879 2842 2953 διάφορον
2863 2881 3015 2952 παρά
3042 2884 3148 2936 πᾶν
3175 2881 3384 2954 θηρίον,
3417 2883 3511 2935 καὶ
3534 2881 3697 2950 φοϐε-

2125 2967 2217 3039 ρὸν
2250 2969 2560 3040 περισσῶς·
2591 2970 2640 3023 οἱ
2665 2971 2875 3036 ὀδόντες
2900 2972 3064 3026 αὐτοῦ
3097 2973 3330 3043 σιδηροῖ,
3359 2973 3455 3027 καὶ
3499 2973 3691 3026 016w-

2124 3076 2216 3129 χες
2242 3059 2406 3114 αὑτοῦ
2431 3060 2638 3130 χαλκοῖ,
2662 3061 2861 3128 ἐσθίον,
2893 3061 2986 3116 καὶ
3007 3062 3285 3130 λεπτύνον,
3319 3062 3415 3117 καὶ
3441 3062 3513 3118 τὰ
3530 3063 3696 3116 κατά-

2045 3140 2089 3201 C
2121 3149 2284 3204 λοιπα
2312 3152 2421 3215 τοῖς
2457 3151 2615 3205 ποσὶν
2641 3153 2806 3207 αὐτοῦ
2855 3154 3164 3210 συνεπάτει.

2189 3240 2280 3296 20.
2319 3244 2428 3296 Kal
2459 3244 2589 3316 περὶ
2616 3245 2724 3297 τῶν
2745 3245 2995 3316 κεράτων
3025 3244 3188 3300 αὐτοῦ
3212 3245 3320 3298 τῶν
3345 3245 3480 3299 δέκα
3501 3242 3613 3296 τῶν
3642 3243 3697 3295 ἐν

2119 3334 2186 3404 τῇ
2223 3333 2430 3405 κεφαλῇ
2459 3335 2649 3402 αὑτοῦ,
2684 3336 2891 3390 καὶτοῦ
2915 3337 3103 3409 ἐτέρου
3129 3336 3224 3391 τοῦ
3254 3337 3580 3401 ἀναϐάντος,
3607 3335 3698 3388 καὶ

2121 3425 2503 3493 ἐκτινάξαντος
2523 3427 2631 3480 τῶν
2662 3428 2941 3499 προτέρων
2971 3428 3117 3500 τρία,
3140 3430 3236 3482 καὶ
3265 3428 3328 3482 τὸ
3361 3428 3532 3498 κέρας
3559 3428 3699 3480 ἐκεῖ-

2121 3533 2202 3582 νο,
2226 3510 2271 3586 ᾧ
2299 3517 2568 3588 ὀφθαλμοὶ
2593 3519 2765 3590 αὐτῷ,
2795 3520 2889 3573 καὶ
2910 3520 3084 3591 στόμα
3112 3519 3309 3574 λαλοῦν
3341 3519 3580 3590 μεγάλα,
3609 3518 3701 3571 καὶ

2124 3608 2158 3679 ή
2185 3609 2373 3678 ὅρασις
2394 3609 2574 3664 αὐτῶν
2599 3609 2800 3680 μείζων
2825 3610 2934 3665 τῶν
2956 3610 3177 3664 λοιπῶν.

2193 3699 2286 3754 21.
2332 3699 2659 3773 Ἐθεώρουν,
2699 3702 2794 3755 καὶ
2825 3685 2887 3756 τὸ
2928 3701 3096 3774 κέρας
3123 3704 3298 3756 ἐκεῖνο
3339 3701 3517 3755 ἐποίει
3547 3701 3703 3754 πόλε-

2129 3809 2230 3863 μον
2263 3793 2401 3863 μετά
2424 3793 2535 3847 τῶν
2563 3793 2754 3863 ἁγίων,
2783 3795 2879 3848 xal
2905 3795 3091 3865 ἴσχυσε
3115 3795 3252 3866 πρὸς
3274 3794 3496 3859 αὐτούς.

2197 3884 2289 3940 22.
2322 3884 2468 3950 Ἕως
2501 3879 2562 3939 οὗ
2601 3882 2766 3958 ἦλθεν
2811 3891 2838 3941 ό
2873 3888 3110 3951 Παλαιὸς
3161 3889 3270 3942 τῶν
3313 3887 3536 3958 ἡμερῶν
3557 3927 3573 3949 ,
3608 3887 3706 3941 καὶ

2125 3975 2186 4029 τὸ
2215 3978 2385 4047 κρῖμα
2398 3977 2594 4032 ἔδωκεν
2620 3979 2796 4048 ἁγίοις
2811 3979 3085 4050 Ὑψίστου,
3102 3979 3197 4033 καὶ
3213 3981 3242 4034 ό
3267 3980 3456 4052 καιρὸς
3475 3979 3704 4049 ἔφθασε,

2128 4065 2224 4118 καὶ
2254 4067 2354 4138 τὴν
2381 4067 2659 4137 βασιλείαν
2686 4070 2950 4142 κατέσχον
2973 4073 3022 4124 οί
3044 4072 3208 4140 ἀγιοι.

2201 4155 2430 4209 25.Kal
2477 4152 2633 4212 εἶπεν
2686 4157 2894 4223 οὕτως’
2960 4158 3037 4214 Τὸ
3093 4161 3281 4232 θηρίον
3331 4161 3396 4215 τὸ
3442 4161 3708 4233 τέταρτον

2133 4247 2379 4319 βασιλεία
2436 4249 2670 4322 τετάρτη
2717 4251 2870 4307 ἔσται
2902 4252 2961 4306 ἐν
3021 4255 3114 4324 τῇ,
3144 4257 3214 4325 γῇ
3263 4255 3386 4326 ήτις
3446 4255 3708 4326 ὑπερέξει

2131 4339 2314 4403 πάσας
2348 4341 2445 4404 τάς
2469 4340 2786 4411 [βασιλείας,
2823 4343 2918 4397 καὶ
2955 4347 3329 4414 καταφάγεται
3375 4349 3561 4400 πᾶσαν
3606 4350 3708 4417 τὴν

2060 4477 2107 4536 D
2133 4432 2259 4502 γῆν,
2293 4431 2388 4486 καὶ
2442 4435 2792 4507 συμπατήσει
2869 4435 3061 4506 αὐτὴν,
3107 4439 3199 4490 καὶ
3258 4437 3556 4508 κατακόψει
3611 4439 3709 4492 αὺ-

2134 4525 2255 4596 τήν.

2206 4618 2296 4673 24.
2331 4619 2442 4673 Kal
2495 4619 2563 4674 τὰ
2609 4621 2744 4676 δέκα
2794 4622 3002 4694 κέρατα
3059 4619 3246 4684 αὐτοῦ,
3296 4620 3431 4674 δέκα
3464 4621 3708 4690 βασιλεῖς

2135 4713 2553 4784 ἀναστήσονται,
2596 4715 2692 4770 καὶ
2729 4715 2904 4769 όπίσω
2957 4714 3140 4768 αὐτῶν
3184 4715 3548 4783 ἀναστήσεται
3591 4715 3709 4768 ἕτε-

2141 4823 2253 4876 ρος,
2277 4805 2335 4870 ὃς
2364 4807 2644 4879 ὑπεροίσει
2679 4809 2870 4870 κακοῖς
2921 4806 3130 4869 πάντας
3183 4807 3310 4869 τοὺς
3366 4804 3706 4876 ἔμπροσθεν,

2138 4899 2232 4952 καὶ
2263 4900 2413 4969 τρεῖς
2440 4897 2678 4969 βασιλεῖς
2699 4897 3053 4952 ταπεινώσει.

2205 4990 2297 5045 25.
2328 4992 2438 5046 Kal
2469 4991 2661 5062 λόγους
2719 4991 2856 5062 πρὸς
2875 4990 2968 5044 τὸν
3008 4990 3268 5061 ’Ὕψιστον
3334 4987 3579 5060 λαλήσει,
3612 4989 3709 5044 καὶ

2137 5084 2264 5147 τοὺς
2299 5084 2488 5153 ἁγίους
2534 5084 2792 5154 Ὑψίστου
2823 5083 3147 5150 παλαιώσει,
3173 5083 3266 5136 καὶ
3286 5083 3576 5152 ὑπονοήσει
3609 5081 3706 5135 τοῦ

2138 5175 2433 5230 ἀλλοιῶσαι
2482 5175 2730 5248 καιροὺς,
2783 5177 2880 5229 καὶ
2933 5177 3116 5247 νόμον,
3156 5175 3251 5229 καὶ
3297 5173 3585 5245 δοθήσεται
3648 5176 3707 5226 ἐν

2137 5265 2282 5337 χειρὶ
2321 5267 2486 5320 αὐτοῦ
2516 5267 2620 5330 ἕως
2644 5266 2860 5338 καιροῦ,
2884 5267 2980 5320 καὶ
3009 5264 3236 5337 καιρῶν,
3266 5265 3361 5319 καὶ
3383 5266 3559 5336 ἥμισυ
3581 5283 3709 5319 atat-

2143 5375 2259 5430 ρου.

2208 5449 2302 5505 26.
2341 5447 2450 5504 Kal.
2501 5445 2567 5502 τὸ
2616 5450 2900 5524 κριτήριον
2957 5450 3201 5514 ἐκάθισε,
3251 5448 3346 5501 καὶ
3395 5447 3495 5516 τὴν
3527 5447 3708 5517 ἀρχὴν

2139 5541 2304 5597 αὐτοῦ
2327 5543 2726 5614 μεταστήσουσι
2756 5541 2852 5597 τοῦ
2893 5543 3176 5614 ἀφανίσαι,
3207 5541 3302 5595 καὶ
3319 5539 3413 5593 τοῦ
3440 5539 3606 5592 ἀπολέ
3618 5555 3710 5592 σαι

2102 5678 2112 5695 .
2138 5635 2243 5699 ἕως
2279 5634 2487 5699 τέλους.

2210 5729 2302 5784 27.
2337 5729 2446 5786 Kal
2484 5729 2518 5797 ἡ
2548 5729 2814 5799 βασιλεία,
2847 5730 2940 5785 καὶ
2971 5729 3006 5800 ἡ
3034 5727 3269 5797 ἐξουσία,
3310 5725 3406 5786 καὶ
3433 5725 3469 5796 ἠ
3523 5739 3707 5796 μιγα-
