4390 6222
289 245 433 296 2877

1726 234 1955 309 CAPUT
2002 257 2135 314 vm.

3402 270 3540 325 2878

287 355 502 427 λωσύνη
564 358 676 414 τῶν
730 362 1015 433 βασιλέων,
1053 369 1162 422 τῶν
1224 370 1481 425 ὑποκάτω
1515 374 1714 436 παντὸς
1772 374 1864 427 τοῦ
1898 397 1941 447 Α
1974 396 2021 449 gi

1811 374 1864 427 οὗ
1898 397 1941 447 Α
1974 396 2120 449 gum,
2146 384 2238 451 qui
2272 385 2375 437 sub
2405 386 2554 439 omni
2590 388 2728 442 coelo
2759 389 2931 458 (sunt)
2978 389 3101 444 data
3153 401 3282 446 sunt
3340 397 3545 450 sanctis

286 448 543 518 οὖρανοῦ,
596 452 751 523 ἐδόθη
808 457 986 524 ἁγίοις
1065 460 1356 530 Ὑψίστου·
1422 463 1577 533 καὶὴ
1619 464 1865 533 βασιλεία

283 538 461 592 αὑτοῦ
494 540 741 610 βασιλεία
768 548 1007 613 αἰώνιος,
1046 554 1141 605 καὶ
1180 555 1353 606 πᾶσαι
1407 556 1462 607 αἱ
1508 556 1675 626 ἁρχαὶ
1717 557 1867 626 αὐτῷ

286 626 660 698 δουλεύσουσι,
687 637 781 687 καὶ
807 638 1231 695 ὑπακούσονται,
1268 644 1412 707 Ἕως
1440 638 1540 697 ὦδε
1575 646 1749 716 πέρας
1772 649 1867 700 τοῦ

286 717 473 787 λόγου.

364 808 457 863 28.
506 811 648 879 Ἐγὼ
675 815 871 885 Δανιὴλ
899 820 946 870 οἱ
967 818 1308 891 διαλογισμοί
1333 827 1555 895 μουδὲπὶ
1581 826 1711 879 πολὺ
1746 845 1870 881 συν-

286 898 596 969 ετάράσσόν
630 920 717 974 με,
767 908 862 959 καὶ
907 911 938 978 ὴ
998 912 1179 982 μορφή
1215 929 1316 982 μου
1371 914 1660 985 ἠλλοιώθη,
1691 919 1869 971 καὶτὸ

292 991 445 1061 ῥῆμα
470 994 526 1044 ἐν
559 997 626 1065 τῇ
656 996 854 1068 καρδίᾳ
881 1017 983 1068 μου
1012 1004 1374 1075 συνετήρησα.

821 1136 1222 1195 ΚΕΦΔΔΑΙΟΝ
1266 1142 1347 1195 H'.

369 1266 421 1322 1.
463 1268 552 1323 Ἐν
586 1269 696 1322 ἔτει
730 1271 901 1342 τρίτῳ
924 1271 1025 1343 τῆς
1051 1272 1648 1349 βασιλείαςΒαλτάσαρ,
1682 1282 1869 1349 ὅρασις

287 1355 448 1429 ὣφθη
487 1359 626 1431 πρὸς
661 1362 729 1431 μέ
753 1379 766 1392 °
811 1361 954 1431 Ἐγὼ
978 1364 1176 1435 Δανιὴλ
1202 1365 1338 1435 μετὰ
1366 1367 1464 1436 τὴν
1493 1368 1750 1437 ὀφθείσάν
1781 1387 1869 1439 μοι

289 1447 391 1516 τὴν
424 1451 619 1521 ἀρχήν.

364 1542 418 1593 ‘2.
452 1542 562 1594 Kal
593 1539 730 1596 εἶδον
756 1545 813 1596 ὲν
847 1548 912 1616 τῇ
944 1547 1155 1617 ὁράσει,
1198 1549 1291 1601 καὶ
1325 1550 1541 1617 ἐγένετο
1569 1552 1626 1603 ὲν
1642 1552 1718 1622 τῷ
1742 1553 1869 1606 ἰδεῖν

294 1651 386 1703 με,
421 1636 515 1687 καὶ
555 1637 702 1705 ήμην
728 1639 784 1689 ὲν
807 1638 1029 1702 Σούσοις
1056 1644 1121 1711 τῇ
1156 1641 1338 1711 βάρει,
1376 1644 1411 1713 ἤ
1443 1646 1589 1696 ἐστιν
1624 1647 1680 1697 ὲν
1716 1645 1869 1717 χώρᾳ

1975 474 2238 526 Altissimi
2272 494 2284 527 :
2321 485 2373 529 et
2407 494 2628 547 regnum
2654 479 2803 548 ejus,
2851 497 3074 549 regnum
3126 484 3542 551 sempiternum.

1972 572 2024 615 ct
2041 578 2229 618 omnes
2255 566 2595 634 principatus
2619 570 2722 637 ipsi
2740 572 3002 635 servient,
3025 580 3079 626 et
3097 575 3370 629 obedient.
3402 576 3547 631 liue-

1974 670 2145 725 usque
2176 656 2298 710 linis
2329 661 2616 713 sermonis.

2041 826 2129 881 28.
2176 828 2289 899 Ego
2319 829 2505 886 Daniel
2556 833 2915 902 cogitationes
2963 851 3099 891 meae
3145 838 3376 892 multum
3415 855 3549 893 con-

1974 920 2264 977 turbabant
2290 938 2396 987 me,
2430 932 2483 977 et
2517 922 2690 977 forma
2722 941 2841 980 mea
2870 938 3075 982 mutata
3104 941 3205 995 est,
3234 938 3286 984 et
3317 931 3545 985 verbum

1974 1008 2027 1063 in
2055 1013 2218 1066 corde
2254 1028 2374 1067 meo
2402 1021 2741 1069 conservavi.

2548 1150 2777 1207 CAPUT
2818 1153 2956 1208 Vlll.

2044 1278 2093 1331 l.
2137 1278 2195 1332 ln
2234 1295 2378 1333 anno
2402 1283 2565 1335 tertio
2597 1284 2745 1352 regni
2790 1283 3068 1351 Baltasar,
3111 1286 3250 1343 visio
3292 1290 3546 1358 apparuit

1973 1369 2105 1423 mihi
2147 1388 2161 1423 :
2197 1386 2297 1439 ego
2329 1371 2515 1428 Daniel
2552 1385 2672 1443 post
2692 1391 2833 1442 eam,
2867 1393 2989 1446 qua:
3032 1391 3360 1447 apparuerat
3408 1382 3543 1436 mihi

1972 1462 2026 1514 in
2063 1465 2351 1533 principio.

2040 1553 2095 1608 2.
2137 1555 2203 1608 Et
2236 1556 2342 1610 vidi
2373 1558 2424 1610 in
2450 1559 2682 1623 visione,
2705 1570 2757 1615 et
2785 1560 2985 1615 factum
3019 1572 3104 1617 est
3130 1578 3255 1617 cum
3280 1564 3541 1633 viderem,

1970 1652 2025 1696 et
2054 1659 2202 1698 eram
2240 1646 2293 1698 in
2324 1646 2481 1703 Susis
2500 1659 2701 1715 castro,
2721 1653 2864 1720 quod
2893 1662 2977 1707 est
3004 1653 3056 1706 in
3082 1654 3303 1724 regione
3326 1656 3503 1709 Ailam
3526 1675 3540 1711 :

290 1728 504 1797 Αὶλάμ·
540 1731 635 1782 καὶ
668 1724 809 1783 εἶδον
841 1732 898 1783 ὲν
933 1732 1191 1803 ὁράματι,
1233 1735 1325 1787 καὶ
1355 1735 1502 1805 ἤμην
1524 1737 1618 1787 ἐπὶ
1642 1735 1735 1788 τοῦ
1766 1738 1869 1789 Οὑ-
1900 1740 1941 1794 B
1969 1747 2023 1791 et

1531 1737 1618 1787 lini.
1642 1735 1735 1788 τοῦ
1766 1738 1869 1789 Οὺ-
1900 1740 1941 1794 B
1969 1747 2023 1791 et
2051 1738 2158 1793 vidi
2219 1740 2274 1793 in
2298 1742 2526 1808 visione,
2560 1753 2613 1798 et
2641 1761 2789 1799 eram
2826 1761 2989 1816 super
3015 1744 3265 1802 Ubalula.

290 1818 553 1873 ϐαλοῦλα.

362 1910 416 1964 5.
442 1912 551 1964 Kal
582 1906 691 1984 ᾔρα
738 1914 865 1975 τοὺς
936 1912 1250 1986 ὀφθαλμούς
1292 1934 1413 1987 μου,
1449 1918 1542 1971 καὶ
1583 1914 1748 1973 εἶδον·
1775 1920 1868 1972 καὶ

292 2001 405 2053 ἰδοὺ
473 2004 626 2072 κριὸς
681 1998 763 2068 εἷς
787 2004 1039 2075 ἑστηκὼς
1074 2007 1181 2077 πρὸ
1218 2007 1311 2061 τοῦ
1379 2009 1714 2076 υύὅαλοῦλα,
1773 2013 1868 2063 καὶ

291 2093 442 2163 αὐτῴ
469 2095 693 2165 κέρατα,
724 2099 819 2149 καὶ
846 2098 915 2150 τὰ
944 2098 1151 2168 κέρατα
1179 2099 1357 2170 ὑψηλά
1378 2119 1390 2129 ·
1418 2103 1511 2155 καὶ
1538 2102 1597 2154 τὸ
1636 2102 1693 2155 ἒν
1727 2103 1866 2173 ὑψη-

292 2185 510 2256 λότερον
564 2187 659 2240 τοῦ
719 2189 931 2259 ἑτέρου,
992 2191 1085 2243 καὶ
1138 2191 1199 2243 τὸ
1230 2192 1433 2262 ὑψηλὸν
1463 2192 1744 2245 ἀνέϐαινεν
1778 2194 1865 2245 ἐπ’

292 2274 525 2344 ἐσχάτῳ.

362 2367 416 2420 4.
446 2367 555 2420 Kal
570 2362 811 2421 εἷδοντὸν
827 2369 978 2440 κριὸν
1004 2369 1363 2441 κερατίζοντα
1394 2373 1536 2425 κατὰ
1568 2372 1863 2437 θάλασσαν,

290 2460 387 2511 καὶ
418 2457 642 2530 βορρᾶν,
675 2464 771 2515 καὶ
797 2462 969 2528 νότον,
1004 2465 1098 2516 καὶ
1128 2465 1305 2517 πάντα
1337 2465 1407 2517 τὰ
1433 2465 1595 2536 θηρία
1642 2467 1701 2519 οὐ
1736 2469 1867 2537 στή-

293 2567 477 2603 σονται
512 2552 742 2606 ἐνώπιον
772 2554 959 2618 αὑτοῦ,
992 2556 1088 2608 καὶ
1114 2556 1214 2608 οὐκ
1234 2552 1300 2626 ἦν
1336 2558 1363 2608 ὁ
1393 2556 1775 2627 ἐξαιρούμενος
1804 2560 1867 2611 ἐκ

290 2643 477 2712 χειρὸς
505 2644 672 2696 αὐτοῦ
733 2646 825 2697 καὶ
872 2644 1094 2715 ἐποίησε
1151 2649 1292 2700 κατὰ
1342 2646 1401 2699 τὸ
1432 2646 1643 2718 θέλημα
1675 2648 1863 2711 αὑτοῦ,

291 2736 389 2787 καὶ
410 2735 776 2805 ἐμεγαλύνθη.

365 2825 421 2879 5.
455 2829 566 2881 Kal
626 2827 738 2897 ἐγὼ
769 2829 917 2900 ἢμην
958 2831 1175 2895 συνιῶν,
1208 2832 1302 2883 καὶ
1334 2831 1441 2884 ἰδοὺ
1469 2832 1669 2902 τράγος
1694 2833 1865 2900 αἰγῶν

290 2918 493 2988 ἤρχετο
527 2919 633 2972 ἀπὺ
666 2920 827 2984 Λιδὸς
850 2922 944 2975 ἐπὶ
966 2923 1256 2991 πρόσωπον
1283 2925 1379 2992 τῆς
1404 2924 1507 2993 γῆς
1530 2925 1711 2993 πάσης
1733 2940 1746 2953 °
1770 2926 1867 2977 καὶ

294 3008 399 3059 οὐκ
420 3003 487 3078 ἦν
540 3010 847 3081 ἁπτόμενος
898 3014 999 3083 τῆς
1037 3013 1161 3083 γῆς·
1208 3014 1397 3084 καὶτῷ
1444 3016 1633 3086 τράγῳ
1675 3017 1867 3087 ἐκείνῳ

284 3101 462 3171 κέρας
488 3102 760 3172 θεωρητὺν
785 3104 1058 3174 ἀνάμεσον
1096 3105 1202 3160 τῶν
1249 3106 1541 3177 ὀφθαλμῶν
1570 3108 1756 3161 αὑτοῦ.

362 3196 415 3248 6.
451 3197 560 3248 Kal
585 3192 745 3267 ἦλθεν
781 3198 810 3249 ό
836 3198 1035 3267 τράγος
1070 3198 1174 3262 ἕως
1204 3198 1298 3251 τοῦ
1345 3198 1502 3269 κριοῦ
1527 3200 1621 3252 τοῦ
1674 3201 1743 3254 τά
1778 3202 1867 3255 κέ-

287 3304 432 3357 ράτα
466 3288 701 3359 ἔχοντος,
760 3290 818 3342 ὃν
868 3287 1007 3344 εἶδον
1041 3291 1251 3343 ἑστῶτα
1300 3292 1530 3345 ἐνώπιον
1557 3292 1650 3344 τοῦ
1683 3294 1862 3347 0:36a-

285 3380 478 3445 λοῦλα,
509 3382 604 3434 καὶ
631 3381 835 3453 ἔδραμε
862 3382 1001 3453 πρὸς
1027 3383 1210 3449 αὑτὸν,
1244 3386 1302 3436 ἐν
1343 3385 1486 3453 ὁρμῇ
1544 3384 1642 3453 τῆς
1685 3386 1866 3455 ἰσχύος

283 3468 476 3523 αὐτοῦ.

368 3560 416 3613 7.
456 3561 565 3612 Kal
610 3556 748 3613 εἶδον
797 3561 956 3613 αὐτὸν
985 3561 1266 3631 φθάσαντα
1299 3564 1405 3628 ἕως
1436 3568 1529 3619 τοῦ
1563 3570 1739 3642 κριοῦ,
1774 3572 1865 3624 καὶ

284 3650 605 3721 ἐξηγριώθη
650 3652 786 3722 πρὸς
818 3652 999 3715 αὐτὸν,
1041 3655 1136 3706 καὶ
1179 3653 1370 3708 ἔπαισε
1404 3657 1495 3709 τὸν
1544 3660 1714 3729 κριὸν,
1773 3663 1866 3713 καὶ

290 3744 612 3815 συνέτριψεν
651 3745 937 3816 ἀμφότερα
975 3747 1044 3799 τὰ
1109 3748 1317 3818 κέρατα
1371 3750 1557 3814 αὑτοῦ,
1624 3755 1717 3806 καὶ
1765 3755 1866 3805 οὐκ

285 3830 360 3906 ἦν
394 3837 545 3907 ἰσχὺς
572 3837 650 3906 τῷ
680 3838 819 3908 κριῷ
867 3838 961 3891 τοῦ
997 3840 1187 3911 στῆναι
1245 3841 1476 3895 ἐνώπιον
1524 3844 1687 3897 αὐτοῦ
1714 3862 1728 3875 ’
1770 3847 1865 3898 καὶ

289 3926 515 4001 ἔρριψεν
540 3928 701 3982 αὐτὸν
740 3932 832 3983 ἐπὶ
859 3931 956 4001 τὴν
994 3932 1120 4002 γῆν,
1156 3934 1251 3987 καὶ
1279 3936 1653 4006 συνεπάτησεν
1680 3938 1861 4003 αὐτὸν,

287 4020 387 4070 καὶ
413 4016 511 4071 οὐκ
528 4015 596 4091 ἦν
624 4022 652 4073 ὁ
703 4020 1091 4094 ἐξαιρούμενος
1146 4025 1235 4079 τὸν
1266 4026 1419 4098 κριὸν
1463 4030 1527 4080 ὲκ
1554 4028 1653 4099 τῆς
1679 4030 1863 4101 χειρὸς

285 4109 478 4163 αὑτοῦ.

363 4202 416 4256 8.
449 4204 559 4256 Kal
585 4204 614 4256 ὁ
646 4206 847 4275 τράγος
881 4206 990 4261 τῶν
1024 4208 1194 4278 αἰγῶν
1242 4211 1584 4283 ἐμεγαλύνθη
1614 4215 1819 4283 σφόδρα
1842 4234 1856 4246 ο

286 4296 383 4347 καὶ
425 4296 481 4347 ὲν
509 4296 588 4366 τῷ
613 4296 827 4366 ἰσχύσαι
850 4299 1033 4365 αὐτὸν,
1062 4302 1354 4373 συνετρίῶι
1397 4304 1457 4355 τὸ
1496 4305 1662 4377 κέρας
1694 4307 1860 4359 αὑτοῦ

282 4388 350 4439 τὸ
373 4387 535 4457 μέγα,
582 4391 677 4442 καὶ
708 4391 878 4462 ἀνέϐη
908 4392 1147 4463 τέσσαρα
1193 4395 1400 4463 κέρατα
1429 4396 1592 4467 ἕτερα
1621 4398 1859 4451 ὑποκάτ-
1890 4424 1933 4479 D

281 4480 432 4533 ωθεν
484 4480 649 4534 αὑτοῦ
704 4483 785 4548 εἰς
838 4484 963 4547 τοὺς
1019 4484 1291 4557 τέσσαρας
1333 4489 1567 4558 ἀνέμους
1618 4489 1712 4542 τοῦ
1766 4491 1856 4542 οὺ-

287 4568 476 4641 pavor").

361 4670 414 4716 9.
446 4665 555 4718 Kal
581 4667 646 4719 ὲκ
673 4667 767 4720 τοῦ
807 4669 926 4731 ἑνὸς
969 4669 1147 4722 αὐτῶν
1180 4671 1368 4741 ἐξῆλθε
1410 4674 1576 4744 κέρας
1603 4675 1661 4727 ἒν
1712 4678 1859 4745 ἰσχυ-

287 4755 405 4825 ρὸν,
435 4757 526 4807 καὶ
556 4758 896 4829 ὲμεγαλύνθη
929 4760 1205 4830 περισσῶς
1230 4764 1361 4832 πρὸς
1415 4766 1505 4817 τὸν
1551 4766 1720 4831 νότον,
1763 4768 1857 4819 καὶ

286 4847 428 4915 πρὸς
448 4848 729 4920 ἀνατολὴν,
766 4851 859 4903 καὶ
893 4852 1027 4918 πρὸς
1045 4852 1142 4923 τὴν
1177 4853 1423 4924 δύναμιν.

366 4940 451 4992 l0.
489 4940 601 4992 Kal
629 4942 971 5014 ὲμεγαλύνθη
994 4944 1101 5005 ἕως
1132 4946 1231 5015 τῆς
1258 4946 1538 5016 δυνάμεως
1569 4951 1663 5003 τοῦ
1697 4954 1855 5025 οὐρα-

284 5031 380 5084 νοῦ
398 5048 411 5062 ’
440 5035 533 5086 καὶ
552 5033 747 5089 ἔπεσεν
780 5038 873 5089 ἐπὶ
903 5038 1002 5108 τὴν
1028 5039 1130 5111 γῆν
1158 5040 1265 5093 ἀπὸ
1291 5042 1387 5111 τῆς
1430 5044 1731 5116 δυνάμεως,
1762 5051 1858 5103 καὶ

285 5124 399 5177 ἀπὸ
419 5125 527 5178 τῶν
561 5126 826 5198 ἀστέρων,
859 5131 953 5183 καὶ
980 5132 1354 5202 συνεπάτησεν
1389 5136 1606 5200 αὐτούς.

366 5216 451 5270 ll.
483 5218 595 5271 Kal
626 5219 731 5283 ἕως
762 5219 1021 5291 ἄρχοντος
1040 5223 1138 5293 τῆς
1161 5224 1442 5294 δυνάμεως
1470 5227 1730 5302 ηδρὺνθη,
1760 5233 1856 5285 καὶ

282 5310 394 5373 ἓως
421 5304 481 5363 οὗ
505 5312 534 5363 ὁ
563 5312 1001 5385 ἀρχιστράτηγος
1033 5315 1263 5386 ῥύσηται
1315 5318 1413 5390 τὴν
1454 5322 1852 5391 αἰχμαλωσίαν,

286 5404 386 5456 καὶ
433 5401 500 5455 δι’
559 5403 721 5457 αὑτὸν
778 5404 936 5458 θυσία
968 5402 1240 5479 ἐταράχθη
1290 5410 1693 5482 παραπτώματι
1720 5432 1733 5446 θ
1763 5417 1857 5469 καὶ

286 5494 543 5565 ἐγενήθη,
580 5496 674 5549 καὶ
705 5498 1063 5570 κατευωδώθη
1104 5500 1253 5571 αὐτῷ
1276 5518 1288 5531 ο
1336 5505 1430 5557 καὶ
1449 5504 1510 5558 τὸ
1533 5506 1687 5573 άγιον
1725 5508 1856 5578 ἐρη-

291 5586 623 5658 μωθήσεται.
1541 5646 1547 5652 .

366 5678 453 5732 12.
484 5679 591 5731 Kal
620 5679 772 5751 ἐδόθη
803 5681 893 5733 ἐπὶ
925 5682 1022 5753 τὴν
1048 5682 1237 5739 θυσίαν
1276 5688 1537 5760 ἁμαρτία,
1571 5690 1662 5745 καὶ
1698 5693 1850 5763 ἐρῥίο

570 5794 839 5857 l’AruOL.
882 5795 997 5857 Gn.
1036 5801 1197 5862 ΧΗ.

2039 1916 2091 1969 5.
2133 1914 2198 1969 Et
2229 1917 2399 1972 levavi
2430 1920 2622 1973 oculos
2651 1936 2824 1987 meos,
2861 1931 2914 1976 et
2941 1922 3049 1977 vidi
3079 1940 3090 1974 :
3138 1933 3190 1978 et
3239 1939 3369 1979 ecce
3400 1926 3543 1979 aries

1972 2019 2115 2059 unus
2146 2015 2299 2061 stans
2327 2016 2450 2063 ante
2485 2006 2738 2075 Uhalula,
2785 2021 2839 2064 et
2890 2012 2941 2065 ei
2981 2028 3209 2079 cornua,
3246 2022 3301 2068 et
3332 2029 3542 2070 cornua

1969 2097 2218 2164 excelsa;
2279 2108 2333 2153 et
2391 2115 2560 2153 unum
2610 2103 2880 2157 excelsius
2922 2103 3113 2169 altero,
3152 2115 3207 2159 et
3265 2107 3541 2162 excelsum

1969 2190 2297 2243 ascendebat
2331 2191 2383 2244 in
2411 2192 2730 2248 novissimo.

2038 2369 2092 2421 4.
2134 2366 2199 2421 Et
2226 2367 2337 2422 vidi
2366 2370 2591 2423 arietem
2643 2371 2903 2426 cornibus
2954 2372 3307 2427 ventilantem
3352 2382 3541 2429 contra

1970 2476 2139 2524 mare,
2173 2474 2226 2517 et
2249 2464 2557 2533 aquilonem
2610 2479 2663 2519 et
2718 2477 2989 2533 austrum,
3036 2478 3090 2523 et
3123 2485 3318 2526 omnes
3354 2472 3542 2525 bestire

1969 2569 2077 2607 non
2114 2555 2540 2611 stahautcoram
2578 2572 2645 2611 eo
2673 2578 2683 2611 :
2714 2570 2767 2613 et
2798 2575 2903 2613 non
2936 2570 3055 2615 erat
3102 2564 3193 2632 qui
3230 2575 3449 2619 erueret
3476 2566 3542 2619 de

1967 2661 2133 2699 manu
2170 2648 2310 2716 ejus,
2344 2648 2579 2720 fecitque
2601 2653 2899 2706 secundum
2930 2654 3256 2709 voluntatem
3293 2667 3544 2723 suam,et

1969 2740 2348 2808 magnificatus
2379 2750 2483 2795 est.

2037 2827 2089 2879 5.
2135 2828 2200 2883 Et
2236 2845 2336 2900 ego
2374 2846 2522 2885 eram
2554 2833 2861 2904 intelligens
2903 2852 2918 2888 :
2972 2845 3026 2891 et
3058 2853 3185 2893 ecce
3233 2839 3421 2895 hircus
3449 2857 3542 2896 ca-

1965 2936 2189 2989 prarum
2217 2924 2468 2978 veniebat
2501 2925 2570 2979 ab
2596 2926 2783 2981 Africo
2806 2943 2969 2998 super
3000 2930 3192 2985 faciem
3237 2943 3392 2988 terra:
3415 2937 3540 2989 uni-

1967 3026 2156 3077 versae,
2191 3024 2377 3067 etnon
2411 3026 2529 3069 erat
2584 3030 2813 3088 tangens
2866 3029 3067 3075 terram
3108 3042 3121 3077 :
3185 3033 3238 3078 et
3276 3025 3428 3079 hirco
3460 3027 3539 3081 illi

1894 3082 1939 3142 C
1970 3117 2137 3156 cornu
2167 3107 2519 3174 conspicuum
2552 3108 2692 3165 inter
2720 3112 2911 3167 oculos
2941 3112 3060 3181 ejus

2038 3196 2091 3249 6.
2128 3196 2194 3252 Et
2226 3201 2372 3254 venit
2404 3202 2591 3257 hircus
2619 3220 2791 3274 usque
2817 3207 2879 3259 ad
2908 3209 3155 3273 arietem,
3185 3211 3278 3279 qui
3310 3210 3540 3266 habebat

1967 3302 2192 3355 cornua,
2228 3307 2389 3360 quem
2426 3294 2665 3349 videram
2724 3307 2957 3352 stantem
3014 3311 3139 3354 ante
3204 3300 3540 3368 Ubalula,et

1966 3382 2208 3435 cucurrit
2236 3385 2304 3438 ad
2330 3400 2453 3439 eum
2484 3388 2536 3439 in
2564 3388 2768 3457 impetu
2802 3389 3137 3448 fortitudinis
3162 3410 3293 3449 suae.

2037 3561 2089 3615 7.
2133 3561 2198 3614 Et
2228 3564 2329 3617 vidi
2363 3580 2486 3619 enm
2522 3568 2825 3623 venientem
2880 3588 3052 3641 usque
3098 3576 3163 3629 ad
3208 3580 3453 3649 arietem,
3484 3594 3539 3639 et

1966 3654 2221 3711 efferatus
2252 3667 2334 3712 est
2401 3660 2454 3713 in
2490 3678 2635 3727 eum,
2661 3673 2712 3717 et
2741 3669 3008 3733 percussit
3038 3669 3283 3737 arietem,
3319 3685 3371 3729 et
3399 3692 3535 3730 cont-

1968 3746 2116 3799 trivit
2147 3749 2256 3802 duo
2283 3765 2486 3804 cornua
2517 3753 2657 3822 ejus,
2686 3763 2739 3807 et
2779 3771 2886 3808 non
2923 3769 3041 3813 erat
3087 3761 3351 3818 fortitudo
3378 3767 3537 3822 arieti

1967 3839 2143 3892 standi
2204 3856 2389 3896 coram
2442 3860 2547 3899 eo:
2609 3856 2663 3901 et
2704 3850 2938 3920 projeeit
2972 3868 3096 3906 eum
3130 3855 3186 3908 in
3240 3848 3538 3921 terram,et

1966 3932 2306 3988 coneuleavit
2340 3950 2487 4002 eum,
2515 3948 2569 3993 et
2599 3957 2707 3995 non
2736 3953 2857 3998 erat
2898 3947 2993 4014 qui
3028 3947 3285 4004 liberaret
3311 3952 3536 4010 arietem

1964 4021 2030 4075 de
2060 4038 2224 4078 manu
2254 4026 2395 4095 ejus.

2033 4203 2085 4257 8.
2131 4204 2195 4257 Et
2226 4205 2414 4261 hircus
2444 4223 2733 4278 caprarum
2783 4215 3164 4284 magnificatus
3214 4229 3298 4273 est
3333 4222 3528 4279 valde;

1962 4305 2035 4355 et,
2072 4299 2200 4349 dum
2220 4296 2594 4364 invalesceret,
2613 4304 2910 4359 contritum
2937 4316 3021 4362 est
3051 4323 3221 4363 cornu
3247 4312 3393 4369 illius
3418 4330 3535 4370 ma-

1964 4402 2149 4455 gnum,
2189 4398 2243 4443 et
2271 4392 2638 4447 ascenderunt
2678 4404 2913 4463 quatuor
2948 4414 3157 4457 cornua
3210 4404 3315 4459 alia
3347 4408 3535 4464 subter

1962 4480 2094 4534 illud
2127 4496 2223 4550 per
2255 4495 2494 4552 quatuor
2521 4496 2708 4544 ventos
2737 4492 2883 4546 coeli.

2030 4652 2082 4706 9.
2122 4652 2189 4708 Et
2211 4656 2274 4712 de
2306 4674 2414 4712 uno
2460 4676 2528 4715 ex
2576 4664 2655 4719 eis
2698 4680 2979 4737 egressum
3037 4682 3120 4727 est
3162 4689 3333 4731 cornu
3362 4695 3531 4735 unum

1959 4740 2117 4809 forte,
2149 4755 2203 4801 et
2235 4752 2638 4820 magniﬁcatum
2674 4769 2759 4812 est
2787 4760 2950 4815 nimis
2989 4774 3183 4818 contra
3244 4776 3529 4835 austrum,

1958 4847 2009 4891 et
2036 4848 2222 4894 contra
2254 4843 2515 4899 orientem
2543 4887 2559 4912 ,
2583 4856 2635 4902 et
2667 4860 2855 4906 contra
2884 4851 3282 4912 fortitudinem.

2031 4955 2118 5008 10.
2160 4954 2226 5009 Ει
2249 4960 2655 5029 magnificatum
2687 4975 2770 5021 est
2792 4982 2963 5039 usque
2994 4971 3061 5026 ad
3087 4973 3341 5028 virtutem
3361 4976 3481 5029 caeli
3509 4995 3524 5043 ;

1957 5054 2009 5099 et
2035 5046 2227 5116 dejeeit
2257 5051 2309 5104 in
2348 5063 2547 5110 terram
2570 5058 2637 5113 de
2669 5057 3006 5130 fortitudine,
3035 5078 3089 5119 et
3128 5064 3197 5121 de
3244 5067 3436 5131 stellis,
3474 5078 3529 5124 et

1958 5138 2299 5195 coneuleavit
2326 5159 2439 5199 eas.

2032 5230 2116 5284 ll.
2157 5231 2223 5287 Et
2248 5252 2419 5307 usque
2449 5238 2514 5292 ad
2552 5242 2848 5313 principem
2867 5245 3086 5302 virtutis
3101 5248 3307 5317 grande
3331 5249 3527 5316 evasit,

1957 5332 2011 5378 et
2042 5330 2401 5399 quoadusque
2448 5332 2555 5387 dux
2612 5337 2822 5391 militiae
2868 5338 3181 5394 liberaverit
3243 5343 3529 5409 captivita-

1959 5425 2088 5482 tem,
2116 5428 2170 5473 et
2204 5435 2421 5491 propter
2470 5441 2592 5479 eum
2644 5430 2971 5484 sacrificium
3013 5434 3288 5487 turbatum
3325 5445 3406 5489 est
3437 5438 3529 5490 de-

1957 5507 2114 5563 licto:
2142 5518 2195 5564 et
2227 5511 2431 5568 factum
2472 5526 2574 5580 est,
2616 5528 2669 5573 et
2690 5535 2948 5591 prospere
2981 5525 3146 5579 cessit
3182 5527 3262 5591 ei;
3306 5537 3359 5579 et
3401 5542 3529 5581 san-

1958 5602 2224 5657 ctuarium
2256 5606 2592 5663 desolabitur

2030 5692 2117 5750 12.
2159 5693 2225 5749 Ει
2252 5697 2435 5754 datum
2466 5711 2549 5757 est
2584 5720 2749 5774 super
2790 5710 3437 5780 sacriliciumpermirum,
3476 5723 3527 5769 et

3172 5828 3243 5887 91
