3848 6218
421 311 563 370 9879
1497 279 1751 339 DANIEL
1790 271 2021 331 JUXTA
2071 261 2623 325 THEODOTIONEM
3541 232 3694 289 2880

426 348 561 370 ω...

425 428 669 500 projects
698 433 783 481 est
838 420 989 477 humi
1038 411 1274 489 iustitia,
1332 415 1387 463 et
1446 401 1598 460 fecit.
1655 408 1709 452 et
1744 403 2041 466 prospere.

2173 403 2189 457 1
2221 384 2397 456 χοιμα)⁵
2427 384 2461 453 ἡ
2502 373 2841 445 δικαιοσύνη,
2875 371 2970 424 καὶ
3004 363 3250 435 ἐποίησε,
3281 355 3377 411 καὶ
3408 348 3701 417 εὐωδώθη.

422 529 611 579 cessit.

495 614 585 667 15.
628 609 694 664 Et
724 603 909 663 audivi
935 616 1103 657 unum
1155 604 1407 653 sanctum
1433 576 2013 658 loquentem:etdixit

426 718 570 759 unus
603 710 829 756 sanctus
881 690 1171 751 Pbelmuni
1203 683 1454 756 loquenti
1490 702 1501 735 :
1537 676 1835 746 Usquequo
1870 668 2012 724 visio

430 793 619 856 stabit,
653 799 707 845 et
732 785 1064 843 sacrificium
1084 779 1352 843 ablatum,
1399 782 1456 829 et
1487 775 1769 840 peccatum
1800 760 2015 818 desola-

431 885 620 950 tionis,
660 881 803 952 quod
833 879 1025 933 datum
1078 881 1185 938 est,
1216 881 1270 926 et
1321 863 1724 925 sanctuarium,
1760 860 1815 911 et
1859 852 2017 909 forti-

410 966 413 969 ’
432 978 565 1031 tudo
588 967 1039 1030 conculcabitur?

510 1069 599 1123 14.
640 1068 708 1122 Ει
741 1064 878 1121 dixit
905 1062 955 1117 ei
988 1079 1003 1115 :
1046 1057 1237 1127 Usque
1276 1053 1345 1110 ad
1399 1060 1711 1121 vesperam,
1756 1050 1813 1098 et
1858 1052 2021 1094 mane

436 1164 554 1220 dies
578 1161 688 1215 duo
719 1157 885 1222 mille,
914 1162 969 1210 et
1002 1149 1268 1208 trecenti:
1296 1154 1352 1203 et
1377 1141 1732 1200 mundabitur
1757 1147 2019 1194 sanctua-

438 1269 608 1314 num.

2184 564 2275 619 15.
2309 560 2421 616 Καὶ
2452 559 2662 630 ἥκουσα
2685 551 2807 615 ἑνὸς
2851 545 3006 616 ἁγίου
3047 537 3338 597 λαλοῦντος
3360 547 3378 563 ο
3411 527 3507 583 καὶ
3540 521 3704 630 εἰπεῖν

2115 617 2207 721 εἷς*
2228 617 2383 724 ἀγιος
2407 617 2487 722 τιῖί
2509 644 2778 719 Φελμουνὶ
2827 640 2907 711 τῷ
2961 632 3245 690 λαλοῦντι*
3298 626 3449 687 Ἕως
3495 617 3705 724 πότεῄ

2114 708 2306 819 ὅρασις⁵
2356 708 2633 812 στήσεται,
2695 733 2792 789 καὶ
2941 725 3103 782 θυσία
3155 722 3191 793 ἡ
3250 716 3502 789 ἀρθεῖσα,
3525 710 3622 764 καὶ
3655 708 3703 777 ἠ

2116 804 2366 910 ἁμαρτία
2413 804 2513 902 ’θὴς
2571 826 2907 900 ἐρημώσεως
2943 824 2977 891 ὴ
3026 816 3262 879 δοθεῖσα,
3291 809 3388 865 καὶ¹
3417 806 3481 860 τὸ
3517 804 3706 872 ἅγιον,

2117 928 2215 981 καὶ
2252 928 2287 998 ἡ
2320 924 2551 994 δύναμις
2601 914 3125 989 συμπατηθήσεται;

2193 981 2287 1074 141
2312 1018 2425 1072 Καὶ
2462 981 2617 1069 εἶπεν
2667 981 2859 1081 αὐτῷ’.
2909 981 3057 1066 Ἕως
3101 996 3362 1068 ἑσπέρας,
3415 989 3513 1045 καὶ
3554 981 3713 1057 πρωῒ

2122 1112 2328 1185 ἡμέραι
2356 1107 2633 1179 δισχίλιαι,
2669 1103 2767 1157 καὶ
2788 1078 3143 1171 τριακόσιαι,
3174 1089 3270 1143 καὶ
3302 1078 3715 1154 καθαρισθήσε-

2123 1222 2215 1259 ται
2238 1202 2300 1256 τὸ
2326 1201 2501 1270 ἆγιον.

2199 1295 2288 1351 15.
2323 1262 2433 1349 Καὶ
2452 1291 2671 1361 ἐγένετο
2699 1289 2755 1341 ὲν
2778 1284 2854 1356 τῷ
2906 1283 3037 1337 ἰδεῖν
3070 1296 3160 1351 με,
3214 1272 3324 1344 ἐγὼ
3368 1262 3719 1337 Δανιὴλ,τὴν

2127 1392 2340 1460 ὅρασιν,
2368 1386 2597 1458 ἐζήτουν
2637 1375 2985 1447 σύνεσιν,καὶ
3017 1374 3126 1427 ίδοῦ
3162 1369 3295 1439 ἔστη
3325 1361 3555 1419 ἐνώπιόν
3580 1373 3719 1429 μου,

2127 1483 2204 1548 ὡς
2231 1483 2422 1553 ὅρασις
2451 1475 2665 1547 ἀνδρός.

2203 1538 2292 1628 i6.
2319 1538 2433 1625 Kal.
2458 1538 2667 1639 ἥκουσα
2700 1561 2884 1634 φωνὴν
2909 1556 3099 1629 ἀνδρὸς
3121 1553 3392 1623 ἀνάμεσον
3414 1543 3509 1599 τοῦ
3528 1538 3721 1595 Οὐδα-

2131 1662 2317 1727 λοῦλα,
2347 1662 2443 1715 καὶ
2481 1633 2753 1721 ἐκάλεσε,
2786 1654 2882 1708 καὶ
2924 1645 3046 1704 εἶπε
3070 1664 3084 1678 ·
3139 1640 3399 1714 Γαϐριὴλ,
3435 1633 3726 1689 συνέτισον

2060 1744 2106 1801 Β
2133 1758 2342 1811 ἐκεῖνον
2378 1752 2478 1823 τὴν
2505 1753 2729 1823 ὅρασιν..

2204 1844 2292 1897 17.
2326 1819 2446 1897 Καὶ.
2465 1819 2617 1911 ἦλθε,
2649 1819 2745 1891 καλ.
2767 1835 2899 1904 ἔστη
2924 1831 3162 1903 ἐχόμενα
3184 1829 3283 1898 τῆς
3312 1819 3554 1883 στάσεώς
3581 1831 3723 1888 μου·

2135 1935 2231 1989 καὶ
2264 1935 2323 1987 ἐν
2345 1930 2422 2003 τῷ
2453 1907 2628 1984 ἐλθεῖν
2657 1927 2821 1982 αὑτὸν
2874 1920 3215 1994 ὲθαμϐήθην,
3250 1917 3348 1971 καὶ
3402 1913 3593 1965 πίπτω
3626 1907 3729 1960 ἐπὶ

2135 2027 2429 2101 πρόσωπόν
2462 2042 2563 2096 μου
2584 2041 2596 2054 ·
2622 2023 2718 2077 καὶ
2748 2016 2900 2073 εἶπεν
2932 2016 3068 2089 πρὸς
3109 2012 3178 2086 μέ
3200 2029 3214 2042 ·
3266 2009 3455 2072 Σύνες,
3485 2004 3572 2057 υἱὲ
3624 2002 3730 2055 ἀν-

2138 2120 2384 2193 θρώπου,
2424 2116 2505 2169 ἔτι
2535 2114 2640 2189 γὰρ
2662 2114 2742 2177 εἰς
2772 2106 2965 2181 καιροῦ
2994 2105 3221 2179 πέραςή
3254 2105 3464 2174 ὅρασις.

2212 2214 2299 2269 18.
2333 2212 2443 2266 Καὶ
2469 2211 2526 2263 ἐν
2550 2187 2629 2279 τῷ
2659 2206 2840 2260 λαλεῖν
2868 2201 3031 2257 αὑτὸν
3067 2197 3185 2271 μετ’
3209 2194 3367 2267 ἐμοῦ,
3402 2191 3593 2246 πίπτω
3630 2187 3733 2241 ἐπὶ

2140 2303 2437 2380 πρόσωπόν
2462 2319 2567 2374 μου
2601 2301 2696 2354 ἐπὶ
2752 2297 2851 2369 τὴν
2911 2294 3038 2366 γῆν,
3078 2293 3173 2347 καὶ
3222 2287 3402 2367 ἣψατό
3443 2287 3570 2358 μου,
3631 2282 3733 2336 καὶ

2141 2357 2339 2466 εςῖτηᾷὲ
2369 2357 2436 2465 με
2458 2357 2551 2445 ἐπὶ
2575 2392 2700 2453 τοὺς
2724 2357 2890 2451 πόδας
2924 2357 3048 2457 μου,
3074 2383 3169 2437 καὶ
3193 2357 3368 2435 εἶπενἰ

2215 2488 2303 2543 19.
2349 2486 2479 2539 Ἰδοὺ
2510 2481 2621 2552 ἐγὼ
2644 2478 2896 2551 γνωρίζω
2922 2494 3003 2530 σοι
3056 2476 3123 2529 τὰ
3163 2474 3399 2543 ἐσόμενα
3432 2470 3519 2523 ἐπ’
3558 2466 3732 2538 ὲσχά-

2144 2596 2253 2636 των
2280 2578 2381 2650 τῆς
2417 2576 2589 2648 ὀργῆς
2613 2593 2627 2606 σ
2654 2575 2734 2626 ἔτι
2759 2572 2869 2644 γὰρ
2889 2572 2969 2633 εἰς
2990 2564 3184 2640 καιροῦ
3223 2565 3422 2636 πέρας.

2216 2670 2310 2727 20.
2338 2671 2396 2723 Ὀ
2429 2668 2582 2739 κριὸς
2605 2666 2662 2719 ὃν
2693 2660 2852 2729 εἶδες,
2887 2665 2916 2717 6
2947 2661 3087 2732 ἔχων
3115 2658 3186 2712 τὰ
3205 2658 3438 2729 κέρατα,
3469 2651 3733 2725 βασιλεὺς

2146 2763 2369 2835 Μήδων,
2395 2761 2492 2814 καὶ
2525 2757 2774 2828 Περσῶν.

2219 2834 2311 2909 2i.
2343 2854 2454 2907 Kal.
2479 2852 2507 2904 6
2532 2851 2733 2922 τράγος
2772 2846 2881 2901 τῶν
2914 2843 3105 2914 αἰγῶν,
3139 2840 3393 2913 βασιλεὺς
3428 2834 3731 2906 Ἑλλήνων,

2150 2945 2330 3001 καὶτὸ
2373 2945 2543 3016 κέρας
2567 2942 2629 2995 τὸ
2648 2940 2814 3012 μέγα,
2853 2938 2882 2991 ὃ
2906 2930 2979 3009 ἦν
3004 2936 3277 3006 ἀνάμεσον
3304 2930 3415 2985 τῶν
3435 2925 3734 2998 ὀφθαλμῶν

2155 3035 2343 3104 αὐτοῦ,
2372 3036 2534 3099 αὑτός
2562 3035 2710 3086 ἐστιν
2744 3033 2773 3084 6
2807 3029 3064 3101 βασιλεὺς
3086 3023 3383 3104 όηπρῶτος.

2225 3094 2461 3184 22.’Καὶ
2490 3094 2572 3182 ὅτι
2614 3094 2925 3195 συνετρίϐη,
2949 3122 3046 3176 καὶ
3092 3094 3221 3188 sic},
3253 3114 3499 3184 τέσσαρα
3528 3109 3735 3181 κέρατα

2153 3221 2507 3278 ὑποκάτωθεν
2525 3217 2716 3283 αὑτοῦ,
2763 3217 3035 3286 τέσσαρες
3064 3208 3303 3283 βασιλεῖς
3338 3205 3737 3274 ἀναστήσονται

2094 3327 2097 3330 ‘
2152 3317 2263 3371 ἀπὸ
2290 3315 2383 3369 τοῦ
2416 3314 2601 3379 ἔθνους
2628 3309 2817 3377 αὐτοῦ,
2848 3309 2945 3365 καὶ
2972 3308 3072 3361 οὐκ
3098 3307 3156 3358 ὲν
3194 3304 3263 3374 τῇ
3299 3298 3449 3370 ἰσχύϊ
3475 3294 3666 3350 αὐτοῦ.

2224 3408 2316 3463 23.
2342 3408 2453 3463 Kal.
2478 3408 2563 3459 ἐπ’
2598 3404 2811 3475 ἐσχάτῳ
2840 3402 2939 3473 τῆς
2965 3396 3241 3471 βασιλείας
3272 3392 3478 3454 αὐτῶν,
3503 3388 3744 3459 πληρουο

2161 3500 2339 3572 μένων
2367 3499 2476 3552 τῶν
2504 3495 2793 3569 ἁμαρτιῶν
2820 3491 3020 3555 αὐτῶν,
3049 3490 3123 3554 ὡς
3163 3487 3231 3541 ἂν
3250 3483 3652 3557 σφραγίσονται
3674 3477 3745 3531 τὰ

2158 3590 2585 3662 παραπτώματα
2607 3588 2808 3653 αὐτῶν,
2837 3584 3203 3656 ἀναστήσεται
3230 3576 3491 3650 βασιλεὺς
3516 3572 3747 3642 ἀναιδὴς

2159 3684 2462 3756 προσώπῳ,
2490 3684 2586 3737 καὶ
2617 3681 2816 3736 συνιῶν
2857 3677 3239 3750 προδλήματα.

2241 3780 2332 3837 24.
2356 3780 2467 3833 Καὶ
2488 3774 2727 3849 κραταιά
2759 3775 2793 3844 ὴ
2848 3771 3001 3843 ἰσχὺς
3057 3764 3245 3829 αὑτοῦ,
3300 3762 3400 3816 καὶ
3437 3759 3543 3813 οὐκ
3591 3758 3651 3810 ὲν
3682 3758 3749 3826 τῇ

2167 3876 2313 3948 ίσχύῖ
2368 3870 2569 3928 αὑτοῦ·
2621 3869 2719 3923 καὶ
2791 3861 3081 3935 θαυμαστά
3139 3856 3442 3927 διαφθερεῖ,
3503 3852 3602 3905 καὶ
3654 3867 3740 3903 κα-

2163 3940 2430 4032 τευθυνεῖ,
2473 3964 2571 4019 καὶ
2600 3961 2843 4032 ποιήσει,
2872 3956 2970 4010 καὶ
2994 3950 3275 4023 διαφθερεῖ
3300 3946 3591 4016 ἰσχυροὺς,
3657 3940 3753 3995 καὶ

2163 4061 2294 4115 λαὸν
2326 4060 2502 4128 ἆγιον.

2238 4152 2467 4209 25.Καὶ
2501 4151 2530 4203 6
2565 4146 2730 4217 ζυγὸς
2772 4140 2867 4197 τοῦ
2932 4136 3115 4195 κλοιοῢ
3160 4131 3329 4189 αὐτοῦ
3382 4128 3753 4185 κατευθυνεῦ

2167 4246 2316 4309 δόλος
2342 4245 2399 4297 ὲν
2431 4242 2499 4312 τῇ
2523 4216 2669 4309 χειρὶ
2704 4231 2892 4298 αὐτοῦ,
2931 4230 3028 4284 καὶ
3051 4230 3110 4280 ὲν
3134 4222 3336 4296 καρδία
3364 4216 3535 4273 αὑτοῦ
3580 4231 3758 4287 μεγα-

2168 4307 2557 4402 λυνθ-ήσετα-ιί
2579 4307 2675 4384 καὶ
2727 4327 2866 4396 δόλῳ
2916 4320 3199 4390 διαφθερεῖ
3238 4312 3499 4374 πολλοὺς,
3540 4310 3643 4362 καὶ
3667 4307 3759 4359 ἐπὶ

2097 4428 2144 4483 Ῑ)
2173 4429 2420 4501 ἀπωλείᾳ
2462 4423 2675 4480 πολλῶν
2722 4420 2977 4492 στήσεται
3009 4418 3075 4483 Ἃ(
3110 4410 3203 4465 καὶ
3234 4408 3328 4461 ἐπὶ
3382 4405 3557 4475 ἄρχον
3589 4404 3658 4469 Χ
3694 4416 3759 4450 τα

2167 4493 2449 4598 ἀρχόντων
2484 4517 2769 4588 στήσεται,
2802 4512 2899 4565 καὶ
2943 4510 3020 4573 ὼς
3064 4506 3146 4560 ώά
3173 4504 3232 4557 ἐν
3275 4500 3424 4574 χειρὶ
3471 4493 3760 4566 συντρίψει

2168 4618 2383 4680 αὐτοὺς.

558 4746 653 4803 26.
693 4744 762 4801 Et
782 4742 925 4799 visio
967 4751 1216 4810 vespere,
1278 4742 1335 4790 et
1383 4744 1570 4800 mane,
1622 4746 1744 4802 qua:
1792 4730 1937 4785 dicta
1965 4735 2041 4784 est

2242 4709 2334 4765 26.
2373 4704 2485 4761 Kal.
2513 4704 2550 4774 ἡ
2583 4701 2772 4773 ὅρασις
2822 4694 2923 4765 τῆς
2952 4690 3215 4761 ἑσπέρας,
3244 4685 3343 4741 καί
3389 4683 3495 4755 τῆς
3543 4683 3763 4754 arpth

2207 4803 2234 4810 -
2314 4802 2327 4810 .
2376 4799 2398 4810 η
2442 4798 2455 4810 .
2589 4792 2634 4810 ,ς
2688 4790 2786 4810 Μ,
2839 4786 2990 4810 ι--..
3047 4783 3140 4810 ..-ι
3185 4779 3249 4810 ,λ
3299 4776 3608 4810 ,Μάνην
3662 4775 3763 4810 ,μὴ

561 4775 653 4803 zu.
693 4775 762 4801 ut
789 4775 925 4799 nam
976 4775 1216 4810 νςδγυιν,
1278 4775 1335 4790 ν.
1385 4775 1570 4800 ..ι-...η
1622 4775 1743 4802 τ...
1794 4775 1937 4785 -..η-
1967 4775 2041 4784 ν-.

490 4856 622 4898 vera
648 4847 772 4896 est:
794 4844 930 4893 σιω
952 4832 1111 4901 signa
1140 4827 1432 4893 visionem,
1458 4824 1589 4896 quia
1632 4823 1689 4878 in
1716 4823 1836 4878 dies
1876 4821 2041 4877 multo

2173 4803 2270 4873 τῆς
2301 4798 2560 4871 ρηθείσης
2578 4790 2786 4862 ἀληθής
2837 4786 2990 4843 ἐστι’
3047 4783 3144 4836 καὶ
3185 4779 3250 4832 σὺ
3298 4776 3613 4853 σφράγισαι
3662 4775 3763 4846 τὴν

2178 4897 2201 4901 --
2422 4890 2446 4901 -
2564 4887 2577 4901 ο
2642 4886 2654 4901 ι
2725 4875 3086 4901 .,_-_-n;-
3118 4872 3264 4901 ιη.-.

2176 4897 2390 4968 ὅρασιν,
2420 4890 2502 4943 ὅτι
2530 4887 2612 4950 είς
2631 4883 2846 4958 ἡμέρας
2882 4875 3086 4936 πολλὰς
3117 4872 3290 4927 ἔσται.

2247 4987 2342 5041 2'].
2374 4982 2487 5038 καὶ
2511 4979 2623 5049 ἐγὼ
2660 4972 2858 5046 Δανιὴλ
2884 4968 3209 5041 ἐκοιμήθην,
3253 4963 3349 5018 καὶ
3374 4959 3763 5032 ἐμαλακίσθην

2177 5079 2416 5151 ἡμέρας,
2437 5074 2534 5129 καὶ
2559 5070 2811 5137 ἀνέστην,
2846 5064 2941 5119 καὶ
2966 5060 3182 5116 ἐποίουν
3211 5055 3281 5109 τά
3310 5053 3451 5125 ἔργα
3479 5052 3578 5106 τοῦ
3610 5052 3763 5123 βασι..

2180 5140 2337 5236 λέως,
2361 5140 2456 5223 καὶ
2484 5161 2792 5236 ἐθαύμαζον
2818 5159 2916 5227 τὴν
2940 5156 3151 5226 ὅρασιν,
3193 5148 3289 5203 καὶ
3325 5147 3431 5200 οὐκ
3466 5140 3540 5218 ἦν
3582 5145 3615 5197 6
3643 5161 3764 5198 συν-

516 1346 599 1400 15.
644 1342 709 1398 Et
738 1339 942 1395 factum
967 1343 1075 1402 est,
1101 1348 1227 1389 cum
1274 1328 1519 1384 viderem
1577 1339 1679 1396 ego
1722 1320 1915 1378 Daniel
1941 1318 2026 1373 vi-

442 1440 672 1500 sionem,
699 1431 1011 1504 quazrebam
1042 1422 1483 1495 intelligentiam:
1537 1426 1593 1473 et
1634 1430 1763 1473 ecce
1795 1412 1946 1471 stetit
1969 1410 2027 1466 in

442 1536 742 1600 conspectu
779 1538 903 1579 meo
935 1519 1092 1592 quasi
1122 1517 1333 1587 species
1371 1512 1494 1567 viri.

518 1624 605 1677 16.
650 1620 718 1675 Ει
743 1615 927 1674 audivi
956 1627 1149 1668 vocem
1190 1608 1294 1663 viri
1326 1607 1468 1660 inter
1498 1600 1754 1665 Ulialula,
1784 1606 1841 1654 et
1866 1607 2031 1651 voca-

445 1719 544 1781 vit,
573 1723 626 1770 et
658 1712 835 1768 dixit:
870 1704 1113 1769 Gabriel,
1160 1700 1247 1756 fac
1276 1701 1443 1755 istum
1498 1693 1804 1765 intelligere
1862 1687 2029 1744 visio-

448 1824 573 1865 ιιιξιῐι
584 1847 597 1861 .

520 1900 609 1954 17.
652 1895 719 1950 Et
738 1892 909 1957 venit,
944 1896 999 1945 et
1023 1884 1174 1944 stetit
1201 1895 1371 1955 prope
1421 1880 1716 1943 stationem
1750 1877 2034 1929 meamzet

447 2009 573 2050 cum
628 1989 867 2045 venisset
917 1984 1037 2053 ipse
1086 1976 1313 2048 expavi,
1369 1982 1422 2029 et
1481 1984 1682 2027 corruo
1734 1966 1789 2020 in
1831 1962 2029 2019 faciem

449 2100 628 2142 meam
652 2100 665 2135 :
690 2090 743 2136 et
759 2080 897 2134 dixit
919 2076 986 2131 ad
1005 2089 1091 2128 me
1124 2089 1138 2126 :
1170 2068 1436 2139 lntellige,
1463 2065 1540 2121 fili
1563 2059 1826 2128 hominis,
1854 2055 2036 2113 adhuc

449 2180 598 2233 enim
631 2176 686 2229 in
718 2169 983 2239 temporis
1011 2166 1175 2220 finem
1199 2160 1364 2216 visio.

524 2269 615 2322 18.
657 2235 903 2332 Cumque
933 2260 1251 2328 loqueretur
1282 2252 1400 2322 ipse
1441 2260 1678 2312 mecum,
1709 2241 1847 2297 cado
1876 2239 1931 2293 in
1957 2235 2039 2291 fa-

450 2363 592 2419 ciem
620 2372 797 2413 meam
817 2330 996 2423 super
1026 2361 1229 2405 terram
1260 2362 1277 2401 :
1313 2350 1369 2399 et
1415 2340 1593 2411 tetigit
1624 2352 1733 2403 me,
1764 2345 1820 2392 et
1847 2330 2042 2389 statuit

451 2472 541 2511 me
572 2466 739 2521 super
775 2447 941 2519 pedes
978 2458 1152 2509 meos,
1190 2447 1247 2494 et
1274 2435 1456 2492 dixit:

532 2546 617 2600 l9.
644 2515 803 2597 -Eeee
843 2554 946 2609 ego
993 2531 1228 2591 ostendo
1282 2530 1382 2585 tibi
1434 2540 1557 2597 quae
1606 2522 1791 2577 futura
1823 2525 1954 2574 sunt
1982 2515 2040 2570 in

458 2635 779 2697 novissimis
798 2633 948 2687 irte:
980 2627 1163 2683 adhuc
1192 2622 1342 2679 enim
1380 2620 1435 2674 in
1474 2614 1739 2686 temporis
1782 2612 1968 2665 finem.

531 2729 624 2783 20.
646 2726 825 2790 Aries,
854 2734 1017 2791 quem
1042 2714 1250 2777 vidisti,
1278 2711 1375 2783 qui
1400 2706 1636 2765 habebat
1676 2716 1909 2767 cornua,
1948 2712 2046 2755 rex

460 2822 745 2878 Medorum
784 2823 890 2878 est,
910 2820 966 2867 et
990 2808 1313 2864 Persarum.

535 2914 624 2968 2i.
666 2912 734 2965 Et
760 2909 948 2962 hircus
976 2914 1265 2974 caprarum
1293 2911 1389 2950 rex
1416 2894 1756 2955 Graecorum,
1780 2896 1836 2943 et
1872 2900 2048 2943 cornu

463 3003 696 3078 grande,
720 2998 868 3072 quod
897 3006 1017 3052 erat
1060 2995 1203 3049 inter
1234 2988 1428 3045 oculos
1468 2984 1613 3057 ejus,
1669 2981 1792 3053 ipse
1823 2990 1908 3036 est
1950 2994 2046 3035 rex

465 3098 699 3170 primus.
2075 3083 2126 3147 ο

537 3190 629 3243 22.
670 3182 828 3252 Quod
867 3188 1051 3237 autem
1077 3173 1378 3233 contritum
1406 3179 1512 3237 est,
1551 3180 1607 3224 et
1635 3174 2050 3236 steteruntque-

468 3294 595 3340 tuor
617 3292 824 3336 cornua
847 3276 1035 3329 subter
1056 3268 1212 3335 illud,
1262 3273 1500 3336 quatuor
1528 3278 1685 3334 reges
1719 3263 2052 3329 consurgent

471 3378 538 3432 de
566 3385 725 3446 gente
750 3369 889 3437 ejus,
920 3375 973 3420 et
998 3377 1105 3419 non
1137 3362 1191 3415 in
1223 3356 1544 3413 fortitudine
1573 3367 1696 3409 sua.

541 3466 634 3519 25.
673 3462 740 3515 Et
770 3461 822 3514 in
853 3454 1157 3510 novissimo
1189 3447 1339 3518 regni
1369 3460 1586 3509 eorum,
1614 3441 1901 3512 completis
1920 3454 2053 3510 pee-

470 3558 607 3616 catis
624 3567 835 3616 eorum,
871 3562 999 3604 cum
1034 3543 1320 3613 obsignata
1358 3538 1563 3594 fuerint
1611 3536 1809 3591 delicta
1836 3549 2053 3598 eorum,

473 3654 770 3717 consurget
797 3658 894 3698 rex
921 3638 1208 3711 impudens
1238 3633 1411 3699 faeie,
1465 3639 1521 3686 et
1564 3629 1878 3699 intelligens
1928 3639 2058 3696 pro-

468 3740 797 3816 positiones.

545 3839 637 3895 24.
678 3834 747 3889 Et
776 3832 1002 3887 robusta
1031 3823 1300 3882 fortitudo
1332 3822 1474 3892 ejus.
1502 3819 1596 3874 sed
1635 3834 1747 3873 non
1776 3816 1831 3872 in
1862 3815 2061 3871 robore

474 3945 619 3988 suo:
672 3936 729 3981 et
777 3920 1104 3979 mirabiliter
1150 3914 1406 3980 vastabit,
1454 3925 1509 3968 et
1539 3908 1974 3982 prosperabitur,
2006 3916 2063 3962 et

478 4022 668 4085 faciet,
704 4025 761 4073 et
806 4009 1195 4070 exterminabit
1260 4007 1454 4071 fortes,
1513 4012 1570 4059 et
1616 4002 1888 4075 populum
1925 4014 2062 4056 san-

481 4127 655 4171 ctum.

551 4202 644 4257 25.
687 4196 753 4253 Et
778 4196 971 4269 jugum
1002 4189 1206 4249 vinculi
1256 4187 1378 4251 eius
1422 4184 1689 4255 dirigetur
1741 4200 1759 4240 :
1817 4181 1980 4238 dolus
2009 4181 2067 4237 in

482 4307 652 4350 manu
683 4290 834 4359 ejus,
887 4294 946 4341 et
1002 4286 1059 4339 in
1100 4280 1265 4336 corde
1323 4277 1446 4348 ejus
1495 4275 1980 4348 magniﬁcabitur:
2013 4282 2069 4330 et

480 4386 615 4442 dolo
637 4386 957 4449 corrumpet
984 4374 1211 4438 multos,
1242 4380 1298 4427 et
1330 4369 1384 4425 in
1416 4367 1726 4439 perditione
1764 4367 2067 4422 multorum

486 4477 731 4542 stabitx
750 4481 806 4528 et
826 4480 1016 4527 contra
1033 4466 1333 4537 principem
1350 4464 1418 4529 3K
1432 4462 1737 4531 principum
1751 4468 2062 4531 consurget,

484 4581 543 4628 et
569 4568 729 4642 quasi
753 4581 855 4622 ova
881 4565 939 4620 in
968 4575 1140 4618 manu
1170 4563 1419 4615 conteret
1443 4568 1558 4610 eos.

529 4935 620 4989 rit.

529 4951 620 4989 rit.

492 4951 525 4992 ε
564 5025 658 5080 27.
698 5020 766 5077 Et
786 5034 888 5092 ego
910 5014 1104 5072 Daniel
1163 5011 1424 5077 decubui,
1453 5018 1509 5066 et
1536 5009 1753 5079 elangui
1790 5022 1888 5078 per
1913 5006 2031 5061 dies
2059 5024 2072 5059 :

494 5131 551 5177 et
576 5115 816 5180 surrexi,
840 5120 895 5168 et
933 5108 1204 5165 faciebam
1260 5119 1425 5177 opera
1467 5102 1633 5173 regis,
1684 5112 1740 5157 et
1765 5099 2080 5156 admirabar

498 5214 791 5275 visionem,
814 5214 871 5263 et
893 5218 1003 5259 non
1028 5208 1148 5257 erat
1173 5199 1270 5271 qui
1301 5195 1648 5267 intelligeret.

2182 5282 2304 5319 ιων.

1104 5374 1339 5434 CAPUT
1385 5372 1482 5430 IX.

2714 5339 3109 5400 ΚΕΦΑΛᾹῙΟΝ
3132 5339 3209 5392 8'.

576 5480 633 5533 1.
671 5477 729 5531 In
769 5474 948 5546 primo
989 5483 1134 5525 anno
1184 5466 1331 5522 Darii
1374 5423 1729 5520 Assueri
1773 5460 1843 5516 de
1873 5457 2041 5515 semin

2259 5450 2312 5505 1.
2348 5448 2440 5502 Ἐν
2471 5443 2552 5516 τῷ
2596 5439 2800 5514 πρώτῳ
2824 5436 2935 5491 ἔτει
2959 5431 3183 5504 Δαρείου
3220 5424 3317 5481 τοῦ
3346 5424 3470 5479 υίοῦ
3508 5423 3767 5493 ’Δσσουή-

2330 5542 2342 5546 -
2402 5540 2413 5546 -
2525 5537 2551 5546 -
2670 5534 2682 5546 ι
2888 5545 2895 5546 κ
2947 5524 3147 5546 “49-.-.
3202 5520 3261 5546 ι-
3289 5516 3762 5546 ιε..-η......ρ..ι-ι

507 5516 813 5635 Medorum;
837 5565 933 5637 qui
984 5516 1470 5633 regnavit—super
1512 5516 1740 5628 regnum
1795 5552 2041 5608 Chaldzec

2195 5559 2288 5616 pou
2319 5540 2429 5595 ἀπὸ
2459 5537 2554 5591 τοῦ
2582 5534 2898 5603 σπέρματος
2946 5524 3169 5597 Μήδων,
3199 5520 3261 5587 ὃς
3288 5516 3650 5574 ἐϐασίλευσεν
3675 5516 3766 5569 ἐπὶ

511 5623 683 5717 mni}
798 5623 812 5635 '
854 5623 873 5637 .
1050 5623 1079 5633 ⁷
1352 5623 1371 5629 ’
1577 5623 1597 5628 -
2192 5637 2291 5708 τὴν
2325 5629 2599 5705 βασιλείαν
2627 5623 2932 5684 Χαλδαίων·

579 5749 636 5804 2.
676 5747 737 5802 In
767 5759 909 5803 anno
933 5758 1042 5798 uno
1080 5742 1229 5810 regni
1262 5742 1404 5813 ejus.
1437 5756 1533 5813 ego
1587 5736 1777 5793 Daniel
1840 5733 2041 5790 intellet

2246 5698 2337 5785 '2.
2371 5723 2461 5778 Ἐν
2491 5721 2603 5775 [est
2634 5717 2714 5772 ἐν).
2745 5714 2844 5785 τῆς
2874 5707 3149 5783 βασιλείας
3198 5702 3394 5771 αὐτοῦ,
3416 5699 3531 5772 ἰτὼ
3572 5698 3760 5772 Δανιὴλ
