3848 6218
195 205 331 260 2881

1624 207 1856 265 CAPUT
1894 208 1990 265 1x.

3313 210 3456 267 2882

194 317 412 387 συνῆκα
445 319 505 372 ὲν
533 320 653 381 ταῖς
690 317 896 389 βίϐλοις
947 319 1041 374 τὸν
1096 319 1331 392 ἀριθμὸν
1377 318 1487 373 τῶν
1521 320 1681 386 ἐτῶν,
1716 320 1773 385 ὃς

1899 339 1937 378 n
1972 321 2127 379 libris
2153 338 2444 379 numerum
2475 338 2769 385 annorum,
2811 324 2906 394 qui
2948 322 3123 379 factus
3154 332 3238 378 est
3272 339 3458 380 sei-mo

192 409 425 481 ἐγενήθη
460 410 617 479 λόγος
642 412 849 483 Κυρίου
877 413 1016 483 πρὸς
1040 413 1313 485 Ἱερεμίαν
1339 412 1435 467 τὸν
1464 414 1776 485 προφήτην,

190 503 277 565 είς
338 503 733 574 συμπλήρωσιν
762 503 1097 578 ἐρημώσεως
1134 506 1493 578 Ἰερουσαλὴμ
1540 506 1777 577 ἑϐδομή-

187 610 359 647 κοντα
388 594 503 667 ἔτη.

261 686 319 741 3.
350 689 461 742 Kal
480 688 660 744 ἔδωκα
687 688 750 743 τὺ
773 690 1067 761 πρόσωπόν
1104 707 1208 761 μου
1261 690 1400 762 πρὸς
1442 689 1645 763 Κύριον
1682 690 1778 743 τὸν

186 775 348 840 Θεὸν,
395 777 490 832 τοῦ
549 779 881 850 ἐπιζητῆσαι
944 779 1279 851 προσευχὴν,
1342 780 1438 834 καὶ
1478 779 1775 849 δέησιν,ὲν

184 869 486 939 νηστείαις,
511 870 605 923 καὶ
633 872 693 924 ὲν
714 872 923 943 σάκκῳ,
952 871 1050 926 καὶ
1078 873 1279 944 σποδῷ.

259 961 317 1014 4.
342 961 450 1013 Kal
477 961 877 1034 προσηυξάμην
902 963 1041 1034 πρὸς
1074 963 1280 1036 Κύριον
1340 963 1432 1019 τὸν
1481 963 1615 1017 Θεόν
1643 980 1771 1033 μου,

184 1053 285 1106 καὶ
340 1052 863 1126 ὲξωμολογησάμην,
920 1056 1014 1109 καὶ
1074 1052 1248 1111 εἶπονο
1281 1055 1455 1128 Κύριε
1502 1058 1530 1109 6
1560 1055 1694 1119 Θεὸς
1744 1057 1775 1109 6

187 1144 388 1215 μέγας,
438 1145 532 1197 καὶ
586 1144 918 1216 Θαυμαστὸς,
959 1148 989 1200 6
1024 1148 1313 1217 φυλάσσων
1361 1148 1462 1220 τήν
1508 1148 1775 1221 διαθήκην

182 1236 285 1290 καὶ
312 1238 403 1290 τὸν
431 1236 579 1291 ἔλεον
602 1239 717 1301 τοῖς
748 1238 1005 1308 ἁγαπῶσί
1042 1257 1124 1304 σε,
1179 1242 1276 1295 καὶ
1305 1240 1649 1310 φυλάσσουσι
1673 1242 1773 1305 τὰς

182 1326 413 1390 ἐντολάς
441 1343 562 1382 σου.

262 1418 318 1473 5.
357 1418 728 1491 Ἠμάρτομεν,
778 1419 1160 1491 ἠδικήσαμεν,
1223 1421 1612 1493 ήσεὸήσαμεν,
1676 1425 1772 1477 καὶ

178 1507 532 1579 ἀπέστημεν,
574 1510 674 1565 καὶ
726 1510 1079 1582 ὲξεκλίναμεν
1107 1512 1218 1567 ἀπὸ
1244 1512 1356 1566 τῶν
1378 1513 1614 1567 ἐντολῶν
1642 1530 1765 1581 σου,

184 1599 285 1653 καὶ
305 1600 415 1653 ἀπὸ
439 1600 546 1654 τῶν
576 1602 868 1673 κριμάτων
904 1604 1029 1659 σου.

1882 413 2094 469 Domini
2125 415 2192 469 ad
2225 412 2542 481 Jeremiam,
2583 418 2904 486 prophetam
2950 413 3005 468 in
3034 414 3454 484 completionem

1878 505 2233 562 desolationis
2269 506 2575 562 Jerusalem
2603 506 2948 578 septuaginta
2988 508 3169 561 annis.

1949 684 2003 739 '5.
2047 683 2115 739 Et
2143 683 2269 740 dedi
2297 683 2491 741 faciem
2516 701 2695 741 meam
2736 687 2802 767 ad
2838 685 3129 741 Dominum
3176 686 3367 753 Deum,
3398 696 3461 741 ut

1876 792 2177 847 quazrerem
2208 794 2419 848 preces,
2455 789 2511 835 et
2539 779 2983 835 obsecrationem
3016 780 3071 833 in
3119 779 3369 849 jejuniis,
3404 788 3460 833 et

1877 871 1933 929 in
1966 886 2146 937 sacco,
2181 878 2237 927 et
2261 872 2466 928 cinere.

1948 960 2003 1013 4.
2046 960 2113 1016 Ει
2140 961 2292 1015 oravi
2325 962 2394 1016 ad
2425 960 2720 1016 Dominum
2774 960 2946 1016 Deum
2996 978 3203 1025 meum,
3236 970 3290 1017 et
3321 977 3457 1017 con-

1875 1049 2055 1106 fessus
2084 1066 2231 1117 sum,
2258 1061 2312 1107 et
2333 1052 2444 1107 dixi
2472 1068 2490 1106 :
2518 1051 2747 1107 Domine
2774 1051 2921 1109 Deus
2956 1068 3172 1123 magne,
3201 1064 3253 1108 ct
3289 1055 3456 1107 mira-

1874 1143 2021 1210 bilis,
2053 1144 2370 1200 custodiens
2420 1153 2832 1209 testamentum,
2899 1154 2955 1200 et
3020 1146 3456 1201 misericordiam

1874 1234 2228 1307 diligentibus
2264 1245 2337 1301 te,
2372 1245 2427 1291 et
2460 1236 2896 1293 custodientibus
2930 1238 3187 1292 mandata
3217 1247 3357 1291 tua:

1945 1421 2002 1476 5.
2041 1420 2418 1485 Peccavimus,
2454 1417 2801 1488 iniquitatem
2834 1415 3089 1481 fecimus,
3139 1416 3304 1485 impie
3334 1416 3455 1485 egi-

1872 1530 2019 1577 mus,
2068 1523 2124 1569 et
2171 1513 2521 1575 recessimus,
2578 1519 2632 1565 et
2686 1506 3455 1565 declinavimusamandatis

1873 1605 2003 1671 tuis,
2034 1612 2089 1659 et
2113 1619 2143 1659 a
2168 1602 2389 1675 judiciis
2418 1601 2549 1656 tuis.

257 1688 313 1743 6.
341 1689 453 1742 Kal
476 1691 577 1744 οὐκ
602 1668 918 1763 ήκούσαμεν
957 1694 1067 1747 τῶν
1120 1695 1323 1751 δούλων
1363 1713 1458 1751 σου
1490 1698 1600 1753 τῶν
1632 1716 1772 1771 προ-

1946 1668 2000 1751 6.
2037 1696 2103 1750 Ει
2127 1668 2235 1749 non
2268 1693 2580 1747 audivimus
2614 1708 2803 1749 servos
2830 1702 2954 1749 tuos
2982 1693 3280 1764 prophetas
3306 1732 3322 1756 ,
3357 1690 3453 1762 qui

182 1778 400 1848 φητῶν,
427 1782 477 1835 οἳ
498 1781 722 1836 ἐλάλουν
747 1785 806 1837 ὲν
829 1784 906 1855 τῷ
935 1784 1165 1857 ὀνόματί
1191 1806 1284 1842 σου
1314 1791 1451 1859 πρὸς
1474 1793 1602 1854 τοὺς
1620 1790 1773 1861 βασι-

176 1869 296 1933 λεῖς
315 1871 497 1941 ήμῶν,
526 1874 619 1925 καὶ
641 1874 781 1944 πρὸς
812 1877 938 1940 τοὺς
965 1878 1232 1948 ἄρχοντας
1258 1881 1435 1951 ήμῶν,
1483 1882 1577 1935 καὶ
1604 1882 1771 1936 πατέ-

177 1979 288 2032 ρας
316 1963 497 2034 ήμῶν,
538 1967 630 2019 καὶ
662 1967 801 2038 πρὸς
825 1969 1005 2023 πάντα
1029 1970 1122 2024 τὸν
1147 1971 1274 2025 λαὸν
1312 1972 1415 2043 τῆς
1444 1974 1567 2043 γῆς.

258 2050 313 2105 7.
342 2053 455 2119 Σοὶ,
490 2055 684 2127 Κύριε,
728 2059 763 2127 ή
802 2058 1145 2131 δικαιοσύνη,
1173 2064 1267 2117 καὶ
1295 2065 1426 2134 ἡμῖν
1474 2067 1507 2136 ή
1543 2066 1773 2136 αἰσχύνη

176 2142 280 2197 τοῦ
319 2145 637 2216 προσώπου,
669 2148 747 2212 ῶς
781 2151 815 2221 ή
848 2151 1037 2223 ἡμέρα
1064 2152 1227 2225 αὕτη,
1259 2154 1416 2226 ἀνδρὶ
1451 2155 1644 2221 Ἰούδα,
1678 2159 1773 2211 καὶ

175 2235 302 2298 τοῖς
329 2237 679 2292 κατοικοῦσιν
702 2240 761 2294 ὲν
796 2241 1175 2315 Ἰερουσαλήμ,
1203 2246 1298 2299 καὶ
1324 2247 1490 2301 παντὶ
1532 2248 1771 2319 Ἰσραὴλ,

175 2325 300 2387 τοῖς
335 2326 526 2395 ἐγγὺς,
562 2329 789 2394 καὶτοῖς
821 2330 1040 2401 μακρὰν
1062 2335 1119 2388 ὲν
1171 2334 1323 2409 πάσῃ
1356 2339 1423 2408 τῇ
1452 2340 1545 2409 γῇ,
1575 2331 1636 2391 οὗ
1664 2337 1775 2392 διέ-

179 2430 422 2488 σπειρας
450 2419 648 2485 αὐτοὺς
679 2422 796 2475 ἐκεῖ
815 2424 872 2475 ὲν
904 2424 1098 2496 ἀθεσία
1126 2426 1306 2480 αὐτῶν
1394 2428 1670 2501 ἠθέτησαν
1711 2431 1774 2485 ἐν

179 2507 295 2561 σοί.

259 2599 316 2655 8.
341 2599 540 2672 Κύριε,
572 2604 705 2675 ἡμῖν
756 2606 986 2679 αἰσχύνη
1031 2607 1126 2662 τοῦ
1152 2630 1158 2638 ·
1184 2610 1500 2681 προσώπου,
1541 2612 1635 2666 καὶ
1661 2614 1772 2677 τοῖς

177 2686 507 2758 βασιλεῦσιν
533 2691 715 2763 ήμῶν,
744 2695 838 2748 καὶ
866 2698 981 2759 τοῖς
1034 2696 1295 2768 ἄρχουσιν
1327 2699 1507 2771 ήμῶν,
1537 2703 1632 2755 καὶ
1660 2704 1771 2764 τοῖς

177 2781 468 2851 πατράσιν
500 2784 680 2855 ήμῶν,
712 2787 928 2851 οἵτινες
954 2788 1283 2861 ἡμάρτομεν
1308 2794 1367 2844 ὲν
1401 2793 1505 2845 σοί.

262 2872 316 2927 9.
351 2872 442 2925 Τῶ
474 2874 662 2945 Κυρίῳ
693 2875 813 2947 Θεῷ
832 2876 992 2948 ήμῶν
1017 2878 1068 2932 οἱ
1106 2881 1401 2952 οίκτιρμοὶ,
1446 2881 1539 2935 καὶ
1568 2882 1619 2935 οἱ
1655 2880 1772 2935 ίλα-

179 2965 345 3036 σμοὶ,
365 2965 453 3018 ὅτι
468 2966 677 3039 ἀπέστη
685 2985 804 3038 μεν.

264 3057 357 3112 10.
381 3056 486 3111 Kal
506 3059 609 3114 οὐκ
636 3061 1043 3135 εἰσηκούσαμεν
1092 3063 1194 3134 τῆς
1229 3066 1413 3136 φωνῆς
1444 3067 1651 3139 Κυρίου
1677 3066 1774 3121 τοῦ

180 3149 331 3204 Θεοῦ
358 3152 537 3222 ήμῶν,
570 3154 899 3225 πορεύεσθαι
949 3159 1009 3211 ὲν
1059 3160 1173 3222 τοῖς
1226 3160 1415 3231 νόμοις
1468 3161 1657 3226 αὐτοῦ,
1692 3156 1776 3226 οἷς
1820 3172 1821 3177 ‘

180 3241 368 3295 ιδωκε
410 3241 552 3297 κατά
602 3245 896 3317 πρόσωπον
940 3247 1101 3320 ήμῶν
1135 3251 1194 3303 ὲν
1228 3251 1375 3321 χειρὶ
1428 3251 1538 3307 τῶν
1570 3250 1776 3306 δούλων

182 3332 365 3388 αὐτοῦ
392 3334 501 3387 τῶν
530 3337 853 3407 προφητῶν.

269 3427 360 3481 11.
394 3429 504 3482 Kal
531 3431 640 3494 πᾶς
686 3430 907 3505 Ἰσραὴλ
929 3434 1254 3506 παρέϐησαν
1298 3435 1389 3490 τὸν
1450 3436 1614 3508 νόμον
1653 3454 1772 3506 σου,

185 3520 293 3573 καὶ
323 3520 606 3585 ἐξέκλιναν
632 3522 729 3577 τοῦ
781 3526 856 3597 μὴ
903 3524 1136 3581 ἀκοῦσαι
1196 3531 1299 3600 τῆς
1326 3529 1511 3600 φωνῆς
1534 3546 1650 3593 σου,
1682 3530 1778 3584 καὶ

188 3613 435 3685 ἐπῆλθεν
457 3617 542 3685 ἐφ’
574 3619 725 3687 ἡμᾶς
750 3619 784 3689 ή
807 3620 1044 3692 κατάρα,
1080 3620 1177 3674 καὶ
1224 3624 1252 3674 6
1278 3622 1439 3692 ὅρκος
1460 3624 1489 3675 6
1523 3639 1778 3694 γεγραμ-

190 3706 364 3777 μένος
384 3708 443 3759 ὲν
465 3707 614 3779 νόμῳ
648 3710 819 3782 Μωσῆ
867 3711 1055 3765 δούλου
1088 3711 1183 3765 τοῦ
1210 3712 1369 3775 Θεοῦ,
1398 3714 1482 3767 ὅτι
1518 3715 1771 3785 ἡμάρτο-

189 3815 301 3870 μεν
323 3798 495 3870 αὐτῷ.

268 3889 358 3944 12.
387 3892 496 3945 Καὶ
512 3891 707 3965 ἔστησε
732 3892 859 3955 τοὺς
906 3893 1097 3963 λόγους
1154 3894 1341 3958 αὐτοῦ,
1368 3894 1461 3960 οὓς
1509 3896 1775 3968 ἐλάλησεν

184 3982 285 4049 ἐφ’
318 3983 489 4053 ἡμᾶς,
520 3984 613 4037 καί
666 3985 759 4037 ἐπὶ
824 3985 950 4048 τοὺς
1005 3987 1200 4056 κριτὰς
1243 3986 1424 4058 ήμῶν,
1459 3986 1509 4039 οἳ
1561 3987 1776 4059 ἔκρινον

180 4075 219 4144 ὴ
229 4075 344 4142 μᾶς
356 4075 654 4143 ἐπαγαγεῖν
675 4078 757 4145 ἐφ’
774 4078 922 4147 ἡμᾶς
941 4077 1090 4131 κακὰ
1116 4078 1345 4148 μεγάλα.
1364 4074 1451 4132 οἷα
1466 4080 1527 4132 ού
1554 4080 1775 4149 γέγονεν

184 4164 455 4219 ὑποκάτω
482 4166 681 4229 παντὸς
716 4165 812 4219 τοῦ
842 4166 1093 4239 οὐρανοῦ,
1126 4167 1270 4222 κατὰ
1294 4168 1363 4223 τὰ
1403 4169 1671 4239 γενόμενα
1716 4171 1775 4221 ὲν

193 4257 518 4327 Ἱερουσαλή
526 4275 584 4329 μ.

1874 1784 2238 1856 loquebantur
2267 1784 2487 1839 nomine
2540 1791 2635 1837 tuo
2670 1784 2736 1838 ad
2782 1800 2940 1856 reges
2989 1778 3251 1849 nostros,
3304 1793 3359 1839 et
3386 1783 3452 1839 ad

1873 1878 2149 1948 principes
2180 1885 2419 1939 nostros,
2448 1883 2504 1931 ct
2534 1884 2717 1946 patres
2753 1887 2990 1942 nostros,
3035 1888 3089 1933 et
3136 1877 3205 1931 ad
3232 1892 3454 1931 omnem

1872 1968 2133 2039 populum
2169 1978 2349 2023 terrae.
2502 2032 2505 2033 ν

1948 2060 1999 2114 7.
2043 2058 2185 2123 Tibi,
2218 2058 2465 2124 Domine,
2500 2057 2734 2130 iustitia,
2770 2059 2930 2114 nobis
2956 2070 3139 2115 autem
3201 2058 3456 2113 confusio

1872 2149 2053 2216 faciei,
2082 2150 2225 2204 sicut
2243 2149 2359 2205 dies
2394 2149 2529 2214 haec,
2566 2148 2683 2203 viro
2710 2147 2870 2213 Juda,
2895 2158 2951 2204 et
2996 2150 3370 2204 habitantibus
3398 2150 3454 2203 in

1871 2242 2195 2308 Jerusalem,
2231 2250 2287 2296 et
2320 2241 2468 2295 omni
2514 2241 2705 2303 Israel,
2752 2242 2837 2296 his
2885 2241 2980 2311 qui
3020 2257 3188 2311 prope
3219 2251 3368 2308 sunt,
3399 2252 3457 2296 et

1873 2333 1962 2389 bis
2016 2333 2112 2403 qui
2143 2331 2333 2403 procul
2380 2331 2435 2385 in
2485 2332 2743 2386 universa
2780 2341 2946 2397 terra,
2996 2348 3108 2402 quo
3145 2332 3454 2402 dispersisti

1871 2440 1966 2480 eos
1995 2424 2147 2490 illuc,
2181 2423 2239 2480 in
2283 2424 2735 2493 praevaricatione
2783 2437 2995 2490 eorum,
3032 2439 3143 2494 qua
3196 2422 3457 2494 praevari-

1872 2516 1985 2572 cati
2024 2516 2232 2572 suntin
2264 2525 2338 2572 te.

1943 2608 1999 2664 8.
2040 2608 2295 2676 Domine,
2329 2607 2492 2663 nobis
2521 2606 2776 2664 confusio
2810 2606 2989 2673 faciei,
3025 2618 3080 2663 et
3110 2608 3329 2677 regibus
3356 2626 3460 2662 nu-

1872 2700 2027 2765 stris,
2084 2710 2140 2755 et
2196 2700 2540 2771 principibus
2571 2701 2797 2764 nostris,
2838 2709 2894 2755 et
2944 2699 3196 2771 patribus
3228 2702 3453 2765 nostris,

1873 2794 1969 2866 qui
2003 2794 2356 2865 peccavimus
2388 2794 2444 2848 in
2480 2802 2553 2849 te.

1946 2886 2001 2942 9.
2046 2885 2281 2940 Domino
2310 2883 2424 2939 Deo
2461 2894 2653 2939 nostro
2691 2882 3099 2949 miserationes,
3152 2893 3208 2939 et
3265 2886 3454 2954 propi-

1799 3019 1843 3079 ο
1876 2978 2159 3045 tiationes,
2197 2978 2323 3047 quia
2355 2978 2708 3031 recessimus.

1949 3070 2037 3126 10.
2081 3070 2149 3123 Et
2172 3084 2281 3123 non
2313 3068 2692 3124 exaudivimus
2724 3082 2917 3122 vocem
2967 3065 3190 3123 Domini
3227 3065 3324 3122 Dei
3356 3083 3460 3123 no-

1876 3164 2079 3226 stri,ut
2106 3161 2516 3216 ambularemus
2570 3160 2629 3214 in
2688 3159 2903 3229 legibus
2960 3159 3106 3228 ejus,
3139 3176 3278 3229 quas
3307 3160 3459 3215 dedit

1877 3262 2005 3309 ante
2033 3251 2231 3308 faciem
2272 3260 2520 3307 nostram
2571 3250 2630 3306 in
2680 3264 2849 3305 manu
2912 3263 3197 3307 servorum
3229 3267 3457 3306 suorum

1876 3347 2288 3421 prophetarum.

1948 3440 2038 3493 11.
2078 3437 2147 3493 Et
2176 3436 2355 3493 omnis
2381 3434 2550 3491 Israel
2568 3434 2907 3505 praevaricati
2932 3444 3061 3492 sunt
3084 3436 3258 3507 legem
3284 3447 3457 3505 tuam,

1876 3540 1932 3586 et
1967 3530 2400 3592 declinaverunt,
2426 3542 2495 3581 ne
2527 3525 2782 3581 audirent
2825 3541 3017 3581 vocem
3056 3537 3227 3591 tuam,
3277 3536 3333 3581 et
3362 3544 3459 3582 su-

1876 3619 2126 3690 pervenit
2149 3632 2315 3688 super
2342 3631 2446 3671 nos
2468 3614 2807 3679 maledictio,
2834 3626 2891 3670 et
2910 3616 3285 3683 juramentum
3309 3618 3455 3685 quod

1877 3713 2150 3782 scriptum
2183 3718 2268 3767 est
2292 3709 2348 3764 in
2378 3708 2499 3779 lege
2528 3707 2664 3762 Mosi
2699 3706 2844 3762 servi
2865 3706 2982 3775 Dei,
3030 3709 3162 3779 quia
3204 3710 3460 3778 peccavi-

1876 3819 2000 3859 mus
2030 3803 2104 3858 ei.

1948 3894 2036 3949 12.
2078 3894 2147 3949 Et
2176 3892 2369 3949 statuit
2400 3907 2686 3949 sermones
2716 3907 2870 3958 suos,
2917 3906 3059 3961 quos
3107 3890 3321 3946 locutus
3374 3903 3460 3947 est

1875 4002 2042 4059 super
2077 4002 2201 4054 nos,
2235 3999 2291 4042 et
2320 3983 2719 4057 superjudices
2747 3994 2991 4049 nostros,
3024 3984 3117 4054 qui
3138 3983 3459 4054 judicarunt

1875 4098 1995 4148 nos,
2031 4090 2092 4135 ut
2134 4080 2631 4150 superinducerent
2684 4094 2850 4150 super
2904 4091 3005 4133 nos
3060 4077 3205 4132 mala
3232 4094 3453 4147 magna,

1874 4175 2058 4244 qualia
2092 4190 2196 4228 non
2220 4172 2441 4228 fuerunt
2466 4172 2568 4228 sub
2616 4174 2766 4227 omni
2819 4170 2980 4235 ccelo,
3037 4176 3340 4228 secundum
3366 4187 3455 4239 ea,

1875 4278 1997 4334 quae
2027 4262 2167 4317 facta
2197 4272 2327 4317 sunt
2363 4263 2418 4317 in
2451 4261 2778 4317 Jerusalem.

268 4349 356 4402 l5.
387 4347 583 4411 Καθὼς
604 4348 912 4421 γέγραπται
930 4349 987 4402 ἐν
1011 4348 1088 4420 τῷ
1106 4348 1255 4420 νόμῳ
1276 4349 1475 4419 Μωσῆ,
1501 4350 1681 4405 πάντα
1704 4350 1773 4403 τὰ

1948 4356 2038 4411 15.
2082 4354 2237 4411 Sicut
2260 4356 2523 4425 scriptum
2558 4366 2642 4410 est
2674 4355 2729 4408 in
2761 4354 2880 4425 lege
2912 4355 3072 4420 Mosi,
3107 4354 3290 4410 omnia
3311 4354 3453 4410 mala

179 4436 345 4493 κακὰ
370 4435 542 4490 ταῦτα
557 4433 721 4509 ἦλθεν
746 4438 831 4509 ἐφ’
866 4440 1043 4509 ἡμᾶς’
1080 4439 1177 4493 καί⁵
1218 4439 1318 4493 οὐκ
1349 4439 1648 4512 ἐδεήθημεν
1676 4439 1772 4494 τοῦ

181 4526 491 4601 προσώπου
518 4530 723 4599 Κυρίου
750 4529 846 4583 τοῦ
879 4530 1014 4584 Θεοῦ
1072 4531 1250 4602 ήμῶν,
1279 4533 1619 4603 ἀποστρέψαι
1663 4532 1774 4586 ἀπὸ

177 4622 301 4676 τῶν
330 4619 558 4676 ἀδικιῶν
586 4621 761 4694 ήμῶν,
812 4620 905 4675 καὶ
933 4622 1027 4676 τοῦ
1083 4623 1320 4677 συνιέναι
1359 4624 1417 4675 ὲν
1456 4624 1607 4698 πάσῃ
1636 4625 1772 4697 ἁλη-

178 4714 332 4786 θείᾳ.

262 4807 355 4861 M.
382 4806 494 4861 Kal
530 4805 871 4877 ὲγρηγόρησε
902 4804 1108 4877 Κύριος
1138 4806 1168 4859 6
1194 4806 1325 4868 Θεὸς
1360 4806 1521 4878 ήμῶν
1547 4809 1642 4862 ἐπὶ
1673 4809 1773 4881 τὴν

178 4899 396 4953 κακίαν
422 4900 456 4969 ή
466 4898 602 4968 μῶν,
626 4898 720 4950 καὶ
745 4899 951 4968 ἤγαγεν
981 4896 1151 4970 αὐτὴν
1171 4898 1439 4970 ἐφ’ήμᾶς,
1457 4900 1541 4953 ὅτι
1566 4901 1774 4964 δίκαιος

178 4988 402 5060 Κύριος
426 4990 455 5041 ὁ
477 4989 609 5053 Θεὸς
637 4991 671 5060 ή
682 4989 797 5059 μῶν
835 4991 929 5044 ἐπὶ
960 4993 1140 5044 πᾶσαν
1179 4988 1278 5061 τὴν
1331 4991 1548 5063 ποίησιν
1582 4991 1771 5058 αὑτοῦ,

176 5084 260 5155 ἢν
310 5081 563 5153 εποίησε,
623 5082 754 5137 διότι
799 5082 902 5137 οὐκ
957 5081 1360 5154 εἰσηκούσαμεν
1435 5083 1532 5153 τῆς
1588 5084 1774 5155 φωνῆς

178 5173 382 5231 αὑτοῦ.

264 5288 357 5344 15.
390 5286 502 5341 Καὶ
526 5285 625 5339 νῦν
650 5285 867 5358 Κύριεὸ
896 5286 1027 5351 Θεὸς
1054 5286 1235 5359 ήμῶν,
1266 5285 1328 5351 ὃς
1379 5287 1650 5358 ἐξήγαγες
1678 5288 1773 5341 τὸν

177 5379 325 5434 λαόν
375 5394 470 5432 σου
515 5378 580 5431 ὲκ
636 5378 739 5449 γῆς
785 5376 1059 5447 Αἰγύπτου
1101 5380 1159 5431 ὲν
1199 5379 1345 5449 χειρὶ
1384 5381 1640 5451 κραταιᾷ.
1677 5378 1773 5431 καὶ

173 5470 458 5541 ιποίησας
490 5468 703 5540 σεαυτῷ
729 5468 900 5534 ὖνομα
928 5468 1004 5531 ὡς
1031 5469 1067 5538 ή
1111 5468 1303 5541 ἡμέρα
1337 5469 1500 5542 αῦτη,
1531 5469 1775 5543 ήμάρτο-

176 5580 316 5638 μιν,
335 5560 746 5632 ήνομήσαμενέ.

261 5652 356 5711 16.
390 5652 584 5723 Κύριε,
602 5652 663 5707 ιν
684 5652 832 5726 πάσῃ
854 5651 1193 5728 ιλεημοσύνῃ
1225 5670 1338 5721 σου,
1363 5654 1770 5726 ἀποστραφήτω

1874 4449 1991 4503 haec
2026 4455 2296 4502 venerunt
2324 4461 2490 4515 super
2521 4460 2660 4501 nos:
2691 4454 2748 4500 et
2775 4462 2882 4500 non
2917 4446 3233 4516 rogavimus
3254 4444 3451 4501 faciem

1875 4541 2091 4595 Domini
2122 4537 2217 4593 Dei
2257 4537 2455 4602 nostri,
2488 4547 2551 4593 ut
2570 4549 2979 4595 reverteremur
3020 4538 3089 4593 ab
3143 4538 3455 4607 iuiquitati-
3479 4536 3501 4562 "

1872 4635 1977 4691 bus
2003 4633 2232 4699 nostris,
2252 4639 2308 4687 et
2334 4639 2395 4686 ut
2417 4631 2847 4703 intelligeremus
2870 4632 2927 4687 in
2949 4631 3099 4687 omni
3128 4629 3377 4687 veritate.

1946 4804 2032 4859 H.
2077 4803 2144 4857 Et
2174 4804 2417 4873 vigilavit
2443 4802 2711 4860 Dominus
2739 4804 2883 4860 Deus
2913 4815 3098 4861 noster
3123 4823 3287 4877 super
3332 4824 3451 4863 ma-

1873 4893 2045 4949 litiam
2069 4902 2341 4958 nostram,
2373 4902 2427 4949 et
2489 4895 2718 4951 adduxit
2751 4912 2875 4951 eam
2933 4913 3097 4968 super
3120 4915 3222 4955 nos
3261 4918 3275 4954 :
3320 4902 3451 4971 quia

1869 4987 2054 5057 justus
2093 4984 2360 5041 Dominus
2409 4985 2556 5043 Deus
2602 4997 2791 5044 noster
2826 4988 2883 5042 in
2932 4989 3083 5044 omni
3124 5005 3288 5061 opere
3321 5007 3449 5059 suo,

1875 5079 2021 5148 quod
2052 5077 2181 5133 fecit
2214 5095 2228 5132 :
2258 5079 2389 5149 quia
2412 5094 2524 5134 non
2546 5079 2931 5136 exaudivimus
2956 5095 3145 5136 vocem
3174 5082 3317 5152 ejus.

1947 5280 2034 5337 l5.
2077 5280 2144 5336 Et
2176 5295 2344 5346 nunc,
2374 5279 2607 5337 Domine
2634 5280 2779 5338 Deus
2828 5292 3037 5349 noster,
3066 5282 3163 5352 qui
3211 5283 3448 5341 eduxiin

1872 5374 2131 5444 populum
2160 5382 2316 5428 tuum
2345 5371 2413 5428 de
2435 5383 2578 5429 terra
2625 5372 2847 5445 Aﬂgypti
2893 5375 2948 5428 in
2996 5390 3161 5429 manu
3194 5374 3346 5440 forti,
3396 5389 3452 5440 et.

1873 5464 2048 5520 fecisti
2072 5464 2168 5517 tibi
2208 5478 2405 5519 nomen
2432 5464 2575 5520 sicut
2603 5465 2723 5521 dies
2750 5465 2869 5522 ha'c
2906 5483 2920 5519 :
2951 5468 3320 5538 peccavimus,
3351 5470 3454 5527 im-

1874 5558 1959 5628 pie
1988 5558 2220 5626 egimus.

1946 5649 2033 5707 16.
2074 5647 2323 5715 Domine,
2355 5648 2409 5703 in
2460 5648 2609 5706 omni
2667 5649 3046 5708 misericordia
3092 5661 3205 5720 tua,
3233 5660 3449 5711 averta-
