  <div class='ocr_page' id='page_1' title='image "/cluster/home/n/w/nwhite01/storage/ocr_20150623/16 pt.3/nnc1.0046978674/255.png"; bbox 0 0 3848 6218; ppageno 0'>
   <div class='ocr_carea' id='block_1_1' title="bbox 376 323 521 381">
    <p class='ocr_par' dir='ltr' id='par_1_1' title="bbox 376 323 521 381">
     <span class='ocr_line' id='line_1_1' title="bbox 376 323 521 381; baseline -0.041 0"><span class='ocrx_word' id='word_1_1' title='bbox 376 323 521 381; x_wconf 77' lang='lat'><strong>‘2885</strong></span> 
     </span>
    </p>
   </div>
   <div class='ocr_carea' id='block_1_2' title="bbox 375 395 2270 502">
    <p class='ocr_par' dir='ltr' id='par_1_2' title="bbox 375 395 2270 502">
     <span class='ocr_line' id='line_1_2' title="bbox 375 395 2270 502; baseline -0.028 -3"><span class='ocrx_word' id='word_1_2' title='bbox 375 453 491 502; x_wconf 76' lang='lat' dir='ltr'><strong>tur,</strong></span> <span class='ocrx_word' id='word_1_3' title='bbox 520 438 770 496; x_wconf 79' lang='lat' dir='ltr'><strong>obsecro,</strong></span> <span class='ocrx_word' id='word_1_4' title='bbox 805 428 955 483; x_wconf 83' lang='lat' dir='ltr'><strong>furor</strong></span> <span class='ocrx_word' id='word_1_5' title='bbox 990 435 1137 485; x_wconf 85' lang='lat' dir='ltr'><strong>tuus,</strong></span> <span class='ocrx_word' id='word_1_6' title='bbox 1180 428 1233 473; x_wconf 89' lang='lat' dir='ltr'><strong>et</strong></span> <span class='ocrx_word' id='word_1_7' title='bbox 1267 419 1346 471; x_wconf 88' lang='lat' dir='ltr'><strong>ira</strong></span> <span class='ocrx_word' id='word_1_8' title='bbox 1397 423 1489 467; x_wconf 90' lang='lat' dir='ltr'><strong>tua</strong></span> <span class='ocrx_word' id='word_1_9' title='bbox 1545 428 1572 464; x_wconf 86' lang='lat' dir='ltr'><strong>a</strong></span> <span class='ocrx_word' id='word_1_10' title='bbox 1609 408 1827 463; x_wconf 75' lang='lat' dir='ltr'><strong>civitate</strong></span> <span class='ocrx_word' id='word_1_11' title='bbox 1857 412 1948 455; x_wconf 89' lang='lat' dir='ltr'><strong>tua</strong></span> <span class='ocrx_word' id='word_1_12' title='bbox 1987 407 2029 461; x_wconf 75' lang='grc' dir='ltr'>Α</span> <span class='ocrx_word' id='word_1_13' title='bbox 2057 397 2122 466; x_wconf 82' lang='grc' dir='ltr'><strong>δὴ</strong></span> <span class='ocrx_word' id='word_1_14' title='bbox 2146 398 2174 450; x_wconf 86' lang='lat'><strong>6</strong></span> <span class='ocrx_word' id='word_1_15' title='bbox 2204 395 2270 448; x_wconf 91' lang='grc' dir='ltr'><strong>θυ</strong></span> 
     </span>
    </p>
   </div>
   <div class='ocr_carea' id='block_1_3' title="bbox 2069 454 3641 559">
    <p class='ocr_par' dir='ltr' id='par_1_3' title="bbox 2069 454 3641 559">
     <span class='ocr_line' id='line_1_3' title="bbox 2069 454 3641 559; baseline -0.025 -17"><span class='ocrx_word' id='word_1_16' title='bbox 2069 454 2427 559; x_wconf 67' lang='grc' dir='ltr'>Ἰερουσαλὴμ</span> <span class='ocrx_word' id='word_1_17' title='bbox 2450 480 2610 549; x_wconf 79' lang='grc' dir='ltr'>ὅρους</span> <span class='ocrx_word' id='word_1_18' title='bbox 2635 472 2789 541; x_wconf 83' lang='grc' dir='ltr'>ἁγίου</span> <span class='ocrx_word' id='word_1_19' title='bbox 2823 486 2915 521; x_wconf 81' lang='grc' dir='ltr'><strong>σου</strong></span> <span class='ocrx_word' id='word_1_20' title='bbox 2941 483 2953 495; x_wconf 88' lang='grc'><strong>·</strong></span> <span class='ocrx_word' id='word_1_21' title='bbox 2981 466 3061 517; x_wconf 78' lang='grc' dir='ltr'>ὅτι</span> <span class='ocrx_word' id='word_1_22' title='bbox 3090 463 3146 513; x_wconf 86' lang='grc' dir='ltr'><strong>ἐν</strong></span> <span class='ocrx_word' id='word_1_23' title='bbox 3183 460 3303 521; x_wconf 88' lang='grc' dir='ltr'>ταῖς</span> <span class='ocrx_word' id='word_1_24' title='bbox 3332 454 3641 528; x_wconf 75' lang='grc' dir='ltr'><strong>ἁμαρτίαις</strong></span> 
     </span>
    </p>
   </div>
   <div class='ocr_carea' id='block_1_4' title="bbox 2059 546 3646 651">
    <p class='ocr_par' dir='ltr' id='par_1_4' title="bbox 2059 546 3646 651">
     <span class='ocr_line' id='line_1_4' title="bbox 2059 546 3646 651; baseline -0.026 -17"><span class='ocrx_word' id='word_1_25' title='bbox 2059 546 2237 651; x_wconf 66' lang='grc' dir='ltr'>ἡμίῦν,</span> <span class='ocrx_word' id='word_1_26' title='bbox 2267 546 2442 629; x_wconf 60' lang='grc' dir='ltr'>καὶέν</span> <span class='ocrx_word' id='word_1_27' title='bbox 2480 546 2599 628; x_wconf 79' lang='grc' dir='ltr'>ταῖς</span> <span class='ocrx_word' id='word_1_28' title='bbox 2630 564 2865 623; x_wconf 81' lang='grc' dir='ltr'><strong>ἀδικίαις</strong></span> <span class='ocrx_word' id='word_1_29' title='bbox 2894 556 3049 629; x_wconf 81' lang='grc' dir='ltr'>ἡμῶν</span> <span class='ocrx_word' id='word_1_30' title='bbox 3111 552 3205 607; x_wconf 67' lang='grc' dir='ltr'><strong>καὶ</strong></span> <span class='ocrx_word' id='word_1_31' title='bbox 3244 548 3352 602; x_wconf 83' lang='grc' dir='ltr'><strong>τῶν</strong></span> <span class='ocrx_word' id='word_1_32' title='bbox 3379 546 3646 615; x_wconf 80' lang='grc' dir='ltr'>πατέρων</span> 
     </span>
    </p>
   </div>
   <div class='ocr_carea' id='block_1_5' title="bbox 380 506 1953 589">
    <p class='ocr_par' dir='ltr' id='par_1_5' title="bbox 380 506 1953 589">
     <span class='ocr_line' id='line_1_5' title="bbox 380 506 1953 589; baseline -0.029 0"><span class='ocrx_word' id='word_1_33' title='bbox 380 532 709 589; x_wconf 75' lang='lat' dir='ltr'><strong>Jerusalem,</strong></span> <span class='ocrx_word' id='word_1_34' title='bbox 764 530 947 577; x_wconf 88' lang='lat' dir='ltr'><strong>monte</strong></span> <span class='ocrx_word' id='word_1_35' title='bbox 987 525 1176 571; x_wconf 87' lang='lat' dir='ltr'><strong>sancto</strong></span> <span class='ocrx_word' id='word_1_36' title='bbox 1233 520 1348 563; x_wconf 91' lang='lat' dir='ltr'><strong>tuo.</strong></span> <span class='ocrx_word' id='word_1_37' title='bbox 1387 506 1524 572; x_wconf 83' lang='lat' dir='ltr'><strong>Quia</strong></span> <span class='ocrx_word' id='word_1_38' title='bbox 1582 507 1804 571; x_wconf 80' lang='lat' dir='ltr'><strong>propter</strong></span> <span class='ocrx_word' id='word_1_39' title='bbox 1831 508 1953 563; x_wconf 89' lang='lat' dir='ltr'><strong>pec-</strong></span> 
     </span>
    </p>
   </div>
   <div class='ocr_carea' id='block_1_6' title="bbox 386 599 1958 687">
    <p class='ocr_par' dir='ltr' id='par_1_6' title="bbox 386 599 1958 687">
     <span class='ocr_line' id='line_1_6' title="bbox 386 599 1958 687; baseline -0.029 -4"><span class='ocrx_word' id='word_1_40' title='bbox 386 638 509 683; x_wconf 85' lang='lat' dir='ltr'><strong>cata</strong></span> <span class='ocrx_word' id='word_1_41' title='bbox 539 632 744 687; x_wconf 87' lang='lat' dir='ltr'><strong>nostra,</strong></span> <span class='ocrx_word' id='word_1_42' title='bbox 775 626 829 669; x_wconf 89' lang='lat' dir='ltr'><strong>et</strong></span> <span class='ocrx_word' id='word_1_43' title='bbox 857 620 1075 684; x_wconf 87' lang='lat' dir='ltr'><strong>pr0pter</strong></span> <span class='ocrx_word' id='word_1_44' title='bbox 1107 605 1422 674; x_wconf 83' lang='lat' dir='ltr'><strong>iniquitates</strong></span> <span class='ocrx_word' id='word_1_45' title='bbox 1474 603 1727 654; x_wconf 76' lang='lat' dir='ltr'><strong>nostras,</strong></span> <span class='ocrx_word' id='word_1_46' title='bbox 1774 599 1827 643; x_wconf 90' lang='lat' dir='ltr'><strong>et</strong></span> <span class='ocrx_word' id='word_1_47' title='bbox 1860 601 1958 655; x_wconf 87' lang='lat' dir='ltr'><strong>pa-</strong></span> 
     </span>
    </p>
   </div>
   <div class='ocr_carea' id='block_1_7' title="bbox 388 676 2094 774">
    <p class='ocr_par' dir='ltr' id='par_1_7' title="bbox 388 676 2094 774">
     <span class='ocr_line' id='line_1_7' title="bbox 388 676 2094 774; baseline -0.029 0"><span class='ocrx_word' id='word_1_48' title='bbox 388 729 531 774; x_wconf 89' lang='lat' dir='ltr'><strong>trum</strong></span> <span class='ocrx_word' id='word_1_49' title='bbox 559 724 915 770; x_wconf 88' lang='lat' dir='ltr'><strong>nostrorum,</strong></span> <span class='ocrx_word' id='word_1_50' title='bbox 972 700 1298 756; x_wconf 84' lang='lat' dir='ltr'><strong>Jerusalem,</strong></span> <span class='ocrx_word' id='word_1_51' title='bbox 1356 699 1411 746; x_wconf 92' lang='lat' dir='ltr'><strong>et</strong></span> <span class='ocrx_word' id='word_1_52' title='bbox 1463 687 1693 759; x_wconf 87' lang='lat' dir='ltr'><strong>populus</strong></span> <span class='ocrx_word' id='word_1_53' title='bbox 1751 690 1874 734; x_wconf 88' lang='lat' dir='ltr'><strong>tuus</strong></span> <span class='ocrx_word' id='word_1_54' title='bbox 1905 678 1959 731; x_wconf 91' lang='lat' dir='ltr'><strong>in</strong></span> <span class='ocrx_word' id='word_1_55' title='bbox 2061 676 2094 744; x_wconf 78' lang='grc' dir='ltr'>ἡ</span> 
     </span>
    </p>
   </div>
   <div class='ocr_carea' id='block_1_8' title="bbox 1447 270 2555 350">
    <p class='ocr_par' dir='ltr' id='par_1_8' title="bbox 1447 270 2555 350">
     <span class='ocr_line' id='line_1_8' title="bbox 1447 270 2555 350; baseline -0.025 0"><span class='ocrx_word' id='word_1_56' title='bbox 1447 293 1696 350; x_wconf 69' lang='lat' dir='ltr'><strong>DANIEL</strong></span> <span class='ocrx_word' id='word_1_57' title='bbox 1750 284 1971 343; x_wconf 73' lang='lat' dir='ltr'><strong>JUXTA</strong></span> <span class='ocrx_word' id='word_1_58' title='bbox 2011 270 2555 335; x_wconf 64' lang='lat' dir='ltr'><strong>TllEUDOTlONEM</strong></span> 
     </span>
    </p>
   </div>
   <div class='ocr_carea' id='block_1_9' title="bbox 3469 242 3625 300">
    <p class='ocr_par' dir='ltr' id='par_1_9' title="bbox 3469 242 3625 300">
     <span class='ocr_line' id='line_1_9' title="bbox 3469 242 3625 300; baseline -0.038 0"><span class='ocrx_word' id='word_1_59' title='bbox 3469 242 3625 300; x_wconf 49' lang='grc' dir='ltr'>εδει</span> 
     </span>
    </p>
   </div>
   <div class='ocr_carea' id='block_1_10' title="bbox 2280 362 3637 463">
    <p class='ocr_par' dir='ltr' id='par_1_10' title="bbox 2280 362 3637 463">
     <span class='ocr_line' id='line_1_10' title="bbox 2280 362 3637 463; baseline -0.027 -17"><span class='ocrx_word' id='word_1_60' title='bbox 2280 393 2376 463; x_wconf 78' lang='grc' dir='ltr'>μός</span> <span class='ocrx_word' id='word_1_61' title='bbox 2410 407 2522 451; x_wconf 82' lang='grc' dir='ltr'>σου,</span> <span class='ocrx_word' id='word_1_62' title='bbox 2549 386 2642 439; x_wconf 71' lang='grc' dir='ltr'><strong>καὶ</strong></span> <span class='ocrx_word' id='word_1_63' title='bbox 2673 383 2705 451; x_wconf 81' lang='grc' dir='ltr'><strong>ἡ</strong></span> <span class='ocrx_word' id='word_1_64' title='bbox 2740 378 2875 448; x_wconf 83' lang='grc' dir='ltr'>ὀργή</span> <span class='ocrx_word' id='word_1_65' title='bbox 2900 392 2991 426; x_wconf 89' lang='grc' dir='ltr'><strong>σου</strong></span> <span class='ocrx_word' id='word_1_66' title='bbox 3033 370 3141 424; x_wconf 82' lang='grc' dir='ltr'>ἀπὸ</span> <span class='ocrx_word' id='word_1_67' title='bbox 3167 368 3267 437; x_wconf 81' lang='grc' dir='ltr'>τῆς</span> <span class='ocrx_word' id='word_1_68' title='bbox 3293 362 3496 425; x_wconf 82' lang='grc' dir='ltr'>πόλεώς</span> <span class='ocrx_word' id='word_1_69' title='bbox 3529 377 3637 412; x_wconf 85' lang='grc' dir='ltr'><strong>σου</strong></span> 
     </span>
    </p>
   </div>
   <div class='ocr_carea' id='block_1_11' title="bbox 2105 634 3640 743">
    <p class='ocr_par' dir='ltr' id='par_1_11' title="bbox 2105 634 3640 743">
     <span class='ocr_line' id='line_1_11' title="bbox 2105 634 3640 743; baseline -0.026 -18"><span class='ocrx_word' id='word_1_70' title='bbox 2105 634 2242 743; x_wconf 62' lang='grc' dir='ltr'>μῶν,</span> <span class='ocrx_word' id='word_1_71' title='bbox 2270 662 2642 735; x_wconf 77' lang='grc' dir='ltr'>Ἰερουσαλὴμ,</span> <span class='ocrx_word' id='word_1_72' title='bbox 2678 657 2771 711; x_wconf 71' lang='grc' dir='ltr'>καὶ</span> <span class='ocrx_word' id='word_1_73' title='bbox 2802 657 2831 707; x_wconf 88' lang='lat'><strong>6</strong></span> <span class='ocrx_word' id='word_1_74' title='bbox 2864 651 2995 712; x_wconf 87' lang='grc' dir='ltr'>λαός</span> <span class='ocrx_word' id='word_1_75' title='bbox 3054 663 3148 699; x_wconf 85' lang='grc' dir='ltr'><strong>σου</strong></span> <span class='ocrx_word' id='word_1_76' title='bbox 3202 643 3282 705; x_wconf 88' lang='grc' dir='ltr'><strong>είς</strong></span> <span class='ocrx_word' id='word_1_77' title='bbox 3327 634 3640 706; x_wconf 77' lang='grc' dir='ltr'><strong>ὀνειδισμὸν</strong></span> 
     </span>
    </p>
   </div>
   <div class='ocr_carea' id='block_1_12' title="bbox 389 736 2022 881">
    <p class='ocr_par' dir='ltr' id='par_1_12' title="bbox 389 736 1964 881">
     <span class='ocr_line' id='line_1_12' title="bbox 389 736 1687 774; baseline -0.029 0"><span class='ocrx_word' id='word_1_78' title='bbox 389 736 531 774; x_wconf 89' lang='lat' dir='ltr'><strong>trum</strong></span> <span class='ocrx_word' id='word_1_79' title='bbox 560 736 873 768; x_wconf 59' lang='lat' dir='ltr'><strong>[murorum</strong></span> <span class='ocrx_word' id='word_1_80' title='bbox 901 748 915 770; x_wconf 87' lang='lat'><strong>,</strong></span> <span class='ocrx_word' id='word_1_81' title='bbox 972 736 1298 756; x_wconf 68' lang='grc' dir='ltr'>σωυοιιιυιιη</span> <span class='ocrx_word' id='word_1_82' title='bbox 1358 736 1411 746; x_wconf 74' lang='grc' dir='ltr'><strong>ν-</strong></span> <span class='ocrx_word' id='word_1_83' title='bbox 1467 736 1583 759; x_wconf 42' lang='grc' dir='ltr'>περ</span> <span class='ocrx_word' id='word_1_84' title='bbox 1614 736 1687 738; x_wconf 37' lang='grc' dir='ltr'>νη</span> 
     </span>
     <span class='ocr_line' id='line_1_13' title="bbox 389 772 1964 881; baseline -0.027 -16"><span class='ocrx_word' id='word_1_85' title='bbox 389 807 746 881; x_wconf 79' lang='lat' dir='ltr'><strong>opprobrium</strong></span> <span class='ocrx_word' id='word_1_86' title='bbox 802 800 979 853; x_wconf 83' lang='lat' dir='ltr'><strong>factus</strong></span> <span class='ocrx_word' id='word_1_87' title='bbox 1034 802 1117 848; x_wconf 91' lang='lat' dir='ltr'><strong>est</strong></span> <span class='ocrx_word' id='word_1_88' title='bbox 1163 787 1440 847; x_wconf 91' lang='lat' dir='ltr'><strong>omnibus,</strong></span> <span class='ocrx_word' id='word_1_89' title='bbox 1507 780 1598 850; x_wconf 92' lang='lat' dir='ltr'><strong>qui</strong></span> <span class='ocrx_word' id='word_1_90' title='bbox 1634 778 1688 831; x_wconf 90' lang='lat' dir='ltr'><strong>iu</strong></span> <span class='ocrx_word' id='word_1_91' title='bbox 1729 772 1964 828; x_wconf 86' lang='lat' dir='ltr'><strong>circuitu</strong></span> 
     </span>
    </p>
   </div>
   <div class='ocr_carea' id='block_1_13' title="bbox 2136 736 3219 881">
    <p class='ocr_par' dir='ltr' id='par_1_13' title="bbox 2136 736 3219 817">
     <span class='ocr_line' id='line_1_14' title="bbox 2136 736 3219 817; baseline -0.028 -1"><span class='ocrx_word' id='word_1_92' title='bbox 2136 736 2284 816; x_wconf 84' lang='grc' dir='ltr'>ἐνετο</span> <span class='ocrx_word' id='word_1_93' title='bbox 2312 760 2370 811; x_wconf 83' lang='grc' dir='ltr'><strong>ἐν</strong></span> <span class='ocrx_word' id='word_1_94' title='bbox 2391 757 2527 809; x_wconf 80' lang='grc' dir='ltr'>πᾶσι</span> <span class='ocrx_word' id='word_1_95' title='bbox 2558 754 2669 815; x_wconf 88' lang='grc' dir='ltr'>τοῖς</span> <span class='ocrx_word' id='word_1_96' title='bbox 2699 741 3012 817; x_wconf 82' lang='grc' dir='ltr'>περικύκλῳ</span> <span class='ocrx_word' id='word_1_97' title='bbox 3038 736 3219 808; x_wconf 81' lang='grc' dir='ltr'>ἡμῶν.</span> 
     </span>
    </p>
   </div>
   <div class='ocr_carea' id='block_1_14' title="bbox 394 904 756 956">
    <p class='ocr_par' dir='ltr' id='par_1_14' title="bbox 394 904 756 956">
     <span class='ocr_line' id='line_1_15' title="bbox 394 904 756 956; baseline -0.019 0"><span class='ocrx_word' id='word_1_98' title='bbox 394 909 582 956; x_wconf 85' lang='lat' dir='ltr'><strong>nostro</strong></span> <span class='ocrx_word' id='word_1_99' title='bbox 608 904 756 951; x_wconf 89' lang='lat' dir='ltr'><strong>sunt.</strong></span> 
     </span>
    </p>
   </div>
   <div class='ocr_carea' id='block_1_15' title="bbox 466 954 1971 1044">
    <p class='ocr_par' dir='ltr' id='par_1_15' title="bbox 466 954 1971 1044">
     <span class='ocr_line' id='line_1_16' title="bbox 466 954 1971 1044; baseline -0.026 0"><span class='ocrx_word' id='word_1_100' title='bbox 466 992 551 1044; x_wconf 77' lang='lat' dir='ltr'><strong>t7.</strong></span> <span class='ocrx_word' id='word_1_101' title='bbox 600 990 667 1042; x_wconf 89' lang='lat' dir='ltr'><strong>Et</strong></span> <span class='ocrx_word' id='word_1_102' title='bbox 699 998 843 1039; x_wconf 90' lang='lat' dir='ltr'><strong>nunc</strong></span> <span class='ocrx_word' id='word_1_103' title='bbox 875 977 1091 1037; x_wconf 80' lang='lat' dir='ltr'><strong>exaudi,</strong></span> <span class='ocrx_word' id='word_1_104' title='bbox 1127 970 1352 1025; x_wconf 87' lang='lat' dir='ltr'><strong>Domine</strong></span> <span class='ocrx_word' id='word_1_105' title='bbox 1370 967 1511 1020; x_wconf 83' lang='lat' dir='ltr'><strong>Deus</strong></span> <span class='ocrx_word' id='word_1_106' title='bbox 1530 971 1736 1023; x_wconf 88' lang='lat' dir='ltr'><strong>noster,</strong></span> <span class='ocrx_word' id='word_1_107' title='bbox 1765 954 1971 1011; x_wconf 82' lang='lat' dir='ltr'><strong>oratio-</strong></span> 
     </span>
    </p>
   </div>
   <div class='ocr_carea' id='block_1_16' title="bbox 397 1046 1968 1139">
    <p class='ocr_par' dir='ltr' id='par_1_16' title="bbox 397 1046 1968 1139">
     <span class='ocr_line' id='line_1_17' title="bbox 397 1046 1968 1139; baseline -0.025 -2"><span class='ocrx_word' id='word_1_108' title='bbox 397 1100 518 1138; x_wconf 83' lang='lat' dir='ltr'><strong>nem</strong></span> <span class='ocrx_word' id='word_1_109' title='bbox 545 1079 688 1134; x_wconf 91' lang='lat' dir='ltr'><strong>servi</strong></span> <span class='ocrx_word' id='word_1_110' title='bbox 718 1085 818 1139; x_wconf 81' lang='lat' dir='ltr'><strong>tui,</strong></span> <span class='ocrx_word' id='word_1_111' title='bbox 858 1082 913 1126; x_wconf 91' lang='lat' dir='ltr'><strong>et</strong></span> <span class='ocrx_word' id='word_1_112' title='bbox 957 1080 1146 1138; x_wconf 83' lang='lat' dir='ltr'><strong>preces</strong></span> <span class='ocrx_word' id='word_1_113' title='bbox 1196 1062 1351 1132; x_wconf 81' lang='lat' dir='ltr'><strong>ejus,</strong></span> <span class='ocrx_word' id='word_1_114' title='bbox 1409 1065 1465 1112; x_wconf 89' lang='lat' dir='ltr'><strong>et</strong></span> <span class='ocrx_word' id='word_1_115' title='bbox 1512 1051 1740 1108; x_wconf 90' lang='lat' dir='ltr'><strong>ostende</strong></span> <span class='ocrx_word' id='word_1_116' title='bbox 1772 1046 1968 1102; x_wconf 80' lang='lat' dir='ltr'><strong>faciem</strong></span> 
     </span>
    </p>
   </div>
   <div class='ocr_carea' id='block_1_17' title="bbox 399 1145 1970 1239">
    <p class='ocr_par' dir='ltr' id='par_1_17' title="bbox 399 1145 1970 1239">
     <span class='ocr_line' id='line_1_18' title="bbox 399 1145 1970 1239; baseline -0.026 -9"><span class='ocrx_word' id='word_1_117' title='bbox 399 1189 547 1230; x_wconf 86' lang='lat' dir='ltr'><strong>tuam</strong></span> <span class='ocrx_word' id='word_1_118' title='bbox 581 1186 747 1239; x_wconf 88' lang='lat' dir='ltr'><strong>super</strong></span> <span class='ocrx_word' id='word_1_119' title='bbox 770 1162 1143 1221; x_wconf 81' lang='lat' dir='ltr'><strong>sanctuarium</strong></span> <span class='ocrx_word' id='word_1_120' title='bbox 1176 1164 1356 1217; x_wconf 91' lang='lat' dir='ltr'><strong>tuum,</strong></span> <span class='ocrx_word' id='word_1_121' title='bbox 1385 1148 1529 1220; x_wconf 89' lang='lat' dir='ltr'><strong>quod</strong></span> <span class='ocrx_word' id='word_1_122' title='bbox 1561 1147 1834 1199; x_wconf 90' lang='lat' dir='ltr'><strong>desertum</strong></span> <span class='ocrx_word' id='word_1_123' title='bbox 1866 1145 1970 1202; x_wconf 88' lang='lat' dir='ltr'><strong>est,</strong></span> 
     </span>
    </p>
   </div>
   <div class='ocr_carea' id='block_1_18' title="bbox 399 1256 1005 1340">
    <p class='ocr_par' dir='ltr' id='par_1_18' title="bbox 399 1256 1005 1340">
     <span class='ocr_line' id='line_1_19' title="bbox 399 1256 1005 1340; baseline -0.028 -18"><span class='ocrx_word' id='word_1_124' title='bbox 399 1277 622 1340; x_wconf 84' lang='lat' dir='ltr'><strong>propter</strong></span> <span class='ocrx_word' id='word_1_125' title='bbox 654 1273 727 1323; x_wconf 90' lang='lat' dir='ltr'><strong>te,</strong></span> <span class='ocrx_word' id='word_1_126' title='bbox 757 1256 1005 1312; x_wconf 85' lang='lat' dir='ltr'><strong>Domine.</strong></span> 
     </span>
    </p>
   </div>
   <div class='ocr_carea' id='block_1_19' title="bbox 475 1319 1969 1413">
    <p class='ocr_par' dir='ltr' id='par_1_19' title="bbox 475 1319 1969 1413">
     <span class='ocr_line' id='line_1_20' title="bbox 475 1319 1969 1413; baseline -0.027 -1"><span class='ocrx_word' id='word_1_127' title='bbox 475 1361 561 1411; x_wconf 81' lang='grc'><strong>18.</strong></span> <span class='ocrx_word' id='word_1_128' title='bbox 605 1354 832 1413; x_wconf 89' lang='lat' dir='ltr'><strong>lnclina,</strong></span> <span class='ocrx_word' id='word_1_129' title='bbox 868 1348 1007 1400; x_wconf 88' lang='lat' dir='ltr'><strong>Deus</strong></span> <span class='ocrx_word' id='word_1_130' title='bbox 1042 1354 1216 1401; x_wconf 88' lang='lat' dir='ltr'><strong>meus,</strong></span> <span class='ocrx_word' id='word_1_131' title='bbox 1264 1347 1451 1388; x_wconf 89' lang='lat' dir='ltr'><strong>aurem</strong></span> <span class='ocrx_word' id='word_1_132' title='bbox 1503 1337 1674 1385; x_wconf 88' lang='lat' dir='ltr'><strong>tuam,</strong></span> <span class='ocrx_word' id='word_1_133' title='bbox 1722 1330 1774 1376; x_wconf 91' lang='lat' dir='ltr'><strong>et</strong></span> <span class='ocrx_word' id='word_1_134' title='bbox 1807 1319 1969 1374; x_wconf 82' lang='lat' dir='ltr'><strong>audi:</strong></span> 
     </span>
    </p>
   </div>
   <div class='ocr_carea' id='block_1_20' title="bbox 407 1415 1985 1518">
    <p class='ocr_par' dir='ltr' id='par_1_20' title="bbox 407 1415 1985 1518">
     <span class='ocr_line' id='line_1_21' title="bbox 407 1415 1985 1518; baseline -0.027 -14"><span class='ocrx_word' id='word_1_135' title='bbox 407 1449 555 1518; x_wconf 88' lang='lat' dir='ltr'><strong>aperi</strong></span> <span class='ocrx_word' id='word_1_136' title='bbox 587 1444 775 1499; x_wconf 84' lang='lat' dir='ltr'><strong>oculos</strong></span> <span class='ocrx_word' id='word_1_137' title='bbox 800 1449 946 1501; x_wconf 86' lang='lat' dir='ltr'><strong>tuos,</strong></span> <span class='ocrx_word' id='word_1_138' title='bbox 975 1443 1027 1489; x_wconf 90' lang='lat' dir='ltr'><strong>et</strong></span> <span class='ocrx_word' id='word_1_139' title='bbox 1055 1432 1177 1485; x_wconf 90' lang='lat' dir='ltr'><strong>vide</strong></span> <span class='ocrx_word' id='word_1_140' title='bbox 1220 1422 1612 1480; x_wconf 87' lang='lat' dir='ltr'><strong>desolationem</strong></span> <span class='ocrx_word' id='word_1_141' title='bbox 1645 1422 1908 1471; x_wconf 88' lang='lat' dir='ltr'><strong>nostram,</strong></span> <span class='ocrx_word' id='word_1_142' title='bbox 1931 1415 1985 1461; x_wconf 87' lang='lat' dir='ltr'><strong>et</strong></span> 
     </span>
    </p>
   </div>
   <div class='ocr_carea' id='block_1_21' title="bbox 409 1500 1982 1598">
    <p class='ocr_par' dir='ltr' id='par_1_21' title="bbox 409 1500 1982 1598">
     <span class='ocr_line' id='line_1_22' title="bbox 409 1500 1982 1598; baseline -0.028 -2"><span class='ocrx_word' id='word_1_143' title='bbox 409 1540 644 1597; x_wconf 89' lang='lat' dir='ltr'><strong>civitatis</strong></span> <span class='ocrx_word' id='word_1_144' title='bbox 669 1546 791 1596; x_wconf 69' lang='lat' dir='ltr'><strong>tute,</strong></span> <span class='ocrx_word' id='word_1_145' title='bbox 824 1533 879 1584; x_wconf 91' lang='lat' dir='ltr'><strong>in</strong></span> <span class='ocrx_word' id='word_1_146' title='bbox 911 1543 1019 1598; x_wconf 84' lang='lat' dir='ltr'><strong>qua</strong></span> <span class='ocrx_word' id='word_1_147' title='bbox 1055 1526 1367 1577; x_wconf 81' lang='lat' dir='ltr'><strong>invocatum</strong></span> <span class='ocrx_word' id='word_1_148' title='bbox 1402 1522 1487 1567; x_wconf 68' lang='lat' dir='ltr'><strong>est.</strong></span> <span class='ocrx_word' id='word_1_149' title='bbox 1522 1522 1717 1562; x_wconf 88' lang='lat' dir='ltr'><strong>nomen</strong></span> <span class='ocrx_word' id='word_1_150' title='bbox 1746 1514 1897 1557; x_wconf 89' lang='lat' dir='ltr'><strong>tuum</strong></span> <span class='ocrx_word' id='word_1_151' title='bbox 1929 1500 1982 1553; x_wconf 90' lang='lat' dir='ltr'><strong>in</strong></span> 
     </span>
    </p>
   </div>
   <div class='ocr_carea' id='block_1_22' title="bbox 411 1600 1986 1699">
    <p class='ocr_par' dir='ltr' id='par_1_22' title="bbox 411 1600 1986 1699">
     <span class='ocr_line' id='line_1_23' title="bbox 411 1600 1986 1699; baseline -0.029 -10"><span class='ocrx_word' id='word_1_152' title='bbox 411 1651 472 1688; x_wconf 75' lang='lat' dir='ltr'><strong>ea</strong></span> <span class='ocrx_word' id='word_1_153' title='bbox 503 1653 515 1687; x_wconf 92' lang='lat'><strong>:</strong></span> <span class='ocrx_word' id='word_1_154' title='bbox 554 1633 681 1699; x_wconf 84' lang='lat' dir='ltr'><strong>quia</strong></span> <span class='ocrx_word' id='word_1_155' title='bbox 714 1642 818 1681; x_wconf 92' lang='lat' dir='ltr'><strong>non</strong></span> <span class='ocrx_word' id='word_1_156' title='bbox 870 1624 923 1677; x_wconf 88' lang='lat' dir='ltr'><strong>in</strong></span> <span class='ocrx_word' id='word_1_157' title='bbox 953 1609 1446 1689; x_wconf 85' lang='lat' dir='ltr'><strong>justiﬁcationibus</strong></span> <span class='ocrx_word' id='word_1_158' title='bbox 1480 1600 1686 1657; x_wconf 85' lang='lat' dir='ltr'><strong>nostris</strong></span> <span class='ocrx_word' id='word_1_159' title='bbox 1726 1610 1825 1649; x_wconf 85' lang='lat' dir='ltr'><strong>nos</strong></span> <span class='ocrx_word' id='word_1_160' title='bbox 1857 1607 1986 1662; x_wconf 84' lang='lat' dir='ltr'><strong>pro-</strong></span> 
     </span>
    </p>
   </div>
   <div class='ocr_carea' id='block_1_23' title="bbox 414 1684 1989 1781">
    <p class='ocr_par' dir='ltr' id='par_1_23' title="bbox 414 1684 1989 1781">
     <span class='ocr_line' id='line_1_24' title="bbox 414 1684 1989 1781; baseline -0.03 0"><span class='ocrx_word' id='word_1_161' title='bbox 414 1724 712 1781; x_wconf 84' lang='lat' dir='ltr'><strong>sternimus</strong></span> <span class='ocrx_word' id='word_1_162' title='bbox 739 1712 1145 1772; x_wconf 86' lang='lat' dir='ltr'><strong>miserationem</strong></span> <span class='ocrx_word' id='word_1_163' title='bbox 1177 1715 1361 1758; x_wconf 83' lang='lat' dir='ltr'><strong>ceram</strong></span> <span class='ocrx_word' id='word_1_164' title='bbox 1387 1707 1461 1760; x_wconf 91' lang='lat' dir='ltr'><strong>te,</strong></span> <span class='ocrx_word' id='word_1_165' title='bbox 1500 1693 1595 1748; x_wconf 83' lang='lat' dir='ltr'><strong>sed</strong></span> <span class='ocrx_word' id='word_1_166' title='bbox 1639 1701 1799 1758; x_wconf 87' lang='lat' dir='ltr'><strong>super</strong></span> <span class='ocrx_word' id='word_1_167' title='bbox 1826 1684 1989 1738; x_wconf 86' lang='lat' dir='ltr'><strong>mise-</strong></span> 
     </span>
    </p>
   </div>
   <div class='ocr_carea' id='block_1_24' title="bbox 417 1793 1345 1874">
    <p class='ocr_par' dir='ltr' id='par_1_24' title="bbox 417 1793 1345 1874">
     <span class='ocr_line' id='line_1_25' title="bbox 417 1793 1345 1874; baseline -0.034 0"><span class='ocrx_word' id='word_1_168' title='bbox 417 1820 660 1874; x_wconf 79' lang='lat' dir='ltr'><strong>rationes</strong></span> <span class='ocrx_word' id='word_1_169' title='bbox 694 1822 817 1865; x_wconf 90' lang='lat' dir='ltr'><strong>tuas</strong></span> <span class='ocrx_word' id='word_1_170' title='bbox 840 1804 1061 1865; x_wconf 87' lang='lat' dir='ltr'><strong>multas,</strong></span> <span class='ocrx_word' id='word_1_171' title='bbox 1096 1793 1345 1849; x_wconf 88' lang='lat' dir='ltr'><strong>Domine.</strong></span> 
     </span>
    </p>
   </div>
   <div class='ocr_carea' id='block_1_25' title="bbox 488 1863 1995 1962">
    <p class='ocr_par' dir='ltr' id='par_1_25' title="bbox 488 1863 1995 1962">
     <span class='ocr_line' id='line_1_26' title="bbox 488 1863 1995 1962; baseline -0.032 0"><span class='ocrx_word' id='word_1_172' title='bbox 488 1909 575 1962; x_wconf 76' lang='grc'><strong>19.</strong></span> <span class='ocrx_word' id='word_1_173' title='bbox 597 1901 825 1962; x_wconf 79' lang='lat' dir='ltr'><strong>Exaudi,</strong></span> <span class='ocrx_word' id='word_1_174' title='bbox 857 1863 1105 1949; x_wconf 87' lang='lat' dir='ltr'><strong>Domine.</strong></span> <span class='ocrx_word' id='word_1_175' title='bbox 1125 1882 1450 1957; x_wconf 88' lang='lat' dir='ltr'><strong>propitiare,</strong></span> <span class='ocrx_word' id='word_1_176' title='bbox 1471 1873 1721 1933; x_wconf 90' lang='lat' dir='ltr'><strong>Domine,</strong></span> <span class='ocrx_word' id='word_1_177' title='bbox 1758 1863 1995 1925; x_wconf 88' lang='lat' dir='ltr'><strong>attende,</strong></span> 
     </span>
    </p>
   </div>
   <div class='ocr_carea' id='block_1_26' title="bbox 416 1965 2002 2060">
    <p class='ocr_par' dir='ltr' id='par_1_26' title="bbox 416 1965 2002 2060">
     <span class='ocr_line' id='line_1_27' title="bbox 416 1965 2002 2060; baseline -0.03 -5"><span class='ocrx_word' id='word_1_178' title='bbox 416 1998 665 2060; x_wconf 88' lang='lat' dir='ltr'><strong>Domine,</strong></span> <span class='ocrx_word' id='word_1_179' title='bbox 701 1992 806 2056; x_wconf 82' lang='lat' dir='ltr'><strong>fac,</strong></span> <span class='ocrx_word' id='word_1_180' title='bbox 842 1984 1069 2039; x_wconf 89' lang='lat' dir='ltr'><strong>Domine</strong></span> <span class='ocrx_word' id='word_1_181' title='bbox 1119 1996 1133 2033; x_wconf 92' lang='lat'>:</span> <span class='ocrx_word' id='word_1_182' title='bbox 1172 1986 1227 2031; x_wconf 91' lang='lat' dir='ltr'><strong>et</strong></span> <span class='ocrx_word' id='word_1_183' title='bbox 1288 1988 1356 2027; x_wconf 92' lang='lat' dir='ltr'><strong>ne</strong></span> <span class='ocrx_word' id='word_1_184' title='bbox 1414 1966 1644 2024; x_wconf 91' lang='lat' dir='ltr'><strong>moreris</strong></span> <span class='ocrx_word' id='word_1_185' title='bbox 1672 1970 1891 2032; x_wconf 84' lang='lat' dir='ltr'><strong>propter</strong></span> <span class='ocrx_word' id='word_1_186' title='bbox 1946 1965 2002 2010; x_wconf 90' lang='lat' dir='ltr'><strong>te</strong></span> 
     </span>
    </p>
   </div>
   <div class='ocr_carea' id='block_1_27' title="bbox 420 2053 1994 2162">
    <p class='ocr_par' dir='ltr' id='par_1_27' title="bbox 420 2053 1994 2162">
     <span class='ocr_line' id='line_1_28' title="bbox 420 2053 1994 2162; baseline -0.029 -18"><span class='ocrx_word' id='word_1_187' title='bbox 420 2094 620 2162; x_wconf 78' lang='lat' dir='ltr'><strong>ipsum,</strong></span> <span class='ocrx_word' id='word_1_188' title='bbox 661 2085 802 2138; x_wconf 91' lang='lat' dir='ltr'><strong>Deus</strong></span> <span class='ocrx_word' id='word_1_189' title='bbox 828 2093 980 2133; x_wconf 86' lang='lat' dir='ltr'><strong>meus</strong></span> <span class='ocrx_word' id='word_1_190' title='bbox 1013 2090 1026 2126; x_wconf 89' lang='lat'><strong>:</strong></span> <span class='ocrx_word' id='word_1_191' title='bbox 1060 2069 1317 2142; x_wconf 88' lang='lat' dir='ltr'><strong>quoniam</strong></span> <span class='ocrx_word' id='word_1_192' title='bbox 1357 2075 1559 2117; x_wconf 89' lang='lat' dir='ltr'><strong>nomen</strong></span> <span class='ocrx_word' id='word_1_193' title='bbox 1588 2066 1742 2111; x_wconf 83' lang='lat' dir='ltr'><strong>tuum</strong></span> <span class='ocrx_word' id='word_1_194' title='bbox 1771 2053 1994 2105; x_wconf 86' lang='lat' dir='ltr'><strong>invoca-</strong></span> 
     </span>
    </p>
   </div>
   <div class='ocr_carea' id='block_1_28' title="bbox 419 2146 2001 2242">
    <p class='ocr_par' dir='ltr' id='par_1_28' title="bbox 419 2146 2001 2242">
     <span class='ocr_line' id='line_1_29' title="bbox 419 2146 2001 2242; baseline -0.028 -8"><span class='ocrx_word' id='word_1_195' title='bbox 419 2146 532 2234; x_wconf 61' lang='lat' dir='ltr'><strong>tiun</strong></span> <span class='ocrx_word' id='word_1_196' title='bbox 548 2185 629 2232; x_wconf 91' lang='lat' dir='ltr'><strong>est</strong></span> <span class='ocrx_word' id='word_1_197' title='bbox 651 2188 812 2242; x_wconf 90' lang='lat' dir='ltr'><strong>super</strong></span> <span class='ocrx_word' id='word_1_198' title='bbox 833 2168 1104 2224; x_wconf 88' lang='lat' dir='ltr'><strong>civitatem</strong></span> <span class='ocrx_word' id='word_1_199' title='bbox 1125 2162 1357 2222; x_wconf 86' lang='lat' dir='ltr'><strong>tuam,et</strong></span> <span class='ocrx_word' id='word_1_200' title='bbox 1372 2166 1535 2221; x_wconf 91' lang='lat' dir='ltr'><strong>super</strong></span> <span class='ocrx_word' id='word_1_201' title='bbox 1550 2146 1806 2219; x_wconf 91' lang='lat' dir='ltr'><strong>populum</strong></span> <span class='ocrx_word' id='word_1_202' title='bbox 1828 2151 2001 2194; x_wconf 87' lang='lat' dir='ltr'><strong>tuum.</strong></span> 
     </span>
    </p>
   </div>
   <div class='ocr_carea' id='block_1_29' title="bbox 490 2231 2008 2327">
    <p class='ocr_par' dir='ltr' id='par_1_29' title="bbox 490 2231 2008 2327">
     <span class='ocr_line' id='line_1_30' title="bbox 490 2231 2008 2327; baseline -0.03 1"><span class='ocrx_word' id='word_1_203' title='bbox 490 2274 583 2327; x_wconf 64' lang='lat'><strong>90.</strong></span> <span class='ocrx_word' id='word_1_204' title='bbox 630 2270 693 2322; x_wconf 86' lang='lat' dir='ltr'><strong>Et</strong></span> <span class='ocrx_word' id='word_1_205' title='bbox 720 2231 899 2321; x_wconf 73' lang='lat' dir='ltr'><strong>adhuc</strong></span> <span class='ocrx_word' id='word_1_206' title='bbox 933 2274 1021 2313; x_wconf 92' lang='lat' dir='ltr'><strong>me</strong></span> <span class='ocrx_word' id='word_1_207' title='bbox 1047 2258 1303 2325; x_wconf 87' lang='lat' dir='ltr'><strong>loquente</strong></span> <span class='ocrx_word' id='word_1_208' title='bbox 1325 2288 1341 2314; x_wconf 93' lang='lat'><strong>,</strong></span> <span class='ocrx_word' id='word_1_209' title='bbox 1400 2255 1454 2300; x_wconf 89' lang='lat' dir='ltr'><strong>et</strong></span> <span class='ocrx_word' id='word_1_210' title='bbox 1510 2251 1721 2298; x_wconf 89' lang='lat' dir='ltr'><strong>orante,</strong></span> <span class='ocrx_word' id='word_1_211' title='bbox 1755 2243 1810 2289; x_wconf 90' lang='lat' dir='ltr'><strong>et</strong></span> <span class='ocrx_word' id='word_1_212' title='bbox 1840 2231 2008 2287; x_wconf 87' lang='lat' dir='ltr'><strong>conli-</strong></span> 
     </span>
    </p>
   </div>
   <div class='ocr_carea' id='block_1_30' title="bbox 428 2321 2010 2429">
    <p class='ocr_par' dir='ltr' id='par_1_30' title="bbox 428 2321 2010 2429">
     <span class='ocr_line' id='line_1_31' title="bbox 428 2321 2010 2429; baseline -0.03 -12"><span class='ocrx_word' id='word_1_213' title='bbox 428 2372 571 2417; x_wconf 86' lang='lat' dir='ltr'><strong>teute</strong></span> <span class='ocrx_word' id='word_1_214' title='bbox 602 2363 823 2429; x_wconf 79' lang='lat' dir='ltr'><strong>peccata</strong></span> <span class='ocrx_word' id='word_1_215' title='bbox 849 2364 966 2403; x_wconf 89' lang='lat' dir='ltr'><strong>mea</strong></span> <span class='ocrx_word' id='word_1_216' title='bbox 995 2389 1009 2413; x_wconf 90' lang='lat'><strong>,</strong></span> <span class='ocrx_word' id='word_1_217' title='bbox 1041 2355 1095 2399; x_wconf 90' lang='lat' dir='ltr'><strong>et</strong></span> <span class='ocrx_word' id='word_1_218' title='bbox 1124 2347 1343 2413; x_wconf 88' lang='lat' dir='ltr'><strong>peccata</strong></span> <span class='ocrx_word' id='word_1_219' title='bbox 1372 2331 1560 2404; x_wconf 82' lang='lat' dir='ltr'><strong>populi</strong></span> <span class='ocrx_word' id='word_1_220' title='bbox 1590 2328 1692 2382; x_wconf 91' lang='lat' dir='ltr'><strong>mei</strong></span> <span class='ocrx_word' id='word_1_221' title='bbox 1736 2321 1921 2385; x_wconf 88' lang='lat' dir='ltr'><strong>Israel,</strong></span> <span class='ocrx_word' id='word_1_222' title='bbox 1954 2328 2010 2373; x_wconf 91' lang='lat' dir='ltr'><strong>et</strong></span> 
     </span>
    </p>
   </div>
   <div class='ocr_carea' id='block_1_31' title="bbox 429 2432 1738 2523">
    <p class='ocr_par' dir='ltr' id='par_1_31' title="bbox 429 2432 1738 2523">
     <span class='ocr_line' id='line_1_32' title="bbox 429 2432 1738 2523; baseline -0.031 -16"><span class='ocrx_word' id='word_1_223' title='bbox 429 2454 813 2523; x_wconf 86' lang='lat' dir='ltr'><strong>prosternente</strong></span> <span class='ocrx_word' id='word_1_224' title='bbox 859 2433 1269 2493; x_wconf 89' lang='lat' dir='ltr'><strong>miserationem</strong></span> <span class='ocrx_word' id='word_1_225' title='bbox 1325 2437 1503 2479; x_wconf 83' lang='lat' dir='ltr'><strong>meam</strong></span> <span class='ocrx_word' id='word_1_226' title='bbox 1555 2432 1738 2473; x_wconf 88' lang='lat' dir='ltr'><strong>coram</strong></span> 
     </span>
    </p>
   </div>
   <div class='ocr_carea' id='block_1_32' title="bbox 431 2507 1778 2606">
    <p class='ocr_par' dir='ltr' id='par_1_32' title="bbox 431 2507 1778 2606">
     <span class='ocr_line' id='line_1_33' title="bbox 431 2507 1778 2606; baseline -0.031 -6"><span class='ocrx_word' id='word_1_227' title='bbox 431 2547 542 2599; x_wconf 88' lang='lat' dir='ltr'><strong>Deo</strong></span> <span class='ocrx_word' id='word_1_228' title='bbox 572 2554 714 2601; x_wconf 89' lang='lat' dir='ltr'><strong>meo,</strong></span> <span class='ocrx_word' id='word_1_229' title='bbox 746 2550 845 2606; x_wconf 92' lang='lat' dir='ltr'><strong>pro</strong></span> <span class='ocrx_word' id='word_1_230' title='bbox 867 2537 1051 2585; x_wconf 91' lang='lat' dir='ltr'><strong>monte</strong></span> <span class='ocrx_word' id='word_1_231' title='bbox 1080 2531 1272 2581; x_wconf 86' lang='lat' dir='ltr'><strong>sancto</strong></span> <span class='ocrx_word' id='word_1_232' title='bbox 1304 2516 1478 2574; x_wconf 85' lang='lat' dir='ltr'><strong>sancti</strong></span> <span class='ocrx_word' id='word_1_233' title='bbox 1526 2511 1622 2566; x_wconf 91' lang='lat' dir='ltr'><strong>Dei</strong></span> <span class='ocrx_word' id='word_1_234' title='bbox 1653 2507 1778 2561; x_wconf 71' lang='lat' dir='ltr'><strong>mei.</strong></span> 
     </span>
    </p>
   </div>
   <div class='ocr_carea' id='block_1_33' title="bbox 504 2688 2019 2770">
    <p class='ocr_par' dir='ltr' id='par_1_33' title="bbox 504 2688 2019 2770">
     <span class='ocr_line' id='line_1_34' title="bbox 504 2688 2019 2770; baseline -0.025 1"><span class='ocrx_word' id='word_1_235' title='bbox 504 2718 596 2770; x_wconf 62' lang='grc' dir='ltr'>ει.</span> <span class='ocrx_word' id='word_1_236' title='bbox 638 2714 705 2767; x_wconf 84' lang='lat' dir='ltr'><strong>Et</strong></span> <span class='ocrx_word' id='word_1_237' title='bbox 730 2710 907 2765; x_wconf 86' lang='lat' dir='ltr'><strong>adhuc</strong></span> <span class='ocrx_word' id='word_1_238' title='bbox 934 2718 1022 2759; x_wconf 87' lang='lat' dir='ltr'><strong>me</strong></span> <span class='ocrx_word' id='word_1_239' title='bbox 1058 2703 1316 2770; x_wconf 90' lang='lat' dir='ltr'><strong>loquente</strong></span> <span class='ocrx_word' id='word_1_240' title='bbox 1375 2694 1430 2748; x_wconf 92' lang='lat' dir='ltr'><strong>in</strong></span> <span class='ocrx_word' id='word_1_241' title='bbox 1484 2688 1755 2751; x_wconf 87' lang='lat' dir='ltr'><strong>oratione,</strong></span> <span class='ocrx_word' id='word_1_242' title='bbox 1784 2693 1837 2738; x_wconf 88' lang='lat' dir='ltr'><strong>ct</strong></span> <span class='ocrx_word' id='word_1_243' title='bbox 1890 2692 2019 2737; x_wconf 90' lang='lat' dir='ltr'><strong>ecce</strong></span> 
     </span>
    </p>
   </div>
   <div class='ocr_carea' id='block_1_34' title="bbox 438 2774 2019 2871">
    <p class='ocr_par' dir='ltr' id='par_1_34' title="bbox 438 2774 2019 2871">
     <span class='ocr_line' id='line_1_35' title="bbox 438 2774 2019 2871; baseline -0.026 -5"><span class='ocrx_word' id='word_1_244' title='bbox 438 2812 523 2865; x_wconf 86' lang='lat' dir='ltr'><strong>vir</strong></span> <span class='ocrx_word' id='word_1_245' title='bbox 552 2804 799 2867; x_wconf 90' lang='lat' dir='ltr'><strong>Gabriel,</strong></span> <span class='ocrx_word' id='word_1_246' title='bbox 825 2813 989 2871; x_wconf 88' lang='lat' dir='ltr'><strong>quem</strong></span> <span class='ocrx_word' id='word_1_247' title='bbox 1024 2795 1263 2851; x_wconf 87' lang='lat' dir='ltr'><strong>videram</strong></span> <span class='ocrx_word' id='word_1_248' title='bbox 1293 2789 1348 2841; x_wconf 91' lang='lat' dir='ltr'><strong>in</strong></span> <span class='ocrx_word' id='word_1_249' title='bbox 1374 2784 1586 2839; x_wconf 79' lang='lat' dir='ltr'><strong>visione</strong></span> <span class='ocrx_word' id='word_1_250' title='bbox 1616 2795 1733 2834; x_wconf 88' lang='lat' dir='ltr'><strong>mea</strong></span> <span class='ocrx_word' id='word_1_251' title='bbox 1779 2778 1832 2830; x_wconf 92' lang='lat' dir='ltr'><strong>in</strong></span> <span class='ocrx_word' id='word_1_252' title='bbox 1866 2774 2019 2845; x_wconf 86' lang='lat' dir='ltr'><strong>prin-</strong></span> 
     </span>
    </p>
   </div>
   <div class='ocr_carea' id='block_1_35' title="bbox 442 2868 2022 2973">
    <p class='ocr_par' dir='ltr' id='par_1_35' title="bbox 442 2868 2022 2973">
     <span class='ocr_line' id='line_1_36' title="bbox 442 2868 2022 2973; baseline -0.024 -15"><span class='ocrx_word' id='word_1_253' title='bbox 442 2903 609 2973; x_wconf 87' lang='lat' dir='ltr'><strong>cipio,</strong></span> <span class='ocrx_word' id='word_1_254' title='bbox 646 2897 857 2961; x_wconf 86' lang='lat' dir='ltr'><strong>volans,</strong></span> <span class='ocrx_word' id='word_1_255' title='bbox 882 2899 936 2947; x_wconf 91' lang='lat' dir='ltr'><strong>et</strong></span> <span class='ocrx_word' id='word_1_256' title='bbox 969 2886 1146 2956; x_wconf 80' lang='lat' dir='ltr'><strong>tetigit</strong></span> <span class='ocrx_word' id='word_1_257' title='bbox 1176 2898 1265 2938; x_wconf 81' lang='lat' dir='ltr'><strong>me</strong></span> <span class='ocrx_word' id='word_1_258' title='bbox 1286 2877 1446 2950; x_wconf 84' lang='lat' dir='ltr'><strong>quasi</strong></span> <span class='ocrx_word' id='word_1_259' title='bbox 1473 2877 1606 2929; x_wconf 89' lang='lat' dir='ltr'><strong>hora</strong></span> <span class='ocrx_word' id='word_1_260' title='bbox 1641 2868 1897 2927; x_wconf 85' lang='lat' dir='ltr'><strong>sacriﬁcii</strong></span> <span class='ocrx_word' id='word_1_261' title='bbox 1927 2882 2022 2921; x_wconf 89' lang='lat' dir='ltr'><strong>ve-</strong></span> 
     </span>
    </p>
   </div>
   <div class='ocr_carea' id='block_1_36' title="bbox 515 3056 2093 3146">
    <p class='ocr_par' dir='ltr' id='par_1_36' title="bbox 515 3056 2093 3146">
     <span class='ocr_line' id='line_1_37' title="bbox 515 3056 2093 3146; baseline -0.027 -6"><span class='ocrx_word' id='word_1_262' title='bbox 515 3085 606 3139; x_wconf 74' lang='grc'><strong>22.</strong></span> <span class='ocrx_word' id='word_1_263' title='bbox 647 3083 715 3137; x_wconf 87' lang='lat' dir='ltr'><strong>Et</strong></span> <span class='ocrx_word' id='word_1_264' title='bbox 746 3074 1047 3142; x_wconf 74' lang='lat' dir='ltr'><strong>intelligere</strong></span> <span class='ocrx_word' id='word_1_265' title='bbox 1082 3067 1211 3124; x_wconf 79' lang='lat' dir='ltr'><strong>fecit</strong></span> <span class='ocrx_word' id='word_1_266' title='bbox 1255 3077 1343 3118; x_wconf 91' lang='lat' dir='ltr'><strong>me</strong></span> <span class='ocrx_word' id='word_1_267' title='bbox 1381 3101 1397 3127; x_wconf 97' lang='lat'><strong>,</strong></span> <span class='ocrx_word' id='word_1_268' title='bbox 1429 3068 1484 3113; x_wconf 86' lang='lat' dir='ltr'><strong>et</strong></span> <span class='ocrx_word' id='word_1_269' title='bbox 1525 3056 1745 3112; x_wconf 90' lang='lat' dir='ltr'><strong>locutus</strong></span> <span class='ocrx_word' id='word_1_270' title='bbox 1777 3059 1860 3105; x_wconf 86' lang='lat' dir='ltr'><strong>est</strong></span> <span class='ocrx_word' id='word_1_271' title='bbox 1906 3061 2024 3102; x_wconf 77' lang='lat' dir='ltr'><strong>me-</strong></span> <span class='ocrx_word' id='word_1_272' title='bbox 2050 3088 2093 3146; x_wconf 79' lang='lat' dir='ltr'><strong>C</strong></span> 
     </span>
    </p>
   </div>
   <div class='ocr_carea' id='block_1_37' title="bbox 446 3137 2023 3240">
    <p class='ocr_par' dir='ltr' id='par_1_37' title="bbox 446 3137 2023 3240">
     <span class='ocr_line' id='line_1_38' title="bbox 446 3137 2023 3240; baseline -0.027 -7"><span class='ocrx_word' id='word_1_273' title='bbox 446 3192 597 3240; x_wconf 85' lang='lat' dir='ltr'><strong>cum,</strong></span> <span class='ocrx_word' id='word_1_274' title='bbox 628 3182 681 3227; x_wconf 89' lang='lat' dir='ltr'><strong>et</strong></span> <span class='ocrx_word' id='word_1_275' title='bbox 703 3167 879 3224; x_wconf 81' lang='lat' dir='ltr'><strong>dixit:</strong></span> <span class='ocrx_word' id='word_1_276' title='bbox 913 3160 1125 3225; x_wconf 85' lang='lat' dir='ltr'><strong>Daniel,</strong></span> <span class='ocrx_word' id='word_1_277' title='bbox 1159 3170 1306 3212; x_wconf 89' lang='lat' dir='ltr'><strong>nunc</strong></span> <span class='ocrx_word' id='word_1_278' title='bbox 1335 3150 1478 3208; x_wconf 76' lang='lat' dir='ltr'><strong>exivi</strong></span> <span class='ocrx_word' id='word_1_279' title='bbox 1499 3147 1747 3202; x_wconf 84' lang='lat' dir='ltr'><strong>imbuere</strong></span> <span class='ocrx_word' id='word_1_280' title='bbox 1776 3153 1829 3195; x_wconf 87' lang='lat' dir='ltr'><strong>te</strong></span> <span class='ocrx_word' id='word_1_281' title='bbox 1862 3137 2023 3193; x_wconf 89' lang='lat' dir='ltr'><strong>intel-</strong></span> 
     </span>
    </p>
   </div>
   <div class='ocr_carea' id='block_1_38' title="bbox 450 3266 693 3338">
    <p class='ocr_par' dir='ltr' id='par_1_38' title="bbox 450 3266 693 3338">
     <span class='ocr_line' id='line_1_39' title="bbox 450 3266 693 3338; baseline -0.033 -13"><span class='ocrx_word' id='word_1_282' title='bbox 450 3266 693 3338; x_wconf 67' lang='lat' dir='ltr'><strong>ligentia.</strong></span> 
     </span>
    </p>
   </div>
   <div class='ocr_carea' id='block_1_39' title="bbox 521 3328 2022 3422">
    <p class='ocr_par' dir='ltr' id='par_1_39' title="bbox 521 3328 2022 3422">
     <span class='ocr_line' id='line_1_40' title="bbox 521 3328 2022 3422; baseline -0.025 -11"><span class='ocrx_word' id='word_1_283' title='bbox 521 3358 610 3411; x_wconf 75' lang='lat'><strong>‘25.</strong></span> <span class='ocrx_word' id='word_1_284' title='bbox 655 3355 711 3407; x_wconf 89' lang='lat' dir='ltr'><strong>In</strong></span> <span class='ocrx_word' id='word_1_285' title='bbox 745 3346 1013 3422; x_wconf 91' lang='lat' dir='ltr'><strong>principio</strong></span> <span class='ocrx_word' id='word_1_286' title='bbox 1043 3334 1446 3398; x_wconf 88' lang='lat' dir='ltr'><strong>obsecrationis</strong></span> <span class='ocrx_word' id='word_1_287' title='bbox 1473 3341 1579 3386; x_wconf 82' lang='lat' dir='ltr'><strong>tuae</strong></span> <span class='ocrx_word' id='word_1_288' title='bbox 1603 3328 1774 3383; x_wconf 80' lang='lat' dir='ltr'><strong>exivit</strong></span> <span class='ocrx_word' id='word_1_289' title='bbox 1803 3336 2022 3379; x_wconf 88' lang='lat' dir='ltr'><strong>sermo:</strong></span> 
     </span>
    </p>
   </div>
   <div class='ocr_carea' id='block_1_40' title="bbox 453 3413 2028 3516">
    <p class='ocr_par' dir='ltr' id='par_1_40' title="bbox 453 3413 2028 3516">
     <span class='ocr_line' id='line_1_41' title="bbox 453 3413 2028 3516; baseline -0.026 -11"><span class='ocrx_word' id='word_1_290' title='bbox 453 3460 507 3505; x_wconf 88' lang='lat' dir='ltr'><strong>et</strong></span> <span class='ocrx_word' id='word_1_291' title='bbox 545 3462 644 3516; x_wconf 84' lang='lat' dir='ltr'><strong>ego</strong></span> <span class='ocrx_word' id='word_1_292' title='bbox 678 3442 819 3506; x_wconf 89' lang='lat' dir='ltr'><strong>veni,</strong></span> <span class='ocrx_word' id='word_1_293' title='bbox 858 3451 917 3494; x_wconf 92' lang='lat' dir='ltr'><strong>ut</strong></span> <span class='ocrx_word' id='word_1_294' title='bbox 947 3434 1267 3492; x_wconf 83' lang='lat' dir='ltr'><strong>annuntiem</strong></span> <span class='ocrx_word' id='word_1_295' title='bbox 1295 3426 1419 3488; x_wconf 89' lang='lat' dir='ltr'><strong>tibi,</strong></span> <span class='ocrx_word' id='word_1_296' title='bbox 1445 3422 1577 3493; x_wconf 90' lang='lat' dir='ltr'><strong>quia</strong></span> <span class='ocrx_word' id='word_1_297' title='bbox 1603 3420 1687 3473; x_wconf 88' lang='lat' dir='ltr'><strong>vir</strong></span> <span class='ocrx_word' id='word_1_298' title='bbox 1725 3413 2028 3471; x_wconf 85' lang='lat' dir='ltr'><strong>desiderio—</strong></span> 
     </span>
    </p>
   </div>
   <div class='ocr_carea' id='block_1_41' title="bbox 459 3515 1432 3597">
    <p class='ocr_par' dir='ltr' id='par_1_41' title="bbox 459 3515 1432 3597">
     <span class='ocr_line' id='line_1_42' title="bbox 459 3515 1432 3597; baseline -0.029 -4"><span class='ocrx_word' id='word_1_299' title='bbox 459 3515 663 3594; x_wconf 15' lang='lat' dir='ltr'><strong>rumics</strong></span> <span class='ocrx_word' id='word_1_300' title='bbox 690 3542 781 3597; x_wconf 85' lang='lat' dir='ltr'><strong>tu;</strong></span> <span class='ocrx_word' id='word_1_301' title='bbox 811 3537 867 3583; x_wconf 93' lang='lat' dir='ltr'><strong>et</strong></span> <span class='ocrx_word' id='word_1_302' title='bbox 893 3523 1131 3594; x_wconf 80' lang='lat' dir='ltr'><strong>recogita</strong></span> <span class='ocrx_word' id='word_1_303' title='bbox 1169 3521 1226 3573; x_wconf 91' lang='lat' dir='ltr'><strong>in</strong></span> <span class='ocrx_word' id='word_1_304' title='bbox 1246 3515 1432 3571; x_wconf 88' lang='lat' dir='ltr'><strong>verbo.</strong></span> 
     </span>
    </p>
   </div>
   <div class='ocr_carea' id='block_1_42' title="bbox 527 3596 2032 3691">
    <p class='ocr_par' dir='ltr' id='par_1_42' title="bbox 527 3596 2032 3691">
     <span class='ocr_line' id='line_1_43' title="bbox 527 3596 2032 3691; baseline -0.027 -9"><span class='ocrx_word' id='word_1_305' title='bbox 527 3627 617 3681; x_wconf 61' lang='lat'><strong>‘24.</strong></span> <span class='ocrx_word' id='word_1_306' title='bbox 696 3596 1051 3691; x_wconf 82' lang='lat' dir='ltr'><strong>Septuaginta</strong></span> <span class='ocrx_word' id='word_1_307' title='bbox 1106 3605 1475 3666; x_wconf 87' lang='lat' dir='ltr'><strong>hebdomades</strong></span> <span class='ocrx_word' id='word_1_308' title='bbox 1527 3597 1857 3654; x_wconf 82' lang='lat' dir='ltr'><strong>abbreviatac</strong></span> <span class='ocrx_word' id='word_1_309' title='bbox 1902 3596 2032 3645; x_wconf 89' lang='lat' dir='ltr'><strong>sunt</strong></span> 
     </span>
    </p>
   </div>
   <div class='ocr_carea' id='block_1_43' title="bbox 460 3700 2029 3794">
    <p class='ocr_par' dir='ltr' id='par_1_43' title="bbox 460 3700 2029 3794">
     <span class='ocr_line' id='line_1_44' title="bbox 460 3700 2029 3794; baseline -0.024 -15"><span class='ocrx_word' id='word_1_310' title='bbox 460 3738 626 3794; x_wconf 81' lang='lat' dir='ltr'><strong>super</strong></span> <span class='ocrx_word' id='word_1_311' title='bbox 650 3719 909 3791; x_wconf 89' lang='lat' dir='ltr'><strong>populum</strong></span> <span class='ocrx_word' id='word_1_312' title='bbox 942 3724 1113 3776; x_wconf 92' lang='lat' dir='ltr'><strong>tuum,</strong></span> <span class='ocrx_word' id='word_1_313' title='bbox 1145 3716 1199 3763; x_wconf 87' lang='lat' dir='ltr'><strong>et</strong></span> <span class='ocrx_word' id='word_1_314' title='bbox 1229 3720 1395 3776; x_wconf 89' lang='lat' dir='ltr'><strong>super</strong></span> <span class='ocrx_word' id='word_1_315' title='bbox 1446 3700 1715 3756; x_wconf 88' lang='lat' dir='ltr'><strong>civitatem</strong></span> <span class='ocrx_word' id='word_1_316' title='bbox 1762 3701 2029 3754; x_wconf 88' lang='lat' dir='ltr'><strong>sanctam,</strong></span> 
     </span>
    </p>
   </div>
   <div class='ocr_carea' id='block_1_44' title="bbox 461 3790 2035 3886">
    <p class='ocr_par' dir='ltr' id='par_1_44' title="bbox 461 3790 2035 3886">
     <span class='ocr_line' id='line_1_45' title="bbox 461 3790 2035 3886; baseline -0.024 -16"><span class='ocrx_word' id='word_1_317' title='bbox 461 3790 821 3886; x_wconf 80' lang='lat' dir='ltr'><strong>quoadusque</strong></span> <span class='ocrx_word' id='word_1_318' title='bbox 852 3805 1166 3873; x_wconf 85' lang='lat' dir='ltr'><strong>antiquetur</strong></span> <span class='ocrx_word' id='word_1_319' title='bbox 1197 3797 1482 3856; x_wconf 89' lang='lat' dir='ltr'><strong>delictum,</strong></span> <span class='ocrx_word' id='word_1_320' title='bbox 1524 3799 1578 3845; x_wconf 91' lang='lat' dir='ltr'><strong>et</strong></span> <span class='ocrx_word' id='word_1_321' title='bbox 1623 3790 2035 3847; x_wconf 76' lang='lat' dir='ltr'><strong>consummatur</strong></span> 
     </span>
    </p>
   </div>
   <div class='ocr_carea' id='block_1_45' title="bbox 465 3874 2036 3978">
    <p class='ocr_par' dir='ltr' id='par_1_45' title="bbox 465 3874 2036 3978">
     <span class='ocr_line' id='line_1_46' title="bbox 465 3874 2036 3978; baseline -0.024 -15"><span class='ocrx_word' id='word_1_322' title='bbox 465 3914 769 3978; x_wconf 78' lang='lat' dir='ltr'><strong>peccatum,</strong></span> <span class='ocrx_word' id='word_1_323' title='bbox 803 3909 857 3954; x_wconf 93' lang='lat' dir='ltr'><strong>et</strong></span> <span class='ocrx_word' id='word_1_324' title='bbox 881 3897 1236 3965; x_wconf 83' lang='lat' dir='ltr'><strong>obsignentur</strong></span> <span class='ocrx_word' id='word_1_325' title='bbox 1264 3894 1507 3959; x_wconf 89' lang='lat' dir='ltr'><strong>peccata,</strong></span> <span class='ocrx_word' id='word_1_326' title='bbox 1540 3890 1594 3937; x_wconf 89' lang='lat' dir='ltr'><strong>et</strong></span> <span class='ocrx_word' id='word_1_327' title='bbox 1628 3881 1910 3935; x_wconf 85' lang='lat' dir='ltr'><strong>deleantur</strong></span> <span class='ocrx_word' id='word_1_328' title='bbox 1930 3874 2036 3927; x_wconf 88' lang='lat' dir='ltr'><strong>im—</strong></span> 
     </span>
    </p>
   </div>
   <div class='ocr_carea' id='block_1_46' title="bbox 467 3962 2037 4067">
    <p class='ocr_par' dir='ltr' id='par_1_46' title="bbox 467 3962 2037 4067">
     <span class='ocr_line' id='line_1_47' title="bbox 467 3962 2037 4067; baseline -0.025 -17"><span class='ocrx_word' id='word_1_329' title='bbox 467 3962 716 4067; x_wconf 70' lang='lat' dir='ltr'><strong>pietates,</strong></span> <span class='ocrx_word' id='word_1_330' title='bbox 768 3999 822 4043; x_wconf 84' lang='lat' dir='ltr'><strong>et</strong></span> <span class='ocrx_word' id='word_1_331' title='bbox 869 3962 1231 4056; x_wconf 79' lang='lat' dir='ltr'><strong>propitientur</strong></span> <span class='ocrx_word' id='word_1_332' title='bbox 1269 3973 1606 4043; x_wconf 88' lang='lat' dir='ltr'><strong>iniquitates,</strong></span> <span class='ocrx_word' id='word_1_333' title='bbox 1637 3976 1691 4022; x_wconf 94' lang='lat' dir='ltr'><strong>et</strong></span> <span class='ocrx_word' id='word_1_334' title='bbox 1738 3962 2037 4018; x_wconf 84' lang='lat' dir='ltr'><strong>adducatur</strong></span> 
     </span>
    </p>
   </div>
   <div class='ocr_carea' id='block_1_47' title="bbox 466 4051 2037 4159">
    <p class='ocr_par' dir='ltr' id='par_1_47' title="bbox 466 4051 2037 4159">
     <span class='ocr_line' id='line_1_48' title="bbox 466 4051 2037 4159; baseline -0.026 -17"><span class='ocrx_word' id='word_1_335' title='bbox 466 4086 677 4159; x_wconf 82' lang='lat' dir='ltr'><strong>justitia</strong></span> <span class='ocrx_word' id='word_1_336' title='bbox 705 4051 1057 4148; x_wconf 80' lang='lat' dir='ltr'><strong>sempiterna,</strong></span> <span class='ocrx_word' id='word_1_337' title='bbox 1111 4079 1164 4125; x_wconf 90' lang='lat' dir='ltr'><strong>et</strong></span> <span class='ocrx_word' id='word_1_338' title='bbox 1213 4068 1454 4136; x_wconf 84' lang='lat' dir='ltr'><strong>signetur</strong></span> <span class='ocrx_word' id='word_1_339' title='bbox 1480 4061 1639 4125; x_wconf 87' lang='lat' dir='ltr'><strong>visio,</strong></span> <span class='ocrx_word' id='word_1_340' title='bbox 1670 4065 1724 4113; x_wconf 89' lang='lat' dir='ltr'><strong>et</strong></span> <span class='ocrx_word' id='word_1_341' title='bbox 1750 4051 2037 4125; x_wconf 86' lang='lat' dir='ltr'><strong>propheta,</strong></span> 
     </span>
    </p>
   </div>
   <div class='ocr_carea' id='block_1_48' title="bbox 469 4168 1420 4244">
    <p class='ocr_par' dir='ltr' id='par_1_48' title="bbox 469 4168 1420 4244">
     <span class='ocr_line' id='line_1_49' title="bbox 469 4168 1420 4244; baseline -0.026 -11"><span class='ocrx_word' id='word_1_342' title='bbox 469 4187 527 4235; x_wconf 83' lang='lat' dir='ltr'><strong>et</strong></span> <span class='ocrx_word' id='word_1_343' title='bbox 562 4181 796 4244; x_wconf 78' lang='lat' dir='ltr'><strong>ungatur</strong></span> <span class='ocrx_word' id='word_1_344' title='bbox 823 4168 1057 4223; x_wconf 86' lang='lat' dir='ltr'><strong>Sanctus</strong></span> <span class='ocrx_word' id='word_1_345' title='bbox 1084 4168 1420 4217; x_wconf 87' lang='lat' dir='ltr'><strong>sanctorum.</strong></span> 
     </span>
    </p>
   </div>
   <div class='ocr_carea' id='block_1_49' title="bbox 545 4323 2044 4419">
    <p class='ocr_par' dir='ltr' id='par_1_49' title="bbox 545 4323 2044 4419">
     <span class='ocr_line' id='line_1_50' title="bbox 545 4323 2044 4419; baseline -0.025 -5"><span class='ocrx_word' id='word_1_346' title='bbox 545 4363 639 4419; x_wconf 69' lang='lat'><strong>25.</strong></span> <span class='ocrx_word' id='word_1_347' title='bbox 677 4356 745 4411; x_wconf 87' lang='lat' dir='ltr'><strong>Et</strong></span> <span class='ocrx_word' id='word_1_348' title='bbox 774 4355 937 4415; x_wconf 88' lang='lat' dir='ltr'><strong>scies,</strong></span> <span class='ocrx_word' id='word_1_349' title='bbox 967 4359 1021 4404; x_wconf 92' lang='lat' dir='ltr'><strong>et</strong></span> <span class='ocrx_word' id='word_1_350' title='bbox 1049 4344 1283 4412; x_wconf 74' lang='lat' dir='ltr'><strong>itelliges</strong></span> <span class='ocrx_word' id='word_1_351' title='bbox 1312 4379 1328 4405; x_wconf 94' lang='lat'><strong>,</strong></span> <span class='ocrx_word' id='word_1_352' title='bbox 1358 4338 1425 4392; x_wconf 85' lang='lat' dir='ltr'><strong>ab</strong></span> <span class='ocrx_word' id='word_1_353' title='bbox 1453 4334 1605 4391; x_wconf 80' lang='lat' dir='ltr'><strong>exitu</strong></span> <span class='ocrx_word' id='word_1_354' title='bbox 1634 4340 1949 4385; x_wconf 90' lang='lat' dir='ltr'><strong>sermonum</strong></span> <span class='ocrx_word' id='word_1_355' title='bbox 1974 4323 2044 4377; x_wconf 89' lang='lat' dir='ltr'><strong>ad</strong></span> 
     </span>
    </p>
   </div>
   <div class='ocr_carea' id='block_1_50' title="bbox 478 4420 2118 4522">
    <p class='ocr_par' dir='ltr' id='par_1_50' title="bbox 478 4420 2118 4522">
     <span class='ocr_line' id='line_1_51' title="bbox 478 4420 2118 4522; baseline -0.029 -12"><span class='ocrx_word' id='word_1_356' title='bbox 478 4447 941 4522; x_wconf 86' lang='lat' dir='ltr'><strong>respondendum,</strong></span> <span class='ocrx_word' id='word_1_357' title='bbox 975 4449 1029 4496; x_wconf 86' lang='lat' dir='ltr'><strong>et</strong></span> <span class='ocrx_word' id='word_1_358' title='bbox 1064 4447 1126 4492; x_wconf 89' lang='lat' dir='ltr'><strong>ut</strong></span> <span class='ocrx_word' id='word_1_359' title='bbox 1173 4433 1469 4489; x_wconf 73' lang='lat' dir='ltr'><strong>aediﬁcetur</strong></span> <span class='ocrx_word' id='word_1_360' title='bbox 1516 4421 1821 4479; x_wconf 86' lang='lat' dir='ltr'><strong>Jerusalem</strong></span> <span class='ocrx_word' id='word_1_361' title='bbox 1870 4426 2044 4484; x_wconf 89' lang='lat' dir='ltr'><strong>usque</strong></span> <span class='ocrx_word' id='word_1_362' title='bbox 2073 4420 2118 4475; x_wconf 86' lang='lat'><strong>1)</strong></span> 
     </span>
    </p>
   </div>
   <div class='ocr_carea' id='block_1_51' title="bbox 479 4505 2047 4602">
    <p class='ocr_par' dir='ltr' id='par_1_51' title="bbox 479 4505 2047 4602">
     <span class='ocr_line' id='line_1_52' title="bbox 479 4505 2047 4602; baseline -0.027 -2"><span class='ocrx_word' id='word_1_363' title='bbox 479 4546 546 4602; x_wconf 87' lang='lat' dir='ltr'><strong>ad</strong></span> <span class='ocrx_word' id='word_1_364' title='bbox 573 4505 859 4598; x_wconf 49' lang='lat' dir='ltr'><strong>lChristum</strong></span> <span class='ocrx_word' id='word_1_365' title='bbox 883 4505 1094 4596; x_wconf 86' lang='lat' dir='ltr'><strong>ducem,</strong></span> <span class='ocrx_word' id='word_1_366' title='bbox 1114 4521 1479 4581; x_wconf 89' lang='lat' dir='ltr'><strong>hebdomades</strong></span> <span class='ocrx_word' id='word_1_367' title='bbox 1508 4524 1735 4586; x_wconf 88' lang='lat' dir='ltr'><strong>septem,</strong></span> <span class='ocrx_word' id='word_1_368' title='bbox 1763 4520 1815 4564; x_wconf 91' lang='lat' dir='ltr'><strong>et</strong></span> <span class='ocrx_word' id='word_1_369' title='bbox 1841 4505 2047 4563; x_wconf 85' lang='lat' dir='ltr'><strong>hebdo—</strong></span> 
     </span>
    </p>
   </div>
   <div class='ocr_carea' id='block_1_52' title="bbox 483 4598 2052 4702">
    <p class='ocr_par' dir='ltr' id='par_1_52' title="bbox 483 4598 2052 4702">
     <span class='ocr_line' id='line_1_53' title="bbox 483 4598 2052 4702; baseline -0.03 -7"><span class='ocrx_word' id='word_1_370' title='bbox 483 4638 670 4693; x_wconf 88' lang='lat' dir='ltr'><strong>mades</strong></span> <span class='ocrx_word' id='word_1_371' title='bbox 688 4630 969 4702; x_wconf 80' lang='lat' dir='ltr'><strong>sexaginta</strong></span> <span class='ocrx_word' id='word_1_372' title='bbox 998 4626 1151 4681; x_wconf 66' lang='lat' dir='ltr'><strong>dum:</strong></span> <span class='ocrx_word' id='word_1_373' title='bbox 1178 4628 1233 4674; x_wconf 89' lang='lat' dir='ltr'><strong>et</strong></span> <span class='ocrx_word' id='word_1_374' title='bbox 1260 4622 1586 4672; x_wconf 89' lang='lat' dir='ltr'><strong>revertetur,</strong></span> <span class='ocrx_word' id='word_1_375' title='bbox 1620 4614 1673 4661; x_wconf 91' lang='lat' dir='ltr'><strong>et</strong></span> <span class='ocrx_word' id='word_1_376' title='bbox 1694 4598 2052 4658; x_wconf 64' lang='lat' dir='ltr'><strong>aediﬁcabitur</strong></span> 
     </span>
    </p>
   </div>
   <div class='ocr_carea' id='block_1_53' title="bbox 483 4704 2050 4803">
    <p class='ocr_par' dir='ltr' id='par_1_53' title="bbox 483 4704 2050 4803">
     <span class='ocr_line' id='line_1_54' title="bbox 483 4704 2050 4803; baseline -0.028 -16"><span class='ocrx_word' id='word_1_377' title='bbox 483 4733 662 4803; x_wconf 89' lang='lat' dir='ltr'><strong>platea</strong></span> <span class='ocrx_word' id='word_1_378' title='bbox 687 4769 703 4793; x_wconf 94' lang='lat'><strong>,</strong></span> <span class='ocrx_word' id='word_1_379' title='bbox 726 4734 782 4781; x_wconf 91' lang='lat' dir='ltr'><strong>et</strong></span> <span class='ocrx_word' id='word_1_380' title='bbox 814 4715 1251 4779; x_wconf 87' lang='lat' dir='ltr'><strong>circummurale,</strong></span> <span class='ocrx_word' id='word_1_381' title='bbox 1276 4719 1330 4766; x_wconf 94' lang='lat' dir='ltr'><strong>et</strong></span> <span class='ocrx_word' id='word_1_382' title='bbox 1348 4704 1759 4763; x_wconf 87' lang='lat' dir='ltr'><strong>evacuabuntur</strong></span> <span class='ocrx_word' id='word_1_383' title='bbox 1786 4706 2050 4764; x_wconf 85' lang='lat' dir='ltr'><strong>tempora.</strong></span> 
     </span>
    </p>
   </div>
   <div class='ocr_carea' id='block_1_54' title="bbox 554 4880 2054 4973">
    <p class='ocr_par' dir='ltr' id='par_1_54' title="bbox 554 4880 2054 4973">
     <span class='ocr_line' id='line_1_55' title="bbox 554 4880 2054 4973; baseline -0.027 -8"><span class='ocrx_word' id='word_1_384' title='bbox 554 4908 647 4964; x_wconf 71' lang='lat'><strong>26.</strong></span> <span class='ocrx_word' id='word_1_385' title='bbox 692 4903 760 4959; x_wconf 86' lang='lat' dir='ltr'><strong>Et</strong></span> <span class='ocrx_word' id='word_1_386' title='bbox 786 4910 910 4973; x_wconf 87' lang='lat' dir='ltr'><strong>post</strong></span> <span class='ocrx_word' id='word_1_387' title='bbox 932 4891 1305 4954; x_wconf 84' lang='lat' dir='ltr'><strong>hebdomadas</strong></span> <span class='ocrx_word' id='word_1_388' title='bbox 1344 4884 1627 4955; x_wconf 80' lang='lat' dir='ltr'><strong>sexaginta</strong></span> <span class='ocrx_word' id='word_1_389' title='bbox 1681 4880 1817 4934; x_wconf 91' lang='lat' dir='ltr'><strong>duas</strong></span> <span class='ocrx_word' id='word_1_390' title='bbox 1871 4884 2054 4930; x_wconf 88' lang='lat' dir='ltr'><strong>exter-</strong></span> 
     </span>
    </p>
   </div>
   <div class='ocr_carea' id='block_1_55' title="bbox 489 4962 2059 5057">
    <p class='ocr_par' dir='ltr' id='par_1_55' title="bbox 489 4962 2059 5057">
     <span class='ocr_line' id='line_1_56' title="bbox 489 4962 2059 5057; baseline -0.025 0"><span class='ocrx_word' id='word_1_391' title='bbox 489 4962 804 5057; x_wconf 48' lang='lat' dir='ltr'><strong>minabitur.</strong></span> <span class='ocrx_word' id='word_1_392' title='bbox 833 4991 1055 5047; x_wconf 87' lang='lat' dir='ltr'><strong>unctio:</strong></span> <span class='ocrx_word' id='word_1_393' title='bbox 1111 4993 1165 5039; x_wconf 89' lang='lat' dir='ltr'><strong>et</strong></span> <span class='ocrx_word' id='word_1_394' title='bbox 1210 4979 1478 5053; x_wconf 83' lang='lat' dir='ltr'><strong>judicium</strong></span> <span class='ocrx_word' id='word_1_395' title='bbox 1536 4988 1643 5027; x_wconf 90' lang='lat' dir='ltr'><strong>non</strong></span> <span class='ocrx_word' id='word_1_396' title='bbox 1675 4978 1760 5025; x_wconf 89' lang='lat' dir='ltr'><strong>est</strong></span> <span class='ocrx_word' id='word_1_397' title='bbox 1793 4968 1848 5021; x_wconf 90' lang='lat' dir='ltr'><strong>in</strong></span> <span class='ocrx_word' id='word_1_398' title='bbox 1870 4981 1956 5021; x_wconf 89' lang='lat' dir='ltr'><strong>eo.</strong></span> <span class='ocrx_word' id='word_1_399' title='bbox 1991 4962 2059 5017; x_wconf 87' lang='lat' dir='ltr'><strong>Et</strong></span> 
     </span>
    </p>
   </div>
   <div class='ocr_carea' id='block_1_56' title="bbox 492 5054 2059 5149">
    <p class='ocr_par' dir='ltr' id='par_1_56' title="bbox 492 5054 2059 5149">
     <span class='ocr_line' id='line_1_57' title="bbox 492 5054 2059 5149; baseline -0.024 -3"><span class='ocrx_word' id='word_1_400' title='bbox 492 5091 788 5149; x_wconf 87' lang='lat' dir='ltr'><strong>civitatem,</strong></span> <span class='ocrx_word' id='word_1_401' title='bbox 820 5090 874 5137; x_wconf 89' lang='lat' dir='ltr'><strong>et</strong></span> <span class='ocrx_word' id='word_1_402' title='bbox 898 5076 1270 5136; x_wconf 88' lang='lat' dir='ltr'><strong>sanctuarium</strong></span> <span class='ocrx_word' id='word_1_403' title='bbox 1296 5066 1582 5138; x_wconf 86' lang='lat' dir='ltr'><strong>dissipabit</strong></span> <span class='ocrx_word' id='word_1_404' title='bbox 1612 5078 1737 5118; x_wconf 92' lang='lat' dir='ltr'><strong>cum</strong></span> <span class='ocrx_word' id='word_1_405' title='bbox 1772 5061 1910 5114; x_wconf 90' lang='lat' dir='ltr'><strong>duce</strong></span> <span class='ocrx_word' id='word_1_406' title='bbox 1959 5054 2059 5109; x_wconf 87' lang='lat' dir='ltr'><strong>ad-</strong></span> 
     </span>
    </p>
   </div>
   <div class='ocr_carea' id='block_1_57' title="bbox 492 5155 2063 5242">
    <p class='ocr_par' dir='ltr' id='par_1_57' title="bbox 492 5155 2063 5242">
     <span class='ocr_line' id='line_1_58' title="bbox 492 5155 2063 5242; baseline -0.025 -3"><span class='ocrx_word' id='word_1_407' title='bbox 492 5182 763 5242; x_wconf 85' lang='lat' dir='ltr'><strong>veniente,</strong></span> <span class='ocrx_word' id='word_1_408' title='bbox 796 5187 850 5229; x_wconf 90' lang='lat' dir='ltr'><strong>et</strong></span> <span class='ocrx_word' id='word_1_409' title='bbox 873 5168 1230 5228; x_wconf 84' lang='lat' dir='ltr'><strong>excindentur</strong></span> <span class='ocrx_word' id='word_1_410' title='bbox 1261 5163 1415 5233; x_wconf 91' lang='lat' dir='ltr'><strong>quasi</strong></span> <span class='ocrx_word' id='word_1_411' title='bbox 1444 5161 1496 5213; x_wconf 93' lang='lat' dir='ltr'><strong>in</strong></span> <span class='ocrx_word' id='word_1_412' title='bbox 1535 5155 1761 5218; x_wconf 92' lang='lat' dir='ltr'><strong>diluvio,</strong></span> <span class='ocrx_word' id='word_1_413' title='bbox 1794 5162 1847 5205; x_wconf 88' lang='lat' dir='ltr'><strong>et</strong></span> <span class='ocrx_word' id='word_1_414' title='bbox 1890 5160 2063 5216; x_wconf 86' lang='lat' dir='ltr'><strong>usque</strong></span> 
     </span>
    </p>
   </div>
   <div class='ocr_carea' id='block_1_58' title="bbox 495 5236 2065 5328">
    <p class='ocr_par' dir='ltr' id='par_1_58' title="bbox 495 5236 2065 5328">
     <span class='ocr_line' id='line_1_59' title="bbox 495 5236 2065 5328; baseline -0.025 1"><span class='ocrx_word' id='word_1_415' title='bbox 495 5236 565 5328; x_wconf 70' lang='lat' dir='ltr'><strong>ad</strong></span> <span class='ocrx_word' id='word_1_416' title='bbox 593 5236 760 5326; x_wconf 81' lang='lat' dir='ltr'><strong>ﬁnem</strong></span> <span class='ocrx_word' id='word_1_417' title='bbox 781 5264 907 5320; x_wconf 90' lang='lat' dir='ltr'><strong>belli</strong></span> <span class='ocrx_word' id='word_1_418' title='bbox 938 5259 1146 5318; x_wconf 90' lang='lat' dir='ltr'><strong>concisi</strong></span> <span class='ocrx_word' id='word_1_419' title='bbox 1200 5248 1653 5309; x_wconf 87' lang='lat' dir='ltr'><strong>desolationibus.</strong></span> <span class='ocrx_word' id='word_1_420' title='bbox 1707 5236 2065 5297; x_wconf 86' lang='lat' dir='ltr'><strong>Contirmabit</strong></span> 
     </span>
    </p>
   </div>
   <div class='ocr_carea' id='block_1_59' title="bbox 497 5334 2066 5418">
    <p class='ocr_par' dir='ltr' id='par_1_59' title="bbox 497 5334 2066 5418">
     <span class='ocr_line' id='line_1_60' title="bbox 497 5334 2066 5418; baseline -0.026 1"><span class='ocrx_word' id='word_1_421' title='bbox 497 5374 679 5418; x_wconf 83' lang='lat' dir='ltr'><strong>autem</strong></span> <span class='ocrx_word' id='word_1_422' title='bbox 744 5362 1133 5413; x_wconf 85' lang='lat' dir='ltr'><strong>testamentum</strong></span> <span class='ocrx_word' id='word_1_423' title='bbox 1185 5345 1372 5401; x_wconf 89' lang='lat' dir='ltr'><strong>multis</strong></span> <span class='ocrx_word' id='word_1_424' title='bbox 1418 5334 1761 5396; x_wconf 89' lang='lat' dir='ltr'><strong>hebdomada</strong></span> <span class='ocrx_word' id='word_1_425' title='bbox 1825 5344 1932 5385; x_wconf 90' lang='lat' dir='ltr'><strong>una</strong></span> <span class='ocrx_word' id='word_1_426' title='bbox 1971 5334 2066 5380; x_wconf 90' lang='lat' dir='ltr'><strong>:et</strong></span> 
     </span>
    </p>
   </div>
   <div class='ocr_carea' id='block_1_60' title="bbox 500 5422 2068 5509">
    <p class='ocr_par' dir='ltr' id='par_1_60' title="bbox 500 5422 2068 5509">
     <span class='ocr_line' id='line_1_61' title="bbox 500 5422 2068 5509; baseline -0.026 1"><span class='ocrx_word' id='word_1_427' title='bbox 500 5453 787 5509; x_wconf 89' lang='lat' dir='ltr'><strong>dimidium</strong></span> <span class='ocrx_word' id='word_1_428' title='bbox 823 5442 1180 5503; x_wconf 69' lang='lat' dir='ltr'><strong>hebdomada:</strong></span> <span class='ocrx_word' id='word_1_429' title='bbox 1215 5449 1429 5492; x_wconf 85' lang='lat' dir='ltr'><strong>cessare</strong></span> <span class='ocrx_word' id='word_1_430' title='bbox 1465 5431 1630 5486; x_wconf 77' lang='lat' dir='ltr'><strong>faciet</strong></span> <span class='ocrx_word' id='word_1_431' title='bbox 1661 5422 1979 5496; x_wconf 87' lang='lat' dir='ltr'><strong>thymiama,</strong></span> <span class='ocrx_word' id='word_1_432' title='bbox 2011 5425 2068 5471; x_wconf 87' lang='lat' dir='ltr'><strong>et</strong></span> 
     </span>
    </p>
   </div>
   <div class='ocr_carea' id='block_1_61' title="bbox 501 5516 2064 5605">
    <p class='ocr_par' dir='ltr' id='par_1_61' title="bbox 501 5516 2064 5605">
     <span class='ocr_line' id='line_1_62' title="bbox 501 5516 2064 5605; baseline -0.024 -5"><span class='ocrx_word' id='word_1_433' title='bbox 501 5541 859 5605; x_wconf 74' lang='lat' dir='ltr'><strong>sacriﬁcium,</strong></span> <span class='ocrx_word' id='word_1_434' title='bbox 887 5545 941 5592; x_wconf 89' lang='lat' dir='ltr'><strong>et</strong></span> <span class='ocrx_word' id='word_1_435' title='bbox 976 5536 1236 5595; x_wconf 89' lang='lat' dir='ltr'><strong>libamen,</strong></span> <span class='ocrx_word' id='word_1_436' title='bbox 1266 5537 1321 5582; x_wconf 90' lang='lat' dir='ltr'><strong>et</strong></span> <span class='ocrx_word' id='word_1_437' title='bbox 1374 5538 1533 5594; x_wconf 91' lang='lat' dir='ltr'><strong>super</strong></span> <span class='ocrx_word' id='word_1_438' title='bbox 1574 5516 1926 5591; x_wconf 87' lang='lat' dir='ltr'><strong>pinnaculum</strong></span> <span class='ocrx_word' id='word_1_439' title='bbox 1974 5524 2064 5563; x_wconf 88' lang='lat' dir='ltr'><strong>or-</strong></span> 
     </span>
    </p>
   </div>
   <div class='ocr_carea' id='block_1_62' title="bbox 505 5609 2070 5693">
    <p class='ocr_par' dir='ltr' id='par_1_62' title="bbox 505 5609 2070 5693">
     <span class='ocr_line' id='line_1_63' title="bbox 505 5609 2070 5693; baseline -0.023 -2"><span class='ocrx_word' id='word_1_440' title='bbox 505 5639 631 5691; x_wconf 83' lang='lat' dir='ltr'><strong>dine</strong></span> <span class='ocrx_word' id='word_1_441' title='bbox 667 5629 1041 5693; x_wconf 85' lang='lat' dir='ltr'><strong>desolationis,</strong></span> <span class='ocrx_word' id='word_1_442' title='bbox 1069 5634 1123 5680; x_wconf 89' lang='lat' dir='ltr'><strong>et</strong></span> <span class='ocrx_word' id='word_1_443' title='bbox 1151 5636 1325 5691; x_wconf 90' lang='lat' dir='ltr'><strong>usque</strong></span> <span class='ocrx_word' id='word_1_444' title='bbox 1356 5618 1422 5672; x_wconf 92' lang='lat' dir='ltr'><strong>ad</strong></span> <span class='ocrx_word' id='word_1_445' title='bbox 1445 5609 1990 5670; x_wconf 90' lang='lat' dir='ltr'><strong>consummationem,</strong></span> <span class='ocrx_word' id='word_1_446' title='bbox 2017 5609 2070 5657; x_wconf 88' lang='lat' dir='ltr'><strong>et</strong></span> 
     </span>
    </p>
   </div>
   <div class='ocr_carea' id='block_1_63' title="bbox 513 5706 1557 5779">
    <p class='ocr_par' dir='ltr' id='par_1_63' title="bbox 513 5706 1557 5779">
     <span class='ocr_line' id='line_1_64' title="bbox 513 5706 1557 5779; baseline -0.023 -1"><span class='ocrx_word' id='word_1_447' title='bbox 513 5721 912 5779; x_wconf 78' lang='lat' dir='ltr'><strong>festinationem</strong></span> <span class='ocrx_word' id='word_1_448' title='bbox 938 5716 1148 5777; x_wconf 88' lang='lat' dir='ltr'><strong>ordine,</strong></span> <span class='ocrx_word' id='word_1_449' title='bbox 1172 5706 1557 5765; x_wconf 81' lang='lat' dir='ltr'><strong>destructione.</strong></span> 
     </span>
    </p>
   </div>
   <div class='ocr_carea' id='block_1_64' title="bbox 2142 907 3648 993">
    <p class='ocr_par' dir='ltr' id='par_1_64' title="bbox 2142 907 3648 993">
     <span class='ocr_line' id='line_1_65' title="bbox 2142 907 3648 993; baseline -0.023 0"><span class='ocrx_word' id='word_1_450' title='bbox 2142 939 2230 993; x_wconf 71' lang='lat' dir='ltr'><strong>i7.</strong></span> <span class='ocrx_word' id='word_1_451' title='bbox 2264 935 2375 991; x_wconf 75' lang='grc' dir='ltr'>Καὶ</span> <span class='ocrx_word' id='word_1_452' title='bbox 2404 933 2501 987; x_wconf 88' lang='grc' dir='ltr'><strong>νῦν</strong></span> <span class='ocrx_word' id='word_1_453' title='bbox 2528 928 2867 987; x_wconf 84' lang='grc' dir='ltr'><strong>εἰσάκουσον,</strong></span> <span class='ocrx_word' id='word_1_454' title='bbox 2902 920 3075 990; x_wconf 81' lang='grc' dir='ltr'>Κύριε</span> <span class='ocrx_word' id='word_1_455' title='bbox 3100 917 3129 968; x_wconf 86' lang='grc' dir='ltr'>ὁ</span> <span class='ocrx_word' id='word_1_456' title='bbox 3157 912 3290 975; x_wconf 74' lang='grc' dir='ltr'>Θεὸς</span> <span class='ocrx_word' id='word_1_457' title='bbox 3319 909 3497 981; x_wconf 84' lang='grc' dir='ltr'>ήμῶν,</span> <span class='ocrx_word' id='word_1_458' title='bbox 3534 907 3648 977; x_wconf 82' lang='grc' dir='ltr'>τῆς</span> 
     </span>
    </p>
   </div>
   <div class='ocr_carea' id='block_1_65' title="bbox 2075 998 3649 1102">
    <p class='ocr_par' dir='ltr' id='par_1_65' title="bbox 2075 998 3649 1102">
     <span class='ocr_line' id='line_1_66' title="bbox 2075 998 3649 1102; baseline -0.023 -18"><span class='ocrx_word' id='word_1_459' title='bbox 2075 1026 2385 1102; x_wconf 79' lang='grc' dir='ltr'>προσευχῆς</span> <span class='ocrx_word' id='word_1_460' title='bbox 2417 1021 2512 1076; x_wconf 89' lang='grc' dir='ltr'><strong>τοῦ</strong></span> <span class='ocrx_word' id='word_1_461' title='bbox 2561 1018 2747 1073; x_wconf 84' lang='grc' dir='ltr'>δούλου</span> <span class='ocrx_word' id='word_1_462' title='bbox 2775 1030 2891 1077; x_wconf 88' lang='grc' dir='ltr'>σου,</span> <span class='ocrx_word' id='word_1_463' title='bbox 2918 1011 3013 1065; x_wconf 71' lang='grc' dir='ltr'>καὶ</span> <span class='ocrx_word' id='word_1_464' title='bbox 3058 1005 3166 1059; x_wconf 82' lang='grc' dir='ltr'><strong>τῶν</strong></span> <span class='ocrx_word' id='word_1_465' title='bbox 3198 1005 3429 1073; x_wconf 83' lang='grc' dir='ltr'>δεήσεων</span> <span class='ocrx_word' id='word_1_466' title='bbox 3451 998 3649 1062; x_wconf 77' lang='grc' dir='ltr'>αὑτοῦ,</span> 
     </span>
    </p>
   </div>
   <div class='ocr_carea' id='block_1_66' title="bbox 2074 1091 3653 1186">
    <p class='ocr_par' dir='ltr' id='par_1_66' title="bbox 2074 1091 3653 1186">
     <span class='ocr_line' id='line_1_67' title="bbox 2074 1091 3653 1186; baseline -0.022 -11"><span class='ocrx_word' id='word_1_467' title='bbox 2074 1091 2167 1175; x_wconf 76' lang='grc' dir='ltr'><strong>καὶ</strong></span> <span class='ocrx_word' id='word_1_468' title='bbox 2189 1091 2453 1186; x_wconf 74' lang='grc' dir='ltr'>ἐπίφανον</span> <span class='ocrx_word' id='word_1_469' title='bbox 2486 1118 2547 1165; x_wconf 78' lang='grc' dir='ltr'>τὸ</span> <span class='ocrx_word' id='word_1_470' title='bbox 2572 1105 2866 1181; x_wconf 88' lang='grc' dir='ltr'>πρόσωπόν</span> <span class='ocrx_word' id='word_1_471' title='bbox 2897 1118 2991 1155; x_wconf 92' lang='grc' dir='ltr'><strong>σου</strong></span> <span class='ocrx_word' id='word_1_472' title='bbox 3008 1100 3101 1152; x_wconf 71' lang='grc' dir='ltr'><strong>ἐπὶ</strong></span> <span class='ocrx_word' id='word_1_473' title='bbox 3137 1097 3198 1150; x_wconf 83' lang='grc' dir='ltr'>τὸ</span> <span class='ocrx_word' id='word_1_474' title='bbox 3250 1091 3499 1162; x_wconf 87' lang='grc' dir='ltr'>ἁγίασμά</span> <span class='ocrx_word' id='word_1_475' title='bbox 3544 1107 3653 1143; x_wconf 88' lang='grc' dir='ltr'><strong>σου</strong></span> 
     </span>
    </p>
   </div>
   <div class='ocr_carea' id='block_1_67' title="bbox 2078 1198 2886 1285">
    <p class='ocr_par' dir='ltr' id='par_1_67' title="bbox 2078 1198 2886 1285">
     <span class='ocr_line' id='line_1_68' title="bbox 2078 1198 2886 1285; baseline -0.019 -18"><span class='ocrx_word' id='word_1_476' title='bbox 2078 1214 2302 1285; x_wconf 75' lang='grc' dir='ltr'>ἔρημον,</span> <span class='ocrx_word' id='word_1_477' title='bbox 2336 1206 2520 1261; x_wconf 69' lang='grc' dir='ltr'>ἕνεκέν</span> <span class='ocrx_word' id='word_1_478' title='bbox 2552 1220 2668 1266; x_wconf 88' lang='grc' dir='ltr'>σου,</span> <span class='ocrx_word' id='word_1_479' title='bbox 2696 1198 2886 1270; x_wconf 87' lang='grc' dir='ltr'>Κύριε.</span> 
     </span>
    </p>
   </div>
   <div class='ocr_carea' id='block_1_68' title="bbox 2154 1274 3655 1362">
    <p class='ocr_par' dir='ltr' id='par_1_68' title="bbox 2154 1274 3655 1362">
     <span class='ocr_line' id='line_1_69' title="bbox 2154 1274 3655 1362; baseline -0.023 -5"><span class='ocrx_word' id='word_1_480' title='bbox 2276 1300 2492 1362; x_wconf 83' lang='grc' dir='ltr'>Κλῖνον,</span> <span class='ocrx_word' id='word_1_481' title='bbox 2531 1297 2559 1349; x_wconf 97' lang='lat'><strong>6</strong></span> <span class='ocrx_word' id='word_1_482' title='bbox 2587 1293 2718 1356; x_wconf 87' lang='grc' dir='ltr'>Θεός</span> <span class='ocrx_word' id='word_1_483' title='bbox 2748 1306 2874 1362; x_wconf 90' lang='grc' dir='ltr'>μου,</span> <span class='ocrx_word' id='word_1_484' title='bbox 2915 1285 2977 1339; x_wconf 79' lang='grc' dir='ltr'>τὺ</span> <span class='ocrx_word' id='word_1_485' title='bbox 3000 1276 3091 1347; x_wconf 82' lang='grc' dir='ltr'><strong>οῦς</strong></span> <span class='ocrx_word' id='word_1_486' title='bbox 3130 1296 3244 1345; x_wconf 86' lang='grc' dir='ltr'>σου,</span> <span class='ocrx_word' id='word_1_487' title='bbox 3268 1276 3362 1331; x_wconf 70' lang='grc' dir='ltr'><strong>καὶ</strong></span> <span class='ocrx_word' id='word_1_488' title='bbox 3388 1274 3655 1329; x_wconf 79' lang='grc' dir='ltr'>ἄκουσον·</span> 
     </span>
    </p>
   </div>
   <div class='ocr_carea' id='block_1_69' title="bbox 2083 1360 3666 1456">
    <p class='ocr_par' dir='ltr' id='par_1_69' title="bbox 2083 1360 3666 1456">
     <span class='ocr_line' id='line_1_70' title="bbox 2083 1360 3666 1456; baseline -0.023 -8"><span class='ocrx_word' id='word_1_489' title='bbox 2083 1392 2290 1456; x_wconf 78' lang='grc' dir='ltr'>ἄνοιξον</span> <span class='ocrx_word' id='word_1_490' title='bbox 2311 1388 2441 1450; x_wconf 82' lang='grc' dir='ltr'>τοὺς</span> <span class='ocrx_word' id='word_1_491' title='bbox 2467 1360 2778 1454; x_wconf 70' lang='grc' dir='ltr'>ὀφθαλμούς</span> <span class='ocrx_word' id='word_1_492' title='bbox 2808 1393 2924 1440; x_wconf 91' lang='grc' dir='ltr'>σου,</span> <span class='ocrx_word' id='word_1_493' title='bbox 2949 1373 3044 1427; x_wconf 73' lang='grc' dir='ltr'><strong>καὶ</strong></span> <span class='ocrx_word' id='word_1_494' title='bbox 3085 1369 3163 1423; x_wconf 81' lang='grc' dir='ltr'><strong>ίδε</strong></span> <span class='ocrx_word' id='word_1_495' title='bbox 3211 1368 3303 1419; x_wconf 82' lang='grc' dir='ltr'><strong>τὸν</strong></span> <span class='ocrx_word' id='word_1_496' title='bbox 3348 1360 3666 1431; x_wconf 74' lang='grc' dir='ltr'>ἀφανισμὸν</span> 
     </span>
    </p>
   </div>
   <div class='ocr_carea' id='block_1_70' title="bbox 2085 1446 3669 1555">
    <p class='ocr_par' dir='ltr' id='par_1_70' title="bbox 2085 1446 3669 1555">
     <span class='ocr_line' id='line_1_71' title="bbox 2085 1446 3669 1555; baseline -0.027 -16"><span class='ocrx_word' id='word_1_497' title='bbox 2085 1446 2263 1555; x_wconf 70' lang='grc' dir='ltr'>ήμῶν,</span> <span class='ocrx_word' id='word_1_498' title='bbox 2318 1446 2435 1532; x_wconf 38' lang='grc' dir='ltr'>καὶ-</span> <span class='ocrx_word' id='word_1_499' title='bbox 2461 1446 2557 1544; x_wconf 63' lang='grc' dir='ltr'><strong>τής</strong></span> <span class='ocrx_word' id='word_1_500' title='bbox 2603 1446 2810 1531; x_wconf 70' lang='grc' dir='ltr'>πδλεώς</span> <span class='ocrx_word' id='word_1_501' title='bbox 2840 1481 2956 1528; x_wconf 89' lang='grc' dir='ltr'>σου,</span> <span class='ocrx_word' id='word_1_502' title='bbox 2987 1458 3072 1529; x_wconf 87' lang='grc' dir='ltr'>ἐφ’</span> <span class='ocrx_word' id='word_1_503' title='bbox 3109 1454 3177 1529; x_wconf 84' lang='grc' dir='ltr'>ἦς</span> <span class='ocrx_word' id='word_1_504' title='bbox 3211 1451 3569 1519; x_wconf 68' lang='grc' dir='ltr'>ἐπικέκληται</span> <span class='ocrx_word' id='word_1_505' title='bbox 3602 1446 3669 1499; x_wconf 82' lang='grc' dir='ltr'>τὺ</span> 
     </span>
    </p>
   </div>
   <div class='ocr_carea' id='block_1_71' title="bbox 2087 1539 3671 1644">
    <p class='ocr_par' dir='ltr' id='par_1_71' title="bbox 2087 1539 3671 1644">
     <span class='ocr_line' id='line_1_72' title="bbox 2087 1539 3671 1644; baseline -0.026 -15"><span class='ocrx_word' id='word_1_506' title='bbox 2087 1573 2261 1644; x_wconf 76' lang='grc' dir='ltr'>δνομὰ</span> <span class='ocrx_word' id='word_1_507' title='bbox 2289 1588 2384 1624; x_wconf 90' lang='grc' dir='ltr'><strong>σου</strong></span> <span class='ocrx_word' id='word_1_508' title='bbox 2415 1567 2502 1621; x_wconf 80' lang='grc' dir='ltr'>ἐπ’</span> <span class='ocrx_word' id='word_1_509' title='bbox 2533 1565 2671 1634; x_wconf 82' lang='grc' dir='ltr'>αὐτῇ</span> <span class='ocrx_word' id='word_1_510' title='bbox 2692 1577 2706 1590; x_wconf 90' lang='grc'><strong>·</strong></span> <span class='ocrx_word' id='word_1_511' title='bbox 2741 1561 2825 1614; x_wconf 82' lang='grc' dir='ltr'>ὃτι</span> <span class='ocrx_word' id='word_1_512' title='bbox 2878 1556 2979 1609; x_wconf 83' lang='grc' dir='ltr'><strong>οὑκ</strong></span> <span class='ocrx_word' id='word_1_513' title='bbox 3025 1551 3119 1604; x_wconf 78' lang='grc' dir='ltr'><strong>ἐπὶ</strong></span> <span class='ocrx_word' id='word_1_514' title='bbox 3142 1549 3262 1610; x_wconf 86' lang='grc' dir='ltr'>ταῖς</span> <span class='ocrx_word' id='word_1_515' title='bbox 3294 1539 3671 1599; x_wconf 84' lang='grc' dir='ltr'>δικαιοσύναις</span> 
     </span>
    </p>
   </div>
   <div class='ocr_carea' id='block_1_72' title="bbox 2090 1633 3670 1737">
    <p class='ocr_par' dir='ltr' id='par_1_72' title="bbox 2090 1633 3670 1737">
     <span class='ocr_line' id='line_1_73' title="bbox 2090 1633 3670 1737; baseline -0.027 -16"><span class='ocrx_word' id='word_1_516' title='bbox 2090 1633 2248 1737; x_wconf 70' lang='grc' dir='ltr'>ήμέὺν</span> <span class='ocrx_word' id='word_1_517' title='bbox 2274 1664 2437 1733; x_wconf 84' lang='grc' dir='ltr'>ἡμεῖς</span> <span class='ocrx_word' id='word_1_518' title='bbox 2463 1658 2725 1731; x_wconf 80' lang='grc' dir='ltr'>ρίπτομεν</span> <span class='ocrx_word' id='word_1_519' title='bbox 2784 1651 2876 1704; x_wconf 82' lang='grc' dir='ltr'><strong>τὸν</strong></span> <span class='ocrx_word' id='word_1_520' title='bbox 2931 1641 3216 1715; x_wconf 83' lang='grc' dir='ltr'>οίκτιρμδν</span> <span class='ocrx_word' id='word_1_521' title='bbox 3270 1633 3502 1691; x_wconf 84' lang='grc' dir='ltr'>ἐνώπιόν</span> <span class='ocrx_word' id='word_1_522' title='bbox 3544 1647 3670 1695; x_wconf 69' lang='grc' dir='ltr'>σου,</span> 
     </span>
    </p>
   </div>
   <div class='ocr_carea' id='block_1_73' title="bbox 2024 1724 3592 1819">
    <p class='ocr_par' dir='ltr' id='par_1_73' title="bbox 2024 1724 3592 1819">
     <span class='ocr_line' id='line_1_74' title="bbox 2024 1724 3592 1819; baseline -0.024 -6"><span class='ocrx_word' id='word_1_523' title='bbox 2024 1758 2065 1812; x_wconf 83' lang='grc' dir='ltr'><strong>Β</strong></span> <span class='ocrx_word' id='word_1_524' title='bbox 2348 1724 2474 1815; x_wconf 72' lang='grc' dir='ltr'>τοὺς</span> <span class='ocrx_word' id='word_1_525' title='bbox 2490 1724 2806 1819; x_wconf 18' lang='grc' dir='ltr'>οίκτιγρμούς</span> <span class='ocrx_word' id='word_1_526' title='bbox 2832 1759 2925 1795; x_wconf 88' lang='grc' dir='ltr'><strong>σου</strong></span> <span class='ocrx_word' id='word_1_527' title='bbox 2958 1739 3081 1799; x_wconf 77' lang='grc' dir='ltr'>τοὺς</span> <span class='ocrx_word' id='word_1_528' title='bbox 3106 1732 3354 1793; x_wconf 77' lang='grc' dir='ltr'>πολλοὺς,</span> <span class='ocrx_word' id='word_1_529' title='bbox 3391 1724 3592 1796; x_wconf 82' lang='grc' dir='ltr'>Κύριε.</span> 
     </span>
    </p>
   </div>
   <div class='ocr_carea' id='block_1_74' title="bbox 2173 1816 3676 1907">
    <p class='ocr_par' dir='ltr' id='par_1_74' title="bbox 2173 1816 3676 1907">
     <span class='ocr_line' id='line_1_75' title="bbox 2173 1816 3676 1907; baseline -0.026 -5"><span class='ocrx_word' id='word_1_530' title='bbox 2173 1848 2257 1902; x_wconf 77' lang='grc'><strong>19.</strong></span> <span class='ocrx_word' id='word_1_531' title='bbox 2292 1816 2853 1907; x_wconf 37' lang='grc' dir='ltr'>Είσὰκουσον’Κύριε,</span> <span class='ocrx_word' id='word_1_532' title='bbox 2914 1828 3162 1897; x_wconf 75' lang='grc' dir='ltr'>ἱλάσθητί</span> <span class='ocrx_word' id='word_1_533' title='bbox 3204 1821 3397 1893; x_wconf 83' lang='grc' dir='ltr'>Κύριε,</span> <span class='ocrx_word' id='word_1_534' title='bbox 3428 1816 3676 1887; x_wconf 76' lang='grc' dir='ltr'>πρόσχες</span> 
     </span>
    </p>
   </div>
   <div class='ocr_carea' id='block_1_75' title="bbox 2099 1906 3677 2009">
    <p class='ocr_par' dir='ltr' id='par_1_75' title="bbox 2099 1906 3677 2009">
     <span class='ocr_line' id='line_1_76' title="bbox 2099 1906 3677 2009; baseline -0.023 -16"><span class='ocrx_word' id='word_1_535' title='bbox 2099 1938 2295 2009; x_wconf 83' lang='grc' dir='ltr'>Κύριε,</span> <span class='ocrx_word' id='word_1_536' title='bbox 2325 1934 2548 2005; x_wconf 87' lang='grc' dir='ltr'>ποίησον</span> <span class='ocrx_word' id='word_1_537' title='bbox 2582 1906 2776 2000; x_wconf 82' lang='grc' dir='ltr'>Κύριε,</span> <span class='ocrx_word' id='word_1_538' title='bbox 2797 1926 2893 1978; x_wconf 70' lang='grc' dir='ltr'><strong>καὶ</strong></span> <span class='ocrx_word' id='word_1_539' title='bbox 2924 1920 2999 1993; x_wconf 79' lang='grc' dir='ltr'>μὴ</span> <span class='ocrx_word' id='word_1_540' title='bbox 3028 1916 3281 1991; x_wconf 86' lang='grc' dir='ltr'>χρονίσῃς</span> <span class='ocrx_word' id='word_1_541' title='bbox 3301 1909 3486 1964; x_wconf 81' lang='grc' dir='ltr'>ἐνεκέν</span> <span class='ocrx_word' id='word_1_542' title='bbox 3524 1924 3622 1959; x_wconf 89' lang='grc' dir='ltr'><strong>σου</strong></span> <span class='ocrx_word' id='word_1_543' title='bbox 3648 1906 3677 1957; x_wconf 88' lang='lat'><strong>6</strong></span> 
     </span>
    </p>
   </div>
   <div class='ocr_carea' id='block_1_76' title="bbox 2102 1998 3678 2098">
    <p class='ocr_par' dir='ltr' id='par_1_76' title="bbox 2102 1998 3678 2098">
     <span class='ocr_line' id='line_1_77' title="bbox 2102 1998 3678 2098; baseline -0.023 -14"><span class='ocrx_word' id='word_1_544' title='bbox 2102 1998 2235 2093; x_wconf 73' lang='lat'><strong>656;</strong></span> <span class='ocrx_word' id='word_1_545' title='bbox 2273 2045 2395 2098; x_wconf 84' lang='grc' dir='ltr'>μου,</span> <span class='ocrx_word' id='word_1_546' title='bbox 2425 1998 2507 2077; x_wconf 66' lang='grc' dir='ltr'><strong>δτι</strong></span> <span class='ocrx_word' id='word_1_547' title='bbox 2546 2021 2606 2074; x_wconf 78' lang='grc' dir='ltr'><strong>τὸ</strong></span> <span class='ocrx_word' id='word_1_548' title='bbox 2656 1998 2831 2089; x_wconf 72' lang='grc' dir='ltr'>δνομὰ</span> <span class='ocrx_word' id='word_1_549' title='bbox 2868 2031 2962 2068; x_wconf 93' lang='grc' dir='ltr'><strong>σου</strong></span> <span class='ocrx_word' id='word_1_550' title='bbox 3017 2007 3376 2076; x_wconf 77' lang='grc' dir='ltr'>ἐπικέκληται</span> <span class='ocrx_word' id='word_1_551' title='bbox 3425 2002 3520 2053; x_wconf 71' lang='grc' dir='ltr'><strong>ἐπὶ</strong></span> <span class='ocrx_word' id='word_1_552' title='bbox 3572 1998 3678 2069; x_wconf 77' lang='grc' dir='ltr'>τὴν</span> 
     </span>
    </p>
   </div>
   <div class='ocr_carea' id='block_1_77' title="bbox 2106 2106 3058 2181">
    <p class='ocr_par' dir='ltr' id='par_1_77' title="bbox 2106 2106 3058 2181">
     <span class='ocr_line' id='line_1_78' title="bbox 2106 2106 3058 2181; baseline -0.022 -5"><span class='ocrx_word' id='word_1_553' title='bbox 2106 2122 2259 2176; x_wconf 85' lang='grc' dir='ltr'>πόλιν</span> <span class='ocrx_word' id='word_1_554' title='bbox 2292 2135 2409 2181; x_wconf 91' lang='grc' dir='ltr'>σου,</span> <span class='ocrx_word' id='word_1_555' title='bbox 2435 2115 2532 2168; x_wconf 77' lang='grc' dir='ltr'><strong>καὶ</strong></span> <span class='ocrx_word' id='word_1_556' title='bbox 2554 2112 2647 2165; x_wconf 70' lang='grc' dir='ltr'>ἐπὶ</span> <span class='ocrx_word' id='word_1_557' title='bbox 2674 2110 2762 2163; x_wconf 82' lang='grc' dir='ltr'><strong>τὸν</strong></span> <span class='ocrx_word' id='word_1_558' title='bbox 2800 2106 2927 2161; x_wconf 85' lang='grc' dir='ltr'>λαόν</span> <span class='ocrx_word' id='word_1_559' title='bbox 2964 2120 3058 2156; x_wconf 93' lang='grc' dir='ltr'><strong>σου</strong></span> 
     </span>
    </p>
   </div>
   <div class='ocr_carea' id='block_1_78' title="bbox 2177 2183 3679 2275">
    <p class='ocr_par' dir='ltr' id='par_1_78' title="bbox 2177 2183 3679 2275">
     <span class='ocr_line' id='line_1_79' title="bbox 2177 2183 3679 2275; baseline -0.023 -10"><span class='ocrx_word' id='word_1_560' title='bbox 2177 2212 2267 2266; x_wconf 56' lang='grc' dir='ltr'><strong>Ἃ).</strong></span> <span class='ocrx_word' id='word_1_561' title='bbox 2292 2209 2404 2262; x_wconf 72' lang='grc' dir='ltr'>Καὶ</span> <span class='ocrx_word' id='word_1_562' title='bbox 2424 2207 2503 2259; x_wconf 75' lang='grc' dir='ltr'>ἔτι</span> <span class='ocrx_word' id='word_1_563' title='bbox 2537 2202 2671 2275; x_wconf 85' lang='grc' dir='ltr'>ἐμοῦ</span> <span class='ocrx_word' id='word_1_564' title='bbox 2716 2197 3025 2260; x_wconf 88' lang='grc' dir='ltr'>λαλοῦντος,</span> <span class='ocrx_word' id='word_1_565' title='bbox 3078 2192 3177 2246; x_wconf 70' lang='grc' dir='ltr'>καὶ</span> <span class='ocrx_word' id='word_1_566' title='bbox 3214 2183 3679 2259; x_wconf 78' lang='grc' dir='ltr'>προσευχομένου,</span> 
     </span>
    </p>
   </div>
   <div class='ocr_carea' id='block_1_79' title="bbox 2110 2280 3682 2375">
    <p class='ocr_par' dir='ltr' id='par_1_79' title="bbox 2110 2280 3682 2375">
     <span class='ocr_line' id='line_1_80' title="bbox 2110 2280 3682 2375; baseline -0.022 -14"><span class='ocrx_word' id='word_1_567' title='bbox 2110 2309 2205 2362; x_wconf 70' lang='grc' dir='ltr'><strong>καὶ</strong></span> <span class='ocrx_word' id='word_1_568' title='bbox 2224 2302 2640 2375; x_wconf 81' lang='grc' dir='ltr'>ἐξαγορεύοντος</span> <span class='ocrx_word' id='word_1_569' title='bbox 2667 2296 2767 2360; x_wconf 86' lang='grc' dir='ltr'>τὰς</span> <span class='ocrx_word' id='word_1_570' title='bbox 2805 2290 3078 2365; x_wconf 87' lang='grc' dir='ltr'>ἁμαρτίας</span> <span class='ocrx_word' id='word_1_571' title='bbox 3112 2304 3235 2358; x_wconf 85' lang='grc' dir='ltr'>μου,</span> <span class='ocrx_word' id='word_1_572' title='bbox 3254 2284 3348 2338; x_wconf 54' lang='grc' dir='ltr'><strong>καὶ⁵</strong></span> <span class='ocrx_word' id='word_1_573' title='bbox 3373 2280 3471 2343; x_wconf 77' lang='grc' dir='ltr'><strong>τὰς</strong></span> <span class='ocrx_word' id='word_1_574' title='bbox 3501 2280 3682 2346; x_wconf 81' lang='grc' dir='ltr'>ἁμαρ-</span> 
     </span>
    </p>
   </div>
   <div class='ocr_carea' id='block_1_80' title="bbox 1778 2368 3685 2465">
    <p class='ocr_par' dir='ltr' id='par_1_80' title="bbox 1778 2368 3685 2465">
     <span class='ocr_line' id='line_1_81' title="bbox 1778 2368 3685 2465; baseline -0.025 1"><span class='ocrx_word' id='word_1_575' title='bbox 1778 2368 2011 2465; x_wconf 54' lang='lat' dir='ltr'><strong>Donrimi</strong></span> <span class='ocrx_word' id='word_1_576' title='bbox 2111 2400 2230 2462; x_wconf 90' lang='grc' dir='ltr'>τίας</span> <span class='ocrx_word' id='word_1_577' title='bbox 2260 2368 2354 2451; x_wconf 82' lang='grc' dir='ltr'><strong>τοῦ</strong></span> <span class='ocrx_word' id='word_1_578' title='bbox 2381 2368 2512 2449; x_wconf 80' lang='grc' dir='ltr'>λαοῦ</span> <span class='ocrx_word' id='word_1_579' title='bbox 2555 2409 2655 2464; x_wconf 88' lang='grc' dir='ltr'><strong>μου</strong></span> <span class='ocrx_word' id='word_1_580' title='bbox 2696 2385 2932 2459; x_wconf 79' lang='grc' dir='ltr'>Ἰσραὴλ,</span> <span class='ocrx_word' id='word_1_581' title='bbox 2963 2384 3056 2437; x_wconf 72' lang='grc' dir='ltr'><strong>καὶ</strong></span> <span class='ocrx_word' id='word_1_582' title='bbox 3082 2380 3365 2452; x_wconf 79' lang='grc' dir='ltr'>ρίπτοντος</span> <span class='ocrx_word' id='word_1_583' title='bbox 3409 2372 3499 2425; x_wconf 84' lang='grc' dir='ltr'><strong>τὸν</strong></span> <span class='ocrx_word' id='word_1_584' title='bbox 3532 2368 3685 2422; x_wconf 80' lang='grc' dir='ltr'>ἔλεόν</span> 
     </span>
    </p>
   </div>
   <div class='ocr_carea' id='block_1_81' title="bbox 2117 2461 3686 2561">
    <p class='ocr_par' dir='ltr' id='par_1_81' title="bbox 2117 2461 3686 2561">
     <span class='ocr_line' id='line_1_82' title="bbox 2117 2461 3686 2561; baseline -0.022 -17"><span class='ocrx_word' id='word_1_585' title='bbox 2117 2508 2215 2561; x_wconf 85' lang='grc' dir='ltr'><strong>μου</strong></span> <span class='ocrx_word' id='word_1_586' title='bbox 2242 2486 2481 2541; x_wconf 81' lang='grc' dir='ltr'>ἐναντίον</span> <span class='ocrx_word' id='word_1_587' title='bbox 2506 2461 2714 2553; x_wconf 73' lang='grc' dir='ltr'>Κῦρίου</span> <span class='ocrx_word' id='word_1_588' title='bbox 2764 2477 2859 2531; x_wconf 87' lang='grc' dir='ltr'><strong>τοῦ</strong></span> <span class='ocrx_word' id='word_1_589' title='bbox 2910 2473 3044 2527; x_wconf 86' lang='grc' dir='ltr'>Θεοῦ</span> <span class='ocrx_word' id='word_1_590' title='bbox 3074 2487 3175 2543; x_wconf 91' lang='grc' dir='ltr'><strong>μου</strong></span> <span class='ocrx_word' id='word_1_591' title='bbox 3210 2468 3340 2539; x_wconf 76' lang='grc' dir='ltr'>περὶ</span> <span class='ocrx_word' id='word_1_592' title='bbox 3393 2461 3488 2516; x_wconf 88' lang='grc' dir='ltr'><strong>τοῦ</strong></span> <span class='ocrx_word' id='word_1_593' title='bbox 3526 2461 3686 2532; x_wconf 70' lang='grc' dir='ltr'>θροῦς</span> 
     </span>
    </p>
   </div>
   <div class='ocr_carea' id='block_1_82' title="bbox 2114 2567 3140 2650">
    <p class='ocr_par' dir='ltr' id='par_1_82' title="bbox 2114 2567 3140 2650">
     <span class='ocr_line' id='line_1_83' title="bbox 2114 2567 3140 2650; baseline -0.019 -14"><span class='ocrx_word' id='word_1_594' title='bbox 2114 2582 2209 2636; x_wconf 88' lang='grc' dir='ltr'><strong>τοῦ</strong></span> <span class='ocrx_word' id='word_1_595' title='bbox 2239 2580 2393 2650; x_wconf 81' lang='grc' dir='ltr'>ἁγίου</span> <span class='ocrx_word' id='word_1_596' title='bbox 2423 2576 2519 2629; x_wconf 92' lang='grc' dir='ltr'><strong>τοῦ</strong></span> <span class='ocrx_word' id='word_1_597' title='bbox 2552 2572 2708 2643; x_wconf 90' lang='grc' dir='ltr'>ἁγίου</span> <span class='ocrx_word' id='word_1_598' title='bbox 2731 2570 2825 2625; x_wconf 90' lang='grc' dir='ltr'><strong>τοῦ</strong></span> <span class='ocrx_word' id='word_1_599' title='bbox 2853 2567 2988 2621; x_wconf 82' lang='grc' dir='ltr'>Θεοῦ</span> <span class='ocrx_word' id='word_1_600' title='bbox 3016 2582 3140 2635; x_wconf 88' lang='grc' dir='ltr'>μου.</span> 
     </span>
    </p>
   </div>
   <div class='ocr_carea' id='block_1_83' title="bbox 2185 2644 3693 2740">
    <p class='ocr_par' dir='ltr' id='par_1_83' title="bbox 2185 2644 3693 2740">
     <span class='ocr_line' id='line_1_84' title="bbox 2185 2644 3693 2740; baseline -0.021 -11"><span class='ocrx_word' id='word_1_601' title='bbox 2185 2644 2421 2740; x_wconf 40' lang='grc' dir='ltr'>Ἠλία).</span> <span class='ocrx_word' id='word_1_602' title='bbox 2452 2672 2531 2722; x_wconf 80' lang='grc' dir='ltr'><strong>ἐτι</strong></span> <span class='ocrx_word' id='word_1_603' title='bbox 2572 2664 2706 2738; x_wconf 85' lang='grc' dir='ltr'>ἐμοῦ</span> <span class='ocrx_word' id='word_1_604' title='bbox 2749 2660 3039 2722; x_wconf 81' lang='grc' dir='ltr'>λαλοῦντος</span> <span class='ocrx_word' id='word_1_605' title='bbox 3067 2660 3124 2710; x_wconf 88' lang='grc' dir='ltr'><strong>ἐν</strong></span> <span class='ocrx_word' id='word_1_606' title='bbox 3166 2656 3234 2725; x_wconf 76' lang='grc' dir='ltr'>τῇ</span> <span class='ocrx_word' id='word_1_607' title='bbox 3263 2650 3565 2724; x_wconf 78' lang='grc' dir='ltr'>προσευχῇ,</span> <span class='ocrx_word' id='word_1_608' title='bbox 3592 2644 3693 2699; x_wconf 80' lang='grc' dir='ltr'><strong>καὶ</strong></span> 
     </span>
    </p>
   </div>
   <div class='ocr_carea' id='block_1_84' title="bbox 2123 2736 3691 2829">
    <p class='ocr_par' dir='ltr' id='par_1_84' title="bbox 2123 2736 3691 2829">
     <span class='ocr_line' id='line_1_85' title="bbox 2123 2736 3691 2829; baseline -0.018 -14"><span class='ocrx_word' id='word_1_609' title='bbox 2123 2762 2231 2815; x_wconf 79' lang='grc' dir='ltr'>ίδοὺ</span> <span class='ocrx_word' id='word_1_610' title='bbox 2264 2763 2292 2813; x_wconf 90' lang='lat'><strong>6</strong></span> <span class='ocrx_word' id='word_1_611' title='bbox 2315 2736 2454 2829; x_wconf 78' lang='grc' dir='ltr'>ἀνὴρ</span> <span class='ocrx_word' id='word_1_612' title='bbox 2486 2736 2750 2827; x_wconf 71' lang='grc' dir='ltr'>Γαϐριὴλ,</span> <span class='ocrx_word' id='word_1_613' title='bbox 2789 2750 2848 2804; x_wconf 82' lang='grc' dir='ltr'>ὃν</span> <span class='ocrx_word' id='word_1_614' title='bbox 2871 2747 3008 2802; x_wconf 78' lang='grc' dir='ltr'>εἶδον</span> <span class='ocrx_word' id='word_1_615' title='bbox 3033 2748 3089 2799; x_wconf 90' lang='grc' dir='ltr'><strong>ἐν</strong></span> <span class='ocrx_word' id='word_1_616' title='bbox 3110 2747 3178 2815; x_wconf 78' lang='grc' dir='ltr'>τῇ</span> <span class='ocrx_word' id='word_1_617' title='bbox 3196 2744 3380 2814; x_wconf 81' lang='grc' dir='ltr'>ὁράσει</span> <span class='ocrx_word' id='word_1_618' title='bbox 3413 2755 3514 2809; x_wconf 85' lang='grc' dir='ltr'><strong>μου</strong></span> <span class='ocrx_word' id='word_1_619' title='bbox 3540 2738 3596 2790; x_wconf 88' lang='lat' dir='ltr'><strong>tv</strong></span> <span class='ocrx_word' id='word_1_620' title='bbox 3621 2736 3691 2805; x_wconf 76' lang='grc' dir='ltr'>τῇ</span> 
     </span>
    </p>
   </div>
   <div class='ocr_carea' id='block_1_85' title="bbox 2121 2830 3691 2926">
    <p class='ocr_par' dir='ltr' id='par_1_85' title="bbox 2121 2830 3691 2926">
     <span class='ocr_line' id='line_1_86' title="bbox 2121 2830 3691 2926; baseline -0.018 -18"><span class='ocrx_word' id='word_1_621' title='bbox 2121 2856 2263 2926; x_wconf 81' lang='grc' dir='ltr'><strong>ἀρχῇ</strong></span> <span class='ocrx_word' id='word_1_622' title='bbox 2288 2893 2301 2917; x_wconf 91' lang='grc'><strong>,</strong></span> <span class='ocrx_word' id='word_1_623' title='bbox 2330 2850 2629 2921; x_wconf 84' lang='grc' dir='ltr'>πετόμενος</span> <span class='ocrx_word' id='word_1_624' title='bbox 2650 2887 2666 2904; x_wconf 83' lang='grc'>.</span> <span class='ocrx_word' id='word_1_625' title='bbox 2692 2845 2789 2899; x_wconf 74' lang='grc' dir='ltr'><strong>καὶ</strong></span> <span class='ocrx_word' id='word_1_626' title='bbox 2808 2841 2983 2915; x_wconf 68' lang='grc' dir='ltr'><strong>ἧψατό</strong></span> <span class='ocrx_word' id='word_1_627' title='bbox 3010 2856 3132 2911; x_wconf 83' lang='grc' dir='ltr'>μου,</span> <span class='ocrx_word' id='word_1_628' title='bbox 3153 2836 3285 2889; x_wconf 78' lang='grc' dir='ltr'>ὡσεὶ</span> <span class='ocrx_word' id='word_1_629' title='bbox 3323 2833 3475 2905; x_wconf 81' lang='grc' dir='ltr'>ὥραν</span> <span class='ocrx_word' id='word_1_630' title='bbox 3502 2830 3691 2889; x_wconf 78' lang='grc' dir='ltr'>θυσίας</span> 
     </span>
    </p>
   </div>
   <div class='ocr_carea' id='block_1_86' title="bbox 2124 2944 2436 3016">
    <p class='ocr_par' dir='ltr' id='par_1_86' title="bbox 2124 2944 2436 3016">
     <span class='ocr_line' id='line_1_87' title="bbox 2124 2944 2436 3016; baseline -0.013 -15"><span class='ocrx_word' id='word_1_631' title='bbox 2124 2944 2436 3016; x_wconf 82' lang='grc' dir='ltr'>ἐσπερινῆς.</span> 
     </span>
    </p>
   </div>
   <div class='ocr_carea' id='block_1_87' title="bbox 2193 3011 3692 3097">
    <p class='ocr_par' dir='ltr' id='par_1_87' title="bbox 2193 3011 3692 3097">
     <span class='ocr_line' id='line_1_88' title="bbox 2193 3011 3692 3097; baseline -0.018 -7"><span class='ocrx_word' id='word_1_632' title='bbox 2193 3011 2285 3090; x_wconf 36' lang='grc'><strong>22..</strong></span> <span class='ocrx_word' id='word_1_633' title='bbox 2318 3011 2430 3088; x_wconf 70' lang='grc' dir='ltr'>καὶ</span> <span class='ocrx_word' id='word_1_634' title='bbox 2457 3025 2739 3084; x_wconf 83' lang='grc' dir='ltr'>ἐσυνὲτισέ</span> <span class='ocrx_word' id='word_1_635' title='bbox 2762 3041 2850 3097; x_wconf 88' lang='grc' dir='ltr'><strong>με,</strong></span> <span class='ocrx_word' id='word_1_636' title='bbox 2876 3023 2971 3076; x_wconf 70' lang='grc' dir='ltr'>καὶ</span> <span class='ocrx_word' id='word_1_637' title='bbox 2993 3019 3222 3089; x_wconf 87' lang='grc' dir='ltr'>ἐλάλησε</span> <span class='ocrx_word' id='word_1_638' title='bbox 3247 3014 3363 3088; x_wconf 82' lang='grc' dir='ltr'>μετ’</span> <span class='ocrx_word' id='word_1_639' title='bbox 3402 3011 3567 3085; x_wconf 88' lang='grc' dir='ltr'>ἐμοῦ,</span> <span class='ocrx_word' id='word_1_640' title='bbox 3600 3011 3692 3065; x_wconf 62' lang='grc' dir='ltr'>καὶ</span> 
     </span>
    </p>
   </div>
   <div class='ocr_carea' id='block_1_88' title="bbox 2126 3105 3698 3194">
    <p class='ocr_par' dir='ltr' id='par_1_88' title="bbox 2126 3105 3698 3194">
     <span class='ocr_line' id='line_1_89' title="bbox 2126 3105 3698 3194; baseline -0.018 -9"><span class='ocrx_word' id='word_1_641' title='bbox 2126 3128 2315 3185; x_wconf 82' lang='grc' dir='ltr'>εἷπεν·</span> <span class='ocrx_word' id='word_1_642' title='bbox 2369 3123 2595 3194; x_wconf 78' lang='grc' dir='ltr'>Δανιὴλ,</span> <span class='ocrx_word' id='word_1_643' title='bbox 2662 3120 2756 3175; x_wconf 91' lang='grc' dir='ltr'><strong>νῦν</strong></span> <span class='ocrx_word' id='word_1_644' title='bbox 2805 3115 3027 3187; x_wconf 80' lang='grc' dir='ltr'>ἐξῆλθον</span> <span class='ocrx_word' id='word_1_645' title='bbox 3075 3110 3411 3182; x_wconf 75' lang='grc' dir='ltr'>συμϐιϐάσαι</span> <span class='ocrx_word' id='word_1_646' title='bbox 3468 3124 3531 3160; x_wconf 93' lang='grc' dir='ltr'><strong>σε</strong></span> <span class='ocrx_word' id='word_1_647' title='bbox 3576 3105 3698 3159; x_wconf 70' lang='lat' dir='ltr'><strong>adv-</strong></span> 
     </span>
    </p>
   </div>
   <div class='ocr_carea' id='block_1_89' title="bbox 2124 3238 2261 3273">
    <p class='ocr_par' dir='ltr' id='par_1_89' title="bbox 2124 3238 2261 3273">
     <span class='ocr_line' id='line_1_90' title="bbox 2124 3238 2261 3273; baseline -0.007 0"><span class='ocrx_word' id='word_1_648' title='bbox 2124 3238 2261 3273; x_wconf 88' lang='grc' dir='ltr'>εσιν.</span> 
     </span>
    </p>
   </div>
   <div class='ocr_carea' id='block_1_90' title="bbox 2194 3288 3699 3379">
    <p class='ocr_par' dir='ltr' id='par_1_90' title="bbox 2194 3288 3699 3379">
     <span class='ocr_line' id='line_1_91' title="bbox 2194 3288 3699 3379; baseline -0.017 -14"><span class='ocrx_word' id='word_1_649' title='bbox 2194 3312 2285 3365; x_wconf 73' lang='lat'><strong>25.</strong></span> <span class='ocrx_word' id='word_1_650' title='bbox 2324 3310 2414 3361; x_wconf 82' lang='lat' dir='ltr'><strong>‘Ev</strong></span> <span class='ocrx_word' id='word_1_651' title='bbox 2439 3308 2581 3379; x_wconf 79' lang='grc' dir='ltr'><strong>ἀρχῇ</strong></span> <span class='ocrx_word' id='word_1_652' title='bbox 2604 3303 2707 3373; x_wconf 80' lang='grc' dir='ltr'>τῆς</span> <span class='ocrx_word' id='word_1_653' title='bbox 2737 3297 2977 3370; x_wconf 85' lang='grc' dir='ltr'>δεήσεώς</span> <span class='ocrx_word' id='word_1_654' title='bbox 2995 3312 3088 3349; x_wconf 88' lang='grc' dir='ltr'><strong>σου</strong></span> <span class='ocrx_word' id='word_1_655' title='bbox 3111 3293 3329 3365; x_wconf 82' lang='grc' dir='ltr'>ἐξῆλθεν</span> <span class='ocrx_word' id='word_1_656' title='bbox 3344 3292 3373 3345; x_wconf 88' lang='lat'><strong>6</strong></span> <span class='ocrx_word' id='word_1_657' title='bbox 3396 3289 3580 3358; x_wconf 77' lang='grc' dir='ltr'>λόγος,</span> <span class='ocrx_word' id='word_1_658' title='bbox 3604 3288 3699 3340; x_wconf 76' lang='grc' dir='ltr'><strong>καὶ</strong></span> 
     </span>
    </p>
   </div>
   <div class='ocr_carea' id='block_1_91' title="bbox 2127 3382 3703 3474">
    <p class='ocr_par' dir='ltr' id='par_1_91' title="bbox 2127 3382 3703 3474">
     <span class='ocr_line' id='line_1_92' title="bbox 2127 3382 3703 3474; baseline -0.016 -16"><span class='ocrx_word' id='word_1_659' title='bbox 2127 3404 2237 3474; x_wconf 85' lang='grc' dir='ltr'><strong>ἐγὼ</strong></span> <span class='ocrx_word' id='word_1_660' title='bbox 2286 3398 2450 3473; x_wconf 76' lang='grc' dir='ltr'>ἦλθον</span> <span class='ocrx_word' id='word_1_661' title='bbox 2484 3398 2577 3452; x_wconf 91' lang='grc' dir='ltr'><strong>τοῦ</strong></span> <span class='ocrx_word' id='word_1_662' title='bbox 2622 3390 2944 3462; x_wconf 81' lang='grc' dir='ltr'>ἀναγγεῖλαί</span> <span class='ocrx_word' id='word_1_663' title='bbox 2978 3406 3078 3455; x_wconf 90' lang='grc' dir='ltr'>σοι,</span> <span class='ocrx_word' id='word_1_664' title='bbox 3113 3388 3195 3440; x_wconf 83' lang='grc' dir='ltr'>ὅτι</span> <span class='ocrx_word' id='word_1_665' title='bbox 3224 3385 3360 3456; x_wconf 76' lang='grc' dir='ltr'>ἀνὴρ</span> <span class='ocrx_word' id='word_1_666' title='bbox 3393 3382 3703 3453; x_wconf 79' lang='grc' dir='ltr'>ἐπιθυμιῶν</span> 
     </span>
    </p>
   </div>
   <div class='ocr_carea' id='block_1_92' title="bbox 2130 3481 3173 3560">
    <p class='ocr_par' dir='ltr' id='par_1_92' title="bbox 2130 3481 3173 3560">
     <span class='ocr_line' id='line_1_93' title="bbox 2130 3481 3173 3560; baseline -0.016 -12"><span class='ocrx_word' id='word_1_667' title='bbox 2130 3492 2181 3549; x_wconf 85' lang='grc' dir='ltr'>εἷ</span> <span class='ocrx_word' id='word_1_668' title='bbox 2206 3496 2292 3558; x_wconf 77' lang='grc' dir='ltr'><strong>σὺ,</strong></span> <span class='ocrx_word' id='word_1_669' title='bbox 2324 3494 2421 3545; x_wconf 77' lang='grc' dir='ltr'>καὶ</span> <span class='ocrx_word' id='word_1_670' title='bbox 2444 3487 2722 3560; x_wconf 84' lang='grc' dir='ltr'>ἐννοήθητι</span> <span class='ocrx_word' id='word_1_671' title='bbox 2748 3487 2805 3540; x_wconf 89' lang='lat' dir='ltr'><strong>tv</strong></span> <span class='ocrx_word' id='word_1_672' title='bbox 2832 3481 2911 3553; x_wconf 84' lang='grc' dir='ltr'><strong>τῷ</strong></span> <span class='ocrx_word' id='word_1_673' title='bbox 2951 3481 3173 3552; x_wconf 77' lang='grc' dir='ltr'>ῥήματι.</span> 
     </span>
    </p>
   </div>
   <div class='ocr_carea' id='block_1_93' title="bbox 2200 3563 3707 3653">
    <p class='ocr_par' dir='ltr' id='par_1_93' title="bbox 2200 3563 3707 3653">
     <span class='ocr_line' id='line_1_94' title="bbox 2200 3563 3707 3653; baseline -0.018 -12"><span class='ocrx_word' id='word_1_674' title='bbox 2200 3587 2290 3641; x_wconf 71' lang='grc'><strong>24.</strong></span> <span class='ocrx_word' id='word_1_675' title='bbox 2324 3583 2724 3653; x_wconf 80' lang='grc' dir='ltr'>Ἐϐδομήκοντα</span> <span class='ocrx_word' id='word_1_676' title='bbox 2742 3574 3034 3646; x_wconf 79' lang='grc' dir='ltr'>ἐῦδομάδες</span> <span class='ocrx_word' id='word_1_677' title='bbox 3058 3566 3477 3639; x_wconf 86' lang='grc' dir='ltr'>συνετμήθησαν</span> <span class='ocrx_word' id='word_1_678' title='bbox 3500 3566 3597 3618; x_wconf 79' lang='grc' dir='ltr'><strong>ἐπὶ</strong></span> <span class='ocrx_word' id='word_1_679' title='bbox 3617 3563 3707 3615; x_wconf 77' lang='grc' dir='ltr'><strong>τὸν</strong></span> 
     </span>
    </p>
   </div>
   <div class='ocr_carea' id='block_1_94' title="bbox 2131 3655 3712 3743">
    <p class='ocr_par' dir='ltr' id='par_1_94' title="bbox 2131 3655 3712 3743">
     <span class='ocr_line' id='line_1_95' title="bbox 2131 3655 3712 3743; baseline -0.019 -7"><span class='ocrx_word' id='word_1_680' title='bbox 2131 3681 2259 3735; x_wconf 90' lang='grc' dir='ltr'>λαόν</span> <span class='ocrx_word' id='word_1_681' title='bbox 2290 3696 2407 3743; x_wconf 87' lang='grc' dir='ltr'>σου,</span> <span class='ocrx_word' id='word_1_682' title='bbox 2439 3678 2533 3730; x_wconf 80' lang='grc' dir='ltr'><strong>καὶ</strong></span> <span class='ocrx_word' id='word_1_683' title='bbox 2554 3674 2647 3727; x_wconf 78' lang='grc' dir='ltr'><strong>ἐπὶ</strong></span> <span class='ocrx_word' id='word_1_684' title='bbox 2675 3671 2774 3743; x_wconf 81' lang='grc' dir='ltr'>τὴν</span> <span class='ocrx_word' id='word_1_685' title='bbox 2805 3668 2959 3721; x_wconf 80' lang='grc' dir='ltr'>πόλιν</span> <span class='ocrx_word' id='word_1_686' title='bbox 3004 3664 3104 3736; x_wconf 82' lang='grc' dir='ltr'><strong>τὴν</strong></span> <span class='ocrx_word' id='word_1_687' title='bbox 3132 3661 3312 3731; x_wconf 82' lang='grc' dir='ltr'>ἁγίαν,</span> <span class='ocrx_word' id='word_1_688' title='bbox 3336 3658 3443 3722; x_wconf 74' lang='grc' dir='ltr'><strong>ἕως</strong></span> <span class='ocrx_word' id='word_1_689' title='bbox 3474 3655 3572 3710; x_wconf 88' lang='grc' dir='ltr'><strong>τοῦ</strong></span> <span class='ocrx_word' id='word_1_690' title='bbox 3613 3673 3712 3708; x_wconf 85' lang='grc' dir='ltr'>πα-</span> 
     </span>
    </p>
   </div>
   <div class='ocr_carea' id='block_1_95' title="bbox 2134 3748 3708 3840">
    <p class='ocr_par' dir='ltr' id='par_1_95' title="bbox 2134 3748 3708 3840">
     <span class='ocr_line' id='line_1_96' title="bbox 2134 3748 3708 3840; baseline -0.019 -13"><span class='ocrx_word' id='word_1_691' title='bbox 2134 3770 2431 3840; x_wconf 80' lang='grc' dir='ltr'>λαιωθῆναι</span> <span class='ocrx_word' id='word_1_692' title='bbox 2478 3765 2540 3818; x_wconf 82' lang='grc' dir='ltr'><strong>τὸ</strong></span> <span class='ocrx_word' id='word_1_693' title='bbox 2596 3762 2970 3833; x_wconf 82' lang='grc' dir='ltr'>παράπτωμα,</span> <span class='ocrx_word' id='word_1_694' title='bbox 3020 3755 3115 3809; x_wconf 60' lang='grc' dir='ltr'><strong>καί⁹</strong></span> <span class='ocrx_word' id='word_1_695' title='bbox 3162 3751 3256 3805; x_wconf 88' lang='grc' dir='ltr'><strong>τοῦ</strong></span> <span class='ocrx_word' id='word_1_696' title='bbox 3293 3748 3708 3817; x_wconf 82' lang='grc' dir='ltr'>συντελεσθῆναι</span> 
     </span>
    </p>
   </div>
   <div class='ocr_carea' id='block_1_96' title="bbox 2137 3835 3710 3935">
    <p class='ocr_par' dir='ltr' id='par_1_96' title="bbox 2137 3835 3710 3935">
     <span class='ocr_line' id='line_1_97' title="bbox 2137 3835 3710 3935; baseline -0.018 -18"><span class='ocrx_word' id='word_1_697' title='bbox 2137 3835 2430 3935; x_wconf 85' lang='grc' dir='ltr'>ἁμαρτίαν,</span> <span class='ocrx_word' id='word_1_698' title='bbox 2477 3858 2573 3910; x_wconf 73' lang='grc' dir='ltr'>καὶ</span> <span class='ocrx_word' id='word_1_699' title='bbox 2630 3852 2723 3905; x_wconf 88' lang='grc' dir='ltr'><strong>τοῦ</strong></span> <span class='ocrx_word' id='word_1_700' title='bbox 2774 3848 3074 3921; x_wconf 88' lang='grc' dir='ltr'>σφραγίσαι</span> <span class='ocrx_word' id='word_1_701' title='bbox 3128 3840 3418 3914; x_wconf 87' lang='grc' dir='ltr'>ἁμαρτίας,</span> <span class='ocrx_word' id='word_1_702' title='bbox 3472 3839 3571 3892; x_wconf 70' lang='grc' dir='ltr'><strong>καὶ</strong></span> <span class='ocrx_word' id='word_1_703' title='bbox 3615 3835 3710 3889; x_wconf 81' lang='grc' dir='ltr'><strong>τοῦ</strong></span> 
     </span>
    </p>
   </div>
   <div class='ocr_carea' id='block_1_97' title="bbox 2138 3927 3713 4021">
    <p class='ocr_par' dir='ltr' id='par_1_97' title="bbox 2138 3927 3713 4021">
     <span class='ocr_line' id='line_1_98' title="bbox 2138 3927 3713 4021; baseline -0.02 -11"><span class='ocrx_word' id='word_1_704' title='bbox 2138 3927 2435 4021; x_wconf 76' lang='grc' dir='ltr'>ἀπαλεῖψαι</span> <span class='ocrx_word' id='word_1_705' title='bbox 2459 3946 2708 4017; x_wconf 83' lang='grc' dir='ltr'>ἀνομίας,</span> <span class='ocrx_word' id='word_1_706' title='bbox 2738 3944 2835 3997; x_wconf 61' lang='grc' dir='ltr'><strong>καί¹</strong></span> <span class='ocrx_word' id='word_1_707' title='bbox 2858 3940 2953 3994; x_wconf 90' lang='grc' dir='ltr'><strong>τοῦ</strong></span> <span class='ocrx_word' id='word_1_708' title='bbox 2975 3935 3321 4004; x_wconf 83' lang='grc' dir='ltr'>ἐξιλάσασθαι</span> <span class='ocrx_word' id='word_1_709' title='bbox 3354 3930 3599 3994; x_wconf 85' lang='grc' dir='ltr'>ἀδικίας,</span> <span class='ocrx_word' id='word_1_710' title='bbox 3617 3927 3713 3981; x_wconf 76' lang='grc' dir='ltr'><strong>καὶ</strong></span> 
     </span>
    </p>
   </div>
   <div class='ocr_carea' id='block_1_98' title="bbox 2138 4019 3714 4109">
    <p class='ocr_par' dir='ltr' id='par_1_98' title="bbox 2138 4019 3714 4109">
     <span class='ocr_line' id='line_1_99' title="bbox 2138 4019 3714 4109; baseline -0.018 -11"><span class='ocrx_word' id='word_1_711' title='bbox 2138 4044 2233 4097; x_wconf 90' lang='grc' dir='ltr'><strong>τοῦ</strong></span> <span class='ocrx_word' id='word_1_712' title='bbox 2264 4041 2493 4109; x_wconf 85' lang='grc' dir='ltr'>ἀγαγεῖν</span> <span class='ocrx_word' id='word_1_713' title='bbox 2523 4032 2869 4103; x_wconf 86' lang='grc' dir='ltr'>δικαιοσύνην</span> <span class='ocrx_word' id='word_1_714' title='bbox 2898 4029 3133 4092; x_wconf 74' lang='grc' dir='ltr'>αἰώνιον,</span> <span class='ocrx_word' id='word_1_715' title='bbox 3162 4025 3257 4077; x_wconf 69' lang='grc' dir='ltr'><strong>καὶ</strong></span> <span class='ocrx_word' id='word_1_716' title='bbox 3286 4021 3381 4075; x_wconf 88' lang='grc' dir='ltr'><strong>τοῦ</strong></span> <span class='ocrx_word' id='word_1_717' title='bbox 3406 4019 3714 4090; x_wconf 78' lang='grc' dir='ltr'>σφραγίσαι</span> 
     </span>
    </p>
   </div>
   <div class='ocr_carea' id='block_1_99' title="bbox 2140 4113 3717 4209">
    <p class='ocr_par' dir='ltr' id='par_1_99' title="bbox 2140 4113 3717 4209">
     <span class='ocr_line' id='line_1_100' title="bbox 2140 4113 3717 4209; baseline -0.018 -18"><span class='ocrx_word' id='word_1_718' title='bbox 2140 4139 2352 4209; x_wconf 81' lang='grc' dir='ltr'>ὅρασιν,</span> <span class='ocrx_word' id='word_1_719' title='bbox 2420 4133 2512 4185; x_wconf 78' lang='grc' dir='ltr'><strong>καὶ</strong></span> <span class='ocrx_word' id='word_1_720' title='bbox 2577 4128 2902 4201; x_wconf 83' lang='grc' dir='ltr'>προφήτην,</span> <span class='ocrx_word' id='word_1_721' title='bbox 2963 4121 3059 4176; x_wconf 74' lang='grc' dir='ltr'><strong>καὶ</strong></span> <span class='ocrx_word' id='word_1_722' title='bbox 3119 4116 3217 4173; x_wconf 87' lang='grc' dir='ltr'><strong>τοῦ</strong></span> <span class='ocrx_word' id='word_1_723' title='bbox 3279 4118 3466 4187; x_wconf 83' lang='grc' dir='ltr'>χρῖσαι</span> <span class='ocrx_word' id='word_1_724' title='bbox 3519 4113 3717 4182; x_wconf 82' lang='grc' dir='ltr'>Ἀγιον</span> 
     </span>
    </p>
   </div>
   <div class='ocr_carea' id='block_1_100' title="bbox 2145 4226 2338 4296">
    <p class='ocr_par' dir='ltr' id='par_1_100' title="bbox 2145 4226 2338 4296">
     <span class='ocr_line' id='line_1_101' title="bbox 2145 4226 2338 4296; baseline -0.031 -13"><span class='ocrx_word' id='word_1_725' title='bbox 2145 4226 2338 4296; x_wconf 86' lang='grc' dir='ltr'>ἁγίων.</span> 
     </span>
    </p>
   </div>
   <div class='ocr_carea' id='block_1_101' title="bbox 2213 4292 3721 4383">
    <p class='ocr_par' dir='ltr' id='par_1_101' title="bbox 2213 4292 3721 4383">
     <span class='ocr_line' id='line_1_102' title="bbox 2213 4292 3721 4383; baseline -0.02 -11"><span class='ocrx_word' id='word_1_726' title='bbox 2213 4318 2305 4373; x_wconf 75' lang='grc'><strong>25.</strong></span> <span class='ocrx_word' id='word_1_727' title='bbox 2331 4316 2442 4368; x_wconf 72' lang='grc' dir='ltr'>Καὶ</span> <span class='ocrx_word' id='word_1_728' title='bbox 2470 4310 2677 4383; x_wconf 81' lang='grc' dir='ltr'>γνώσῃ,</span> <span class='ocrx_word' id='word_1_729' title='bbox 2708 4309 2804 4361; x_wconf 70' lang='grc' dir='ltr'><strong>καὶ</strong></span> <span class='ocrx_word' id='word_1_730' title='bbox 2835 4306 3102 4377; x_wconf 86' lang='grc' dir='ltr'>συνήσεις,</span> <span class='ocrx_word' id='word_1_731' title='bbox 3154 4297 3263 4353; x_wconf 84' lang='grc' dir='ltr'>ἀπὸ</span> <span class='ocrx_word' id='word_1_732' title='bbox 3310 4294 3498 4362; x_wconf 79' lang='grc' dir='ltr'>ἐξόδου</span> <span class='ocrx_word' id='word_1_733' title='bbox 3540 4292 3721 4361; x_wconf 83' lang='grc' dir='ltr'>λόγων</span> 
     </span>
    </p>
   </div>
   <div class='ocr_carea' id='block_1_102' title="bbox 2146 4382 3720 4475">
    <p class='ocr_par' dir='ltr' id='par_1_102' title="bbox 2146 4382 3720 4475">
     <span class='ocr_line' id='line_1_103' title="bbox 2146 4382 3720 4475; baseline -0.021 -10"><span class='ocrx_word' id='word_1_734' title='bbox 2146 4410 2238 4464; x_wconf 90' lang='grc' dir='ltr'><strong>τοῦ</strong></span> <span class='ocrx_word' id='word_1_735' title='bbox 2262 4382 2644 4475; x_wconf 82' lang='grc' dir='ltr'>ἀποκριθῆναι,</span> <span class='ocrx_word' id='word_1_736' title='bbox 2664 4401 2757 4455; x_wconf 69' lang='grc' dir='ltr'><strong>καὶ</strong></span> <span class='ocrx_word' id='word_1_737' title='bbox 2774 4399 2868 4452; x_wconf 90' lang='grc' dir='ltr'><strong>τοῦ</strong></span> <span class='ocrx_word' id='word_1_738' title='bbox 2890 4391 3303 4463; x_wconf 73' lang='grc' dir='ltr'>οἰκοδομηθῆναι</span> <span class='ocrx_word' id='word_1_739' title='bbox 3335 4382 3652 4457; x_wconf 79' lang='grc' dir='ltr'>Ἰερουσαλὴ</span> <span class='ocrx_word' id='word_1_740' title='bbox 3662 4400 3720 4452; x_wconf 87' lang='grc' dir='ltr'><strong>μ,</strong></span> 
     </span>
    </p>
   </div>
   <div class='ocr_carea' id='block_1_103' title="bbox 2148 4474 3724 4569">
    <p class='ocr_par' dir='ltr' id='par_1_103' title="bbox 2148 4474 3724 4569">
     <span class='ocr_line' id='line_1_104' title="bbox 2148 4474 3724 4569; baseline -0.019 -15"><span class='ocrx_word' id='word_1_741' title='bbox 2148 4502 2253 4564; x_wconf 75' lang='grc' dir='ltr'><strong>ἕως</strong></span> <span class='ocrx_word' id='word_1_742' title='bbox 2282 4474 2529 4569; x_wconf 73' lang='grc' dir='ltr'>Χριστοῦ</span> <span class='ocrx_word' id='word_1_743' title='bbox 2548 4491 2871 4565; x_wconf 81' lang='grc' dir='ltr'>ἡγουμένου,</span> <span class='ocrx_word' id='word_1_744' title='bbox 2902 4484 3189 4556; x_wconf 76' lang='grc' dir='ltr'>ἐϐδομὰδες</span> <span class='ocrx_word' id='word_1_745' title='bbox 3216 4478 3375 4542; x_wconf 82' lang='grc' dir='ltr'>ἑπτὰ,</span> <span class='ocrx_word' id='word_1_746' title='bbox 3422 4477 3519 4530; x_wconf 70' lang='grc' dir='ltr'><strong>καὶ</strong></span> <span class='ocrx_word' id='word_1_747' title='bbox 3569 4474 3724 4527; x_wconf 75' lang='grc' dir='ltr'>ἐϐδο-</span> 
     </span>
    </p>
   </div>
   <div class='ocr_carea' id='block_1_104' title="bbox 2155 4567 3727 4663">
    <p class='ocr_par' dir='ltr' id='par_1_104' title="bbox 2155 4567 3727 4663">
     <span class='ocr_line' id='line_1_105' title="bbox 2155 4567 3727 4663; baseline -0.019 -17"><span class='ocrx_word' id='word_1_748' title='bbox 2155 4592 2318 4663; x_wconf 87' lang='grc' dir='ltr'>μὰδες</span> <span class='ocrx_word' id='word_1_749' title='bbox 2339 4567 2602 4657; x_wconf 80' lang='grc' dir='ltr'>ἐξήκοντα</span> <span class='ocrx_word' id='word_1_750' title='bbox 2621 4582 2745 4637; x_wconf 85' lang='grc' dir='ltr'>δύο·</span> <span class='ocrx_word' id='word_1_751' title='bbox 2788 4581 2883 4634; x_wconf 74' lang='grc' dir='ltr'><strong>καὶ</strong></span> <span class='ocrx_word' id='word_1_752' title='bbox 2922 4574 3256 4647; x_wconf 77' lang='grc' dir='ltr'>ἐπιστρέψει,</span> <span class='ocrx_word' id='word_1_753' title='bbox 3290 4572 3387 4624; x_wconf 71' lang='grc' dir='ltr'>καὶ</span> <span class='ocrx_word' id='word_1_754' title='bbox 3439 4567 3727 4635; x_wconf 64' lang='grc' dir='ltr'><strong>οἰκοδομὴ⁸</strong></span> 
     </span>
    </p>
   </div>
   <div class='ocr_carea' id='block_1_105' title="bbox 2153 4658 3726 4755">
    <p class='ocr_par' dir='ltr' id='par_1_105' title="bbox 2153 4658 3726 4755">
     <span class='ocr_line' id='line_1_106' title="bbox 2153 4658 3726 4755; baseline -0.019 -17"><span class='ocrx_word' id='word_1_755' title='bbox 2153 4658 2377 4755; x_wconf 84' lang='grc' dir='ltr'>θήσεται</span> <span class='ocrx_word' id='word_1_756' title='bbox 2411 4678 2658 4741; x_wconf 82' lang='grc' dir='ltr'>πλατεῖα,</span> <span class='ocrx_word' id='word_1_757' title='bbox 2685 4676 2781 4729; x_wconf 78' lang='grc' dir='ltr'><strong>καὶ</strong></span> <span class='ocrx_word' id='word_1_758' title='bbox 2819 4670 3147 4743; x_wconf 81' lang='grc' dir='ltr'>περίτειχος.</span> <span class='ocrx_word' id='word_1_759' title='bbox 3190 4666 3286 4719; x_wconf 74' lang='grc' dir='ltr'>καὶ</span> <span class='ocrx_word' id='word_1_760' title='bbox 3316 4658 3726 4729; x_wconf 82' lang='grc' dir='ltr'>ἐκκενωθήσον-</span> 
     </span>
    </p>
   </div>
   <div class='ocr_carea' id='block_1_106' title="bbox 2152 4771 2539 4844">
    <p class='ocr_par' dir='ltr' id='par_1_106' title="bbox 2152 4771 2539 4844">
     <span class='ocr_line' id='line_1_107' title="bbox 2152 4771 2539 4844; baseline -0.018 -14"><span class='ocrx_word' id='word_1_761' title='bbox 2152 4794 2242 4830; x_wconf 88' lang='grc' dir='ltr'><strong>ται</strong></span> <span class='ocrx_word' id='word_1_762' title='bbox 2265 4776 2315 4828; x_wconf 83' lang='grc' dir='ltr'>οἱ</span> <span class='ocrx_word' id='word_1_763' title='bbox 2338 4771 2539 4844; x_wconf 88' lang='grc' dir='ltr'>καιροί.</span> 
     </span>
    </p>
   </div>
   <div class='ocr_carea' id='block_1_107' title="bbox 2226 4839 3727 4933">
    <p class='ocr_par' dir='ltr' id='par_1_107' title="bbox 2226 4839 3727 4933">
     <span class='ocr_line' id='line_1_108' title="bbox 2226 4839 3727 4933; baseline -0.022 -11"><span class='ocrx_word' id='word_1_764' title='bbox 2226 4866 2318 4921; x_wconf 73' lang='grc'><strong>26.</strong></span> <span class='ocrx_word' id='word_1_765' title='bbox 2352 4839 2462 4919; x_wconf 47' lang='grc' dir='ltr'><strong>Καὶ</strong></span> <span class='ocrx_word' id='word_1_766' title='bbox 2511 4859 2651 4933; x_wconf 86' lang='grc' dir='ltr'><strong>μετὰ</strong></span> <span class='ocrx_word' id='word_1_767' title='bbox 2691 4858 2793 4919; x_wconf 87' lang='grc' dir='ltr'>τὰς</span> <span class='ocrx_word' id='word_1_768' title='bbox 2829 4851 3128 4924; x_wconf 76' lang='grc' dir='ltr'>ἐϐδομάδας</span> <span class='ocrx_word' id='word_1_769' title='bbox 3179 4846 3279 4910; x_wconf 79' lang='grc' dir='ltr'>τὰς</span> <span class='ocrx_word' id='word_1_770' title='bbox 3329 4843 3598 4913; x_wconf 77' lang='grc' dir='ltr'>ἐξήκοντα</span> <span class='ocrx_word' id='word_1_771' title='bbox 3636 4839 3727 4893; x_wconf 83' lang='grc' dir='ltr'>δύο</span> 
     </span>
    </p>
   </div>
   <div class='ocr_carea' id='block_1_108' title="bbox 2158 4932 3728 5026">
    <p class='ocr_par' dir='ltr' id='par_1_108' title="bbox 2158 4932 3728 5026">
     <span class='ocr_line' id='line_1_109' title="bbox 2158 4932 3728 5026; baseline -0.02 -14"><span class='ocrx_word' id='word_1_772' title='bbox 2158 4932 2677 5026; x_wconf 15' lang='grc' dir='ltr'>ἑξολοθρευθήίσεται</span> <span class='ocrx_word' id='word_1_773' title='bbox 2708 4947 2935 5019; x_wconf 86' lang='grc' dir='ltr'>χρίσμα,</span> <span class='ocrx_word' id='word_1_774' title='bbox 2976 4943 3072 4996; x_wconf 76' lang='grc' dir='ltr'>καὶ</span> <span class='ocrx_word' id='word_1_775' title='bbox 3122 4940 3297 5010; x_wconf 89' lang='grc' dir='ltr'>κρῖμα</span> <span class='ocrx_word' id='word_1_776' title='bbox 3345 4936 3445 4987; x_wconf 77' lang='grc' dir='ltr'><strong>οὐκ</strong></span> <span class='ocrx_word' id='word_1_777' title='bbox 3499 4932 3651 4985; x_wconf 78' lang='grc' dir='ltr'>ἐστιν</span> <span class='ocrx_word' id='word_1_778' title='bbox 3672 4932 3728 4983; x_wconf 85' lang='grc' dir='ltr'>ὲν</span> 
     </span>
    </p>
   </div>
   <div class='ocr_carea' id='block_1_109' title="bbox 2159 5021 3729 5120">
    <p class='ocr_par' dir='ltr' id='par_1_109' title="bbox 2159 5021 3729 5120">
     <span class='ocr_line' id='line_1_110' title="bbox 2159 5021 3729 5120; baseline -0.019 -16"><span class='ocrx_word' id='word_1_779' title='bbox 2159 5021 2308 5120; x_wconf 70' lang='grc' dir='ltr'>αῦτῷ</span> <span class='ocrx_word' id='word_1_780' title='bbox 2326 5021 2466 5100; x_wconf 42' lang='grc' dir='ltr'>’-καὶ</span> <span class='ocrx_word' id='word_1_781' title='bbox 2488 5021 2587 5113; x_wconf 81' lang='grc' dir='ltr'>τὴν</span> <span class='ocrx_word' id='word_1_782' title='bbox 2620 5040 2794 5104; x_wconf 88' lang='grc' dir='ltr'>πόλιν,</span> <span class='ocrx_word' id='word_1_783' title='bbox 2826 5037 2923 5091; x_wconf 62' lang='grc' dir='ltr'><strong>καὶ⁷</strong></span> <span class='ocrx_word' id='word_1_784' title='bbox 2938 5035 3029 5088; x_wconf 86' lang='grc' dir='ltr'><strong>τὸν</strong></span> <span class='ocrx_word' id='word_1_785' title='bbox 3048 5034 3203 5101; x_wconf 82' lang='grc' dir='ltr'>ἆγιον</span> <span class='ocrx_word' id='word_1_786' title='bbox 3225 5026 3507 5097; x_wconf 77' lang='grc' dir='ltr'>διαφθερεῖ</span> <span class='ocrx_word' id='word_1_787' title='bbox 3540 5021 3729 5091; x_wconf 83' lang='grc' dir='ltr'>σὺντῷ</span> 
     </span>
    </p>
   </div>
   <div class='ocr_carea' id='block_1_110' title="bbox 2162 5114 3729 5212">
    <p class='ocr_par' dir='ltr' id='par_1_110' title="bbox 2162 5114 3729 5212">
     <span class='ocr_line' id='line_1_111' title="bbox 2162 5114 3729 5212; baseline -0.02 -17"><span class='ocrx_word' id='word_1_788' title='bbox 2162 5114 2448 5212; x_wconf 75' lang='grc' dir='ltr'>ἡγοῦμένῳ</span> <span class='ocrx_word' id='word_1_789' title='bbox 2500 5133 2578 5204; x_wconf 82' lang='grc' dir='ltr'>τῷ</span> <span class='ocrx_word' id='word_1_790' title='bbox 2623 5128 2925 5202; x_wconf 82' lang='grc' dir='ltr'>ἐρχομένῳ,</span> <span class='ocrx_word' id='word_1_791' title='bbox 2986 5124 3078 5178; x_wconf 75' lang='grc' dir='ltr'><strong>καὶ</strong></span> <span class='ocrx_word' id='word_1_792' title='bbox 3126 5120 3527 5189; x_wconf 82' lang='grc' dir='ltr'>ἐκκοπήσονται</span> <span class='ocrx_word' id='word_1_793' title='bbox 3560 5114 3640 5177; x_wconf 80' lang='grc' dir='ltr'>ὡς</span> <span class='ocrx_word' id='word_1_794' title='bbox 3675 5116 3729 5165; x_wconf 85' lang='lat' dir='ltr'><strong>tv</strong></span> 
     </span>
    </p>
   </div>
   <div class='ocr_carea' id='block_1_111' title="bbox 2164 5203 3729 5295">
    <p class='ocr_par' dir='ltr' id='par_1_111' title="bbox 2164 5203 3729 5295">
     <span class='ocr_line' id='line_1_112' title="bbox 2164 5203 3729 5295; baseline -0.023 -12"><span class='ocrx_word' id='word_1_795' title='bbox 2164 5203 2559 5295; x_wconf 75' lang='grc' dir='ltr'>κατακλυσμῷ,</span> <span class='ocrx_word' id='word_1_796' title='bbox 2576 5220 2670 5275; x_wconf 79' lang='grc' dir='ltr'><strong>καὶ</strong></span> <span class='ocrx_word' id='word_1_797' title='bbox 2695 5218 2798 5279; x_wconf 75' lang='grc' dir='ltr'>ἕως</span> <span class='ocrx_word' id='word_1_798' title='bbox 2818 5214 3004 5276; x_wconf 80' lang='grc' dir='ltr'>τέλους</span> <span class='ocrx_word' id='word_1_799' title='bbox 3027 5209 3263 5277; x_wconf 86' lang='grc' dir='ltr'>πολέμου</span> <span class='ocrx_word' id='word_1_800' title='bbox 3286 5218 3558 5269; x_wconf 86' lang='grc' dir='ltr'>συντετμη</span> <span class='ocrx_word' id='word_1_801' title='bbox 3567 5203 3729 5269; x_wconf 79' lang='grc' dir='ltr'>μένου</span> 
     </span>
    </p>
   </div>
   <div class='ocr_carea' id='block_1_112' title="bbox 2164 5289 3731 5391">
    <p class='ocr_par' dir='ltr' id='par_1_112' title="bbox 2164 5289 3731 5391">
     <span class='ocr_line' id='line_1_113' title="bbox 2164 5289 3731 5391; baseline -0.024 -16"><span class='ocrx_word' id='word_1_802' title='bbox 2164 5289 2516 5391; x_wconf 30' lang='grc' dir='ltr'>ἀφανισμοῖς..</span> <span class='ocrx_word' id='word_1_803' title='bbox 2561 5310 2674 5366; x_wconf 79' lang='grc' dir='ltr'>Καὶ</span> <span class='ocrx_word' id='word_1_804' title='bbox 2719 5304 3023 5377; x_wconf 87' lang='grc' dir='ltr'>δυναμώσει</span> <span class='ocrx_word' id='word_1_805' title='bbox 3045 5300 3305 5370; x_wconf 82' lang='grc' dir='ltr'>διαθήκην</span> <span class='ocrx_word' id='word_1_806' title='bbox 3334 5292 3549 5353; x_wconf 84' lang='grc' dir='ltr'>πολλοῖς</span> <span class='ocrx_word' id='word_1_807' title='bbox 3588 5289 3731 5343; x_wconf 75' lang='grc' dir='ltr'>ἐϐδο-</span> 
     </span>
    </p>
   </div>
   <div class='ocr_carea' id='block_1_113' title="bbox 2171 5380 3731 5482">
    <p class='ocr_par' dir='ltr' id='par_1_113' title="bbox 2171 5380 3731 5482">
     <span class='ocr_line' id='line_1_114' title="bbox 2171 5380 3731 5482; baseline -0.022 -18"><span class='ocrx_word' id='word_1_808' title='bbox 2171 5380 2276 5482; x_wconf 75' lang='grc' dir='ltr'><strong>μὰς</strong></span> <span class='ocrx_word' id='word_1_809' title='bbox 2334 5380 2464 5478; x_wconf 75' lang='grc' dir='ltr'>μίαο</span> <span class='ocrx_word' id='word_1_810' title='bbox 2524 5403 2621 5456; x_wconf 66' lang='grc' dir='ltr'>καὶ</span> <span class='ocrx_word' id='word_1_811' title='bbox 2663 5400 2835 5470; x_wconf 72' lang='grc' dir='ltr'>ἥμισυ</span> <span class='ocrx_word' id='word_1_812' title='bbox 2892 5398 2991 5465; x_wconf 80' lang='grc' dir='ltr'><strong>τῆς</strong></span> <span class='ocrx_word' id='word_1_813' title='bbox 3041 5387 3331 5460; x_wconf 79' lang='grc' dir='ltr'>ἑϐδομάδος</span> <span class='ocrx_word' id='word_1_814' title='bbox 3386 5380 3731 5437; x_wconf 83' lang='grc' dir='ltr'>καταπαύσει</span> 
     </span>
    </p>
   </div>
   <div class='ocr_carea' id='block_1_114' title="bbox 2169 5470 3732 5573">
    <p class='ocr_par' dir='ltr' id='par_1_114' title="bbox 2169 5470 3732 5573">
     <span class='ocr_line' id='line_1_115' title="bbox 2169 5470 3732 5573; baseline -0.021 -17"><span class='ocrx_word' id='word_1_815' title='bbox 2169 5470 2442 5573; x_wconf 45' lang='grc' dir='ltr'>θυμία-μα,</span> <span class='ocrx_word' id='word_1_816' title='bbox 2471 5496 2567 5549; x_wconf 74' lang='grc' dir='ltr'>καὶ</span> <span class='ocrx_word' id='word_1_817' title='bbox 2601 5493 2810 5557; x_wconf 86' lang='grc' dir='ltr'>θυσίαν,</span> <span class='ocrx_word' id='word_1_818' title='bbox 2848 5488 2941 5543; x_wconf 73' lang='grc' dir='ltr'>καὶ</span> <span class='ocrx_word' id='word_1_819' title='bbox 2969 5483 3224 5553; x_wconf 81' lang='grc' dir='ltr'>σπονδὴν,</span> <span class='ocrx_word' id='word_1_820' title='bbox 3264 5478 3359 5533; x_wconf 76' lang='grc' dir='ltr'><strong>καὶ</strong></span> <span class='ocrx_word' id='word_1_821' title='bbox 3415 5476 3509 5529; x_wconf 78' lang='grc' dir='ltr'><strong>ἐπὶ</strong></span> <span class='ocrx_word' id='word_1_822' title='bbox 3535 5470 3732 5543; x_wconf 75' lang='grc' dir='ltr'>πτερύ-</span> 
     </span>
    </p>
   </div>
   <div class='ocr_carea' id='block_1_115' title="bbox 2169 5569 3729 5663">
    <p class='ocr_par' dir='ltr' id='par_1_115' title="bbox 2169 5569 3729 5663">
     <span class='ocr_line' id='line_1_116' title="bbox 2169 5569 3729 5663; baseline -0.019 -17"><span class='ocrx_word' id='word_1_823' title='bbox 2169 5569 2287 5663; x_wconf 83' lang='grc' dir='ltr'>γιον</span> <span class='ocrx_word' id='word_1_824' title='bbox 2313 5569 2463 5654; x_wconf 77' lang='grc' dir='ltr'>τάξει</span> <span class='ocrx_word' id='word_1_825' title='bbox 2485 5582 2817 5657; x_wconf 87' lang='grc' dir='ltr'>ἀφανισμοῦ,</span> <span class='ocrx_word' id='word_1_826' title='bbox 2846 5583 2941 5637; x_wconf 76' lang='grc' dir='ltr'><strong>καὶ</strong></span> <span class='ocrx_word' id='word_1_827' title='bbox 2965 5580 3068 5643; x_wconf 72' lang='grc' dir='ltr'>ἕως</span> <span class='ocrx_word' id='word_1_828' title='bbox 3086 5572 3421 5635; x_wconf 88' lang='grc' dir='ltr'>συντελείας,</span> <span class='ocrx_word' id='word_1_829' title='bbox 3440 5569 3536 5622; x_wconf 76' lang='grc' dir='ltr'>καὶ</span> <span class='ocrx_word' id='word_1_830' title='bbox 3566 5581 3729 5619; x_wconf 81' lang='grc' dir='ltr'>σπου-</span> 
     </span>
    </p>
   </div>
   <div class='ocr_carea' id='block_1_116' title="bbox 2173 5675 2788 5755">
    <p class='ocr_par' dir='ltr' id='par_1_116' title="bbox 2173 5675 2788 5755">
     <span class='ocr_line' id='line_1_117' title="bbox 2173 5675 2788 5755; baseline -0.016 -16"><span class='ocrx_word' id='word_1_831' title='bbox 2173 5687 2267 5755; x_wconf 84' lang='grc' dir='ltr'>δῆς</span> <span class='ocrx_word' id='word_1_832' title='bbox 2296 5681 2446 5748; x_wconf 78' lang='grc' dir='ltr'>τάξει</span> <span class='ocrx_word' id='word_1_833' title='bbox 2476 5675 2788 5749; x_wconf 82' lang='grc' dir='ltr'>ἀφανισμῷ.</span> 
     </span>
    </p>
   </div>
  </div>
