3848 6218
226 257 373 312 9.885

1680 261 1914 320 CAPUT
1954 264 2021 318 X.

3351 268 3492 324 9.835

296 379 389 432 27.
415 376 527 430 Kal
549 375 860 447 δυναμιίηει
883 374 1153 448 διαθήκην
1185 377 1401 442 πολλοῖς
1419 377 1653 449 ἑϐδομὰς
1683 379 1803 448 μία,

1981 379 2070 433 27.
2116 381 2177 433 Et
2214 381 2562 435 conﬁrmabit
2625 389 3007 435 testamentum
3067 381 3252 435 multis
3288 380 3499 435 hebdo-

226 470 326 523 καὶ
348 470 407 521 ἐν
459 467 534 538 τῷ
578 468 770 541 ἡμίσει
814 468 915 539 τῆς
963 468 1256 541 ἑϐδομάδος
1293 469 1592 541 ἀρθήσεται
1632 468 1813 529 θυσία,

227 562 327 615 καὶ
378 560 600 631 σπονδὴ,
650 560 743 614 καὶ
773 561 865 613 ἐπί
891 560 1126 625 τούτοις,
1151 561 1244 613 ἐπὶ
1271 562 1331 615 τὸ
1358 562 1502 633 ἱερὸν
1537 560 1815 632 βδέλυγμα

228 652 334 721 τῆς
362 652 719 721 ἐρημώσεως,
747 653 844 705 καὶ
890 651 998 715 ἓως
1036 653 1349 716 συντελείας
1383 653 1578 725 καιροῦ
1629 652 1815 706 συντέ-

228 740 349 796 λεια
381 743 669 815 δοθήσεται
698 745 792 797 ἐπὶ
821 742 920 815 τὴν
943 744 1246 816 ἐρήμωσιν.

798 951 1197 1006 ΚΕΦΑΛΑΙΟΝ
1218 954 1274 1007 I'.

304 1088 361 1144 1.
395 1089 486 1143 Ἐν
515 1088 625 1141 ἑτει
684 1087 858 1159 τρίτῳ
887 1088 1074 1160 Κύρου
1124 1088 1221 1141 τοῦ
1273 1088 1541 1158 βασιλέως
1587 1089 1815 1159 Περσῶν

230 1178 393 1248 λόγος
421 1178 781 1248 ἀπεκαλύφθη
807 1180 885 1249 τῷ
916 1178 1117 1248 Δανιὴλ
1148 1170 1210 1231 οὗ
1242 1179 1303 1231 τὸ
1336 1178 1507 1247 ὄνομα
1538 1177 1814 1248 ἐπεκλήθη

231 1270 524 1341 Βαλτάσαρ
547 1286 561 1301 ο
578 1271 673 1323 καὶ
695 1270 949 1346 ἀληθινὸς
973 1271 1001 1323 ό
1018 1270 1196 1339 λόγος,
1222 1271 1319 1324 καὶ
1330 1270 1557 1341 δύναμις
1578 1270 1813 1341 μεγάλη,

233 1362 333 1415 καὶ
360 1361 573 1423 σύνεσις
615 1360 771 1432 ἐδόθη
798 1360 949 1431 αὺτῷ
978 1363 1035 1414 ἐν
1073 1365 1141 1433 τῇ
1168 1362 1424 1432 ὀπτασίᾳ.

302 1450 360 1505 2.
401 1451 490 1503 Ἐν
532 1453 655 1513 ταῖς
705 1452 944 1522 ἡμέραις
990 1451 1225 1515 ἐκείναις
1272 1450 1384 1520 ἐγὼ
1432 1449 1633 1521 Δανιὴλ
1662 1451 1816 1521 ήμην

230 1538 449 1591 πενθῶν
474 1543 624 1610 τρεῖς
662 1540 966 1610 ἑϐδομάδας
994 1541 1245 1612 ἡμερῶν.

304 1633 360 1687 5.
413 1634 609 1703 Ἀρτον
638 1633 866 1703 ἡμερῶν
902 1635 1003 1687 οὐκ
1055 1634 1281 1703 ἔφαγον,
1345 1637 1439 1689 καὶ
1482 1636 1673 1708 κρέας,
1722 1634 1817 1688 καὶ

1920 474 2078 528 mada
2113 490 2239 536 una,
2297 483 2351 527 et
2405 475 2456 527 in
2521 474 2748 528 dimidio
2807 474 3160 529 hebdomadis
3221 474 3501 529 auferetur

1918 566 2270 631 sacrificium,
2302 577 2355 619 et
2387 568 2646 633 libamen,
2679 579 2733 621 et
2760 577 2882 638 post
2922 572 3036 621 haec
3062 568 3114 621 in
3151 574 3349 637 templo
3366 567 3499 623 abo-

1920 656 2150 710 minatio
2179 658 2534 712 desolationis
2559 674 2573 713 :
2597 668 2649 713 et
2681 674 2853 727 usque
2875 659 2941 712 ad
2969 659 3496 712 consummationem

1919 749 2183 817 temporis
2241 750 2647 805 consummatio
2695 750 2915 805 dabitur
2969 764 3133 818 super
3209 749 3497 803 desolatit—

1919 854 2069 895 nem.

2518 953 2748 1011 CAPUT
2825 954 2893 1009 X.

1993 1094 2046 1147 1.
2082 1092 2139 1147 In
2165 1109 2310 1149 anno
2339 1094 2499 1148 tertio
2558 1093 2685 1165 Cyri
2728 1093 2873 1163 regis
2930 1091 3245 1157 Persarum,
3272 1090 3498 1145 verbum

1920 1186 2223 1240 revelatum
2272 1196 2356 1240 est
2410 1184 2653 1246 Danieli,
2704 1186 2862 1252 cujus
2906 1197 3103 1237 nomen
3131 1191 3386 1237 vocatum
3418 1193 3502 1239 est

1920 1276 2191 1343 Baltasar,
2240 1286 2294 1331 et
2330 1292 2518 1330 verum
2550 1277 2796 1340 verbum,
2822 1284 2875 1329 et
2906 1275 3166 1329 fortitudo
3196 1290 3413 1345 magna,
3448 1285 3501 1329 et

1920 1366 2274 1435 intelligentia
2305 1366 2432 1419 data
2473 1377 2557 1420 est
2591 1370 2640 1420 ei
2676 1367 2728 1419 in
2761 1367 2996 1419 visione.

1988 1457 2043 1510 2.
2088 1456 2142 1509 In
2180 1457 2373 1511 diebus
2420 1458 2528 1511 illis
2591 1472 2693 1527 ego
2725 1456 2915 1511 Daniel
2967 1472 3117 1511 eram
3169 1456 3358 1528 lugens
3389 1468 3501 1511 tres

1919 1548 2289 1605 hebdomadas
2324 1551 2552 1606 dierum.

1992 1640 2046 1695 5.
2087 1639 2289 1695 Panem
2312 1642 2522 1696 dierum
2557 1658 2664 1697 non
2694 1641 2932 1708 comedi,
2967 1652 3023 1698 et
3050 1657 3202 1708 caro,
3233 1650 3288 1697 et
3311 1642 3500 1697 vinum

228 1719 375 1789 οἶνος
396 1726 498 1778 οὐκ
528 1725 779 1795 εἰσῆλθεν
794 1727 873 1789 είς
889 1727 950 1779 τὸ
978 1728 1154 1796 στόμα
1179 1745 1304 1798 μου,
1326 1730 1418 1781 καὶ
1444 1729 1689 1799 ἄλειμμα
1715 1729 1816 1782 οὐκ

1944 1750 2031 1789 non
2066 1734 2398 1788 introierunt
2426 1735 2476 1789 in
2514 1751 2575 1791 os
2590 1751 2807 1800 meum,
2853 1746 2906 1790 et
2933 1742 3210 1806 unguento
3241 1751 3348 1790 non
3377 1750 3500 1789 sum

226 1816 668 1888 ὴλειψάμην,ἔως
681 1816 1015 1887 πληρώσεως
1027 1819 1195 1891 τριῶν
1220 1821 1532 1890 ἑϐδομάδων
1560 1822 1805 1892 ἡμερῶν.

305 1998 357 2051 4.
384 2000 495 2052 Kal
524 2000 582 2051 ἐν
619 1998 801 2071 ἡμέρᾳ
839 2002 1058 2072 εἰκοστῇ
1096 2002 1193 2055 καὶ
1245 2003 1484 2076 τετάρτῃ
1522 2003 1616 2057 τοῦ
1647 2004 1813 2075 μηνὸς

228 2087 330 2142 τοῦ
362 2089 578 2161 πρώτου
595 2092 652 2143 ἐν
687 2092 763 2161 τῷ
790 2092 961 2163 τρίτῳ
988 2093 1121 2159 ἔτει,
1153 2094 1264 2163 ἐγὼ
1290 2096 1439 2165 ἤμην
1462 2097 1696 2166 ἐχόμενα
1719 2095 1812 2150 τοῦ

230 2182 482 2250 ποταμοῦ
504 2182 597 2235 τοῦ
632 2184 894 2253 μεγάλου,
931 2186 1094 2250 αὐτός
1124 2187 1242 2240 ἐστι
1268 2188 1484 2257 Τίγρις.

302 2272 359 2328 5.
393 2273 505 2327 Kal
564 2274 675 2351 ᾗρα
713 2277 839 2340 τοὺς
894 2277 1205 2349 ὀφθαλμούς
1240 2297 1364 2350 μου,
1400 2282 1494 2333 καὶ
1528 2277 1687 2346 εἶδον,
1717 2283 1816 2335 καὶ

232 2362 346 2418 ἰδοὺ
384 2366 524 2435 ἀνὴρ
551 2362 631 2429 εἷς
653 2368 1001 2439 ἐνδεδυμένος
1033 2370 1234 2440 βαδδὶν,
1254 2374 1347 2425 καὶ
1374 2376 1406 2443 ή
1441 2375 1614 2442 ὀσφὺς
1651 2376 1817 2428 αὑτοῦ

231 2460 651 2531 περιεζωσμένη
691 2462 903 2534 χρυσίῳ
970 2464 1171 2533 Ὠφὰζ,
1230 2466 1324 2517 καὶ
1373 2466 1435 2519 τὸ
1466 2467 1627 2537 σῶμα
1650 2466 1817 2521 αὑτοῦ

231 2550 366 2603 ὡσεὶ
386 2552 636 2622 Θαρσεῖς.

303 2643 358 2697 6.
387 2645 496 2698 Kal
525 2647 585 2698 τὸ
620 2648 908 2717 πρόσωπον
933 2649 1096 2702 αὐτοῦ
1124 2650 1258 2704 ὡσεὶ
1281 2636 1473 2722 ὅρασις
1491 2654 1806 2724 ἀστραπῆς,

230 2735 329 2789 καὶ
360 2738 410 2789 οἱ
446 2738 715 2809 ὀφθαλμοὶ
754 2741 919 2794 αὐτοῦ
945 2742 1078 2795 ὡσεὶ
1121 2743 1401 2815 λαμπάδες
1434 2747 1626 2817 πυρὸς,
1657 2749 1752 2802 καὶ
1772 2754 1819 2806 οί

234 2826 521 2897 βραχίονες
550 2831 738 2894 αὐτοῦ,
772 2835 867 2887 καὶ
906 2834 975 2888 τὰ
1030 2836 1197 2905 σκέλη
1236 2835 1313 2900 ὡς
1364 2838 1558 2905 ὅρασις
1610 2840 1816 2909 χαλκοῦ

233 2916 567 3059 ἕτξλϐοντος,
596 2922 690 2974 καὶ
723 2924 755 2992 ἡ
810 2924 964 2996 φωνὴ
1010 2926 1121 2980 τῶν
1150 2926 1329 2996 λόγων
1358 2928 1527 2981 αὑτοῦ
1560 2930 1635 2993 ὡς
1665 2933 1818 3004 φωνὴ

266 3026 298 3059 γ
336 3025 420 3059 ου.

266 3025 420 3076 χλου.

1918 1836 2115 1881 unctus
2148 1846 2161 1880 :
2190 1842 2365 1896 usque
2393 1828 2458 1881 ad
2489 1829 2904 1898 completionem
2936 1829 3099 1882 trium
3129 1826 3500 1882 hebdomada-

1918 1936 2039 1975 rum
2063 1922 2293 1975 dierum.

1991 2013 2045 2067 4.
2090 2013 2155 2067 Et
2180 2013 2234 2067 in
2270 2014 2359 2068 die
2397 2013 2682 2083 vigesima,
2720 2022 2776 2068 et
2818 2021 3014 2082 quarta
3080 2011 3290 2067 mensis
3334 2011 3499 2081 primi

1921 2103 1976 2157 in
2002 2119 2146 2158 anno
2171 2106 2352 2170 tertio,
2387 2120 2487 2176 ego
2535 2121 2685 2160 eram
2737 2106 2891 2175 juxta
2947 2103 3171 2157 ﬂuvium
3215 2117 3498 2171 magnum,

1924 2196 2042 2268 ipse
2069 2208 2151 2251 est
2172 2196 2374 2267 Tigris.

1993 2290 2045 2344 5.
2090 2289 2157 2343 Et
2188 2290 2392 2344 elevavi
2451 2290 2640 2345 oculos
2674 2305 2843 2357 meos,
2894 2300 2948 2345 et
2992 2290 3121 2354 vidi,
3154 2298 3208 2344 et
3241 2302 3369 2342 ecce
3406 2286 3496 2340 vir

1924 2395 2071 2434 unus
2111 2381 2340 2435 vestitus
2370 2381 2593 2448 baddin,
2645 2390 2698 2436 et
2725 2397 2887 2437 renes
2939 2382 3059 2451 ejus
3108 2380 3498 2435 accinctiaum

1925 2473 2132 2542 Ophaz,
2165 2480 2220 2526 et
2252 2488 2454 2542 corpus
2483 2475 2603 2543 ejus
2629 2474 2788 2543 quasi
2821 2475 3067 2529 Tharsis.

1996 2656 2050 2709 6.
2089 2655 2155 2711 Et
2180 2655 2350 2712 facies
2383 2658 2505 2727 ejus
2543 2657 2707 2711 veluti
2749 2658 2960 2727 species
2986 2655 3238 2727 fulguris,
3280 2665 3334 2712 et
3353 2656 3501 2711 oculi

1926 2748 2047 2817 ejus
2083 2758 2142 2802 ut
2173 2750 2453 2817 lampades
2487 2750 2649 2815 ignis,
2689 2757 2743 2803 et
2767 2749 2989 2803 brachia
3044 2748 3187 2818 ejus,
3248 2759 3302 2803 et
3339 2764 3499 2803 crura

1926 2841 2084 2908 quasi
2138 2841 2348 2910 species
2378 2842 2503 2896 aeris
2559 2841 2841 2895 candentis
2899 2850 2997 2895 :et
3039 2856 3142 2919 vox
3186 2855 3498 2896 sermonum

1926 2931 2044 3000 ejus
2074 2940 2132 2987 ut
2162 2948 2268 2987 vox
2292 2932 2679 2988 multitudinis.

309 3099 360 3152 7.
395 3100 504 3152 Kal
544 3096 686 3155 εἶδον
717 3102 827 3172 ἐγὼ
859 3106 1058 3177 Δανιὴλ
1087 3108 1250 3177 μόνος
1278 3110 1379 3180 τὴν
1404 3113 1692 3181 ὀπτασίαν,
1719 3116 1815 3169 καὶ

1991 3117 2045 3171 7.
2088 3116 2154 3170 Et
2187 3116 2297 3171 vidi
2331 3131 2433 3187 ego
2461 3115 2649 3172 Daniel
2711 3116 2863 3173 solus
2924 3117 3232 3173 visionem:
3285 3126 3341 3172 et
3370 3118 3494 3179 viri.

233 3191 284 3243 οἱ
316 3191 507 3263 ἄνδρες
528 3195 575 3246 οἱ
618 3197 734 3264 μετ’
768 3197 902 3267 ἐμοῦ
925 3199 1026 3253 οὐκ
1059 3196 1201 3255 εἶδον
1236 3202 1337 3274 τὴν
1370 3206 1657 3273 ὀπτασίαν,
1694 3208 1812 3264 ἀλλ’

235 3283 272 3352 η
310 3282 568 3346 ἔκστασις
602 3287 813 3358 μεγάλη
861 3291 1131 3347 ἐπέπεσεν
1176 3295 1265 3348 ἐπ’
1303 3296 1520 3363 αὐτοὺς,
1556 3299 1650 3351 καὶ
1684 3298 1815 3368 ἐφυ-

235 3390 338 3443 γον
367 3376 424 3427 ἐν
452 3376 621 3446 φόϐῳ.

306 3468 361 3521 8.
389 3470 497 3522 Καὶ
521 3470 630 3538 ἐγὼ
656 3472 987 3546 ὑπελείφθην
1018 3477 1198 3546 μόνος,
1235 3480 1330 3532 καὶ
1375 3482 1476 3535 οὐκ
1510 3482 1814 3555 ὑπελείφθη

236 3558 297 3611 ἐν
321 3560 443 3629 ἐμοὶ
474 3561 645 3631 ἰσχὺς,
678 3566 771 3617 καὶ
801 3566 833 3635 ή
863 3566 990 3631 δόξα
1024 3585 1127 3638 μου
1161 3573 1510 3645 μετεστράφη
1556 3576 1638 3638 είς
1692 3575 1809 3630 δια-

238 3649 467 3721 φθορὰν,
490 3654 583 3706 καὶ
624 3656 721 3709 οὐκ
752 3658 1030 3730 ἐκράτησα
1077 3661 1283 3730 ἰσχύος.

309 3742 363 3795 9.
401 3744 504 3797 Kal
532 3746 741 3815 ἤκουσα
770 3750 869 3819 τὴν
896 3752 1078 3823 φωνὴν
1105 3754 1215 3806 τῶν
1267 3756 1441 3825 λόγων
1478 3759 1644 3814 αὐτοῦ
1668 3778 1681 3791 ·
1721 3765 1816 3817 καὶ

239 3826 299 3878 ἐν
328 3826 407 3895 τῷ
456 3828 689 3884 ἀκοῦσαί
731 3851 799 3903 με
848 3835 948 3904 τὴν
982 3839 1163 3909 φωνὴν
1192 3838 1302 3892 τῶν
1334 3843 1596 3912 ῥημάτων
1623 3845 1812 3911 αὑτοῦ,

237 3918 389 3988 ήμην
441 3927 905 3995 κατανενυγμένος
944 3928 1039 3982 ἐπὶ
1092 3932 1385 4000 πρόσωπόν
1446 3952 1572 4005 μου,
1632 3937 1815 3991 καὶτὸ

237 4009 535 4080 πρόσωπόν
557 4032 658 4084 μου
680 4017 771 4070 ἐπὶ
794 4018 892 4089 τὴν
924 4020 1051 4091 γῆν.

315 4102 403 4155 10.
438 4105 548 4157 Kal
589 4106 697 4159 ἰδοὺ
727 4108 852 4180 χεὶρ
881 4112 1160 4185 ἁπτομένη
1201 4132 1325 4185 μου,
1370 4119 1466 4170 καὶ
1525 4118 1711 4191 ἥγειρέ
1745 4138 1815 4190 με

237 4193 339 4246 ἐπὶ
365 4195 435 4249 τὰ
486 4198 689 4264 γόνατὰ
741 4217 864 4271 μου,
918 4205 1014 4257 καὶ
1062 4206 1154 4258 ἐπὶ
1207 4207 1276 4261 τὰ
1312 4209 1434 4280 ἴχνη
1482 4211 1591 4264 τῶν
1635 4213 1814 4266 ποδῶν

241 4300 377 4356 μου.

310 4376 403 4433 il.
430 4381 540 4485 Kal
566 4378 726 4488 εἶπεν
755 4387 894 4488 πρὸς
925 4388 991 4457 μέ
1023 4406 1048 4488 ο.
1067 4391 1266 4464 Δανιὴλ
1300 4395 1440 4465 ἀνὴρ
1482 4394 1810 4466 ἐπιθυμιῶν,
1847 4433 1891 4488 D

240 4468 400 4533 σύνες
426 4474 483 4524 ἐν
505 4477 618 4539 τοῖς
637 4476 819 4545 λόγοις
845 4476 925 4542 οἷς
958 4480 1070 4549 ἐγὼ
1098 4482 1247 4537 λαλῶ
1274 4487 1411 4555 πρὸς
1437 4486 1517 4547 σέ,
1546 4488 1640 4541 καὶ
1660 4490 1815 4558 στῆθι

239 4562 333 4615 ἐπὶ
361 4565 424 4634 τῇ
468 4565 654 4619 στάσει
690 4586 805 4634 σου,
838 4571 920 4623 ὅτι
946 4572 1041 4625 νῦν
1073 4574 1387 4647 ἀπεστάλην
1426 4577 1562 4647 πρὸς
1594 4579 1671 4633 σέ.
1706 4580 1818 4633 Kal

239 4654 300 4705 ἐν
321 4654 401 4723 τῷ
440 4656 671 4728 λαλῆσαι
735 4662 898 4717 αὐτὸν
947 4668 1086 4737 πρὸς
1149 4668 1217 4739 μέ
1270 4668 1362 4721 τὸν
1411 4670 1568 4739 λόγον
1602 4670 1811 4737 τοῦτον,

238 4745 472 4816 ἀνέστην
488 4748 767 4821 ἔντρομος.

313 4839 402 4892 12.
436 4842 545 4895 Kal
596 4840 747 4897 εἶπεν
784 4847 920 4916 πρὸς
946 4848 1013 4918 μέ
1045 4868 1058 4881 ·
1093 4848 1183 4920 Μὴ
1235 4850 1401 4919 φοόοῦ
1448 4855 1663 4922 Δανιὴλ,
1733 4857 1816 4908 ὅτι

237 4930 353 4985 ἀπὸ
374 4933 474 5003 τῆς
505 4937 725 5007 πρώτης
750 4941 963 5011 ἡμέρας
987 4937 1054 5011 ἧς
1090 4941 1296 5006 ἔδωκας
1323 4944 1425 5015 τὴν
1473 4946 1700 5016 καρδίαν
1721 4965 1815 5001 σου

237 5022 335 5075 τοῦ
372 5026 634 5092 συνιέναι,
669 5030 764 5082 καὶ
821 5031 1136 5100 κακωθῆναι
1190 5035 1433 5088 ἐναντίον
1464 5038 1670 5108 Κυρίου
1721 5039 1814 5091 τοῦ

238 5114 377 5166 Θεοῦ
408 5133 521 5183 σου,
557 5119 901 5191 ἡκούσθησαν
930 5124 979 5176 οἱ
1017 5123 1164 5193 λόγοι
1208 5142 1325 5190 σου,
1358 5128 1452 5180 καὶ
1504 5128 1615 5196 ἐγὼ
1652 5125 1815 5200 ἦλθον

236 5206 298 5260 ἐν
323 5210 435 5271 τοῖς
452 5209 628 5277 λόγοις
655 5229 766 5266 σου.

312 5298 402 5353 15.
437 5302 589 5355 Καὶό
617 5304 799 5373 ἄρχων
845 5307 1119 5375 βασιλείας
1166 5310 1391 5381 Περσῶν
1444 5311 1687 5382 εἱστήκει
1728 5313 1817 5378 ἐξ·

241 5388 500 5452 εναντίας
536 5408 637 5460 μου
676 5393 850 5447 εἴκοσι
883 5398 977 5450 καὶ
1009 5399 1137 5468 μίαν
1165 5399 1410 5469 ἡμέραν
1446 5402 1540 5453 καὶ
1565 5402 1672 5454 ἰδοὺ
1704 5404 1814 5457 Μι-

236 5477 381 5548 χαὴλ
412 5474 490 5541 εἷς
512 5481 621 5532 τῶν
653 5482 928 5553 ἀρχόντων
959 5487 1066 5541 τῶν
1111 5490 1341 5557 πρώτων
1374 5487 1504 5561 ἦλθε
1555 5491 1815 5561 βοηθῆσαί

243 5587 361 5638 μοι,
399 5572 492 5623 καὶ
556 5574 719 5625 αὑτὸν
770 5579 1059 5632 κατέλιπον
1117 5582 1232 5634 ἐκεῖ
1262 5584 1400 5651 μετὰ
1434 5583 1525 5637 τοῦ
1555 5585 1814 5653 ἄρχοντος

245 5662 511 5728 βασιλέως
529 5666 769 5734 Περσῶν.

1919 3209 2013 3281 qui
2041 3218 2197 3264 erant
2223 3224 2459 3272 mecum,
2484 3222 2593 3262 non
2618 3208 2869 3263 viderunt
2888 3207 3175 3274 visionem,
3198 3207 3294 3264 sed
3321 3217 3497 3264 terror
3580 3244 3599 3253 η

1921 3316 2147 3372 magnus
2180 3301 2340 3356 irruit
2368 3315 2532 3370 super
2558 3315 2675 3369 eos,
2709 3309 2765 3357 et
2798 3299 3058 3371 fugerunt
3090 3289 3146 3355 in
3179 3301 3396 3356 timore.

1992 3484 2045 3538 8.
2090 3483 2158 3538 Et
2188 3500 2291 3555 ego
2319 3484 2543 3540 relictus
2594 3500 2715 3540 sum
2743 3484 2893 3540 solus
2926 3503 2947 3538 -:
3005 3493 3060 3539 et
3090 3499 3199 3539 non
3233 3486 3498 3539 remansit

1922 3579 1977 3633 in
2008 3593 2096 3631 me
2120 3575 2407 3641 fortitudo,
2436 3584 2489 3632 et
2525 3576 2697 3647 gloria
2730 3592 2849 3631 mea
2881 3591 3147 3631 conversa
3181 3585 3265 3631 est
3314 3576 3369 3631 in
3416 3578 3495 3630 in-

1922 3671 2145 3725 teritum
2173 3689 2186 3725 :
2222 3678 2278 3724 et
2302 3684 2411 3723 non
2443 3670 2641 3724 retinui
2670 3668 3070 3726 fortitudinem.

1992 3762 2045 3817 9.
2085 3765 2151 3817 Et
2178 3764 2360 3818 audivi
2397 3778 2588 3819 vocem
2621 3777 2935 3819 sermonum
2959 3764 3119 3833 ejus:
3153 3772 3210 3818 et
3236 3778 3362 3818 cum
3395 3779 3497 3816 au-

1921 3854 2095 3909 direm
2129 3871 2318 3910 vocem
2352 3857 2650 3910 verborum
2708 3856 2869 3925 ejus,
2925 3870 3078 3910 eram
3133 3865 3499 3924 compunctus

1922 3962 2085 4016 super
2109 3946 2303 4002 faciem
2340 3962 2540 4013 meam,
2568 3960 2623 4003 et
2655 3946 2826 4003 facies
2857 3962 2980 4001 mea
3014 3961 3179 4017 super
3204 3955 3434 4005 terram.

1993 4132 2082 4187 10.
2127 4131 2196 4185 Ει
2219 4146 2347 4187 ecce
2385 4146 2583 4187 manus
2615 4142 2842 4201 tangens
2871 4146 2979 4196 me,
3010 4130 3187 4185 erexit
3225 4144 3312 4184 me
3333 4145 3495 4199 super

1921 4239 2100 4296 genua
2120 4239 2262 4290 mea,
2298 4232 2354 4279 et
2382 4238 2546 4293 super
2570 4223 2786 4293 plantas
2809 4222 3007 4292 pedum
3031 4236 3303 4278 meorum.

1997 4389 2079 4442 11.
2122 4387 2189 4440 Ει
2212 4386 2351 4439 dixit
2376 4385 2440 4439 ad
2470 4400 2576 4440 me:
2610 4383 2799 4439 Daniel
2831 4385 2916 4439 vir
2954 4384 3379 4450 desideriorum,
3409 4384 3495 4438 in-

1921 4478 2102 4547 tellige
2125 4480 2181 4533 in
2208 4478 2415 4543 verbis,
2452 4492 2575 4547 quae
2606 4492 2706 4547 ego
2741 4477 2936 4547 loquor
2980 4477 3048 4532 ad
3091 4486 3144 4532 te
3173 4496 3187 4533 :
3238 4488 3293 4533 et
3319 4491 3401 4532 sta
3439 4477 3495 4530 in

1920 4572 2093 4639 gradu
2123 4576 2254 4622 tuo:
2287 4568 2413 4637 quia
2466 4582 2611 4623 nunc
2642 4566 2847 4622 missus
2877 4583 2999 4622 sum
3046 4567 3113 4621 ad
3142 4576 3226 4621 te:
3259 4581 3496 4635 cumque

1921 4662 2148 4716 dixisset
2173 4662 2289 4731 ipse
2321 4661 2390 4715 ad
2424 4675 2511 4715 me
2549 4675 2857 4715 sermonem
2890 4659 3056 4715 istum
3081 4701 3097 4725 ,
3144 4658 3358 4714 surrexi
3384 4668 3494 4712 tre-

1922 4770 2096 4809 mens.

1990 4846 2079 4899 19..
2122 4844 2188 4899 Ει
2216 4845 2355 4901 dixit
2381 4845 2448 4900 ad
2480 4862 2604 4901 me:
2640 4845 2763 4900 Noli
2812 4854 3075 4910 metuere,
3128 4843 3335 4910 Daniel,
3363 4843 3491 4912 quia

1918 4954 1985 4994 ex
2019 4940 2196 5007 primo
2223 4941 2330 5003 die,
2356 4955 2465 5010 quo
2493 4942 2723 5010 posuisti
2754 4956 2849 4997 cor
2888 4951 3040 4995 tuum
3090 4940 3158 4995 ad
3186 4941 3491 5008 intelligen-

1918 5034 2069 5094 dum,
2092 5041 2146 5086 et
2175 5032 2517 5103 aﬂligendum
2550 5043 2603 5088 te
2631 5049 2814 5087 coram
2854 5031 3086 5087 Domino
3116 5031 3223 5085 Deo
3256 5041 3367 5095 tuo,
3392 5047 3491 5084 au-

1919 5123 2032 5178 dita
2067 5133 2194 5178 sunt
2220 5126 2387 5178 verba
2415 5132 2503 5179 tua
2536 5140 2552 5176 :
2582 5132 2636 5177 et
2665 5138 2764 5192 ego
2790 5122 2914 5176 veni
2946 5122 2999 5176 in
3030 5122 3213 5175 verbis
3257 5121 3383 5175 tuis.

1988 5310 2076 5364 15.
2098 5309 2164 5363 Et
2198 5311 2449 5379 princeps
2480 5309 2634 5379 regni
2674 5307 2965 5362 Persarum
2996 5307 3144 5361 stetit
3174 5322 3241 5361 ex
3263 5307 3491 5360 adverso

1920 5404 2052 5457 mihi
2080 5403 2278 5470 vigenti
2307 5411 2361 5457 et
2396 5418 2506 5457 uno
2533 5402 2757 5463 diebus;
2814 5411 2867 5454 et
2906 5416 3032 5455 ecce
3081 5399 3311 5455 Michael
3351 5416 3491 5453 unus

1919 5494 1986 5548 de
2014 5493 2354 5562 principibus
2385 5494 2576 5562 primis
2606 5494 2755 5547 venit
2807 5493 2873 5547 ad
2902 5492 3275 5547 auxiliandum
3331 5493 3488 5557 mihi,

1917 5595 1972 5639 et
2004 5586 2181 5654 ipsum
2243 5586 2435 5654 reliqui
2498 5585 2571 5639 ibi
2617 5601 2741 5640 cum
2803 5586 3049 5654 principe
3093 5587 3238 5655 regis
3292 5583 3489 5639 Persa-

1921 5692 2060 5732 ηιιιι.
