3848 6218
405 300 540 353 2887

1478 300 1727 357 DANIEL
1765 301 1987 358 JUXTA
2027 297 2572 362 THEODOTIONEM

3499 297 3638 354 2888

477 416 564 469 14.
608 413 673 468 Ει
699 416 841 480 veni,
888 422 950 469 ut
998 415 1252 471 docerem
1301 424 1371 481 te,
1404 431 1527 486 quae,
1563 425 1790 472 ventura
1844 423 1958 470 sunt

2144 419 2232 474 H.
2265 423 2377 476 Kal
2406 417 2570 493 ἦλθον
2599 419 2876 473 συνετίσαι
2931 432 2992 468 σε
3023 414 3124 469 ὅσα
3154 412 3529 485 ἀπαντήσεται
3555 414 3636 484 τῷ

401 507 605 572 pepulo
625 516 714 560 tuo
742 507 793 559 in
817 506 1132 562 novissimis
1161 506 1374 573 diebus,
1405 509 1666 577 quoniam
1691 521 1818 562 ecce
1836 504 1972 560 visio

406 595 460 648 in
489 596 626 650 dies.

479 686 566 739 15.
608 685 850 756 Cumque
882 688 1198 758 loqueretur
1258 687 1374 757 ipse
1409 702 1622 742 mecum
1671 687 1972 742 secundum

404 775 780 843 hujuscemodi
817 779 999 844 verba,
1037 779 1160 834 dedi
1201 779 1396 833 faciem
1427 793 1601 832 meam
1646 777 1700 830 in
1743 786 1968 840 terram,

402 875 458 922 et
494 879 851 936 compunctus
879 886 1026 925 sum.

475 957 562 1035 16,
605 957 670 1010 Et
697 973 824 1013 ecce
852 961 1010 1029 quasi
1043 960 1343 1014 similitudo
1385 960 1479 1014 filii
1511 959 1751 1014 hominis
1798 958 1974 1028 tetigit

404 1049 544 1103 labia
584 1066 746 1103 mea:
782 1060 835 1105 et
882 1053 1067 1120 aperui
1101 1067 1162 1107 os
1193 1068 1397 1116 meum,
1451 1061 1505 1106 et
1555 1053 1770 1106 locutus
1826 1067 1969 1118 sum,

403 1152 456 1195 et
485 1141 592 1195 dixi
623 1141 690 1195 ad
720 1157 868 1207 eum,
899 1144 991 1212 qui
1047 1143 1226 1198 stabat
1257 1153 1447 1198 contra
1502 1159 1624 1197 me:
1654 1143 1880 1196 Domine
1913 1143 1970 1196 in

404 1233 614 1289 visione
640 1243 731 1288 tua
777 1250 1044 1290 conversa
1079 1244 1212 1290 sunt
1244 1236 1501 1290 interiora
1555 1236 1608 1290 in
1641 1251 1747 1299 me,
1769 1243 1824 1290 et
1845 1251 1971 1290 ecce

404 1340 510 1378 non
547 1325 722 1379 habeo
753 1327 1146 1382 fortitudinem.

475 1415 562 1471 l7.
605 1416 673 1470 Et
702 1417 976 1484 quomodo
1004 1418 1204 1487 poterit
1224 1432 1415 1473 servus
1439 1426 1589 1481 tuus,
1620 1416 1868 1482 Domine,
1893 1415 1970 1470 lo-

401 1507 496 1575 qui
525 1521 648 1559 cum
677 1504 908 1560 Domino
935 1507 1079 1561 isto?
1118 1516 1173 1562 et
1219 1522 1320 1577 ego
1348 1507 1543 1561 amodo
1583 1522 1688 1562 non
1719 1505 1882 1560 stabit
1913 1505 1968 1558 in

401 1613 487 1650 me
513 1595 799 1662 fortitudo,
824 1597 1026 1653 halitus
1049 1613 1159 1653 non
1188 1599 1448 1653 remansit
1486 1598 1541 1651 in
1579 1613 1685 1652 me.

470 1777 557 1832 18.
598 1780 663 1834 Ει
698 1779 926 1845 addidit,
957 1787 1011 1834 et
1033 1779 1209 1851 tetigit
1233 1794 1319 1835 me
1351 1777 1509 1851 quasi
1535 1777 1674 1835 visio
1704 1778 1966 1844 hominis,
1997 1753 2042 1810 Β

397 1881 450 1925 ct
479 1872 806 1926 confortavit
838 1887 944 1926 me.

471 1963 557 2018 19.
595 1962 661 2018 Ει
685 1964 823 2018 dixit
853 1963 983 2017 mihi
1006 1980 1018 2014 :
1040 1962 1158 2018 Noli
1188 1963 1402 2029 timere,
1425 1963 1506 2019 vir
1538 1964 1964 2020 desideriorum:

394 2069 500 2124 pax
525 2055 666 2108 tibi:
710 2054 943 2110 viriliter
985 2070 1104 2125 age,
1126 2067 1179 2110 et
1221 2056 1552 2111 confortare.
1607 2056 1856 2126 Cumque
1883 2055 1967 2109 lo-

395 2156 655 2214 queretur
687 2146 804 2216 ipse
835 2161 1074 2210 mecum,
1100 2148 1375 2212 convalui,
1412 2157 1466 2203 et
1496 2149 1610 2203 dixi
1638 2166 1650 2202 :
1686 2148 1967 2220 Loquatur

395 2235 659 2290 Dominus
690 2251 866 2302 meus,
893 2235 1021 2306 quia
1045 2235 1373 2316 .confortasti
1404 2252 1508 2292 me.

461 2327 553 2384 20.
593 2326 660 2381 Et
688 2327 826 2382 dixit
880 2345 894 2382 :
950 2327 1160 2393 Scisne,
1187 2343 1354 2397 quare
1405 2328 1642 2382 venerim
1691 2328 1760 2384 ad
1784 2329 1867 2384 te?
1913 2338 1968 2384 et

393 2436 540 2474 nunc
571 2429 834 2484 revertar,
866 2428 926 2474 ut
950 2419 1162 2489 praelier
1192 2434 1315 2474 cum
1357 2421 1601 2488 principe
1627 2419 1918 2475 Persarum
1947 2439 1962 2475 :

389 2525 446 2569 et
483 2529 586 2584 ego
640 2513 979 2583 egrediebar,
1027 2523 1080 2568 et
1127 2512 1379 2582 princeps
1426 2512 1739 2568 Graecorum
1783 2515 1966 2570 venie-

395 2609 507 2660 bat.

464 2695 560 2749 21.
582 2694 970 2750 Verumtamen
993 2696 1333 2752 annuntiabo
1363 2695 1482 2762 tibi,
1518 2695 1664 2766 quod
1694 2697 1962 2751 constitu-

395 2799 510 2841 tum
540 2794 623 2841 est
652 2787 710 2841 in
743 2785 1015 2856 scriptura
1036 2788 1283 2841 veritatis
1311 2805 1323 2841 :
1358 2797 1412 2842 et
1458 2802 1564 2840 non
1595 2796 1678 2842 est
1709 2803 1848 2842 unus
1870 2788 1964 2842 ad-

392 2882 608 2935 haerens
637 2878 773 2932 mihi
803 2877 872 2933 de
898 2879 1002 2941 his,
1030 2879 1138 2934 nisi
1166 2878 1395 2934 Michael
1422 2879 1671 2950 princeps
1691 2889 1886 2935 vester.

986 2991 1219 3047 CAPUT
1267 2992 1362 3047 XI.

2072 511 2186 582 λαῷ
2224 529 2316 566 σου
2344 514 2431 565 ἐπ’
2459 511 2700 582 ἐσχάτων
2725 510 2832 564 τῶν
2859 507 3103 580 ἡμερῶν,
3134 507 3217 560 ὅτι
3246 505 3353 558 ίδοὺ
3390 506 3424 575 ἡ
3449 505 3638 575 ὅρασις

2073 603 2154 665 είς
2187 604 2417 674 ἡμέρας.

2144 695 2232 749 15.
2269 697 2381 748 Kal
2404 698 2462 748 ἐν
2485 694 2563 765 τῷ
2585 692 2815 762 λαλῆσαι
2840 691 3004 746 αὐτὸν
3037 689 3153 761 μετ’
3181 687 3314 759 ἐμοῦ
3340 687 3482 741 κατὰ
3507 687 3634 748 τοὺς

2069 785 2264 854 λόγους
2284 787 2525 850 τούτους,
2560 786 2733 839 ἔδωκα
2761 785 2822 839 τὸ
2845 783 3134 857 πρόσωπόν
3151 800 3249 854 μου
3283 784 3363 844 εἰς
3379 781 3480 852 τὴν
3507 780 3631 849 γῆν,

2073 879 2167 930 καὶ
2199 877 2524 945 κατενύγην.

2143 970 2230 1024 16.
2265 971 2374 1022 Kal
2403 969 2510 1022 ἰδοὺ
2572 969 2647 1032 ὠς
2699 965 2955 1035 ὁμοίωσις
2984 962 3099 1017 υἱοῦ
3136 958 3418 1032 ἀνθρώπου
3458 958 3636 1028 ἥψατο

2069 1058 2180 1113 τῶν
2211 1058 2434 1129 χειλέων
2468 1076 2593 1128 μου,
2610 1058 2706 1110 καὶ
2726 1054 2914 1128 ήνοιξα
2939 1055 3001 1107 τὸ
3021 1054 3200 1122 στόμα
3235 1069 3356 1120 μου,
3391 1051 3485 1104 καὶ
3510 1049 3635 1100 ὲλά-

2071 1151 2233 1219 λησα,
2281 1151 2376 1204 καὶ
2428 1145 2583 1203 εἷπον
2631 1148 2768 1218 πρὸς
2820 1147 2911 1200 τὸν
2960 1146 3170 1198 ἑστῶτα
3214 1143 3452 1196 ἐναντίον
3493 1155 3631 1210 μουο

2071 1244 2268 1314 Κύριε,
2323 1244 2381 1295 ἐν
2405 1246 2470 1313 τῇ
2505 1240 2692 1312 ὁράσει
2743 1257 2836 1293 σου
2891 1236 3137 1306 ἐστράφη
3163 1235 3232 1288 τὰ
3262 1233 3411 1296 ἐντός
3438 1248 3540 1302 μου
3576 1231 3636 1282 tv

2071 1335 2218 1404 ἐμοὶ,
2253 1335 2346 1388 καὶ
2384 1335 2492 1388 ἰδοὺ
2526 1335 2625 1387 οὐκ
2652 1332 2760 1402 ἔχω
2797 1330 2969 1401 ίσχύν.

2141 1426 2230 1479 17.
2261 1425 2370 1478 Kal
2432 1424 2548 1488 πῶς
2581 1425 2868 1493 δυνήσεται
2916 1422 2945 1473 6
2982 1419 3112 1482 παῖς
3145 1433 3260 1481 σου,
3302 1414 3494 1487 Κύριε,
3537 1416 3638 1466 λα-

2072 1516 2230 1585 λῆσαι
2264 1515 2402 1586 μετά
2432 1514 2528 1567 τοῦ
2559 1514 2765 1586 Κυρίου
2802 1512 3033 1575 τούτου;
3092 1509 3189 1562 καὶ
3237 1507 3366 1576 ἐγὼ,
3407 1507 3512 1561 ἀπὸ
3537 1507 3638 1560 τοῦ

2072 1623 2171 1658 νυν
2216 1607 2276 1658 ού
2312 1608 2573 1677 στήσεται
2602 1607 2662 1658 ἐν
2685 1605 2811 1676 ἐμοὶ
2851 1605 3026 1674 ἰσχὺς,
3075 1605 3168 1658 καὶ
3208 1605 3350 1673 πνοὴ
3372 1605 3470 1674 οὐχ
3495 1604 3634 1656 ὑπε-

2069 1696 2268 1766 λείφθη
2292 1699 2349 1750 ἐν
2381 1697 2525 1768 ἐμοί.

2142 1791 2230 1844 18.
2285 1791 2393 1844 Kal
2448 1789 2762 1862 προσέθετο,
2813 1791 2912 1846 καὶ
2948 1788 3124 1860 ἣψατό
3163 1806 3264 1859 μου
3322 1788 3398 1852 ὡς
3445 1788 3637 1857 ὅρασις

2069 1883 2380 1955 ἀνθρώπου,
2411 1885 2505 1937 καὶ
2528 1883 2776 1954 ἐνίσχυσέ
2808 1900 2896 1951 με.

2140 1976 2227 2030 19.
2259 1977 2370 2029 Kal
2429 1971 2582 2028 εἶπέν
2607 1991 2728 2044 μοι·
2778 1974 2869 2043 Μὴ
2900 1970 3092 2042 φοϐοῦ,
3127 1969 3269 2042 ἀνὴρ
3297 1969 3634 2039 ἐπιθυμιῶν,

2069 2067 2258 2136 εἰρήνη
2289 2082 2392 2118 σοι’
2421 2064 2694 2136 ἀνδρίζου,
2725 2065 2822 2118 καὶ
2871 2063 3024 2133 ἴσχυε
3043 2079 3058 2092 ο
3091 2061 3186 2114 xal
3212 2062 3270 2113 tv
3295 2060 3373 2128 τῷ
3400 2060 3633 2128 λαλῆσαι

2066 2157 2230 2209 αὑτὸν
2285 2157 2401 2226 μετ’
2429 2155 2586 2225 ἐμοῦ,
2635 2155 2914 2225 ἐνίσχυσα,
2958 2154 3054 2208 καὶ
3107 2149 3280 2206 εἷπονο
3318 2153 3562 2207 Λαλείτω
3601 2153 3633 2204 6

2065 2248 2275 2318 Κύριός
2311 2265 2434 2317 μου,
2467 2249 2548 2300 ὅτι
2576 2247 2866 2317 ἐνίσχυσάς
2900 2263 2991 2316 με.

2137 2339 2226 2394 20.
2251 2341 2360 2392 Kal
2392 2334 2566 2403 εἶπεν,
2588 2341 2637 2392 εί
2668 2335 2816 2401 οἶδας
2841 2337 2893 2390 τί
2924 2333 3088 2408 ἦλθον
3115 2335 3252 2406 πρὸς
3279 2335 3339 2389 σέ
3361 2353 3375 2401 ς
3404 2335 3498 2387 καὶ
3535 2332 3631 2386 νῦν

2064 2431 2383 2501 ἐπιστρέψω
2407 2432 2501 2484 τοῦ
2536 2431 2843 2500 πολεμῆσαι
2894 2431 3031 2500 μετά
3062 2429 3321 2502 ἄρχοντος
3362 2427 3588 2498 Περσῶν
3611 2443 3628 2458 ο

2065 2524 2164 2576 καὶ
2185 2523 2295 2590 ἐγὼ
2324 2522 2750 2594 ὲξεπορευόμην,
2796 2522 2891 2577 καὶ
2929 2522 2958 2575 6
3002 2522 3184 2591 ἄρχων
3215 2519 3326 2573 τῶν
3365 2519 3632 2588 Ἐλλήνων

2063 2613 2284 2684 ἤρχετο.

2132 2703 2224 2757 2|.
2259 2702 2453 2774 Ἀλλ’ή
2480 2703 2767 2774 ἀναγγελῶ
2799 2721 2882 2757 σοι
2899 2704 2962 2757 τὸ
2982 2702 3320 2772 τεταγμένον
3351 2701 3411 2752 ἐν
3442 2695 3623 2769 γραιφῇ

2062 2795 2339 2864 ἀληθείας,
2363 2798 2456 2849 καὶ
2503 2797 2603 2849 ούκ
2629 2797 2777 2849 ἔστιν
2829 2792 2911 2860 εἷς
2963 2796 3318 2865 ἀντεχόμενος
3354 2792 3470 2864 μετ’
3492 2787 3626 2860 ἐμοῦ

2061 2889 2189 2959 περὶ
2218 2888 2440 2954 τούτων,
2463 2888 2578 2941 ἀλλ’
2605 2889 2639 2959 ἢ
2668 2887 2888 2958 Μιχαὴλ
2919 2889 2948 2940 6
2974 2889 3154 2959 ἅρχων
3171 2885 3345 2957 ὑμῶν.

2572 3000 2967 3054 ΚΕΦΑΛΛΙΟΝ
3001 3001 3104 3054 ΙΑ’.

463 3109 515 3161 1.
558 3106 622 3161 Ει
651 3105 851 3162 factum
882 3116 965 3162 est
987 3106 1042 3162 in
1073 3124 1218 3164 anno
1251 3109 1427 3179 primo
1457 3107 1616 3179 Cyri,
1649 3107 1858 3162 stabam
1894 3107 1958 3160 ad

2135 3114 2186 3167 1.
2218 3113 2326 3168 Καὶ
2350 3113 2567 3182 ἐγένετο
2604 3114 2662 3167 ἐν
2688 3114 2798 3167 ἔτει
2841 3111 3044 3186 πρώτῳ
3093 3112 3298 3185 Κύρου,
3337 3111 3504 3182 ἔστην
3549 3111 3630 3173 είς

393 3201 582 3264 robur,
602 3210 656 3254 et
682 3199 1077 3255 fortitudinem.

461 3293 514 3344 2.
558 3290 623 3344 Et
651 3307 795 3345 nunc
824 3291 1090 3358 annuntio
1117 3291 1213 3344 tibi
1237 3291 1522 3345 veritatem
1569 3309 1583 3345 :
1638 3305 1763 3345 ecce
1780 3289 1961 3343 adhuc

392 3395 499 3436 tres
531 3397 684 3452 rcges
720 3391 945 3452 surgent
970 3381 1024 3435 in
1061 3379 1305 3448 Perside,
1342 3392 1395 3436 et
1424 3392 1651 3452 quartus
1699 3381 1960 3435 ditabitur

389 3471 593 3529 divitiis
623 3475 836 3544 magnis
878 3489 1042 3542 super
1091 3489 1283 3528 omnes
1327 3490 1342 3540 ;
1393 3482 1446 3528 et
1484 3488 1610 3528 cum
1671 3473 1959 3526 invaluerit

392 3569 508 3635 ipse
539 3567 768 3631 divitiis,
810 3565 1056 3636 insurget
1113 3581 1278 3635 super
1310 3564 1495 3619 omnia
1539 3579 1702 3634 regna
1738 3562 1957 3617 Graeco-

387 3675 532 3714 t'um.

459 3749 512 3802 5.
556 3747 620 3803 Et
642 3757 827 3818 surget
849 3763 944 3803 rex
975 3757 1191 3818 potens,
1225 3758 1279 3803 et
1304 3746 1680 3802 dominabitur
1707 3746 1956 3801 domina-

385 3837 533 3892 tione
565 3837 753 3903 multa,
781 3845 836 3892 ct
867 3837 1030 3893 faciet
1070 3838 1371 3892 secundum
1412 3839 1741 3891 voluntatem
1773 3851 1951 3891 suam.

453 4021 510 4077 4.
552 4023 618 4076 Ει
654 4037 779 4077 cum
839 4021 1048 4076 steterit
1089 4036 1316 4089 regnum
1366 4023 1506 4091 ejus,
1539 4031 1871 4087 conteretur,
1899 4031 1954 4077 et

382 4114 657 4168 dividetur
686 4114 742 4167 in
769 4121 1003 4182 quatuor
1031 4122 1220 4166 ventos
1249 4113 1371 4167 θα)ιί
1394 4154 1408 4177 ,
1441 4123 1494 4167 et
1531 4130 1638 4167 non
1671 4114 1724 4167 in
1765 4115 1951 4170 novis-

386 4209 525 4262 sima
552 4222 673 4271 sua,
728 4221 904 4274 neque
949 4206 1247 4261 secundum
1303 4206 1732 4260 dominationem
1770 4222 1948 4270 suam,

383 4313 491 4365 qua
515 4296 830 4351 dominatus
855 4303 976 4351 est:
1001 4297 1127 4366 quia
1154 4295 1542 4365 exstirpabitur
1567 4312 1791 4366 regnum
1808 4297 1948 4365 ejus,

382 4403 435 4444 ει
463 4389 682 4444 dabitur
705 4388 829 4443 aliis
866 4396 1061 4458 praeter
1091 4389 1246 4442 istos.

454 4479 508 4534 5.
551 4476 617 4530 Et
647 4475 1042 4532 confortabitur
1065 4492 1158 4530 rex
1203 4477 1374 4531 austri
1401 4494 1413 4529 :
1449 4485 1503 4530 et
1527 4493 1666 4531 unus
1694 4477 1760 4531 de
1794 4478 1947 4546 prin—

380 4570 598 4639 cipibus
628 4569 749 4637 ejus
777 4570 1089 4638 praevalebit
1117 4585 1279 4638 super
1308 4585 1456 4633 eum,
1490 4577 1545 4622 et
1581 4569 1948 4623 dominabitur

381 4662 757 4716 dominatione
789 4662 958 4715 multa
991 4669 1186 4731 praeter
1211 4669 1533 4730 potestatem
1556 4677 1734 4715 suam.

451 4753 505 4806 6.
540 4753 606 4808 Et
632 4761 756 4823 post
782 4767 954 4808 annos
977 4753 1122 4807 illius
1167 4753 1701 4806 commiscebuntur:
1730 4751 1947 4822 {iliaque

378 4845 522 4915 regis
557 4843 728 4899 austri
758 4844 1094 4914 ingredietur
1133 4844 1199 4896 ad
1231 4859 1411 4912 regem
1457 4843 1730 4913 aquilonis
1765 4842 1945 4899 facere

378 4937 584 4990 foedera
614 4951 738 4990 cum
761 4951 850 5001 eo,
881 4944 936 4990 et
966 4951 1072 4989 non
1111 4936 1376 4990 obtinebit
1422 4935 1793 4991 fortitudinem
1824 4936 1947 4989 bra-

380 5029 511 5090 c-liii,
549 5044 650 5082 nec
679 5029 848 5083 stabit
903 5043 1087 5083 semen
1123 5027 1275 5095 ejus,
1331 5035 1385 5080 et
1431 5027 1675 5080 tradetur
1725 5028 1862 5095 ipsa,
1892 5038 1944 5080 ct

379 5120 470 5185 qui
507 5120 848 5174 adducebant
871 5134 1015 5182 eam,
1049 5129 1101 5172 et
1127 5118 1563 5182 adolescentula,
1606 5126 1660 5172 et
1687 5119 1781 5186 qui
1815 5133 1942 5170 con-

380 5210 614 5263 i'ortabat
637 5225 759 5264 eam
789 5209 844 5262 in
884 5208 1239 5277 temporibus.

450 5378 501 5431 7.
541 5379 610 5432 Et
638 5389 822 5450 surget
851 5379 918 5434 de
951 5380 1084 5435 ﬂore
1138 5381 1335 5436 radicis
1383 5384 1503 5451 ejus
1537 5385 1942 5452 praaparationis

379 5469 524 5523 illius
553 5487 566 5522 :
599 5478 653 5524 et
681 5471 860 5524 veniet
892 5471 960 5524 ad
981 5471 1259 5537 virtutem,
1295 5484 1350 5528 et
1375 5475 1706 5544 ingredietur
1737 5478 1787 5530 in
1815 5493 1940 5546 pro-

380 5562 681 5628 pugnacula
718 5561 859 5632 regis
895 5563 1164 5632 aquilonis
1191 5581 1204 5616 :
1231 5576 1282 5620 et
1316 5565 1476 5622 faciet
1505 5568 1556 5622 in
1595 5570 1693 5632 eis,
1729 5572 1940 5625 ctobli-

379 5649 546 5704 nebit.

2060 3205 2260 3275 κράτος
2283 3205 2376 3258 καὶ
2401 3207 2572 3274 ἰσχύν.

2130 3298 2183 3351 2.
2210 3300 2320 3351 Kal
2344 3298 2439 3351 νῦν
2464 3298 2779 3367 ἀναγγέλλω
2811 3315 2892 3351 σοι
2921 3297 3178 3369 ἀλήθειαν
3196 3312 3209 3324 ·
3244 3294 3352 3348 ἰδοὺ
3374 3293 3455 3347 ἔτι
3479 3295 3628 3362 τρεῖς

2061 3385 2304 3456 βασιλεῖς
2325 3389 2717 3456 ἀναστήσονται
2745 3389 2802 3440 ἐν
2826 3390 2890 3458 τῇ
2924 3387 3166 3457 Περσίδι,
3197 3386 3291 3438 καὶ
3313 3387 3341 3436 6
3369 3384 3626 3455 τέταρτος

2058 3478 2355 3547 πλουτήσει
2388 3478 2617 3532 πλοῦτον
2644 3479 2817 3549 μέγαν
2849 3479 2998 3549 παρά
3017 3479 3242 3542 πάντας,
3271 3477 3365 3529 καὶ
3391 3476 3528 3546 μετά
3566 3475 3626 3526 τὸ

2057 3571 2331 3641 κρατῆσαι
2363 3571 2526 3623 αὐτὸν
2558 3570 2649 3623 τοῦ
2674 3570 2923 3634 πλούτου,
2951 3569 3381 3638 ἐπαναστήσεται
3425 3567 3626 3630 πάσαις

2057 3666 2178 3725 ταῖς
2209 3662 2508 3732 βασιλείαις
2531 3662 2642 3714 τῶν
2683 3662 2970 3733 Ἑλλήνων.

2126 3753 2179 3806 5.
2205 3753 2316 3806 Kal
2344 3752 2706 3822 ἀναστήσεται
2735 3750 2984 3820 βασιλεὺς
3008 3750 3247 3814 δυνατὸς,
3272 3749 3366 3803 καὶ
3398 3747 3622 3819 κυριεύ-

2057 3860 2140 3896 σει
2170 3843 2395 3914 κυρείας
2422 3843 2645 3913 πολλῆς,
2671 3843 2765 3896 καὶ
2787 3845 3003 3914 ποιήσει
3030 3842 3170 3895 κατὰ
3201 3841 3262 3894 τὸ
3289 3840 3502 3911 θέλημα
3524 3839 3623 3890 αὐ-

2053 3935 2170 3993 τοῦ.

2126 4030 2176 4082 4.
2209 4029 2320 4083 Kal
2340 4028 2416 4092 ὡς
2444 4028 2510 4082 ἂν
2533 4031 2632 4100 στῇ
2659 4029 2693 4098 ή
2723 4026 2968 4098 βασιλεία
2996 4026 3160 4080 αὐτοῦ
3180 4024 3622 4096 συντριϐήσεται,

2054 4123 2149 4173 καὶ
2182 4121 2565 4192 διαρεθήσεται
2590 4123 2671 4184 εἰς
2695 4122 2822 4184 τοὺς
2849 4121 3121 4192 τέσσαρας
3145 4120 3384 4190 ἀνέμους
3415 4118 3512 4171 τοῦ
3535 4119 3623 4170 οὑ-

2057 4213 2242 4284 ρανοῦ,
2278 4214 2372 4266 καὶ
2396 4214 2498 4266 οὐκ
2525 4215 2606 4276 εἰς
2630 4214 2699 4268 τὰ
2741 4212 2943 4283 ἔσχατα
2972 4211 3159 4274 αὑτοῦ,
3190 4211 3312 4264 οὐδὲ
3342 4210 3488 4265 κατά
3524 4209 3622 4279 τὴν

2052 4305 2278 4376 κυρείαν
2304 4303 2490 4367 αὐτοῦ,
2522 4306 2590 4376 ἢν
2622 4305 2960 4375 ἐκυρίευσεν,
2994 4305 3075 4356 ὅτι
3095 4304 3440 4368 ἐκτιλήσεται
3461 4305 3493 4371 ἡ
3523 4302 3622 4370 βα-

2056 4397 2230 4449 σιλεία
2260 4396 2449 4461 αὑτοῦ,
2475 4397 2570 4450 καὶ
2609 4396 2892 4466 δοθήσεται
2931 4395 3137 4466 ἑτέροις
3162 4393 3318 4456 ἐκτὸς
3350 4392 3580 4447 τούτων.

2125 4487 2176 4539 5.
2207 4487 2317 4538 Kal
2345 4486 2614 4556 ἐνισχύσει
2641 4488 2668 4538 ὁ
2693 4485 2941 4555 βασιλεὺς
2967 4502 3062 4537 του
3088 4485 3261 4550 νότου,
3289 4484 3384 4536 καὶ
3411 4477 3496 4545 εἷς
3513 4482 3620 4534 ἀπὸ

2049 4577 2156 4630 τῶν
2179 4579 2451 4648 ἀρχόντων
2479 4578 2642 4630 αὐτοῦ
2666 4577 2938 4647 ὲνισχύσει
2963 4579 3047 4630 ἐπ’
3069 4577 3250 4642 αὐτὸν,
3275 4577 3370 4630 καὶ
3396 4577 3621 4648 κυριεύ-

2051 4687 2133 4722 σει
2163 4672 2388 4738 κυρείας
2413 4671 2614 4740 πολλῆς
2646 4669 2804 4732 ἐκτὸς
2833 4671 3080 4736 ἐξουσίας
3108 4670 3295 4724 αὑτοῦ.

2119 4763 2170 4816 6.
2202 4763 2313 4816 Kal
2345 4763 2485 4834 μετά
2508 4762 2576 4816 τά
2605 4762 2702 4832 ἔτη
2753 4763 2919 4816 αὐτοῦ
2955 4764 3426 4833 συμμιγήσονταιο
3461 4764 3556 4816 καὶ
3581 4764 3615 4833 ή

2049 4853 2293 4924 θυγάτηρ
2316 4853 2576 4923 βασιλέως
2597 4852 2690 4906 τοῦ
2713 4852 2865 4905 νότου
2896 4853 3264 4905 εἰσελεύσεται
3295 4852 3431 4922 πρὸς
3455 4854 3617 4923 βασι-

2046 4945 2139 4997 λέα
2164 4944 2258 4996 τοῦ
2293 4945 2464 5015 βορρᾶ
2486 4944 2707 5014 ποιῆσαι
2734 4943 3006 5014 συνθήκας
3039 4946 3154 5014 μετ’
3192 4944 3376 5010 αὑτοῦ,
3422 4947 3522 4997 καὶ
3554 4948 3615 4998 ού

2046 5032 2306 5101 κρατήσει
2333 5031 2514 5100 ἰσχύος
2544 5031 2842 5101 βραχίονος,
2868 5033 2963 5086 καὶ
2980 5034 3042 5086 οὐ
3076 5035 3329 5104 στήσεται
3360 5035 3419 5086 τὸ
3445 5037 3618 5104 σπέρ-

2047 5139 2120 5191 μα
2141 5121 2329 5187 αὑτοῦ,
2365 5123 2459 5176 καὶ
2487 5123 2921 5194 παραδοθήσεται
2951 5124 3106 5195 αὐτὴ,
3144 5126 3235 5177 καὶ
3267 5127 3314 5177 οί
3350 5127 3617 5194 φέροντες

2043 5213 2232 5283 αὐτὴν,
2283 5213 2380 5266 καὶ
2429 5213 2630 5278 νεάνις,
2666 5215 2759 5266 καὶ
2789 5216 2819 5268 6
2846 5215 3154 5286 κατισχύων
3196 5215 3366 5286 αὐτὴν
3412 5219 3473 5270 ἐν
3501 5219 3615 5280 τοῖς

2045 5309 2267 5372 καιροῖς.

2117 5396 2165 5448 7.
2192 5396 2302 5448 Kal
2326 5396 2686 5468 ἀναστήσεται
2712 5396 2777 5448 ἐκ
2796 5395 2889 5449 τοῦ
2916 5395 3109 5460 ἄνθους
3128 5393 3227 5464 τῆς
3256 5397 3413 5467 ῥίζης
3435 5399 3612 5468 αὐτῆς

2042 5485 2139 5549 τῆς
2173 5485 2488 5554 ἐτοιμασίας
2517 5483 2702 5546 αὐτοῦ,
2753 5485 2849 5536 καὶ
2886 5483 3006 5552 ἥξει
3036 5483 3170 5555 πρὸς
3215 5483 3315 5552 τὴν
3351 5483 3607 5552 δύναμιν,

2043 5575 2136 5627 καὶ
2171 5575 2532 5627 εἰσελεύσεται
2549 5577 2628 5638 είς
2650 5575 2720 5628 τὰ
2742 5575 3191 5645 ὑποστηρίγματα
3214 5573 3309 5627 τοῦ
3335 5575 3609 5644 βασιλέως

2041 5667 2134 5718 τοῦ
2169 5666 2356 5737 βορρᾶ,
2387 5668 2478 5720 καὶ
2518 5669 2731 5736 ποιήσει
2767 5670 2823 5721 ἐν
2862 5667 3067 5735 αὐτοῖς,
3097 5668 3188 5721 καὶ
3220 5665 3563 5738 κατισχύσει.
