3848 6218
221 200 382 256 2889

1681 215 1914 278 CAPUT
1947 216 2043 276 Χῐ.

3344 221 3489 275 εδιιο

301 317 360 373 8.
396 318 507 373 Καί
536 337 600 390 γε
626 321 754 388 τοὺς
784 324 942 391 θεοὺς
972 327 1156 383 αὐτῶν
1191 333 1338 403 μετὰ
1375 333 1488 388 τῶν
1511 333 1798 405 ’χωνευτῶπ

1984 331 2039 386 8.
2079 330 2258 387 Etiam
2287 331 2424 387 deos
2446 347 2637 387 eorum
2662 347 2787 387 cum
2828 332 3084 390 fusilibus
3111 346 3297 389 eorum
3331 351 3496 390 omne

221 407 437 474 αὐτῶν,
474 412 584 465 πᾶν
631 414 827 479 σκεῦος
871 418 1210 491 ἐπιθυμητὸν
1259 425 1460 492 αὐτῶν,
1523 425 1812 497 ἀργυρίου,

222 500 328 552 xal
373 503 616 572 χρυσίου,
653 507 792 574 μετὰ
826 510 1206 580 αἰχμαλωσίας
1262 516 1483 570 εἰσοίσει
1519 520 1600 580 είς
1645 517 1814 585 Αἴγυ-

221 609 391 656 πτον,
425 597 519 649 καὶ
549 597 716 661 αὐτὸς
746 602 1004 672 στήσεται
1032 605 1173 677 ὑπὲρ
1207 607 1472 678 βασιλέως
1496 611 1590 664 τοῦ
1618 611 1814 683 βορρᾶ.

302 684 359 738 9.
387 685 497 738 Καὶ
534 689 900 745 εἰσελεύσεται
939 697 1018 757 εἰς
1053 695 1152 768 τὴν
1191 698 1467 768 βασιλείαν
1514 703 1608 755 τοῦ
1661 703 1816 772 βασι-

219 772 371 838 λέως
406 777 500 832 τοῦ
527 779 704 847 νότου,
733 784 825 837 καὶ
854 787 1186 859 ἀναστρέψει
1213 792 1294 854 εἰς
1318 792 1414 863 τὴν
1447 793 1550 864 γῆν
1585 795 1772 849 αὑτοῦ.

302 867 392 922 10.
423 871 533 924 Kal
560 875 610 926 οἰ
647 875 754 928 υἰοὶ
782 877 948 931 αὐτοῦ
980 882 1300 946 συνάξουσιν
1331 882 1488 953 ὄχλον
1526 885 1813 956 δυνάμεων

221 959 468 1026 πολλῶν,
504 965 597 1018 καὶ
636 968 949 1036 συνάξουσι,
979 973 1075 1026 καὶ
1097 973 1467 1029 εἰσελεύσεται
1491 978 1809 1048 ἐρχόμενος,

220 1051 322 1102 καὶ
353 1053 732 1122 κατακλύξων,
771 1060 866 1112 καὶ
898 1064 1321 1132 παρελεύσεται,
1363 1068 1457 1120 καὶ
1504 1068 1809 1136 καθιεῖται,

219 1141 324 1195 καὶ
347 1145 410 1198 οὐ
443 1146 780 1218 πλεκήσεται
810 1152 916 1216 ἕως
943 1155 1043 1225 τῆς
1073 1156 1256 1226 ἰσχύος
1282 1159 1472 1213 αὐτοῦ.
1639 1223 1650 1237 δ

297 1236 388 1290 11.
419 1238 527 1291 Καὶ
549 1239 951 1313 ἀγριωθήσεται
974 1245 1229 1315 βασιλεὺς
1251 1249 1344 1302 τοῦ
1368 1251 1520 1304 νότου
1552 1291 1566 1315 ,
1593 1236 1687 1305 καὶ
1717 1252 1810 1317 ἐξ-

215 1325 531 1395 ελεύσεται,
562 1333 655 1384 καὶ
673 1333 973 1406 πολεμήσει
1000 1336 1139 1408 μετὰ
1161 1339 1256 1393 τοῦ
1280 1340 1546 1411 βασιλέως
1559 1343 1652 1395 τοῦ
1671 1343 1810 1412 Βορ-

221 1419 320 1489 ρᾶ,
357 1422 448 1474 καὶ
481 1424 667 1495 στήσει
701 1425 858 1496 ὄχλον
897 1429 1101 1496 πολὺν,
1147 1432 1244 1486 καὶ
1298 1434 1736 1506 παραδοθήσεται
1779 1434 1808 1486 6

218 1509 383 1581 ὕχλος
401 1514 460 1565 ἐν
488 1516 633 1586 χειρί
670 1518 858 1573 αὐτοῦ.

293 1601 386 1655 12.
422 1604 531 1657 Kal
581 1604 811 1677 λήψεται
860 1608 952 1662 τὸν
1001 1609 1200 1682 ὄχλον,
1264 1613 1360 1667 καὶ
1391 1615 1800 1684 ύψωθήσεταιή

1917 437 2015 477 vas
2038 422 2399 478 desiderabile
2421 438 2611 478 eorum
2641 425 2872 493 argenti,
2908 433 2963 479 et
2997 425 3118 478 auri
3151 441 3275 479 cum
3317 427 3493 494 capti-

1916 510 2084 564 vitate
2105 511 2406 580 asportabit
2432 512 2487 566 in
2513 510 2842 583 Egyptum:
2875 522 2929 568 et
2976 513 3092 583 ipse
3141 515 3305 570 stabit
3332 533 3495 585 super

1914 615 2096 671 regem
2126 603 2419 672 aquilonis.

1987 690 2040 746 9.
2081 691 2150 746 Et
2177 692 2404 748 intrabit
2433 693 2489 748 in
2520 709 2748 765 regnum
2782 695 2924 767 regis
2974 697 3175 763 austri,
3221 707 3275 751 et
3310 713 3494 752 rever-

1915 791 2063 838 tetur
2094 785 2149 838 in
2186 793 2388 840 terram
2419 802 2600 841 suam.

1988 874 2075 927 10.
2120 872 2184 928 Et
2237 874 2332 929 ﬁlii
2400 876 2520 944 ejus
2563 877 2973 947 congregabunt
3026 877 3246 932 turbam
3277 881 3492 934 exerci-

1913 971 2068 1017 tuum
2104 966 2428 1030 multorum,
2455 977 2509 1023 et
2529 969 2860 1040 conjungent
2957 981 3009 1026 et
3039 971 3372 1041 ingredietur
3401 989 3494 1028 ve-

1913 1055 2091 1122 niens,
2121 1065 2175 1111 et
2199 1058 2495 1125 inundans,
2560 1069 2616 1116 et
2669 1063 3052 1131 pertransibit,
3094 1075 3148 1119 et
3170 1066 3409 1128 sedebit,
3439 1075 3494 1120 et

1912 1161 2019 1200 non
2051 1152 2432 1219 congredietur
2466 1169 2641 1224 usque
2670 1155 2736 1208 ad
2767 1154 3139 1211 fortitudinem
3171 1158 3312 1226 ejus.

1983 1239 2070 1293 11.
2098 1239 2163 1294 Et
2185 1257 2279 1297 rex
2309 1245 2484 1298 austri
2521 1246 2850 1312 elferabitur,
2877 1256 2932 1301 et
2955 1246 3284 1318 egredietur,
3317 1257 3371 1302 et
3388 1263 3492 1317 pu-

1912 1329 2101 1398 gnabit
2126 1346 2249 1385 cum
2292 1348 2418 1402 rege
2445 1335 2741 1404 aquilonis,
2774 1345 2830 1389 et
2875 1335 3041 1391 faciet
3088 1347 3236 1392 Stare
3271 1337 3488 1391 turbam

1912 1421 2158 1487 multam,
2197 1432 2253 1478 et
2281 1424 2524 1481 tradetur
2555 1427 2714 1481 turba
2744 1427 2801 1482 in
2840 1443 3007 1482 manu
3026 1428 3169 1497 ejus.

1983 1598 2072 1654 12.
2116 1599 2183 1656 Et
2214 1604 2394 1672 capiet
2451 1604 2882 1674 multitudinem,
2938 1614 2993 1661 et
3037 1606 3367 1662 exaltabitur
3391 1622 3502 1663 cor

218 1694 422 1764 καρδία
444 1696 633 1765 αὐτοῦ,
655 1699 749 1752 καὶ
776 1701 1078 1756 καταϐαλεῖ
1107 1704 1395 1775 μυριάδας,
1431 1705 1525 1758 καὶ
1539 1705 1639 1758 οὐκ
1676 1706 1804 1758 ἀντ-
1839 1706 1883 1765 Β
1911 1691 2055 1762 eius:
2089 1702 2145 1749 εί
2177 1694 2398 1765 ἀθίίοίθι
2431 1699 2734 1769 ωγτίδάεε,
2763 1709 2817 1754 ει
2838 1713 2946 1754 ηοη
2971 1700 3305 1769 Ρηθνῧίθδίι·

221 1801 459 1856 ισχυσει.
527 1815 530 1817 λ

295 1877 386 1933 15.
411 1880 519 1932 Καὶ
541 1880 860 1952 ἐπιστρέψει
894 1883 922 1935 6
943 1881 1199 1954 βασιλεὺς
1227 1886 1323 1942 τοῦ
1355 1888 1545 1960 βορρᾶ,
1567 1891 1660 1942 καὶ
1681 1883 1799 1954 ἄξει

217 1966 380 2040 ὖχλον
418 1970 588 2038 πολὺν
637 1972 779 2043 ὑπὲρ
827 1973 922 2026 τὸν
981 1975 1278 2047 πρότερον·
1315 1980 1409 2032 καὶ
1450 1982 1528 2042 εἰς
1562 1980 1624 2033 τὸ
1651 1981 1804 2045 τέλος

216 2059 333 2113 τῶν
358 2061 582 2133 ἡμερῶν
612 2063 963 2121 ἐπελεύσεται
987 2067 1196 2123 είσόδια
1213 2070 1270 2124 ἐν
1305 2069 1532 2140 δυνάμει
1565 2072 1799 2144 μεγάλῃ,

219 2154 317 2205 καὶ
355 2155 413 2206 ἐν
445 2154 677 2225 ὑπάρξει
698 2156 893 2228 πολλῇ.

292 2247 380 2300 14.
416 2247 528 2301 Καὶ
549 2251 607 2302 ἐν
636 2251 752 2312 τοίς
784 2251 999 2322 καιροῖς
1017 2251 1246 2319 ἐκείνοις
1279 2255 1466 2308 πολλοὶ
1491 2257 1802 2328 ἐπαναστή-

219 2357 406 2392 σονται
434 2341 524 2393 ἐπὶ
556 2340 781 2411 βασιλέα
809 2343 906 2396 τοῦ
935 2345 1109 2411 νότου,
1138 2346 1234 2399 καὶ
1252 2349 1300 2400 οἰ
1331 2349 1436 2400 υἱοὶ
1467 2349 1574 2402 τῶν
1593 2350 1796 2420 λοιμῶν

217 2429 314 2482 τοῦ
347 2430 477 2484 λαοῦ
514 2450 608 2486 σου
634 2433 1063 2506 ἐπαρθήσονται,
1102 2437 1198 2491 τοῦ
1231 2439 1426 2510 στῆσαι
1451 2441 1664 2510 ὅρασιν,
1706 2441 1801 2494 καὶ

216 2519 607 2592 ἀσθενήσουσι.

295 2629 386 2684 15.
419 2632 528 2685 Kal
550 2633 915 2689 εἰσελεύσεται
950 2637 1205 2707 βασιλεὺς
1233 2637 1329 2692 τοῦ
1361 2640 1554 2711 βορρᾶ,
1591 2643 1683 2695 καὶ
1703 2645 1798 2696 ἐκ·

217 2724 338 2791 χεεί
361 2724 688 2796 πρόσχωμα,
722 2729 817 2781 καὶ
851 2728 1180 2800 συλλήψεται
1227 2731 1411 2795 πόλεις
1443 2734 1669 2804 ὀχυρὰς,
1702 2736 1798 2788 καὶ

219 2813 507 2884 βραχίονες
530 2815 794 2886 βασιλέως
811 2819 906 2872 τοῦ
933 2822 1082 2874 νότου
1112 2824 1421 2893 στήσονται,
1449 2827 1542 2878 καὶ
1570 2828 1798 2898 ἀναστή-

219 2921 406 2960 σονται
437 2909 486 2961 οἰ
524 2910 774 2965 ἐκλεκτοὶ
822 2913 1011 2979 αὐτοῦ,
1061 2916 1156 2969 καὶ
1189 2916 1290 2969 οὐκ
1335 2916 1486 2970 ἔσται
1523 2917 1675 2987 ἰσχὺς
1699 2918 1796 2971 τοῦ

220 2997 437 3067 στῆναι.

291 3107 381 3163 16.
417 3111 525 3165 Καὶ
555 3114 770 3184 ποιήσει
790 3116 817 3168 6
836 3115 1285 3187 εἰσπορευόμενος
1307 3121 1443 3191 πρὸς
1473 3123 1632 3179 αὑτὸν
1657 3127 1798 3179 κατὰ

215 3197 280 3252 τί)
309 3199 523 3272 θέλημα
555 3205 744 3272 αὑτοῦ,
790 3209 880 3259 καὶ
919 3208 1018 3260 οὐκ
1055 3209 1204 3262 ἔστιν
1235 3211 1408 3276 ἐστὼς
1457 3214 1599 3268 κατὰ
1630 3216 1798 3286 πρόσ-

219 3309 368 3345 ωπον
394 3295 559 3347 αὑτοῦ
581 3313 594 3325 ⁸
627 3299 721 3351 καὶ
744 3301 1003 3370 στήσεται
1036 3302 1094 3354 ἐν
1116 3305 1182 3374 τῇ
1224 3307 1294 3375 γῇ
1319 3305 1412 3359 τοῦ
1442 3307 1662 3380 Σαϐεὶρ,
1701 3310 1798 3362 καὶ

219 3385 707 3457 συντελεσθήσεται
732 3391 792 3442 ἐν
829 3395 895 3462 τῇ
932 3391 1073 3462 χειρὶ
1113 3393 1303 3449 αὑτοῦ.

290 3500 379 3555 17.
413 3502 528 3580 Καὶ.
564 3503 716 3570 τάξει
772 3506 833 3558 τὸ
860 3507 1153 3578 πρόσωπον
1200 3510 1387 3577 αὐτοῦ,
1444 3514 1703 3567 εἰσελθεῖν
1739 3515 1798 3569 ἐν

223 3591 367 3662 ἰσχύϊ
391 3593 570 3664 πάσης
603 3597 706 3666 τῆς
737 3596 1010 3666 βασιλείας
1039 3600 1228 3666 αὑτοῦ,
1265 3602 1360 3656 καὶ
1405 3603 1567 3657 εὐθέα
1618 3605 1797 3660 πάντα

223 3685 341 3754 μετ’
366 3685 532 3739 αὑτοῦ
556 3691 770 3759 ποιήσει
793 3707 805 3720 ο
836 3693 929 3745 καὶ
957 3692 1236 3764 θυγατέρα
1259 3695 1369 3748 τῶν
1399 3697 1675 3764 γυναικῶν
1695 3699 1796 3751 δώ-

220 3795 301 3832 σει
324 3780 472 3850 αὐτῷ
495 3781 587 3834 τοῦ
610 3782 919 3854 διαφθεῖραι
953 3785 1144 3856 αὐτὴν,
1176 3787 1273 3840 καὶ
1301 3789 1360 3841 ού
1393 3790 1469 3860 μὴ
1513 3792 1794 3862 παραμεί-

217 3885 305 3944 νῃ,
337 3872 433 3925 καὶ
460 3872 559 3927 οὐκ
586 3873 734 3945 αύτῷ
762 3875 937 3930 ἔσται.
1367 3868 1379 3880 κ

287 3984 376 4039 18.
402 3987 514 4040 Kal
558 3987 877 4060 ἐπιστρέψει
923 3990 983 4044 τὸ
1024 3991 1318 4063 πρόσωπον
1349 3993 1513 4047 αὐτοῦ
1562 3995 1643 4057 εἰς
1691 3993 1791 4056 τὰς

217 4079 437 4150 νήσους,
461 4082 553 4134 καὶ
590 4082 917 4153 συλλήψεται
944 4084 1164 4149 πολλὰς,
1196 4086 1290 4140 καὶ
1325 4089 1666 4140 κατακαύσει
1695 4088 1793 4158 ἄρ-

216 4187 414 4244 χοντας
448 4173 754 4245 όνειδισμοῦ
784 4176 983 4242 αὐτῶν,
1033 4178 1175 4250 πλὴν
1208 4182 1237 4233 6
1288 4180 1592 4252 ὀνειδισμὸς
1625 4180 1791 4235 αὑτοῦ

216 4265 534 4336 ἐπιστρέψει
557 4267 724 4339 αὐτῷ.

1822 3053 1873 3120 G

1985 1871 2072 1926 l5.
2113 1874 2178 1928 Et
2202 1887 2551 1934 convertetur
2577 1895 2672 1935 rex
2699 1880 2995 1950 aquilonis,
3031 1888 3084 1935 et
3112 1879 3342 1934 adducet
3365 1888 3482 1934 tur-

1906 1963 2030 2018 bam
2082 1969 2307 2023 multam
2367 1987 2533 2040 super
2586 1972 2821 2041 priorem
2861 1981 2960 2027 :et
3016 1973 3073 2026 in
3136 1972 3243 2026 fine
3269 1972 3482 2026 dierum

1906 2056 2244 2126 ingredietur
2269 2065 2386 2118 vias
2417 2064 2470 2118 in
2502 2065 2705 2120 virtute
2743 2080 2940 2136 magna
2964 2104 2980 2130 ,
3015 2075 3069 2120 et
3113 2065 3169 2120 in
3219 2073 3480 2135 apparatu

1903 2150 2096 2205 multo.

1976 2239 2064 2294 14.
2107 2244 2171 2297 Et
2200 2244 2252 2297 in
2276 2248 2616 2316 temporibus
2648 2247 2755 2304 illis
2781 2249 2936 2304 multi
2969 2259 3498 2320 consurgentsuper-~

1908 2347 2087 2401 regem
2124 2337 2334 2392 austri:
2396 2348 2451 2393 et
2507 2340 2601 2394 lilii
2633 2342 3000 2409 pestilentium
3049 2342 3231 2411 populi
3271 2343 3348 2395 tui
3383 2357 3480 2394 ex-

1904 2426 2185 2495 tollentur,
2214 2440 2274 2485 ut
2312 2440 2558 2489 statuant
2579 2435 2870 2502 visionem,
2905 2444 2958 2490 et
2990 2433 3442 2488 inllrmabnntur.

1975 2621 2065 2678 15.
2109 2623 2176 2679 Et
2221 2626 2560 2700 ingredietur
2617 2649 2710 2688 rex
2765 2637 3038 2706 aquilonis
3069 2679 3084 2703 ,
3142 2647 3199 2694 et
3243 2639 3480 2695 effundet

1901 2726 2192 2783 aggerem,
2223 2727 2279 2773 et
2327 2721 2507 2790 capiet
2549 2723 2798 2780 civitates
2848 2728 3116 2788 munitas,
3157 2739 3208 2784 et
3253 2730 3476 2784 brachia

1901 2807 2044 2876 regis
2078 2810 2250 2864 austri
2275 2812 2519 2879 stabunt,
2546 2824 2601 2869 et
2651 2828 2990 2890 consurgent
3036 2820 3192 2876 electi
3231 2821 3371 2891 ejus,
3425 2830 3491 2878 et'

1901 2913 2008 2954 non
2040 2901 2144 2956 erit
2172 2901 2439 2960 fortitudo
2467 2907 2535 2961 ad
2565 2910 2838 2963 standum.

1972 3102 2060 3156 16.
2104 3103 2169 3159 Et
2197 3105 2357 3162 faciet
2381 3109 2694 3179 ingrediens
2720 3111 2981 3168 adversus
3010 3127 3136 3168 eum
3173 3117 3478 3171 secundum

1899 3195 2235 3252 voluntatem
2267 3205 2447 3266 Suam,
2470 3211 2524 3256 et
2547 3219 2654 3259 non
2685 3215 2789 3270 est,
2824 3207 2916 3276 qui
2940 3214 3043 3261 stet
3067 3217 3254 3262 contra
3283 3209 3474 3264 faciem

1899 3287 2020 3357 ejus
2052 3307 2066 3342 :
2104 3299 2158 3345 et
2191 3293 2358 3348 stabit
2387 3294 2444 3348 in
2480 3303 2625 3352 terra
2682 3296 2840 3353 Sabir
2867 3340 2883 3365 ,
2927 3307 2982 3355 et
3038 3312 3392 3357 consumetur
3420 3305 3476 3358 in

1900 3395 2066 3435 manu
2106 3383 2247 3452 ejus.

1974 3491 2059 3546 17.
2105 3493 2355 3565 Etponet
2384 3497 2576 3555 faciem
2607 3515 2783 3565 suam,
2819 3511 2880 3557 ut
2907 3503 3245 3575 ingrediatur
3276 3507 3326 3560 in
3364 3506 3478 3561 for-

1901 3583 2133 3639 titudine
2163 3589 2328 3644 totius
2362 3590 2512 3660 regni
2546 3591 2687 3661 ejus,
2717 3603 2773 3648 et
2817 3603 2963 3649 recta
3017 3597 3201 3652 omnia
3250 3614 3372 3652 cum
3403 3613 3473 3652 eo

1900 3673 2184 3732 faeictzet
2217 3679 2386 3735 ﬁliam
2451 3681 2784 3740 feminarum
2847 3687 2997 3741 dabit
3045 3689 3115 3753 ei,
3170 3701 3230 3744 ut
3284 3691 3475 3760 perdat

1897 3768 2045 3823 illam
2077 3787 2090 3825 :
2123 3780 2176 3826 et
2202 3788 2308 3826 non
2343 3777 2703 3844 permanebit,
2737 3786 2791 3834 et
2812 3794 2922 3833 non
2947 3780 3051 3835 erit
3081 3783 3148 3836 ei.

1971 3972 2060 4026 18.
2098 3974 2165 4028 Et
2196 3986 2477 4033 convertet
2514 3977 2710 4036 faciem
2742 3998 2898 4038 suam
2927 3983 2996 4037 ad
3034 3984 3265 4048 insulas,
3292 3993 3346 4039 et
3377 3999 3471 4039 ca-

1897 4067 2006 4134 piet
2032 4070 2230 4126 multas
2265 4091 2278 4125 :
2313 4081 2367 4126 et
2394 4084 2683 4130 consumet
2722 4077 2994 4145 principes
3053 4079 3326 4147 opprobrii
3363 4080 3479 4145 sui,

1894 4170 2272 4217 verumtamen
2298 4167 2648 4235 Opprobrium
2666 4167 2800 4238 ,ejus
2839 4179 3190 4225 convertetur
3217 4171 3289 4226 ei.

289 4377 378 4434 19.
405 4380 516 4434 Kal
560 4381 878 4452 ἐπιστρέψει
909 4383 970 4437 τὸ
1011 4383 1302 4455 πρόσωπον
1335 4388 1500 4442 αὑτοῦ
1559 4391 1640 4454 εἰς
1689 4392 1786 4462 τὴν

1970 4363 2056 4417 19.
2100 4366 2168 4420 Ει
2234 4380 2515 4427 convertet
2563 4371 2760 4428 faciem
2794 4388 2946 4428 suam
2991 4374 3059 4429 ad
3097 4373 3468 4433 fortitudinem

217 4469 376 4540 ἰσχὺν
405 4471 503 4542 τῆς
523 4473 625 4543 γῆς
655 4474 841 4539 αὑτοῦ,
885 4475 980 4528 καὶ
1034 4477 1342 4550 ἀσθενήσει,
1377 4481 1473 4533 καὶ
1517 4485 1785 4548 πεσεῖται,

216 4562 311 4614 καὶ
330 4563 428 4632 οὐχ
447 4562 825 4634 εὑρεθήσεται.

282 4674 373 4728 20.
406 4676 518 4729 Kal
555 4677 921 4749 ἀναστήσεται
957 4682 1023 4734 ἐκ
1059 4681 1156 4752 τῆς
1204 4683 1360 4753 ῥίζης
1388 4684 1552 4738 αὐτοῦ
1591 4686 1790 4755 φύλλον

215 4763 494 4834 βασιλείας
535 4770 629 4820 ἐπὶ
679 4769 775 4840 τὴν
803 4771 1123 4856 ἐτοιμασίμν
1154 4776 1340 4839 αὐτου,
1393 4779 1788 4848 παραϐιϐἀζον,

213 4856 310 4909 καὶ
338 4858 583 4930 πράσσον
609 4859 768 4927 δόξαν
797 4861 1094 4932 βασιλείας.

280 4969 372 5025 21.
404 4972 514 5025 Kal
535 4974 594 5026 ἐν
633 4974 754 5038 ταῖς
793 4975 1030 5047 ἡμέραις
1067 4976 1306 5040 ἐκείναις
1345 4978 1788 5048 συντριϐήσεται,

213 5062 307 5113 καὶ
334 5063 433 5114 οὐκ
460 5065 517 5116 ἐν
550 5063 884 5135 προσώποις,
906 5066 1027 5119 οὐδὲ
1054 5069 1114 5120 ἐν
1149 5067 1371 5139 πολέμῳ
1394 5109 1409 5133 ,
1459 5071 1551 5123 καὶ
1599 5072 1790 5138 στήσε-

212 5171 302 5208 ται
333 5155 426 5207 ἐπὶ
456 5157 558 5225 τὴν
587 5157 904 5228 ἑτοιμασίαν
933 5158 1099 5212 αὐτοῦ
1120 5176 1133 5189 ·
1178 5159 1525 5231 ἐξουδενώθη,
1563 5163 1657 5215 καὶ
1689 5163 1789 5217 οὐκ

213 5247 370 5317 ἐδόθη
405 5249 490 5300 ἐπ’
513 5249 675 5304 αὑτὸν
704 5250 834 5314 δόξα
855 5251 1131 5320 βασιλείας
1155 5291 1170 5314 ,
1195 5253 1291 5306 καὶ
1309 5252 1426 5323 ἥξει
1461 5254 1518 5307 ἐν
1539 5255 1789 5326 εὐθηνίᾳ,

215 5340 308 5394 καὶ
335 5340 657 5410 κατισχύσει
689 5341 963 5412 βασιλείας
987 5346 1047 5397 ἐν
1080 5344 1428 5417 ὀλισθήμασι.

282 5450 373 5506 22.
398 5453 508 5506 Kal
530 5452 814 5524 βραχίονες
839 5453 933 5507 τοῦ
959 5455 1389 5521 κατακλύζοντος
1415 5459 1790 5531 κατακλυσθῆ-

218 5558 402 5596 σονται
433 5545 542 5597 άπὸ
595 5545 888 5616 προσώπου
944 5548 1108 5602 αὐτοῦ
1133 5589 1147 5616 ,
1181 5550 1275 5603 καὶ
1319 5551 1790 5624 συντριὸήσονται,

218 5635 306 5689 καί
335 5653 396 5706 γε
426 5636 726 5709 ἡγούμενος
755 5639 1036 5710 διαθήκης.

1897 4467 2058 4511 terrre
2085 4475 2220 4525 suat,
2250 4470 2304 4515 et
2328 4461 2715 4532 inlirmabitur,
2773 4475 2829 4520 et
2859 4466 3036 4529 cadet,
3079 4475 3134 4523 et
3183 4483 3291 4523 non
3323 4471 3472 4524 inve-

1893 4549 2092 4604 nietur.

1962 4665 2051 4718 ‘20.
2094 4664 2159 4718 Et
2191 4676 2376 4736 surget
2425 4667 2494 4721 de
2540 4667 2725 4723 radice
2784 4668 2906 4739 ejus
2941 4683 3160 4741 germen
3216 4671 3370 4738 regni
3402 4671 3468 4724 ad

1894 4758 2344 4824 prmparationem
2387 4757 2557 4828 ipsius
2589 4759 2925 4816 transferens
2953 4800 2969 4826 ,
3020 4770 3075 4816 et
3125 4759 3331 4816 faciens
3357 4762 3471 4832 glo-

1892 4845 2028 4899 riam
2060 4847 2231 4917 regni.

1961 4953 2051 5008 9.1.
2093 4954 2160 5009 Et
2190 4956 2245 5010 in
2281 4957 2474 5012 diebus
2515 4958 2624 5015 illis
2651 4969 2962 5015 conteretur
2983 5003 2998 5027 ,
3033 4969 3087 5015 et
3127 4976 3235 5016 non
3267 4961 3320 5014 in
3346 4976 3470 5030 per-

1893 5045 2067 5108 sonis,
2097 5062 2272 5116 neque
2296 5048 2352 5102 in
2383 5049 2563 5104 bello:
2619 5060 2672 5105 et
2706 5052 2875 5107 stabit
2918 5068 3081 5121 super
3112 5054 3466 5122 praeparatio-

1894 5153 2016 5191 nem
2050 5138 2210 5208 ejus:
2241 5150 2588 5212 contemptus
2619 5143 2740 5209 fuit,
2781 5153 2834 5198 et
2865 5159 2973 5197 nou
3027 5143 3152 5198 data
3189 5155 3273 5198 est
3302 5161 3466 5214 super

1891 5244 2016 5282 eum
2047 5231 2218 5299 gloria
2244 5233 2420 5304 regni,
2447 5244 2500 5288 et
2522 5234 2702 5288 veniet
2740 5235 2792 5288 in
2840 5235 3258 5304 tranquillitate,
3291 5244 3344 5289 et
3367 5237 3467 5289 ob-

1893 5318 2086 5375 tinebit
2109 5337 2334 5393 regnum
2372 5324 2426 5378 in
2452 5325 2875 5380 lubricitatibus.

1960 5436 2050 5489 22.
2094 5436 2159 5489 Et
2187 5437 2405 5492 brachia
2431 5438 2746 5493 inundantis
2800 5438 3211 5492 inundabuntur
3266 5455 3294 5493 a
3329 5438 3466 5496 facie

1891 5527 2029 5597 ejus,
2060 5537 2113 5582 et
2134 5537 2482 5583 conterentur
2527 5547 2538 5582 z
2571 5538 2624 5583 et
2654 5527 2764 5582 dux
2814 5527 3144 5584 testamenti.
