3848 6218
334 187 468 245 2991

1414 184 1665 239 DANIEL
1704 184 1932 238 JUXTA
1970 154 2537 241 THEODOTIONEM.

3456 182 3608 242 2892

408 295 500 349 25.
543 294 607 349 Et
633 310 699 349 ex
723 295 1206 350 commistionibus
1256 295 1521 351 adversus
1578 313 1702 350 eum
1762 295 1923 349 faciet

2096 296 2187 350 25.
2224 297 2335 350 Kal
2356 296 2464 349 ἀπὸ
2504 294 2613 348 τῶν
2644 296 2961 367 συμμίξεων
3012 298 3148 370 πρὸς
3188 300 3353 356 αὑτὸν
3384 303 3602 374 ποιήσει.

336 386 542 450 dolum,
583 395 639 441 et
664 387 941 450 ascendet,
976 397 1029 440 et
1063 389 1375 456 praevalebit
1402 390 1592 442 ineum
1623 388 1677 441 in
1704 388 1917 441 modica

339 488 520 547 gente.

408 570 500 622 24.
544 568 709 623 Ει’ἰη
762 570 1198 640 prosperitatem,
1236 581 1290 624 et
1320 571 1377 624 in
1420 571 1605 639 plures
1665 572 1919 641 regiones

340 661 559 715 veniet:
588 668 642 714 et
671 661 831 716 faciet
862 677 984 731 quae
1041 676 1149 715 non
1188 662 1435 717 fecerunt
1479 674 1660 732 patres
1699 662 1837 731 ejus,
1869 672 1923 715 et

341 762 525 822 patres
552 761 769 823 patrum
801 754 956 823 ejus;
984 755 1371 823 direptionem,
1403 764 1455 808 et
1488 754 1682 824 spolia,
1716 762 1771 808 et
1792 755 1923 808 sub-

341 843 597 896 stantiam
619 842 699 898 eis
719 843 1025 913 dissipabit,
1054 854 1289 914 etsuper
1323 843 1617 915 [Egyptum
1664 844 1923 914 cogitabit

341 935 700 1004 cogitationes
733 951 884 1001 suas,
907 945 961 989 et
995 952 1168 1006 usque
1200 936 1269 991 ad
1300 946 1533 1007 tempus.

413 1028 505 1084 25.
551 1028 616 1081 Et
670 1029 1002 1083 excitabitur
1056 1028 1321 1083 fortitudo
1357 1031 1498 1100 ejus,
1534 1038 1588 1084 et
1648 1045 1743 1084 cor
1803 1030 1924 1098 ejus

346 1136 513 1191 super
543 1136 723 1190 regem
749 1122 926 1175 austri
961 1122 1012 1174 in
1045 1122 1245 1176 virtute
1276 1138 1471 1192 magna
1498 1139 1512 1176 :
1553 1133 1607 1175 et
1640 1137 1735 1175 rex
1752 1122 1925 1175 austri

346 1210 641 1279 conjunget
684 1211 931 1279 praelium
983 1226 1110 1264 cum
1169 1226 1235 1265 eo
1288 1211 1344 1265 in
1378 1211 1574 1265 virtute
1606 1227 1825 1281 magna,
1874 1220 1927 1264 et

347 1298 475 1353 furti
498 1300 685 1363 nimis,
720 1310 774 1354 et
822 1316 932 1354 non
982 1301 1169 1365 stabit,
1220 1302 1349 1371 quia
1397 1302 1723 1372 cogitabuut
1764 1317 1929 1372 super

347 1404 472 1443 cum
503 1389 879 1451 cogitationes.

419 1477 509 1531 26.
552 1478 615 1531 Et
650 1477 936 1533 comedent
967 1478 1278 1533 necessaria
1308 1479 1427 1547 ejus
1447 1486 1760 1543 ,conterent
1780 1494 1925 1542 eum,

350 1578 404 1622 et
461 1570 693 1625 virtutes
752 1570 873 1641 ejus
943 1570 1264 1627 inundabit:
1303 1580 1358 1625 et
1398 1571 1595 1626 cadent
1651 1570 1927 1626 interfecti

355 1660 535 1713 multi.

421 1751 513 1805 27.
556 1752 623 1806 Et
656 1751 875 1821 utrique
903 1768 1075 1823 reges,
1112 1753 1279 1806 corda
1309 1767 1498 1807 eorum
1532 1752 1597 1806 ad
1640 1752 1930 1815 malitiam,

351 1854 408 1899 et
429 1845 496 1897 ad
530 1860 774 1899 mensam
808 1860 971 1897 unam
1024 1845 1309 1899 mendacia
1343 1844 1672 1913 loquentur,
1722 1855 1775 1897 et
1824 1859 1932 1897 non

354 1936 640 2006 proficient
667 1953 681 1989 :
716 1936 845 2006 quia
873 1937 1053 1990 adhuc
1078 1936 1201 1991 finis
1229 1939 1286 1990 in
1323 1946 1563 2006 tempus.

422 2030 516 2084 28.
560 2029 626 2083 Et
646 2039 953 2084 revertetur
978 2031 1035 2084 in
1081 2039 1286 2084 terram
1341 2044 1498 2083 suam
1528 2028 1583 2082 in
1629 2027 1935 2083 substantia

353 2125 524 2177 multa
567 2141 583 2179 :
621 2134 675 2178 et
707 2138 801 2178 cor
822 2124 943 2192 ejus
977 2138 1140 2193 super
1166 2130 1555 2177 testamentum
1585 2130 1857 2186 sanctum,
1883 2131 1935 2174 et

354 2214 535 2280 faciet,
564 2224 615 2269 et
638 2224 941 2269 revertetur
970 2215 1025 2267 in
1063 2223 1261 2268 terram
1295 2229 1471 2269 suam.

421 2308 513 2362 29.
556 2307 636 2361 Ad
658 2316 872 2377 tempus
903 2317 1228 2371 revertetur,
1262 2316 1319 2361 et
1340 2307 1525 2361 veniet
1553 2306 1622 2361 ad
1649 2314 1894 2361 austrum
1918 2326 1930 2361 :

352 2410 407 2455 et
436 2415 539 2454 non
563 2400 824 2455 eritsicut
854 2400 1050 2469 prima,
1073 2408 1128 2453 et
1147 2399 1288 2453 sicut
1322 2399 1642 2453 novissima.

427 2492 516 2546 50.
562 2492 628 2546 Ει
656 2493 1031 2562 ingredieutur
1065 2491 1131 2545 ad
1155 2491 1307 2544 illum
1334 2491 1768 2560 egredientes,et
1788 2492 1939 2558 equi-

356 2598 522 2646 tatus,
554 2595 606 2638 et
646 2584 1044 2647 liumiliabitur,
1072 2592 1126 2638 et
1182 2593 1507 2649 revertetur,
1591 2591 1646 2637 et
1689 2583 1936 2653 indigna—

358 2679 506 2732 bitur
535 2693 699 2747 super
729 2685 1118 2732 testamentum
1149 2683 1425 2739 sanctum,
1458 2683 1512 2729 et
1558 2673 1739 2736 faciet,
1775 2685 1827 2727 et
1854 2689 1939 2727 re-

352 2779 620 2834 vertetur,
661 2777 716 2823 et
769 2768 1034 2838 intelliget
1078 2782 1242 2837 super
1279 2781 1398 2833 eos,
1450 2766 1542 2837 qui
1600 2766 1939 2835 reliqUerunt

362 2868 749 2915 testamentum
784 2867 977 2915 sanctu
987 2874 1035 2911 m
1046 2898 1059 2910 .

431 2950 521 3004 51.
561 2949 628 3003 Ει
652 2950 874 3004 brachia
908 2965 971 3003 ex
998 2948 1085 3002 bis
1115 2947 1359 3009 stabunt,
1383 2955 1436 3000 ct
1465 2945 1708 3015 polluent
1737 2944 1940 2999 sancti-

2027 390 2203 453 δόλον,
2252 393 2345 444 καὶ
2375 391 2732 463 ἀναϐήσεται,
2789 395 2883 446 καὶ
2930 394 3286 467 ὑπερισχύσει
3333 398 3499 454 αὐτοῦ
3541 401 3603 452 ἐν

2022 482 2188 551 ὀλίγῳ
2211 480 2378 536 ἔθνει.
3296 482 3375 501 ’“”“

2090 574 2179 628 24.
2217 575 2328 628 Kal.
2360 577 2417 627 ἐν
2443 574 2688 647 εὐθηνίᾳ,
2715 580 2811 631 καὶ
2855 580 2919 634 ἐν
2948 579 3160 632 πλείοσι
3204 578 3409 650 χώραις
3457 580 3605 651 ἥξει,

2024 667 2119 719 καὶ
2140 668 2358 739 ποιήσει
2392 666 2427 721 ἃ
2453 670 2554 720 οὐκ
2580 668 2845 739 ἐποίησαν
2869 672 2916 723 οἰ
2948 670 3184 738 πατέρες
3217 670 3405 737 αὑτοῦ,
3431 673 3526 724 καὶ
3552 674 3607 725 οἱ

2025 756 2262 829 πατέρες
2296 759 2405 812 τῶν
2454 759 2706 828 πατέρων
2763 758 2927 813 αὐτοῦ
2948 774 2961 788 ·
2993 761 3270 831 προνομὴν
3305 763 3399 814 καὶ
3435 762 3610 815 σκῦλα

2025 850 2122 902 καὶ
2157 848 2395 921 ὕπαρξιν
2445 852 2629 915 αὐτοῖς
2673 851 3040 921 διασκορπιεῖ,
3073 852 3169 904 καὶ
3200 852 3286 905 ἐπ’
3331 853 3610 921 Αἴγυπτον

2025 941 2286 1010 λογιεῖται
2306 943 2601 1013 λογισμοὺς
2632 943 2820 1008 αὑτοῦ,
2857 945 2953 997 καὶ
2980 944 3085 1007 Em;
3117 944 3333 1014 καιροῦ.

2094 1034 2185 1088 25.
2216 1035 2323 1088 Καὶ
2354 1035 2830 1107 ὲξεγερθήσεταιή
2860 1036 3011 1105 ἰσχὺς
3042 1035 3204 1088 αὑτοῦ
3227 1075 3242 1097 ,
3276 1035 3369 1087 καὶ
3408 1036 3443 1104 ἡ
3473 1051 3613 1104 καρ-

2025 1125 2113 1178 δία
2139 1124 2303 1178 αὑτοῦ
2343 1127 2435 1178 ἐπὶ
2463 1125 2690 1196 βασιλέα
2709 1125 2805 1179 τοῦ
2832 1126 2984 1178 νότου
3019 1128 3076 1179 ἐν
3106 1126 3333 1195 δυνάμει
3368 1126 3613 1197 μεγάλῃ,

2028 1219 2123 1269 καὶ
2151 1219 2179 1269 ό
2204 1217 2454 1287 βασιλεὺς
2477 1219 2571 1273 τοῦ
2601 1220 2752 1272 νότου
2779 1218 3001 1287 συνάψει
3028 1219 3257 1289 πόλεμον
3286 1220 3421 1290 πρὸς
3450 1218 3618 1274 αὐτὸν

2028 1310 2086 1361 ἐν
2109 1309 2336 1378 δυνάμει
2367 1311 2599 1384 μεγάλῃ,
2632 1312 2725 1364 καὶ
2756 1312 2953 1381 ἰσχυρᾷ
2989 1311 3215 1382 σφόδρα,
3246 1311 3340 1364 καὶ
3389 1311 3451 1363 οὐ
3478 1312 3617 1381 στή-

2032 1420 2203 1466 σεται,
2231 1403 2313 1456 ὅτι
2345 1403 2652 1472 λογιοῦνται
2686 1405 2772 1456 ἐπ’
2798 1404 2962 1456 αὑτὸν
2990 1403 3303 1472 λογισμούς.

2102 1493 2191 1549 26.
2226 1495 2338 1547 Kal
2362 1495 2627 1564 φάγονται
2668 1495 2736 1549 τὰ
2788 1495 2979 1547 δέοντα
3007 1493 3195 1559 αὐτοῦ,
3231 1494 3622 1565 συντρίψουσιν

2031 1585 2213 1649 αὑτὸν,
2250 1586 2342 1638 καὶ
2361 1586 2619 1656 δυνάμεις
2660 1585 2826 1640 αὑτοῦ
2864 1584 3217 1651 κατακλύσει,
3262 1587 3356 1639 καὶ
3382 1586 3619 1639 πεσοῦν-

1962 1655 2006 1710 B
2032 1695 2122 1730 ται
2146 1677 2481 1747 τραυματίαι
2502 1655 2729 1730 πολλοί.

2103 1767 2194 1820 27.
2226 1768 2335 1820 Kal
2359 1766 2656 1836 ἀμφότεροι
2687 1769 2735 1819 οἱ
2783 1766 3042 1838 βασιλεῖς,
3082 1769 3137 1820 αἱ
3177 1766 3393 1836 καρδίαι
3434 1764 3621 1819 αὐτῶν

2035 1859 2129 1911 ἐπὶ
2161 1859 2446 1928 πονηρίαν,
2479 1861 2574 1911 καὶ
2610 1859 2703 1911 ἐπὶ
2728 1858 2977 1929 τραπέζῃ
3014 1860 3113 1929 μιᾷ
3142 1857 3310 1928 ψευδῆ
3350 1857 3621 1928 λαλήσου-

2036 1968 2110 2015 σι,
2148 1951 2243 2003 καὶ
2272 1952 2332 2003 οὐ
2360 1950 2701 2016 κατευθυνεῖ,
2732 1953 2814 2002 ὅτι
2839 1950 2920 2002 ἔτι
2953 1949 3120 2021 πέρας
3148 1952 3226 2012 εἰς
3260 1950 3471 2020 καιρόν.

2104 2041 2195 2096 28.
2232 2044 2346 2095 Kal
2369 2042 2687 2113 ἐπιστρέψει
2716 2044 2797 2105 είς
2832 2041 2929 2111 τὴν
2956 2041 3062 2110 γῆν
3096 2041 3259 2094 αὐτοῦ
3301 2044 3359 2093 ἐν
3389 2039 3621 2111 ὑπάρξει

2038 2134 2230 2205 πολλῇ,
2266 2134 2359 2186 καὶ
2384 2136 2417 2204 ή
2449 2135 2643 2205 καρδία
2668 2133 2831 2187 αὐτοῦ
2876 2135 2970 2186 ἐπὶ
2989 2134 3255 2205 διαθήκην
3291 2133 3474 2200 ἁγίαν,
3521 2132 3621 2185 καὶ

2036 2228 2271 2296 ποιήσει,
2306 2227 2401 2279 καὶ
2430 2227 2749 2298 ἐπιστρέψει
2772 2227 2853 2290 είς
2891 2226 2992 2296 τὴν
3018 2225 3124 2293 γῆν
3158 2223 3340 2277 αὐτοῦ.

2105 2314 2196 2370 29.
2231 2315 2323 2375 Εἰς
2352 2315 2441 2366 τὸν
2499 2315 2690 2385 καιρὸν
2743 2314 3082 2384 ἐπιστρέψει,
3137 2316 3232 2366 καὶ
3278 2311 3399 2383 λήξει
3438 2313 3497 2364 ἐν
3543 2311 3626 2382 τῷ

2036 2408 2196 2477 νότῳ,
2229 2408 2321 2458 καὶ
2344 2407 2447 2458 οὐκ
2473 2405 2627 2459 ἔσται
2662 2407 2786 2477 ὡςή
2814 2404 3032 2476 πρώτη,
3065 2404 3159 2458 xal
3186 2407 3260 2466 ὼς
3295 2404 3329 2471 ὴ
3360 2401 3586 2471 ἐσχάτη.

2107 2498 2196 2552 50.
2228 2500 2337 2551 Kal
2366 2497 2769 2550 εἰσελεύσονται
2823 2498 2882 2549 ἐν
2911 2494 3060 2566 αὑτῷ
3087 2496 3138 2548 οἱ
3172 2492 3620 2564 ἐκπορευόμενοι,

2038 2592 2133 2643 καὶ
2163 2591 2342 2654 ἵπποι,
2370 2590 2464 2643 καὶ
2490 2588 2982 2658 ταπεινωθήσεται,
3017 2587 3114 2640 καὶ
3150 2584 3490 2655 ἐπιστρέψει,
3528 2583 3626 2635 xal.

2037 2681 2427 2754 ὀργισθήσεται
2468 2680 2563 2732 ἐπὶ
2595 2678 2860 2749 διαθήκην
2888 2680 3069 2746 ἁγίαν,
3114 2679 3210 2731 καὶ
3253 2677 3498 2746 ποιήσει,
3530 2675 3625 2727 καὶ

2040 2772 2379 2846 ἐπιστρέψει,
2413 2771 2508 2825 καὶ
2537 2774 2761 2840 συνήσει
2788 2771 2882 2824 ἐπὶ
2910 2772 3038 2832 τοὺς
3074 2768 3476 2830 καταλιπόντας
3510 2766 3629 2820 δια-

2042 2865 2218 2935 θήκην
2252 2864 2435 2931 ἁγίαν.

2112 2956 2200 3009 51.
2227 2953 2330 3006 Kal
2365 2952 2650 3023 βραχίονες
2675 2952 2733 3016 ἐξ
2767 2952 2947 3006 αὐτῶν
2972 2953 3281 3023 στήσονται,
3317 2950 3413 3004 καὶ
3460 2950 3624 3020 βεϐη-

364 3042 671 3097 ficationem
708 3041 1064 3103 fortitudinis,
1096 3048 1152 3094 et
1207 3038 1540 3094 transferent
1575 3037 1705 3107 juge
1729 3038 1938 3091 sacrifi—

2068 3048 2275 3101 .ώσουσι
2304 3048 2368 3100 τὸ
2398 3046 2649 3116 ἁγίασμα
2679 3046 2779 3115 τῆς
2807 3045 3127 3107 δυναστείας
3151 3084 3167 3110 ,
3222 3045 3316 3097 καὶ
3349 3044 3627 3112 μεταστή-

364 3138 536 3200 cium,
570 3144 624 3188 et
646 3134 855 3189 dabunt
877 3135 930 3188 in
960 3133 1423 3188 abominationem
1452 3132 1777 3186 desolatam.

435 3316 525 3371 52.
568 3316 636 3370 Et
672 3330 789 3378 eos,
819 3314 912 3383 qui
944 3313 1109 3383 impie
1139 3321 1309 3383 agunt
1338 3311 1391 3363 in
1417 3316 1823 3371 testamentum,
1849 3308 1944 3362 ad-

367 3410 567 3463 ducent
593 3409 645 3460 in
683 3406 1043 3461 lubricitates:
1071 3414 1123 3459 et
1154 3404 1389 3475 populus
1417 3417 1754 3472 cognoscens
1776 3402 1943 3455 Deum

367 3516 528 3555 suum
556 3499 842 3563 obtinebit,
869 3506 923 3552 et
954 3498 1133 3551 faciet.

437 3592 527 3645 55.
571 3592 637 3645 Et
712 3591 1077 3659 intelligentes
1144 3589 1211 3643 de
1282 3589 1483 3658 populo
1541 3587 1845 3656 intelligent
1889 3586 1944 3639 in

370 3684 540 3737 multa
573 3703 585 3737 :
617 3692 669 3737 et
696 3682 1124 3736 inﬁrmabuntur
1178 3681 1231 3734 in
1264 3682 1464 3750 gladio,
1506 3690 1559 3734 et
1615 3680 1666 3733 in
1704 3679 1944 3743 ﬂamma,

369 3785 425 3829 et
455 3776 508 3828 in
538 3775 868 3843 captivitate,
892 3784 944 3828 et
970 3775 1022 3827 in
1054 3773 1246 3842 rapina
1288 3772 1526 3826 dierum.

445 3867 536 3921 54.
573 3866 1106 3936 Cumqueinfirmati
1156 3866 1358 3918 fuerint
1404 3865 1504 3933 ipsi
1543 3863 1949 3933 adjuvabuntur

373 3959 694 4027 adiumento
727 3959 990 4028 parvulo:
1022 3968 1077 4011 et
1126 3957 1544 4027 applicabuntur
1588 3956 1668 4010 eis
1706 3954 1862 4008 multi
1896 3953 1948 4007 in

374 4049 797 4104 lubricitatibus.

447 4141 537 4197 55.
580 4140 643 4195 Et
673 4141 741 4195 dc
796 4139 1221 4210 iutelligentibus
1267 4138 1689 4193 inlirtnabnntur
1721 4138 1786 4193 ad
1817 4154 1950 4192 con—

374 4234 617 4288 ﬂaudum
642 4232 694 4286 in
735 4231 834 4295 eis,
864 4240 917 4285 et
949 4230 1310 4283 dealbandum
1366 4243 1542 4296 usque
1594 4228 1659 4281 ad
1691 4228 1950 4297 temporis

376 4324 690 4389 terminum,
713 4323 837 4393 quia
863 4322 1041 4377 adhuc
1065 4321 1118 4374 in
1154 4328 1385 4390 tempus.

447 4413 538 4468 56.
582 4412 649 4466 Et
682 4413 841 4466 faciet
871 4412 1024 4481 juxta
1056 4411 1389 4465 voluntatem
1423 4425 1577 4463 suam
1604 4423 1720 4469 rex,
1764 4417 1817 4461 et
1845 4406 1951 4460 cle-

377 4506 615 4569 vabitur,
642 4513 697 4559 et
724 4502 1157 4572 tuagnificabitur
1204 4503 1467 4555 adversus
1505 4514 1719 4552 omnem
1765 4499 1949 4564 deum,

376 4609 431 4653 et
458 4598 719 4653 advrrsus
753 4597 923 4651 Deum
955 4596 1207 4657 deorum,
1240 4601 1294 4646 et
1336 4592 1590 4660 loquetur
1623 4592 1876 4660 superba,
1899 4599 1952 4644 et

376 4691 665 4760 dirigetur,
696 4690 871 4745 donec
904 4687 1242 4756 compleatur
1274 4684 1356 4737 ira
1393 4703 1407 4738 :
1434 4685 1486 4736 in
1521 4683 1950 4738 consummatio-

374 4799 498 4838 nem
524 4784 692 4845 enim,
716 4792 771 4837 et
804 4780 1210 4836 festinationem
1254 4776 1333 4830 tlt.

443 4876 533 4931 57.
578 4875 642 4927 Et
672 4866 839 4943 super
873 4885 1065 4927 omnes
1091 4870 1223 4924 deos
1245 4877 1464 4938 patrum
1498 4883 1721 4923 suorum
1749 4869 1950 4922 intelli-

371 4979 480 5038 get,
509 4978 563 5022 et
592 4965 1094 5035 concupiscentiam
1126 4962 1454 5017 feminarum
1486 5003 1500 5026 ,
1549 4971 1604 5014 ct
1636 4977 1798 5029 super
1832 4977 1947 5013 Olll-

376 5078 496 5113 Imm
526 5062 685 5114 deum
722 5074 833 5113 non
886 5057 1148 5126 intelliget
1182 5078 1195 5108 :
1241 5056 1368 5125 quia
1404 5069 1568 5124 super
1619 5070 1811 5109 omnes
1837 5069 1952 5106 ma-

373 5153 737 5222 gniﬁcabitur.

445 5248 535 5302 58.
578 5246 644 5300 Et
674 5248 834 5300 deum
868 5241 1097 5296 Mazoim
1140 5241 1191 5294 in
1223 5240 1340 5293 loco
1379 5256 1478 5294 suo
1526 5239 1867 5306 glorilicabit,
1901 5247 1954 5291 et

374 5344 562 5401 deum.
599 5355 762 5408 quem
815 5338 1203 5407 ignoraverunt
1234 5342 1417 5400 patres
1448 5333 1587 5399 ejus,
1633 5329 1951 5399 glorificabit

376 5435 431 5487 in
456 5439 704 5501 argento,
740 5440 794 5483 et
825 5442 981 5490 auro,
1009 5432 1062 5478 et
1094 5423 1273 5492 lapide
1297 5423 1556 5491 pretioso,
1590 5423 1717 5474 etin
1753 5436 1948 5473 conui-
1990 5434 2004 5447 ‘-

417 5523 682 5579 iscentiis.

419 5543 682 5579 ιεεθηιιιδ.

377 5543 412 5597 Ρ
446 5617 534 5672 59.
574 5615 639 5669 Et
662 5614 823 5669 faciet
868 5612 921 5666 in
966 5608 1361 5665 munitionibus
1416 5605 1793 5676 coufugiorum
1827 5620 1948 5659 cum

2044 3156 2198 3191 σουσι
2230 3137 2322 3191 τὸν
2362 3134 2774 3207 ἐνδελεχισμὸν,
2811 3137 2909 3190 καὶ
2937 3135 3198 3188 δώσουσιν
3223 3136 3303 3197 είς
3347 3134 3408 3186 τὸ
3437 3133 3625 3203 βδέλυ-

2046 3247 2165 3301 γμα
2186 3229 2579 3300 ἠφανισμένον.

2116 3322 2202 3373 52.
2238 3321 2345 3372 Kal
2371 3320 2495 3381 τοὺς
2526 3316 2865 3389 ἁνομοῦντας
2911 3316 3183 3387 διαθήκην
3218 3314 3522 3378 ἀπάξουσιν
3567 3316 3627 3365 ἐν

2045 3407 2373 3477 όλισθήμασι
2396 3424 2410 3436 υ
2443 3408 2536 3459 καὶ
2570 3406 2694 3470 λαὸς
2730 3406 3090 3475 γινώσκοντες
3127 3405 3259 3458 θεὸν
3297 3404 3465 3458 αὐτοῦ
3495 3420 3629 3456 κατ-

2049 3500 2381 3571 ισχύσουσιν,
2407 3501 2502 3552 καὶ
2541 3499 2853 3569 ποιήσουσι.

2119 3590 2209 3643 55.
2233 3591 2345 3642 Kal
2373 3590 2423 3641 οἱ
2446 3589 2658 3641 συνετοὶ
2686 3586 2780 3640 τοῦ
2822 3586 2948 3640 λαοῦ
2977 3586 3300 3657 συνήσουσιν
3328 3586 3408 3649 είς
3431 3583 3628 3647 πολλὰ,

2049 3683 2144 3736 καὶ
2175 3681 2562 3751 ἀσθενήσουσιν
2597 3681 2655 3731 ἐν
2691 3678 2955 3751 ῥομφαίᾳ,
2990 3678 3084 3730 καὶ
3129 3677 3186 3729 ἐν
3220 3676 3399 3744 φλογὶ,
3435 3676 3533 3728 καὶ
3570 3676 3629 3726 ἐν

2050 3772 2417 3843 αἰχμαλωσίᾳ,
2442 3771 2536 3825 καὶ
2557 3774 2616 3825 ἐν
2652 3771 2930 3841 διαρπαγῇ
2961 3768 3203 3840 ἡμερῶν.

2122 3864 2212 3916 54.
2246 3863 2355 3915 Kal
2378 3865 2436 3915 ἐν
2469 3861 2546 3932 τῷ
2594 3862 2893 3931 ἀσθενῆσαι
2942 3860 3140 3922 αὐτοὺς
3197 3857 3632 3928 βοηθηθήσονται

2053 3954 2305 4024 βοήθειαν
2337 3952 2563 4025 μικρὰν,
2606 3952 2702 4005 καὶ
2738 3950 3199 4022 προστεθήσονται
3246 3948 3386 4018 πρὸς
3429 3947 3633 4008 αὐτοὺς

2051 4045 2237 4098 πολλοὶ¹
2259 4046 2316 4097 ἐν
2343 4044 2690 4115 όλισθήμασι.

2122 4135 2212 4190 55.
2237 4136 2348 4188 Kal
2375 4136 2484 4188 ἀπὸ
2514 4135 2623 4187 τῶν
2667 4132 2955 4187 συνιέντων
2982 4132 3362 4204 άσθενήσουσι,
3404 4129 3501 4183 τοῦ
3524 4147 3634 4183 πυ-

2056 4227 2230 4299 ρῶσαι
2256 4229 2312 4281 ἐν
2341 4228 2549 4291 αὐτοῖς,
2581 4225 2788 4279 καὶτοῦ
2817 4225 3141 4279 ἐκλευκάναι
3177 4225 3282 4287 ἓως
3314 4223 3511 4295 καιροῦ
3538 4223 3627 4277 πέ-

1983 4351 2026 4406 D
2060 4338 2177 4392 ρας,
2212 4320 2345 4373 διότι
2376 4319 2457 4372 ἔτι
2482 4321 2563 4382 εὶς
2585 4318 2795 4388 καιρόν.

2126 4411 2213 4466 56.
2244 4412 2354 4464 Kal
2383 4410 2596 4480 ποιήσει
2624 4408 2765 4461 κατὰ
2785 4408 2845 4461 τὸ
2870 4407 3083 4479 θέλημα
3108 4405 3272 4460 αὐτοῦ
3294 4409 3320 4459 ό
3351 4406 3631 4475 βασιλεὺς,

2053 4506 2147 4557 καὶ
2201 4504 2581 4573 ὑψωθήσεται,
2626 4502 2720 4555 καὶ
2774 4500 3238 4571 μεγαλυνθήσεται
3296 4500 3389 4552 ἐπὶ
3451 4500 3636 4552 πάντα

2053 4597 2205 4660 Θεὸν,
2240 4596 2334 4648 καὶ
2365 4597 2453 4648 ἐπὶ
2482 4596 2570 4647 τὸν
2591 4594 2722 4647 Θεὸν
2755 4593 2863 4645 τῶν
2900 4592 3062 4656 θεῶν,
3090 4593 3184 4645 xal.
3216 4592 3437 4662 λαλήσει
3465 4592 3633 4661 ὑπέρ-

2052 4705 2213 4755 ογκα,
2251 4689 2343 4741 καὶ
2381 4686 2699 4739 κατευθυνεῖ
2746 4684 2907 4755 μέχρι
2950 4683 3046 4736 τοῦ
3087 4684 3503 4752 συντελεσθῆναι
3532 4685 3634 4754 τὴν

2052 4780 2244 4852 ὀργὴν,
2272 4782 2348 4842 εἰς
2380 4780 2488 4850 γὰρ
2515 4777 2822 4832 συντέλειαν
2855 4776 2949 4828 καὶ
2980 4775 3214 4845 σπουδὴν
3257 4776 3484 4843 γίνεται.

2125 4874 2214 4925 57.
2246 4875 2351 4925 Καὶ
2382 4873 2474 4925 ἐπὶ
2498 4871 2704 4934 πάντας
2744 4871 2869 4933 τοὺς
2905 4869 3064 4932 θεοὺς
3091 4868 3197 4921 τῶν
3239 4870 3495 4939 πατέρων
3537 4871 3631 4922 afa-

2053 4965 2146 5017 τοῦ
2176 4966 2414 5036 συνήσει,
2440 4964 2534 5017 καὶ
2554 4962 2848 5033 ἐπιθυμίαν
2881 4961 3175 5031 γυναικῶν,
3201 4961 3292 5013 καὶ
3321 4962 3416 5014 ἐπὶ
3452 4963 3631 5017 πάντα

2057 5059 2178 5112 θεὸν
2230 5060 2290 5112 οὐ
2342 5059 2585 5127 συνήσει,
2615 5058 2696 5110 ὅτι
2732 5056 2825 5108 ἐπὶ
2859 5056 3067 5119 πάντας
3099 5054 3594 5125 μεγαλυνθήσεται.

2126 5237 2213 5289 58.
2252 5237 2360 5287 Kal
2405 5236 2523 5288 θεὸν
2577 5236 2837 5306 Μεζωεὶμ
2864 5236 2955 5289 ἐπὶ
2974 5237 3138 5291 τόπου
3188 5233 3356 5289 αὐτοῦ
3393 5232 3609 5296 δοξάσει

2055 5329 2150 5381 καὶ
2180 5328 2299 5379 θεὸν
2319 5370 2331 5389 ,
2367 5326 2425 5379 ὃν
2456 5328 2555 5379 οὐκ
2588 5326 2832 5394 ἔγνωσαν
2850 5329 2899 5379 οἱ
2939 5329 3174 5398 πατέρες
3205 5324 3619 5388 αὐτοῦ,δοξάσ;ι

2056 5419 2113 5468 ἐν
2146 5416 2416 5486 ἀργυρίῳ,
2452 5416 2545 5468 καὶ
2573 5416 2800 5485 χρυσίῳ,
2836 5417 2932 5468 καὶ
2961 5415 3094 5485 λίθῳ
3146 5416 3332 5485 τιμίῳ,
3382 5415 3477 5468 καὶ
3508 5415 3623 5466 ἐπι-

2057 5509 2120 5562 θυ
2130 5511 2199 5579 μή
2211 5526 2396 5578 μασιν.

2127 5603 2209 5657 59.
2244 5602 2350 5655 Kal
2392 5603 2602 5673 ποιήσει
2632 5604 2688 5659 ἐν
2718 5604 2829 5666 τοῖς
2871 5600 3189 5673 ὀχυρώμασι
3232 5599 3338 5654 τῶν
3374 5613 3625 5667 καταφυην
