3848 6218
196 281 340 337 9.893
1637 301 1870 361 CAPUT
1899 306 2016 365 XII.
3324 326 3466 386 9.894

190 406 308 466 τῶν
341 399 479 471 μετὰ
502 399 627 455 θεοῦ
651 401 960 475 ἀλλοτρίου,
984 406 1045 461 ὃν
1070 408 1173 462 οὐκ
1195 409 1485 486 ἐγνώρισε,
1508 417 1603 469 καὶ
1634 419 1770 488 πλη-

1899 424 1981 481 leo
2022 425 2222 493 alieno,
2276 443 2439 499 quem
2472 446 2580 486 non
2632 434 2924 505 cOgnovit,
2968 446 3023 492 et
3083 440 3467 511 multiplicabit

191 491 349 545 θυνεῖ
379 492 559 558 δόξαν,
587 496 682 548 καὶ
718 496 979 564 ὑποτάξει
1012 500 1199 566 αὐτοῖς
1244 504 1496 572 πολλοὺς,
1547 510 1644 562 καὶ
1678 513 1770 582 γῆν

1899 517 2139 586 gloriam,
2169 528 2221 573 et
2250 521 2504 592 subjiciet
2527 523 2662 595 ipsis
2686 527 2911 593 multos,
2940 538 2994 585 et
3024 541 3224 586 terram
3243 491 3467 592 rdividet

189 584 361 638 διελεῖ
388 587 447 638 ἐν
475 585 690 657 δώροις.

263 677 353 733 40.
386 678 495 731 Kal
528 681 585 731 ἐν
623 681 819 752 καιροῦ
844 683 1042 755 πέρατι
1075 686 1351 758 συνθήκας
1387 690 1615 761 θήσεται
1645 698 1786 766 μετὰ

190 768 287 819 τοῦ
320 768 583 837 βασιλέως
613 772 708 825 τοῦ
738 775 918 842 νότου,
957 776 1053 830 καὶ
1073 780 1469 850 συναχθήσεται
1499 785 1590 837 ἐπ’
1621 787 1783 840 αὐτὸν

193 857 448 927 βασιλεὺς
474 861 568 915 τοῦ
600 863 774 936 βορρᾶ
813 868 871 919 ἐν
905 867 1138 939 ἅρμασι,
1172 872 1267 924 καὶ
1300 874 1358 927 ἐν
1401 876 1650 941 ἱππεῦσι,
1684 880 1781 931 καὶ

190 950 252 1000 ἐν
283 952 442 1003 ναυσὶ
488 952 733 1019 πολλαῖς,
768 955 867 1009 xal
897 958 1273 1014 εἰσελεύσεται
1320 966 1400 1026 είς
1444 965 1543 1036 τὴν
1589 967 1694 1037 γῆν
1722 971 1782 1022 ἐν

186 1043 313 1103 ταῖς
354 1044 742 1112 κατακλύσεσι,
775 1048 868 1101 καὶ
903 1052 1209 1122 συντρίψει,
1232 1055 1327 1108 καὶ
1353 1058 1777 1128 παρελεύσεται.

262 1134 351 1187 ﬂ.
388 1136 499 1189 Kal
529 1139 896 1194 εἰσελεύσεται
932 1145 1013 1207 εἰς
1045 1146 1145 1217 τὴν
1171 1149 1275 1216 γῆν
1307 1148 1401 1202 τοῦ
1433 1150 1660 1223 Σαὸεὶμ.
1685 1156 1781 1207 καὶ

189 1227 377 1280 πολλοὶ
407 1230 790 1301 ἁσθενήσουσι,
821 1236 916 1288 καὶ
942 1230 1089 1292 οὗτοι
1118 1240 1551 1313 διασωθήσονται
1582 1249 1646 1299 ὲκ
1668 1266 1782 1317 χει-

189 1318 284 1385 ρὸς
308 1319 495 1385 αὐτοῦ,
544 1323 742 1396 Ἐδὼμ,
780 1328 877 1380 καὶ
912 1328 1102 1396 Μωὰὸ,
1150 1333 1245 1386 καὶ
1277 1335 1420 1407 ἀρχὴ
1452 1336 1585 1389 υἱῶν
1640 1338 1777 1409 Ἀμ-

190 1427 334 1479 μων.

258 1500 350 1590 42.
388 1504 501 1557 Kal
535 1506 747 1560 ἐκτενεῖ
771 1508 869 1579 τὴν
903 1514 1062 1581 χεῖρα
1085 1514 1252 1568 αὐτοῦ
1289 1518 1381 1571 ἐπὶ
1407 1518 1503 1590 τὴν
1533 1519 1658 1590 γῆν,
1680 1520 1778 1573 καὶ

184 1588 219 1657 ἡ
248 1589 323 1659 γῆ
353 1592 632 1661 Αἰγύπτου
661 1597 763 1651 οὐκ
793 1598 945 1654 ἔσται
980 1604 1061 1666 εἰς
1090 1606 1385 1677 σωτηρίαν.

256 1681 349 1736 45.
381 1684 491 1737 Καὶ
537 1686 817 1758 κυριεύσει
858 1692 916 1743 ἐν
942 1695 1058 1757 τοῖς
1110 1697 1455 1767 ἀποκρύφοις
1506 1700 1600 1754 τοῦ
1640 1720 1773 1773 χρυ-

1884 608 1938 661 in
1968 608 2154 666 donis.

1952 699 2042 757 40.
2081 700 2148 757 Ει
2178 703 2232 758 in
2262 708 2521 776 temporis
2568 708 2677 763 ﬁne.
2723 708 2930 766 foedera
2984 712 3146 768 faciet
3184 732 3305 770 eum
3341 734 3467 790 rege

1882 794 2080 859 austri,
2108 804 2165 850 et
2193 800 2614 868 congregabitur
2644 817 2809 871 super
2855 818 2981 859 eum
3041 822 3137 860 rex
3193 810 3465 878 aquilonis

1884 884 1936 936 in
1974 887 2252 955 curribus,
2278 900 2334 944 et
2362 892 2414 944 in
2442 893 2741 961 equilibus,
2776 903 2831 949 et
2879 897 2933 949 in
2970 898 3200 954 navibus
3248 903 3460 969 multis,

1881 984 1937 1030 et
1976 978 2306 1048 ingredietur
2338 983 2391 1037 in
2423 992 2622 1039 terram
2654 986 2708 1041 in
2740 988 3209 1057 inundationibus,
3248 1005 3303 1048 et
3332 1010 3465 1049 con-

1885 1080 2021 1125 teret
2051 1083 2104 1127 et
2144 1077 2513 1142 pertransibit.

1952 1165 2041 1219 Μ.
2087 1166 2152 1220 Ει
2174 1168 2506 1237 ingredietur
2542 1171 2595 1225 in
2628 1181 2829 1227 terram
2863 1173 3074 1242 Sabim,
3108 1186 3161 1232 et
3194 1178 3350 1232 multi
3386 1179 3465 1233 in-

1881 1261 2267 1327 tirmabuntur,
2334 1273 2389 1318 et
2437 1265 2492 1319 lii
2550 1268 2908 1321 salvabuntur
2971 1270 3039 1325 de
3100 1286 3267 1326 manu
3315 1272 3457 1341 ejus,

1879 1349 2075 1416 Edom,
2105 1361 2159 1406 et
2184 1353 2364 1421 Moab,
2396 1366 2449 1411 et
2476 1359 2801 1429 principium
2826 1361 3063 1416 ﬁliorum
3094 1363 3351 1419 Ammon.

1947 1529 2037 1583 42.
2078 1529 2146 1584 Et
2170 1534 2427 1589 extendet
2477 1550 2699 1591 manum
2759 1553 2915 1593 suam
2950 1556 3113 1611 super
3159 1550 3378 1610 terram,
3403 1555 3461 1600 et

1879 1628 2022 1676 terra
2055 1620 2276 1695 Egypti
2307 1641 2416 1681 non
2446 1628 2550 1683 erit
2580 1629 2632 1682 in
2662 1633 2915 1685 salutem.
3466 1625 3482 1641 ’

1946 1713 2038 1768 45.
2080 1714 2146 1769 Et
2172 1717 2545 1773 dominabitur
2575 1722 2629 1775 in
2665 1725 2967 1780 reconditis
2997 1726 3139 1792 auri,
3173 1736 3227 1782 et
3261 1743 3457 1796 argen-

187 1771 328 1836 σίου,
365 1775 456 1826 καὶ
487 1774 583 1827 τοῦ
642 1778 931 1851 ἀργυρίου,
967 1784 1060 1837 καὶ
1097 1788 1156 1839 ἐν
1207 1790 1375 1841 πᾶσιν
1420 1771 1770 1863 ἐπιθυμητοῖς

1905 1802 1941 1866 i,
1972 1812 2026 1859 et
2055 1804 2107 1858 in
2124 1771 3139 1885 omnibus

184 1863 489 1931 Αἰγύπτου,
547 1870 644 1922 καὶ
674 1871 913 1939 Λιϐύων,
974 1877 1073 1930 καὶ
1110 1879 1406 1948 Αἰθίοπων,
1435 1885 1531 1936 καὶ
1568 1886 1625 1938 ἐν
1658 1889 1770 1950 τοῖς

183 1954 538 2026 ὀχυρώμασιν
568 1960 764 2015 αὐτῶν.

253 2048 345 2101 44.
378 2050 489 2102 Kal
531 2052 694 2105 ἀκοαὶ
720 2093 734 2119 ,
787 2054 885 2109 καὶ
913 2058 1143 2113 σπουδαὶ
1172 2062 1503 2133 ταράξουσιν
1522 2065 1683 2119 αὑτὸν
1711 2066 1769 2131 ἐξ

180 2140 458 2195 ἀνατολῶν
501 2145 593 2196 καὶ
624 2144 831 2217 βορῤᾶο
882 2150 977 2202 καὶ
1010 2151 1129 2221 ἥξει
1166 2153 1226 2206 ἐν
1265 2155 1421 2227 θυμῷ
1456 2157 1636 2229 πολλῷ
1672 2159 1767 2212 τοῦ

179 2233 463 2300 ἀφανίσαι,
498 2236 596 2288 καὶ
622 2238 718 2291 τοῦ
758 2239 1159 2312 ἀναθεματίσαι
1190 2246 1441 2311 πολλούς.

251 2325 342 2379 45.
376 2327 487 2381 Kal
536 2330 700 2400 πήξει
740 2332 839 2405 τὴν
887 2336 1091 2408 σκηνὴν
1145 2339 1310 2392 αὐτοῦ
1362 2342 1420 2393 ἐν
1456 2343 1766 2413 ’Δπαδανῷ,

178 2419 457 2489 ἁνάμεσον
489 2421 598 2475 τῶν
629 2422 938 2490 θαλασσῶν,
981 2430 1061 2491 εἰς
1082 2428 1208 2499 ὅρος
1247 2432 1439 2487 Σαὸεὶν
1467 2434 1643 2504 άγιον,
1675 2438 1767 2489 καὶ

178 2510 299 2579 ἥξει
329 2511 432 2575 ἕως
463 2514 663 2586 μέρους
686 2518 873 2585 αὑτοῦ,
907 2520 1002 2574 καὶ
1039 2522 1141 2575 οὐκ
1166 2522 1312 2579 ἐστιν
1330 2525 1357 2577 ὁ
1381 2527 1644 2598 ῥυόμενος
1670 2530 1768 2582 αὐ-

180 2602 295 2656 τόν.

706 2725 1107 2783 ΚΕΦΑΛΑΙΟΝ
1140 2731 1239 2785 IB’.

252 2812 305 2867 1.
341 2816 451 2869 Kal
473 2817 531 2869 ἐν
560 2817 639 2889 τῷ
661 2819 841 2889 καιρῷ
875 2820 1070 2886 ἐκείνῳ
1096 2808 1463 2893 ἀναστήσεται
1495 2827 1718 2898 Μιχαὴλ
1737 2830 1767 2881 0

178 2904 363 2975 ἄρχων
398 2910 425 2960 0
462 2910 661 2978 μέγας,
702 2912 730 2963 ὁ
778 2911 1098 2983 ἐφεστηκὼς
1155 2914 1250 2966 ἐπὶ
1296 2915 1422 2977 τοὺς
1476 2918 1627 2981 υἱοὺς
1671 2919 1764 2972 τοῦ

177 2996 311 3052 λαοῦ
344 3016 438 3052 σου
460 3017 474 3029 ο
509 3003 601 3053 καὶ
635 3001 788 3055 ἔσται
834 3005 1027 3076 καιρὸς
1060 3004 1311 3076 θλίψεως,
1354 3006 1531 3078 θλίψις
1572 3010 1661 3063 οἵα
1701 3011 1761 3063 οὐ

178 3089 404 3157 γέγονεν
427 3092 520 3159 ἀφ’
552 3088 614 3148 οὗ
645 3098 941 3165 γεγένηται
972 3098 1124 3161 ἔθνος
1153 3100 1244 3151 ἐπὶ
1268 3102 1367 3168 τῆς
1396 3100 1521 3168 γῆς,
1542 3104 1637 3155 καὶ
1660 3103 1765 3167 ἕως

178 3182 274 3234 τοῦ
308 3184 503 3256 καιροῦ
534 3187 768 3243 ἐκείνου.
802 3190 915 3243 Καὶ
944 3192 1002 3243 ἐν
1039 3190 1116 3261 τῷ
1150 3191 1326 3262 καιρῷ
1368 3194 1560 3264 ἐκείνῳ
1594 3195 1767 3266 σωθή-

182 3293 341 3331 σεται
368 3281 394 3332 0
426 3280 554 3345 λαός
586 3299 680 3334 σου
707 3284 814 3347 πᾶς
843 3283 872 3334 0
911 3283 1156 3355 εὑρεθεὶς
1185 3285 1571 3356 γεγραμμένος
1619 3289 1676 3341 ἐν
1699 3290 1766 3359 τῇ

184 3367 378 3439 βίὸλῳ.

253 3464 309 3515 2.
341 3463 452 3516 Kal
490 3463 677 3517 πολλοὶ
722 3464 830 3517 τῶν
880 3465 1252 3520 καθευδόντων
1292 3469 1349 3521 ἐν
1396 3469 1501 3539 γῆς
1551 3469 1768 3542 χώματι

183 3552 659 3625 ἐξεγερθήσονται,
700 3549 848 3609 οὗτοι
890 3559 970 3620 εἰς
1002 3556 1147 3628 ζωὴν
1200 3557 1440 3627 αἰώνιον,
1496 3562 1590 3614 καὶ
1620 3554 1769 3615 οὗτοι

183 3648 263 3709 εἰς
285 3646 612 3714 ὀνειδισμὸν,
650 3648 747 3701 καὶ
773 3648 853 3711 εἰς
892 3650 1158 3720 αἰσχύνην
1179 3651 1418 3706 αἰώνιον.

257 3738 311 3791 '5.
342 3739 451 3790 Kal
480 3740 528 3790 οἱ
553 3739 825 3803 συνιέντες
854 3740 1223 3811 ἐκλάμψουσιν
1260 3743 1335 3806 ὡς
1375 3745 1408 3814 ἡ
1448 3744 1770 3816 λαμπρότης

182 3830 277 3885 τοῦ
321 3828 723 3902 στερεώματος,
752 3833 847 3884 καὶ
884 3833 992 3886 ἀπὸ
1036 3834 1144 3886 τῶν
1169 3834 1392 3888 δικαίων
1422 3835 1530 3891 τῶν
1560 3838 1769 3893 πολλῶν

183 3920 259 3984 ὡς
292 3922 342 3973 οἱ
381 3921 609 3992 ἀστέρες
647 3924 726 3985 εἰς
761 3923 886 3986 τοὺς
910 3923 1134 3987 αἰῶνας.

251 4010 303 4063 4.
328 4011 435 4063 Kal
454 4013 540 4074 σὺ,
566 4012 788 4083 Δανιὴλ,
805 4011 1083 4084 ἔμφραξον
1111 4016 1237 4079 τοὺς
1262 4015 1473 4084 λόγους,
1489 4017 1581 4070 καὶ
1600 4017 1771 4090 σφρά-

179 4120 336 4171 γισαι
371 4101 429 4154 τὸ
476 4102 679 4172 βιϐλίον
732 4104 837 4169 ἓως
865 4106 1057 4176 καιροῦ
1100 4107 1430 4176 συντελείας,
1479 4112 1572 4163 καὶ
1616 4110 1766 4164 διδα-

180 4196 357 4266 χθῶσι
390 4196 592 4262 πολλοὶ,
625 4196 719 4250 καὶ
753 4197 1032 4269 πληθυνθῇ
1067 4199 1099 4269 ἡ
1132 4200 1357 4268 γνῶσις.

252 4290 306 4343 5.
333 4290 441 4342 Καὶ
473 4285 611 4343 εἶδον
635 4290 747 4358 ἐγὼ
774 4290 1004 4362 Δανιὴλ,
1037 4292 1132 4344 καὶ
1180 4293 1289 4347 ἰδοὺ
1339 4292 1432 4346 δύο
1473 4293 1649 4365 ἕτεροι
1694 4295 1772 4347 εἰ·

182 4383 501 4453 στήκεισαν,
534 4377 613 4446 εἷς
643 4382 891 4436 ἐντεῦθεν
921 4383 1015 4438 τοῦ
1044 4384 1253 4456 χείλους
1271 4384 1366 4441 τοῦ
1391 4385 1659 4456 ποταμοῦ,
1678 4387 1772 4440 καὶ

180 4467 266 4535 εἷς
291 4472 563 4527 ἐντεῦθεν.

254 4561 308 4615 6.
352 4564 462 4617 Kal
501 4560 653 4618 εἷπον
703 4565 783 4637 τῷ
810 4565 963 4638 ἀνδρὶ
982 4566 1060 4637 τῷ
1090 4567 1427 4639 ἐνδεδυμένῳ
1468 4569 1529 4621 τὸ
1561 4570 1763 4639 βαδδὶν,

180 4657 242 4719 ὃς
266 4654 337 4727 ἦν
384 4658 569 4712 ἐπάνω
605 4659 698 4713 τοῦ
730 4659 919 4723 ὓδατος
951 4661 1042 4715 τοῦ
1066 4662 1308 4731 ποταμοῦ
1330 4677 1343 4691 ⁸
1376 4663 1523 4727 Ἕως
1552 4664 1681 4718 πότε
1708 4666 1770 4718 τὸ

181 4749 364 4818 πέρας
384 4743 459 4803 ὧν
488 4751 717 4822 εἴρηκας
744 4753 855 4808 τῶν
889 4753 1224 4824 θαυμασίων,
1256 4754 1348 4808 καὶ
1374 4756 1403 4807 0
1430 4754 1769 4828 καθαρισμὸς

180 4840 392 4893 τούτων
411 4858 426 4905 ;

261 4931 314 4985 7.
350 4931 459 4985 Kal
517 4934 725 5003 ἥκουσα
776 4933 870 4987 τοῦ
917 4935 1108 5007 ἀνδρὸς
1160 4936 1257 4989 τοῦ
1308 4937 1659 5009 ἐνδεδυμένου
1706 4940 1768 4993 τὸ

188 5021 394 5089 βαδδὶν,
429 5021 484 5083 ὃς
512 5018 578 5093 ἦν
607 5023 793 5077 ἐπάνω
846 5024 942 5078 τοῦ
976 5024 1167 5090 ὕδατος
1217 5024 1309 5078 τοῦ
1355 5028 1626 5098 ποταμοῦ,
1670 5029 1767 5081 καὶ

186 5109 375 5178 ὕψωσε
406 5110 504 5181 τὴν
551 5111 730 5178 δεξιὰν
782 5113 968 5178 αὐτοῦ,
1004 5116 1099 5170 καὶ
1146 5114 1243 5187 τὴν
1280 5117 1574 5188 ἀριστερὰν
1600 5119 1766 5172 αὐτοῦ

184 5200 268 5263 είς
299 5200 391 5253 τὸν
417 5202 666 5271 οὐρανὸν,
704 5205 799 5258 καὶ
828 5204 1008 5275 ὤμοσε
1037 5206 1112 5277 τῷ
1143 5207 1304 5270 ζῶντι
1334 5210 1413 5271 εἰς
1443 5209 1535 5262 τὸν
1571 5208 1764 5272 αἰῶνα,

184 5294 270 5346 ὅτι
299 5294 380 5357 εἰς
412 5294 622 5366 καιρὸν,
646 5297 740 5349 καὶ
761 5298 1131 5367 καιροὺς,.καὶ
1172 5299 1344 5369 ἥμισυ
1380 5300 1570 5372 καιροῦ
1601 5303 1659 5356 ἐν
1687 5299 1765 5372 τῷ

188 5384 611 5455 συντελεσθῆναι
644 5387 1073 5460 διασκορπισμὸν
1113 5392 1295 5462 χειρὸς
1322 5392 1452 5445 λαοῦ
1496 5393 1766 5465 ἡγιασμέ-

188 5492 304 5540 νου,
333 5477 633 5544 γνώσονται
667 5479 842 5548 ἆγιον,
880 5481 975 5535 καὶ
1005 5482 1513 5554 συντελεσθήσονται
1551 5486 1765 5541 ἅπαντα

189 5567 383 5621 ταῦτα.

260 5658 314 5711 8.
348 5658 456 5712 Kal
487 5658 600 5727 ἐγὼ
625 5661 834 5731 ηκουσα
857 5703 874 5728 ,
903 5666 996 5718 καὶ
1025 5668 1267 5739 συνῆκα,
1306 5668 1397 5723 καὶ
1432 5663 1610 5725 εἴποψ
1648 5669 1762 5724 Κύ-

194 5765 299 5821 ριε,
327 5750 380 5806 τί
406 5750 475 5806 τὰ
501 5751 703 5820 ἔσχατα
732 5755 934 5811 τούτων
958 5774 973 5825 ;

1875 1905 1930 1950 et
1965 1896 2308 1992 Etbiopum,
2338 1912 2391 1957 et
2417 1903 2471 1957 in
2496 1905 2898 1961 munitionibus
2921 1923 3135 1963 eorum.

1945 2078 2034 2133 44.
2077 2077 2144 2133 Ει
2169 2095 2443 2147 rumores,
2475 2089 2529 2136 et
2565 2082 2945 2139 festinationes
2998 2085 3300 2140 turbabunt
3330 2102 3457 2142 eum

1875 2169 1943 2223 ab
1972 2172 2205 2235 oriente,
2239 2183 2293 2226 et
2319 2174 2595 2243 aquilone,
2633 2184 2688 2230 ct
2736 2177 2918 2231 veniet
2942 2178 2996 2230 in
3051 2177 3242 2233 furore
3284 2180 3457 2234 multo

1874 2262 1942 2315 ad
1982 2262 2430 2332 disperdendum,
2471 2276 2525 2321 et
2557 2268 3000 2323 interﬁciendum
3030 2272 3254 2325 multos.

1944 2354 2033 2408 45.
2077 2355 2143 2409 Et
2166 2356 2291 2425 liget
2313 2358 2723 2413 tabernaculum
2779 2378 2939 2416 suum
2993 2363 3046 2416 in
3105 2364 3367 2431 Apadano
3400 2363 3454 2417 in

1873 2447 2055 2502 medio
2088 2450 2322 2503 marium
2381 2451 2435 2504 in
2491 2461 2676 2507 monte
2725 2450 2889 2507 Sabin
2943 2464 3156 2519 sancto,
3195 2463 3250 2509 et
3279 2455 3459 2510 veniet

1874 2553 2049 2608 usque
2080 2539 2147 2593 ad
2178 2551 2384 2610 partem
2417 2540 2536 2611 ejus
2564 2558 2576 2593 :
2608 2550 2665 2597 et
2699 2559 2807 2599 non
2831 2552 2934 2610 est,
2965 2546 3057 2614 qui
3090 2555 3246 2600 eruat
3270 2561 3417 2600 eum.

2470 2746 2701 2802 CAPUT
2741 2749 2859 2804 XII.

1944 2837 1995 2891 1.
2040 2836 2106 2891 Ει
2129 2836 2184 2892 in
2208 2845 2454 2909 tempore
2484 2840 2579 2893 illo
2602 2852 2903 2914 consurget
2930 2842 3162 2899 Michael
3205 2844 3456 2914 princeps

1873 2945 2124 3001 magnus,
2152 2932 2244 3000 qui
2275 2940 2384 2986 stat
2415 2948 2513 3002 pro
2542 2934 2670 2988 [iliis
2705 2936 2889 3005 populi
2917 2937 3040 2991 sui:
3080 2947 3134 2990 et
3159 2939 3263 2992 erit
3314 2946 3457 2991 tem-

1871 3036 1974 3088 pus
2011 3022 2403 3089 tribulationis,
2433 3025 2712 3080 tribulatio
2734 3028 2914 3095 qualis
2938 3044 3048 3083 non
3083 3028 3206 3092 fuit,
3245 3044 3455 3099 ex‘qun

1872 3108 2015 3164 facta
2042 3122 2125 3167 est
2154 3129 2287 3182 gens
2317 3115 2371 3169 in
2405 3127 2568 3181 terra,
2610 3127 2665 3171 et
2695 3133 2868 3187 usque
2929 3120 2997 3173 ad
3041 3129 3257 3189 tempus
3297 3121 3452 3175 illud.

1868 3200 1935 3254 Et
1962 3202 2019 3256 in
2050 3210 2294 3272 tempore
2334 3206 2427 3260 illo
2451 3208 2754 3262 salvabitur
2803 3211 3038 3278 p0pulus
3089 3222 3216 3266 tuus
3250 3213 3454 3278 omnis,

1870 3295 1962 3363 qui
1997 3295 2253 3351 inventus
2276 3297 2445 3354 fuerit
2468 3300 2708 3369 scriptus
2739 3301 2793 3355 in
2824 3302 2992 3356 “libro.

1940 3474 1995 3527 2.
2037 3472 2105 3528 Et
2134 3474 2288 3529 multi
2323 3476 2389 3530 de
2419 3475 2527 3540 his,
2560 3477 2653 3547 qui
2701 3478 2982 3532 dormiunt
3031 3479 3083 3532 in
3126 3489 3285 3533 terra;
3331 3479 3455 3549 pul-

1868 3581 2017 3632 vere,
2051 3567 2427 3637 evigilabunt:
2462 3569 2552 3623 alii
2580 3570 2633 3623 in
2667 3569 2834 3624 vitam
2873 3580 3155 3635 aeternam,
3184 3580 3238 3627 et
3264 3573 3357 3627 alii
3395 3572 3452 3627 in

1870 3660 2249 3730 opprobrium,
2280 3672 2335 3715 et
2368 3662 2418 3714 in
2446 3661 2825 3717 confusionem
2850 3672 3133 3716 aeternam.

1941 3752 1995 3806 ’5.
2036 3751 2105 3805 Ει
2133 3751 2496 3823 intelligentes
2526 3752 2810 3825 fulgebunt
2868 3754 3015 3809 sicut
3069 3755 3326 3824 splendor
3354 3755 3452 3811 tir-

1871 3845 2154 3911 mamenti,
2184 3854 2238 3900 et
2268 3846 2523 3916 dejustis
2545 3847 2799 3918 plurimis
2840 3848 2998 3918 quasi
3056 3849 3224 3904 stellae
3247 3848 3303 3902 in
3350 3863 3455 3903 sae-

1871 3936 2014 3991 cula.

1940 4029 1995 4083 4.
2038 4029 2119 4084 Tu
2150 4040 2357 4096 autem,
2389 4029 2602 4096 Daniel,
2649 4033 2843 4087 claude
2873 4048 3174 4098 sermones,
3210 4042 3264 4089 et
3294 4033 3449 4104 signa

1870 4120 2071 4176 librum
2100 4138 2277 4193 usque
2302 4124 2370 4179 ad
2413 4133 2628 4193 tempus
2680 4126 3195 4193 consummationis,
3244 4136 3298 4182 et
3348 4127 3450 4181 do—

1872 4225 2103 4270 ceantur
2132 4215 2310 4280 multi,
2341 4224 2397 4270 et
2426 4215 2821 4285 multiplicetur
2842 4217 3095 4272 scientia.

1945 4306 1998 4360 5.
2039 4307 2105 4360 Et
2129 4308 2236 4362 vidi
2262 4322 2365 4377 ego
2406 4306 2617 4375 Daniel,
2646 4315 2703 4362 et
2754 4324 2883 4364 ecce
2930 4309 3040 4365 duo
3083 4309 3175 4364 alii
3232 4310 3451 4365 stabant

1874 4413 2018 4453 unus
2049 4397 2177 4452 hinc
2203 4412 2369 4467 super
2400 4397 2606 4452 labium
2638 4397 2907 4467 ﬂuminis,
2932 4407 2987 4454 et
3013 4400 3155 4456 alius
3193 4400 3340 4455 inde.

1940 4577 1994 4633 6.
2031 4578 2094 4630 Ει
2125 4576 2238 4631 dixi
2266 4577 2407 4642 viro,
2444 4575 2539 4647 qui
2563 4575 2786 4631 indutus
2816 4583 2935 4630 erat
2962 4575 3184 4642 baddin,
3217 4575 3311 4645 qui
3337 4586 3452 4630 sta-

1869 4669 1962 4725 bat
1994 4684 2157 4739 super
2187 4684 2383 4739 aquam
2414 4668 2656 4723 ﬂuminis
2690 4684 2703 4719 :
2742 4666 3039 4739 Usquequo
3073 4668 3196 4722 linis
3259 4683 3449 4722 eorum

1870 4778 1994 4834 quae
2017 4762 2205 4819 dixisti
2230 4761 2584 4830 mirabilium,
2612 4770 2667 4816 et
2704 4763 2945 4831 expiatio
2975 4761 3253 4817 istorum?

1938 4939 1994 4994 7.
2035 4939 2101 4993 Et
2141 4937 2325 4993 audivi
2357 4937 2577 5005 virum,
2612 4938 2704 5008 qui
2763 4937 2988 4993 indutus
3046 4948 3165 4992 erat
3219 4937 3445 5003 baddin,

1868 5031 1960 5101 qui
2000 5029 2178 5085 stabat
2207 5044 2371 5098 super
2398 5044 2596 5099 aquam
2627 5028 2894 5093 ﬂuminis,
2925 5036 2979 5083 et
3010 5029 3239 5083 elevavit
3263 5030 3449 5083 dexte-

1868 5138 2005 5187 ram,
2032 5134 2086 5177 et
2112 5123 2392 5178 sinistram
2427 5139 2585 5179 suam
2621 5124 2679 5177 in
2711 5126 2936 5191 caelum,
3004 5134 3059 5178 et
3108 5124 3314 5194 juravit
3360 5124 3445 5177 vi-

1867 5218 2012 5268 venti
2041 5215 2095 5268 in
2126 5225 2390 5269 aeternum
2411 5256 2425 5280 ,
2467 5215 2595 5285 quia
2628 5215 2683 5269 in
2720 5224 2955 5283 tempus,
2988 5223 3043 5268 et
3070 5224 3336 5282 tempora,
3391 5222 3445 5268 et

1866 5307 2155 5363 dimidium
2189 5308 2472 5379 temporis,
2504 5323 2629 5361 cum
2668 5316 3051 5362 consummata
3109 5306 3275 5360 fuerit
3325 5305 3439 5360 dis-

1867 5404 2048 5470 persio
2086 5417 2281 5455 manus
2336 5399 2523 5471 populi
2565 5398 2914 5463 sanctiﬁcati,
2954 5408 3287 5469 cognoscent
3315 5414 3443 5453 san-

1867 5504 2039 5557 ctum,
2066 5502 2119 5548 et
2140 5495 2671 5549 consummabuntur
2702 5492 2888 5548 omnia
2922 5492 3059 5549 haec.

1940 5673 1991 5724 8.
2034 5670 2101 5726 Et
2141 5687 2240 5742 ego
2266 5672 2481 5738 audivi,
2508 5682 2560 5727 et
2589 5670 2925 5741 intellexi,et
2960 5674 3072 5730 dixi
3119 5691 3131 5728 :

1868 5764 1997 5835 quid
2036 5764 2329 5820 novissima
2368 5765 2603 5821 horum?

3188 5673 3439 5741 Domine,
