  <div class='ocr_page' id='page_1' title='image "/cluster/home/n/w/nwhite01/storage/ocr_20150623/16 pt.3/nnc1.0046978674/261.png"; bbox 0 0 4390 6222; ppageno 0'>
   <div class='ocr_carea' id='block_1_1' title="bbox 943 295 1091 353">
    <p class='ocr_par' dir='ltr' id='par_1_1' title="bbox 943 295 1091 353">
     <span class='ocr_line' id='line_1_1' title="bbox 943 295 1091 353; baseline 0.02 -3"><span class='ocrx_word' id='word_1_1' title='bbox 943 295 1091 353; x_wconf 76' lang='grc'><strong>2895</strong></span> 
     </span>
    </p>
   </div>
   <div class='ocr_carea' id='block_1_2' title="bbox 2006 293 3141 361">
    <p class='ocr_par' dir='ltr' id='par_1_2' title="bbox 2006 293 3141 361">
     <span class='ocr_line' id='line_1_2' title="bbox 2006 293 3141 361; baseline 0.001 -1"><span class='ocrx_word' id='word_1_2' title='bbox 2006 303 2265 361; x_wconf 83' lang='lat' dir='ltr'><strong>DANIEL</strong></span> <span class='ocrx_word' id='word_1_3' title='bbox 2305 305 2334 358; x_wconf 83' lang='lat' dir='ltr'><strong>J</strong></span> <span class='ocrx_word' id='word_1_4' title='bbox 2344 297 2537 358; x_wconf 74' lang='lat' dir='ltr'><strong>UXTA</strong></span> <span class='ocrx_word' id='word_1_5' title='bbox 2573 293 3141 361; x_wconf 77' lang='lat' dir='ltr'><strong>THEODOTIONEM.</strong></span> 
     </span>
    </p>
   </div>
   <div class='ocr_carea' id='block_1_3' title="bbox 4067 302 4232 357">
    <p class='ocr_par' dir='ltr' id='par_1_3' title="bbox 4067 302 4232 357">
     <span class='ocr_line' id='line_1_3' title="bbox 4067 302 4232 357; baseline -0.018 0"><span class='ocrx_word' id='word_1_6' title='bbox 4067 302 4232 357; x_wconf 49' lang='lat'><strong>‘2836</strong></span> 
     </span>
    </p>
   </div>
   <div class='ocr_carea' id='block_1_4' title="bbox 1014 412 2748 492">
    <p class='ocr_par' dir='ltr' id='par_1_4' title="bbox 1014 412 2744 490">
     <span class='ocr_line' id='line_1_4' title="bbox 1014 412 2744 490; baseline 0.001 -19"><span class='ocrx_word' id='word_1_7' title='bbox 1014 419 1069 471; x_wconf 81' lang='lat'><strong>9.</strong></span> <span class='ocrx_word' id='word_1_8' title='bbox 1113 412 1176 468; x_wconf 89' lang='lat' dir='ltr'><strong>Et</strong></span> <span class='ocrx_word' id='word_1_9' title='bbox 1199 413 1373 470; x_wconf 78' lang='lat' dir='ltr'><strong>dixit:</strong></span> <span class='ocrx_word' id='word_1_10' title='bbox 1406 414 1705 488; x_wconf 83' lang='lat' dir='ltr'><strong>Hucusque</strong></span> <span class='ocrx_word' id='word_1_11' title='bbox 1736 417 1949 482; x_wconf 83' lang='lat' dir='ltr'><strong>Daniel,</strong></span> <span class='ocrx_word' id='word_1_12' title='bbox 1971 420 2102 490; x_wconf 85' lang='lat' dir='ltr'><strong>quia</strong></span> <span class='ocrx_word' id='word_1_13' title='bbox 2123 420 2518 490; x_wconf 86' lang='lat' dir='ltr'><strong>clausi,signa-</strong></span> <span class='ocrx_word' id='word_1_14' title='bbox 2543 413 2596 473; x_wconf 76' lang='grc' dir='ltr'><strong>Α</strong></span> <span class='ocrx_word' id='word_1_15' title='bbox 2688 418 2744 472; x_wconf 87' lang='lat'><strong>9.</strong></span> 
     </span>
    </p>
   </div>
   <div class='ocr_carea' id='block_1_5' title="bbox 2500 412 4234 492">
    <p class='ocr_par' dir='ltr' id='par_1_5' title="bbox 2500 413 4234 492">
     <span class='ocr_line' id='line_1_5' title="bbox 2500 413 4234 492; baseline -0.001 -19"><span class='ocrx_word' id='word_1_16' title='bbox 2500 445 2518 456; x_wconf 89' lang='lat'><strong>-</strong></span> <span class='ocrx_word' id='word_1_17' title='bbox 2543 413 2596 473; x_wconf 76' lang='grc' dir='ltr'><strong>Α</strong></span> <span class='ocrx_word' id='word_1_18' title='bbox 2688 418 2744 472; x_wconf 83' lang='grc'>9.</span> <span class='ocrx_word' id='word_1_19' title='bbox 2775 419 2886 474; x_wconf 91' lang='lat' dir='ltr'><strong>Kal</strong></span> <span class='ocrx_word' id='word_1_20' title='bbox 2913 417 3066 474; x_wconf 77' lang='grc' dir='ltr'>εἶπεν</span> <span class='ocrx_word' id='word_1_21' title='bbox 3087 437 3100 452; x_wconf 76' lang='grc'><em>’</em></span> <span class='ocrx_word' id='word_1_22' title='bbox 3124 418 3295 490; x_wconf 77' lang='grc' dir='ltr'>Δεῦρο</span> <span class='ocrx_word' id='word_1_23' title='bbox 3351 420 3568 492; x_wconf 82' lang='grc' dir='ltr'><strong>Δανιὴλ,</strong></span> <span class='ocrx_word' id='word_1_24' title='bbox 3595 421 3676 475; x_wconf 81' lang='grc' dir='ltr'>ὅτι</span> <span class='ocrx_word' id='word_1_25' title='bbox 3708 419 4182 492; x_wconf 81' lang='grc' dir='ltr'>ἐμπεφραγμένοι</span> <span class='ocrx_word' id='word_1_26' title='bbox 4217 464 4234 472; x_wconf 92' lang='grc'><strong>-</strong></span> 
     </span>
    </p>
   </div>
   <div class='ocr_carea' id='block_1_6' title="bbox 943 507 2380 583">
    <p class='ocr_par' dir='ltr' id='par_1_6' title="bbox 943 507 2380 583">
     <span class='ocr_line' id='line_1_6' title="bbox 943 507 2380 583; baseline 0.003 -21"><span class='ocrx_word' id='word_1_27' title='bbox 943 507 1096 577; x_wconf 76' lang='lat' dir='ltr'><strong>tique</strong></span> <span class='ocrx_word' id='word_1_28' title='bbox 1121 518 1250 562; x_wconf 84' lang='lat' dir='ltr'><strong>sunt</strong></span> <span class='ocrx_word' id='word_1_29' title='bbox 1277 522 1560 565; x_wconf 86' lang='lat' dir='ltr'><strong>sermones</strong></span> <span class='ocrx_word' id='word_1_30' title='bbox 1592 527 1766 581; x_wconf 90' lang='lat' dir='ltr'><strong>usque</strong></span> <span class='ocrx_word' id='word_1_31' title='bbox 1805 513 1871 566; x_wconf 93' lang='lat' dir='ltr'><strong>ad</strong></span> <span class='ocrx_word' id='word_1_32' title='bbox 1904 514 2165 583; x_wconf 89' lang='lat' dir='ltr'><strong>temporis</strong></span> <span class='ocrx_word' id='word_1_33' title='bbox 2195 513 2380 568; x_wconf 90' lang='lat' dir='ltr'><strong>ﬁnem.</strong></span> 
     </span>
    </p>
   </div>
   <div class='ocr_carea' id='block_1_7' title="bbox 1018 597 2522 677">
    <p class='ocr_par' dir='ltr' id='par_1_7' title="bbox 1018 597 2522 677">
     <span class='ocr_line' id='line_1_7' title="bbox 1018 597 2522 677; baseline 0.005 -24"><span class='ocrx_word' id='word_1_34' title='bbox 1018 599 1104 653; x_wconf 90' lang='lat'><strong>10.</strong></span> <span class='ocrx_word' id='word_1_35' title='bbox 1136 597 1318 656; x_wconf 89' lang='lat' dir='ltr'><strong>Donec</strong></span> <span class='ocrx_word' id='word_1_36' title='bbox 1347 601 1642 671; x_wconf 81' lang='lat' dir='ltr'><strong>eligantur,</strong></span> <span class='ocrx_word' id='word_1_37' title='bbox 1674 613 1727 657; x_wconf 89' lang='lat' dir='ltr'><strong>et</strong></span> <span class='ocrx_word' id='word_1_38' title='bbox 1755 604 2098 672; x_wconf 82' lang='lat' dir='ltr'><strong>dealbentur,</strong></span> <span class='ocrx_word' id='word_1_39' title='bbox 2133 616 2186 660; x_wconf 90' lang='lat' dir='ltr'><strong>et</strong></span> <span class='ocrx_word' id='word_1_40' title='bbox 2215 621 2309 674; x_wconf 89' lang='lat' dir='ltr'><strong>per</strong></span> <span class='ocrx_word' id='word_1_41' title='bbox 2343 607 2522 677; x_wconf 82' lang='lat' dir='ltr'><strong>ignem</strong></span> 
     </span>
    </p>
   </div>
   <div class='ocr_carea' id='block_1_8' title="bbox 946 692 2526 768">
    <p class='ocr_par' dir='ltr' id='par_1_8' title="bbox 946 692 2526 768">
     <span class='ocr_line' id='line_1_8' title="bbox 946 692 2526 768; baseline 0.005 -24"><span class='ocrx_word' id='word_1_42' title='bbox 946 692 1247 763; x_wconf 86' lang='lat' dir='ltr'><strong>probentur</strong></span> <span class='ocrx_word' id='word_1_43' title='bbox 1276 693 1452 754; x_wconf 85' lang='lat' dir='ltr'><strong>multi,</strong></span> <span class='ocrx_word' id='word_1_44' title='bbox 1493 702 1546 748; x_wconf 89' lang='lat' dir='ltr'><strong>et</strong></span> <span class='ocrx_word' id='word_1_45' title='bbox 1585 694 1749 763; x_wconf 86' lang='lat' dir='ltr'><strong>impie</strong></span> <span class='ocrx_word' id='word_1_46' title='bbox 1779 706 1941 765; x_wconf 88' lang='lat' dir='ltr'><strong>agent</strong></span> <span class='ocrx_word' id='word_1_47' title='bbox 1994 697 2143 764; x_wconf 89' lang='lat' dir='ltr'><strong>impii</strong></span> <span class='ocrx_word' id='word_1_48' title='bbox 2173 739 2188 762; x_wconf 88' lang='lat'><strong>,</strong></span> <span class='ocrx_word' id='word_1_49' title='bbox 2236 713 2413 768; x_wconf 90' lang='lat' dir='ltr'><strong>neque</strong></span> <span class='ocrx_word' id='word_1_50' title='bbox 2443 699 2526 752; x_wconf 84' lang='lat' dir='ltr'><strong>in-</strong></span> 
     </span>
    </p>
   </div>
   <div class='ocr_carea' id='block_1_9' title="bbox 947 785 2240 860">
    <p class='ocr_par' dir='ltr' id='par_1_9' title="bbox 947 785 2240 860">
     <span class='ocr_line' id='line_1_9' title="bbox 947 785 2240 860; baseline 0.005 -22"><span class='ocrx_word' id='word_1_51' title='bbox 947 785 1190 855; x_wconf 85' lang='lat' dir='ltr'><strong>telligent</strong></span> <span class='ocrx_word' id='word_1_52' title='bbox 1218 799 1411 840; x_wconf 90' lang='lat' dir='ltr'><strong>omnes</strong></span> <span class='ocrx_word' id='word_1_53' title='bbox 1446 785 1622 855; x_wconf 87' lang='lat' dir='ltr'><strong>impii,</strong></span> <span class='ocrx_word' id='word_1_54' title='bbox 1663 796 1717 840; x_wconf 92' lang='lat' dir='ltr'><strong>et</strong></span> <span class='ocrx_word' id='word_1_55' title='bbox 1741 786 1888 842; x_wconf 89' lang='lat' dir='ltr'><strong>docti</strong></span> <span class='ocrx_word' id='word_1_56' title='bbox 1915 789 2240 860; x_wconf 83' lang='lat' dir='ltr'><strong>intelligent.</strong></span> 
     </span>
    </p>
   </div>
   <div class='ocr_carea' id='block_1_10' title="bbox 1019 969 2526 1043">
    <p class='ocr_par' dir='ltr' id='par_1_10' title="bbox 1019 969 2526 1043">
     <span class='ocr_line' id='line_1_10' title="bbox 1019 969 2526 1043; baseline 0.007 -21"><span class='ocrx_word' id='word_1_57' title='bbox 1019 969 1106 1024; x_wconf 88' lang='lat'><strong>11.</strong></span> <span class='ocrx_word' id='word_1_58' title='bbox 1144 969 1209 1024; x_wconf 89' lang='lat' dir='ltr'><strong>Et</strong></span> <span class='ocrx_word' id='word_1_59' title='bbox 1238 987 1268 1025; x_wconf 90' lang='lat' dir='ltr'><strong>a</strong></span> <span class='ocrx_word' id='word_1_60' title='bbox 1317 979 1560 1040; x_wconf 88' lang='lat' dir='ltr'><strong>tempore</strong></span> <span class='ocrx_word' id='word_1_61' title='bbox 1608 972 1928 1027; x_wconf 82' lang='lat' dir='ltr'><strong>mutationis</strong></span> <span class='ocrx_word' id='word_1_62' title='bbox 1965 971 2117 1043; x_wconf 18' lang='lat' dir='ltr'><strong>jugis,</strong></span> <span class='ocrx_word' id='word_1_63' title='bbox 2164 976 2439 1038; x_wconf 90' lang='lat' dir='ltr'><strong>sacriﬁcii,</strong></span> <span class='ocrx_word' id='word_1_64' title='bbox 2470 987 2526 1034; x_wconf 90' lang='lat' dir='ltr'><strong>et</strong></span> 
     </span>
    </p>
   </div>
   <div class='ocr_carea' id='block_1_11' title="bbox 948 1061 2526 1133">
    <p class='ocr_par' dir='ltr' id='par_1_11' title="bbox 948 1061 2526 1133">
     <span class='ocr_line' id='line_1_11' title="bbox 948 1061 2526 1133; baseline 0.006 -17"><span class='ocrx_word' id='word_1_65' title='bbox 948 1077 1072 1116; x_wconf 92' lang='lat' dir='ltr'><strong>cum</strong></span> <span class='ocrx_word' id='word_1_66' title='bbox 1103 1062 1227 1116; x_wconf 91' lang='lat' dir='ltr'><strong>data</strong></span> <span class='ocrx_word' id='word_1_67' title='bbox 1263 1061 1428 1116; x_wconf 80' lang='lat' dir='ltr'><strong>fuerit</strong></span> <span class='ocrx_word' id='word_1_68' title='bbox 1456 1062 1794 1118; x_wconf 91' lang='lat' dir='ltr'><strong>abominatio</strong></span> <span class='ocrx_word' id='word_1_69' title='bbox 1823 1064 2210 1133; x_wconf 90' lang='lat' dir='ltr'><strong>desolationis,</strong></span> <span class='ocrx_word' id='word_1_70' title='bbox 2240 1069 2356 1124; x_wconf 89' lang='lat' dir='ltr'><strong>dies</strong></span> <span class='ocrx_word' id='word_1_71' title='bbox 2376 1069 2526 1127; x_wconf 90' lang='lat' dir='ltr'><strong>mille</strong></span> 
     </span>
    </p>
   </div>
   <div class='ocr_carea' id='block_1_12' title="bbox 948 1154 1513 1225">
    <p class='ocr_par' dir='ltr' id='par_1_12' title="bbox 948 1154 1513 1225">
     <span class='ocr_line' id='line_1_12' title="bbox 948 1154 1513 1225; baseline 0.004 -17"><span class='ocrx_word' id='word_1_72' title='bbox 948 1154 1167 1209; x_wconf 88' lang='lat' dir='ltr'><strong>ducenti</strong></span> <span class='ocrx_word' id='word_1_73' title='bbox 1195 1155 1513 1225; x_wconf 77' lang='lat' dir='ltr'><strong>nonaginta.</strong></span> 
     </span>
    </p>
   </div>
   <div class='ocr_carea' id='block_1_13' title="bbox 1020 1245 2526 1322">
    <p class='ocr_par' dir='ltr' id='par_1_13' title="bbox 1020 1245 2526 1322">
     <span class='ocr_line' id='line_1_13' title="bbox 1020 1245 2526 1322; baseline 0.007 -22"><span class='ocrx_word' id='word_1_74' title='bbox 1020 1245 1109 1300; x_wconf 77' lang='grc'><strong>12.</strong></span> <span class='ocrx_word' id='word_1_75' title='bbox 1149 1245 1349 1302; x_wconf 90' lang='lat' dir='ltr'><strong>Beatus</strong></span> <span class='ocrx_word' id='word_1_76' title='bbox 1383 1250 1478 1317; x_wconf 88' lang='lat' dir='ltr'><strong>qui</strong></span> <span class='ocrx_word' id='word_1_77' title='bbox 1529 1257 1830 1318; x_wconf 74' lang='lat' dir='ltr'><strong>exspectat,</strong></span> <span class='ocrx_word' id='word_1_78' title='bbox 1893 1259 1949 1305; x_wconf 90' lang='lat' dir='ltr'><strong>et</strong></span> <span class='ocrx_word' id='word_1_79' title='bbox 2002 1252 2250 1322; x_wconf 81' lang='lat' dir='ltr'><strong>pervenit</strong></span> <span class='ocrx_word' id='word_1_80' title='bbox 2317 1253 2384 1308; x_wconf 89' lang='lat' dir='ltr'><strong>ad</strong></span> <span class='ocrx_word' id='word_1_81' title='bbox 2408 1253 2526 1311; x_wconf 87' lang='lat' dir='ltr'><strong>dies</strong></span> 
     </span>
    </p>
   </div>
   <div class='ocr_carea' id='block_1_14' title="bbox 950 1336 1941 1411">
    <p class='ocr_par' dir='ltr' id='par_1_14' title="bbox 950 1336 1941 1411">
     <span class='ocr_line' id='line_1_14' title="bbox 950 1336 1941 1411; baseline 0.006 -20"><span class='ocrx_word' id='word_1_82' title='bbox 950 1336 1099 1391; x_wconf 90' lang='lat' dir='ltr'><strong>mille</strong></span> <span class='ocrx_word' id='word_1_83' title='bbox 1130 1347 1402 1394; x_wconf 90' lang='lat' dir='ltr'><strong>trecentos</strong></span> <span class='ocrx_word' id='word_1_84' title='bbox 1433 1339 1649 1408; x_wconf 82' lang='lat' dir='ltr'><strong>triginta</strong></span> <span class='ocrx_word' id='word_1_85' title='bbox 1679 1343 1941 1411; x_wconf 90' lang='lat' dir='ltr'><strong>quinque.</strong></span> 
     </span>
    </p>
   </div>
   <div class='ocr_carea' id='block_1_15' title="bbox 1020 1427 2525 1502">
    <p class='ocr_par' dir='ltr' id='par_1_15' title="bbox 1020 1427 2525 1502">
     <span class='ocr_line' id='line_1_15' title="bbox 1020 1427 2525 1502; baseline 0.006 -20"><span class='ocrx_word' id='word_1_86' title='bbox 1020 1429 1111 1483; x_wconf 80' lang='lat'><strong>13.</strong></span> <span class='ocrx_word' id='word_1_87' title='bbox 1151 1427 1233 1482; x_wconf 90' lang='lat' dir='ltr'><strong>Tu</strong></span> <span class='ocrx_word' id='word_1_88' title='bbox 1275 1438 1479 1493; x_wconf 87' lang='lat' dir='ltr'><strong>autem,</strong></span> <span class='ocrx_word' id='word_1_89' title='bbox 1511 1431 1670 1497; x_wconf 88' lang='lat' dir='ltr'><strong>vade,</strong></span> <span class='ocrx_word' id='word_1_90' title='bbox 1707 1441 1762 1486; x_wconf 91' lang='lat' dir='ltr'><strong>et</strong></span> <span class='ocrx_word' id='word_1_91' title='bbox 1815 1432 2038 1502; x_wconf 90' lang='lat' dir='ltr'><strong>quiesce</strong></span> <span class='ocrx_word' id='word_1_92' title='bbox 2074 1452 2089 1488; x_wconf 89' lang='lat'><strong>:</strong></span> <span class='ocrx_word' id='word_1_93' title='bbox 2142 1434 2322 1490; x_wconf 89' lang='lat' dir='ltr'><strong>adhuc</strong></span> <span class='ocrx_word' id='word_1_94' title='bbox 2379 1435 2525 1491; x_wconf 91' lang='lat' dir='ltr'><strong>enim</strong></span> 
     </span>
    </p>
   </div>
   <div class='ocr_carea' id='block_1_16' title="bbox 947 1521 2528 1598">
    <p class='ocr_par' dir='ltr' id='par_1_16' title="bbox 947 1521 2528 1598">
     <span class='ocr_line' id='line_1_16' title="bbox 947 1521 2528 1598; baseline 0.004 -21"><span class='ocrx_word' id='word_1_95' title='bbox 947 1521 1064 1577; x_wconf 89' lang='lat' dir='ltr'><strong>dies</strong></span> <span class='ocrx_word' id='word_1_96' title='bbox 1092 1521 1147 1575; x_wconf 91' lang='lat' dir='ltr'><strong>in</strong></span> <span class='ocrx_word' id='word_1_97' title='bbox 1191 1522 1614 1591; x_wconf 90' lang='lat' dir='ltr'><strong>completionem</strong></span> <span class='ocrx_word' id='word_1_98' title='bbox 1657 1526 2172 1591; x_wconf 89' lang='lat' dir='ltr'><strong>consummationis,</strong></span> <span class='ocrx_word' id='word_1_99' title='bbox 2234 1538 2287 1581; x_wconf 89' lang='lat' dir='ltr'><strong>et</strong></span> <span class='ocrx_word' id='word_1_100' title='bbox 2340 1531 2528 1598; x_wconf 85' lang='lat' dir='ltr'><strong>requi-</strong></span> 
     </span>
    </p>
   </div>
   <div class='ocr_carea' id='block_1_17' title="bbox 945 1616 2529 1685">
    <p class='ocr_par' dir='ltr' id='par_1_17' title="bbox 945 1616 2529 1685">
     <span class='ocr_line' id='line_1_17' title="bbox 945 1616 2529 1685; baseline 0.004 -15"><span class='ocrx_word' id='word_1_101' title='bbox 945 1630 1124 1679; x_wconf 87' lang='lat' dir='ltr'><strong>esces,</strong></span> <span class='ocrx_word' id='word_1_102' title='bbox 1154 1623 1207 1669; x_wconf 91' lang='lat' dir='ltr'><strong>et</strong></span> <span class='ocrx_word' id='word_1_103' title='bbox 1236 1629 1489 1685; x_wconf 84' lang='lat' dir='ltr'><strong>resurges</strong></span> <span class='ocrx_word' id='word_1_104' title='bbox 1522 1616 1577 1669; x_wconf 91' lang='lat' dir='ltr'><strong>in</strong></span> <span class='ocrx_word' id='word_1_105' title='bbox 1617 1625 1763 1672; x_wconf 90' lang='lat' dir='ltr'><strong>sorte</strong></span> <span class='ocrx_word' id='word_1_106' title='bbox 1813 1626 1905 1672; x_wconf 88' lang='lat' dir='ltr'><strong>tua</strong></span> <span class='ocrx_word' id='word_1_107' title='bbox 1956 1619 2010 1672; x_wconf 92' lang='lat' dir='ltr'><strong>in</strong></span> <span class='ocrx_word' id='word_1_108' title='bbox 2058 1622 2529 1676; x_wconf 89' lang='lat' dir='ltr'><strong>consummatione</strong></span> 
     </span>
    </p>
   </div>
   <div class='ocr_carea' id='block_1_18' title="bbox 2629 512 4074 584">
    <p class='ocr_par' dir='ltr' id='par_1_18' title="bbox 2629 512 4074 584">
     <span class='ocr_line' id='line_1_18' title="bbox 2629 512 4074 584; baseline 0 -16"><span class='ocrx_word' id='word_1_109' title='bbox 2629 513 2725 568; x_wconf 71' lang='grc' dir='ltr'>καὶ</span> <span class='ocrx_word' id='word_1_110' title='bbox 2746 514 3175 584; x_wconf 80' lang='grc' dir='ltr'><strong>ἐσφραγισμένοι</strong></span> <span class='ocrx_word' id='word_1_111' title='bbox 3203 515 3251 566; x_wconf 79' lang='grc' dir='ltr'>οἱ</span> <span class='ocrx_word' id='word_1_112' title='bbox 3281 512 3428 580; x_wconf 86' lang='grc' dir='ltr'>λόγοι</span> <span class='ocrx_word' id='word_1_113' title='bbox 3455 513 3561 576; x_wconf 72' lang='grc' dir='ltr'>ἕως</span> <span class='ocrx_word' id='word_1_114' title='bbox 3593 512 3788 584; x_wconf 80' lang='grc' dir='ltr'><strong>καιροῦ</strong></span> <span class='ocrx_word' id='word_1_115' title='bbox 3814 514 4074 584; x_wconf 87' lang='grc' dir='ltr'>πέρατος.</span> 
     </span>
    </p>
   </div>
   <div class='ocr_carea' id='block_1_19' title="bbox 2703 605 4235 674">
    <p class='ocr_par' dir='ltr' id='par_1_19' title="bbox 2703 605 4235 674">
     <span class='ocr_line' id='line_1_19' title="bbox 2703 605 4235 674; baseline -0.002 -13"><span class='ocrx_word' id='word_1_116' title='bbox 2703 608 2791 662; x_wconf 89' lang='grc'><strong>10.</strong></span> <span class='ocrx_word' id='word_1_117' title='bbox 2824 607 2971 671; x_wconf 85' lang='grc' dir='ltr'><strong>Ἕως</strong></span> <span class='ocrx_word' id='word_1_118' title='bbox 3004 605 3291 674; x_wconf 88' lang='grc' dir='ltr'>ἐκλεγῶσι,</span> <span class='ocrx_word' id='word_1_119' title='bbox 3327 605 3423 658; x_wconf 73' lang='grc' dir='ltr'>καὶ</span> <span class='ocrx_word' id='word_1_120' title='bbox 3444 605 3868 668; x_wconf 85' lang='grc' dir='ltr'>ἐκλευκανθῶσι,</span> <span class='ocrx_word' id='word_1_121' title='bbox 3893 606 3987 659; x_wconf 62' lang='grc' dir='ltr'><strong>καὶ⁷</strong></span> <span class='ocrx_word' id='word_1_122' title='bbox 4039 608 4235 658; x_wconf 83' lang='grc' dir='ltr'>ἐκπυ-</span> 
     </span>
    </p>
   </div>
   <div class='ocr_carea' id='block_1_20' title="bbox 2632 696 4230 771">
    <p class='ocr_par' dir='ltr' id='par_1_20' title="bbox 2632 696 4230 771">
     <span class='ocr_line' id='line_1_20' title="bbox 2632 696 4230 771; baseline -0.003 -18"><span class='ocrx_word' id='word_1_123' title='bbox 2632 698 2850 771; x_wconf 81' lang='grc' dir='ltr'>ρωθῶσι</span> <span class='ocrx_word' id='word_1_124' title='bbox 2905 697 3122 751; x_wconf 71' lang='grc' dir='ltr'>πολλοίο</span> <span class='ocrx_word' id='word_1_125' title='bbox 3162 697 3258 751; x_wconf 70' lang='grc' dir='ltr'>καὶ</span> <span class='ocrx_word' id='word_1_126' title='bbox 3311 698 3678 769; x_wconf 86' lang='grc' dir='ltr'>άνομήσουσιν</span> <span class='ocrx_word' id='word_1_127' title='bbox 3732 697 3942 767; x_wconf 77' lang='grc' dir='ltr'>ἄνομοι,</span> <span class='ocrx_word' id='word_1_128' title='bbox 4000 697 4098 750; x_wconf 69' lang='grc' dir='ltr'>καὶ</span> <span class='ocrx_word' id='word_1_129' title='bbox 4158 696 4230 748; x_wconf 80' lang='grc' dir='ltr'><strong>ού</strong></span> 
     </span>
    </p>
   </div>
   <div class='ocr_carea' id='block_1_21' title="bbox 2632 787 4234 862">
    <p class='ocr_par' dir='ltr' id='par_1_21' title="bbox 2632 787 4234 862">
     <span class='ocr_line' id='line_1_21' title="bbox 2632 787 4234 862; baseline -0.003 -19"><span class='ocrx_word' id='word_1_130' title='bbox 2632 791 2924 862; x_wconf 83' lang='grc' dir='ltr'><strong>συνήσουσι</strong></span> <span class='ocrx_word' id='word_1_131' title='bbox 2974 790 3177 853; x_wconf 86' lang='grc' dir='ltr'>πάντες</span> <span class='ocrx_word' id='word_1_132' title='bbox 3233 787 3452 852; x_wconf 82' lang='grc' dir='ltr'>ἀσεϐεῖς</span> <span class='ocrx_word' id='word_1_133' title='bbox 3478 827 3494 853; x_wconf 92' lang='grc'><strong>,</strong></span> <span class='ocrx_word' id='word_1_134' title='bbox 3553 788 3650 843; x_wconf 72' lang='grc' dir='ltr'>καὶ</span> <span class='ocrx_word' id='word_1_135' title='bbox 3687 790 3738 843; x_wconf 91' lang='grc' dir='ltr'>οἱ</span> <span class='ocrx_word' id='word_1_136' title='bbox 3781 790 4046 860; x_wconf 82' lang='grc' dir='ltr'><strong>νοήμονες</strong></span> <span class='ocrx_word' id='word_1_137' title='bbox 4088 806 4234 842; x_wconf 80' lang='grc' dir='ltr'>συν-</span> 
     </span>
    </p>
   </div>
   <div class='ocr_carea' id='block_1_22' title="bbox 2629 879 2843 950">
    <p class='ocr_par' dir='ltr' id='par_1_22' title="bbox 2629 879 2843 950">
     <span class='ocr_line' id='line_1_22' title="bbox 2629 879 2843 950; baseline 0 -18"><span class='ocrx_word' id='word_1_138' title='bbox 2629 879 2843 950; x_wconf 90' lang='grc' dir='ltr'>ήσουσι.</span> 
     </span>
    </p>
   </div>
   <div class='ocr_carea' id='block_1_23' title="bbox 2703 968 4231 1042">
    <p class='ocr_par' dir='ltr' id='par_1_23' title="bbox 2703 968 4231 1042">
     <span class='ocr_line' id='line_1_23' title="bbox 2703 968 4231 1042; baseline -0.005 -14"><span class='ocrx_word' id='word_1_139' title='bbox 2703 974 2789 1028; x_wconf 87' lang='grc'><strong>11.</strong></span> <span class='ocrx_word' id='word_1_140' title='bbox 2809 973 2918 1028; x_wconf 97' lang='lat' dir='ltr'><strong>Kal</strong></span> <span class='ocrx_word' id='word_1_141' title='bbox 2945 972 3054 1026; x_wconf 81' lang='grc' dir='ltr'><strong>ἀπὸ</strong></span> <span class='ocrx_word' id='word_1_142' title='bbox 3075 971 3268 1042; x_wconf 82' lang='grc' dir='ltr'>καιροῦ</span> <span class='ocrx_word' id='word_1_143' title='bbox 3287 968 3672 1042; x_wconf 81' lang='grc' dir='ltr'>παραλλάξεως</span> <span class='ocrx_word' id='word_1_144' title='bbox 3687 969 3780 1025; x_wconf 81' lang='grc' dir='ltr'><strong>τοῦ</strong></span> <span class='ocrx_word' id='word_1_145' title='bbox 3805 969 4231 1041; x_wconf 52' lang='grc' dir='ltr'>ἐνδελεχισμοζμ</span> 
     </span>
    </p>
   </div>
   <div class='ocr_carea' id='block_1_24' title="bbox 2631 1061 4233 1134">
    <p class='ocr_par' dir='ltr' id='par_1_24' title="bbox 2631 1061 4233 1134">
     <span class='ocr_line' id='line_1_24' title="bbox 2631 1061 4233 1134; baseline -0.003 -17"><span class='ocrx_word' id='word_1_146' title='bbox 2631 1064 2728 1118; x_wconf 78' lang='grc' dir='ltr'>καὶ</span> <span class='ocrx_word' id='word_1_147' title='bbox 2753 1063 2848 1117; x_wconf 80' lang='grc' dir='ltr'>τοῦ</span> <span class='ocrx_word' id='word_1_148' title='bbox 2876 1063 3093 1133; x_wconf 80' lang='grc' dir='ltr'>δοθῆναι</span> <span class='ocrx_word' id='word_1_149' title='bbox 3115 1062 3393 1133; x_wconf 80' lang='grc' dir='ltr'><strong>βδέλυγμα</strong></span> <span class='ocrx_word' id='word_1_150' title='bbox 3418 1061 3770 1134; x_wconf 85' lang='grc' dir='ltr'>ἐρημώσεως,</span> <span class='ocrx_word' id='word_1_151' title='bbox 3800 1061 4009 1134; x_wconf 73' lang='grc' dir='ltr'>ἡμέραι</span> <span class='ocrx_word' id='word_1_152' title='bbox 4043 1061 4233 1131; x_wconf 80' lang='grc' dir='ltr'>χίλιαι</span> 
     </span>
    </p>
   </div>
   <div class='ocr_carea' id='block_1_25' title="bbox 2630 1155 3281 1224">
    <p class='ocr_par' dir='ltr' id='par_1_25' title="bbox 2630 1155 3281 1224">
     <span class='ocr_line' id='line_1_25' title="bbox 2630 1155 3281 1224; baseline -0.002 -15"><span class='ocrx_word' id='word_1_153' title='bbox 2630 1155 2901 1210; x_wconf 86' lang='grc' dir='ltr'>διακόσιαι</span> <span class='ocrx_word' id='word_1_154' title='bbox 2933 1155 3281 1224; x_wconf 85' lang='grc' dir='ltr'>ἐνενήκοντα.</span> 
     </span>
    </p>
   </div>
   <div class='ocr_carea' id='block_1_26' title="bbox 2703 1244 4234 1318">
    <p class='ocr_par' dir='ltr' id='par_1_26' title="bbox 2703 1244 4234 1318">
     <span class='ocr_line' id='line_1_26' title="bbox 2703 1244 4234 1318; baseline -0.004 -16"><span class='ocrx_word' id='word_1_155' title='bbox 2703 1249 2792 1303; x_wconf 95' lang='grc'><strong>12.</strong></span> <span class='ocrx_word' id='word_1_156' title='bbox 2822 1248 3107 1318; x_wconf 81' lang='grc' dir='ltr'>Μακάριος</span> <span class='ocrx_word' id='word_1_157' title='bbox 3132 1247 3162 1300; x_wconf 98' lang='lat'><strong>6</strong></span> <span class='ocrx_word' id='word_1_158' title='bbox 3190 1247 3496 1318; x_wconf 80' lang='grc' dir='ltr'><strong>ὑπομένων,</strong></span> <span class='ocrx_word' id='word_1_159' title='bbox 3530 1245 3625 1299; x_wconf 72' lang='grc' dir='ltr'><strong>καὶ</strong></span> <span class='ocrx_word' id='word_1_160' title='bbox 3648 1244 3858 1315; x_wconf 80' lang='grc' dir='ltr'>φθάσας</span> <span class='ocrx_word' id='word_1_161' title='bbox 3883 1245 3963 1309; x_wconf 87' lang='grc' dir='ltr'><strong>είς</strong></span> <span class='ocrx_word' id='word_1_162' title='bbox 3993 1244 4105 1316; x_wconf 85' lang='grc' dir='ltr'><strong>ήμέ</strong></span> <span class='ocrx_word' id='word_1_163' title='bbox 4117 1262 4234 1315; x_wconf 80' lang='grc' dir='ltr'><strong>ρας</strong></span> 
     </span>
    </p>
   </div>
   <div class='ocr_carea' id='block_1_27' title="bbox 2633 1338 3674 1411">
    <p class='ocr_par' dir='ltr' id='par_1_27' title="bbox 2633 1338 3674 1411">
     <span class='ocr_line' id='line_1_27' title="bbox 2633 1338 3674 1411; baseline 0 -19"><span class='ocrx_word' id='word_1_164' title='bbox 2633 1339 2812 1410; x_wconf 88' lang='grc' dir='ltr'>χιλίας</span> <span class='ocrx_word' id='word_1_165' title='bbox 2835 1339 3156 1411; x_wconf 78' lang='grc' dir='ltr'>τριακοσίας</span> <span class='ocrx_word' id='word_1_166' title='bbox 3187 1338 3674 1409; x_wconf 83' lang='grc' dir='ltr'>τριακονταπέντε.</span> 
     </span>
    </p>
   </div>
   <div class='ocr_carea' id='block_1_28' title="bbox 2705 1430 4232 1504">
    <p class='ocr_par' dir='ltr' id='par_1_28' title="bbox 2705 1430 4232 1504">
     <span class='ocr_line' id='line_1_28' title="bbox 2705 1430 4232 1504; baseline -0.003 -18"><span class='ocrx_word' id='word_1_167' title='bbox 2705 1433 2793 1486; x_wconf 81' lang='grc'><strong>15.</strong></span> <span class='ocrx_word' id='word_1_168' title='bbox 2828 1432 2938 1486; x_wconf 89' lang='lat' dir='ltr'><strong>Kal</strong></span> <span class='ocrx_word' id='word_1_169' title='bbox 2969 1433 3033 1486; x_wconf 82' lang='grc' dir='ltr'>σὺ</span> <span class='ocrx_word' id='word_1_170' title='bbox 3066 1431 3247 1504; x_wconf 84' lang='grc' dir='ltr'>δεῦρο,</span> <span class='ocrx_word' id='word_1_171' title='bbox 3286 1433 3380 1485; x_wconf 73' lang='grc' dir='ltr'>καὶ</span> <span class='ocrx_word' id='word_1_172' title='bbox 3410 1431 3721 1486; x_wconf 78' lang='grc' dir='ltr'>ἀναπαύουο</span> <span class='ocrx_word' id='word_1_173' title='bbox 3755 1431 3837 1485; x_wconf 81' lang='grc' dir='ltr'>ἔτι</span> <span class='ocrx_word' id='word_1_174' title='bbox 3866 1430 3972 1501; x_wconf 84' lang='grc' dir='ltr'>γὰρ</span> <span class='ocrx_word' id='word_1_175' title='bbox 4007 1430 4232 1501; x_wconf 79' lang='grc' dir='ltr'>ἡμέραι</span> 
     </span>
    </p>
   </div>
   <div class='ocr_carea' id='block_1_29' title="bbox 2633 1525 4232 1598">
    <p class='ocr_par' dir='ltr' id='par_1_29' title="bbox 2633 1525 4232 1598">
     <span class='ocr_line' id='line_1_29' title="bbox 2633 1525 4232 1598; baseline -0.003 -18"><span class='ocrx_word' id='word_1_176' title='bbox 2633 1527 2716 1590; x_wconf 84' lang='grc' dir='ltr'><strong>είς</strong></span> <span class='ocrx_word' id='word_1_177' title='bbox 2737 1525 3123 1598; x_wconf 81' lang='grc' dir='ltr'>ἀναπλήρωσιν</span> <span class='ocrx_word' id='word_1_178' title='bbox 3144 1525 3473 1591; x_wconf 81' lang='grc' dir='ltr'>συντελείας,</span> <span class='ocrx_word' id='word_1_179' title='bbox 3502 1525 3598 1579; x_wconf 78' lang='grc' dir='ltr'><strong>καὶ</strong></span> <span class='ocrx_word' id='word_1_180' title='bbox 3623 1525 3934 1596; x_wconf 79' lang='grc' dir='ltr'>ἀναπαύσῃ,</span> <span class='ocrx_word' id='word_1_181' title='bbox 3966 1525 4062 1577; x_wconf 74' lang='grc' dir='ltr'>καὶ</span> <span class='ocrx_word' id='word_1_182' title='bbox 4083 1525 4232 1577; x_wconf 80' lang='grc' dir='ltr'>ἀνα-</span> 
     </span>
    </p>
   </div>
   <div class='ocr_carea' id='block_1_30' title="bbox 2636 1616 4228 1690">
    <p class='ocr_par' dir='ltr' id='par_1_30' title="bbox 2636 1616 4228 1690">
     <span class='ocr_line' id='line_1_30' title="bbox 2636 1616 4228 1690; baseline -0.004 -18"><span class='ocrx_word' id='word_1_183' title='bbox 2636 1619 2808 1690; x_wconf 83' lang='grc' dir='ltr'>στήσῃ</span> <span class='ocrx_word' id='word_1_184' title='bbox 2837 1619 2917 1682; x_wconf 84' lang='grc' dir='ltr'><strong>είς</strong></span> <span class='ocrx_word' id='word_1_185' title='bbox 2967 1618 3060 1670; x_wconf 83' lang='grc' dir='ltr'>τὸν</span> <span class='ocrx_word' id='word_1_186' title='bbox 3095 1618 3298 1689; x_wconf 79' lang='grc' dir='ltr'>κλῆρόν</span> <span class='ocrx_word' id='word_1_187' title='bbox 3349 1635 3441 1671; x_wconf 89' lang='grc' dir='ltr'><strong>σου</strong></span> <span class='ocrx_word' id='word_1_188' title='bbox 3481 1619 3563 1680; x_wconf 88' lang='grc' dir='ltr'><strong>είς</strong></span> <span class='ocrx_word' id='word_1_189' title='bbox 3615 1617 3926 1672; x_wconf 85' lang='grc' dir='ltr'>συντέλειαν</span> <span class='ocrx_word' id='word_1_190' title='bbox 3960 1616 4228 1687; x_wconf 76' lang='grc' dir='ltr'>ἡμερῶν.</span> 
     </span>
    </p>
   </div>
   <div class='ocr_carea' id='block_1_31' title="bbox 948 1706 2682 1782">
    <p class='ocr_par' dir='ltr' id='par_1_31' title="bbox 948 1706 2682 1782">
     <span class='ocr_line' id='line_1_31' title="bbox 948 1706 2682 1782; baseline 0.005 -22"><span class='ocrx_word' id='word_1_191' title='bbox 948 1706 1183 1762; x_wconf 91' lang='lat' dir='ltr'><strong>dierum.</strong></span> <span class='ocrx_word' id='word_1_192' title='bbox 1215 1706 1281 1760; x_wconf 89' lang='lat' dir='ltr'><strong>Et</strong></span> <span class='ocrx_word' id='word_1_193' title='bbox 1342 1723 1437 1762; x_wconf 77' lang='lat' dir='ltr'><strong>rex</strong></span> <span class='ocrx_word' id='word_1_194' title='bbox 1471 1708 1735 1778; x_wconf 84' lang='lat' dir='ltr'><strong>Astyages</strong></span> <span class='ocrx_word' id='word_1_195' title='bbox 1762 1710 2044 1779; x_wconf 89' lang='lat' dir='ltr'><strong>appositus</strong></span> <span class='ocrx_word' id='word_1_196' title='bbox 2096 1721 2181 1766; x_wconf 88' lang='lat' dir='ltr'><strong>est</strong></span> <span class='ocrx_word' id='word_1_197' title='bbox 2233 1712 2300 1765; x_wconf 86' lang='lat' dir='ltr'><strong>ad</strong></span> <span class='ocrx_word' id='word_1_198' title='bbox 2349 1722 2528 1782; x_wconf 90' lang='lat' dir='ltr'><strong>patres</strong></span> <span class='ocrx_word' id='word_1_199' title='bbox 2559 1774 2603 1782; x_wconf 81' lang='lat'>_</span> <span class='ocrx_word' id='word_1_200' title='bbox 2635 1709 2682 1761; x_wconf 83' lang='grc' dir='ltr'>Κ</span> 
     </span>
    </p>
   </div>
   <div class='ocr_carea' id='block_1_32' title="bbox 2492 1706 4226 1782">
    <p class='ocr_par' dir='ltr' id='par_1_32' title="bbox 2492 1707 4226 1782">
     <span class='ocr_line' id='line_1_32' title="bbox 2492 1707 4226 1782; baseline -0.005 -16"><span class='ocrx_word' id='word_1_201' title='bbox 2492 1731 2528 1769; x_wconf 68' lang='grc' dir='ltr'>ξε</span> <span class='ocrx_word' id='word_1_202' title='bbox 2559 1774 2603 1782; x_wconf 81' lang='lat'>_</span> <span class='ocrx_word' id='word_1_203' title='bbox 2635 1708 2745 1762; x_wconf 89' lang='lat' dir='ltr'><strong>Kal</strong></span> <span class='ocrx_word' id='word_1_204' title='bbox 2781 1711 2810 1762; x_wconf 87' lang='lat'><strong>6</strong></span> <span class='ocrx_word' id='word_1_205' title='bbox 2833 1708 3088 1777; x_wconf 75' lang='grc' dir='ltr'>βασιλεὺς</span> <span class='ocrx_word' id='word_1_206' title='bbox 3119 1709 3427 1779; x_wconf 83' lang='grc' dir='ltr'>Ἀστυάγης</span> <span class='ocrx_word' id='word_1_207' title='bbox 3450 1709 3752 1779; x_wconf 83' lang='grc' dir='ltr'>προσετέθη</span> <span class='ocrx_word' id='word_1_208' title='bbox 3780 1707 3918 1778; x_wconf 74' lang='grc' dir='ltr'>πρὸς</span> <span class='ocrx_word' id='word_1_209' title='bbox 3952 1708 4080 1770; x_wconf 81' lang='grc' dir='ltr'>τοὺς</span> <span class='ocrx_word' id='word_1_210' title='bbox 4108 1725 4226 1758; x_wconf 80' lang='grc' dir='ltr'>πα-</span> 
     </span>
    </p>
   </div>
   <div class='ocr_carea' id='block_1_33' title="bbox 949 1774 2683 1874">
    <p class='ocr_par' dir='ltr' id='par_1_33' title="bbox 949 1774 2683 1874">
     <span class='ocr_line' id='line_1_33' title="bbox 949 1774 2683 1874; baseline 0.005 -20"><span class='ocrx_word' id='word_1_211' title='bbox 949 1815 1102 1864; x_wconf 80' lang='lat' dir='ltr'><strong>suos,</strong></span> <span class='ocrx_word' id='word_1_212' title='bbox 1124 1809 1180 1853; x_wconf 92' lang='lat' dir='ltr'><strong>et</strong></span> <span class='ocrx_word' id='word_1_213' title='bbox 1206 1801 1444 1870; x_wconf 86' lang='lat' dir='ltr'><strong>suscepit</strong></span> <span class='ocrx_word' id='word_1_214' title='bbox 1475 1774 1867 1873; x_wconf 40' lang='lat' dir='ltr'><strong>(Zyrus&#39;Perse‘s</strong></span> <span class='ocrx_word' id='word_1_215' title='bbox 1892 1819 2118 1874; x_wconf 89' lang='lat' dir='ltr'><strong>regnum</strong></span> <span class='ocrx_word' id='word_1_216' title='bbox 2149 1804 2290 1874; x_wconf 90' lang='lat' dir='ltr'><strong>ejus.</strong></span> <span class='ocrx_word' id='word_1_217' title='bbox 2316 1806 2381 1861; x_wconf 87' lang='lat' dir='ltr'><strong>Et</strong></span> <span class='ocrx_word' id='word_1_218' title='bbox 2413 1816 2531 1862; x_wconf 89' lang='lat' dir='ltr'><strong>erat</strong></span> <span class='ocrx_word' id='word_1_219' title='bbox 2559 1774 2608 1835; x_wconf 74' lang='grc' dir='ltr'>Β</span> <span class='ocrx_word' id='word_1_220' title='bbox 2635 1800 2683 1853; x_wconf 82' lang='grc' dir='ltr'><strong>τέ</strong></span> 
     </span>
    </p>
   </div>
   <div class='ocr_carea' id='block_1_34' title="bbox 2497 1774 4231 1874">
    <p class='ocr_par' dir='ltr' id='par_1_34' title="bbox 2497 1774 4231 1872">
     <span class='ocr_line' id='line_1_34' title="bbox 2497 1774 4231 1872; baseline -0.002 -18"><span class='ocrx_word' id='word_1_221' title='bbox 2497 1816 2531 1861; x_wconf 78' lang='grc' dir='ltr'>ιι</span> <span class='ocrx_word' id='word_1_222' title='bbox 2559 1774 2608 1835; x_wconf 75' lang='grc' dir='ltr'>Β</span> <span class='ocrx_word' id='word_1_223' title='bbox 2635 1799 2798 1871; x_wconf 84' lang='grc' dir='ltr'>τέρας</span> <span class='ocrx_word' id='word_1_224' title='bbox 2833 1774 3048 1852; x_wconf 21' lang='grc' dir='ltr'><strong>ταύτοῦο</strong></span> <span class='ocrx_word' id='word_1_225' title='bbox 3097 1800 3193 1854; x_wconf 77' lang='grc' dir='ltr'><strong>καὶ</strong></span> <span class='ocrx_word' id='word_1_226' title='bbox 3246 1774 3522 1870; x_wconf 78' lang='grc' dir='ltr'>παρέλαϐε</span> <span class='ocrx_word' id='word_1_227' title='bbox 3571 1774 3754 1872; x_wconf 77' lang='grc' dir='ltr'>Κύρος</span> <span class='ocrx_word' id='word_1_228' title='bbox 3792 1774 3835 1852; x_wconf 67' lang='grc' dir='ltr'><strong>ὁ⁷</strong></span> <span class='ocrx_word' id='word_1_229' title='bbox 3870 1800 4091 1870; x_wconf 87' lang='grc' dir='ltr'>Πέρσης</span> <span class='ocrx_word' id='word_1_230' title='bbox 4120 1800 4231 1869; x_wconf 73' lang='grc' dir='ltr'>τὴν</span> 
     </span>
    </p>
   </div>
   <div class='ocr_carea' id='block_1_35' title="bbox 952 1889 2532 1972">
    <p class='ocr_par' dir='ltr' id='par_1_35' title="bbox 952 1889 2532 1972">
     <span class='ocr_line' id='line_1_35' title="bbox 952 1889 2532 1972; baseline 0.007 -28"><span class='ocrx_word' id='word_1_231' title='bbox 952 1889 1142 1945; x_wconf 88' lang='lat' dir='ltr'><strong>Daniel</strong></span> <span class='ocrx_word' id='word_1_232' title='bbox 1172 1891 1400 1947; x_wconf 85' lang='lat' dir='ltr'><strong>conviva</strong></span> <span class='ocrx_word' id='word_1_233' title='bbox 1446 1893 1612 1963; x_wconf 90' lang='lat' dir='ltr'><strong>regis,</strong></span> <span class='ocrx_word' id='word_1_234' title='bbox 1669 1904 1724 1950; x_wconf 89' lang='lat' dir='ltr'><strong>et</strong></span> <span class='ocrx_word' id='word_1_235' title='bbox 1782 1896 2086 1950; x_wconf 87' lang='lat' dir='ltr'><strong>honoratus</strong></span> <span class='ocrx_word' id='word_1_236' title='bbox 2135 1912 2298 1967; x_wconf 88' lang='lat' dir='ltr'><strong>super</strong></span> <span class='ocrx_word' id='word_1_237' title='bbox 2331 1913 2532 1972; x_wconf 84' lang='lat' dir='ltr'><strong>omnes</strong></span> 
     </span>
    </p>
   </div>
   <div class='ocr_carea' id='block_1_36' title="bbox 951 1985 1339 2055">
    <p class='ocr_par' dir='ltr' id='par_1_36' title="bbox 951 1985 1339 2055">
     <span class='ocr_line' id='line_1_36' title="bbox 951 1985 1339 2055; baseline -0.003 -16"><span class='ocrx_word' id='word_1_238' title='bbox 951 1985 1166 2040; x_wconf 89' lang='lat' dir='ltr'><strong>amicos</strong></span> <span class='ocrx_word' id='word_1_239' title='bbox 1198 1986 1339 2055; x_wconf 88' lang='lat' dir='ltr'><strong>ejus.</strong></span> 
     </span>
    </p>
   </div>
   <div class='ocr_carea' id='block_1_37' title="bbox 1515 2100 1955 2158">
    <p class='ocr_par' dir='ltr' id='par_1_37' title="bbox 1515 2100 1955 2158">
     <span class='ocr_line' id='line_1_37' title="bbox 1515 2100 1955 2158; baseline 0.007 -3"><span class='ocrx_word' id='word_1_240' title='bbox 1515 2100 1752 2158; x_wconf 86' lang='lat' dir='ltr'><strong>CAPUT</strong></span> <span class='ocrx_word' id='word_1_241' title='bbox 1810 2102 1955 2158; x_wconf 82' lang='lat' dir='ltr'><strong>Xlll.</strong></span> 
     </span>
    </p>
   </div>
   <div class='ocr_carea' id='block_1_38' title="bbox 1024 2187 2530 2267">
    <p class='ocr_par' dir='ltr' id='par_1_38' title="bbox 1024 2187 2530 2267">
     <span class='ocr_line' id='line_1_38' title="bbox 1024 2187 2530 2267; baseline 0.007 -25"><span class='ocrx_word' id='word_1_242' title='bbox 1024 2188 1079 2243; x_wconf 83' lang='lat'><strong>1.</strong></span> <span class='ocrx_word' id='word_1_243' title='bbox 1121 2187 1189 2243; x_wconf 89' lang='lat' dir='ltr'><strong>Et</strong></span> <span class='ocrx_word' id='word_1_244' title='bbox 1220 2199 1340 2246; x_wconf 89' lang='lat' dir='ltr'><strong>erat</strong></span> <span class='ocrx_word' id='word_1_245' title='bbox 1368 2189 1454 2248; x_wconf 91' lang='lat' dir='ltr'><strong>vir</strong></span> <span class='ocrx_word' id='word_1_246' title='bbox 1488 2191 1744 2249; x_wconf 88' lang='lat' dir='ltr'><strong>habitans</strong></span> <span class='ocrx_word' id='word_1_247' title='bbox 1792 2193 1846 2248; x_wconf 91' lang='lat' dir='ltr'><strong>in</strong></span> <span class='ocrx_word' id='word_1_248' title='bbox 1903 2194 2201 2267; x_wconf 83' lang='lat' dir='ltr'><strong>Babylone,</strong></span> <span class='ocrx_word' id='word_1_249' title='bbox 2249 2203 2304 2252; x_wconf 89' lang='lat' dir='ltr'><strong>et</strong></span> <span class='ocrx_word' id='word_1_250' title='bbox 2334 2209 2530 2252; x_wconf 90' lang='lat' dir='ltr'><strong>nomen</strong></span> 
     </span>
    </p>
   </div>
   <div class='ocr_carea' id='block_1_39' title="bbox 951 2281 1265 2339">
    <p class='ocr_par' dir='ltr' id='par_1_39' title="bbox 951 2281 1265 2339">
     <span class='ocr_line' id='line_1_39' title="bbox 951 2281 1265 2339; baseline -0.003 0"><span class='ocrx_word' id='word_1_251' title='bbox 951 2282 1000 2339; x_wconf 84' lang='lat' dir='ltr'><strong>ei</strong></span> <span class='ocrx_word' id='word_1_252' title='bbox 1029 2281 1265 2338; x_wconf 82' lang='lat' dir='ltr'><strong>Joakim.</strong></span> 
     </span>
    </p>
   </div>
   <div class='ocr_carea' id='block_1_40' title="bbox 1022 2374 2531 2447">
    <p class='ocr_par' dir='ltr' id='par_1_40' title="bbox 1022 2374 2531 2447">
     <span class='ocr_line' id='line_1_40' title="bbox 1022 2374 2531 2447; baseline 0.006 -18"><span class='ocrx_word' id='word_1_253' title='bbox 1022 2375 1077 2429; x_wconf 83' lang='grc'><strong>2.</strong></span> <span class='ocrx_word' id='word_1_254' title='bbox 1122 2374 1188 2430; x_wconf 83' lang='grc' dir='ltr'>Ει</span> <span class='ocrx_word' id='word_1_255' title='bbox 1220 2377 1430 2447; x_wconf 89' lang='lat' dir='ltr'><strong>accepit</strong></span> <span class='ocrx_word' id='word_1_256' title='bbox 1456 2393 1706 2446; x_wconf 82' lang='lat' dir='ltr'><strong>uxorem,</strong></span> <span class='ocrx_word' id='word_1_257' title='bbox 1768 2380 1859 2436; x_wconf 92' lang='lat' dir='ltr'><strong>cui</strong></span> <span class='ocrx_word' id='word_1_258' title='bbox 1909 2395 2106 2436; x_wconf 90' lang='lat' dir='ltr'><strong>nomen</strong></span> <span class='ocrx_word' id='word_1_259' title='bbox 2143 2381 2396 2438; x_wconf 90' lang='lat' dir='ltr'><strong>Susanna</strong></span> <span class='ocrx_word' id='word_1_260' title='bbox 2423 2382 2531 2438; x_wconf 88' lang='lat' dir='ltr'><strong>ﬁlia</strong></span> 
     </span>
    </p>
   </div>
   <div class='ocr_carea' id='block_1_41' title="bbox 951 2468 2354 2540">
    <p class='ocr_par' dir='ltr' id='par_1_41' title="bbox 951 2468 2354 2540">
     <span class='ocr_line' id='line_1_41' title="bbox 951 2468 2354 2540; baseline 0.003 -16"><span class='ocrx_word' id='word_1_261' title='bbox 951 2468 1206 2536; x_wconf 80' lang='lat' dir='ltr'><strong>Chelciae,</strong></span> <span class='ocrx_word' id='word_1_262' title='bbox 1243 2470 1470 2540; x_wconf 90' lang='lat' dir='ltr'><strong>pulchra</strong></span> <span class='ocrx_word' id='word_1_263' title='bbox 1507 2471 1695 2539; x_wconf 86' lang='lat' dir='ltr'><strong>nimis,</strong></span> <span class='ocrx_word' id='word_1_264' title='bbox 1728 2481 1783 2527; x_wconf 90' lang='lat' dir='ltr'><strong>et</strong></span> <span class='ocrx_word' id='word_1_265' title='bbox 1812 2473 2010 2529; x_wconf 90' lang='lat' dir='ltr'><strong>timens</strong></span> <span class='ocrx_word' id='word_1_266' title='bbox 2040 2473 2354 2528; x_wconf 91' lang='lat' dir='ltr'><strong>Dominum.</strong></span> 
     </span>
    </p>
   </div>
   <div class='ocr_carea' id='block_1_42' title="bbox 1023 2644 2530 2720">
    <p class='ocr_par' dir='ltr' id='par_1_42' title="bbox 1023 2644 2530 2720">
     <span class='ocr_line' id='line_1_42' title="bbox 1023 2644 2530 2720; baseline 0.005 -19"><span class='ocrx_word' id='word_1_267' title='bbox 1023 2645 1078 2701; x_wconf 71' lang='grc' dir='ltr'><strong>ὅ.</strong></span> <span class='ocrx_word' id='word_1_268' title='bbox 1113 2644 1181 2699; x_wconf 87' lang='lat' dir='ltr'><strong>Et</strong></span> <span class='ocrx_word' id='word_1_269' title='bbox 1219 2655 1471 2714; x_wconf 88' lang='lat' dir='ltr'><strong>parentes</strong></span> <span class='ocrx_word' id='word_1_270' title='bbox 1522 2648 1645 2717; x_wconf 88' lang='lat' dir='ltr'><strong>ejus</strong></span> <span class='ocrx_word' id='word_1_271' title='bbox 1688 2648 1857 2720; x_wconf 79' lang='lat' dir='ltr'><strong>justi,</strong></span> <span class='ocrx_word' id='word_1_272' title='bbox 1897 2657 1952 2704; x_wconf 91' lang='lat' dir='ltr'><strong>et</strong></span> <span class='ocrx_word' id='word_1_273' title='bbox 1990 2649 2308 2708; x_wconf 88' lang='lat' dir='ltr'><strong>erudierunt</strong></span> <span class='ocrx_word' id='word_1_274' title='bbox 2363 2651 2530 2708; x_wconf 79' lang='lat' dir='ltr'><strong>tiliam</strong></span> 
     </span>
    </p>
   </div>
   <div class='ocr_carea' id='block_1_43' title="bbox 954 2736 1680 2809">
    <p class='ocr_par' dir='ltr' id='par_1_43' title="bbox 954 2736 1680 2809">
     <span class='ocr_line' id='line_1_43' title="bbox 954 2736 1680 2809; baseline 0.004 -17"><span class='ocrx_word' id='word_1_275' title='bbox 954 2736 1280 2802; x_wconf 82' lang='lat' dir='ltr'><strong>suamjuxta</strong></span> <span class='ocrx_word' id='word_1_276' title='bbox 1315 2738 1485 2809; x_wconf 89' lang='lat' dir='ltr'><strong>legem</strong></span> <span class='ocrx_word' id='word_1_277' title='bbox 1518 2738 1680 2796; x_wconf 80' lang='lat' dir='ltr'><strong>Mosi.</strong></span> 
     </span>
    </p>
   </div>
   <div class='ocr_carea' id='block_1_44' title="bbox 1028 2829 2537 2906">
    <p class='ocr_par' dir='ltr' id='par_1_44' title="bbox 1028 2829 2537 2906">
     <span class='ocr_line' id='line_1_44' title="bbox 1028 2829 2537 2906; baseline 0.004 -23"><span class='ocrx_word' id='word_1_278' title='bbox 1028 2829 1082 2883; x_wconf 75' lang='grc'><strong>4.</strong></span> <span class='ocrx_word' id='word_1_279' title='bbox 1121 2829 1250 2884; x_wconf 88' lang='lat' dir='ltr'><strong>Erat</strong></span> <span class='ocrx_word' id='word_1_280' title='bbox 1277 2839 1458 2884; x_wconf 93' lang='lat' dir='ltr'><strong>autem</strong></span> <span class='ocrx_word' id='word_1_281' title='bbox 1482 2829 1697 2887; x_wconf 86' lang='lat' dir='ltr'><strong>Joakim</strong></span> <span class='ocrx_word' id='word_1_282' title='bbox 1727 2833 1881 2890; x_wconf 84' lang='lat' dir='ltr'><strong>dives</strong></span> <span class='ocrx_word' id='word_1_283' title='bbox 1907 2834 2083 2899; x_wconf 89' lang='lat' dir='ltr'><strong>valde,</strong></span> <span class='ocrx_word' id='word_1_284' title='bbox 2116 2843 2171 2890; x_wconf 91' lang='lat' dir='ltr'><strong>et</strong></span> <span class='ocrx_word' id='word_1_285' title='bbox 2203 2843 2320 2889; x_wconf 91' lang='lat' dir='ltr'><strong>erat</strong></span> <span class='ocrx_word' id='word_1_286' title='bbox 2349 2835 2399 2890; x_wconf 90' lang='lat' dir='ltr'><strong>ei</strong></span> <span class='ocrx_word' id='word_1_287' title='bbox 2443 2851 2537 2906; x_wconf 89' lang='lat' dir='ltr'><strong>po-</strong></span> 
     </span>
    </p>
   </div>
   <div class='ocr_carea' id='block_1_45' title="bbox 956 2921 2533 2998">
    <p class='ocr_par' dir='ltr' id='par_1_45' title="bbox 956 2921 2533 2998">
     <span class='ocr_line' id='line_1_45' title="bbox 956 2921 2533 2998; baseline 0.005 -23"><span class='ocrx_word' id='word_1_288' title='bbox 956 2921 1192 2975; x_wconf 90' lang='lat' dir='ltr'><strong>marium</strong></span> <span class='ocrx_word' id='word_1_289' title='bbox 1219 2921 1459 2976; x_wconf 90' lang='lat' dir='ltr'><strong>vicinum</strong></span> <span class='ocrx_word' id='word_1_290' title='bbox 1493 2923 1679 2978; x_wconf 91' lang='lat' dir='ltr'><strong>domui</strong></span> <span class='ocrx_word' id='word_1_291' title='bbox 1719 2940 1854 2990; x_wconf 65' lang='lat' dir='ltr'><strong>suae,</strong></span> <span class='ocrx_word' id='word_1_292' title='bbox 1887 2935 1939 2979; x_wconf 93' lang='lat' dir='ltr'><strong>et</strong></span> <span class='ocrx_word' id='word_1_293' title='bbox 1989 2927 2133 2997; x_wconf 92' lang='lat' dir='ltr'><strong>apud</strong></span> <span class='ocrx_word' id='word_1_294' title='bbox 2184 2929 2360 2998; x_wconf 89' lang='lat' dir='ltr'><strong>ipsum</strong></span> <span class='ocrx_word' id='word_1_295' title='bbox 2396 2943 2533 2983; x_wconf 90' lang='lat' dir='ltr'><strong>con-</strong></span> 
     </span>
    </p>
   </div>
   <div class='ocr_carea' id='block_1_46' title="bbox 958 3012 2536 3090">
    <p class='ocr_par' dir='ltr' id='par_1_46' title="bbox 958 3012 2536 3090">
     <span class='ocr_line' id='line_1_46' title="bbox 958 3012 2536 3090; baseline 0.006 -24"><span class='ocrx_word' id='word_1_296' title='bbox 958 3013 1327 3084; x_wconf 81' lang='lat' dir='ltr'><strong>gregabantur</strong></span> <span class='ocrx_word' id='word_1_297' title='bbox 1349 3012 1547 3081; x_wconf 85' lang='lat' dir='ltr'><strong>Judaei,</strong></span> <span class='ocrx_word' id='word_1_298' title='bbox 1576 3032 1642 3073; x_wconf 92' lang='lat' dir='ltr'><strong>eo</strong></span> <span class='ocrx_word' id='word_1_299' title='bbox 1670 3018 1818 3089; x_wconf 90' lang='lat' dir='ltr'><strong>quod</strong></span> <span class='ocrx_word' id='word_1_300' title='bbox 1856 3029 2005 3074; x_wconf 89' lang='lat' dir='ltr'><strong>esset</strong></span> <span class='ocrx_word' id='word_1_301' title='bbox 2051 3019 2166 3090; x_wconf 91' lang='lat' dir='ltr'><strong>ipse</strong></span> <span class='ocrx_word' id='word_1_302' title='bbox 2213 3020 2536 3076; x_wconf 90' lang='lat' dir='ltr'><strong>honoratior</strong></span> 
     </span>
    </p>
   </div>
   <div class='ocr_carea' id='block_1_47' title="bbox 957 3108 1235 3164">
    <p class='ocr_par' dir='ltr' id='par_1_47' title="bbox 957 3108 1235 3164">
     <span class='ocr_line' id='line_1_47' title="bbox 957 3108 1235 3164; baseline 0.007 -2"><span class='ocrx_word' id='word_1_303' title='bbox 957 3108 1235 3164; x_wconf 85' lang='lat' dir='ltr'><strong>omnibus.</strong></span> 
     </span>
    </p>
   </div>
   <div class='ocr_carea' id='block_1_48' title="bbox 1029 3199 2535 3275">
    <p class='ocr_par' dir='ltr' id='par_1_48' title="bbox 1029 3199 2535 3275">
     <span class='ocr_line' id='line_1_48' title="bbox 1029 3199 2535 3275; baseline 0.006 -20"><span class='ocrx_word' id='word_1_304' title='bbox 1029 3199 1084 3255; x_wconf 82' lang='lat'><strong>5.</strong></span> <span class='ocrx_word' id='word_1_305' title='bbox 1118 3199 1186 3254; x_wconf 87' lang='lat' dir='ltr'><strong>Et</strong></span> <span class='ocrx_word' id='word_1_306' title='bbox 1211 3199 1480 3272; x_wconf 87' lang='lat' dir='ltr'><strong>designati</strong></span> <span class='ocrx_word' id='word_1_307' title='bbox 1513 3209 1643 3258; x_wconf 89' lang='lat' dir='ltr'><strong>sunt</strong></span> <span class='ocrx_word' id='word_1_308' title='bbox 1672 3204 1781 3259; x_wconf 91' lang='lat' dir='ltr'><strong>duo</strong></span> <span class='ocrx_word' id='word_1_309' title='bbox 1814 3219 1972 3260; x_wconf 87' lang='lat' dir='ltr'><strong>senes</strong></span> <span class='ocrx_word' id='word_1_310' title='bbox 2003 3205 2072 3259; x_wconf 94' lang='lat' dir='ltr'><strong>de</strong></span> <span class='ocrx_word' id='word_1_311' title='bbox 2102 3207 2300 3275; x_wconf 87' lang='lat' dir='ltr'><strong>populo</strong></span> <span class='ocrx_word' id='word_1_312' title='bbox 2320 3204 2535 3275; x_wconf 90' lang='lat' dir='ltr'><strong>judices</strong></span> 
     </span>
    </p>
   </div>
   <div class='ocr_carea' id='block_1_49' title="bbox 957 3292 2532 3366">
    <p class='ocr_par' dir='ltr' id='par_1_49' title="bbox 957 3292 2532 3366">
     <span class='ocr_line' id='line_1_49' title="bbox 957 3292 2532 3366; baseline 0.006 -20"><span class='ocrx_word' id='word_1_313' title='bbox 957 3292 1014 3348; x_wconf 91' lang='lat' dir='ltr'><strong>in</strong></span> <span class='ocrx_word' id='word_1_314' title='bbox 1045 3308 1191 3348; x_wconf 90' lang='lat' dir='ltr'><strong>anno</strong></span> <span class='ocrx_word' id='word_1_315' title='bbox 1241 3294 1386 3348; x_wconf 89' lang='lat' dir='ltr'><strong>illo:</strong></span> <span class='ocrx_word' id='word_1_316' title='bbox 1436 3295 1505 3350; x_wconf 89' lang='lat' dir='ltr'><strong>de</strong></span> <span class='ocrx_word' id='word_1_317' title='bbox 1544 3297 1749 3366; x_wconf 89' lang='lat' dir='ltr'><strong>quibus</strong></span> <span class='ocrx_word' id='word_1_318' title='bbox 1811 3298 2030 3352; x_wconf 86' lang='lat' dir='ltr'><strong>loculus</strong></span> <span class='ocrx_word' id='word_1_319' title='bbox 2083 3307 2167 3352; x_wconf 88' lang='lat' dir='ltr'><strong>est</strong></span> <span class='ocrx_word' id='word_1_320' title='bbox 2218 3298 2532 3356; x_wconf 88' lang='lat' dir='ltr'><strong>Dominus:</strong></span> 
     </span>
    </p>
   </div>
   <div class='ocr_carea' id='block_1_50' title="bbox 957 3385 2536 3462">
    <p class='ocr_par' dir='ltr' id='par_1_50' title="bbox 957 3385 2536 3462">
     <span class='ocr_line' id='line_1_50' title="bbox 957 3385 2536 3462; baseline 0.007 -23"><span class='ocrx_word' id='word_1_321' title='bbox 957 3385 1100 3451; x_wconf 88' lang='lat' dir='ltr'><strong>Quia</strong></span> <span class='ocrx_word' id='word_1_322' title='bbox 1130 3402 1348 3456; x_wconf 87' lang='lat' dir='ltr'><strong>egressa</strong></span> <span class='ocrx_word' id='word_1_323' title='bbox 1381 3397 1463 3445; x_wconf 91' lang='lat' dir='ltr'><strong>est</strong></span> <span class='ocrx_word' id='word_1_324' title='bbox 1484 3389 1747 3458; x_wconf 89' lang='lat' dir='ltr'><strong>iniquitas</strong></span> <span class='ocrx_word' id='word_1_325' title='bbox 1778 3391 1844 3445; x_wconf 91' lang='lat' dir='ltr'><strong>de</strong></span> <span class='ocrx_word' id='word_1_326' title='bbox 1869 3390 2145 3462; x_wconf 87' lang='lat' dir='ltr'><strong>Babylone</strong></span> <span class='ocrx_word' id='word_1_327' title='bbox 2175 3407 2202 3445; x_wconf 92' lang='lat' dir='ltr'><strong>a</strong></span> <span class='ocrx_word' id='word_1_328' title='bbox 2227 3393 2536 3450; x_wconf 86' lang='lat' dir='ltr'><strong>senioribus</strong></span> 
     </span>
    </p>
   </div>
   <div class='ocr_carea' id='block_1_51' title="bbox 953 3478 2272 3556">
    <p class='ocr_par' dir='ltr' id='par_1_51' title="bbox 953 3478 2272 3556">
     <span class='ocr_line' id='line_1_51' title="bbox 953 3478 2272 3556; baseline 0.005 -22"><span class='ocrx_word' id='word_1_329' title='bbox 953 3478 1257 3547; x_wconf 69' lang='lat' dir='ltr'><strong>iudicibus,</strong></span> <span class='ocrx_word' id='word_1_330' title='bbox 1290 3482 1384 3552; x_wconf 91' lang='lat' dir='ltr'><strong>qui</strong></span> <span class='ocrx_word' id='word_1_331' title='bbox 1418 3482 1743 3538; x_wconf 87' lang='lat' dir='ltr'><strong>videbantur</strong></span> <span class='ocrx_word' id='word_1_332' title='bbox 1766 3501 1954 3556; x_wconf 85' lang='lat' dir='ltr'><strong>regere</strong></span> <span class='ocrx_word' id='word_1_333' title='bbox 1989 3488 2272 3555; x_wconf 89' lang='lat' dir='ltr'><strong>populum.</strong></span> 
     </span>
    </p>
   </div>
   <div class='ocr_carea' id='block_1_52' title="bbox 1030 3571 2537 3645">
    <p class='ocr_par' dir='ltr' id='par_1_52' title="bbox 1030 3571 2537 3645">
     <span class='ocr_line' id='line_1_52' title="bbox 1030 3571 2537 3645; baseline 0.007 -19"><span class='ocrx_word' id='word_1_334' title='bbox 1030 3571 1083 3626; x_wconf 88' lang='grc'><strong>6.</strong></span> <span class='ocrx_word' id='word_1_335' title='bbox 1119 3571 1208 3626; x_wconf 91' lang='lat' dir='ltr'><strong>Isti</strong></span> <span class='ocrx_word' id='word_1_336' title='bbox 1250 3571 1672 3644; x_wconf 82' lang='lat' dir='ltr'><strong>frequentabant</strong></span> <span class='ocrx_word' id='word_1_337' title='bbox 1703 3577 1928 3631; x_wconf 92' lang='lat' dir='ltr'><strong>domum</strong></span> <span class='ocrx_word' id='word_1_338' title='bbox 1980 3577 2193 3632; x_wconf 77' lang='lat' dir='ltr'><strong>Joakim</strong></span> <span class='ocrx_word' id='word_1_339' title='bbox 2220 3622 2234 3645; x_wconf 89' lang='lat'><strong>,</strong></span> <span class='ocrx_word' id='word_1_340' title='bbox 2270 3589 2324 3634; x_wconf 91' lang='lat' dir='ltr'><strong>et</strong></span> <span class='ocrx_word' id='word_1_341' title='bbox 2350 3580 2537 3636; x_wconf 86' lang='lat' dir='ltr'><strong>venie-</strong></span> 
     </span>
    </p>
   </div>
   <div class='ocr_carea' id='block_1_53' title="bbox 957 3662 2215 3740">
    <p class='ocr_par' dir='ltr' id='par_1_53' title="bbox 957 3662 2215 3740">
     <span class='ocr_line' id='line_1_53' title="bbox 957 3662 2215 3740; baseline 0.006 -24"><span class='ocrx_word' id='word_1_342' title='bbox 957 3662 1090 3717; x_wconf 89' lang='lat' dir='ltr'><strong>bant</strong></span> <span class='ocrx_word' id='word_1_343' title='bbox 1119 3664 1184 3718; x_wconf 91' lang='lat' dir='ltr'><strong>ad</strong></span> <span class='ocrx_word' id='word_1_344' title='bbox 1218 3681 1314 3720; x_wconf 93' lang='lat' dir='ltr'><strong>eos</strong></span> <span class='ocrx_word' id='word_1_345' title='bbox 1335 3682 1548 3732; x_wconf 90' lang='lat' dir='ltr'><strong>omnes,</strong></span> <span class='ocrx_word' id='word_1_346' title='bbox 1573 3668 1667 3739; x_wconf 89' lang='lat' dir='ltr'><strong>qui</strong></span> <span class='ocrx_word' id='word_1_347' title='bbox 1694 3669 1962 3725; x_wconf 90' lang='lat' dir='ltr'><strong>habebant</strong></span> <span class='ocrx_word' id='word_1_348' title='bbox 1987 3671 2215 3740; x_wconf 90' lang='lat' dir='ltr'><strong>judicia.</strong></span> 
     </span>
    </p>
   </div>
   <div class='ocr_carea' id='block_1_54' title="bbox 1031 3757 2539 3834">
    <p class='ocr_par' dir='ltr' id='par_1_54' title="bbox 1031 3757 2539 3834">
     <span class='ocr_line' id='line_1_54' title="bbox 1031 3757 2539 3834; baseline 0.006 -25"><span class='ocrx_word' id='word_1_349' title='bbox 1031 3757 1082 3813; x_wconf 90' lang='lat'><strong>7.</strong></span> <span class='ocrx_word' id='word_1_350' title='bbox 1125 3757 1193 3811; x_wconf 83' lang='lat' dir='ltr'><strong>Et</strong></span> <span class='ocrx_word' id='word_1_351' title='bbox 1226 3758 1431 3815; x_wconf 80' lang='lat' dir='ltr'><strong>factum</strong></span> <span class='ocrx_word' id='word_1_352' title='bbox 1468 3771 1573 3825; x_wconf 89' lang='lat' dir='ltr'><strong>est,</strong></span> <span class='ocrx_word' id='word_1_353' title='bbox 1603 3762 1825 3831; x_wconf 92' lang='lat' dir='ltr'><strong>quando</strong></span> <span class='ocrx_word' id='word_1_354' title='bbox 1857 3763 2090 3833; x_wconf 90' lang='lat' dir='ltr'><strong>p0pulus</strong></span> <span class='ocrx_word' id='word_1_355' title='bbox 2133 3764 2419 3818; x_wconf 88' lang='lat' dir='ltr'><strong>recedebat</strong></span> <span class='ocrx_word' id='word_1_356' title='bbox 2444 3779 2539 3834; x_wconf 93' lang='lat' dir='ltr'><strong>per</strong></span> 
     </span>
    </p>
   </div>
   <div class='ocr_carea' id='block_1_55' title="bbox 961 3848 2540 3923">
    <p class='ocr_par' dir='ltr' id='par_1_55' title="bbox 961 3848 2540 3923">
     <span class='ocr_line' id='line_1_55' title="bbox 961 3848 2540 3923; baseline 0.004 -19"><span class='ocrx_word' id='word_1_357' title='bbox 961 3848 1264 3914; x_wconf 89' lang='lat' dir='ltr'><strong>meridiem,</strong></span> <span class='ocrx_word' id='word_1_358' title='bbox 1296 3852 1703 3923; x_wconf 85' lang='lat' dir='ltr'><strong>ingrediebatur</strong></span> <span class='ocrx_word' id='word_1_359' title='bbox 1737 3850 2012 3919; x_wconf 90' lang='lat' dir='ltr'><strong>Susanna,</strong></span> <span class='ocrx_word' id='word_1_360' title='bbox 2049 3863 2104 3909; x_wconf 86' lang='lat' dir='ltr'><strong>et</strong></span> <span class='ocrx_word' id='word_1_361' title='bbox 2156 3855 2540 3911; x_wconf 77' lang='lat' dir='ltr'><strong>deambulabat</strong></span> 
     </span>
    </p>
   </div>
   <div class='ocr_carea' id='block_1_56' title="bbox 960 3941 1568 4010">
    <p class='ocr_par' dir='ltr' id='par_1_56' title="bbox 960 3941 1568 4010">
     <span class='ocr_line' id='line_1_56' title="bbox 960 3941 1568 4010; baseline 0.007 -15"><span class='ocrx_word' id='word_1_362' title='bbox 960 3941 1015 3996; x_wconf 91' lang='lat' dir='ltr'><strong>in</strong></span> <span class='ocrx_word' id='word_1_363' title='bbox 1049 3944 1292 4010; x_wconf 90' lang='lat' dir='ltr'><strong>pomario</strong></span> <span class='ocrx_word' id='word_1_364' title='bbox 1328 3945 1429 3998; x_wconf 85' lang='lat' dir='ltr'><strong>viri</strong></span> <span class='ocrx_word' id='word_1_365' title='bbox 1461 3946 1568 4000; x_wconf 85' lang='lat' dir='ltr'><strong>sui.</strong></span> 
     </span>
    </p>
   </div>
   <div class='ocr_carea' id='block_1_57' title="bbox 1030 4031 2533 4112">
    <p class='ocr_par' dir='ltr' id='par_1_57' title="bbox 1030 4031 2533 4112">
     <span class='ocr_line' id='line_1_57' title="bbox 1030 4031 2533 4112; baseline 0.007 -27"><span class='ocrx_word' id='word_1_366' title='bbox 1030 4033 1083 4085; x_wconf 85' lang='lat'><strong>8.</strong></span> <span class='ocrx_word' id='word_1_367' title='bbox 1114 4031 1180 4086; x_wconf 86' lang='lat' dir='ltr'><strong>Et</strong></span> <span class='ocrx_word' id='word_1_368' title='bbox 1210 4033 1466 4089; x_wconf 87' lang='lat' dir='ltr'><strong>videbant</strong></span> <span class='ocrx_word' id='word_1_369' title='bbox 1500 4052 1620 4091; x_wconf 87' lang='lat' dir='ltr'><strong>eam</strong></span> <span class='ocrx_word' id='word_1_370' title='bbox 1646 4051 1804 4094; x_wconf 91' lang='lat' dir='ltr'><strong>senes</strong></span> <span class='ocrx_word' id='word_1_371' title='bbox 1835 4041 2083 4110; x_wconf 86' lang='lat' dir='ltr'><strong>quotidie</strong></span> <span class='ocrx_word' id='word_1_372' title='bbox 2113 4041 2533 4112; x_wconf 84' lang='lat' dir='ltr'><strong>ingredientem,</strong></span> 
     </span>
    </p>
   </div>
   <div class='ocr_carea' id='block_1_58' title="bbox 960 4125 2534 4204">
    <p class='ocr_par' dir='ltr' id='par_1_58' title="bbox 960 4125 2534 4204">
     <span class='ocr_line' id='line_1_58' title="bbox 960 4125 2534 4204; baseline 0.005 -24"><span class='ocrx_word' id='word_1_373' title='bbox 960 4125 1496 4194; x_wconf 85' lang='lat' dir='ltr'><strong>etdeambulantem,</strong></span> <span class='ocrx_word' id='word_1_374' title='bbox 1555 4139 1608 4184; x_wconf 84' lang='lat' dir='ltr'><strong>et</strong></span> <span class='ocrx_word' id='word_1_375' title='bbox 1644 4143 1972 4188; x_wconf 86' lang='lat' dir='ltr'><strong>exarserunt</strong></span> <span class='ocrx_word' id='word_1_376' title='bbox 2027 4135 2082 4188; x_wconf 92' lang='lat' dir='ltr'><strong>in</strong></span> <span class='ocrx_word' id='word_1_377' title='bbox 2130 4135 2534 4204; x_wconf 90' lang='lat' dir='ltr'><strong>concupiscen-</strong></span> 
     </span>
    </p>
   </div>
   <div class='ocr_carea' id='block_1_59' title="bbox 962 4219 1270 4287">
    <p class='ocr_par' dir='ltr' id='par_1_59' title="bbox 962 4219 1270 4287">
     <span class='ocr_line' id='line_1_59' title="bbox 962 4219 1270 4287; baseline 0.01 -15"><span class='ocrx_word' id='word_1_378' title='bbox 962 4219 1095 4272; x_wconf 83' lang='lat' dir='ltr'><strong>tiam</strong></span> <span class='ocrx_word' id='word_1_379' title='bbox 1130 4219 1270 4287; x_wconf 90' lang='lat' dir='ltr'><strong>ejus.</strong></span> 
     </span>
    </p>
   </div>
   <div class='ocr_carea' id='block_1_60' title="bbox 1031 4311 2540 4383">
    <p class='ocr_par' dir='ltr' id='par_1_60' title="bbox 1031 4311 2540 4383">
     <span class='ocr_line' id='line_1_60' title="bbox 1031 4311 2540 4383; baseline 0.005 -17"><span class='ocrx_word' id='word_1_380' title='bbox 1031 4311 1089 4366; x_wconf 87' lang='lat'><strong>9.</strong></span> <span class='ocrx_word' id='word_1_381' title='bbox 1131 4311 1198 4367; x_wconf 85' lang='lat' dir='ltr'><strong>Et</strong></span> <span class='ocrx_word' id='word_1_382' title='bbox 1222 4324 1534 4370; x_wconf 83' lang='lat' dir='ltr'><strong>everterunt</strong></span> <span class='ocrx_word' id='word_1_383' title='bbox 1561 4332 1784 4372; x_wconf 92' lang='lat' dir='ltr'><strong>sensum</strong></span> <span class='ocrx_word' id='word_1_384' title='bbox 1816 4334 1998 4383; x_wconf 93' lang='lat' dir='ltr'><strong>suum,</strong></span> <span class='ocrx_word' id='word_1_385' title='bbox 2043 4329 2098 4375; x_wconf 89' lang='lat' dir='ltr'><strong>et</strong></span> <span class='ocrx_word' id='word_1_386' title='bbox 2127 4319 2540 4375; x_wconf 87' lang='lat' dir='ltr'><strong>declinaverunt</strong></span> 
     </span>
    </p>
   </div>
   <div class='ocr_carea' id='block_1_61' title="bbox 961 4403 2534 4482">
    <p class='ocr_par' dir='ltr' id='par_1_61' title="bbox 961 4403 2534 4482">
     <span class='ocr_line' id='line_1_61' title="bbox 961 4403 2534 4482; baseline 0.004 -24"><span class='ocrx_word' id='word_1_387' title='bbox 961 4403 1151 4460; x_wconf 89' lang='lat' dir='ltr'><strong>oculos</strong></span> <span class='ocrx_word' id='word_1_388' title='bbox 1179 4420 1331 4470; x_wconf 92' lang='lat' dir='ltr'><strong>suos,</strong></span> <span class='ocrx_word' id='word_1_389' title='bbox 1364 4422 1434 4463; x_wconf 89' lang='lat' dir='ltr'><strong>ne</strong></span> <span class='ocrx_word' id='word_1_390' title='bbox 1467 4409 1774 4478; x_wconf 88' lang='lat' dir='ltr'><strong>aspicerent</strong></span> <span class='ocrx_word' id='word_1_391' title='bbox 1798 4410 1853 4464; x_wconf 90' lang='lat' dir='ltr'><strong>in</strong></span> <span class='ocrx_word' id='word_1_392' title='bbox 1886 4411 2108 4479; x_wconf 62' lang='lat' dir='ltr'><strong>caelum,</strong></span> <span class='ocrx_word' id='word_1_393' title='bbox 2139 4425 2316 4482; x_wconf 90' lang='lat' dir='ltr'><strong>neque</strong></span> <span class='ocrx_word' id='word_1_394' title='bbox 2341 4411 2534 4466; x_wconf 89' lang='lat' dir='ltr'><strong>memi-</strong></span> 
     </span>
    </p>
   </div>
   <div class='ocr_carea' id='block_1_62' title="bbox 963 4495 1845 4572">
    <p class='ocr_par' dir='ltr' id='par_1_62' title="bbox 963 4495 1845 4572">
     <span class='ocr_line' id='line_1_62' title="bbox 963 4495 1845 4572; baseline 0.007 -20"><span class='ocrx_word' id='word_1_395' title='bbox 963 4495 1173 4552; x_wconf 87' lang='lat' dir='ltr'><strong>nissent</strong></span> <span class='ocrx_word' id='word_1_396' title='bbox 1190 4498 1524 4568; x_wconf 90' lang='lat' dir='ltr'><strong>judiciorum</strong></span> <span class='ocrx_word' id='word_1_397' title='bbox 1546 4502 1845 4572; x_wconf 87' lang='lat' dir='ltr'><strong>justorum.</strong></span> 
     </span>
    </p>
   </div>
   <div class='ocr_carea' id='block_1_63' title="bbox 1035 4589 2541 4666">
    <p class='ocr_par' dir='ltr' id='par_1_63' title="bbox 1035 4589 2541 4666">
     <span class='ocr_line' id='line_1_63' title="bbox 1035 4589 2541 4666; baseline 0.005 -22"><span class='ocrx_word' id='word_1_398' title='bbox 1035 4589 1124 4644; x_wconf 87' lang='lat'><strong>10.</strong></span> <span class='ocrx_word' id='word_1_399' title='bbox 1166 4590 1336 4646; x_wconf 89' lang='lat' dir='ltr'><strong>Erant</strong></span> <span class='ocrx_word' id='word_1_400' title='bbox 1358 4608 1487 4663; x_wconf 90' lang='lat' dir='ltr'><strong>ergo</strong></span> <span class='ocrx_word' id='word_1_401' title='bbox 1516 4595 1679 4649; x_wconf 92' lang='lat' dir='ltr'><strong>ambo</strong></span> <span class='ocrx_word' id='word_1_402' title='bbox 1709 4596 1976 4651; x_wconf 88' lang='lat' dir='ltr'><strong>vulnerati</strong></span> <span class='ocrx_word' id='word_1_403' title='bbox 2019 4610 2209 4652; x_wconf 89' lang='lat' dir='ltr'><strong>amore</strong></span> <span class='ocrx_word' id='word_1_404' title='bbox 2263 4598 2405 4666; x_wconf 87' lang='lat' dir='ltr'><strong>ejus,</strong></span> <span class='ocrx_word' id='word_1_405' title='bbox 2439 4611 2541 4652; x_wconf 89' lang='lat' dir='ltr'><strong>nec</strong></span> 
     </span>
    </p>
   </div>
   <div class='ocr_carea' id='block_1_64' title="bbox 963 4681 2255 4744">
    <p class='ocr_par' dir='ltr' id='par_1_64' title="bbox 963 4681 2255 4744">
     <span class='ocr_line' id='line_1_64' title="bbox 963 4681 2255 4744; baseline 0.005 -7"><span class='ocrx_word' id='word_1_406' title='bbox 963 4681 1345 4739; x_wconf 85' lang='lat' dir='ltr'><strong>indicaverunt</strong></span> <span class='ocrx_word' id='word_1_407' title='bbox 1374 4685 1478 4740; x_wconf 89' lang='lat' dir='ltr'><strong>sibi</strong></span> <span class='ocrx_word' id='word_1_408' title='bbox 1511 4685 1742 4742; x_wconf 87' lang='lat' dir='ltr'><strong>invicem</strong></span> <span class='ocrx_word' id='word_1_409' title='bbox 1785 4687 2027 4744; x_wconf 88' lang='lat' dir='ltr'><strong>dolorem</strong></span> <span class='ocrx_word' id='word_1_410' title='bbox 2071 4704 2255 4744; x_wconf 91' lang='lat' dir='ltr'><strong>suum.</strong></span> 
     </span>
    </p>
   </div>
   <div class='ocr_carea' id='block_1_65' title="bbox 1036 4773 2543 4850">
    <p class='ocr_par' dir='ltr' id='par_1_65' title="bbox 1036 4773 2543 4850">
     <span class='ocr_line' id='line_1_65' title="bbox 1036 4773 2543 4850; baseline 0.004 -22"><span class='ocrx_word' id='word_1_411' title='bbox 1036 4774 1126 4828; x_wconf 88' lang='lat'><strong>11.</strong></span> <span class='ocrx_word' id='word_1_412' title='bbox 1195 4773 1607 4832; x_wconf 89' lang='lat' dir='ltr'><strong>Erubescebant</strong></span> <span class='ocrx_word' id='word_1_413' title='bbox 1651 4779 1798 4834; x_wconf 90' lang='lat' dir='ltr'><strong>enim</strong></span> <span class='ocrx_word' id='word_1_414' title='bbox 1856 4780 2100 4834; x_wconf 90' lang='lat' dir='ltr'><strong>indicare</strong></span> <span class='ocrx_word' id='word_1_415' title='bbox 2148 4779 2543 4850; x_wconf 86' lang='lat' dir='ltr'><strong>concupiscen-</strong></span> 
     </span>
    </p>
   </div>
   <div class='ocr_carea' id='block_1_66' title="bbox 965 4867 2403 4939">
    <p class='ocr_par' dir='ltr' id='par_1_66' title="bbox 965 4867 2403 4939">
     <span class='ocr_line' id='line_1_66' title="bbox 965 4867 2403 4939; baseline 0.004 -17"><span class='ocrx_word' id='word_1_416' title='bbox 965 4867 1104 4922; x_wconf 64' lang='lat' dir='ltr'><strong>tiam’</strong></span> <span class='ocrx_word' id='word_1_417' title='bbox 1125 4882 1302 4934; x_wconf 91' lang='lat' dir='ltr'><strong>suam,</strong></span> <span class='ocrx_word' id='word_1_418' title='bbox 1330 4869 1457 4939; x_wconf 91' lang='lat' dir='ltr'><strong>quia</strong></span> <span class='ocrx_word' id='word_1_419' title='bbox 1483 4870 1736 4926; x_wconf 89' lang='lat' dir='ltr'><strong>volebant</strong></span> <span class='ocrx_word' id='word_1_420' title='bbox 1767 4874 2131 4928; x_wconf 90' lang='lat' dir='ltr'><strong>concumbere</strong></span> <span class='ocrx_word' id='word_1_421' title='bbox 2159 4889 2284 4928; x_wconf 91' lang='lat' dir='ltr'><strong>cum</strong></span> <span class='ocrx_word' id='word_1_422' title='bbox 2316 4889 2403 4928; x_wconf 90' lang='lat' dir='ltr'><strong>ea.</strong></span> 
     </span>
    </p>
   </div>
   <div class='ocr_carea' id='block_1_67' title="bbox 1040 4960 2540 5035">
    <p class='ocr_par' dir='ltr' id='par_1_67' title="bbox 1040 4960 2540 5035">
     <span class='ocr_line' id='line_1_67' title="bbox 1040 4960 2540 5035; baseline 0.007 -19"><span class='ocrx_word' id='word_1_423' title='bbox 1040 4961 1128 5016; x_wconf 84' lang='grc'><strong>12.</strong></span> <span class='ocrx_word' id='word_1_424' title='bbox 1168 4960 1235 5016; x_wconf 87' lang='lat' dir='ltr'><strong>Et</strong></span> <span class='ocrx_word' id='word_1_425' title='bbox 1259 4963 1622 5020; x_wconf 85' lang='lat' dir='ltr'><strong>observabant</strong></span> <span class='ocrx_word' id='word_1_426' title='bbox 1655 4967 1902 5035; x_wconf 91' lang='lat' dir='ltr'><strong>quotidie</strong></span> <span class='ocrx_word' id='word_1_427' title='bbox 1925 4966 2158 5024; x_wconf 86' lang='lat' dir='ltr'><strong>sollicite</strong></span> <span class='ocrx_word' id='word_1_428' title='bbox 2181 4968 2367 5024; x_wconf 88' lang='lat' dir='ltr'><strong>videre</strong></span> <span class='ocrx_word' id='word_1_429' title='bbox 2382 4982 2540 5026; x_wconf 81' lang='lat' dir='ltr'><strong>eam:</strong></span> 
     </span>
    </p>
   </div>
   <div class='ocr_carea' id='block_1_68' title="bbox 966 5055 1866 5114">
    <p class='ocr_par' dir='ltr' id='par_1_68' title="bbox 966 5055 1866 5114">
     <span class='ocr_line' id='line_1_68' title="bbox 966 5055 1866 5114; baseline 0.003 -4"><span class='ocrx_word' id='word_1_430' title='bbox 966 5063 1022 5110; x_wconf 88' lang='lat' dir='ltr'><strong>et</strong></span> <span class='ocrx_word' id='word_1_431' title='bbox 1056 5055 1311 5110; x_wconf 81' lang='lat' dir='ltr'><strong>dixerunt</strong></span> <span class='ocrx_word' id='word_1_432' title='bbox 1340 5056 1476 5112; x_wconf 86' lang='lat' dir='ltr'><strong>alter</strong></span> <span class='ocrx_word' id='word_1_433' title='bbox 1501 5058 1570 5112; x_wconf 90' lang='lat' dir='ltr'><strong>ad</strong></span> <span class='ocrx_word' id='word_1_434' title='bbox 1591 5059 1819 5113; x_wconf 90' lang='lat' dir='ltr'><strong>alterum</strong></span> <span class='ocrx_word' id='word_1_435' title='bbox 1850 5077 1866 5114; x_wconf 89' lang='lat'><strong>:</strong></span> 
     </span>
    </p>
   </div>
   <div class='ocr_carea' id='block_1_69' title="bbox 1042 5147 2546 5223">
    <p class='ocr_par' dir='ltr' id='par_1_69' title="bbox 1042 5147 2546 5223">
     <span class='ocr_line' id='line_1_69' title="bbox 1042 5147 2546 5223; baseline 0.009 -22"><span class='ocrx_word' id='word_1_436' title='bbox 1042 5148 1129 5202; x_wconf 77' lang='grc'><strong>15.</strong></span> <span class='ocrx_word' id='word_1_437' title='bbox 1171 5147 1374 5204; x_wconf 90' lang='lat' dir='ltr'><strong>Eamus</strong></span> <span class='ocrx_word' id='word_1_438' title='bbox 1404 5149 1647 5218; x_wconf 87' lang='lat' dir='ltr'><strong>domum,</strong></span> <span class='ocrx_word' id='word_1_439' title='bbox 1699 5152 1828 5222; x_wconf 93' lang='lat' dir='ltr'><strong>quia</strong></span> <span class='ocrx_word' id='word_1_440' title='bbox 1856 5153 2075 5223; x_wconf 88' lang='lat' dir='ltr'><strong>prandii</strong></span> <span class='ocrx_word' id='word_1_441' title='bbox 2124 5163 2210 5211; x_wconf 85' lang='lat' dir='ltr'><strong>est</strong></span> <span class='ocrx_word' id='word_1_442' title='bbox 2258 5155 2435 5212; x_wconf 86' lang='lat' dir='ltr'><strong>hora:</strong></span> <span class='ocrx_word' id='word_1_443' title='bbox 2489 5163 2546 5214; x_wconf 77' lang='lat' dir='ltr'><strong>et</strong></span> 
     </span>
    </p>
   </div>
   <div class='ocr_carea' id='block_1_70' title="bbox 967 5241 1957 5312">
    <p class='ocr_par' dir='ltr' id='par_1_70' title="bbox 967 5241 1957 5312">
     <span class='ocr_line' id='line_1_70' title="bbox 967 5241 1957 5312; baseline 0.005 -15"><span class='ocrx_word' id='word_1_444' title='bbox 967 5241 1174 5312; x_wconf 88' lang='lat' dir='ltr'><strong>egressi</strong></span> <span class='ocrx_word' id='word_1_445' title='bbox 1222 5252 1567 5299; x_wconf 89' lang='lat' dir='ltr'><strong>recesserunt</strong></span> <span class='ocrx_word' id='word_1_446' title='bbox 1599 5260 1630 5299; x_wconf 92' lang='lat' dir='ltr'><strong>a</strong></span> <span class='ocrx_word' id='word_1_447' title='bbox 1658 5259 1715 5300; x_wconf 87' lang='lat' dir='ltr'><strong>se</strong></span> <span class='ocrx_word' id='word_1_448' title='bbox 1742 5255 1957 5303; x_wconf 91' lang='lat' dir='ltr'><strong>mutuo.</strong></span> 
     </span>
    </p>
   </div>
   <div class='ocr_carea' id='block_1_71' title="bbox 1041 5333 2547 5404">
    <p class='ocr_par' dir='ltr' id='par_1_71' title="bbox 1041 5333 2547 5404">
     <span class='ocr_line' id='line_1_71' title="bbox 1041 5333 2547 5404; baseline 0.005 -17"><span class='ocrx_word' id='word_1_449' title='bbox 1041 5334 1129 5388; x_wconf 67' lang='grc'><strong>14.</strong></span> <span class='ocrx_word' id='word_1_450' title='bbox 1170 5334 1418 5404; x_wconf 85' lang='lat' dir='ltr'><strong>Cumque</strong></span> <span class='ocrx_word' id='word_1_451' title='bbox 1449 5333 1824 5402; x_wconf 89' lang='lat' dir='ltr'><strong>revertissent,</strong></span> <span class='ocrx_word' id='word_1_452' title='bbox 1855 5347 2121 5394; x_wconf 90' lang='lat' dir='ltr'><strong>venerunt</strong></span> <span class='ocrx_word' id='word_1_453' title='bbox 2152 5339 2208 5394; x_wconf 92' lang='lat' dir='ltr'><strong>in</strong></span> <span class='ocrx_word' id='word_1_454' title='bbox 2253 5355 2423 5395; x_wconf 91' lang='lat' dir='ltr'><strong>unum</strong></span> <span class='ocrx_word' id='word_1_455' title='bbox 2453 5355 2466 5391; x_wconf 90' lang='lat'>:</span> <span class='ocrx_word' id='word_1_456' title='bbox 2492 5348 2547 5396; x_wconf 92' lang='lat' dir='ltr'><strong>et</strong></span> 
     </span>
    </p>
   </div>
   <div class='ocr_carea' id='block_1_72' title="bbox 969 5426 2547 5503">
    <p class='ocr_par' dir='ltr' id='par_1_72' title="bbox 969 5426 2547 5503">
     <span class='ocr_line' id='line_1_72' title="bbox 969 5426 2547 5503; baseline 0.004 -21"><span class='ocrx_word' id='word_1_457' title='bbox 969 5427 1315 5483; x_wconf 89' lang='lat' dir='ltr'><strong>sciscitantes</strong></span> <span class='ocrx_word' id='word_1_458' title='bbox 1344 5428 1411 5482; x_wconf 89' lang='lat' dir='ltr'><strong>ad</strong></span> <span class='ocrx_word' id='word_1_459' title='bbox 1439 5426 1694 5496; x_wconf 85' lang='lat' dir='ltr'><strong>invicem,</strong></span> <span class='ocrx_word' id='word_1_460' title='bbox 1729 5446 1980 5502; x_wconf 69' lang='lat' dir='ltr'><strong>quaenam</strong></span> <span class='ocrx_word' id='word_1_461' title='bbox 2025 5442 2173 5503; x_wconf 71' lang='lat' dir='ltr'><strong>esset</strong></span> <span class='ocrx_word' id='word_1_462' title='bbox 2198 5448 2383 5499; x_wconf 89' lang='lat' dir='ltr'><strong>causa,</strong></span> <span class='ocrx_word' id='word_1_463' title='bbox 2412 5449 2547 5488; x_wconf 82' lang='lat' dir='ltr'><strong>eon-</strong></span> 
     </span>
    </p>
   </div>
   <div class='ocr_carea' id='block_1_73' title="bbox 970 5519 2548 5594">
    <p class='ocr_par' dir='ltr' id='par_1_73' title="bbox 970 5519 2548 5594">
     <span class='ocr_line' id='line_1_73' title="bbox 970 5519 2548 5594; baseline 0.004 -19"><span class='ocrx_word' id='word_1_464' title='bbox 970 5519 1102 5577; x_wconf 79' lang='lat' dir='ltr'><strong>fessi</strong></span> <span class='ocrx_word' id='word_1_465' title='bbox 1132 5531 1261 5575; x_wconf 90' lang='lat' dir='ltr'><strong>sunt</strong></span> <span class='ocrx_word' id='word_1_466' title='bbox 1293 5521 1433 5577; x_wconf 90' lang='lat' dir='ltr'><strong>inter</strong></span> <span class='ocrx_word' id='word_1_467' title='bbox 1466 5537 1525 5578; x_wconf 92' lang='lat' dir='ltr'><strong>se</strong></span> <span class='ocrx_word' id='word_1_468' title='bbox 1552 5524 2053 5594; x_wconf 83' lang='lat' dir='ltr'><strong>concupiscentiam</strong></span> <span class='ocrx_word' id='word_1_469' title='bbox 2088 5542 2244 5582; x_wconf 87' lang='lat' dir='ltr'><strong>suam</strong></span> <span class='ocrx_word' id='word_1_470' title='bbox 2288 5543 2302 5579; x_wconf 89' lang='lat'><strong>:</strong></span> <span class='ocrx_word' id='word_1_471' title='bbox 2339 5536 2394 5582; x_wconf 89' lang='lat' dir='ltr'><strong>et</strong></span> <span class='ocrx_word' id='word_1_472' title='bbox 2415 5536 2548 5582; x_wconf 90' lang='lat' dir='ltr'><strong>tunc</strong></span> 
     </span>
    </p>
   </div>
   <div class='ocr_carea' id='block_1_74' title="bbox 911 5610 2544 5691">
    <p class='ocr_par' dir='ltr' id='par_1_74' title="bbox 911 5610 2544 5691">
     <span class='ocr_line' id='line_1_74' title="bbox 911 5610 2544 5691; baseline 0.006 -26"><span class='ocrx_word' id='word_1_473' title='bbox 911 5617 920 5637; x_wconf 91' lang='lat'><strong><em>&#39;</em></strong></span> <span class='ocrx_word' id='word_1_474' title='bbox 973 5610 1028 5666; x_wconf 91' lang='lat' dir='ltr'><strong>in</strong></span> <span class='ocrx_word' id='word_1_475' title='bbox 1051 5627 1343 5670; x_wconf 89' lang='lat' dir='ltr'><strong>commune</strong></span> <span class='ocrx_word' id='word_1_476' title='bbox 1378 5623 1690 5672; x_wconf 86' lang='lat' dir='ltr'><strong>statuerunt</strong></span> <span class='ocrx_word' id='word_1_477' title='bbox 1718 5624 1953 5689; x_wconf 89' lang='lat' dir='ltr'><strong>tempus,</strong></span> <span class='ocrx_word' id='word_1_478' title='bbox 1989 5617 2212 5691; x_wconf 88' lang='lat' dir='ltr'><strong>quando</strong></span> <span class='ocrx_word' id='word_1_479' title='bbox 2267 5634 2387 5674; x_wconf 88' lang='lat' dir='ltr'><strong>eam</strong></span> <span class='ocrx_word' id='word_1_480' title='bbox 2425 5633 2544 5691; x_wconf 80' lang='lat' dir='ltr'><strong>pos-</strong></span> 
     </span>
    </p>
   </div>
   <div class='ocr_carea' id='block_1_75' title="bbox 975 5705 1594 5763">
    <p class='ocr_par' dir='ltr' id='par_1_75' title="bbox 975 5705 1594 5763">
     <span class='ocr_line' id='line_1_75' title="bbox 975 5705 1594 5763; baseline 0 -1"><span class='ocrx_word' id='word_1_481' title='bbox 975 5713 1100 5762; x_wconf 79' lang='lat' dir='ltr'><strong>sent</strong></span> <span class='ocrx_word' id='word_1_482' title='bbox 1123 5705 1367 5762; x_wconf 82' lang='lat' dir='ltr'><strong>invenire</strong></span> <span class='ocrx_word' id='word_1_483' title='bbox 1398 5708 1594 5763; x_wconf 91' lang='lat' dir='ltr'><strong>solam.</strong></span> 
     </span>
    </p>
   </div>
   <div class='ocr_carea' id='block_1_76' title="bbox 1054 5794 2537 5874">
    <p class='ocr_par' dir='ltr' id='par_1_76' title="bbox 1054 5794 2537 5874">
     <span class='ocr_line' id='line_1_76' title="bbox 1054 5794 2537 5874; baseline 0.007 -23"><span class='ocrx_word' id='word_1_484' title='bbox 1054 5795 1142 5852; x_wconf 76' lang='lat'><strong>15.</strong></span> <span class='ocrx_word' id='word_1_485' title='bbox 1184 5794 1248 5852; x_wconf 87' lang='lat' dir='ltr'><strong>Et</strong></span> <span class='ocrx_word' id='word_1_486' title='bbox 1277 5795 1485 5856; x_wconf 80' lang='lat' dir='ltr'><strong>factum</strong></span> <span class='ocrx_word' id='word_1_487' title='bbox 1516 5808 1600 5857; x_wconf 88' lang='lat' dir='ltr'><strong>est</strong></span> <span class='ocrx_word' id='word_1_488' title='bbox 1648 5815 1774 5857; x_wconf 91' lang='lat' dir='ltr'><strong>cum</strong></span> <span class='ocrx_word' id='word_1_489' title='bbox 1818 5799 2174 5863; x_wconf 80' lang='lat' dir='ltr'><strong>observarent</strong></span> <span class='ocrx_word' id='word_1_490' title='bbox 2234 5801 2340 5874; x_wconf 84' lang='lat' dir='ltr'><strong>ipsi</strong></span> <span class='ocrx_word' id='word_1_491' title='bbox 2391 5802 2537 5862; x_wconf 87' lang='lat' dir='ltr'><strong>diem</strong></span> 
     </span>
    </p>
   </div>
   <div class='ocr_carea' id='block_1_77' title="bbox 2635 1887 4233 1962">
    <p class='ocr_par' dir='ltr' id='par_1_77' title="bbox 2635 1887 4233 1962">
     <span class='ocr_line' id='line_1_77' title="bbox 2635 1887 4233 1962; baseline 0 -19"><span class='ocrx_word' id='word_1_492' title='bbox 2635 1891 2914 1960; x_wconf 86' lang='grc' dir='ltr'>βασιλείαν</span> <span class='ocrx_word' id='word_1_493' title='bbox 2948 1891 3136 1956; x_wconf 80' lang='grc' dir='ltr'>αὑτοῦ,</span> <span class='ocrx_word' id='word_1_494' title='bbox 3163 1891 3260 1946; x_wconf 69' lang='grc' dir='ltr'>καὶ</span> <span class='ocrx_word' id='word_1_495' title='bbox 3285 1887 3352 1962; x_wconf 80' lang='grc' dir='ltr'>ἦν</span> <span class='ocrx_word' id='word_1_496' title='bbox 3374 1891 3572 1962; x_wconf 84' lang='grc' dir='ltr'>Δανιὴλ</span> <span class='ocrx_word' id='word_1_497' title='bbox 3601 1891 3915 1961; x_wconf 77' lang='grc' dir='ltr'>συμϐιωτὴς</span> <span class='ocrx_word' id='word_1_498' title='bbox 3934 1891 4028 1943; x_wconf 79' lang='grc' dir='ltr'><strong>τοῦ</strong></span> <span class='ocrx_word' id='word_1_499' title='bbox 4064 1891 4233 1960; x_wconf 85' lang='grc' dir='ltr'>βασι-</span> 
     </span>
    </p>
   </div>
   <div class='ocr_carea' id='block_1_78' title="bbox 2632 1982 4124 2054">
    <p class='ocr_par' dir='ltr' id='par_1_78' title="bbox 2632 1982 4124 2054">
     <span class='ocr_line' id='line_1_78' title="bbox 2632 1982 4124 2054; baseline 0.001 -18"><span class='ocrx_word' id='word_1_500' title='bbox 2632 1982 2788 2048; x_wconf 88' lang='grc' dir='ltr'>λέως,</span> <span class='ocrx_word' id='word_1_501' title='bbox 2817 1985 2912 2036; x_wconf 78' lang='grc' dir='ltr'>καὶ</span> <span class='ocrx_word' id='word_1_502' title='bbox 2938 1983 3147 2048; x_wconf 74' lang='grc' dir='ltr'>ἔνδοξος</span> <span class='ocrx_word' id='word_1_503' title='bbox 3174 1983 3314 2054; x_wconf 82' lang='grc' dir='ltr'>ὑπὲρ</span> <span class='ocrx_word' id='word_1_504' title='bbox 3341 1983 3548 2047; x_wconf 87' lang='grc' dir='ltr'>πάντας</span> <span class='ocrx_word' id='word_1_505' title='bbox 3571 1984 3697 2048; x_wconf 78' lang='grc' dir='ltr'>τοὺς</span> <span class='ocrx_word' id='word_1_506' title='bbox 3722 1983 3909 2054; x_wconf 83' lang='grc' dir='ltr'>φίλους</span> <span class='ocrx_word' id='word_1_507' title='bbox 3932 1983 4124 2038; x_wconf 76' lang='grc' dir='ltr'>αὑτοῦ.</span> 
     </span>
    </p>
   </div>
   <div class='ocr_carea' id='block_1_79' title="bbox 3154 2093 3683 2149">
    <p class='ocr_par' dir='ltr' id='par_1_79' title="bbox 3154 2093 3683 2149">
     <span class='ocr_line' id='line_1_79' title="bbox 3154 2093 3683 2149; baseline 0 -1"><span class='ocrx_word' id='word_1_508' title='bbox 3154 2096 3551 2149; x_wconf 80' lang='grc' dir='ltr'><strong>ΚΕΦΑΛΔΙΟΝ</strong></span> <span class='ocrx_word' id='word_1_509' title='bbox 3585 2093 3683 2149; x_wconf 85' lang='lat' dir='ltr'><strong>II&quot;.</strong></span> 
     </span>
    </p>
   </div>
   <div class='ocr_carea' id='block_1_80' title="bbox 2704 2182 4231 2260">
    <p class='ocr_par' dir='ltr' id='par_1_80' title="bbox 2704 2182 4231 2260">
     <span class='ocr_line' id='line_1_80' title="bbox 2704 2182 4231 2260; baseline 0.001 -19"><span class='ocrx_word' id='word_1_510' title='bbox 2704 2188 2756 2244; x_wconf 88' lang='lat'><strong>1.</strong></span> <span class='ocrx_word' id='word_1_511' title='bbox 2783 2187 2893 2241; x_wconf 90' lang='lat' dir='ltr'><strong>Kal</strong></span> <span class='ocrx_word' id='word_1_512' title='bbox 2921 2182 2989 2259; x_wconf 83' lang='grc' dir='ltr'>ἦν</span> <span class='ocrx_word' id='word_1_513' title='bbox 3010 2187 3146 2260; x_wconf 83' lang='grc' dir='ltr'>ἀνὴρ</span> <span class='ocrx_word' id='word_1_514' title='bbox 3167 2188 3332 2242; x_wconf 88' lang='grc' dir='ltr'>οίκῶν</span> <span class='ocrx_word' id='word_1_515' title='bbox 3348 2190 3406 2242; x_wconf 84' lang='grc' dir='ltr'><strong>ἐν</strong></span> <span class='ocrx_word' id='word_1_516' title='bbox 3431 2187 3731 2254; x_wconf 85' lang='grc' dir='ltr'>Βαϐυλῶνι,</span> <span class='ocrx_word' id='word_1_517' title='bbox 3754 2188 3848 2242; x_wconf 71' lang='grc' dir='ltr'>καὶ</span> <span class='ocrx_word' id='word_1_518' title='bbox 3868 2189 4042 2260; x_wconf 75' lang='grc' dir='ltr'>ὄνομα</span> <span class='ocrx_word' id='word_1_519' title='bbox 4067 2188 4231 2260; x_wconf 77' lang='grc' dir='ltr'>αὐτῷ</span> 
     </span>
    </p>
   </div>
   <div class='ocr_carea' id='block_1_81' title="bbox 2649 2281 2923 2351">
    <p class='ocr_par' dir='ltr' id='par_1_81' title="bbox 2649 2281 2923 2351">
     <span class='ocr_line' id='line_1_81' title="bbox 2649 2281 2923 2351; baseline 0.004 -16"><span class='ocrx_word' id='word_1_520' title='bbox 2649 2281 2923 2351; x_wconf 85' lang='grc' dir='ltr'>Ἰωακείμ.</span> 
     </span>
    </p>
   </div>
   <div class='ocr_carea' id='block_1_82' title="bbox 2701 2368 4230 2448">
    <p class='ocr_par' dir='ltr' id='par_1_82' title="bbox 2701 2368 4230 2448">
     <span class='ocr_line' id='line_1_82' title="bbox 2701 2368 4230 2448; baseline 0.002 -22"><span class='ocrx_word' id='word_1_521' title='bbox 2701 2373 2758 2428; x_wconf 87' lang='grc'><strong>2.</strong></span> <span class='ocrx_word' id='word_1_522' title='bbox 2795 2374 2907 2427; x_wconf 91' lang='lat' dir='ltr'><strong>Kal</strong></span> <span class='ocrx_word' id='word_1_523' title='bbox 2944 2371 3104 2428; x_wconf 79' lang='grc' dir='ltr'>ἔλαϐε</span> <span class='ocrx_word' id='word_1_524' title='bbox 3130 2376 3387 2441; x_wconf 82' lang='grc' dir='ltr'>γυναῖκα,</span> <span class='ocrx_word' id='word_1_525' title='bbox 3433 2368 3666 2448; x_wconf 79' lang='grc' dir='ltr'>ᾖδνομα</span> <span class='ocrx_word' id='word_1_526' title='bbox 3699 2375 4004 2440; x_wconf 86' lang='grc' dir='ltr'>Σουσάννα,</span> <span class='ocrx_word' id='word_1_527' title='bbox 4046 2375 4230 2444; x_wconf 80' lang='grc' dir='ltr'>θυγά-</span> 
     </span>
    </p>
   </div>
   <div class='ocr_carea' id='block_1_83' title="bbox 2631 2465 4228 2540">
    <p class='ocr_par' dir='ltr' id='par_1_83' title="bbox 2631 2465 4228 2540">
     <span class='ocr_line' id='line_1_83' title="bbox 2631 2465 4228 2540; baseline 0.001 -22"><span class='ocrx_word' id='word_1_528' title='bbox 2631 2482 2738 2536; x_wconf 88' lang='grc' dir='ltr'>τηρ</span> <span class='ocrx_word' id='word_1_529' title='bbox 2763 2466 3018 2532; x_wconf 79' lang='grc' dir='ltr'>Χελκίου,</span> <span class='ocrx_word' id='word_1_530' title='bbox 3050 2466 3189 2538; x_wconf 83' lang='grc' dir='ltr'>καλὴ</span> <span class='ocrx_word' id='word_1_531' title='bbox 3215 2465 3452 2538; x_wconf 85' lang='grc' dir='ltr'>σφόδρα,</span> <span class='ocrx_word' id='word_1_532' title='bbox 3493 2467 3588 2521; x_wconf 74' lang='grc' dir='ltr'>καὶ</span> <span class='ocrx_word' id='word_1_533' title='bbox 3623 2467 3930 2540; x_wconf 83' lang='grc' dir='ltr'>φοϐουμένη</span> <span class='ocrx_word' id='word_1_534' title='bbox 3964 2467 4062 2521; x_wconf 84' lang='grc' dir='ltr'>τὸν</span> <span class='ocrx_word' id='word_1_535' title='bbox 4102 2468 4228 2522; x_wconf 81' lang='grc' dir='ltr'><strong>Κύ-</strong></span> 
     </span>
    </p>
   </div>
   <div class='ocr_carea' id='block_1_84' title="bbox 2636 2574 2771 2628">
    <p class='ocr_par' dir='ltr' id='par_1_84' title="bbox 2636 2574 2771 2628">
     <span class='ocr_line' id='line_1_84' title="bbox 2636 2574 2771 2628; baseline 0.022 -18"><span class='ocrx_word' id='word_1_536' title='bbox 2636 2574 2771 2628; x_wconf 87' lang='grc' dir='ltr'>ριον.</span> 
     </span>
    </p>
   </div>
   <div class='ocr_carea' id='block_1_85' title="bbox 2706 2647 4229 2722">
    <p class='ocr_par' dir='ltr' id='par_1_85' title="bbox 2706 2647 4229 2722">
     <span class='ocr_line' id='line_1_85' title="bbox 2706 2647 4229 2722; baseline -0.001 -18"><span class='ocrx_word' id='word_1_537' title='bbox 2706 2649 2758 2704; x_wconf 79' lang='lat'><strong>5.</strong></span> <span class='ocrx_word' id='word_1_538' title='bbox 2780 2647 2889 2703; x_wconf 88' lang='lat' dir='ltr'><strong>Kal</strong></span> <span class='ocrx_word' id='word_1_539' title='bbox 2922 2649 2972 2702; x_wconf 88' lang='grc' dir='ltr'><strong>οί</strong></span> <span class='ocrx_word' id='word_1_540' title='bbox 2997 2651 3178 2718; x_wconf 81' lang='grc' dir='ltr'>γονεῖς</span> <span class='ocrx_word' id='word_1_541' title='bbox 3206 2649 3376 2719; x_wconf 82' lang='grc' dir='ltr'>αὐτῆς</span> <span class='ocrx_word' id='word_1_542' title='bbox 3421 2649 3654 2712; x_wconf 85' lang='grc' dir='ltr'>δίκαιοι,</span> <span class='ocrx_word' id='word_1_543' title='bbox 3691 2650 3785 2706; x_wconf 75' lang='grc' dir='ltr'><strong>καὶ</strong></span> <span class='ocrx_word' id='word_1_544' title='bbox 3829 2651 4078 2716; x_wconf 80' lang='grc' dir='ltr'>ἐδίδαξαν</span> <span class='ocrx_word' id='word_1_545' title='bbox 4120 2651 4229 2722; x_wconf 80' lang='grc' dir='ltr'>τὴν</span> 
     </span>
    </p>
   </div>
   <div class='ocr_carea' id='block_1_86' title="bbox 2635 2741 3825 2814">
    <p class='ocr_par' dir='ltr' id='par_1_86' title="bbox 2635 2741 3825 2814">
     <span class='ocr_line' id='line_1_86' title="bbox 2635 2741 3825 2814; baseline 0.002 -19"><span class='ocrx_word' id='word_1_546' title='bbox 2635 2741 2914 2812; x_wconf 85' lang='grc' dir='ltr'>θυγατέρα</span> <span class='ocrx_word' id='word_1_547' title='bbox 2944 2741 3125 2794; x_wconf 84' lang='grc' dir='ltr'>αὐτῶν</span> <span class='ocrx_word' id='word_1_548' title='bbox 3152 2741 3297 2795; x_wconf 82' lang='grc' dir='ltr'>κατὰ</span> <span class='ocrx_word' id='word_1_549' title='bbox 3327 2741 3418 2795; x_wconf 80' lang='grc' dir='ltr'>τὸν</span> <span class='ocrx_word' id='word_1_550' title='bbox 3448 2743 3612 2812; x_wconf 91' lang='grc' dir='ltr'>νόμον</span> <span class='ocrx_word' id='word_1_551' title='bbox 3635 2743 3825 2814; x_wconf 87' lang='grc' dir='ltr'><strong>Μωσῆ.</strong></span> 
     </span>
    </p>
   </div>
   <div class='ocr_carea' id='block_1_87' title="bbox 2707 2828 4230 2906">
    <p class='ocr_par' dir='ltr' id='par_1_87' title="bbox 2707 2828 4230 2906">
     <span class='ocr_line' id='line_1_87' title="bbox 2707 2828 4230 2906; baseline 0.001 -20"><span class='ocrx_word' id='word_1_552' title='bbox 2707 2833 2760 2886; x_wconf 78' lang='grc'><strong>4.</strong></span> <span class='ocrx_word' id='word_1_553' title='bbox 2793 2833 2900 2886; x_wconf 85' lang='lat' dir='ltr'><strong>Kal</strong></span> <span class='ocrx_word' id='word_1_554' title='bbox 2915 2828 2984 2901; x_wconf 83' lang='grc' dir='ltr'>ἦν</span> <span class='ocrx_word' id='word_1_555' title='bbox 3023 2833 3284 2905; x_wconf 76' lang='grc' dir='ltr'>Ἰωακεὶμ</span> <span class='ocrx_word' id='word_1_556' title='bbox 3313 2833 3568 2898; x_wconf 88' lang='grc' dir='ltr'>πλούσιος</span> <span class='ocrx_word' id='word_1_557' title='bbox 3597 2834 3824 2906; x_wconf 85' lang='grc' dir='ltr'>σφόδρα,</span> <span class='ocrx_word' id='word_1_558' title='bbox 3857 2835 3948 2889; x_wconf 75' lang='grc' dir='ltr'>καὶ</span> <span class='ocrx_word' id='word_1_559' title='bbox 3966 2830 4037 2906; x_wconf 78' lang='grc' dir='ltr'>ἦν</span> <span class='ocrx_word' id='word_1_560' title='bbox 4066 2835 4230 2906; x_wconf 72' lang='grc' dir='ltr'>αὐτῷ</span> 
     </span>
    </p>
   </div>
   <div class='ocr_carea' id='block_1_88' title="bbox 2635 2926 4230 3001">
    <p class='ocr_par' dir='ltr' id='par_1_88' title="bbox 2635 2926 4230 3001">
     <span class='ocr_line' id='line_1_88' title="bbox 2635 2926 4230 3001; baseline -0.001 -19"><span class='ocrx_word' id='word_1_561' title='bbox 2635 2927 2963 3001; x_wconf 84' lang='grc' dir='ltr'>παράδεισος</span> <span class='ocrx_word' id='word_1_562' title='bbox 2999 2927 3249 2996; x_wconf 86' lang='grc' dir='ltr'>γειτνιῶν</span> <span class='ocrx_word' id='word_1_563' title='bbox 3283 2926 3360 2997; x_wconf 87' lang='grc' dir='ltr'>τῷ</span> <span class='ocrx_word' id='word_1_564' title='bbox 3393 2927 3524 2997; x_wconf 82' lang='grc' dir='ltr'>οτκῳ</span> <span class='ocrx_word' id='word_1_565' title='bbox 3550 2926 3738 2985; x_wconf 80' lang='grc' dir='ltr'>αὑτοῦ,</span> <span class='ocrx_word' id='word_1_566' title='bbox 3761 2926 4020 2998; x_wconf 77' lang='grc' dir='ltr'>καὶπρὸς</span> <span class='ocrx_word' id='word_1_567' title='bbox 4055 2927 4230 2981; x_wconf 77' lang='grc' dir='ltr'>αὑτὸν</span> 
     </span>
    </p>
   </div>
   <div class='ocr_carea' id='block_1_89' title="bbox 2641 3013 4230 3093">
    <p class='ocr_par' dir='ltr' id='par_1_89' title="bbox 2641 3013 4230 3093">
     <span class='ocr_line' id='line_1_89' title="bbox 2641 3013 4230 3093; baseline -0.001 -18"><span class='ocrx_word' id='word_1_568' title='bbox 2641 3022 2934 3093; x_wconf 84' lang='grc' dir='ltr'>συνήγοντο</span> <span class='ocrx_word' id='word_1_569' title='bbox 2958 3022 3007 3074; x_wconf 83' lang='grc' dir='ltr'>οἱ</span> <span class='ocrx_word' id='word_1_570' title='bbox 3039 3019 3302 3086; x_wconf 81' lang='grc' dir='ltr'>Ἰουδαῖοι,</span> <span class='ocrx_word' id='word_1_571' title='bbox 3330 3019 3418 3074; x_wconf 85' lang='grc' dir='ltr'><strong>διὰ</strong></span> <span class='ocrx_word' id='word_1_572' title='bbox 3435 3019 3496 3073; x_wconf 83' lang='grc' dir='ltr'>τὸ</span> <span class='ocrx_word' id='word_1_573' title='bbox 3516 3013 3656 3074; x_wconf 79' lang='grc' dir='ltr'>εἶναι</span> <span class='ocrx_word' id='word_1_574' title='bbox 3685 3019 3846 3074; x_wconf 79' lang='grc' dir='ltr'>αὐτὸν</span> <span class='ocrx_word' id='word_1_575' title='bbox 3878 3019 4230 3090; x_wconf 79' lang='grc' dir='ltr'>ἐνδοξότερον</span> 
     </span>
    </p>
   </div>
   <div class='ocr_carea' id='block_1_90' title="bbox 2563 3115 2878 3180">
    <p class='ocr_par' dir='ltr' id='par_1_90' title="bbox 2563 3115 2878 3180">
     <span class='ocr_line' id='line_1_90' title="bbox 2563 3115 2878 3180; baseline -0.003 -12"><span class='ocrx_word' id='word_1_576' title='bbox 2563 3122 2607 3180; x_wconf 85' lang='lat' dir='ltr'><strong>C</strong></span> <span class='ocrx_word' id='word_1_577' title='bbox 2641 3115 2878 3169; x_wconf 86' lang='grc' dir='ltr'>πάντων.</span> 
     </span>
    </p>
   </div>
   <div class='ocr_carea' id='block_1_91' title="bbox 2714 3202 4226 3276">
    <p class='ocr_par' dir='ltr' id='par_1_91' title="bbox 2714 3202 4226 3276">
     <span class='ocr_line' id='line_1_91' title="bbox 2714 3202 4226 3276; baseline -0.002 -16"><span class='ocrx_word' id='word_1_578' title='bbox 2714 3206 2767 3262; x_wconf 79' lang='lat'><strong>5.</strong></span> <span class='ocrx_word' id='word_1_579' title='bbox 2802 3205 2915 3260; x_wconf 89' lang='lat' dir='ltr'><strong>Kal</strong></span> <span class='ocrx_word' id='word_1_580' title='bbox 2939 3204 3341 3275; x_wconf 82' lang='grc' dir='ltr'>ἀπεδείχθησαν</span> <span class='ocrx_word' id='word_1_581' title='bbox 3360 3205 3453 3259; x_wconf 90' lang='grc' dir='ltr'><strong>δύο</strong></span> <span class='ocrx_word' id='word_1_582' title='bbox 3482 3202 3841 3276; x_wconf 89' lang='grc' dir='ltr'>πρεσϐύτεροι</span> <span class='ocrx_word' id='word_1_583' title='bbox 3873 3203 3938 3256; x_wconf 89' lang='grc' dir='ltr'><strong>ἐκ</strong></span> <span class='ocrx_word' id='word_1_584' title='bbox 3967 3203 4064 3256; x_wconf 81' lang='grc' dir='ltr'>τοῦ</span> <span class='ocrx_word' id='word_1_585' title='bbox 4090 3203 4226 3257; x_wconf 78' lang='grc' dir='ltr'>λαοῦ</span> 
     </span>
    </p>
   </div>
   <div class='ocr_carea' id='block_1_92' title="bbox 2645 3289 4228 3368">
    <p class='ocr_par' dir='ltr' id='par_1_92' title="bbox 2645 3289 4228 3368">
     <span class='ocr_line' id='line_1_92' title="bbox 2645 3289 4228 3368; baseline -0.001 -17"><span class='ocrx_word' id='word_1_586' title='bbox 2645 3298 2832 3368; x_wconf 76' lang='grc' dir='ltr'>κριταὶ</span> <span class='ocrx_word' id='word_1_587' title='bbox 2855 3298 2914 3350; x_wconf 91' lang='grc' dir='ltr'><strong>ἐν</strong></span> <span class='ocrx_word' id='word_1_588' title='bbox 2943 3296 3020 3366; x_wconf 84' lang='grc' dir='ltr'>τῷ</span> <span class='ocrx_word' id='word_1_589' title='bbox 3069 3294 3299 3367; x_wconf 79' lang='grc' dir='ltr'>ἐνιαυτῷ</span> <span class='ocrx_word' id='word_1_590' title='bbox 3331 3295 3557 3367; x_wconf 87' lang='grc' dir='ltr'>ἐκείνῳ,</span> <span class='ocrx_word' id='word_1_591' title='bbox 3598 3295 3726 3364; x_wconf 77' lang='grc' dir='ltr'>περὶ</span> <span class='ocrx_word' id='word_1_592' title='bbox 3767 3289 3840 3349; x_wconf 83' lang='grc' dir='ltr'>ὦν</span> <span class='ocrx_word' id='word_1_593' title='bbox 3883 3296 4154 3366; x_wconf 86' lang='grc' dir='ltr'>ἐλάλησεν</span> <span class='ocrx_word' id='word_1_594' title='bbox 4201 3299 4228 3349; x_wconf 88' lang='lat'><strong>6</strong></span> 
     </span>
    </p>
   </div>
   <div class='ocr_carea' id='block_1_93' title="bbox 2643 3386 4228 3458">
    <p class='ocr_par' dir='ltr' id='par_1_93' title="bbox 2643 3386 4228 3458">
     <span class='ocr_line' id='line_1_93' title="bbox 2643 3386 4228 3458; baseline 0 -18"><span class='ocrx_word' id='word_1_595' title='bbox 2643 3387 2923 3457; x_wconf 84' lang='grc' dir='ltr'>Δεσπότης</span> <span class='ocrx_word' id='word_1_596' title='bbox 2947 3387 3028 3440; x_wconf 87' lang='grc' dir='ltr'>ὃτι</span> <span class='ocrx_word' id='word_1_597' title='bbox 3051 3386 3272 3456; x_wconf 83' lang='grc' dir='ltr'>ἐξῆλθεν</span> <span class='ocrx_word' id='word_1_598' title='bbox 3300 3386 3500 3456; x_wconf 82' lang='grc' dir='ltr'>ἀνομία</span> <span class='ocrx_word' id='word_1_599' title='bbox 3525 3388 3588 3440; x_wconf 92' lang='grc' dir='ltr'><strong>ἐκ</strong></span> <span class='ocrx_word' id='word_1_600' title='bbox 3613 3387 3932 3450; x_wconf 83' lang='grc' dir='ltr'>Βαϐυλῶνος</span> <span class='ocrx_word' id='word_1_601' title='bbox 3966 3389 4032 3440; x_wconf 88' lang='grc' dir='ltr'><strong>ἐκ</strong></span> <span class='ocrx_word' id='word_1_602' title='bbox 4088 3405 4228 3458; x_wconf 64' lang='grc' dir='ltr'>πρε-</span> 
     </span>
    </p>
   </div>
   <div class='ocr_carea' id='block_1_94' title="bbox 2645 3478 4077 3551">
    <p class='ocr_par' dir='ltr' id='par_1_94' title="bbox 2645 3478 4077 3551">
     <span class='ocr_line' id='line_1_94' title="bbox 2645 3478 4077 3551; baseline 0.001 -17"><span class='ocrx_word' id='word_1_603' title='bbox 2645 3480 2924 3551; x_wconf 86' lang='grc' dir='ltr'>σϐυτέρων</span> <span class='ocrx_word' id='word_1_604' title='bbox 2953 3478 3178 3551; x_wconf 87' lang='grc' dir='ltr'>κριτῶν,</span> <span class='ocrx_word' id='word_1_605' title='bbox 3204 3479 3252 3532; x_wconf 86' lang='grc' dir='ltr'>οἳ</span> <span class='ocrx_word' id='word_1_606' title='bbox 3274 3479 3493 3532; x_wconf 88' lang='grc' dir='ltr'>ἐδόκουν</span> <span class='ocrx_word' id='word_1_607' title='bbox 3521 3479 3791 3550; x_wconf 84' lang='grc' dir='ltr'>κυϐερνᾷν</span> <span class='ocrx_word' id='word_1_608' title='bbox 3807 3479 3896 3532; x_wconf 83' lang='grc' dir='ltr'><strong>τὸν</strong></span> <span class='ocrx_word' id='word_1_609' title='bbox 3928 3479 4077 3535; x_wconf 85' lang='grc' dir='ltr'>λαόν.</span> 
     </span>
    </p>
   </div>
   <div class='ocr_carea' id='block_1_95' title="bbox 2713 3567 4225 3644">
    <p class='ocr_par' dir='ltr' id='par_1_95' title="bbox 2713 3567 4225 3644">
     <span class='ocr_line' id='line_1_95' title="bbox 2713 3567 4225 3644; baseline -0.001 -16"><span class='ocrx_word' id='word_1_610' title='bbox 2713 3574 2769 3629; x_wconf 84' lang='grc'>6.</span> <span class='ocrx_word' id='word_1_611' title='bbox 2800 3567 2958 3628; x_wconf 73' lang='grc' dir='ltr'>Οὗτοι</span> <span class='ocrx_word' id='word_1_612' title='bbox 2990 3571 3467 3644; x_wconf 85' lang='grc' dir='ltr'>προσεκαρτέρουν</span> <span class='ocrx_word' id='word_1_613' title='bbox 3502 3574 3568 3642; x_wconf 87' lang='grc' dir='ltr'><strong>τῇ</strong></span> <span class='ocrx_word' id='word_1_614' title='bbox 3612 3572 3758 3643; x_wconf 73' lang='grc' dir='ltr'>οίκίᾳ</span> <span class='ocrx_word' id='word_1_615' title='bbox 3799 3573 4074 3642; x_wconf 70' lang='grc' dir='ltr'>Ἰωακεὶμ,</span> <span class='ocrx_word' id='word_1_616' title='bbox 4131 3573 4225 3626; x_wconf 84' lang='grc' dir='ltr'>καὶ</span> 
     </span>
    </p>
   </div>
   <div class='ocr_carea' id='block_1_96' title="bbox 2643 3664 3944 3737">
    <p class='ocr_par' dir='ltr' id='par_1_96' title="bbox 2643 3664 3944 3737">
     <span class='ocr_line' id='line_1_96' title="bbox 2643 3664 3944 3737; baseline -0.003 -15"><span class='ocrx_word' id='word_1_617' title='bbox 2643 3667 2874 3737; x_wconf 79' lang='grc' dir='ltr'>ἦρχοντο</span> <span class='ocrx_word' id='word_1_618' title='bbox 2905 3665 3042 3736; x_wconf 84' lang='grc' dir='ltr'>πρὸς</span> <span class='ocrx_word' id='word_1_619' title='bbox 3071 3665 3268 3727; x_wconf 81' lang='grc' dir='ltr'>αὐτοὺς</span> <span class='ocrx_word' id='word_1_620' title='bbox 3302 3665 3504 3728; x_wconf 85' lang='grc' dir='ltr'>πάντες</span> <span class='ocrx_word' id='word_1_621' title='bbox 3525 3666 3573 3718; x_wconf 78' lang='lat' dir='ltr'><strong>oi</strong></span> <span class='ocrx_word' id='word_1_622' title='bbox 3613 3664 3944 3735; x_wconf 89' lang='grc' dir='ltr'>κρινόμενοι.</span> 
     </span>
    </p>
   </div>
   <div class='ocr_carea' id='block_1_97' title="bbox 2715 3756 4225 3829">
    <p class='ocr_par' dir='ltr' id='par_1_97' title="bbox 2715 3756 4225 3829">
     <span class='ocr_line' id='line_1_97' title="bbox 2715 3756 4225 3829; baseline -0.003 -17"><span class='ocrx_word' id='word_1_623' title='bbox 2715 3760 2769 3813; x_wconf 94' lang='grc'><strong>7.</strong></span> <span class='ocrx_word' id='word_1_624' title='bbox 2793 3758 2904 3812; x_wconf 87' lang='lat' dir='ltr'><strong>Kal</strong></span> <span class='ocrx_word' id='word_1_625' title='bbox 2933 3757 3150 3827; x_wconf 88' lang='grc' dir='ltr'>ἐγένετο</span> <span class='ocrx_word' id='word_1_626' title='bbox 3177 3757 3340 3829; x_wconf 85' lang='grc' dir='ltr'>ήνίκα</span> <span class='ocrx_word' id='word_1_627' title='bbox 3361 3757 3662 3828; x_wconf 87' lang='grc' dir='ltr'>ἀπέτρεχεν</span> <span class='ocrx_word' id='word_1_628' title='bbox 3680 3759 3709 3810; x_wconf 92' lang='lat'><strong>6</strong></span> <span class='ocrx_word' id='word_1_629' title='bbox 3736 3756 3863 3819; x_wconf 76' lang='grc' dir='ltr'>λαὸς</span> <span class='ocrx_word' id='word_1_630' title='bbox 3899 3756 4063 3826; x_wconf 82' lang='grc' dir='ltr'>μέσον</span> <span class='ocrx_word' id='word_1_631' title='bbox 4085 3757 4225 3826; x_wconf 74' lang='grc' dir='ltr'>ἡμέ-</span> 
     </span>
    </p>
   </div>
   <div class='ocr_carea' id='block_1_98' title="bbox 2649 3849 4226 3924">
    <p class='ocr_par' dir='ltr' id='par_1_98' title="bbox 2649 3849 4226 3924">
     <span class='ocr_line' id='line_1_98' title="bbox 2649 3849 4226 3924; baseline -0.004 -18"><span class='ocrx_word' id='word_1_632' title='bbox 2649 3870 2767 3924; x_wconf 86' lang='grc' dir='ltr'>ρας,</span> <span class='ocrx_word' id='word_1_633' title='bbox 2796 3851 3173 3923; x_wconf 77' lang='grc' dir='ltr'>εἰσεπορεύετο</span> <span class='ocrx_word' id='word_1_634' title='bbox 3208 3851 3483 3905; x_wconf 88' lang='grc' dir='ltr'>Σουσάννα</span> <span class='ocrx_word' id='word_1_635' title='bbox 3508 3891 3525 3918; x_wconf 95' lang='grc'><strong>,</strong></span> <span class='ocrx_word' id='word_1_636' title='bbox 3566 3851 3660 3904; x_wconf 82' lang='grc' dir='ltr'>καὶ</span> <span class='ocrx_word' id='word_1_637' title='bbox 3692 3850 4016 3920; x_wconf 83' lang='grc' dir='ltr'>περιεπάτει</span> <span class='ocrx_word' id='word_1_638' title='bbox 4043 3851 4102 3902; x_wconf 89' lang='grc' dir='ltr'>ὲν</span> <span class='ocrx_word' id='word_1_639' title='bbox 4148 3849 4226 3920; x_wconf 80' lang='grc' dir='ltr'><strong>τῷ</strong></span> 
     </span>
    </p>
   </div>
   <div class='ocr_carea' id='block_1_99' title="bbox 2644 3943 3522 4016">
    <p class='ocr_par' dir='ltr' id='par_1_99' title="bbox 2644 3943 3522 4016">
     <span class='ocr_line' id='line_1_99' title="bbox 2644 3943 3522 4016; baseline 0 -17"><span class='ocrx_word' id='word_1_640' title='bbox 2644 3944 2960 4016; x_wconf 88' lang='grc' dir='ltr'>παραδείσῳ</span> <span class='ocrx_word' id='word_1_641' title='bbox 2991 3945 3086 3998; x_wconf 81' lang='grc' dir='ltr'>τοῦ</span> <span class='ocrx_word' id='word_1_642' title='bbox 3120 3945 3314 4016; x_wconf 88' lang='grc' dir='ltr'>ἀνδρὸς</span> <span class='ocrx_word' id='word_1_643' title='bbox 3333 3943 3522 4014; x_wconf 80' lang='grc' dir='ltr'>αὐτῆς.</span> 
     </span>
    </p>
   </div>
   <div class='ocr_carea' id='block_1_100' title="bbox 2717 4033 4227 4108">
    <p class='ocr_par' dir='ltr' id='par_1_100' title="bbox 2717 4033 4227 4108">
     <span class='ocr_line' id='line_1_100' title="bbox 2717 4033 4227 4108; baseline -0.004 -16"><span class='ocrx_word' id='word_1_644' title='bbox 2717 4037 2769 4092; x_wconf 88' lang='grc'><strong>8.</strong></span> <span class='ocrx_word' id='word_1_645' title='bbox 2793 4038 2904 4090; x_wconf 88' lang='lat' dir='ltr'><strong>Kal</strong></span> <span class='ocrx_word' id='word_1_646' title='bbox 2921 4035 3190 4108; x_wconf 84' lang='grc' dir='ltr'>ἐθεώρουν</span> <span class='ocrx_word' id='word_1_647' title='bbox 3216 4036 3385 4107; x_wconf 82' lang='grc' dir='ltr'>αὐτὴν</span> <span class='ocrx_word' id='word_1_648' title='bbox 3409 4036 3458 4089; x_wconf 88' lang='grc' dir='ltr'><strong>οί</strong></span> <span class='ocrx_word' id='word_1_649' title='bbox 3477 4034 3838 4107; x_wconf 87' lang='grc' dir='ltr'>πρεσϐύτεροι</span> <span class='ocrx_word' id='word_1_650' title='bbox 3865 4033 3989 4088; x_wconf 86' lang='grc' dir='ltr'>καθ’</span> <span class='ocrx_word' id='word_1_651' title='bbox 4009 4033 4227 4105; x_wconf 78' lang='grc' dir='ltr'>ἡμέραν</span> 
     </span>
    </p>
   </div>
   <div class='ocr_carea' id='block_1_101' title="bbox 2646 4126 4229 4200">
    <p class='ocr_par' dir='ltr' id='par_1_101' title="bbox 2646 4126 4229 4200">
     <span class='ocr_line' id='line_1_101' title="bbox 2646 4126 4229 4200; baseline -0.001 -18"><span class='ocrx_word' id='word_1_652' title='bbox 2646 4129 3130 4200; x_wconf 76' lang='grc' dir='ltr'>εἰσπορευομένην,</span> <span class='ocrx_word' id='word_1_653' title='bbox 3162 4130 3258 4183; x_wconf 78' lang='grc' dir='ltr'>καὶ</span> <span class='ocrx_word' id='word_1_654' title='bbox 3284 4128 3696 4199; x_wconf 81' lang='grc' dir='ltr'>περιπατοῦσαν</span> <span class='ocrx_word' id='word_1_655' title='bbox 3719 4167 3735 4192; x_wconf 91' lang='grc'><strong>,</strong></span> <span class='ocrx_word' id='word_1_656' title='bbox 3769 4127 3863 4181; x_wconf 81' lang='grc' dir='ltr'>καὶ</span> <span class='ocrx_word' id='word_1_657' title='bbox 3888 4126 4142 4195; x_wconf 84' lang='grc' dir='ltr'>ἐγένοντο</span> <span class='ocrx_word' id='word_1_658' title='bbox 4171 4131 4229 4180; x_wconf 81' lang='grc' dir='ltr'><strong>ἐν</strong></span> 
     </span>
    </p>
   </div>
   <div class='ocr_carea' id='block_1_102' title="bbox 2645 4220 3139 4292">
    <p class='ocr_par' dir='ltr' id='par_1_102' title="bbox 2645 4220 3139 4292">
     <span class='ocr_line' id='line_1_102' title="bbox 2645 4220 3139 4292; baseline -0.004 -16"><span class='ocrx_word' id='word_1_659' title='bbox 2645 4222 2912 4292; x_wconf 84' lang='grc' dir='ltr'>ἐπιθυμίᾳ</span> <span class='ocrx_word' id='word_1_660' title='bbox 2949 4220 3139 4290; x_wconf 81' lang='grc' dir='ltr'>αὐτῆς.</span> 
     </span>
    </p>
   </div>
   <div class='ocr_carea' id='block_1_103' title="bbox 2715 4309 4228 4382">
    <p class='ocr_par' dir='ltr' id='par_1_103' title="bbox 2715 4309 4228 4382">
     <span class='ocr_line' id='line_1_103' title="bbox 2715 4309 4228 4382; baseline -0.004 -14"><span class='ocrx_word' id='word_1_661' title='bbox 2715 4314 2769 4368; x_wconf 90' lang='grc'><strong>9.</strong></span> <span class='ocrx_word' id='word_1_662' title='bbox 2803 4314 2914 4366; x_wconf 83' lang='lat' dir='ltr'><strong>Kal</strong></span> <span class='ocrx_word' id='word_1_663' title='bbox 2942 4311 3262 4382; x_wconf 80' lang='grc' dir='ltr'>διέστρεψαν</span> <span class='ocrx_word' id='word_1_664' title='bbox 3285 4311 3375 4364; x_wconf 76' lang='grc' dir='ltr'>τὸν</span> <span class='ocrx_word' id='word_1_665' title='bbox 3403 4311 3612 4365; x_wconf 87' lang='grc' dir='ltr'>ἐαυτῶν</span> <span class='ocrx_word' id='word_1_666' title='bbox 3641 4311 3787 4375; x_wconf 73' lang='grc' dir='ltr'>νοῦν,</span> <span class='ocrx_word' id='word_1_667' title='bbox 3813 4311 3908 4364; x_wconf 74' lang='grc' dir='ltr'>καὶ</span> <span class='ocrx_word' id='word_1_668' title='bbox 3944 4309 4228 4374; x_wconf 82' lang='grc' dir='ltr'>ἐξέκλιναν</span> 
     </span>
    </p>
   </div>
   <div class='ocr_carea' id='block_1_104' title="bbox 2645 4403 4226 4475">
    <p class='ocr_par' dir='ltr' id='par_1_104' title="bbox 2645 4403 4226 4475">
     <span class='ocr_line' id='line_1_104' title="bbox 2645 4403 4226 4475; baseline -0.001 -17"><span class='ocrx_word' id='word_1_669' title='bbox 2645 4408 2771 4470; x_wconf 80' lang='grc' dir='ltr'>τοὺς</span> <span class='ocrx_word' id='word_1_670' title='bbox 2798 4406 3108 4475; x_wconf 75' lang='grc' dir='ltr'>ὀφθαλμοὺς</span> <span class='ocrx_word' id='word_1_671' title='bbox 3129 4405 3327 4467; x_wconf 79' lang='grc' dir='ltr'>αὐτῶν,</span> <span class='ocrx_word' id='word_1_672' title='bbox 3360 4405 3454 4457; x_wconf 80' lang='grc' dir='ltr'>τοῦ</span> <span class='ocrx_word' id='word_1_673' title='bbox 3482 4404 3555 4475; x_wconf 83' lang='grc' dir='ltr'>μὴ</span> <span class='ocrx_word' id='word_1_674' title='bbox 3587 4405 3805 4474; x_wconf 85' lang='grc' dir='ltr'>βλέπειν</span> <span class='ocrx_word' id='word_1_675' title='bbox 3831 4405 3912 4468; x_wconf 84' lang='grc' dir='ltr'><strong>είς</strong></span> <span class='ocrx_word' id='word_1_676' title='bbox 3937 4404 4032 4457; x_wconf 87' lang='grc' dir='ltr'>τὸν</span> <span class='ocrx_word' id='word_1_677' title='bbox 4060 4403 4226 4475; x_wconf 82' lang='grc' dir='ltr'>ούρα-</span> 
     </span>
    </p>
   </div>
   <div class='ocr_carea' id='block_1_105' title="bbox 2576 4487 3914 4570">
    <p class='ocr_par' dir='ltr' id='par_1_105' title="bbox 2576 4487 3914 4570">
     <span class='ocr_line' id='line_1_105' title="bbox 2576 4487 3914 4570; baseline -0.004 -15"><span class='ocrx_word' id='word_1_678' title='bbox 2576 4487 2619 4542; x_wconf 81' lang='lat' dir='ltr'><strong>D</strong></span> <span class='ocrx_word' id='word_1_679' title='bbox 2644 4500 2756 4559; x_wconf 86' lang='grc' dir='ltr'>νδν.</span> <span class='ocrx_word' id='word_1_680' title='bbox 2793 4499 2928 4570; x_wconf 88' lang='grc' dir='ltr'><strong>μηδέ</strong></span> <span class='ocrx_word' id='word_1_681' title='bbox 2965 4496 3321 4568; x_wconf 88' lang='grc' dir='ltr'>μνημονεύειν</span> <span class='ocrx_word' id='word_1_682' title='bbox 3356 4497 3640 4567; x_wconf 85' lang='grc' dir='ltr'>κριμάτων</span> <span class='ocrx_word' id='word_1_683' title='bbox 3667 4498 3914 4552; x_wconf 89' lang='grc' dir='ltr'>δικαίων.</span> 
     </span>
    </p>
   </div>
   <div class='ocr_carea' id='block_1_106' title="bbox 2719 4587 4228 4662">
    <p class='ocr_par' dir='ltr' id='par_1_106' title="bbox 2719 4587 4228 4662">
     <span class='ocr_line' id='line_1_106' title="bbox 2719 4587 4228 4662; baseline -0.005 -16"><span class='ocrx_word' id='word_1_684' title='bbox 2719 4593 2803 4646; x_wconf 84' lang='lat'><strong>10.</strong></span> <span class='ocrx_word' id='word_1_685' title='bbox 2833 4591 2943 4646; x_wconf 86' lang='lat' dir='ltr'><strong>Kal</strong></span> <span class='ocrx_word' id='word_1_686' title='bbox 2973 4588 3112 4662; x_wconf 82' lang='grc' dir='ltr'>ἦσαν</span> <span class='ocrx_word' id='word_1_687' title='bbox 3144 4592 3443 4662; x_wconf 81' lang='grc' dir='ltr'>ἀμφότεροι</span> <span class='ocrx_word' id='word_1_688' title='bbox 3472 4588 3933 4658; x_wconf 85' lang='grc' dir='ltr'>κατανενυγμένοι</span> <span class='ocrx_word' id='word_1_689' title='bbox 3969 4588 4102 4657; x_wconf 69' lang='grc' dir='ltr'>περὶ</span> <span class='ocrx_word' id='word_1_690' title='bbox 4131 4587 4228 4639; x_wconf 76' lang='lat' dir='ltr'><strong>a6—</strong></span> 
     </span>
    </p>
   </div>
   <div class='ocr_carea' id='block_1_107' title="bbox 2645 4677 4224 4755">
    <p class='ocr_par' dir='ltr' id='par_1_107' title="bbox 2645 4677 4224 4755">
     <span class='ocr_line' id='line_1_107' title="bbox 2645 4677 4224 4755; baseline -0.006 -17"><span class='ocrx_word' id='word_1_691' title='bbox 2645 4685 2761 4755; x_wconf 76' lang='grc' dir='ltr'>τῆς,</span> <span class='ocrx_word' id='word_1_692' title='bbox 2792 4684 2886 4737; x_wconf 73' lang='grc' dir='ltr'><strong>καὶ</strong></span> <span class='ocrx_word' id='word_1_693' title='bbox 2912 4685 3011 4736; x_wconf 89' lang='grc' dir='ltr'><strong>ούκ</strong></span> <span class='ocrx_word' id='word_1_694' title='bbox 3039 4681 3382 4752; x_wconf 87' lang='grc' dir='ltr'>ἀπήγγειλαν</span> <span class='ocrx_word' id='word_1_695' title='bbox 3403 4680 3653 4749; x_wconf 84' lang='grc' dir='ltr'>ἀλλήλοις</span> <span class='ocrx_word' id='word_1_696' title='bbox 3673 4680 3772 4749; x_wconf 80' lang='grc' dir='ltr'>τὴν</span> <span class='ocrx_word' id='word_1_697' title='bbox 3799 4678 3993 4746; x_wconf 77' lang='grc' dir='ltr'>ὀδύνην</span> <span class='ocrx_word' id='word_1_698' title='bbox 4019 4677 4224 4729; x_wconf 74' lang='grc' dir='ltr'>αὐτῶν.</span> 
     </span>
    </p>
   </div>
   <div class='ocr_carea' id='block_1_108' title="bbox 2717 4766 4226 4844">
    <p class='ocr_par' dir='ltr' id='par_1_108' title="bbox 2717 4766 4226 4844">
     <span class='ocr_line' id='line_1_108' title="bbox 2717 4766 4226 4844; baseline -0.006 -17"><span class='ocrx_word' id='word_1_699' title='bbox 2717 4775 2804 4827; x_wconf 91' lang='grc'><strong>11.</strong></span> <span class='ocrx_word' id='word_1_700' title='bbox 2837 4773 2960 4827; x_wconf 88' lang='grc' dir='ltr'>Ὅτι</span> <span class='ocrx_word' id='word_1_701' title='bbox 2993 4773 3289 4844; x_wconf 77' lang='grc' dir='ltr'>ᾐσχύνοντο</span> <span class='ocrx_word' id='word_1_702' title='bbox 3319 4770 3646 4839; x_wconf 87' lang='grc' dir='ltr'>ἀπαγγεῖλαι</span> <span class='ocrx_word' id='word_1_703' title='bbox 3669 4769 3768 4839; x_wconf 82' lang='grc' dir='ltr'>τὴν</span> <span class='ocrx_word' id='word_1_704' title='bbox 3798 4766 4100 4836; x_wconf 83' lang='grc' dir='ltr'>ἐπιθυμίαν</span> <span class='ocrx_word' id='word_1_705' title='bbox 4129 4767 4226 4821; x_wconf 71' lang='grc' dir='ltr'><strong>αὖ-</strong></span> 
     </span>
    </p>
   </div>
   <div class='ocr_carea' id='block_1_109' title="bbox 2645 4864 3712 4937">
    <p class='ocr_par' dir='ltr' id='par_1_109' title="bbox 2645 4864 3712 4937">
     <span class='ocr_line' id='line_1_109' title="bbox 2645 4864 3712 4937; baseline -0.006 -16"><span class='ocrx_word' id='word_1_706' title='bbox 2645 4868 2774 4929; x_wconf 89' lang='grc' dir='ltr'>τῶν,</span> <span class='ocrx_word' id='word_1_707' title='bbox 2805 4868 2888 4920; x_wconf 83' lang='grc' dir='ltr'>ὅτι</span> <span class='ocrx_word' id='word_1_708' title='bbox 2925 4867 3116 4937; x_wconf 78' lang='grc' dir='ltr'>ἤθελον</span> <span class='ocrx_word' id='word_1_709' title='bbox 3149 4864 3511 4934; x_wconf 85' lang='grc' dir='ltr'>συγγενέσθαι</span> <span class='ocrx_word' id='word_1_710' title='bbox 3551 4865 3712 4932; x_wconf 79' lang='grc' dir='ltr'>αὐτῇ.</span> 
     </span>
    </p>
   </div>
   <div class='ocr_carea' id='block_1_110' title="bbox 2717 4952 4223 5030">
    <p class='ocr_par' dir='ltr' id='par_1_110' title="bbox 2717 4952 4223 5030">
     <span class='ocr_line' id='line_1_110' title="bbox 2717 4952 4223 5030; baseline -0.007 -16"><span class='ocrx_word' id='word_1_711' title='bbox 2717 4960 2804 5014; x_wconf 89' lang='grc'><strong>12.</strong></span> <span class='ocrx_word' id='word_1_712' title='bbox 2841 4960 2954 5013; x_wconf 89' lang='lat' dir='ltr'><strong>Kal</strong></span> <span class='ocrx_word' id='word_1_713' title='bbox 2988 4960 3332 5030; x_wconf 85' lang='grc' dir='ltr'>παρετήρουν</span> <span class='ocrx_word' id='word_1_714' title='bbox 3363 4957 3482 5010; x_wconf 89' lang='grc' dir='ltr'>καθ’</span> <span class='ocrx_word' id='word_1_715' title='bbox 3535 4954 3750 5026; x_wconf 86' lang='grc' dir='ltr'>ἡμέραν</span> <span class='ocrx_word' id='word_1_716' title='bbox 3801 4952 4103 5022; x_wconf 83' lang='grc' dir='ltr'>φιλοτίμως</span> <span class='ocrx_word' id='word_1_717' title='bbox 4132 4953 4223 5004; x_wconf 75' lang='grc' dir='ltr'>τοῦ</span> 
     </span>
    </p>
   </div>
   <div class='ocr_carea' id='block_1_111' title="bbox 2645 5044 3867 5124">
    <p class='ocr_par' dir='ltr' id='par_1_111' title="bbox 2645 5044 3867 5124">
     <span class='ocr_line' id='line_1_111' title="bbox 2645 5044 3867 5124; baseline -0.007 -19"><span class='ocrx_word' id='word_1_718' title='bbox 2645 5053 2776 5124; x_wconf 86' lang='grc' dir='ltr'>δρᾷν</span> <span class='ocrx_word' id='word_1_719' title='bbox 2806 5053 3007 5121; x_wconf 82' lang='grc' dir='ltr'>αὑτήν·</span> <span class='ocrx_word' id='word_1_720' title='bbox 3035 5049 3132 5104; x_wconf 73' lang='grc' dir='ltr'>καὶ</span> <span class='ocrx_word' id='word_1_721' title='bbox 3163 5047 3314 5102; x_wconf 78' lang='grc' dir='ltr'>εἷπον</span> <span class='ocrx_word' id='word_1_722' title='bbox 3344 5048 3534 5118; x_wconf 72' lang='grc' dir='ltr'>ἕτερος</span> <span class='ocrx_word' id='word_1_723' title='bbox 3569 5045 3647 5115; x_wconf 81' lang='grc' dir='ltr'>τῷ</span> <span class='ocrx_word' id='word_1_724' title='bbox 3675 5044 3867 5114; x_wconf 79' lang='grc' dir='ltr'>ἑτέρῳ·</span> 
     </span>
    </p>
   </div>
   <div class='ocr_carea' id='block_1_112' title="bbox 2720 5130 4218 5210">
    <p class='ocr_par' dir='ltr' id='par_1_112' title="bbox 2720 5130 4218 5210">
     <span class='ocr_line' id='line_1_112' title="bbox 2720 5130 4218 5210; baseline -0.008 -16"><span class='ocrx_word' id='word_1_725' title='bbox 2720 5143 2807 5196; x_wconf 79' lang='grc'><strong>15.</strong></span> <span class='ocrx_word' id='word_1_726' title='bbox 2833 5140 3195 5210; x_wconf 88' lang='grc' dir='ltr'>Πορευθῶμεν</span> <span class='ocrx_word' id='word_1_727' title='bbox 3236 5140 3317 5201; x_wconf 86' lang='grc' dir='ltr'><strong>είς</strong></span> <span class='ocrx_word' id='word_1_728' title='bbox 3345 5133 3511 5199; x_wconf 83' lang='grc' dir='ltr'>οἶκον,</span> <span class='ocrx_word' id='word_1_729' title='bbox 3549 5135 3632 5188; x_wconf 86' lang='grc' dir='ltr'>ὄτι</span> <span class='ocrx_word' id='word_1_730' title='bbox 3660 5134 3883 5204; x_wconf 83' lang='grc' dir='ltr'>ἀρίστου</span> <span class='ocrx_word' id='word_1_731' title='bbox 3912 5131 4061 5183; x_wconf 76' lang='grc' dir='ltr'>ἐστὶν</span> <span class='ocrx_word' id='word_1_732' title='bbox 4082 5130 4218 5200; x_wconf 82' lang='grc' dir='ltr'>ὥρα·</span> 
     </span>
    </p>
   </div>
   <div class='ocr_carea' id='block_1_113' title="bbox 2646 5225 3970 5300">
    <p class='ocr_par' dir='ltr' id='par_1_113' title="bbox 2646 5225 3970 5300">
     <span class='ocr_line' id='line_1_113' title="bbox 2646 5225 3970 5300; baseline -0.008 -13"><span class='ocrx_word' id='word_1_733' title='bbox 2646 5233 2745 5288; x_wconf 71' lang='grc' dir='ltr'>καὶ</span> <span class='ocrx_word' id='word_1_734' title='bbox 2778 5231 3083 5296; x_wconf 80' lang='grc' dir='ltr'>ἐξελθόντες</span> <span class='ocrx_word' id='word_1_735' title='bbox 3111 5228 3542 5300; x_wconf 82' lang='grc' dir='ltr'>διεχωρίσθησαν</span> <span class='ocrx_word' id='word_1_736' title='bbox 3577 5226 3672 5281; x_wconf 73' lang='grc' dir='ltr'><strong>ἀπ’</strong></span> <span class='ocrx_word' id='word_1_737' title='bbox 3705 5225 3970 5294; x_wconf 78' lang='grc' dir='ltr'>ἀλλήλων.</span> 
     </span>
    </p>
   </div>
   <div class='ocr_carea' id='block_1_114' title="bbox 2722 5313 4222 5391">
    <p class='ocr_par' dir='ltr' id='par_1_114' title="bbox 2722 5313 4222 5391">
     <span class='ocr_line' id='line_1_114' title="bbox 2722 5313 4222 5391; baseline -0.009 -15"><span class='ocrx_word' id='word_1_738' title='bbox 2722 5324 2809 5378; x_wconf 70' lang='grc'><strong>14.</strong></span> <span class='ocrx_word' id='word_1_739' title='bbox 2839 5323 2951 5376; x_wconf 89' lang='lat' dir='ltr'><strong>Kal</strong></span> <span class='ocrx_word' id='word_1_740' title='bbox 2998 5321 3422 5391; x_wconf 76' lang='grc' dir='ltr'>άνακάμψαντες</span> <span class='ocrx_word' id='word_1_741' title='bbox 3473 5315 3636 5388; x_wconf 73' lang='grc' dir='ltr'>ἦλθον</span> <span class='ocrx_word' id='word_1_742' title='bbox 3681 5317 3776 5369; x_wconf 70' lang='grc' dir='ltr'>ἐπὶ</span> <span class='ocrx_word' id='word_1_743' title='bbox 3813 5315 3874 5367; x_wconf 83' lang='grc' dir='ltr'>τὸ</span> <span class='ocrx_word' id='word_1_744' title='bbox 3913 5313 4074 5375; x_wconf 74' lang='grc' dir='ltr'>αὐτὸ,</span> <span class='ocrx_word' id='word_1_745' title='bbox 4130 5313 4222 5365; x_wconf 73' lang='grc' dir='ltr'>καὶ</span> 
     </span>
    </p>
   </div>
   <div class='ocr_carea' id='block_1_115' title="bbox 2649 5403 4221 5484">
    <p class='ocr_par' dir='ltr' id='par_1_115' title="bbox 2649 5403 4221 5484">
     <span class='ocr_line' id='line_1_115' title="bbox 2649 5403 4221 5484; baseline -0.01 -15"><span class='ocrx_word' id='word_1_746' title='bbox 2649 5416 2998 5480; x_wconf 74' lang='grc' dir='ltr'>άνετάζοντες</span> <span class='ocrx_word' id='word_1_747' title='bbox 3029 5414 3310 5484; x_wconf 81' lang='grc' dir='ltr'>ἀλλήλους,</span> <span class='ocrx_word' id='word_1_748' title='bbox 3341 5412 3424 5474; x_wconf 79' lang='grc' dir='ltr'><strong>τίς</strong></span> <span class='ocrx_word' id='word_1_749' title='bbox 3456 5412 3489 5482; x_wconf 86' lang='grc' dir='ltr'><strong>ή</strong></span> <span class='ocrx_word' id='word_1_750' title='bbox 3521 5409 3703 5474; x_wconf 74' lang='grc' dir='ltr'>αἰτία,</span> <span class='ocrx_word' id='word_1_751' title='bbox 3739 5405 4098 5476; x_wconf 81' lang='grc' dir='ltr'>ὡμολόγησαν</span> <span class='ocrx_word' id='word_1_752' title='bbox 4127 5403 4221 5456; x_wconf 78' lang='grc' dir='ltr'>άλ-</span> 
     </span>
    </p>
   </div>
   <div class='ocr_carea' id='block_1_116' title="bbox 2647 5496 4222 5578">
    <p class='ocr_par' dir='ltr' id='par_1_116' title="bbox 2647 5496 4222 5578">
     <span class='ocr_line' id='line_1_116' title="bbox 2647 5496 4222 5578; baseline -0.006 -17"><span class='ocrx_word' id='word_1_753' title='bbox 2647 5509 2830 5577; x_wconf 88' lang='grc' dir='ltr'>λήλοις</span> <span class='ocrx_word' id='word_1_754' title='bbox 2863 5508 2961 5578; x_wconf 79' lang='grc' dir='ltr'>τὴν</span> <span class='ocrx_word' id='word_1_755' title='bbox 2986 5506 3278 5575; x_wconf 85' lang='grc' dir='ltr'>ἐπιθυμίαν</span> <span class='ocrx_word' id='word_1_756' title='bbox 3301 5503 3479 5557; x_wconf 81' lang='grc' dir='ltr'>αὐτῶν</span> <span class='ocrx_word' id='word_1_757' title='bbox 3496 5521 3510 5535; x_wconf 87' lang='grc'><strong>·</strong></span> <span class='ocrx_word' id='word_1_758' title='bbox 3546 5501 3640 5556; x_wconf 72' lang='grc' dir='ltr'><strong>καὶ</strong></span> <span class='ocrx_word' id='word_1_759' title='bbox 3667 5500 3784 5553; x_wconf 91' lang='grc' dir='ltr'>τότε</span> <span class='ocrx_word' id='word_1_760' title='bbox 3810 5500 3962 5569; x_wconf 83' lang='grc' dir='ltr'>κοινῇ</span> <span class='ocrx_word' id='word_1_761' title='bbox 4003 5496 4222 5551; x_wconf 75' lang='grc' dir='ltr'>συνετάο</span> 
     </span>
    </p>
   </div>
   <div class='ocr_carea' id='block_1_117' title="bbox 2649 5589 4149 5672">
    <p class='ocr_par' dir='ltr' id='par_1_117' title="bbox 2649 5589 4149 5672">
     <span class='ocr_line' id='line_1_117' title="bbox 2649 5589 4149 5672; baseline -0.01 -16"><span class='ocrx_word' id='word_1_762' title='bbox 2649 5600 2809 5671; x_wconf 84' lang='grc' dir='ltr'>ξαντο</span> <span class='ocrx_word' id='word_1_763' title='bbox 2843 5601 3053 5672; x_wconf 86' lang='grc' dir='ltr'>καιρὸν,</span> <span class='ocrx_word' id='word_1_764' title='bbox 3083 5599 3171 5653; x_wconf 78' lang='grc' dir='ltr'><strong>ὅτε</strong></span> <span class='ocrx_word' id='word_1_765' title='bbox 3199 5595 3366 5668; x_wconf 83' lang='grc' dir='ltr'>αὑτήν</span> <span class='ocrx_word' id='word_1_766' title='bbox 3397 5596 3714 5665; x_wconf 77' lang='grc' dir='ltr'>δυνήσονται</span> <span class='ocrx_word' id='word_1_767' title='bbox 3743 5591 3920 5661; x_wconf 78' lang='grc' dir='ltr'>εὑρεῖν</span> <span class='ocrx_word' id='word_1_768' title='bbox 3959 5589 4149 5658; x_wconf 78' lang='grc' dir='ltr'>μόνην.</span> 
     </span>
    </p>
   </div>
   <div class='ocr_carea' id='block_1_118' title="bbox 2719 5788 4220 5871">
    <p class='ocr_par' dir='ltr' id='par_1_118' title="bbox 2719 5788 4220 5871">
     <span class='ocr_line' id='line_1_118' title="bbox 2719 5788 4220 5871; baseline -0.014 -12"><span class='ocrx_word' id='word_1_769' title='bbox 2719 5803 2807 5860; x_wconf 81' lang='grc'><strong>15.</strong></span> <span class='ocrx_word' id='word_1_770' title='bbox 2844 5799 2952 5857; x_wconf 84' lang='lat' dir='ltr'><strong>Kal</strong></span> <span class='ocrx_word' id='word_1_771' title='bbox 2979 5798 3192 5871; x_wconf 74' lang='grc' dir='ltr'>ἐγένετο</span> <span class='ocrx_word' id='word_1_772' title='bbox 3227 5796 3281 5850; x_wconf 76' lang='grc' dir='ltr'><strong>ἐν</strong></span> <span class='ocrx_word' id='word_1_773' title='bbox 3308 5794 3383 5867; x_wconf 77' lang='grc' dir='ltr'>τῷ</span> <span class='ocrx_word' id='word_1_774' title='bbox 3421 5794 3752 5865; x_wconf 76' lang='grc' dir='ltr'>παρατηρεῖν</span> <span class='ocrx_word' id='word_1_775' title='bbox 3784 5789 3982 5852; x_wconf 57' lang='grc' dir='ltr'>αὐτοῦς</span> <span class='ocrx_word' id='word_1_776' title='bbox 4012 5788 4220 5860; x_wconf 70' lang='grc' dir='ltr'>ἡμέραν</span> 
     </span>
    </p>
   </div>
  </div>
