4390 6222
293 331 443 388 2897

1725 335 1959 396 CAPUT
1995 340 2130 401 XIII.

3419 351 3562 410 2898

295 446 783 544 stsrov,_xa0dic
819 449 967 521 χθὲς,
1003 450 1101 506 καὶ
1136 453 1331 526 τρίτην
1378 455 1614 530 ἡμέραν,
1667 458 1886 530 εἰσῆλθέ
1913 466 1958 526 Α
1989 481 2029 537 ε]

1832 458 1886 513 δέ
1913 466 1958 526 Δ
1989 477 2200 538 aptum,
2229 467 2373 525 sicut
2397 468 2536 537 beri,
2565 478 2620 526 et
2671 470 2874 528 nudius
2924 471 3139 539 tertius,
3196 471 3443 544 Ingressa
3481 486 3566 531 est

295 540 500 610 ποτεή
548 539 826 595 Σουσάννα
882 543 1019 613 μετὰ
1067 543 1160 598 δύο
1223 547 1404 616 μόνων
1441 546 1732 620 κορασίων,
1786 550 1884 604 καὶ
1994 577 2025 616 a

1833 550 1884 604 αἱ
1994 561 2292 632 aliquando
2324 561 2579 617 Susanna
2627 579 2752 618 cum
2780 563 2995 618 duabus
3050 564 3181 618 solis
3232 539 3446 634 puellis,
3479 582 3567 620 vo-

296 631 616 703 ὲπεθύμησε
645 631 941 688 λούσασθαι
981 637 1039 689 ὲν
1067 636 1144 708 τῷ
1189 637 1528 710 παραδείσῳ,
1569 639 1652 693 ὅτι
1691 638 1880 711 καῦμα

295 717 387 794 ἦν.

378 818 466 870 I6.
491 817 602 871 Kal
624 817 726 872 ούκ
753 813 821 890 ἦν
857 820 1032 885 οὐδεὶς
1057 821 1193 884 ἐκεῖ,
1225 817 1365 895 πλὴν
1390 825 1439 877 οἱ
1460 822 1553 877 δύο
1581 824 1882 896 πρεσϐύτε-

302 923 390 974 ροι
421 907 819 978 κεκρυμμένοι,
851 912 944 963 καὶ
977 911 1428 983 παρατηροῦντες
1457 913 1648 984 αὑτήν.

375 998 461 1052 17.
498 1000 609 1052 Kal
653 998 804 1054 εἶπεν
852 1005 966 1066 τοῖς
1004 1004 1306 1075 κορασίοις·
1343 1005 1634 1074 Ἐνέγκατε
1685 1005 1746 1076 δή
1792 1016 1882 1074 μοι

299 1088 501 1155 ἔλαιον,
533 1093 628 1145 xal
652 1093 904 1164 σμῆγμα,
943 1097 1037 1148 καὶ
1068 1096 1168 1160 τὰς
1203 1097 1374 1169 θύρας
1409 1098 1503 1152 τοῦ
1551 1097 1880 1169 παραδείσου

299 1181 575 1247 κλείσατε,
607 1185 756 1248 ὅπως
788 1187 1095 1258 λούσωμαι.

370 1274 457 1328 18.
495 1276 605 1328 Kal
635 1278 898 1349 ἐποίησαν
927 1280 1109 1344 καθὼς
1141 1283 1235 1336 καὶ
1263 1279 1435 1349 εἶπεν,
1485 1286 1578 1339 καὶ
1623 1287 1882 1342 ἀπέκλει-

1991 655 2203 726 Iuitque
2230 656 2399 711 lavari
2435 657 2490 711 in
2523 657 2769 727 pomario
2800 666 3002 712 :aestus
3023 659 3223 727 quippe
3248 666 3387 712 erat.

2065 831 2151 885 I6.
2192 831 2258 885 Et
2291 847 2398 886 non
2434 842 2551 887 erat
2582 831 2654 886 ibi
2684 832 2974 903 quisquam
3016 842 3210 903 prater
3237 833 3374 888 duos
3405 847 3565 888 senes

1988 922 2364 988 absconditos,
2392 933 2446 980 ct
2470 925 2900 995 Contemplantes
2924 941 3069 981 eam.

2063 1015 2149 1068 I7.
2191 1016 2257 1069 Et
2289 1016 2647 1086 dixit-puellis
2676 1032 2688 1068 :
2723 1016 2924 1072 Afferte
2953 1016 3068 1086 jam
3101 1015 3235 1070 mihi
3275 1015 3478 1082 oleum,
3505 1021 3564 1068 et

1993 1119 2259 1175 smegma,
2296 1115 2350 1162 et
2381 1107 2521 1162 ostia
2549 1109 2781 1177 pomarii
2806 1109 3074 1173 claudite,
3107 1119 3167 1164 ut
3205 1107 3376 1165 laver.

2058 1285 2145 1339 I8.
2189 1286 2256 1339 Et
2289 1283 2537 1340 fecerunt
2560 1285 2718 1342 sicuti
2751 1287 2916 1341 etiam
2949 1287 3162 1343 dixerat
3193 1301 3208 1338 :
3242 1293 3297 1341 et
3345 1285 3559 1342 clause-

301 1384 401 1420 σαν
429 1369 527 1432 τάς
554 1368 722 1441 θύρας
747 1371 842 1425 τοῦ
865 1373 1214 1444 παραδείσου,
1249 1377 1344 1428 καὶ
1365 1376 1586 1448 ἐξῆλθον
1611 1381 1752 1434 κατά
1783 1381 1882 1446 τὰς
1983 1392 2035 1431 I'll

1822 1381 1882 1446 ὰς
1983 1377 2268 1431 runtostia
2293 1378 2544 1446 pomarii,
2571 1387 2625 1432 et
2660 1394 2893 1448 egressa:
2923 1389 3052 1435 sunt
3081 1395 3178 1450 per
3201 1379 3441 1449 posticas
3474 1381 3556 1433 fo-

299 1458 565 1528 πλαγίους
596 1459 786 1530 θύρας,
807 1462 1053 1530 ἐνεγκεῖν
1085 1463 1153 1517 τά
1177 1467 1629 1537 προστεταγμένα
1663 1470 1875 1534 αὑταῖς,

299 1549 394 1602 καὶ
443 1550 544 1605 οὐκ
591 1547 729 1604 εἶδον
772 1554 898 1616 τοὺς
935 1555 1362 1628 πρεσϐυτέρους,
1421 1558 1503 1610 ὃτι
1544 1554 1686 1630 ἦσαν
1719 1563 1879 1628 ἐγκε-

296 1657 401 1712 κρυ
409 1642 624 1712 μμένοι.

369 1732 457 1786 I9.
491 1734 601 1787 Kal
633 1733 848 1803 ἐγένετο
901 1734 978 1798 ὡς
1034 1735 1262 1808 ἐξῆλθον
1289 1737 1356 1792 τὰ
1379 1739 1630 1818 κοράσια,
1665 1740 1758 1795 καὶ
1787 1742 1880 1796 ἀν-

1981 1487 2092 1536 res,
2121 1479 2182 1524 ut
2220 1470 2477 1525 afferrent
2507 1485 2629 1539 qua:
2658 1471 2912 1525 mandata
2943 1470 3160 1525 fuerant
3178 1470 3282 1526 sibi
3321 1486 3335 1524 :
3367 1480 3420 1526 et
3445 1486 3556 1528 non

1981 1562 2233 1617 viderunt
2261 1577 2440 1628 senes,
2475 1565 2604 1632 quia
2632 1571 2787 1617 erant
2807 1561 3132 1618 absconditi.

2055 1741 2142 1797 I9.
2180 1741 2249 1796 Et
2279 1741 2476 1796 factum
2502 1749 2606 1805 est,
2631 1757 2896 1812 posquam
2919 1756 3153 1812 egressa:
3191 1750 3319 1796 sunt
3343 1740 3554 1811 puellae,

296 1823 536 1895 έστησαν
586 1827 634 1878 οί
664 1826 758 1879 δύο
795 1826 1176 1900 πρεσϐύτεροι,
1224 1831 1318 1883 καὶ
1359 1832 1666 1904 ἐπέδραμον
1715 1835 1876 1907 αὐτῇ,
1909 1819 1951 1874 Β
1980 1839 2030 1884 et

1822 1837 1876 1907 ῇ,
1909 1819 1951 1874 Β
1980 1839 2034 1884 et
2065 1839 2428 1886 surrexerunt
2453 1829 2564 1886 duo
2591 1846 2773 1896 senes,
2796 1840 2851 1887 et
2873 1839 3231 1886 accurrerunt
3253 1830 3320 1885 ad
3344 1835 3556 1892 eam,et

295 1917 390 1968 καὶ
417 1913 591 1970 εἷπον·

366 2006 458 2062 20.
503 2009 634 2062 Ἰδοὺ
664 2009 720 2063 al
747 2008 908 2080 θύραι
940 2009 1036 2064 τοῦ
1063 2013 1392 2084 παραδείσου
1433 2015 1756 2084 κέκλεινται,
1783 2019 1877 2072 καὶ⁸

293 2098 472 2163 οὐδεὶς
503 2099 699 2171 θεωρεῖ
726 2103 895 2172 ἡμᾶς.
924 2103 1019 2157 καὶ
1042 2103 1101 2157 ὲν
1134 2105 1401 2178 ἐπιθυμίᾳ
1433 2108 1525 2162 σού
1559 2110 1731 2180 ἐσμεν
1750 2126 1765 2141 °
1794 2111 1877 2166 διὸ

297 2191 644 2257 συγκατάθου
682 2194 837 2262 ἡμῖν,
877 2194 972 2246 καὶ
999 2195 1158 2262 γενοῦ
1189 2197 1309 2266 μεθ’
1341 2200 1372 2268 ἡ
1383 2197 1516 2268 μῶν.

367 2283 456 2338 2I.
490 2284 551 2337 El
579 2284 634 2337 δὲ
659 2285 752 2356 μὴ,
775 2290 1352 2359 καταμαρτυρήσομέν
1391 2309 1504 2357 σου,
1532 2293 1613 2346 ὃτι
1633 2289 1701 2364 ἦν
1736 2295 1875 2365 μετὰ

297 2371 393 2424 σοῦ
422 2373 726 2439 νεανίσκος,
757 2376 851 2430 καὶ
876 2375 964 2429 διὰ
989 2377 1149 2430 τοῦτο
1195 2377 1582 2444 ἐξαπέστειλας
1610 2383 1678 2436 τά
1709 2384 1873 2454 κορά-

295 2477 388 2513 σια
425 2461 534 2513 ἀπὸ
567 2462 684 2517 σοῦ.

365 2550 456 2606 22.
493 2553 602 2605 Kal
627 2553 982 2619 ἀνεστέναξεν
1011 2556 1307 2621 Σουσάννα,
1352 2561 1446 2612 καὶ
1474 2555 1626 2614 εἶπεν
1647 2579 1660 2592 ο
1701 2563 1871 2617 Στενά

301 2661 390 2714 μοι
421 2645 711 2698 πάντοθεν⁸
745 2647 841 2701 ἐάν
874 2665 933 2700 τε
953 2649 1058 2721 γάρ
1085 2650 1242 2702 τοῦτο
1277 2649 1487 2722 πράξω,
1520 2651 1749 2717 θάνατός
1779 2656 1870 2726 μοί

297 2739 446 2789 ἐστιν
466 2753 478 2764 ·
507 2737 600 2791 ὲάν
620 2753 679 2790 τε
717 2737 792 2810 μὴ
821 2739 1033 2809 πράξω,
1065 2740 1166 2792 οὐκ
1194 2740 1532 2810 ὲκφεύξομαι
1553 2743 1652 2806 τὰς
1681 2746 1869 2816 χεῖρας

297 2828 328 2880 ὑ
335 2827 471 2897 μῶν.

365 2919 454 2974 23.
489 2920 856 2994 Αίρετώτερόν
891 2922 982 2992 μοί
1019 2923 1136 2977 ἐστι
1181 2923 1256 2994 μὴ
1279 2923 1566 2993 πράξασαν
1607 2928 1868 2998 ἐμπεσεῖν

293 3012 375 3073 είς
403 3011 502 3074 τὰς
523 3014 711 3082 χεῖρας
739 3011 910 3082 ὑμῶν,
943 3013 974 3083 ἢ
1013 3013 1281 3082 ἁμαρτεῖν
1310 3015 1541 3069 ἐνώπιον
1577 3019 1805 3089 Κυρίου.

364 3103 452 3156 24.
491 3105 601 3158 Kal
627 3105 893 3176 ἀνεϐόησε
950 3106 1227 3160 Σουσάννα
1278 3111 1428 3179 φωνῇ
1476 3111 1688 3182 μεγάλῃ
1714 3128 1728 3142 ο
1773 3112 1868 3164 ἀν-

286 3198 524 3268 εϐόησαν
553 3200 608 3252 δὲ
632 3200 727 3254 καὶ
754 3201 803 3254 οἱ
836 3200 928 3252 δύο
945 3201 1250 3270 πρεσϐύται
1289 3203 1575 3256 κατέναντι
1603 3204 1796 3274 αὐτῆς.

361 3290 452 3344 25.
486 3291 594 3344 Kal
615 3290 836 3362 δραμὼν
862 3292 891 3344 ὀ
911 3287 1014 3358 είς,
1043 3293 1224 3364 ἣνοιξε
1242 3294 1340 3357 τὰς
1375 3293 1544 3366 θύρας
1569 3295 1663 3348 τοῦ
1685 3313 1868 3369 παρα-

283 3381 488 3436 δείσου.

358 3472 448 3526 26.
497 3472 587 3535 Ὠς
614 3471 670 3524 δὲ
699 3471 940 3543 ῆκουσαν
966 3475 1067 3544 τὴν
1094 3475 1345 3544 κραυγὴν
1387 3476 1486 3546 τὴν
1511 3477 1567 3528 ὲν
1589 3477 1666 3548 τῷ
1689 3494 1867 3551 παρα-

282 3562 450 3632 δείσῳ
493 3562 542 3615 οἱ
582 3562 789 3616 οἰκέται
818 3563 917 3632 τῆς
962 3564 1179 3633 κυρίας,
1223 3565 1586 3636 εἰσεπήδησαν
1631 3567 1718 3621 διά
1769 3570 1866 3640 τῆς

286 3653 526 3722 πλαγίας
565 3653 734 3725 θύρας
764 3655 893 3708 ίδεῖν
930 3655 992 3707 τὸ
1032 3655 1375 3726 συμϐεϐηκὸς
1401 3657 1562 3728 αὐτῇ.

357 3743 450 3797 27.
499 3742 695 3797 Ἦνίκα
745 3743 800 3796 δὲ
834 3739 993 3796 εἶπαν
1025 3745 1074 3796 οί
1108 3745 1468 3816 πρεσϐύτεροι
1507 3749 1631 3811 τοὺς
1674 3749 1866 3817 λόγους

285 3835 490 3900 αὐτῶν,
536 3836 989 3909 κατῃσχύνθησαν
1017 3839 1064 3890 οί
1114 3837 1288 3892 δοῦλοι
1349 3839 1575 3909 σφόδρα,
1615 3843 1696 3894 ὅτι
1744 3843 1863 3896 οὐδὲ

285 3933 510 3986 πώποτε
542 3934 740 4006 ἐρρέθη
769 3934 926 4004 λόγος
958 3936 1197 3999 τοιοῦτος
1232 3936 1362 4006 περὶ
1391 3936 1719 4000 Σουσάννας.

360 4114 450 4169 28.
481 4115 593 4168 Kal
619 4113 834 4183 ἐγένετο
848 4117 914 4186 τῇ
950 4114 1209 4187 ἐπαύριον
1238 4113 1498 4185 συνῆλθον
1519 4114 1547 4166 ὁ
1577 4113 1705 4177 λαὸς
1726 4115 1863 4184 πρὸς

278 4207 380 4262 τὸν
411 4209 579 4278 ἄνδρα
603 4208 703 4278 τῆς
729 4208 1034 4271 Σουσάννας
1059 4209 1150 4261 τὸν
1191 4209 1468 4279 Ἰωακεὶμ,
1499 4208 1592 4261 καὶ
1620 4204 1784 4278 ἦλθον
1810 4211 1860 4262 οἱ

279 4298 378 4353 δύο
404 4298 762 4370 πρεσϐύτεροι
805 4298 1031 4369 πλήρεις
1076 4299 1177 4368 τῆς
1208 4300 1409 4370 ἀνόμου
1440 4299 1618 4353 αὐτῶν
1651 4299 1860 4365 ἑννοίας

280 4391 428 4444 κατά
465 4389 790 4457 Σουσάννας,
830 4390 924 4442 τοῦ
955 4390 1265 4444 θανατῶσαι
1298 4392 1487 4461 αὑτήν.

1979 1922 2271 1976 dixerunt:

2050 2011 2140 2066 20.
2179 2011 2318 2066 Ecce
2344 2010 2484 2066 ostia
2515 2012 2745 2081 pomarii
2769 2011 2959 2068 clausa
3012 2019 3162 2078 sunt,
3187 2020 3241 2066 et
3276 2025 3438 2066 nemo
3467 2009 3556 2065 vi-

1979 2102 2071 2158 det
2098 2118 2220 2168 nos,
2248 2112 2302 2158 et
2363 2103 2418 2157 in
2477 2104 2919 2173 concupiscentia
2962 2115 3057 2158 tua
3084 2119 3319 2160 sumus:
3362 2117 3557 2173 quam-

1978 2194 2166 2249 obrem
2199 2194 2468 2248 assentire
2492 2195 2670 2260 nobis,
2699 2204 2754 2250 et
2782 2196 3138 2250 commiscere
3168 2194 3474 2249 nobiscum.

2047 2283 2138 2338 2l.
2181 2283 2338 2349 Quod
2372 2283 2419 2337 si
2478 2284 2753 2352 nolueris,
2811 2285 3058 2340 dicemus
3099 2292 3287 2339 contra
3321 2292 3372 2336 te
3403 2283 3555 2336 testi-

1976 2376 2244 2441 monium,
2276 2376 2421 2445 quod
2458 2376 2620 2430 fuerit
2669 2385 2846 2430 tecum
2894 2375 3136 2446 juvenis,
3193 2383 3248 2431 et
3307 2374 3378 2430 ob
3409 2375 3552 2428 hanc

1974 2482 2197 2523 causam
2233 2468 2483 2523 emiseris
2517 2468 2724 2538 puellas
2747 2484 2776 2522 a
2809 2476 2879 2522 te.

2044 2561 2135 2615 22.
2180 2561 2248 2615 Et
2279 2562 2545 2632 ingemuit
2586 2561 2859 2625 Susanna,
2889 2569 2943 2615 et
2971 2561 3049 2614 ait
3078 2559 3391 2629 :Angustize
3420 2563 3553 2612 sunt

1973 2654 2108 2708 mihi
2136 2652 2484 2722 undiquezsi
2510 2651 2654 2705 enim
2679 2652 2783 2705 hoc
2816 2666 3000 2722 egero,
3052 2666 3203 2705 mors
3245 2649 3379 2703 mihi
3429 2656 3547 2715 est;

1971 2745 2079 2801 nisi
2113 2755 2293 2800 autem
2331 2760 2514 2813 egero,
2550 2760 2658 2799 non
2686 2743 2938 2814 effugiam
2961 2758 3157 2798 manus
3185 2751 3414 2796 vestras.

2039 2922 2130 2976 25.
2176 2921 2368 2976 Melius
2397 2929 2480 2976 est
2503 2920 2639 2974 mihi
2670 2920 2877 2988 absque
2900 2931 3064 2988 opere
3093 2914 3335 2971 incidere
3356 2912 3410 2966 in
3431 2926 3551 2965 ma-

1968 3028 2075 3068 nus
2093 3021 2342 3079 «vestras,
2367 3028 2532 3082 quam
2565 3027 2794 3082 peccare
2831 3011 2884 3064 in
2914 3017 3207 3078 conspectu
3239 3004 3475 3061 Domini.

2037 3107 2128 3160 24.
2169 3105 2238 3158 Ει
2268 3105 2597 3159 exclamavit
2629 3102 2885 3158 Susanna
2912 3117 3045 3157 voce
3073 3115 3270 3171 magna
3303 3117 3319 3154 :
3365 3096 3548 3154 excla-

1970 3208 2259 3253 maverunt
2281 3206 2460 3253 autem
2486 3207 2538 3251 et
2565 3196 2675 3250 duo
2702 3209 2862 3250 senes
2896 3193 3160 3248 adversus
3189 3206 3334 3248 eam.

2037 3288 2129 3343 25.
2183 3286 2248 3342 Et
2278 3301 2507 3342 currens
2537 3300 2680 3340 unus
2709 3284 2921 3356 aperuit
2939 3284 3080 3338 ostia
3121 3279 3376 3354 pomarii.

2035 3467 2126 3523 26.
2173 3467 2242 3524 Ut
2271 3477 2449 3521 autem
2509 3465 2801 3520 audierunt
2857 3463 3151 3518 clamorem
3185 3460 3240 3514 in
3292 3458 3545 3530 pomario

1968 3562 2154 3617 famuli
2189 3562 2444 3626 dominae,
2474 3560 2753 3614 irruerunt
2780 3573 2876 3627 per
2895 3557 3134 3626 posticas
3166 3554 3342 3618 fores,
3383 3559 3442 3607 ut
3466 3550 3546 3607 vi-

1965 3655 2431 3724 derentquidnam
2464 3652 2749 3708 accidisset
2779 3651 2849 3705 ei.

2032 3747 2123 3800 27.
2167 3746 2462 3814 Postquam
2513 3752 2692 3798 autem
2752 3758 2909 3797 senes
2953 3741 3210 3795 dixerunt
3262 3752 3542 3794 sermones

1965 3852 2119 3901 suos,
2147 3838 2486 3891 erubuerunt
2519 3835 2661 3890 servi
2710 3835 3059 3888 vehementer
3094 3851 3107 3887 :
3145 3831 3274 3903 quia
3334 3846 3540 3900 nequa-

1963 3946 2126 3998 quam
2161 3945 2402 3999 unquam
2427 3929 2608 3983 dictus
2630 3927 2808 3981 fuerat
2839 3941 3020 3981 sermo
3059 3922 3440 3996 hujuscemodi
3468 3922 3540 3977 de

1962 4017 2238 4074 Susanna.

2031 4111 2123 4164 28.
2151 4111 2218 4164 Et
2247 4110 2451 4164 factum
2485 4118 2569 4164 est
2602 4108 2692 4162 die
2725 4107 2986 4174 crastina,
3041 4122 3167 4163 cum
3197 4107 3540 4162 convenisset

1960 4204 2198 4273 populus
2228 4203 2294 4256 ad
2323 4204 2498 4257 virum
2539 4203 2807 4257 Susanna
2829 4200 3065 4263 Joakim,
3091 4201 3536 4255 veneruntetiam

1959 4295 2068 4350 duo
2094 4310 2252 4350 senes
2273 4295 2414 4364 pleni
2442 4296 2626 4364 iniqua
2661 4310 2759 4349 sua
2796 4294 3127 4364 cogitatione
3147 4294 3407 4349 adversus
3431 4291 3536 4346 Su-

1958 4403 2209 4450 sannam,
2244 4397 2303 4442 ut
2333 4398 2508 4442 morte
2539 4386 2816 4442 adicerent
2840 4402 2983 4441 eam.

354 4481 442 4534 29.
467 4483 576 4534 Kal
605 4478 765 4534 εἶπαν
795 4480 1102 4551 ἔμπροσθεν
1147 4481 1241 4534 τοῦ
1295 4482 1424 4534 λαοῦ
1451 4521 1466 4546 ,
1499 4481 1856 4536 ἀποστείλατε
1887 4488 1932 4545 Ι)
2033 4481 2088 4535 2ξ

1799 4499 1856 4535 τε
1887 4488 1932 4545 Ι)
2033 4481 2124 4535 29.
2166 4479 2232 4535 Et
2261 4481 2517 4534 dixerunt
2579 4495 2765 4534 coram
2810 4480 3052 4550 populo:
3105 4476 3303 4533 Mittite
3332 4476 3398 4532 ad
3425 4473 3532 4530 Su-

277 4572 380 4625 ἐπὶ
407 4573 708 4626 Σουσάνναν
731 4572 828 4644 τὴν
857 4573 1133 4645 θυγατέρα
1155 4573 1407 4640 Χελκίου,
1435 4575 1557 4646 ἥτις
1578 4575 1696 4628 ἐστὶ
1719 4575 1856 4648 γυνὴ

293 4665 571 4735 Ἰωακείμ.
612 4665 674 4717 Ol
703 4663 758 4717 δὲ
789 4665 1139 4719 ἀπέστειλαν.

353 4757 442 4812 50.
476 4758 586 4809 Kal
611 4753 775 4829 ἦλθον
803 4757 963 4827 αὐτὴ,
997 4756 1094 4810 καὶ
1132 4757 1180 4809 οί
1204 4759 1378 4824 γονεῖς
1410 4755 1604 4828 αὐτῆς,
1646 4757 1742 4812 καὶ
1785 4756 1857 4812 τὰ

276 4846 447 4901 τέκνα
469 4848 659 4916 αὐτῆς,
692 4849 786 4901 καὶ
821 4849 1023 4911 πάντες
1051 4850 1100 4902 oi
1137 4852 1417 4916 συγγενεῖς
1452 4851 1638 4921 αὐτῆς.

352 4941 442 4995 51.
484 4941 547 4994 Ἠ
579 4941 635 4994 δὲ
665 4941 938 4996 Σουσάννα
968 4937 1036 5013 ἦν
1058 4941 1304 5013 τρυφερά
1335 4941 1559 5013 σφόδρα,
1595 4940 1689 4995 καὶ
1715 4939 1854 5014 καλὴ

275 5029 359 5102 τῷ
391 5031 539 5085 εῖδει.

352 5122 440 5178 52.
469 5124 532 5175 Οἱ
561 5122 619 5175 δὲ
641 5122 949 5193 παράνομοι
974 5120 1266 5176 ἐκέλευσαν
1283 5121 1627 5192 ἀποκαλύψαι
1655 5123 1850 5195 αὐτὴν,

1959 4589 2188 4628 sannam
2220 4573 2385 4627 tiliam
2412 4572 2665 4640 Chelciaz,
2701 4587 2823 4643 qua:
2866 4580 2950 4628 est
2989 4585 3130 4627 uxor
3180 4569 3414 4627 Joakim.
3451 4569 3533 4624 Illi

1957 4682 2087 4721 vero
2114 4668 2401 4722 miserunt.

2025 4759 2115 4813 50.
2155 4758 2222 4814 Ει
2245 4767 2512 4814 venerunt
2560 4759 2699 4829 ipsa,
2754 4765 2812 4814 et
2863 4765 3118 4830 parentes
3164 4755 3325 4828 ejus,
3359 4763 3414 4810 et
3434 4752 3529 4808 filii

1954 4850 2096 4922 ejus,
2122 4859 2178 4906 et
2203 4866 2394 4906 omnes
2433 4851 2646 4921 cognati
2684 4850 2826 4920 ejus.

2025 4945 2117 4998 3I.
2159 4944 2330 5000 Porro
2350 4944 2603 5000 Susanna
2619 4956 2737 4998 erat
2757 4943 2986 4999 delicata
3015 4939 3199 5007 nimis,
3225 4947 3278 4995 et
3299 4937 3526 5010 pulchra

1952 5039 2152 5108 specie.

2023 5131 2113 5187 52.
2155 5129 2227 5186 At
2275 5128 2451 5200 iniqui
2492 5127 2798 5198 jusserunt,
2836 5135 2896 5180 ut
2942 5121 3374 5193 discooperirent
3402 5135 3523 5176 eam

275 5210 347 5286 ἦν
395 5215 503 5286 γὰρ
547 5213 1103 5286 κατακεκαλυμμένη,
1152 5215 1301 5278 ὅπως
1348 5215 1707 5287 ὲμπλησθῶσι
1753 5216 1851 5270 τοῦ
1950 5224 2009 5297 (θλ

1753 5216 1851 5270 τοῦ
1950 5224 2093 5297 (erat
2126 5222 2272 5278 enim
2301 5221 2606 5294 cooperta),
2641 5219 3055 5276 utsatiarentur
3085 5217 3283 5273 decore
3312 5215 3450 5286 ejus.

277 5306 509 5370 κάλλους
531 5306 721 5376 αὐτῆς.
1859 5364 1866 5382 '

351 5399 438 5454 55.
474 5398 729 5452 Ἔκλαιον
756 5397 811 5451 δὲ
841 5399 890 5451 οί
929 5400 1060 5470 παρ’
1091 5398 1282 5470 αὐτῆς,
1322 5399 1416 5455 καὶ
1465 5399 1667 5466 πάντες
1694 5401 1744 5455 oi
1771 5401 1849 5456 si-

276 5491 430 5554 δότες
455 5491 643 5562 αὐτὴν.

351 5583 440 5637 34.
464 5585 574 5637 Kal
602 5584 931 5648 ἀναστάντες
973 5583 1024 5636 oi
1072 5583 1166 5638 δύο
1196 5583 1555 5657 πρεσϐύτεροι
1604 5585 1664 5640 ὲν
1695 5587 1846 5659 μέσῳ

2016 5403 2110 5459 55.
2149 5403 2380 5460 Flebant
2425 5402 2592 5475 igitur
2618 5401 2728 5471 sui,
2786 5409 2842 5458 et
2865 5415 3080 5467 omnes,
3133 5397 3224 5468 qui
3260 5405 3524 5454 noverant

1945 5508 2092 5552 eam.

2017 5591 2108 5645 54.
2148 5591 2549 5661 Consurgcntes
2574 5599 2754 5646 autem
2785 5588 2894 5644 duo
2936 5584 3236 5658 presbyteri
3259 5584 3312 5638 in
3340 5579 3520 5638 medio

276 5675 374 5729 τοῦ
399 5674 548 5741 λαοῦ,
585 5677 784 5745 ἔθηκαν
812 5677 910 5740 τὰς
936 5679 1122 5750 χεῖρας
1145 5677 1323 5735 αὐτῶν
1354 5679 1442 5733 ἐπὶ
1481 5677 1580 5750 τὴν
1604 5679 1846 5752 κεφαλὴν
1945 5699 2010 5756 po

1678 5679 1846 5752 φαλὴν
1945 5683 2156 5756 populi,
2183 5693 2485 5756 posuerunt
2522 5698 2718 5742 manus
2743 5698 2870 5739 suas
2900 5695 3060 5754 super
3093 5685 3254 5750 caput
3274 5675 3412 5750 ejus.

277 5766 468 5836 αὐτῆς.
