3848 6218
433 278 574 335 2809

1472 273 1726 329 DANIEL
1758 273 1985 330 JUXTA
2026 275 2573 338 THEODOTIONEM

3515 285 3659 339 290“

485 385 573 439 '65.
614 384 745 450 Quae
764 400 895 441 vero
915 386 1050 443 ﬂens
1072 391 1317 460 suspexit
1346 391 1401 446 in
1432 393 1632 448 coalum
1668 408 1679 443 :
1714 393 1986 448 eratenim

2163 397 2252 451 55.
2299 399 2363 451 Ἦ
2392 400 2449 454 δέ
2479 402 2740 457 κλαίουσα
2763 404 3057 473 ἀνέϐλεψεν
3078 407 3157 471 εἰς
3189 406 3280 460 τὸν
3313 408 3559 478 οὐρανὸν,
3577 408 3664 463 ὅτι

419 489 512 530 cor
539 475 658 544 ejus
697 476 951 532 ﬁduciam
992 480 1198 535 habens
1221 483 1275 535 in
1313 482 1564 540 Domino.

486 565 575 619 '56.
620 566 684 620 Et
713 568 968 622 dixerunt
986 572 1315 641 presbyteri:
1342 572 1820 629 Deambulantibus
1835 576 1992 630 nobis

423 656 472 709 in
498 658 740 725 ponmrio
771 661 921 726 solis,
947 662 1189 732 ingressa
1214 674 1296 718 est
1325 666 1427 720 ista
1457 682 1581 721 cum
1601 668 1813 721 duabus
1840 670 1991 737 puel-

424 750 507 813 lis,
533 763 585 804 et
610 752 804 806 clausit
843 755 983 809 ostia
1012 756 1266 825 pomarii,
1297 766 1351 811 et
1394 759 1601 813 dimisit
1636 760 1864 829 puellas.

494 925 583 979 57.
622 924 893 997 Venitque
925 928 991 981 ad
1038 944 1158 982 eam
1215 930 1562 997 adolescens,
1608 932 1703 1001 qui
1749 941 1868 987 erat
1895 932 1994 987 ab-

423 1019 729 1084 scomlitns,
761 1029 818 1073 et
844 1021 1143 1075 concubuit
1179 1038 1305 1075 cum
1346 1037 1428 1077 ea.

494 1110 585 1164 58.
626 1109 799 1164 Porro
825 1126 926 1164 nos
956 1126 1080 1165 cum
1109 1128 1361 1167 essemus
1414 1113 1467 1167 in
1516 1114 1714 1184 angulo
1737 1114 1995 1184 pomarii,

426 1201 670 1257 videntes
722 1203 1086 1273 iniquitatem,
1130 1206 1477 1261 cucurrimus
1528 1206 1594 1259 ad
1645 1222 1760 1271 eos,
1815 1215 1870 1261 et
1899 1222 1997 1260 no—

424 1303 639 1349 scentes
666 1310 764 1349 eos
804 1297 1145 1351 commisceri
1173 1316 1185 1351 :

499 1387 588 1440 59.
622 1387 777 1441 Illum
834 1388 1051 1457 quidem
1110 1390 1459 1459 nequivimus
1512 1389 1995 1460 comprehendere,

425 1480 551 1549 quia
584 1478 778 1534 fortior
812 1482 929 1550 ipse
954 1480 1115 1536 nobis
1134 1492 1273 1548 erat,
1301 1492 1355 1537 et
1394 1483 1596 1552 apertis
1626 1484 1782 1539 ostiis
1810 1483 1997 1539 exsili-

428 1572 523 1625 vit.

494 1664 585 1719 40.
621 1662 771 1719 Hanc
793 1674 971 1720 autem
1002 1681 1129 1721 cum
1164 1667 1736 1737 apprehendissemus,
1770 1670 1999 1723 interro-

427 1756 672 1826 gavimus
699 1757 953 1827 quisnam
986 1768 1131 1815 esset
1160 1762 1478 1818 adolescens
1501 1805 1516 1829 ,
1564 1771 1617 1817 et
1653 1761 1830 1817 noluit
1852 1762 1993 1817 indi-

427 1863 552 1902 care
584 1848 742 1902 nobis
772 1866 785 1899 :
820 1848 936 1903 haec
968 1857 1259 1905 testamur.

493 1937 584 1991 41.
624 1936 688 1990 Et
710 1938 940 1992 credidit
968 1940 1048 1995 eis
1072 1942 1384 2007 multitudo,
1416 1951 1475 1997 ut
1530 1943 1867 2013 presbyteris
1900 1959 1996 2013 po-

428 2031 561 2100 puli,
596 2040 648 2084 et
670 2030 970 2100 judicibus,
1006 2041 1060 2087 et
1088 2034 1589 2090 condemnaverunt
1616 2051 1735 2104 eam
1767 2037 1833 2090 ad
1854 2051 1989 2089 mor-

427 2134 554 2180 tem.

496 2218 584 2272 42.
621 2218 960 2273 Exclamavit
988 2225 1169 2272 autem
1203 2233 1336 2273 voce
1390 2234 1585 2289 magna
1639 2218 1917 2281 Susanna,
1946 2227 2001 2273 et

428 2307 599 2361 dixit:
635 2307 778 2362 Deus
795 2316 1016 2374 aeterne,
1041 2308 1132 2379 qui
1164 2308 1612 2363 absconditorum
1641 2325 1698 2364 es
1727 2310 1997 2379 cognitor,

427 2400 521 2467 qui
553 2400 696 2454 nosti
724 2399 908 2453 omnia
938 2410 1228 2469 antequam
1265 2400 1380 2469 ipsa
1415 2400 1621 2454 fierent.

499 2491 588 2544 43.
632 2490 711 2545 Τιι
743 2492 874 2558 scis,
902 2492 1159 2561 quoniam
1190 2491 1385 2546 falsum
1421 2500 1610 2546 contra
1646 2508 1731 2546 me
1762 2492 2002 2545 tulerunt

433 2583 840 2637 testimonium:
870 2591 923 2637 et
950 2599 1077 2638 ecce
1106 2584 1331 2647 morior,
1355 2600 1480 2638 cum
1522 2584 1657 2637 nihil
1702 2599 1891 2638 eorum
1923 2584 2002 2637 fe-

432 2671 621 2735 cerim,
664 2672 729 2725 de
757 2673 960 2743 quibus
989 2673 1075 2729 isti
1106 2674 1475 2728 testimonium
1514 2674 1770 2728 dixerunt
1813 2675 2004 2728 adver-

432 2777 529 2815 SUS
564 2778 669 2817 me.

503 2853 593 2909 44.
624 2853 691 2908 Et
718 2855 998 2911 exaudivit
1030 2855 1295 2912 Dominus
1323 2871 1508 2911 vocem
1541 2857 1663 2926 ejus

507 2944 599 3000 45.
638 2944 882 3015 Cumque
914 2947 1205 3003 duceretur
1231 2948 1368 3017 ipsa,
1410 2958 1467 3002 ut
1507 2950 1724 3015 periret,
1780 2948 2008 3037 suscita-

2090 483 2160 559 ἦν
2193 492 2225 559 ἡ
2256 493 2455 562 καρδία
2482 494 2653 564 αὐτῆς
2687 498 2979 550 πεποιθυῖα
3003 500 3094 570 ἐπὶ
3137 499 3226 552 τὸν
3266 486 3488 570 Κύριον.

2163 581 2250 636 56.
2284 580 2453 637 Εἶπον
2480 585 2535 638 δέ
2557 562 2978 659 οίνπρεσϐύτεροι
2999 606 3011 619 ·
3042 562 3492 660 ἡεριπατούντων
3509 590 3664 659 ἡμῶν

2094 674 2152 727 ἐν
2203 674 2281 745 τῷ
2332 678 2640 749 παραδείσῳ
2692 680 2888 749 μόνων,
2922 682 3169 751 εἰσῆλθεν
3226 682 3363 753 αῦτη
3401 683 3539 753 μετά
3576 682 3665 735 δύο

2096 763 2412 831 παιδισκῶν,
2432 767 2525 820 καὶ
2546 768 2833 821 ἀπέκλεισε
2855 770 2952 833 τὰς
2987 770 3157 843 θύρας
3182 771 3276 824 τοῦ
3312 771 3661 842 παραδείσου,

2095 856 2192 909 καὶ
2220 857 2458 912 ἀπέλυσε
2489 860 2588 924 τὰς
2619 862 2927 926 παιδίσκας.

2165 947 2253 1001 57.
2288 949 2397 1002 Καὶ
2426 946 2556 1021 ἦλθε
2605 952 2743 1023 πρὸς
2795 954 2965 1026 αὐτὴν
3010 954 3324 1019 νεανίσκος,
3364 956 3422 1019 ὃς
3460 952 3526 1028 ἦν
3579 976 3665 1010 κε-

2097 1040 2432 1111 κρυμμένος,
2455 1044 2547 1095 καὶ
2575 1045 2811 1097 ἀνέπεσε
2840 1045 2958 1115 μετ’
2994 1046 3183 1114 αὐτῆς.

2168 1132 2259 1186 '58.
2294 1132 2485 1202 Ἡμεῖς
2516 1134 2572 1186 δέ
2616 1134 2768 1197 ὄντες
2808 1137 2864 1188 ἐν
2893 1139 2958 1207 τῇ
2986 1137 3157 1207 γωνίᾳ
3196 1138 3289 1191 τοῦ
3316 1140 3666 1209 παραδείσου,

2100 1220 2299 1285 ἰδόντες
2322 1223 2420 1292 τὴν
2441 1222 2690 1293 ἀνομίαν,
2717 1225 3024 1296 ἐδράμομεν
3057 1228 3143 1280 ἐπ’
3175 1229 3390 1293 αὐτοὺς,
3420 1232 3509 1283 καὶ
3533 1231 3671 1284 ἰδόν-

2097 1331 2186 1376 τες
2210 1315 2629 1386 συγγινομένους
2662 1316 2876 1382 αὐτούς,

2170 1412 2259 1467 39.
2314 1414 2551 1467 Ἐκείνου
2585 1414 2684 1483 μὲν
2721 1415 2821 1469 οὐκ
2841 1415 3186 1486 ἠδυνήθημεν
3213 1419 3495 1487 ἐγκρατεῖς
3517 1418 3673 1483 γενέ-

2102 1502 2245 1567 σθαι,
2283 1503 2371 1557 διὰ
2394 1504 2454 1557 τὸ
2489 1505 2693 1575 ἰσχύειν
2716 1505 2877 1560 αὐτὸν
2910 1507 3047 1578 ὑπὲρ
3068 1507 3235 1577 ἡμᾶς,
3267 1509 3361 1560 καὶ
3388 1506 3673 1571 ἀνοίξαντα

2097 1591 2198 1654 τὰς
2231 1591 2400 1662 θύρας
2422 1593 2885 1662 ὲκπεπηδηκέναι.

2169 1683 2262 1739 40.
2291 1683 2507 1754 Ταύτης
2534 1684 2589 1737 δὲ
2620 1685 3023 1757 ἐπιλαϐόμενοι,
3066 1686 3461 1757 ἐπηρωτῶμεν,
3489 1686 3574 1749 τίς
3611 1681 3678 1755 ἦν

2101 1778 2130 1828 6
2171 1777 2473 1841 νεανίσκος,
2532 1776 2628 1830 καὶ
2681 1777 2782 1830 οὐκ
2834 1778 3099 1850 ἠθέλησεν
3130 1780 3455 1848 ἀπαγγεῖλαι
3508 1782 3673 1850 ἡμῖν·

2102 1865 2273 1920 ταῦτα
2304 1884 2479 1937 μαρτυ
2489 1866 2708 1938 ροῦμεν.

2173 1959 2263 2014 41.
2304 1960 2410 2012 Καὶ
2440 1961 2761 2014 ἐπίστευσεν
2791 1960 2976 2025 αὐτοῖς
3003 1962 3036 2032 ἡ
3080 1962 3369 2032 συναγωγὴ
3400 1960 3474 2025 ὡς
3502 1978 3677 2032 πρεσ-

2105 2050 2348 2121 ϐυτέροις
2368 2051 2461 2104 τοῦ
2486 2051 2636 2118 λαοῦ,
2668 2053 2761 2106 καὶ
2783 2055 3016 2125 κριταῖς,
3044 2053 3137 2106 καὶ¹
3164 2053 3482 2125 κατέκρινον
3504 2054 3677 2122 αὐτὴν

2105 2141 2243 2194 ἀποθ
2251 2144 2416 2200 ανεῖν,

2175 2233 2263 2286 42.
2311 2233 2598 2304 Ἀνεϐόησε
2624 2233 2683 2287 δὲ
2709 2237 2861 2306 φωνῇ
2903 2235 3114 2306 μεγάλῃ
3159 2235 3450 2299 Σουσάννα,
3481 2236 3574 2289 καὶ
3604 2232 3675 2288 εἷ-

2107 2340 2239 2376 πενο
2269 2326 2297 2377 6
2324 2325 2456 2388 Θεὸς
2499 2328 2528 2378 ό
2565 2324 2780 2389 αἰώνιος
2803 2368 2817 2393 ,
2848 2328 2876 2380 ὁ
2903 2328 3011 2382 τῶν
3041 2328 3297 2400 κρυπτῶν
3349 2328 3617 2400 γνὼστης,
3650 2331 3679 2379 6

2108 2410 2261 2475 εἰδὼς
2292 2412 2356 2465 τὰ
2386 2414 2562 2467 πάντα
2595 2415 2722 2484 πρὶν
2751 2413 3015 2483 γενέσεως
3038 2393 3215 2468 αὐτῶν

2179 2502 2263 2555 45.
2299 2502 2370 2554 Σὺ
2401 2503 2725 2568 ἐπίστασαι,
2762 2506 2843 2557 ὅτι
2893 2504 3065 2575 ψευδῆ
3112 2522 3214 2576 μου
3254 2503 3673 2574 κατεμαρτύρη-

2112 2608 2231 2656 σαν,
2267 2592 2362 2645 καὶ
2418 2594 2525 2647 ἰδοὺ
2567 2594 2895 2665 ἀποθνήσκω
2940 2594 3014 2666 μὴ
3060 2597 3338 2668 ποιήσασα
3378 2595 3565 2665 μηδὲν,
3599 2589 3675 2647 ὧν

2110 2676 2256 2735 οὗτοι
2289 2685 2784 2758 κατεμαρτύρησαν
2816 2689 2937 2742 κατ’
2968 2687 3126 2757 ἐμοῦ.

2182 2863 2269 2917 44.
2298 2864 2405 2917 Καὶ
2429 2865 2713 2935 εἰσήκουσε
2751 2865 2953 2937 Κύριος
2997 2866 3097 2935 τῆς
3120 2864 3300 2934 φωνῆς
3329 2861 3520 2931 αὐτῆς.

2184 2955 2269 3008 45.
2298 2957 2407 3009 Καὶ
2436 2958 2787 3029 ἀπαγομένης
2807 2959 2976 3029 αὐτῆς
3001 2958 3320 3019 ἀπολέσθαι,
3348 2956 3627 3026 ἐξήγειρεν
3649 2955 3675 3006 6

435 3037 513 3091 vit
552 3036 695 3093 Deus
726 3038 987 3108 Spiritum
1018 3049 1266 3096 sanctum
1317 3041 1472 3109 pueri
1534 3040 1789 3110 junioris,
1847 3036 2001 3111 cujus

2148 3046 2243 3108 νεὸς
2269 3046 2329 3099 τὸ
2358 3046 2582 3118 Πνεῦμα
2608 3048 2668 3101 τὸ
2689 3048 2844 3117 ἅγιον
2874 3049 3159 3121 παιδαρίου
3185 3048 3473 3118 νεωτέρου,
3501 3039 3545 3112 ᾧ
3562 3044 3674 3098 δνο-

438 3144 636 3184 nomen
672 3129 881 3185 Daniel.

508 3220 598 3275 46.
638 3221 703 3276 Et
731 3223 1054 3277 exclamavit
1082 3238 1217 3279 voce
1242 3239 1470 3295 magna:
1502 3226 1739 3281 Mundus
1766 3241 1866 3297 ego
1886 3243 2005 3282 sum

438 3328 469 3368 a
507 3314 773 3383 Sanguine
805 3315 987 3383 hujus.

509 3405 598 3459 47.
628 3407 937 3463 Conversus
971 3417 1054 3464 est
1087 3417 1269 3463 autem
1298 3409 1532 3478 populus
1568 3410 1747 3463 omnis
1772 3409 2006 3472 adeum,

2156 3155 2190 3191 α
2219 3139 2435 3192 Δανιήλ.

2156 3156 2190 3191 α
2219 3156 2435 3192 nam”.

2113 3156 2152 3209 μ
2180 3228 2270 3282 46.
2306 3170 2417 3282 Kcin.
2449 3228 2644 3299 ἐϐόησε
2679 3232 2828 3302 φωνῇ
2863 3230 3075 3302 μεγάλῃ
3100 3249 3112 3262 ·
3146 3231 3400 3302 Καθαρὺς
3432 3229 3542 3298 ἐγὼ
3574 3228 3677 3282 ἀπὸ

2109 3322 2203 3373 τοῦ
2230 3322 2459 3392 αἵματος
2486 3322 2707 3393 ταύτης.

2181 3413 2271 3466 47.
2311 3414 2642 3485 Ἐπέστρεψε
2686 3414 2743 3468 δὲ
2788 3416 2897 3478 πᾶς
2931 3418 2959 3469 ὁ
3004 3416 3133 3480 λαὸς
3181 3417 3316 3488 πρὸς
3359 3417 3545 3481 αὐτόν,
3592 3415 3680 3469 καὶ

436 3506 494 3552 et
526 3498 781 3553 dixerunt
808 3517 823 3554 :
865 3498 1002 3565 Quis
1027 3507 1111 3555 est
1140 3515 1324 3555 sermo
1365 3499 1489 3566 iste,
1509 3514 1669 3569 quem
1696 3507 1753 3554 tu
1792 3498 2001 3555 locutus

2148 3498 2265 3557 ἶπον
2284 3521 2297 3535 ·
2333 3505 2428 3568 Τίς
2458 3508 2487 3558 6
2513 3505 2669 3575 λόγος
2698 3500 2871 3573 οὗτος,
2902 3507 2960 3559 ὃν
2986 3508 3048 3560 σὺ
3078 3507 3401 3580 λελάληκαςς

438 3589 541 3644 es?

508 3680 596 3735 48.
636 3681 739 3747 Qui
794 3697 924 3736 vero
964 3698 1089 3737 cum
1139 3692 1309 3739 staret
1338 3685 1390 3738 in
1447 3683 1626 3739 medio
1667 3698 1856 3739 eorum
1892 3683 2009 3738 ait:

2182 3680 2272 3734 48.
2324 3681 2383 3735 Ὀ
2410 3683 2467 3736 δὲ
2490 3683 2703 3747 σταθεὶς
2754 3685 2812 3736 ἐν
2860 3685 3010 3755 μέσῳ
3061 3684 3259 3748 αὐτῶν,
3291 3681 3446 3739 εἶπεν
3466 3705 3479 3718 ·
3510 3686 3681 3751 Οὕτω,

442 3770 534 3826 Sic
562 3772 695 3827 fatui
722 3774 815 3827 ﬁlii
859 3773 1045 3840 Israel,
1106 3792 1214 3829 non
1261 3776 1592 3844 judicantes,
1655 3791 1833 3846 neque
1862 3777 2001 3846 quod

2148 3773 2293 3845 .mpol.
2326 3775 2431 3827 uioi.
2475 3775 2727 3846 Ἰσραὴλ,
2750 3776 2847 3829 οὐκ
2894 3777 3306 3848 ἀνακρίναντες,
3340 3777 3459 3830 οὐδὲ
3490 3779 3550 3830 τὸ
3591 3795 3682 3831 σα-

440 3864 788 3918 manifestum
835 3874 919 3919 est
951 3876 1364 3935 cognoscentes,
1411 3866 1787 3921 condemnatis
1845 3866 2001 3921 ﬁliam

2148 3866 2211 3929 ιές
2239 3866 2551 3935 ἐπιγνόντες
2577 3867 2936 3938 κατεκρίνατε
2973 3868 3248 3939 θυγατέρα
3289 3868 3546 3939 Ἰσραήλὶ

441 3953 606 4009 Israel
624 3956 647 4008 ἲ

510 4047 601 4102 49.
642 4047 996 4102 Revertimini
1031 4050 1193 4120 igitur
1226 4050 1292 4104 ad
1320 4050 1623 4120 judicium;
1656 4051 1846 4107 falsum
1866 4054 2009 4107 enim

444 4139 819 4193 testiinonium
842 4140 931 4194 isti
964 4140 1129 4195 locuti
1156 4151 1283 4196 sunt
1315 4143 1574 4197 adversus
1600 4158 1742 4195 eam.

514 4229 603 4284 50.
648 4229 713 4283 Et
739 4246 993 4287 reversus
1022 4241 1104 4287 est
1128 4235 1363 4303 populus
1391 4249 1515 4289 cum
1554 4233 1924 4295 festinatione,
1961 4245 2014 4289 et

442 4319 702 4376 dixerunt
726 4323 775 4377 ei
801 4325 1099 4396 presbyteri
1127 4344 1142 4381 :
1175 4326 1335 4392 Veni,
1362 4338 1416 4382 et
1459 4328 1586 4383 sede
1632 4328 1683 4380 in
1716 4327 1892 4379 medio
1917 4342 2014 4379 no~

2184 4043 2272 4097 49.
2329 4043 2724 4113 Ἀναστρέψατε
2753 4038 2845 4097 οῦν
2863 4044 2943 4106 είς
2967 4043 3025 4097 τὸ
3054 4045 3352 4115 κριτήριον,
3379 4043 3554 4114 ψευδῆ
3583 4046 3686 4113 γὰρ

2115 4127 2259 4187 οὗτοι
2284 4136 2780 4206 κατεμαρτύρησαν
2817 4137 3008 4207 αὐτῆς.

2189 4228 2275 4281 50.
2304 4229 2415 4281 Καὶ
2435 4228 2763 4300 ἀνέστρεψεν
2783 4231 2811 4283 6
2831 4230 2958 4293 λαὸς
2983 4230 3119 4301 μετά
3146 4230 3400 4301 σπουδῆς,
3421 4230 3516 4283 καὶ⁵
3542 4223 3687 4281 εἷπον

2117 4318 2268 4389 αὐτῷ
2292 4320 2341 4371 οί
2369 4320 2731 4391 πρεσϐύτεροι
2754 4335 2768 4349 ·
2801 4321 2997 4392 Δεῦρο,
3038 4321 3133 4375 καὶ
3180 4321 3401 4375 καθίσον
3453 4323 3513 4375 ἐν
3546 4322 3687 4390 μέσῳ

444 4421 641 4478 strum,
678 4424 732 4468 et
760 4414 941 4470 indica
976 4406 1155 4483 nobis,
1185 4419 1315 4488 quia
1350 4419 1445 4473 tibi
1497 4418 1646 4474 dedit
1674 4418 1817 4472 Deus
1851 4418 2001 4471 bono.

2160 4410 2299 4481 μῶν,
2327 4414 2422 4465 καὶ
2461 4412 2793 4480 ἀπάγγειλον
2831 4414 2984 4483 ἡμῖν,
3022 4413 3103 4465 ὅτι
3140 4430 3223 4466 σοι
3265 4413 3464 4466 ἔδωκεν
3494 4416 3523 4465 6
3566 4413 3688 4474 Θεὸς

442 4519 557 4557 rem
593 4506 907 4562 senectutis.

515 4595 604 4651 5i.
637 4595 702 4650 Et
727 4598 864 4653 dixit
890 4599 957 4653 ad
981 4615 1079 4656 eos
1125 4600 1355 4656 Daniel:
1394 4602 1655 4672 Separate
1694 4618 1788 4658 eos
1827 4605 2015 4673 procul

443 4687 513 4742 ab
544 4688 796 4755 invicem,
819 4700 872 4745 et
900 4693 1212 4761 dijudicabo
1242 4710 1358 4750 eos.

515 4779 603 4833 52.
633 4779 767 4836 Cum
786 4798 916 4853 ergo
943 4784 1103 4839 divisi
1140 4796 1322 4840 essent
1354 4789 1490 4842 alter
1524 4789 1593 4843 ab
1620 4790 1816 4853 altero,
1855 4805 2018 4845 voca-

443 4871 524 4925 vit
556 4887 724 4926 unum
755 4874 822 4929 de
842 4876 940 4941 eis,
973 4886 1028 4931 et
1064 4877 1203 4932 dixit
1237 4880 1302 4932 ad
1357 4895 1479 4934 eum
1514 4898 1528 4933 :
1577 4880 1874 4939 lnveterate
1902 4884 2019 4938 die-

2114 4503 2176 4554 τὸ
2200 4502 2505 4572 πρεσϐεῖον.

2187 4594 2277 4648 51.
2301 4595 2409 4648 Καὶ
2438 4590 2588 4649 εἶπεν
2628 4594 2763 4666 πρὸς
2806 4594 3002 4659 αὐτοὺς
3049 4594 3249 4665 Δανιήλ
3271 4611 3285 4624 ο
3317 4594 3690 4666 Διαχωρίσατε

2118 4686 2315 4749 αὐτοὺς
2350 4686 2567 4756 μακρὰν
2596 4686 2691 4739 ἀπ’
2723 4684 2991 4756 ἀλλήλων,
3018 4685 3112 4737 καὶ
3142 4685 3419 4755 ἀνακρινῶ
3442 4687 3662 4749 αύτούς.

2192 4777 2280 4832 52.
2318 4778 2406 4841 Ὣς
2441 4778 2495 4831 δὲ
2532 4778 2961 4850 διεχωρίσθησαν
3012 4772 3093 4840 εἷς
3143 4777 3250 4830 ἀπὸ
3270 4776 3363 4830 τοῦ
3391 4778 3532 4841 ἐνὸς,
3568 4781 3693 4833 ἐκα-

2118 4875 2242 4927 λεσε
2284 4875 2376 4927 τὸν
2407 4874 2503 4927 ’ἑνα
2539 4874 2747 4939 αὐτῶν,
2779 4873 2875 4927 καὶ
2920 4869 3074 4926 εἶπεν
3114 4874 3249 4945 πρὸς
3288 4873 3450 4925 αὐτόν
3473 4891 3484 4902 ·
3512 4876 3696 4927 Ham—

444 4978 565 5016 rum
619 4965 909 5029 malorum,
959 4982 1105 5023 nunc
1130 4981 1393 5026 venerunt
1442 4984 1665 5043 peccata
1724 4986 1834 5041 Illa,
1896 4992 2001 5046 qua

2148 4965 2387 5035 αιωμένε
2419 4965 2644 5036 ἡμερῶν
2696 4964 2906 5029 κακῶν,
2954 4964 3049 5018 νῦν
3080 4965 3280 5035 ἤκασιν
3320 4964 3377 5015 αἱ
3427 4966 3696 5035 ἁμαρτίαι

444 5051 685 5109 faciebas
709 5057 883 5124 prius,

520 5145 608 5201 55.
638 5146 905 5203 Judicans
930 5150 1137 5220 judicia
1170 5152 1401 5223 injusta,
1443 5164 1497 5210 et
1553 5156 1869 5212 innocentes
1898 5157 2019 5226 qui-

2121 5075 2239 5120 σου,
2266 5057 2331 5120 ἃς
2364 5058 2569 5120 ἐποίεις
2587 5057 2649 5109 τὸ
2681 5056 2972 5127 πρότερον,

2192 5150 2281 5205 55.
2312 5149 2528 5219 Κρίνων
2551 5150 2761 5219 κρίσεις
2790 5149 3034 5212 ἀδίκους,
3071 5148 3168 5202 καὶ
3207 5148 3332 5211 τοὺς
3357 5148 3458 5214 μὲν
3485 5149 3695 5211 ἁθὼους

447 5237 569 5290 dem
608 5241 1004 5305 condemnans,
1062 5245 1341 5303 dimittens
1397 5256 1577 5302 autem
1632 5265 1774 5309 reos,
1808 5249 2001 5302 dicenti

2148 5242 2484 5311 ιατακρίνων,
2518 5240 2764 5294 ἀπολύων
2792 5241 2848 5293 δέ
2880 5243 3005 5304 τοὺς
3042 5241 3265 5303 αἰτίους,
3302 5240 3560 5308 λέγοντος
3592 5241 3683 5293 τοῦ

450 5326 719 5384 Domino:
754 5331 1124 5401 lnnocentem,
1150 5347 1205 5393 et
1228 5338 1435 5406 justum
1466 5356 1574 5395 non
1600 5341 1913 5395 interlicies.

520 5420 610 5475 54.
643 5422 800 5479 Nunc
837 5441 966 5497 ergo
995 5430 1133 5484 hanc
1162 5431 1209 5486 si
1264 5433 1469 5496 vidisti,
1524 5434 1611 5487 dic
1656 5434 1757 5488 sub
1790 5449 1893 5501 qua
1929 5450 2019 5487 ar-

450 5511 582 5566 bore
613 5515 797 5571 vidisti
829 5534 924 5575 eos
976 5524 1349 5593 colloquentes
1397 5526 1650 5581 invicem.
1700 5525 1798 5591 Qui
1851 5526 2018 5579 dixit:

454 5600 567 5658 Sub
589 5606 799 5660 schino.

531 5688 620 5746 55.
660 5694 805 5753 Dixit
862 5710 1040 5757 autem
1095 5704 1280 5761 Daniel
1317 5706 1521 5763 :Reete
1565 5710 1823 5765 mentitus
1873 5726 1929 5765 es
1967 5710 2017 5763 in

2120 5334 2355 5405 Κυρίουο
2384 5334 2559 5389 ἀθῶον
2587 5335 2682 5388 καὶ
2711 5334 2918 5386 δίκαιον
2942 5335 3041 5386 οὐκ
3068 5335 3406 5395 ἀποκτενεῖς.

2146 5413 2150 5416 ⁴
2196 5426 2281 5479 54.
2307 5425 2420 5478 Νῦν
2436 5422 2529 5479 οῦν
2559 5425 2761 5494 ταύτην
2794 5425 2950 5497 εἴπερ
2968 5418 3138 5486 οἶδας,
3170 5423 3309 5487 είπέ,
3343 5422 3451 5475 ὑπὸ
3491 5424 3547 5476 τί
3584 5421 3694 5476 δὲνο

2122 5521 2247 5589 δρον
2270 5512 2407 5579 εἶδες
2433 5519 2626 5580 αὐτοὺς
2661 5516 2978 5587 ὁμιλοῦντας
3017 5515 3287 5587 ἀλλήλοις.
3335 5513 3392 5568 Ὀ
3424 5513 3482 5568 δὲ
3511 5511 3691 5568 εἶπεν⁹

2136 5602 2271 5664 Ὑπὸ
2290 5613 2483 5680 σχῖνον.

2201 5707 2288 5760 55.
2318 5701 2447 5759 Εἶπε
2474 5704 2526 5757 δὲ
2562 5702 2783 5772 Δανιὴλ·
2835 5698 3035 5771 Ὀρθῶς
3063 5698 3284 5768 ἕιᾷευςαι
3306 5699 3385 5760 εἰς
3418 5697 3514 5769 τὴν
3542 5712 3695 5749 σεαυ-
