4390 6222
307 276 445 340 99m

1724 260 1955 317 CAPUT
2001 260 2114 316 XIV

3415 263 3557 319 9.969.

307 394 407 446 τοῦ
447 390 687 459 κεφαλήν
704 404 715 415 ·
741 387 839 457 ἤδη
861 384 970 455 γὰρ
1001 382 1228 453 ἅγγελος
1250 383 1343 437 τοῦ
1373 381 1508 435 Θεοῦ
1532 379 1711 433 λαϐὼν
1736 375 1886 446 παρὰ
1913 380 1960 435 Α
1988 391 2041 431 ca

1825 375 1886 445 ρὰ
1913 380 1960 435 Δ
1988 388 2151 446 caput
2179 388 2332 434 tuum
2379 394 2392 430 :
2438 392 2563 433 ecce
2608 377 2755 432 enim
2797 376 3023 446 angelus
3068 362 3165 431 Dei
3222 375 3490 446 accipiens
3525 390 3559 431 a

311 484 409 537 τοῦ
439 482 571 534 Θεοῦ
606 479 777 548 σχίσει
818 494 877 529 σε
904 478 985 538 είς
1018 476 1201 545 μέσον.

386 572 474 625 56.
506 570 617 623 Kal
658 566 1003 638 μεταστήσας
1055 564 1221 618 αὐτὸν
1245 606 1261 627 ,
1296 563 1547 616 ἐκέλευσε
1591 560 1887 631 προσάγειν

308 665 403 716 τὸν
432 663 618 731 ἕτερον
644 701 659 726 ,
696 658 791 712 καὶ
830 652 985 710 εἶπεν
1024 657 1206 725 αὐτῷ·
1241 654 1468 724 Σπέρμα
1518 651 1761 713 Χαναὰν,
1795 649 1889 703 καὶ

308 753 431 821 οὐχὶ
463 749 631 802 Ἰούδα
654 789 669 811 ,
702 747 762 800 τὸ
805 746 997 808 κάλλος
1022 745 1271 814 ὴπάτησέ
1306 760 1386 808 σε,
1434 742 1528 795 καὶ
1556 742 1589 811 ἡ
1622 739 1889 809 ἐπιθυμία

309 840 592 911 διέστρεψε
627 838 725 909 τὴν
747 836 975 909 καρδίαν
1001 854 1115 889 σου.
1349 872 1355 876 -

384 934 475 987 57.
508 931 695 994 Οὕτως
718 931 951 983 ἐποιεῖτε
974 928 1309 999 θυγατράσιν
1346 924 1584 995 Ἰσραὴλ,
1612 926 1710 976 καὶ
1739 923 1889 975 ἐκεῖ-

313 1046 402 1080 ναι
424 1023 1012 1095 φοϐούμεναιὼμίλουν
1040 1022 1170 1091 ὑμῖν
1187 1038 1199 1051 ·
1225 1020 1338 1075 ἀλλ’
1357 1020 1418 1071 ού
1445 1017 1692 1085 Θυγάτηρ
1716 1012 1890 1067 Ἰούδα

314 1118 579 1186 ὑπέμεινε
612 1116 711 1186 τὴν
739 1114 967 1184 ἀνομίαν
1002 1111 1178 1182 ὑμῶν.

390 1212 477 1266 58.
510 1208 626 1262 Νῦν
657 1204 748 1261 οὖν
784 1207 909 1275 λέγε
948 1222 1074 1274 μοι,
1112 1204 1217 1256 ὑπὸ
1255 1202 1308 1255 τί
1342 1201 1558 1272 δένδρον
1591 1195 1889 1257 κατέλαϐες

317 1302 517 1363 αὐτοὺς
530 1298 849 1368 ὁμιλοῦντας
866 1294 1133 1364 ἀλλήλοις;
1151 1292 1209 1346 '0
1228 1292 1284 1344 δὲ
1311 1288 1484 1343 εἷπενο
1516 1288 1653 1341 Ὑπὸ
1678 1289 1887 1357 πρῖνον.

390 1388 477 1443 59.
498 1383 664 1440 Εἶπεν
695 1385 753 1439 δὲ
785 1383 933 1454 αὐτῷ
966 1383 1161 1452 Δανιήλ
1190 1399 1203 1412 ·
1240 1380 1442 1452 Ὀρθῶς
1465 1380 1680 1449 ἐψεύσω
1697 1378 1791 1431 καὶ
1823 1377 1889 1428 σὺ

320 1484 399 1542 εἰς
432 1480 532 1550 τὴν
575 1476 804 1531 σεαυτοῦ
860 1475 1102 1546 κεφαλήν
1129 1490 1143 1505 ·
1170 1474 1320 1544 μένει
1344 1472 1452 1544 γὰρ
1474 1475 1502 1526 6
1534 1471 1767 1540 ἄγγελος
1794 1469 1889 1521 τοῦ

320 1570 457 1622 Θεοῦ
485 1610 499 1633 ,
526 1568 626 1638 τὴν
656 1566 929 1638 ῥομφαίαν
975 1564 1113 1635 ἔχων
1154 1567 1345 1635 πρίσαι
1393 1581 1451 1617 σε
1493 1562 1690 1635 μέσον,
1740 1562 1891 1626 ὅπως

321 1662 502 1725 ἐξολοθ
510 1660 680 1731 ρεύσῃ
710 1659 875 1728 ὑμᾶς.

396 1838 483 1892 60.
507 1838 618 1891 Kal
636 1836 898 1906 ἀνεϐόησε
922 1836 1072 1905 φωνῇ
1107 1834 1316 1905 μεγάλῃ
1343 1834 1491 1885 πᾶσα
1517 1833 1550 1903 ὴ
1582 1829 1893 1902 συναγωγὴ,

323 1932 419 1984 καὶ
449 1929 747 2000 εὐλόγησαν
782 1927 866 1998 τῷ
893 1925 1013 1996 Θεῴ
1038 1926 1114 1995 τῷ
1145 1924 1370 1989 σώζοντι
1402 1923 1529 1985 τοὺς
1578 1918 1899 1984 ἐλπίζοντας

325 2024 414 2076 ἐπ’
435 2022 619 2076 αὐτόν.

396 2116 486 2169 6|.
515 2115 627 2169 Kal
652 2111 954 2181 ἀνέστησαν
976 2109 1069 2162 ἐπὶ
1088 2108 1214 2170 τοὺς
1241 2108 1336 2160 δύο
1365 2103 1793 2176 πρεσϐυτέρους,
1817 2104 1899 2156 ὅτι

329 2208 656 2277 συνέστησεν
689 2204 887 2265 αὐτοὺς
932 2200 1130 2268 Δανιὴλ
1172 2202 1236 2251 ἐκ
1269 2197 1364 2251 τοῦ
1404 2198 1675 2266 στόματος
1723 2194 1901 2247 αὐτῶν

324 2298 947 2369 ψευδομαρτυρήσαντας
972 2309 987 2323 ⁸
1016 2293 1112 2346 καὶ⁵
1135 2291 1394 2359 ἐποίησαν
1416 2290 1598 2351 αὐτοῖς
1624 2287 1682 2339 ὃν
1703 2286 1902 2357 τρόπον

330 2387 770 2459 ὲπονηρεύσαντο
791 2384 1017 2454 ποιῆσαι
1046 2380 1123 2452 τῷ
1150 2381 1399 2450 πλησίον,
1438 2377 1580 2431 κατὰ
1612 2375 1700 2429 τὸν
1739 2374 1903 2444 νόμον

332 2481 529 2550 Μωσῆ.

403 2576 493 2628 62.
521 2572 631 2627 Kal
666 2570 998 2626 ἀπέκτειναν
1032 2566 1249 2630 αὐτοὺς,
1279 2563 1374 2618 καὶ
1396 2560 1576 2632 ἐσώθη
1596 2553 1733 2631 αἷμα
1752 2557 1905 2613 ἀναί-

332 2685 449 2717 τιον
478 2669 534 2718 ἐν
558 2668 623 2735 τῇ
654 2664 840 2735 ἡμέρᾳ
860 2661 1067 2731 ἐκείνῃ.

410 2761 497 2814 65.
531 2758 770 2818 Χελκίας
806 2755 864 2809 δὲ
901 2754 1052 2823 καὶὴ
1087 2749 1223 2821 γυνὴ
1244 2747 1409 2802 αὑτοῦ
1436 2746 1634 2817 ⁴ᾔνεσαν
1662 2741 1909 2815 περὶτῆς

334 2851 606 2921 θυγατρὸς
635 2847 813 2901 αὐτῶν
846 2844 1154 2905 Σουσάννας
1195 2840 1332 2911 μετά
1386 2839 1647 2906 Ἰωακεὶμ
1690 2834 1784 2887 τοῦ
1813 2835 1909 2887 ἀν-

333 2946 461 3015 δρὸς
492 2944 682 3011 αὐτῆς,
706 2937 927 2993 καὶτῶν
964 2933 1243 3004 συγγενῶν
1275 2931 1492 2986 πάντων
1512 2969 1528 2995 ,
1572 2929 1654 2981 ὃτι
1690 2928 1791 2998 οὐχ
1816 2926 1910 2979 εὑ-

338 3037 469 3111 ρέθη
502 3038 557 3087 ἐν
597 3034 732 3103 αὐτῇ
769 3031 1018 3101 ἄσχημον
1047 3029 1298 3099 πρᾶγμα.

409 3127 497 3179 64.
534 3125 643 3177 Kal
685 3120 885 3191 Δανιὴλ
930 3119 1146 3187 ἐγένετο
1183 3117 1355 3186 μέγας
1390 3113 1620 3166 ἐνώπιον
1650 3109 1745 3164 τοῦ
1779 3109 1909 3164 λαοῦ

336 3218 446 3271 ἀπὸ
469 3216 565 3287 τῆς
602 3215 815 3285 ἡμέρας
844 3211 1081 3279 ἐκείνης,
1109 3211 1205 3262 καὶ
1236 3209 1516 3261 ἐπέκεινα.

408 3308 497 3362 65.
525 3307 633 3360 Kal
650 3308 678 3359 6
699 3302 949 3374 βασιλεὺς
984 3300 1286 3369 Ἀστυάγης
1308 3296 1606 3367 προσετέθη
1637 3297 1772 3368 πρὸς
1787 3295 1914 3358 τοὺς

342 3400 583 3470 πατέρας
609 3394 773 3450 αὐτοῦ
795 3411 809 3425 ο
842 3394 937 3446 καὶ
972 3391 1246 3464 παρέλαϐε
1276 3389 1458 3461 Κύρος
1498 3390 1525 3441 6
1570 3388 1786 3458 Πέρσης
1815 3386 1914 3457 τὴν

344 3491 620 3563 βασιλείαν
650 3487 836 3542 αὑτοῦ.

851 3617 1252 3675 ΚΕΦΑΛΑῙΟΝ
1291 3615 1389 3669 1Δ’.

416 3720 469 3773 1.
503 3717 615 3771 Kal
630 3711 698 3787 ἦν
730 3712 929 3784 Δανιὴλ
956 3728 1019 3763 συ
1029 3708 1271 3780 μϐιωτὴς
1291 3704 1384 3758 τοῦ
1409 3700 1693 3775 βασιλέως,
1716 3699 1809 3754 καὶ
1834 3698 1917 3753 ἐν·

345 3811 495 3875 δοξος
528 3808 666 3878 ὑπὲρ
698 3806 905 3866 πάντας
936 3802 1062 3863 τοὺς
1087 3800 1275 3869 φίλους
1307 3796 1495 3850 αὐτοῦ.

415 3902 470 3955 2.
503 3901 611 3954 Kal
634 3895 701 3968 ἦν
727 3895 943 3948 εἴδωλον
972 3895 1082 3956 τοῖς
1114 3889 1496 3954 Βαϐυλωνίοις,
1527 3881 1570 3955 ᾧ
1594 3885 1765 3957 ὄνομα
1785 3883 1915 3955 Βὴλ,

348 3995 441 4048 καὶ
471 3990 817 4045 ἐδαπανῶντο
854 3987 933 4050 είς
967 3984 1129 4038 αὑτὸν
1168 3982 1403 4049 ἐκάστης
1454 3979 1668 4050 ἡμέρας
1701 3975 1922 4045 σεμιδά-

346 4085 481 4146 λεως
510 4079 746 4152 ἀρτάϐαι
779 4076 1010 4140 δώδεκα,
1059 4074 1154 4127 καὶ
1194 4070 1441 4144 πρόϐατα
1484 4066 1916 4138 τεσσαράκοντα,

346 4173 443 4227 καὶ
462 4170 603 4224 οἴνου
641 4168 815 4240 μέτρα
838 4167 918 4232 ἐξ.

421 4264 474 4316 5.
510 4263 621 4316 Kal
658 4262 685 4313 6
716 4257 971 4328 βασιλεὺς
1005 4254 1225 4307 ἐσέϐετο
1250 4252 1412 4305 αὐτὸν
1439 4292 1453 4316 ,
1483 4250 1578 4304 καὶ
1627 4246 1920 4319 ἐπορεύετο

347 4354 378 4406 6
411 4352 663 4422 βασιλεὺς
690 4348 811 4403 καθ’
851 4347 1091 4416 ἐκάστην
1123 4344 1338 4414 ἡμέραν
1380 4341 1707 4412 προσκυνεῖν
1747 4337 1914 4405 αὐτῷ.

1992 469 2122 530 Deo,
2159 469 2371 523 scindet
2395 477 2446 523 te
2482 468 2742 522 medium.

2040 562 2148 615 ‘56.
2183 562 2250 615 Et
2286 570 2473 615 amoto
2499 574 2565 614 eo
2601 558 2762 629 jussit
2785 557 2978 613 adduci
3004 557 3196 623 alium,
3228 564 3283 612 et
3310 556 3448 612 dixit
3470 556 3559 612 ei:

1992 651 2188 708 Semen
2214 652 2498 717 Chanaan,
2528 660 2583 704 et
2610 665 2718 704 non
2756 648 2925 715 Juda,
2974 651 3186 718 species
3239 650 3459 705 seduxit
3485 657 3560 717 te,

1988 752 2044 798 et
2064 743 2507 813 conCUpiscentia
2540 741 2807 796 subvertit
2835 756 2930 795 cor
2960 749 3135 794 tuum.

2058 916 2147 970 57.
2178 916 2270 970 Sic
2300 915 2582 971 faciebatis
2615 915 2830 970 ﬁliabus
2870 914 3057 983 Israel,
3094 926 3149 971 et
3183 917 3289 971 illa!
3309 917 3564 972 timentes

1989 1008 2355 1077 loquebantur
2385 1008 2538 1060 vobis
2563 1023 2577 1059 :
2612 1007 2705 1061 sed
2736 1023 2842 1062 non
2874 1008 2985 1062 ﬁlia
3012 1006 3151 1062 Juda
3175 1008 3437 1063 sustinuit
3459 1007 3567 1062 iui-

1991 1099 2253 1169 quitatem
2286 1107 2549 1152 vestram.

2063 1191 2153 1244 58.
2187 1188 2345 1244 Nunc
2367 1204 2499 1259 ergo
2526 1189 2615 1244 dic
2668 1189 2839 1255 mihi;
2870 1188 2973 1243 suh
3020 1204 3127 1259 qua
3175 1189 3374 1244 arbore
3412 1203 3566 1244 com-

1991 1282 2326 1352 prehendisti
2357 1296 2453 1337 eos
2485 1282 2771 1350 loquentes
2828 1281 3101 1335 invicem?
3156 1280 3259 1346 Qui
3294 1296 3425 1336 vero
3454 1281 3565 1335 ait:

1994 1373 2107 1428 Sub
2135 1374 2310 1443 prino.

2063 1466 2151 1521 59.
2189 1464 2331 1518 Dixit
2354 1473 2534 1518 autem
2568 1461 2757 1517 Daniel
2788 1478 2802 1515 :
2842 1460 3010 1517 Recte
3054 1463 3317 1518 mentitus
3341 1478 3399 1517 es
3425 1472 3480 1516 et
3510 1469 3569 1516 tu

1992 1558 2048 1611 in
2083 1566 2245 1627 caput
2282 1566 2439 1611 tuum
2472 1572 2486 1609 :
2515 1564 2702 1609 manet
2731 1554 2877 1608 enim
2918 1554 3145 1624 angelus
3190 1553 3283 1607 Dei
3326 1553 3568 1622 gladium

1994 1650 2205 1705 habens
2255 1649 2325 1703 ad
2385 1648 2679 1703 secandum
2727 1655 2779 1701 te
2828 1646 3101 1711 medium,
3154 1654 3213 1699 ut
3243 1646 3572 1701 exterminet

1997 1757 2115 1797 VOS.

2071 1834 2161 1889 60.
2201 1834 2268 1888 Et
2293 1832 2618 1889 exclamavit
2642 1845 2775 1886 voce
2807 1845 3003 1900 magna
3046 1829 3225 1885 omnis
3271 1841 3567 1899 synagoga,

1996 1936 2054 1985 et
2078 1926 2474 1982 benedixerunt
2500 1924 2630 1991 Deo,
2664 1922 2758 1995 qui
2786 1924 2958 1979 salvat
2986 1930 3264 1992 sperantes
3293 1922 3347 1976 in
3378 1935 3457 1977 se.

2071 2102 2158 2156 6i.
2190 2099 2255 2155 Et
2284 2108 2750 2155 consurrexerunt
2778 2100 3040 2154 adversus
3061 2098 3573 2171 duospresbyteros

2003 2193 2332 2266 (couvicerat
2363 2192 2507 2247 enim
2540 2191 2724 2245 Daniel
2746 2206 2813 2245 ex
2840 2206 2932 2244 ore
2962 2190 3222 2259 ipsorum,
3268 2189 3462 2245 falsum
3491 2192 3575 2247 di-

2003 2288 2151 2343 xisse
2183 2284 2604 2354 testimonium),
2641 2293 2694 2337 et
2721 2281 2969 2337 fecerunt
3006 2284 3085 2337 eis
3115 2283 3257 2338 sicut
3303 2284 3575 2340 malitiose

2004 2386 2227 2450 egerant
2304 2376 2565 2431 adversus
2634 2374 2945 2445 proximum
3027 2376 3327 2429 secundum
3399 2376 3573 2448 legem

2005 2469 2165 2524 Mosi.

2078 2559 2167 2614 62.
2210 2559 2280 2614 Et
2305 2556 2701 2612 interfecerunt
2730 2570 2847 2622 eos,
2875 2563 2930 2610 et
2975 2553 3218 2610 salvatus
3243 2562 3327 2611 est
3352 2556 3577 2627 sanguis

2008 2653 2268 2709 innoxius
2296 2652 2351 2706 in
2380 2651 2469 2706 die
2496 2651 2610 2704 illa.

2078 2746 2166 2801 65.
2206 2743 2455 2800 Chelcias
2480 2752 2683 2806 autem,
2712 2750 2767 2795 et
2794 2753 2933 2794 uxor
2954 2739 3072 2809 ejus
3100 2738 3458 2793 Iaudaverunt
3480 2754 3580 2809 pro

2010 2842 2120 2896 ﬁlia
2146 2856 2246 2896 sua
2275 2839 2550 2898 Susanna,
2576 2852 2700 2890 cum
2728 2833 2941 2890 Joakim
2994 2834 3190 2888 marito
3223 2833 3363 2903 ejus,
3400 2841 3454 2887 et
3484 2847 3582 2888 co-

2012 2936 2189 3005 gnatis
2213 2932 2489 2998 omnibus,
2534 2930 2666 3000 quia
2712 2944 2823 2983 non
2887 2937 3033 2982 esset
3065 2927 3283 2980 inventa
3310 2925 3367 2980 in
3396 2939 3460 2980 ea
3494 2942 3583 2981 res

1936 3048 1980 3107 ρ
2014 3026 2211 3096 turpis.

2082 3119 2173 3174 64.
2212 3117 2278 3172 Et
2300 3114 2486 3170 Daniel
2542 3112 2732 3168 factus
2784 3119 2868 3166 cst
2917 3123 3149 3179 magnus
3174 3109 3230 3163 in
3287 3118 3583 3179 conspectu

2012 3210 2195 3281 populi
2233 3225 2263 3263 a
2293 3208 2381 3263 die
2408 3208 2520 3269 illa,
2549 3217 2599 3261 et
2630 3206 2908 3273 deinceps.

2084 3303 2173 3357 65.
2215 3300 2279 3355 Et
2305 3314 2398 3355 rex
2424 3301 2683 3369 Astyages
2712 3296 2994 3367 appositus
3013 3302 3097 3349 est
3130 3290 3198 3347 ad
3232 3300 3411 3361 patres
3430 3304 3585 3357 suos,

2015 3402 2071 3447 et
2100 3391 2340 3461 suscepit
2362 3390 2537 3460 Cyrus
2565 3387 2757 3443 Perses
2784 3401 3011 3457 regnum
3043 3384 3183 3455 ejus.

2596 3585 2824 3642 CAPUT
2881 3583 3022 3641 XIV.

2088 3688 2142 3742 1.
2182 3685 2249 3741 Et
2268 3694 2384 3740 erat
2410 3683 2599 3737 Daniel
2624 3681 2852 3737 conviva
2876 3679 3039 3750 regis,
3091 3690 3145 3735 et
3176 3680 3475 3733 honoratus
3497 3691 3592 3732 su-

2017 3794 2115 3850 per
2143 3792 2335 3833 omnes
2362 3775 2568 3830 amicos
2598 3773 2737 3843 ejus.

2088 3870 2144 3925 2.
2185 3868 2251 3922 Ει
2282 3876 2399 3923 erat
2440 3866 2644 3921 idolum
2675 3862 3011 3933 Babyloniis,
3068 3860 3155 3916 cui
3206 3874 3403 3913 nomen
3453 3856 3590 3911 Bel:

2019 3972 2074 4018 et
2096 3960 2550 4031 impendebantur
2580 3958 2634 4012 in
2657 3970 2722 4011 eo
2752 3970 2849 4026 per
2872 3954 3117 4024 singulos
3141 3952 3257 4006 dies
3287 3950 3479 4005 simila
3504 3963 3594 4002 ar-

2020 4052 2158 4107 laba:
2184 4048 2487 4114 duodecim,
2515 4054 2571 4102 et
2602 4059 2731 4100 oves
2759 4042 3117 4114 quadraginta
3137 4081 3153 4107 ,
3207 4048 3261 4095 et
3296 4039 3404 4093 viui
3434 4052 3593 4092 men-

2024 4160 2086 4200 ευ
2097 4159 2167 4198 rae
2187 4158 2303 4197 εει.

2090 4233 2144 4287 5.
2186 4231 2251 4285 Ει
2277 4245 2372 4285 rex
2407 4228 2620 4284 colebat
2646 4239 2791 4289 eum,
2817 4230 2874 4278 et
2919 4221 3034 4277 ibat
3078 4236 3174 4275 rex
3220 4235 3317 4290 per
3351 4217 3593 4288 singulos

2020 4323 2137 4379 dies
2190 4322 2422 4377 adorare
2473 4335 2640 4375 eum:
2693 4330 2855 4387 porro
2877 4313 3069 4369 Daniel
3119 4312 3381 4367 adorabat
3420 4310 3590 4365 Deum

357 4395 377 4406 ι·
411 4395 660 4422 Γν-ννηννν
693 4395 789 4403 ν-ντ-
854 4395 982 4401 ---v--
1005 4395 1081 4416 ~-.-
1131 4395 1187 4414 ίηί
1242 4395 1252 4412 ,
1282 4395 1286 4396 ν
1321 4395 1324 4396 ν
1427 4395 1438 4412 ,
1868 4395 1878 4405 ,

357 4445 560 4516 Δανιὴλ
587 4444 642 4496 δέ
668 4439 991 4512 προσεκύνει
1015 4437 1092 4508 τῷ
1113 4435 1232 4506 Θεῴ
1254 4435 1419 4488 αὐτοῦ
1442 4451 1454 4464 ο
1479 4433 1575 4486 καὶ
1596 4426 1747 4484 εἶπεν
1770 4429 1919 4500 αὐτῷ
1950 4395 1995 4450 D
2023 4434 2085 4472 ευ

1720 4449 1747 4483 ν
1770 4395 1919 4500 αὐτῷ
1950 4395 1995 4450 D
2023 4432 2205 4472 suum.
2240 4415 2497 4484 Dixitque
2528 4412 2579 4469 ei
2604 4426 2734 4468 rex:
2760 4409 2943 4477 Quare
2976 4420 3085 4462 non
3129 4406 3327 4461 adoras
3356 4403 3451 4459 Bel

349 4542 378 4592 6
408 4536 678 4606 βασιλεὺς,
709 4531 849 4585 διατί
875 4531 937 4583 ού
967 4528 1294 4599 προσκυνεῖς
1313 4525 1391 4593 τῷ
1418 4524 1529 4592 Βήλ
1553 4539 1567 4587 ;

426 4626 479 4681 4.
527 4626 589 4678 Ὀ
615 4623 673 4676 δέ
706 4622 857 4674 εἶπεν
894 4618 1062 4689 αὐτῷ,
1086 4619 1167 4671 ὃτι
1193 4617 1254 4669 οὐ
1282 4614 1512 4684 σέϐομαι
1532 4611 1723 4665 εῐδωλα
1746 4627 1924 4681 χειρο-

354 4717 574 4786 ποίητα,
602 4712 743 4767 ἀλλά
788 4709 987 4781 μᾶλλον
1017 4709 1110 4761 τὸν
1152 4707 1285 4760 Θεὸν
1317 4705 1410 4757 τὸν
1439 4703 1638 4766 ζῶντα,
1685 4701 1775 4754 τὸν
1808 4699 1926 4752 κτί-

356 4825 526 4862 σαντα
569 4806 660 4858 τδν
689 4800 917 4871 οὐρανὸν
957 4801 1051 4854 καὶ
1094 4799 1193 4869 τὴν
1232 4797 1356 4867 γῆν,
1394 4795 1487 4849 καὶ
1524 4792 1716 4862 ἔχοντα
1745 4790 1926 4859 πάσης

356 4899 558 4970 σαρκὸς
585 4895 831 4966 κυρείαν.

427 4993 479 5046 5.
516 4990 625 5043 Kal
655 4983 806 5041 εἶπεν
830 4981 1029 5053 αὐτῷό
1063 4978 1348 5052 βασιλεύς·
1382 4976 1455 5031 Οὐ
1493 4976 1640 5028 δοκεῖ
1663 4974 1792 5026 σοιὸ
1821 4972 1930 5043 Βὴλ

357 5079 498 5139 εἶναι
525 5081 647 5144 θεὸς
677 5079 823 5144 (GN;
878 5076 912 5145 ἢ
960 5075 1058 5145 οὐχ
1092 5074 1225 5144 ὁρᾷς
1261 5071 1361 5124 ὅσα
1408 5067 1605 5131 ἐσθίει,
1648 5066 1744 5119 καὶ
1785 5065 1929 5118 πίνει

358 5176 478 5231 καθ’
503 5175 741 5243 ἑκάστην
775 5169 990 5241 ἡμέραν
1008 5183 1023 5232 ;

430 5268 481 5322 6.
518 5267 628 5319 Kal
656 5260 775 5316 εἷπε
807 5258 1007 5329 Δανιὴλ
1033 5256 1268 5326 γελάσας
1288 5272 1301 5285 ·
1332 5252 1425 5324 Μὴ
1459 5249 1663 5315 πλανῶ,
1689 5246 1930 5319 βασιλεῦ,

360 5354 513 5420 οὗτος
536 5354 644 5425 γὰρ
666 5352 868 5406 ἐσωθέν
890 5352 1008 5403 ἐστι
1045 5346 1237 5418 πηλὸς,
1266 5342 1465 5411 ἔξωθεν
1497 5342 1553 5395 δὲ
1588 5340 1806 5412 χαλκὸς,
1838 5339 1932 5392 καὶ

363 5450 424 5502 ού
451 5448 723 5519 βέϐρωκεν
757 5442 1036 5497 οὐδέποτε.

434 5540 487 5592 7.
509 5539 620 5591 Kal
659 5534 930 5607 θυμωθεὶς
1009 5528 1259 5601 βασιλεὺς
1287 5529 1315 5581 6
1342 5525 1567 5580 ἐκάλεσε
1598 5523 1722 5587 τοὺς
1768 5521 1931 5594 ἱερεῖς

366 5629 551 5692 αὐτοῦ,
589 5628 683 5683 καὶ
712 5622 863 5679 εἶπεν
911 5624 1127 5685 αὐτοῖς·
1173 5620 1298 5672 Ἐἀν
1337 5618 1411 5687 μὴ
1440 5615 1627 5686 εἴπητέ
1662 5630 1771 5682 μοι,
1800 5614 1881 5675 τίς
1905 5613 1934 5665 6

369 5719 670 5777 κατεσθίων
698 5719 796 5790 τὴν
822 5717 1062 5786 δαπάνην
1090 5712 1314 5782 ταύτην,
1345 5706 1720 5763 ἀποθανεῖσθε.

2094 4592 2151 4645 4.
2190 4588 2377 4644 Atille
2405 4586 2545 4642 dixit
2580 4584 2629 4640 ei
2663 4602 2680 4641 :
2712 4582 2850 4651 Quia
2879 4596 2989 4636 non
3036 4579 3159 4635 colo
3212 4577 3359 4633 idola
3397 4591 3596 4631 manu-

2027 4685 2191 4751 facta,
2220 4683 2313 4739 sed
2352 4681 2525 4751 magis
2574 4677 2747 4732 Deum
2783 4676 3072 4739 viventem,
3141 4671 3233 4742 qui
3260 4670 3465 4725 creavit
3486 4683 3597 4723 cm-

2029 4779 2139 4833 lum
2178 4816 2193 4842 ,
2220 4784 2275 4830 et
2297 4784 2521 4838 terram,
2544 4781 2599 4827 et
2629 4769 2792 4824 habet
2820 4775 3142 4838 potestatem
3179 4762 3359 4818 omnis
3387 4759 3590 4816 carnis.

2101 4976 2154 5030 5.
2195 4974 2261 5029 Et
2289 4975 2363 5029 ait
2393 4988 2484 5028 rex
2514 4970 2581 5025 ad
2613 4984 2735 5025 eum
2768 4985 2782 5021 :
2808 4964 2931 5020 Non
2974 4964 3188 5019 videtur
3221 4960 3318 5016 tibi
3350 4959 3596 5015 Bel'esse

2030 5068 2174 5124 Deus
2224 5064 2558 5121 vivens?Au
2613 5077 2721 5117 non
2773 5059 2944 5124 vides,
3000 5064 3203 5127 quanta
3246 5053 3515 5120 comedat,
3544 5062 3599 5109 et

2031 5161 2183 5217 bibat
2204 5156 2445 5228 quotidie
2464 5156 2488 5209 ?

2102 5254 2155 5309 6.
2196 5252 2263 5306 Et
2282 5252 2354 5305 ait
2381 5247 2568 5303 Daniel
2589 5245 2807 5301 ridens:
2833 5239 2913 5297 Ne
2940 5254 3112 5304 erres,
3145 5253 3240 5294 rex
3276 5256 3290 5293 :
3320 5237 3422 5293 iste
3448 5235 3595 5292 enim

2032 5346 2365 5402 intrinsecus
2393 5349 2478 5396 est
2508 5340 2707 5403 luteus,
2735 5334 3041 5390 forinsecus
3069 5340 3249 5387 autem
3278 5343 3474 5396 aereus,
3497 5341 3596 5384 ne-

2032 5454 2139 5510 que
2172 5434 2405 5494 comedit
2429 5430 2740 5502 aliquando.

2103 5528 2158 5581 7.
2201 5525 2265 5581 Et
2290 5524 2465 5579 iratus
2506 5536 2599 5575 rex
2657 5515 2870 5572 vocavit
2897 5513 3209 5569 sacerdotes
3260 5513 3401 5583 ejus,
3432 5521 3487 5569 et
3519 5510 3600 5567 ait

2035 5620 2157 5677 eis:
2190 5616 2305 5673 Nisi
2337 5613 2587 5670 dixeritis
2617 5610 2750 5665 mihi
2810 5608 2932 5679 quis
2961 5616 3062 5674 est,
3105 5608 3199 5678 qui
3230 5606 3466 5667 comedit
3495 5604 3600 5661 im.

2037 5725 2237 5780 pensas
2276 5708 2395 5774 has,
2428 5704 2757 5763 moriemini.
