3848 6218
400 178 539 232 2905

1460 157 1712 216 DANIEL
1736 155 1965 215 JUXTA
2005 155 2554 214 THEODOTIONEM

3513 158 3654 214 2904

471 289 524 342 8.
567 285 625 340 Si
683 292 865 339 autem
897 279 1248 337 ostenderitis
1298 279 1554 349 quoniam
1597 275 1689 331 Bel
1731 273 1983 330 comedat

2155 274 2210 328 8.
2248 274 2375 328 Ἐὰν
2423 274 2482 328 δὲ
2508 271 2720 344 δείξητε
2750 313 2766 338 ,
2811 271 2896 326 ὅτι
2941 272 2971 325 6
3021 270 3134 342 Βὴλ
3181 269 3459 324 κατεσθίει
3493 270 3657 335 αὐτὰ,

401 379 537 441 haec,
595 375 858 430 morietur
894 371 1101 432 Daniel,
1134 371 1262 440 quia
1312 365 1706 438 blasphemavit
1755 365 1809 418 in
1859 362 1972 417 Bel.

401 469 461 524 Et
504 467 642 522 dixit
678 464 867 520 Daniel
918 464 1076 533 regi:
1113 461 1234 516 Fiat
1269 460 1425 531 juxta
1480 458 1707 512 verbum
1755 465 1933 510 tuum.

472 642 526 697 9.
569 639 738 694 Erant
772 649 953 693 autem
980 635 1295 691 sacerdotes
1321 632 1415 687 Bel
1461 630 1823 701 septuaginta,
1877 643 1976 684 ex-

405 735 570 804 ceptis
607 733 888 797 uxoribus,
921 739 975 786 et
1004 730 1171 785 ﬁliis:
1201 737 1257 783 et
1307 726 1455 782 venit
1478 741 1573 780 rex
1596 740 1720 778 cum
1757 722 1980 777 Daniele

405 828 459 884 in
485 831 707 881 domum
741 825 906 879 Belis.

477 921 566 974 10.
609 919 672 972 Et
695 919 831 974 dixit
861 914 1115 970 sacerdos
1165 911 1310 966 Belis
1363 932 1376 966 :
1431 908 1571 965 Ecce
1614 923 1716 962 nos
1768 907 1983 978 egredi-

409 1031 531 1070 mur
559 1012 706 1067 foras
733 1030 744 1063 :
791 1021 847 1064 tu
875 1020 1057 1063 autem
1085 1022 1177 1061 rex
1212 1019 1425 1075 appone
1456 1019 1636 1068 escas,
1686 1011 1740 1056 et
1791 1001 1980 1054 vinum

409 1109 648 1163 miscens
694 1118 854 1172 pone,
915 1110 970 1156 et
1022 1101 1211 1155 claude
1258 1098 1481 1163 ostium,
1509 1105 1565 1150 et
1595 1096 1749 1165 signa
1780 1092 1982 1147 annulo

408 1216 519 1256 tuo.

482 1293 568 1345 11.
611 1289 676 1343 Et
711 1287 936 1342 veniens
971 1300 1150 1349 mane,
1213 1283 1319 1336 nisi
1380 1281 1651 1335 inveneris
1687 1278 1868 1332 omnia
1891 1290 1986 1329 co-

409 1392 582 1437 mesta
622 1397 649 1431 a
682 1378 795 1442 Bel,
828 1377 1146 1439 moriemur,
1183 1373 1267 1428 vel
1317 1371 1528 1435 Daniel,
1574 1369 1668 1440 qui
1721 1367 1985 1422 mentitus

409 1482 493 1528 est
525 1470 787 1524 adversus
823 1481 946 1521 nos.

485 1559 573 1612 12.
615 1558 721 1628 Ipsi
757 1564 936 1609 autem
966 1553 1406 1615 contemnebant,
1446 1550 1575 1619 quia
1620 1548 1860 1603 fecerant
1884 1545 1986 1602 sub

2081 365 2437 420 ἀποθανεῖται
2461 365 2680 436 Δανιὴλ,
2709 365 2790 418 ὅτι
2820 363 3243 434 ἐϐλασφήμησεν
3271 363 3351 425 εἰς
3388 361 3480 416 τὸν
3512 361 3622 432 Βήλ
3640 378 3656 391 ·

2083 457 2182 510 καὶ
2207 449 2360 510 εἶπεν
2375 455 2572 527 Δανιὴλ
2598 454 2676 526 τῷ
2699 453 2939 526 βασιλεῖ·
2971 451 3222 507 Γενέσθω
3246 451 3388 506 κατὰ
3416 451 3479 504 τὸ
3506 453 3660 523 ῥῆμά

2086 564 2206 604 σου.

2155 639 2209 695 9.
2236 639 2347 692 Kal
2368 633 2508 710 ἦσαν
2531 639 2695 709 ἱερεῖς
2721 637 2815 692 τοῦ
2840 635 2948 707 Βὴλ
2987 635 3355 708 ἐϐδομήκοντα
3374 627 3534 699 ἐκτὸς
3557 653 3651 704 γυο

2085 731 2311 797 ναικῶν,
2347 731 2444 784 καὶ
2479 729 2714 784 τέκνων·
2744 728 2842 782 ml
2871 724 3037 800 ἦλθεν
3057 730 3086 782 6
3106 727 3358 799 βασιλεὺς
3395 727 3539 798 μετὰ
3556 729 3662 782 Δα-

2086 822 2206 894 νιὴλ
2233 823 2313 886 εἰς
2331 821 2422 874 τὸν
2458 816 2605 874 οἰκον
2635 821 2729 873 τοῦ
2757 820 2889 892 Βὴλ.

2158 915 2246 968 10.
2277 916 2390 968 Kal
2421 909 2576 968 εἶπεν
2600 915 2628 967 ὁ
2666 913 2845 984 ἱερεὺς
2873 913 3018 984 Βήλο
3063 912 3196 966 Ἰδοὺ
3227 912 3390 984 ἡμεῖς
3423 909 3662 981 ἀποτρέ-

2088 1023 2255 1079 χομεν
2300 1007 2404 1071 ἔξω
2427 1023 2440 1038 ·
2489 1007 2552 1060 σὺ
2596 1006 2673 1073 δὲ,
2711 1005 2928 1075 βασιλεῦ
2950 1047 2966 1072 ,
3002 1004 3244 1076 παράθες
3274 1003 3344 1058 τὰ
3375 1002 3658 1075 βρώματα,

2088 1101 2184 1155 ml
2210 1099 2302 1153 τὸν
2337 1095 2479 1152 οἶνον
2507 1099 2749 1168 κεράσας
2778 1097 2887 1163 θὲς,
2920 1098 3015 1150 καὶ.
3063 1094 3385 1149 ἀπόκλεισον
3419 1093 3517 1164 τὴν
3564 1091 3661 1145 θύι-

2062 1187 2069 1224 ’
2093 1208 2212 1261 ραν,
2240 1189 2337 1244 καὶ
2363 1189 2663 1259 σφράγισον
2691 1187 2770 1258 τῷ
2793 1187 3065 1258 δακτυλίῳ
3089 1203 3204 1240 σου.

2161 1284 2250 1337 11.
2282 1284 2393 1336 Kal
2419 1280 2591 1336 ἐλθὼν
2617 1280 2784 1352 πρωῒ,
2815 1281 2912 1334 ἐὰν
2942 1280 3016 1351 μὴ
3041 1279 3207 1350 εὕρῃς
3246 1277 3424 1332 πάντα
3451 1274 3663 1346 βεϐρωο

2095 1373 2231 1444 μένα
2253 1373 2359 1426 ὑπὸ
2374 1372 2468 1426 τοῦ
2499 1373 2629 1443 Βὴλ,
2663 1369 3108 1442 ἀποθανούμεθα,
3129 1369 3165 1440 ἢ
3199 1367 3396 1439 Δανιὴλ
3424 1368 3452 1419 6
3472 1362 3668 1435 ψευδό-

2096 1483 2254 1538 μενος
2295 1465 2418 1519 καθ’
2445 1466 2478 1536 ἡ
2486 1465 2622 1535 μῶν.

2165 1557 2252 1612 12.
2289 1557 2455 1610 Αὐτοὶ
2498 1557 2555 1609 δέ
2587 1555 2974 1626 κατεφρόνουν,
3018 1553 3100 1606 ὅτι
3129 1549 3530 1619 πεποιήκεισαν
3563 1545 3668 1599 ὑπὸ

412 1665 599 1706 mensa
622 1647 997 1702 absconditum
1033 1644 1340 1708 introitum,
1371 1652 1426 1696 et
1467 1657 1565 1710 per
1610 1640 1763 1694 illum
1804 1640 1987 1709 ingrc-

2131 1649 2191 1718 ὴν
2228 1647 2507 1717 τράπεζαν
2554 1645 2948 1716 κεκρυμμένην
2987 1642 3211 1706 εἴσοδον,
3243 1640 3338 1693 καὶ
3380 1639 3448 1692 δι’
3494 1638 3668 1708 αὐτῆς

412 1743 704 1800 diebantur
739 1740 1020 1802 continuo,
1052 1747 1106 1791 et
1139 1735 1459 1790 auferebaut
1483 1749 1564 1788 ea.

487 1837 573 1889 13.
616 1833 680 1886 Et
711 1831 917 1885 factum
952 1839 1055 1893 est,
1093 1837 1379 1898 postquam
1413 1826 1582 1878 exivit
1623 1824 1766 1890 inde,
1812 1832 1866 1878 et
1893 1837 1988 1876 rex

414 1929 670 1996 apposuit
711 1925 863 1978 cibos
914 1929 1040 1974 ante
1103 1920 1227 1971 Bel:
1260 1917 1515 1987 praecepit
1574 1914 1761 1969 Daniel
1804 1914 1990 1984 pueris

414 2021 550 2083 suis,
581 2029 634 2072 et
661 2017 958 2070 attulerunt
989 2014 1228 2068 cinerem
1255 2050 1272 2076 ,
1319 2021 1374 2065 et
1433 2016 1752 2079 sparserunt
1784 2023 1878 2074 per
1904 2015 1990 2060 to-

415 2122 533 2168 tum
591 2109 853 2179 templum
900 2121 1087 2160 coram
1123 2120 1295 2174 rege:
1357 2113 1409 2158 et
1429 2102 1638 2172 egressi
1677 2101 1993 2156 clauserunt

415 2205 642 2264 ostium,
671 2209 725 2253 et
756 2199 1110 2269 signaverunt
1130 2193 1337 2250 annulo
1368 2195 1532 2264 regis,
1559 2202 1614 2248 et
1641 2193 1918 2247 abierunt.

491 2383 578 2437 14.
616 2381 942 2436 Sacerdotes
975 2386 1159 2432 autem
1210 2375 1443 2444 ingressi
1474 2382 1603 2429 sunt
1640 2381 1797 2428 nocte
1836 2371 1991 2442 juxta

416 2475 878 2534 consuetudinem
940 2487 1097 2527 suam
1157 2469 1281 2539 ipsi,
1341 2475 1394 2522 et
1453 2480 1654 2521 uxores
1682 2477 1895 2528 eorum,
1938 2471 1993 2517 et

420 2570 515 2624 ﬁlii
547 2582 735 2621 eorum
765 2605 780 2630 ,
813 2573 868 2619 et
906 2562 1264 2617 comederunt
1295 2558 1500 2624 omnia,
1527 2567 1582 2612 et
1613 2557 1885 2611 biberunt.

493 2659 580 2714 15.
621 2656 871 2712 Surrexit
892 2664 1074 2709 autem
1102 2668 1197 2707 rex
1223 2651 1400 2723 primo
1443 2650 1704 2717 diluculo,
1722 2658 1780 2704 et
1806 2647 1994 2703 Daniel

423 2770 548 2809 Clllll
576 2767 662 2806 ΕΟ.

502 2843 589 2899 16.
632 2841 698 2898 Et
724 2841 800 2897 ait
823 2857 917 2896 rex
945 2856 959 2893 :
999 2839 1159 2894 Salva
1189 2847 1320 2894 sunt
1345 2837 1645 2909 signacula,
1677 2834 1862 2889 Daniel
1883 2833 1906 2888 ?
1926 2834 1997 2888 At

422 2938 512 2995 ille
547 2937 721 2992 dixit:
746 2935 926 2999 Salva,
960 2950 1075 2988 rex.

498 3031 583 3084 17.
627 3027 692 3082 Et
726 3028 930 3083 factum
958 3035 1043 3081 est
1080 3023 1244 3080 simul
1294 3038 1359 3078 ac
1395 3022 1612 3094 aperuit
1645 3021 1820 3087 ostia,
1858 3018 1997 3089 aspi-

421 3123 575 3177 ciens
597 3137 690 3175 rex
719 3135 882 3190 super
912 3133 1179 3183 mensam,
1212 3117 1540 3173 exclamavit
1587 3129 1722 3170 voce
1761 3128 1954 3184 magna
1979 3131 1993 3168 :

423 3212 652 3284 Magnus
683 3228 742 3267 es
771 3211 882 3277 Bel,
916 3219 970 3266 et
999 3226 1107 3264 non
1142 3219 1224 3266 est
1255 3208 1400 3281 apud
1427 3217 1480 3263 te
1506 3207 1654 3262 ullus
1669 3205 1852 3260 dolus.

500 3384 586 3439 18.
628 3384 695 3438 Ει
723 3382 842 3438 risit
870 3383 1081 3448 Daniel,
1114 3394 1167 3437 et
1204 3383 1377 3438 tenuit
1410 3397 1614 3453 regem,
1651 3398 1719 3437 ne
1746 3381 2000 3453 ingrede-

424 3479 768 3536 returintro,
818 3483 872 3529 et
921 3476 1094 3530 dixit:
1126 3473 1264 3530 Vide
1322 3489 1465 3529 nunc
1516 3475 1908 3544 pavimentum,
1943 3485 2000 3530 et

425 3569 819 3631 animadverte,
845 3567 1003 3638 cujus
1041 3567 1272 3637 vestigia
1312 3575 1442 3622 sunt
1471 3566 1611 3621 haec.

499 3660 587 3714 19.
629 3659 693 3714 Ει
722 3659 860 3713 dixit
888 3675 1017 3715 rex:
1051 3657 1222 3713 Video
1245 3658 1472 3727 vestigia
1504 3657 1745 3712 virorum
1767 3699 1781 3724 ,
1807 3666 1861 3713 et
1884 3673 1999 3712 mu-

427 3753 646 3816 lierum,
678 3761 731 3806 et
768 3751 1120 3822 parvulorum
1154 3766 1169 3804 :
1205 3759 1258 3804 et
1292 3749 1464 3804 iratus
1493 3764 1607 3804 rex.

497 3841 751 3898 20.Tunc
766 3842 1121 3912 apprehendit
1143 3841 1477 3906 sacerdotes,
1493 3850 1546 3894 et
1562 3856 1759 3896 uxores
1785 3856 1997 3905 eorum,

427 3947 484 3990 et
515 3936 653 3989 tilios
690 3949 880 3989 eorum
901 3953 914 3988 :
939 3943 993 3988 et
1019 3933 1379 3987 ostenderunt
1405 3934 1456 3987 ei
1490 3934 1811 3988 abscondita
1835 3933 1998 3996 ostia,

428 4043 527 4098 per
553 4041 673 4096 qua:
702 4025 1164 4095 ingrediebantur,
1197 4032 1253 4078 et
1281 4025 1675 4080 consumebant
1701 4039 1823 4095 qua
1847 4033 2003 4080 erant

428 4119 487 4175 in
524 4132 734 4173 mensa.

503 4209 593 4265 21.
635 4207 845 4262 Occidit
881 4220 1010 4277 ergo
1039 4206 1184 4272 illos,
1216 4215 1270 4260 et
1293 4207 1384 4261 Bel
1419 4207 1645 4262 tradidit
1677 4208 1732 4262 in
1762 4216 2004 4278 potesta-

2093 1741 2507 1810 εἰσεπορεύοντο
2536 1739 2733 1805 διόλου,
2761 1737 2856 1791 ml
2876 1735 3106 1807 άνὴλουν
3139 1734 3297 1788 αὐτά.

2167 1833 2255 1887 15.
2291 1833 2403 1884 Kal
2427 1831 2646 1900 ἐγένετο
2679 1831 2754 1894 ὡς
2784 1829 3006 1900 ἐξῆλθεν
3043 1828 3273 1889 ἐκεῖθεν,
3325 1823 3421 1878 καὶ
3452 1823 3482 1876 6
3512 1822 3672 1892 βασι-

2093 1923 2219 1988 λεὺς
2266 1923 2547 1996 παρέθηκε
2601 1922 2673 1976 τὰ
2716 1921 2984 1993 βρώματα
3014 1918 3091 1989 τῷ
3118 1918 3261 1988 Βὴλ·
3294 1917 3389 1970 καὶ
3438 1915 3671 1981 ἐπέταξε

2094 2014 2296 2084 Δανιὴλ
2331 2017 2446 2076 τοῖς
2489 2012 2798 2084 παιδαρίοις
2824 2010 2988 2066 αύτοῦ
3010 2052 3025 2076 ,
3056 2011 3151 2064 ml
3177 2010 3411 2081 ἧνεγκαν
3439 2006 3669 2076 τέφραν,

2095 2108 2191 2160 καὶ
2223 2106 2550 2160 κατέσεισαν
2579 2106 2700 2160 ὅλον
2726 2105 2816 2159 τὸν
2843 2105 2970 2159 ναὸν
2995 2103 3226 2157 ἐνώπιον
3249 2100 3342 2155 τοῦ
3383 2099 3670 2170 βασιλέωςο

2096 2201 2192 2252 ml
2214 2199 2524 2266 ἐξελθόντες
2547 2198 2794 2252 ἔκλεισαν
2821 2198 2921 2268 τὴν
2944 2195 3134 2266 θύραν,
3161 2194 3255 2247 ml
3275 2191 3676 2264 ἐσφραγίσαντο

2097 2295 2157 2346 ἐν
2183 2291 2261 2364 τῷ
2279 2291 2546 2362 δακτυλίῳ
2578 2289 2673 2345 τοῦ
2705 2289 2992 2360 βασιλέως,
3026 2288 3121 2342 ml
3161 2285 3424 2357 ἀπῆλθον.

2173 2385 2260 2442 14.
2292 2387 2354 2439 Οἱ
2383 2385 2439 2438 δὲ
2467 2385 2630 2456 ἱερεῖς
2673 2382 2924 2453 εἰσῆλθον
2949 2381 3049 2452 τὴν
3087 2379 3260 2433 νύκτα
3292 2376 3432 2430 κατὰ
3465 2375 3526 2428 τὸ
3554 2374 3673 2437 ἔθος

2097 2474 2278 2530 αὐτῶν
2305 2474 2478 2540 αὐτοὶ,
2511 2474 2607 2527 ml
2651 2474 2706 2526 αἰ
2733 2475 2992 2542 γυναῖκες
3029 2469 3232 2535 αὐτῶν,
3265 2468 3359 2522 ml
3409 2466 3479 2520 τὰ
3509 2465 3675 2519 τέκνα

2097 2567 2294 2634 αὐτῶν,
2325 2570 2420 2620 ml
2451 2567 2763 2635 κατέφαγον
2801 2564 3002 2626 πάντα,
3027 2563 3124 2617 ml
3155 2562 3394 2628 ἐξέπιον.

2171 2662 2259 2715 15.
2283 2660 2393 2714 Καὶ
2419 2658 2686 2731 ὢρθρισεν
2718 2660 2747 2712 6
2773 2657 3031 2730 βασιλεὺς
3062 2657 3125 2710 τὸ
3157 2654 3323 2728 πρωῒ,
3349 2655 3448 2708 ml
3475 2650 3676 2725 Δανιὴλ

2103 2752 2220 2825 μετ’
2244 2751 2429 2806 αὑτοῦ.

2173 2846 2261 2902 16.
2292 2845 2403 2898 Kal
2429 2838 2581 2896 εἶπεν
2611 2843 2641 2896 6
2666 2840 2921 2913 βασιλεύς
2938 2855 2953 2870 ο
2995 2838 3130 2893 Σῶοι
3154 2840 3210 2894 αἰ
3231 2838 3548 2909 σφραγῖδες,
3575 2840 3676 2890 Δα-

2099 2938 2252 3009 νιὴλ;
2296 2937 2353 2990 Ὀ
2384 2935 2442 2989 δὲ
2463 2932 2616 2989 εἶπεν
2635 2951 2649 2965 ⁸
2676 2933 2835 2999 Σῶοι,
2878 2931 3122 3003 βασιλεῦ.

2166 3028 2261 3082 17.
2288 3026 2400 3080 Kal
2431 3025 2649 3094 ἐγένετο
2688 3023 2806 3094 ἅμα
2857 3023 2920 3076 τὸ
2955 3023 3165 3088 ἀνοῖξαι
3195 3021 3291 3085 τὰς
3327 3020 3522 3091 θύρας,
3557 3021 3676 3075 Em-

2099 3118 2301 3188 ϐλέψας
2330 3119 2357 3171 6
2389 3116 2644 3188 βασιλεὺς
2684 3115 2778 3170 ἐπὶ
2820 3115 2921 3186 τὴν
2959 3114 3261 3185 τράπεζαν,
3292 3113 3488 3183 ἐϐόησε
3526 3117 3672 3184 φωνῇ

2101 3210 2315 3284 μεγάλῃ
2333 3226 2346 3240 ·
2384 3208 2577 3278 Μέγας
2607 3203 2658 3261 εἷ
2689 3207 2820 3279 Βὴλ,
2849 3207 2946 3261 καὶ
2967 3207 3069 3260 οὐκ
3092 3207 3208 3259 ἐστι
3241 3206 3391 3274 παρά
3422 3206 3506 3258 σοὶ
3532 3206 3675 3269 δόλος

2098 3299 2220 3354 οὐδὲ
2242 3293 2343 3361 εἷς.

2172 3391 2258 3447 18.
2293 3389 2403 3443 Kal
2434 3388 2662 3458 ἐγέλασε
2694 3387 2890 3458 Δανιὴλ
2909 3425 2924 3451 ,
2955 3385 3052 3440 καὶ
3093 3385 3365 3457 ἐκράτησε
3391 3385 3484 3437 τὸν
3523 3389 3677 3455 βασι-

2099 3482 2217 3548 λέα,
2246 3480 2339 3535 τοῦ
2356 3481 2431 3553 μὴ
2460 3479 2719 3533 εἰσελθεῖν
2743 3478 2868 3542 ἔσω,
2904 3480 2999 3531 ml
3023 3472 3174 3532 εἶπεν
3198 3494 3212 3508 ·
3249 3477 3355 3530 Ἴδε
3386 3477 3452 3548 δὴ
3477 3477 3538 3529 τὸ
3561 3477 3679 3530 ἑδα-

2101 3592 2220 3648 φος,
2251 3575 2348 3628 καὶ
2379 3571 2564 3642 γνῶθι,
2595 3572 2738 3636 τινος
2761 3571 2831 3624 τὰ
2867 3569 2988 3642 ἴχνη
3017 3569 3214 3624 ταῦτα.

2171 3664 2258 3719 19.
2286 3662 2395 3717 Kal
2411 3657 2565 3716 εἶπεν
2592 3663 2620 3714 ὁ
2643 3660 2926 3731 βασιλεύςο
2972 3660 3114 3731 Ὀρῶ
3146 3660 3266 3730 ἴχνη
3309 3659 3557 3731 ἀνδρῶν,
3588 3657 3682 3712 ml

2098 3756 2400 3828 γυναικῶν,
2433 3754 2529 3808 ml
2560 3753 2786 3806 παιδίων
2808 3770 2822 3783 ·
2856 3753 2950 3807 καὶ
2975 3752 3253 3821 ὀργισθεὶς
3287 3752 3316 3804 6
3348 3750 3629 3821 βασιλεὺς,

2170 3846 2263 3900 20.
2296 3845 2430 3898 Τότε
2470 3843 2731 3897 συνέλαϐε
2763 3843 2889 3906 τοὺς
2932 3844 3129 3914 ἱερεῖς,
3166 3843 3260 3894 ml
3287 3843 3390 3906 τὰς
3416 3844 3683 3910 γυναῖκας

2102 3938 2303 4004 αὐτῶν,
2339 3936 2533 3991 καὶτὰ
2561 3935 2730 3989 τέκνα
2769 3934 2968 3999 αὐτῶν,
3022 3936 3117 3989 καὶ
3153 3934 3362 3999 ἔδειξαν
3407 3934 3561 4005 αύτῷ
3587 3937 3684 3998 τὰς

2101 4031 2350 4102 κρυπτὰς
2376 4029 2567 4101 θύρας,
2594 4029 2663 4082 δι’
2690 4021 2766 4084 ὧν
2792 4027 3227 4099 εἰσεπορεύοντο,
3273 4029 3368 4082 καὶ
3397 4028 3683 4082 ἐδαπάνων

2102 4123 2171 4177 τά
2203 4122 2296 4176 ἐπὶ
2323 4125 2390 4194 τῇ
2416 4121 2687 4196 τραπέζῃ.

2174 4216 2265 4270 21.
2295 4216 2404 4269 Καὶ
2432 4214 2755 4269 ἀπέκτεινεν
2801 4215 3021 4281 αὐτοὺς,
3061 4216 3156 4269 καὶ
3192 4215 3286 4268 τὸν
3322 4215 3434 4285 Βὴλ
3469 4216 3684 4271 ἔκδοτον

431 4310 541 4358 tem
572 4299 829 4367 Danielis,
861 4301 956 4371 qui
982 4300 1253 4355 subvertit
1278 4316 1426 4370 eum,
1465 4311 1521 4358 et
1567 4301 1828 4372 templum
1859 4302 1987 4372 ejus.

2134 4305 2272 4358 δωκε
2317 4304 2398 4375 τῷ
2439 4305 2659 4376 Δανιὴλ,
2701 4305 2797 4359 καὶ
2828 4305 3195 4377 κατέστρεψεν
3241 4305 3425 4370 αὑτὸν,
3464 4309 3559 4359 καὶ
3594 4308 3682 4358 τὸν

500 4495 592 4551 22.
630 4495 696 4552 Et
729 4506 847 4552 erat
879 4498 1046 4555 draco
1072 4514 1306 4572 magnus
1361 4499 1420 4554 in
1482 4499 1603 4555 loco
1651 4507 1707 4555 et
1751 4497 2003 4556 colebant

428 4604 556 4646 eum
581 4587 887 4660 Babylonii.

501 4681 592 4734 25.
632 4678 698 4734 Ει
719 4679 856 4734 dixit
884 4696 980 4736 rex
1018 4680 1226 4736 Danieli
1260 4701 1273 4737 :
1304 4681 1444 4738 Ecce
1481 4697 1628 4738 nunc
1682 4697 1791 4737 non
1846 4690 2003 4754 potes

430 4774 634 4835 dicere,
661 4773 790 4842 quia
816 4788 926 4827 non
972 4773 1044 4829 sit
1082 4773 1186 4829 iste
1240 4772 1385 4829 Deus
1411 4774 1632 4829 vivens:
1677 4774 1844 4830 adora
1871 4789 2003 4846 ergo

431 4879 582 4920 eum.

501 4978 594 5032 24.
633 4976 698 5033 Et
729 4979 864 5033 dixit
889 4977 1078 5034 Daniel
1108 4995 1124 5035 :
1152 4977 1442 5035 Dominum
1475 4979 1646 5036 Deum
1671 4996 1853 5036 meum
1871 4981 2004 5037 ado-

431 5074 568 5128 rabo
591 5092 605 5127 :
630 5072 758 5141 quia
782 5073 896 5142 ipse
923 5082 1007 5128 est
1035 5072 1180 5128 Deus
1204 5073 1415 5128 vivens.

501 5185 593 5241 25.
634 5184 715 5240 Tu
738 5196 937 5252 autem,
965 5202 1080 5252 rex,
1109 5187 1176 5242 da
1205 5189 1336 5242 mihi
1355 5197 1768 5259 potestatem,et
1795 5187 2004 5243 interli-

433 5274 576 5330 ciam
627 5273 920 5329 draconem
975 5275 1182 5346 absque
1224 5277 1438 5347 gladio,
1488 5285 1542 5330 et
1603 5276 1764 5331 fuste.
1819 5274 1886 5329 Et
1931 5276 2007 5330 ait

435 5379 559 5420 rex:
596 5361 674 5416 Do
703 5365 820 5419 tibi.

506 5474 596 5530 26.
626 5474 774 5531 Tulit
802 5492 930 5547 ergo
964 5477 1152 5533 Daniel
1182 5480 1376 5550 picem,
1405 5492 1460 5536 et
1498 5482 1735 5552 adipem,
1761 5491 1813 5539 et
1843 5483 2002 5554 pilos,

436 5577 496 5626 οι
532 5569 678 5624 coxit
731 5569 952 5639 pariter,
999 5569 1234 5640 fecitque
1280 5588 1510 5638 massas.
1558 5583 1612 5630 et
1672 5576 1820 5632 dedit
1862 5578 1918 5633 in
1946 5592 2007 5633 os

2112 4392 2236 4445 ναὸν
2263 4389 2448 4444 αὑτοῦ.

2174 4504 2266 4558 22.
2298 4504 2408 4558 Kal
2429 4498 2498 4575 ἦν
2525 4503 2741 4574 δράκων
2771 4503 2945 4574 μέγας
2977 4507 3034 4558 ἐν
3088 4504 3167 4576 τῷ
3209 4507 3384 4578 τόπῳ,
3419 4507 3517 4560 καί⁵
3565 4507 3684 4561 ἐσέ-

2109 4595 2266 4651 ϐοντο
2281 4597 2445 4652 αὑτὸν
2466 4599 2517 4651 οἰ
2545 4597 2896 4650 Βαϐυλώνιοι.

2178 4689 2268 4743 25.
2305 4690 2414 4744 Kal
2463 4685 2615 4744 εἶπεν
2657 4691 2685 4743 6
2717 4688 2968 4759 βασιλεὺς
2997 4689 3075 4759 τῷ
3099 4689 3326 4760 Δανιήλ⁶
3368 4690 3499 4745 Ἰδοὺ
3538 4692 3601 4763 δὴ
3625 4691 3682 4746 οὗ

2108 4780 2336 4834 δύνασαι
2389 4782 2587 4847 εἰπεῖν,
2641 4783 2724 4835 ὅτι
2748 4780 2849 4834 οὐκ
2879 4779 3028 4834 ἐστιν
3059 4781 3221 4845 αὐτὸς
3249 4781 3369 4846 θεὸς
3400 4781 3534 4850 ζῶν,
3593 4785 3688 4839 ml

2110 4875 2489 4947 προσκύνησον
2520 4874 2692 4944 αὐτῷ.

2179 4991 2270 5046 24.
2300 4992 2412 5045 Kal
2442 4989 2596 5044 εἶπεν
2621 4991 2821 5062 Δανιὴλ
2842 5007 2856 5022 ·
2894 4992 3088 5063 Κυρίῳ
3112 4992 3192 5063 τῷ
3221 4992 3342 5064 Θεῷ
3371 5010 3478 5064 μου
3520 5010 3686 5065 προσ-

2111 5085 2351 5154 κυνήσω,
2378 5085 2459 5138 ὅτι
2485 5077 2639 5148 οὗτός
2666 5085 2813 5138 ἐστιν
2839 5086 2868 5138 ὁ
2896 5085 3028 5150 Θεὸς
3057 5088 3085 5138 6
3128 5085 3256 5151 ζῶν.

2181 5195 2272 5250 25.
2310 5197 2382 5250 Σὺ
2420 5196 2499 5261 δὲ,
2542 5195 2784 5266 βασιλεῦ,
2833 5198 2923 5260 δός
2978 5216 3071 5270 μοι
3115 5199 3214 5269 τὴν
3251 5199 3541 5267 ἐξουσίαν,
3590 5203 3684 5256 ml

2111 5285 2396 5340 ἀποκτενῶ
2424 5285 2517 5339 τὸν
2547 5287 2814 5358 δράκοντα
2842 5288 2970 5341 ἄνευ
3004 5291 3297 5361 μαχαίρας,
3324 5291 3420 5343 ml
3463 5293 3679 5362 ῥάϐδου,

2115 5378 2208 5432 ml
2231 5371 2384 5430 εἶπεν
2411 5378 2440 5430 6
2468 5375 2747 5446 βασιλεύς·
2783 5377 2984 5448 Δίδωμί
3019 5395 3120 5431 σοι.

2184 5491 2274 5546 26.
2311 5491 2422 5546 Kal
2445 5489 2605 5544 ἔλαϐε
2631 5489 2826 5562 Δανιὴλ
2856 5491 3077 5558 πίσσαν,
3112 5492 3204 5546 ml
3227 5491 3417 5561 στέαρ,
3449 5492 3542 5544 καὶ
3565 5491 3680 5563 τρίς

2115 5599 2235 5651 χας,
2285 5582 2379 5637 καὶ
2423 5580 2632 5654 ἥψησεν
2657 5583 2749 5636 ἐπὶ
2777 5582 2836 5636 τὸ
2869 5582 3026 5636 αὐτό·
3059 5584 3152 5637 ml
3190 5581 3445 5652 ἐποίησεν
3476 5583 3675 5652 μάζας,
