4390 6222
369 235 511 290 2905

1697 243 2011 303 DANIELIS
2043 247 2125 303 CA
2139 251 2192 303 Ρ.
2231 252 2268 304 l.

3485 256 3626 314 2906

371 357 466 409 καὶ
490 356 690 409 ἔδωκεν
712 355 793 419 είς
817 356 879 410 τὸ
911 357 1084 428 στόμα
1111 358 1206 412 τοῦ
1235 360 1546 431 δράκοντος,
1573 364 1667 416 καὶ
1688 366 1954 438 διερῤάγη
1986 380 2028 435 Α
2058 372 2105 425 dl

1885 383 1954 438 γη
1986 380 2028 435 Α
2058 372 2346 436 draconis,
2392 381 2446 428 ct
2497 373 2777 444 disruptus
2803 383 2886 430 est
2913 373 3116 431 draco:
3152 386 3205 433 et
3242 377 3371 433 dixit
3396 377 3619 440 Daniel:

367 450 400 500 6
449 447 701 518 δράκων,
748 448 844 502 καὶ
891 444 1048 504 εἶπεν
1102 453 1331 523 Δανιήλ·
1376 454 1484 507 Ἴδε
1523 454 1592 509 τὰ
1627 455 1949 527 σεϐάσματα

370 541 403 593 ὑ
410 540 545 609 μῶν.

439 632 530 686 27.
563 632 672 686 Kal
688 631 925 700 ἐγένετο,
950 633 1026 697 ώς
1047 635 1286 706 ἥκουσαν
1304 639 1353 690 οἱ
1375 638 1723 708 Βαϐυλώνιοι,
1750 642 1949 711 ἠγανά-

368 740 578 792 κτησαν
627 724 774 790 λίαν,
817 727 912 780 καὶ
948 731 1395 801 συνεστράφησαν
1432 732 1526 785 ἐπὶ
1567 733 1659 788 τὸν
1698 735 1944 805 βασιλέα,

369 813 466 866 καὶ
508 808 693 868 εἶπον·
750 816 999 880 Ἰουδαῖος
1053 818 1275 886 γέγονεν
1323 823 1352 874 ὁ
1383 822 1672 891 βασιλεὺς,
1713 825 1803 878 τὸν
1835 825 1946 896 Βὴλ

369 908 709 972 κατέσπασε,
757 909 852 962 καὶ
884 909 976 964 τὸν
1020 910 1292 983 δράκοντα
1339 914 1650 982 ἀπέκτεινε,
1699 919 1946 981 καὶτοὺς

372 1001 537 1072 ἱερεῖς
563 1000 924 1068 κατέσφαξεν.

440 1089 529 1144 28.
562 1090 673 1142 Kal
694 1086 845 1142 εἷπον
868 1090 1004 1160 πρὸς
1015 1091 1106 1145 τὸν
1121 1091 1345 1162 βασιλέα
1375 1112 1391 1126 ·
1426 1094 1674 1163 Παράδος
1699 1099 1832 1168 ἡμῖν
1853 1100 1944 1155 τὸν

367 1183 588 1254 Δανιὴλ,
608 1187 655 1235 εί
676 1183 733 1236 δέ
758 1183 854 1254 μὴ,
880 1184 1290 1256 ἀποκτενοῦμέν
1321 1205 1402 1251 σε,
1429 1190 1525 1242 καὶ
1542 1189 1633 1243 τὸν
1647 1186 1795 1244 οἶκόν
1812 1195 1940 1248 σου.

438 1274 525 1331 29.
563 1275 672 1327 Kal
701 1270 840 1328 εἶδεν
874 1277 901 1327 6
933 1277 1186 1345 βασιλεὺς
1207 1320 1222 1345 ,
1267 1281 1350 1333 ὅτι
1397 1282 1814 1349 κατεπείγουσιν
1843 1285 1942 1337 αὐ-

365 1366 458 1420 τὸν
495 1367 720 1437 σφόδρα,
756 1369 852 1421 καὶ
879 1369 1245 1437 ἀναγκασθεὶς
1280 1372 1597 1443 παρέδωκεν
1635 1374 1820 1439 αὐτοῖς
1850 1374 1942 1429 τὸν

363 1463 586 1534 Δανιήλ.

435 1555 523 1610 50.
549 1557 613 1608 Οἱ
639 1554 696 1607 δὲ
741 1553 933 1609 ἔϐαλον
971 1556 1133 1610 αὐτὸν
1177 1558 1258 1621 είς
1285 1557 1378 1612 τδν
1409 1557 1615 1616 λάκκον
1648 1558 1758 1614 τῶν
1785 1558 1940 1616 λεόν-

363 1663 493 1709 των,
526 1647 620 1698 καὶ¹
643 1641 712 1717 ἦν
747 1647 863 1699 ἐκεῖ
881 1646 1093 1718 ἡμέρας
1132 1647 1212 1713 ἐξ.

2056 465 2196 522 Ecce
2229 483 2352 538 quae
2382 481 2478 522 vos
2509 467 2712 522 colitis.

2123 640 2214 695 27.
2249 645 2316 699 Et
2345 641 2546 698 factum
2565 651 2648 697 est
2673 650 2733 696 ut
2779 642 3072 697 audierunt
3138 643 3437 717 Babylonii,
3476 649 3624 703 indi—

2054 733 2200 803 gnati
2229 741 2360 788 sunt
2390 733 2759 798 vehementer,
2795 742 2848 788 et
2881 736 3130 790 conversi
3157 738 3418 794 adversus
3440 757 3621 814 regem

2052 824 2308 879 dixerunt
2341 842 2356 879 :
2390 823 2609 879 Judazus
2640 823 2816 879 factus
2841 836 2923 880 est
2945 843 3072 880 rex:
3112 828 3203 883 Bel
3241 832 3527 899 destruxit,
3569 843 3624 888 et

2050 913 2342 969 draconem
2367 913 2672 980 interfecit,
2701 925 2752 970 et
2781 916 3093 972 sacerdotes
3117 920 3338 975 occidit.

2119 1090 2210 1145 28.
2252 1090 2318 1144 Et
2345 1090 2602 1146 dixerunt
2625 1093 2693 1146 ad
2733 1107 2915 1164 regem
2961 1112 2978 1148 :
3030 1094 3208 1152 Trade
3241 1099 3400 1154 nobis
3429 1099 3623 1156 Danie-

2049 1180 2178 1244 lem,
2211 1181 2451 1252 alioquin
2476 1182 2870 1241 interficiemus
2902 1195 2974 1252 te,
2995 1196 3048 1241 et
3069 1187 3292 1243 domum
3319 1199 3489 1244 tuam.

2117 1273 2206 1329 29.
2249 1273 2398 1329 Vidit
2427 1290 2558 1347 ergo
2584 1292 2676 1331 rex
2700 1315 2718 1341 ,
2771 1278 2917 1348 quod
2963 1278 3324 1335 incitarentur
3359 1283 3413 1336 in
3445 1297 3505 1338 se
3533 1298 3624 1337 ve-

2049 1367 2370 1421 hementer:
2401 1377 2455 1422 et
2497 1369 2828 1425 necessitate
2886 1372 3208 1442 compulsus
3267 1375 3493 1429 tradidit
3540 1376 3622 1432 eis

2048 1456 2346 1511 Danielem.

2117 1550 2207 1605 50.
2251 1549 2328 1604 11ιί
2359 1559 2538 1606 autem
2565 1552 2840 1608 miserunt
2859 1568 2985 1609 cum
3017 1554 3070 1610 in
3093 1555 3273 1612 lacum
3301 1557 3543 1628 leonum,
3567 1568 3621 1616 et

2046 1647 2165 1693 erat
2211 1639 2284 1694 ibi
2317 1640 2511 1695 diebus
2531 1656 2647 1695 sex.

433 1736 524 1790 51.
553 1732 735 1790 *Ησαν
755 1737 813 1790 δὲ
849 1738 907 1790 ἐν
938 1737 1018 1809 τῷ
1052 1737 1241 1810 λάκκῳ
1275 1739 1415 1794 ἐπτά
1439 1740 1677 1810 λέοντες,
1707 1746 1804 1799 καὶ
1835 1745 1944 1802 ἐδί-
1973 1733 2020 1791 Β
2114 1729 2167 1783 51

1884 1746 1944 1800 εί-
1973 1733 2020 1791 Β
2114 1729 2204 1784 51.
2247 1729 2418 1784 Porro
2441 1740 2598 1785 erant
2619 1732 2673 1785 in
2705 1731 2828 1785 lacu
2858 1743 3066 1801 septem
3089 1733 3295 1799 leones,
3319 1742 3375 1788 et
3409 1733 3618 1788 daban-

364 1828 517 1881 δοντο
542 1829 727 1892 αὐτοῖς
759 1829 859 1900 τῆς
897 1830 1113 1902 ἡμέρας
1144 1831 1239 1885 δύο
1282 1832 1530 1904 σώματα,
1559 1838 1654 1890 καὶ
1682 1837 1776 1891 δύο
1806 1838 1943 1910 πρό-

365 1920 502 1974 ϐατα
520 1938 534 1952 ·
563 1921 758 1975 τότεδέ
789 1922 890 1975 οὐκ
910 1922 1067 1994 ἐδόθη
1090 1924 1296 1994 αὐτοῖς,
1335 1926 1422 1979 ἵνα
1462 1927 1820 1998 καταφάγωσι
1850 1930 1943 1986 τὸν

362 2013 583 2084 Δανιήλ.

433 2105 522 2160 52.
553 2107 664 2160 Kal
689 2101 758 2177 ἦν
785 2106 1107 2179 Ἀμϐακοὺμ
1129 2109 1159 2161 6
1177 2110 1465 2182 προφήτης
1491 2111 1550 2163 ἐν
1577 2113 1642 2183 τῇ
1690 2110 1936 2185 Ἰουδαίᾳ,

363 2197 459 2250 καὶ
485 2197 646 2261 αὐτὸς
690 2197 902 2269 ἥψησεν
945 2200 1154 2271 ἕψημα,
1200 2201 1295 2254 καὶ
1324 2201 1615 2273 ἐνέθρυψεν
1637 2202 1834 2273 ἄρτους
1859 2208 1941 2269 είς

364 2289 602 2360 σκάφην,
637 2290 733 2343 καὶ
765 2291 1060 2363 ἐπορεύετο
1082 2294 1162 2356 είς
1190 2292 1252 2347 τὸ
1271 2293 1451 2348 πεδίον
1479 2296 1803 2364 ἀπενεγκεῖν
1828 2299 1939 2363 τοῖς

363 2381 658 2451 θερισταῖς.

434 2473 522 2530 35.
555 2475 665 2527 Kal
712 2470 868 2530 εἷπεν
912 2476 1145 2547 ἄγγελος
1193 2480 1400 2552 Κυρίου
1445 2480 1525 2553 τῷ
1585 2482 1934 2554 ’Δμϐακούμο

373 2563 670 2632 Ἀπένεγκε
700 2566 763 2619 τὸ
790 2567 1012 2638 ἄριστον
1053 2569 1083 2622 ὃ
1110 2569 1254 2641 ἔχεις
1289 2573 1370 2635 είς
1402 2571 1698 2628 Βαϐυλῶνα
1724 2575 1802 2646 τῷ
1834 2578 1940 2630 Δα-

359 2654 483 2725 νιὴλ
512 2657 592 2718 είς
614 2655 706 2709 τὸν
742 2657 947 2711 λάκκον
974 2660 1084 2713 τῶν
1105 2661 1359 2716 λεόντων.

432 2748 519 2802 54.
555 2749 666 2801 Kal
705 2744 860 2803 εἶπεν
910 2751 1252 2824 Ἀμϐακούμ.
1294 2753 1488 2827 Κύριε,
1506 2755 1803 2813 Βαϐυλῶνα
1838 2757 1938 2832 οὐχ

315 2832 322 2840 ’
361 2838 604 2910 ἑώρακα,
632 2841 726 2892 καὶ
753 2841 845 2894 τὸν
881 2841 1083 2896 λάκκον
1113 2844 1175 2897 οὐ
1203 2845 1478 2914 γινώσκω.

432 2929 523 2987 55.
551 2929 662 2982 Kal
687 2929 986 2984 ἐπελάϐετο
1010 2933 1038 2985 6
1065 2933 1296 3002 ἄγγελος
1325 2936 1532 3006 Κυρίου
1556 2939 1657 3009 τῆς
1685 2940 1935 3010 κορυφῆς

2043 1831 2133 1876 tur
2155 1822 2236 1877 eis
2270 1823 2513 1892 quotidie
2543 1824 2652 1877 duo
2694 1838 2950 1895 corpora,
2981 1835 3036 1880 et
3085 1826 3207 1880 dua:
3248 1840 3378 1879 oves
3417 1843 3431 1880 :
3488 1835 3618 1880 tunc

2041 1927 2225 1971 autem
2259 1932 2369 1972 non
2403 1925 2532 1973 sunt
2557 1917 2681 1972 data
2710 1918 2810 1983 eis,
2853 1928 2914 1974 ut
2955 1917 3279 1974 devorarent
3315 1917 3614 1974 Danielem.

2113 2117 2204 2171 52.
2246 2115 2375 2170 Erat
2407 2123 2588 2170 autem
2616 2114 2920 2170 Ambacum
2953 2116 3217 2186 propheta
3257 2116 3311 2170 in
3337 2115 3616 2183 Judaea,et

2041 2210 2158 2281 ipse
2179 2217 2400 2265 coxerat
2421 2209 2782 2278 pulmentum,
2809 2218 2863 2263 et
2897 2208 3182 2263 intriverat
3235 2225 3403 2278 panes
3448 2210 3503 2263 in
3533 2210 3613 2264 al-

2040 2304 2196 2360 veolo
2232 2319 2247 2356 :
2281 2311 2337 2359 et
2370 2303 2482 2357 ibat
2503 2302 2558 2356 in
2584 2317 2861 2372 campum,
2883 2309 2945 2356 ut
2967 2301 3184 2357 afferret
3209 2302 3567 2358 messoribus.

2108 2484 2198 2538 55.
2239 2480 2494 2550 Dixitque
2529 2477 2754 2550 angelus
2786 2477 3003 2534 Domini
3030 2477 3097 2533 ad
3132 2477 3433 2534 Ambacum
3469 2477 3613 2534 :Fer

2037 2574 2351 2647 prandium,
2397 2571 2545 2643 quod
2604 2570 2795 2638 habes,
2851 2571 2909 2626 in
2942 2570 3274 2642 Babylonem
3316 2568 3525 2625 Danicli
3552 2570 3608 2624 in

2038 2667 2215 2723 lacum
2250 2666 2490 2720 leonum.

2109 2759 2198 2813 5t.
2238 2756 2305 2810 Et
2329 2756 2468 2811 dixit
2488 2754 2788 2810 Ambacum
2816 2770 2832 2810 :
2864 2753 3119 2822 Domine,
3145 2751 3476 2825 Babylonem
3498 2769 3610 2811 non

2036 2850 2169 2917 vidi,
2200 2858 2256 2904 et
2283 2850 2460 2904 lacum
2486 2847 2695 2903 nescio.

2106 2944 2198 3000 55.
2235 2943 2303 2997 Ει
2330 2940 2687 3012 apprehendit
2712 2938 2936 3010 angelus
2962 2937 3448 2995 Dominiverticem
3463 2938 3604 3008 ejus,

357 3019 548 3086 αὑτοῦ,
584 3021 678 3074 καὶ
704 3021 980 3092 βαστάσας
1004 3029 1104 3096 τῆς
1126 3027 1304 3099 κόμης
1330 3030 1430 3100 τῆς
1471 3033 1712 3103 κεφαλῆς
1743 3033 1930 3102 αὐτοῦ,
1957 3067 2002 3127 c
2036 3046 2089 3091 et

1872 3033 1930 3102 ιῦ,
1957 3067 2002 3127 C
2036 3046 2089 3091 et
2111 3044 2332 3105 portans
2360 3047 2516 3088 coma
2541 3031 2736 3101 capitis
2761 3031 2902 3101 ejus,
2945 3031 3131 3101 posuit
3171 3045 3295 3085 cum
3351 3029 3407 3084 in
3437 3029 3606 3101 Baby-

360 3116 555 3186 ἐθηκεν
583 3117 747 3171 αὐτὸν
778 3116 858 3178 είς
881 3118 1175 3174 Βαϐυλῶνα
1196 3122 1382 3176 ἐπάνω
1399 3121 1493 3176 τοῦ
1517 3123 1744 3190 λάκκου,
1776 3126 1834 3178 ἐν
1854 3124 1933 3197 τῷ
1962 3116 2002 3127 “
2031 3129 2094 3186 ιο]

1520 3123 1744 3190 λάκκου,
1776 3126 1834 3178 ἐν
1854 3124 1933 3197 τῷ
1962 3116 2002 3127 ’
2031 3129 2156 3186 lone
2182 3143 2345 3197 supra
2375 3127 2554 3181 lacum
2574 3127 2631 3181 in
2661 3125 2870 3194 impetu
2895 3123 3126 3194 spiritus
3148 3124 3254 3179 sui.

360 3205 528 3278 ῥοίζῳ
555 3208 649 3261 τοῦ
684 3209 992 3280 πνεύματος
1017 3211 1207 3267 αὐτοῦ.

428 3304 518 3358 56.
546 3304 654 3357 Kal
686 3305 915 3376 ἐϐόησεν
970 3305 1292 3377 Ἀμϐακοὺμ
1318 3307 1492 3376 λέγων
1515 3325 1530 3340 ·
1561 3309 1781 3380 Δανιὴλ,
1799 3309 1934 3366 λάϐε

355 3394 420 3447 τὸ
444 3394 684 3466 ἄριστον,
725 3396 753 3449 ὃ
778 3397 1066 3452 ἀπέστειλέ
1101 3416 1182 3450 σοι
1212 3401 1240 3451 ὁ
1260 3400 1414 3464 Θεός.

431 3486 518 3540 57,
550 3485 655 3538 Καὶ
687 3483 838 3540 εἶπεν
858 3489 1090 3559 Δανιήλ·
1128 3491 1438 3562 Ἐμνήσθης
1463 3493 1571 3565 γάρ
1592 3511 1693 3565 μου
1723 3496 1753 3550 6
1777 3494 1928 3564 Θεὸς,

357 3578 452 3630 καὶ
484 3577 583 3630 οὐκ
609 3578 965 3646 ἐγκατέλιπες
995 3580 1123 3645 τοὺς
1151 3582 1480 3649 ἀγαπῶντάς
1531 3601 1610 3638 σε.

428 3669 518 3723 58.
573 3670 684 3722 Καὶ
725 3671 964 3734 ἀναστὰς
1018 3673 1218 3740 Δανιὴλ
1259 3671 1499 3743 ἐφαγεν·
1526 3677 1555 3728 ὁ
1600 3675 1656 3729 δὲ
1701 3677 1929 3747 ἄγγελος

2097 3307 2188 3362 56.
2229 3304 2296 3358 Et
2315 3304 2572 3360 clamavit
2596 3302 2919 3368 Ambacum,
2947 3303 3135 3358 dicens
3175 3319 3191 3357 :
3234 3299 3448 3367 Daniel,
3473 3299 3602 3356 tollo

2027 3397 2338 3471 prandium,
2365 3397 2512 3466 quod
2534 3396 2681 3450 misit
2713 3393 2808 3447 tibi
2835 3393 2998 3448 Deus.

2101 3489 2188 3544 57.
2230 3487 2295 3541 Et
2337 3487 2413 3540 ait
2473 3485 2701 3539 Daniel:
2747 3483 3090 3537 Recordatus
3151 3498 3212 3537 es
3263 3480 3464 3552 quippe
3491 3481 3598 3535 mei

2032 3582 2198 3647 Deus,
2224 3589 2278 3635 et
2305 3596 2414 3634 non
2435 3578 2772 3647 dereliquisti
2797 3577 3082 3644 diligentes
3105 3584 3175 3631 te.

2101 3674 2191 3729 58.
2235 3671 2584 3741 Surgensque
2616 3668 2802 3724 Daniel
2841 3667 3097 3722 comedit.
3157 3665 3328 3721 Porro
3373 3663 3600 3735 angelul

353 3761 451 3816 τοῦ
485 3760 619 3814 Θεοῦ
644 3762 1057 3834 ἀπεκατέστησε
1097 3763 1191 3818 τὸν
1234 3765 1557 3837 Ἀμϐακοὺμ
1587 3769 1929 3842 παραχρῆμα

1755 3769 1929 3842 [ρῆμα
2151 3762 2393 3820 restituit
2408 3762 2712 3817 Ambacum
2737 3757 3028 3815 confestim
3056 3759 3112 3812 in
3146 3757 3327 3812 locum
3348 3756 3489 3825 ejus.

354 3855 451 3906 ἐπὶ
479 3853 569 3908 τὸν
599 3854 764 3908 τόπον
784 3853 970 3909 αὐτοῦ.

426 3945 514 4000 59.
555 3945 613 3997 'U
643 3945 700 3998 δὲ
721 3945 974 4016 βασιλεὺς
994 3944 1126 4019 ἦλθε
1151 3950 1216 4020 τῇ
1252 3949 1436 4022 ἡμέρᾳ
1466 3954 1534 4023 τῇ
1560 3952 1760 4023 ἐϐδόμῃ
1794 3969 1922 4005 πεν-

2098 3963 2190 4017 59.
2210 3959 2323 4016 Rex
2340 3969 2520 4015 autem
2543 3959 2690 4015 venit
2712 3959 2798 4015 die
2826 3959 3078 4030 septimo,
3094 3967 3154 4013 ut
3175 3957 3388 4029 lugeret
3408 3955 3601 4014 Danie-

356 4035 520 4107 θῆσαι
563 4037 654 4090 τὸν
687 4040 905 4110 Δανιὴλ,
937 4041 1031 4094 καὶ
1067 4038 1230 4113 ἦλθεν
1263 4043 1357 4096 ἐπὶ
1399 4045 1490 4098 τὸν
1538 4044 1739 4099 λάκκον
1765 4085 1782 4112 ,
1826 4045 1922 4099 καὶ
2025 4053 2090 4110 le:

1865 4045 1922 4099 αἱ
2025 4053 2153 4119 lem,
2186 4062 2239 4108 et
2269 4052 2418 4107 venit
2447 4052 2515 4107 ad
2541 4052 2742 4118 lacum,
2769 4060 2824 4107 et
2845 4051 3102 4120 respexit,
3137 4061 3192 4106 et
3234 4065 3364 4106 ecce
3409 4049 3597 4106 Daniel

354 4125 638 4195 ἀνέϐλεψε,
667 4129 760 4181 καὶ
800 4129 910 4182 ἰδοὺ
929 4131 1127 4202 Δανιὴλ
1151 4130 1473 4203 καθήμενος.

423 4219 511 4273 40.
545 4221 656 4273 Kal
682 4220 979 4293 ἀνεϐόησεν
1013 4226 1042 4276 6
1087 4224 1342 4294 βασιλεὺς
1374 4229 1524 4298 φωνῇ
1566 4226 1796 4300 μεγάλῃ,
1830 4227 1924 4282 καὶ

354 4307 508 4366 εἶπεν
527 4330 543 4344 ο
569 4313 760 4382 Μέγας
785 4311 857 4381 εἷ,
895 4317 1069 4387 Κύριε
1091 4320 1119 4370 ό
1144 4317 1274 4382 Θεὸς
1299 4318 1392 4372 τοῦ
1426 4319 1646 4392 Δανιὴλ.

424 4405 514 4460 41.
548 4405 661 4459 Kal
703 4407 1010 4462 ἀνέσπασεν
1053 4409 1237 4467 αὐτόν.
1287 4411 1427 4475 Τοὺς
1472 4411 1528 4463 δὲ
1577 4411 1781 4476 αἰτίους
1826 4414 1928 4484 τῆς

351 4496 624 4562 ἀπωλείας
662 4498 829 4554 αὑτοῦ
868 4500 1111 4570 ἐνέϐαλε,
1145 4503 1240 4557 καὶ
1276 4502 1702 4576 κατεϐρώθησαν
1744 4521 1927 4576 παρα-

352 4590 545 4663 χρῆμα
571 4589 804 4647 ἐνώπιον
835 4590 1026 4647 αὐτοῦ.

1954 4181 2000 4238 υ
2025 4146 2239 4238 “etiam:

2093 4237 2184 4291 40.
2225 4236 2291 4292 Et
2315 4235 2639 4292 exclamavit
2667 4250 2762 4289 rex
2791 4248 2926 4290 voce
2977 4249 3192 4305 magna,
3245 4243 3299 4289 et
3327 4232 3439 4288 ait:
3481 4229 3597 4288 Ma-

2024 4344 2167 4402 gnus
2194 4344 2274 4393 es,
2306 4328 2534 4384 Domine
2557 4327 2697 4382 Deus
2720 4327 2981 4382 Danielis.

2093 4423 2184 4477 41.
2228 4423 2294 4476 Ει
2315 4421 2552 4477 extraxit
2578 4434 2724 4475 eum.
2753 4417 2927 4473 Porro
2960 4417 3106 4484 illos,
3139 4418 3232 4488 qui
3273 4415 3594 4487 perditionis

2021 4510 2142 4579 ejus
2176 4525 2340 4564 causa
2369 4507 2606 4574 fuerant,
2636 4507 2845 4578 injecit,
2875 4516 2930 4565 et
2956 4508 3200 4565 devorati
3231 4515 3360 4563 sunt
3382 4508 3438 4563 in
3458 4521 3591 4562 mo-

2022 4610 2210 4655 mento
2234 4614 2418 4656 coram
2447 4614 2533 4657 80.

1528 4807 1884 4853 HEXAPLORUI
1911 4811 2030 4864 ΟΠΞ
2065 4813 2391 4854 ευρειιειηιτ.

1428 4946 1804 5015 DANIELIS
1894 4954 2156 5018 CAPUT
2231 4955 2571 5018 PRIMUM.

351 5122 512 5175 -ωω
543 5121 671 5200 Vm
705 5114 743 5168 2
810 5114 874 5172 Θ.
908 5114 1003 5180 El;
1017 5117 1121 5188 γῆν
1147 5117 1407 5190 Σενναάρ.
1434 5119 1679 5188 Ἄλλος,
1709 5121 1788 5186 είς
1813 5118 1919 5192 γῆν

355 5204 704 5272 Βαϐυλῶνος.ξ

350 5303 538 5355 1⁷0⁷Ἶο
577 5309 652 5356 :l‘l
688 5280 909 5360 τεθωκὸ
940 5298 976 5353 5
1045 5299 1109 5355 Θ.
1163 5299 1243 5370 τῷ
1276 5300 1546 5370 ’Δσφανέζ
1576 5301 1656 5374 τῷ
1690 5307 1915 5376 άρχιευο

2097 5121 2154 5177 2.
2192 5120 2328 5178 Heb.
2361 5124 2416 5178 in
2445 5132 2645 5179 terram
2680 5123 2867 5180 Senar.
2908 5125 3012 5184 Th.
3050 5127 3207 5202 Vulg.
3273 5130 3332 5186 in
3387 5140 3589 5192 terram

2025 5217 2290 5273 Scnnaar.
2323 5218 2497 5284 Alius,
2533 5220 2587 5274 in
2617 5229 2815 5275 terram
2844 5221 3158 5294 Babylonis.

2093 5314 2147 5367 5.
2190 5311 2321 5366 Heb.
2350 5313 2632 5382 Asphenez
2653 5314 2910 5382 magistro
2943 5317 3314 5372 cunuchorum
3335 5333 3585 5374 suorum.

352 5389 528 5460 νούχῳ
555 5389 746 5446 αὑτοῦ.
780 5392 1005 5462 Ἄλλος
1071 5391 1372 5464 ’Δϐδιεζδρὶ
1396 5394 1702 5471 διδασκάλῳ
1721 5395 1912 5455 εὐνού-
2019 5404 2086 5462 ΤΙ

1849 5395 1912 5451 ύ-
2019 5404 2125 5462 Th.
2143 5403 2426 5474 Asphanez
2445 5406 2733 5476 praeposito
2752 5407 3124 5462 cunuchorum
3145 5424 3390 5463 suorum.
3404 5409 3583 5478 Alius,

351 5499 462 5553 χων
480 5484 546 5537 αὑ
555 5483 663 5541 τοῦ.

2020 5495 2310 5550 Abdiezdri
2363 5495 2622 5564 magistro
2692 5497 3068 5553 cunuchorum
3131 5513 3382 5558 suorum.
3417 5498 3582 5572 Vulg.

2019 5587 2296 5658 Asphcnez
2320 5587 2606 5658 praeposito
2637 5589 3030 5644 cunuchorum.
