3826 6218
193 311 332 368 S921

194 433 643 500 Chrysostomus.

270 497 332 571 Ῐζ
368 501 454 552 12.
488 501 721 571 ᾏλλος,
755 497 1181 571 παραπτώματι.
1216 497 1380 554 Idem.

268 568 334 623 ν.
376 571 457 623 15.
506 568 729 624 Hieron.
766 588 780 623 :

199 639 561 763 S‘mmachus
586 641 973 709 interpretatus
1004 648 1089 694 est
1106 638 1225 693 κτινί
1252 656 1402 701 ποτε,
1426 636 1492 691 Ᾱ.
1520 646 1574 693 et
1593 636 1694 692 Th.
1718 646 1773 692 et

200 710 264 763 L.
297 709 363 763 Χ.
394 708 655 763 ωελιιωνί.
686 710 864 763 ipsum
885 710 1110 763 verbum
1134 708 1459 763 Hebraicum
1484 724 1765 763 posuere.»

200 708 363 776 LXX,
394 708 655 780 φελμωνί,
686 708 864 780 ipsum
885 710 1110 780 verbum
1130 708 1765 780 Hebraicumuposuere.»

200 726 363 776 ιλλλ,
394 726 655 780 φεΑμωνι,
686 726 700 763 l
743 726 864 764 sum
885 726 1110 764 vernum
1134 726 1459 764 neuraicum
1484 726 1698 778 posuen

197 780 300 837 Its.
332 780 677 836 Corbeiensis
706 726 868 835 Eabet
898 779 1085 835 latinis
1125 779 1299 835 literis
1328 777 1698 834 PHKLMONI.

1502 307 1820 366 DANIELIS
1857 308 2089 366 CAPUT
2120 301 2193 363 IX

3296 308 3438 369 2922

2540 424 2770 493 Quidam
2812 439 2913 496 pro
2957 423 3160 480 duobus
3208 420 3441 480 millibus

1878 499 2144 562 trecentis,
2171 499 2275 550 duo
2301 496 2471 550 millia
2492 497 2735 550 ducentos
2767 496 2972 565 legunt,
3003 508 3073 550 ne
3110 510 3203 552 sex
3237 496 3364 551 anni
3390 503 3446 550 et

1946 425 2012 482 ν.
2049 427 2136 481 14.
2168 425 2391 481 Hieron.
2428 443 2441 480 :
2480 444 2502 478 ‹

823 566 847 623 ἱ
878 569 983 625 Pro
1011 566 1179 623 dltero
1226 571 1397 624 nescio
1436 584 1537 638 quo
1569 567 1769 638 ._quod
1874 575 1987 638 tres
2018 582 2233 622 menses
2264 580 2551 638 superesse
2584 566 2883 638 videantur.
2914 584 2935 617 ι

1950 636 2254 707 Sequentes
2282 633 2410 692 item
2443 636 2623 707 hujus
2643 636 2836 705 capitis
2866 635 3130 693 lectiones
3156 650 3224 693 ex
3247 633 3445 699 Drusio

1876 715 1932 763 et
1959 722 2029 762 ex
2050 704 2185 763 edit.
2218 708 2465 765 Romana
2493 704 2780 777 prodeunt.
3400 712 3403 721 '

1384 980 1758 1042 DANlELIS
1801 976 2063 1042 CAPUT
2103 976 2195 1036 IX

199 1060 373 1139 ’ἐγώ
401 1089 525 1140 ms
560 1090 721 1140 rem
755 1080 792 1133 2
865 1082 1111 1147 Ἀλλος,
1135 1081 1193 1133 ὲν
1235 1079 1344 1133 ἔτει
1381 1080 1461 1133 ἑνὶ
1491 1078 1593 1150 τῆς
1627 1079 1777 1150 βασι-

203 1168 355 1232 λείας
377 1168 559 1225 αὐτοῦ.
584 1170 646 1224 Θ.
674 1178 848 1225 vacat.

207 1261 349 1321 "om
381 1259 416 1313 3
484 1259 547 1315 Θ.
582 1269 753 1313 vacat.
782 1260 1027 1326 Ἀλλος,
1062 1275 1157 1313 και
1187 1257 1389 1328 σποδῷ.

205 1357 446 1413 πινυτῇ
481 1357 640 1414 ὫΠὩῚ
666 1350 700 1405 5
776 1346 1774 1420 Ἀλλος,ἡδικήσαμεν,ἠσεϐήσαμεν.

204 1440 271 1496 Θ.
304 1439 664 1512 ⁴ίλδικήσαμεν,
694 1440 870 1512 ὴνομή
878 1457 1071 1512 σαμεν.

203 1727 414 1823 mpm
449 1720 521 1775 25
592 1722 649 1774 Σ.
698 1721 839 1796 ἀνὴρ
878 1722 1206 1797 ὲπιθυμητέ.
1268 1725 1332 1781 Θ.
1383 1725 1526 1798 ἀνὴρ
1584 1725 1777 1780 ἐπιθυ-

256 1828 366 1867 ιων.

256 1828 366 1867 ιων.

204 1826 354 1979 ἔργα
390 1903 460 1957 24
536 1904 769 1972 Ἄλλος,
795 1906 1254 1979 ἐδοκιμάσθησαν.
1288 1908 1526 1975 Ἄλλος,
1560 1908 1783 1981 ἐκρίθη-

209 2008 329 2047 σαν.
354 1994 414 2049 Θ.
441 1996 878 2067 συνετμήθησαν.

204 2094 373 2171 Tm?
406 2071 635 2152 n‘r‘m
664 2101 679 2142 Ι
709 2072 944 2169 ’διον-ἣν
1028 2089 1109 2143 Ἀ.
1142 2089 1236 2142 ἐπὶ
1262 2088 1355 2144 τὸν
1381 2090 1510 2145 λαόν
1535 2108 1654 2158 σου,
1688 2091 1783 2143 καὶ

206 2174 304 2229 in).
330 2175 482 2231 πόλιν
508 2178 847 2249 ὴγιασμένην
879 2195 996 2236 σου.
1025 2180 1086 2233 Σ.
1120 2179 1264 2234 κατὰ
1280 2180 1373 2235 τοῦ
1396 2181 1526 2235 λαοῦ
1556 2199 1670 2249 σου,
1688 2182 1783 2235 καὶ

204 2266 306 2337 τῆς
331 2267 536 2331 πόλεως
574 2269 671 2340 τῆς
697 2269 857 2338 ἁγίας
895 2287 1009 2325 σου.
1044 2270 1106 2324 Θ.
1149 2271 1242 2325 ἐπὶ
1262 2272 1354 2326 τὸν
1386 2272 1511 2326 λαόν
1539 2289 1655 2339 σου,
1688 2272 1783 2326 καὶ

207 2358 302 2411 ἐπὶ
330 2360 431 2430 τὴν
459 2360 613 2415 πόλιν
630 2360 728 2433 τὴν
756 2360 940 2432 ἁγίαν.

206 2634 407 2690 mem
441 2613 621 2689 Dan
654 2639 823 2694 mn
858 2609 997 2691 θύεθ’)
1079 2633 1156 2687 ‘A.
1196 2631 1291 2687 τοῦ
1330 2629 1641 2684 συντελέσαι
1688 2628 1788 2699 τὴν

208 2714 460 2784 ἀθεσίαν,
488 2717 701 2773 καὶτοῦ
726 2719 1013 2775 τελειῶσαι
1034 2720 1328 2792 ἁμαρτίαν.
1360 2719 1426 2775 Θ.
1467 2717 1562 2771 τοῦ
1602 2734 1787 2771 συντε-

207 2802 464 2879 λεσθῆναι
492 2810 784 2883 ἁμαρτίαν,
820 2810 1037 2866 καὶτοῦ
1075 2811 1375 2884 σφραγίσαι
1418 2808 1709 2880 ἁμαρτίας·

1946 1076 2003 1129 2.
2025 1072 2163 1130 Hel).
2196 1073 2372 1139 Alius,
2403 1073 2458 1128 in
2495 1088 2640 1128 anno
2674 1086 2784 1128 uno
2813 1070 2965 1143 regni
2981 1071 3121 1142 ejus.
3156 1068 3445 1124 Th.vacat.
3548 1130 3551 1153 Γ

1882 1162 2005 1218 Vul.
2033 1178 2177 1218 anno
2203 1177 2315 1218 uno
2350 1161 2503 1231 regni
2527 1161 2666 1231 ejus.

1948 1257 2003 1310 '5.
2037 1253 2104 1309 Η.
2140 1255 2312 1319 Alius,
2334 1252 2456 1307 Vul.
2484 1262 2538 1307 et
2574 1253 2774 1308 cinere.
2802 1250 2904 1307 Th.
2926 1261 3091 1306 vacat.

1951 1347 2006 1402 5.
2046 1345 2114 1400 ll.
2146 1355 2197 1401 et
2235 1344 2575 1415 praevaricati
2628 1358 2837 1410 sumus,
2893 1352 2948 1399 et
3006 1343 3170 1413 impie
3213 1341 3445 1413 egimus.

1881 1438 2055 1504 Alius,
2087 1436 2517 1507 iniqueegimus,
2572 1435 2735 1504 impie
2780 1434 3013 1506 egimus.
3081 1432 3184 1488 Th.
3240 1433 3440 1505 injuste

1880 1533 2113 1602 egimus,
2146 1530 2331 1599 inique
2357 1530 2589 1598 egimus.
2627 1526 2749 1583 Vul.
2807 1529 3146 1599 iniquitatem
3194 1526 3444 1591 fecimus,

1884 1622 2049 1692 impie
2068 1621 2300 1691 egimus.

1948 1715 2043 1771 23.
2084 1714 2249 1769 Hebr.
2283 1710 2704 1767 desideriorum.
2733 1711 2793 1767 S.
2823 1712 2907 1767 vir
2926 1709 3320 1766 desiderabilis.
3344 1706 3449 1764 Th.

1884 1805 2009 1861 Vul.
2030 1805 2117 1860 vir
2156 1804 2576 1860 desideriorum.

1953 1898 2141 1957 24.4].
2177 1897 2392 1953 decisa).
2449 1897 2623 1958 Alius,
2668 1895 2909 1966 probatae
2955 1902 3102 1948 sunt.
3157 1892 3333 1957 Alius,
3360 1894 3455 1948 de-

1884 2000 2045 2049 creta?
2074 1999 2220 2046 sunt.
2264 1989 2367 2043 Th.
2400 1987 2525 2041 Vul.
2548 1988 2875 2043 abbreviatae
2898 1994 3047 2040 sunt.

1954 2081 2087 2136 Heb.
2117 2094 2279 2150 super
2315 2079 2577 2149 populum
2625 2087 2778 2132 tuum
2805 2116 2820 2142 ,
2870 2085 2925 2130 et
2959 2090 3123 2144 super
3171 2073 3452 2129 civitatem

1884 2172 2190 2229 sanctitatis
2219 2179 2343 2225 tuae.
2368 2170 2435 2222 A.
2460 2183 2624 2238 super
2668 2167 2929 2237 populum
2976 2174 3152 2231 tuum,
3201 2175 3256 2220 et
3292 2180 3456 2233 super

1884 2260 2154 2316 civitatem
2204 2259 2598 2316 sanctiﬁcatam
2663 2266 2834 2311 tuam.
2866 2255 2924 2312 S.
2973 2264 3159 2311 contra
3191 2255 3453 2324 populum

1884 2362 2060 2416 tuum,
2089 2361 2146 2407 et
2180 2351 2453 2407 civitatem
2494 2358 2743 2404 sanctam
2768 2356 2942 2403 tuam.
2975 2347 3078 2401 Th.
3112 2361 3459 2417 superpopu-

1885 2445 1999 2500 lum
2033 2457 2212 2509 tuum,
2238 2450 2291 2497 et
2322 2456 2486 2512 super
2518 2441 2794 2496 civitatem
2828 2447 3096 2495 sanctam.
3136 2438 3261 2493 Vul.
3297 2452 3458 2507 super

1888 2537 2147 2608 populum
2176 2545 2350 2599 tuum,
2384 2544 2439 2589 et
2458 2548 2620 2605 super
2649 2532 2836 2587 urbem
2878 2540 3123 2586 sanctam
3154 2539 3322 2585 tuam.

1967 2624 2031 2678 H.
2068 2624 2137 2679 ad
2159 2623 2591 2679 consumendum
2620 2620 3156 2692 'praavaricationem,
3203 2626 3270 2673 et.
3291 2616 3358 2672 ad
3383 2614 3463 2672 si—

1894 2717 2189 2789 gillandum
2252 2725 2514 2784 peccata,_
2551 2713 2618 2768 A.
2647 2714 2713 2767 ad
2748 2709 3459 2780 consummandamprzeva-

1892 2808 2235 2873 ricationem,
2265 2812 2321 2861 et
2381 2803 2872 2860 consummandnm
2922 2811 3226 2873 peccatum.
3267 2800 3372 2856 Th.
3401 2807 3461 2855 ut

209 2912 625 2965 consummatur
680 2913 984 2975 peccatum,
1057 2912 1113 2961 et
1162 2903 1518 2974 obsignentur
1539 2909 1778 2973 peccata.
1824 2898 1949 2955 Vul.
2012 2908 2071 2954 ut
2102 2909 2517 2955 cousummetur
2558 2895 2961 2966 praevaricatio,
3022 2905 3077 2949 et
3116 2896 3277 2950 tinem
3316 2893 3462 2950 acci-

211 2992 333 3064 piat
363 3006 643 3063 peccatum

210 3093 296 3172 rm
329 3071 495 3148 13:51
580 3089 660 3144 Ἀ.
715 3088 811 3144 και
862 3087 958 3142 τοῦ
1014 3087 1363 3153 ιξιλάσασθαι
1417 3085 1662 3157 ἀνομίαν.
1724 3083 1787 3138 θ.

215 3179 313 3231 καὶ
341 3178 637 3247 ἀπαλεῖψαι
673 3181 770 3245 τὰς
795 3180 1028 3246 ἀδικίας,
1057 3181 1148 3234 καὶ
1174 3181 1266 3234 τοῦ
1302 3178 1649 3247 ἐξιλάσασθαι
1679 3176 1793 3231 ἁδι-

218 3286 367 3332 κιας.

216 3373 412 3450 εηιπρ
437 3373 564 3451 mp
597 3346 792 3425 MDL”
822 3373 972 3426 N731
1001 3373 1111 3452 mn
1147 3349 1325 3427 Dnn'n
1398 3369 1474 3430 (Υ,
1498 3364 1560 3418 Θ.
1587 3359 1795 3417 καὶτοῦ

226 3456 524 3526 σφραγίσαι
553 3458 743 3528 ὅρασιν
766 3457 861 3511 καὶ
890 3460 1191 3529 προφήτην,
1215 3459 1307 3510 καὶ
1327 3456 1420 3510 τοῦ
1438 3456 1620 3527 χρίσαι
1642 3455 1795 3524 ἅγιον

222 3545 415 3615 ἁγίων.

217 3835 389 3889 mm
434 3836 606 3888 ΠὋἽ
652 3835 848 3888 1::va
897 3835 1096 3887 ειητπιτ
1138 3836 1401 3892 animum
1447 3838 1612 3890 ῒἿΠκἸ
1655 3828 1725 3885 26

221 3904 279 3982 15
311 3930 420 4009 rm
503 3923 581 3976 Ἀ.
618 3922 710 3975 καὶ
742 3920 880 3992 μετὰ
914 3921 1011 3985 τὰς
1050 3922 1188 3975 ἑπτὰ
1214 3921 1543 3992 ἑϐδομάδας,
1587 3923 1681 3975 καὶ
1710 3921 1797 3986 ἐξ-

223 4012 429 4081 ήκοντα
465 4011 577 4078 δύο,
617 4010 1124 4083 ὲξολοθρευθήσεται
1168 4011 1526 4082 ἠλειμμένος,
1561 4013 1656 4066 καὶ
1699 4014 1798 4065 οὐκ

226 4102 375 4153 ἔστιν
425 4102 595 4173 αὐτῷ.
632 4104 689 4157 Σ.
731 4104 828 4157 καὶ
864 4103 1002 4175 μετὰ
1045 4102 1141 4167 τὰς
1193 4104 1492 4175 ἑϐδομάδας
1542 4104 1681 4158 ἑπτά
1704 4106 1797 4158 καὶ

227 4191 492 4262 ἑξήκοντα
523 4193 637 4257 δύο,
668 4195 1028 4264 ὲκκοπήσεται
1054 4193 1301 4264 Χριστὸς,
1320 4194 1414 4245 καὶ
1445 4192 1542 4263 οὐχ
1567 4192 1797 4264 ὑπάρξει

225 4284 398 4353 αὐτῷ.
432 4284 495 4340 Θ.
520 4286 615 4338 καὶ
638 4287 776 4355 μετὰ
795 4285 892 4350 τὰς
930 4286 1228 4356 ἑϐδομάδας
1263 4284 1362 4349 τάς
1394 4286 1652 4358 ἐξήκοντα
1680 4287 1794 4355 δύο,

228 4370 738 4446 ὲξολοθρευθήσεται
780 4374 988 4446 χρίσμα
1014 4416 1028 4441 ,
1070 4375 1164 4428 καὶ
1208 4374 1383 4446 κρίμα
1419 4375 1520 4428 οὐκ
1557 4374 1703 4429 ἐστιν
1740 4376 1798 4429 ἐν

229 4482 381 4535 αυτῳ

231 4650 350 4699 ΝΞΠ
384 4646 494 4699 mn
530 4649 615 4704 ευ
648 4648 825 4703 mnu”
854 4651 1041 4724 1:71pm
1074 4651 1242 4709 17pm
1319 4642 1399 4700 Ἀ.
1422 4642 1515 4697 καὶ
1535 4641 1631 4715 τὴν
1652 4643 1805 4698 πόλιν

233 4730 331 4782 καὶ⁸
358 4729 421 4782 τὸ
469 4729 625 4799 ἅγιον
655 4730 935 4802 διαφθερεί
963 4733 1089 4796 λαὸς
1133 4733 1437 4804 ἡγουμένου
1482 4731 1797 4804 ἐρχομένου.

230 4819 294 4873 Θ.
325 4821 421 4873 καὶ
468 4820 567 4892 τὴν
624 4821 778 4875 πόλιν
827 4823 921 4876 καὶ
958 4822 1020 4876 τὸ
1064 4822 1216 4892 ἅγιον
1265 4822 1546 4893 διαφθερεῖ
1584 4824 1682 4878 σὺν
1721 4821 1801 4893 τῷ

231 4910 523 4984 ἡγουμένῳ
550 4910 627 4983 τῷ
664 4913 963 4985 ἐρχομένῳ.

1967 3079 2034 3134 ll.
2070 3081 2135 3134 A.
2167 3088 2222 3136 et
2249 3079 2319 3135 ad
2365 3078 2687 3150 expiandam
2724 3077 3093 3148 iniquitatem.
3116 3073 3221 3130 Th.
3261 3083 3316 3130 et
3362 3074 3459 3131 de-

1894 3172 2106 3227 leantur
2132 3172 2471 3241 iniquitates,
2503 3179 2557 3226 et
2584 3169 2869 3240 expientur
2893 3168 3228 3240 iniquitates.
3262 3167 3385 3225 ναι.
3409 3180 3464 3226 et

1894 3264 2140 3320 deleatur
2170 3263 2454 3332 iniquitas.

1964 3353 2031 3409 Η.
2056 3363 2112 3409 et
2148 3355 2215 3410 ad
2246 3352 2570 3424 signandum
2590 3352 2857 3408 visionem
2907 3360 2961 3406 et
3016 3350 3376 3421 pmphetiam,
3409 3361 3465 3405 et

1895 3448 1962 3504 ad
2002 3449 2308 3518 ungendam
2332 3446 2675 3502 sanctitatem
2698 3443 3067 3501 sanctitatum.
3101 3442 3264 3509 LXX,
3292 3442 3467 3496 Th.et

1896 3542 2140 3611 signetur
2176 3540 2314 3594 visio
2340 3547 2394 3594 et
2430 3538 2717 3608 propheta,
2740 3545 2794 3591 et
2827 3544 3064 3605 ungatur
3087 3541 3309 3589 sanctus
3335 3548 3465 3588 sau-

1895 3641 2130 3688 ctorum.
2165 3630 2290 3685 Vul.
2323 3638 2377 3684 et
2414 3629 2705 3699 impleatur
2727 3627 2867 3682 visio
2887 3636 2941 3682 et
2971 3626 3276 3697 prophetia.
3296 3634 3467 3681 etunv

1894 3730 2051 3792 gatur
2072 3728 2294 3775 sanctus
2320 3732 2630 3774 sanctorum
2640 3760 2663 3773 ,ν

1963 3809 2055 3865 26.
2087 3810 2252 3864 Hebr.
2284 3818 2339 3864 et
2365 3817 2487 3879 post
2516 3807 2883 3863 hebdomadas
2909 3807 3188 3877 sexaginta
3219 3814 3272 3861 et
3295 3805 3454 3873 duas,

1896 3900 2181 3956 excidetur
2210 3908 2411 3955 unctus
2440 3908 2495 3954 et
2516 3914 2627 3954 non
2651 3899 2721 3955 ei.
2749 3898 2815 3953 A.
2841 3907 2895 3954 et
2933 3908 3055 3969 post
3085 3906 3291 3968 septem
3333 3895 3467 3951 heb-

1894 3990 2158 4046 domadas
2183 4002 2237 4046 et
2255 3990 2534 4060 sexaginta
2570 3990 2728 4057 duas,
2759 3989 3212 4045 exterminabitur
3244 3997 3471 4053 unctus,

1896 4090 1953 4135 et
1990 4095 2095 4134 non
2151 4089 2234 4135 est
2297 4081 2368 4136 ei.
2419 4079 2478 4135 S.
2508 4087 2564 4134 et
2626 4089 2751 4151 post
2789 4062 3161 4134 hebdomadas
3179 4088 3385 4149 septem
3414 4087 3470 4132 et

1897 4173 2177 4244 sexaginta
2195 4172 2352 4239 duas,
2376 4172 2723 4228 exscindetur
2743 4170 3015 4238 Christus,
3036 4179 3091 4226 et
3111 4186 3221 4226 non
3242 4172 3470 4226 exsistet

1896 4267 1967 4322 ei.
2002 4265 2106 4319 Th.
2132 4274 2187 4320 et
2216 4273 2340 4336 post
2371 4265 2739 4320 hebdomadas
2765 4263 3055 4334 sexaginta
3105 4263 3264 4329 duas,
3288 4270 3467 4318 exter-

1896 4356 2193 4411 minabitur
2218 4357 2424 4423 unctio,
2449 4364 2503 4410 et
2527 4356 2794 4426 judicium
2831 4371 2937 4409 non
2956 4365 3038 4411 est
3065 4356 3120 4410 in
3149 4370 3236 4411 eo.
3268 4353 3394 4408 Vul.
3412 4361 3469 4409 et

1895 4462 2020 4520 post.
2039 4449 2403 4504 hebdomadas
2418 4449 2696 4518 sexaginta
2717 4449 2855 4504 duas
2878 4448 3154 4505 occidetur
3172 4447 3425 4513 Christus
3444 4464 3460 4502 :

1902 4551 1955 4596 et
1980 4555 2088 4595 non
2110 4540 2217 4594 erit
2243 4540 2363 4610 ejus
2392 4538 2648 4609 populus.

1974 4632 2108 4688 Heb.
2150 4640 2205 4686 et
2232 4632 2508 4688 civitatem
2538 4642 2591 4687 et
2620 4632 2960 4688 sanctitatem
2984 4629 3224 4687 destruet
3238 4627 3470 4699 populus

1905 4725 2060 4780 ducis
2091 4726 2326 4779 venturi.
2360 4726 2426 4777 Α.
2452 4733 2508 4780 et
2537 4724 2810 4780 civitatem
2858 4736 2915 4778 et
2946 4730 3195 4779 sanctum
3227 4734 3474 4776 corrum-

1906 4823 1997 4886 pet
2027 4815 2259 4885 populus
2287 4815 2444 4870 ducis
2475 4816 2714 4870 venturi.
2747 4816 2849 4870 Th.
2875 4824 2929 4870 et
2951 4814 3229 4871 civitatem
3252 4821 3308 4867 et
3340 4826 3471 4866 san-

1907 4906 2177 4961 ctuarium
2236 4906 2483 4961 destruet
2531 4922 2658 4962 cum
2706 4906 2847 4962 duce
2896 4903 3236 4960 adveniente.
3280 4899 3397 4954 Vul.
3420 4911 3474 4956 et

1909 4997 2181 5053 civitatem
2232 5005 2286 5053 et
2317 4999 2711 5057 sanctuarium,
2739 4997 3022 5067 dissipabit
3073 4994 3307 5067 populus
3347 5007 3474 5049 cum

1908 5089 2046 5145 duce
2076 5098 2305 5145 venturo

1060 5200 1237 5261 Notae
1264 5207 1327 5261 et
1350 5196 1538 5260 variae
1565 5194 1872 5262 lectiones
1902 5200 1981 5264 ad
2014 5218 2149 5282 cap.
2183 5203 2274 5264 IX
2303 5202 2612 5264 Danielis.

311 5337 378 5395 ν.
401 5340 458 5397 2.
489 5342 724 5412 Ἄλλος,
754 5341 812 5395 ὲν
836 5341 946 5395 ἔτει
978 5342 1057 5395 ἑνὶ
1084 5342 1186 5412 τῆς
1218 5340 1488 5411 βασιλείας
1524 5350 1626 5396 etc.
1670 5340 1808 5396 Dru-

238 5412 359 5470 sius
386 5427 453 5465 ex
476 5412 562 5466 ed.
600 5410 865 5466 Romana.

1102 5480 1341 5537 Joannes
1378 5449 1806 5551 bhrysostomus

238 5552 295 5607 in
327 5550 621 5605 Danielem.

317 5621 381 5694 Υ.
413 5622 480 5694 ξ.
499 5622 687 5694 Ἀλλ),
708 5622 1067 5694 ἠδικήσαμεν,
1081 5621 1459 5694 ⁸ἡσεᾼὸήσαμεν.
1490 5619 1731 5677 Drusius.

316 5688 380 5745 Υ.
410 5690 501 5748 25.
527 5692 611 5761 Σ.,
634 5688 771 5764 ἀνὴρ
793 5688 1131 5764 ὲπ”ιθυμητέ.’
1151 5688 1315 5748 Idem.

1984 5344 2046 5401 V.
2072 5345 2161 5400 24.
2208 5346 2440 5411 Ἄλλος,
2483 5342 2932 5413 ἐδοκιμάσθησαν.
2988 5341 3076 5396 Sic
3120 5356 3186 5397 ex
3220 5337 3478 5396 Theodo-

1908 5424 2115 5541 relihid.
2164 5486 2268 5550 ’A.,
2297 5486 2390 5539 ἐπὶ
2422 5486 2511 5539 τὸν
2536 5483 2661 5537 λαόν
2685 5492 2789 5539 etc.
2816 5481 2927 5539 Has
2957 5497 3148 5537 omnes
3182 5480 3392 5549 Aquila:
3424 5486 3481 5533 et

1911 5556 2225 5627 Symmachi
2262 5556 2542 5627 lectiones
2592 5568 2795 5627 usque_
2817 5553 2912 5627 ad_
2936 5553 3102 5627 linem
3126 5551 3374 5627 Acapitis,
3410 5563 3478 5603 ex

1910 5619 2381 5684 Demonstrationc
2410 5619 2718 5695 evangelica
2753 5622 2970 5681 Eusebii
3021 5619 3368 5694 proferimus.
