3826 6218
164 314 304 370 299.5

166 432 261 485 ἐπὶ
296 431 423 493 τοὺς
448 433 843 499 καταλιπόντας
867 435 1129 508 διαθήκην
1165 438 1341 504 ἁγίαν.

1470 323 1785 378 DANIELIS
1821 324 2049 381 CAPUT
2092 324 2175 380 XI.
2643 347 2655 381 t

3267 326 3411 386 ειεο

1841 443 2150 498 sanctitatis
2200 444 2263 498 Α.
2322 454 2372 499 et
2422 446 2701 512 cogitabit,
2776 456 2832 498 ut
2874 448 3152 500 deseratur
3190 458 3409 517 pactum

166 531 487 586 sanctuarii.
530 529 631 585 Th.
673 530 829 603 Vulg.
878 542 934 588 et
986 535 1246 605 cogitabit
1292 536 1577 590 adversum
1632 551 1729 591 eos
1771 540 1859 612 qui
1894 538 2303 608 dereliquerunt
2339 547 2718 594 testamentum
2749 542 3041 593 sanctuarii
3083 542 3207 610 ('l'h.
3243 552 3411 596 testa-

168 634 408 675 ruentum
442 638 500 677 sa
510 624 737 694 nctum).

166 722 360 791 ευρ-ιη
389 714 448 791 3t
531 715 764 781 Ἄλλος,
790 718 882 770 καὶ
902 716 1203 788 βραχίονες.
1224 718 1285 771 Θ.
1308 719 1403 771 καλ⁸
1425 718 1735 791 σπέρματα.

167 782 305 859 οὐκ
340 786 526 866 suam
559 805 628 859 56
704 782 977 877 Ἀλλοξ,
1010 782 1113 862 ἆαι
1170 809 1264 862 ἐπὶ
1313 810 1404 863 τὸν
1448 782 1581 864 egit}
1633 809 1739 864 τῶν

170 894 328 947 θεῶν.
359 896 420 948 Θ.
451 907 621 950 vacat.

169 995 362 1049 Ml
394 996 667 1047 firmi":
742 990 987 1055 Ἀλλος.
1021 1029 1037 1045 .
1081 1030 1094 1043 .
1141 1032 1155 1046 .
1200 1030 1214 1044 .
1258 1031 1272 1045 .
1316 1030 1331 1044 .
1377 1033 1391 1046 .
1432 993 1496 1045 Θ.
1521 993 1601 1057 εἰς
1629 990 1739 1064 γὰρ

173 1077 478 1130 συντέλειαν
499 1079 723 1146 γίνεται.
751 1082 994 1147 Ἄλλος,
1018 1082 1111 1134 καὶ
1140 1082 1394 1153 σπουδήν.

168 1349 362 1431 ωηο).
793 1353 897 1431 rm
933 1329 1037 1406 ΝΒ
1071 1355 1234 1406 vms
1268 1328 1563 1411 iubs-Han
1598 1347 1664 1401 57

165 1442 270 1516 r3?
310 1420 383 1493 RL)
418 1419 809 1501 ΠΊΒζΓδὲἧῖΊ.
852 1439 933 1490 'A.
963 1441 1057 1490 καὶ
1076 1440 1167 1492 ἐπὶ
1203 1438 1335 1491 Θεὸν
1362 1438 1613 1509 πατέρων
1635 1437 1738 1491 αὐ-

166 1525 262 1577 τοῦ
286 1528 346 1579 οὐ
376 1529 618 1597 συνήσει,
678 1531 775 1581 καὶ
823 1531 916 1581 ἐπὶ
944 1529 1239 1601 ἐπιθυμίαν
1287 1529 1580 1597 γυναικῶν,
1639 1529 1737 1583 καὶ

169 1618 260 1667 ἐπὶ
287 1617 463 1670 πάντα
511 1618 630 1672 θεὸν
672 1621 733 1672 οὐ
777 1621 1017 1690 συνήσει.
1058 1622 1134 1674 0’.
1175 1660 1189 1674 .
1235 1660 1249 1675 .
1294 1660 1309 1674 .
1354 1659 1369 1674 .
1408 1621 1471 1674 Θ.
1510 1619 1605 1671 καλ⁵
1641 1619 1738 1671 ἐπὶ

168 1706 375 1772 πάντας
406 1709 561 1772 θεοὺς
600 1710 709 1763 τῶν
738 1711 989 1781 πατέρων
1032 1711 1197 1764 αὑτοῦ
1240 1710 1301 1763 οὐ
1353 1710 1610 1780 συνήσει,
1643 1710 1739 1764 καὶ

171 1798 433 1870 ἐπιθυμία
461 1790 757 1865 γυναικῶν,
780 1802 872 1855 καὶ
899 1803 992 1855 ἐπὶ
1023 1804 1131 1855 πᾶν
1162 1802 1284 1855 θεὸν
1312 1802 1374 1855 οὐ
1409 1803 1654 1872 συνήσει.

1914 719 2003 770 ⁸51.
2044 715 2208 770 llehr.
2233 715 2385 769 Alius
2416 756 2430 779 ,
2462 713 2586 768 an.
2615 724 2669 767 ct
2691 714 2936 767 brachia.
2974 713 3142 770 Th.et
3181 721 3408 775 semina-

1914 810 2002 863 36.
2048 809 2185 863 Heb.
2246 809 2416 871 Alius,
2449 819 2503 862 et
2551 823 2715 874 super
2780 806 2945 859 Deum
3005 809 3252 863 deorum.
3307 810 3410 867 Th.

1843 910 2013 956 vacat.
2049 900 2205 970 Vulg.
2230 913 2282 953 et
2312 901 2577 952 adversus
2601 898 2769 951 Deum
2811 899 3059 951 deorum.

1914 990 1981 1046 H.
2008 992 2134 1060 quia
2164 992 2343 1045 decisa
2378 999 2481 1054 est,
2508 990 2647 1044 facta
2669 999 2770 1044 est.
2796 989 2878 1043 Al.
2914 990 2966 1042 in
3003 989 3122 1058 ipso
3147 990 3290 1044 enim
3313 992 3418 1046 erit

1843 1082 2264 1138 consummatio.
2321 1082 2423 1135 Th.
2458 1082 2510 1134 in
2564 1080 3095 1134 consummationem
3146 1082 3290 1135 enim
3328 1082 3411 1137 ﬁt.

1842 1173 1928 1226 Αι.
1961 1182 2014 1226 et
2045 1171 2469 1227 festinationem.
2490 1169 2615 1223 Vul.
2648 1177 2956 1239 perpetrata
2988 1166 3188 1237 quippe
3202 1178 3285 1225 est
3320 1169 3417 1224 de-

1843 1264 2034 1318 ﬁnitio.
2379 1260 2387 1269 ’

1916 1352 2178 1408 37.1].et
2214 1350 2562 1420 superDeum
2620 1359 2836 1419 patrum
2896 1365 3119 1404 suorum
3171 1365 3277 1404 non
3332 1351 3419 1404 in-

1847 1447 2069 1515 telliget,
2092 1452 2147 1499 et
2185 1459 2349 1513 super
2390 1442 2726 1498 desiderium
2778 1442 3091 1506 mulierum,
3155 1452 3209 1495 et
3252 1457 3419 1510 super

1843 1552 2059 1592 omnem
2099 1536 2261 1590 deum
2290 1549 2397 1587 non
2430 1533 2709 1601 intelliget.
2754 1532 2815 1585 A.
2848 1544 2901 1586 et
2927 1548 3088 1602 super
3125 1531 3294 1585 Deum
3323 1547 3417 1601 pa-

1844 1638 1991 1683 trum
2014 1642 2240 1683 suorum
2292 1640 2403 1678 non
2429 1623 2715 1693 intelliget,
2737 1632 2790 1678 et
2832 1639 2996 1692 super
3025 1624 3420 1692 concupiscen-

1845 1724 1973 1778 tiam
2006 1721 2316 1783 mulierum,
2345 1725 2400 1772 et
2429 1732 2592 1786 super
2622 1731 2840 1770 omnem
2873 1717 3037 1769 deum
3064 1732 3169 1770 non
3216 1716 3418 1768 intelli-

1846 1824 1950 1885 get.
1976 1811 2141 1875 LXX,
2186 1819 2240 1865 et
2267 1808 2724 1878 concupiscentiis
2770 1808 3056 1861 mulierum
3084 1822 3191 1860 non
3232 1807 3418 1875 suhja-

1846 1906 2009 1961 eebit.
2038 1904 2143 1957 Th.
2174 1912 2227 1956 et
2258 1916 2423 1970 super
2442 1914 2633 1954 omnes
2660 1898 2795 1953 deos
2818 1908 3034 1967 patrum
3062 1914 3282 1953 suorum
3310 1914 3419 1953 non

169 2002 436 2073 intelliget
468 2012 562 2058 :et
608 2003 1055 2073 concupiscentia
1104 2003 1436 2068 mulierum,
1487 2011 1542 2057 et
1586 2016 1752 2071 super
1802 2014 1964 2054 omne
2012 1996 2174 2051 deum
2233 2009 2339 2048 non
2396 1992 2677 2062 intelliget.
2744 1989 2863 2045 Vni.
2905 2001 2958 2045 et
3010 1990 3176 2045 Deum
3207 2002 3421 2061 patrum

172 2111 399 2156 suorum
420 2112 535 2167 non
566 2098 874 2165 reputabit:
917 2069 997 2152 et‘
1021 2096 1127 2152 erit
1172 2096 1229 2152 in
1282 2095 1746 2167 concupiscentiis
1780 2093 2152 2154 heminarum,
2182 2103 2282 2143 nec
2303 2102 2630 2157 quemquam
2652 2086 2879 2140 deorum
2909 2083 3142 2140 curabit.

170 2164 642 2249 ωηπνηθκὸπδέ
719 2164 1744 2246 ‘A....-....0’.

168 2276 233 2331 Θ.
269 2277 406 2331 Θεὶν
432 2273 657 2338 Μαιοζεί
663 2297 723 2349 μ.

167 2460 303 2512 man
337 2464 470 2513 -πυκ
502 2466 602 2514 1::
643 2438 910 2519 trba-:13:
941 2463 1124 2519 mm
1161 2439 1380 2514 τηνιῠὸ
1414 2463 1565 2518 mm
1605 2455 1672 2510 59

166 2553 361 2605 nm:
396 2530 529 2633 p511?
567 2558 753 2607 manu
788 2556 974 2607 Din-in
1003 2531 1266 2607 nbmmm
1295 2558 1421 2607 τω
1458 2554 1596 2605 ττι-π’
1675 2545 1740 2600 Θ.

169 2637 266 2690 καὶ
312 2640 529 2708 ποιήσει
574 2641 684 2702 τοῖς
722 2639 1041 2710 ὀχυρώμασι
1078 2640 1186 2692 τῶν
1234 2638 1561 2707 καταφυγῶν
1605 2638 1742 2706 μετὰ

170 2728 294 2781 Θεοῦ
330 2729 630 2800 ἀλλοτρίου,
663 2731 755 2783 καὶ
804 2730 1065 2799 πληθυνεῖ
1115 2730 1273 2796 δόξαν
1297 2771 1311 2794 ,
1359 2730 1453 2783 καὶ
1488 2728 1744 2794 ὑποτάξει

169 2818 354 2881 αὐτοῖς
390 2820 639 2885 πολλοὺς,
680 2821 772 2874 καὶ
799 2821 900 2891 γῆν
922 2821 1090 2874 διελεῖ
1113 2822 1169 2872 ὲν
1191 2818 1405 2888 δώροις.

1921 2184 2009 2237 Ξ8.
2050 2183 2185 2236 Ileb.
2218 2180 2320 2235 Th.
2362 2190 2414 2235 et
2440 2181 2601 2235 deum
2637 2178 2892 2233 Maozim.
2947 2178 3014 2232 A.
3066 2175 3174 2231 Deo
3207 2174 3423 2230 fortitu-

1850 2274 2060 2327 dinum.
2089 2269 2255 2338 LXX,
2285 2269 2455 2324 Deum
2480 2269 2864 2326 fortissimum.
2907 2266 3026 2321 ναι.
3049 2265 3217 2320 Deum
3241 2277 3421 2321 autem

1846 2362 2101 2418 Maozim.

1918 2455 2004 2508 59.
2043 2453 2111 2507 Η.
2138 2451 2203 2505 Et
2250 2452 2411 2506 faciet
2451 2450 2843 2504 munitionibus
2889 2448 3118 2503 Maozim
3156 2464 3279 2503 eum
3319 2447 3422 2501 deo

1843 2545 2039 2607 alieno,
2071 2559 2230 2613 quem
2271 2551 2531 2611 agnoscet
2574 2557 2586 2593 :
2642 2541 3023 2611 multiplicabit
3081 2540 3331 2611 gloriam,
3372 2544 3427 2590 ιιι

1846 2635 2120 2690 dominari
2158 2634 2318 2689 faciet
2343 2650 2440 2688 eos
2470 2634 2524 2688 in
2548 2634 2732 2688 multis
2766 2653 2779 2687 :
2821 2644 2877 2687 et
2911 2643 3110 2687 terrain
3144 2632 3345 2685 dividet
3367 2630 3425 2682 in

1852 2728 2050 2797 pretio.
2093 2726 2197 2780 Th.
2241 2725 2308 2779 Et
2342 2726 2503 2779 faciet
2527 2725 2579 2778 in
2622 2724 3016 2778 munitionibus
3044 2722 3455 2791 coniugiorum

1852 2832 1974 2870 cum
2006 2817 2105 2869 deo
2141 2816 2317 2870 alieno
2345 2834 2359 2870 :
2400 2825 2453 2869 et
2497 2814 2877 2884 multiplicabit
2917 2816 3143 2886 gloriam
3173 2832 3187 2868 :
3219 2822 3271 2867 et
3296 2814 3424 2867 subd

168 2910 323 2977 jiciet
352 2911 485 2980 ipsis
514 2912 752 2965 multos:
786 2921 839 2965 et
872 2919 1072 2966 terram
1097 2911 1301 2965 dividet
1331 2910 1397 2964 'in
1427 2909 1605 2964 donis.
1626 2907 1750 2962 ναι.
1788 2906 1853 2961 Ει
1906 2907 2068 2960 faciet
2120 2915 2181 2960 ut
2215 2906 2422 2960 muniat
2488 2905 2719 2960 Maozim
2755 2922 2879 2959 cum
2919 2906 3020 2960 deo
3045 2905 3245 2971 alieno,
3266 2921 3427 2974 quem

171 3002 449 3071 cognovit,
476 3010 531 3055 ct
568 3002 947 3070 multiplicabit
993 3001 1220 3072 gloriam
1247 3042 1263 3067 ,
1285 3010 1338 3055 et
1365 3000 1515 3055 dabit
1538 3002 1617 3055 eis
1643 3007 1959 3069 potestatem
1998 3000 2051 3051 in
2081 2998 2288 3060 multis,
2328 3006 2382 3052 et
2414 3008 2610 3052 terram
2647 2998 2853 3053 dividet
2884 2999 3147 3067 gratuito.

172 3103 341 3181 Ἴτε-πυτ
370 3094 437 3147 ιυ
508 3094 571 3148 Θ.
598 3095 693 3146 καὶ
731 3092 1031 3164 συντρίψει.
1064 3094 1307 3160 Ἄλλος,
1345 3096 1402 3147 ὲν
1434 3096 1553 3157 ταῖς
1585 3110 1752 3147 κατα-

174 3203 426 3239 κΑυσεσι.

172 3287 314 3337 ’πη
348 3286 514 3362 ’γ’-ΝΞ.
538 3277 600 3331 41
679 3276 741 3330 Θ.
764 3278 843 3340 εἰς
865 3276 965 3330 τὴν
993 3275 1097 3347 γῆν
1125 3274 1219 3330 τοῦ
1252 3275 1513 3345 Σαεαείμ.

172 3438 533 3513 ﬁmum-11
616 3449 1751 3507 ‘A.......E.......0.xat

176 3544 364 3597 πολλοὶ
389 3544 801 3613 ἁσΟενήσουσιν.

177 3644 277 3692 nni
312 3642 593 3719 imp-7:3:
635 3618 746 3691 arb
782 3639 922 3691 nini
958 3638 1042 3719 Γπ
1075 3640 1236 3692 mss
1268 3614 1405 3694 ’ὃπκ
1440 3638 1573 3694 man
1613 3629 1680 3683 45

175 3718 411 3806 ’ΒΡ-Π
471 3724 550 3778 Ἀ.
594 3764 607 3777 .
654 3761 670 3778 .
714 3762 730 3778 .
773 3762 788 3776 .
832 3762 847 3777 .
891 3760 906 3775 .
950 3718 971 3774 ,ν
1007 3758 1022 3774 .
1069 3760 1083 3775 .
1128 3760 1143 3775 .
1184 3722 1242 3773 Σ.
1287 3720 1380 3773 καὶ
1422 3718 1751 3782 ὲκτενεῖτάς

178 3816 385 3886 σκηνὰς
416 3814 771 3867 ἱπποστασεου
796 3812 958 3867 αὑτοῦ
996 3813 1199 3884 μεταξὺ
1232 3812 1339 3866 τῶν
1368 3810 1648 3864 Θαλασσῶν
1670 3813 1749 3876 εἰς

175 3907 238 3959 τὸ
261 3906 388 3977 ὄρος
412 3906 511 3976 τῆς
537 3906 819 3977 δυνάμεως
848 3905 910 3959 τὸ
934 3906 1107 3974 ἆγιον,
1145 3905 1238 3959 καὶ
1282 3906 1401 3975 ἥξει
1443 3906 1547 3966 ἕως
1580 3905 1749 3976 ἄκρου

177 3999 367 4054 αὐτοῦ.
400 4000 476 4054 0’.
522 4039 535 4053 .
578 4038 594 4054 .
636 4040 650 4054 .
693 4038 708 4053 .
752 4000 814 4052 Θ.
860 3999 954 4053 καὶ
986 3998 1146 4068 πήξει
1188 3997 1286 4067 τὴν
1334 3998 1538 4068 σκηνὴν
1584 3997 1748 4050 αὑτοῦ

178 4088 462 4160 ὲιραδανῷ,
518 4090 790 4160 ἀναμέσον
853 4088 1137 4141 θαλασσῶν
1179 4090 1261 4151 εἰς
1316 4088 1439 4160 ὅρος
1503 4087 1747 4158 Σαεαεὶμ

178 4182 337 4251 ᾶγιον
359 4223 376 4248 ,
408 4182 526 4253 ἥξει
560 4181 665 4245 ἕως
690 4182 889 4253 μέρους
914 4180 1099 4235 αὐτοῦ.

1924 3088 2012 3141 40.
2043 3090 2178 3142 l-lcb.
2231 3099 2284 3142 et
2335 3090 2644 3145 iuundabit.
2697 3089 2799 3144 Th.

1856 3174 2027 3237 Alius,
2058 3176 2110 3229 in
2153 3178 2619 3233 inundationibus.

1924 3267 2012 3320 41.
2055 3268 2218 3322 llehr.
2253 3269 2305 3321 in
2334 3278 2530 3323 terram
2566 3271 2800 3326 decoris.
2833 3271 2936 3325 Th.
2984 3271 3039 3326 in
3098 3279 3297 3328 terram
3329 3272 3429 3328 Sa-

1855 3357 2021 3411 baim.
2054 3358 2174 3411 Vul.
2210 3361 2261 3413 in
2301 3370 2498 3414 terram
2542 3361 2835 3430 gloriosam

1924 3448 1990 3504 ll.
2017 3450 2082 3504 A.
2119 3450 2243 3505 Vul.
2273 3462 2327 3505 et
2355 3453 2539 3507 multa:
2571 3464 2848 3507 corruent.
2880 3452 2941 3509 S.
2981 3462 3033 3508 ct
3064 3454 3233 3508 multa
3260 3455 3424 3511 millia

1851 3554 2125 3597 corruent.
2150 3543 2255 3597 Th.
2286 3552 2341 3598 et
2373 3544 2527 3598 multi
2560 3544 3002 3600 intirmabuntur.

1924 3634 2014 3688 45.
2048 3633 2111 3689 ll.
2141 3633 2207 3687 Et
2236 3635 2504 3704 plantabit
2530 3636 2877 3690 tabernacula
2931 3636 3117 3707 palatii
3168 3635 3252 3690 sui
3288 3635 3429 3689 inter

1853 3726 2024 3780 maria
2057 3725 2111 3779 in
2151 3736 2332 3780 monte
2369 3727 2583 3781 decoris
2615 3727 2945 3793 sanctitatis,
2974 3737 3027 3782 et
3052 3728 3229 3782 veniet
3256 3743 3428 3796 usque

1847 3818 1912 3871 ad
1945 3817 2311 3871 summitatem
2350 3818 2490 3887 ejus.
2531 3817 2597 3871 A.
2633 3817 2699 3873 Et
2718 3818 2983 3888 plantabit
3011 3818 3422 3873 tabernaculum

1854 3910 2093 3979 prwtorii
2120 3911 2204 3964 sui
2238 3910 2290 3964 in
2316 3911 2572 3982 ἀφαδανῷ
2604 3911 2744 3965 inter
2771 3912 2944 3966 maria
2978 3911 3030 3965 in
3060 3920 3241 3965 monte
3259 3909 3425 3964 Sabin

1846 4000 2087 4071 glorioso
2116 4010 2170 4055 et
2196 4011 2405 4066 sancto,
2430 4011 2484 4056 et
2528 4003 2711 4057 veniet
2769 4018 2942 4072 usque
2990 4004 3054 4055 ad
3092 4004 3254 4055 linem
3284 4001 3424 4069 ejus.

1857 4091 2063 4162 Symm.
2106 4108 2171 4145 ea;
2192 4092 2530 4163 Hieronymo.
2568 4092 2637 4148 Et
2667 4094 2918 4148 extendet
2956 4091 3254 4162 papiliones
3274 4090 3428 4159 cqui-

1853 4192 2001 4239 tatus
2044 4184 2130 4239 sui
2175 4183 2318 4239 inter
2356 4187 2530 4241 maria
2580 4184 2745 4255 super
2804 4196 3044 4240 montem
3093 4184 3430 4240 fortitudinis

2861 3089 2985 3145 an.
3053 3099 3109 3146 et
3161 3099 3425 3147 conteret.

183 4283 455 4341 sanctum,
486 4284 542 4329 et
564 4275 745 4329 veniet
768 4288 942 4343 usque
964 4274 1031 4327 ad
1066 4271 1319 4329 verticem
1344 4271 1747 4339 montis.LXX,
1786 4272 1852 4328 Et
1881 4285 2080 4330 statuet
2135 4276 2550 4331 tabernaculum
2583 4293 2743 4333 suum
2783 4290 2913 4332 tunc
2950 4277 3092 4332 inter
3135 4275 3329 4340 maria,
3372 4285 3430 4328 et

182 4372 427 4421 montem
454 4365 754 4421 voluntatis
813 4372 1085 4429 sanctum,
1130 4372 1187 4419 et
1241 4364 1423 4418 veniet
1454 4365 1585 4417 hora
1631 4364 2120 4422 consummationis
2175 4365 2316 4436 ejus.
2381 4365 2484 4422 Th.
2531 4376 2585 4422 et
2638 4366 2763 4437 liget
2815 4366 3223 4422 tabernaculum
3267 4380 3427 4419 suum

181 4456 241 4510 in
270 4452 565 4525 pradano
594 4456 734 4510 inter
760 4455 930 4509 maria
960 4456 1014 4510 in
1049 4465 1230 4509 monte
1256 4453 1474 4509 Sabaim
1527 4465 1742 4523 sancto,
1771 4469 1823 4510 et
1853 4457 2032 4513 veniet
2061 4472 2232 4527 usque
2259 4456 2325 4511 ad
2359 4466 2562 4527 partem
2587 4458 2726 4527 ejus.
2756 4457 2884 4513 Vul.
2946 4458 3015 4512 Et
3067 4459 3196 4528 liget
3246 4455 3431 4510 taber-

184 4551 443 4606 naculum
467 4566 624 4606 suum
653 4551 878 4620 Apaduo
904 4549 1043 4605 inter
1070 4550 1265 4616 maria,
1313 4566 1476 4621 super
1505 4560 1741 4606 mentem
1777 4551 2036 4622 inclytum
2071 4561 2125 4606 et
2156 4562 2405 4606 sanctum
2447 4571 2460 4606 :
2490 4560 2545 4608 et
2574 4553 2756 4608 veniet
2807 4567 2980 4623 usque
3022 4551 3090 4607 ad
3142 4549 3429 4605 summita-

187 4654 295 4700 tem
325 4644 465 4716 ejus.

1017 4738 1193 4797 Nota:
1228 4744 1287 4795 et
1324 4735 1510 4797 variis
1537 4735 1847 4799 lectiones
1888 4734 1965 4796 ad
1999 4751 2132 4813 cap.
2166 4735 2255 4799 XI
2280 4734 2595 4796 Danielis.

263 4841 327 4913 Υ.
360 4842 445 4897 10.
481 4844 715 4910 Ἄλλος,
742 4842 1045 4913 89%;).sz
1047 4841 1274 4898 πολλῶν.
1310 4840 1560 4897 Drusius.

1934 4839 1996 4893 V.
2030 4840 2117 4894 50.
2155 4840 2369 4895 Hieron.
2407 4858 2420 4893 :
2460 4858 2479 4890 ‹
2511 4850 2559 4894 et
2609 4841 2963 4913 percutiatur;
3010 4838 3239 4913 _sive_ut
3280 4838 3433 4894 alius

264 4912 327 4985 Υ.
368 4914 454 4967 t6.
486 4909 845 4985 Hieronymus
880 4909 896 4969 Ξ
943 4932 962 4965 ι
1004 4911 1221 4985 Terram
1263 4912 1514 4985 inclytam
1549 4913 1663 4967 sive
1698 4920 1759 4967 ut
1860 4910 2244 4985 interpretatus
2266 4912 2931 4985 est,et_conn_ninabuntur
2975 4909 3041 4963 ei.
3084 4927 3103 4960 ι
3131 4909 3262 4975 Quae
3300 4923 3425 4985 per-3

190 4983 332 5038 LXX
369 4983 700 5052 interpretati
741 4996 887 5047 sunt,
928 4984 1256 5047 voluntatis,
1320 4983 1422 5037 hoc
1463 4992 1582 5045 est,
1637 4998 1759 5051 qua:

189 5055 524 5121 complaceat
555 5054 682 5117 Deo,
707 5053 947 5107 Judaeum
983 5054 1281 5122 signiﬁcat,
1318 5061 1369 5104 et
1415 5054 1633 5119 proprie
1668 5052 1757 5107 Je-

190 5124 499 5178 rusalem...
533 5140 629 5191 pro
660 5135 800 5178 terra
825 5123 1043 5192 inclyta.
1083 5124 1224 5191 quod
1263 5123 1649 5192 interpretatus
1672 5135 1756 5178 est

190 5196 296 5263 Aq.
330 5209 490 5262 quem
522 5189 617 5248 nos
640 5196 691 5247 in
728 5196 829 5248 hoc
859 5189 977 5247 loco
1008 5189 1177 5246 secuti
1214 5189 1434 5263 sumus,
1455 5189 1754 5246 Theodotio

193 5260 373 5331 ipsum
435 5265 656 5317 verbum
710 5264 1031 5317 llebraicum
1091 5261 1272 5331 posuit
1307 5260 1486 5331 σαϐίν,
1521 5277 1620 5331 pro
1649 5278 1759 5331 quo

192 5329 348 5403 Sym.
379 5334 559 5399 vertit,
600 5345 795 5387 terram
822 5329 1171 5402 fortitudinis.
1201 5351 1237 5403 1
1277 5329 1374 5385 Ms.
1399 5329 1761 5403 _Corbeiensis

193 5400 360 5457 habet
387 5404 551 5456 sabir.
583 5400 957 5458 Theodoretus
995 5404 1142 5456 item.
1173 5400 1332 5454 Ἐνια
1356 5401 1463 5453 τῶν
1493 5402 1758 5471 ἀντιγρά-

193 5490 310 5539 φων
342 5474 399 5525 ὲν
437 5476 503 5543 τῇ
535 5477 605 5543 γῇ
646 5474 741 5526 τοῦ
792 5473 1036 5541 Σαὸαεὶμ
1075 5472 1188 5543 ἔχει
1210 5487 1225 5503 ο
1260 5471 1622 5543 τινὲςᾲδεᾼτὴν
1653 5475 1760 5525 τῶν

203 5541 690 5614 eammeam
729 5544 818 5614 εἰς
856 5542 1214 5614 τὴνἙλλάδα
1265 5541 1760 5614 μεταϐεϐληκότων,

192 5611 314 5683 γῆνξ
334 5614 599 5683 Θελήσεως
629 5611 727 5683 τὴν
758 5613 862 5681 γῆν
882 5611 974 5665 τοῦ
1006 5611 1202 5682 Σαὸεὶρ
1234 5612 1547 5683 κεκλήκασι.

269 5682 334 5738 γ.
362 5682 455 5742 29.
495 5684 557 5737 '0
587 5685 795 5753 Σύρος,
830 5683 922 5737 καὶ
952 5683 1012 5736 οὐ
1044 5683 1259 5754 ποιήσει
1291 5682 1396 5738 etc.
1433 5682 1680 5738 Drusius.

1859 4977 2033 5034 tinent
2070 4982 2137 5033 ad
2181 4996 2366 5033 vocem
2423 4979 2738 5033 llebraicam
2781 4990 2959 5043 5:43:11,
3008 4994 3116 5033 non
3146 4988 3324 5033 autem
3356 4977 3426 5031 ad

1858 5060 2011 5113 nam.
2042 5058 2101 5104 ut
2129 5050 2438 5118 suspicatus
2465 5059 2549 5104 est
2584 5049 2833 5104 Drusius.

1926 5121 2061 5173 Ibid.
2095 5120 2193 5188 Aq.
2227 5129 2280 5173 et
2308 5119 2558 5187 cogitabit
2591 5129 2697 5173 etc.
2724 5119 3103 5188 Hieronymus.

1938 5188 1997 5242 V.
2036 5190 2122 5242 51.
2154 5185 2405 5253 Ἄλλος.
2466 5190 2559 5241 καὶ
2593 5188 2893 5257 βραχίονες.
2935 5187 3175 5240 Drusius.
3232 5185 3423 5239 Iliero-

1856 5273 2051 5327 nymus
2085 5274 2209 5327 vero
2241 5275 2253 5310 :
2286 5275 2304 5307 ι
2337 5258 2442 5312 Ρι·ο
2472 5256 2717 5319 brachiis.
2761 5259 2899 5311 alius
2930 5256 3315 5327 interpretatus
3343 5266 3428 5311 est

1856 5325 2081 5382 semina.
2115 5345 2133 5370 ι
2167 5326 2344 5399 [Alius
2377 5329 2504 5398 legit
2530 5336 2702 5411 mij
2737 5325 2962 5397 bluam]

1927 5432 1991 5486 V.
2022 5434 2109 5487 '56.
2142 5435 2375 5498 Ἀλλορ,
2411 5434 2504 5485 καὶ
2523 5432 2616 5485 ἐπὶ
2640 5432 2732 5485 τὸν
2760 5430 2893 5484 Θεόν
2920 5439 3027 5486 etc.
3063 5429 3316 5486 Drusms.

1926 5521 2059 5577 lbid.
2104 5521 2364 5575 Hieron.:
2414 5540 2432 5570 α
2480 5530 2775 5590 perpetrata
2818 5522 3007 5591 quippe
3043 5520 3281 5589 deﬁnitio
3323 5531 3398 5575 est

1859 5593 1982 5647 Sive
2008 5609 2064 5647 nt
2089 5593 2245 5656 alius,
2274 5594 2329 5643 in
2361 5592 2473 5656 ipso
2503 5593 2641 5644 enim
2670 5592 2766 5644 erit
2803 5591 3212 5663 consummatio.
3252 5609 3271 5642 ι

1931 5678 1991 5732 ν.
2025 5677 2358 5734 57.1lieion.
2402 5697 2415 5731 :
2453 5697 2469 5730 ι
2503 5677 2640 5744 Quia
2677 5693 2803 5734 vero
2830 5677 2882 5734 in
2936 5676 3202 5735 Hebraieo
3228 5690 3327 5747 pro
3370 5694 3434 5735 co
