3826 6218
252 328 3295 379 W

978 565 1125 681 ΙΝ
1210 561 2051 678 PROPHETAS
2123 563 2759 680 MINORES

1601 860 2133 942 MONITUM.

311 1071 695 1142 Prophetarum
729 1070 999 1128 Minorum
1032 1070 1360 1140 Hexaplares
1395 1067 1641 1142 lectiones
1669 1068 1971 1140 collegimus
2004 1088 2067 1125 ac
2095 1071 2277 1125 multis
2299 1071 2352 1124 in
2386 1069 2516 1123 locis
2540 1068 2951 1124 restauravimus
2978 1087 3072 1141 ope
3100 1072 3485 1141 manuscripto-

234 1160 366 1198 rum
400 1139 464 1195 ac
498 1144 780 1213 editorum,
819 1160 1040 1213 quorum
1075 1139 1372 1211 cato’logum
1399 1139 1731 1213 subiicimus:

258 1278 261 1281 _
316 1212 494 1266 Codex
526 1208 844 1267 Barberinus
879 1213 1029 1278 cujus
1057 1208 1298 1267 lectiones
1324 1209 1675 1278 suppeditavit
1705 1208 1934 1281 Brianus
1972 1209 2253 1265 Waltonus
2270 1218 2415 1264 sexto
2442 1208 2867 1281 Polyglottorum
2891 1222 3052 1277 tomo,
3075 1210 3209 1266 unde
3236 1211 3483 1280 maiorm

237 1279 741 1349 interpretationum
772 1284 973 1351 copiam
1002 1284 1255 1346 eruimus,
1289 1295 1521 1351 quiantex
1551 1279 1791 1351 omnibus
1811 1281 1953 1351 aliis.

319 1351 502 1406 Codex
534 1351 955 1418 Marchalianus,
981 1370 1118 1406 nunc
1146 1351 1253 1405 RR.

315 1488 678 1546 Coislinianus
701 1491 874 1546 Codex
904 1488 1037 1545 unus
1068 1509 1139 1558 ix,
1173 1492 1251 1545 vel
1280 1508 1332 1544 x.
1371 1488 1576 1543 saeculi.

316 1562 471 1643 alter
498 1560 858 1643 Coislinjgnus
880 1562 1199 1643 itbi'EcIng
1221 1562 1484 1643 quedam.

319 1631 654 1685 Colbertinus
681 1629 787 1685 IX.
812 1633 991 1685 saeculi
1016 1629 1286 1699 attingath
1307 1632 1555 1695 scriptus.

320 1648 654 1685 Lowertmns
681 1648 787 1685 ut.
812 1648 991 1685 stecuu
1016 1649 1097 1684 στι
1139 1649 1169 1699 η

320 1700 498 1756 Codex
533 1699 1038 1755 San-Germanensis
1165 1648 1211 1753 ἥ

327 1770 582 1841 Qrigenes
606 1771 662 1841 in
692 1769 999 1841 Matthqeum
1022 1770 1178 1824 semel
1205 1769 1490 1825 adductus.

316 1838 582 1893 Eusebius
612 1840 676 1893 de
706 1840 832 1892 locis
864 1839 1161 1895 Hebraicis.

317 1907 577 1979 Ejusdem
622 1909 1011 1979 Demonstralio
1052 1907 1391 1979 Euangelica.

382 1980 677 2045 ieronymus
716 1977 776 2032 in
789 1981 1010 2032 minores
1036 1977 1349 2047 Prophetas.

319 2048 575 2117 Ejusdem
602 2047 776 2117 Epist.
810 2051 878 2101 ad
926 2048 1255 2117 Marcellam.

319 2116 672 2190 theodoretus
702 2119 772 2190 in_
784 2120 1007 2172 minores
1039 2116 1350 2190 Prophetas.

318 2184 610 2256 Procopius
637 2189 692 2241 in
725 2188 998 2242 Hesaiam.

321 2256 576 2311 Romanae
602 2259 845 2311 editionis
885 2275 947 2311 ac
974 2258 1157 2313 Drusii
1185 2267 1344 2314 notae.
1370 2261 1377 2267 ’

1337 1350 1401 1403 Ρ.
1442 1348 1789 1412 Jesuitarum,
1824 1350 1889 1403 de
1912 1367 2013 1421 quo
2037 1351 2278 1420 superius
2298 1352 2495 1421 passim
2521 1360 2698 1405 actum
2718 1360 2817 1407 est.

319 1420 497 1492 Codex
528 1420 1112 1492 RegiusBombycinus,
1138 1423 1201 1475 de
1222 1438 1323 1488 quo
1349 1420 1744 1492 swpiusAactum
1784 1430 1877 1475 est.

1217 1700 1470 1770 ieronymi
1501 1702 1555 1755 in
1583 1700 1868 1770 Prophetas
1894 1702 2138 1756 minores.

320 2324 478 2452 [Im
506 2328 783 2382 lectionum
806 2342 998 2381 natura
1032 2329 1178 2383 nobis
1218 2346 1376 2384 causa
1398 2328 1500 2398 fuit
1522 2328 1708 2384 edendi
1725 2329 2001 2398 prophetas
2027 2329 2253 2384 minores
2282 2328 2532 2384 continua
2560 2328 2714 2394 serie,
2747 2336 2805 2382 ut
2831 2327 3068 2384 dedimus
3098 2340 3261 2396 supra
3280 2327 3484 2386 Danie-

242 2396 354 2453 lem
473 2396 728 2453 anlarem.
758 2396 991 2453 Dtuan
2464 2434 2473 2446 ι

301 2396 354 2452 ni
370 2396 728 2469 hexaplarem.
758 2396 992 2470 Diuum]

1387 2636 1592 2698 OSEE
1623 2638 1878 2705 CAPUT
1912 2639 2261 2703 PRIMUM.

242 2754 562 2817 uim-33:17
639 2753 718 2822 0',
766 2754 887 2810 οὐδὲ
936 2755 995 2810 ὲν
1032 2755 1273 2812 ἱππεῦσι.
1313 2757 1553 2824 Ἄλλος,
1601 2757 1724 2812 οὐδὲ
1755 2759 1815 2813 ὲν

243 2846 514 2916 ἅρμασιν.

1990 2761 2042 2815 7.
2072 2758 2212 2815 Heb.
2237 2756 2361 2813 Val.
2388 2766 2444 2813 et
2472 2758 2526 2814 in
2543 2758 2841 2828 equitibus.
2862 2757 3028 2826 LXX,
3053 2774 3229 2830 neque
3262 2759 3314 2815 in
3331 2759 3488 2833 equi-

1922 2852 2085 2908 tibus.
2108 2850 2284 2919 Alius,
2311 2865 2490 2920 neque
2520 2851 2573 2905 in
2598 2852 2873 2907 curribus.

1783 2987 1963 3047 Nota.

318 3083 385 3139 V.
413 3085 740 3158 7._f'A.l.10c,
772 3086 896 3141 οὔτε
922 3084 982 3144 ἐν
1008 3086 1236 3158 ἅρμασι.
1269 3085 1362 3142 Sic
1407 3085 1630 3158 quidam
1663 3085 1808 3142 codi-

242 3168 340 3211 ces
364 3164 420 3211 et
452 3155 852 3213 Alexandrinus
878 3171 896 3225 ;
927 3155 1227 3227 quat—lectio
1251 3160 1338 3214 vel
1378 3155 1606 3215 alterius
1646 3158 1819 3213 inter-

1910 3086 2081 3211 pretis
2102 3097 2206 3155 est,
2240 3088 2325 3143 vel
2359 3087 2642 3143 redundat.
2672 3085 2731 3140 In
2763 3084 2989 3142 Hebraeo
3018 3100 3150 3143 sane
3172 3106 3277 3144 non
3315 3089 3482 3147 liabe-

1946 3172 2033 3211 ur.
3342 3196 3349 3201 -

1946 3172 2033 3215 ur.
3342 3196 3349 3201 -

1538 3384 1745 3448 OSEE
1779 3382 2033 3447 CAPUT
2081 3380 2136 3441 II
2152 3425 2168 3442 .

242 3487 371 3539 'Di‘l
405 3478 443 3532 2
525 3480 605 3536 ’A.
641 3481 700 3535 Σ.
724 3480 1038 3537 δικάσασθε.
1072 3486 1149 3550 Ο’,
1192 3484 1433 3557 κρίθητε.

242 3661 399 3712 tam
434 3653 468 3709 5
541 3658 605 3710 Ol
644 3658 868 3725 λοιποὶ,
923 3658 994 3712 τὰ
1042 3656 1165 3731 ἔρια
1215 3677 1337 3731 μου.
1388 3663 1469 3727 0',
1516 3662 1585 3714 τὰ
1624 3661 1815 3733 ἱμάτιά

246 3763 376 3815 μου.

242 3847 439 3898 ranam
464 3848 625 3900 mm
652 3839 711 3893 ll
790 3838 867 3908 0',
888 3840 983 3906 τὰς,
1007 3842 1299 3913 νουμηνίας
1323 3843 1512 3914 αὐτῆς.
1542 3845 1606 3900 Θ.
1627 3846 1693 3915 >κ
1717 3846 1812 3900 καὶ

243 3929 318 3981 τὰ
342 3929 586 3982 σάὸὁατα
618 3930 811 4001 αὐτῆς.

244 4003 547 4079 misi-n15
619 4020 677 4074 Σ.
708 4021 802 4075 καὶ
837 4021 905 4074 τὰ
927 4023 1323 4094 περιτραχήλια
1371 4024 1560 4095 αὐτῆς.
1610 4023 1687 4089 0',
1720 4025 1813 4079 καὶ

240 4109 317 4163 τὰ
340 4108 612 4181 καθόρμια
638 4111 826 4182 αὐτῆς.

238 4207 379 4261 TD?
416 4200 483 4254 15
542 4201 620 4280 _'0
657 4204 868 4271 Σύρος,
913 4204 1102 4276 ’Δχάρ.
1128 4209 1207 4274 0',
1252 4206 1448 4280 Ἀχώρ.

240 4297 387 4370 mpn
420 4274 573 4352 nmb
643 4292 703 4345 Σ.
761 4296 841 4358 εἰς
897 4274 1066 4365 esse»)
1122 4274 1353 4360 ὲλπίδοξ.
1398 4274 1489 4365 ⁷θ’,
1550 4297 1812 4363 διανοτξαι

241 4381 463 4437 σύνεσιν
485 4384 674 4457 αὐτῆς.
703 4386 767 4442 Θ.
800 4386 1135 4458 ἀνεῴξασθαι
1170 4389 1268 4460 τὴν
1301 4389 1578 4461 ὑπομονὴν
1610 4389 1799 4461 αὐτῆς.

240 4570 413 4626 πῃπῇ
481 4564 539 4616 Σ.
572 4564 666 4617 καὶ
686 4566 1079 4637 κακωθήσεται.
1109 4566 1185 4633 0',
1208 4567 1303 4621 καὶ
1323 4568 1806 4641 ταπεινωθήσεται.

245 4653 311 4704 Θ.
346 4654 439 4707 καὶ
469 4654 917 4727 ἀποκριθήσεται.

240 4752 432 4808 τιν-τω
503 4746 561 4801 Σ.
587 4752 651 4801 υ.
681 4748 950 4820 νεότητος.
981 4751 1058 4815 0’,
1092 4749 1415 4824 νηπιότητος
1443 4752 1634 4823 αὐτῆς.

240 4899 381 5010 ’⁸7η
400 4925 496 5010 rm
518 4901 922 5006 sema-Ns:
951 4929 1090 4982 non:
1118 4930 1304 5010 ist-apri
1328 4924 1395 4979 16
1456 4927 1534 4979 'A.
1564 4924 1806 4995 [καλέσει

247 5024 341 5077 με,
360 5008 390 5060 ὁ
410 5009 549 5079 ἀνήρ
577 5027 700 5081 μου,
736 5014 831 5066 καὶ
858 5013 918 5065 οὐ
945 5014 1162 5068 καλέσει
1191 5008 1258 5086 με
1285 5015 1386 5081 ἔτι,
1411 5015 1549 5087 ἔχων
1574 5016 1689 5089 με.]
1724 5021 1801 5082 0',

244 5099 465 5155 καλέσει
494 5118 585 5173 με,
613 5104 643 5157 ὁ
677 5103 817 5175 ἀνήρ
847 5122 971 5176 μου,
996 5106 1091 5160 καὶ⁸
1109 5106 1169 5160 οὐ
1198 5105 1413 5160 καλέσει
1443 5123 1511 5176 με
1546 5106 1642 5172 ἔτι,
1667 5107 1802 5177 βαα-

243 5192 392 5262 λεέμ.

240 5374 403 5452 amb
428 5397 717 5455 nimam
788 5392 823 5448 8
905 5392 986 5448 Ἀ.
1046 5392 1140 5447 καὶ
1188 5392 1436 5465 κοιμήσω
1485 5394 1681 5457 αὐτοὺς
1730 5395 1811 5459 εἰς

1980 3480 2036 3533 2.
2071 3478 2201 3533 lleh.
2238 3474 2565 3531 contendite.
2594 3474 2661 3528 A.
2695 3474 2755 3530 8.
2780 3476 3099 3547 disceptate.
3144 3473 3306 3542 LXX,
3334 3474 3485 3547 judi-

1913 3569 2131 3625 cemini.
2172 3566 2294 3621 Vul.
2322 3566 2587 3636 iudicate.

1982 3660 2036 3714 5.
2080 3658 2239 3713 Hebr.
2272 3655 2395 3711 Vul.
2430 3657 2610 3711 lanam
2636 3671 2835 3711 meam.
2863 3655 3089 3728 Reliqui,
3125 3657 3280 3714 lanas
3303 3672 3476 3715 meas.

1912 3748 2078 3813 LXX,
2119 3749 2441 3802 vestimenta
2473 3761 2614 3800 mea.

1984 3842 2071 3895 11.
2106 3838 2173 3893 Η.
2206 3837 2328 3893 Vul.
2361 3838 2701 3893 neomeniam
2745 3836 2863 3907 ejus
2906 3845 2961 3893 et
2995 3838 3284 3894 sabbatum
3341 3840 3482 3910 ejus.

1912 3930 2077 3995 LXX,
2114 3929 2430 3984 neomenias
2454 3926 2593 3996 ejus.
2628 3925 2731 3980 Th.
2771 3934 2825 3981 et
2850 3927 3071 3982 sabbata
3096 3928 3235 3997 ejus.

1981 4021 2067 4075 15.
2094 4020 2158 4075 Η.
2197 4018 2316 4072 Vul.
2348 4026 2403 4073 et
2436 4017 2625 4074 monili
2656 4032 2775 4074 suo.
2812 4016 2872 4072 S.
2905 4018 3128 4073 collaria
3157 4035 3277 4074 sua.
3320 4018 3485 4082 LXX,

1908 4115 1964 4164 et
1984 4108 2211 4162 monilia
2241 4122 2361 4161 sua.

1979 4202 2068 4256 15.
2102 4200 2239 4256 Heb.
2265 4197 2431 4265 LXX,
2470 4197 2588 4253 ναι.
2623 4198 2823 4255 Acbor.
2853 4198 3042 4269 Syrus,
3074 4200 3273 4255 Achar.

1984 4291 2119 4347 Heb.
2159 4291 2218 4346 S.
2256 4292 2313 4346 in
2353 4292 2554 4347 ostium
2626 4292 2763 4361 spei.
2805 4290 2971 4360 LXX,
3020 4292 3085 4345 ad
3141 4293 3485 4361 aperiendam

1910 4384 2325 4455 intelligentiam
2356 4384 2498 4453 ejus.
2531 4383 2636 4438 Th.
2674 4384 2741 4438 ad
2773 4383 3119 4454 aperiendum
3167 4384 3484 4453 patientiam

1908 4474 2049 4545 ejus.
2092 4472 2215 4528 Vul.
2247 4473 2314 4528 ad
2341 4473 2692 4543 aperiendam
2729 4488 2903 4543 spem.

1980 4563 2143 4619 Hebr.
2186 4562 2288 4618 Th.
2321 4572 2377 4618 et
2410 4564 2780 4633 respondebit.
2813 4563 2872 4619 8.
2905 4573 2960 4620 et
3000 4563 3285 4635 adligetur.
3320 4562 3484 4631 LXX,

1908 4655 2303 4711 humiliabitur.
2338 4653 2490 4724 Vulg.
2518 4664 2695 4710 canet.

1986 4748 2117 4805 Heb.
2148 4749 2635 4804 adulescentiarum
2658 4765 2905 4804 suarum.
2936 4747 2994 4804 8.
3020 4748 3123 4803 Th.
3150 4747 3272 4804 Yul.
3291 4748 3487 4820 juven-

1916 4842 2065 4898 tutis.
2099 4837 2266 4903 LXX,
2301 4841 2550 4895 infantiae
2575 4855 2709 4895 sum.

1982 4929 2067 4983 16.
2097 4928 2231 4984 Heb.
2264 4927 2496 4984 Vocabis
2522 4930 2651 4999 (me)
2679 4948 2692 4983 :
2728 4927 2823 4982 Vir
2860 4942 3035 4995 meus,
3068 4938 3121 4985 et
3169 4944 3278 4983 non
3304 4943 3477 4985 voca-

1912 5020 1994 5075 bis
2044 5035 2130 5074 me
2170 5020 2310 5075 ultra
2346 5018 2517 5074 Baali.
2568 5025 2633 5074 A.
2683 5022 2897 5076 vocabit
2929 5037 3035 5086 me,
3082 5024 3164 5076 vir
3204 5038 3381 5087 meus,
3430 5032 3484 5077 et

1908 5126 2019 5167 non
2039 5113 2251 5169 vocabit
2278 5129 2385 5178 me,
2419 5114 2560 5169 ultra
2577 5113 2782 5169 habens
2806 5129 2911 5168 me.
2930 5112 3093 5177 LXX,
3135 5113 3483 5177 Vocabitme,

1912 5203 2008 5259 Vir
2031 5220 2205 5270 meus,
2223 5215 2277 5258 et
2305 5220 2413 5258 non
2432 5205 2648 5261 vocabit
2669 5222 2755 5260 me
2780 5205 2943 5268 ultra,
2967 5204 3199 5259 Baalim.
3222 5203 3345 5257 Vul.
3369 5204 3481 5259 Vo-

1908 5295 2054 5352 cabit
2083 5310 2190 5361 me,
2217 5296 2298 5349 vir
2325 5311 2500 5361 meus,
2522 5305 2576 5350 et
2604 5311 2712 5350 non
2731 5295 2944 5350 vocabit
2977 5310 3064 5351 me
3099 5295 3261 5362 ultra,
3285 5295 3453 5349 Baali.

1978 5385 2065 5440 18.
2096 5383 2260 5441 Hebr.
2295 5395 2350 5441 et
2383 5387 2702 5442 recumbere
2727 5386 2925 5441 faciam
2956 5401 3050 5442 eos
3080 5387 3136 5441 in
3171 5387 3387 5442 ﬁducia.
3410 5386 3478 5441 A.

241 5480 589 5552 πεποίθησιν.
615 5483 674 5537 Σ.
700 5483 794 5537 καὶ
817 5484 1126 5554 κατοικήσω
1158 5483 1252 5552 (al.
1280 5483 1597 5554 κατοικίσω)
1615 5484 1811 5548 αὐτοὺς

1950 5475 2222 5531 tdormire
2254 5476 2449 5531 faciam
2476 5491 2572 5532 eos
2600 5477 2655 5531 in
2686 5476 2903 5532 ﬁducia.
2947 5476 3006 5533 8.
3034 5486 3087 5533 et
3126 5478 3371 5533 habitare
3402 5478 3479 5533 fa-

244 5570 303 5622 ἑν
337 5569 548 5640 εἰρήνῃ.
582 5570 659 5635 0',
695 5570 788 5625 καὶ
836 5571 1097 5625 κατοικιῶ
1130 5588 1190 5625 σε
1219 5572 1306 5626 ἐπ’
1355 5571 1548 5627 ἑλπίδι.
1598 5573 1660 5626 Θ.
1710 5573 1804 5628 καὶ

246 5658 506 5713 κατοικιῶ
527 5661 723 5726 αὐτοὺς
752 5664 808 5716 ὲν
841 5662 1180 5732 πεποιθήσει.

1910 5569 2049 5623 ciam
2064 5568 2229 5623 eosin
2250 5583 2402 5637 pace.
2430 5566 2593 5633 LXX,
2618 5577 2673 5624 et
2702 5569 2947 5625 habitare
2975 5579 3033 5626 te
3060 5569 3254 5625 faciam
3284 5571 3338 5625 in
3357 5585 3473 5642 spe.

1911 5656 2015 5711 Th.
2040 5665 2094 5711 et
2134 5656 2383 5711 habitare
2403 5657 2598 5711 faciam
2640 5671 2735 5714 eos
2763 5658 2818 5714 in
2851 5659 3070 5717 ﬁducia.
3109 5659 3233 5718 Val.
3265 5670 3317 5719 et
3343 5660 3454 5718 (lor|

1913 5750 2045 5806 mire
2070 5761 2165 5805 eos
2192 5747 2386 5805 faciam
2416 5748 2757 5808 ﬁducialiter.
