3826 6218
229 261 372 315 ῑῧῦὅ

228 357 328 408 καὶ
346 350 556 421 πεύκην
580 349 676 404 καὶ
708 348 975 404 πλάτανον
997 337 1443 408 έπισκιάζόυσαν.
1472 336 1551 399 0',
1576 337 1640 401 Θ,
1670 335 1803 387 ὑπο-

227 446 383 501 κάτω
411 443 568 517 δρυὸς
600 442 685 514 (Θ.
723 440 895 510 κάτω)
925 440 1023 495 καὶ
1049 438 1250 500 λεύκης
1291 435 1377 508 (Θ.
1409 430 1665 502 πεύκης),
1710 425 1806 481 καὶ

228 538 450 609 δένδρου
484 535 890 601 συσκιάζοντας.

228 808 387 860 THE,
419 799 486 854 M
571 798 653 853 Ἀ.
681 793 1024 868 έχωρίζοντο.
1056 795 1116 847 Σ.
1149 789 1522 864 ἠκολούθησαν
1572 791 1651 851 0',
1691 802 1809 839 συν·

231 892 513 964 εφῦροντο.
540 890 603 945 Θ.
630 886 1118 959 κατηριθμὴθησαν

228 1076 380 1149 Ἰᾮτν
407 1074 779 1149 ΠΊΠΠῬΤΕὩΊ
861 1062 944 1117 Ἀ.
966 1062 1063 1115 καὶ
1085 1057 1224 1129 μετὰ
1253 1056 1364 1112 τῶν
1394 1051 1809 1126 ἐνηλλαγμένων

234 1144 334 1230 (ai.
364 1144 812 1231 διηλλαλίμένων).
844 1157 903 1211 Σ.
934 1155 1025 1209 καὶ
1067 1152 1206 1225 μετὰ
1258 1151 1367 1205 τῶν
1395 1146 1679 1219 ἑταιρίδων
1710 1144 1807 1215 (al.

232 1254 605 1323 ἀκαθάρτων).
636 1253 711 1316 0',
758 1251 853 1303 καὶ
883 1248 1022 1320 μετὰ
1052 1248 1161 1300 τῶν
1200 1243 1601 1314 τετελεσμένων
1631 1237 1807 1293 ἔθυον.

231 1346 297 1400 Θ.
329 1346 426 1400 καὶ
443 1345 579 1417 μετὰ
608 1344 713 1398 τῶν
745 1340 1173 1414 κεχωρισμένων
1206 1339 1303 1410 (al.
1333 1336 1555 1399 καὶτοῖς
1586 1329 1809 1404 βδελύτ-

236 1438 424 1510 μασιν)
448 1436 625 1491 ἔθυον.

227 1548 384 1600 mw
418 1519 687 1598 nem-5a
716 1519 903 1595 5mm
946 1542 1066 1593 .‘ms
1100 1542 1313 1591 nrt-DN
1358 1530 1425 1585 15
1510 1529 1589 1583 Ἀ.
1638 1528 1698 1581 Σ.
1743 1526 1805 1579 Θ.

230 1633 311 1698 E',
360 1635 407 1685 ει
462 1628 747 1701 πορνεύεις
788 1631 852 1682 σὺ
906 1627 1157 1698 Ἰσραὴλ,
1206 1625 1280 1697 μὴ
1332 1609 1812 1694 συμπλημμελήσῃ

231 1723 428 1779 Ἰούδα.
457 1726 535 1786 0',
566 1722 631 1776 σὺ
664 1721 722 1775 δὲ
764 1720 981 1793 Ἰσραὴλ
1011 1719 1087 1791 μὴ
1132 1718 1353 1798 ᾲγνόει,
1396 1717 1492 1772 καὶ
1530 1715 1701 1771 Ἰούδα
1738 1716 1813 1787 μὴ

230 1811 640 1885 εἰσπορεύεσθε.

227 1977 318 2055 pro:
340 1976 444 2027 mn
526 1968 604 2020 Ἀ.
652 1966 715 2020 Θ.
765 1960 913 2019 οἷκον
966 1963 1238 2035 ἀνωφελῆ.
1278 1963 1338 2019 Σ.
1396 1958 1545 2017 οἷκον
1602 1962 1809 2025 ἀθεῖας.

244 2060 310 2111 Ὀ
339 2059 559 2126 Σύρος,
615 2056 871 2128 βηθαυέν.
920 2059 998 2121 0’,
1027 2054 1174 2111 οἷκον
1208 2058 1325 2111 Ὢν.
1368 2055 1425 2111 In
1476 2056 1810 2119 Barbet‘ino;

248 2150 329 2203 Ἀ.
366 2151 425 2202 Σ.
462 2149 525 2203 Θ.
551 2144 700 2203 οἶκον
729 2148 1058 2218 ἀνωφελοῦς.

233 2251 399 2299 nunc
425 2252 504 2299 an
531 2223 725 2299 15-an
753 2248 939 2302 omni:
968 2250 1150 2304 cum
1176 2250 1317 2302 nun
1346 2240 1409 2295 t7
1486 2241 1544 2294 Σ.
1571 2242 1647 2307 E',
1680 2240 1815 2312 ἠνώ-

234 2330 306 2401 Οη
335 2330 571 2395 εἰδώλοις
609 2332 851 2403 Ἐφραῒμ
893 2374 905 2386 .
953 2372 967 2387 .
1011 2375 1025 2388 .
1062 2375 1076 2389 .
1111 2332 1362 2386 ἐπέκλινε
1390 2332 1708 2402 συμπόσιον.
1733 2332 1813 2397 0’,

237 2425 468 2494 μέτοχος
495 2423 726 2477 εἰδώλων
770 2424 1031 2497 Ἐφρατμ,
1067 2425 1265 2497 έθηκεν
1306 2423 1483 2496 ἑαυτῷ
1520 2424 1811 2490 σκάνδαλα,

234 2513 460 2587 ᾑρέτισε
483 2515 840 2580 Χαναναίους.

235 2800 439 2853 W533:
459 2802 601 2852 mihi
622 2803 723 2853 rm
745 2804 866 2853 '1'th
905 2794 972 2849 19
1046 2796 1101 2848 Σ.
1125 2795 1314 2867 ἔδησεν
1349 2795 1550 2867 ἄνεμον
1586 2798 1644 2850 ὲν
1681 2797 1813 2851 πτέ-

243 2880 397 2952 ρυξιν
425 2882 626 2953 ἀνέμου
648 2883 707 2954 (l.
739 2882 949 2953 αὐτοῦ).
979 2884 1058 2951 0’,
1088 2884 1363 2957 συστροφὴ
1396 2886 1707 2957 πνεύματος
1744 2887 1810 2941 σὺ

239 2965 293 3025 ei
327 2972 386 3026 ὲν
408 2973 528 3037 ταῖς
553 2972 812 3045 πτέρυξιν
842 2973 1034 3045 αὐτῆς.

1587 170 1766 294 081⁸311ἓέ
1812 232 2040 292 CAPUT
2080 231 2146 287 ν.

3336 227 3478 283 29M

1905 329 2107 399 popqu
2131 338 2184 382 et
2209 325 2542 381 terebintho.
2579 324 2637 379 S.
2678 323 2872 378 subtus
2902 336 3161 391 quercum
3201 332 3256 378 et
3291 323 3477 391 pinum

1904 431 1961 477 et
1999 422 2276 491 platanum
2306 417 2749 472 obumbruutcm.
2780 414 2947 479 LXX,
2990 414 3094 468 Th.
3143 416 3245 469 sub
3274 430 3481 482 quercu

1903 526 1958 569 et
1976 511 2176 583 populo
2196 510 2322 582 (Th.
2344 510 2562 581 pino)et
2579 509 2773 564 arbore
2798 508 3178 561 adumbrante.
3206 503 3326 559 ναι.
3350 506 3484 560 sub-

1907 615 1994 662 tus
2023 620 2284 675 quercum
2311 643 2325 668 ,
2390 611 2445 657 et
2498 600 2756 673 populum
2785 638 2800 665 ,
2837 610 2891 653 et
2930 598 3289 654 tercbinthum
3316 637 3333 665 ,
3354 595 3482 667 quia

1906 698 2048 752 bona
2090 703 2211 751 erat
2238 693 2429 748 umbra
2461 693 2603 763 ejus.

1978 789 2066 842 14.
2100 786 2266 841 Hebr.
2291 785 2695 840 diviseruutse.
2736 784 2799 836 A.
2833 780 3246 851 separabantur.
3304 775 3362 830 S.
3393 790 3482 831 se-

1905 879 2057 948 quuti
2086 886 2234 933 sunt.
2274 875 2440 941 LXX,
2464 874 2985 930 commiscebantur.
3020 871 3123 925 Th.
3185 883 3486 927 conuume—-

1906 969 2010 1023 rati
2042 978 2191 1041 sunt.
2220 966 2346 1022 Vul.
2373 968 2869 1022 conversabantur.

1979 1058 2046 1112 H.
2079 1067 2134 1113 et
2163 1073 2288 1113 cum
2322 1056 2519 1111 scortis
2544 1042 3010 1111 sacriﬁcaverunt.
3039 1051 3103 1109 Α.
3137 1060 3191 1103 ct
3224 1064 3347 1105 cum
3384 1048 3487 1102 im-

1909 1148 2153 1204 mutatis.
2175 1146 2235 1202 8.
2275 1161 2401 1201 cum
2437 1144 2839 1209 meretricibus,
2881 1144 2998 1197 sive
3043 1139 3292 1209 impuris.
3321 1134 3483 1197 LXX,

1908 1252 2109 1297 etcum
2154 1238 2384 1294 initiatis
2433 1238 2812 1292 immolabant.
2856 1233 2959 1289 Th.
3018 1248 3142 1287 cum
3196 1229 3485 1298 separatis,

1911 1331 2004 1400 (al.
2042 1345 2168 1385 cum
2198 1326 2721 1396 abominationibus)
2741 1325 3115 1381 immolabant.
3146 1321 3268 1377 Vul.
3284 1331 3339 1377 et
3361 1336 3488 1376 cum

1910 1422 2236 1478 eﬂ'eminatis
2270 1420 2673 1476 sacriﬁcabant.

1974 1515 2061 1571 15.
2088 1513 2221 1569 H.Si
2249 1512 2526 1568 fornicans
2554 1520 2611 1565 tu
2644 1508 2831 1575 Israel,
2884 1522 2953 1562 ne
3001 1506 3285 1575 delinquat
3325 1500 3487 1556 Juda.

1911 1609 1978 1661 A.
2011 1605 2069 1661 S.
2097 1605 2199 1659 Th.
2236 1604 2301 1671 Υ,
2338 1602 2394 1656 Si
2430 1601 2719 1656 fornicaris
2750 1608 2807 1654 tu
2842 1598 3029 1661 Israel,
3075 1612 3143 1651 ne
3172 1611 3279 1650 una
3313 1594 3491 1649 delin-

1911 1704 2044 1766 quat
2094 1693 2256 1750 Juda.
2314 1691 2479 1758 LXX,
2526 1691 2608 1755 Tu
2638 1700 2819 1747 autem
2855 1688 3020 1744 lsrael
3066 1704 3132 1743 ne
3179 1689 3417 1755 ignores,
3435 1695 3492 1741 et

1912 1789 2049 1845 Juda
2082 1805 2150 1845 ue
2179 1785 2581 1859 ingrediamini.
2617 1784 2743 1841 Vul.
2778 1784 2834 1839 Si
2865 1784 3158 1840 fornicaris
3198 1794 3255 1837 tu
3307 1782 3489 1848 Israel,

1914 1895 2026 1934 non
2060 1879 2343 1947 delinquat
2365 1878 2560 1932 saltem
2587 1876 2616 1931 J
2626 1878 2751 1931 uda.

1982 1970 2115 2025 lleh.
2145 1968 2333 2040 Syrus,
2354 1967 2506 2038 Vulg.
2536 1968 2863 2022 Betti—aven.
2895 1966 2959 2020 A.
2984 1966 3087 2019 Th.
3117 1963 3343 2018 domum
3368 1962 3495 2016 inu-

1913 2063 2081 2118 tilem.
2101 2061 2156 2115 S.
2176 2063 2398 2116 domum
2417 2061 2729 2131 impietatis.
2745 2057 2907 2124 LXX,
2927 2057 3149 2111 domum
3166 2054 3270 2109 Ou.
3289 2053 3494 2108 Barbe-

1914 2156 2018 2207 riu.
2044 2150 2186 2205 A.S.
2210 2150 2316 2203 Th.
2348 2148 2819 2203 domuminutilis.
2872 2140 2885 2151 ’

1986 2243 2072 2298 17.
2111 2241 2277 2296 l-Iebr.
2303 2242 2487 2295 socius
2521 2240 2770 2319 dolorum
2797 2234 3295 2307 Lphraim.tlimitte
3320 2248 3443 2288 eum
3477 2250 3490 2287 :

1913 2335 2139 2390 recessit
2162 2343 2325 2403 potus
2347 2347 2560 2387 eorum.
2589 2330 2647 2385 S.
2676 2330 2743 2395 Υ,
2763 2331 2948 2384 unitus
2992 2326 3248 2381 estidolis
3290 2323 3497 2394 Ephra—

1914 2429 2032 2483 im..
2058 2426 2350 2482 declinavit
2380 2425 2715 2479 convivium.
2743 2422 2907 2486 LXX,
2929 2421 3198 2489 particeps
3228 2418 3496 2472 idolorum

1914 2519 2197 2590 Ephraim,
2223 2517 2403 2587 posuit
2426 2517 2528 2571 sibi
2559 2516 2659 2587 ipsi
2687 2515 2963 2576 scandala,
3000 2510 3313 2581 provocavit
3354 2509 3497 2565 Cha-

1918 2625 2159 2666 nauticos.
2198 2608 2318 2663 Vul.
2347 2608 2618 2679 particeps
2651 2606 2924 2662 idolorum
2966 2601 3222 2673 Ephraim
3245 2642 3260 2668 ,
3286 2599 3498 2655 dimitte

1913 2716 2061 2755 eum.
2088 2699 2410 2769 Separatum
2444 2706 2531 2753 est
2564 2698 2881 2754 convivium
2910 2710 3124 2750 eorum.

1992 2814 2081 2870 19.
2117 2812 2257 2870 Heb.
2285 2813 2472 2884 ligavit
2501 2812 2729 2884 spiritus
2763 2826 2885 2865 eam
2908 2811 2962 2865 in
2994 2809 3095 2864 alis
3126 2807 3262 2863 suis.
3287 2803 3345 2860 8.
3366 2804 3497 2875 liga-

1917 2907 1997 2961 vit
2042 2915 2266 2960 ventum
2312 2904 2366 2959 in
2406 2904 2508 2960 alis
2554 2903 2691 2959 suis.
2731 2900 2896 2967 LXX,
2952 2900 3111 2954 turbo
3156 2896 3384 2968 spiritus
3442 2904 3499 2949 tu

1918 3014 1979 3053 es
2012 2997 2067 3051 iu
2095 2998 2197 3053 alis
2225 2997 2367 3067 ejus.
2428 2994 2555 3050 Vul.
2587 2995 2776 3066 ligavit
2830 3008 2956 3048 eum
3011 2990 3239 3061 spiritus
3298 2987 3353 3043 in
3401 2985 3505 3042 alis

1918 3105 2053 3145 SUIS.

1130 3194 1306 3254 Notae
1334 3199 1396 3253 et
1427 3191 1618 3253 varia;
1668 3191 1982 3258 lectiones
2012 3197 2089 3259 ad
2116 3213 2251 3275 cap.
2297 3198 2384 3258 IV
2424 3197 2618 3259 Osee.

315 3292 379 3349 ν.
408 3296 493 3351 15.
524 3297 627 3361 ’Λ.,
645 3293 904 3349 ὑποκάτω
925 3293 1082 3364 δρυός
1105 3303 1211 3350 etc.
1238 3295 1350 3349 Has
1372 3294 1633 3350 lectiones
1657 3295 1813 3350 exhi-

239 3365 334 3420 bet
358 3364 706 3422 Barberiuus.

320 3433 382 3489 ν.
412 3438 497 3491 14.
533 3436 793 3490 Similiter
841 3433 1005 3487 trium
1040 3432 1303 3489 lectiones
1327 3448 1395 3489 ex
1424 3433 1743 3489 Barberino.

317 3504 449 3577 ibid.
503 3507 608 3567 ’A.,
635 3502 771 3577 μετὰ
798 3502 1147 3577 τῷν-ἐνίοις.
1183 3503 1433 3559 Drusius.

321 3572 803 3644 llieronymnisgqc
843 3572 1132 3628 Sciendum
1180 3583 1361 3628 autem
1410 3573 1553 3642 quod
1599 3574 1653 3628 in
1677 3589 1818 3644 prte-

243 3647 387 3700 seuti
410 3642 793 3705 CADESOTH,
817 3645 1133 3707 meretrices,
1161 3644 1383 3714 ἱερείας,
1418 3644 1455 3697 i.
1490 3660 1540 3697 e.
1563 3642 1815 3699 sacerdo-

242 3726 326 3770 tes
368 3715 563 3787 Priapo
589 3715 926 3787 maneipatas
957 3724 1163 3787 vocet;
1177 3714 1245 3787 _|_n_
1275 3715 1394 3787 aliis
1445 3724 1625 3787 autem
1653 3714 1815 3787 _loeis

243 3789 383 3841 viros
415 3782 647 3840 exsectos
678 3784 919 3849 libidine,
945 3782 1245 3855 CADESIM
1287 3784 1536 3855 legimus,
1566 3783 1701 3840 Isaia
1734 3786 1817 3838 di-

246 3865 406 3911 cente
438 3872 451 3908 :
504 3866 552 3911 et
592 3856 833 3909 itlusores
870 3854 1283 3926 dominabuntur
1318 3854 1533 3920 eorum;
1576 3868 1673 3923 pro
1704 3870 1815 3926 quo

246 3928 300 3980 iu
331 3926 556 3980 Hebraeo
587 3926 806 3989 dicitur,
854 3934 902 3978 et
940 3922 1241 3978 CADESIM
1277 3922 1691 3979 dominabuntur
1722 3922 1817 3980 ξο-

246 4013 389 4059 rum,
417 3996 559 4064 quod
588 4009 690 4051 nos
734 3994 789 4048 in
831 3994 1159 4062 e/feminatos
1207 3995 1492 4049 vertimus.
1523 4000 1588 4049 A.
1632 4002 1813 4049 autem

245 4066 731 4137 ὲνδιηλλαγμένους
780 4064 1167 4137 interpretans,
1220 4065 1259 4118 i.
1305 4078 1357 4120 e.
1406 4074 1657 4129 mutatos,
1716 4067 1817 4120 hoc

246 4136 547 4191 ostendere
573 4136 764 4199 voluit,
795 4136 936 4203 quod
967 4148 1123 4189 suam
1168 4143 1418 4189 naturam
1468 4137 1813 4201 mutaverint,

244 4216 301 4260 et
336 4206 402 4261 de
431 4206 563 4261 viris
610 4204 735 4261 facti
770 4204 879 4259 sint
911 4204 1143 4275 feminae.
1203 4204 1259 4259 S.
1296 4204 1573 4272 ὲταιρίόας
1603 4205 1815 4275 proprie

245 4279 545 4329 meretrices
602 4274 911 4347 appellavit.
954 4273 1096 4327 LXX
1127 4315 1143 4339 ,
1196 4273 1633 4347 τετελεσμένους,
1668 4273 1718 4329 ἰξ
1761 4290 1812 4328 e.

245 4358 577 4400 consecratos
604 4358 657 4401 et
676 4346 947 4408 initiatos,
974 4353 1036 4399 ut
1065 4347 1301 4399 cultores
1324 4346 1593 4399 idolorum
1624 4356 1814 4399 osten-

244 4415 441 4471 derent
469 4433 482 4469 :
518 4415 877 4481 Theodotion,
908 4414 1370 4486 κεχωρισμένους.
1408 4415 1459 4486 i.
1480 4430 1529 4469 e.
1561 4431 1593 4467 a
1626 4414 1815 4483 populo

244 4496 519 4553 separatos
538 4496 643 4542 etc.
683 4506 703 4540 ι
724 4487 815 4542 Sic
844 4501 910 4539 ex
935 4483 1311 4555 Hieronymo:
1331 4483 1658 4555 Subiunctas
1686 4498 1815 4538 vero

245 4556 512 4611 lectiones
551 4572 707 4611 versu
741 4556 806 4611 15
836 4553 1152 4609 mutuamur
1175 4570 1241 4609 ex
1285 4553 1600 4609 Barberino.

319 4626 385 4681 ν.
412 4627 499 4681 15.
541 4628 643 4691 Ἃ..
675 4621 926 4687 Θ.,οἷκον
947 4624 1198 4695 ἀνωφελῆ
1225 4635 1329 4680 etc.
1488 4625 1585 4678 has
1622 4624 1812 4679 lectio-

248 4711 351 4751 nes
379 4696 625 4752 conl'udit
655 4696 1002 4759 Barberinus,
1050 4695 1142 4765 qui
1166 4693 1374 4765 k‘tribus
1391 4693 1815 4765 ﬂlnterpretibus

246 4781 417 4821 unam
469 4769 777 4823 versionem
815 4762 1097 4822 adscribit.
1153 4762 1339 4821 Codex
1391 4762 1525 4836 Reg.
1553 4762 1696 4820 unus
1747 4779 1814 4820 ex

1919 3296 2281 3381 Theodoreto,
2316 3298 2344 3349 ὁ
2378 3296 2614 3381 μὲχγτᾲρ
2650 3294 2767 3381 Ἀπε.
2790 3287 3226 3381 καὶὶὸηρηοϊέον
3247 3289 3499 3381 ῥιγωφελῆ

1916 3368 2348 3437 ἡρμηνεύκασιν,
2379 3361 2415 3418 ’ὁ
2442 3361 2663 3437 semp.
2699 3363 2846 3437 οἷκον
2874 3363 3101 3437 λὰθεῖαε.
3131 3361 3501 3437 δῇῃίιίιθιῃιιε

1916 3428 1971 3490 iii
1996 3428 2240 3491 editione
2291 3437 2452 3490 Rom.
2504 3436 2559 3489 in
2604 3428 2754 3491 notis
2785 3435 2979 3504 legitur
2998 3432 3114 3504 gat
3166 3430 3304 3504 Σύμ.
3351 3428 3502 3504 οἷκον

1915 3505 2124 3577 seem,
2158 3507 2399 3577 pergitur
2430 3506 2628 3577 ibidem
2659 3522 2726 3559 ex
2763 3500 2957 3577 eodem
2997 3500 3360 3577 Theodoreto,
3404 3503 3501 3555 καὶ

1914 3576 1943 3629 ὁ
1982 3571 2241 3647 Σύρρξδὲ
2257 3571 2396 3630 αὐτὸ
2428 3575 2491 3647 σεδ
2532 3574 2820 3647 Ἑϐραῖκὸν
2850 3573 3096 3647 τέθεικεν
3140 3571 3335 3641 ὄνομα.
3377 3587 3503 3642 quae

1916 3640 2145 3715 nota'in
2195 3650 2388 3701 eodem
2441 3644 2609 3715 Regio
2630 3640 2897 3700 habetur.
2952 3640 3050 3715 His
3092 3656 3201 3715 non
3230 3640 3502 3715 Consonat

1916 3714 2138 3786 llierou.
2191 3716 2247 3771 in
2292 3709 2603 3771 Comment.
2638 3717 2733 3786 qui
2780 3716 2858 3769 ait
2890 3730 2957 3786 :_«
2993 3713 3102 3786 Pro
3128 3709 3409 3786 gemeam
3441 3713 3499 3767 in

1914 3785 2244 3869 qui-busdam
2269 3779 2696 3869 exemplaribus,
2716 3796 2770 3839 et
2795 3782 3106 3869 maximejun
3128 3779 3501 3869 Thgodotiqne

1915 3848 2131 3922 legitur,
2161 3860 2347 3912 domus
2373 3848 2704 3926 iniquitatis;
2732 3855 2880 3926 quod
2898 3851 3108 3926 LAquila
3141 3861 3195 3905 et
3222 3848 3392 3926 Sym._
3411 3852 3498 3905 itt-

1915 3920 2197 3994 terpretati
2230 3934 2357 3981 sunt
2383 3920 2605 3982 domum
2645 3920 3056 3994 ἀνωφελοῦςζὴ]
3085 3930 3188 3985 est,
3231 3920 3495 3985 inutilem,

1913 4010 2032 4067 quae
2059 3996 2198 4067 nihil
2226 3996 2419 4067 prosit,
2451 4004 2506 4051 et
2529 3996 2637 4067 alio
2668 3998 2834 4067 verbo
2856 3994 3057 4048 idolum
3082 3997 3447 4060 nuucupetur.
3474 4012 3493 4042 ι

1914 4063 1970 4117 lu
2008 4074 2155 4120 tanta
2188 4063 2482 4122 lectionum
2515 4066 2778 4121 varietate
2822 4065 3020 4123 haereo.
3060 4072 3114 4115 et
3150 4073 3329 4114 tamen
3364 4070 3499 4129 puto

1912 4134 2044 4190 illud
2067 4136 2150 4199 2.,
2182 4132 2332 4190 οἷκον
2352 4135 2541 4199 ἀοεῖας
2559 4137 2726 4200 probe
2742 4145 3009 4190 assertum
3036 4142 3091 4186 et
3109 4132 3330 4201 γνήσιον
3352 4146 3493 4201 esse.

1913 4203 2079 4260 Notes
2116 4216 2296 4261 autem
2326 4206 2512 4270 velim,
2542 4199 2673 4261 illud
2710 4204 3024 4273 Hieronymi
3062 4199 3131 4255 de
3176 4199 3496 4273 nominibus

1913 4274 2195 4331 Hebraicis
2232 4293 2246 4331 :
2272 4295 2290 4328 ι
2318 4274 2421 4343 0n,
2450 4268 2642 4330 civitas
2668 4268 2976 4343 Samaria}:
3004 4286 3111 4343 pro
3135 4286 3251 4343 _qua
3297 4270 3351 4323 in
3385 4268 3495 4324 He-

1914 4345 2103 4400 braico
2131 4339 2521 4415 scriptum’est
2550 4343 2694 4399 AUN
2735 4346 2881 4413 quod
2924 4339 3091 4397 Afet
3131 4339 3189 4395 8.
3228 4343 3495 4415 interpre-

1914 4424 2099 4469 tantur
2130 4410 2341 4481 inut'ile,
2372 4415 2502 4485 Tb.,
2531 4410 2889 4485 iniquitatem,
2914 4431 2939 4485 _)
2970 4428 3076 4485 non
3105 4425 3406 4485 repugnare
3428 4410 3496 4465 iis

1954 4500 2036 4554 υω
2087 4501 2251 4554 supra
2304 4480 2371 4540 ex
2421 4480 2827 4554 Commentario
2878 4483 3122 4554 ejusdem
3170 4480 3489 4554 attulimus.

1913 4501 2036 4607 Ἡλίω
2087 4501 2251 4554 supra
2304 4501 2371 4540 ex
2421 4501 2827 4540 uommentarto
2878 4501 3122 4552 ejusuem
3186 4501 3489 4534 auuumus.

1920 4624 1933 4631 _
1971 4571 2054 4608 am
2092 4557 2143 4609 in
2168 4558 2289 4631 loco
2314 4555 2383 4611 de
2405 4554 2719 4631 nominibus
2751 4552 3035 4631 Hebraicis
3054 4550 3276 4631 iamiam
3307 4549 3490 4613 allato.

1920 4624 2407 4695 interpretationes
2438 4623 2559 4679 illas
2597 4622 2771 4695 adfert
2802 4639 2923 4693 qua:
2964 4617 3217 4695 iu__1ibris
3248 4617 3411 4695 Josue
3439 4631 3493 4674 et

1923 4690 2132 4764 Regum
2190 4694 2594 4763 usurpabautur
2638 4694 2706 4749 ab
2752 4690 3184 4764 interpretibus:
3242 4690 3336 4760 qui
3381 4705 3492 4745 non

1924 4762 2139 4835 semper
2168 4765 2223 4820 in
2261 4762 2506 4819 vertendi
2536 4764 2698 4819 modo
2723 4763 2827 4820 sibi
2860 4762 3204 4819 ceustabant.

1565 4987 1770 5050 OSEE
1808 4989 2061 5052 CAPUT
2091 4990 2165 5050 V.

246 5091 531 5171 mi.

253 5202 479 5271 σκοπιᾷ.

618 5110 698 5167 Ἀ.
755 5112 819 5182 τῇ
868 5109 1181 5164 σκοπεύσει.
1232 5111 1291 5165 Σ.
1329 5107 1579 5180 πλατείᾳ.
1636 5109 1715 5178 0',
1752 5111 1819 5180 τῇ

248 5278 501 5359 παπ-’π
582 5294 661 5347 Ἀ.
691 5292 749 5346 Σ.
780 5292 841 5347 Θ.
875 5293 967 5345 ἐπὶ
1005 5290 1223 5364 Θαόώρ.
1271 5292 1348 5357 ον,
1385 5292 1477 5346 ἐπὶ
1512 5292 1574 5347 τδ
1612 5291 1822 5347 Ἰταϐύ-

251 5404 389 5458 ριον.
425 5384 753 5440 Barberinus
774 5398 921 5448 vero,
947 5385 1039 5437 ἐπὶ
1075 5383 1271 5455 Θασώρ
1303 5398 1372 5441 ex
1434 5385 1515 5439 ’A.
1550 5385 1821 5442 videlicet.

248 5480 311 5534 Σ.
343 5478 439 5531 ἐπὶ
466 5477 528 5530 τὸ
555 5478 721 5546 ὃριον.
749 5476 813 5528 Θ.
840 5476 919 5538 εἰς
941 5474 1032 5529 τὸν
1058 5474 1284 5545 δρυμόν.

247 5577 400 5629 um
433 5552 674 5632 πολ-κε)
701 5570 735 5624 5
826 5568 891 5621 Α.
954 5565 1054 5620 οὐκ
1090 5565 1449 5638 ἀπεκαλύφθη
1488 5566 1548 5631 ἐξ
1575 5565 1727 5638 ἐμοῦ.
1758 5567 1815 5621 Σ.

249 5662 352 5716 οὐκ
386 5660 673 5734 ὲλάθησαν.
710 5659 791 5739 ¹Θ.
840 5657 934 5715 καὶ
985 5657 1063 5728 0',
1106 5656 1213 5731 οὐκ
1256 5656 1483 5714 ἄπεστιν
1533 5658 1629 5715 ἀπ’
1661 5656 1816 5729 ἐμοῦ.

1990 5109 2042 5162 1.
2070 5108 2234 5164 Hebr.
2270 5108 2478 5181 Maspa.
2504 5110 2569 5165 A.
2608 5108 2735 5166 Vul.
2759 5108 3141 5182 speculationi.
3180 5108 3238 5164 S.
3276 5108 3485 5180 plateae.

1922 5199 2088 5266 LXX,
2120 5203 2378 5273 speculae.

1992 5290 2059 5349 H.
2094 5292 2162 5347 A.
2189 5292 2249 5348 8.
2299 5293 2403 5347 Th.
2430 5292 2560 5349 ναι.
2606 5306 2767 5362 super
2827 5290 3073 5345 Tbabor.
3115 5288 3279 5355 LXX,
3329 5305 3493 5360 super

1920 5383 2235 5457 ltabyrium.
2264 5384 2541 5440 Barberin.
2562 5385 2627 5438 A.
2645 5399 2809 5454 super
2836 5384 3080 5439 Tbabor.
3101 5382 3159 5438 S.
3192 5398 3355 5454 super
3380 5391 3495 5439 ter-

1926 5479 2155 5532 minum.
2186 5476 2290 5533 Th.
2316 5477 2371 5532 in
2402 5477 2628 5548 sylvam.

1998 5568 2052 5622 5.
2089 5567 2252 5623 Hebr.
2326 5584 2435 5623 non
2495 5564 2845 5622 absconditus
2890 5574 2974 5620 est
3032 5581 3062 5620 a
3118 5581 3224 5622 me.
3264 5566 3326 5618 A.
3382 5580 3493 5621 non

1928 5660 2199 5716 revelatus
2264 5667 2349 5717 est
2409 5674 2475 5717 ex
2547 5672 2656 5716 me.
2728 5654 2786 5714 S.
2859 5673 2968 5715 non
3035 5658 3327 5715 latuerunt.
3383 5656 3488 5714 'l'b.
