3826 6218
367 248 513 308 2935

368 366 425 419 0'
449 362 674 428 ἁμως,
698 358 802 413 οὐκ
847 352 1056 428 ἀπέστη
1084 350 1184 411 ἀπ’
1212 350 1368 425 ἐμοῦ.

370 526 692 610 ωπιὸτπτοι
773 543 855 596 ‘A.
887 539 959 594 τὰ
1005 536 1414 609 ἐπιτηδεύματα
1478 531 1676 587 αὐτῶν.
1728 530 1787 582 Σ.
1848 528 1947 591 τὰς

373 638 568 710 βουλὰς
599 636 802 690 αὐτῶν.
839 634 917 700 Ο’,
939 634 1008 687 τὰ
1033 628 1316 685 διαϐούλια
1346 624 1551 681 αὐτῶν.
1578 623 1641 677 8.
1676 620 1773 691 τὴν
1804 618 1947 688 γνώ-

377 742 485 797 μην
510 722 713 779 αὐτῶν.

372 826 489 905 pls:
521 818 554 871 5
638 817 719 871 'A.
754 815 817 869 Θ.
847 816 882 886 ἡ
915 809 1223 876 ἀλαζονεία.
1255 808 1315 862 Σ.
1363 808 1440 873 Ο’,
1471 806 1507 877 ἡ
1532 804 1702 875 ὕϐρις.

374 975 485 1052 Τήν
526 994 557 1046 7
645 992 725 1047 Ἀ.
752 991 816 1045 Θ.
849 989 1167 1060 ἐγέννησαν.
1189 988 1245 1041 0'
1289 977 1677 1055 ἐγεννήθησαν.

375 1174 507 1227 ﬁrm
588 1164 668 1218 ’A.
698 1161 978 1233 νεομηνία.
1020 1160 1078 1214 2.
1108 1159 1169 1212 Θ.
1200 1158 1327 1229 μήν.
1350 1155 1428 1223 0',
1449 1155 1484 1226 ἡ
1523 1150 1770 1225 ἐρυσίόη.

378 1354 537 1405 πεπυ
566 1342 600 1397 8
685 1343 765 1395 Ἀ.
788 1342 847 1395 Σ.
879 1338 1159 1411 κερατίνη.
1201 1338 1277 1403 Ο’,
1319 1334 1604 1403 σάλπιγγι.

380 1532 479 1611 rm
500 1529 605 1582 nt:
688 1520 769 1573 Ἀ.
806 1520 868 1573 Σ.
909 1520 993 1583 είς
1020 1520 1168 1570 οἶκον
1191 1514 1522 1585 ἀνωφελοῦς.
1554 1511 1675 1567 Σ.Θ
1732 1512 1850 1565 Ὧν.
1882 1512 1961 1563 0'.

380 1610 440 1674 ἐν
481 1612 558 1683 τῷ
587 1610 721 1682 οἴκῳ
747 1612 867 1663 Ὠν.

383 1712 570 1787 ην-ιπκ
652 1704 734 1757 ’A.
776 1703 835 1757 2.
867 1701 930 1759 8.
958 1701 1135 1754 ὀπίσω
1170 1716 1283 1754 σου.
1320 1700 1398 1764 Ο’,
1453 1698 1667 1772 ἐξέστη.
1699 1696 1783 1767 E',
1817 1697 1963 1753 κατὰ

386 1795 560 1849 νώτου
614 1810 731 1846 σου.

385 1868 508 1947 ίγω
536 1892 731 1947 mpm
774 1883 838 1939 10
911 1882 971 1936 Σ.
1004 1881 1079 1946 ὡς
1099 1881 1553 1954 παρορμίζοντες.
1586 1883 1662 1949 Ο’,
1690 1881 1768 1947 ὡς
1799 1898 1968 1953 μετα-

386 1977 627 2041 τιθέντες
648 1979 794 2049 ὅρια.
816 1976 892 2042 E',
919 1976 1097 2047 ὅμοιοι
1122 1976 1238 2038 τοῖς
1266 1974 1725 2046 ἁποτεμνομένοις
1752 1974 1895 2048 ὅρια.

390 2276 571 2331 manu
601 2274 753 2325 τινα)
829 2266 895 2318 Ol
926 2264 1151 2333 λοιποί,
1202 2264 1324 2338 [τὴν
1386 2264 1555 2338 ὀργὴν
1593 2264 1717 2338 μου]
1774 2268 1854 2331 Ο’,
1909 2265 1971 2318 τὸ

390 2358 621 2431 ὅρμημά
648 2375 772 2429 μου.
805 2356 1138 2413 Barberinus
1156 2358 1236 2413 sic
1272 2356 1384 2412 :‘A.
1423 2358 1821 2428 ἀνυπερθεσίαν
1844 2374 1967 2428 μου.

394 2454 459 2505 Σ.
494 2448 813 2521 ὑδροκελίαν
841 2448 1165 2520 ὀρμήματός
1190 2464 1314 2518 μου.
1332 2446 1395 2500 8.
1420 2449 1497 2511 ὡς
1524 2445 1667 2518 ὕδωρ
1696 2447 1787 2502 τὸν
1815 2447 1971 2519 χόλον

397 2560 523 2613 μου.

392 2641 494 2693 3Ἶῖ
528 2634 586 2689 I5
678 2634 759 2689 Ἀ.
798 2630 1171 2704 δικαζόμενον.
1201 2632 1261 2685 Σ.
1294 2673 1307 2686 .
1340 2670 1355 2685 .
1383 2672 1397 2685 .
1420 2668 1441 2687 .
1476 2630 1540 2685 Θ.
1588 2629 1858 2703 [κριτήν.]
1892 2630 1970 2698 Ο’,

409 2723 640 2793 Ἰαρείμ,
670 2722 883 2785 melius,
935 2720 1159 2793 ἰαρεί6.

394 2799 550 2875 ξιξ)ῆὸ
623 2813 909 2867 Οίλοιποί
955 2814 1051 2867 καὶ
1091 2818 1170 2879 0',
1228 2811 1504 2867 ἰάσασθαι.
1538 2812 1593 2865 0'
1618 2809 1842 2879 ἄλλως,
1876 2810 1975 2883 ῥύ-

397 2905 617 2960 σασθαι.

396 3005 540 3054 ηπῃ
619 2994 699 3047 Ἀ.
730 2993 969 3057 ἐπίδεσις
996 2993 1083 3049 vel
1114 2992 1435 3063 σύνδεσμος.
1467 2990 1546 3058 Ο’,
1573 2991 1758 3064 ὀδύνη.

398 3149 555 3229 ’τι-πῃ)
583 3167 650 3221 14
733 3167 812 3220 Ἀ.
835 3165 911 3230 ὡς
942 3165 1151 3221 λέαινα.
1185 3167 1246 3221 Σ.
1278 3165 1355 3231 ὡς
1380 3164 1607 3238 ἐπιϐολὴ
1632 3166 1871 3238 λεαίνης.
1897 3169 1953 3221 0'

400 3260 479 3324 ὡς
510 3257 750 3331 πανθήρ.
780 3259 843 3313 Θ.
874 3258 952 3322 ὡς
987 3257 1092 3322 λίς.

1427 222 1906 289 HEXAPLORUH
1948 216 2118 289 QUE
2161 209 2597 271 SUPERSUNT.

2042 346 2097 393 et
2121 333 2288 400 LXX,
2320 348 2430 387 non
2468 332 2625 387 abest
2658 345 2689 384 a
2719 343 2824 385 me.
2868 325 3011 381 LXX
3046 326 3227 391 aliter,
3257 337 3366 379 non
3403 323 3641 379 recessit

3493 198 3638 256 297.8

2047 442 2077 482 a
2108 440 2219 481 me.
2256 422 2381 478 Vul.
2409 438 2517 477 non
2573 430 2658 475 est
2691 420 3043 475 absconditus
3077 433 3108 472 a
3141 432 3249 471 me.

2115 516 2170 570 4.
2210 513 2347 569 Heb.
2372 527 2539 582 opera
2565 526 2779 565 eorum.
2818 508 2885 564 A.
2918 508 3099 565 studia
3147 521 3360 562 eorum.
3386 503 3443 560 S.
3501 504 3643 559 con-

2049 606 2172 662 silia
2197 616 2412 659 eorum.
2458 599 2623 669 LXX,
2657 598 2783 655 ναι.
2807 600 3164 669 cogitationes
3192 611 3343 654 suas.
3382 594 3486 650 Th.
3511 610 3642 650 sen-

2051 696 2282 754 tentiam
2316 708 2527 749 eorum.

2128 788 2182 842 5.
2218 784 2383 840 Hebr.
2417 783 2697 854 superbia.
2725 782 2792 836 Α.
2844 781 2948 835 Th.
3008 780 3129 835 Vul.
3193 778 3533 847 arrogantia.
3581 774 3637 830 8.

2056 878 2223 944 LXX,
2256 878 2476 947 injuria.

2121 971 2171 1024 7.
2202 967 2339 1025 Heb.
2379 969 2444 1024 A.
2490 967 2595 1022 Th.
2660 964 2786 1022 ναι.
2844 970 3174 1035 genuerunt.
3239 960 3401 1029 LXX,
3466 960 3643 1031 geniti

2065 1070 2211 1119 sunt.

2128 1149 2261 1205 IIeb.
2296 1148 2354 1203 8.
2420 1147 2524 1203 Th.
2574 1146 2698 1202 VuI.
2738 1145 2964 1202 mensis.
3010 1144 3078 1199 Α.
3110 1140 3415 1199 neomenia.
3470 1138 3643 1208 LXX,

2062 1243 2276 1313 rubigo.

2132 1336 2187 1390 8.
2220 1333 2385 1390 Hebr.
2432 1332 2593 1404 Vulg.
2644 1332 2899 1388 buccina.
2947 1333 3012 1384 A.
3068 1328 3127 1385 S.
3186 1342 3409 1385 cornea.
3470 1324 3644 1390 LXX,

2062 1427 2216 1483 tuba.

2137 1518 2299 1573 Hebr.
2333 1516 2661 1571 Both-aven.
2689 1515 2755 1569 Α.
2791 1514 2849 1569 8.
2885 1514 2939 1568 in
2967 1514 3188 1569 domum
3212 1514 3545 1571 inutilitatis.
3581 1514 3643 1570 S.

2068 1609 2172 1663 Th.
2202 1607 2308 1663 0n.
2332 1604 2497 1672 LXX,
2524 1606 2580 1659 in
2611 1605 2775 1659 domo
2802 1602 2905 1658 On.
2938 1602 3059 1657 ναι.
3090 1603 3141 1657 in
3174 1603 3469 1660 Betbaven.

2143 1700 2307 1756 Hebr.
2342 1700 2403 1753 A.
2435 1698 2492 1753 S.
2529 1698 2632 1751 Th.
2666 1696 2789 1751 \‘ul.
2821 1705 2945 1767 post
2975 1706 3048 1753 te.
3079 1694 3242 1761 LXX,
3275 1708 3455 1752 mente
3482 1710 3647 1752 exoc-

2072 1794 2172 1850 dit.
2212 1791 2278 1857 V,
2323 1791 2391 1847 ad
2420 1801 2629 1860 tergum
2660 1798 2835 1843 tuum.

2146 1882 2237 1938 10.
2270 1882 2434 1937 Hebr.
2456 1878 2846 1936 transferentes
2872 1878 3185 1932 terminum.
3209 1875 3268 1932 S.
3291 1886 3353 1932 ut
3376 1885 3648 1931 transmo-

2076 1986 2284 2032 ventes.
2320 1974 2488 2041 LXX,
2524 1974 2683 2046 quasi
2720 1971 3118 2028 transferentes
3158 1973 3444 2027 terminos.
3475 1971 3542 2037 Υ,
3573 1972 3649 2028 si-

2075 2070 2283 2125 similes
2308 2068 2757 2124 abscindentibus
2796 2066 3075 2122 terminos.
3136 2063 3262 2119 ναι.
3313 2064 3472 2136 quasi
3505 2079 3650 2120 assu-

2077 2167 2287 2213 mentes
2311 2158 2629 2213 terminum.

2148 2250 2285 2306 Ilcb.
2315 2250 2472 2320 quasi
2502 2264 2699 2319 aquam
2737 2240 3167 2318 indignationem
3198 2262 3400 2302 meam.
3420 2246 3645 2317 Reliqui,

2077 2340 2212 2395 iram
2246 2354 2438 2393 meam.
2471 2336 2635 2404 LXX,
2667 2338 2929 2407 impetum
2966 2352 3166 2391 meum.
3227 2336 3510 2391 Barberin.
3536 2338 3607 2388 sic
3628 2349 3648 2389 :

2079 2433 2141 2486 A.
2178 2432 2506 2487 celeritatem
2540 2446 2742 2485 meam.
2780 2429 2839 2486 S.
2871 2429 3236 2502 hydroceliam
3262 2428 3498 2499 impetus
3523 2428 3648 2484 mei.

2080 2519 2183 2575 Th.
2216 2519 2343 2575 Vul.
2386 2519 2543 2589 quasi
2570 2532 2767 2588 aquam
2810 2517 2945 2571 iram
2997 2532 3195 2571 meam.

2152 2612 2238 2666 15.
2271 2612 2339 2666 Η.
2373 2610 2544 2665 Iareb.
2594 2609 2661 2665 Α.
2701 2610 3118 2679 disceptantem.
3172 2608 3275 2662 Th.
3306 2607 3567 2677 iudicem.
3592 2605 3648 2658 8.

2082 2700 2209 2756 Vul.
2241 2702 2492 2757 ultorem.
2528 2700 2693 2766 LXX,
2722 2700 2907 2765 Iarim,
2938 2701 3125 2755 melius
3144 2699 3309 2771 jarib.

2152 2793 2218 2848 II.
2250 2792 2479 2863 Reliqui,
2504 2792 2668 2861 LXX,
2701 2793 2822 2848 VuI.
2860 2809 3074 2849 sanare.
3094 2792 3233 2848 LXX
3257 2796 3358 2861 aL,
3396 2795 3650 2850 liberare.

2154 2969 2289 3024 Heb.
2328 2970 2677 3040 purulentam
2738 2970 2975 3040 plagam.
3004 2969 3072 3024 A.
3145 2969 3551 3042 colligationem
3581 2972 3658 3030 εει

2084 3061 2384 3116 vinculum.
2420 3059 2585 3126 LXX,
2614 3060 2790 3116 dolor.
2819 3059 2943 3113 Vul.
2968 3061 3265 3116 vinculum.

2156 3152 2246 3207 14.
2276 3151 2411 3208 Heb.
2470 3153 2629 3224 quasi
2668 3154 2951 3223 panthera.
3004 3152 3071 3206 Α.
3099 3150 3223 3206 Vul.
3264 3151 3425 3222 quasi
3468 3152 3653 3207 leam.

2087 3242 2145 3297 8.
2178 3244 2336 3313 quasi
2364 3243 2592 3315 irruptio
2618 3244 2817 3299 leaenae.
2853 3242 3018 3310 LXX,
3050 3244 3207 3315 quasi
3261 3246 3513 3314 panther.
3549 3244 3654 3299 Th.

2084 3340 2238 3411 quasi
2265 3340 2368 3396 leo.

1288 3455 1467 3516 Notas
1504 3460 1567 3516 et
1597 3452 1789 3516 varia)
1831 3452 2145 3517 lectiones
2189 3456 2263 3517 ad
2299 3473 2439 3535 cap.
2477 3456 2527 3514 V
2553 3456 2740 3517 Osee.

478 3599 545 3655 ν.
574 3600 627 3654 1.
664 3599 746 3653 Ἀ.
771 3598 841 3668 τῆ
867 3596 1156 3653 σκοπεὺσει
1175 3605 1283 3654 etc.
1316 3596 1427 3653 Has
1452 3596 1713 3653 lectiones
1756 3595 1979 3652 exhibet

358 3698 359 3701 η
407 3668 895 3726 BarberinusCod.

483 3740 619 3810 Ibid.
663 3741 744 3792 Ἀ.
766 3739 825 3793 Σ.
857 3738 1041 3810 Θε-ἐπὶ
1068 3736 1287 3810 Θαϐὠρ.
1316 3736 1530 3810 Euseb.
1580 3746 1636 3792 et
1660 3736 1897 3810 Hieron.
1914 3736 1981 3791 de

409 3813 547 3867 locis
568 3809 873 3881 Hebraicis.
901 3807 1267 3881 Hieronymus
1314 3808 1381 3881 in
1402 3809 1709 3881 Comment.
1731 3808 1861 3881 haec
1886 3807 1984 3860 ha-

410 3883 539 3938 bet:
574 3899 591 3931 (
629 3878 779 3949 LXX
806 3876 1570 3949 7flra6dptovgtranstulerunt.
1591 3876 1743 3949 Hanc
1776 3877 1982 3931 haben-

413 3960 495 4006 tes
517 3946 989 4011 consuetudinem,
1012 3946 1068 4001 ut
1102 3947 1327 4002 Hebraea
1371 3948 1589 4002 nomina
1627 3946 1816 4002 Graeco
1866 3961 1983 4001 ser-

412 4035 577 4075 mone
628 4020 919 4080 declinent,
974 4019 1117 4073 sicut
1164 4017 1358 4072 Edoni.
1400 4058 1413 4071 .
1448 4056 1462 4071 .
1507 4057 1520 4070 .
1556 4058 1571 4072 .
1600 4017 1917 4071 Idumazam.
1961 4034 1978 4065 ι

413 4088 598 4160 Longe
628 4089 772 4143 aliud
796 4088 1259 4160 Barberinus,_cni
1283 4087 1685 4160 assentiendum
1718 4085 1980 4160 estilam

414 4156 685 4214 Eusebius
711 4160 778 4213 de
805 4158 940 4213 locis
972 4157 1254 4213 Hebraicis
1284 4158 1760 4227 interpretationes
1786 4156 1982 4219 adfert,

417 4245 539 4299 qua:
561 4228 857 4298 aliquando
882 4228 1121 4297 quidem,
1162 4228 1254 4299 sed
1294 4230 1637 4299 nonubique
1693 4227 1762 4281 ab
1815 4228 1984 4281 inter-

416 4297 670 4370 pretibus
690 4307 1047 4365 usurpantur,
1076 4297 1277 4420 utgam
1310 4298 1566 4379 vidimus.

492 4367 556 4420 V.
584 4369 637 4420 5.
686 4368 765 4420 Ἀ.
789 4370 889 4420 οὐκ
927 4368 1101 4420 ἀπεκ-
1186 4385 1217 4420 x
1244 4368 1562 4420 Barbertno.

492 4367 556 4422 V.
584 4369 637 4423 5.
686 4368 765 4421 Ἀ.
789 4370 889 4421 οὐκ
927 4368 1101 4422 ἀπεκ-
1143 4367 1217 4422 Ex
1244 4368 1562 4423 Barberino.

489 4437 556 4507 Υ.
591 4440 644 4492 4.
688 4438 770 4493 Ἀ.
797 4438 866 4490 τὰ
896 4437 1114 4507 ὲπιτηδ-
1142 4437 1217 4492 Ex
1242 4438 1455 4491 eodem.

490 4506 557 4561 V.
583 4508 635 4560 5.
695 4509 774 4562 ’A.
798 4508 861 4561 8.
891 4510 924 4577 ή
967 4505 1279 4578 ἀλαζονεία.
1322 4509 1378 4560 Σ.
1414 4505 1986 4578 ρ’,μῐῖιᾷρι-ςζρτυείυξ.

416 4576 783 4648 Hieronymus
824 4575 948 4648 vero
992 4595 1005 4631 :
1043 4598 1060 4629 ί
1119 4577 1353 4633 Verbum
1379 4575 1608 4648 ,GAON'
1632 4576 1806 4641 LXX,
1844 4586 1897 4631 et
1926 4575 1986 4631 S.

420 4647 849 4716 interpretantur
872 4647 1161 4712 injuriam:
1196 4649 1262 4702 A.
1287 4656 1338 4701 et
1374 4647 1493 4711 Th.,
1525 4649 1843 4717 superbiam.
1886 4666 1904 4699 ι

494 4716 558 4770 ν.
584 4717 635 4770 7.
720 4717 801 4770 Ἀ.
826 4717 887 4770 Θ.
911 4718 1233 4770 ἐγέννησαν.
1261 4719 1355 4770 Sic
1390 4734 1557 4770 unus.

542 4755 558 4772 ο
592 4734 635 4788 ζ.
723 4734 801 4775 Ἀ.
826 4734 887 4770 U.
911 4734 1233 4788 εγεννησαν.
1261 4734 1355 4772 διο
1390 4734 1557 4788 unus.

500 4734 558 4772 ν.
592 4734 635 4771 ι.
723 4734 801 4775 Ἀ.
826 4734 887 4770 υ.
911 4734 1233 4788 εγεννησαν.
1261 4734 1355 4772 διο
1390 4734 1557 4771 unus.

489 4786 629 4858 Ibid.
667 4788 747 4842 ’A.
772 4788 1053 4858 νεομηνία.
1078 4789 1136 4841 Σ.
1159 4789 1228 4858 8.
1257 4789 1383 4857 μήν.
1413 4787 1644 4858 Drusins
1665 4802 1729 4841 ex
1764 4785 1989 4858 Hieron.

492 4857 557 4911 ν.
585 4858 639 4911 8.
701 4859 780 4911 Ἀ.
804 4857 877 4913 2.
897 4857 1177 4929 κερατίνη.
1214 4857 1463 4914 Drusius.
1511 4857 1801 4929 Ilieron._t
1836 4857 1986 4929 Buc-

420 4928 545 4982 cina
594 4929 883 4996 pastoralis
930 4926 1036 4991 est,
1091 4926 1154 4982 et’
1200 4943 1370 4982 cornu
1437 4942 1664 4982 recurvo
1710 4926 1984 4981 eilicitur:

424 4998 566 5052 unde
589 5007 643 5052 et
672 5000 891 5068 proprie
939 4996 1203 5053 Hebraice
1254 4996 1551 5064 SOPHAR,
1585 4996 1770 5052 Graece
1823 5013 1989 5066 κερα-

421 5068 540 5137 τίνη
567 5069 891 5137 appellatur.
931 5087 949 5119 ›

491 5133 654 5191 Ibid.—
680 5138 759 5191 Ἀ.
786 5138 844 5191 Σ.
881 5140 959 5201 εἰς
976 5133 1123 5191 οἶκον
1155 5136 1483 5206 ἀνωφελοῦς.
1518 5134 1609 5190 Sic
1640 5136 1990 5202 Barberinus,

760 5208 1078 5301 Symmachi!
1132 5208 1390 5301 lectiones
1450 5207 1645 5301 adfert,
1702 5216 1758 5261 et
1803 5216 1988 5301 notam

424 5276 607 5342 adjicit
633 5278 757 5334 sic:
797 5275 875 5333 Ἇ.
922 5280 983 5331 Σ.
1032 5279 1113 5342 είς
1137 5275 1285 5332 οἷκον
1331 5276 1666 5345 ἀνωφελοῦς,
1712 5276 1990 5331 τουτέστιν

2082 3595 2302 3669 είόώλου
2328 3596 2549 3669 παντὸς.
2580 3597 2756 3669 Ὢνγδέ
2787 3598 2982 3669 ἐστινό
3009 3599 3181 3669 ἥλιος.
3207 3599 3265 3653 Σ.
3288 3599 3352 3652 Θ.
3384 3600 3479 3655 ὧν.

2152 3666 2289 3722 Ibid.
2331 3670 2410 3721 Ἀ.
2441 3668 2498 3719 Σ.
2521 3668 2582 3721 8.
2605 3668 2781 3721 ὀπίσω
2812 3684 2927 3721 σου.
2960 3666 3125 3725 Idem.

2261 3738 2365 3809 l0.
2397 3740 2455 3790 2.
2481 3736 2555 3801 ὡς
2580 3736 3016 3809 παρόρμ.-Ιάθη1.

2155 3806 2290 3882 Ibid.
2322 3806 2684 3878 Hieronymus
2712 3806 2777 3882 g'i
2820 3806 2927 3862 Pro
2982 3810 3077 3882 ira,
3107 3808 3259 3863 LXX
3302 3811 3555 3882 ὅρμημα,
3606 3811 3663 3869 id

2086 3886 2191 3939 est.
2216 3879 2479 3948 imperant
2496 3878 2959 3932 transtulerunt...
2988 3880 3081 3934 sed
3109 3878 3346 3946 rectius,‘
3363 3878 3420 3935 ut
3438 3878 3663 3939 "omnes

2085 3946 2480 4022 praeter'_LXX
2545 3949 2971 4022 transtuleru_nt,
3020 3951 3103 4003 ira
3176 3952 3494 4019 accipienda
3541 3964 3664 4022 est,

2088 4018 2389 4089 praesertim
2424 4033 2547 4073 cum
2582 4033 2779 4089 nomen
2814 4018 3102 4089 eﬂusionis
3137 4030 3192 4075 et
3217 4018 3311 4075 irae
3346 4018 3661 4089 conveniat,

2094 4086 2309 4142 dicente
2347 4086 2612 4159 Propheta
2643 4088 2709 4159 ad
2742 4087 3053 4154 Dominum,
3100 4089 3326 4159 E/funde
3374 4108 3535 4159 super
3581 4086 3666 4148 eos

2088 4158 2227 4232 iram
2255 4167 2420 4232 tuom.
2459 4178 2478 4209 ι
2510 4158 2635 4213 Haec
2666 4158 3026 4232 Hieronymus
3052 4158 3171 4232 :‘at’
3193 4176 3308 4232 non
3348 4158 3509 4232 video
3559 4180 3665 4232 qua

2090 4229 2303 4283 ratione
2320 4228 2442 4309 haec
2460 4232 2728 4296 quadrare
2752 4230 2963 4298 possint
2985 4232 3052 4284 ad
3079 4230 3341 4287 lectiones
3355 4228 3665 4300 Barberini,

2090 4314 2229 4368 quas
2268 4298 2586 4352 adferimus.
3650 4298 3661 4300 ⁷

2162 4366 2228 4421 γ.
2372 4367 2695 4443 Ηίειοοηγιῐιἒ
2716 4368 2855 4443 ςηᾼ.
2896 4368 2993 4443 T_h.
3027 4368 3280 4443 Iudicem,
3320 4371 3669 4443 interpretati

2092 4447 2239 4513 sunt.
2280 4438 2436 4504 Quod
2464 4438 2861 4513 autemlAIlIB
2892 4441 3118 4513 ultorem
3145 4441 3413 4511 signiticet
3469 4438 3526 4498 et
3576 4445 3669 4513 ju-

2092 4508 2290 4581 diccm,
2326 4522 2524 4581 nomen
2550 4507 2820 4581 Gedeonis
2850 4510 3107 4575 ostendit,
3138 4507 3298 4581 quem
3336 4528 3461 4566 cum
3489 4507 3670 4568 cul'too

2092 4594 2181 4651 res
2210 4579 2338 4651 Baal
2366 4586 2681 4651 expeterent
2707 4579 2774 4632 ad
2807 4579 3169 4651 supplicium,
3187 4597 3253 4635 eo
3285 4586 3430 4650 quod
3481 4584 3667 4638 lucum

2094 4646 2219 4721 Baa_|
2249 4646 2481 4721 arasque
2506 4648 2811 4721 evertisset,
2848 4646 3127 4720 respondit
3161 4646 3331 4721 pater,
3370 4654 3670 4707 ulciscatur

2093 4734 2147 4770 se
2177 4716 2334 4782 Baal,
2367 4730 2422 4772 ct
2465 4718 2766 4789 appeilatus
2794 4728 2897 4782 est,
2939 4716 3177 4789 'inquit,‘
3206 4720 3480 4787 Jerobaal,
3528 4725 3568 4777 i.
3612 4739 3665 4778 e.

2095 4789 2393 4840 ulciscatur
2433 4803 2493 4843 se
2538 4788 2686 4841 Baal.
2728 4806 2746 4837 ι
2794 4789 2899 4843 Sed
2960 4788 3286 4845 Barberinus
3349 4793 3514 4848 habet
3583 4795 3667 4849 ’A.

2090 4857 2464 4929 δικαζόμενον,
2490 4869 2545 4912 et
2572 4873 2699 4929 curn
2731 4856 3065 4929 Hieronymo
3095 4871 3381 4917 consonat.

2162 4927 2295 4981 Ibid.
2319 4930 2383 4979 Οἱ
2405 4932 2593 4993 λοιπ.,
2630 4927 2901 4983 ἰάσασθαι.
2926 4927 3027 4985 Ms.
3059 4930 3165 4985 Jes.

2163 4996 2297 5051 Ibid.
2328 4997 2489 5069 Binas
2509 4998 2719 5067 Aquilae
2750 5000 3222 5069 interpretationes
3265 5000 3444 5056 adfert
3467 5000 3671 5057 Hiero-

2092 5083 2311 5137 nymus,
2369 5066 2508 5123 forte
2553 5066 2623 5122 ex
2668 5066 3158 5145 duabus—ejusdem
3189 5073 3519 5128 editionibus
3570 5075 3671 5129 de-

2096 5147 2329 5192 sulntas.

2097 5205 2347 5332 1:.
2399 5208 2479 5264 Ἀ.
2506 5208 2581 5271 ὡς
2616 5208 2824 5265 λέαινα.
2855 5209 3043 5265 Trium
3060 5212 3318 5269 lectiones
3340 5211 3516 5268 adfert
3530 5211 3675 5269 Bar—

2261 5295 2291 5332 u
2328 5312 2344 5332 .
