3826 6218
221 216 363 273 295⁸7

1585 220 1761 278 OSEE
1786 220 2013 279 CAPUT
2042 221 2130 279 Vi.

3340 207 3481 267 2938

1497 336 1701 399 OSEE
1770 337 2027 399 CAPUT
2072 338 2181 398 VI.

221 504 358 581 'f'n:
385 491 414 546 i
489 492 565 558 0',
594 490 832 563 ἧρπακε.
872 491 1117 558 Ἄλλος,
1146 489 1407 545 πέπαικε.

222 674 450 727 νων-ιη
525 668 589 720 Ol
608 668 847 753 πάντες,
883 668 975 722 καὶ
1004 667 1236 739 μοτὼσει
1264 668 1430 739 ἡμᾶς.
1454 667 1800 724 Barbcrinus.

227 761 288 812 Σ.
362 760 457 812 καὶ
507 759 909 830 μαλαγματξσει
952 761 1119 832 ἡμᾶς.
1184 761 1245 815 Σ.
1284 759 1502 827 ἄλλως,
1561 761 1805 832 ὲπιδήσει

319 849 403 910 ἀς.

319 849 403 910 ἀς.

227 849 389 996 ξεῗνην
413 938 449 990 2
531 938 612 992 Ἀ.
653 938 711 991 Σ.
739 936 1053 1003 ἀναζωώσει
1078 940 1247 1011 ἡμᾶς.
1273 939 1351 1005 0',
1394 939 1609 1010 ὑγιάσει
1633 941 1801 1012 ἡμᾶς.

229 1028 311 1093 E',
345 1028 515 1095 ὑγιεῖς
546 1027 817 1094 ἀποδείξει
848 1030 1017 1100 ἡμᾶς.
1594 1038 1597 1039 ⁷

228 1206 411 1257 τωτἽᾶ
450 1208 611 1262 ΠΣΠΞΊ
664 1199 699 1253 5
771 1200 829 1254 Σ.
860 1199 1079 1271 γνῶμεν
1149 1194 1241 1254 οὖν
1290 1201 1542 1257 σπεῦσαι.
1585 1205 1662 1271 0’,
1711 1205 1803 1259 καὶ

231 1290 575 1359 γνωσόμεθα.
605 1289 914 1361 Διώξωμεν.
977 1292 1055 1359 Ε’,
1115 1292 1493 1365 παιδευθῶμεν
1538 1289 1652 1363 οὖν,
1712 1297 1805 1349 καὶ

233 1378 600 1450 ἐπειχθῶμεν.

228 1562 389 1615 ἰκαῐὲ
422 1564 524 1643 TD:
576 1565 741 1617 111:7:
811 1556 871 1609 Σ.
906 1556 986 1609 ὅτι
1023 1556 1099 1620 ὡς
1143 1556 1338 1629 ὄρθρος
1371 1558 1563 1628 βεὸαία
1619 1561 1652 1631 ή
1687 1561 1805 1616 ἐπι-

233 1647 434 1714 φάνεια
457 1645 642 1699 αὐτοῦ.
673 1650 752 1711 0’,
789 1645 864 1710 ὡς
879 1645 1075 1718 ὄρθρον
1109 1648 1326 1720 ἕτοιμον
1380 1650 1683 1722 εὑρήσομεν
1708 1652 1804 1705 αὐ-

227 1740 347 1791 τόν.

230 1925 452 1978 DJ'Dm
475 1916 511 1971 4
581 1918 660 1984 0’,
690 1916 751 1971 τὸ
776 1917 834 1971 δὲ
852 1917 1000 1981 ἔλεος
1029 1918 1203 1990 ὑμῶν.
1225 1920 1304 1988 E',
1320 1920 1350 1973 ὁ
1373 1921 1481 1991 γὰρ
1512 1920 1641 1992 περὶ
1663 1921 1807 1992 ὑμᾶς

231 2010 541 2082 οἰκτιρμός.

230 2194 425 2249 arum
453 2187 487 2242 5
572 2188 653 2243 Ἀ.
675 2187 739 2242 Θ.
771 2188 1100 2261 ὲλατόμησα.
1133 2190 1192 2243 Σ.
1235 2189 1335 2243 οὐκ
1375 2191 1702 2264 ἐφεισάμην.
1727 2195 1806 2259 0',

232 2279 558 2350 ἁπεΘέρισα.
580 2281 660 2345 E’,
690 2280 942 2352 ὲξέκοψα.

228 2381 515 2453 ἾἽὈΞΦΒΊ
588 2371 666 2429 0'.
701 2374 874 2428 καὶτὸ
902 2374 1077 2446 κρίμα
1115 2392 1239 2447 μου.
1271 2378 1507 2443 Ἄλλος,
1547 2377 1809 2449 ἡδικαιο-

232 2465 453 2533 aptatia.

234 2563 374 2611 Dm
399 2562 553 2635 mp}:
580 2552 614 2607 8
698 2553 777 2606 Ἀ.
806 2552 1158 2625 περικαμπὴς
1186 2553 1293 2607 ἀπὸ
1308 2554 1561 2625 αἵματος.
1590 2554 1648 2605 Σ.
1680 2552 1811 2605 διῶ-

241 2660 371 2697 xeat
400 2645 506 2698 ἀπὸ
537 2644 784 2714 αἵματος.
817 2646 893 2711 Ο¹,
919 2648 1266 2718 ταράσσουσα
1290 2646 1454 2719 ὕδωρ.
1483 2648 1559 2713 E',
1578 2648 1814 2702 ὑποσκε-

238 2735 466 2801 λίζουσα
494 2739 588 2789 καὶ
614 2736 989 2807 δολοφονοῦσα.

236 2922 429 2976 ειν-πυ
452 2922 567 2974 tam
592 2922 740 2976 unm
767 2914 800 2971 9
872 2914 930 2968 Σ.
965 2953 980 2969 .
1016 2954 1031 2969 .
1061 2954 1076 2969 .
1102 2956 1119 2972 .
1153 2954 1167 2968 .
1197 2915 1512 2987 ὑποκριτοῦ.
1548 2916 1624 2970 Ἀ.
1646 2916 1814 2981 εὐζώ-

237 3023 372 3061 νων.
399 3007 462 3060 Θ.
492 3006 772 3078 πειρατοῢ.
804 3004 881 3070 0’,
909 3007 1005 3062 καὶ
1028 3009 1061 3077 ἡ
1088 3006 1240 3078 ἰσχύς
1270 3024 1370 3060 σου
1400 3008 1592 3081 ἀνδρὸς
1621 3026 1812 3081 πειρα-

236 3096 361 3154 τοῦ.
387 3099 464 3165 E',
486 3098 561 3164 ὡς
580 3100 735 3171 λοχδς
754 3098 1098 3171 πολυχειρίας
1125 3100 1440 3173 λῃστρικῆς.

240 3418 743 3493 amri:va
800 3420 964 3471 om:
1006 3424 1125 3475 ann
1209 3413 1447 3468 Ἀ.
1506 3411 1804 3479 2....0',

244 3502 489 3575 ἔκρυψαν
516 3503 679 3574 ἱερεῖς
706 3502 843 3568 ὁδὸν,
876 3505 1177 3571 ἐφόνευσαν
1202 3506 1423 3575 Σίκιμα.
1453 3502 1516 3558 Θ.
1544 3542 1560 3557 .
1595 3543 1611 3570 ,
1649 3542 1665 3560 .

1979 489 2032 545 1.
2065 487 2232 543 Hebr.
2268 483 2433 551 LXX,
2485 484 2685 556 rapuit.
2753 483 2905 539 Alius
2936 522 2953 548 ,
3011 481 3306 553 percussit.
3349 479 3478 535 ναι.

1909 580 2079 649 cepit.

1977 671 2142 725 Hebr.
2180 678 2234 724 et
2263 667 2503 739 alligabit
2539 667 2725 723 fasciis
2741 681 2864 722 nos.
2908 664 3122 727 Omnes,
3148 662 3273 717 Vul.
3308 671 3361 718 et
3383 679 3480 719 cu-

1902 761 2043 817 rabit
2072 777 2193 817 nos.
2222 760 2566 827 Barberinus,
2589 756 2647 814 S.
2681 758 3007 829 malagmata
3036 763 3268 825 apponet
3298 754 3476 810 nobis.

1905 856 1965 911 S.
1994 855 2170 920 aliter,
2212 853 2455 923 alligabit
2478 868 2598 908 nos.

1973 946 2029 1001 2.
2050 946 2186 1002 Heb.
2219 944 2347 1001 Vul.
2370 943 2671 1000 vivificahit
2693 957 2813 998 nos.
2836 943 2901 995 Α.
2940 938 2999 995 S.
3025 939 3349 995 reviviscere
3383 936 3483 993 fa-

1903 1038 2009 1094 ciet
2032 1053 2154 1093 nos.
2186 1035 2353 1106 LXX,
2388 1052 2553 1093 sanos
2585 1035 2747 1092 faciet
2786 1050 2903 1090 nos.
2933 1034 2998 1099 V,
3056 1048 3221 1089 sanos
3244 1032 3485 1087 demon-

1905 1128 2102 1184 strabit
2132 1144 2254 1186 nos.
2338 1164 2345 1167 ι

1974 1223 2029 1276 5.
2066 1219 2200 1276 Heb.
2232 1231 2287 1277 et
2318 1221 2577 1287 sciemus,
2610 1234 2922 1289 sequemur.
2957 1215 3081 1271 Vul.
3113 1216 3370 1282 sciemus,
3396 1230 3487 1271 se-

1903 1329 2265 1384 quemurque.
2331 1312 2389 1368 S.
2466 1314 2709 1369 sciamus
2746 1310 2913 1381 igitur
2967 1309 3034 1364 ad
3091 1308 3481 1364 festinandum.

1906 1404 2067 1471 LXX,
2138 1414 2192 1459 et
2256 1405 2513 1459 sciemus.
2568 1401 2988 1471 Pcrsequamur.
3046 1397 3114 1465 V,
3169 1397 3486 1455 erudiamur

1905 1511 2058 1567 ergo,
2083 1504 2137 1551 ct
2158 1496 2504 1550 inducamur.

1977 1586 2143 1641 Hebr.
2175 1596 2450 1657 tamquam
2478 1599 2679 1639 aurora
2704 1591 3045 1655 praeparatus
3071 1596 3324 1653 egressus
3343 1581 3482 1651 ejus.

1907 1678 1966 1735 S.
1996 1679 2125 1749 quia
2179 1677 2339 1749 quasi
2393 1676 2693 1731 diluculum
2740 1675 2962 1729 ﬁrmum
3022 1674 3286 1728 adventus
3344 1672 3483 1742 ejus.

1906 1770 2071 1835 LXX,
2095 1771 2252 1840 quasi
2281 1783 2441 1823 mane
2485 1777 2736 1838 paratum
2794 1767 3137 1821 inveniemus
3169 1781 3315 1820 eum.
3352 1763 3480 1819 Vul.

1904 1862 2061 1933 quasi
2094 1861 2395 1916 diluculum
2421 1868 2761 1929 praeparatus
2791 1866 2874 1913 est
2897 1871 3150 1928 egressus
3188 1856 3331 1925 ejus.

1975 1954 2030 2007 4.
2073 1951 2241 2007 Hebr.
2272 1961 2325 2006 et
2369 1950 2745 2007 misericvrdia
2795 1960 2997 2004 vestra.
3060 1946 3226 2015 LXX,
3270 1948 3487 2003 miseri-

1907 2046 2089 2102 cordia
2125 2056 2304 2100 autem
2336 2052 2539 2099 vestra.
2607 2041 2670 2107 V,
2729 2056 2854 2096 nam
2882 2041 3161 2097 miseratio
3208 2055 3336 2111 erga
3365 2054 3483 2095 vos.

1910 2138 2035 2194 Vul.
2064 2137 2440 2193 misericordia
2474 2143 2679 2192 vestra.

1980 2231 2033 2284 5.
2074 2228 2237 2284 Hebr.
2273 2228 2499 2283 succidi.
2532 2230 2597 2281 Α.
2624 2226 2727 2282 Th.
2763 2226 2970 2281 caelavi.
3002 2224 3061 2279 S.
3104 2240 3215 2280 non
3239 2224 3487 2295 peperci.

1910 2320 2075 2384 LXX,
2117 2321 2413 2375 demessui.
2455 2318 2521 2382 V,
2554 2318 2753 2373 excidi.
2784 2317 2910 2372 Vul.
2942 2316 3142 2371 dolavi.

1982 2412 2147 2468 Hebr.
2175 2412 2300 2466 Vul.
2361 2423 2416 2467 et
2447 2410 2653 2479 judicia
2728 2418 2838 2464 tua.
2898 2407 3062 2474 LXX,
3125 2415 3180 2463 et
3216 2405 3489 2477 judicium

1913 2521 2118 2560 mcum.
2147 2505 2325 2571 Alius,
2357 2505 2568 2573 justum
2603 2502 2894 2569 judicium.

1982 2595 2036 2650 8.
2067 2596 2199 2651 Heb.
2231 2594 2431 2650 foedata
2467 2610 2495 2649 a
2532 2595 2819 2663 sanguine.
2880 2593 2946 2647 A.
3000 2591 3205 2647 deﬂexa
3274 2605 3305 2645 a
3361 2605 3492 2647 san-

1915 2689 2099 2758 guine.
2140 2686 2199 2741 S.
2234 2695 2614 2757 persecutores
2670 2701 2698 2738 a
2749 2684 3034 2754 sanguine.
3065 2682 3233 2747 LXX,
3270 2691 3494 2738 contur-

1911 2779 2050 2835 bans
2081 2794 2299 2846 aquam.
2319 2779 2385 2845 ν,
2415 2780 2769 2849 supplantans
2808 2786 2863 2832 et
2893 2777 3019 2833 dolo
3061 2776 3340 2833 occidens.
3362 2774 3491 2829 ναι.

1922 2874 2272 2943 supplantata
2304 2873 2594 2941 sanguine.

1989 2959 2043 3018 9.
2075 2962 2241 3017 Hebr.
2265 2969 2322 3018 et
2345 2962 2499 3032 juxta
2529 2969 2848 3030 exspectare
2874 2961 3018 3015 viros
3055 2959 3319 3015 latrones.
3350 2957 3408 3013 S.
3441 2966 3497 3012 et

1924 3053 2109 3109 fauces
2142 3063 2247 3108 tuae
2286 3054 2444 3123 quasi
2474 3054 2577 3108 viri
2607 3053 2964 3109 insidiatoris.
2989 3054 3052 3109 Α.
3093 3052 3493 3122 expeditorum.

1918 3145 2022 3199 Th.
2049 3145 2256 3215 piratae.
2300 3143 2467 3209 LXX,
2495 3154 2550 3200 et
2598 3144 2862 3199 fortitudo
2907 3153 2997 3199 tua
3032 3143 3136 3198 viri
3181 3143 3389 3214 piratae.
3421 3141 3489 3207 ν,

1916 3236 2073 3306 quasi
2123 3237 2319 3292 cohors
2377 3252 2589 3304 magna:
2616 3248 2849 3292 catervae
2895 3235 3255 3308 praedatricis.
3283 3233 3409 3289 Vul.
3442 3242 3499 3289 et

1916 3327 2074 3398 quasi
2104 3326 2289 3382 fauces
2323 3326 2570 3381 virorum
2601 3328 2899 3383 latronum.

1984 3418 2149 3475 Hebr.
2206 3418 2521 3474 societatem
2576 3420 2920 3475 sacerdotum
2983 3418 3071 3473 via
3104 3416 3503 3472 interflciebant

1915 3500 2227 3564 humerum.
2258 3510 2323 3563 A.
2354 3509 2701 3579 participatio
2724 3509 3066 3565 sacerdotum
3098 3508 3154 3562 in
3178 3508 3265 3561 via
3292 3506 3504 3562 occide‘

245 3598 385 3653 bant
407 3596 686 3651 humeros.
719 3595 777 3653 S.
820 3598 1050 3651 societas
1071 3598 1412 3653 sacerdotum
1437 3598 1491 3651 in
1529 3598 1611 3651 via
1643 3597 2218 3657 occidebantSichem.
2252 3600 2417 3666 LXX,
2441 3602 2845 3658 absconderunt
2871 3600 3178 3656 sacerdotes
3204 3601 3366 3665 viam,
3408 3614 3505 3654 oc-

244 3690 501 3746 ciderunt
534 3688 756 3743 Sicima.
785 3687 887 3743 Th.
914 3689 1318 3744 absconderuut
1344 3691 1656 3746 sacerdotes
1680 3691 1844 3757 viam,
1867 3690 2263 3750 interﬁciebant
2295 3696 2350 3751 in
2371 3695 2556 3751 dorso.
2574 3693 2700 3749 Vul.
2735 3693 3008 3765 particeps
3051 3691 3416 3760 sacerdotum,
3444 3692 3505 3747 in

245 3786 338 3839 via
362 3783 800 3839 interﬁcientium
824 3793 1107 3851 pergentes
1136 3782 1203 3838 de
1231 3780 1470 3839 Sichem.

242 3862 321 3961 Ἰν)
351 3883 492 3960 -ιητρ
516 3885 610 3934 mn
631 3882 898 3934 mni-:3:
925 3872 984 3925 11
1061 3872 1285 3927 Barber.
1310 3873 1407 3927 xui.
1442 3875 1611 3931 Ἰούδα
1636 3876 1817 3948 ἀφῆκε

248 3964 514 4037 θερισμὸν
534 3962 719 4017 αὐτοῦ.
757 3964 818 4018 Σ.
860 3964 952 4016 καὶ
974 3964 1061 4025 σὺ,
1103 3962 1295 4029 Ἰούδα,
1343 3964 1626 4019 ἀπόκειται
1671 3966 1818 4039 Θερι-

250 4057 413 4127 σμός.
466 4054 543 4119 Ο’,
573 4054 668 4107 καὶ
723 4053 913 4108 Ἰούδα.
960 4055 1166 4125 Ἀρχου
1218 4055 1423 4125 τρυγᾷν
1478 4056 1707 4111 σεαυτῶ.
1735 4056 1815 4121 E',

246 4141 390 4197 ἀλλὰ
422 4141 519 4195 καὶ
566 4141 652 4204 σὺ,
694 4140 893 4209 Ἰούδα,
939 4140 1348 4214 παρεσκεύαζες
1398 4142 1560 4197 αὑτὸν
1607 4145 1689 4208 εἰς
1750 4146 1814 4198 τὸ

245 4235 660 4310 ἐκθερισθῆναι.

1991 3878 2058 3936 Η.
2087 3880 2246 3936 etiam
2269 3878 2408 3934 Juda
2439 3879 2618 3949 posuit
2652 3892 2883 3933 messem
2932 3878 3050 3933 tibi.
3090 3876 3255 3931 Barb.
3282 3886 3337 3933 ct
3359 3876 3501 3935 Juda

1918 3972 2122 4028 dimisit
2152 3986 2381 4026 messem
2412 3987 2590 4027 suam.
2627 3970 2685 4025 S.
2720 3978 2774 4025 et
2827 3980 2907 4034 tu,
2945 3968 3107 4033 Juda,
3144 3971 3386 4039 deposita
3417 3978 3504 4024 est

1919 4066 2137 4121 messis.
2162 4063 2326 4130 LXX,
2358 4074 2412 4118 et
2454 4062 2615 4119 Juda.
2683 4062 2864 4133 Incipe
2908 4062 3243 4117 vindemiare
3285 4063 3401 4118 tibi.
3432 4061 3499 4129 V,

1920 4157 2083 4211 etiam
2118 4165 2173 4209 tu
2200 4170 2439 4225 quoque,
2476 4153 2636 4219 Juda,
2665 4154 3010 4225 praeparabas
3039 4154 3218 4225 ipsum
3250 4163 3310 4210 ut
3332 4164 3504 4211 mete-

1923 4255 2092 4303 retur.
2135 4244 2263 4301 ναι.
2292 4246 2398 4302 Sed
2423 4256 2499 4312 et,
2518 4246 2680 4312 Juda,
2707 4262 2851 4319 pone
2880 4262 3114 4303 messem
3148 4247 3266 4303 tibi.

1184 4334 1360 4424 Notae
1387 4369 1448 4425 et
1478 4363 1665 4425 varia;
1695 4362 2001 4426 lectiones
2031 4362 2108 4424 ad
2148 4379 2283 4442 cap.
2320 4364 2406 4426 VI
2437 4364 2627 4427 Osee.

324 4509 471 4569 v.1.
502 4512 718 4576 Ἄλλος
742 4550 757 4575 ,
786 4509 1042 4564 πέπαικε.
1079 4507 1169 4563 Sic
1201 4508 1548 4565 Barberinus.

322 4582 462 4639 Ibid.
502 4583 714 4645 Omnes,
767 4579 1021 4651 μαεὼσει.
1074 4578 1437 4651 Hieronymus
1482 4580 1581 4651 rqui
1624 4578 1818 4651 addit:

261 4673 282 4707 ι
314 4653 540 4722 Proprie
577 4660 755 4722 autem
772 4650 919 4721 μότα
939 4650 1278 4722 appellantur
1311 4650 1562 4716 linteola,
1592 4664 1711 4722 quae
1740 4650 1823 4702 in-

254 4718 506 4780 feruntur
530 4718 867 4786 vulneribus,
917 4727 976 4773 ut
1004 4718 1247 4788 putridas
1277 4734 1469 4775 carnes
1515 4720 1822 4781 comedam,

254 4792 548 4849 extrahant
595 4791 929 4860 purulentas.
968 4787 1089 4842 {At
1125 4787 1460 4860 Barberinus
1479 4791 1643 4846 codex
1668 4789 1824 4860 binas

252 4878 459 4932 easque
480 4857 721 4932 diversas
769 4860 1077 4932 Symmachi
1132 4858 1600 4932 interpretationes
1630 4857 1823 4920 adfert,

256 4934 347 4988 cui
374 4927 546 4999 inagis
577 4927 904 4985 credendum
939 4945 952 4980 :
986 4945 1108 4983 nam
1132 4927 1495 4999 Hieronymus
1523 4928 1611 4983 hic
1635 4942 1826 4983 omnes

258 5018 367 5074 pro,
392 4998 582 5074 majori
610 5009 772 5074 parte
792 5000 993 5074 posuit,
1028 5008 1085 5053 ut
1111 5005 1166 5052 et
1205 4998 1355 5074 alibi.

330 5065 719 5135 Ibid."A.,—2.,
751 5065 1059 5130 ἀναζωώσει
1088 5076 1191 5122 etc.
1236 5068 1513 5138 Barberin.
1556 5065 1637 5138 [in
1666 5065 1825 5135 Poly-

294 5143 445 5196 lottis
480 5140 708 5194 Lonclin.
736 5140 815 5193 sic
840 5139 1033 5203 legitur
1062 5157 1073 5191 :
1106 5138 1263 5191 Barb.
1295 5137 1349 5190 in
1384 5137 1565 5206 marg.
1588 5138 1670 5198 Σ..
1693 5138 1828 5206 em-

298 5160 445 5196 louls
480 5160 708 5194 bonum.
736 5160 815 5193 51C
840 5160 1033 5203 Icgltur
1062 5160 1073 5191 ζ
1106 5160 1263 5191 Dari).
1297 5160 1349 5190 ΙΙΙ
1384 5160 1550 5206 ιιιπκ.
1588 5160 1670 5198 ιη,
1711 5160 1828 5188 επι-

256 5160 603 5284 ἕήσω-ὑμᾷς.
640 5210 745 5284 ᾍ..
775 5209 844 5284 Σ.
883 5206 1093 5284 (Lamb.
1132 5207 1258 5284 Hos,
1315 5206 1553 5284 'A.._§).),
1578 5204 1828 5284 αναςωῴ-

261 5275 367 5335 σέι.
400 5275 626 5334 Ειοιίες
666 5275 927 5332 lectiones
974 5277 1175 5331 codicis
1220 5277 1276 5329 Β.
1334 5292 1365 5329 a
1425 5275 1826 5331 Montfauconio

258 5352 454 5407 allatas
481 5348 816 5403 correximus
846 5348 899 5400 in
938 5354 1106 5400 textu.
1144 5344 1370 5417 DRACH.]

338 5421 398 5475 ν.
424 5422 477 5473 5.
504 5420 595 5473 liae
614 5432 801 5472 omnes
818 5418 1092 5471 versiones
1111 5432 1140 5470 a
1163 5418 1321 5469 tertio
1348 5416 1503 5471 versu
1527 5416 1594 5471 ad
1620 5429 1825 5469 nonum

240 5507 326 5552 ,ει
352 5490 648 5546 Barberino
668 5488 963 5547 prodeunt.
1000 5485 1093 5545 qui
1137 5487 1192 5540 in
1229 5486 1421 5555 quinto
1456 5502 1614 5543 versu
1655 5484 1828 5539 ἑλιτὸ-

1932 4526 2080 4581 μησα
2105 4507 2285 4571 habet.
2315 4508 2408 4565 sed
2441 4525 2537 4579 per
2606 4526 2745 4565 ram.

1968 4579 2065 4655 _V.
2102 4579 2155 4633 8.
2196 4578 2344 4655 A_dde
2363 4594 2429 4633 ex
2460 4526 2657 4635 cori}
2698 4596 2713 4635 :
2748 4579 2833 4646 6.,
2877 4582 2913 4652 ἠ
2946 4580 3154 4654 πτέρνα
3197 4580 3367 4655 αὐτῆς
3407 4582 3501 4653 ἀφ’

1928 4648 2176 4718 αἵματος.
2215 4648 2419 4718 Dii/lca.

2006 4718 2065 4774 V.
2109 4720 2160 4771 9.
2206 4717 2288 4788 8.,
2326 4729 2376 4771 et
2428 4720 2605 4788 fauces
2655 4731 2759 4774 tum
2810 4729 2915 4775 etc.
2957 4719 3175 4776 Hieron.
3216 4719 3503 4778 Lectiones

1930 4788 2129 4843 Graecae
2150 4802 2213 4841 ex
2243 4787 2540 4843 Barberino
2569 4791 2853 4859 prodeunt.
2903 4788 3002 4843 Hic
3040 4791 3188 4845 vides
3236 4790 3504 4857 Hierony-

1933 4874 2079 4937 mum
2112 4873 2296 4937 vocem
2330 4858 2622 4937 ὑποδεριτόὖ
2655 4860 2883 4937 vertisse
2906 4861 3259 4937 insidiatoris.
3289 4860 3375 4932 [L.
3396 4860 3504 4917 Bos

1930 4928 2149 4999 exhibet
2172 4928 2427 4983 lectiones
2446 4928 2661 4983 Graecas
2696 4930 2919 4984 alterius
2952 4931 3112 4984 stichi
3145 4928 3308 4999 hujus
3349 4946 3505 4987 com-

1931 4998 2114 5068 matis,
2140 4999 2437 5068 societatem
2464 5000 2796 5051 sacerdotum
2847 5012 2953 5055 etc.
3005 5000 3106 5068 hoc
3145 4998 3350 5055 mddo:
3397 5000 3502 5068 ’A.,

1934 5066 2163 5138 μετοχῂν
2189 5067 2303 5138 τῶν
2329 5067 2518 5138 ἱερέων
2541 5071 2600 5138 ὲν
2619 5068 2723 5137 ὀδῷ
2748 5069 3000 5137 ἐφόνευον
3026 5067 3218 5138 ὤμοις.
3244 5072 3327 5133 Σ..
3360 5066 3505 5123 ὲταιὲ

1935 5136 2029 5211 ρ-ία
2060 5136 2166 5211 τῶν
2198 5136 2391 5211 ἱερέων
2415 5140 2472 5211 ὲν
2509 5137 2613 5209 ὁδῷ
2634 5136 3118 5211 ᾼὲφᾴνευον-Σικήμ.
3144 5138 3231 5206 9.,
3260 5140 3504 5211 ἔκρυψαν

1930 5208 1979 5259 ol
2006 5206 2178 5278 ξερεζς
2199 5207 2334 5278 ὁρὸν,
2354 5206 2604 5274 ἐφόνευον
2628 5206 2691 5260 ὲν
2718 5207 2871 5278 ὤμῳ.
2888 5206 3117 5278 Druck]

2006 5274 2076 5330 V.‘
2100 5276 2185 5329 11.
2213 5275 2463 5348 Barbam,
2493 5278 2587 5330 καὶ
2633 5274 3055 5348 Ἰούδα’ἀφῆκε.
3102 5274 3198 5335 Sic
3227 5280 3282 5334 in
3328 5289 3503 5335 textu.

1931 5345 2012 5418 Ad
2038 5361 2225 5418 m_a_rg._
2258 5362 2389 5400 vero
2435 5346 2747 5418 Symmachi
2777 5355 2831 5402 et
2867 5345 3081 5414 Quintae
3118 5350 3379 5405 lectiones
3406 5351 3507 5404 ad-

1934 5415 2056 5470 fert.
2076 5414 2791 5489 ‘[ln_Symmach'i_lectione,
2827 5434 2926 5489 pro
2965 5420 3052 5483 σύ,
3084 5421 3229 5489 quod
3255 5422 3414 5474 habet
3443 5420 3481 5472 Β

1932 5484 2117 5556 posuit
2144 5484 2334 5543 Montf.
2365 5487 2465 5542 σοί.
2491 5486 2607 5544 Νοη
2646 5484 2807 5554 male.
2830 5484 2924 5546 sed
2954 5506 3064 5547 non
3102 5484 3253 5548 vere.
3274 5491 3478 5549 Ducn.
