3826 6218
432 201 575 258 29⁸59

1455 196 1931 254 HEXAPLORUM
1968 197 2136 265 ί)οΕ
2179 198 2610 257 SUPERSUNT.

3538 211 3681 270 29:0

1692 320 1899 381 OSEE
1944 322 2203 382 CAPUT
2274 324 2410 382 Vl].

431 433 574 506 VTD
614 432 733 485 Tm
769 432 911 482 1:215
948 431 1069 480 διὩῖ
1106 432 1224 482 ΞέιέιΊ
1262 422 1285 474 1
1365 424 1421 475 Σ.
1467 424 1561 476 καὶ
1609 423 1847 493 κλέπτης
1903 422 2002 493 μὲν

430 515 700 585 εἰσῆλθεν,
736 515 923 568 ἐκδύον
942 515 999 567 δὲ
1034 513 1326 584 λῃστήριον
1355 513 1479 577 ἔξω.
1510 520 1588 578 U',
1628 515 1721 567 καὶ
1764 515 2004 582 κλέπτης

431 609 568 679 πρὸς
598 606 760 661 αύτδν
804 607 1191 667 εἰσελεύσεται,
1240 605 1569 659 ἐκδιδύσκων
1617 605 1818 677 λῃστὴς
1851 607 1907 658 ἐν
1937 610 2003 677 τῇ

430 699 534 770 ὁδῷ
567 698 750 751 αὑτοῦ.
784 697 858 761 Ε’,
900 699 994 751 καὶ
1022 697 1262 767 κλέπτης
1307 697 1408 769 μέν
1430 698 1578 751 ἐστιν
1627 698 1795 763 ἔνδον,
1826 696 2007 751 λωπο-

430 789 595 859 δύτης
623 789 680 842 δὲ
708 788 960 859 λῃστεύει
985 788 1054 841 τὰ
1084 788 1206 854 ἔξω.

429 1098 594 1149 ’τι-υτ
631 1072 899 1153 clm-’7:
936 1071 1120 1147 D2355
1156 1072 1530 1148 imm-5:12
1615 1088 1696 1143 Ἀ.
1757 1089 1853 1141 καὶ
1907 1089 2009 1158 μή-

430 1196 562 1232 ποτε
593 1178 791 1230 εἴπωσι
822 1180 944 1239 ταῖς
969 1176 1216 1245 καρδίαις
1240 1176 1441 1238 αὐτῶν,
1476 1177 1656 1229 πᾶσαν
1692 1174 1889 1227 κακίαν
1915 1177 2009 1226 αύ-

428 1268 536 1322 τῶν
566 1268 862 1339 ἐμνήσθην.
917 1271 994 1330 0',
1043 1269 1189 1329 ὅπως
1233 1267 1531 1337 συνᾲδωσιν
1574 1266 1650 1329 ὼς
1681 1264 1899 1337 ᾅδοντες
1940 1268 2004 1337 τῇ

430 1361 629 1432 καρδίᾳ
660 1362 861 1425 αὐτῶν,
884 1362 1062 1425 πάσας
1087 1364 1182 1423 τὰς
1211 1360 1407 1422 κακίας
1440 1359 1619 1413 αὐτῶν
1653 1360 1951 1431 ἐμνήσθην.

2182 425 2232 479 1.
2258 423 2391 481 ileb.
2426 436 2479 481 et
2503 426 2590 480 fur
2612 428 2893 499 ingressus
2920 439 3025 497 est,
3073 433 3325 503 spoliavit
3355 435 3496 493 latro
3522 438 3682 495 foris.

2113 515 2172 571 S.
2202 526 2257 571 et
2322 519 2410 573 fur
2464 520 2684 589 quidem
2737 520 3018 593 ingressus
3075 535 3177 590 est,
3233 543 3439 584 exuens
3500 543 3682 585 autem

2113 617 2290 663 turma
2317 609 2589 664 latronum
2622 610 2778 667 foris.
2810 612 2979 681 LXX,
3017 626 3072 670 et
3099 617 3189 671 fur
3232 619 3297 673 ad
3344 635 3469 675 eum
3503 623 3685 691 ingre—

2109 700 2307 764 dietur,
2340 702 2581 770 spolians
2610 704 2750 759 latro
2805 707 2858 759 in
2913 707 2999 762 via
3046 709 3188 778 ejus.
3240 711 3310 776 V,
3357 724 3412 767 et
3462 712 3685 784 furqut-

2110 794 2229 845 dem
2261 802 2346 847 est
2375 794 2519 851 intus
2545 810 2558 846 :
2601 797 2784 866 praedo
2811 808 2991 854 autem
3040 799 3254 856 furatur
3284 818 3347 859 ea
3391 820 3517 874 qua:
3547 805 3687 862 foris

2108 892 2257 938 sunt.
2290 882 2417 941 ναι.
2445 896 2501 940 et
2528 886 2616 943 fur
2641 890 2923 960 ingressus
2950 901 3035 948 cst
3057 894 3318 964 spolians.
3343 896 3687 953 latrunculus

2107 973 2262 1031 foris.

2177 1088 2232 1143 2.
2274 1089 2441 1145 llebr.
2469 1100 2524 1146 et
2552 1108 2659 1148 non
2681 1094 2862 1150 dicent
2898 1095 2952 1150 in
2984 1098 3147 1155 corde
3201 1115 3321 1167 suo,
3351 1107 3533 1161 omnis
3562 1123 3683 1161 ma-

2107 1180 2235 1236 litiae
2262 1196 2452 1237 eorum
2483 1183 2797 1240 recordatus
2836 1202 2980 1242 sum.
3018 1190 3079 1243 Δ.
3118 1200 3173 1245 et
3211 1207 3279 1247 nc
3318 1192 3455 1249 forte
3497 1196 3684 1253 dicant

2107 1272 2367 1328 cordibus
2391 1274 2527 1338 suis,
2560 1276 2738 1331 omnis
2756 1278 3173 1335 malitiaeorum
3189 1286 3509 1341 recordatus
3533 1305 3679 1343 sum.

2117 1360 2279 1425 LXX,
2310 1371 2365 1416 ut
2406 1364 2701 1419 concinant
2733 1368 2891 1436 quasi
2919 1380 3174 1425 canentes
3201 1374 3360 1427 corde
3391 1391 3529 1429 suo:
3559 1393 3683 1430 om-

432 1468 530 1507 nes
564 1453 799 1506 malitias
837 1468 1025 1505 eorum
1089 1453 1406 1508 recordatus
1456 1468 1601 1507 sum.
1657 1452 1779 1507 Vul.
1832 1461 1885 1506 et
1939 1469 2006 1508 ne
2052 1451 2192 1507 forte
2259 1453 2441 1507 dicant
2472 1454 2523 1508 in
2559 1456 2816 1511 cordibus
2846 1459 2980 1526 suis,
3017 1476 3231 1516 omnem
3280 1466 3543 1520 malitiam
3579 1483 3675 1521 e0-

431 1560 549 1599 rum
580 1560 665 1599 me
692 1544 1061 1599 recordatum.

426 1619 707 1700 mﬁ‘mn
770 1636 849 1688 Ἀ.
881 1638 939 1689 Σ.
983 1634 1052 1689 τά
1076 1636 1499 1707 ἐπιτηδεύματα.
1534 1638 1612 1703 Ο⁹,
1638 1639 1707 1692 τὰ
1729 1637 2007 1691 διαὸοὐλια

426 1728 625 1783 αὐτῶν.
658 1731 737 1793 Ε’,
758 1729 1100 1799 ἀσεϐήματα.

424 1826 577 1882 arma
610 1828 784 1877 mauu
820 1829 987 1880 nam:
1016 1831 1172 1884 nam
1199 1812 1330 1881 nui-1
1361 1830 1466 1879 τε)
1499 1831 1723 1883 uisam
1754 1807 1864 1882 ob:
1902 1822 1935 1876 4

426 1916 725 1970 πωπω-σν
762 1918 878 1994 ΡὩ.
915 1894 1073 1969 ΨἻῊἹΞ
1146 1911 1225 1973 0',
1283 1910 1483 1973 πάντες
1534 1911 1879 1982 μοιχεύοντες
1927 1909 2003 1974 ὠς

425 1997 678 2061 κλίϐανος
706 1999 995 2068 καιόμενος
1032 2000 1113 2063 είς
1154 2000 1318 2069 πέψιν
1350 2001 1778 2073 κατακαύματος
1806 2002 1994 2073 (Barb.

425 2088 757 2142 κατακαύσει
785 2091 1003 2159 αὐτοὺς)
1033 2092 1142 2145 ἀπὸ
1170 2093 1270 2161 τῆς
1300 2092 1493 2162 φλογὸς
1516 2136 1529 2159 ,
1571 2093 1680 2147 ἀπὸ
1708 2094 1995 2166 φυράσεως

427 2180 673 2245 στέατος,
700 2180 803 2244 ἕως
835 2180 928 2233 τοῦ
972 2180 1291 2252 ζυμωθῆναι
1339 2183 1488 2238 αὐτό.
1527 2183 1603 2249 E',
1632 2184 1871 2247 ἅπαντες
1917 2185 1996 2247 είς

424 2269 487 2322 τὸ
508 2271 781 2340 μοιχεύειν
802 2272 1224 2342 ἐκπυρούμενοι,
1254 2273 1331 2336 ὡς
1354 2274 1608 2329 ὀπτάνιον
1630 2275 1735 2329 ὑπὸ
1758 2274 1852 2327 τοῦ
1873 2274 1999 2326 πέσ-

427 2379 608 2427 σοντος
641 2363 663 2431 ζ
700 2363 976 2417 ἐπαύσατο
1004 2364 1139 2433 πρὸς
1160 2364 1337 2433 ὀλίγον
1365 2368 1398 2439 ή
1430 2368 1584 2431 πόλις
1608 2367 1701 2420 τοῦ
1741 2368 1998 2438 φυράμα-

422 2469 512 2516 τος
542 2454 843 2520 κοινωνίας,
876 2456 973 2507 καὶ
1005 2456 1144 2525 μετὰ
1178 2456 1372 2526 μικρὸν
1402 2458 1553 2511 πᾶσα
1586 2456 1866 2528 ἐζυμώθη.

2178 1635 2313 1693 lleb.
2353 1638 2421 1695 Α.
2457 1637 2517 1695 S.
2555 1640 2735 1696 studia
2782 1657 2992 1699 eorum.
3051 1645 3215 1711 LXX,
3262 1650 3682 1710 deliberationes

2105 1743 2239 1784 sua}.
2269 1729 2335 1795 V,
2361 1730 2681 1801 impietates.
2718 1732 2841 1789 Vul.
2872 1737 3280 1795 adinvcntiones
3305 1759 3437 1797 suae.

2176 1820 2232 1873 4.
2265 1819 2429 1875 Hebr.
2463 1837 2655 1878 omnes
2693 1825 2796 1895 ipsi
2825 1828 3211 1895 adulterantes,
3262 1833 3403 1887 sicut
3424 1835 3677 1891 clibanus

2100 1926 2398 1966 succensus
2430 1927 2463 1966 a
2488 1924 2778 1982 eoquente,
2811 1917 3049 1972 cessabit
3080 1921 3148 1973 ab
3178 1923 3466 1977 excitando
3497 1939 3528 1978 a
3552 1928 3678 1979 sub-

2109 2003 2307 2073 igendo
2360 2013 2596 2072 pastam,
2641 2004 2817 2062 donec
2858 2007 3232 2065 fermentetur.
3285 2012 3451 2077 LXX,
3486 2030 3676 2071 omnes

2100 2094 2465 2148 adulterantes
2493 2094 2648 2163 quasi
2703 2096 2950 2152 clibanus
2976 2113 3241 2156 accensus
3273 2102 3341 2156 ad
3372 2105 3671 2159 coctionem

2101 2183 2404 2238 deustionis
2460 2184 2648 2255 (Barb.
2688 2187 2971 2242 comburet
2984 2190 3121 2259 eos,)
3151 2207 3180 2245 a
3212 2192 3452 2258 flamma,
3478 2210 3508 2249 a
3532 2212 3673 2251 coni-

2101 2276 2356 2329 mistione
2380 2276 2654 2341 fermenti,
2691 2278 2865 2333 donec
2912 2278 3283 2339 fermentetm'.
3336 2285 3541 2351 Quinta
3570 2290 3671 2339 edi-

2105 2368 2200 2431 tio,
2226 2382 2419 2421 omnes
2443 2368 2509 2422 ad
2534 2369 2949 2426 adulterandum
2982 2377 3218 2441 accensi,
3248 2377 3391 2432 sicut
3430 2378 3619 2432 fornax
3642 2395 3670 2433 a

2106 2458 2340 2526 pistore:
2368 2463 2602 2516 cessavit
2626 2463 2693 2519 ad
2718 2464 2989 2520 modicum
3014 2467 3205 2523 civitas
3229 2484 3256 2520 a
3286 2470 3671 2539 conspersione

424 2546 711 2608 consortii,
751 2554 808 2600 et
861 2557 984 2615 post
1041 2549 1320 2617 paululum
1374 2557 1484 2603 tota
1539 2547 1857 2604 fermentata
1901 2557 2001 2603 est.
2035 2547 2161 2605 Vul.
2220 2566 2411 2608 omnes
2443 2553 2830 2622 adulterantes,
2887 2558 3042 2627 quasi
3089 2560 3337 2616 clibanus
3375 2578 3674 2621 succensus

425 2652 456 2690 a
479 2648 776 2706 coquente:
807 2638 1009 2706 quievit
1036 2639 1319 2709 paululum
1338 2640 1532 2695 civitas
1556 2656 1586 2695 a
1616 2641 2001 2696 commistione
2028 2639 2300 2705 fermenti,
2330 2646 2501 2700 donec
2534 2645 2951 2704 fermentaretur
2994 2658 3191 2707 totum.

422 2709 587 2786 1:35:
624 2735 710 2785 D‘P
751 2726 785 2780 5
856 2731 934 2794 0',
981 2729 1188 2801 ἡμέραι
1235 2729 1341 2782 τῶν
1383 2729 1647 2799 βασιλέων
1706 2731 1882 2803 ήμῶν.
1932 2732 1994 2783 Θ.

424 2818 608 2889 ἡμέρα
637 2818 920 2889 βασιλέως.

424 2892 603 2967 απτ]πὸ
688 2909 765 2962 ’A.
805 2910 1137 2980 χλευαστῶν.
1168 2914 1246 2979 0',
1281 2913 1501 2984 λοιμῶν.

424 3095 561 3177 ῈΠΡ
600 3086 655 3143 6.
740 3089 818 3143 Ἄ.
847 3089 1098 3161 ήγγισαν.
1122 3095 1199 3158 0’,
1225 3093 1622 3166 ἀνεκαύθησαν.

424 3294 629 3343 nam
711 3286 789 3341 Ἀ.
820 3288 878 3342 Σ.
909 3288 970 3342 Θ.
995 3290 1321 3362 ἐνεδρεύειν.
1344 3294 1402 3346 0'
1448 3295 1506 3347 ἐν
1532 3293 1609 3348 τῶ
1632 3296 1999 3367 καταράσσειν

426 3375 650 3437 αὐτούς.

425 3558 545 3633 ’πρὲ
576 3555 737 3609 ΟΠΞΝ
774 3555 869 3634 pm
957 3552 1055 3607 Ἀ-
1077 3552 1324 3611 ὕπνωσεν
1354 3558 1383 3611 ὁ
1405 3559 1622 3614 πέσσων
1651 3564 1882 3634 πρωῒας.
1920 3568 1997 3632 0’,

426 3636 599 3691 ὕπνου
636 3639 877 3711 Ἐφραῒμ
898 3642 1227 3718 ἐνεπλήσθη.

425 3819 597 3874 fD'EJi'l
631 3794 725 3873 "7'1
758 3825 862 3879 rm:
892 3825 993 3877 mn
1026 3818 1059 3873 8
1132 3822 1209 3886 0’,
1243 3821 1457 3890 ἐγένετο
1484 3823 1783 3895 ἐγκρυφίας
1805 3828 1866 3881 ού
1899 3845 1997 3899 με·

424 3904 882 3974 ταστρεφόμενος.
908 3907 984 3974 E',
1013 3908 1116 3974 Em;
1148 3911 1205 3982 (Ι.
1231 3912 1327 3982 ὡς)
1351 3912 1410 3965 ἐν
1447 3915 1638 3987 σποδιᾷ
1667 3918 1999 3989 πεσούμενος

429 3993 593 4064 ἄρτος
621 3996 1071 4067 ἀμετατρέπτως.

426 4178 492 4232 ἀ
524 4180 667 4254 ΠῬἾτ
696 4164 954 4234 nano-:1:
990 4182 1083 4237 W
1119 4158 1192 4235 NL)
1228 4175 1262 4231 9
1335 4179 1410 4244 0',
1435 4179 1535 4232 οὐκ
1567 4178 1726 4250 ἔγνω,
1764 4184 1861 4236 καὶ
1895 4201 1995 4236 πο-

427 4264 545 4316 λιαὶ
577 4263 879 4335 ἐξήνθησαν
898 4267 1065 4337 αὐτῷ.
1094 4268 1169 4334 E',
1199 4270 1300 4322 οὐκ
1333 4270 1546 4341 ᾔσθετο,
1572 4275 1666 4328 καὶ
1695 4274 1868 4329 ταῦτα
1892 4294 1993 4329 πο-

429 4355 542 4418 λιὸς
579 4356 677 4428 ἤδη
707 4358 1007 4428 τυγχάνων.

426 4538 545 4605 VR:
585 4530 651 4583 10
721 4533 797 4596 0',
829 4532 1004 4605 ὕϐρις.
1041 4536 1102 4589 Θ.
1136 4538 1504 4609 ὑπερηφανία.

428 4627 542 4681 τω
611 4625 687 4685 0',
717 4623 1079 4696 ἐπέστρεψαν.
1109 4629 1184 4693 E',
1214 4630 1565 4701 μετενόησαν.

430 4800 623 4881 “map:
694 4795 770 4862 θ’,
800 4796 1132 4871 ἐξεζήτησαν
1163 4802 1344 4858 αὐτόν.
1377 4805 1453 4869 E',
1481 4807 1900 4867 ἐπεκαλέσαντο.

431 4976 572 5029 mm
610 4970 668 5023 Η
760 4972 843 5027 'A.
873 4973 1192 5048 θελγομένη.
1238 4981 1296 5034 Σ.
1326 4982 1679 5058 ἀπατωμένη.
1714 4990 1796 5053 O',
1817 4990 1997 5055 ἄνους.

433 5130 624 5211 ωππὸ
657 5158 829 5211 πω)
868 5150 934 5204 12
1004 5152 1086 5209 Ἀ.
1126 5154 1267 5207 κατά
1315 5156 1485 5225 ἀκοῆς
1523 5158 1622 5228 τῆς
1654 5163 1998 5233 συναγωγῆς.

436 5234 493 5289 Σ.
524 5240 663 5290 κατά
695 5239 865 5309 ἀκοῆς
907 5241 1007 5311 τῆς
1047 5245 1366 5314 μαρτυρίας.
1397 5246 1476 5313 Ο’,
1527 5251 1585 5303 ἐν
1629 5253 1694 5322 τῇ
1736 5254 1873 5323 ἀκοῇ
1904 5254 2002 5323 τῆς

436 5325 666 5401 θλίψεως
687 5332 891 5386 αὐτῶν.

435 5525 551 5603 m‘a
587 5553 673 5604 πυ
711 5548 777 5602 13
851 5550 931 5603 Ἀ.
970 5553 1214 5622 προνομὴ
1252 5553 1452 5618 αὐτοῖς.
1504 5557 1561 5610 Σ.
1603 5557 1883 5632 διαφθορά.
1919 5565 1995 5624 0',

2172 2733 2225 2787 5.
2266 2733 2403 2793 Heb.
2438 2735 2561 2792 Vul.
2596 2738 2713 2793 dies
2748 2741 2890 2809 regis
2921 2742 3113 2798 nostri.
3140 2742 3304 2810 LXX,
3327 2745 3447 2802 dies
3484 2762 3672 2819 regum

2100 2835 2437 2882 nostrorum.
2480 2827 2583 2882 Th.
2624 2828 2743 2884 dies
2766 2831 2935 2902 regis.

2168 2914 2236 2970 Il.
2272 2915 2397 2971 Vul.
2430 2918 2765 2978 illusoribus.
2800 2922 2868 2978 A.
2918 2923 3256 2982 irrisoribus.
3300 2926 3467 2994 LXX,
3517 2932 3676 3001 pesti-

2100 3006 2359 3065 lentibus.

2169 3096 2223 3152 6.
2265 3097 2394 3154 llcb.
2428 3098 2549 3155 Vul.
2580 3102 2982 3173 applicuerunt.
3008 3105 3073 3161 A.
3100 3108 3477 3170 admoverunt.
3500 3112 3669 3181 LXX,

2105 3202 2352 3244 accensa:
2381 3202 2530 3248 sunt.

2170 3278 2301 3336 Heb.
2330 3282 2396 3337 A.
2424 3280 2484 3337 S.
2511 3282 2615 3339 Th.
2643 3284 2696 3338 in
2728 3285 3040 3344 insidiando
3073 3304 3188 3347 eos.
3227 3290 3395 3360 LXX,
3422 3310 3550 3352 cum
3588 3298 3668 3353 iu-

2099 3384 2356 3445 gruerent
2386 3376 2511 3448 ipsi.
2542 3376 2669 3433 ναι.
2710 3394 2835 3435 cum
2880 3382 3230 3441 insidiaretur
3255 3387 3359 3443 eis.

2169 3556 2303 3614 ileb.
2347 3557 2470 3616 Vul.
2505 3560 2761 3618 dormivit
2786 3579 3030 3635 coquens
3057 3581 3174 3633 eos,
3212 3584 3389 3625 mane.
3434 3572 3501 3627 Α.
3536 3572 3671 3629 dor-

2098 3649 2250 3703 mivit
2279 3664 2520 3721 coquens
2551 3668 2733 3709 mane.
2763 3653 2930 3721 LXX,
2958 3672 3154 3715 somno
3195 3659 3450 3733 Ephraim
3483 3668 3665 3737 reple.

2100 3748 2187 3794 tus
2217 3752 2323 3795 est.
2844 3812 2873 3827 ν

2167 3830 2221 3886 8.
2250 3831 2382 3888 Heb.
2416 3832 2516 3889 fuit
2542 3834 2714 3891 libum
2758 3853 2867 3894 non
2895 3855 3136 3899 versum.
3185 3842 3350 3912 LXX,
3383 3844 3564 3904 factus
3588 3861 3675 3907 est

2099 3922 2514 3991 subcinericius,
2546 3927 2640 3996 qui
2680 3943 2791 3983 non
2852 3944 3181 3994 reversatur.
3228 3934 3296 4001 ν,
3325 3940 3479 4007 quasi
3508 3941 3565 3994 in
3600 3945 3675 3996 ci-

2102 4027 2234 4067 nere
2269 4027 2595 4084 consporsus
2650 4019 2832 4086 panis,
2872 4022 2966 4089 qui
3014 4038 3122 4079 non
3162 4038 3494 4083 reversatur.
3541 4029 3671 4085 ναι.

2096 4102 2275 4159 factus
2297 4116 2380 4160 est
2403 4105 2802 4164 subcinericius
2826 4113 2999 4180 panis,
3022 4115 3117 4185 qui
3155 4132 3262 4172 non
3294 4130 3633 4177 reversatur.

2114 4270 2115 4273 η
2166 4195 2221 4250 9.
2272 4194 2337 4251 ll.
2400 4199 2630 4253 nescivit
2680 4203 2845 4257 etiam
2901 4208 3129 4263 canities
3167 4210 3450 4279 sparsitse
3491 4213 3551 4268 in
3583 4232 3671 4271 eo.

2097 4283 2260 4353 LXX,
2288 4289 2534 4354 nescivit,
2562 4301 2616 4345 et
2635 4294 2759 4347 cani
2796 4294 3148 4352 efﬂoruerunt
3170 4301 3241 4354 ei.
3281 4299 3346 4367 V,
3391 4319 3499 4357 non
3540 4321 3673 4360 sen-

2098 4372 2189 4435 sit,
2212 4382 2267 4427 et
2291 4374 2405 4428 haec
2432 4391 2555 4430 cum
2576 4377 2689 4446 jam
2718 4396 2889 4438 canus
2924 4396 3088 4441 esset.
3126 4385 3251 4442 Vul.
3279 4394 3514 4448 nescivit
3538 4411 3553 4447 :
3574 4397 3672 4451 sed

2097 4471 2152 4516 et
2171 4466 2290 4518 cani
2325 4466 2484 4521 eﬂ‘usi
2510 4480 2642 4523 sunt
2674 4471 2727 4525 in
2751 4487 2840 4528 eo.

2170 4555 2258 4609 10.
2288 4556 2355 4614 Η.
2386 4556 2490 4614 Tb.
2517 4558 2643 4616 Vul.
2677 4565 2952 4632 superbia.
2987 4566 3527 4635 LXX,contumelia.

2174 4644 2239 4700 H.
2283 4647 2445 4716 LXX,
2486 4649 2611 4710 Vul.
2640 4656 2845 4711 reversi
2871 4668 3022 4715 sunt.
3063 4659 3125 4728 ν,
3152 4665 3529 4732 ρωιιίιεηιὶειιη
3551 4684 3672 4741 ege-

2100 4745 2247 4790 runt.

2171 4829 2237 4883 ll.
2264 4828 2387 4885 Vul.
2415 4834 2747 4902 quaesierunt
2763 4852 2906 4894 eum.
2932 4839 3095 4907 LXX,
3115 4846 3497 4921 exquisierunt
3514 4868 3669 4909 eum.

2102 4918 2167 4985 ν,
2206 4922 2615 4981 invocaverunt.

2172 5015 2257 5069 Η.
2290 5016 2423 5071 lleb.
2458 5018 2671 5073 stolida.
2704 5020 2770 5078 A.
2801 5021 3096 5080 lactata.S.
3116 5027 3359 5101 decepta.
3393 5031 3559 5103 LXX,
3582 5040 3668 5093 in-

2100 5106 2321 5175 sipiens.
2362 5106 2481 5163 Vul.
2509 5112 2753 5166 seducta.

2174 5196 2255 5249 12.
2291 5196 2430 5254 Heb.
2455 5200 2613 5269 juxta
2637 5203 2882 5259 auditum
2913 5218 3093 5265 costus
3119 5229 3335 5270 eorum.
3366 5217 3430 5270 Δ.
3467 5234 3670 5273 secun-

2101 5288 2226 5342 dum
2268 5290 2512 5344 auditum
2575 5308 2882 5365 synagogas.
2952 5298 3010 5353 S.
3062 5306 3361 5361 secundum
3415 5312 3669 5364 auditum

2102 5380 2415 5434 testimonii.
2450 5379 2616 5443 LXX,
2658 5385 2844 5438 auditu
2882 5388 3247 5450 tribulationis
3283 5412 3495 5453 eorum.
3538 5399 3666 5455 Vul.

2099 5472 2396 5526 secundum
2421 5472 2753 5529 auditionem
2794 5488 2968 5534 canus
2998 5497 3210 5540 eorum.

2172 5564 2256 5619 15.
2314 5563 2479 5622 Hebr.
2515 5568 2559 5623 A
2632 5574 2857 5630 vastitas
2894 5578 2992 5633 eis.
3056 5578 3138 5635 S..
3178 5581 3450 5640 interitus.
3495 5583 3671 5650 LXX,
