3826 6218
96 302 216 357 9.0M

95 418 299 470 δείλαιοῐ
326 416 478 469 εἰσιν.
504 415 565 467 Θ.
598 454 611 467 .
647 451 662 466 .
698 453 710 465 .
751 412 825 474 E’,
858 410 1308 480 ὲκπορθήσονται.

95 490 643 570 nmen-531%"
682 516 736 564 τ)
778 505 839 558 it
926 505 1006 558 'A.
1059 504 1195 556 ἀλλά
1235 500 1479 568 ἀσελγῶς
1522 500 1641 552 ἐλά-

95 602 270 670 λησαν.
310 603 365 652 Σ.
400 600 512 652 ἀλλ’
544 599 576 668 ἣ
604 598 964 667 ἐχρεμέτισαν
1013 599 1069 649 ὲν
1107 598 1227 657 ταῖς
1264 594 1645 647 κατακλίσεσιν

96 689 281 742 αὐτῶν.
315 688 398 749 0',
437 688 549 739 ἀλλ’
582 688 613 757 ἢ
646 688 909 752 ὼλόλυζον
939 688 998 739 ὲν
1030 689 1150 748 ταῖς
1185 686 1389 746 κοίταις
1446 682 1641 736 αὐτῶν.

96 791 149 839 νει
179 789 316 838 moi
353 788 567 840 haram
605 788 805 838 ωπηη-ιπ
839 762 1026 866 μτ-Βν
1097 780 1172 841 (γ,
1225 777 1317 829 ἐπὶ
1369 776 1501 845 σίτῳ
1554 774 1648 866 καὶ

95 873 210 943 οἴνῳ
244 872 649 941 κατετέμνοντο,
699 871 1098 940 ὲπαιδεύθησαν
1147 872 1204 922 ὲν
1238 870 1380 938 ἐμοί.
1432 867 1509 930 Ε’,
1542 865 1646 918 ὑπὸ

96 964 291 1033 τρυφῆς
339 963 433 1015 καὶ
480 962 802 1033 πλησμονῆς
832 961 980 1013 σίτου
1027 960 1120 1012 καὶ
1150 960 1292 1011 οἴνου
1331 956 1645 1025 ἀπέστησάν

99 1074 211 1127 μου.
241 1058 472 1121 Ἄλλος,
499 1054 780 1118 ἐξέκλιναν
811 1053 904 1107 ἀπ’
930 1050 1085 1122 ἐμοῦ.

92 1323 153 1401 ίνῖ
184 1322 250 1399 κθ
285 1344 434 1398 ἸΞῚὉἺ
472 1339 539 1392 16
611 1338 669 1391 Σ.
705 1334 1039 1405 ἀνέστρεψαν
1069 1333 1149 1395 εἰς
1179 1332 1239 1385 τὸ
1274 1330 1347 1401 μὴ
1378 1329 1521 1400 ἔχειν
1553 1328 1643 1392 ζυ-

92 1432 193 1498 γόν.
227 1435 301 1495 0’,
334 1428 760 1499 ἀπεστράφησαν
788 1427 867 1488 εἰς
893 1424 1065 1477 οὐδέν.
1106 1422 1181 1485 E',
1212 1421 1525 1489 ἀπέστησαν
1555 1420 1642 1471 ἵνα

89 1524 332 1591 διάγωσιν
362 1522 487 1574 ἄνευ
521 1518 709 1588 ζυγοῦ.

88 1706 225 1755 mm
295 1695 352 1748 Σ.
384 1690 842 1763 ἀνεστραμμένον.
876 1689 951 1753 0',
986 1685 1357 1755 ἐντεταμένον.
1412 1683 1487 1748 E',
1533 1683 1647 1736 διά-

90 1802 329 1858 στροφον.

88 1888 231 1938 Em
310 1878 387 1928 Ἀ.
432 1877 487 1928 Σ.
520 1875 586 1927 δι’
626 1872 978 1945 ὲμὸρῐμησιν.
1023 1870 1097 1935 0',
1152 1869 1219 1920 δι’
1263 1865 1643 1921 ἀπαιδευσίαν.

88 1970 154 2034 E',
187 1970 270 2022 διὰ
307 1968 520 2038 μανίαν.

89 2156 269 2205 Ε’ἿΚὩ
304 2155 469 2229 γῆμ’-ἰ
504 2128 647 2209 ωςτὸ
681 2152 728 2202 τε
800 2142 881 2197 Ἀ.
907 2135 1060 2202 οὗτος
1085 2139 1113 2189 ὁ
1139 2138 1439 2208 μυχθισμὸς
1465 2136 1645 2189 αὐτῶν

89 2243 139 2291 ἐν
160 2243 224 2311 γῇ
246 2239 521 2308 Αἰγύπτῳ.
550 2240 606 2291 Σ.
636 2237 792 2290 τοῦτό
816 2239 963 2287 ἐστιν
995 2233 1022 2285 ὃ
1050 2232 1383 2301 ἐφθέγξαντο
1405 2232 1463 2283 ὲν
1486 2230 1644 2296 Αἰγύ-

87 2348 193 2399 πτῳ
248 2336 321 2393 U’,
358 2324 510 2392 οὗτος
552 2334 579 2384 ὁ
610 2328 916 2398 φαυλισμὸς
954 2326 1131 2381 αὐτῶν
1163 2327 1221 2377 ὲν
1247 2326 1317 2393 γῇ
1364 2321 1640 2391 Αἰγύπτῳ.

91 2420 156 2482 E',
182 2419 349 2489 αὖτην
382 2419 702 2489 ἐϐλασφήμη
712 2435 831 2470 σαν.

1408 288 1586 345 OSEE
1623 285 1847 343 CAPUT
1890 284 2018 339 VIII.

3176 290 3316 344 ‘294‘2

1750 404 2051 457 meticulosi
2081 411 2224 455 sunt.
2257 400 2358 455 Th.
2384 402 2622 457 miseria.
2674 403 2738 470 ν,
2780 403 2901 459 Vul.
2934 406 3313 464 vastabuutur.

1815 494 1900 547 Η.
1939 492 2003 545 Η.
2041 494 2167 561 quia
2219 493 2501 547 ulularunt
2553 509 2716 563 super
2748 496 3020 553 cubilibus
3071 500 3205 553 suis.
3246 503 3312 554 A.

1748 586 1840 638 sed
1878 586 2111 638 molliter
2134 585 2298 638 locuti
2331 594 2479 639 sunt.
2514 586 2571 639 S.
2602 588 2694 640 sed
2721 588 3036 643 hinnierunt
3065 591 3119 644 in
3159 595 3316 647 cubi—

1748 677 1947 730 bilibus
1964 675 2396 739 suis.LXX,Vul.
2418 677 2509 731 sed
2526 678 2804 732 ululabant
2821 681 2872 733 in
2891 682 3160 738 cubilibus
3178 686 3314 739 suis.

1816 764 1949 819 Heb.
1982 782 2144 834 super
2181 768 2417 820 triticum
2470 775 2524 821 et
2578 778 2817 822 mustum
2851 785 3318 842 congregaverant

1748 871 1826 921 se,
1850 857 2160 912 defecerunt
2194 875 2222 912 a
2253 875 2356 913 me.
2396 859 2556 927 LXX,
2584 876 2748 930 super
2780 862 2960 916 tritico
2985 873 3039 918 et
3065 865 3191 919 vino
3206 865 3317 921 dis—

1748 949 2069 1005 secabantur
2111 951 2351 1004 :eruditi
2390 964 2515 1006 sunt
2542 952 2593 1005 in
2644 968 2749 1006 me.
2781 953 2845 1018 V,
2894 970 2922 1007 a
2972 956 3243 1026 voluptate
3264 968 3319 1013 et

1747 1039 2079 1094 abundantia
2134 1042 2295 1094 tritici
2328 1052 2382 1095 et
2415 1044 2523 1096 vini
2552 1042 2869 1099 defecerunt
2901 1061 2931 1099 a
2965 1061 3070 1100 me.
3108 1049 3197 1101 Αι.
3223 1050 3317 1102 de-

1747 1132 2086 1186 clinaverunt
2118 1148 2149 1186 a
2186 1149 2291 1187 me.
2348 1133 2474 1190 Vul.
2520 1151 2681 1205 super
2733 1139 2974 1193 triticum
3024 1150 3079 1195 et
3126 1142 3311 1196 vinum

1746 1222 2112 1287 ruminabant,
2145 1232 2491 1279 recesserunt
2520 1242 2550 1281 a
2600 1244 2705 1283 me.

1823 1309 1911 1362 l6.
1941 1309 2105 1362 Hebr.
2136 1321 2477 1366 revertentur
2524 1315 2729 1384 absque
2753 1315 2902 1387 jugo.
2949 1319 3005 1371 S.
3046 1317 3201 1389 Vulg.
3230 1336 3319 1374 re-

1746 1400 1888 1455 versi
1920 1410 2067 1461 sunt.
2103 1410 2161 1454 ut
2185 1412 2367 1457 essent
2399 1406 2603 1473 absque
2667 1407 2818 1477 jugo.
2863 1408 3027 1475 LXX,
3069 1412 3317 1467 conversi

1748 1501 1874 1546 sunt
1901 1492 1953 1545 iu
1997 1493 2253 1548 nihilum.
2284 1495 2342 1558 ν,
2378 1496 2711 1563 defecerunt,
2758 1510 2814 1553 ut
2836 1500 3089 1568 degerent
3113 1504 3318 1572 absque
3353 1534 3357 1541 ι

1743 1584 1899 1653 jugo.

1822 1673 1886 1726 II.
1912 1675 2039 1728 doli.
2081 1677 2136 1729 S.
2175 1693 2416 1733 eversus.
2452 1679 2613 1745 LXX,
2664 1682 2929 1738 inlensus.
2979 1684 3040 1749 ν,
3068 1700 3313 1740 eversus.

1732 1760 1879 1821 'Vul.
1914 1769 2157 1822 dolosus.

1820 1859 1955 1915 Heb.
1979 1873 2197 1931 propter
2249 1860 2508 1917 furorem.
2535 1864 2594 1918 A.
2638 1863 2695 1918 S.
2736 1875 2956 1935 propter
3016 1869 3315 1925 fremitum.

1751 1950 1915 2018 LXX,
1960 1963 2175 2023 propter
2221 1954 2568 2024 imperitiam.
2633 1958 2695 2023 V,
2755 1970 2976 2030 propter
3021 1961 3312 2017 insaniam.

1752 2040 1876 2097 Vul.
1914 2059 1944 2097 a
1985 2044 2191 2098 furore.

1824 2135 1986 2190 Hebr.
2010 2135 2130 2191 νηὶ,
2162 2138 2265 2193 ista
2304 2140 2656 2194 subsannatio
2670 2156 2860 2195 eorum
2897 2144 2950 2195 in
2984 2152 3125 2198 terra
3152 2144 3318 2217 [Egy-

1750 2228 1847 2297 pti.
1884 2230 1949 2282 A.
2001 2230 2103 2284 ista
2139 2232 2496 2287 sulisanuatio
2547 2249 2737 2287 eorum
2787 2235 2839 2288 in
2890 2245 3031 2289 terra
3060 2235 3317 2308 ZEgypm.

1752 2318 1811 2373 S.
1835 2320 1941 2373 hoc
1961 2330 2044 2375 est
2073 2322 2217 2390 quod
2251 2324 2413 2377 locuti
2454 2334 2582 2379 sunt
2620 2326 2675 2380 in
2717 2325 2968 2398 Egypto.
3003 2328 3165 2396 LXX,
3204 2320 3319 2385 hinc

1751 2420 1836 2465 est
1859 2411 2221 2467 subsannatio
2251 2430 2436 2469 eorum
2486 2418 2539 2469 in
2585 2425 2725 2471 terra
2765 2417 3020 2490 Egypto.
3073 2422 3137 2487 V,
3180 2424 3318 2477 hanc

1744 2500 2103 2571 blasphemati
2129 2514 2277 2560 sunt.

888 2620 1064 2681 None
1094 2622 1155 2678 et
1187 2615 1380 2678 varies
1432 2613 1746 2679 lectiones
1798 2620 1875 2681 ad
1933 2639 2069 2701 cap.
2104 2625 2215 2685 Vll
2252 2626 2443 2687 Osee.

150 2728 211 2783 Υ.
244 2730 291 2783 1.
314 2730 398 2793 Σ.,
429 2734 521 2780 καὶ
545 2726 804 2795 κλέπτης.
846 2726 943 2779 Hae
980 2722 1239 2778 lectiones
1280 2721 1544 2791 prodeunt
1578 2734 1645 2775 ex

96 2799 159 2853 Ba
168 2800 393 2853 rberino.

156 2868 211 2921 ν.
248 2872 300 2922 ‘2.
344 2872 449 2930 Ἃ..
484 2870 577 2921 καὶ
604 2868 807 2937 μήποτε
837 2862 1049 2937 etc._E;
1078 2864 1287 2937 eodem“.

153 2940 276 2993 “IIII.
326 2940 431 2999 Ἄ..
466 2941 549 3001 Σ.,
580 2932 753 2999 9.,’τὰ
785 2933 1211 3003 ἐπιτηδεύματα.
1245 2932 1641 2986 Theodoretus.

91 3008 400 3063 Barberinus
439 3012 488 3063 id
525 3008 851 3078 Symmacho
874 3014 1080 3059 tantum
1125 3004 1331 3063 tribuit.
1363 3011 1415 3057 et
1462 3004 1645 3055 lectio—

91 3096 199 3152 nem
227 3080 437 3152 Quinta:
466 3079 637 3152 effert.
756 3146 769 3152 _
866 3145 878 3152 _
1077 3144 1090 3152 _
1149 3143 1160 3152 _
1269 3140 1303 3152 .,
1375 3140 1384 3152 .
1472 3141 1482 3152 .

154 3149 209 3201 ν.
236 3140 293 3202 ἶ.
332 3150 481 3202 llanc
510 3148 723 3214 Quintae
756 3145 1043 3199 lectionem
1077 3143 1237 3197 habet
1267 3140 1614 3195 Barberinus.

153 3219 212 3273 V.
244 3221 295 3273 5.
326 3221 417 3282 Θ..
448 3220 627 3289 ἡμέρα
653 3219 780 3289 βασ-
812 3215 1160 3289 Darberinus.

152 3290 277 3344 Ibid.
328 3291 435 3353 ’A.,
463 3282 788 3358 iisbmav.
832 3284 995 3341 Idem.
1029 3284 1095 3338 Et
1140 3298 1302 3348 mox,
1332 3283 1441 3344 ‘A.,
1484 3282 1645 3352 ἤγγι-

91 3373 197 3413 σαν.
218 3360 382 3414 Idem.

158 3430 213 3483 V.
241 3430 292 3483 6.
325 3431 432 3491 ‘A.,
461 3430 543 3493 Σ.,
568 3428 652 3492 8.,
680 3425 997 3496 ἐνεδρεύειν.
1026 3424 1103 3479 Ex
1134 3423 1266 3479 edit.
1308 3422 1568 3477 Romana.

153 3500 279 3553 Ibid.
302 3503 413 3563 Ἀ..
438 3499 684 3552 ὕπνωσεν
714 3508 815 3551 etc.
845 3496 1120 3549 Barberiu.

156 3570 431 3641 Lectiones
461 3584 652 3641 versus
678 3569 731 3641 8.
752 3569 784 3620 9
807 3577 861 3620 et
882 3568 951 3641 10
977 3581 1042 3641 ea;
1076 3564 1287 3641 eodem.

157 3639 335 3696 v.11.
383 3640 826 3709 Ἀηθελγομένη.
881 3637 962 3700 Σ.,
1013 3634 1365 3704 ἀπατωμένη.
1417 3629 1640 3685 Ilieron.

1753 2722 2119 2805 Earlierinus:
2158 2728 2261 2793 ‘A.,
2294 2731 2624 2805 duqrwpévn
2652 2734 2909 2805 ἀνοήτως,
2949 2735 3105 2789 male.

1830 2793 1888 2872 V_.
1927 2796 2011 2872 1?.
2042 2800 2146 2858 ’A..
2185 2800 2325 2852 κατά
2376 2793 2543 2872 ἀκοῆς
2571 2793 2673 2857 etc.
2706 2793 2815 2859 Has
2852 2793 3111 2860 lectiones
3161 2803 3321 2860 habet

1753 2863 2102 2921 Barberinus.

1827 2932 1892 3016 ιζ.
1934 2937 2017 3016 1-5.
2056 2936 2136 2997 S..
2182 2938 2452 3016 interitus.
2491 2939 2900 3016 Th..pmiseria.
2936 2944 3316 3016 Hieronymus.

1755 3003 2079 3088 Earberinuns
2124 3024 2252 3061 vero
2298 3010 2555 3088 lectiones
2623 3013 2829 3088 Aquilie
2897 3024 2950 3069 et
3003 3003 3318 3088 §yminachi

1750 3074 1935 3155 Greece
1967 3075 2254 3155 adfertLut
2295 3095 2394 3155 nos
2448 3074 2703 3136 edimus.-
2736 3083 2948 3155 [Lamb.
3002 3074 3148 3141 Bias:
3187 3080 3315 3150 'I‘h.,

1749 3144 2109 3216 ταλᾳιπῳρία.
2142 3148 2340 3201 Dmcn.

1820 3212 1884 3266 v.
1921 3212 2013 3268 44:
2056 3216 2179 3295 Ἀ..
2220 3218 2301 3283 Σ.,
2345 3212 2491 3295 ἀλλὰ,
2531 3221 3104 3295 ἀσελγῶςΑὲλάλησαν.
3146 3228 3322 3283 Editio

1750 3282 1996 3367 I‘lomana
2027 3300 2094 3339 ex
2120 3282 2345 3367 Victore
2368 3282 2729 3367 Antiochenb.
2755 3282 2876 3348 'Sed
2905 3282 3068 3367 longe
3098 3282 3320 3367 praestat

1750 3352 2103 3431 Barberinum
2136 3359 2311 3427 sequi,
2338 3360 2428 3429 qui
2465 3375 2532 3414 ex
2568 3361 2698 3431 ipsis
2722 3403 2738 3427 ,
2779 3372 2837 3417 ut
2870 3352 3114 3431 videtur:
3141 3352 3319 3423 Heia;

1752 3423 1856 3492 plis
1888 3423 2251 3481 concinnatus
2273 3423 2375 3482 est:

1822 3493 1956 3576 l‘hid.
1990 3496 2065 3559 E',
2090 3496 2193 3576 eius;
2211 3499 2424 3576 τρυφῆς
2452 3509 2556 3555 etc.
2587 3500 2735 3576 lianc
2754 3511 2809 3576 et
2837 3515 3124 3573 sequentes
3147 3518 3321 3576 usque

1751 3562 1804 3615 in
1834 3566 1993 3618 tinem
2028 3568 2223 3635 capitis
2249 3562 2516 3624 lectiones
2544 3586 2608 3625 ex
2644 3562 2939 3628 Barberino
2964 3562 3293 3632 mutuamur.

1327 3848 1527 3908 OSEE
1558 3843 1815 3905 CAPUT
1843 3844 2011 3906 VIII.

89 3969 208 4020 Ἕω
240 3940 462 4040 τιτι-³⁸)δῖ
504 3957 525 4009 I
617 3958 694 4009 Ἀ.
743 3956 800 4007 Σ.
833 3954 895 4008 Θ.
929 3995 942 4009 .
978 3994 993 4008 .
1023 3998 1032 4007 .
1067 3992 1080 4006 .
1120 3994 1133 4008 .
1169 3995 1184 4009 .
1215 3956 1288 4016 0',
1334 3954 1411 4013 εἰς
1453 3950 1650 4002 κόλπον

90 4046 276 4113 αὐτῶν,
311 4048 388 4110 ὼς
415 4048 508 4116 γῆ.

87 4124 217 4219 ’[⁸⁷λῖ
248 4151 340 4198 nn
378 4139 412 4193 5
497 4138 574 4190 Ἀ.
604 4135 895 4204 ἀπώθησον
929 4135 1160 4205 μόσχους
1193 4152 1305 4186 σου.
1329 4135 1386 4186 Σ.
1422 4132 1652 4201 ἀπεϐλή-

90 4227 153 4296 θη
184 4230 210 4281 ὁ
245 4232 443 4299 μόσχος
474 4246 586 4281 σου.
622 4230 698 4293 0',
721 4226 1018 4295 ἀπὸτριψαι
1054 4227 1143 4276 τὸν
1182 4226 1378 4293 μόσχον
1415 4240 1505 4273 σου
1554 4223 1645 4287 (al.

90 4321 426 4391 ἁττὸρῤιψον).
456 4320 514 4373 Θ.
550 4319 870 4390 ἀπόρῤιψαι.
919 4315 995 4381 E',
1029 4315 1334 4385 ἀπόϐλητὸς
1377 4314 1468 4366 σού
1503 4317 1648 4366 ἐστιν

89 4412 113 4460 ὁ
141 4412 355 4479 μῷσχος.

85 4508 186 4585 ΓΡ]
270 4501 722 4570 Ἀ.ὰθωωθῆναε.
766 4501 824 4553 Σ.
872 4498 1234 4569 καθαρθῆναι.
1291 4503 1368 4559 U',
1423 4495 1651 4565 καθαρι-

91 4595 291 4663 σθῆναι.

87 4690 213 4741 tm
248 4682 282 4736 6
367 4682 446 4735 Ἀ.
468 4682 738 4751 τεχνίτης.
774 4681 851 4745 0',
889 4680 1113 4732 τέκτων.

88 4783 181 4831 κττ
213 4759 395 4833 ῠῒηθκ
432 4759 522 4833 κίΤΙ
555 4783 704 4837 τηεν
736 4782 867 4833 mn
903 4780 1025 4831 mm
1078 4774 1153 4835 0',
1173 4770 1265 4824 καὶ
1294 4770 1425 4822 αὐτὸ
1446 4770 1650 4822 τέκτων

90 4865 327 4935 ἐποίησε,
358 4868 452 4919 καὶ
476 4869 537 4918 οὐ
588 4867 719 4929 Θεός
745 4868 881 4918 ἐστι.
914 4866 991 4930 E',
1021 4864 1115 4917 καὶ
1151 4864 1212 4916 τὸ
1261 4863 1366 4916 ὑπὸ
1405 4862 1652 4924 τέκτονος

90 4954 369 5023 γενόμενον
399 4956 497 5007 οὐκ
527 4954 591 5007 ἂν
682 4955 831 5017 Θεός.

90 5138 278 5188 mm
363 5131 441 5183 Ἀ.
478 5169 492 5182 .
528 5170 541 5182 .
582 5171 594 5182 .
626 5172 638 5184 .
690 5130 748 5184 Σ.
781 5128 1191 5182 ἀκαταστατῶν.
1216 5130 1293 5187 0',
1319 5127 1380 5178 Θ.
1412 5126 1647 5180 πλανῶν.

92 5221 163 5284 E',
196 5221 496 5291 ρεμϐεὑων.
530 5224 773 5287 Ἄλλος,
809 5220 1202 5291 παραπλησίως
1248 5218 1325 5288 τῷ
1364 5219 1466 5287 τῆς
1512 5218 1649 5287 ἀρά-

92 5327 213 5381 χνης
242 5330 393 5382 ιστῳ·

93 5497 273 5549 ΒἿἾΞἏΝ
308 5475 364 5551 1L)
397 5502 523 5552 ττἹέ
557 5502 675 5551 ΝἽΞ
712 5492 745 5547 9
828 5493 905 5546 Ἃ.
936 5493 1165 5563 ὖναγρος
1191 5495 1437 5563 μονάζων
1473 5490 1648 5561 ἑαυτῷ

108 5582 356 5653 Ἐφραῖμ.
387 5585 443 5639 Σ.
477 5585 571 5637 καὶ
596 5588 695 5637 οὐκ
724 5585 1012 5638 ἀνέϐαλλεν
1044 5589 1102 5639 ὲν
1130 5586 1254 5655 ἐμοὶ
1291 5585 1546 5655 Ἐςρραῖμ.
1566 5585 1644 5651 0',

94 5671 346 5728 ἀνέθαλλε
375 5678 493 5729 καθ’
527 5678 716 5730 ἑαυτὸν
757 5678 1012 5748 Ἐφραῖμ.
1054 5678 1114 5731 Θ.
1144 5678 1370 5747 ὅναγρος
1402 5678 1648 5747 μονάζων

338 5795 609 5859 PATROL.
659 5796 776 5857 Gn.
824 5797 993 5857 XVI.

1830 3949 1877 4001 Ι.
1908 3947 1976 4005 H.
2020 3950 2086 4005 ad
2128 3952 2369 4021 palatum
2419 3963 2570 4009 tuum
2591 3956 2795 4011 tubam.
2823 3960 2888 4011 A.
2916 3958 2973 4012 S.
3002 3956 3319 4015 Th.Vu|.in

1753 4034 1968 4107 gutt’ure
1985 4050 2078 4096 tuo
2093 4044 2160 4097 sit
2182 4045 2330 4099 tuba.
2362 4044 2523 4111 LXX,
2542 4047 2595 4101 in
2619 4048 2740 4101 sinu
2759 4062 2947 4102 eorum
2963 4048 3121 4117 quasi
3152 4058 3317 4103 terra.

1822 4129 1874 4182 5.
1907 4131 2042 4185 Heb.
2078 4133 2264 4201 rejecit
2291 4134 2491 4189 vitulus
2546 4146 2689 4190 tuus.
2730 4138 2790 4190 A.
2852 4138 3061 4207 expelle
3086 4138 3318 4193 vitulum

1754 4229 1923 4274 tuum.
1948 4221 2005 4277 S.
2028 4221 2147 4278 Vul.
2174 4228 2443 4295 projectus
2472 4238 2555 4282 est
2572 4230 2768 4284 vitulus
2795 4238 2940 4285 tuus.
2979 4229 3145 4290 LXX.
3167 4230 3321 4285 abole

1751 4311 1979 4365 vitulum
2033 4325 2207 4369 tuum.
2244 4316 2344 4371 Th.
2399 4320 2618 4388 projice.
2668 4318 2732 4387 V,
2780 4320 3013 4390 rejectus
3059 4336 3089 4374 a
3135 4329 3187 4374 te
3237 4330 3322 4377 est

1752 4402 1975 4459 vitulus.

1822 4496 1985 4549 Hebr.
2031 4498 2417 4553 innocentiam.
2470 4501 2533 4553 A.
2605 4503 2840 4572 purgari.
2884 4500 2940 4557 S.
2998 4501 3163 4567 LXX,
3194 4504 3318 4561 Vul.

1752 4589 2063 4642 emundari.
2342 4580 2347 4585 δ

1822 4680 1875 4733 6.
1913 4680 2047 4736 Heb.
2086 4684 2147 4735 A.
2185 4681 2344 4750 LXX,
2372 4680 2497 4738 Vul.
2529 4684 2743 4739 artifex.

1822 4769 1956 4826 Heb.
1979 4783 2034 4826 et
2067 4774 2181 4842 ipse
2210 4776 2405 4830 artifex
2451 4776 2577 4831 fecit
2601 4793 2748 4843 eum,
2797 4787 2853 4833 et
2873 4794 2979 4833 non
3033 4777 3176 4834 Deus
3204 4779 3320 4849 ipse

1753 4862 1902 4932 (est).
1945 4861 2107 4930 LXX,
2141 4873 2195 4919 et
2227 4866 2331 4921 hoc
2359 4866 2549 4921 artifex
2583 4867 2729 4933 fecit,
2762 4878 2815 4923 et
2888 4886 2995 4924 non
3039 4879 3122 4925 est
3153 4871 3313 4925 Deus.

1754 4951 1819 5017 ν,
1848 4954 1917 5008 ab
1955 4956 2161 5011 artifice
2192 4955 2416 5022 factum,
2459 4976 2801 5031 nequaquam
2825 4961 2987 5016 fuerit
3012 4961 3172 5017 Deus.
3192 4963 3313 5017 Vul.

1752 5052 1805 5097 et
1833 5044 1948 5113 ipse
1980 5056 2096 5101 est:
2130 5047 2321 5103 artifex
2354 5048 2479 5104 fecit
2512 5051 2685 5111 illum.
2722 5057 2776 5104 et
2801 5067 2905 5105 non
2937 5062 3018 5106 est
3050 5053 3209 5106 Deus.

1823 5132 1956 5188 Heb.
1982 5137 2356 5193 contritiones.
2386 5142 2448 5193 A.
2488 5136 2818 5205 errantibus,
2867 5140 2982 5195 sive
3015 5140 3315 5195 conversis.

1756 5223 1812 5278 S.
1840 5227 2132 5283 instabilis.
2165 5229 2331 5293 LXX,
2362 5230 2461 5285 Th.
2490 5231 2772 5286 seducens.
2809 5230 2867 5298 V,
2899 5230 3187 5287 fluctuans.
3227 5231 3315 5285 Al.

1752 5319 2212 5387 quemadmodum
2249 5339 2573 5380 aranearum
2604 5326 2726 5380 tela.
2758 5322 2881 5378 Vul.
2910 5324 2965 5378 in
2993 5340 3317 5379 aranearum

1750 5411 1906 5466 telas.

1818 5496 1872 5550 9.
1906 5497 1973 5552 H.
2008 5498 2073 5553 A.
2107 5494 2230 5551 ναι.
2263 5514 2464 5571 onager
2492 5500 2769 5555 solitarius
2793 5501 2896 5556 sibi
2946 5500 3226 5571 Ephraim.
3258 5501 3318 5557 S.

1755 5598 1809 5645 et
1831 5605 1937 5644 non
1965 5589 2207 5645 reﬂoruit
2228 5593 2305 5646 'in
2361 5609 2446 5647 me
2495 5591 2774 5662 Ephraim.
2807 5591 2971 5656 LXX,
3001 5594 3322 5663 germinavit

1756 5683 1895 5751 apud
1929 5682 2166 5752 seipsum
2196 5681 2473 5753 Ephraim.
2506 5684 2609 5740 Th.
2648 5700 2852 5756 onager
2882 5686 3159 5741 solitarius
3179 5687 3319 5756 apud

2926 5802 3003 5861 93
