3826 6218
441 300 576 357 Ξθιῦ

441 415 558 469 καθ’
582 412 773 467 ἑαυτὸν
821 411 1078 481 Ἐφραῖμ.
1114 409 1189 472 E',
1218 407 1291 470 ὼς
1329 406 1555 474 ὂναγρος
1593 402 1836 473 μονάζων
1877 401 1999 454 καθ’

439 506 627 560 ἑαυτὸν
658 501 1029 571 διαιτώμενος.

436 604 639 677 ΒῺΡΝ
680 600 797 652 nm
830 598 987 648 D7111
1019 592 1228 645 1311’”:
1263 594 1338 645 ελ
1363 583 1429 637 10
1500 584 1575 645 0',
1614 580 1702 634 διὰ
1730 579 1886 632 τοῦτο
1908 595 2004 677 παν

440 671 823 753 ραδοθήσονται
852 681 911 732 ὲν
937 680 1044 741 τοῖς
1070 677 1265 731 ἔθνεσι.
1297 674 1411 728 Νῦν
1439 674 1743 743 εἰσδέξομαι
1783 671 1999 735 αὐτούς.

436 776 513 838 E',
547 772 680 826 ἀλλὰ
706 771 798 823 καί
817 770 943 822 ὅταν
971 767 1305 838 μισθώσηται
1336 765 1483 835 ἔθνη,
1508 764 1707 827 εὐθέως
1731 779 2004 833 περιστοι-

437 862 687 936 χειοῦμαι
718 859 935 923 αὐτούς.

438 1153 597 1205 gmw
629 1124 750 1225 πίνω
781 1150 974 1200 mn
1006 1148 1145 1203 nm:
1180 1121 1321 1197 151131
1405 1138 1483 1188 ‘A.
1506 1137 1599 1189 καὶ
1620 1134 2005 1189 λιτανεύσωσιν

437 1241 619 1308 ὀλίγον
652 1239 760 1290 ἀπὸ
786 1237 1027 1308 ἅρματος
1060 1233 1319 1304 βασιλέως
1356 1231 1452 1283 καὶ
1480 1230 1778 1299 ἀρχόντων.
1817 1230 1876 1283 Σ.
1912 1228 2006 1282 καὶ

442 1330 693 1401 μενοῦσιν
737 1328 928 1399 βραχοὶ
982 1326 1043 1395 (ι.
1082 1325 1290 1395 βραχεῖ)
1347 1321 1455 1375 ἀπὸ
1508 1321 1674 1390 φόϐου
1721 1320 2002 1392 βασιλέων,

438 1423 531 1475 καὶ
562 1419 891 1488 διαλείψουσι
916 1416 1010 1471 τοῦ
1041 1416 1233 1487 χρίειν.
1267 1416 1343 1477 0',
1367 1414 1459 1467 καὶ
1487 1412 1785 1465 κοπὰσουσι
1814 1412 2006 1481 μικρὸν

438 1508 532 1562 τοῦ
564 1509 735 1579 χρίειν
754 1506 979 1577 βασιλέα
1000 1520 1094 1559 και
1122 1505 1402 1575 ἄρχοντας.
1444 1502 1509 1557 Θ.
1556 1502 1649 1556 καὶ
1676 1500 2005 1570 διαλείψουσι

438 1601 531 1654 τοῦ
561 1601 756 1671 χρίειν.

437 1780 611 1831 uim:
643 1780 847 1830 arma
880 1778 1045 1829 imm
1082 1780 1180 1828 ua
1216 1755 1477 1829 aha-Du
1529 1767 1596 1820 12
1680 1768 1757 1819 Ἀ.
1810 1765 2004 1835 γράψω

439 1863 588 1932 αὑτῷ
609 1862 1040 1933 πληθυνομένους
1068 1862 1282 1930 νόμους,
1311 1860 1511 1931 ὁμοίως
1534 1858 1803 1928 ἀλλότριοι
1833 1857 2007 1926 ἐλογί-

442 1953 665 2022 σθησαν.
701 1955 758 2006 Σ.
794 1952 1009 2023 ἔγραψα
1034 1952 1181 2022 αὐτῷ
1216 1950 1419 2021 πλῆθος
1451 1950 1632 2020 νόμων
1662 1966 1785 2019 μου,
1808 1949 1882 2012 ὡς
1916 1948 2007 2002 ἁλ-

437 2045 636 2116 λότριοι
668 2043 1042 2114 ἐλογίσθησαν.
1072 2046 1148 2108 0',
1200 2041 1537 2112 καταγράψω
1582 2041 1728 2111 αὐτῷ
1777 2039 2001 2110 πλῆθος,

438 2137 532 2187 καὶ
560 2134 627 2187 τὰ
656 2133 857 2204 νόμιμα
887 2133 1051 2187 αὑτοῦ
1086 2134 1164 2195 εἰς
1188 2132 1439 2202 ἀλλότρια
1482 2130 1857 2200 ἐλογίσθησαν.

1450 280 1913 339 llEXAPLORUM
1954 276 2119 344 QUAE
2160 275 2586 333 SUPEllSUNT.

3531 278 3687 333 29M

2103 403 2341 471 seipsum
2394 398 2668 469 Ephraim.
2702 398 2771 465 Υ,
2794 397 2950 467 quasi
2982 411 3183 467 onager
3230 397 3503 452 solitarius
3522 398 3684 467 apud

2103 509 2338 564 seipsum
2385 494 2549 546 vitam
2590 506 2775 562 agens.

2178 586 2267 642 10.
2302 584 2464 639 Hebr.
2496 583 2668 638 Etiam
2696 584 2820 652 quia
2852 597 3077 637 munera
3125 583 3395 635 miserunt
3441 581 3505 635 ad
3538 596 3686 651 gen-

2103 689 2184 734 tes
2204 719 2220 743 ,
2250 691 2396 732 nunc
2426 676 2764 746 congregabo
2793 690 2909 730 eas.
2948 673 3112 738 LXX,
3155 672 3379 743 Pmpter
3416 675 3516 728 hoc
3566 683 3689 727 tra-

2103 770 2300 822 dentur
2334 769 2388 822 in
2426 767 2713 838 gentibus:
2749 781 2894 821 nunc
2934 766 3227 835 suscipiam
3252 780 3365 821 eos.
3403 763 3462 829 V,
3488 764 3686 818 Etiam

2105 873 2228 912 cum
2263 857 2509 911 mercede
2536 855 2893 910 conduxerint
2914 864 3116 925 gentes,
3138 854 3319 910 statim
3338 854 3687 923 complectar

2104 965 2218 1004 eos.
2251 947 2377 1001 Vul.
2411 946 2514 1001 Sed
2564 956 2619 1001 et
2662 961 2784 1000 cum
2844 946 3091 1002 mercede
3119 946 3474 1001 conduxeriut
3491 944 3689 999 natio-

2106 1055 2224 1106 nes,
2266 1056 2412 1095 nunc
2438 1039 2780 1108 corigregabo
2810 1052 2923 1093 eos.

2177 1130 2340 1185 Hebr.
2369 1139 2423 1184 et
2447 1130 2708 1184 dolebunt
2764 1128 3043 1198 paululum
3079 1135 3295 1198 propter
3331 1141 3472 1181 onus
3521 1126 3686 1195 regis

2108 1222 2439 1291 principum.
2481 1220 2545 1274 A.
2575 1229 2630 1275 et
2678 1220 3058 1290 supplicabunt
3096 1218 3369 1289 paululum
3392 1218 3459 1272 ab
3493 1232 3683 1273 onere

2107 1314 2251 1384 regis
2287 1324 2335 1367 et
2374 1314 2702 1383 principum.
2741 1314 2800 1366 8.
2828 1322 2883 1367 et
2909 1312 3209 1367 manebunt
3232 1312 3376 1366 brevi
3406 1326 3435 1363 a
3475 1311 3691 1365 timore

2107 1418 2316 1472 regum,
2350 1412 2403 1456 et
2424 1403 2672 1457 desinent
2693 1418 2914 1472 ungere.
2950 1401 3112 1468 LXX,
3158 1411 3212 1457 et
3252 1403 3545 1456 cessabunt
3583 1418 3691 1471 pa-

2106 1509 2227 1547 rum
2258 1493 2327 1546 ab
2365 1493 2613 1564 ungendo
2652 1508 2830 1563 regem
2859 1501 2913 1548 et
2952 1493 3242 1563 principes.
3292 1490 3394 1545 Th.
3439 1504 3497 1546 ct
3525 1494 3691 1546 desi-

2108 1596 2238 1639 nent
2269 1602 2489 1655 ungere.
2528 1584 2653 1638 Vul.
2693 1595 2746 1640 et
2774 1587 3055 1656 quiescent
3087 1585 3361 1656 paulisper
3396 1586 3465 1639 ab
3504 1599 3688 1639 onere

2107 1677 2250 1746 regis
2282 1688 2335 1732 et
2358 1678 2679 1746 principum.

2183 1768 2270 1821 12.
2303 1767 2368 1822 ll.
2404 1768 2649 1823 Scribam
2703 1766 2751 1821 ei
2808 1765 3076 1836 praecipua
3117 1765 3251 1834 legis
3299 1781 3433 1820 mea:
3484 1767 3689 1821 :sicut

2104 1860 2338 1914 alienum
2368 1869 2609 1928 reputata
2638 1869 2784 1913 sunt.
2811 1858 2876 1911 A.
2910 1858 3143 1912 scribam
3184 1857 3233 1911 ei
3279 1856 3687 1927 multiplicatas

2104 1950 2289 2021 leges:
2322 1950 2575 2005 similiter
2610 1949 2772 2003 alieni
2826 1949 3061 2020 reputati
3117 1958 3263 2003 sunt.
3303 1947 3361 2002 S.
3398 1948 3598 2017 scripsi
3630 1949 3686 2001 ei

2102 2042 2501 2096 multitudinem
2537 2042 2708 2110 legum
2761 2056 3025 2105 mearum,
3074 2041 3215 2095 sicut
3251 2041 3414 2095 alieni
3440 2041 3697 2111 reputati

2102 2142 2249 2187 sunt.
2277 2131 2440 2199 LXX,
2498 2134 2732 2188 scribam
2760 2134 2809 2187 ei
2858 2132 3276 2199 multitudinem,
3326 2143 3383 2188 et
3437 2133 3683 2201 legitima

438 2231 556 2299 ejus
616 2229 671 2282 in
731 2228 908 2283 aliena
964 2238 1208 2296 reputala
1266 2236 1413 2282 sunt.
1470 2224 1591 2279 Vul.
1648 2225 1882 2281 scribam
1936 2224 1987 2279 ei
2034 2227 2362 2296 multiplices
2426 2227 2572 2295 leges
2613 2243 2783 2293 meas,
2846 2244 2968 2299 quae
3012 2229 3155 2283 velut
3218 2228 3410 2281 alienae
3450 2242 3685 2296 compu-

444 2330 566 2375 tata:
596 2327 741 2373 SUHl.

450 2424 596 2473 ττι-ρ
634 2419 809 2473 ’ΠΠΖΠ
845 2418 969 2470 ’ΠΖΠ
1007 2410 1074 2463 15
1157 2410 1236 2463 Ἀ.
1269 2408 1456 2471 θυσίας
1485 2408 1615 2478 φέρε
1656 2408 1787 2479 φέρε
1829 2406 2014 2460 θυσιά-

2185 2406 2273 2460 15.
2310 2406 2444 2461 Heb.
2482 2407 2749 2462 sacriﬁcia
2804 2406 3070 2463 donorum
3124 2423 3368 2464 meorum
3402 2409 3684 2464 sacriﬁca-

454 2505 657 2568 ζουσιν.
695 2503 751 2554 Σ.
777 2503 963 2565 θυσίας
1008 2500 1341 2572 ἐπαλλήλους
1386 2499 1719 2565 θυσιὰξουσι.
1756 2502 1831 2564 0',
1881 2499 2013 2552 διότι

2133 2507 2265 2550 )uut.
2305 2497 2368 2550 A.
2406 2497 2633 2561 hostias,
2671 2513 2789 2568 age,
2833 2514 2951 2569 age,
3006 2499 3335 2555 sacriﬁcant.
3372 2499 3432 2553 8.
3472 2502 3686 2555 hostias

444 2596 537 2648 ἐὰν
565 2594 767 2648 θύσωσι
794 2593 1006 2648 θυσίαν.
1037 2592 1098 2647 Θ.
1128 2592 1318 2656 θυσίας
1351 2592 1670 2664 μεταφορῶν
1700 2592 2009 2646 ὲθυσίασαν.

2112 2586 2424 2658 frequentes
2454 2590 2785 2645 sacrilicant.
2818 2588 2978 2655 LXX,
3029 2591 3156 2659 quia
3187 2591 3232 2645 si
3276 2592 3688 2648 immolarerint

2112 2680 2367 2736 hostiam.
2405 2679 2507 2735 Th.
2534 2681 2742 2736 hostias
2788 2682 3206 2736 translationum
3233 2683 3684 2741 immolaverunt.

2114 2768 2238 2823 Vul.
2269 2770 2475 2825 hostias
2507 2772 2753 2835 oﬂerent,
2778 2772 3152 2828 immolabunt.

1308 2879 1480 2939 Nota).
1502 2886 1558 2939 et
1592 2879 1781 2939 varia;
1817 2876 2124 2939 lectiones
2164 2882 2239 2937 ad
2272 2893 2409 2948 cap.
2444 2880 2590 2940 Vlll
2627 2881 2818 2943 Osee.

514 2976 579 3035 V.
617 2980 666 3033 l.
704 2975 923 3032 Hieron.
954 2997 967 3033 :
1019 2996 1037 3029 ι
1071 2978 1136 3032 In
1161 2988 1370 3047 gutture
1400 2990 1489 3033 tuo
1523 2980 1591 3033 sit
1629 2980 1773 3033 tuba.
1804 2980 1893 3044 A.,
1924 2980 2007 3045 8.,

444 3048 825 3121 Τίλεὶιηίιίιετ
853 3049 1265 3121 transtulerunt.
1294 3069 1330 3121 Α»
1362 3048 1577 3121 [Lamb
1609 3051 1715 3106 Bos
1744 3066 1757 3103 :
1797 3050 1902 3114 'A.,
1921 3051 2004 3113 2.,

443 3116 873 3191 6.,_év}dpuyyi_
896 3134 995 3191 σου
1016 3119 1266 3187 σάλπιγξ.
1285 3116 1523 3191 ‘Dn'aqu

516 3186 579 3241 V.
604 3189 656 3242 5.
699 3186 802 3254 ‘A.,
852 3187 1137 3260 ἀπώθησον
1192 3198 1295 3244 etc.
1347 3188 1455 3245 Has
1493 3186 1752 3245 lectiones
1792 3190 2011 3245 exhibet

448 3257 794 3313 Barberinus.

514 3327 649 3399 Ibid.
691 3330 793 3399 Ἀ..
822 3328 1139 3399 ἀθωωθῆναι
1169 3341 1272 3384 etc.
1307 3330 1470 3385 Idem.

518 3399 577 3451 V.
609 3397 660 3451 6.
715 3397 1112 3469 Ἀη-τεχνίτής.
1154 3399 1512 3469 ίΒιινὺθΓὶιιυε.

444 3466 487 3545 ᾗ
512 3484 618 3545 non
648 3469 806 3545 habet
829 3467 889 3545 ᾗ.
912 3466 1115 3545 'Sedei.
1147 3468 1334 3545 Lamb.
1368 3470 1469 3524 Bos
1495 3466 1707 3545 λιιι-ιη
1743 3471 2005 3545 margine,

443 3538 528 3610 2_.,
560 3536 952 3610 dxgtciam't'oc,
982 3542 1157 3601 aliter,
1180 3538 1588 3610 ἀκαταπατῶν.
1621 3539 1697 3602 E',
1722 3536 2008 3610 παραπλη-

448 3607 576 3667 σίως
596 3607 674 3678 τῷ
702 3610 802 3680 τῆς
825 3611 1110 3680 ἀστραπῆς
1142 3610 1291 3680 ἱστῷ.
1348 3608 1451 3680 Aq.
1497 3609 1583 3663 ed.
1636 3611 1686 3680 i_.
1721 3607 2011 3680 πλανωμέ-

444 3693 576 3751 νοις,
597 3680 697 3751 ed:
719 3678 776 3732 2.
822 3678 1336 3751 ἀποστρεφομένοις.
1366 3680 1406 3732 Τ
1414 3678 1498 3751 1).,
1532 3678 1832 3751 ργεμὸεύων,
1863 3680 2007 3747 quod

444 3744 826 3889 lS)chol.]li.om.
863 3744 1105 3820 quintam
1136 3744 1434 3806 'editiouem
1478 3744 1688 3804 habere
1731 3744 1945 3804 docent.
1986 3769 2005 3801 ι

492 3832 645 3870 κλεη.

492 3832 645 3870 RACH.

514 3885 766 3952 lbidCE',
806 3889 900 3942 καὶ
921 3888 982 3942 τὸ
1008 3889 1111 3942 ὑπὸ
1130 3888 1378 3953 τέκτονος
1414 3898 1519 3944 etc.
1560 3886 1726 3942 Idem.

516 3956 650 4012 Ibid.
684 3957 903 4013 Hieron.
938 3974 951 4010 :
986 3977 1003 4011 ι
1038 3958 1095 4013 In
1118 3975 1184 4014 eo
1222 3961 1340 4014 loco
1362 3960 1414 4014 iu
1441 3974 1549 4029 quo
1574 3974 1674 4013 nos
1706 3957 2007 4026 posuimus,

1572 3398 1651 3468 [In
1686 3400 1915 3454 lectione
1940 3398 2005 3465 V,

2111 2980 2630 3056 grqlzearurnnt’elqr,
2666 2981 2719 3035 in
2767 2981 3029 3039 Hebraico
3059 2989 3323 3056 scriptum
3358 2997 3446 3043 est
3476 2990 3692 3044 SABA-

2111 3046 2250 3129 βίΜ,
2285 3063 2378 3118 per
2407 3047 2537 3129 IODA,
2557 3046 3340 3129 litternam‘penultimamlrnon
3373 3071 3434 3112 ut
3464 3063 3693 3129 quidam

2111 3117 2254 3200 false
2278 3116 2847 3200 putant_SA_.BABUM,
2963 3140 3010 3180 e.
3046 3141 3143 3200 per
3175 3126 3338 3190 VAU,
3371 3116 3525 3198 quod
3551 3130 3691 3183 LXX

2110 3198 2164 3242 et
2194 3186 2236 3238 Τ
2245 3186 2298 3261 li.
2327 3188 2541 3261 πλανῶν
2568 3191 2905 3261 interpretati
2938 3186 3084 3261 sunt,
3114 3197 3151 3250 i.
3202 3212 3252 3250 e.
3304 3186 3581 3259 reducens,
3612 3211 3695 3253 at-

2111 3272 2219 3334 que
2246 3258 2550 3334 decipiens;
2598 3261 2687 3334 ᾼη
2710 3258 3207 3334 ἐνταηιίὸιιε,ἐίνε
3261 3272 3533 3323 conversis
3562 3258 3579 3324 ἐ
3609 3270 3691 3334 8.,

2110 3329 2412 3403 inconstans
2467 3331 2549 3382 vel
2596 3330 2857 3403 instabile,
2914 3335 2949 3389 i.
2982 3350 3031 3390 e.
3067 3336 3483 3403 ἀκαταστατῶν,
3532 3339 3575 3392 γ
3604 3329 3693 3395 ed.

2115 3396 2421 3467 ρεμϐεύων,
2446 3414 2605 3469 vagus
2631 3410 2682 3453 et
2705 3401 2986 3468 ﬂuctuans.
3014 3403 3123 3461 Nos
3149 3408 3217 3459 ab
3251 3396 3482 3462 Hebraeo
3502 3411 3696 3464 didici-

2116 3482 2242 3546 mus
2264 3472 2477 3546 proprie
2484 3470 2773 3546 “nominari
2794 3490 3108 3527 aranearum
3140 3476 3232 3544 ﬁla
3256 3492 3353 3546 per
3385 3494 3576 3533 aerem
3601 3496 3697 3532 vo-

2115 3537 2300 3611 l_antia.
2335 3556 2353 3586 )
2381 3539 2448 3611 At
2480 3538 2811 3611 Barberiuus
2842 3546 2921 3598 sic
2950 3547 3108 3599 habet
3132 3537 3150 3599 ἱ
3174 3537 3270 3606 Σ.,’
3285 3549 3695 3611 ἀκατάστατος.

2115 3606 2614 3690 ξ’μπαραπλησίως
2657 3610 2872 3690 τᾷξντῇς
2925 3616 3209 3685 ἀστραπῆς
3244 3616 3376 3687 ίστῷ
3425 3606 3696 3690 ἁράχνηξ.

2115 3675 2325 3752 Et_hze_c
2354 3675 2533 3752 νει-εἰσ
2562 3694 2688 3733 cum
2707 3675 2945 3752 'Vul'gata
2977 3675 3262 3740 consonat.

2144 3815 2155 3826 _
2190 3746 2255 3799 V.
2284 3746 2335 3799 9.
2375 3746 2549 3828 Hujus
2572 3746 2994 3828 et-sequentium
3028 3756 3093 3828 ad
3126 3755 3288 3828 ﬁnem
3327 3771 3511 3827 usque
3544 3757 3702 3828 capi-

2120 3818 2188 3871 tis
2223 3831 2474 3871 versuum
2517 3818 2773 3875 lectiones
2804 3823 3020 3876 exhibet
3052 3823 3403 3880 Barberinus.

2191 3885 2252 3939 V.
2292 3886 2376 3939 10.
2405 3886 2511 3941 Pro
2545 3888 2757 3958 βραχοί,
2792 3895 2971 3960 potius
2997 3893 3278 3963 legendum
3309 3895 3513 3968 βραχύ.

1741 4170 1942 4232 OSEE
2005 4172 2261 4234 CAPUT
2305 4177 2423 4236 ΙΧ.

447 4279 586 4329 κω
620 4269 654 4323 5
738 4268 818 4322 Ἃ.
870 4224 1237 4340 μεμιασμενα.
1293 4270 1352 4323 Σ.
1401 4269 1701 4341 amem-ca.
1758 4272 1835 4334 0',
1874 4269 2011 4324 ἀκά-

448 4363 641 4432 θαρτα.

444 4462 588 4517 ππ)
624 4450 659 4506 5
741 4451 821 4506 ’A.
858 4450 1113 4525 (καιρός.)
1139 4453 1216 4520 0’,
1245 4451 1623 4524 πανηγύρεως.

447 4639 539 4712 qn
574 4627 607 4681 6
681 4628 800 4699 (Ἀ.
832 4629 897 4682 ὲκ
927 4628 1235 4700 στόματος.)
1263 4634 1342 4697 0’,
1370 4630 1612 4700 Μέμφις.

443 4729 617 4781 manu
701 4720 778 4774 ’A.
809 4720 868 4773 Σ.
902 4721 971 4774 τὰ
996 4721 1409 4794 ἐπιθυμήματα.
1437 4723 1513 4789 0’,
1542 4721 1797 4793 Μαχμάς.

444 4917 616 4972 mm:
653 4906 683 4958 7
771 4908 846 4961 Ἀ.
879 4909 1193 4981 ἐπίληπτος.
1247 4910 1306 4965 Σ.
1342 4910 1508 4971 ὲνεὸς.
1559 4913 1637 4976 0',
1676 4908 2013 4982 παρεξεστη-

448 4997 580 5050 κῶς.

445 5032 688 5147 mrtem
772 5088 849 5144 Ἀ.
902 5089 1207 5162 ὲγκότησις.
1264 5092 1340 5155 0’,
1400 5092 1566 5163 μανία
1607 5110 1721 5148 σου.
1768 5094 2009 5162 Ἄλλος,

447 5177 720 5241 ἔκστασις.

446 5276 582 5349 mp9
620 5270 653 5321 8
726 5269 807 5322 Ἀ.
834 5271 1218 5342 ὲσκωλωμὲνη.
1256 5272 1313 5324 Σ.
1338 5272 1547 5345 ἐνέδρα.
1572 5276 1649 5342 0’,
1680 5277 1886 5332 σκολιά.

1640 5372 1651 5401 ρ

446 5455 635 5505 mum
666 5446 731 5499 i0
802 5444 879 5510 0',
909 5445 967 5499 ὲν
995 5448 1155 5517 συκῇ.
1201 5447 1441 5514 Ἄλλος,
1475 5447 1550 5512 ὡς
1582 5449 1762 5504 σῦκον.

448 5651 668 5724 mam
700 5651 880 5729 ’ίῸέΐῶ
914 5626 1066 5703 ΓΠ¹7Ὡ
1102 5644 1163 5698 Η
1251 5645 1330 5700 'A.
1358 5646 1416 5704 2.
1443 5647 1505 5702 Θ.
1529 5650 1604 5717 Ε’,
1628 5651 1735 5705 ἀπὸ
1755 5652 2011 5719 τοκετῶν,

2188 4273 2242 4328 5.
2278 4274 2441 4331 Hebr.
2471 4276 2537 4332 Α.
2566 4280 2789 4348 polluta.
2848 4283 2907 4340 S.
2953 4285 3183 4357 abjecta.
3245 4287 3413 4355 LXX,
3451 4292 3707 4364 impura.

2123 4366 2247 4421 Vul.
2282 4369 2572 4437 pollutum.
2977 4410 2981 4412 ν

2188 4458 2242 4512 5.
2272 4456 2407 4514 Heb.
2440 4462 2817 4522 solemnitatis.
2840 4467 2905 4522 A.
2926 4477 3159 4540 tempus.
3178 4468 3341 4540 LXX,
3360 4486 3705 4532 conventus.

2118 4544 2243 4602 Vul.
2270 4550 2523 4607 solemni.

2184 4642 2238 4696 6.
2271 4643 2336 4699 H.
2372 4643 2552 4715 Moph.
2586 4649 2650 4702 A.
2678 4664 2745 4704 ex
2778 4666 2894 4707 ore.
2934 4651 3099 4719 LXX,
3130 4653 3252 4709 Vul.
3289 4654 3589 4727 Memphis.

2186 4733 2325 4793 Heb.
2360 4738 2713 4797 desiderium.
2767 4742 2832 4798 Α.
2874 4744 2933 4799 S.
2985 4748 3468 4817 concupiscentiae.
3518 4751 3704 4821 LXX,

2111 4822 2414 4882 Machmas.
2450 4826 2573 4884 Vul.
2604 4831 2977 4889 desiderabile.

2188 4915 2239 4969 7.
2272 4915 2409 4973 Heb.
2441 4918 2703 4977 furiosus.
2727 4924 2793 4976 A.
2823 4926 3159 4996 epilepticus.
3191 4926 3249 4985 S.
3276 4939 3486 4986 mutus.
3521 4931 3703 4999 LXX,

2115 5006 2417 5064 insaniens.
2461 5009 2584 5066 Vul.
2618 5013 2893 5072 insanum.

2188 5098 2354 5155 Hebr.
2392 5101 2600 5157 odium.
2634 5105 2699 5159 A.
2730 5106 3031 5164 iracundia.
3082 5109 3247 5178 LXX,
3293 5114 3541 5169 amentia
3574 5125 3702 5172 tua.

2115 5188 2286 5258 Alius,
2316 5195 2563 5249 excelsus
2601 5197 2818 5252 mentis.
2847 5198 2968 5254 Vul.
2998 5205 3267 5257 amentiae.

2187 5283 2241 5337 8.
2279 5283 2415 5338 Heb.
2454 5289 2702 5353 aucupis.
2728 5292 2793 5343 A.
2848 5292 2900 5344 in
2940 5292 3321 5349 oﬁ‘endiculum
3360 5299 3595 5355 cadens.
3634 5300 3697 5357 S.

2117 5375 2346 5430 insidiae.
2374 5376 2536 5443 LXX,
2581 5389 2877 5437 tortuosus.
2905 5383 3028 5438 Vul.
3062 5388 3254 5442 ruinae.

2187 5471 2273 5525 10.
2328 5470 2491 5527 Hebr.
2554 5474 2713 5541 LXX,
2767 5478 2820 5531 in
2872 5478 2997 5535 ﬁcu.
3034 5481 3205 5549 Alius,
3260 5493 3317 5538 ut
3356 5484 3515 5541 ﬁcus.
3556 5486 3690 5543 ναι.

2115 5562 2376 5619 ﬁculneae.

2190 5651 2276 5708 ll.
2320 5651 2482 5709 Hebr.
2514 5658 2576 5710 A.
2611 5656 2668 5711 S.
2697 5656 2800 5715 Th.
2827 5658 2892 5725 ν,
2918 5658 3039 5717 Vul.
3068 5678 3097 5716 a
3124 5672 3302 5733 partu,
3334 5674 3389 5721 et
3412 5666 3485 5721 ab
3504 5675 3696 5733 utero,
