3826 6218
446 262 592 319 2947

1457 256 1592 311 HEX
1604 256 1928 312 APLORUM
1967 255 2131 324 QUE
2173 255 2607 319 SUPERSUNT.

3542 266 3687 324 2948

1274 378 1445 437 Notas
1468 386 1528 435 et
1566 375 1754 437 variae
1786 375 2097 439 lectiones
2158 378 2236 439 ad
2274 395 2410 457 cap.
2453 382 2511 441 X
2539 380 2731 444 Osee.

519 474 584 529 ν.
615 476 667 528 1.
695 475 912 530 llieron.
939 492 952 527 :
988 494 1003 525 ι
1040 473 1145 526 Pro
1176 472 1274 524 vite
1302 471 1575 539 frondosa,
1615 471 1705 536 A.,
1746 473 2013 540 interpre-

446 555 591 603 tatus
634 556 717 600 est
760 546 999 617 ἔνυδρον,
1053 557 1659 617 (ιυδηιῄηοειαᾳυοεαπι,
1693 542 1775 595 vel
1812 541 2013 617 ἔξοινον

445 632 739 689 possumus
771 610 972 679 dicere,
1003 610 1237 682 eo'quoil
1262 611 1372 664 vini
1396 612 1581 679 perdat
1619 626 1889 678 saporem.
1923 610 2014 676 S.,

447 687 839 740 ὑλομανούσαν.
869 702 989 740 αυεΒ
1026 694 1131 737 tota
1167 684 1218 735 in
1251 681 1536 734 frondibus
1565 683 1813 735 creverit.
1848 699 1866 730 ι

758 706 839 751 αν,
869 706 989 751 qua:
1026 706 1131 737 uita
1167 706 1218 735 III
1251 706 1536 734 ιιύιιυιυυδ
1565 706 1813 735 creverit.

570 703 839 751 ιανουσαν,
869 703 989 755 QUEB
1026 703 1131 737 tota
1167 703 1218 735 III
1251 703 1536 734 II'UIIUIUUS
1565 703 1695 735 CI'CV‘

570 796 582 807 .
611 757 663 809 4.
692 758 773 819 Σ.,
809 759 1003 824 ὅρκους
1042 754 1320 825 ματαίους.
1352 751 1695 825 Qai'heriiius.

515 823 581 879 ν.
610 826 661 879 5.
700 828 804 887 Ἀ..
837 819 933 888 τὰς
958 819 1216 895 δαμάλεις
1242 833 1344 875 etc.
1372 819 1715 895 Bal-berinus.
1751 820 1852 895 Ubi
1876 820 2010 874 illud

437 895 512 982 ας
543 911 640 982 pro
670 904 755 982 px
799 890 1040 982 omnino
1066 895 1311 947 vitiatum
1349 903 1453 953 est,
1480 890 1799 978 videturque
1828 892 2010 982 legen-

447 976 575 1027 dum
615 968 921 1042 ἁνὶυφελούς
956 992 968 1026 :
1013 986 1119 1042 quo
1172 982 1329 1040 pacto
1350 969 1529 1042 _vertit
1572 968 2009 1042 seinpergAquila

444 1058 632 1097 vocem
813 1040 976 1130 ⁵[νΝυιι
1028 1037 1586 1130 ᾖγωιρὶτευῐιύαὶιιιοῑα
1634 1037 1908 1130 codicis?
1954 1039 2012 1092 in

447 1128 616 1182 marg.
657 1107 778 1176 ;¹εἰς
799 1107 1071 1181 Αἴγυπτόν
1105 1121 1158 1165 et
1183 1113 1238 1162 ἐν
1268 1112 1335 1182 γῇ
1370 1108 1647 1182 Αἰγύπτῳ.
1693 1107 1755 1182 '0_
1798 1110 2006 1182 Σύρος,

443 1183 522 1244 ὡς
556 1178 826 1251 Ᾰῖγυπτον
877 1178 1099 1253 ᾤκησαν
1128 1182 1226 1251 τὴν
1266 1178 1367 1253 γῆν
1415 1194 1538 1248 μου.
1591 1178 1745 1244 Quod
1786 1178 2010 1232 minime

431 1250 681 1308 'concinit
713 1270 835 1307 cum
871 1250 1033 1307 Hebr.
1065 1250 1291 1320 mntem]

521 1321 580 1375 ν.
617 1322 668 1376 6.
695 1325 776 1385 Σ..
810 1324 1199 1393 ὑπερμάχοντι.
1234 1316 1615 1388 Hieronymus.
1666 1316 1729 1370 V.
1762 1332 1922 1383 supra
1956 1332 2007 1382 v,

2109 472 2550 606 ἓῗέάιὲἒτνξῗτὶηυς
2584 477 2745 532 habet
2774 478 3197 550 ὑπερμαχοῦντι,
3234 487 3288 533 et
3319 479 3388 534 ad
3426 478 3684 550 Aquilam

2183 628 2247 684 V.
2270 631 2332 705 Δ7.
2358 631 2577 687 Hieron.
2606 651 2621 687 :
2664 653 2683 686 ι
2709 633 2816 689 Pro
2843 651 3029 703 spuma
3060 633 3200 688 LXX
3222 645 3276 689 et
3306 634 3432 699 Th.,
3468 635 3685 705 φρύγα-

2111 717 2221 771 νον,
2269 702 2304 754 i.
2353 718 2403 756 e.
2433 706 2706 766 cremium,
2765 707 3201 771 transtulerunt,
3253 707 3435 759 aridas
3473 702 3685 760 scilicet

2114 770 2311 825 herbas
2359 773 2612 843 siccaque
2648 776 2903 843 virgulta,
2933 791 3053 843 qua:
3079 770 3293 829 camino
3341 788 3395 829 et
3426 777 3684 831 incendio

2156 852 2511 915 raeparantur.
2558 843 2615 896 S.
2663 846 2841 912 posuit
2878 845 3135 915 ἐπίςεμα,
3175 846 3357 900 volens
3395 848 3685 900 ostendere

2138 912 2376 966 'erventis
2397 914 2517 966 ollae
2548 915 2857 980 superiores
2883 912 3074 984 aquas,
3102 926 3155 969 et
3194 918 3248 969 in
3282 931 3525 984 spumam
3562 917 3683 969 bul-

2117 980 2307 1103 Lasqtue
2345 992 2695 1053 assurgentes
2730 1000 2743 1035 :
2786 980 3145 1055 quas'Graeci
3193 980 3544 1057 πομξρόλυγας
3589 1002 3685 1040 vo-

2151 1066 2217 1103 an
2251 1090 2264 1102 .
2308 1068 2326 1100 ι

2118 1064 2264 1103 02111..
2308 1068 2326 1100 ι

2189 1135 2253 1189 V.
2278 1136 2333 1191 9.
2370 1136 2521 1209 Hanc
2550 1146 2605 1192 et
2641 1139 2875 1209 reliquas
2902 1155 3089 1196 omnes
3137 1142 3394 1196 lectiones
3420 1141 3486 1196 ad
3516 1141 3682 1196 ﬁnem

2118 1222 2291 1285 usque
2320 1208 2512 1276 capitis
2540 1224 2606 1262 ex
2650 1208 2947 1265 Barberino
2983 1220 3313 1267 mutuamur.
3346 1211 3431 1285 [In
3457 1214 3492 1283 ᾖ
3515 1214 3574 1278 9,
3605 1213 3683 1277 Β,

2118 1278 2170 1367 ὲ,
2195 1298 2342 1368 quod
2368 1308 2472 1363 est,
2503 1300 2551 1351 οἱ
2591 1298 2785 1354 λοιποί.
2828 1300 3055 1373 Dmcn.]

1714 1526 1923 1587 OSEE
1953 1525 2209 1588 CAPUT
2256 1525 2369 1585 XI.

448 1653 565 1732 θεὲ)
608 1682 794 1755 ins-ip
845 1678 1113 1729 chriam
1171 1680 1370 1729 mam
1415 1654 1599 1729 Sit-avi
1643 1681 1747 1733 -ινει
1802 1678 1855 1730 τ)
1908 1671 1934 1723 1

458 1763 609 1832 Ἐϐρ.
637 1783 690 1834 χι
707 1782 799 1835 νερ
825 1761 1026 1834 Ισραηλ
1054 1762 1318 1834 ουεαὸηου
1344 1780 1403 1815 ου
1439 1780 1794 1834 μεμμεσραιμ
1811 1761 2011 1832 καραθι

448 1853 587 1923 βανι.
632 1854 710 1907 Ἀ.
737 1852 819 1906 ὅτι
842 1855 971 1915 παῖς
1016 1852 1253 1924 Ἰσραὴλ,
1290 1852 1383 1905 καί
1405 1854 1669 1923 ἠγάπησα
1704 1852 1886 1918 αὐτὸν,
1920 1854 2014 1905 καὶ

444 1945 550 1998 ἀπὸ
575 1944 848 2011 Αἰγύπτου
879 1943 1111 1997 ἐκάλεσα
1135 1942 1226 1996 τὸν
1266 1943 1379 1997 υἱόν
1410 1960 1532 2013 μου.
1562 1944 1619 1997 Σ.
1647 1944 1727 1997 ὅτι
1756 1945 1884 2005 παῖς
1912 1944 2015 1995 Ίσ-

447 2034 584 2105 ραὴλ
634 2035 728 2088 καὶ
775 2028 1149 2105 ἡγαπημένος,
1200 2034 1258 2100 ἐξ
1301 2035 1577 2103 Αἰγύπτου
1607 2033 1868 2102 κέκληται
1901 2033 2015 2097 υἱός

447 2142 570 2195 μου.
597 2129 674 2189 U',
699 2125 779 2178 ὃτι
803 2126 997 2196 νήπιος
1024 2124 1261 2196 Ἰσραὴλ,
1289 2126 1383 2178 καὶ
1411 2124 1521 2193 ἐγὼ
1543 2124 1807 2195 ἠγάπησα
1830 2124 2010 2186 αὑτὸν,

444 2216 538 2269 καὶ
558 2215 616 2282 ἐξ
636 2215 908 2284 Αἰγύπτου
948 2215 1281 2285 μετεκάλεσα
1321 2215 1389 2269 τὰ
1421 2215 1586 2269 τέκνα
1619 2214 1805 2270 αὑτοῦ.
1843 2215 1906 2270 Θ.
1932 2215 2015 2268 ὅτι

442 2310 633 2379 νήπιος
658 2307 896 2379 Ἰσραὴλ,
929 2311 1021 2360 καὶ
1040 2307 1300 2378 ἠγάπησα
1322 2307 1505 2373 αὐτὸν,
1528 2307 1621 2360 καὶ
1644 2307 1881 2360 ἐκάλεσα
1902 2305 2017 2358 υἱόν

446 2417 546 2469 μου
584 2398 643 2464 ἐξ
673 2399 969 2469 Αἰγύπτου.

441 2502 595 2551 nm
630 2502 848 2554 nam:
882 2501 1100 2550 manu
1135 2500 1254 2548 mn
1290 2472 1458 2549 than:
1493 2488 1526 2542 4
1611 2489 1689 2544 Ἀ.
1723 2489 1780 2543 Σ.
1808 2488 1871 2542 Θ.
1903 2530 1917 2544 .
1950 2528 1965 2543 .
1996 2529 2012 2544 .

441 2582 518 2645 0',
550 2584 607 2635 ἐν
651 2581 917 2650 διαφθορᾷ
954 2580 1255 2651 ἀνθρώπων
1304 2580 1541 2643 ἐξέτεινα
1587 2580 1817 2644 αὐτοὺς,
1846 2582 1904 2633 ἐν
1926 2580 2012 2634 δε-

444 2676 599 2743 σμοῖς
615 2672 944 2745 ἀγαπήσεώς
988 2690 1109 2743 μου.

2188 1671 2238 1723 I.
2269 1668 2335 1724 Η.
2355 1670 2549 1725 A.Vul.
2580 1670 2710 1740 quia
2744 1669 3075 1740 puerlsrael,
3106 1679 3159 1726 et
3179 1668 3341 1725 dilexi
3356 1686 3518 1727 eum:
3546 1681 3606 1729 et
3623 1692 3688 1731 ex

2121 1760 2354 1833 Egypto
2388 1763 2577 1817 vocavi
2610 1762 2781 1816 ﬁlium
2822 1778 3021 1817 meum.
3085 1761 3143 1816 S.
3178 1764 3303 1833 quia
3360 1779 3496 1833 puer
3518 1764 3685 1822 Israel

2116 1861 2171 1906 et
2193 1852 2462 1907 dilectus:
2519 1868 2585 1907 ex
2645 1852 2876 1924 Egypto
2921 1860 3144 1909 vocatus
3191 1863 3275 1909 est
3330 1854 3478 1912 ﬁlius
3508 1872 3683 1915 meus.

2118 1942 2283 2008 LXX,
2322 1944 2450 2014 quia
2490 1946 2754 2014 parvulus
2779 1945 2964 2011 Israel,
3000 1954 3053 1999 et
3105 1962 3205 2016 ego
3248 1947 3415 2002 dilexi
3452 1964 3602 2015 eum,
3631 1961 3685 2006 et

2118 2050 2185 2090 ex
2214 2034 2447 2106 Egypto
2492 2039 2681 2091 vocavi
2735 2036 2874 2093 ﬁlios
2918 2038 3055 2107 ejus.
3090 2036 3193 2091 Th.
3247 2040 3375 2107 quia
3425 2042 3681 2110 parvulus

2118 2121 2306 2188 Israel,
2367 2133 2421 2181 et
2470 2125 2633 2183 dilexi
2692 2142 2839 2195 eum,
2894 2138 2949 2185 et
2990 2129 3179 2185 vocavi
3205 2128 3374 2185 ﬁlium
3401 2145 3581 2187 meum
3614 2148 3679 2188 ex

2129 2213 2375 2287 (Egypto.

2183 2490 2236 2544 4.
2270 2489 2407 2546 Heb.
2443 2492 2497 2547 in
2540 2492 2766 2549 funibus
2811 2494 3048 2552 hominis
3079 2496 3293 2550 traham
3325 2511 3440 2560 eos,
3466 2498 3524 2552 in
3548 2498 3677 2552 den-

2113 2583 2192 2638 sis
2240 2582 2466 2640 funibus
2508 2586 2810 2641 charitatis.
2864 2588 2928 2643 A.
2964 2586 3021 2642 S.
3056 2587 3159 2643 Th.
3210 2590 3265 2643 in
3293 2589 3556 2646 funiculis
3582 2590 3678 2644 ho-

2111 2674 2318 2730 minum
2353 2677 2562 2732 traham
2592 2695 2707 2746 eos,
2755 2680 2809 2733 in
2860 2679 3115 2736 funiculis
3170 2680 3468 2735 charitatis.
3513 2679 3675 2746 LXX,

443 2768 499 2822 in
534 2770 885 2839 corruptione
921 2768 1203 2823 hominum
1256 2768 1472 2822 extendi
1522 2783 1650 2833 eos,
1692 2768 1746 2821 in
1777 2768 2010 2823 vinculis
2052 2768 2337 2827 charitatis
2398 2788 2550 2829 meae.
2578 2772 2703 2831 ναι.
2746 2774 2800 2829 in
2830 2774 3083 2830 funiculis
3109 2774 3276 2830 Adam
3313 2773 3532 2830 traham
3553 2792 3672 2859 eos,

444 2862 498 2915 in
534 2859 769 2914 vinculis
802 2859 1108 2913 charitatis.

440 2934 617 3013 εις-ιη·ιὸ
651 2934 720 3015 5v
755 2933 825 3015 ἢν
857 2958 1073 3010 ηαδ-ιω
1105 2932 1219 3008 m5
1257 2957 1417 3009 rrum
1489 2949 1545 3000 Σ.
1576 2988 1629 3002 ..
1665 2988 1679 3003 .
1714 2987 1727 2999 .
1757 2986 1770 3000 .
1802 2949 1878 3012 0',
1915 2948 2011 3001 καὶ

442 3042 635 3114 ἔσομαι
663 3044 845 3107 αὐτοῖς
867 3042 942 3106 ὡς
972 3040 1212 3112 ῥαπίζων
1244 3040 1524 3112 ἄνθρωπος
1572 3041 1662 3093 ἐπὶ
1692 3040 1787 3103 τὰς
1818 3040 2003 3109 σιαγό-

442 3149 538 3195 νας
574 3132 759 3187 αὐτοῦ.

2191 2945 2323 3000 Heb.
2350 2954 2403 3000 et
2427 2961 2522 3000 ero
2549 2946 2628 3001 eis
2661 2954 2936 3016 tamquam
2965 2944 3263 3001 exaltantes
3292 2946 3489 3014 iugum
3514 2960 3679 3016 super

2122 3036 2360 3093 maxillis
2380 3052 2593 3093 eorum.
2628 3037 2686 3091 S.
2719 3048 2773 3091 et
2816 3045 3137 3107 putaverunt
3164 3037 3306 3106 quod
3335 3038 3673 3108 imponerem

2110 3127 2300 3199 jugum
2352 3144 2516 3198 super
2570 3129 2844 3183 maxillam
2898 3144 3106 3184 eorum.
3157 3127 3321 3195 LXX,
3364 3140 3420 3186 et
3444 3144 3543 3184 ero
3568 3129 3674 3183 illis

439 3226 597 3297 quasi
636 3226 774 3280 dans
821 3224 1003 3295 alapas
1045 3224 1209 3279 homo
1258 3238 1418 3293 super
1460 3222 1707 3277 maxillas
1761 3222 1900 3292 ejus.
1950 3219 2073 3275 Vul.
2120 3229 2174 3275 et
2209 3234 2303 3275 ero
2356 3219 2434 3277 eis
2471 3221 2629 3291 quasi
2667 3221 2911 3276 axaltans
2955 3221 3143 3291 jugum
3201 3236 3364 3291 super
3420 3223 3673 3278 maxillas

440 3337 655 3378 eorum.

435 3400 586 3477 5731s:
621 3398 736 3474 v5}!
771 3421 889 3473 iam
954 3412 1011 3465 Σ.
1057 3452 1071 3464 .
1116 3449 1128 3463 .
1175 3451 1190 3467 .
1236 3450 1247 3463 .
1293 3448 1306 3461 .
1352 3451 1364 3462 .
1402 3408 1479 3473 0',
1526 3408 1617 3461 καὶ
1639 3405 2004 3477 ἐπιόλὲψομαι

436 3508 570 3579 πρὸς
591 3505 772 3571 αὐτὸν,
810 3504 1107 3574 δυνήσομαι
1137 3499 1304 3571 αὐτῷ.

428 3666 635 3739 551116
721 3676 2007 3748 Ἀ......Σ......0’,καὶὴσθένη-

437 3786 545 3824 σεν.

431 3868 549 3919 ντζι
619 3862 676 3913 Σ.
720 3899 735 3914 .
783 3902 798 3915 .
842 3900 855 3913 .
901 3898 915 3912 .
943 3861 1022 3928 0’,
1051 3860 1108 3913 ἐν
1137 3860 1255 3923 ταῖς
1281 3858 1469 3930 χερσὶν
1498 3857 1685 3913 αὑτοῦ.

431 4042 619 4113 ᾟᾸὩΝ
657 4032 690 4086 8
772 4033 851 4088 Ἀ.
872 4033 1019 4105 ὅπλῳ
1040 4034 1301 4088 κυκλώσω
1327 4052 1404 4092 σε.
1429 4036 1487 4088 Σ.
1544 4033 1762 4089 ἐκδώσω
1798 4053 1877 4090 σε.
1924 4040 2001 4103 0',

437 4120 756 4193 ὑπερασπιῶ
776 4139 891 4177 σου.
920 4123 983 4178 Θ.
1016 4124 1299 4194 ἁφοπλίσω
1329 4144 1409 4180 σε.

433 4307 506 4358 ’Π
543 4301 612 4355 12
698 4300 778 4355 Ἀ.
805 4302 1149 4374 ἐπικράτεια.
1183 4305 1259 4367 0’,
1288 4303 1428 4373 ἔγνω
1464 4306 1681 4369 αύτούς.

2177 3402 2242 3458 Η.
2272 3412 2326 3456 et
2341 3400 2627 3457 declinabo
2656 3401 2722 3455 ad
2750 3416 2872 3456 eum
2897 3400 3097 3455 cibum.
3135 3398 3193 3455 S.
3224 3408 3278 3454 et
3306 3399 3578 3456 declinavi
3604 3404 3672 3459 ad

2105 3510 2229 3550 eum
2263 3493 2433 3547 cibos.
2474 3491 2639 3557 LXX,
2678 3502 2733 3547 et
2760 3493 3045 3563 respiciam
3090 3491 3157 3547 ad
3186 3507 3331 3556 eum,
3361 3494 3671 3562 praevalebo

2105 3586 2175 3641 ei.
2213 3583 2337 3639 Vul.
2367 3596 2421 3639 et
2444 3584 2709 3639 declinavi
2747 3584 2812 3638 ad
2848 3598 2971 3639 eum
3008 3591 3065 3637 ut
3100 3592 3430 3638 vesceretur.

2175 3676 2229 3730 6.
2270 3671 2336 3729 ll.
2387 3684 2443 3728 et
2501 3673 2849 3744 impendebit.
2908 3672 2974 3728 A.
3031 3674 3216 3729 irruet.
3246 3671 3304 3728 S.
3335 3674 3668 3730 vulnerabit.

2105 3765 2268 3831 LXX,
2294 3776 2347 3821 et
2372 3764 2585 3820 infirma
2618 3764 2738 3819 fuit.
2766 3763 2889 3819 Vul.
2924 3764 3107 3834 coepit.

2176 3858 2243 3912 Η.
2275 3858 2515 3913 membra
2545 3858 2685 3925 ejus.
2720 3856 2777 3911 S.
2810 3857 3030 3911 brachia
3060 3856 3226 3911 illius.
3252 3853 3417 3922 LXX,
3467 3858 3524 3910 in
3551 3873 3669 3911 ma-

2107 3950 2268 4005 nibus
2304 3948 2445 4019 ejus.
2482 3948 2606 4004 ναι.
2633 3949 2835 4003 electos
2862 3948 3003 4018 ejus.

2175 4037 2229 4091 8.
2260 4034 2478 4091 Heb.S.
2527 4037 2731 4092 tradam
2788 4046 2860 4091 te.
2909 4038 2975 4091 A.
3030 4047 3186 4092 scuto
3208 4036 3564 4093 circumdabo
3592 4046 3668 4092 te.

2104 4126 2268 4191 LXX,
2296 4140 2575 4199 protegam
2631 4138 2704 4184 te.
2754 4127 2856 4184 Th.
2920 4130 3089 4184 armis
3154 4128 3371 4185 nudabo
3418 4137 3497 4186 te.
3540 4127 3670 4190 Vol.

2100 4230 2379 4290 protegam
2419 4236 2489 4275 te.

2170 4311 2257 4365 12.
2292 4312 2359 4365 Η.
2387 4311 2695 4367 dominans.
2737 4311 2802 4366 A.
2852 4312 3161 4381 imperium.
3198 4309 3363 4379 LXX,
3409 4316 3671 4385 cognovit

2098 4416 2213 4457 eos.
2256 4402 2379 4458 Vul.
2414 4402 2696 4458 descendit
2730 4402 2880 4474 (cum
2905 4402 3061 4472 Deo).

1376 4508 1551 4567 Notas
1579 4516 1640 4569 et
1671 4508 1863 4570 variae
1902 4510 2209 4576 lectiones
2253 4515 2329 4576 ad
2360 4532 2493 4595 cap.
2524 4516 2613 4577 XI
2646 4517 2835 4578 Osee.

500 4601 653 4688 γλ.
691 4606 840 4688 Ἐϐρ.
872 4623 1045 4688 χι-νερ
1072 4616 1175 4660 etc.
1343 4607 1616 4688 lectiones
1635 4610 1902 4688 prodeunt
1926 4626 1991 4666 ex
2098 4615 2227 4688 dum
2255 4616 2613 4688 Hexaplorum
2647 4632 2873 4672 morem.
2911 4615 3037 4688 [Ubi
3069 4616 3326 4688 Hebraeus
3373 4632 3669 4678 contextus

433 4675 649 4730 Eusebii
691 4675 1365 4746 Demonstr.’evangelica,
1400 4688 1453 4730 et
1482 4694 1545 4731 ex
1579 4677 1877 4733 Barberino
1902 4695 1994 4734 co-

429 4746 569 4812 dice,
602 4747 690 4800 ubi
726 4746 825 4799 hac
850 4745 1022 4799 forma
1054 4745 1417 4814 dispununtur
1443 4748 1494 4799 in
1520 4749 1761 4819 margine
1793 4764 1993 4804 secun-

530 4881 584 4933 χι
615 4862 924 4933 νερισραηλ
1002 4862 1083 4915 Ἀ.
1109 4863 1191 4914 ὅτι
1220 4865 1347 4926 παῖς
1394 4862 1625 4934 Ἰσραὴλ,

536 4956 798 5026 ουεαὸηου
823 4975 883 5010 ου
999 4958 1094 5009 καὶ
1143 4956 1404 5027 ἠγάπησα
1446 4958 1627 5022 αὑτὸν,

530 5146 731 5218 καραΘι
768 5146 889 5215 βανι
1006 5145 1237 5198 ἐκάλεσα
1259 5144 1348 5197 τὸν
1368 5148 1481 5199 υἰόν
1508 5164 1631 5215 μου.
1744 5149 1858 5212 υἰός
1889 5168 2010 5220 μου.

498 5359 647 5433 lianc
665 5374 793 5413 vero
818 5369 996 5433 notam
1027 5360 1209 5433 adjicit
1227 5358 1447 5433 Bai-her.
1478 5376 1491 5410 :
1517 5360 1688 5433 τούτῳ
1706 5362 1989 5433 ἐχρήσατο

425 5434 452 5484 ὁ
485 5430 776 5503 ἰξιατθαῑης,
915 5428 1324 5503 οὖτωςᾼὲχοντος
1362 5428 1599 5498 δηλονότι
1637 5428 1730 5485 τοῦ
1750 5428 1989 5503 ’Ἐϐραῖ-

426 5500 543 5569 κοζ).
576 5499 647 5561 ὡς
673 5502 767 5551 καὶ
790 5502 821 5569 ei
848 5500 948 5569 ’A._
968 5501 1300 5569 ἡρμήνευσε.

497 5568 563 5645 Υ.
590 5569 623 5645 ξι
658 5570 759 5645 ,ᾼη
797 5568 877 5632 S.,
908 5566 1033 5628 Th.,
1066 5566 1117 5621 iu'
1144 5568 1391 5645 funiculjs
1418 5579 1520 5626 etc.
1546 5569 1931 5645 Hieronymus.

496 5638 624 5690 Ibid.
657 5638 735 5699 8.,
772 5648 819 5691 et
851 5650 1160 5705 putaverunt
1193 5650 1295 5693 etc.
1330 5638 1495 5695 Idem.

2099 4686 2214 4741 suis
2247 4687 2527 4742 elementis
2564 4688 2802 4756 praeponi
2826 4686 3027 4743 debuit.
3063 4687 3290 4760 Dinon]

1737 4864 1909 4921 C.6rt
1953 4870 2080 4931 παῖς
2108 4867 2328 4939 Ἰσραὴλ
2399 4869 2463 4921 Οἱ
2492 4873 2569 4936 0',
2619 4869 2752 4923 διότι
2800 4870 2991 4940 νήπιος
3100 4872 3163 4926 Θ.
3219 4873 3302 4925 ὅτι
3364 4873 3563 4943 νήπιος

1739 4960 1832 5013 καὶ
1861 4962 2238 5031 ἡγαπημὲνος,
2273 4960 2332 5024 ἐξ
2403 4961 2619 5033 Ἰσραὴλ
2640 4962 2749 5031 ἐγὼ
2778 4965 2997 5035 ἠγάπη-

536 5056 895 5122 μεμμεσραῖμ
1004 5051 1100 5103 καὶ
1169 5050 1277 5103 ἀπὸ
1353 5051 1631 5116 Αἰγύπτου
1741 5054 2015 5122 Αἰγύπτου
2068 5055 2328 5127 κέκληται
2398 5073 2468 5108 σα
2495 5058 2675 5125 αὐτὸν,
2704 5059 2796 5112 καὶ
2822 5058 2881 5124 ἐξ
2909 5062 2993 5114 Αἰ·

3103 4966 3338 5037 Ἰσραὴλ.
3374 4966 3561 5021 ἐκάλε-

3101 5078 3166 5114 σα
3203 5060 3319 5114 υἱόν
3357 5077 3479 5131 μου.

2411 5151 2618 5219 γύπτου
2660 5154 2995 5223 μετεκάλεσα

2398 5247 2469 5301 τὰ
2498 5249 2663 5302 τέκνα
2698 5249 2883 5305 αὐτοῦ.

2166 5361 2303 5417 Ibid.
2337 5361 2419 5428 S.,
2454 5375 2501 5417 et
2537 5364 2793 5416 declinavi
2826 5373 2928 5421 etc.
2965 5364 3130 5419 Idem.

2165 5431 2231 5486 V.
2263 5433 2315 5488 6.
2342 5433 2432 5497 A.,
2462 5434 2646 5486 irruet.
2670 5434 2752 5490 S..
2780 5434 3090 5488 vulnerabit.
3122 5433 3285 5487 Idem.

2164 5502 2303 5558 Ibid.
2335 5500 2414 5568 S.,
2452 5502 2666 5556 brachia
2696 5504 2861 5556 illius.
2890 5505 3052 5558 Idem.
3090 5503 3225 5558 LXX
3258 5503 3351 5573 qui
3380 5510 3667 5558 verterunt

2094 5575 2153 5627 ἐν
2190 5576 2308 5633 ταῖς
2327 5575 2512 5643 χερσὶν
2540 5572 2724 5637 αὐτοῦ,
2764 5575 3007 5697 legerunt
3038 5574 3179 5628 haud
3227 5572 3387 5628 dubie
3422 5580 3588 5632 m.

2166 5641 2231 5695 V.
2260 5642 2311 5697 8.
2342 5641 2559 5697 Hieron.
2590 5661 2603 5697 :
2650 5662 2669 5694 ι
2708 5642 2765 5697 In
2851 5644 3068 5697 ebraico
3112 5644 3371 5697 scriptum
3412 5653 3498 5697 est
3530 5643 3588 5696 Al

2166 5641 2231 5695 V.
2260 5642 2311 5697 8.
2342 5641 2559 5701 Hieron.
2590 5661 2603 5697 :
2650 5662 2669 5694 ι
2708 5642 2765 5698 In
2802 5641 3068 5701 Hebraico
3112 5644 3371 5715 scriptum
3412 5653 3498 5700 est
3530 5641 3666 5697 AM-
