  <div class='ocr_page' id='page_1' title='image "/cluster/home/n/w/nwhite01/storage/ocr_20150623/16 pt.3/nnc1.0046978674/288.png"; bbox 0 0 3826 6218; ppageno 0'>
   <div class='ocr_carea' id='block_1_1' title="bbox 191 288 338 346">
    <p class='ocr_par' dir='ltr' id='par_1_1' title="bbox 191 288 338 346">
     <span class='ocr_line' id='line_1_1' title="bbox 191 288 338 346; baseline 0.014 -3"><span class='ocrx_word' id='word_1_1' title='bbox 191 288 338 346; x_wconf 64' lang='grc'><strong>9949</strong></span> 
     </span>
    </p>
   </div>
   <div class='ocr_carea' id='block_1_2' title="bbox 195 407 1763 489">
    <p class='ocr_par' dir='ltr' id='par_1_2' title="bbox 195 407 1763 489">
     <span class='ocr_line' id='line_1_2' title="bbox 195 407 1763 489; baseline 0.008 -33"><span class='ocrx_word' id='word_1_2' title='bbox 195 407 642 489; x_wconf 58' lang='lat' dir='ltr'><strong>plAGGENAQH,</strong></span> <span class='ocrx_word' id='word_1_3' title='bbox 666 413 810 489; x_wconf 77' lang='lat' dir='ltr'><strong>quod</strong></span> <span class='ocrx_word' id='word_1_4' title='bbox 835 414 1363 489; x_wconf 61' lang='lat' dir='ltr'><strong>A.tra_nstulit61tltp</strong></span> <span class='ocrx_word' id='word_1_5' title='bbox 1390 416 1654 489; x_wconf 80' lang='grc' dir='ltr'><strong>κυκλὼσω</strong></span> <span class='ocrx_word' id='word_1_6' title='bbox 1682 433 1763 479; x_wconf 84' lang='grc' dir='ltr'><strong>σε,</strong></span> 
     </span>
    </p>
   </div>
   <div class='ocr_carea' id='block_1_3' title="bbox 196 486 1765 555">
    <p class='ocr_par' dir='ltr' id='par_1_3' title="bbox 196 486 1765 555">
     <span class='ocr_line' id='line_1_3' title="bbox 196 486 1765 555; baseline 0.005 -24"><span class='ocrx_word' id='word_1_7' title='bbox 196 486 235 531; x_wconf 90' lang='lat' dir='ltr'><strong>i.</strong></span> <span class='ocrx_word' id='word_1_8' title='bbox 261 494 312 533; x_wconf 89' lang='lat' dir='ltr'><strong>e.</strong></span> <span class='ocrx_word' id='word_1_9' title='bbox 346 494 494 535; x_wconf 81' lang='lat' dir='ltr'><strong>scuto</strong></span> <span class='ocrx_word' id='word_1_10' title='bbox 519 486 852 538; x_wconf 85' lang='lat' dir='ltr'><strong>circumdabo</strong></span> <span class='ocrx_word' id='word_1_11' title='bbox 882 495 948 538; x_wconf 83' lang='lat' dir='ltr'><strong>te.</strong></span> <span class='ocrx_word' id='word_1_12' title='bbox 979 486 1132 551; x_wconf 84' lang='lat' dir='ltr'><strong>Quod</strong></span> <span class='ocrx_word' id='word_1_13' title='bbox 1165 501 1288 541; x_wconf 89' lang='lat' dir='ltr'><strong>cum</strong></span> <span class='ocrx_word' id='word_1_14' title='bbox 1321 487 1376 541; x_wconf 91' lang='lat' dir='ltr'><strong>in</strong></span> <span class='ocrx_word' id='word_1_15' title='bbox 1406 486 1604 540; x_wconf 86' lang='lat' dir='ltr'><strong>bonam</strong></span> <span class='ocrx_word' id='word_1_16' title='bbox 1638 501 1765 555; x_wconf 89' lang='lat' dir='ltr'><strong>par-</strong></span> 
     </span>
    </p>
   </div>
   <div class='ocr_carea' id='block_1_4' title="bbox 194 556 1762 626">
    <p class='ocr_par' dir='ltr' id='par_1_4' title="bbox 194 556 1762 626">
     <span class='ocr_line' id='line_1_4' title="bbox 194 556 1762 626; baseline 0.006 -25"><span class='ocrx_word' id='word_1_17' title='bbox 194 558 306 603; x_wconf 87' lang='lat' dir='ltr'><strong>tem</strong></span> <span class='ocrx_word' id='word_1_18' title='bbox 347 563 660 626; x_wconf 69' lang='lat' dir='ltr'><strong>putaremus</strong></span> <span class='ocrx_word' id='word_1_19' title='bbox 682 556 928 625; x_wconf 77' lang='lat' dir='ltr'><strong>intelligi,</strong></span> <span class='ocrx_word' id='word_1_20' title='bbox 954 565 1006 610; x_wconf 90' lang='lat' dir='ltr'><strong>et</strong></span> <span class='ocrx_word' id='word_1_21' title='bbox 1024 556 1330 625; x_wconf 84' lang='lat' dir='ltr'><strong>signiﬁcare</strong></span> <span class='ocrx_word' id='word_1_22' title='bbox 1348 557 1762 626; x_wconf 87' lang='lat' dir='ltr'><strong>protectionem,</strong></span> 
     </span>
    </p>
   </div>
   <div class='ocr_carea' id='block_1_5' title="bbox 194 622 1767 696">
    <p class='ocr_par' dir='ltr' id='par_1_5' title="bbox 194 622 1767 696">
     <span class='ocr_line' id='line_1_5' title="bbox 194 622 1767 696; baseline 0.004 -23"><span class='ocrx_word' id='word_1_23' title='bbox 194 634 267 673; x_wconf 79' lang='lat' dir='ltr'><strong>ex</strong></span> <span class='ocrx_word' id='word_1_24' title='bbox 307 624 435 696; x_wconf 86' lang='lat' dir='ltr'><strong>edit.</strong></span> <span class='ocrx_word' id='word_1_25' title='bbox 470 622 779 696; x_wconf 81' lang='lat' dir='ltr'><strong>Symmachi</strong></span> <span class='ocrx_word' id='word_1_26' title='bbox 815 622 1122 680; x_wconf 80' lang='lat' dir='ltr'><strong>contrarius</strong></span> <span class='ocrx_word' id='word_1_27' title='bbox 1143 627 1298 682; x_wconf 82' lang='lat' dir='ltr'><strong>nobis</strong></span> <span class='ocrx_word' id='word_1_28' title='bbox 1322 622 1517 696; x_wconf 80' lang='lat' dir='ltr'><strong>sensus</strong></span> <span class='ocrx_word' id='word_1_29' title='bbox 1542 626 1767 695; x_wconf 87' lang='lat' dir='ltr'><strong>subjici-</strong></span> 
     </span>
    </p>
   </div>
   <div class='ocr_carea' id='block_1_6' title="bbox 200 693 1767 759">
    <p class='ocr_par' dir='ltr' id='par_1_6' title="bbox 200 693 1767 759">
     <span class='ocr_line' id='line_1_6' title="bbox 200 693 1767 759; baseline 0.004 -17"><span class='ocrx_word' id='word_1_30' title='bbox 200 699 293 744; x_wconf 91' lang='lat' dir='ltr'><strong>tur</strong></span> <span class='ocrx_word' id='word_1_31' title='bbox 315 693 559 759; x_wconf 73' lang='lat' dir='ltr'><strong>dicentis,</strong></span> <span class='ocrx_word' id='word_1_32' title='bbox 583 693 802 749; x_wconf 77' lang='grc' dir='ltr'><strong>ὲκδώσω</strong></span> <span class='ocrx_word' id='word_1_33' title='bbox 833 713 914 759; x_wconf 83' lang='grc' dir='ltr'><strong>σε,</strong></span> <span class='ocrx_word' id='word_1_34' title='bbox 946 696 984 748; x_wconf 94' lang='lat' dir='ltr'><strong>i.</strong></span> <span class='ocrx_word' id='word_1_35' title='bbox 1008 711 1057 751; x_wconf 92' lang='lat' dir='ltr'><strong>e.</strong></span> <span class='ocrx_word' id='word_1_36' title='bbox 1083 696 1294 749; x_wconf 87' lang='lat' dir='ltr'><strong>tradam</strong></span> <span class='ocrx_word' id='word_1_37' title='bbox 1317 706 1383 751; x_wconf 86' lang='lat' dir='ltr'><strong>te.</strong></span> <span class='ocrx_word' id='word_1_38' title='bbox 1416 695 1492 750; x_wconf 80' lang='lat' dir='ltr'><strong>Ex</strong></span> <span class='ocrx_word' id='word_1_39' title='bbox 1533 693 1767 751; x_wconf 85' lang='lat' dir='ltr'><strong>transla-</strong></span> 
     </span>
    </p>
   </div>
   <div class='ocr_carea' id='block_1_7' title="bbox 199 762 1765 836">
    <p class='ocr_par' dir='ltr' id='par_1_7' title="bbox 199 762 1765 836">
     <span class='ocr_line' id='line_1_7' title="bbox 199 762 1765 836; baseline 0.004 -22"><span class='ocrx_word' id='word_1_40' title='bbox 199 762 349 817; x_wconf 89' lang='lat' dir='ltr'><strong>tione</strong></span> <span class='ocrx_word' id='word_1_41' title='bbox 372 762 755 822; x_wconf 83' lang='lat' dir='ltr'><strong>Theodotionis</strong></span> <span class='ocrx_word' id='word_1_42' title='bbox 785 782 891 821; x_wconf 86' lang='lat' dir='ltr'><strong>non</strong></span> <span class='ocrx_word' id='word_1_43' title='bbox 924 780 1217 836; x_wconf 83' lang='lat' dir='ltr'><strong>prospera,</strong></span> <span class='ocrx_word' id='word_1_44' title='bbox 1269 766 1363 822; x_wconf 88' lang='lat' dir='ltr'><strong>sed</strong></span> <span class='ocrx_word' id='word_1_45' title='bbox 1405 766 1633 821; x_wconf 89' lang='lat' dir='ltr'><strong>adversa</strong></span> <span class='ocrx_word' id='word_1_46' title='bbox 1669 766 1765 820; x_wconf 90' lang='lat' dir='ltr'><strong>de-</strong></span> 
     </span>
    </p>
   </div>
   <div class='ocr_carea' id='block_1_8' title="bbox 1545 296 2168 356">
    <p class='ocr_par' dir='ltr' id='par_1_8' title="bbox 1545 296 2168 356">
     <span class='ocr_line' id='line_1_8' title="bbox 1545 296 2168 356; baseline -0.002 0"><span class='ocrx_word' id='word_1_47' title='bbox 1545 297 1725 356; x_wconf 81' lang='lat' dir='ltr'><strong>OSEE</strong></span> <span class='ocrx_word' id='word_1_48' title='bbox 1763 296 1989 355; x_wconf 77' lang='lat' dir='ltr'><strong>CAPUT</strong></span> <span class='ocrx_word' id='word_1_49' title='bbox 2028 297 2168 355; x_wconf 83' lang='lat' dir='ltr'><strong>Xlll.</strong></span> 
     </span>
    </p>
   </div>
   <div class='ocr_carea' id='block_1_9' title="bbox 2216 196 2300 208">
    <p class='ocr_par' dir='ltr' id='par_1_9' title="bbox 2216 196 2300 208">
     <span class='ocr_line' id='line_1_9' title="bbox 2216 196 2300 208; baseline 0.012 -1"><span class='ocrx_word' id='word_1_50' title='bbox 2216 196 2300 208; x_wconf 62' lang='lat'><strong>&quot;’-</strong></span> 
     </span>
    </p>
   </div>
   <div class='ocr_carea' id='block_1_10' title="bbox 3294 298 3450 358">
    <p class='ocr_par' dir='ltr' id='par_1_10' title="bbox 3294 298 3450 358">
     <span class='ocr_line' id='line_1_10' title="bbox 3294 298 3450 358; baseline 0.013 -2"><span class='ocrx_word' id='word_1_51' title='bbox 3294 298 3450 358; x_wconf 66' lang='lat'><strong>2950</strong></span> 
     </span>
    </p>
   </div>
   <div class='ocr_carea' id='block_1_11' title="bbox 1868 414 3437 490">
    <p class='ocr_par' dir='ltr' id='par_1_11' title="bbox 1868 414 3437 490">
     <span class='ocr_line' id='line_1_11' title="bbox 1868 414 3437 490; baseline 0.003 -20"><span class='ocrx_word' id='word_1_52' title='bbox 1868 424 2241 490; x_wconf 77' lang='lat' dir='ltr'><strong>monstrantur</strong></span> <span class='ocrx_word' id='word_1_53' title='bbox 2269 417 2583 490; x_wconf 51' lang='grc' dir='ltr'><strong>τάφοπλίουξ</strong></span> <span class='ocrx_word' id='word_1_54' title='bbox 2611 434 2691 482; x_wconf 87' lang='grc' dir='ltr'><strong>σε,</strong></span> <span class='ocrx_word' id='word_1_55' title='bbox 2709 418 2853 487; x_wconf 88' lang='lat' dir='ltr'><strong>quod</strong></span> <span class='ocrx_word' id='word_1_56' title='bbox 2884 414 3183 490; x_wconf 81' lang='lat' dir='ltr'><strong>signiﬁcat:</strong></span> <span class='ocrx_word' id='word_1_57' title='bbox 3205 417 3437 475; x_wconf 82' lang='lat' dir='ltr'><strong>Nudabo</strong></span> 
     </span>
    </p>
   </div>
   <div class='ocr_carea' id='block_1_12' title="bbox 1868 486 3439 559">
    <p class='ocr_par' dir='ltr' id='par_1_12' title="bbox 1868 486 3439 559">
     <span class='ocr_line' id='line_1_12' title="bbox 1868 486 3439 559; baseline 0.005 -20"><span class='ocrx_word' id='word_1_58' title='bbox 1868 496 1937 547; x_wconf 85' lang='lat' dir='ltr'><strong>te,</strong></span> <span class='ocrx_word' id='word_1_59' title='bbox 1969 494 2023 540; x_wconf 89' lang='lat' dir='ltr'><strong>et</strong></span> <span class='ocrx_word' id='word_1_60' title='bbox 2064 486 2305 540; x_wconf 82' lang='lat' dir='ltr'><strong>auferam</strong></span> <span class='ocrx_word' id='word_1_61' title='bbox 2357 502 2384 542; x_wconf 85' lang='lat' dir='ltr'><strong>a</strong></span> <span class='ocrx_word' id='word_1_62' title='bbox 2419 496 2468 541; x_wconf 85' lang='lat' dir='ltr'><strong>te</strong></span> <span class='ocrx_word' id='word_1_63' title='bbox 2497 486 2681 553; x_wconf 85' lang='grc' dir='ltr'><strong>ὅπλον,</strong></span> <span class='ocrx_word' id='word_1_64' title='bbox 2714 486 2816 545; x_wconf 80' lang='lat' dir='ltr'><strong>hoc</strong></span> <span class='ocrx_word' id='word_1_65' title='bbox 2843 486 3199 556; x_wconf 50' lang='lat' dir='ltr'><strong>est&#39;sculum,</strong></span> <span class='ocrx_word' id='word_1_66' title='bbox 3245 505 3355 559; x_wconf 91' lang='lat' dir='ltr'><strong>quo</strong></span> <span class='ocrx_word' id='word_1_67' title='bbox 3387 499 3439 547; x_wconf 82' lang='lat' dir='ltr'><strong>te</strong></span> 
     </span>
    </p>
   </div>
   <div class='ocr_carea' id='block_1_13' title="bbox 1868 566 2443 625">
    <p class='ocr_par' dir='ltr' id='par_1_13' title="bbox 1868 566 2443 625">
     <span class='ocr_line' id='line_1_13' title="bbox 1868 566 2443 625; baseline -0.005 -14"><span class='ocrx_word' id='word_1_68' title='bbox 1868 566 1997 625; x_wconf 84' lang='lat' dir='ltr'><strong>ante</strong></span> <span class='ocrx_word' id='word_1_69' title='bbox 2019 568 2385 625; x_wconf 83' lang='lat' dir='ltr'><strong>protexeram.</strong></span> <span class='ocrx_word' id='word_1_70' title='bbox 2424 575 2443 608; x_wconf 70' lang='grc' dir='ltr'><strong>ι</strong></span> 
     </span>
    </p>
   </div>
   <div class='ocr_carea' id='block_1_14' title="bbox 1938 624 3440 684">
    <p class='ocr_par' dir='ltr' id='par_1_14' title="bbox 1938 624 3440 684">
     <span class='ocr_line' id='line_1_14' title="bbox 1938 624 3440 684; baseline 0.004 -6"><span class='ocrx_word' id='word_1_71' title='bbox 1938 624 2124 682; x_wconf 65' lang='lat' dir='ltr'><strong>v.12.</strong></span> <span class='ocrx_word' id='word_1_72' title='bbox 2164 624 2417 679; x_wconf 82' lang='lat' dir='ltr'><strong>llieron.:</strong></span> <span class='ocrx_word' id='word_1_73' title='bbox 2451 644 2468 676; x_wconf 76' lang='grc' dir='ltr'>σ</span> <span class='ocrx_word' id='word_1_74' title='bbox 2508 624 2648 680; x_wconf 83' lang='lat' dir='ltr'><strong>RAD</strong></span> <span class='ocrx_word' id='word_1_75' title='bbox 2686 627 2831 683; x_wconf 90' lang='lat' dir='ltr'><strong>enim</strong></span> <span class='ocrx_word' id='word_1_76' title='bbox 2880 637 2933 683; x_wconf 93' lang='lat' dir='ltr'><strong>et</strong></span> <span class='ocrx_word' id='word_1_77' title='bbox 2973 629 3356 683; x_wconf 76' lang='lat' dir='ltr'><strong>descensionem</strong></span> <span class='ocrx_word' id='word_1_78' title='bbox 3384 639 3440 684; x_wconf 92' lang='lat' dir='ltr'><strong>et</strong></span> 
     </span>
    </p>
   </div>
   <div class='ocr_carea' id='block_1_15' title="bbox 1869 695 3435 769">
    <p class='ocr_par' dir='ltr' id='par_1_15' title="bbox 1869 695 3435 769">
     <span class='ocr_line' id='line_1_15' title="bbox 1869 695 3435 769; baseline 0.004 -22"><span class='ocrx_word' id='word_1_79' title='bbox 1869 695 2240 769; x_wconf 74' lang='lat' dir='ltr'><strong>fortitudinem</strong></span> <span class='ocrx_word' id='word_1_80' title='bbox 2270 696 2542 766; x_wconf 80' lang='lat' dir='ltr'><strong>significat</strong></span> <span class='ocrx_word' id='word_1_81' title='bbox 2570 713 2586 761; x_wconf 90' lang='lat'><strong>;</strong></span> <span class='ocrx_word' id='word_1_82' title='bbox 2623 712 2723 767; x_wconf 89' lang='lat' dir='ltr'><strong>pro</strong></span> <span class='ocrx_word' id='word_1_83' title='bbox 2755 712 2866 769; x_wconf 91' lang='lat' dir='ltr'><strong>quo</strong></span> <span class='ocrx_word' id='word_1_84' title='bbox 2916 700 3109 769; x_wconf 78' lang='lat' dir='ltr'><strong>Aquila</strong></span> <span class='ocrx_word' id='word_1_85' title='bbox 3141 699 3435 765; x_wconf 84' lang='lat' dir='ltr'><strong>transtulit,</strong></span> 
     </span>
    </p>
   </div>
   <div class='ocr_carea' id='block_1_16' title="bbox 1869 767 2275 837">
    <p class='ocr_par' dir='ltr' id='par_1_16' title="bbox 1869 767 2275 837">
     <span class='ocr_line' id='line_1_16' title="bbox 1869 767 2275 837; baseline 0.002 -21"><span class='ocrx_word' id='word_1_86' title='bbox 1869 767 2217 837; x_wconf 78' lang='grc' dir='ltr'><strong>ἐπικράτεια.</strong></span> <span class='ocrx_word' id='word_1_87' title='bbox 2257 785 2275 817; x_wconf 73' lang='grc' dir='ltr'><strong>ι</strong></span> 
     </span>
    </p>
   </div>
   <div class='ocr_carea' id='block_1_17' title="bbox 1457 981 2156 1051">
    <p class='ocr_par' dir='ltr' id='par_1_17' title="bbox 1457 981 2156 1051">
     <span class='ocr_line' id='line_1_17' title="bbox 1457 981 2156 1051; baseline -0.01 -3"><span class='ocrx_word' id='word_1_88' title='bbox 1457 987 1665 1048; x_wconf 84' lang='lat' dir='ltr'><strong>OSEE</strong></span> <span class='ocrx_word' id='word_1_89' title='bbox 1706 984 1966 1051; x_wconf 81' lang='lat' dir='ltr'><strong>CAPUT</strong></span> <span class='ocrx_word' id='word_1_90' title='bbox 2010 981 2156 1043; x_wconf 85' lang='lat' dir='ltr'><strong>XII.</strong></span> 
     </span>
    </p>
   </div>
   <div class='ocr_carea' id='block_1_18' title="bbox 198 1080 1255 1157">
    <p class='ocr_par' dir='ltr' id='par_1_18' title="bbox 198 1080 1255 1157">
     <span class='ocr_line' id='line_1_18' title="bbox 198 1080 1255 1157; baseline 0.009 -25"><span class='ocrx_word' id='word_1_91' title='bbox 198 1088 306 1139; x_wconf 72' lang='grc' dir='ltr'><strong>ΠΊἾ</strong></span> <span class='ocrx_word' id='word_1_92' title='bbox 345 1080 368 1133; x_wconf 99' lang='grc'><strong>1</strong></span> <span class='ocrx_word' id='word_1_93' title='bbox 459 1080 537 1135; x_wconf 83' lang='grc' dir='ltr'><strong>Ἀ.</strong></span> <span class='ocrx_word' id='word_1_94' title='bbox 564 1081 622 1134; x_wconf 89' lang='grc' dir='ltr'><strong>Σ.</strong></span> <span class='ocrx_word' id='word_1_95' title='bbox 654 1080 874 1153; x_wconf 78' lang='grc' dir='ltr'><strong>ἄνεμον.</strong></span> <span class='ocrx_word' id='word_1_96' title='bbox 910 1085 986 1149; x_wconf 84' lang='lat'><strong>0&#39;,</strong></span> <span class='ocrx_word' id='word_1_97' title='bbox 1020 1085 1255 1157; x_wconf 76' lang='grc' dir='ltr'><strong>πνεῦμα.</strong></span> 
     </span>
    </p>
   </div>
   <div class='ocr_carea' id='block_1_19' title="bbox 198 1169 1600 1245">
    <p class='ocr_par' dir='ltr' id='par_1_19' title="bbox 198 1169 1600 1245">
     <span class='ocr_line' id='line_1_19' title="bbox 198 1169 1600 1245; baseline 0.006 -25"><span class='ocrx_word' id='word_1_98' title='bbox 198 1175 368 1228; x_wconf 58' lang='lat' dir='ltr'><strong>nt&#39;m</strong></span> <span class='ocrx_word' id='word_1_99' title='bbox 438 1169 515 1245; x_wconf 61' lang='grc' dir='ltr'><strong>ξΑ.</strong></span> <span class='ocrx_word' id='word_1_100' title='bbox 548 1169 606 1223; x_wconf 86' lang='grc' dir='ltr'><strong>Σ.</strong></span> <span class='ocrx_word' id='word_1_101' title='bbox 635 1170 729 1223; x_wconf 78' lang='grc' dir='ltr'><strong>καὶ</strong></span> <span class='ocrx_word' id='word_1_102' title='bbox 749 1171 1047 1243; x_wconf 81' lang='grc' dir='ltr'><strong>συνθήκην.</strong></span> <span class='ocrx_word' id='word_1_103' title='bbox 1087 1176 1163 1240; x_wconf 88' lang='lat'><strong>0&#39;,</strong></span> <span class='ocrx_word' id='word_1_104' title='bbox 1198 1176 1291 1228; x_wconf 79' lang='grc' dir='ltr'><strong>καὶ</strong></span> <span class='ocrx_word' id='word_1_105' title='bbox 1317 1172 1600 1245; x_wconf 81' lang='grc' dir='ltr'><strong>διαθήκην.</strong></span> 
     </span>
    </p>
   </div>
   <div class='ocr_carea' id='block_1_20' title="bbox 197 1241 1767 1348">
    <p class='ocr_par' dir='ltr' id='par_1_20' title="bbox 197 1241 1767 1348">
     <span class='ocr_line' id='line_1_20' title="bbox 197 1241 1767 1348; baseline 0.001 -33"><span class='ocrx_word' id='word_1_106' title='bbox 197 1265 402 1317; x_wconf 59' lang='lat' dir='ltr'><strong>tum</strong></span> <span class='ocrx_word' id='word_1_107' title='bbox 442 1241 651 1320; x_wconf 51' lang='grc' dir='ltr'><strong>διε-τινι</strong></span> <span class='ocrx_word' id='word_1_108' title='bbox 685 1241 952 1348; x_wconf 60' lang='grc' dir='ltr'><strong>ὑπειπηὴ</strong></span> <span class='ocrx_word' id='word_1_109' title='bbox 984 1241 1097 1325; x_wconf 69' lang='lat' dir='ltr'><strong>run</strong></span> <span class='ocrx_word' id='word_1_110' title='bbox 1129 1268 1163 1320; x_wconf 73' lang='grc'><strong>4</strong></span> <span class='ocrx_word' id='word_1_111' title='bbox 1247 1267 1324 1319; x_wconf 85' lang='grc' dir='ltr'><strong>Ἀ.</strong></span> <span class='ocrx_word' id='word_1_112' title='bbox 1352 1266 1409 1319; x_wconf 89' lang='lat'><strong>2.</strong></span> <span class='ocrx_word' id='word_1_113' title='bbox 1535 1241 1767 1318; x_wconf 61' lang='grc' dir='ltr'><strong>ἔκλαυσε</strong></span> 
     </span>
    </p>
   </div>
   <div class='ocr_carea' id='block_1_21' title="bbox 200 1350 1766 1428">
    <p class='ocr_par' dir='ltr' id='par_1_21' title="bbox 200 1350 1766 1428">
     <span class='ocr_line' id='line_1_21' title="bbox 200 1350 1766 1428; baseline 0.006 -28"><span class='ocrx_word' id='word_1_114' title='bbox 200 1350 300 1401; x_wconf 78' lang='grc' dir='ltr'><strong>καὶ</strong></span> <span class='ocrx_word' id='word_1_115' title='bbox 345 1351 533 1424; x_wconf 79' lang='grc' dir='ltr'><strong>ἐδεήθη</strong></span> <span class='ocrx_word' id='word_1_116' title='bbox 567 1354 751 1417; x_wconf 80' lang='grc' dir='ltr'><strong>αὑτοῦ,</strong></span> <span class='ocrx_word' id='word_1_117' title='bbox 811 1356 902 1408; x_wconf 74' lang='grc' dir='ltr'><strong>καὶ</strong></span> <span class='ocrx_word' id='word_1_118' title='bbox 953 1358 1010 1409; x_wconf 81' lang='grc' dir='ltr'><strong>ὲν</strong></span> <span class='ocrx_word' id='word_1_119' title='bbox 1053 1356 1257 1428; x_wconf 85' lang='grc' dir='ltr'><strong>Βαιθὴλ</strong></span> <span class='ocrx_word' id='word_1_120' title='bbox 1285 1351 1443 1428; x_wconf 73' lang='grc' dir='ltr'>εὗρεν</span> <span class='ocrx_word' id='word_1_121' title='bbox 1476 1356 1659 1410; x_wconf 87' lang='grc' dir='ltr'><strong>αὐτόν.</strong></span> <span class='ocrx_word' id='word_1_122' title='bbox 1689 1356 1766 1422; x_wconf 89' lang='lat'><strong>0’,</strong></span> 
     </span>
    </p>
   </div>
   <div class='ocr_carea' id='block_1_22' title="bbox 1947 1073 3294 1145">
    <p class='ocr_par' dir='ltr' id='par_1_22' title="bbox 1947 1073 3294 1145">
     <span class='ocr_line' id='line_1_22' title="bbox 1947 1073 3294 1145; baseline -0.006 -8"><span class='ocrx_word' id='word_1_123' title='bbox 1947 1083 1999 1137; x_wconf 85' lang='grc'><strong>1.</strong></span> <span class='ocrx_word' id='word_1_124' title='bbox 2036 1081 2201 1136; x_wconf 86' lang='lat' dir='ltr'><strong>Hebr.</strong></span> <span class='ocrx_word' id='word_1_125' title='bbox 2236 1080 2301 1134; x_wconf 78' lang='grc' dir='ltr'><strong>Α.</strong></span> <span class='ocrx_word' id='word_1_126' title='bbox 2338 1078 2397 1135; x_wconf 90' lang='lat' dir='ltr'><strong>S.</strong></span> <span class='ocrx_word' id='word_1_127' title='bbox 2430 1078 2551 1135; x_wconf 84' lang='lat' dir='ltr'><strong>Vul.</strong></span> <span class='ocrx_word' id='word_1_128' title='bbox 2583 1086 2827 1134; x_wconf 87' lang='lat' dir='ltr'><strong>ventum.</strong></span> <span class='ocrx_word' id='word_1_129' title='bbox 2859 1073 3022 1141; x_wconf 88' lang='lat' dir='ltr'><strong>LXX,</strong></span> <span class='ocrx_word' id='word_1_130' title='bbox 3047 1074 3294 1145; x_wconf 78' lang='lat' dir='ltr'><strong>spiritus.</strong></span> 
     </span>
    </p>
   </div>
   <div class='ocr_carea' id='block_1_23' title="bbox 1943 1167 3375 1234">
    <p class='ocr_par' dir='ltr' id='par_1_23' title="bbox 1943 1167 3375 1234">
     <span class='ocr_line' id='line_1_23' title="bbox 1943 1167 3375 1234; baseline -0.006 -7"><span class='ocrx_word' id='word_1_131' title='bbox 1943 1171 2011 1227; x_wconf 83' lang='grc' dir='ltr'><strong>Η.</strong></span> <span class='ocrx_word' id='word_1_132' title='bbox 2042 1173 2109 1227; x_wconf 81' lang='grc' dir='ltr'><strong>Α.</strong></span> <span class='ocrx_word' id='word_1_133' title='bbox 2146 1170 2206 1226; x_wconf 88' lang='lat' dir='ltr'><strong>S.</strong></span> <span class='ocrx_word' id='word_1_134' title='bbox 2237 1169 2361 1225; x_wconf 69' lang='grc' dir='ltr'><strong>ναι.</strong></span> <span class='ocrx_word' id='word_1_135' title='bbox 2387 1180 2441 1225; x_wconf 91' lang='lat' dir='ltr'><strong>et</strong></span> <span class='ocrx_word' id='word_1_136' title='bbox 2470 1168 2671 1226; x_wconf 72' lang='lat' dir='ltr'><strong>fmdus.</strong></span> <span class='ocrx_word' id='word_1_137' title='bbox 2704 1167 2867 1234; x_wconf 92' lang='lat' dir='ltr'><strong>LXX,</strong></span> <span class='ocrx_word' id='word_1_138' title='bbox 2890 1177 2946 1223; x_wconf 83' lang='lat' dir='ltr'><strong>et</strong></span> <span class='ocrx_word' id='word_1_139' title='bbox 2969 1174 3375 1221; x_wconf 84' lang='lat' dir='ltr'><strong>testamentum.</strong></span> 
     </span>
    </p>
   </div>
   <div class='ocr_carea' id='block_1_24' title="bbox 1942 1257 3433 1334">
    <p class='ocr_par' dir='ltr' id='par_1_24' title="bbox 1942 1257 3433 1334">
     <span class='ocr_line' id='line_1_24' title="bbox 1942 1257 3433 1334; baseline -0.006 -13"><span class='ocrx_word' id='word_1_140' title='bbox 1942 1266 1997 1321; x_wconf 71' lang='grc'><strong>4.</strong></span> <span class='ocrx_word' id='word_1_141' title='bbox 2038 1262 2103 1319; x_wconf 82' lang='grc'><strong>11.</strong></span> <span class='ocrx_word' id='word_1_142' title='bbox 2155 1262 2329 1318; x_wconf 80' lang='lat' dir='ltr'><strong>Flevit</strong></span> <span class='ocrx_word' id='word_1_143' title='bbox 2360 1271 2415 1318; x_wconf 91' lang='lat' dir='ltr'><strong>et</strong></span> <span class='ocrx_word' id='word_1_144' title='bbox 2443 1262 2655 1334; x_wconf 80' lang='lat' dir='ltr'><strong>rogavit</strong></span> <span class='ocrx_word' id='word_1_145' title='bbox 2681 1276 2828 1327; x_wconf 91' lang='lat' dir='ltr'><strong>eum,</strong></span> <span class='ocrx_word' id='word_1_146' title='bbox 2860 1257 3047 1315; x_wconf 85' lang='lat' dir='ltr'><strong>Bethel</strong></span> <span class='ocrx_word' id='word_1_147' title='bbox 3072 1257 3275 1313; x_wconf 91' lang='lat' dir='ltr'><strong>invenit</strong></span> <span class='ocrx_word' id='word_1_148' title='bbox 3289 1271 3433 1312; x_wconf 88' lang='lat' dir='ltr'><strong>eum.</strong></span> 
     </span>
    </p>
   </div>
   <div class='ocr_carea' id='block_1_25' title="bbox 1871 1349 3437 1424">
    <p class='ocr_par' dir='ltr' id='par_1_25' title="bbox 1871 1349 3437 1424">
     <span class='ocr_line' id='line_1_25' title="bbox 1871 1349 3437 1424; baseline -0.005 -12"><span class='ocrx_word' id='word_1_149' title='bbox 1871 1358 1937 1412; x_wconf 79' lang='grc' dir='ltr'><strong>Δ.</strong></span> <span class='ocrx_word' id='word_1_150' title='bbox 1969 1356 2028 1411; x_wconf 90' lang='lat' dir='ltr'><strong>S.</strong></span> <span class='ocrx_word' id='word_1_151' title='bbox 2058 1355 2162 1411; x_wconf 86' lang='lat' dir='ltr'><strong>Th.</strong></span> <span class='ocrx_word' id='word_1_152' title='bbox 2195 1353 2371 1409; x_wconf 85' lang='lat' dir='ltr'><strong>Flevit</strong></span> <span class='ocrx_word' id='word_1_153' title='bbox 2400 1366 2457 1410; x_wconf 94' lang='lat' dir='ltr'><strong>et</strong></span> <span class='ocrx_word' id='word_1_154' title='bbox 2487 1356 2808 1424; x_wconf 85' lang='lat' dir='ltr'><strong>deprecatus</strong></span> <span class='ocrx_word' id='word_1_155' title='bbox 2839 1359 2923 1407; x_wconf 89' lang='lat' dir='ltr'><strong>est</strong></span> <span class='ocrx_word' id='word_1_156' title='bbox 2960 1366 3109 1414; x_wconf 86' lang='lat' dir='ltr'><strong>eum,</strong></span> <span class='ocrx_word' id='word_1_157' title='bbox 3145 1359 3201 1405; x_wconf 89' lang='lat' dir='ltr'><strong>et</strong></span> <span class='ocrx_word' id='word_1_158' title='bbox 3238 1352 3292 1404; x_wconf 92' lang='lat' dir='ltr'><strong>in</strong></span> <span class='ocrx_word' id='word_1_159' title='bbox 3319 1349 3437 1405; x_wconf 85' lang='lat' dir='ltr'><strong>Bae-</strong></span> 
     </span>
    </p>
   </div>
   <div class='ocr_carea' id='block_1_26' title="bbox 201 1441 1788 1519">
    <p class='ocr_par' dir='ltr' id='par_1_26' title="bbox 201 1442 1769 1519">
     <span class='ocr_line' id='line_1_26' title="bbox 201 1442 1769 1519; baseline 0.005 -26"><span class='ocrx_word' id='word_1_160' title='bbox 201 1442 495 1510; x_wconf 82' lang='grc' dir='ltr'><strong>ἐκλαυσαν,</strong></span> <span class='ocrx_word' id='word_1_161' title='bbox 520 1444 610 1499; x_wconf 76' lang='grc' dir='ltr'><strong>καὶ</strong></span> <span class='ocrx_word' id='word_1_162' title='bbox 640 1446 939 1518; x_wconf 77' lang='grc' dir='ltr'><strong>ἐδεήθησάν</strong></span> <span class='ocrx_word' id='word_1_163' title='bbox 969 1465 1069 1519; x_wconf 87' lang='grc' dir='ltr'><strong>μου</strong></span> <span class='ocrx_word' id='word_1_164' title='bbox 1093 1466 1106 1479; x_wconf 88' lang='grc'><strong>·</strong></span> <span class='ocrx_word' id='word_1_165' title='bbox 1133 1450 1190 1501; x_wconf 79' lang='grc' dir='ltr'><strong>ἐν</strong></span> <span class='ocrx_word' id='word_1_166' title='bbox 1215 1447 1293 1519; x_wconf 78' lang='grc' dir='ltr'><strong>τῷ</strong></span> <span class='ocrx_word' id='word_1_167' title='bbox 1322 1448 1457 1518; x_wconf 80' lang='grc' dir='ltr'><strong>οἴκῳ</strong></span> <span class='ocrx_word' id='word_1_168' title='bbox 1489 1448 1583 1501; x_wconf 87' lang='grc' dir='ltr'><strong>Ὧν</strong></span> <span class='ocrx_word' id='word_1_169' title='bbox 1615 1447 1769 1519; x_wconf 78' lang='grc' dir='ltr'><strong>εὖρο-</strong></span> 
     </span>
    </p>
   </div>
   <div class='ocr_carea' id='block_1_27' title="bbox 1893 1441 3436 1519">
    <p class='ocr_par' dir='ltr' id='par_1_27' title="bbox 1896 1441 3436 1510">
     <span class='ocr_line' id='line_1_27' title="bbox 1896 1441 3436 1510; baseline -0.004 -8"><span class='ocrx_word' id='word_1_170' title='bbox 1896 1447 1983 1502; x_wconf 89' lang='lat' dir='ltr'><strong>hel</strong></span> <span class='ocrx_word' id='word_1_171' title='bbox 2022 1447 2229 1502; x_wconf 84' lang='lat' dir='ltr'><strong>invenit</strong></span> <span class='ocrx_word' id='word_1_172' title='bbox 2281 1462 2425 1503; x_wconf 90' lang='lat' dir='ltr'><strong>eum.</strong></span> <span class='ocrx_word' id='word_1_173' title='bbox 2483 1443 2650 1510; x_wconf 81' lang='lat' dir='ltr'><strong>LXX,</strong></span> <span class='ocrx_word' id='word_1_174' title='bbox 2713 1442 3007 1498; x_wconf 74' lang='lat' dir='ltr'><strong>Fleverunt</strong></span> <span class='ocrx_word' id='word_1_175' title='bbox 3047 1449 3103 1497; x_wconf 92' lang='lat' dir='ltr'><strong>et</strong></span> <span class='ocrx_word' id='word_1_176' title='bbox 3164 1441 3436 1510; x_wconf 78' lang='lat' dir='ltr'><strong>deprecati</strong></span> 
     </span>
    </p>
   </div>
   <div class='ocr_carea' id='block_1_28' title="bbox 206 1534 424 1605">
    <p class='ocr_par' dir='ltr' id='par_1_28' title="bbox 206 1534 424 1605">
     <span class='ocr_line' id='line_1_28' title="bbox 206 1534 424 1605; baseline 0.018 -20"><span class='ocrx_word' id='word_1_177' title='bbox 206 1534 308 1587; x_wconf 76' lang='grc' dir='ltr'><strong>σάν</strong></span> <span class='ocrx_word' id='word_1_178' title='bbox 335 1552 424 1605; x_wconf 84' lang='grc' dir='ltr'><strong>με.</strong></span> 
     </span>
    </p>
   </div>
   <div class='ocr_carea' id='block_1_29' title="bbox 198 1692 1765 1796">
    <p class='ocr_par' dir='ltr' id='par_1_29' title="bbox 198 1692 1765 1796">
     <span class='ocr_line' id='line_1_29' title="bbox 198 1692 1765 1796; baseline 0.001 -28"><span class='ocrx_word' id='word_1_179' title='bbox 198 1692 259 1768; x_wconf 56' lang='grc' dir='ltr'><strong>τί)</strong></span> <span class='ocrx_word' id='word_1_180' title='bbox 293 1719 376 1796; x_wconf 65' lang='grc' dir='ltr'><strong>ΓΝ</strong></span> <span class='ocrx_word' id='word_1_181' title='bbox 412 1711 446 1766; x_wconf 92' lang='lat'><strong>8</strong></span> <span class='ocrx_word' id='word_1_182' title='bbox 529 1713 609 1769; x_wconf 79' lang='grc' dir='ltr'><strong>Ἄ.</strong></span> <span class='ocrx_word' id='word_1_183' title='bbox 637 1714 911 1784; x_wconf 83' lang='grc' dir='ltr'><strong>ἀνωφελὲς</strong></span> <span class='ocrx_word' id='word_1_184' title='bbox 924 1715 1092 1788; x_wconf 80' lang='grc' dir='ltr'><strong>αὐτῷ.</strong></span> <span class='ocrx_word' id='word_1_185' title='bbox 1115 1720 1192 1784; x_wconf 90' lang='lat'><strong>0&#39;,</strong></span> <span class='ocrx_word' id='word_1_186' title='bbox 1219 1717 1502 1790; x_wconf 78' lang='grc' dir='ltr'><strong>ἀναψυχὴν</strong></span> <span class='ocrx_word' id='word_1_187' title='bbox 1524 1716 1765 1788; x_wconf 80' lang='grc' dir='ltr'><strong>ἐμαυτῷ.</strong></span> 
     </span>
    </p>
   </div>
   <div class='ocr_carea' id='block_1_30' title="bbox 197 1888 1767 1981">
    <p class='ocr_par' dir='ltr' id='par_1_30' title="bbox 197 1888 1767 1981">
     <span class='ocr_line' id='line_1_30' title="bbox 197 1888 1767 1981; baseline 0.001 -19"><span class='ocrx_word' id='word_1_188' title='bbox 197 1888 364 1964; x_wconf 66' lang='grc' dir='ltr'><strong>ενι-ω</strong></span> <span class='ocrx_word' id='word_1_189' title='bbox 402 1905 461 1958; x_wconf 78' lang='lat' dir='ltr'><strong>il</strong></span> <span class='ocrx_word' id='word_1_190' title='bbox 553 1907 631 1961; x_wconf 83' lang='grc' dir='ltr'><strong>Ἀ.</strong></span> <span class='ocrx_word' id='word_1_191' title='bbox 654 1907 729 1972; x_wconf 86' lang='grc' dir='ltr'><strong>ὡς</strong></span> <span class='ocrx_word' id='word_1_192' title='bbox 765 1911 949 1981; x_wconf 88' lang='grc' dir='ltr'><strong>σωροί.</strong></span> <span class='ocrx_word' id='word_1_193' title='bbox 990 1911 1050 1966; x_wconf 74' lang='grc' dir='ltr'><strong>Σ.</strong></span> <span class='ocrx_word' id='word_1_194' title='bbox 1093 1950 1108 1963; x_wconf 93' lang='grc'><strong>.</strong></span> <span class='ocrx_word' id='word_1_195' title='bbox 1146 1911 1291 1965; x_wconf 80' lang='grc' dir='ltr'><strong>..Σ.</strong></span> <span class='ocrx_word' id='word_1_196' title='bbox 1330 1910 1497 1978; x_wconf 60' lang='grc' dir='ltr'><strong>ἄλλη</strong></span> <span class='ocrx_word' id='word_1_197' title='bbox 1539 1910 1614 1973; x_wconf 87' lang='grc' dir='ltr'><strong>ὡς</strong></span> <span class='ocrx_word' id='word_1_198' title='bbox 1672 1908 1767 1980; x_wconf 70' lang='grc' dir='ltr'><strong>βά-</strong></span> 
     </span>
    </p>
   </div>
   <div class='ocr_carea' id='block_1_31' title="bbox 194 2000 1769 2072">
    <p class='ocr_par' dir='ltr' id='par_1_31' title="bbox 194 2000 1769 2072">
     <span class='ocr_line' id='line_1_31' title="bbox 194 2000 1769 2072; baseline 0.002 -22"><span class='ocrx_word' id='word_1_199' title='bbox 194 2014 410 2067; x_wconf 78' lang='grc' dir='ltr'><strong>τραχοι.</strong></span> <span class='ocrx_word' id='word_1_200' title='bbox 445 2000 522 2064; x_wconf 90' lang='grc' dir='ltr'><strong>Ο’,</strong></span> <span class='ocrx_word' id='word_1_201' title='bbox 549 2000 625 2063; x_wconf 83' lang='grc' dir='ltr'><strong>ὼς</strong></span> <span class='ocrx_word' id='word_1_202' title='bbox 649 2000 902 2072; x_wconf 84' lang='grc' dir='ltr'><strong>χελῶναι.</strong></span> <span class='ocrx_word' id='word_1_203' title='bbox 934 2000 998 2056; x_wconf 95' lang='grc' dir='ltr'><strong>Θ.</strong></span> <span class='ocrx_word' id='word_1_204' title='bbox 1026 2040 1043 2057; x_wconf 91' lang='grc'><strong>.</strong></span> <span class='ocrx_word' id='word_1_205' title='bbox 1086 2041 1103 2058; x_wconf 92' lang='grc'><strong>.</strong></span> <span class='ocrx_word' id='word_1_206' title='bbox 1133 2042 1149 2057; x_wconf 92' lang='grc'><strong>.</strong></span> <span class='ocrx_word' id='word_1_207' title='bbox 1184 2001 1249 2058; x_wconf 89' lang='grc' dir='ltr'><strong>Θ.</strong></span> <span class='ocrx_word' id='word_1_208' title='bbox 1277 2002 1417 2058; x_wconf 74' lang='lat' dir='ltr'><strong>au.</strong></span> <span class='ocrx_word' id='word_1_209' title='bbox 1440 2040 1456 2067; x_wconf 96' lang='lat'><strong>,</strong></span> <span class='ocrx_word' id='word_1_210' title='bbox 1491 2000 1600 2056; x_wconf 80' lang='grc' dir='ltr'><strong>τῶν</strong></span> <span class='ocrx_word' id='word_1_211' title='bbox 1627 2000 1769 2056; x_wconf 80' lang='grc' dir='ltr'><strong>ἁλω-</strong></span> 
     </span>
    </p>
   </div>
   <div class='ocr_carea' id='block_1_32' title="bbox 196 2087 412 2143">
    <p class='ocr_par' dir='ltr' id='par_1_32' title="bbox 196 2087 412 2143">
     <span class='ocr_line' id='line_1_32' title="bbox 196 2087 412 2143; baseline 0.019 -4"><span class='ocrx_word' id='word_1_212' title='bbox 196 2087 412 2143; x_wconf 80' lang='grc' dir='ltr'><strong>πέκων.</strong></span> 
     </span>
    </p>
   </div>
   <div class='ocr_carea' id='block_1_33' title="bbox 1868 1530 3433 1601">
    <p class='ocr_par' dir='ltr' id='par_1_33' title="bbox 1868 1530 3433 1601">
     <span class='ocr_line' id='line_1_33' title="bbox 1868 1530 3433 1601; baseline -0.004 -8"><span class='ocrx_word' id='word_1_213' title='bbox 1868 1546 1999 1593; x_wconf 90' lang='lat' dir='ltr'><strong>sunt</strong></span> <span class='ocrx_word' id='word_1_214' title='bbox 2025 1553 2110 1593; x_wconf 90' lang='lat' dir='ltr'><strong>me</strong></span> <span class='ocrx_word' id='word_1_215' title='bbox 2139 1556 2153 1593; x_wconf 87' lang='lat'><strong>:</strong></span> <span class='ocrx_word' id='word_1_216' title='bbox 2184 1539 2239 1593; x_wconf 90' lang='lat' dir='ltr'><strong>in</strong></span> <span class='ocrx_word' id='word_1_217' title='bbox 2266 1538 2432 1593; x_wconf 88' lang='lat' dir='ltr'><strong>domo</strong></span> <span class='ocrx_word' id='word_1_218' title='bbox 2459 1533 2541 1590; x_wconf 90' lang='lat' dir='ltr'><strong>0n</strong></span> <span class='ocrx_word' id='word_1_219' title='bbox 2576 1535 2900 1589; x_wconf 89' lang='lat' dir='ltr'><strong>invenerunt</strong></span> <span class='ocrx_word' id='word_1_220' title='bbox 2944 1547 3051 1589; x_wconf 88' lang='lat' dir='ltr'><strong>me.</strong></span> <span class='ocrx_word' id='word_1_221' title='bbox 3085 1530 3211 1588; x_wconf 77' lang='lat' dir='ltr'><strong>Vul.</strong></span> <span class='ocrx_word' id='word_1_222' title='bbox 3240 1532 3433 1601; x_wconf 81' lang='lat' dir='ltr'><strong>Flevit,</strong></span> 
     </span>
    </p>
   </div>
   <div class='ocr_carea' id='block_1_34' title="bbox 1864 1627 3082 1698">
    <p class='ocr_par' dir='ltr' id='par_1_34' title="bbox 1864 1627 3082 1698">
     <span class='ocr_line' id='line_1_34' title="bbox 1864 1627 3082 1698; baseline -0.003 -13"><span class='ocrx_word' id='word_1_223' title='bbox 1864 1638 1922 1685; x_wconf 92' lang='lat' dir='ltr'><strong>et</strong></span> <span class='ocrx_word' id='word_1_224' title='bbox 1941 1629 2149 1698; x_wconf 82' lang='lat' dir='ltr'><strong>rogavit</strong></span> <span class='ocrx_word' id='word_1_225' title='bbox 2173 1644 2297 1684; x_wconf 91' lang='lat' dir='ltr'><strong>eum</strong></span> <span class='ocrx_word' id='word_1_226' title='bbox 2330 1644 2344 1681; x_wconf 89' lang='lat'><strong>:</strong></span> <span class='ocrx_word' id='word_1_227' title='bbox 2380 1629 2436 1684; x_wconf 91' lang='lat' dir='ltr'><strong>in</strong></span> <span class='ocrx_word' id='word_1_228' title='bbox 2472 1627 2658 1683; x_wconf 87' lang='lat' dir='ltr'><strong>Bethel</strong></span> <span class='ocrx_word' id='word_1_229' title='bbox 2687 1627 2894 1681; x_wconf 86' lang='lat' dir='ltr'><strong>invenit</strong></span> <span class='ocrx_word' id='word_1_230' title='bbox 2934 1641 3082 1681; x_wconf 90' lang='lat' dir='ltr'><strong>eum.</strong></span> 
     </span>
    </p>
   </div>
   <div class='ocr_carea' id='block_1_35' title="bbox 1935 1713 3434 1780">
    <p class='ocr_par' dir='ltr' id='par_1_35' title="bbox 1935 1713 3434 1780">
     <span class='ocr_line' id='line_1_35' title="bbox 1935 1713 3434 1780; baseline -0.003 -4"><span class='ocrx_word' id='word_1_231' title='bbox 1935 1721 1991 1776; x_wconf 89' lang='lat'><strong>8.</strong></span> <span class='ocrx_word' id='word_1_232' title='bbox 2032 1718 2098 1773; x_wconf 83' lang='lat' dir='ltr'><strong>ﬂ.</strong></span> <span class='ocrx_word' id='word_1_233' title='bbox 2130 1720 2299 1775; x_wconf 86' lang='lat' dir='ltr'><strong>robur</strong></span> <span class='ocrx_word' id='word_1_234' title='bbox 2343 1718 2500 1773; x_wconf 88' lang='lat' dir='ltr'><strong>mihi.</strong></span> <span class='ocrx_word' id='word_1_235' title='bbox 2546 1716 2613 1771; x_wconf 76' lang='grc' dir='ltr'><strong>Α.</strong></span> <span class='ocrx_word' id='word_1_236' title='bbox 2646 1716 2995 1772; x_wconf 87' lang='lat' dir='ltr'><strong>inutilitatem</strong></span> <span class='ocrx_word' id='word_1_237' title='bbox 3023 1716 3098 1771; x_wconf 92' lang='lat' dir='ltr'><strong>ei.</strong></span> <span class='ocrx_word' id='word_1_238' title='bbox 3132 1713 3297 1780; x_wconf 87' lang='lat' dir='ltr'><strong>LXX,</strong></span> <span class='ocrx_word' id='word_1_239' title='bbox 3346 1730 3434 1771; x_wconf 90' lang='lat' dir='ltr'><strong>re-</strong></span> 
     </span>
    </p>
   </div>
   <div class='ocr_carea' id='block_1_36' title="bbox 1863 1807 2837 1883">
    <p class='ocr_par' dir='ltr' id='par_1_36' title="bbox 1863 1807 2837 1883">
     <span class='ocr_line' id='line_1_36' title="bbox 1863 1807 2837 1883; baseline -0.005 -18"><span class='ocrx_word' id='word_1_240' title='bbox 1863 1812 2048 1883; x_wconf 89' lang='lat' dir='ltr'><strong>quiem</strong></span> <span class='ocrx_word' id='word_1_241' title='bbox 2076 1810 2234 1865; x_wconf 87' lang='lat' dir='ltr'><strong>mihi.</strong></span> <span class='ocrx_word' id='word_1_242' title='bbox 2270 1808 2391 1864; x_wconf 82' lang='lat' dir='ltr'><strong>Vul.</strong></span> <span class='ocrx_word' id='word_1_243' title='bbox 2429 1808 2638 1865; x_wconf 90' lang='lat' dir='ltr'><strong>idolum</strong></span> <span class='ocrx_word' id='word_1_244' title='bbox 2681 1807 2837 1861; x_wconf 86' lang='lat' dir='ltr'><strong>mihi.</strong></span> 
     </span>
    </p>
   </div>
   <div class='ocr_carea' id='block_1_37' title="bbox 1936 1893 3430 1966">
    <p class='ocr_par' dir='ltr' id='par_1_37' title="bbox 1936 1893 3430 1966">
     <span class='ocr_line' id='line_1_37' title="bbox 1936 1893 3430 1966; baseline 0.001 -17"><span class='ocrx_word' id='word_1_245' title='bbox 1936 1896 2024 1950; x_wconf 85' lang='grc'><strong>11.</strong></span> <span class='ocrx_word' id='word_1_246' title='bbox 2055 1894 2122 1950; x_wconf 82' lang='grc' dir='ltr'><strong>Η.</strong></span> <span class='ocrx_word' id='word_1_247' title='bbox 2190 1894 2314 1951; x_wconf 81' lang='lat' dir='ltr'><strong>Vul.</strong></span> <span class='ocrx_word' id='word_1_248' title='bbox 2345 1895 2503 1966; x_wconf 91' lang='lat' dir='ltr'><strong>quasi</strong></span> <span class='ocrx_word' id='word_1_249' title='bbox 2561 1895 2761 1950; x_wconf 85' lang='lat' dir='ltr'><strong>acervi.</strong></span> <span class='ocrx_word' id='word_1_250' title='bbox 2805 1894 2870 1949; x_wconf 77' lang='grc' dir='ltr'><strong>Α.</strong></span> <span class='ocrx_word' id='word_1_251' title='bbox 2932 1894 3076 1950; x_wconf 89' lang='lat' dir='ltr'><strong>velut</strong></span> <span class='ocrx_word' id='word_1_252' title='bbox 3124 1894 3325 1950; x_wconf 89' lang='lat' dir='ltr'><strong>acervi.</strong></span> <span class='ocrx_word' id='word_1_253' title='bbox 3372 1893 3430 1950; x_wconf 87' lang='lat' dir='ltr'><strong>S.</strong></span> 
     </span>
    </p>
   </div>
   <div class='ocr_carea' id='block_1_38' title="bbox 1863 1985 3443 2060">
    <p class='ocr_par' dir='ltr' id='par_1_38' title="bbox 1863 1985 3443 2060">
     <span class='ocr_line' id='line_1_38' title="bbox 1863 1985 3443 2060; baseline -0.001 -15"><span class='ocrx_word' id='word_1_254' title='bbox 1863 1988 2042 2045; x_wconf 83' lang='lat' dir='ltr'><strong>acervi</strong></span> <span class='ocrx_word' id='word_1_255' title='bbox 2068 1987 2332 2060; x_wconf 86' lang='lat' dir='ltr'><strong>lapidum.</strong></span> <span class='ocrx_word' id='word_1_256' title='bbox 2378 1987 2435 2042; x_wconf 89' lang='lat' dir='ltr'><strong>S.</strong></span> <span class='ocrx_word' id='word_1_257' title='bbox 2467 1987 2646 2052; x_wconf 79' lang='lat' dir='ltr'><strong>aliter,</strong></span> <span class='ocrx_word' id='word_1_258' title='bbox 2680 1995 2739 2042; x_wconf 92' lang='lat' dir='ltr'><strong>ut</strong></span> <span class='ocrx_word' id='word_1_259' title='bbox 2770 2001 2934 2042; x_wconf 65' lang='lat' dir='ltr'><strong>ranae.</strong></span> <span class='ocrx_word' id='word_1_260' title='bbox 2968 1985 3133 2055; x_wconf 87' lang='lat' dir='ltr'><strong>LXX,</strong></span> <span class='ocrx_word' id='word_1_261' title='bbox 3170 1987 3327 2059; x_wconf 85' lang='lat' dir='ltr'><strong>quasi</strong></span> <span class='ocrx_word' id='word_1_262' title='bbox 3355 1996 3443 2043; x_wconf 59' lang='lat' dir='ltr'><strong>te-</strong></span> 
     </span>
    </p>
   </div>
   <div class='ocr_carea' id='block_1_39' title="bbox 1864 2079 3012 2151">
    <p class='ocr_par' dir='ltr' id='par_1_39' title="bbox 1864 2079 3012 2151">
     <span class='ocr_line' id='line_1_39' title="bbox 1864 2079 3012 2151; baseline -0.004 -12"><span class='ocrx_word' id='word_1_263' title='bbox 1864 2081 2128 2139; x_wconf 87' lang='lat' dir='ltr'><strong>studines.</strong></span> <span class='ocrx_word' id='word_1_264' title='bbox 2157 2081 2262 2136; x_wconf 88' lang='lat' dir='ltr'><strong>Th.</strong></span> <span class='ocrx_word' id='word_1_265' title='bbox 2296 2081 2484 2136; x_wconf 90' lang='lat' dir='ltr'><strong>colles.</strong></span> <span class='ocrx_word' id='word_1_266' title='bbox 2522 2079 2710 2145; x_wconf 77' lang='lat' dir='ltr'><strong>Aliter,</strong></span> <span class='ocrx_word' id='word_1_267' title='bbox 2747 2079 3012 2151; x_wconf 84' lang='lat' dir='ltr'><strong>vulpium.</strong></span> 
     </span>
    </p>
   </div>
   <div class='ocr_carea' id='block_1_40' title="bbox 1037 2189 2591 2271">
    <p class='ocr_par' dir='ltr' id='par_1_40' title="bbox 1037 2189 2591 2271">
     <span class='ocr_line' id='line_1_40' title="bbox 1037 2189 2591 2271; baseline -0.009 -4"><span class='ocrx_word' id='word_1_268' title='bbox 1037 2206 1214 2267; x_wconf 78' lang='lat' dir='ltr'><strong>Noun</strong></span> <span class='ocrx_word' id='word_1_269' title='bbox 1242 2210 1305 2266; x_wconf 87' lang='lat' dir='ltr'><strong>et</strong></span> <span class='ocrx_word' id='word_1_270' title='bbox 1333 2200 1526 2266; x_wconf 62' lang='lat' dir='ltr'><strong>variae</strong></span> <span class='ocrx_word' id='word_1_271' title='bbox 1566 2196 1876 2264; x_wconf 83' lang='lat' dir='ltr'><strong>lectiones</strong></span> <span class='ocrx_word' id='word_1_272' title='bbox 1915 2195 1999 2258; x_wconf 89' lang='lat' dir='ltr'><strong>ad</strong></span> <span class='ocrx_word' id='word_1_273' title='bbox 2043 2208 2180 2271; x_wconf 86' lang='lat' dir='ltr'><strong>cap.</strong></span> <span class='ocrx_word' id='word_1_274' title='bbox 2222 2189 2347 2254; x_wconf 81' lang='lat' dir='ltr'><strong>XII</strong></span> <span class='ocrx_word' id='word_1_275' title='bbox 2401 2190 2591 2253; x_wconf 89' lang='lat' dir='ltr'><strong>Osee.</strong></span> 
     </span>
    </p>
   </div>
   <div class='ocr_carea' id='block_1_41' title="bbox 270 2328 1302 2403">
    <p class='ocr_par' dir='ltr' id='par_1_41' title="bbox 270 2328 1302 2403">
     <span class='ocr_line' id='line_1_41' title="bbox 270 2328 1302 2403; baseline -0.001 -16"><span class='ocrx_word' id='word_1_276' title='bbox 270 2328 342 2403; x_wconf 66' lang='grc' dir='ltr'><strong>ν.</strong></span> <span class='ocrx_word' id='word_1_277' title='bbox 373 2330 424 2403; x_wconf 78' lang='grc'><strong>1.</strong></span> <span class='ocrx_word' id='word_1_278' title='bbox 458 2331 563 2399; x_wconf 82' lang='grc' dir='ltr'><strong>’Δ.,</strong></span> <span class='ocrx_word' id='word_1_279' title='bbox 589 2332 671 2397; x_wconf 90' lang='grc' dir='ltr'><strong>Σ.,</strong></span> <span class='ocrx_word' id='word_1_280' title='bbox 703 2333 920 2403; x_wconf 79' lang='grc' dir='ltr'><strong>ἄνεμον.</strong></span> <span class='ocrx_word' id='word_1_281' title='bbox 952 2330 1302 2403; x_wconf 79' lang='lat' dir='ltr'><strong>Barberinus.</strong></span> 
     </span>
    </p>
   </div>
   <div class='ocr_carea' id='block_1_42' title="bbox 271 2401 1317 2483">
    <p class='ocr_par' dir='ltr' id='par_1_42' title="bbox 271 2401 1317 2483">
     <span class='ocr_line' id='line_1_42' title="bbox 271 2401 1317 2483; baseline -0.002 -28"><span class='ocrx_word' id='word_1_282' title='bbox 271 2401 411 2483; x_wconf 55' lang='lat' dir='ltr'><strong>ibid:</strong></span> <span class='ocrx_word' id='word_1_283' title='bbox 594 2404 674 2483; x_wconf 72' lang='grc' dir='ltr'><strong>Σ.,</strong></span> <span class='ocrx_word' id='word_1_284' title='bbox 698 2401 1112 2483; x_wconf 55' lang='grc' dir='ltr'><strong>καίσυνθίὶκην.</strong></span> <span class='ocrx_word' id='word_1_285' title='bbox 1142 2401 1317 2483; x_wconf 52' lang='lat' dir='ltr'><strong>idem.</strong></span> 
     </span>
    </p>
   </div>
   <div class='ocr_carea' id='block_1_43' title="bbox 274 2464 1758 2540">
    <p class='ocr_par' dir='ltr' id='par_1_43' title="bbox 274 2464 1758 2540">
     <span class='ocr_line' id='line_1_43' title="bbox 274 2464 1758 2540; baseline -0.004 -16"><span class='ocrx_word' id='word_1_286' title='bbox 274 2469 341 2525; x_wconf 83' lang='lat' dir='ltr'><strong>V.</strong></span> <span class='ocrx_word' id='word_1_287' title='bbox 375 2472 429 2524; x_wconf 79' lang='grc' dir='ltr'><strong>ι1.</strong></span> <span class='ocrx_word' id='word_1_288' title='bbox 453 2464 855 2528; x_wconf 84' lang='lat' dir='ltr'><strong>Theodoretus:</strong></span> <span class='ocrx_word' id='word_1_289' title='bbox 905 2464 1063 2525; x_wconf 73' lang='grc' dir='ltr'><strong>τοῦτο</strong></span> <span class='ocrx_word' id='word_1_290' title='bbox 1108 2471 1157 2523; x_wconf 80' lang='grc' dir='ltr'><strong>οἱ</strong></span> <span class='ocrx_word' id='word_1_291' title='bbox 1206 2470 1354 2524; x_wconf 72' lang='grc' dir='ltr'><strong>ἄλλοι</strong></span> <span class='ocrx_word' id='word_1_292' title='bbox 1405 2464 1758 2540; x_wconf 70' lang='grc' dir='ltr'><strong>ἑρμηνευταὶ,</strong></span> 
     </span>
    </p>
   </div>
   <div class='ocr_carea' id='block_1_44' title="bbox 213 2536 1759 2615">
    <p class='ocr_par' dir='ltr' id='par_1_44' title="bbox 213 2536 1759 2615">
     <span class='ocr_line' id='line_1_44' title="bbox 213 2536 1759 2615; baseline -0.003 -23"><span class='ocrx_word' id='word_1_293' title='bbox 347 2542 427 2607; x_wconf 88' lang='grc' dir='ltr'><strong>Σ.,</strong></span> <span class='ocrx_word' id='word_1_294' title='bbox 450 2543 537 2610; x_wconf 90' lang='lat'><strong>8.,</strong></span> <span class='ocrx_word' id='word_1_295' title='bbox 558 2543 633 2607; x_wconf 84' lang='grc' dir='ltr'><strong>ὡς</strong></span> <span class='ocrx_word' id='word_1_296' title='bbox 661 2544 788 2615; x_wconf 78' lang='grc' dir='ltr'>περὶ</span> <span class='ocrx_word' id='word_1_297' title='bbox 805 2542 900 2597; x_wconf 81' lang='grc' dir='ltr'><strong>τοῦ</strong></span> <span class='ocrx_word' id='word_1_298' title='bbox 931 2540 1124 2595; x_wconf 78' lang='grc' dir='ltr'><strong>Ἰακὼϐ</strong></span> <span class='ocrx_word' id='word_1_299' title='bbox 1147 2536 1759 2612; x_wconf 67' lang='grc' dir='ltr'><strong>εἰρημένονέεθείκασι,</strong></span> 
     </span>
    </p>
   </div>
   <div class='ocr_carea' id='block_1_45' title="bbox 196 2609 567 2668">
    <p class='ocr_par' dir='ltr' id='par_1_45' title="bbox 196 2609 567 2668">
     <span class='ocr_line' id='line_1_45' title="bbox 196 2609 567 2668; baseline 0.019 -7"><span class='ocrx_word' id='word_1_300' title='bbox 196 2609 433 2665; x_wconf 74' lang='grc' dir='ltr'><strong>ἔκλαυσε</strong></span> <span class='ocrx_word' id='word_1_301' title='bbox 464 2622 567 2668; x_wconf 86' lang='lat' dir='ltr'><strong>etc.</strong></span> 
     </span>
    </p>
   </div>
   <div class='ocr_carea' id='block_1_46' title="bbox 276 2678 1731 2755">
    <p class='ocr_par' dir='ltr' id='par_1_46' title="bbox 276 2678 1731 2755">
     <span class='ocr_line' id='line_1_46' title="bbox 276 2678 1731 2755; baseline 0.001 -22"><span class='ocrx_word' id='word_1_302' title='bbox 276 2678 342 2755; x_wconf 60' lang='grc' dir='ltr'><strong>Χ.</strong></span> <span class='ocrx_word' id='word_1_303' title='bbox 382 2682 435 2755; x_wconf 69' lang='lat' dir='ltr'><strong>tl.</strong></span> <span class='ocrx_word' id='word_1_304' title='bbox 480 2683 582 2755; x_wconf 12' lang='lat'><strong>’47.,</strong></span> <span class='ocrx_word' id='word_1_305' title='bbox 609 2682 883 2753; x_wconf 82' lang='grc' dir='ltr'><strong>ἀνωφελὲς</strong></span> <span class='ocrx_word' id='word_1_306' title='bbox 910 2681 1078 2753; x_wconf 84' lang='grc' dir='ltr'><strong>αὐτῷ.</strong></span> <span class='ocrx_word' id='word_1_307' title='bbox 1102 2679 1452 2755; x_wconf 81' lang='lat' dir='ltr'><strong>Barberinus.</strong></span> <span class='ocrx_word' id='word_1_308' title='bbox 1718 2743 1731 2755; x_wconf 32' lang='grc' dir='ltr'>θ</span> 
     </span>
    </p>
   </div>
   <div class='ocr_carea' id='block_1_47' title="bbox 274 2748 1763 2825">
    <p class='ocr_par' dir='ltr' id='par_1_47' title="bbox 274 2748 1763 2825">
     <span class='ocr_line' id='line_1_47' title="bbox 274 2748 1763 2825; baseline -0.003 -22"><span class='ocrx_word' id='word_1_309' title='bbox 274 2748 341 2805; x_wconf 71' lang='grc' dir='ltr'><strong>γ.</strong></span> <span class='ocrx_word' id='word_1_310' title='bbox 377 2753 460 2807; x_wconf 91' lang='grc'><strong>11.</strong></span> <span class='ocrx_word' id='word_1_311' title='bbox 503 2748 908 2825; x_wconf 75' lang='lat' dir='ltr'><strong>Hieronymus:</strong></span> <span class='ocrx_word' id='word_1_312' title='bbox 956 2772 982 2825; x_wconf 24' lang='lat' dir='ltr'><strong>CA</strong></span> <span class='ocrx_word' id='word_1_313' title='bbox 1014 2748 1258 2825; x_wconf 67' lang='lat' dir='ltr'><strong>Rursum</strong></span> <span class='ocrx_word' id='word_1_314' title='bbox 1305 2750 1396 2804; x_wconf 90' lang='lat' dir='ltr'><strong>ubi</strong></span> <span class='ocrx_word' id='word_1_315' title='bbox 1436 2764 1535 2825; x_wconf 69' lang='lat' dir='ltr'><strong>nos</strong></span> <span class='ocrx_word' id='word_1_316' title='bbox 1553 2748 1763 2825; x_wconf 60' lang='lat' dir='ltr'><strong>posui-</strong></span> 
     </span>
    </p>
   </div>
   <div class='ocr_carea' id='block_1_48' title="bbox 196 2813 1762 2895">
    <p class='ocr_par' dir='ltr' id='par_1_48' title="bbox 196 2813 1762 2895">
     <span class='ocr_line' id='line_1_48' title="bbox 196 2813 1762 2895; baseline -0.004 -21"><span class='ocrx_word' id='word_1_317' title='bbox 196 2835 349 2887; x_wconf 88' lang='lat' dir='ltr'><strong>mus,</strong></span> <span class='ocrx_word' id='word_1_318' title='bbox 388 2840 617 2895; x_wconf 77' lang='lat' dir='ltr'><strong>acervos,</strong></span> <span class='ocrx_word' id='word_1_319' title='bbox 654 2813 744 2895; x_wconf 77' lang='lat' dir='ltr'><strong>qui</strong></span> <span class='ocrx_word' id='word_1_320' title='bbox 793 2822 1062 2895; x_wconf 74' lang='lat' dir='ltr'><strong>Hebraice</strong></span> <span class='ocrx_word' id='word_1_321' title='bbox 1091 2820 1426 2892; x_wconf 87' lang='lat' dir='ltr'><strong>appellantur</strong></span> <span class='ocrx_word' id='word_1_322' title='bbox 1460 2813 1713 2874; x_wconf 75' lang='lat' dir='ltr'><strong>GALLIM</strong></span> <span class='ocrx_word' id='word_1_323' title='bbox 1746 2830 1762 2880; x_wconf 91' lang='lat'><strong>;</strong></span> 
     </span>
    </p>
   </div>
   <div class='ocr_carea' id='block_1_49' title="bbox 196 2892 1764 2966">
    <p class='ocr_par' dir='ltr' id='par_1_49' title="bbox 196 2892 1764 2966">
     <span class='ocr_line' id='line_1_49' title="bbox 196 2892 1764 2966; baseline -0.006 -20"><span class='ocrx_word' id='word_1_324' title='bbox 196 2900 258 2945; x_wconf 90' lang='lat' dir='ltr'><strong>et</strong></span> <span class='ocrx_word' id='word_1_325' title='bbox 281 2893 501 2964; x_wconf 87' lang='lat' dir='ltr'><strong>proprie</strong></span> <span class='ocrx_word' id='word_1_326' title='bbox 523 2892 1017 2966; x_wconf 42' lang='lat' dir='ltr'><strong>Olvaq—signiﬂcant,</strong></span> <span class='ocrx_word' id='word_1_327' title='bbox 1049 2892 1155 2948; x_wconf 86' lang='lat' dir='ltr'><strong>hoc</strong></span> <span class='ocrx_word' id='word_1_328' title='bbox 1182 2898 1286 2957; x_wconf 89' lang='lat' dir='ltr'><strong>est,</strong></span> <span class='ocrx_word' id='word_1_329' title='bbox 1310 2904 1375 2945; x_wconf 78' lang='lat' dir='ltr'><strong>ea;</strong></span> <span class='ocrx_word' id='word_1_330' title='bbox 1400 2904 1564 2943; x_wconf 86' lang='lat' dir='ltr'><strong>arena</strong></span> <span class='ocrx_word' id='word_1_331' title='bbox 1588 2895 1764 2940; x_wconf 82' lang='lat' dir='ltr'><strong>tumu-</strong></span> 
     </span>
    </p>
   </div>
   <div class='ocr_carea' id='block_1_50' title="bbox 1862 2314 3444 2389">
    <p class='ocr_par' dir='ltr' id='par_1_50' title="bbox 1862 2314 3444 2389">
     <span class='ocr_line' id='line_1_50' title="bbox 1862 2314 3444 2389; baseline -0.003 -12"><span class='ocrx_word' id='word_1_332' title='bbox 1862 2322 1940 2377; x_wconf 81' lang='lat' dir='ltr'><strong>los</strong></span> <span class='ocrx_word' id='word_1_333' title='bbox 1966 2324 2333 2389; x_wconf 72' lang='lat' dir='ltr'><strong>congregatos;</strong></span> <span class='ocrx_word' id='word_1_334' title='bbox 2365 2314 2459 2386; x_wconf 87' lang='lat' dir='ltr'><strong>qui</strong></span> <span class='ocrx_word' id='word_1_335' title='bbox 2498 2316 2734 2389; x_wconf 76' lang='lat' dir='ltr'><strong>maxime</strong></span> <span class='ocrx_word' id='word_1_336' title='bbox 2769 2316 2825 2371; x_wconf 90' lang='lat' dir='ltr'><strong>in</strong></span> <span class='ocrx_word' id='word_1_337' title='bbox 2873 2318 3109 2389; x_wconf 84' lang='lat' dir='ltr'><strong>deserto,</strong></span> <span class='ocrx_word' id='word_1_338' title='bbox 3141 2316 3195 2389; x_wconf 85' lang='lat' dir='ltr'><strong>in</strong></span> <span class='ocrx_word' id='word_1_339' title='bbox 3235 2314 3444 2372; x_wconf 72' lang='lat' dir='ltr'><strong>littori-</strong></span> 
     </span>
    </p>
   </div>
   <div class='ocr_carea' id='block_1_51' title="bbox 1862 2385 3441 2456">
    <p class='ocr_par' dir='ltr' id='par_1_51' title="bbox 1862 2385 3441 2456">
     <span class='ocr_line' id='line_1_51' title="bbox 1862 2385 3441 2456; baseline -0.006 -10"><span class='ocrx_word' id='word_1_340' title='bbox 1862 2392 1967 2447; x_wconf 90' lang='lat' dir='ltr'><strong>bus</strong></span> <span class='ocrx_word' id='word_1_341' title='bbox 2006 2385 2172 2444; x_wconf 77' lang='lat' dir='ltr'><strong>ﬂante</strong></span> <span class='ocrx_word' id='word_1_342' title='bbox 2212 2385 2411 2449; x_wconf 71' lang='lat' dir='ltr'><strong>vento,</strong></span> <span class='ocrx_word' id='word_1_343' title='bbox 2464 2385 2548 2440; x_wconf 87' lang='lat' dir='ltr'><strong>vel</strong></span> <span class='ocrx_word' id='word_1_344' title='bbox 2608 2397 2894 2456; x_wconf 82' lang='lat' dir='ltr'><strong>augentur,</strong></span> <span class='ocrx_word' id='word_1_345' title='bbox 2956 2388 3041 2442; x_wconf 94' lang='lat' dir='ltr'><strong>vel</strong></span> <span class='ocrx_word' id='word_1_346' title='bbox 3090 2388 3441 2452; x_wconf 84' lang='lat' dir='ltr'><strong>minuuntur,</strong></span> 
     </span>
    </p>
   </div>
   <div class='ocr_carea' id='block_1_52' title="bbox 1864 2456 3432 2526">
    <p class='ocr_par' dir='ltr' id='par_1_52' title="bbox 1864 2456 3432 2526">
     <span class='ocr_line' id='line_1_52' title="bbox 1864 2456 3432 2526; baseline -0.004 -11"><span class='ocrx_word' id='word_1_347' title='bbox 1864 2459 2007 2516; x_wconf 82' lang='lat' dir='ltr'><strong>LXX</strong></span> <span class='ocrx_word' id='word_1_348' title='bbox 2034 2458 2447 2521; x_wconf 88' lang='lat' dir='ltr'><strong>transtulerunt,</strong></span> <span class='ocrx_word' id='word_1_349' title='bbox 2477 2456 2799 2510; x_wconf 78' lang='lat' dir='ltr'><strong>testudines:</strong></span> <span class='ocrx_word' id='word_1_350' title='bbox 2828 2474 2926 2526; x_wconf 91' lang='lat' dir='ltr'><strong>pro</strong></span> <span class='ocrx_word' id='word_1_351' title='bbox 2949 2459 3149 2526; x_wconf 83' lang='lat' dir='ltr'><strong>quibus</strong></span> <span class='ocrx_word' id='word_1_352' title='bbox 3180 2456 3262 2522; x_wconf 87' lang='lat' dir='ltr'><strong>S.,</strong></span> <span class='ocrx_word' id='word_1_353' title='bbox 3287 2473 3432 2510; x_wconf 85' lang='lat' dir='ltr'><strong>acer-</strong></span> 
     </span>
    </p>
   </div>
   <div class='ocr_carea' id='block_1_53' title="bbox 1865 2474 3427 2598">
    <p class='ocr_par' dir='ltr' id='par_1_53' title="bbox 1865 2474 3427 2598">
     <span class='ocr_line' id='line_1_53' title="bbox 1865 2474 3427 2526; baseline -0.004 -11"><span class='ocrx_word' id='word_1_354' title='bbox 1865 2474 2007 2516; x_wconf 61' lang='grc' dir='ltr'><strong>Ιλλλ</strong></span> <span class='ocrx_word' id='word_1_355' title='bbox 2034 2474 2447 2521; x_wconf 80' lang='lat' dir='ltr'><strong>transmierunt,</strong></span> <span class='ocrx_word' id='word_1_356' title='bbox 2477 2474 2799 2510; x_wconf 75' lang='lat' dir='ltr'><strong>teatuatnes:</strong></span> <span class='ocrx_word' id='word_1_357' title='bbox 2866 2474 2926 2512; x_wconf 81' lang='grc' dir='ltr'><strong>ΓΟ</strong></span> <span class='ocrx_word' id='word_1_358' title='bbox 2949 2474 3149 2526; x_wconf 71' lang='lat' dir='ltr'><strong>QUIBUS</strong></span> <span class='ocrx_word' id='word_1_359' title='bbox 3180 2474 3262 2522; x_wconf 60' lang='lat'><strong>3.,</strong></span> <span class='ocrx_word' id='word_1_360' title='bbox 3287 2474 3427 2510; x_wconf 85' lang='lat' dir='ltr'><strong>acer-</strong></span> 
     </span>
     <span class='ocr_line' id='line_1_54' title="bbox 1865 2474 3427 2598; baseline -0.004 -12"><span class='ocrx_word' id='word_1_361' title='bbox 1865 2547 1953 2586; x_wconf 81' lang='lat' dir='ltr'><strong>vos</strong></span> <span class='ocrx_word' id='word_1_362' title='bbox 1985 2527 2638 2598; x_wconf 12' lang='lat' dir='ltr'><strong>lapidamiinterpretatus</strong></span> <span class='ocrx_word' id='word_1_363' title='bbox 2676 2538 2785 2593; x_wconf 89' lang='lat' dir='ltr'><strong>est;</strong></span> <span class='ocrx_word' id='word_1_364' title='bbox 2822 2474 3364 2598; x_wconf 57' lang='lat' dir='ltr'><strong>’fhgodotio,colles.</strong></span> <span class='ocrx_word' id='word_1_365' title='bbox 3405 2544 3427 2579; x_wconf 72' lang='grc' dir='ltr'><strong>ι</strong></span> 
     </span>
    </p>
   </div>
   <div class='ocr_carea' id='block_1_54' title="bbox 1869 2595 3439 2668">
    <p class='ocr_par' dir='ltr' id='par_1_54' title="bbox 1869 2595 3439 2668">
     <span class='ocr_line' id='line_1_55' title="bbox 1869 2595 3439 2668; baseline -0.004 -11"><span class='ocrx_word' id='word_1_366' title='bbox 1869 2601 1977 2657; x_wconf 87' lang='lat' dir='ltr'><strong>Sed</strong></span> <span class='ocrx_word' id='word_1_367' title='bbox 2006 2595 2165 2668; x_wconf 89' lang='lat' dir='ltr'><strong>longe</strong></span> <span class='ocrx_word' id='word_1_368' title='bbox 2191 2595 2438 2668; x_wconf 79' lang='lat' dir='ltr'><strong>diversas</strong></span> <span class='ocrx_word' id='word_1_369' title='bbox 2460 2596 2771 2668; x_wconf 67' lang='lat' dir='ltr'><strong>Symmachi</strong></span> <span class='ocrx_word' id='word_1_370' title='bbox 2818 2606 2874 2651; x_wconf 90' lang='lat' dir='ltr'><strong>et</strong></span> <span class='ocrx_word' id='word_1_371' title='bbox 2912 2595 3320 2668; x_wconf 83' lang='lat' dir='ltr'><strong>Theodotionis</strong></span> <span class='ocrx_word' id='word_1_372' title='bbox 3340 2597 3439 2668; x_wconf 73' lang='lat' dir='ltr'><strong>ln-</strong></span> 
     </span>
    </p>
   </div>
   <div class='ocr_carea' id='block_1_55' title="bbox 1865 2664 3433 2740">
    <p class='ocr_par' dir='ltr' id='par_1_55' title="bbox 1865 2664 3433 2740">
     <span class='ocr_line' id='line_1_56' title="bbox 1865 2664 3433 2740; baseline -0.004 -15"><span class='ocrx_word' id='word_1_373' title='bbox 1865 2664 2283 2740; x_wconf 73' lang='lat' dir='ltr'><strong>terpretationes</strong></span> <span class='ocrx_word' id='word_1_374' title='bbox 2312 2664 2875 2740; x_wconf 58' lang='lat' dir='ltr'><strong>adfert&#39;ljarberinus,</strong></span> <span class='ocrx_word' id='word_1_375' title='bbox 2925 2676 2982 2740; x_wconf 85' lang='lat' dir='ltr'><strong>ut</strong></span> <span class='ocrx_word' id='word_1_376' title='bbox 3029 2682 3229 2740; x_wconf 71' lang='lat' dir='ltr'><strong>supra;</strong></span> <span class='ocrx_word' id='word_1_377' title='bbox 3270 2666 3433 2720; x_wconf 88' lang='lat' dir='ltr'><strong>nimi-</strong></span> 
     </span>
    </p>
   </div>
   <div class='ocr_carea' id='block_1_56' title="bbox 1864 2735 3439 2806">
    <p class='ocr_par' dir='ltr' id='par_1_56' title="bbox 1864 2735 3439 2806">
     <span class='ocr_line' id='line_1_57' title="bbox 1864 2735 3439 2806; baseline -0.003 -11"><span class='ocrx_word' id='word_1_378' title='bbox 1864 2735 1990 2795; x_wconf 77' lang='lat' dir='ltr'><strong>rum</strong></span> <span class='ocrx_word' id='word_1_379' title='bbox 2010 2740 2092 2806; x_wconf 94' lang='lat'><strong>2.,</strong></span> <span class='ocrx_word' id='word_1_380' title='bbox 2122 2737 2197 2800; x_wconf 84' lang='grc' dir='ltr'><strong>ὡς</strong></span> <span class='ocrx_word' id='word_1_381' title='bbox 2221 2735 2499 2806; x_wconf 78' lang='grc' dir='ltr'><strong>βάτραχοι,</strong></span> <span class='ocrx_word' id='word_1_382' title='bbox 2522 2735 2609 2801; x_wconf 94' lang='lat'><strong>8.,</strong></span> <span class='ocrx_word' id='word_1_383' title='bbox 2641 2735 2751 2789; x_wconf 81' lang='grc' dir='ltr'><strong>τῶν</strong></span> <span class='ocrx_word' id='word_1_384' title='bbox 2775 2735 3114 2792; x_wconf 51' lang='grc' dir='ltr'><strong>ἀλωπέκων(</strong></span> <span class='ocrx_word' id='word_1_385' title='bbox 3146 2735 3298 2792; x_wconf 83' lang='lat' dir='ltr'><strong>Illius</strong></span> <span class='ocrx_word' id='word_1_386' title='bbox 3348 2744 3439 2791; x_wconf 72' lang='lat' dir='ltr'><strong>est</strong></span> 
     </span>
    </p>
   </div>
   <div class='ocr_carea' id='block_1_57' title="bbox 1865 2806 2500 2878">
    <p class='ocr_par' dir='ltr' id='par_1_57' title="bbox 1865 2806 2500 2878">
     <span class='ocr_line' id='line_1_58' title="bbox 1865 2806 2500 2878; baseline -0.008 -11"><span class='ocrx_word' id='word_1_387' title='bbox 1865 2811 2031 2867; x_wconf 88' lang='lat' dir='ltr'><strong>etiam</strong></span> <span class='ocrx_word' id='word_1_388' title='bbox 2063 2808 2272 2878; x_wconf 79' lang='lat' dir='ltr'><strong>Aquilae</strong></span> <span class='ocrx_word' id='word_1_389' title='bbox 2303 2806 2500 2862; x_wconf 80' lang='lat' dir='ltr'><strong>vel-sio.</strong></span> 
     </span>
    </p>
   </div>
   <div class='ocr_carea' id='block_1_58' title="bbox 1787 3028 1863 3041">
    <p class='ocr_par' dir='ltr' id='par_1_58' title="bbox 1787 3028 1863 3041">
     <span class='ocr_line' id='line_1_59' title="bbox 1787 3028 1863 3041; baseline -0.026 0"><span class='ocrx_word' id='word_1_390' title='bbox 1787 3028 1863 3041; x_wconf 44' lang='lat' dir='ltr'><strong>ﬂ</strong></span> 
     </span>
    </p>
   </div>
   <div class='ocr_carea' id='block_1_59' title="bbox 1451 3113 2179 3190">
    <p class='ocr_par' dir='ltr' id='par_1_59' title="bbox 1451 3113 2179 3190">
     <span class='ocr_line' id='line_1_60' title="bbox 1451 3113 2179 3190; baseline -0.025 0"><span class='ocrx_word' id='word_1_391' title='bbox 1451 3125 1660 3190; x_wconf 88' lang='lat' dir='ltr'><strong>OSEE</strong></span> <span class='ocrx_word' id='word_1_392' title='bbox 1699 3116 1955 3185; x_wconf 85' lang='lat' dir='ltr'><strong>CAPUT</strong></span> <span class='ocrx_word' id='word_1_393' title='bbox 2004 3113 2179 3175; x_wconf 82' lang='lat' dir='ltr'><strong>XIII.</strong></span> 
     </span>
    </p>
   </div>
   <div class='ocr_carea' id='block_1_60' title="bbox 192 3249 1761 3325">
    <p class='ocr_par' dir='ltr' id='par_1_60' title="bbox 192 3249 1761 3325">
     <span class='ocr_line' id='line_1_61' title="bbox 192 3249 1761 3325; baseline -0.002 -20"><span class='ocrx_word' id='word_1_394' title='bbox 192 3256 309 3305; x_wconf 68' lang='lat' dir='ltr'><strong>mn</strong></span> <span class='ocrx_word' id='word_1_395' title='bbox 339 3256 452 3307; x_wconf 65' lang='lat' dir='ltr'><strong>NW:</strong></span> <span class='ocrx_word' id='word_1_396' title='bbox 490 3260 612 3309; x_wconf 78' lang='lat' dir='ltr'><strong>nm</strong></span> <span class='ocrx_word' id='word_1_397' title='bbox 654 3250 679 3304; x_wconf 89' lang='grc'><strong>1</strong></span> <span class='ocrx_word' id='word_1_398' title='bbox 771 3252 849 3307; x_wconf 90' lang='grc' dir='ltr'><strong>Ἀ.</strong></span> <span class='ocrx_word' id='word_1_399' title='bbox 890 3254 1091 3325; x_wconf 82' lang='grc' dir='ltr'>φρίκην</span> <span class='ocrx_word' id='word_1_400' title='bbox 1111 3254 1300 3309; x_wconf 77' lang='grc' dir='ltr'><strong>ἔλαϐεν</strong></span> <span class='ocrx_word' id='word_1_401' title='bbox 1334 3254 1513 3318; x_wconf 83' lang='grc' dir='ltr'><strong>αὐτός.</strong></span> <span class='ocrx_word' id='word_1_402' title='bbox 1556 3253 1614 3307; x_wconf 94' lang='grc' dir='ltr'><strong>Σ.</strong></span> <span class='ocrx_word' id='word_1_403' title='bbox 1649 3249 1712 3305; x_wconf 90' lang='grc' dir='ltr'><strong>Θ.</strong></span> <span class='ocrx_word' id='word_1_404' title='bbox 1745 3286 1761 3302; x_wconf 92' lang='grc'><strong>.</strong></span> 
     </span>
    </p>
   </div>
   <div class='ocr_carea' id='block_1_61' title="bbox 196 3339 1228 3413">
    <p class='ocr_par' dir='ltr' id='par_1_61' title="bbox 196 3339 1228 3413">
     <span class='ocr_line' id='line_1_62' title="bbox 196 3339 1228 3413; baseline 0.011 -23"><span class='ocrx_word' id='word_1_405' title='bbox 196 3377 214 3390; x_wconf 90' lang='grc'><strong>.</strong></span> <span class='ocrx_word' id='word_1_406' title='bbox 256 3380 269 3392; x_wconf 95' lang='grc'><strong>.</strong></span> <span class='ocrx_word' id='word_1_407' title='bbox 316 3379 331 3393; x_wconf 94' lang='grc'><strong>.</strong></span> <span class='ocrx_word' id='word_1_408' title='bbox 356 3339 410 3391; x_wconf 87' lang='grc' dir='ltr'><strong>Ο¹</strong></span> <span class='ocrx_word' id='word_1_409' title='bbox 428 3377 441 3403; x_wconf 86' lang='grc'><strong>,</strong></span> <span class='ocrx_word' id='word_1_410' title='bbox 464 3339 805 3413; x_wconf 84' lang='grc' dir='ltr'><strong>δικαιώματα</strong></span> <span class='ocrx_word' id='word_1_411' title='bbox 827 3343 1016 3399; x_wconf 73' lang='grc' dir='ltr'><strong>ἐλαϐεν</strong></span> <span class='ocrx_word' id='word_1_412' title='bbox 1049 3346 1228 3410; x_wconf 82' lang='grc' dir='ltr'><strong>αὑτός.</strong></span> 
     </span>
    </p>
   </div>
   <div class='ocr_carea' id='block_1_62' title="bbox 189 3498 1768 3599">
    <p class='ocr_par' dir='ltr' id='par_1_62' title="bbox 189 3498 1768 3599">
     <span class='ocr_line' id='line_1_63' title="bbox 189 3498 1768 3599; baseline 0 -25"><span class='ocrx_word' id='word_1_413' title='bbox 189 3522 356 3599; x_wconf 49' lang='lat' dir='ltr'><strong>rem</strong></span> <span class='ocrx_word' id='word_1_414' title='bbox 391 3498 556 3582; x_wconf 66' lang='grc' dir='ltr'><strong>ονιηπ</strong></span> <span class='ocrx_word' id='word_1_415' title='bbox 589 3527 708 3580; x_wconf 64' lang='grc' dir='ltr'><strong>ῠτκ</strong></span> <span class='ocrx_word' id='word_1_416' title='bbox 745 3526 869 3581; x_wconf 71' lang='lat' dir='ltr'><strong>’I&#39;DT</strong></span> <span class='ocrx_word' id='word_1_417' title='bbox 902 3521 939 3575; x_wconf 73' lang='grc'>2</span> <span class='ocrx_word' id='word_1_418' title='bbox 1020 3522 1099 3577; x_wconf 84' lang='grc' dir='ltr'><strong>Ἀ.</strong></span> <span class='ocrx_word' id='word_1_419' title='bbox 1134 3562 1147 3577; x_wconf 94' lang='grc'><strong>.</strong></span> <span class='ocrx_word' id='word_1_420' title='bbox 1177 3560 1192 3576; x_wconf 91' lang='grc'><strong>.</strong></span> <span class='ocrx_word' id='word_1_421' title='bbox 1223 3540 1237 3576; x_wconf 78' lang='lat'><strong>&#39;.</strong></span> <span class='ocrx_word' id='word_1_422' title='bbox 1269 3522 1501 3594; x_wconf 84' lang='grc' dir='ltr'><strong>μόσχους</strong></span> <span class='ocrx_word' id='word_1_423' title='bbox 1540 3539 1768 3592; x_wconf 82' lang='grc' dir='ltr'><strong>καταφι-</strong></span> 
     </span>
    </p>
   </div>
   <div class='ocr_carea' id='block_1_63' title="bbox 195 3604 1765 3684">
    <p class='ocr_par' dir='ltr' id='par_1_63' title="bbox 195 3604 1765 3684">
     <span class='ocr_line' id='line_1_64' title="bbox 195 3604 1765 3684; baseline 0.006 -30"><span class='ocrx_word' id='word_1_424' title='bbox 195 3604 439 3668; x_wconf 82' lang='grc' dir='ltr'><strong>λοῦντες.</strong></span> <span class='ocrx_word' id='word_1_425' title='bbox 473 3608 530 3659; x_wconf 90' lang='grc' dir='ltr'><strong>Σ.</strong></span> <span class='ocrx_word' id='word_1_426' title='bbox 569 3645 585 3660; x_wconf 94' lang='grc'><strong>.</strong></span> <span class='ocrx_word' id='word_1_427' title='bbox 616 3645 631 3661; x_wconf 95' lang='grc'><strong>.</strong></span> <span class='ocrx_word' id='word_1_428' title='bbox 659 3647 673 3661; x_wconf 92' lang='grc'><strong>.</strong></span> <span class='ocrx_word' id='word_1_429' title='bbox 703 3609 936 3680; x_wconf 85' lang='grc' dir='ltr'><strong>μόσχους</strong></span> <span class='ocrx_word' id='word_1_430' title='bbox 958 3612 1425 3684; x_wconf 83' lang='grc' dir='ltr'><strong>προσεκυνήσατε.</strong></span> <span class='ocrx_word' id='word_1_431' title='bbox 1453 3614 1530 3677; x_wconf 90' lang='lat'><strong>0’,</strong></span> <span class='ocrx_word' id='word_1_432' title='bbox 1570 3611 1765 3673; x_wconf 83' lang='grc' dir='ltr'><strong>θύσατε</strong></span> 
     </span>
    </p>
   </div>
   <div class='ocr_carea' id='block_1_64' title="bbox 197 3694 1583 3774">
    <p class='ocr_par' dir='ltr' id='par_1_64' title="bbox 197 3694 1583 3774">
     <span class='ocr_line' id='line_1_65' title="bbox 197 3694 1583 3774; baseline 0.01 -27"><span class='ocrx_word' id='word_1_433' title='bbox 197 3694 544 3767; x_wconf 83' lang='grc' dir='ltr'><strong>ἀνθρώπους,</strong></span> <span class='ocrx_word' id='word_1_434' title='bbox 573 3697 764 3769; x_wconf 77' lang='grc' dir='ltr'><strong>μόσχοι</strong></span> <span class='ocrx_word' id='word_1_435' title='bbox 793 3700 903 3774; x_wconf 77' lang='grc' dir='ltr'><strong>γὰρ</strong></span> <span class='ocrx_word' id='word_1_436' title='bbox 929 3703 1297 3758; x_wconf 71' lang='grc' dir='ltr'><strong>ἐκλελοίπασι.</strong></span> <span class='ocrx_word' id='word_1_437' title='bbox 1568 3704 1583 3717; x_wconf 66' lang='grc'><em>’</em></span> 
     </span>
    </p>
   </div>
   <div class='ocr_carea' id='block_1_65' title="bbox 198 3972 1765 4058">
    <p class='ocr_par' dir='ltr' id='par_1_65' title="bbox 198 3972 1765 4058">
     <span class='ocr_line' id='line_1_66' title="bbox 198 3972 1765 4058; baseline 0.001 -28"><span class='ocrx_word' id='word_1_438' title='bbox 198 3972 349 4050; x_wconf 67' lang='lat' dir='ltr'><strong>rara</strong></span> <span class='ocrx_word' id='word_1_439' title='bbox 379 3979 517 4035; x_wconf 59' lang='lat' dir='ltr'><strong>&#39;lYD’</strong></span> <span class='ocrx_word' id='word_1_440' title='bbox 550 3980 678 4058; x_wconf 77' lang='lat' dir='ltr'><strong>vn:</strong></span> <span class='ocrx_word' id='word_1_441' title='bbox 712 3974 747 4030; x_wconf 81' lang='grc'><strong>5</strong></span> <span class='ocrx_word' id='word_1_442' title='bbox 816 3975 892 4043; x_wconf 89' lang='lat'><strong>0&#39;,</strong></span> <span class='ocrx_word' id='word_1_443' title='bbox 916 3975 992 4041; x_wconf 85' lang='grc' dir='ltr'><strong>ὡς</strong></span> <span class='ocrx_word' id='word_1_444' title='bbox 1024 3977 1184 4049; x_wconf 84' lang='grc' dir='ltr'><strong>χνοῦς</strong></span> <span class='ocrx_word' id='word_1_445' title='bbox 1220 3979 1646 4049; x_wconf 83' lang='grc' dir='ltr'><strong>ἀποφυσώμενος</strong></span> <span class='ocrx_word' id='word_1_446' title='bbox 1673 3978 1765 4048; x_wconf 77' lang='grc' dir='ltr'><strong>ἀφ’</strong></span> 
     </span>
    </p>
   </div>
   <div class='ocr_carea' id='block_1_66' title="bbox 201 4060 1767 4205">
    <p class='ocr_par' dir='ltr' id='par_1_66' title="bbox 201 4060 1767 4205">
     <span class='ocr_line' id='line_1_67' title="bbox 201 4060 1767 4205; baseline 0.006 -93"><span class='ocrx_word' id='word_1_447' title='bbox 201 4060 435 4205; x_wconf 56' lang='grc' dir='ltr'><strong>ῗλωνος.</strong></span> <span class='ocrx_word' id='word_1_448' title='bbox 478 4064 827 4130; x_wconf 75' lang='grc' dir='ltr'><strong>Ἄλλος-,καὶ</strong></span> <span class='ocrx_word' id='word_1_449' title='bbox 852 4067 927 4133; x_wconf 85' lang='grc' dir='ltr'><strong>ὠς</strong></span> <span class='ocrx_word' id='word_1_450' title='bbox 967 4068 1176 4141; x_wconf 84' lang='grc' dir='ltr'><strong>ἀράχνη</strong></span> <span class='ocrx_word' id='word_1_451' title='bbox 1208 4070 1609 4141; x_wconf 82' lang='grc' dir='ltr'><strong>ἀποφυσωμένη</strong></span> <span class='ocrx_word' id='word_1_452' title='bbox 1649 4070 1767 4123; x_wconf 61' lang='grc' dir='ltr'><strong>λαία</strong></span> 
     </span>
     <span class='ocr_line' id='line_1_68' title="bbox 243 4169 364 4205; baseline 0 0"><span class='ocrx_word' id='word_1_453' title='bbox 243 4169 364 4205; x_wconf 86' lang='grc' dir='ltr'><strong>απι.</strong></span> 
     </span>
    </p>
   </div>
   <div class='ocr_carea' id='block_1_67' title="bbox 243 4169 364 4207">
    <p class='ocr_par' dir='ltr' id='par_1_67' title="bbox 243 4169 364 4207">
     <span class='ocr_line' id='line_1_69' title="bbox 243 4169 364 4207; baseline 0 0"><span class='ocrx_word' id='word_1_454' title='bbox 243 4169 364 4207; x_wconf 82' lang='grc' dir='ltr'><strong>απι.</strong></span> 
     </span>
    </p>
   </div>
   <div class='ocr_carea' id='block_1_68' title="bbox 198 4332 1767 4405">
    <p class='ocr_par' dir='ltr' id='par_1_68' title="bbox 198 4332 1767 4405">
     <span class='ocr_line' id='line_1_70' title="bbox 198 4332 1767 4405; baseline -0.001 -16"><span class='ocrx_word' id='word_1_455' title='bbox 198 4340 416 4391; x_wconf 68' lang='lat' dir='ltr'><strong>ria-1m:</strong></span> <span class='ocrx_word' id='word_1_456' title='bbox 496 4332 575 4387; x_wconf 86' lang='grc' dir='ltr'><strong>Ἀ.</strong></span> <span class='ocrx_word' id='word_1_457' title='bbox 603 4332 711 4387; x_wconf 80' lang='grc' dir='ltr'><strong>ἀπὸ</strong></span> <span class='ocrx_word' id='word_1_458' title='bbox 732 4334 833 4404; x_wconf 83' lang='grc' dir='ltr'><strong>τῆς</strong></span> <span class='ocrx_word' id='word_1_459' title='bbox 853 4335 1221 4405; x_wconf 80' lang='grc' dir='ltr'><strong>καταράκτης.</strong></span> <span class='ocrx_word' id='word_1_460' title='bbox 1261 4336 1319 4388; x_wconf 92' lang='grc' dir='ltr'><strong>Σ.</strong></span> <span class='ocrx_word' id='word_1_461' title='bbox 1358 4374 1371 4388; x_wconf 91' lang='grc'><strong>.</strong></span> <span class='ocrx_word' id='word_1_462' title='bbox 1410 4372 1424 4387; x_wconf 94' lang='grc'><strong>.</strong></span> <span class='ocrx_word' id='word_1_463' title='bbox 1458 4376 1469 4388; x_wconf 93' lang='grc'><strong>.</strong></span> <span class='ocrx_word' id='word_1_464' title='bbox 1501 4374 1516 4388; x_wconf 93' lang='grc'><strong>.</strong></span> <span class='ocrx_word' id='word_1_465' title='bbox 1552 4338 1630 4402; x_wconf 84' lang='lat'><strong>0&#39;,</strong></span> <span class='ocrx_word' id='word_1_466' title='bbox 1657 4334 1767 4388; x_wconf 83' lang='grc' dir='ltr'><strong>ἀπὸ</strong></span> 
     </span>
    </p>
   </div>
   <div class='ocr_carea' id='block_1_69' title="bbox 200 4422 1087 4495">
    <p class='ocr_par' dir='ltr' id='par_1_69' title="bbox 200 4422 1087 4495">
     <span class='ocr_line' id='line_1_71' title="bbox 200 4422 1087 4495; baseline 0.007 -21"><span class='ocrx_word' id='word_1_467' title='bbox 200 4422 473 4492; x_wconf 81' lang='grc' dir='ltr'><strong>δακρύων.</strong></span> <span class='ocrx_word' id='word_1_468' title='bbox 500 4423 563 4477; x_wconf 91' lang='grc' dir='ltr'><strong>Θ.</strong></span> <span class='ocrx_word' id='word_1_469' title='bbox 600 4423 707 4477; x_wconf 79' lang='grc' dir='ltr'><strong>ἀπὸ</strong></span> <span class='ocrx_word' id='word_1_470' title='bbox 733 4425 1087 4495; x_wconf 87' lang='grc' dir='ltr'><strong>καπνοδόχης.</strong></span> 
     </span>
    </p>
   </div>
   <div class='ocr_carea' id='block_1_70' title="bbox 196 4512 1765 4585">
    <p class='ocr_par' dir='ltr' id='par_1_70' title="bbox 196 4512 1765 4585">
     <span class='ocr_line' id='line_1_72' title="bbox 196 4512 1765 4585; baseline -0.003 -16"><span class='ocrx_word' id='word_1_471' title='bbox 196 4521 401 4574; x_wconf 61' lang='grc' dir='ltr'><strong>τπιιγη</strong></span> <span class='ocrx_word' id='word_1_472' title='bbox 435 4521 704 4574; x_wconf 48' lang='lat' dir='ltr'><strong>animo:</strong></span> <span class='ocrx_word' id='word_1_473' title='bbox 741 4515 775 4568; x_wconf 84' lang='lat'><strong>6</strong></span> <span class='ocrx_word' id='word_1_474' title='bbox 847 4515 904 4567; x_wconf 90' lang='lat'><strong>2.</strong></span> <span class='ocrx_word' id='word_1_475' title='bbox 938 4514 1080 4569; x_wconf 83' lang='grc' dir='ltr'><strong>κατὰ</strong></span> <span class='ocrx_word' id='word_1_476' title='bbox 1116 4513 1215 4585; x_wconf 78' lang='grc' dir='ltr'><strong>τὴν</strong></span> <span class='ocrx_word' id='word_1_477' title='bbox 1263 4514 1432 4585; x_wconf 78' lang='grc' dir='ltr'><strong>νομὴν</strong></span> <span class='ocrx_word' id='word_1_478' title='bbox 1483 4514 1663 4567; x_wconf 79' lang='grc' dir='ltr'><strong>αὐτῶν</strong></span> <span class='ocrx_word' id='word_1_479' title='bbox 1699 4512 1765 4583; x_wconf 74' lang='grc' dir='ltr'><strong>ἢν</strong></span> 
     </span>
    </p>
   </div>
   <div class='ocr_carea' id='block_1_71' title="bbox 201 4601 1768 4677">
    <p class='ocr_par' dir='ltr' id='par_1_71' title="bbox 201 4601 1768 4677">
     <span class='ocr_line' id='line_1_73' title="bbox 201 4601 1768 4677; baseline 0.002 -23"><span class='ocrx_word' id='word_1_480' title='bbox 201 4601 639 4675; x_wconf 71' lang='grc' dir='ltr'><strong>ἐνεπλήσθησαν.</strong></span> <span class='ocrx_word' id='word_1_481' title='bbox 664 4607 739 4673; x_wconf 89' lang='lat'><strong>0&#39;,</strong></span> <span class='ocrx_word' id='word_1_482' title='bbox 768 4606 907 4660; x_wconf 78' lang='grc' dir='ltr'><strong>κατὰ</strong></span> <span class='ocrx_word' id='word_1_483' title='bbox 931 4606 1030 4670; x_wconf 84' lang='grc' dir='ltr'><strong>τὰς</strong></span> <span class='ocrx_word' id='word_1_484' title='bbox 1074 4605 1245 4677; x_wconf 81' lang='grc' dir='ltr'><strong>νομὰς</strong></span> <span class='ocrx_word' id='word_1_485' title='bbox 1284 4605 1483 4672; x_wconf 83' lang='grc' dir='ltr'><strong>αὐτῶν,</strong></span> <span class='ocrx_word' id='word_1_486' title='bbox 1525 4604 1620 4659; x_wconf 75' lang='grc' dir='ltr'><strong>καὶ</strong></span> <span class='ocrx_word' id='word_1_487' title='bbox 1652 4604 1768 4657; x_wconf 84' lang='grc' dir='ltr'><strong>ὲνε-</strong></span> 
     </span>
    </p>
   </div>
   <div class='ocr_carea' id='block_1_72' title="bbox 200 4689 547 4763">
    <p class='ocr_par' dir='ltr' id='par_1_72' title="bbox 200 4689 547 4763">
     <span class='ocr_line' id='line_1_74' title="bbox 200 4689 547 4763; baseline 0.02 -21"><span class='ocrx_word' id='word_1_488' title='bbox 200 4689 547 4763; x_wconf 76' lang='grc' dir='ltr'><strong>πλήσθησαν.</strong></span> 
     </span>
    </p>
   </div>
   <div class='ocr_carea' id='block_1_73' title="bbox 201 4860 1644 4949">
    <p class='ocr_par' dir='ltr' id='par_1_73' title="bbox 201 4860 1644 4949">
     <span class='ocr_line' id='line_1_75' title="bbox 201 4860 1644 4949; baseline -0.003 -11"><span class='ocrx_word' id='word_1_489' title='bbox 201 4860 351 4938; x_wconf 62' lang='grc' dir='ltr'><strong>θυω</strong></span> <span class='ocrx_word' id='word_1_490' title='bbox 384 4879 419 4934; x_wconf 85' lang='lat'><strong>8</strong></span> <span class='ocrx_word' id='word_1_491' title='bbox 492 4879 566 4946; x_wconf 83' lang='lat'><strong>0&#39;,</strong></span> <span class='ocrx_word' id='word_1_492' title='bbox 588 4876 950 4948; x_wconf 80' lang='grc' dir='ltr'><strong>ἀπορουμένη.</strong></span> <span class='ocrx_word' id='word_1_493' title='bbox 985 4876 1230 4943; x_wconf 71' lang='grc' dir='ltr'><strong>Ἄλλος,</strong></span> <span class='ocrx_word' id='word_1_494' title='bbox 1254 4876 1644 4949; x_wconf 85' lang='grc' dir='ltr'><strong>ἀτεκνουμένη.</strong></span> 
     </span>
    </p>
   </div>
   <div class='ocr_carea' id='block_1_74' title="bbox 204 5053 1427 5141">
    <p class='ocr_par' dir='ltr' id='par_1_74' title="bbox 204 5053 1427 5141">
     <span class='ocr_line' id='line_1_76' title="bbox 204 5053 1427 5141; baseline -0.002 -28"><span class='ocrx_word' id='word_1_495' title='bbox 204 5062 353 5141; x_wconf 65' lang='grc' dir='ltr'>ΠΡΝΊ</span> <span class='ocrx_word' id='word_1_496' title='bbox 387 5053 448 5108; x_wconf 87' lang='grc'><strong>11</strong></span> <span class='ocrx_word' id='word_1_497' title='bbox 518 5056 583 5108; x_wconf 83' lang='lat' dir='ltr'><strong>Ol</strong></span> <span class='ocrx_word' id='word_1_498' title='bbox 608 5054 826 5120; x_wconf 79' lang='grc' dir='ltr'><strong>λοιποὶ,</strong></span> <span class='ocrx_word' id='word_1_499' title='bbox 847 5093 864 5110; x_wconf 91' lang='grc'><strong>.</strong></span> <span class='ocrx_word' id='word_1_500' title='bbox 900 5091 915 5107; x_wconf 95' lang='grc'><strong>.</strong></span> <span class='ocrx_word' id='word_1_501' title='bbox 944 5092 961 5109; x_wconf 96' lang='grc'><strong>.</strong></span> <span class='ocrx_word' id='word_1_502' title='bbox 992 5095 1006 5108; x_wconf 94' lang='grc'><strong>.</strong></span> <span class='ocrx_word' id='word_1_503' title='bbox 1035 5058 1111 5122; x_wconf 87' lang='lat'><strong>0&#39;,</strong></span> <span class='ocrx_word' id='word_1_504' title='bbox 1133 5055 1226 5109; x_wconf 76' lang='grc' dir='ltr'><strong>καὶ</strong></span> <span class='ocrx_word' id='word_1_505' title='bbox 1252 5054 1427 5127; x_wconf 79' lang='grc' dir='ltr'><strong>ἔσχον.</strong></span> 
     </span>
    </p>
   </div>
   <div class='ocr_carea' id='block_1_75' title="bbox 204 5250 1766 5335">
    <p class='ocr_par' dir='ltr' id='par_1_75' title="bbox 204 5250 1766 5335">
     <span class='ocr_line' id='line_1_77' title="bbox 204 5250 1766 5335; baseline 0.003 -29"><span class='ocrx_word' id='word_1_506' title='bbox 204 5256 296 5335; x_wconf 66' lang='grc' dir='ltr'><strong>τω</strong></span> <span class='ocrx_word' id='word_1_507' title='bbox 332 5257 472 5308; x_wconf 62' lang='grc' dir='ltr'><strong>ηττιι</strong></span> <span class='ocrx_word' id='word_1_508' title='bbox 510 5250 577 5303; x_wconf 77' lang='grc'><strong>12</strong></span> <span class='ocrx_word' id='word_1_509' title='bbox 648 5250 725 5319; x_wconf 90' lang='lat'><strong>0&#39;,</strong></span> <span class='ocrx_word' id='word_1_510' title='bbox 750 5252 1059 5324; x_wconf 81' lang='grc' dir='ltr'><strong>συστροφὴν</strong></span> <span class='ocrx_word' id='word_1_511' title='bbox 1090 5252 1324 5317; x_wconf 76' lang='grc' dir='ltr'><strong>ἀδικίας.</strong></span> <span class='ocrx_word' id='word_1_512' title='bbox 1358 5254 1421 5307; x_wconf 89' lang='grc' dir='ltr'><strong>Θ.</strong></span> <span class='ocrx_word' id='word_1_513' title='bbox 1449 5255 1766 5328; x_wconf 69' lang='grc' dir='ltr'><strong>ἐνδεδεμένη</strong></span> 
     </span>
    </p>
   </div>
   <div class='ocr_carea' id='block_1_76' title="bbox 207 5340 607 5397">
    <p class='ocr_par' dir='ltr' id='par_1_76' title="bbox 207 5340 607 5397">
     <span class='ocr_line' id='line_1_78' title="bbox 207 5340 607 5397; baseline 0.01 -5"><span class='ocrx_word' id='word_1_514' title='bbox 207 5340 396 5393; x_wconf 80' lang='grc' dir='ltr'><strong>ἀδικία</strong></span> <span class='ocrx_word' id='word_1_515' title='bbox 422 5342 607 5397; x_wconf 81' lang='grc' dir='ltr'><strong>αὑτοῦ.</strong></span> 
     </span>
    </p>
   </div>
   <div class='ocr_carea' id='block_1_77' title="bbox 207 5499 1636 5590">
    <p class='ocr_par' dir='ltr' id='par_1_77' title="bbox 207 5499 1636 5590">
     <span class='ocr_line' id='line_1_79' title="bbox 207 5499 1636 5590; baseline 0 -16"><span class='ocrx_word' id='word_1_516' title='bbox 207 5524 330 5576; x_wconf 73' lang='lat' dir='ltr'><strong>Dan</strong></span> <span class='ocrx_word' id='word_1_517' title='bbox 364 5499 440 5574; x_wconf 57' lang='grc' dir='ltr'><strong>κθ</strong></span> <span class='ocrx_word' id='word_1_518' title='bbox 476 5515 544 5569; x_wconf 76' lang='grc'><strong>15</strong></span> <span class='ocrx_word' id='word_1_519' title='bbox 612 5514 687 5583; x_wconf 89' lang='lat'><strong>0&#39;,</strong></span> <span class='ocrx_word' id='word_1_520' title='bbox 714 5517 743 5570; x_wconf 86' lang='grc' dir='ltr'>ὁ</span> <span class='ocrx_word' id='word_1_521' title='bbox 765 5515 1044 5587; x_wconf 81' lang='grc' dir='ltr'><strong>φρόνιμος.</strong></span> <span class='ocrx_word' id='word_1_522' title='bbox 1084 5516 1318 5582; x_wconf 75' lang='grc' dir='ltr'><strong>Ἄλλος,</strong></span> <span class='ocrx_word' id='word_1_523' title='bbox 1348 5517 1377 5569; x_wconf 81' lang='grc' dir='ltr'><strong>ὁ</strong></span> <span class='ocrx_word' id='word_1_524' title='bbox 1396 5518 1636 5590; x_wconf 76' lang='grc' dir='ltr'><strong>ἀνόητος.</strong></span> 
     </span>
    </p>
   </div>
   <div class='ocr_carea' id='block_1_78' title="bbox 203 5690 1766 5771">
    <p class='ocr_par' dir='ltr' id='par_1_78' title="bbox 203 5690 1766 5771">
     <span class='ocr_line' id='line_1_80' title="bbox 203 5690 1766 5771; baseline 0.003 -23"><span class='ocrx_word' id='word_1_525' title='bbox 203 5696 383 5771; x_wconf 64' lang='grc' dir='ltr'><strong>ΤἾΞΊ</strong></span> <span class='ocrx_word' id='word_1_526' title='bbox 415 5698 515 5751; x_wconf 66' lang='grc' dir='ltr'><strong>’ΠΝ</strong></span> <span class='ocrx_word' id='word_1_527' title='bbox 550 5692 617 5747; x_wconf 80' lang='grc'><strong>14</strong></span> <span class='ocrx_word' id='word_1_528' title='bbox 700 5693 777 5748; x_wconf 81' lang='lat' dir='ltr'><strong>’A.</strong></span> <span class='ocrx_word' id='word_1_529' title='bbox 810 5693 885 5759; x_wconf 90' lang='lat' dir='ltr'><strong>E&#39;,</strong></span> <span class='ocrx_word' id='word_1_530' title='bbox 932 5690 1033 5745; x_wconf 81' lang='grc' dir='ltr'><strong>ποῦ</strong></span> <span class='ocrx_word' id='word_1_531' title='bbox 1057 5692 1194 5747; x_wconf 76' lang='grc' dir='ltr'><strong>εἰσιν</strong></span> <span class='ocrx_word' id='word_1_532' title='bbox 1244 5695 1292 5746; x_wconf 76' lang='grc' dir='ltr'><strong>οἱ</strong></span> <span class='ocrx_word' id='word_1_533' title='bbox 1345 5692 1491 5764; x_wconf 85' lang='grc' dir='ltr'><strong>λόγοι</strong></span> <span class='ocrx_word' id='word_1_534' title='bbox 1546 5712 1669 5765; x_wconf 77' lang='lat' dir='ltr'><strong>dou;</strong></span> <span class='ocrx_word' id='word_1_535' title='bbox 1709 5698 1766 5754; x_wconf 89' lang='lat'><strong>2.</strong></span> 
     </span>
    </p>
   </div>
   <div class='ocr_carea' id='block_1_79' title="bbox 1936 3234 3429 3305">
    <p class='ocr_par' dir='ltr' id='par_1_79' title="bbox 1936 3234 3429 3305">
     <span class='ocr_line' id='line_1_81' title="bbox 1936 3234 3429 3305; baseline -0.002 -11"><span class='ocrx_word' id='word_1_536' title='bbox 1936 3240 1989 3294; x_wconf 91' lang='grc'><strong>1.</strong></span> <span class='ocrx_word' id='word_1_537' title='bbox 2022 3236 2160 3293; x_wconf 86' lang='lat' dir='ltr'><strong>Heh.</strong></span> <span class='ocrx_word' id='word_1_538' title='bbox 2188 3244 2385 3302; x_wconf 88' lang='lat' dir='ltr'><strong>terror,</strong></span> <span class='ocrx_word' id='word_1_539' title='bbox 2407 3235 2637 3290; x_wconf 85' lang='lat' dir='ltr'><strong>elevavit</strong></span> <span class='ocrx_word' id='word_1_540' title='bbox 2669 3234 2804 3305; x_wconf 91' lang='lat' dir='ltr'><strong>ipse.</strong></span> <span class='ocrx_word' id='word_1_541' title='bbox 2847 3236 2915 3289; x_wconf 91' lang='lat' dir='ltr'><strong>A.</strong></span> <span class='ocrx_word' id='word_1_542' title='bbox 2954 3234 3237 3289; x_wconf 85' lang='lat' dir='ltr'><strong>horrorem</strong></span> <span class='ocrx_word' id='word_1_543' title='bbox 3269 3248 3429 3291; x_wconf 89' lang='lat' dir='ltr'><strong>acce-</strong></span> 
     </span>
    </p>
   </div>
   <div class='ocr_carea' id='block_1_80' title="bbox 1863 3323 3429 3402">
    <p class='ocr_par' dir='ltr' id='par_1_80' title="bbox 1863 3323 3429 3402">
     <span class='ocr_line' id='line_1_82' title="bbox 1863 3323 3429 3402; baseline -0.003 -16"><span class='ocrx_word' id='word_1_544' title='bbox 1863 3330 1945 3402; x_wconf 85' lang='lat' dir='ltr'><strong>pit</strong></span> <span class='ocrx_word' id='word_1_545' title='bbox 1991 3330 2128 3399; x_wconf 89' lang='lat' dir='ltr'><strong>ipse.</strong></span> <span class='ocrx_word' id='word_1_546' title='bbox 2175 3326 2233 3382; x_wconf 92' lang='lat' dir='ltr'><strong>S.</strong></span> <span class='ocrx_word' id='word_1_547' title='bbox 2270 3325 2373 3380; x_wconf 89' lang='lat' dir='ltr'><strong>Th.</strong></span> <span class='ocrx_word' id='word_1_548' title='bbox 2433 3334 2746 3380; x_wconf 85' lang='lat' dir='ltr'><strong>tremorem.</strong></span> <span class='ocrx_word' id='word_1_549' title='bbox 2792 3323 2956 3389; x_wconf 85' lang='lat' dir='ltr'><strong>LXX,</strong></span> <span class='ocrx_word' id='word_1_550' title='bbox 3007 3323 3429 3395; x_wconf 84' lang='lat' dir='ltr'><strong>justiiicationes</strong></span> 
     </span>
    </p>
   </div>
   <div class='ocr_carea' id='block_1_81' title="bbox 1864 3415 2866 3489">
    <p class='ocr_par' dir='ltr' id='par_1_81' title="bbox 1864 3415 2866 3489">
     <span class='ocr_line' id='line_1_83' title="bbox 1864 3415 2866 3489; baseline -0.01 -10"><span class='ocrx_word' id='word_1_551' title='bbox 1864 3423 2073 3489; x_wconf 88' lang='lat' dir='ltr'><strong>accepit</strong></span> <span class='ocrx_word' id='word_1_552' title='bbox 2110 3419 2241 3487; x_wconf 80' lang='lat' dir='ltr'><strong>ipse.</strong></span> <span class='ocrx_word' id='word_1_553' title='bbox 2272 3415 2398 3471; x_wconf 66' lang='grc' dir='ltr'><strong>ναι.</strong></span> <span class='ocrx_word' id='word_1_554' title='bbox 2430 3418 2626 3472; x_wconf 89' lang='lat' dir='ltr'><strong>horror</strong></span> <span class='ocrx_word' id='word_1_555' title='bbox 2649 3416 2866 3471; x_wconf 87' lang='lat' dir='ltr'><strong>invasit.</strong></span> 
     </span>
    </p>
   </div>
   <div class='ocr_carea' id='block_1_82' title="bbox 1935 3505 3427 3571">
    <p class='ocr_par' dir='ltr' id='par_1_82' title="bbox 1935 3505 3427 3571">
     <span class='ocr_line' id='line_1_84' title="bbox 1935 3505 3427 3571; baseline -0.003 -5"><span class='ocrx_word' id='word_1_556' title='bbox 1935 3512 1990 3566; x_wconf 78' lang='lat'><strong>2.</strong></span> <span class='ocrx_word' id='word_1_557' title='bbox 2022 3510 2157 3566; x_wconf 85' lang='lat' dir='ltr'><strong>Heb.</strong></span> <span class='ocrx_word' id='word_1_558' title='bbox 2196 3507 2577 3563; x_wconf 83' lang='lat' dir='ltr'><strong>Sacrificantes</strong></span> <span class='ocrx_word' id='word_1_559' title='bbox 2626 3505 2926 3571; x_wconf 84' lang='lat' dir='ltr'><strong>hominem,</strong></span> <span class='ocrx_word' id='word_1_560' title='bbox 2988 3505 3209 3569; x_wconf 88' lang='lat' dir='ltr'><strong>vitulos,</strong></span> <span class='ocrx_word' id='word_1_561' title='bbox 3264 3520 3427 3561; x_wconf 85' lang='lat' dir='ltr'><strong>oscu-</strong></span> 
     </span>
    </p>
   </div>
   <div class='ocr_carea' id='block_1_83' title="bbox 1864 3592 3423 3661">
    <p class='ocr_par' dir='ltr' id='par_1_83' title="bbox 1864 3592 3423 3661">
     <span class='ocr_line' id='line_1_85' title="bbox 1864 3592 3423 3661; baseline -0.003 -2"><span class='ocrx_word' id='word_1_562' title='bbox 1864 3604 2142 3659; x_wconf 88' lang='lat' dir='ltr'><strong>labuutur.</strong></span> <span class='ocrx_word' id='word_1_563' title='bbox 2408 3599 2609 3654; x_wconf 85' lang='lat' dir='ltr'><strong>vitulos</strong></span> <span class='ocrx_word' id='word_1_564' title='bbox 2655 3598 2984 3653; x_wconf 81' lang='lat' dir='ltr'><strong>osculantes.</strong></span> <span class='ocrx_word' id='word_1_565' title='bbox 3022 3597 3083 3653; x_wconf 90' lang='lat' dir='ltr'><strong>S.</strong></span> <span class='ocrx_word' id='word_1_566' title='bbox 3116 3592 3423 3661; x_wconf 83' lang='lat' dir='ltr'><strong>lmmolate.</strong></span> 
     </span>
    </p>
   </div>
   <div class='ocr_carea' id='block_1_84' title="bbox 1866 3688 3423 3752">
    <p class='ocr_par' dir='ltr' id='par_1_84' title="bbox 1866 3688 3423 3752">
     <span class='ocr_line' id='line_1_86' title="bbox 1866 3688 3423 3752; baseline -0.004 -1"><span class='ocrx_word' id='word_1_567' title='bbox 1866 3695 2117 3752; x_wconf 86' lang='lat' dir='ltr'><strong>homines</strong></span> <span class='ocrx_word' id='word_1_568' title='bbox 2140 3693 2342 3747; x_wconf 90' lang='lat' dir='ltr'><strong>vitulos</strong></span> <span class='ocrx_word' id='word_1_569' title='bbox 2370 3691 2610 3746; x_wconf 88' lang='lat' dir='ltr'><strong>adorate.</strong></span> <span class='ocrx_word' id='word_1_570' title='bbox 2636 3688 2798 3744; x_wconf 90' lang='lat' dir='ltr'><strong>LXX.</strong></span> <span class='ocrx_word' id='word_1_571' title='bbox 2838 3689 3118 3743; x_wconf 87' lang='lat' dir='ltr'><strong>lmmolate</strong></span> <span class='ocrx_word' id='word_1_572' title='bbox 3154 3688 3423 3744; x_wconf 85' lang='lat' dir='ltr'><strong>homines:</strong></span> 
     </span>
    </p>
   </div>
   <div class='ocr_carea' id='block_1_85' title="bbox 1865 3783 3435 3841">
    <p class='ocr_par' dir='ltr' id='par_1_85' title="bbox 1865 3783 3435 3841">
     <span class='ocr_line' id='line_1_87' title="bbox 1865 3783 3435 3841; baseline -0.002 0"><span class='ocrx_word' id='word_1_573' title='bbox 1865 3785 2018 3841; x_wconf 89' lang='lat' dir='ltr'><strong>vituli</strong></span> <span class='ocrx_word' id='word_1_574' title='bbox 2042 3784 2186 3840; x_wconf 90' lang='lat' dir='ltr'><strong>enim</strong></span> <span class='ocrx_word' id='word_1_575' title='bbox 2221 3784 2554 3840; x_wconf 86' lang='lat' dir='ltr'><strong>defecerunt.</strong></span> <span class='ocrx_word' id='word_1_576' title='bbox 2641 3783 2764 3838; x_wconf 81' lang='lat' dir='ltr'><strong>Vul.</strong></span> <span class='ocrx_word' id='word_1_577' title='bbox 2815 3783 3095 3839; x_wconf 89' lang='lat' dir='ltr'><strong>lmmolate</strong></span> <span class='ocrx_word' id='word_1_578' title='bbox 3176 3783 3435 3839; x_wconf 85' lang='lat' dir='ltr'><strong>homines</strong></span> 
     </span>
    </p>
   </div>
   <div class='ocr_carea' id='block_1_86' title="bbox 1864 3870 2972 3934">
    <p class='ocr_par' dir='ltr' id='par_1_86' title="bbox 1864 3870 2972 3934">
     <span class='ocr_line' id='line_1_88' title="bbox 1864 3870 2972 3934; baseline -0.007 0"><span class='ocrx_word' id='word_1_579' title='bbox 1864 3878 2063 3934; x_wconf 88' lang='lat' dir='ltr'><strong>vitulos</strong></span> <span class='ocrx_word' id='word_1_580' title='bbox 2095 3877 2402 3934; x_wconf 89' lang='lat' dir='ltr'><strong>adorantes.</strong></span> <span class='ocrx_word' id='word_1_581' title='bbox 2967 3870 2972 3876; x_wconf 82' lang='grc'><strong>’</strong></span> 
     </span>
    </p>
   </div>
   <div class='ocr_carea' id='block_1_87' title="bbox 1934 3962 3424 4040">
    <p class='ocr_par' dir='ltr' id='par_1_87' title="bbox 1934 3962 3424 4040">
     <span class='ocr_line' id='line_1_89' title="bbox 1934 3962 3424 4040; baseline -0.003 -15"><span class='ocrx_word' id='word_1_582' title='bbox 1934 3971 1987 4025; x_wconf 80' lang='grc'><strong>5.</strong></span> <span class='ocrx_word' id='word_1_583' title='bbox 2021 3968 2155 4026; x_wconf 86' lang='lat' dir='ltr'><strong>Heb.</strong></span> <span class='ocrx_word' id='word_1_584' title='bbox 2188 3969 2330 4024; x_wconf 87' lang='lat' dir='ltr'><strong>sicut</strong></span> <span class='ocrx_word' id='word_1_585' title='bbox 2355 3962 2538 4040; x_wconf 73' lang='lat' dir='ltr'><strong>glu&#39;ma</strong></span> <span class='ocrx_word' id='word_1_586' title='bbox 2566 3966 2940 4023; x_wconf 82' lang='lat' dir='ltr'><strong>exturbabitur</strong></span> <span class='ocrx_word' id='word_1_587' title='bbox 2978 3969 3045 4023; x_wconf 89' lang='lat' dir='ltr'><strong>ab</strong></span> <span class='ocrx_word' id='word_1_588' title='bbox 3079 3982 3233 4023; x_wconf 88' lang='lat' dir='ltr'><strong>area.</strong></span> <span class='ocrx_word' id='word_1_589' title='bbox 3258 3965 3424 4028; x_wconf 53' lang='lat' dir='ltr'><strong>LXX,</strong></span> 
     </span>
    </p>
   </div>
   <div class='ocr_carea' id='block_1_88' title="bbox 1866 4058 3428 4130">
    <p class='ocr_par' dir='ltr' id='par_1_88' title="bbox 1866 4058 3428 4130">
     <span class='ocr_line' id='line_1_90' title="bbox 1866 4058 3428 4130; baseline -0.003 -15"><span class='ocrx_word' id='word_1_590' title='bbox 1866 4058 2010 4115; x_wconf 89' lang='lat' dir='ltr'><strong>sicut</strong></span> <span class='ocrx_word' id='word_1_591' title='bbox 2070 4060 2249 4130; x_wconf 89' lang='lat' dir='ltr'><strong>pulvis</strong></span> <span class='ocrx_word' id='word_1_592' title='bbox 2298 4058 2611 4115; x_wconf 82' lang='lat' dir='ltr'><strong>exsuﬂlatus</strong></span> <span class='ocrx_word' id='word_1_593' title='bbox 2656 4059 2725 4113; x_wconf 92' lang='lat' dir='ltr'><strong>ab</strong></span> <span class='ocrx_word' id='word_1_594' title='bbox 2776 4074 2922 4114; x_wconf 86' lang='lat' dir='ltr'><strong>area.</strong></span> <span class='ocrx_word' id='word_1_595' title='bbox 2969 4058 3141 4123; x_wconf 79' lang='lat' dir='ltr'><strong>Alius,</strong></span> <span class='ocrx_word' id='word_1_596' title='bbox 3198 4065 3251 4112; x_wconf 78' lang='lat' dir='ltr'><strong>et</strong></span> <span class='ocrx_word' id='word_1_597' title='bbox 3288 4060 3428 4112; x_wconf 82' lang='lat' dir='ltr'><strong>sicut</strong></span> 
     </span>
    </p>
   </div>
   <div class='ocr_carea' id='block_1_89' title="bbox 1866 4144 3427 4219">
    <p class='ocr_par' dir='ltr' id='par_1_89' title="bbox 1866 4144 3427 4219">
     <span class='ocr_line' id='line_1_91' title="bbox 1866 4144 3427 4219; baseline 0 -16"><span class='ocrx_word' id='word_1_598' title='bbox 1866 4163 2061 4203; x_wconf 87' lang='lat' dir='ltr'><strong>aranea</strong></span> <span class='ocrx_word' id='word_1_599' title='bbox 2086 4149 2367 4204; x_wconf 75' lang='lat' dir='ltr'><strong>exsufﬂata</strong></span> <span class='ocrx_word' id='word_1_600' title='bbox 2398 4149 2634 4204; x_wconf 87' lang='lat' dir='ltr'><strong>turbine.</strong></span> <span class='ocrx_word' id='word_1_601' title='bbox 2672 4144 2799 4203; x_wconf 70' lang='grc' dir='ltr'><strong>ναι.</strong></span> <span class='ocrx_word' id='word_1_602' title='bbox 2827 4152 2971 4204; x_wconf 87' lang='lat' dir='ltr'><strong>sicut</strong></span> <span class='ocrx_word' id='word_1_603' title='bbox 2997 4148 3176 4219; x_wconf 84' lang='lat' dir='ltr'><strong>pu&#39;vis</strong></span> <span class='ocrx_word' id='word_1_604' title='bbox 3206 4157 3217 4173; x_wconf 91' lang='lat'><strong>‘</strong></span> <span class='ocrx_word' id='word_1_605' title='bbox 3251 4148 3427 4205; x_wconf 81' lang='lat' dir='ltr'><strong>irbine</strong></span> 
     </span>
    </p>
   </div>
   <div class='ocr_carea' id='block_1_90' title="bbox 1865 4249 2328 4310">
    <p class='ocr_par' dir='ltr' id='par_1_90' title="bbox 1865 4249 2328 4310">
     <span class='ocr_line' id='line_1_92' title="bbox 1865 4249 2328 4310; baseline -0.002 -16"><span class='ocrx_word' id='word_1_606' title='bbox 1865 4249 2054 4310; x_wconf 86' lang='lat' dir='ltr'><strong>raptus</strong></span> <span class='ocrx_word' id='word_1_607' title='bbox 2080 4255 2147 4294; x_wconf 79' lang='lat' dir='ltr'><strong>ex</strong></span> <span class='ocrx_word' id='word_1_608' title='bbox 2180 4254 2328 4294; x_wconf 90' lang='lat' dir='ltr'><strong>area.</strong></span> 
     </span>
    </p>
   </div>
   <div class='ocr_carea' id='block_1_91' title="bbox 1935 4329 3423 4405">
    <p class='ocr_par' dir='ltr' id='par_1_91' title="bbox 1935 4329 3423 4405">
     <span class='ocr_line' id='line_1_93' title="bbox 1935 4329 3423 4405; baseline 0.003 -22"><span class='ocrx_word' id='word_1_609' title='bbox 1935 4329 2071 4387; x_wconf 86' lang='lat' dir='ltr'><strong>Heb.</strong></span> <span class='ocrx_word' id='word_1_610' title='bbox 2107 4331 2209 4385; x_wconf 91' lang='lat' dir='ltr'><strong>Th.</strong></span> <span class='ocrx_word' id='word_1_611' title='bbox 2252 4330 2377 4385; x_wconf 81' lang='lat' dir='ltr'><strong>Vul.</strong></span> <span class='ocrx_word' id='word_1_612' title='bbox 2430 4330 2498 4385; x_wconf 93' lang='lat' dir='ltr'><strong>de</strong></span> <span class='ocrx_word' id='word_1_613' title='bbox 2525 4330 2780 4387; x_wconf 79' lang='lat' dir='ltr'><strong>fumaria.</strong></span> <span class='ocrx_word' id='word_1_614' title='bbox 2811 4332 2876 4405; x_wconf 20' lang='grc' dir='ltr'><strong>Α..</strong></span> <span class='ocrx_word' id='word_1_615' title='bbox 2922 4331 2988 4385; x_wconf 78' lang='lat' dir='ltr'><strong>de</strong></span> <span class='ocrx_word' id='word_1_616' title='bbox 3027 4340 3321 4387; x_wconf 86' lang='lat' dir='ltr'><strong>cataracta.</strong></span> <span class='ocrx_word' id='word_1_617' title='bbox 3364 4330 3423 4388; x_wconf 92' lang='lat' dir='ltr'><strong>S.</strong></span> 
     </span>
    </p>
   </div>
   <div class='ocr_carea' id='block_1_92' title="bbox 1864 4406 2704 4476">
    <p class='ocr_par' dir='ltr' id='par_1_92' title="bbox 1864 4406 2704 4476">
     <span class='ocr_line' id='line_1_94' title="bbox 1864 4406 2704 4476; baseline 0 -1"><span class='ocrx_word' id='word_1_618' title='bbox 1864 4420 1932 4476; x_wconf 89' lang='lat' dir='ltr'><strong>de</strong></span> <span class='ocrx_word' id='word_1_619' title='bbox 1962 4420 2250 4475; x_wconf 86' lang='lat' dir='ltr'><strong>foramine.</strong></span> <span class='ocrx_word' id='word_1_620' title='bbox 2694 4406 2704 4418; x_wconf 82' lang='grc'><em>’</em></span> 
     </span>
    </p>
   </div>
   <div class='ocr_carea' id='block_1_93' title="bbox 1940 4506 3423 4582">
    <p class='ocr_par' dir='ltr' id='par_1_93' title="bbox 1940 4506 3423 4582">
     <span class='ocr_line' id='line_1_95' title="bbox 1940 4506 3423 4582; baseline -0.003 -15"><span class='ocrx_word' id='word_1_621' title='bbox 1940 4512 1991 4567; x_wconf 88' lang='grc'><strong>6.</strong></span> <span class='ocrx_word' id='word_1_622' title='bbox 2032 4513 2094 4567; x_wconf 83' lang='grc' dir='ltr'><strong>Η.</strong></span> <span class='ocrx_word' id='word_1_623' title='bbox 2119 4513 2271 4582; x_wconf 80' lang='lat' dir='ltr'><strong>juxta</strong></span> <span class='ocrx_word' id='word_1_624' title='bbox 2302 4526 2560 4582; x_wconf 90' lang='lat' dir='ltr'><strong>pascuum</strong></span> <span class='ocrx_word' id='word_1_625' title='bbox 2590 4526 2748 4567; x_wconf 90' lang='lat' dir='ltr'><strong>suum</strong></span> <span class='ocrx_word' id='word_1_626' title='bbox 2774 4551 2790 4575; x_wconf 82' lang='lat'><strong>,</strong></span> <span class='ocrx_word' id='word_1_627' title='bbox 2824 4519 2879 4566; x_wconf 89' lang='lat' dir='ltr'><strong>et</strong></span> <span class='ocrx_word' id='word_1_628' title='bbox 2926 4513 3153 4565; x_wconf 89' lang='lat' dir='ltr'><strong>saturati</strong></span> <span class='ocrx_word' id='word_1_629' title='bbox 3180 4518 3327 4566; x_wconf 86' lang='lat' dir='ltr'><strong>sunt.</strong></span> <span class='ocrx_word' id='word_1_630' title='bbox 3364 4506 3423 4563; x_wconf 92' lang='lat' dir='ltr'><strong>S.</strong></span> 
     </span>
    </p>
   </div>
   <div class='ocr_carea' id='block_1_94' title="bbox 1864 4598 3423 4674">
    <p class='ocr_par' dir='ltr' id='par_1_94' title="bbox 1864 4598 3423 4674">
     <span class='ocr_line' id='line_1_96' title="bbox 1864 4598 3423 4674; baseline -0.004 -17"><span class='ocrx_word' id='word_1_631' title='bbox 1864 4604 2021 4674; x_wconf 80' lang='lat' dir='ltr'><strong>juxta</strong></span> <span class='ocrx_word' id='word_1_632' title='bbox 2062 4617 2325 4674; x_wconf 77' lang='lat' dir='ltr'><strong>pas¢uum</strong></span> <span class='ocrx_word' id='word_1_633' title='bbox 2363 4617 2523 4658; x_wconf 91' lang='lat' dir='ltr'><strong>suum</strong></span> <span class='ocrx_word' id='word_1_634' title='bbox 2576 4617 2687 4672; x_wconf 90' lang='lat' dir='ltr'><strong>quo</strong></span> <span class='ocrx_word' id='word_1_635' title='bbox 2740 4602 3017 4672; x_wconf 89' lang='lat' dir='ltr'><strong>adimpleti</strong></span> <span class='ocrx_word' id='word_1_636' title='bbox 3065 4610 3209 4659; x_wconf 82' lang='lat' dir='ltr'><strong>sunt.</strong></span> <span class='ocrx_word' id='word_1_637' title='bbox 3259 4598 3423 4667; x_wconf 85' lang='lat' dir='ltr'><strong>LXX,</strong></span> 
     </span>
    </p>
   </div>
   <div class='ocr_carea' id='block_1_95' title="bbox 1870 4692 3428 4765">
    <p class='ocr_par' dir='ltr' id='par_1_95' title="bbox 1870 4692 3428 4765">
     <span class='ocr_line' id='line_1_97' title="bbox 1870 4692 3428 4765; baseline -0.002 -14"><span class='ocrx_word' id='word_1_638' title='bbox 1870 4695 2171 4751; x_wconf 89' lang='lat' dir='ltr'><strong>secundum</strong></span> <span class='ocrx_word' id='word_1_639' title='bbox 2200 4710 2401 4765; x_wconf 87' lang='lat' dir='ltr'><strong>pascua</strong></span> <span class='ocrx_word' id='word_1_640' title='bbox 2443 4708 2561 4761; x_wconf 90' lang='lat' dir='ltr'><strong>sua,</strong></span> <span class='ocrx_word' id='word_1_641' title='bbox 2594 4703 2649 4749; x_wconf 92' lang='lat' dir='ltr'><strong>et</strong></span> <span class='ocrx_word' id='word_1_642' title='bbox 2699 4693 2889 4765; x_wconf 88' lang='lat' dir='ltr'><strong>repleti</strong></span> <span class='ocrx_word' id='word_1_643' title='bbox 2937 4703 3085 4750; x_wconf 90' lang='lat' dir='ltr'><strong>sunt.</strong></span> <span class='ocrx_word' id='word_1_644' title='bbox 3112 4692 3235 4748; x_wconf 80' lang='lat' dir='ltr'><strong>Vul.</strong></span> <span class='ocrx_word' id='word_1_645' title='bbox 3270 4693 3428 4764; x_wconf 79' lang='lat' dir='ltr'><strong>juxta</strong></span> 
     </span>
    </p>
   </div>
   <div class='ocr_carea' id='block_1_96' title="bbox 1869 4786 2687 4857">
    <p class='ocr_par' dir='ltr' id='par_1_96' title="bbox 1869 4786 2687 4857">
     <span class='ocr_line' id='line_1_98' title="bbox 1869 4786 2687 4857; baseline -0.002 -16"><span class='ocrx_word' id='word_1_646' title='bbox 1869 4801 2073 4857; x_wconf 86' lang='lat' dir='ltr'><strong>pascua</strong></span> <span class='ocrx_word' id='word_1_647' title='bbox 2105 4800 2205 4841; x_wconf 90' lang='lat' dir='ltr'><strong>sua</strong></span> <span class='ocrx_word' id='word_1_648' title='bbox 2238 4786 2514 4856; x_wconf 90' lang='lat' dir='ltr'><strong>adimpleti</strong></span> <span class='ocrx_word' id='word_1_649' title='bbox 2541 4794 2687 4840; x_wconf 90' lang='lat' dir='ltr'><strong>sunt.</strong></span> 
     </span>
    </p>
   </div>
   <div class='ocr_carea' id='block_1_97' title="bbox 1938 4876 3426 4951">
    <p class='ocr_par' dir='ltr' id='par_1_97' title="bbox 1938 4876 3426 4951">
     <span class='ocr_line' id='line_1_99' title="bbox 1938 4876 3426 4951; baseline -0.003 -15"><span class='ocrx_word' id='word_1_650' title='bbox 1938 4882 1993 4936; x_wconf 91' lang='lat'><strong>8.</strong></span> <span class='ocrx_word' id='word_1_651' title='bbox 2032 4879 2099 4939; x_wconf 85' lang='grc' dir='ltr'><strong>Η.</strong></span> <span class='ocrx_word' id='word_1_652' title='bbox 2127 4881 2370 4937; x_wconf 90' lang='lat' dir='ltr'><strong>orbatus.</strong></span> <span class='ocrx_word' id='word_1_653' title='bbox 2406 4879 2573 4949; x_wconf 86' lang='lat' dir='ltr'><strong>LXX,</strong></span> <span class='ocrx_word' id='word_1_654' title='bbox 2598 4881 2863 4951; x_wconf 83' lang='lat' dir='ltr'><strong>indigens.</strong></span> <span class='ocrx_word' id='word_1_655' title='bbox 2889 4878 3063 4943; x_wconf 77' lang='lat' dir='ltr'><strong>Alius,</strong></span> <span class='ocrx_word' id='word_1_656' title='bbox 3089 4876 3214 4933; x_wconf 82' lang='lat' dir='ltr'><strong>Vul.</strong></span> <span class='ocrx_word' id='word_1_657' title='bbox 3236 4877 3426 4933; x_wconf 88' lang='lat' dir='ltr'><strong>orbata</strong></span> 
     </span>
    </p>
   </div>
   <div class='ocr_carea' id='block_1_98' title="bbox 1868 4972 2079 5029">
    <p class='ocr_par' dir='ltr' id='par_1_98' title="bbox 1868 4972 2079 5029">
     <span class='ocr_line' id='line_1_100' title="bbox 1868 4972 2079 5029; baseline -0.009 -1"><span class='ocrx_word' id='word_1_658' title='bbox 1868 4972 2079 5029; x_wconf 85' lang='lat' dir='ltr'><strong>catulis.</strong></span> 
     </span>
    </p>
   </div>
   <div class='ocr_carea' id='block_1_99' title="bbox 1941 5060 3419 5133">
    <p class='ocr_par' dir='ltr' id='par_1_99' title="bbox 1941 5060 3419 5133">
     <span class='ocr_line' id='line_1_101' title="bbox 1941 5060 3419 5133; baseline -0.001 -17"><span class='ocrx_word' id='word_1_659' title='bbox 1941 5063 2027 5117; x_wconf 87' lang='grc'><strong>11.</strong></span> <span class='ocrx_word' id='word_1_660' title='bbox 2080 5061 2243 5117; x_wconf 87' lang='lat' dir='ltr'><strong>Hebr.</strong></span> <span class='ocrx_word' id='word_1_661' title='bbox 2297 5061 2530 5133; x_wconf 80' lang='lat' dir='ltr'><strong>Reliqui,</strong></span> <span class='ocrx_word' id='word_1_662' title='bbox 2579 5073 2634 5119; x_wconf 89' lang='lat' dir='ltr'><strong>et</strong></span> <span class='ocrx_word' id='word_1_663' title='bbox 2693 5062 2913 5119; x_wconf 86' lang='lat' dir='ltr'><strong>abstuli.</strong></span> <span class='ocrx_word' id='word_1_664' title='bbox 2943 5061 3107 5128; x_wconf 85' lang='lat' dir='ltr'><strong>LXX,</strong></span> <span class='ocrx_word' id='word_1_665' title='bbox 3141 5070 3195 5117; x_wconf 92' lang='lat' dir='ltr'><strong>et</strong></span> <span class='ocrx_word' id='word_1_666' title='bbox 3232 5060 3419 5116; x_wconf 85' lang='lat' dir='ltr'><strong>habui.</strong></span> 
     </span>
    </p>
   </div>
   <div class='ocr_carea' id='block_1_100' title="bbox 1869 5151 2384 5208">
    <p class='ocr_par' dir='ltr' id='par_1_100' title="bbox 1869 5151 2384 5208">
     <span class='ocr_line' id='line_1_102' title="bbox 1869 5151 2384 5208; baseline 0.004 -2"><span class='ocrx_word' id='word_1_667' title='bbox 1869 5152 1993 5208; x_wconf 80' lang='grc' dir='ltr'><strong>νυι.</strong></span> <span class='ocrx_word' id='word_1_668' title='bbox 2026 5161 2081 5208; x_wconf 91' lang='lat' dir='ltr'><strong>et</strong></span> <span class='ocrx_word' id='word_1_669' title='bbox 2119 5151 2384 5208; x_wconf 88' lang='lat' dir='ltr'><strong>auferam.</strong></span> 
     </span>
    </p>
   </div>
   <div class='ocr_carea' id='block_1_101' title="bbox 1940 5243 3422 5319">
    <p class='ocr_par' dir='ltr' id='par_1_101' title="bbox 1940 5243 3422 5319">
     <span class='ocr_line' id='line_1_103' title="bbox 1940 5243 3422 5319; baseline 0.001 -20"><span class='ocrx_word' id='word_1_670' title='bbox 1940 5246 2029 5300; x_wconf 74' lang='grc'><strong>12.</strong></span> <span class='ocrx_word' id='word_1_671' title='bbox 2088 5247 2225 5301; x_wconf 88' lang='lat' dir='ltr'><strong>Heb.</strong></span> <span class='ocrx_word' id='word_1_672' title='bbox 2282 5248 2447 5319; x_wconf 84' lang='lat' dir='ltr'><strong>ligata</strong></span> <span class='ocrx_word' id='word_1_673' title='bbox 2508 5247 2786 5317; x_wconf 86' lang='lat' dir='ltr'><strong>iniquitas.</strong></span> <span class='ocrx_word' id='word_1_674' title='bbox 2836 5243 3000 5309; x_wconf 89' lang='lat' dir='ltr'><strong>LXX,</strong></span> <span class='ocrx_word' id='word_1_675' title='bbox 3048 5246 3422 5315; x_wconf 83' lang='lat' dir='ltr'><strong>conglobatio-</strong></span> 
     </span>
    </p>
   </div>
   <div class='ocr_carea' id='block_1_102' title="bbox 1867 5336 3420 5409">
    <p class='ocr_par' dir='ltr' id='par_1_102' title="bbox 1867 5336 3420 5409">
     <span class='ocr_line' id='line_1_104' title="bbox 1867 5336 3420 5409; baseline 0.001 -18"><span class='ocrx_word' id='word_1_676' title='bbox 1867 5351 1991 5391; x_wconf 88' lang='lat' dir='ltr'><strong>nem</strong></span> <span class='ocrx_word' id='word_1_677' title='bbox 2026 5336 2350 5407; x_wconf 90' lang='lat' dir='ltr'><strong>iniquitatis.</strong></span> <span class='ocrx_word' id='word_1_678' title='bbox 2381 5337 2483 5391; x_wconf 89' lang='lat' dir='ltr'><strong>Th.</strong></span> <span class='ocrx_word' id='word_1_679' title='bbox 2518 5339 2679 5409; x_wconf 88' lang='lat' dir='ltr'><strong>ligata</strong></span> <span class='ocrx_word' id='word_1_680' title='bbox 2701 5337 2961 5408; x_wconf 85' lang='lat' dir='ltr'><strong>iniquitas</strong></span> <span class='ocrx_word' id='word_1_681' title='bbox 2987 5337 3127 5407; x_wconf 89' lang='lat' dir='ltr'><strong>ejus.</strong></span> <span class='ocrx_word' id='word_1_682' title='bbox 3158 5338 3281 5392; x_wconf 77' lang='lat' dir='ltr'><strong>Vul.</strong></span> <span class='ocrx_word' id='word_1_683' title='bbox 3305 5338 3420 5393; x_wconf 90' lang='lat' dir='ltr'><strong>col-</strong></span> 
     </span>
    </p>
   </div>
   <div class='ocr_carea' id='block_1_103' title="bbox 1870 5424 2457 5495">
    <p class='ocr_par' dir='ltr' id='par_1_103' title="bbox 1870 5424 2457 5495">
     <span class='ocr_line' id='line_1_105' title="bbox 1870 5424 2457 5495; baseline 0.009 -17"><span class='ocrx_word' id='word_1_684' title='bbox 1870 5424 2031 5495; x_wconf 85' lang='lat' dir='ltr'><strong>ligata</strong></span> <span class='ocrx_word' id='word_1_685' title='bbox 2063 5434 2145 5479; x_wconf 89' lang='lat' dir='ltr'><strong>est</strong></span> <span class='ocrx_word' id='word_1_686' title='bbox 2178 5425 2457 5495; x_wconf 89' lang='lat' dir='ltr'><strong>iniquitas.</strong></span> 
     </span>
    </p>
   </div>
   <div class='ocr_carea' id='block_1_104' title="bbox 1938 5513 3419 5591">
    <p class='ocr_par' dir='ltr' id='par_1_104' title="bbox 1938 5513 3419 5591">
     <span class='ocr_line' id='line_1_106' title="bbox 1938 5513 3419 5591; baseline 0.004 -21"><span class='ocrx_word' id='word_1_687' title='bbox 1938 5517 2025 5571; x_wconf 78' lang='grc'><strong>15.</strong></span> <span class='ocrx_word' id='word_1_688' title='bbox 2064 5513 2129 5568; x_wconf 91' lang='lat' dir='ltr'><strong>H.</strong></span> <span class='ocrx_word' id='word_1_689' title='bbox 2172 5515 2295 5572; x_wconf 85' lang='lat' dir='ltr'><strong>Vul.</strong></span> <span class='ocrx_word' id='word_1_690' title='bbox 2324 5534 2433 5573; x_wconf 92' lang='lat' dir='ltr'><strong>non</strong></span> <span class='ocrx_word' id='word_1_691' title='bbox 2489 5519 2723 5589; x_wconf 89' lang='lat' dir='ltr'><strong>sapiens.</strong></span> <span class='ocrx_word' id='word_1_692' title='bbox 2774 5518 2939 5587; x_wconf 85' lang='lat' dir='ltr'><strong>LXX,</strong></span> <span class='ocrx_word' id='word_1_693' title='bbox 2983 5519 3220 5591; x_wconf 89' lang='lat' dir='ltr'><strong>sapiens.</strong></span> <span class='ocrx_word' id='word_1_694' title='bbox 3248 5520 3419 5585; x_wconf 82' lang='lat' dir='ltr'><strong>Alius,</strong></span> 
     </span>
    </p>
   </div>
   <div class='ocr_carea' id='block_1_105' title="bbox 1869 5609 2087 5663">
    <p class='ocr_par' dir='ltr' id='par_1_105' title="bbox 1869 5609 2087 5663">
     <span class='ocr_line' id='line_1_107' title="bbox 1869 5609 2087 5663; baseline -0.014 0"><span class='ocrx_word' id='word_1_695' title='bbox 1869 5609 2087 5663; x_wconf 89' lang='lat' dir='ltr'><strong>stultus.</strong></span> 
     </span>
    </p>
   </div>
   <div class='ocr_carea' id='block_1_106' title="bbox 1938 5697 3420 5770">
    <p class='ocr_par' dir='ltr' id='par_1_106' title="bbox 1938 5697 3420 5770">
     <span class='ocr_line' id='line_1_108' title="bbox 1938 5697 3420 5770; baseline 0.005 -19"><span class='ocrx_word' id='word_1_696' title='bbox 1938 5698 2024 5752; x_wconf 71' lang='lat' dir='ltr'><strong>it.</strong></span> <span class='ocrx_word' id='word_1_697' title='bbox 2068 5697 2228 5754; x_wconf 84' lang='lat' dir='ltr'><strong>Hebr.</strong></span> <span class='ocrx_word' id='word_1_698' title='bbox 2272 5714 2365 5755; x_wconf 89' lang='lat' dir='ltr'><strong>ero</strong></span> <span class='ocrx_word' id='word_1_699' title='bbox 2398 5701 2565 5770; x_wconf 86' lang='lat' dir='ltr'><strong>pestis</strong></span> <span class='ocrx_word' id='word_1_700' title='bbox 2612 5711 2724 5757; x_wconf 84' lang='lat' dir='ltr'><strong>tua.</strong></span> <span class='ocrx_word' id='word_1_701' title='bbox 2752 5703 2816 5759; x_wconf 84' lang='grc' dir='ltr'><strong>Δ.</strong></span> <span class='ocrx_word' id='word_1_702' title='bbox 2844 5701 2909 5768; x_wconf 74' lang='grc' dir='ltr'><strong>ν,</strong></span> <span class='ocrx_word' id='word_1_703' title='bbox 2938 5704 3027 5760; x_wconf 91' lang='lat' dir='ltr'><strong>ubi</strong></span> <span class='ocrx_word' id='word_1_704' title='bbox 3060 5713 3187 5760; x_wconf 89' lang='lat' dir='ltr'><strong>sunt</strong></span> <span class='ocrx_word' id='word_1_705' title='bbox 3212 5719 3420 5761; x_wconf 86' lang='lat' dir='ltr'><strong>sermo-</strong></span> 
     </span>
    </p>
   </div>
  </div>
