3826 6218
452 243 591 298 2959

453 375 489 434 a
506 358 877 434 Theodotione
905 362 1079 430 posita
1117 371 1220 420 est.
1254 365 1344 432 qui
1377 367 1584 434 putavit
1633 382 1739 420 non
1786 365 1917 421 SAR
1955 375 2010 421 et

454 429 605 508 803,
628 432 769 499 quod
790 429 1062 508 tribulatio
1083 435 1161 487 vel
1185 429 1349 508 Tyrus
1375 429 1394 499 ξ
1416 437 1506 490 sed
1527 437 1658 491 SUli
1682 439 1965 508 legendum
1993 453 2005 490 :

452 501 596 576 quod
639 503 859 576 proprie
884 502 1117 576 refertur
1144 505 1208 576 ad
1229 501 1240 503 ἡ
1261 517 1465 575 petram
1495 501 1856 570 durissim'am,
1889 523 2010 576 quae

451 569 636 650 Graece
692 572 987 650 appellatur
1018 569 1338 644 ἀκρότομος,
1397 587 1448 631 et
1485 593 1647 647 quam
1691 594 1790 633 nos
1822 569 2011 632 Latine

451 641 657 710 silicem
680 642 858 696 dicere
888 641 1198 710 possumus.
1224 641 1251 696 ⁷»

519 709 679 786 μήὸ.-
696 709 1158 786 Sicircumdatio
1187 727 1356 770 teme.
1385 718 1446 771 V.
1469 733 1653 786 supra.

521 778 705 860 γκη.
741 783 1105 860 Hieronymus
1141 801 1158 837 :
1191 804 1207 836 ι
1241 787 1392 853 Quod
1421 789 1474 860 in
1527 778 2006 860 principioCapi-

451 851 563 932 tuli.
587 851 739 919 juxta
987 855 1222 932 positum
1266 851 1372 932 est,
1433 851 1759 932 Sacerdotes,
1813 851 2007 932 111-ῌὲ·-

450 920 636 998 braico
657 920 1033 998 nonhabetur,
1061 928 1154 980 sed
1181 943 1278 995 pro
1298 920 1402 982 hoc
1421 931 1583 983 verbo
1601 920 2006 998 legiturARES,

449 991 592 1070 quod
647 991 839 1070 Aquila
880 991 1265 1070 interpretatus
1308 1009 1396 1070 est
1442 991 1756 1068 grabatn'm:
1791 1011 1844 1054 et
1877 991 2007 1070 puto

650 1058 825 1130 ipsum
861 1058 1112 1139 _verl_ium
1163 1069 1409 1137 posuisse
1442 1058 1818 1139 vllehraieum,
1861 1058 2009 1138 quod

448 1132 669 1212 quidam
700 1149 805 1212 nqn
861 1132 1241 1212 intelligentes,
1292 1155 1396 1212 pro
1428 1138 1608 1212 ARES
1656 1132 1903 1210 legerunt
1933 1140 2008 1212 ἱε-

451 1202 564 1269 ρεῖς
599 1202 1076 1282 ἰκαδαεενάοιεέ.
1122 1228 1138 1258 ι
1174 1202 1618 1282 [Veillebraica
1663 1202 1746 1266 esui
1792 1209 2010 1282 proprie

448 1285 580 1350 Ἶθξν
607 1275 1002 1350 Ξίὲζῐψίοδῑίιυθς
1034 1279 1076 1350 Si
1114 1275 1445 1348 xixoCnMav
1471 1282 1741 1350 sequaris,
1766 1275 1831 1350 ut
1848 1275 2009 1350 modo

447 1339 584 1421 dixit
611 1339 860 1421 S.’_’ll_i_er.,
886 1339 1104 1416 sponda,
1136 1339 1395 1421 lectu—silit
1423 1351 1452 1404 ‘a
1477 1339 1786 1420 baldaquiit,
1821 1349 1851 1403 ἐι
1881 1349 2004 1403 ciel.

448 1409 533 1462 Cf.
573 1409 1186 1491 catholicum'nostr'um
1224 1409 1331 1474 lex:
1375 1421 1589 1490 Hebr.);
1630 1409 1782 1491 juxta
1828 1428 2007 1491 autem

449 1483 664 1552 regulas
701 1495 1021 1552 punctorum
1070 1495 1515 1545 masereticorum
1540 1483 1772 1546 'e'll‘értur
1801 1492 1904 1544 hoc
1949 1487 2006 1541 in

449 1550 570 1606 loco
610 1550 726 1607 ares
764 1557 902 1611 :lini
937 1559 1081 1612 enim
1121 1576 1311 1616 Versus
1344 1563 1694 1632 praecedentis
1731 1561 1798 1614 l2
1842 1573 2009 1614 anne-

1507 246 1977 305 HEXAPLORUM
2015 246 2181 316 001E
2225 245 2652 305 SUPERSUNT.

3537 249 3668 303 9.960

2113 367 2366 448 mitur-in
2394 376 2540 448 textu
2571 365 2846 448 primitivo
2877 365 3161 448 Hebraico.
3193 367 3362 447 Senes
3389 376 3449 418 ut
3476 380 3668 448 nomen

2116 437 2392 506 proprium
2415 435 2761 506 accipientes.
2791 453 2896 489 non
2921 437 3143 498 insulse,
3169 438 3504 506 scripserunt
3526 435 3666 505 ὲρές,

2111 505 2256 576 Quod
2304 509 2497 562 scribas
2534 505 2847 562 oscitantes
2887 508 2969 560 vel
3002 508 3268 572 temerarii
3304 516 3590 560 mutarunt
3621 505 3667 557 in

2116 579 2297 648 ἱερεῖς.
2328 577 2401 632 Ea
2427 577 2494 631 de
2527 593 2586 632 re
2620 578 2837 632 disserit
2861 578 3023 648 etiam
3061 576 3123 631 L.
3148 577 3433 648 Cappellus
3469 577 3522 629 in
3566 576 3667 629 eri--

2110 646 2214 702 tica
2241 663 2416 714 sacra,
2436 648 2528 702 lib.
2564 663 2637 711 IV,
2661 663 2781 716 cap.
2808 648 2895 702 15.
2922 646 3024 701 Sed
3051 648 3278 701 multum
3311 647 3464 700 abest
3489 654 3552 698 ut
3573 660 3668 698 acu

2112 731 2364 802 tetigerit.
2410 731 2632 786 Barher.
2675 733 2749 785 ita
2776 748 2788 784 :
2814 718 2844 802 δ
2875 731 2934 801 (i.
2973 745 3046 797 e.,
3070 731 3118 783 ol
3143 729 3360 793 λοιποὶ),
3391 729 3574 798 κλίνη,
3606 728 3668 782 le-

2115 823 2248 884 ctus.
2281 812 2508 884 Dawn]

2181 883 2245 937 V.
2286 886 2371 939 15.
2415 880 2661 950 Ἄλλος,
2696 883 2725 937 ὁ
2747 883 2854 937 τῶν
2883 881 3168 950 στρατιῶν.
3206 880 3560 936 Barberinus.

2181 955 2364 1009 ν.15.
2414 955 2491 1007 Ἀ.
2543 955 2602 1006 Σ.
2656 954 2718 1009 8.
2766 954 2858 1006 τὸν
2899 952 3047 1006 οἷκον
3101 961 3206 1007 etc.
3267 952 3665 1006 Theodoretus.

2112 1024 2483 1095 Hieronymus
2507 1039 2687 1095 _ve_ro:
2727 1041 2748 1076 ‹
2798 1023 2908 1095 Pro
2943 1025 3096 1077 domo
3122 1022 3372 1095 hycntali,
3401 1017 3551 1095 οἶκον
3585 1021 3669 1073 τὸν

2110 1092 2434 1165 περίπτερον
2463 1092 2602 1148 LXX
2643 1093 3032 1165 transtulerunt
3068 1112 3081 1147 :
3111 1092 3380 1165 quodnos
3403 1092 3669 1165 interpre-

2110 1159 2210 1219 tati
2243 1159 2433 1220 sumus
2459 1166 2755 1233 pinnatam,
2774 1179 2840 1218 eo
2859 1163 3003 1233 quod
3031 1159 3225 1217 osti'ola
3257 1163 3569 1233 habeatper
3596 1159 3667 1233 fe-

2117 1245 2330 1290 nestras
2376 1243 2429 1290 et
2459 1231 2836 1304 quasiﬂpinnas
2871 1231 2938 1287 ad
2971 1233 3395 1304 magnitudinem
3442 1231 3669 1304 frigoris

2109 1301 2490 1375 repellendam.
2521 1324 2540 1356 ι
2605 1301 2916 1375 Symmachi
2955 1301 3083 1358 vero
3129 1303 3410 1357 lectionem
3449 1301 3666 1370 plenam

2108 1375 2271 1430 habet
2299 1374 2648 1430 Barberinus.
2673 1375 2764 1428 ubi
2787 1374 2940 1430 lansu
2960 1372 3221 1430 manhieo
3244 1373 3438 1430 legitur
3453 1372 3545 1424 ἐπὶ
3575 1369 3666 1421 τοῦ

2108 1388 2271 1430 habet
2299 1388 2648 1439 uarberlnus,
2673 1388 2764 1428 um
2787 1388 2940 1444 lapsu
2960 1388 3221 1442 g-rapnlco
3245 1388 3438 1441 tegitur
3453 1388 3545 1424 επι
3575 1388 3664 1421 του

2107 1445 2418 1515 χειμερινοῦ
2453 1459 2551 1514 pro
2577 1443 2809 1514 θερινοῦ,
2835 1459 2944 1515 quo
2980 1451 3139 1514 pacto
3161 1446 3317 1499 vertit
3341 1442 3466 1497 alibi
3500 1440 3664 1512 Sym-

2110 1517 2336 1571 machus
2359 1530 2544 1570 vocem
2574 1523 2700 1601 γη).

1753 1784 1976 1844 AMOS
2016 1781 2268 1845 CAPUT
2301 1779 2410 1839 IV.

444 1887 594 1967 mn
627 1887 770 1940 nhs
808 1882 833 1936 1
911 1882 970 1938 Σ.
1021 1884 1076 1936 αἱ
1117 1882 1236 1953 βόες
1282 1883 1553 1957 εὔτροφοι.
1614 1885 1691 1951 0’,
1746 1886 2002 1957 δαμάλεις

443 1972 543 2042 τῆς
565 1972 928 2037 Βασανίτιδος.
965 1976 1044 2028 Ἀ.
1074 1976 1135 2029 Θ.
1174 1975 1268 2030 τοῦ
1310 1978 1511 2033 Βασάν.

440 2155 623 2234 πζΠΡΞ
658 2147 693 2200 2
764 2149 822 2201 Σ.
859 2151 998 2202 κατὰ
1023 2150 1122 2220 τῆς
1155 2151 1442 2222 ἁγιοσύνης
1491 2152 1677 2206 αὑτοῦ.
1733 2155 1809 2218 0',
1864 2154 2002 2208 κατὰ

439 2239 548 2292 τῶν
588 2241 756 2309 ἁγίων
781 2242 964 2296 αὐτοῦ.

438 2340 604 2389 mas:
656 2333 730 2383 Ἀ.
774 2332 855 2404 [ὲν
915 2334 1174 2408 Θυρεοϊς.]
1229 2337 1287 2391 Σ.
1344 2340 1423 2404 U',
1468 2339 1525 2392 ἐν
1573 2338 1778 2403 ὅπλοις.
1833 2339 1895 2394 Θ.
1943 2340 2001 2392 ὲν

435 2421 644 2492 δόρασι.

436 2521 697 2598 ΡΠἽἿΠΝῚ
767 2517 844 2580 0',
876 2516 971 2568 καὶ¹
999 2519 1123 2581 τοὺς
1156 2518 1276 2588 μεθ’
1301 2519 1475 2590 ὑμῶν.
1507 2521 1569 2575 Θ.
1595 2521 1689 2575 καὶ
1712 2523 1780 2576 τὰ
1805 2522 2000 2593 ἔκγονα

439 2603 610 2673 ὑμῶν.

438 2797 561 2846 ΠΤΠ
597 2795 801 2846 male:
888 2792 962 2844 ’A.
990 2831 1004 2845 .
1044 2831 1058 2845 .
1087 2831 1102 2846 .
1149 2791 1226 2858 0',
1268 2794 1344 2856 εἰς
1405 2793 1634 2865 λέὁητας
1672 2795 1998 2866 ὑποκαιομέ-

437 2895 558 2942 νους
587 2879 902 2949 ἐμϐαλοῦσι.

436 3068 686 3119 min-1m
722 3043 1001 3122 mm‘m-n
1037 3064 1071 3117 3
1153 3065 1233 3119 Ἀ.
1291 3067 1371 3129 εις
1413 3068 1654 3139 Ἀρμανὰ
1685 3070 1808 3140 ὅρος
1855 3073 1997 3127 ἀπά-

438 3165 640 3217 γοντες.
669 3153 750 3206 Σ..
789 3192 804 3206 .
839 3194 851 3206 .
876 3157 955 3218 εἰς
992 3155 1285 3228 Ἐρμηνίαν
1314 3159 1410 3229 [αι.
1438 3163 1517 3224 εἰς
1558 3163 1892 3236 Ἀρμενίαν].
1917 3166 1995 3232 0',

438 3244 530 3296 καὶ
557 3245 991 3316 ἀπορριφήσεσθε
1015 3251 1094 3311 εἰς
1111 3251 1171 3303 τὸ
1197 3251 1320 3321 ὅρος
1344 3253 1404 3306 τὸ
1447 3254 1708 3327 Ῥεμμάν.
1737 3257 1798 3312 Θ.
1827 3297 1841 3310 .
1879 3297 1894 3312 .
1926 3299 1940 3313 .
1978 3300 1993 3314 .

437 3332 518 3396 εἰς
546 3332 745 3404 ὑψηλὸν
775 3336 920 3408 ὅρος.
944 3339 1018 3405 E',
1050 3381 1064 3394 .
1098 3379 1111 3392 .
1145 3379 1158 3394 .
1193 3342 1369 3397 Μονά.

436 3523 756 3578 min-1mm
792 3525 930 3577 nam
968 3504 1178 3580 mth
1214 3523 1248 3576 4
1319 3526 1377 3578 Σ.
1406 3525 1491 3596 (τῇ
1533 3527 1690 3599 τρίτῃ
1721 3529 1993 3601 ἡμέρᾳ...)

437 3606 511 3668 0',
541 3606 618 3668 sic;
642 3606 739 3676 τὴν
765 3610 1106 3679 τριημερίαν,
1139 3610 1207 3664 τὰ
1235 3612 1530 3668 ὲπιδέκατα.
1548 3616 1721 3687 ὑμῶν.
1749 3620 1991 3688 Ἄλλος,

434 3699 514 3760 εἰς
534 3697 628 3767 τὴν
658 3701 845 3773 τρίτην
881 3702 1111 3773 ἡμέραν.

434 3799 570 3849 .Tnn
607 3791 640 3844 5
725 3792 801 3846 'A.
826 3793 1192 3865 εὐχαριστίαν.
1222 3801 1298 3864 0',
1323 3800 1506 3870 νόμον.

433 3971 579 4023 D’JW
607 3974 740 4052 pip:
774 3968 806 4020 6
893 3969 971 4024 Ἀ.
1004 3972 1060 4025 Σ.
1103 3973 1165 4026 Θ.
1218 3975 1558 4047 καθαρισμὸν
1608 3978 1856 4034 ὀδόντων.
1914 3984 1989 4046 Ο’,

431 4057 779 4139 γομςίιασμὸν
810 4058 1054 4114 ὀδόντων.
1106 4063 1183 4115 Ἀ.
1217 4064 1376 4119 Barb.
1406 4067 1641 4139 πληγήν.

428 4131 602 4232 -ινκρὸ
638 4156 830 4208 ωηο-τη
866 4151 895 4202 7
971 4154 1046 4215 0’,
1081 4156 1262 4226 μηνῶν
1285 4159 1379 4213 τοῦ
1414 4131 1707 4231 sperarat}.
1742 4166 1987 4232 Ἀλλος,

433 4237 619 4307 μηνῶν
650 4238 742 4292 τοῦ
777 4241 1057 4313 θερισμοῦ.

429 4422 633 4500 rem
668 4418 701 4472 9
787 4420 866 4474 ’A.
923 4422 981 4476 Σ.
1030 4423 1094 4480 8.
1139 4427 1523 4503 ἁνεμοφθορίᾳ.
1570 4434 1644 4497 0’,
1693 4436 1751 4490 ἐν
1810 4437 1991 4509 πυρώ-

431 4522 534 4558 σει.

427 4605 635 4687 ῙῚΡἿἽΞῚ
706 4606 777 4657 II.
797 4608 889 4660 καὶ
921 4609 980 4661 ἐν
1013 4609 1232 4683 ἰκτέρῳ.
1264 4612 1325 4667 Θ.
1347 4617 1438 4668 καὶ
1465 4617 1744 4687 ὠχριάσει.

426 4789 537 4840 σπι-τ
575 4781 640 4834 10
724 4784 802 4838 Ἀ.
835 4784 1133 4855 λοιμόν.Δ’,
1162 4789 1394 4862 πληγήν.
1426 4794 1502 4858 0',
1527 4793 1775 4852 θάνατον.

426 4966 640 5019 ΕΞΞΝΞΊ
676 4969 892 5023 DD'Jl'llJ
928 4975 1056 5024 um:
1087 4951 1258 5032 H‘WM
1341 4969 1420 5024 'A.
1450 4973 1543 5026 καὶ
1560 4974 1856 5030 ἀνεϐίϐασα
1887 4996 1985 5032 σα-

428 5052 610 5120 πρίαν.
649 5092 662 5105 .
701 5095 713 5108 .
752 5097 764 5110 .
799 5095 812 5107 .
855 5058 912 5110 Σ.
955 5099 968 5112 .
1001 5099 1016 5113 .
1053 5101 1066 5115 .
1106 5102 1118 5114 .
1146 5061 1242 5132 τὴν
1271 5063 1568 5134 δυσοσμίαν
1620 5069 1726 5121 τῶν
1769 5088 1984 5144 παρεμ-

427 5141 772 5214 ϐολῶνλὺμῶν
819 5150 898 5212 εἰς
933 5151 1057 5214 τοὺς
1099 5155 1378 5225 μυκτῆρας
1403 5157 1574 5227 ὑμῶν.
1617 5162 1693 5224 0’,
1725 5161 1818 5213 καὶ
1854 5141 1985 5234 δινῆ-

426 5247 596 5300 γαγον
623 5235 680 5286 ἐν
711 5238 844 5307 πυρὶ
868 5239 967 5303 τὰς
997 5243 1346 5314 παρεμϐολὰς
1363 5246 1420 5300 ὲν
1447 5249 1511 5318 τῇ
1543 5247 1679 5319 ὀργῇ
1707 5250 1877 5320 ὑμῶν.

429 5528 544 5605 ΞΡὩ
583 5523 648 5577 12
730 5526 809 5581 Ἃ.
840 5526 1087 5602 ὕστερον.
1120 5534 1182 5598 0,
1211 5533 1349 5606 πλὴν
1379 5535 1481 5591 ὅτι.
1504 5536 1564 5590 Θ.
1601 5537 1860 5607 ἐσχάτως.

2185 1882 2235 1935 1.
2272 1879 2437 1933 Hebr.
2468 1891 2643 1931 vacca:
2672 1875 2868 1930 Basan.
2897 1873 2954 1929 S.
3003 1874 3167 1929 boves
3199 1872 3469 1943 saginatas.
3497 1871 3657 1937 LXX,

2108 1986 2284 2026 vacca:
2307 1969 2645 2024 Basanitidis.
2682 1971 2746 2023 A.
2785 1967 2885 2021 Th.
2922 1966 3095 2037 ipsius
3115 1965 3315 2021 Bazan.
3343 1963 3465 2021 Vul.
3489 1983 3661 2023 vacca:

2110 2064 2357 2133 pingues.

2175 2152 2397 2207 2.11ε1).
2448 2152 2502 2205 in
2549 2152 2832 2206 sanctitate
2889 2165 3007 2205 sua.
3063 2149 3121 2204 S.
3180 2165 3275 2220 per
3321 2150 3655 2205 sanctitatem

2107 2255 2284 2296 suam.
2322 2237 2485 2302 LXX,
2511 2254 2608 2309 per
2633 2249 2852 2294 sanctos
2883 2254 3032 2294 suos.
3087 2237 3209 2294 Vul.
3239 2240 3295 2293 in
3319 2249 3508 2294 sancto
3538 2256 3653 2294 suo.

2176 2331 2242 2385 H.
2268 2333 2321 2386 in
2354 2331 2544 2402 spinis.
2575 2331 2639 2385 A.
2665 2332 2720 2386 in
2745 2333 2965 2402 clypeis.
2993 2331 3050 2386 S.
3085 2331 3247 2396 LXX,
3275 2332 3329 2386 in
3351 2333 3535 2386 armis.
3557 2331 3651 2386 Th.

2107 2423 2161 2478 in
2193 2424 2382 2479 hastis.
2426 2422 2549 2477 Vul.
2579 2424 2631 2476 in
2660 2425 2858 2478 contis.

2177 2514 2313 2569 Heb.
2336 2522 2391 2569 et
2423 2514 2767 2584 posteritates
2791 2523 3017 2570 vestras.
3049 2512 3211 2580 LXX,
3240 2524 3294 2570 et
3313 2530 3409 2570 eos
3441 2516 3532 2586 qui
3563 2531 3652 2568 vo-

2105 2607 2315 2663 biscum
2349 2617 2496 2661 sunt.
2531 2605 2634 2660 Th.
2667 2618 2720 2662 et
2747 2617 2992 2677 posteros
3021 2615 3246 2663 vestros.
3288 2606 3413 2662 Vul.
3455 2617 3511 2663 et
3534 2608 3652 2661 reli-

2103 2702 2262 2771 quias
2293 2707 2521 2754 vestras.

2175 2790 2309 2846 Heb.
2344 2792 2396 2846 in
2426 2791 2548 2847 ollis
2566 2790 2751 2860 piscis.
2791 2791 2855 2844 A.
2880 2791 2934 2844 in
2965 2790 3225 2846 lebetibus
3251 2789 3650 2860 pisciculorum.

2102 2883 2266 2948 LXX,
2303 2884 2357 2938 in
2390 2884 2524 2939 ollas
2554 2899 2849 2940 succensas
2880 2883 3143 2953 injicient.
3173 2883 3296 2938 Vul.
3323 2883 3379 2938 in
3411 2883 3536 2940 ollis
3550 2881 3650 2936 fer-

2101 2973 2372 3028 ventibus.

2169 3066 2221 3120 5.
2262 3063 2426 3119 Hebr.
2486 3074 2540 3119 et
2591 3065 2860 3136 projicere
2908 3063 3119 3120 facietis
3155 3063 3438 3133 palatium.
3503 3067 3572 3117 A.
3601 3065 3648 3118 in

2100 3156 2342 3210 Armana
2371 3167 2609 3211 montem
2635 3156 2982 3211 abducentes.
3015 3155 3054 3210 S
3082 3195 3096 3208 .
3125 3195 3139 3208 .
3174 3195 3190 3209 .
3240 3155 3294 3210 in
3323 3155 3647 3211 Armeniam.

2096 3246 2259 3314 LXX,
2284 3258 2336 3304 et
2364 3248 2725 3319 projiciemini
2759 3249 2812 3303 in
2841 3257 3075 3303 montem
3106 3247 3387 3303 Remman.
3409 3247 3511 3302 Th.
3545 3283 3562 3301 .
3595 3285 3606 3298 .
3633 3289 3645 3300 .

2096 3341 2149 3394 in
2180 3342 2452 3397 excelsum
2484 3351 2743 3397 montem.
2780 3339 2846 3407 ν,
2884 3380 2899 3393 .
2937 3379 2952 3393 .
2992 3381 3005 3393 .
3047 3347 3283 3394 montem
3323 3337 3506 3393 Mona.
3532 3338 3645 3392 ναι.

2095 3442 2150 3488 et
2173 3433 2534 3504 projieiemini
2566 3433 2622 3487 in
2656 3434 2882 3488 Armon.

2164 3525 2217 3579 4.
2251 3525 2386 3580 Heb.
2419 3524 2543 3579 Vul.
2592 3524 2770 3580 tribus
2817 3522 3006 3578 diebus
3055 3521 3294 3576 decimas
3331 3531 3560 3575 vestras.
3593 3519 3644 3573 S.

2095 3614 2250 3670 tertia
2279 3615 2365 3668 die
2397 3614 2636 3671 decimas
2671 3620 2900 3667 vestras.
2942 3607 3103 3674 LXX,
3138 3609 3194 3664 in
3235 3607 3478 3662 triduum
3512 3606 3646 3661 deci-

2095 3720 2212 3759 mas
2233 3712 2462 3758 vestras.
2492 3702 2728 3775 Aliusjn
2759 3701 2972 3756 tertiam
3003 3699 3166 3754 diem.

2164 3794 2216 3848 5.
2263 3793 2329 3848 H.
2386 3793 2806 3849 confessionem.
2875 3792 2941 3846 Α.
2993 3790 3290 3863 gratiarum
3361 3786 3644 3844 actionem.

2097 3883 2257 3951 LXX,
2295 3886 2485 3955 legem.
2522 3885 2646 3940 Vul.
2683 3884 2917 3939 laudem.

2163 3974 2215 4029 6.
2247 3976 2412 4031 Hebr.
2450 3976 2515 4030 A.
2562 3976 2621 4030 S.
2659 3973 2763 4029 Th.
2811 3971 3136 4027 munditiam
3189 3969 3453 4026 dentium.
3487 3967 3644 4031 LXX,

2094 4068 2216 4124 Vul.
2249 4080 2525 4140 stuporem
2551 4067 2812 4124 dentium.
2843 4067 2908 4120 A.
2944 4063 3102 4118 Barb.
3132 4064 3367 4134 plagam.

2164 4160 2215 4214 7.
2254 4159 2389 4215 Heb.
2417 4174 2633 4214 menses
2654 4157 2720 4212 ad
2743 4171 2997 4211 messem.
3029 4150 3188 4218 LXX,
3212 4167 3433 4207 menses
3464 4151 3645 4206 vinde-

2093 4252 2232 4306 miaz.
2267 4250 2443 4316 Alius,
2473 4263 2690 4305 menses
2720 4246 2936 4302 messis.
2963 4246 3084 4301 Vul.
3129 4243 3282 4315 (tres)
3315 4259 3532 4299 menses
3561 4260 3645 4299 su-

2092 4351 2372 4413 peressent
2399 4357 2571 4412 usque
2600 4343 2667 4397 ad
2698 4355 2951 4396 messem.

2161 4431 2213 4485 9.
2242 4430 2308 4484 11.
2333 4430 2494 4496 LXX,
2524 4430 2768 4486 uredine.
2823 4429 2888 4482 A.
2941 4425 2998 4480 S.
3032 4425 3133 4480 Th.
3179 4435 3342 4480 vento
3383 4432 3641 4480 vastante.

2093 4521 2215 4574 Vul.
2245 4520 2297 4574 in
2327 4530 2491 4574 vento
2520 4528 2731 4575 urente.

2161 4613 2294 4667 Heb.
2325 4620 2377 4667 et
2404 4611 2458 4666 in
2498 4611 2765 4683 rubigine.
2794 4611 3002 4679 Omnes,
3032 4610 3156 4666 Vul.
3187 4620 3243 4666 et
3278 4611 3332 4666 in
3363 4612 3640 4681 auruginc.

2091 4705 2194 4759 Th.
2224 4712 2278 4758 et
2307 4703 2360 4756 in
2390 4703 2615 4772 pallore.

2160 4795 2246 4848 10.
2281 4793 2445 4850 llebr.
2473 4796 2538 4850 A.
2569 4795 2949 4866 pesﬁlentiam.
2974 4792 3062 4861 IV,
3084 4794 3315 4865 plagam.
3338 4793 3506 4859 LXX,
3526 4794 3624 4849 Vul

2088 4898 2314 4943 mortem
2324 4929 2336 4941 .

2157 4981 2292 5037 Heb.
2344 4987 2399 5034 et
2442 4979 2737 5034 ascendere
2773 4978 2876 5034 feci
2931 4977 3178 5033 faetorem
3231 4985 3540 5033 castrorum
3567 4992 3640 5030 ve.

2086 5085 2344 5141 strorum,
2373 5085 2425 5130 et
2447 5075 2501 5129 in
2542 5087 2734 5128 nasum
2762 5080 3026 5127 vestrum.
3053 5071 3116 5124 Α.
3148 5069 3516 5126 etascendere
3535 5069 3633 5124 feci

2085 5167 2512 5223 fmtorem...S...
2580 5165 2829 5220 faetorem
2879 5171 3183 5218 castrorum
3242 5174 3553 5218 vestrorum
3590 5161 3637 5214 in

2087 5275 2246 5316 nares
2269 5269 2500 5314 vestras.
2538 5257 2696 5322 LXX,
2719 5266 2773 5312 et
2795 5256 2954 5312 eduxi
3009 5256 3062 5308 in
3114 5254 3235 5324 igne
3258 5265 3440 5310 castra
3472 5255 3526 5308 in
3565 5255 3636 5307 ira

2085 5362 2282 5408 vestra.
2315 5352 2434 5405 Vul.
2461 5362 2514 5406 et
2531 5351 2822 5406 ascendere
2847 5349 2947 5404 feci
2972 5348 3308 5420 putredinem
3338 5359 3635 5404 castrorum

2085 5455 2387 5500 vestrorum
2416 5445 2468 5498 in
2503 5459 2661 5499 nares
2693 5453 2923 5498 vestras.

2163 5538 2246 5590 12.
2285 5537 2416 5591 lleb.
2465 5551 2564 5605 pro
2590 5550 2674 5590 eo.
2726 5534 3018 5606 A.postea.
3062 5532 3222 5599 LXX,
3268 5543 3633 5588 verumtamen

2088 5632 2236 5702 quia.
2270 5629 2372 5685 Th.
2398 5629 2714 5685 novissime.
2737 5628 2856 5684 Vul.
2885 5639 3193 5700 postquam.
