3826 6218
418 221 565 276 2963

413 313 738 392 ηπτι-ίπιπ
776 329 843 384 t6
916 329 975 384 Σ.
1004 327 1099 382 καὶ
1130 328 1188 381 ὲν
1213 327 1381 381 πᾶσιν
1412 324 1539 397 (sic)
1569 323 1854 395 ἀμφόδοις.
1908 323 1986 388 οι,

416 426 512 479 καὶ
544 426 602 477 ὲν
626 425 826 487 πάσαις
843 424 964 485 ταῖς
988 420 1147 484 ὁδοῖς.

414 610 504 662 ’τω
533 609 669 667 ’γῆν
742 601 802 655 Σ.
852 599 979 664 τοὺς
1011 596 1378 668 γινώσκοντας
1433 594 1615 667 μέλος.
1666 595 1746 659 0’,
1782 590 1989 656 εἰδότας

416 697 634 770 θρῆνον.

414 854 570 956 Τίνι-υ
603 870 675 925 25
761 868 843 924 ’A.
872 864 1084 925 νάὸλων
1112 881 1229 919 σου.
1269 864 1349 931 0',
1374 861 1621 936 ὀργάνων
1643 878 1759 917 σου.

413 1014 523 1091 ιῃνι
558 1028 629 1081 24
701 1027 763 1082 Σ.
793 1022 1108 1077 κεκύλισται
1156 1019 1286 1091 γάρ.
1340 1020 1418 1085 0',
1465 1016 1872 1089 κυλισθήσεται.
1921 1015 1985 1070 Θ.

420 1123 516 1177 καὶ
541 1118 1018 1192 ἀποικισθήσεται.

413 1222 549 1273 nuo
583 1223 666 1271 nn
700 1208 771 1264 26
852 1209 935 1264 Ἀ.
981 1202 1372 1275 συσκιασμούς.
1423 1204 1484 1258 Σ.
1516 1204 1595 1269 0',
1629 1200 1727 1273 τὴν
1762 1200 1987 1273 σκηνήν.

418 1305 637 1367 Ἄλλος
660 1342 674 1366 .
704 1298 939 1360 εἰκόνας.
970 1297 1033 1351 Θ.
1059 1295 1273 1349 εἴδωλον
1302 1293 1478 1365 ὑμῶν.

414 1487 609 1565 malm
690 1502 773 1556 Ἃ.
803 1500 1032 1573 μελχόμ.
1058 1501 1118 1555 Σ.
1148 1498 1211 1553 e.
1245 1497 1358 1569 (τοῦ
1393 1496 1657 1569 βασιλέως
1683 1495 1882 1569 ὑμῶν.)
1909 1496 1987 1563 ον,

413 1596 510 1650 τοῦ
540 1594 744 1665 Μολόχ.

412 1695 513 1775 τιν)
548 1696 654 1747 nm
740 1687 820 1739 ’A.
856 1685 915 1738 Σ.
966 1684 1062 1737 καὶ
1111 1682 1283 1754 χιοῦν.
1334 1682 1412 1747 0',
1450 1679 1545 1735 καὶ
1587 1678 1649 1733 τὸ
1672 1678 1890 1750 ἄστρον.
1920 1678 1985 1733 Θ.

414 1778 757 1848 ἀμαύρωσιν.

412 1843 810 1950 ειόυξωνωίπ
853 1870 953 1950 τιν)
996 1871 1103 1922 mn
1151 1843 1343 1922 0:251:
1390 1869 1525 1921 nuo
1574 1871 1657 1921 na
1692 1869 1920 1921 mn

414 1940 627 2015 ω’τῶκ
700 1958 777 2022 0',
810 1940 905 2009 καὶ
938 1953 1227 2008 ἀνελάϐετε
1264 1953 1364 2025 τὴν
1395 1952 1600 2025 σκηνὴν
1640 1953 1737 2006 τοῦ
1783 1953 1986 2024 Μολδχ.

415 2048 511 2101 καὶ
541 2049 602 2101 τὸ
633 2047 833 2120 ἄστρον
869 2046 965 2100 τοῦ
997 2044 1120 2099 Θεοῦ
1155 2045 1309 2117 ὑμῶν
1347 2045 1595 2114 Ῥαιφὰν.
1629 2046 1755 2110 τοὺς
1782 2045 1991 2111 τύπους

414 2139 614 2194 αὐτῶν.
637 2140 700 2194 Θ.
738 2142 833 2193 καὶ
867 2140 1036 2211 ᾔρατε
1064 2139 1163 2211 τὴν
1181 2140 1370 2212 ὅρασιν
1400 2136 1495 2191 τοῦ
1522 2136 1783 2207 βασιλέως
1810 2137 1987 2209 ὑμῶν.

415 2232 735 2303 ἀμαύρωσιν
762 2231 1014 2298 εἰδώλων,
1047 2231 1245 2297 ἄστρον
1268 2229 1361 2285 τοῦ
1394 2230 1517 2284 θεοῢ
1551 2228 1725 2301 ὑμῶν.

1464 210 1941 270 HEXAPLOHUM
1976 210 2143 280 ρυλες
2184 208 2615 268 SUPERSUNT.

3512 206 3662 264 2966

2162 321 2250 376 16.
2284 321 2352 376 Η.
2376 330 2431 376 et
2453 321 2508 375 in
2542 318 2758 376 cunctis
2779 316 2990 389 plateis.
3033 315 3091 371 S.
3120 323 3175 371 et
3201 314 3255 371 in
3282 313 3542 371 omnibus
3566 316 3659 371 bi-

2088 413 2212 469 viis.
2240 411 2407 477 LXX,
2430 422 2484 466 et
2507 412 2563 466 in
2591 410 2845 466 omnibus
2898 409 3023 465 viis.
3061 406 3189 465 Vul.
3246 419 3301 464 et
3348 409 3404 464 in
3440 410 3661 465 cunctis

2088 520 2212 575 quae
2239 503 2375 559 foris
2405 512 2553 560 sunt.

2158 592 2295 649 Heb.
2331 595 2564 650 scientes
2600 592 3019 665 querimoniam.
3051 590 3107 646 S.
3127 602 3516 662 cognoscentes
3537 606 3659 645 me-

2086 685 2310 742 lodiam.
2347 684 2512 751 LXX,
2582 687 2816 743 scientes
2874 683 3333 740 lamentationem.
3392 681 3513 738 ναι.
3559 683 3659 753 qui

2087 776 2270 832 sciunt
2304 776 2579 847 plangere.

2156 864 2245 920 25.
2289 864 2452 921 Hebr.
2481 866 2549 920 A.
2588 865 2878 922 uablorum
2930 873 3173 921 tuorum.
3224 862 3388 932 LXX,
3418 878 3662 935 organo-

2088 972 2214 1012 rum
2242 965 2486 1012 tuorum.
2521 954 2646 1012 Vul.
2678 957 2808 1029 lyra:
2839 965 2967 1012 tuae.

2157 1047 2396 1103 24.Heb.
2425 1049 2638 1104 evolvat
2659 1064 2739 1105 se.
2764 1048 2821 1102 8.
2849 1048 3264 1105 convolutusest
3288 1049 3453 1102 enim.
3476 1046 3652 1110 LXX,

2086 1139 2351 1194 volvetur.
2386 1138 2489 1194 Th.
2525 1139 2917 1209 deportabitur.
2951 1138 3079 1193 Vul.
3120 1148 3173 1194 et
3198 1138 3545 1194 revelabitur.

2156 1229 2247 1284 26.
2279 1231 2415 1286 Heb.
2450 1231 2734 1286 succhoth.
2775 1232 2839 1285 A.
2880 1231 3213 1286 umbracula.
3247 1230 3303 1285 S.
3331 1226 3494 1293 LXX,
3527 1227 3659 1283 Vol.

2089 1320 2524 1377 tabernaculum.
2576 1322 2749 1389 Alius,
2797 1321 3082 1393 imagines.
3144 1319 3247 1375 Th.
3299 1319 3503 1375 idolum
3557 1334 3663 1374 ve-

2094 1420 2270 1469 strum
2279 1454 2294 1466 .

2162 1502 2231 1557 H.
2264 1516 2445 1570 regem
2472 1509 2732 1557 vestrum.
2760 1499 2827 1554 A.
2852 1498 3138 1555 Melchom.
3168 1498 3227 1554 S.
3262 1499 3365 1556 Th.
3390 1498 3534 1569 regis
3564 1512 3666 1553 ve-

2094 1594 2215 1653 stri.
2242 1591 2408 1659 LXX,
2446 1592 2618 1663 ipsius
2641 1591 2873 1647 Molocb.
2901 1589 3024 1645 Vul.
3054 1589 3262 1646 Moloch
3291 1599 3493 1644 vestro.

2161 1680 2299 1739 Heb.
2325 1692 2381 1738 et
2409 1681 2724 1737 Saturnum.
2743 1682 2809 1736 A.
2830 1681 2888 1736 S.
2917 1687 2971 1736 et
2995 1679 3370 1745 Chiun.LXX,
3401 1691 3456 1735 et
3480 1678 3660 1736 sidus.

2091 1772 2197 1830 Th.
2240 1762 2652 1830 obscuritatem.
2679 1772 2805 1828 Vul.
2839 1782 2894 1829 et
2933 1773 3240 1844 imaginem.

2162 1865 2299 1921 Heb.
2350 1874 2408 1921 et
2454 1866 2715 1935 portastis
2755 1864 3031 1920 Succhoth
3071 1878 3251 1935 regem
3296 1871 3563 1927 vestrum,
3605 1870 3664 1917 et

2093 1956 2272 2013 Chiun
2336 1956 2683 2028 (Saturnum)
2744 1955 3040 2025 imaginum
3097 1964 3420 2021 vestrarum,
3448 1953 3659 2009 stellam

2096 2049 2320 2104 deorum
2356 2057 2684 2104 vestrorum.
2714 2046 2883 2115 LXX,
2924 2056 2979 2103 et
3005 2048 3381 2119 assumpsistis
3407 2048 3661 2103 taberna-

2096 2138 2279 2194 culum
2310 2136 2547 2203 Moloch,
2571 2146 2626 2193 et
2658 2138 2872 2193 stellam
2906 2137 2994 2193 dei
3036 2137 3202 2193 vestri
3242 2137 3506 2208 Bmphan,
3528 2138 3662 2206 ﬁgu-

2047 2239 2059 2254 '
2097 2244 2190 2285 ras
2221 2245 2435 2284 eorum.
2464 2228 2569 2283 Th.
2596 2238 2650 2285 et
2686 2231 2943 2302 portastis
2987 2228 3249 2283 visionem
3282 2227 3426 2300 regis
3472 2229 3662 2298 vestri,

414 2333 471 2379 et
502 2326 966 2391 obscurationem,
993 2325 1264 2381 idolorum
1305 2323 1521 2379 stellam
1549 2320 1638 2377 dei
1694 2320 1883 2377 vestri.
1914 2318 2041 2377 ναι.
2075 2329 2132 2377 et
2158 2320 2417 2394 portastis
2440 2319 2842 2377 tabernaculum
2871 2319 3082 2377 Moloch
3111 2330 3291 2378 vestro
3315 2362 3332 2387 ,
3362 2330 3417 2376 et
3469 2320 3663 2389 imagi-

415 2432 540 2474 nem
574 2418 844 2473 idolorum
866 2426 1195 2483 vestrorum,
1223 2417 1376 2473 sidus
1403 2415 1488 2471 dei
1516 2414 1705 2470 vestri.

1282 2530 1459 2591 Notae
1499 2534 1562 2589 et
1592 2526 1783 2589 variaa
1811 2525 2118 2590 lectiones
2148 2527 2228 2589 ad
2258 2545 2392 2607 cap.
2429 2531 2480 2591 V
2526 2533 2743 2593 Amos.

486 2627 555 2684 Ἴ.
588 2628 643 2684 8.
672 2628 938 2685 Hieron.:
999 2648 1017 2680 ι
1056 2629 1273 2683 Arcturi

417 2700 638 2759 dicitur.
672 2708 726 2754 et
754 2715 781 2753 ι
807 2698 864 2754 8.
899 2709 952 2754 et
984 2699 1086 2754 Th.
1138 2702 1217 2762 εἰς
1253 2697 1481 2751 πλειάδα
1524 2698 1751 2751 vertitur
1782 2712 1796 2748 :
1832 2712 1993 2766 quem

417 2771 581 2850 vulgo
607 2769 1056 2857 Boot‘enjocant.
1074 2789 1116 2857 ,ρ
1150 2768 1715 2857 CodexmBarberilnus
1755 2767 1859 2830 ’A.,
1891 2766 1994 2837 ἀρ-

417 2838 648 2920 κτοῦρον
671 2841 766 2893 καὶ
798 2839 1036 2909 ὠρίωνα.
1074 2841 1159 2903 Σ..
1182 2838 1441 2920 ⁸πελειάδας
1465 2839 1559 2889 καὶ
1586 2839 1782 2917 dat-pa.
1832 2905 1843 2916 .
1886 2905 1897 2916 υ

493 2908 625 2963 lbld.
672 2909 935 2964 Hieron.:
986 2927 1006 2960 ι
1041 2909 1242 2964 Oriona
1270 2949 1286 2973 ,
1346 2924 1438 2974 qut
1484 2907 1749 2961 Hebralce
1795 2906 1994 2961 dlCllUl‘

421 2978 689 3043 CHASIL,
724 2979 782 3034 S.
812 2979 1061 3035 absolute
1107 2979 1311 3040 stellas.
1342 2977 1445 3031 Th.
1484 2978 1871 3047 interpretatus
1908 2985 1995 3047 est

421 3065 711 3118 vesperum.
765 3048 1022 3105 Hebraeus
1075 3059 1256 3104 autem
1304 3050 1396 3118 qui
1447 3063 1547 3103 nos
1586 3048 1639 3101 in
1691 3046 1992 3118 Scripturis

423 3115 627 3196 sanctis
658 3120 917 3196 erudivit1
935 3119 1183 3175 CHASIL
1231 3115 1575 3196 interpretari
1623 3125 1777 3196 putat
1808 3115 1990 3196 spten-

422 3194 624 3261 darent.
653 3200 707 3261 et
744 3191 1051 3261 significare
1086 3190 1412 3261 generaliter
1440 3197 1588 3241 astra
1614 3189 1946 3261 fulgentia.)

496 3257 560 3312 ν.
584 3259 637 3314 9.
663 3255 879 3314 Hieron.
921 3276 935 3313 :
969 3278 989 3311 ι
1021 3255 1113 3315 Af
1140 3262 1521 3328 interpretatus
1553 3255 1637 3313 est
1682 3255 1711 3311 ὁ
1749 3255 1985 3328 μειδιῶν.

422 3327 649 3399 Proprie
682 3341 861 3385 autem
900 3330 1157 3401 μειδίαμα
1187 3326 1404 3401 dicitur,
1442 3330 1583 3401 quod
1606 3342 1705 3401 nos
1732 3326 1990 3401 sabrisio-

425 3416 541 3453 nem
569 3415 862 3468 possumus
894 3398 1186 3470 appellare,
1217 3399 1435 3470 quando
1472 3400 1593 3470 quis
1626 3398 1908 3470 irascitur,
1935 3404 1991 3449 et

426 3467 630 3539 apertis
663 3467 942 3539 paululum
966 3467 1121 3526 labiis
1158 3467 1440 3527 subridere
1467 3484 1526 3523 se
1550 3469 1793 3531 simulat,
1819 3475 1878 3520 ut
1896 3467 1990 3520 ira:

426 3541 673 3612 ostendat
696 3542 1138 3612 magnitudinem.

499 3608 563 3664 ν.
590 3609 675 3663 10.
708 3606 1026 3671 8.,ὐενιηιηι
1058 3611 1478 3667 immaculatum.
1528 3607 1701 3672 LXX,
1728 3606 1855 3673 Th.,
1885 3622 1989 3661 ser-

427 3695 630 3733 monem
659 3692 918 3735 sanctum.
953 3680 1333 3737 Hieronvmus.

502 3750 563 3803 V.
593 3750 678 3803 11.
714 3752 925 3817 Ἄλλος
947 3791 961 3814 .
999 3742 1465 3814 κατεδὶονδυλίζετε
1495 3757 1600 3803 etc.
1630 3747 1913 3803 Barberitt.

501 3820 566 3873 \’.
603 3821 697 3892 l2.
728 3824 791 3874 Οἱ
841 3821 1061 3885 λοιποὶ.
1118 3821 1402 3892 ὲξίλασμα.
1449 3817 1671 3892 Batber.
1710 3817 1767 3871 S.
1802 3826 1981 3892 autem

430 3886 576 3947 Hier.
610 3909 628 3941 ι
664 3890 865 3947 Omnes
893 3892 1140 3946 similiter
1168 3886 1431 3962 ὲξίλαίσμα
1451 3932 1468 3957 .
1498 3890 1551 3945 id
1598 3898 1703 3955 est,
1731 3889 1987 3959 propitiu-

1312 2628 1405 2697 qui
1457 2625 1723 2681 Hebraice
1780 2624 1997 2681 CHIMA
2099 2643 2216 2697 nent
2253 2629 2663 2685 transtulerunt.
2696 2629 2895 2686 Dnacn.

2169 2695 2412 2769 lbid._S.,
2438 2710 2821 2769 oppresserunt.
2857 2699 3073 2769 Hieron.

2261 2767 2345 2822 16.
2382 2765 2475 2834 Σ..
2499 2765 2594 2823 Scal
2618 2771 2674 2824 ὲν
2699 2771 2864 2823 πᾶσιν
2881 2768 3171 2839 ἀμφόδοις.
3199 2766 3481 2839 darberin.

2163 2836 2298 2909 ibid.
2324 2840 2413 2899 Σ..
2446 2841 2573 2902 τοὺς
2605 2836 3189 2909 γινώσκονταςήμέλος.
3228 2837 3520 2894 Barberin.

2163 2906 2229 2961 ν.
2256 2907 2346 2963 25.
2387 2910 2492 2975 Ἀ..
2521 2906 2731 2964 νάὸλων
2762 2927 2876 2964 σου.
2917 2906 3202 2963 Barberin.

2169 2976 2227 3050 Χ.
2266 2980 2356 3050 et.
2383 2981 2465 3041 Σ..
2502 2980 2815 3034 κεκύλισται
2843 2980 2969 3050 γάρ.
2997 2979 3166 3050 Idem.

2163 3046 2230 3102 V.
2264 3047 2353 3103 26.
2390 3052 2587 3115 Ἀλλ..
2622 3046 2971 3115 εἰκόναςζεῖη
3009 3048 3224 3102 εἴδωλον
3253 3046 3429 3116 ὑμῶν.
3462 3046 3633 3102 Idem.

2162 3116 2297 3173 lbid.
2329 3117 2387 3173 ln
2436 3130 2721 3189 sequentes
2771 3122 3028 3175 lectiones
3084 3120 3198 3173 haec
3245 3118 3659 3189 Hieronymus:

2096 3206 2116 3239 ι
2151 3188 2205 3243 In
2238 3203 2303 3259 eo
2334 3188 2524 3245 autem
2566 3190 2684 3245 loco
2720 3191 2812 3245 ubi
2863 3190 3039 3245 Lucas
3081 3189 3222 3259 (Act.
3257 3205 3359 3259 vn.
3381 3188 3470 3259 -.ξι
3512 3190 3665 3259 sqq.)

2091 3258 2277 3330 posuit
2300 3259 2501 3330 Μολόχ,
2520 3270 2572 3314 et
2597 3261 2649 3313 in
2669 3259 2932 3315 Hebraico
2960 3256 3221 3326 scriptum
3241 3268 3326 3313 est
3346 3256 3663 3330 MELCﬂE-

2090 3327 2309 3394 CHEM;
2360 3330 2423 3382 Δ.
2450 3326 2510 3383 ’ἐι
2539 3330 2677 3383 LXX
2717 3343 2997 3385 verterunt
3046 3330 3304 3399 Μελχόμς
3337 3328 3420 3399 8.-
3443 3339 3499 3399 et
3531 3326 3660 3392 Th.,

2090 3414 2233 3467 reges
2280 3400 2457 3454 vestri.
2510 3400 2615 3455 Pro
2664 3416 2730 3483 eo
2774 3416 2993 3524 quoque
3021 3397 3257 3479 quodin
3285 3397 3429 3453 LXX
3461 3398 3663 3469 legitur

2089 3467 2339 3536 Rephan;
2378 3470 2442 3523 A.
2471 3480 2525 3525 et
2576 3471 2631 3525 S.
2676 3487 2852 3537 ipsum
2920 3471 3218 3525 lebratcum
3269 3468 3664 3524 transferentes

2086 3548 2387 3610 posuerunt
2416 3538 2643 3606 CHION,
2677 3541 2804 3605 Th.,
2838 3542 3191 3610 ἀμαύρωσιν,
3234 3541 3272 3595 i.
3309 3556 3382 3602 e.,
3418 3540 3665 3610 obscuri-

2090 3617 2269 3681 tatem.
2308 3609 2542 3665 Rursum
2592 3628 2689 3681 pro
2722 3609 3064 3681 SOCHOTH,
3127 3613 3213 3675 A.,
3251 3609 3658 3681 συσκιασμιξές.

2087 3677 2126 3731 i.
2158 3694 2232 3743 e.,
2262 3676 2623 3746 tabernacula",
2660 3682 2718 3737 S.
2751 3694 2806 3737 et
2857 3680 2996 3737 LXX
3026 3722 3042 3747 ,
3078 3676 3518 3742 tabernaculum}
3551 3676 3659 3732 Th.

2087 3750 2361 3804 transtulit
2388 3751 2660 3805 visionem.
2704 3771 2722 3803 ι

2160 3817 2292 3874 lbid.
2323 3819 2410 3887 Θ..
2436 3822 2531 3876 καὶ
2560 3822 2727 3894 ῇρατε
2760 3829 2868 3879 etc.
2900 3820 3255 3878 Barberinus.

1752 4112 1973 4174 AMOS
2004 4114 2257 4177 CAPUT
2288 4116 2395 4176 VI.

430 4216 645 4266 lar-mm
682 4206 715 4258 5
799 4207 877 4260 Ἀ.
902 4208 951 4259 οἱ
976 4208 1987 4284 ἁποκεχωρισμένοι.Σ.ἀψωρισμένοι.

433 4303 510 4361 0',
545 4300 591 4350 οἱ
614 4297 917 4368 ἐρχόμενοι.

433 4398 628 4449 cum
664 4391 697 4445 6
767 4392 829 4444 Σ.
855 4390 963 4445 τῶν
988 4390 1191 4464 μύρων.
1222 4394 1297 4458 O’,
1334 4392 1500 4465 μῦρα.

432 4572 641 4625 Ε’ΠἹἾΟ
674 4577 831 4627 mn
863 4576 965 4626 ’ὋἸ
999 4567 1031 4619 7
1104 4568 1161 4621 Σ.
1207 4569 1301 4622 καὶ
1331 4570 1810 4641 περιαιρεθησεται
1849 4571 1996 4624 ἑταιο

438 4656 559 4728 ρεία
605 4659 911 4728 τρυφητῶν.
970 4658 1047 4725 0',
1091 4661 1185 4714 καὶ
1225 4659 1583 4733 ἐξαρθήσεται
1634 4663 1995 4736 χρεμετισμὸς

437 4748 619 4803 ἵππων
642 4749 701 4814 ἐξ
740 4751 997 4821 Ἐφραῒμ.

434 4932 554 4984 mm
588 4934 723 4984 cur:
756 4908 949 4986 -ιηστπῆ
982 4909 1054 4987 s5
1090 4933 1143 4987 ν)
1177 4938 1254 4988 Dn
1283 4929 1346 4983 tt
1434 4929 1515 4985 ’A.
1549 4931 1857 5001 ήσυχώθητι
1901 4931 1995 4986 τοῦ

437 5017 740 5087 ἀναμνῆσαι
772 5018 829 5071 ἐν
877 5019 1100 5088 ὀνόματι
1127 5020 1353 5090 Κυρίου.
1404 5022 1464 5076 Σ.
1521 5022 1725 5076 σιώπα·
1777 5024 1837 5077 οὐ
1889 5026 1998 5095 γάρ

438 5109 584 5160 ἐστιν
609 5109 912 5178 ἀναμνῆσαι
938 5108 998 5161 τὸ
1013 5109 1181 5181 ὄνομα
1204 5111 1430 5181 Κυρίου.
1465 5113 1540 5178 0',
1571 5113 1696 5183 σίγα
1722 5114 1882 5168 ἕνεκα
1902 5114 1996 5169 τοῦ

444 5198 516 5267 μὴ
546 5201 806 5270 ὀνομάσαι
832 5201 891 5253 τὸ
927 5200 1096 5272 ὄνομα
1143 5202 1369 5271 Κυρίου.
1407 5202 1470 5258 Θ.
1505 5205 1587 5258 ὅτι
1632 5205 1732 5260 οὐκ
1777 5208 1854 5270 εἰς
1893 5206 1996 5279 (τὸ)

440 5286 746 5358 ἀναμνῆσαι
770 5290 828 5341 ὲν
863 5288 1082 5360 ὀνόματι
1110 5290 1335 5361 Κυρίου.

443 5592 665 5671 Dl'lpn
695 5595 993 5647 lL‘TTl'I’DR
1034 5589 1099 5643 15
1182 5591 1260 5645 Ἀ.
1289 5594 1337 5647 ει
1366 5596 1813 5670 ἀροτριαθήσεται
1842 5641 1855 5655 .
1891 5639 1903 5653 .
1934 5641 1947 5656 .
1981 5642 1993 5655 .

2166 4214 2219 4269 3.
2249 4213 2409 4269 Hebr.
2457 4216 2787 4286 elongantes.
2845 4226 2910 4269 A.
2959 4212 3082 4271 Vul.
3113 4214 3207 4284 qui
3238 4213 3467 4284 separati
3497 4215 3665 4273 estis.

2099 4305 2157 4361 S.
2195 4307 2477 4377 segregati.
2517 4305 2682 4373 LXX,
2710 4306 3005 4361 venientes.

2166 4400 2217 4453 6.
2252 4399 2413 4455 Hebr.
2441 4399 2499 4454 8.
2531 4409 2946 4470 unguentorum.
2978 4398 3139 4465 LXX,
3190 4400 3494 4468 unguentis.
3525 4399 3664 4458 Vni.

2095 4500 2390 4561 unguento.

2163 4586 2216 4638 7.
2258 4583 2392 4639 Heb.
2422 4592 2477 4638 et
2507 4582 2719 4639 recedet
2746 4582 3053 4638 convivium
3081 4582 3489 4637 luxuriantium.
3517 4582 3581 4641 S.
3609 4594 3668 4641 et

2096 4674 2369 4741 auferetur
2400 4675 2633 4730 societas
2658 4674 3143 4744 voluptuariorum.
3192 4673 3353 4739 LXX,
3401 4684 3455 4729 et
3494 4677 3664 4731 aufe-

2094 4774 2244 4820 retur
2268 4765 2511 4820 hinnitus
2537 4781 2801 4836 equorum
2832 4781 2898 4821 ex
2930 4764 3207 4835 Ephraim.
3244 4764 3366 4820 Val.
3406 4776 3461 4821 et
3498 4766 3667 4823 aufe~~

2096 4868 2247 4914 retur
2271 4856 2433 4911 factio
2455 4844 2874 4913 lascivientium.

2168 4950 2255 5002 11.
2283 4947 2348 5002 H.
2379 4946 2542 5014 Tace,
2567 4948 2694 5019 quia
2716 4965 2823 5004 non
2843 4950 2908 5004 ad
2928 4950 3337 5005 memorandum
3364 4949 3419 5004 in
3431 4951 3666 5005 nomine

2098 5038 2330 5092 Domini.
2360 5038 2425 5092 A.
2459 5038 2690 5104 Quiesce
2736 5041 2803 5095 ad
2858 5043 3265 5097 memorandum
3320 5043 3373 5096 in
3432 5042 3665 5098 nomine

2098 5128 2332 5184 Domini.
2357 5127 2414 5183 S.
2440 5128 2569 5191 Sile,
2601 5129 2725 5198 quia
2749 5144 2855 5183 non
2890 5139 2975 5185 est
3017 5132 3163 5199 quod
3203 5139 3531 5186 memoretur
3557 5148 3663 5187 no-

2097 5233 2221 5273 men
2243 5217 2476 5272 Domini.
2515 5217 2679 5283 LXX,
2716 5217 2879 5281 Tace,
2928 5227 2990 5274 ut
3026 5235 3135 5274 non
3179 5220 3427 5275 nomines
3456 5237 3659 5277 nomen

2099 5310 2332 5365 Domini.
2364 5310 2465 5363 Th.
2495 5310 2622 5379 quia
2651 5325 2758 5365 non
2791 5311 2857 5365 ad
2883 5312 3290 5366 memorandum
3319 5328 3513 5367 nomen
3545 5310 3662 5368 Do-

2099 5402 2255 5456 mini.
2289 5400 2408 5455 Vul.
2445 5399 2606 5468 Tace,
2661 5410 2713 5456 et
2766 5417 2870 5456 non
2938 5403 3235 5458 recorderis
3288 5404 3523 5459 nominis
3548 5403 3661 5458 Do-

2100 5508 2254 5547 mlnl.

2171 5605 2259 5661 15.
2309 5603 2373 5659 H.
2420 5621 2549 5659 num
2612 5605 2781 5661 arabit
2834 5603 2889 5660 in
2921 5606 3116 5663 bobus.
3165 5605 3228 5661 A.
3265 5606 3310 5662 si
3343 5606 3656 5662 arabitur...
