3826 6218
172 287 336 344 2965

174 406 242 461 Σ.
278 445 293 459 .
322 443 336 457 .
377 444 391 458 .
429 445 442 457 .
480 448 492 459 .
521 406 691 478 πέτρα
721 405 808 461 διὰ
842 406 998 478 βοῶν.
1029 408 1105 471 Ο’,
1156 409 1201 460 εἱ
1233 406 1751 478 παρασιωπήσανται

54 517 105 551 -ῑ
173 501 242 551 ὲν
272 498 536 569 θηλείαις.

100 578 103 583 Δ
171 604 299 653 Ἕτ
336 576 440 652 85L)
511 595 570 645 Σ.
610 595 840 664 ἀλόγως.
872 602 948 661 Ο’,
985 596 1071 650 ἐπ’
1104 596 1282 650 οὐδενὶ
1308 594 1471 667 λόγῳ.

172 774 406 826 mam
438 766 505 821 M-
575 768 651 834 0',
686 769 793 823 τῶν
824 770 1123 841 δυνάμεων.
1168 773 1412 835 Ἀλλος,
1460 769 1747 844 στρατιῶν.

176 923 376 999 ΝὩΗὩ
446 941 503 995 Σ.
529 942 637 996 ἀπὸ
664 942 886 996 εἰσόδου.
922 944 998 1009 Ο’,
1027 940 1121 997 τοῦ
1153 943 1228 1015 μὴ
1258 942 1537 998 εἰσελθεῖν.

175 1122 325 1173 nm
396 1113 473 1178 Ο’,
502 1113 699 1185 Αξμάε).
727 1116 950 1180 ’Ἄλλος
968 1156 983 1181 ,
1007 1116 1179 1187 χόλον.

176 1320 383 1374 mum
417 1294 623 1376 Sua-nt
704 1313 899 1368 Ἀ...
949 1314 1162 1384 ..τῆς
1196 1315 1420 1386 ὁμαλῆς.
1456 1316 1514 1372 Σ.
1557 1355 1573 1370 .
1616 1355 1630 1369 .
1673 1354 1691 1371 .
1731 1353 1748 1370 .

177 1406 292 1475 τῆς
332 1408 598 1472 πεδιάδος.
635 1410 711 1476 Ο’,
738 1410 841 1473 ἕως
872 1410 967 1464 τοῦ
1018 1412 1317 1485 χειμάρρου
1357 1411 1465 1465 τῶν
1508 1409 1748 1482 δυσμῶν.

178 1498 251 1553 Θ.
299 1540 314 1554 .
358 1541 372 1554 .
421 1540 435 1554 .
478 1541 491 1554 .
520 1502 618 1573 τῆς
658 1503 885 1575 Ἀρασᾶ.

1576 280 1763 338 AMOS
1792 280 2022 337 CAPUT
2060 280 2173 339 VII.

3273 284 3416 340 2966

1857 401 1958 456 S...
1993 411 2141 472 petra
2174 415 2269 472 per
2290 401 2477 457 boves.
2505 400 2666 467 LXX,
2711 400 2756 456 si
2796 400 3103 457 retieebunt
3161 403 3227 457 ad
3259 404 3416 456 femi-

1856 508 1974 548 nas.
2005 492 2127 547 Vul.
2162 502 2257 547 aut
2283 494 2428 547 arari
2460 502 2639 563 potest
2665 494 2719 547 in
2751 493 2982 548 bubalis.

1924 581 2088 636 Hebr.
2147 581 2201 635 in
2236 582 2387 635 nullo
2420 583 2607 635 verbo.
2672 581 2728 636 S.
2762 591 2983 638 temere.
3039 581 3202 649 LXX,
3255 596 3417 653 super

1855 671 2005 726 nullo
2035 672 2216 726 verbo.
2244 669 2372 725 an.
2404 672 2456 726 in
2488 674 2679 726 nihilo.
3154 694 3159 701 -

1925 762 2012 817 14.
2042 760 2175 817 Heb.
2231 762 2404 827 Alius,
2450 762 2569 818 Vul.
2631 764 2984 818 exercituum.
3036 763 3199 830 LXX,
3250 766 3419 819 virtu-

1857 862 1991 908 tum.

1926 943 2089 999 Hebr.
2136 942 2194 997 S.
2228 940 2351 999 ναι.
2379 942 2448 997 ab
2472 944 2721 998 introitu.
2761 943 2924 1011 LXX,
2948 953 3007 998 ut
3037 960 3143 999 non
3180 945 3416 999 introea-

1856 1038 1948 1093 tis.

1925 1128 1990 1183 H.
2026 1126 2273 1182 Ilamath.
2313 1124 2738 1193 LXX,1Emath.
2774 1127 2944 1192 Alius,
2971 1126 3413 1197 indignationem.

1856 1220 1979 1276 Vul.
2024 1220 2236 1275 Emath.

1924 1316 2090 1371 Hebr.
2118 1314 2242 1370 ναι.
2270 1330 2440 1385 usque
2471 1315 2537 1369 ad
2565 1322 2861 1369 torrentem
2900 1313 3123 1368 deserti.
3153 1314 3217 1365 A.
3243 1326 3415 1380 usque

1855 1406 1922 1461 ad
1955 1416 2248 1462 torrentem
2284 1407 2376 1474 qui
2403 1413 2485 1460 est
2518 1406 2571 1458 in
2591 1405 2836 1474 planitie.
2870 1403 2927 1457 S.
2952 1419 3122 1473 usque
3144 1405 3207 1457 ad
3226 1404 3416 1455 vallem

1856 1508 2234 1568 campestrem.
2276 1495 2440 1562 LXX,
2468 1512 2639 1566 usque
2672 1496 2737 1549 ad
2769 1504 3059 1550 torrentem
3089 1493 3413 1549 Occidentis.

1856 1592 1960 1645 Th.
1996 1605 2171 1661 usque
2194 1589 2263 1644 ad
2292 1599 2587 1643 torrentem
2610 1588 2786 1642 Araba
2824 1586 2917 1657 (αι.
2944 1586 3198 1657 Arabiae).

1050 1712 1223 1772 Notas
1248 1716 1309 1772 et
1341 1709 1530 1773 variae
1567 1709 1876 1772 lectiones
1895 1708 1972 1770 ad
1993 1722 2129 1783 cap.
2153 1705 2239 1767 VI
2270 1706 2487 1764 Amos.

258 1810 333 1885 Ϊ.
451 1812 555 1885 TA"
578 1813 628 1885 οξ
656 1813 1161 1885 ἀποκεχωρᾼισμὲνοι
1187 1823 1290 1871 etc.
1321 1815 1600 1870 Barberin.

261 1880 331 1955 Χ.
453 1883 537 1955 ξη,
561 1882 669 1955 τῶν
698 1880 1105 1955 μύρωνίιᾷόιη.

262 1950 334 2025 Χ.
452 1954 531 2025 E_.,
566 1953 663 2005 καὶ
688 1950 945 2025 ῥιεριαιρ-
974 1953 1139 2025 Idem.

257 2020 329 2074 ν.
359 2022 445 2077 II.
471 2022 658 2077 Trium
686 2020 945 2080 lectiones
977 2024 1154 2081 adfert
1179 2025 1320 2083 idem
1368 2024 1719 2079 Barberinus.

262 2092 332 2146 Υ.
358 2091 448 2146 15.
494 2093 599 2146 Ἀ..
627 2094 678 2146 εἰ
706 2095 905 2146 άοοτο-
939 2094 1106 2146 Idem.

359 2022 445 2077 II.
471 2022 658 2077 Trium
686 2022 945 2080 lectiones
977 2024 1106 2080 adfe:

358 2091 448 2147 I5.
494 2093 599 2161 ’A.,
627 2094 678 2146 εἰ
706 2095 905 2165 ἀροτρ-
939 2094 1106 2151 Idem.

1928 1811 2061 1865 Ibid.
2104 1810 2188 1871 Σ..
2224 1807 2453 1875 ἀλόγως.
2487 1805 2848 1876 Hieronymus

1928 1880 1995 1934 ν.
2039 1879 2124 1933 14.
2150 1871 2345 1944 Ἅλις
2383 1875 2647 1945 στρατιῶν
2678 1871 2706 1929 ς’
2734 1886 2785 1929 et
2823 1884 3006 1941 postea
3053 1876 3135 1933 Σ..
3171 1871 3278 1926 ἀπὸ
3303 1875 3417 1926 εἰσι

1857 1952 2000 2015 ὁδου,
2032 1948 2351 2016 deindeque,
2385 1948 2581 2009 Ἀλλ.,
2605 1946 2776 2015 χόλον.
2814 1946 3157 2016 Barberinus.

1931 2021 2063 2076 Ibid.
2100 2018 2208 2071 IIas
2237 2014 2453 2086 quoque
2500 2014 2973 2086 interpretationes
3007 2014 3198 2068 Latine
3245 2014 3418 2069 adfert

1861 2091 2221 2160 Hieronymus
2246 2084 2270 2140 ξ
2296 2084 2481 2142 Graece
2516 2084 2863 2154 imperfectas
2892 2085 3245 2140 Barberiuus.

1480 2229 1700 2292 AMOS
1724 2226 1982 2289 CAPUT
2020 2224 2155 2285 VII.

181 2342 283 2395 ω
432 2331 514 2385 Ἀ.
547 2330 802 2401 βοράδων.
826 2333 906 2397 Ο’,
932 2331 1185 2403 ἀκρίδων.

182 2491 353 2585 -ῥῃη
386 2513 463 2566 tu
496 2517 615 2565 -τῖκ
649 2490 913 2593 inﬂa-Tun
995 2507 1075 2561 Ἀ.
1116 2506 1221 2560 ἰδοὺ
1244 2506 1439 2577 δψιμος
1458 2505 1632 2559 ὀπίσω
1655 2504 1756 2576 τῆς

186 2598 373 2668 Γάζης
403 2596 683 2667 βασιλέως.
716 2599 792 2663 Ο’,
820 2598 928 2651 ἰδοὺ
964 2597 1192 2670 βροῦχος
1238 2593 1319 2662 εἷς
1369 2598 1493 2667 Γὼγ
1539 2598 1568 2650 ὁ
1605 2597 1759 2668 βασι-

185 2686 340 2752 λεύς.

186 2868 330 2945 ιρπν
368 2867 494 2949 mp?
532 2867 604 2919 ηε
637 2859 673 2914 2
746 2859 804 2914 Σ..
833 2860 919 2923 τίς
949 2851 1025 2913 ῶν
1067 2859 1190 2930 (sic)
1235 2859 1597 2932 ὑποστήσιται
1648 2861 1753 2915 Ἰα-

191 2952 333 3043 κῶϐ.
356 2950 434 3018 Ο’,
457 2951 542 3017 τίς
567 2953 858 3024 ἀναστήσει
876 2952 970 3006 τὸν
1007 2952 1216 3006 Ἰακώϐ.

189 3053 315 3103 mm
352 3054 465 3105 nn:
502 3043 537 3098 5
607 3044 669 3101 Σ.
702 3045 1020 3117 παρεκλήθη
1043 3044 1263 3115 Κύριος.
1292 3046 1368 3110 Ο’,
1402 3046 1747 3117 μετανόησον,

190 3134 391 3205 Κύριε.

190 3340 322 3420 εΠΡτ
359 3339 432 3393 ’ῃ
466 3333 502 3388 5
574 3332 631 3387 Σ.
662 3331 746 3396 τις
767 3326 841 3386 ῶν
864 3331 987 3404 (sic)
1006 3332 1390 3404 ὑποστήσεται.
1412 3335 1489 3400 0',
1512 3334 1597 3398 τις
1622 3336 1753 3390 ἀνα-

304 3440 407 3477 σει.

304 3440 407 3477 σει.

193 3425 312 3575 ῃ
339 3515 373 3571 6
454 3517 535 3571 Ἀ.
577 3518 977 3590 παρακλήθητι.
1009 3519 1084 3585 Ο’,
1115 3522 1457 3592 μετανοήσον.

198 3696 319 3747 7m
351 3697 477 3748 nam
512 3696 678 3749 urna
708 3700 780 3750 Π)
817 3690 848 3743 7
919 3692 976 3746 Σ.
1007 3694 1088 3746 ὅτι
1113 3693 1281 3765 ἐφάνη
1312 3694 1532 3767 Κύριος.
1560 3696 1637 3761 Ο’,
1657 3693 1752 3749 οὓ-

196 3797 305 3843 τως
322 3780 490 3847 ἔδειξε
530 3798 620 3853 μοι
648 3781 869 3855 Κύριος.
895 3783 958 3838 Θ.
992 3784 1099 3838 ἰδοὺ
1137 3785 1359 3840 Ἀδωνατ
1387 3789 1608 3859 Κύριος.

194 4049 303 4122 “pte
384 4043 463 4097 Ἃ.
502 4044 755 4113 γάνωσις.
784 4047 845 4102 Σ.
876 4047 952 4115 Ο’,
974 4048 1203 4120 ἀδάμας.
1229 4051 1291 4105 Θ.
1325 4053 1641 4123 τηκόμενον.

194 4314 345 4365 mm
376 4305 411 4361 9
481 4307 540 4360 Σ.
566 4307 633 4361 τὰ
659 4307 856 4379 ὑψηλά.
879 4310 956 4375 Ο’,
985 4309 1174 4382 βωμοί.

196 4407 325 4485 ἠενρ
362 4398 429 4454 10
514 4400 593 4457 Ἀ.
642 4400 948 4473 συνέδησεν.
989 4404 1047 4459 Σ.
1094 4405 1367 4462 ἀνέπισεν.
1393 4410 1411 4430 ⁶
1443 4408 1750 4481 ἀναταράσ-

200 4508 311 4546 σον.
339 4489 417 4557 Ο’,
444 4495 751 4564 συστροφὰς
775 4499 1023 4551 ποιεῖται.

193 4590 335 4665 ἾΡΌ
372 4582 438 4636 14
521 4583 599 4635 ’A.
632 4585 691 4640 Σ.
726 4585 787 4640 Θ.
811 4586 905 4640 καὶ
930 4587 1008 4654 E',
1053 4587 1325 4659 βουκόλος.
1360 4594 1438 4660 0’,
1468 4592 1712 4659 αῐπολος.

197 4774 403 4852 ῠνῠρω
431 4750 584 4828 ώτιπ
666 4768 747 4824 Ἀ.
782 4771 877 4825 καὶ
898 4772 1131 4843 ἐρευνῶν
1164 4775 1517 4847 συκομόρους.
1562 4777 1621 4830 Σ.
1658 4777 1754 4832 καὶ

199 4855 334 4926 ἔχων
362 4860 716 4931 συκομόρους.
760 4864 838 4928 Ο’,
864 4864 960 4917 καὶ
999 4863 1196 4931 κνίζων
1222 4867 1513 4939 συκάμινα.
1554 4868 1616 4926 Θ.
1659 4870 1751 4924 καὶ

200 4950 452 5019 χαρακῶν
485 4952 832 5025 συκαμίνους.

199 5135 352 5214 quan
385 5113 479 5189 N51
510 5128 579 5185 16
650 5130 708 5186 Σ.
749 5171 766 5188 .
807 5171 826 5189 .
864 5172 880 5187 .
926 5173 941 5189 .
984 5172 1000 5189 .
1042 5175 1058 5190 .
1100 5136 1291 5204 Ο’,καὶ
1316 5137 1378 5191 οὐ
1408 5138 1484 5211 μὴ
1512 5139 1750 5213 ὀχλαγω-

198 5223 428 5375 mc”
501 5316 561 5370 Σ.
599 5317 1043 5391 Μρνευθὴσεται.
1067 5323 1144 5387 0',
1177 5323 1483 5395 πορνεύσει.

1929 2324 1980 2375 1.
2016 2321 2152 2375 Heb.
2182 2318 2346 2385 LXX,
2379 2319 2733 2375 locustarum.
2759 2317 2821 2373 Δ.
2866 2317 3149 2373 boradum.
3182 2317 3305 2373 Vul.
3333 2317 3415 2374 lo-

1855 2421 2042 2468 custae.

1925 2504 1992 2558 H.
2019 2519 2145 2558 ecce
2170 2502 2333 2557 herba
2389 2500 2627 2557 serotina
2673 2508 2797 2570 post
2836 2500 3117 2558 tonsiones
3160 2502 3321 2573 regis.
3344 2501 3410 2558 A.

1854 2610 1979 2650 ecce
2007 2596 2278 2650 serotinus
2307 2602 2427 2662 post
2448 2591 2606 2647 Gazaa
2661 2608 2864 2663 regem.
2895 2590 3060 2658 LXX,
3109 2608 3234 2648 ecce
3287 2594 3414 2647 bru-

1854 2688 1992 2743 chus
2025 2703 2164 2742 unus
2191 2685 2306 2756 Gog
2335 2702 2449 2741 rex.
2480 2685 2605 2742 Vul.
2655 2702 2781 2743 ecce
2820 2687 3089 2741 serotinus
3140 2695 3265 2757 post
3289 2696 3414 2740 ton-

1854 2770 2064 2834 sionem
2103 2777 2269 2847 regis.

1922 2868 1977 2922 2.
2017 2868 2081 2922 H.
2113 2866 2277 2934 LXX,
2312 2865 2437 2923 Vul.
2468 2867 2588 2938 quis
2632 2866 2917 2923 suscitabit
2967 2866 3155 2923 Jacob.
3191 2865 3250 2922 S.
3288 2866 3412 2937 quis

1852 2975 1983 3031 ergo
2010 2959 2292 3016 Suscitabit
2325 2960 2509 3016 Iacob.

1924 3053 1979 3108 ὅ.
2008 3052 2073 3106 Η.
2104 3052 2357 3122 paenituit
2379 3052 2689 3107 Dominum.
2718 3052 2776 3108 S.
2810 3064 3096 3110 revocatus
3122 3062 3205 3109 cst
3231 3053 3414 3109 Domi-

1851 3160 1976 3199 nus.
2007 3142 2169 3212 LXX,
2204 3144 2461 3215 paeniteat
2499 3153 2552 3201 te
2572 3184 2587 3208 ,
2609 3144 2857 3201 Domine.
2895 3144 3020 3201 Vul.
3048 3147 3303 3201 misertus
3329 3158 3414 3202 est

1852 3234 2133 3290 Dominus.

1922 3327 1977 3381 5.
2004 3326 2070 3380 Η.
2098 3325 2258 3391 LXX,
2291 3324 2416 3381 Vul.
2467 3325 2592 3397 quis
2630 3325 2956 3382 suseitabit?
3008 3326 3065 3383 ὃ.
3091 3326 3215 3398 quis
3245 3328 3412 3399 igitur

1854 3417 2184 3474 suscitabit?

1921 3509 1974 3563 6.
2009 3508 2074 3562 Η.
2106 3508 2378 3579 paenituit.
2413 3506 2478 3561 A.
2521 3507 2795 3563 miserere.
2844 3505 3009 3574 LXX,
3038 3508 3300 3578 poeniteat
3337 3516 3407 3563 te.

1859 3596 1977 3652 Vul.
2013 3599 2269 3653 misertus
2303 3607 2404 3652 est.

1923 3693 1974 3747 7.
2003 3690 2068 3745 H.
2102 3691 2193 3746 Sic
2222 3691 2457 3745 ostendit
2483 3688 2639 3753 mihi,
2669 3698 2723 3743 et
2747 3703 2871 3743 ecce
2896 3687 3175 3745 Dominus.
3196 3689 3254 3744 S.
3273 3688 3411 3757 Quia

1850 3786 2000 3840 visus
2024 3791 2108 3839 est
2136 3782 2419 3837 Dominus.
2451 3780 2613 3847 LXX,
2657 3780 2748 3836 Sic
2791 3781 3025 3836 ostendit
3069 3782 3201 3835 mihi
3229 3782 3412 3837 Domi-

1850 3892 1971 3933 nus.
1995 3874 2099 3930 Th.
2132 3875 2268 3931 Ecce
2302 3875 2509 3929 Adonai
2545 3874 2828 3928 Dominus.
2852 3871 2978 3928 Vul.
3010 3872 3135 3929 Haec
3176 3875 3410 3930 ostendit

1851 3966 1984 4022 mihi
2017 3964 2310 4020 Dominus:
2337 3972 2391 4017 et
2421 3976 2545 4016 ecce
2572 3960 2853 4016 Dominus.

1923 4054 2085 4111 Hebr.
2120 4051 2582 4124 perpendiculum.
2632 4050 2696 4103 A.
2752 4059 3089 4106 stannatura.
3148 4050 3205 4107 S.
3239 4049 3406 4118 LXX,

1852 4146 2096 4202 adamas.
2136 4143 2240 4198 Th.
2286 4145 2613 4214 liquescens.
2671 4140 2895 4197 Hieron.
2953 4144 3251 4200 tabescens.
3283 4143 3408 4199 ναι.

1853 4239 2016 4294 trulla
2057 4237 2408 4293 caementarii.

1922 4328 1975 4382 9.
2011 4325 2077 4381 H.
2102 4327 2160 4381 S.
2186 4324 2309 4380 Vul.
2344 4325 2576 4381 excelsa.
2604 4322 2769 4391 LXX,
2795 4338 2923 4379 arae.

1925 4416 2011 4470 10.
2050 4416 2180 4471 Heb.
2208 4416 2530 4485 coniuravit.
2561 4416 2626 4470 Α.
2657 4414 2949 4486 colligavit.
2975 4412 3032 4468 S.
3055 4414 3407 4485 conspiravit.

1852 4509 2016 4575 LXX,
2052 4511 2499 4581 congregationes
2526 4509 2676 4565 facit.
2712 4508 2832 4563 Vul.
2857 4506 3157 4563 rebellavit.

1922 4602 2008 4655 M.
2038 4601 2171 4656 Heb.
2202 4600 2327 4655 Vul.
2358 4602 2737 4657 armentarius.
2776 4599 2841 4654 A.
2889 4598 2949 4654 S.
2980 4598 3084 4654 Th.
3133 4606 3189 4654 et
3220 4597 3280 4664 γ,
3310 4598 3409 4653 bu-

1852 4694 2067 4749 bulcus.
2091 4692 2255 4761 LXX,
2284 4695 2583 4764 caprarius.

1925 4782 1991 4837 H.
2018 4784 2082 4837 A.
2124 4791 2179 4837 et
2205 4792 2456 4837 scrutans
2483 4797 2817 4853 sycomoros.
2845 4780 2904 4839 S.
2932 4791 2987 4838 et
3019 4782 3222 4837 habens
3251 4794 3407 4851 syco-

1856 4887 2060 4927 moros.
2092 4870 2254 4939 LXX,
2279 4880 2334 4927 et
2377 4874 2577 4928 vellens
2621 4873 2917 4944 sycamina.
2960 4871 3063 4927 Th.
3092 4880 3147 4927 et
3180 4872 3404 4932 vallans,

1852 4965 1929 5019 vel
1952 4964 2096 5021 fossa
2127 4966 2377 5021 muniens
2436 4966 2733 5038 sycamina.
2768 4964 2891 5020 Vul.
2947 4965 3208 5019 vellicans
3249 4976 3405 5034 syco-

1854 5069 2056 5111 moros.

1927 5145 2014 5201 I6.
2054 5144 2187 5201 Heb.
2227 5144 2346 5201 Vul.
2374 5154 2428 5202 et
2456 5161 2564 5202 non
2599 5144 2856 5202 stillahis.
2890 5144 2947 5200 S.
2974 5153 3029 5201 et
3075 5160 3185 5200 non
3230 5146 3407 5200 incre-

1852 5234 2027 5307 pabis.
2059 5235 2222 5304 LXX,
2246 5244 2302 5291 et
2321 5253 2390 5293 ne
2427 5252 2720 5310 congreges
2741 5236 2947 5292 turbas.

1923 5328 2011 5382 17.
2034 5327 2170 5383 Heb.
2202 5327 2366 5395 LXX,
2397 5327 2520 5383 Vul.
2572 5328 2945 5384 fornicabitur.
3001 5324 3060 5380 S.
3094 5324 3408 5382 fornicatio-

1850 5434 1974 5476 nem
1996 5419 2251 5490 patietur.

1025 5526 1201 5588 Notas
1231 5531 1291 5587 et
1322 5524 1509 5589 varia;
1555 5524 1863 5595 lectiones
1885 5532 1965 5595 ad
1997 5548 2133 5612 cap.
2168 5533 2283 5595 Vll
2317 5512 2533 5596 Amos.

438 5617 568 5695 -ξᾼη
593 5620 845 5695 βοράδων.
879 5624 1225 5683 Barherinus.

261 5683 396 5741 Ibid.
436 5683 705 5749 Hieron.':
742 5713 761 5741 ι
788 5693 925 5763 Quid
959 5707 1138 5754 autem
1176 5697 1407 5756 voluerit
1440 5697 1633 5770 Aquila
1654 5701 1740 5758 di-

1847 5649 1970 5708 cere
2005 5651 2177 5708 ξέσσε
2216 5638 2476 5708 serotini“
2518 5632 2835 5708 posthGazw
2872 5653 3082 5707 regem;
3112 5652 3232 5694 cum
3259 5637 3401 5694 Gaza

1845 5706 2010 5762 verbo
2038 5704 2300 5765 Hebraico
2323 5706 2465 5764 AZA
2499 5704 2813 5780 appelletur,
2836 5704 2948 5766 non
2974 5711 3107 5769 satis
3136 5709 3402 5782 intelligo,
