3826 6218
451 280 592 338 2967

454 393 557 447 nisi
601 389 736 445 forte
763 388 941 459 ipsum
965 402 1270 445 sermonem
1304 386 1461 445 GOZl
1496 388 1715 459 posuit;
1748 394 1803 459 et
1828 387 2013 453 paula-

456 463 551 515 tim
580 462 631 514 in
675 457 875 516 Gazam
906 476 1091 514 errore
1134 471 1421 529 corruptus
1466 468 1568 514 est.
1603 478 1621 510 ι
1662 457 1907 529 [Barlier.
1945 461 2016 510 ita

454 532 615 585 habet
644 548 656 582 :
711 532 823 593 ’A.,
855 531 1066 600 ὸψίμως
1099 530 1269 600 (εονο)
1297 526 1482 583 “ὀπίσω
1519 530 1617 600 τῆς
1653 526 1828 597 γάζης
1863 526 2017 596 βασι-

452 601 607 670 λέῳς.
637 601 853 670 Absque
882 599 1008 670 ἰδού.
1040 599 1272 670 Druqu

528 669 587 724 V.
617 672 670 724 2.
706 665 787 732 Σ.,
811 670 894 732 τίς
915 669 990 724 ὧν
1019 687 1116 739 pro
1138 670 1223 732 τίς
1250 665 1341 724 οὖν
1360 666 2019 739 etc.Lectiones_s_e_quen-

453 750 534 794 tes
567 757 737 810 usque
763 742 829 794 ad
857 734 1073 794 versum
1098 740 1127 791 7
1162 740 1331 810 liabet
1366 738 1714 810 Barberinus.
1763 734 1881 808 [Τίς
1911 750 2018 788 non

456 808 727 879 legitur‘in
752 810 876 865 cod.
905 810 1125 863 Bai-her.
1159 808 1388 879 bluam]

523 872 588 932 ν.
622 880 671 934 7.
704 880 924 934 Ilieron.
957 896 970 932 :
1005 897 1023 930 ε
1061 872 1388 949 Priusquam
1432 878 1497 933 de
1523 875 1804 949 adamante
1836 872 2016 949 disse-

452 964 662 1019 ramus,
699 966 859 1019 quem
892 949 950 1003 8.
996 958 1050 1003 et
1084 943 1347 1019 LXX-pro
1368 964 1443 1001 eo.
1470 947 1611 1015 quod
1633 945 1700 1019 in
1752 943 2017 1019 llebraico

454 1017 681 1072 ENACH
714 1015 975 1089 scriptum
1027 1029 1113 1073 est
1161 1015 1573 1089 transtulerunt,
1614 1015 1898 1089 dicendum
1931 1023 2017 1089 est

454 1089 707 1153 breviter,
736 1083 879 1159 quod
908 1090 1008 1143 hoc
1037 1091 1259 1144 verbum
1291 1091 1379 1151 Α..
1413 1088 1667 1159 γάνῳσιν.
1701 1084 1826 1147 Th.,
1852 1083 2015 1151 τηκό-

457 1175 619 1226 μενον
642 1157 976 1227 intci'pretati
1014 1169 1140 1214 sunt
1179 1176 1192 1211 :
1223 1174 1453 1228 quorum
1485 1157 2016 1228 alterurn_stannatu-

455 1223 593 1291 ram,
630 1223 861 1283 alterum
906 1223 1261 1282 tabescentem
1289 1229 1577 1296 signilicat.
1628 1247 1645 1275 ι
1698 1223 1797 1278 Hic
1837 1234 2013 1277 autem

452 1297 574 1352 loco
596 1300 688 1352 τοῦ
715 1300 969 1367 γάνωσιν,
999 1300 1144 1368 quod
1178 1300 1416 1353 restituit
1444 1296 1789 1368 Martianaaus
1813 1302 2014 1357 noster,

453 1376 663 1423 veteres
693 1364 821 1423 editi
872 1364 1136 1423 habebant
1164 1369 1480 1435 ἀλείψωσιν.
1517 1364 1846 1435 Barberinus
1888 1377 2016 1435 vero

455 1436 736 1492 lectionem
796 1440 942 1493 illam
994 1441 1229 1508 γάνωσις
1275 1431 1463 1492 tribuit
1513 1434 1860 1508 Symmacho.
1902 1431 2015 1503 [Bis

454 1519 731 1587 comparet
760 1525 871 1589 vox_
891 1505 1085 1590 3min
1110 1521 1297 1589 nostro
1328 1505 1723 1590 versu.ITrium
1756 1505 2017 1590 interpre:

455 1575 710 1642 tationes,
737 1588 795 1633 ut
823 1575 1054 1643 videtur,
1091 1578 1358 1647 pertinent
1382 1579 1449 1632 ad
1482 1576 1712 1632 alterum
1760 1575 1905 1643 quod
1932 1579 2018 1627 est

456 1648 509 1700 in
530 1663 662 1720 casu
686 1659 853 1720 recto.
895 1646 1120 1720 Datim]

530 1715 589 1769 V.
621 1720 672 1772 9.
697 1719 779 1786 2.,
805 1719 872 1772 τά
898 1715 1400 1790 ὑψηλάῘΒπῢθῐίιι.

1478 270 1952 330 HEXAPLORUM
1992 270 2156 339 QUAS
2200 269 2279 326 SU
2292 265 2634 325 PERSUNT.

3538 257 3680 312 2968

2190 385 2254 439 V.
2299 386 2385 440 l0.
2449 386 2553 451 ’A.,
2601 380 2911 449 συνέδησεν.
2969 375 3186 451 Barber.
3245 371 3444 451 Lectio
3496 383 3676 425 autem

2121 456 2429 513 Svmmaclii
2450 442 2701 523 corrupta
2721 442 2912 523 dupleit
2935 449 3195 523 adfertur,
3222 445 3314 498 sed
3338 442 3512 523 ambae
3528 457 3680 522 eque

2119 526 2250 581 vitio
2286 528 2554 580 laborant.
2598 521 2833 577 Primam
2883 521 3159 580 άνὲπισεν,
3214 526 3340 583 puto
3387 521 3470 567 sic
3519 521 3666 564 resti-

2119 597 2370 650 tuendam
2424 594 2699 663 ἀνέδησεν.
2754 590 2889 644 Nam
2943 589 3033 642 ille
3074 586 3295 641 verbum
3340 592 3474 667 ﬁmp
3504 583 3680 635 'vertit

2117 685 2244 739 alibi
2274 684 2492 737 ἐνδέειν.
2527 681 2831 737 Secundum
2859 676 3232 747 ἀναταράσσον
3262 680 3557 744 potuerunt
3590 667 3679 721 Li-

2117 755 2283 809 brarii
2316 767 2514 823 ponere
2560 767 2657 821 pro
2687 752 2920 819 ἁντῇρεν
2950 766 2963 803 :
2998 745 3124 800 nam
3175 745 3263 799 ille
3311 754 3443 822 ηωρ
3480 755 3676 794 nomen

2115 846 2277 898 vertit
2299 845 2575 915 ἄνταρσις.
2604 840 2717 896 Hoc
2747 839 3075 909 conjecturae
3127 842 3339 891 tantum
3371 835 3489 887 loco
3522 827 3682 901 poni-

2116 930 2259 1039 m‘lfs.’
2288 984 2372 1037 14.
2428 981 2827 1051 Hieronymus:
2861 998 2880 1051 ᾳ
2913 978 3017 1051 Pro
3057 976 3397 1051 ar_uientari_q,
3442 971 3536 1051 qui
3560 969 3673 1051 “He-

2114 1054 2295 1109 braice
2325 1054 2524 1117 dicitur
2561 1040 2805 1116 BGCER,
2844 1049 2936 1114 A.,
2983 1050 3064 1111 8.,
3095 1046 3198 1101 Th.
3241 1056 3292 1099 et
3336 1044 3372 1095 V
3400 1040 3510 1106 edl,
3555 1040 3679 1109 βου-

2116 1124 2271 1177 κόλον
2299 1124 2713 1186 transtulerunt,
2744 1120 2836 1190 qui
2885 1128 3127 1173 armenta
3162 1117 3352 1187 pascit,
3382 1130 3488 1168 non
3522 1127 3678 1165 oves.

2118 1193 2229 1247 Soli
2268 1192 2406 1247 LXX
2430 1192 2648 1245 αἰπόλον
2687 1192 2961 1245 dixerunt.
3006 1207 3024 1238 ι

2186 1262 2317 1318 Ibid.
2360 1265 2463 1325 Ἀ..
2494 1264 2587 1315 καὶ
2623 1260 2869 1331 ἐρευνῶν
2891 1258 3135 1331 etc,__llas
3180 1254 3437 1310 lectiones
3491 1252 3681 1306 Graece

2115 1335 2290 1389 adfert
2325 1328 2726 1393 Theodoretus,
2756 1329 2947 1383 Latine
2979 1328 3355 1396 Hieronymus.

2186 1403 2251 1459 ν.
2287 1404 2373 1457 16.
2406 1402 2489 1465 8.,
2513 1412 2563 1456 et
2596 1417 2699 1455 non
2729 1399 3042 1468 increpabis.
3082 1396 3462 1464 Hieronymus.

2190 1494 2250 1547 V.
2280 1494 2367 1548 l7.
2406 1493 2766 1563 Hieronymus
2798 1508 2810 1543 :
2847 1510 2867 1543 ι
2897 1487 3279 1563 [aruit-obitur,
3315 1485 3455 1553 quod
3481 1482 3680 1563 melius

2115 1567 2501 1634 interpretatus
2526 1553 2711 1627 est'S.,
2742 1553 3168 1634 πορνευθήσεται
3203 1572 3216 1607 :
3242 1570 3347 1634 non
3378 1553 3523 1634 quod
3560 1553 3677 1620 ipsa

2120 1624 2449 1698 fornicetur,
2481 1634 2573 1689 sed
2614 1624 2756 1702 quod
2804 1624 3019 1702 passivo
3062 1642 3258 1695 genere
3285 1625 3352 1679 ab
3388 1624 3513 1679 aliis
3547 1638 3681 1677 con-

2123 1716 2365 1777 Stuprata
2396 1701 2662 1761 sustineat
2696 1701 3130 1758 fornicationem.
3167 1715 3187 1749 ι

1629 1946 1849 2009 ΑΜο8
1892 1942 2146 2006 CAPUT
2202 1937 2371 1999 VIII.
2424 1927 2428 1930 6

454 2063 559 2139 ντρ
595 2032 719 2113 :1"):
752 2053 779 2108 1
856 2051 916 2107 Σ.
965 2048 1197 2113 κάλαθος
1243 2047 1482 2121 ὀπώρας.
1532 2051 1609 2114 0',
1656 2048 1822 2117 ἄγγος
1876 2047 2019 2115 ἰξευ-

453 2167 570 2203 του.

454 2249 635 2302 τηηνιιν
669 2222 861 2299 1L)le
892 2239 926 2293 '5
996 2239 1055 2292 Σ.
1091 2238 1187 2294 καὶ
1204 2239 1548 2305 ὸλολύξουσιν
1574 2237 1630 2292 αἱ
1649 2234 1805 2308 ᾠδαί.
1828 2234 1905 2299 Ο¹,
1927 2230 2021 2284 καὶ

456 2330 693 2394 ὀλολύξει
722 2329 791 2383 τὰ
818 2328 1177 2400 φατνώματα.

454 2404 664 2481 mrah
690 2423 725 2476 4
798 2425 875 2487 0',
911 2423 1002 2475 καὶ
1023 2418 1595 2481 καταδυναστεύοντες.
1618 2417 1682 2472 Θ.
1720 2415 1957 2478 λύοντες.

454 2586 535 2633 ηε
566 2564 709 2635 bam
742 2573 776 2629 6
848 2572 926 2639 οι,
950 2573 1169 2629 nunc.
1185 2572 1384 2637 παντὸς
1407 2574 1762 2647 γεννήματος.
1781 2574 2016 2641 Ἄλλος,

457 2668 637 2736 πάσης
674 2668 947 2737 πράσεως.

456 2847 584 2898 κω
622 2837 682 2891 ll
773 2837 852 2892 ’A.
878 2836 939 2891 ο.
973 2837 1049 2905 οι,
1084 2837 1262 2910 δίψαν.

454 2938 676 2989 manu:
716 2928 775 2984 14
851 2930 928 2996 0',
964 2928 1106 2985 κατὰ
1154 2930 1248 2985 τοῦ
1280 2930 1530 3003 ἱλασμοῦ.
1584 2932 1822 3001 Ἄλλος,
1864 2936 1923 2989 ὲν
1950 2937 2018 3008 τῇ

457 3019 823 3093 πλημμελείᾳ.

2182 2040 2235 2093 1.
2266 2038 2401 2093 Heb.
2428 2035 2726 2091 canistrum
2755 2030 2980 2087 astatis.
3024 2030 3084 2085 8.
3137 2026 3385 2083 calathus
3411 2024 3679 2078 autumni.

2117 2132 2291 2199 LXX,
2322 2146 2419 2186 vas
2450 2126 2695 2198 aucupis.
2725 2124 2847 2180 Vul.
2874 2123 3107 2179 uncinus
3134 2134 3443 2187 pomorum.

2184 2224 2237 2277 5.
2271 2222 2337 2277 Η.
2377 2219 2434 2275 8.
2459 2230 2513 2273 et
2538 2216 2827 2273 ululabunt
2856 2213 3085 2269 cantica.
3115 2207 3280 2272 LXX,
3310 2218 3365 2262 et
3398 2205 3679 2260 ululabunt

2114 2312 2417 2384 laquearia.
2445 2309 2570 2363 Vul.
2606 2318 2660 2364 et
2687 2308 2991 2363 stridebunt
3010 2302 3279 2359 cardines.

2193 2406 2247 2460 4.
2282 2404 2348 2459 Η.
2380 2415 2434 2461 et
2463 2403 2529 2459 ad
2556 2401 2899 2457 abolendum.
2926 2395 3157 2463 LXX,et
3175 2394 3560 2465 opprimentes.
3580 2386 3678 2441 Th.

2122 2500 2413 2554 solventes.
2440 2496 2564 2550 Vul.
2589 2495 2818 2549 deiicere
2855 2491 3049 2547 facitis.

2192 2586 2247 2640 6.
2270 2584 2335 2638 H.
2360 2593 2412 2638 et
2436 2583 2597 2637 labile
2623 2581 2902 2636 frumenti.
2926 2577 3089 2643 LXX,
3124 2586 3176 2632 et
3209 2576 3277 2631 de
3330 2571 3483 2628 omni
3533 2567 3680 2639 geni-

2124 2673 2292 2726 mine.
2327 2672 2501 2735 Alius,
2538 2674 2601 2725 de
2632 2671 2780 2725 omni
2810 2668 3137 2725 venditione.
3186 2664 3307 2720 ναι.
3343 2671 3401 2718 et
3444 2658 3684 2731 quisqui-

2122 2764 2225 2819 lias
2254 2763 2534 2818 frumenti.

2195 2852 2283 2907 11.
2319 2851 2384 2906 H.
2417 2853 2486 2906 A.
2521 2850 2684 2917 LXX,
2710 2850 2810 2905 Th.
2837 2849 2958 2904 Vul.
2987 2850 3153 2905 sitim.

2196 2945 2284 2999 14.
2310 2944 2475 2999 Hebr.
2503 2945 2678 3011 Alius,
2717 2943 2835 2999 Vul.
2872 2944 2924 2998 in
2956 2944 3169 2998 delicto.
3199 2939 3361 3004 LXX.
3417 2955 3516 3010 per
3558 2954 3681 3009 pro-

2119 3035 2478 3107 piliationem.

1237 3166 1416 3227 Notae
1468 3172 1530 3226 et
1554 3165 1749 3229 variat
1794 3165 2110 3231 lectiones
2138 3172 2215 3232 ad
2248 3188 2386 3250 cap.
2416 3170 2564 3233 Vill
2605 3174 2819 3232 Amos.

664 3305 679 3319 .
713 3266 796 3331 2.,
826 3265 1057 3330 κάλαθος
1078 3266 1178 3321 ὀπσ
1217 3266 1572 3327 Barberinus.

666 3377 679 3390 .
720 3337 804 3402 2.,
837 3338 929 3389 καὶ
951 3338 1286 3404 ὀλολύξουσιν
1310 3347 1416 3393 etc.
1441 3338 1605 3394 Idem.

619 3405 673 3460 4.
701 3407 787 3471 Θ.,
818 3406 1054 3471 λύοντες.
1084 3408 1251 3464 Idem.

578 3516 595 3532 .
619 3475 672 3531 6.
715 3478 956 3544 Ἄλλος,
980 3478 1158 3550 πάσης
1184 3478 1459 3551 πράσεως.
1488 3475 1654 3533 ldem.
1680 3478 1777 3534 Ms.
1799 3477 1913 3536 Jes.

2189 3273 2255 3329 V.
2284 3275 2370 3328 ll.
2416 3276 2522 3341 ’A.,
2545 3276 2633 3341 8.,
2662 3276 2838 3346 δίψαν.
2872 3273 2997 3337 Mss.
3022 3274 3115 3346 qui
3137 3275 3299 3330 etiam
3329 3274 3383 3327 in
3412 3272 3549 3326 LXX
3584 3273 3683 3327 ha-

2117 3343 2245 3414 bent
2270 3345 2439 3414 δίψος.

2195 3413 2253 3467 ν.
2291 3413 2376 3469 ll.
2410 3417 2656 3482 Ἄλλος,
2686 3417 2742 3469 ὲν
2770 3418 2836 3486 τῇ
2876 3414 3240 3487 πλημμελείᾳ.
3274 3414 3627 3468 Barberinus.

1761 3680 1984 3743 AMOS
2029 3681 2284 3744 CAPUT
2336 3680 2448 3741 IX.

457 3782 672 3837 quam
703 3776 730 3831 1
807 3777 868 3831 Σ.
917 3776 1254 3850 οἰκοδόμημα
1291 3779 1619 3852 ἱλαστήριον.
1669 3779 1747 3845 0',
1801 3781 2021 3854 ἱλαστή-

463 3885 595 3940 ριον.

458 3966 656 4047 upupa
687 3958 723 4014 5
792 3960 869 4024 0’,
892 3959 971 4023 είς
990 3958 1059 4013 τὰ
1095 3959 1255 4031 βάθη.
1294 3961 1536 4028 Ἀλλος,
1567 3964 1647 4026 εἰς
1675 3963 1743 4017 τά
1775 3963 2019 4035 θεμέλια.

458 4147 646 4199 1mm
674 4137 707 4192 6
772 4140 838 4192 Ol
866 4140 1084 4203 λοιποὶ,
1122 4140 1216 4194 καὶ
1233 4140 1331 4214 τὴν
1350 4141 1554 4214 δέσμην
1591 4143 1781 4199 αὐτοῦ.
1821 4146 1901 4212 0',
1924 4145 2020 4199 καὶ

459 4232 559 4300 τὴν
598 4229 925 4299 ἐπαγγελίαν
958 4231 1149 4287 αὑτοῦ.

615 4305 750 4381 ΝῚΒΠ
784 4321 815 4376 Ἰ
900 4322 980 4377 ’A.
1008 4322 1067 4378 2.
1096 4324 1229 4397 μήτι
1261 4325 1363 4398 οὐχ
1395 4326 1472 4392 ὡς
1506 4326 1630 4385 υἱοί.
1675 4332 1756 4396 0⁸,
1800 4328 1900 4403 οὐχ
1933 4329 2013 4395 ὡς

462 4429 516 4465 υι
572 4451 588 4465 .

462 4429 588 4467 υιοι.

454 4485 760 4567 Sami-na
780 4487 911 4566 κη’τι
957 4505 1042 4564 Ἀ.
1073 4506 1203 4580 μήτι
1229 4507 1290 4561 ού
1315 4508 1406 4563 τὸν
1447 4510 1677 4583 Ἰσραήλ.
1710 4512 1769 4568 Σ.
1801 4511 1875 4583 μὴ
1901 4512 2022 4583 οὐχὶ

459 4598 551 4650 τὸν
589 4599 822 4671 Ἰσραήλ.
850 4602 928 4664 Ο’,
958 4601 1018 4655 ού
1047 4600 1140 4655 τὸν
1180 4602 1415 4674 Ἰσραήλ.

459 4696 682 4750 ἾῈἘΏὩ
766 4690 845 4743 Ἀ.
878 4689 986 4743 ἀπὸ
1013 4694 1030 4714 ‘
1056 4691 1238 4763 Καρά.
1271 4694 1348 4758 0',
1384 4693 1450 4746 ἐκ
1475 4692 1890 4757 Καππαδοκίας.

460 4868 613 4946 ἿΊΡὩ
695 4860 774 4913 Ἀ.
820 4861 895 4915 Ε’.
924 4860 1032 4915 ἀπὸ
1059 4863 1215 4935 Κείρ.
1261 4865 1321 4919 Σ.
1359 4864 1468 4919 ἀπὸ
1513 4866 1792 4939 Κυρήνης.
1837 4868 1914 4934 0’,
1956 4867 2022 4921 ὲκ

463 4949 673 5023 βόθρου.
707 4952 770 5005 Θ.
804 4955 868 5006 ὲκ
894 4952 989 5007 τοῦ
1017 4954 1221 5025 τοίχου.

460 5050 669 5109 mnu-t1
704 5045 738 5099 9
821 5044 900 5099 Ἀ.
932 5044 992 5100 Σ.
1025 5045 1119 5099 καὶ
1139 5045 1417 5101 κοσκινιῶ.
1447 5050 1523 5113 0',
1558 5048 1652 5102 καὶ
1675 5047 1949 5121 λικμήσω.

459 5232 645 5281 mna:
727 5222 805 5301 Ἃ.
834 5222 892 5276 Σ.
922 5222 981 5301 ὲν
1004 5220 1082 5293 τῷ
1106 5224 1361 5294 κοσκίνῳ.
1397 5198 1480 5291 Ο¹,
1517 5228 1575 5280 ὲν
1604 5228 1684 5299 τῷ
1712 5228 1913 5301 λικμῷ.

458 5321 584 5397 γηκ
617 5321 758 5371 ἾῚἾΣ
792 5297 1015 5374 55"8'71
1098 5315 1178 5368 Ἀ.
1217 5315 1311 5370 καὶ
1347 5317 1446 5370 οὐκ
1484 5297 1893 5389 ἐμπεσεῖταιδὲ
1920 5321 2025 5392 ψη-

463 5403 582 5471 φίον
602 5404 694 5455 ἐπὶ
724 5403 822 5476 τὴν
851 5405 971 5474 γῆν.
1002 5407 1079 5471 Ο’,
1105 5407 1200 5459 καὶ
1218 5408 1279 5460 ού
1313 5408 1388 5479 μὴ
1416 5409 1558 5482 πέσῃ
1592 5410 1904 5484 σύντριμμα
1932 5414 2025 5466 ἐπὶ

460 5497 559 5550 τὴν
592 5497 715 5550 γῆν.

460 5511 492 5546 τ
531 5512 559 5547 ν
630 5497 715 5550 ’ν.

460 5494 723 5648 ΏΞἾΤῖηΠ
794 5593 871 5655 0',
904 5588 1130 5661 ἀμητός.
1169 5592 1402 5660 Ἄλλος,
1445 5592 1689 5666 ἀλοητός.

2200 3784 2252 3837 1.
2285 3782 2422 3837 Heb.
2447 3782 2794 3853 sphaerulam.
2827 3779 2885 3835 S.
2910 3778 3193 3834 aidiflcium
3227 3778 3683 3847 propitiatorium.

2128 3872 2293 3938 LXX,
2318 3872 2767 3943 propitiatorium.
2803 3869 2927 3924 Vul.
2962 3870 3256 3923 cardinem.

2201 3966 2254 4018 5.
2280 3963 2345 4019 Η.
2375 3965 2430 4018 in
2459 3964 2786 4035 pavimento.
2818 3960 2984 4027 LXX,
3025 3961 3078 4014 in
3118 3959 3401 4031 profunda.
3428 3960 3605 4022 Alius,
3633 3959 3689 4012 in

2125 4057 2496 4113 fundamenta.
2524 4054 2651 4110 Vul.
2681 4055 2735 4109 in
2766 4053 3054 4124 profundo.

2195 4148 2249 4203 6.
2280 4147 2442 4202 Hebr.
2466 4146 2692 4216 Reliqui,
2719 4144 2844 4199 ναι.
2874 4153 2928 4199 et
2945 4142 3264 4199 fasciculum
3285 4156 3464 4197 suum.
3515 4139 3687 4209 LXX,

2123 4249 2178 4297 et
2199 4239 2614 4307 promissionem
2642 4252 2821 4292 suam.

2197 4331 2249 4386 7.
2277 4330 2440 4385 Hebr.
2460 4326 2622 4393 LXX,
2645 4327 2835 4383 Nonne
2862 4329 3003 4384 sicut
3027 4327 3165 4382 ﬁlii?
3189 4328 3253 4381 A.
3282 4325 3339 4382 S.
3360 4325 3479 4382 Vul.
3506 4326 3691 4382 Num-

2125 4423 2253 4493 quid
2287 4437 2395 4477 non
2433 4432 2492 4477 ut
2521 4421 2651 4476 ﬁlii?

2152 4526 2155 4535 '
2188 4514 2320 4571 Heb.
2351 4514 2409 4570 S.
2436 4513 2601 4584 LXX,
2623 4528 2801 4571 nonne
2826 4512 3022 4568 Israel?
3046 4511 3109 4566 A.
3140 4510 3264 4566 Vul.
3285 4512 3548 4581 numquid
3576 4527 3689 4566 non

2120 4607 2290 4664 Israel
2310 4607 2334 4661 ?

2191 4700 2259 4754 Η.
2287 4700 2354 4755 de
2383 4699 2713 4770 Chaphtltor.
2769 4698 2835 4753 A.
2889 4699 2956 4754 de
2983 4698 3180 4754 ‘Cara.
3240 4695 3401 4763 LXX,
3446 4696 3580 4751 Vul.
3622 4700 3691 4754 de

2120 4791 2478 4860 Cappadocia.

2192 4876 2325 4932 Heb.
2356 4877 2421 4933 Α.
2452 4876 2517 4932 ν.
2546 4878 2613 4933 de
2639 4879 2760 4932 Kir.
2787 4878 2846 4933 S.
2876 4878 2943 4933 de
2973 4872 3200 4949 Cyrene.
3226 4876 3387 4942 LXX,
3408 4878 3472 4933 de
3500 4876 3687 4935 fovea.

2122 4966 2226 5023 Th.
2261 4970 2328 5024 de
2365 4970 2588 5040 pariete.
2617 4971 2741 5025 Vul.
2768 4970 2833 5025 de
2858 4969 3085 5042 Cyrene.

2192 5060 2245 5115 9.
2277 5059 2343 5114 H.
2372 5061 2437 5115 A.
2471 5059 2527 5116 S.
2559 5072 2613 5117 et
2631 5062 2897 5118 cribrabo.
2929 5061 3092 5127 LXX,
3114 5075 3167 5117 et
3191 5062 3617 5121 ventilabo.Vul.
3639 5074 3690 5119 et

2122 5152 2370 5207 concutia
2380 5168 2451 5206 ιιι.

2196 5242 2332 5298 Heb.
2360 5245 2425 5298 A.
2460 5244 2518 5299 8.
2552 5245 2677 5300 Vul.
2713 5245 2766 5299 in
2791 5245 2994 5301 cribro.
3028 5245 3189 5310 LXX,
3221 5246 3275 5301 in
3300 5247 3637 5303 ventilabro.

2193 5331 2357 5387 Hebr.
2388 5336 2454 5388 Α.
2480 5333 2604 5389 Vul.
2640 5346 2693 5391 et
2752 5351 2861 5391 non
2897 5337 3051 5391 cadet
3096 5337 3310 5407 lapillus
3354 5352 3515 5406 super
3574 5348 3686 5393 ter-

2124 5436 2264 5477 ram.
2299 5420 2460 5487 LXX,
2486 5432 2539 5479 et
2561 5440 2667 5478 non
2695 5425 2849 5481 cadet
2872 5426 3125 5482 contritio
3158 5442 3319 5496 super
3352 5436 3577 5481 terram.

2082 5612 2085 5613 '
2200 5596 2285 5648 15.
2319 5596 2449 5651 Heb.
2488 5596 2607 5653 Vul.
2638 5609 2834 5656 arator.
2889 5598 3053 5671 LXX,
3086 5601 3296 5658 messis.
3360 5602 3532 5669 Alius,
3583 5601 3687 5657 tri-

2129 5697 2269 5742 tura.
