3826 6218
459 251 603 307 2075

1542 244 2013 303 HEXAPLORUM
2050 243 2219 312 QUAE
2262 244 2691 304 SUPERSUNT.

3559 251 3695 307 2976

1666 360 2023 426 MICHIEIE
2080 360 2337 421 CAPUT
2390 362 2469 422 II.

453 474 538 526 ’τι
577 468 601 520 1
692 466 769 521 ’A.
794 468 853 522 Σ.
879 468 1017 525 οὐαί.
1047 469 1125 534 Ο¹,
1151 467 1414 536 ἐγένοντο.

453 569 553 619 στ’
825 569 878 619 ’3
962 561 1039 614 Ἀ.
1076 560 1210 612 διότι
1243 557 1459 629 ἰσχυρὸν
1497 558 1615 627 χεὶρ
1639 556 1822 612 αὑτοῦ.
1859 556 1917 609 Σ.
1944 556 2027 607 ὅτι

458 653 640 720 ἴσχυεν
684 654 717 721 ἡ
768 652 889 722 χεὶρ
936 652 1122 708 αὑτοῦ.
1152 651 1231 717 Ο¹,
1262 652 1394 705 διότι
1447 650 1546 704 οὐκ
1574 647 1714 723 ᾖραν
1770 648 1906 717 πρὸς
1934 647 2027 700 τὸν

455 742 588 796 Θεὸν
617 746 806 817 χεῖρας
829 744 1029 799 αὐτῶν.

453 996 630 1072 m5:
662 1020 750 1074 λον
788 996 861 1071 κ’)
895 994 1037 1071 τὴκὸ
1076 994 1343 1071 ἽΞἿὈτἿιι)
1380 1017 1559 1096 rem:
1597 995 1883 1071 Even-5n
1921 1010 1954 1065 6

454 1112 647 1161 ἾῚΰκη
730 1102 809 1155 ’A.
863 1101 937 1172 μὴ
976 1100 1264 1164 σταλάςετε
1311 1099 1696 1164 σταλάζοντες,
1736 1100 1797 1154 οὐ
1829 1098 2028 1155 σταλά-

456 1191 578 1257 ζετε
608 1194 687 1255 εἰς
715 1192 955 1257 τούτους,
992 1193 1053 1245 οὐ
1086 1190 1374 1261 καταλήψῃ
1404 1190 1671 1261 ὲντροπὰς
1690 1193 1718 1244 6
1747 1191 1940 1260 λέγων.
1963 1194 2024 1247 Σ.

458 1284 533 1355 μὴ
558 1286 844 1355 ἐπιτιμᾶτε
882 1285 975 1337 ἑὰν
1003 1285 1383 1355 ὲπιτιμήσητε,
1427 1284 1527 1335 οὐκ
1569 1284 1930 1355 ἐπιτιμῶντες
1963 1287 2025 1339 οὐ

456 1376 653 1430 κωλύει
680 1377 1110 1446 καταισχυμμος.
1145 1375 1222 1439 0',
1260 1373 1333 1444 μὴ
1368 1372 1581 1427 κλαίετε
1605 1375 1855 1447 δάκρυσι,
1894 1378 2028 1448 μηδὲ

456 1468 838 1536 δακρυέτωσαν
869 1467 962 1520 ἐπὶ
986 1464 1194 1530 τούτοις
1219 1481 1233 1494 ·
1264 1466 1384 1519 οὐδὲ
1405 1466 1511 1537 γὰρ
1528 1465 1807 1520 ἀπώσεται
1827 1469 2026 1540 ὀνείδη,

457 1561 486 1612 6
507 1560 697 1627 λέγων.

2202 461 2252 515 1.
2289 461 2453 517 Hehr.
2495 463 2560 517 At
2595 463 2653 517 S.
2682 462 2802 517 Vul.
2835 478 2933 518 vat.
2976 461 3137 529 LXX,
3178 462 3303 519 facti
3336 471 3482 520 sunt.

2206 548 2343 605 Heb.
2378 552 2507 621 quia
2566 561 2650 608 est
2702 552 2757 608 in
2818 551 2945 609 forti
2992 568 3187 608 manus
3223 568 3433 608 eorum.
3470 554 3537 606 Α.
3576 556 3698 624 quia

2133 641 2292 697 fortis
2320 653 2406 698 est
2448 660 2643 700 manus
2674 645 2813 714 ejus.
2854 645 2913 699 S.
2952 645 3080 714 quia
3134 643 3292 699 fortis
3346 653 3465 699 erat
3507 660 3702 698 manus

2135 734 2278 803 ejus.
2312 734 2482 799 LXX,
2515 737 2641 805 quia
2670 751 2779 791 non
2818 736 3130 791 levaverunt
3166 736 3233 790 ad
3279 735 3449 790 Deum
3505 751 3699 789 manus

2135 841 2289 881 suas.
2324 824 2448 881 Vul.
2476 828 2737 898 quoniam
2795 837 2985 883 contra
3016 826 3186 882 Deum
3248 838 3330 882 est
3359 842 3558 882 manus
3611 842 3700 882 eo-

2134 932 2281 971 I'IIIII.

2203 1008 2256 1062 6.
2297 1008 2462 1064 Hebr.
2520 1024 2587 1064 ne
2621 1008 2859 1076 stilletis,
2896 1008 3183 1065 stillabunt
3229 1028 3241 1064 :
3274 1024 3380 1064 non
3412 1008 3703 1063 stillabant

2137 1099 2257 1155 istis
2314 1118 2328 1155 :
2386 1116 2497 1155 non
2556 1101 2979 1170 comprehendet
3048 1100 3393 1171 ignominias.
3450 1098 3494 1154 0
3555 1100 3705 1155 dicta

2132 1192 2397 1265 [domus]
2427 1194 2491 1247 Α.
2524 1209 2592 1248 ne
2624 1194 2846 1249 stilletis
2902 1194 3196 1259 stillantes,
3257 1210 3367 1248 non
3398 1193 3620 1251 stilletis
3647 1194 3703 1247 in

2133 1290 2254 1353 hos,
2295 1303 2406 1341 non
2455 1287 2883 1355 comprehendes
2920 1286 3271 1341 confusiones
3312 1286 3405 1356 qui
3436 1286 3600 1340 dicis.
3636 1284 3701 1339 S.

2133 1394 2200 1433 ne
2234 1374 2525 1447 increpetis
2570 1378 2616 1431 si
2671 1378 3000 1447 increpetis:
3036 1392 3144 1432 non
3190 1380 3528 1449 increpantes
3580 1394 3697 1432 non

2133 1470 2353 1525 cohibet
2378 1469 2699 1539 ignominia.
2726 1467 2888 1533 LXX,
2944 1468 3111 1524 nolite
3138 1468 3263 1524 ﬂere
3293 1469 3572 1539 lacrymis,
3605 1484 3702 1522 ne-

2133 1578 2241 1632 que
2268 1562 2480 1631 plorent
2500 1577 2667 1632 super
2689 1562 2795 1626 his,
2823 1576 2999 1631 neque
3049 1562 3194 1617 enim
3240 1563 3457 1631 abjiciet
3497 1576 3703 1630 oppro-

458 1653 577 1706 bria
605 1652 699 1721 qui
738 1650 890 1705 dicit.
946 1648 1069 1703 ναι.
1124 1663 1193 1703 ne
1226 1648 1526 1718 loquamini
1589 1648 1894 1719 loquentes,
1928 1668 2035 1707 non
2079 1651 2305 1708 stillabit
2355 1666 2522 1721 super
2598 1652 2753 1714 istos,
2810 1666 2919 1705 non
2974 1650 3401 1714 comprehendet
3425 1648 3701 1705 confusio.

459 1745 620 1801 Dicit.

459 1848 638 1926 σπι
674 1824 829 1899 ιηκι)
852 1848 961 1902 ιω
995 1820 1260 1897 51131818
1345 1836 1425 1889 Ἀ.
1484 1836 1598 1890 καὶ.
1629 1836 1921 1891 συναντῶν.
1970 1840 2031 1892 Σ.

458 1931 565 2001 πρὸ
593 1932 719 2000 μιᾶς
747 1930 805 1982 δὲ
823 1931 851 1982 6
874 1928 999 1991 λαδς
1023 1968 1036 1981 .
1066 1969 1079 1982 .
1112 1966 1126 1981 .
1159 1927 1237 1994 Ο¹,
1264 1928 1358 1981 καὶ
1386 1926 1694 1997 ἔμπροσθεν
1718 1927 1747 1979 6
1779 1928 1904 1991 λαός
1926 1946 2029 1999 μου

458 2023 537 2082 εἰς
576 2020 775 2090 ἔχθραν
812 2018 1063 2089 ἀντέστη.

2210 1835 2262 1889 8.
2301 1833 2465 1891 Hebr.
2500 1846 2553 1889 et
2581 1834 2697 1889 heri
2734 1834 2968 1905 populus
3022 1848 3178 1889 meus
3216 1834 3271 1888 in
3310 1834 3591 1889 inimicum
3622 1834 3705 1887 in-

2139 1929 2393 1983 surrexit.
2436 1928 2500 1981 A.
2552 1937 2607 1982 et
2657 1940 3016 1982 occurrens...
3053 1924 3111 1980 S.
3162 1935 3284 1980 ante
3334 1941 3498 1979 unam
3549 1924 3698 1980 diem

2138 2020 2372 2089 populus
2404 2035 2560 2075 meus
2590 2020 2748 2090 quasi
2784 2019 3041 2074 inimicus
3072 2019 3290 2074 restitit.
3317 2016 3481 2082 LXX,
3515 2027 3570 2071 et
3610 2034 3704 2071 an—

461 2126 546 2171 tea
624 2113 859 2185 populus
909 2127 1066 2168 meus
1120 2111 1176 2166 in
1234 2108 1523 2165 inimicitia
1588 2108 1803 2165 restitit.
1839 2105 1963 2164 Vul.
2005 2119 2061 2167 et
2092 2128 2122 2169 e
2158 2114 2436 2169 contrario
2494 2115 2729 2184 populus
2780 2128 2935 2169 meus
2975 2113 3029 2167 in
3068 2112 3439 2169 adversarium
3473 2127 3701 2167 consur-

459 2210 621 2267 rexit.

1266 2300 1443 2360 Nota;
1469 2303 1531 2358 et
1560 2296 1752 2357 νοτία»
1784 2295 2092 2359 lectiones
2137 2296 2217 2359 ad
2245 2313 2382 2376 cap.
2429 2298 2484 2359 ll
2524 2297 2827 2359 Micbmm.

532 2400 598 2455 ν.
633 2403 682 2455 1.
729 2401 832 2463 Ἄ..
860 2400 944 2462 Σ..
974 2397 1115 2454 οὐαί.
1168 2396 1450 2453 Barberin.
1492 2395 1632 2449 LXX
1672 2396 1765 2465 qui
1791 2406 2028 2461 vertunt,

465 2473 733 2540 ἐγένοντο,
773 2472 1019 2539 legerunt
1052 2468 1382 2540 haudgdubie
1405 2476 1492 2540 ΤΠ
1522 2482 1620 2540 pro
1643 2474 1745 2540 τῇ.

535 2540 669 2596 Ibid.
718 2535 991 2605 Ἀ.,’διότι
1028 2537 1245 2608 ἰσχυρόν
1270 2546 1373 2592 etc.
1403 2537 1508 2608 llas
1525 2535 1751 2608 iAquilaa
1781 2545 1846 2608 et
1868 2535 2028 2608 Sym-

466 2612 644 2667 machi
678 2611 937 2665 lectiones
980 2605 1166 2663 adfert
1185 2608 1345 2662 idem.
1398 2605 1583 2662 Lectio
1612 2614 1792 2675 autem
1822 2606 2035 2675 Aquilae

465 2683 681 2737 videtur
705 2681 953 2735 deﬁcere.
1006 2677 1188 2749 [Barb.
1214 2678 1433 2749 exhibet
1476 2677 1675 2749 pariter
1703 2674 2033 2749 Theodotio-

470 2753 558 2807 nis
580 2752 909 2813 versionem,
933 2746 1053 2817 qua:
1076 2748 1213 2816 fugit
1236 2746 1834 2817 Montfauconiipculos
1860 2746 2031 2799 :6:61::

471 2822 681 2893 ἔχουσιν
712 2822 863 2891 ἰσχὺν
887 2814 980 2889 τὴν
1002 2814 1159 2889 χεῖρα
1182 2817 1381 2871 αὐτῶν.
1418 2814 1649 2888 θηλεω]

2210 2395 2275 2469 Y.
2302 2397 2355 2451 6.
2382 2397 2473 2461 Δ..
2507 2415 2567 2451 ne
2585 2398 2795 2452 stilletis
2820 2398 3105 2454 stillantes.
3148 2398 3559 2469 Hieronymus;
3573 2396 3701 2450 Bar-

2140 2467 2360 2523 berinus
2384 2484 2513 2520 vero
2546 2470 2803 2524 lectiones
2842 2470 3050 2539 Aquilae
3093 2477 3149 2524 et
3186 2466 3498 2540 Symmachi
3525 2466 3704 2522 Graec

2142 2537 2333 2591 plenas
2364 2536 2559 2591 adfert.

2200 2552 2333 2591 enas
2364 2547 2559 2593 adfert.

2141 2552 2333 2607 plenas
2364 2552 2559 2593 amert.

2214 2605 2277 2658 V.
2296 2606 2355 2678 ξ.
2390 2606 2578 2662 (Ξῖ-αισα
2615 2608 2825 2678 Aquilae
2848 2617 2901 2663 et
2930 2606 3435 2678 Symmachihabet
3456 2605 3702 2660 Barheri-

2146 2692 2266 2748 nus.
2295 2675 2696 2748 Hieronymusi
2744 2696 2763 2729 ε
2812 2678 2938 2747 quia
2972 2675 3209 2748 'verbum
3241 2675 3386 2730 MUL
3409 2688 3464 2731 et
3497 2686 3705 2729 contra-

2143 2747 2282 2799 rium
2304 2756 2359 2801 et
2385 2746 2520 2800 dicti:
2558 2746 2854 2802 hesternum
2898 2757 3075 2809 sonat,
3106 2746 3162 2800 S.
3196 2748 3439 2815 apertius
3472 2754 3705 2801 transit}.

2140 2815 2222 2882 lit,
2250 2825 2309 2870 ut
2340 2818 2541 2872 diceret
2570 2836 2583 2871 :
2619 2827 2738 2871 ante
2766 2834 2925 2871 unam
2963 2818 3101 2871 diem
3128 2825 3231 2871 etc.
3267 2837 3285 2869 ι

1641 3003 1998 3065 MICHZEZE
2063 3003 2324 3067 CAPUT
2385 3002 2498 3064 III.

473 3102 660 3172 5mm:
696 3118 801 3169 nu
836 3116 1008 3193 9:93p:
1048 3107 1073 3161 I
1154 3109 1218 3159 Ol
1250 3107 1470 3173 λοιποὶ,
1506 3107 1622 3174 (καὶ
1656 3106 1706 3160 οἰ
1757 3107 2046 3177 ἡγούμενοι

479 3203 625 3259 οἴκου
664 3200 921 3272 Ἰσραήλ.)
951 3198 1029 3264 Ο¹,
1063 3197 1159 3251 καὶ
1188 3199 1236 3250 οἱ
1260 3199 1577 3253 κατάλοιποι
1605 3198 1755 3251 οἴκου
1778 3197 2015 3269 Ἰσραήλ.

480 3394 553 3443 m
587 3363 774 3440 main:
807 3386 930 3437 una
965 3360 1125 3437 dum
1153 3376 1186 3428 8
1257 3376 1316 3428 Σ.
1356 3375 1491 3429 ἀλλά
1528 3376 1634 3447 μὴν
1678 3374 1789 3443 ἐγὼ
1819 3376 2045 3445 ἐνεπλή-

488 3478 615 3545 σθην
644 3471 845 3544 ἰσχύος.
879 3468 957 3535 Ο¹,
985 3470 1079 3523 ἐὰν
1113 3468 1190 3540 μὴ
1222 3468 1332 3537 ἐγὼ
1365 3468 1628 3540 ἐμπλήσω
1659 3467 1831 3539 ἰσχύν.

481 3746 623 3800 mm
653 3745 758 3826 pm
793 3720 1028 3796 n‘wmvi
1062 3744 1237 3795 mm
1267 3743 1388 3794 rma
1416 3716 1760 3826 1173:2551:
1790 3717 1877 3820 ΡΒ
1908 3733 1978 3786 12

496 3834 575 3889 ’A.
613 3825 701 3885 διά
722 3830 879 3884 τοῦτο
913 3829 1071 3900 χάριν
1104 3827 1257 3897 ὑμῶν
1290 3826 1430 3880 Σιὼν
1466 3825 1617 3898 χώρα
1655 3826 2046 3897 άροτριαθήσε-

480 3943 593 3991 ται,
622 3924 719 3977 καὶ
752 3920 1107 3992 Ἰερουσαλὴμ
1134 3917 1626 3988 λιθολογηθήσεται.
1661 3916 1738 3982 0',
1772 3916 1863 3970 διὰ
1886 3917 2044 3970 τοῦτο

482 4017 547 4070 δι’
578 4015 721 4086 ὑμᾶς
758 4011 895 4066 Σιὼν
926 4013 1001 4074 ὡς
1028 4010 1195 4080 άγρδς
1221 4009 1694 4081 άροτριαθήσετσι,
1718 4009 1810 4063 καὶ
1852 4009 2046 4080 Ἰερου-

486 4107 665 4178 σαλὴμ
688 4106 763 4169 ὡς
794 4102 1236 4174 ὀπωροφυλάκιον
1264 4101 1438 4156 ἔσται.

2218 3106 2268 3160 1.
2306 3104 2441 3159 Heb.
2486 3113 2541 3159 et
2567 3104 2956 3175 gubernatores
3018 3104 3213 3161 domus
3246 3104 3428 3161 Israel.
3480 3106 3705 3173 Reliqui,

2144 3194 2269 3250 ναι.
2293 3204 2346 3249 et
2370 3194 2537 3250 duces
2564 3194 2755 3249 domus
2781 3192 2966 3250 Israel.
2998 3193 3164 3259 LXX,
3197 3204 3250 3251 et
3287 3195 3496 3252 residui
3515 3197 3707 3251 domus

2143 3285 2332 3342 Israel.

2214 3378 2269 3433 8.
2300 3377 2365 3431 Η.
2395 3386 2448 3433 et
2480 3393 2604 3433 vere
2654 3393 2755 3449 ego
2805 3380 3043 3449 repletus
3092 3395 3211 3435 sum
3270 3378 3618 3436 fortitudine.
3652 3382 3704 3437 S.

2142 3484 2329 3523 verum
2358 3482 2459 3538 ego
2487 3468 2725 3538 repletus
2756 3484 2879 3524 sum
2910 3467 3247 3525 fortitudine.
3284 3468 3451 3535 LXX,
3492 3470 3709 3540 uisiego

2145 3558 2443 3628 implevero
2481 3558 2875 3614 fortitudinem.
2911 3558 3035 3615 Vul.
3083 3569 3461 3615 verumtamen
3489 3575 3594 3633 ego
3632 3578 3708 3615 re-

2144 3649 2322 3719 pletus
2348 3664 2469 3704 sum
2501 3648 2839 3703 fortitudine.

2218 3741 2307 3795 12.
2348 3739 2414 3794 Ii.
2450 3739 2657 3796 Idcirco
2709 3750 2929 3811 propter
2959 3755 3056 3796 vos
3108 3739 3239 3795 Sion
3289 3754 3417 3811 ager
3443 3740 3706 3803 arabitur,

2146 3838 2200 3884 et
2226 3828 2526 3886 Jerusalem
2555 3830 2608 3884 in
2643 3844 2869 3885 acervos
2920 3831 3044 3885 erit.
3091 3826 3177 3884 Α.
3212 3830 3337 3885 Ideo
3372 3839 3595 3900 propter
3618 3847 3709 3884 vos

2152 3922 2283 3978 Sion
2313 3938 2441 3993 ager
2477 3921 2743 3985 arabitur,
2780 3931 2835 3976 et
2858 3920 3158 3977 Jerusalem
3198 3922 3251 3976 in
3296 3937 3555 3977 acervum
3579 3923 3711 3991 lapi-

2150 4013 2281 4067 dum
2330 4013 2623 4081 redigetur.
2685 4011 2847 4079 LXX,
2884 4013 3091 4068 Idcirco
3145 4020 3365 4084 propter
3426 4028 3527 4067 vos
3586 4011 3711 4065 Sion

2154 4103 2311 4176 quasi
2340 4118 2469 4174 ager
2497 4104 2758 4170 arabitur,
2788 4113 2840 4159 et
2869 4102 3170 4160 Jerusalem
3225 4114 3286 4158 ut
3334 4104 3589 4158 custodia
3624 4119 3712 4172 po-

484 4200 643 4254 marii
696 4198 819 4252 erit.
870 4194 995 4249 Vul.
1046 4202 1269 4265 propter
1298 4193 1422 4259 hoc,
1466 4208 1632 4249 causa
1688 4192 1875 4257 vestri,
1913 4192 2041 4249 Sion
2080 4194 2237 4264 quasi
2292 4208 2420 4263 ager
2474 4193 2740 4257 arabitur,
2806 4203 2861 4249 et
2919 4186 3213 4249 Jerusalem
3266 4192 3423 4263 quasi
3488 4206 3713 4247 acervus

482 4290 719 4360 lapidum
751 4288 873 4344 erit.

1308 4386 1482 4446 Note:
1513 4392 1572 4447 et
1606 4384 1790 4445 varia;
1823 4382 2128 4446 lectiones
2158 4382 2235 4444 ad
2274 4399 2410 4461 cap.
2452 4382 2536 4443 IlI
2592 4382 2894 4445 Michtem.

553 4486 620 4541 ν.
653 4489 704 4541 1.
741 4486 961 4542 Hieron.
990 4507 1002 4542 :
1040 4507 1059 4539 ‹
1087 4490 1191 4543 Pro
1222 4487 1436 4556 reliquis
1468 4486 1654 4540 domus
1674 4484 1868 4547 Israel,
1894 4498 2049 4539 exce-

484 4559 599 4629 ptis
613 4556 990 4629 LXXAouines,
1020 4560 1175 4611 duces
1203 4557 1388 4629 donius
1409 4555 1581 4629 Israel
1601 4556 2044 4611 transtulerunt.»

562 4627 621 4681 ν.
654 4628 707 4682 8.
742 4627 823 4690 Σ..
849 4628 983 4680 ἀλλὰ
1015 4629 1120 4697 μὴν
1153 4636 1257 4682 etc.
1305 4626 1655 4681 Barberinus.

2236 4481 2302 4537 γ.
2341 4482 2426 4535 12.
2467 4483 2571 4546 Ἀ..
2602 4484 2685 4547 Σ.,
2716 4482 2802 4535 διὰ
2831 4482 2986 4536 τοῦτο
3010 4482 3167 4552 χάριν
3193 4489 3295 4536 etc.
3338 4478 3617 4536 Eusebius
3665 4482 3711 4535 in

2158 4552 2466 4609 Demonstr.
2497 4553 2823 4625 evangelica.

1694 4828 2054 4890 MICHJEJE
2100 4826 2360 4892 CAPUT
2406 4827 2514 4887 IV.

474 4932 784 4984 «nmmum
820 4924 855 4977 3
925 4925 1001 4991 Ο¹,
1035 4924 1133 4978 καὶ
1156 4925 1222 4979 τά
1248 4925 1446 4997 δόρατα
1475 4930 1673 4984 αὑτων.
1702 4927 1933 4996 Ἄλλος,
1967 4928 2048 4995 ζι-

480 5015 653 5078 6ύνας
686 5015 886 5069 αὐτῶν.

469 5090 665 5167 'm-‘m
736 5108 793 5159 Σ.
829 5107 889 5159 Θ.
915 5107 1000 5160 ἐπ’
1030 5106 1197 5173 ἔθνος.
1234 5107 1309 5175 Ο¹,
1340 5110 1474 5182 πρὸς
1497 5110 1665 5175 ἔθνος.

468 5292 705 5373 Tox-nn
740 5270 847 5349 55y
886 5286 918 5339 8
1002 5287 1081 5341 Ἃ.
1141 5289 1411 5358 σκοτώδης
1480 5290 1726 5361 Θυγάτηρ
1763 5291 1920 5348 Σιών.
1983 5294 2044 5346 Σ.

485 5378 800 5447 ἁπόκρυφος
839 5378 1097 5450 θυγάτηρ
1142 5380 1302 5435 Σιών.
1339 5381 1416 5446 0',
1448 5381 1760 5453 αὐχμώδης,
1802 5383 2045 5455 θυγάτηρ

486 5466 642 5522 Σιών.

472 5564 650 5617 Ἲεοιυ
691 5557 750 5612 11
824 5560 886 5614 Σ.
924 5560 1283 5634 συνήχθησαν.
1313 5565 1389 5629 0',
1423 5564 1875 5637 ὲπισυνήχθησαν.

2224 4927 2279 4981 5.
2315 4925 2447 4981 Ileb.
2482 4924 2643 4992 LXX,
2678 4924 2795 4981 Vul.
2827 4934 2882 4980 et
2914 4926 3101 4982 hastas
3130 4939 3276 4981 suas.
3300 4923 3471 4986 Alius,
3496 4922 3713 4981 lanceas

2154 5032 2305 5072 suas.

2222 5106 2289 5162 H.
2325 5105 2487 5171 LXX,
2515 5116 2702 5161 contra
2749 5116 2983 5177 gentem.
3033 5107 3090 5161 S.
3150 5105 3251 5160 Th.
3278 5121 3437 5176 super
3469 5117 3709 5176 gentem.

2154 5198 2277 5253 Vul.
2310 5198 2571 5253 adversus
2598 5208 2833 5268 gentem.

2223 5291 2276 5345 8.
2316 5289 2449 5345 Heb.
2481 5290 2657 5345 editus
2684 5291 2837 5347 locus
2878 5291 2988 5345 lilia
3024 5288 3175 5344 Sion.
3201 5291 3264 5342 A.
3297 5288 3593 5345 tenebrosa
3614 5290 3710 5344 ﬁlia

2156 5379 2309 5437 Sion.
2368 5378 2425 5433 S.
2474 5380 2788 5435 abscondita
2842 5380 2956 5450 ipsa
3011 5389 3097 5435 est
3146 5380 3253 5433 illia
3316 5379 3469 5432 Sion.
3554 5377 3707 5439 LXX,

2154 5470 2457 5541 squallens,
2482 5470 2591 5523 filia
2622 5468 2774 5525 Sion.
2804 5469 2928 5525 Vul.
2965 5471 3224 5527 nebulosa
3258 5469 3361 5524 lilia
3395 5467 3564 5525 Sion.

2216 5562 2314 5616 ιιι.
2354 5561 2487 5618 Heb.
2518 5561 2577 5617 S.
2638 5561 2762 5617 Vul.
2808 5571 3144 5635 congregata:
3192 5572 3337 5619 sunt.
3376 5558 3555 5628 LXX,
3617 5572 3709 5615 una

2157 5661 2493 5726 congregata:
2527 5662 2672 5711 sunt.
