3826 6218
197 239 341 295 2977

194 364 452 417 vnn-nm
492 354 557 409 I3
630 357 697 409 Ol
729 358 951 424 λοιποὶ,
983 357 1423 430 ἀναθεματίσεις.
1460 359 1536 425 Ο’,
1568 356 1766 427 ἀναθή-

198 461 284 497 σει
322 483 335 496 .

195 463 358 597 mss:
429 535 485 586 Σ.
519 534 580 588 τὸ
606 535 795 606 κέρδος
816 536 1014 589 αὐτῶν.
1040 535 1117 602 0',
1148 538 1210 590 τὸ
1236 537 1439 610 πλῆθος
1470 537 1671 595 αὐτῶν.
1702 537 1747 593 Θ

194 624 268 677 τὰ
298 622 445 694 δῶρα
474 622 675 678 αὐτῶν.
712 626 844 696 Ε’,ή
877 624 1132 693 ὠφέλεια.

1474 242 1781 298 MICHIEE
1822 240 2053 298 CAPUT
2093 240 2155 293 ν.

3302 241 3441 300 2978

1946 358 2032 411 15.
2063 355 2129 410 II.
2162 357 2656 413 anathematizabo.
2679 358 2908 429 Reliqui,
2934 359 3439 418 anathematizabis.

1873 446 2037 512 LXX,
2072 448 2439 503 consecrabis.
2462 448 2585 503 Vul.
2618 448 2927 505 interﬁcies.

1943 539 2009 592 Η.
2033 539 2358 594 desiderium
2413 555 2624 595 eorum.
2669 542 2726 599 8.
2776 543 2984 597 lucrum
3022 557 3232 598 eorum.
3276 542 3439 605 LXX,

1872 630 2271 686 multitudinem
2302 647 2515 687 eorum.
2545 632 2648 687 Th.
2688 634 2829 689 dona
2858 648 3068 689 eorum.
3116 634 3180 699 ν,
3217 635 3439 690 utilitas.

1870 717 1994 775 Vul.
2024 724 2245 792 rapinas
2279 738 2492 777 eorum.

1030 831 1208 890 NOlEB
1246 834 1308 891 el
1340 831 1528 893 varia)
1555 830 1860 894 lectiones
1897 836 1973 896 ad
2008 853 2142 915 cap.
2179 839 2262 899 IV
2294 836 2597 902 Michoeaa.

274 924 336 996 Υ.
367 928 421 981 '5.
452 929 687 996 Ἄλλος,
715 927 958 993 ζιδύνας.
994 928 1279 986 Barberin.

270 994 405 1051 Ibid.
437 1000 517 1063 Σ.,
552 994 759 1061 Θ.ζέπ’
786 1000 956 1062 ἔθνος.
985 1000 1084 1056 Ms.
1111 1000 1222 1057 Jes.

273 1065 336 1119 V.
373 1067 427 1121 8.
449 1070 827 1141 λΗίετυηγῐηυε
860 1088 875 1124 :
926 1088 943 1120 ι
978 1069 1045 1122 Et
1079 1072 1188 1126 hwc
1223 1081 1384 1125 turris
1438 1072 1555 1141 ﬁlia
1599 1070 1761 1136 Sion;

196 1135 315 1210 sive
346 1148 405 1210 ut
442 1135 802 1210 Symmachus
834 1141 995 1194 vertit
1044 1142 1098 1195 in
1147 1142 1415 1209 Graecum,
1438 1135 1499 1195 ἐι
1531 1144 1645 1210 ipsa
1684 1152 1764 1195 est

196 1205 316 1273 ﬁlia
337 1205 497 1263 Sion.’
529 1230 548 1261 ι
586 1208 718 1275 Qua:
747 1210 890 1264 haud
919 1210 1083 1264 dubie
1112 1212 1299 1265 vitiata
1330 1205 1599 1265 videntur.
1630 1211 1763 1264 Bar-

198 1275 422 1333 berinus
455 1279 557 1346 ’A.,
584 1278 876 1350 σκοτώδης.
910 1282 994 1345 Σ.,
1025 1281 1338 1361 απόκρυφος
1362 1297 1378 1347 ;
1400 1282 1484 1336 hac
1518 1280 1765 1336 videntur

1863 950 1986 991 esse
2016 952 2155 992 verae
2185 938 2462 994 lectiones.

1938 1004 2001 1093 Χ.
2156 1009 2238 1093 ξ.)
2267 1010 2633 1093 συνήχθησαν.
2664 1010 2948 1093 Barberln.

1936 1074 2005 1151 Υ.
2032 1078 2135 1151 I5.
2164 1082 2228 1151 Ol
2265 1074 2453 1151 λοισὲῖ,
2484 1074 3120 1151 ἆναθεματέσειςζιόθῐη.

1933 1144 2067 1223 μήθ..
2092 1149 2185 1201 Hae
2217 1149 2477 1206 lectiones
2510 1144 2777 1221 prodeunt
2814 1167 2881 1206 ex
2908 1150 3236 1223 Hieronymo
3277 1161 3333 1208 et
3369 1166 3439 1208 ex

1860 1214 1992 1269 edit.
2031 1216 2296 1272 Romana.

1434 1474 1793 1540 MICHIEIE
1829 1481 2083 1542 CAPUT
2144 1480 2221 1539 V.

198 1563 914 1633 mg-njvwannnnVI
1003 1571 1171 1625 Ἀ.Σ.
1212 1572 1273 1627 Θ.
1316 1574 1761 1635 Ε’........

202 1658 282 1722 0',
317 1655 411 1711 νῦν
442 1657 886 1729 ὲμφραχθήσεται
910 1657 1154 1729 θυγάτηρ
1177 1661 1515 1734 ὲμφραγμῷ.

201 1818 391 1894 5mm
443 1841 584 1892 una
632 1844 715 1893 ns
768 1817 1003 1899 ’ήδη-ἠ
1040 1845 1115 1894 1m
1203 1837 1281 1891 ’A.
1328 1839 1622 1910 πλήξουσιν
1672 1843 1766 1896 ἐπὶ

204 1922 431 1991 σιαγόνα
450 1921 540 1975 τὸν
568 1923 761 1994 κριτὴν
805 1924 1040 1995 Ἰσραήλ.
1070 1927 1130 1981 Σ.
1154 1926 1380 1997 τύψουσι
1405 1930 1547 1984 κατὰ
1584 1934 1767 2000 σιαγό-

202 2028 302 2074 νας
321 2011 412 2064 τὸν
436 2012 628 2082 κριτὴν
672 2013 904 2085 Ἰσραήλ.
932 2015 1009 2081 0',
1041 2015 1371 2082 πατάξουσιν
1390 2022 1483 2073 ἐπὶ
1517 2023 1767 2091 σιαγόνας

201 2101 305 2164 τὰς
336 2101 506 2169 φυλὰς
544 2102 781 2175 Ἰσραήλ.
807 2104 870 2161 Θ.
896 2107 1125 2171 πατάξει
1147 2108 1242 2162 ἐπὶ
1266 2108 1491 2179 σιαγόνα
1520 2110 1613 2165 τὸν
1646 2130 1767 2185 κρι-

202 2191 304 2263 τὴν
344 2191 577 2263 Ἰσραήλ.

201 2289 347 2339 tam
418 2282 481 2334 υἱ
504 2282 577 2347 Γ’,
604 2283 695 2335 τὸν
726 2285 938 2355 κριτήν.
970 2285 1049 2351 0',
1072 2286 1170 2349 τὰς
1194 2285 1385 2354 φυλάς.

200 2378 361 2429 nam
396 2370 432 2423 4
503 2372 561 2424 Σ.
596 2413 611 2427 .
650 2413 663 2426 .
694 2413 707 2425 .
743 2416 757 2428 .
787 2372 868 2440 0',
905 2376 1227 2446 ὑπάρξουσι.

202 2550 326 2599 mu
361 2551 500 2603 ’D’DJ
531 2556 721 2606 rem
756 2557 901 2612 D’Ih
939 2560 1104 2613 mw
1152 2550 1186 2605 5
1267 2550 1347 2604 Ἀ.
1386 2552 1527 2606 ἑπτὰ
1565 2557 1769 2625 νομεῖς,

204 2632 301 2683 καὶ
328 2631 471 2685 ὀκτὼ
502 2635 944 2706 καθεσταμένους
973 2639 1312 2710 ἀνθρώπους.
1333 2642 1395 2695 Σ.
1423 2643 1560 2696 ἑπτὰ
1583 2645 1775 2715 ποιμέ-

204 2738 322 2786 νας,
354 2723 448 2776 καὶ
476 2724 618 2776 ὀκτὼ
653 2728 909 2796 χριστοὺς
930 2728 1252 2799 ἀνθρώπων.
1294 2731 1372 2797 0',
1401 2732 1540 2787 ἑπτὰ
1578 2733 1772 2805 ποιμέ-

202 2828 317 2875 νες,
350 2814 443 2866 καὶ
479 2816 623 2869 ὀκτὼ
658 2818 913 2889 δήγματα
960 2818 1279 2889 ἀνθρώπων.
1318 2823 1381 2876 Θ.
1405 2826 1546 2878 ἑπτὰ
1576 2828 1769 2898 ποιμέ-

203 2920 323 2967 νας,
362 2905 457 2958 καὶ
483 2905 627 2959 ὀκτὼ
665 2908 943 2979 ἀρχηγοὺς
982 2910 1301 2981 ἀνθρώπων.
1330 2912 1392 2968 Θ.
1424 2914 1642 2982 ἄλλως,
1688 2920 1765 2983 E',

203 2991 462 3063 ἄρχοντες
481 2994 802 3066 ἀνθρώπων.

200 3107 374 3161 mn:
428 3111 691 3188 vas-nm
744 3117 900 3169 nam
959 3117 1114 3170 ~1le
1175 3118 1422 3197 vus-ns
1480 3124 1600 3179 ’ω’
1664 3118 1697 3169 6

200 3203 421 3255 nm:
493 3198 551 3251 Σ.
589 3236 603 3251 .
640 3239 653 3251 .
693 3237 707 3251 .
743 3203 819 3264 0',
858 3202 951 3254 ml
974 3204 1301 3273 ποιμανοῦσι
1322 3207 1413 3259 τὸν
1458 3209 1684 3278 Ἀσσοὺρ
1709 3212 1767 3263 ἐν

204 3287 471 3359 ῥομφαίᾳ,
497 3290 591 3342 καὶ
608 3290 707 3361 τὴν
740 3293 843 3362 γῆν
879 3293 972 3347 τοῦ
1002 3294 1230 3367 Νεόρὼδ
1271 3299 1333 3350 ὲν
1353 3301 1420 3370 τῇ
1450 3301 1641 3372 τάφρῳ
1671 3303 1767 3355 αὐ·

200 3394 324 3449 της.

199 3630 417 3682 ηψπ-ω
501 3624 579 3677 'A.
610 3625 666 3677 ἐν
703 3664 718 3678 .
750 3667 764 3681 .
800 3665 817 3681 .
853 3669 866 3681 .
893 3630 950 3682 Σ.
981 3631 1131 3695 ἐντὸς
1161 3633 1342 3689 πυλῶν
1379 3637 1567 3708 αὐτῆς.
1601 3641 1676 3703 0',
1708 3642 1764 3694 ὲν

195 3714 269 3782 τῇ
303 3713 489 3783 τάφρῳ
511 3714 699 3786 αὐτῆς.
736 3718 796 3771 Θ.
837 3721 894 3773 ὲν
918 3719 1115 3788 πύλαις
1151 3724 1333 3795 αὐτῆς.
1371 3727 1447 3792 E',
1497 3729 1555 3782 ὲν
1588 3747 1763 3800 παρα-

201 3802 411 3873 ξίφεσιν
434 3808 629 3863 αὐτῶν.

197 3882 453 3962 των-ἰη
489 3909 723 3961 cum:
763 3904 794 3954 7
876 3904 956 3958 Ἀ.
988 3906 1082 3959 καὶ
1115 3908 1190 3971 ὡς
1224 3908 1453 3978 ψεκάδες
1503 3914 1596 3966 ἐπὶ
1628 3916 1761 3968 πόαν

200 3989 301 4056 (al.
328 3991 570 4062 σπόρον).
607 3996 684 4058 0',
726 3996 818 4048 ml
842 3995 917 4059 ὡς
944 3996 1107 4066 ἄρνες
1137 3998 1230 4051 ἐπὶ
1259 3999 1548 4071 ἄγρωστιν.
1583 4004 1643 4058 Θ.
1669 4009 1761 4059 καὶ

194 4077 334 4132 ὡσεὶ
370 4083 581 4151 νιφετὸς
618 4084 711 4137 ἐπὶ
745 4086 955 4156 χόρτον.
991 4088 1048 4141 Σ.
1082 4089 1174 4141 ἐπὶ
1198 4090 1409 4161 χόρτον.

194 4375 321 4463 p‘m
342 4353 461 4463 ηιξ)
494 4353 609 4463 bu”
638 4356 730 4432 N51
768 4356 918 4434 ωνωὸ
961 4360 1197 4463 n‘lpl'u‘l
1226 4390 1358 4441 nam
1442 4384 1521 4437 Ἀ.
1563 4386 1622 4449 ὃς
1664 4388 1763 4459 οὐχ

196 4455 460 4527 ὑπομενεῖ
489 4460 676 4531 ἄνδρα,
708 4463 801 4515 καὶ
846 4463 907 4515 οὐ
954 4455 1082 4536 περὶ
1133 4468 1283 4532 υἱοὺς
1315 4470 1635 4543 ἀνθρώπων.
1680 4455 1757 4544 0',

192 4545 346 4610 ὅπως
384 4549 457 4619 μὴ
483 4551 719 4621 συναχθῇ
748 4553 956 4623 μηδεὶς,
992 4555 1125 4626 μηδὲ
1159 4557 1363 4631 ὑποστῇ
1400 4562 1457 4614 ὲν
1493 4564 1628 4626 υἱοῖς
1662 4566 1758 4618 ἀν-

193 4634 452 4705 θρώπων.
485 4638 549 4692 Θ.
574 4640 632 4702 ὃς
663 4641 725 4693 οὐ
760 4645 910 4711 μενεῖ
930 4644 1245 4716 ἄνθρωπον,
1290 4650 1385 4703 καὶ
1416 4653 1515 4705 οὐκ
1550 4654 1760 4708 ὲλπίσει

191 4725 296 4779 ἰπὶ
325 4727 458 4782 υῐῶν
485 4730 582 4783 ἀνθ
591 4730 806 4802 ρώπων.

188 5034 444 5090 Dum
471 5027 539 5081 12
620 5030 700 5084 ’A.
738 5031 828 5085 καὶ
853 5032 1303 5107 κληδονιζόμενοι.
1322 5040 1379 5092 Σ.
1408 5042 1500 5095 καὶ
1532 5059 1754 5113 σημειο-

188 5121 577 5193 σκοπούμενοι.
613 5123 692 5191 0',
724 5126 816 5180 καὶ
835 5129 1324 5200 ἀποφθεγγόμενοι.

1945 1580 1996 1633 1.
2025 1580 2188 1634 Hebr.
2218 1595 2363 1634 nunc
2412 1580 2692 1634 turmatim
2733 1595 3024 1647 excurres,
3065 1583 3173 1637 ﬁlia
3229 1594 3441 1642 turma).

1869 1673 1935 1726 A.
1971 1671 2028 1725 S.
2061 1671 2163 1725 Th.
2195 1669 2260 1737 V,
2329 1670 2453 1725 Vul.
2489 1687 2635 1726 nunc
2690 1674 3007 1738 vastaberis,
3044 1675 3151 1730 ﬁlia
3195 1677 3442 1734 latronis.

1868 1760 2034 1826 LXX,
2078 1778 2224 1817 nunc
2257 1762 2570 1817 obstruetur
2599 1763 2710 1817 ﬁlia
2738 1764 3127 1819 obstructione.

1937 1852 2004 1907 Β.
2045 1854 2110 1907 Α.
2145 1854 2449 1923 percutient
2474 1869 2636 1924 super
2678 1856 2952 1909 maxillam
2989 1856 3225 1925 judicem
3255 1858 3439 1915 Israel.

1869 1942 1925 1995 8.
1951 1942 2327 2012 percutientin
2346 1943 2596 1999 maxillas
2619 1945 2858 2015 judicem
2886 1943 3071 2001 Israel.
3121 1946 3287 2012 LXX,
3325 1966 3444 2018 per-

1867 2032 2083 2087 cutient-
2117 2032 2170 2084 in
2207 2032 2460 2087 maxillas
2514 2033 2687 2089 tribus
2715 2034 2899 2090 Israel.
2947 2034 3051 2089 Th.
3088 2040 3354 2105 percutiet
3386 2041 3443 2093 in

1868 2126 2143 2179 maxillam
2169 2125 2407 2192 judicem
2464 2125 2651 2183 Israel.
2684 2127 2807 2183 Vul.
2828 2131 3128 2199 percutient
3162 2134 3442 2189 maxillam

1864 2216 2063 2285 judicis
2086 2214 2269 2272 Israel.

1940 2308 2102 2361 Hebr.
2125 2307 2259 2363 Tres
2284 2307 2568 2377 Interpret.
2615 2306 2741 2363 ναι.
2763 2310 3020 2379 judicem.
3054 2312 3213 2379 LXX,
3242 2317 3439 2375 tribus.

1938 2401 1993 2454 4.
2034 2396 2101 2452 II.
2133 2408 2187 2455 et
2223 2401 2539 2455 manebunt.
2561 2399 2619 2453 S.
2642 2410 2695 2457 et
2712 2401 3051 2458 habitabunt.
3073 2403 3235 2472 LXX,
3255 2418 3437 2464 erunt.

1872 2488 1995 2544 an.
2026 2500 2078 2544 et
2103 2499 2510 2546 convertentur.

1942 2582 1995 2636 5.
2028 2580 2092 2635 H.
2119 2581 2222 2636 Th.
2253 2593 2456 2652 septem
2489 2593 2758 2653 pastores,
2781 2594 2836 2640 et
2880 2599 3006 2641 octo
3037 2590 3307 2661 principes
3338 2593 3439 2648 ho-

1874 2674 2103 2728 minum.
2150 2674 2215 2727 A.
2276 2684 2482 2744 septem
2543 2686 2811 2744 pastores,
2860 2687 2914 2732 et
2946 2690 3069 2733 octo
3115 2684 3439 2740 constitutos

1874 2764 2141 2818 homines.
2165 2764 2222 2818 8.
2251 2774 2453 2834 septem
2479 2775 2746 2835 pastores,
2775 2778 2829 2823 et
2852 2779 2975 2823 octo
3002 2771 3236 2827 christos
3261 2775 3439 2830 homi-

1873 2870 2024 2907 num.
2054 2852 2217 2917 LXX,
2245 2864 2448 2922 septem
2480 2865 2748 2924 pastores,
2778 2867 2833 2912 et
2854 2868 2978 2915 octo
3018 2876 3233 2918 morsus
3262 2864 3439 2920 homi-

1871 2960 2021 2999 num.
2042 2944 2142 2997 Th.
2167 2946 2342 3010 aliter,
2364 2944 2429 3012 γ,
2457 2946 2731 3016 principes
2758 2948 3061 3006 hominum.
3090 2951 3437 3025 Vul.septem

1868 3044 2139 3105 pastores,
2168 3047 2221 3091 et
2244 3046 2366 3091 octo
2396 3038 2655 3107 primates
2688 3040 2991 3094 hominum.

1940 3129 1993 3183 6.
2025 3128 2090 3182 Η.
2126 3140 2176 3184 et
2227 3131 2522 3198 depascent
2593 3140 2791 3186 terram
2840 3137 3015 3189 Assur
3049 3136 3103 3191 in
3153 3137 3353 3207 gladio,
3382 3149 3439 3195 et

1872 3229 2066 3276 terram
2089 3218 2323 3275 Nemrod
2343 3222 2481 3275 intra
2500 3234 2685 3291 portas
2708 3224 2846 3293 ejus.
2871 3225 2988 3281 S.et
3013 3239 3235 3296 pascent
3261 3233 3437 3286 Assur

1866 3314 1921 3368 in
1945 3313 2138 3383 gladio,
2154 3323 2206 3365 et
2237 3322 2435 3367 terram
2467 3312 2702 3370 Nemrod
2730 3318 2869 3371 intra
2906 3328 3089 3386 portas
3120 3320 3432 3389 ejus.LXX,

1866 3417 1917 3457 et
1949 3415 2172 3472 pascent
2209 3403 2380 3458 Assur
2433 3404 2487 3457 in
2519 3407 2718 3474 gladio,
2749 3417 2803 3461 et
2851 3418 3051 3465 terram
3102 3410 3318 3467 Nebrod
3376 3416 3434 3469 in

1867 3494 2017 3549 fovea
2048 3494 2318 3564 ejus.\'ul.
2356 3503 2410 3549 et
2446 3508 2668 3564 pasceut
2698 3506 2898 3553 terram
2934 3501 3105 3556 Assur
3142 3504 3197 3556 in
3230 3506 3431 3575 gladio,

1864 3595 1919 3640 et
1958 3597 2154 3641 terram
2184 3585 2416 3641 Nemrod
2440 3587 2491 3640 in
2520 3588 2720 3644 lanceis
2737 3589 2875 3659 ejus.

1934 3674 2067 3729 Heb.
2099 3676 2153 3730 in
2181 3677 2352 3744 portis
2372 3676 2514 3746 ejus.
2548 3678 2614 3731 A.
2646 3677 2770 3734 Vul.
2800 3681 2853 3734 in
2876 3683 3079 3738 lanceis
3104 3686 3242 3753 ejus.
3265 3686 3322 3741 S.
3349 3689 3433 3742 in-

1865 3779 1945 3822 tra
1976 3776 2161 3836 portas
2183 3767 2320 3837 ejus.
2362 3765 2525 3833 LXX,
2559 3768 2614 3822 in
2646 3767 2798 3825 fovea
2845 3771 2983 3841 ejus.
3012 3772 3114 3829 Th.
3168 3777 3224 3832 in
3259 3781 3432 3848 portis

1862 3859 2002 3928 ejus.
2037 3857 2100 3911 V.
2129 3860 2182 3912 in
2221 3861 2349 3916 sicis
2374 3875 2586 3915 eorum.

1934 3950 1985 4003 7.
2013 3951 2172 4006 Ilebr.
2206 3959 2481 4021 tamquam
2523 3953 2727 4009 imbres
2778 3971 2943 4026 super
2988 3960 3233 4017 herbam.
3275 3967 3341 4021 A.
3370 3979 3433 4024 ut

1862 4053 2025 4112 gutta:
2056 4043 2197 4099 roris
2250 4060 2415 4114 super
2476 4047 2698 4101 herbam
2756 4048 2852 4120 (al.
2907 4057 3133 4126 semen).
3176 4056 3337 4124 LXX,
3370 4072 3427 4116 et

1862 4137 2001 4189 sicut
2029 4135 2151 4205 agni
2180 4150 2345 4205 super
2376 4152 2621 4207 gramen.
2669 4138 2773 4195 Th.
2805 4151 2859 4196 et
2898 4144 3040 4198 sicut
3066 4147 3225 4203 stillae
3263 4167 3430 4221 super

1860 4223 2090 4281 foenum.
2116 4224 2174 4280 S.
2207 4241 2369 4296 super
2392 4226 2617 4283 foenum.
2651 4229 2771 4285 Vul.
2817 4241 2871 4287 et
2897 4236 3053 4301 quasi
3083 4239 3239 4294 stillae
3266 4256 3431 4312 super

1860 4317 2104 4372 herbam.

1932 4407 1995 4462 ll.
2021 4425 2142 4479 qua:
2174 4426 2281 4465 non
2302 4413 2637 4481 exspectabit
2664 4415 2863 4480 virum,
2901 4433 3001 4473 nec
3028 4423 3429 4488 prmstolabitur

1862 4498 2001 4554 ﬁlios
2033 4500 2290 4555 hominis.
2322 4502 2387 4555 A.
2427 4519 2549 4573 qua:
2579 4520 2687 4558 non
2723 4510 3061 4576 exspectabit
3094 4512 3288 4578 virum,
3325 4532 3427 4572 nec

1861 4593 2003 4646 circa
2030 4593 2170 4646 ﬁlios
2227 4594 2534 4648 hominum.
2586 4594 2751 4664 LXX,
2801 4610 2861 4653 ut
2913 4610 3021 4656 non
3068 4618 3428 4678 congregetur

1860 4684 2171 4753 quisquam,
2206 4700 2381 4754 neque
2405 4687 2476 4740 sit
2539 4689 2592 4741 in
2638 4688 2765 4744 ﬁliis
2816 4692 3119 4749 hominum.
3153 4696 3254 4750 Th.
3303 4715 3427 4769 quze

1862 4790 1971 4828 non
2000 4777 2332 4844 exspectabit
2355 4777 2651 4845 hominem,
2704 4798 2877 4851 neque
2906 4786 3146 4855 sperabit
3199 4788 3252 4841 in
3282 4791 3424 4846 lilios

1862 4865 2166 4920 hominum.
2197 4864 2319 4920 Vul.
2376 4884 2496 4936 quae
2536 4886 2644 4925 non
2682 4883 2963 4943 exspectat
2998 4876 3199 4942 virum,
3227 4890 3281 4933 et
3311 4896 3423 4937 non

1861 4958 2204 5027 praestolatur
2234 4957 2373 5012 ﬁlios
2398 4960 2700 5017 hominum.
2776 5022 2781 5025 _

1936 5048 2121 5104 12.“.
2155 5060 2207 5105 et
2234 5051 2667 5121 praestigiatores.
2692 5055 2758 5109 A.
2783 5064 2837 5110 et
2874 5056 3225 5116 hariolantes.
3269 5060 3328 5115 S.
3368 5073 3425 5118 et

1861 5154 2114 5209 augures.
2148 5142 2312 5212 LXX,
2338 5155 2393 5200 et
2417 5146 2719 5217 loquentes.
2756 5145 2879 5201 Vul.
2911 5159 2962 5204 et
2987 5150 3369 5211 divinationes.

1054 5244 1228 5305 Notaa
1258 5254 1319 5306 et
1353 5247 1541 5309 varite
1570 5248 1872 5316 lectiones
1918 5256 1995 5316 ad
2055 5274 2192 5334 cap.
2234 5260 2286 5317 V
2315 5259 2611 5321 Michaam.

260 5329 328 5386 V.
362 5331 1139 5420 IL.Trium‘jnterpreta‘tiones
1178 5359 1245 5399 ex
1276 5347 1477 5420 eclogis
1521 5348 1746 5408 Joannis

183 5403 441 5458 monachi
465 5404 617 5460 litera
638 5404 686 5459 X
715 5408 768 5462 in
790 5403 909 5464 c'od.
945 5410 1170 5467 Coislin.

259 5471 395 5550 Ibid:
430 5475 594 5550 1",
622 5476 714 5529 τὸν
750 5481 959 5550 κρρήν.
989 5479 1267 5539 Barberin.

260 5540 327 5599 ν.
357 5544 411 5619 4.
443 5544 660 5600 Hieron.
696 5563 711 5598 :
764 5540 800 5600 ι’
829 5540 907 5601 Et'
942 5563 1341 5619 convertentur;
1372 5558 1505 5619 sive,
1541 5570 1600 5613 ut
1622 5578 1747 5617 .me-

181 5613 298 5670 lius
366 5614 755 5686 interpretatus
814 5627 899 5675 est
955 5613 1347 5692 Symmachus,
1407 5613 1744 5689 habitabant.

1852 5352 2273 5436 JASU_BU__enim
2302 5360 2532 5436 verbum
2553 5360 2870 5416 llebraicum
2895 5370 3188 5436 utrumque
3217 5364 3421 5436 signiﬁ-

1853 5436 1993 5506 ca“
2014 5428 2076 5506 In
2108 5429 2196 5481 illa
2232 5438 2410 5482 autem
2441 5431 2604 5506 hujus
2643 5447 2837 5506 versus
2853 5428 3136 5506 verbath
3160 5428 3417 5506 στήᾶεται

1854 5495 1946 5575 καὶ
1971 5496 2177 5575 bal/erat.
2209 5506 2359 5575 notat
2390 5499 2453 5552 ad
2481 5495 2651 5575 marg.
2682 5501 2778 5575 Ms.
2811 5500 2946 5575 Jes_.,
2973 5502 3043 5575 τὰ
3073 5495 3415 5575 ὼϐελισμένα

1853 5566 1930 5616 εἰς
1952 5568 2194 5647 colig-6130
2216 5568 2413 5631 τόπους
2446 5570 2504 5647 0})
2529 5566 2735 5647 κεῖνται
2766 5574 2822 5647 ὲν
2852 5566 3328 5647 τῷέξασελίδῳδι.
3360 5566 3413 5636 e.

1852 5650 1968 5703 quia
1991 5637 2133 5690 obolo
2182 5648 2432 5692 notantur
2464 5639 2516 5691 in
2542 5641 2743 5695 duobus
2782 5637 2912 5697 locis
2964 5662 3066 5699 non
3100 5637 3306 5701 exst'ant
3354 5652 3410 5707 in
