3826 6218
385 365 524 420 2983

386 470 812 548 ηητσωηενκι)

389 579 613 650 θήσεται
651 579 813 650 θήρα.

1268 531 1278 541 .
1326 531 1336 540 .
1386 528 1397 539 .
1442 530 1454 541 .
1499 492 1575 554 0’,
1611 490 1670 542 οὐ
1710 488 1963 559 ψηλαφη-

388 759 591 811 antu:
621 734 781 811 152737
818 752 853 806 5
924 753 982 805 Σ.
1028 794 1042 807 .
1089 792 1103 805 .
1147 792 1161 806 .
1208 794 1221 806 .
1265 793 1279 806 .
1320 754 1396 818 0',
1448 755 1543 807 καὶ
1576 731 1965 824 άσοενήσουσιν

390 842 450 892 ἐν
470 844 581 905 τοῖς
618 842 866 912 σώμασιν
888 842 1089 897 αὐτῶν.

391 1102 832 1182 nminat-ibant
917 1115 1315 1171 Ἀ.Σ.....
1359 1121 1650 1183 ....οι,
1688 1120 1964 1191 ἡγουμένη

391 1210 719 1283 φαρμάκων.

390 1396 463 1474 ηρ
506 1398 641 1447 mm
687 1397 843 1449 rma:
884 1384 1041 1449 nam
1085 1398 1227 1471 ποτε
1269 1398 1380 1448 την
1423 1375 1667 1474 Tm“):
1705 1398 1828 1451 mm
1864 1391 1895 1444 7

389 1464 597 1539 ria-mi
671 1464 1516 1545 νέαι
1570 1482 1971 1545 ἔσται,πᾶςὸ

386 1572 529 1643 ὀρῶν
564 1590 622 1626 σε
647 1573 1017 1643 καταϐήσεται
1043 1573 1150 1627 ἀπὸ
1179 1573 1294 1636 σοῦ,
1322 1572 1415 1625 καὶ
1441 1574 1576 1642 ἐρεῖ,
1622 1572 1843 1627 Δειλαία
1873 1573 1973 1625 Νι-

388 1666 541 1737 νευὴ,
575 1666 659 1729 τίς
691 1666 935 1731 στενάξει
957 1667 1162 1736 αὐτήν;

1436 367 1911 424 IIEXAPLORUM
1952 364 2121 432 QUAS
2164 363 2595 423 SUPERSUNT.

3494 358 3652 417 293‘

2140 484 2275 538 Heb.
2308 499 2416 538 non
2436 485 2644 539 recedet
2682 482 2877 553 praeda.
2905 482 2961 537 8.
2996 484 3083 537 ubi
3119 481 3431 537 indesinens
3454 478 3650 547 prada

2067 585 2169 629 est.
2205 572 2367 638 LXX,
2425 590 2531 627 non
2584 573 3010 628 contrectabitur
3065 572 3299 627 venatio.
3362 567 3463 621 Vul
3530 580 3649 619 non

2067 665 2285 719 recedet
2326 679 2354 717 a
2399 674 2448 718 te
2484 665 2691 734 rapina.

2138 756 2191 810 3.
2226 754 2389 810 Hebr.
2452 757 2749 827 impingeut
2803 756 2856 809 in
2907 768 3135 824 corpora
3191 766 3405 806 eorum.
3458 748 3522 803 8.
3592 755 3650 801 et

2070 846 2355 901 offendunt
2380 847 2433 900 in
2463 847 2820 901 cadaveribus
2862 855 3221 900 mortuorum.
3271 839 3435 903 LXX,
3471 850 3530 894 et
3561 840 3651 891 in-

2068 938 2427 990 ﬁrmabuntur
2462 938 2513 990 in
2549 938 2867 1007 corporibus
2889 951 3099 991 eorum.
3136 934 3257 988 \‘ul.
3298 941 3351 986 et
3379 938 3651 985 corruerit

2068 1030 2123 1083 in
2155 1029 2477 1099 corporibus
2523 1030 2659 1084 suis.

2140 1118 2195 1171 4.
2231 1118 2362 1173 lleb.
2398 1128 2639 1187 patrona:
2671 1117 3081 1173 maleficiorum.
3101 1116 3167 1169 Α.
3202 1114 3259 1167 8.
3289 1112 3500 1167 habens
3525 1123 3651 1164 ma-

2068 1211 2261 1267 leﬁcia.
2322 1211 2487 1277 LXX,
2558 1212 2667 1266 dux
2730 1210 3141 1266 maleﬁciorum.
3201 1206 3321 1260 ναι.
3385 1203 3650 1259 habentis

2069 1303 2357 1357 maleﬁcia.

2143 1390 2194 1444 7.
2230 1392 2363 1445 Heb.
2401 1391 2469 1445 Et
2493 1392 2597 1447 erit
2622 1391 2800 1446 omnis
2829 1392 2921 1459 qui
2955 1388 3150 1443 viderit
3185 1397 3237 1442 te
3287 1384 3579 1456 vagabitur
3616 1396 3651 1436 ι

2069 1490 2143 1546 te,
2169 1492 2223 1537 et
2249 1483 2410 1549 dicet,
2446 1482 2668 1539 Vastata
2694 1492 2777 1539 est
2802 1483 3013 1547 Ninive,
3063 1484 3188 1551 quis
3225 1479 3545 1536 condolebit
3565 1476 3655 1531 ei?

2070 1573 2130 1628 8.
2168 1574 2230 1628 Et
2264 1574 2445 1631 omnis
2475 1576 2569 1645 qui
2620 1576 2813 1630 viderit
2865 1585 2918 1629 te
2968 1573 3178 1628 recedet
3204 1588 3235 1627 a
3288 1581 3358 1635 te,
3392 1580 3446 1624 et
3480 1569 3649 1630 dicet,

2071 1662 2342 1733 Dissipata
2367 1674 2452 1721 est
2482 1664 2697 1729 Ninive,
2724 1665 2848 1735 quis
2876 1664 3079 1733 lugebit
3106 1679 3229 1718 cum
3256 1662 3359 1717 ea?
3387 1659 3559 1723 LXX,
3584 1656 3653 1713 Et

388 1757 511 1820 erit,
540 1758 718 1815 omnis
742 1760 834 1829 qui
875 1760 1069 1814 viderit
1090 1768 1140 1812 te
1166 1757 1379 1812 recedet
1403 1774 1430 1812 a
1470 1766 1541 1819 te,
1579 1765 1633 1811 et
1677 1756 1841 1819 dicet,
1902 1754 2099 1811 Misera
2137 1754 2350 1825 Ninive,
2419 1758 2544 1828 quis
2580 1765 2756 1828 gemet
2800 1757 2956 1812 eam?
3011 1755 3138 1809 Vul.
3178 1764 3232 1810 et
3266 1754 3407 1809 erit:
3440 1751 3651 1817 omnis,

386 1852 481 1921 qui
509 1852 703 1907 viderit
735 1863 805 1918 te,
843 1854 1045 1909 resiliet
1071 1864 1195 1919 ate,
1225 1863 1277 1909 et
1297 1855 1444 1909 dicet
1474 1873 1487 1907 :
1521 1851 1741 1907 Vastata
1761 1860 1844 1906 est
1866 1849 2059 1906 Niuive
2090 1869 2102 1905 :
2145 1852 2269 1920 quis
2298 1855 2662 1909 commovebit
2686 1869 2849 1925 super
2883 1864 2934 1907 te
2964 1851 3167 1922 caput?

384 1950 559 2029 vapn
596 1944 662 1999 18
748 1946 827 2000 Ἀ.
857 1947 915 1999 Σ.
937 1946 997 1998 Θ.
1020 1947 1049 1998 ὁ
1085 1948 1352 2015 συνάγων.
1372 1948 1448 2011 0’,
1477 1946 1853 2017 ἐκδεχόμενος.

2144 1946 2233 2001 18.
2269 1945 2404 2002 Heb.
2440 1949 2504 2003 Δ.
2549 1947 2607 2004 8.
2667 1947 2772 2003 Th.
2822 1946 2947 2004 Vul.
2975 1948 3068 2017 qui
3120 1951 3432 2016 congreget.
3478 1940 3651 2007 LXX,

2068 2036 2163 2105 qui
2198 2040 2487 2108 suscipiat.

1258 2149 1431 2210 Notae
1454 2154 1515 2208 et
1545 2144 1735 2208 variat
1781 2142 2091 2207 lectiones
2122 2149 2197 2210 ad
2229 2168 2365 2229 cap.
2400 2154 2488 2214 lll
2521 2156 2791 2218 Nahum.

418 2245 520 2327 'V.
558 2246 613 2330 l_.
654 2248 1049 2330 Hieronymus:
1100 2248 1256 2330 t_U_bi
1290 2245 1963 2330 nosnpo's‘u‘i'mfusnluicert‘t-

387 2318 527 2398 tione
552 2317 729 2398 plena,
764 2318 816 2372 in
851 2313 1076 2374 Hebraeo
1109 2320 1357 2398 ⁸Ιιιιιξξῖῑυι·
1396 2313 1667 2398 Ρίιειιβο
1688 2313 1959 2398 ΝΑΙΑΕᾼ»

384 2388 529 2455 quod
571 2389 957 2458 interpretatus
992 2401 1074 2443 est
1094 2390 1184 2447 Α..
1218 2389 1609 2459 ἐξαυχενισμοῦ
1644 2387 1880 2459 πλήρης.
1921 2383 1957 2436 i.

385 2476 460 2538 υ...
491 2461 904 2538 excertvicatione
942 2460 1118 2527 plena.
1157 2458 1517 2530 Symmachus
1548 2469 1727 2538 autem
1759 2458 1961 2538 arroso:

386 2527 516 2594 μίας
539 2527 783 2608 πλήρης,
811 2521 956 2608 quod
989 2521 1279 2608 possumus
1309 2532 1509 2608 dicere,
1538 2527 1851 2605 crudelitate
1879 2521 1966 2575 vel

385 2598 661 2653 severitate
691 2598 870 2667 plena.
912 2600 971 2653 lu
996 2598 1177 2654 altera
1208 2601 1329 2670 ejus
1355 2600 1593 2655 editione
1627 2598 1832 2666 reperi,
1868 2608 1964 2663 με·

2066 2248 2329 2329 λο,κοπίας
2362 2255 2596 2329 πλήρης,
2622 2258 2657 2312 i.
2692 2273 2767 2321 e.,
2800 2256 3114 2312 sectionibus
3146 2252 3422 2317 carnium,
3449 2262 3498 2306 et
3530 2249 3652 2319 Ira-

2066 2329 2175 2405 ηιξ.
2195 2338 2286 2405 per
2307 2329 2539 2405 Luembfa
2572 2329 2818 2381 concisis.
2848 2347 2865 2379 ι

2138 2389 2275 2465 ibid:
2306 2392 2387 2465 8.,
2424 2397 2511 2449 ubi
2543 2398 2838 2451 indesinena
2861 2405 2968 2451 etc.
2993 2394 3373 2465 Hieronymus-

2242 2463 2296 2535 ξ).
2334 2460 2414 2529 8.,
2439 2477 2489 2535 et
2513 2468 2781 2535 o/Iendunt
2804 2476 2907 2520 etc.
2938 2465 3162 2535 Drusius
3192 2460 3256 2517 ex
3290 2462 3653 2531 Hieronymo.

2144 2528 2206 2605 Χ.
2317 2528 2407 2605 ᾼ..
2438 2534 2520 2601 8.,
2545 2528 2750 2591 Ἱιαὺεηε
2774 2538 3057 2605 maleﬁcia.
3090 2533 3476 2605 Hieronymus.

2146 2598 2207 2653 V.
2242 2602 2295 2655 7.
2327 2602 2410 2670 S.,
2445 2598 2707 2661 et’omnis
2745 2608 2835 2677 qui
2873 2598 3059 2660 viderit
3084 2613 3188 2659 etc.
3222 2598 3619 2672 Hieronymus—

1462 2782 1833 2847 HABACUC
1889 2778 2144 2841 CAPUT
2191 2784 2527 2849 PRIMUM.

387 2920 571 2969 arma
607 2912 629 2964 l
724 2912 806 2965 Ἀ.
833 2912 1007 2982 ἅρμα.
1041 2912 1100 2969 Σ.
1130 2914 1206 2977 0',
1231 2912 1293 2964 Θ.
1338 2911 1553 2981 λῆμμα.

386 3012 541 3062 om:
577 3013 677 3062 '18“.
714 3004 747 3057 5
831 3005 910 3058 Ἀ.
948 3006 1005 3058 Σ.
1037 3004 1098 3058 Θ.
1140 3046 1152 3057 .
1200 3044 1211 3057 .
1258 3044 1270 3056 .
1312 3046 1322 3056 .
1371 3043 1383 3055 .
1426 3006 1501 3067 0’,
1542 3002 1678 3054 ἴδετε
1713 3001 1761 3052 οἱ
1796 3013 1967 3051 κατα-

388 3095 655 3164 φρονηταί
714 3096 959 3161 Ἄλλος,
988 3134 1002 3148 .
1033 3136 1047 3149 .
1078 3137 1091 3150 .
1121 3097 1346 3160 Ἀλλος
1367 3137 1381 3161 ,
1432 3135 1444 3147 .
1482 3136 1493 3147 .
1543 3136 1555 3146 .
1595 3134 1607 3145 .

386 3284 620 3336 πεῖν-τ)
653 3284 857 3336 υνηκτι
892 3257 963 3334 n5
999 3284 1209 3334 omni:
1244 3260 1353 3337 θίγε
1388 3256 1587 3336 ἠε-ν)
1673 3273 1730 3324 Σ.
1774 3310 1789 3327 .
1832 3309 1846 3322 .
1893 3311 1903 3322 .
1950 3312 1962 3323 .

388 3372 466 3434 0’,
492 3369 625 3423 διότι
650 3368 811 3440 ἔργον
840 3368 951 3437 ἐγὼ
972 3367 1278 3439 ἐργάζομαι
1303 3368 1359 3418 ἐν
1388 3368 1509 3427 ταῖς
1532 3364 1765 3434 ἡμέραις
1791 3360 1964 3431 ὑμῶν,

388 3458 418 3515 ὃ
441 3460 500 3514 οὐ
540 3459 612 3531 μὴ
635 3457 963 3529 πιστεύσητε
990 3458 1083 3511 ἐάν
1113 3474 1199 3520 τις
1239 3456 1576 3526 ἐκδιηγῆται.

391 3869 492 3922 NR”
526 3869 705 3922 1mm
741 3868 959 3920 TDDWD
989 3867 1141 3916 um:
1177 3865 1279 3915 N't‘t
1310 3854 1339 3907 Ἰ
1416 3853 1473 3907 Σ.
1500 3850 1660 3914 αὐτὸς
1682 3848 1859 3920 ἐαυτῷ
1890 3848 1967 3901 δι-

392 3954 573 4017 κάσει,
620 3953 715 4005 καὶ
765 3951 941 4021 δόγμα
970 3950 1031 4002 τὸ
1068 3947 1263 4002 ἑαυτοῦ
1312 3944 1743 4011 ἐπεξελεύσεται.
1781 3945 1857 4004 0’,
1908 3940 1968 4004 ἐξ

394 4044 561 4098 αὑτοῦ
593 4045 653 4096 τὸ
681 4043 855 4115 κρίμα
885 4041 1047 4095 αὐτοῦ
1078 4040 1250 4105 ἐσται,
1278 4040 1375 4091 καὶ
1400 4036 1461 4089 τὸ
1491 4036 1684 4106 λῆμμα
1718 4032 1882 4087 αὑτοῦ
1908 4030 1968 4097 ἐξ

392 4134 558 4189 αὑτοῦ
600 4134 957 4201 ἐξελεύσεται.

402 4343 580 4397 νιν-ιε
617 4340 749 4397 ἹΨΞΊ
786 4332 819 4386 8
889 4333 949 4386 Σ.
977 4374 989 4385 .
1024 4371 1037 4384 .
1083 4372 1096 4385 .
1134 4371 1147 4384 .
1184 4372 1198 4385 .
1228 4329 1306 4395 0',
1357 4326 1447 4381 atati.
1484 4321 1873 4391 ἐξιππάσονται
1923 4318 1973 4371 οἱ

407 4429 592 4490 ἱππεῖς
622 4426 806 4480 αὑτοῦ.

395 4636 513 4689 εσυ
550 4634 729 4682 nam
810 4624 891 4675 'A.
942 4622 1093 4692 παρὰ
1143 4619 1439 4691 παρδάλεις
1478 4616 1579 4687 τῆς
1606 4614 1865 4684 ἐσπέρας.
1896 4611 1971 4673 0',

400 4715 543 4783 ὑπὲρ
569 4715 695 4776 τοὺς
724 4711 920 4774 λύκους
945 4710 1047 4780 τῆς
1091 4709 1371 4780 ’Δραὸίας.

400 4898 525 4947 mat
562 4872 723 4948 072115
758 4870 859 4946 .15:
895 4885 928 4939 9
1000 4885 1057 4938 Σ.
1114 4884 1292 4938 πάντα
1334 4884 1414 4946 εἰς
1473 4877 1786 4945 πλεονεξίαν
1832 4875 1971 4947 ἥξει.

400 4984 479 5043 0',
521 4979 801 5034 συντέλεια
821 4979 902 5041 εἰς
928 4977 1144 5040 ἀσεᾰεῖς
1178 4976 1319 5045 ἣξει.

402 5165 586 5242 mil”?
618 5163 789 5215 Dn’JD
833 5165 1006 5214 nam
1076 5154 1132 5207 Σ.
1170 5155 1203 5224 ἡ
1256 5152 1520 5221 πρόσοψις
1547 5150 1641 5204 τοῦ
1682 5147 1974 5221 προσώπου

404 5239 585 5299 αὐτῶν
612 5246 809 5314 ἄνεμος
834 5244 1069 5297 καύσων.
1104 5243 1179 5308 Ο’,
1222 5243 1623 5313 ἀνθεστηκότας
1666 5239 1977 5311 προσώποις

405 5337 583 5391 αὐτῶν
607 5337 929 5404 ἐξεναντίας.

406 5525 567 5574 ωωκπ
610 5516 669 5568 Η
759 5516 839 5569 'A.
881 5516 937 5566 Σ.
973 5516 1068 5571 καὶ
1100 5513 1498 5585 πλημμελήσει.
1540 5516 1617 5576 υυ,
1663 5512 1757 5563 καὶ
1800 5509 1976 5575 ἐξιλάσ-

410 5624 579 5661 σεται.

410 5699 586 5747 πται
622 5672 724 5748 N5
760 5698 908 5772 jar-rp
944 5672 1074 5746 ’πθ-λς
1111 5697 1266 5748 ττι-ιν
1312 5699 1483 5772 mpm
1517 5700 1637 5747 nm
1675 5671 1806 5748 m‘m
1845 5686 1912 5741 te

409 5788 567 5839 1mm
605 5763 793 5837 num-15
824 5763 949 5839 nun
976 5791 1143 5839 1mm
1191 5763 1414 5841 ωειιῇος
1462 5792 1581 5841 mm
1668 5784 1747 5835 Ἀ.
1788 5823 1799 5835 .
1850 5822 1863 5835 .
1908 5822 1919 5833 .
1966 5823 1978 5835 .

477 5911 489 5923 .
538 5908 550 5921 .
596 5872 691 5923 καὶ
712 5871 928 5941 στερεὸν
956 5874 1035 5934 εἰς
1060 5873 1121 5925 τὸ
1140 5873 1384 5943 ἐλέγχειν
1407 5875 1775 5946 ἐθεμελίωσας
1796 5874 1977 5929 αὐτόν.

414 5960 1981 6037 Σ........εἰςτὸκρίνειν......καὶκρα-

2142 2911 2191 2963 Ι.
2227 2911 2357 2968 Heb.
2398 2916 2463 2968 A.
2502 2912 2624 2967 Vul.
2649 2929 2808 2968 onus.
2840 2914 2895 2966 8.
2924 2910 3083 2976 LXX,
3111 2909 3212 2965 Th.
3244 2902 3577 2975 assumptio.

2140 3005 2192 3058 5.
2228 3004 2357 3059 lleb.
2396 3005 2573 3059 videte
2601 3006 2653 3058 in
2689 3006 2961 3074 gentibus.
2986 3004 3051 3057 A.
3095 3000 3153 3055 8.
3202 2999 3304 3055 'l'h.
3344 2998 3466 3052 Vul.
3495 2998 3658 3069 aspiv

2068 3098 2174 3151 cite
2200 3098 2253 3151 in
2284 3098 2558 3167 gentibus.
2594 3096 2757 3162 LXX,
2790 3098 2968 3151 videte
3013 3104 3430 3162 contemptores.
3459 3091 3655 3153 Alius.

2070 3190 2321 3244 videbitis
2342 3190 2787 3243 ealunmiatores.
2806 3188 2952 3240 Alius
2973 3227 2987 3250 ,
3014 3186 3265 3239 videbitis
3282 3184 3656 3237 declinantes.

2139 3276 2206 3331 H.
2261 3277 2397 3343 Quia
2439 3293 2575 3347 opus
2622 3292 2855 3346 operans
2898 3275 2951 3328 in
3016 3274 3208 3328 diebus
3259 3269 3474 3329 vestris,
3534 3282 3656 3319 non

2069 3371 2292 3425 creditis
2320 3386 2444 3425 cum
2478 3370 2815 3423 narrabitur.
2856 3367 2912 3419 S.
2943 3366 3069 3435 quia
3097 3380 3234 3435 opus
3256 3361 3344 3415 (iet
3364 3360 3417 3412 iu
3447 3358 3659 3411 diebus

2067 3464 2280 3527 vestris,
2311 3464 2456 3533 quod
2484 3478 2641 3517 nemo
2662 3461 2847 3515 credet
2865 3474 2987 3513 cum
3013 3449 3660 3519 narrabitur.LXX,quia

2050 3536 2204 3620 'opus
2222 3568 2321 3621 ego
2346 3567 2540 3621 operor
2565 3552 2615 3604 in
2646 3550 2835 3603 diebus
2862 3549 3061 3602 vestris
3086 3546 3229 3615 quod
3259 3560 3363 3598 non
3384 3542 3657 3604 credetis,

2067 3646 2111 3699 si
2143 3645 2265 3713 quis
2318 3643 2639 3697 narraverit.
2684 3639 2805 3693 Vul.
2848 3640 2975 3708 quia
3040 3652 3176 3707 opus
3209 3636 3406 3690 factum
3444 3644 3532 3687 est
3600 3634 3657 3686 in

2067 3736 2258 3790 diebus
2294 3735 2509 3793 vestris.
2542 3732 2688 3802 quod
2729 3746 2891 3785 nemo
2922 3729 3105 3784 credet
3132 3742 3255 3784 cum
3310 3724 3656 3779 narrabitur.

2102 3848 2153 3901 7.
2190 3846 2327 3905 lleb.
2359 3846 2473 3914 Ipsa
2504 3863 2568 3901 cx
2596 3844 2773 3913 seipsa
2807 3841 3070 3911 judicium
3120 3840 3259 3908 ejus,
3294 3846 3350 3892 et
3386 3835 3660 3890 exaltatio

2067 3938 2184 4006 ejus
2218 3939 2542 4007 egredietur.
2570 3936 2626 3990 8.
2658 3934 2774 4003 Ipsa
2806 3930 3201 4001 sibijudicabit,
3230 3940 3283 3982 et
3310 3928 3531 3981 decreto
3549 3940 3658 3978 suo

2067 4028 2391 4097 egredietur.
2441 4027 2602 4092 LXX,
2659 4045 2721 4082 ex
2767 4028 2881 4098 ipsa
2932 4023 3193 4094 judicium
3255 4018 3377 4085 ejus
3422 4021 3547 4078 erit,
3600 4024 3656 4069 et

2070 4122 2370 4191 assumptio
2413 4121 2531 4190 ejus
2558 4136 2621 4175 ex
2648 4135 2705 4175 se
2734 4119 3056 4190 egredietur.
3088 4112 3207 4167 Vol.
3240 4110 3315 4164 Ex
3354 4110 3653 4177 semetipsa

2069 4214 2355 4285 judicium,
2374 4222 2426 4267 et
2463 4228 2602 4268 onus
2628 4212 2745 4281 ejus
2763 4210 3085 4282 egredietur.

2142 4305 2193 4359 8.
2228 4304 2294 4358 Η.
2326 4315 2380 4357 et;
2402 4304 2505 4357 late
2534 4303 2792 4371 patebunt
2823 4301 3031 4369 equites
3060 4297 3193 4365 ejus.
3215 4293 3272 4347 8.
3304 4290 3653 4346 eﬂ'undentur

2074 4395 2288 4465 equites
2314 4392 2454 4461 ejus.
2475 4389 2635 4454 LXX,
2660 4399 2713 4444 et
2740 4388 3061 4459 equitabunt
3093 4384 3303 4453 equites
3335 4381 3477 4451 ejus.
3522 4376 3652 4432 γυι.

2073 4496 2128 4542 et
2174 4485 2543 4541 diﬂundentur
2576 4482 2785 4551 equites
2814 4480 2954 4549 ejus.

2147 4575 2310 4629 Hebr.
2338 4588 2445 4643 pra:
2477 4572 2618 4641 lupis
2646 4583 2901 4638 vesperae.
2938 4567 3000 4620 A.
3032 4579 3141 4635 pra‘
3168 4561 3353 4634 pardis
3384 4573 3648 4629 vesperae.

2076 4666 2241 4733 LXX,
2343 4666 2484 4735 lupis
2561 4663 2792 4717 Arabian
2870 4658 2993 4712 Vul.
3090 4652 3440 4727 (velociores)
3508 4651 3650 4720 lupis

2078 4759 2424 4830 vespertinis.

2146 4856 2201 4908 9.
2235 4852 2298 4906 ll.
2336 4861 2442 4904 tota
2476 4850 2589 4918 ipsa
2623 4846 2688 4901 ad
2745 4844 2986 4911 rapinam
3024 4839 3219 4893 veniet.
3280 4836 3338 4891 8.
3378 4835 3565 4889 omnia
3598 4834 3653 4887 in

2077 4946 2362 5003 avaritiam
2422 4942 2657 4995 venient.
2712 4934 2872 4999 LXX,
2906 4930 3305 4987 consummatio
3345 4927 3400 4981 in
3456 4924 3653 4984 impios

2079 5037 2279 5091 veniet.
2312 5033 2433 5087 Vol.
2468 5047 2657 5087 onmes
2686 5029 2752 5084 ad
2788 5024 3021 5097 praadam
3056 5023 3291 5076 venient.

2155 5127 2289 5183 Heb.
2336 5124 2604 5196 oppositio
2639 5122 2898 5175 facierum
2935 5131 3121 5171 eorum
3158 5114 3224 5166 ad
3262 5110 3557 5165 orientem.
3594 5105 3653 5161 8.

2083 5226 2335 5289 aspectus
2370 5215 2546 5268 vultus
2603 5226 2795 5266 eorum
2836 5217 3034 5261 ventus
3080 5218 3265 5258 urens.
3310 5199 3480 5265 LXX,
3521 5202 3655 5253 resi-

2084 5308 2551 5367 stentesl‘aciebus
2583 5306 2823 5374 ipsorum
2890 5316 2956 5354 ex
3014 5298 3264 5352 adverso.
3302 5293 3431 5349 Vul.
3488 5292 3655 5347 facies

2082 5420 2268 5459 εονιιιιι
2297 5412 2490 5456 νοιιιιιδ
2526 5413 2705 5452 υνριιε.

2153 5498 2239 5550 lt.
2267 5495 2427 5549 Hebr.
2463 5497 2528 5547 Α.
2557 5491 2613 5543 8.
2650 5500 2703 5543 et
2730 5488 3025 5556 delinquet.
3063 5482 3225 5547 LXX,
3251 5492 3306 5537 et
3331 5478 3656 5552 propitiabi-

2086 5600 2189 5644 tur.
2224 5587 2347 5642 Vul.
2379 5597 2432 5640 et
2461 5593 2695 5640 corruet.

2159 5684 2246 5736 t2.
2280 5679 2341 5734 ll.
2388 5679 2576 5739 Nonne
2602 5683 2655 5729 tu
2680 5690 2707 5727 a
2744 5671 3012 5741 principio
3033 5667 3302 5722 Dominus
3339 5664 3489 5719 Deus
3505 5678 3657 5717 mens

2088 5786 2313 5831 sanctus
2354 5772 2549 5826 meus?
2612 5785 2715 5823 non
2774 5766 3091 5826 moriemur,
3130 5760 3386 5823 Domino,
3417 5756 3487 5810 ad
3517 5755 3656 5824 judi-

2086 5871 2231 5925 cium
2267 5864 2494 5935 posuisti
2524 5878 2679 5928 cum,
2708 5869 2758 5914 et
2795 5866 3004 5928 petram
3023 5856 3090 5909 ad
3122 5848 3521 5919 increpandum
3544 5845 3657 5900 fun-

2088 5962 2223 6020 dasti
2259 5974 2408 6018 eum.
2430 5960 2472 6012 A
2615 5964 2667 6010 et
2688 5954 2903 6008 ﬁrmum
2929 5949 2994 6005 ad
3036 5944 3379 6019 arguendum
3414 5940 3657 5996 fundasti
