3826 6218
391 236 529 293 2937

390 367 506 404 στει
540 348 715 421 ζήσει.
747 351 821 415 0',
854 353 883 405 ὁ
916 351 974 405 δὲ
1015 351 1218 417 δίκαιος
1268 354 1331 409 ἐκ
1368 353 1601 419 πίστεώς
1647 373 1748 427 μου
1798 355 1958 427 ζήσε-

388 457 498 495 ται.

350 500 351 503 Ἴ
384 542 494 594 rm?
528 517 621 593 N51
656 534 691 588 5
762 534 821 587 Σ.
852 535 946 588 καὶ
983 534 1083 590 οὐκ
1106 537 1400 609 εὐπορήσει
1424 538 1521 609 (al.
1569 541 1951 609 εὐπραγήσει).

385 629 464 691 0’,
495 626 652 680 οὐθὲν
676 627 748 697 μὴ
785 627 1015 698 περάνῃ.
1282 660 1283 663 η

380 815 529 892 πρυ
565 808 595 859 7
673 811 735 861 Οἱ
765 809 988 872 λοιποὶ,
1043 811 1136 863 καὶ
1180 809 1682 879 ὲξυπνισθήσονται.
1732 812 1810 873 0’.
1858 810 1953 863 καὶ

381 897 723 966 ἐκνήψουσιν.
855 928 857 931 ι
1032 950 1035 953 ,

382 998 463 1048 77."!
503 990 534 1043 9
608 990 666 1042 Σ.
700 988 857 1042 Οὐαί.
892 990 969 1051 0’,
1010 984 1075 1042 ὦ.

380 1090 533 1145 nam
570 1090 703 1165 Vm:
738 1089 892 1141 omni
928 1085 1072 1166 pum
1106 1090 1260 1168 mp2:
1293 1090 1486 1167 pit-7:
1523 1080 1581 1136 tt
1691 1082 1906 1147 Ἄλλος
1932 1121 1948 1143 ,

384 1170 1951 1244 ...1.....”Αλλος,.......Ο’,διότιλίθος

378 1258 447 1310 ὲκ
482 1258 661 1327 τοίχου
698 1258 973 1329 βοήσεται,
1001 1260 1095 1312 καὶ
1130 1260 1399 1332 κάνθαρος
1420 1261 1484 1313 ὲκ
1519 1258 1673 1324 ξύλου
1716 1261 1946 1330 φθέγξε-

378 1366 471 1402 ται
494 1350 653 1404 αὑτά.

1443 238 1915 298 HEXAPLORUM
1954 238 2122 307 QUAE
2158 234 2590 296 SUPERSUNT.

2063 362 2243 408 autem
2299 368 2367 410 ex
2407 351 2511 406 (ide
2568 362 2686 403 mea
2725 348 2884 402 vivet.
2927 343 3050 399 Vul.
3114 344 3299 414 justus
3356 350 3536 398 autem
3570 343 3627 398 in

2064 444 2171 499 ﬁde
2192 459 2293 499 sua
2320 443 2482 497 vivet.

2134 539 2188 593 5.
2215 536 2384 593 Hebr.
2416 545 2471 590 et
2505 549 2614 590 non
2649 529 2933 587 habitabit.
2976 530 3033 586 S.
3080 540 3135 586 et
3173 544 3280 584 non
3328 527 3629 587 abundabit

2066 629 2163 700 [αι.
2197 625 2587 698 prosperabit].
2618 624 2780 691 LXX,
2826 624 2961 680 nihil
3010 622 3269 693 perducet
3320 621 3391 675 ad
3422 622 3611 674 linem.

2060 718 2185 772 Vul.
2217 734 2326 773 non
2364 717 2732 773 decorabitur.
2766 726 2779 737 ’

2127 809 2182 864 7.
2218 808 2353 864 Heb.
2392 806 2554 873 LXX,
2592 816 2647 862 et
2672 805 3026 877 evigilabunt.
3068 802 3310 872 Reliqui,
3334 808 3391 855 et
3434 814 3625 870 exper-

2056 898 2484 971 giscentur.Vul.
2517 906 2569 953 et
2601 897 3027 953 suscitabuntur.

2127 991 2180 1045 9.
2224 990 2386 1046 Hebr.
2432 989 2493 1044 S.
2523 988 2649 1043 Vul.
2682 988 2795 1043 Vae.
2832 985 2995 1049 LXX,
3018 1001 3070 1040 ο.

2128 1084 2221 1137 il.
2245 1081 2409 1138 Hebr.
2441 1081 2569 1151 quia
2600 1079 2736 1147 lapis
2764 1094 2795 1133 e
2851 1079 3057 1148 pariete
3093 1078 3366 1143 clamabit,
3390 1086 3445 1131 et
3477 1076 3623 1131 trabs

2057 1173 2127 1230 de
2157 1174 2305 1243 ligno
2340 1172 2690 1243 respondebit
2714 1173 2785 1227 ei.
2820 1171 2996 1237 Alius,
3021 1170 3148 1240 quia
3178 1170 3315 1240 lapis
3340 1169 3394 1223 in
3417 1169 3623 1237 pariete

2057 1266 2338 1332 clamabit,
2369 1264 2526 1336 quasi
2568 1264 2769 1319 vermis
2798 1263 2851 1316 in
2890 1262 3038 1333 ligno
3073 1262 3317 1331 loquens.
3350 1260 3529 1321 Alius,
3549 1259 3622 1310 la-

2058 1355 2141 1425 pis
2173 1355 2316 1409 enim
2348 1354 2414 1409 de
2435 1354 2639 1424 pariete
2688 1351 3099 1416 vociferabitur,
3145 1360 3198 1405 ct
3225 1349 3439 1420 σκώληξ
3462 1349 3533 1402 de
3558 1348 3620 1401 li-

380 1458 489 1513 gno
531 1444 781 1512 loquetur
830 1446 900 1499 ei.
942 1443 1104 1509 LXX,
1165 1446 1423 1515 quoniam
1471 1445 1609 1516 lapis
1658 1446 1727 1501 de
1764 1446 1972 1517 pariete
2027 1446 2305 1511 clamabit,
2343 1444 2727 1499 etscarabeus
2757 1442 2824 1498 de
2874 1442 3023 1514 ligno
3073 1443 3323 1511 loquetur
3376 1456 3461 1495 ea.
3495 1437 3616 1492 Vul.

378 1536 508 1605 quia
562 1536 699 1605 lapis
746 1537 815 1591 de
843 1539 1044 1607 pariete
1103 1537 1358 1593 clamabit
1386 1557 1399 1592 :
1429 1546 1483 1595 et
1532 1539 1758 1611 lignum,
1785 1538 1930 1609 quod
1968 1538 2108 1593 inter
2134 1537 2421 1606 iuncturas
2449 1534 2800 1590 aediﬁciorum
2831 1544 2935 1600 est,
2970 1533 3313 1603 reSpondebit
3347 1533 3419 1586 ei.

378 1638 530 1695 nam
561 1640 696 1717 Vim
721 1636 876 1693 D’DJ‘I
960 1635 1037 1685 Ἀ.
1068 1633 1163 1685 καὶ
1193 1632 1339 1704 μάζα
1380 1635 1445 1686 ὲκ
1486 1632 1643 1698 ξύλου
1686 1635 1945 1704 (ἀποκρι-

381 1722 645 1794 θήσεται).
686 1724 743 1778 2.
775 1726 868 1777 καὶ
911 1723 1206 1795 σύνδεσμος
1249 1724 1533 1794 οἰκοδομῆς
1573 1724 1780 1789 ξύλινος
1814 1725 1949 1777 ἀπο-

380 1812 691 1881 φθέγξεται.
720 1813 795 1867 Θ.
846 1815 920 1880 E',
973 1816 1067 1867 καὶ
1119 1813 1416 1886 σύνδεσμος
1460 1814 1616 1881 ξύλου
1653 1814 1947 1885 φθέγξεται

378 1904 538 1958 αὑτά.
579 1904 640 1958 Θ.
678 1905 897 1972 ἄλλως,
924 1905 1201 1979 ἔνδεσμος.
1225 1906 1578 1964 Barberinus.

379 2089 550 2163 ’νη-τι
584 2089 751 2142 ΓΕΒΟὩ
775 2092 913 2147 ἪἩἾ
949 2093 1129 2171 ΓΓΡῑΠῸ
1164 2094 1246 2145 ἽΊΠ
1287 2085 1353 2139 15
1435 2087 1514 2139 Ἀ.
1539 2127 1581 2140 ..
1609 2128 1623 2140 .
1652 2086 1711 2151 ἐξ
1746 2089 1946 2158 ἐκπέμ-

378 2173 546 2241 ψεως.
574 2172 796 2228 Barber.
833 2174 893 2239 ἐξ
918 2176 1248 2247 ἐπιτρίψεως
1283 2177 1438 2248 χόλου
1480 2195 1595 2232 σου.
1624 2180 1683 2231 Σ.
1712 2218 1725 2231 .
1754 2220 1767 2232 .
1800 2219 1813 2231 .
1855 2179 1950 2231 καὶ

380 2262 555 2332 ἀφιὼν
602 2264 841 2335 ἀκρίτως
885 2266 975 2320 τὸν
1003 2268 1172 2339 θυμὸν
1207 2269 1424 2325 ἑαυτοῦ.
1450 2272 1528 2335 Ο’,
1562 2266 1633 2323 Ὦ
1653 2272 1683 2323 ὀ
1713 2271 1949 2335 ποτίζων

380 2353 473 2405 τὸν
493 2352 718 2423 πλησίον
741 2354 904 2407 αὑτοῦ
930 2357 1207 2428 ἀνατροπῇ
1240 2357 1453 2430 θολερᾷ.
1484 2360 1561 2425 Ε’,
1600 2360 1658 2425 ἐξ
1681 2361 1949 2431 ἀπροσδο-

382 2443 549 2530 κήτου
574 2444 884 2517 ἀνατροπῆς
910 2448 1019 2530 τῆς.
1042 2448 1212 2518 ὀργῆς
1264 2466 1377 2503 σου.
1408 2449 1469 2502 Θ.
1507 2490 1521 2502 .
1557 2491 1571 2504 .
1601 2491 1615 2504 .
1651 2492 1665 2505 .
1697 2492 1711 2505 .
1748 2490 1763 2503 .
1804 2490 1818 2504 .
1840 2452 1950 2505 ἀπὸ

380 2529 595 2599 χύσεως
629 2534 803 2605 θυμοῦ
837 2551 953 2590 σου.
988 2529 1241 2604 Ἄλλος,
1295 2539 1416 2591 οὐαὶ
1445 2540 1522 2608 τῷ
1564 2539 1833 2602 ποτίζοντι
1858 2540 1949 2593 τὸν

382 2622 598 2694 ἑταῖρον
622 2627 786 2680 αὑτοῦ
814 2628 1015 2700 ἀέλλην
1045 2629 1371 2701 πετομένην.
1406 2631 1636 2697 Ἄλλος,
1670 2672 1683 2684 .
1724 2673 1737 2684 .
1786 2673 1797 2683 .
1835 2671 1847 2684 .
1886 2673 1903 2687 .
1930 2670 1945 2684 .

382 2716 635 2771 ἔκστασιν
657 2718 1009 2790 ὀχλουμὲνην.

382 3016 642 3075 tantum:
724 3011 805 3064 ’A.
827 3010 925 3082 τὴν
955 3011 1230 3082 γύμνωσιν
1252 2994 1454 3067 αύτῶν.
1488 3014 1545 3067 Σ.
1582 3012 1679 3082 τὴν
1705 3013 1949 3086 domuo-

384 3099 551 3171 σύνην
574 3100 775 3155 αὐτῶν.
809 3101 886 3166 0’,
914 3101 983 3155 τὰ
1008 3104 1248 3174 σπήλαια
1273 3103 1475 3157 αὐτῶν.

380 3175 551 3258 ‘nyrn
588 3193 655 3249 16
739 3195 817 3248 'A.
854 3195 947 3248 καὶ
983 3196 1281 3269 καρώθητι.
1316 3199 1393 3263 0',
1424 3196 1735 3268 σαλεύθητι.

379 3384 510 3434 om
547 3373 612 3426 17
698 3374 777 3429 Ἀ.
812 3368 971 3445 αἷμα.
995 3376 1055 3429 Σ.
1085 3376 1386 3445 πλεονεξία.
1417 3379 1494 3443 0',
1528 3378 1771 3435 ἀσέϐεια.

381 3561 571 3611 nm
605 3560 713 3611 'nm
794 3552 876 3607 Ἀ.
900 3552 995 3606 καὶ
1024 3554 1270 3625 προνομὴ
1300 3554 1532 3627 κτηνῶν.
1567 3556 1627 3610 Σ.
1671 3556 1949 3628 διαρπαγὴ

380 3641 614 3711 κτηνῶν.
648 3645 725 3708 0’,
762 3643 1105 3713 ταλαιπωρία
1128 3642 1353 3714 θηρίων.

380 3737 527 3818 πῖθι-ι’
614 3730 695 3783 Ἀ.
720 3732 1050 3802 καταπτήξει
1077 3733 1293 3797 αὐτούς.
1322 3736 1379 3787 Σ.
1406 3736 1649 3805 ἡττήσει.
1683 3740 1760 3801 U’,
1788 3737 1951 3808 πτοή-

385 3838 468 3874 σει
493 3838 573 3877 σε.

384 3898 575 3973 mpr
610 3912 674 3968 is
747 3915 805 3968 Σ.
831 3902 1022 3969 nam.
1065 3917 1141 3980 οι,
1174 3917 1352 3986 κωφὰ.

380 4018 558 4096 121p:
592 4017 677 4096 px
710 3993 935 4070 marem
967 4008 1032 4062 19
1119 4009 1197 4061 ’A.
1237 4050 1250 4063 .
1285 4049 1301 4063 .
1331 4048 1344 4063 .
1375 4049 1389 4063 .
1420 4008 1497 4075 0',
1528 4010 1621 4064 καὶ
1654 4012 1764 4065 πᾶν
1789 4009 1953 4067 πνεῦ-

386 4116 464 4169 μα
490 4101 589 4153 οὐκ
611 4099 755 4153 ἐστιν
782 4102 839 4151 ὲν
869 4099 1054 4170 αὐτῷ.

2118 1630 2255 1686 Heb.
2288 1640 2343 1685 et
2368 1630 2517 1685 trabs
2549 1629 2615 1683 de
2642 1629 2789 1699 ligno
2810 1628 3160 1699 respondebit
3173 1628 3244 1682 ei.
3266 1626 3329 1681 A.
3354 1637 3408 1680 et
3441 1642 3617 1683 massa

2046 1724 2114 1780 de
2130 1724 2275 1795 ligno
2305 1721 2673 1792 respondebit.
2702 1718 2758 1775 S.
2793 1729 2850 1775 et
2894 1719 3172 1789 colligatio
3200 1717 3411 1773 aedilicii
3442 1716 3615 1787 lignea

2047 1831 2235 1872 vocem
2269 1814 2439 1871 dabit.
2467 1812 2629 1869 Th.V
2667 1812 2767 1869 Ed.
2800 1822 2855 1868 et
2901 1811 3173 1883 colligatio
3202 1811 3328 1882 ligni
3354 1808 3617 1864 vocifera-

2046 1908 2195 1963 bitur
2224 1921 2307 1962 ea.
2339 1904 2464 1960 Vul.
2494 1915 2546 1961 et
2580 1905 2809 1975 lignum,
2850 1906 2993 1975 quod
3016 1903 3159 1959 inter
3180 1902 3465 1973 juncturas
3483 1901 3612 1956 tedi-

2049 2005 2292 2057 licinrum
2328 2009 2413 2059 est
2437 1999 2803 2070 respondebit.
3342 2058 3349 2069 ,

2119 2094 2204 2148 l5.
2235 2092 2397 2147 Hebr.
2430 2092 2518 2147 Va:
2572 2087 2882 2160 propinanti
2933 2087 3085 2141 socio
3133 2099 3254 2151 suo,
3302 2082 3614 2154 adjungcnti

2048 2200 2315 2240 venenum
2347 2194 2520 2239 tuum.
2548 2183 2612 2237 A.
2642 2221 2656 2237 .
2685 2223 2698 2237 .
2728 2220 2743 2236 .
2772 2222 2787 2235 .
2837 2198 2900 2236 ex
2930 2178 3242 2235 emissione.
3272 2176 3437 2231 Barb.
3462 2177 3614 2230 attri-

2048 2278 2197 2333 tione
2223 2276 2430 2332 furoris
2461 2276 2560 2330 tui.
2598 2274 2658 2329 S.
2687 2314 2702 2329 .
2734 2314 2747 2327 .
2778 2314 2791 2327 .
2816 2315 2828 2327 .
2854 2282 2908 2327 et
2945 2270 3200 2325 emittens
3239 2269 3443 2337 absque
3466 2268 3613 2337 judi-

2048 2369 2134 2425 cio
2164 2368 2403 2423 furorem
2437 2382 2617 2422 suum.
2645 2363 2806 2429 LXX,
2844 2361 2889 2418 Ο
2926 2362 3017 2432 qui
3067 2359 3341 2441 propinat
3366 2358 3615 2429 proximo

2049 2478 2154 2518 suo
2186 2460 2598 2517 subversionem
2646 2456 2939 2513 turbidam.
2968 2454 3034 2520 V,
3067 2454 3135 2509 de
3184 2454 3455 2523 inSperata
3487 2451 3615 2505 sub-

2048 2558 2299 2610 versione
2328 2554 2422 2607 irae
2444 2564 2568 2606 tuae.
2599 2548 2705 2604 Th.
2734 2593 2745 2604 .
2774 2589 2791 2601 .
2818 2593 2830 2603 .
2859 2589 2873 2603 .
2901 2549 2967 2603 de
2999 2546 3261 2602 effusione
3290 2542 3494 2599 furoris
3512 2544 3612 2598 lui.

2048 2647 2222 2711 Alius,
2258 2643 2348 2698 Vae
2387 2644 2477 2713 qui
2509 2654 2701 2713 potum
2741 2642 2833 2695 dat
2874 2638 3050 2694 amico
3088 2652 3188 2693 suo
3215 2634 3484 2690 turbinem
3522 2649 3617 2687 vo-

2049 2740 2273 2793 lantem.
2299 2736 2473 2801 Alius,
2501 2734 2592 2789 Va:
2620 2734 2711 2804 qui
2745 2741 2932 2803 potum
2960 2731 3053 2786 dat
3080 2728 3257 2782 amico
3278 2741 3379 2782 suo
3405 2726 3614 2780 extasin

2054 2830 2356 2886 turbidam.
2401 2826 2528 2881 Vul.
2558 2825 2650 2880 \‘a:
2675 2823 2765 2895 qui
2799 2833 2985 2895 potum
3013 2821 3107 2876 dat
3136 2818 3315 2881 amico
3348 2832 3468 2882 suo,
3493 2816 3617 2870 mit-

2051 2933 2171 2978 tens
2205 2920 2278 2976 fel
2310 2933 2493 2974 suum.

2122 3011 2190 3065 l1.
2221 3008 2516 3066 nuditates.
2551 3007 2616 3061 A.
2649 3004 2947 3061 nuditatem
2976 3014 3189 3057 eorum.
3242 2996 3305 3053 S.
3330 2993 3617 3064 turpitudi-

2050 3120 2173 3160 nem
2201 3118 2414 3159 eorum.
2441 3100 2605 3167 LXX,
2652 3098 2942 3170 Speluncas
2971 3111 3186 3152 eorum.

2123 3193 2210 3249 l6.
2242 3193 2379 3247 Heb.
2404 3201 2459 3248 et
2493 3192 2769 3247 denudare
2797 3188 3144 3259 praeputium.
3176 3186 3242 3238 A.
3274 3182 3621 3238 Vul.etcon-

1982 3314 1995 3331 κ
2052 3276 2255 3355 sopire.
2284 3283 2451 3349 LXX,
2481 3297 2843 3339 commovere.

2120 3377 2208 3431 l7.
2235 3375 2370 3431 Heb.
2403 3375 2613 3446 rapina.
2666 3376 2739 3429 Α..
2790 3371 3034 3442 sanguis.
3069 3369 3125 3425 S.
3168 3368 3415 3423 avaritia.
3452 3363 3617 3429 LXX,

2050 3470 2303 3541 impietas
2328 3467 2452 3522 Vul.
2472 3467 2753 3537 iniquitas.

2122 3556 2190 3611 Η.
2218 3558 2283 3612 Α.
2312 3565 2365 3611 et
2385 3556 2564 3627 praeda
2582 3551 3057 3625 jumentorumﬁ.
3086 3551 3313 3621 direptio
3346 3550 3620 3620 jumento-

2053 3647 2363 3714 rum.LXX,
2384 3648 2600 3704 miseria
2623 3643 3243 3710 bestiarum.V,vastitas
3274 3641 3617 3697 animalium.

2122 3736 2258 3792 Heb.
2293 3745 2540 3792 conteret
2583 3750 2699 3792 eas.
2740 3736 2805 3789 A.
2848 3734 2979 3791 ναι.
3031 3732 3328 3788 deterrebit
3379 3747 3500 3787 eos.
3553 3730 3615 3786 S.

2052 3828 2348 3898 superabit.
2375 3828 2540 3894 LXX,
2573 3827 2795 3882 terrebit
2818 3833 2899 3881 te.

2129 3918 2218 3973 18.
2257 3918 2422 3973 Hebr.
2451 3917 2510 3972 S.
2548 3917 2708 3983 LXX,
2743 3916 2869 3971 Vul.
2910 3923 3087 3971 mula.

2123 4008 2217 4063 l9.
2240 4009 2406 4064 Hebr.
2445 4017 2501 4064 et
2533 4009 2712 4063 omnis
2740 4007 2962 4078 spiritus
3012 4020 3120 4060 non
3165 4004 3218 4059 in
3250 4003 3428 4059 medio
3475 4003 3600 4076 ejus

2053 4100 2120 4154 A.
2160 4110 2217 4157 et
2257 4102 2480 4171 spiritus
2514 4101 2634 4169 ejus
2672 4115 2781 4156 non
2820 4106 2905 4155 est
2959 4099 3011 4153 in
3045 4098 3364 4161 visceribus,
3420 4097 3537 4153 sive
3565 4098 3619 4151 in

2053 4192 2233 4247 medio
2272 4193 2413 4262 ejus.
2468 4191 2631 4258 LXX,
2694 4200 2749 4247 et
2780 4188 2960 4245 omnis
3005 4189 3228 4259 spiritus
3276 4204 3383 4243 non
3442 4197 3530 4245 est
3565 4190 3617 4243 in

2049 4299 2135 4338 eo.
2165 4282 2287 4339 Vul.
2313 4294 2367 4339 et
2390 4285 2568 4340 omnis
2593 4283 2820 4354 spiritus
2842 4296 2946 4336 non
2970 4290 3055 4336 est
3074 4281 3127 4335 in
3149 4280 3450 4336 visceribus
3474 4281 3619 4353 ejus.

1200 4385 1375 4445 Nota)
1404 4391 1465 4446 et
1494 4386 1683 4449 variae
1725 4386 2033 4454 lectiones
2065 4395 2145 4456 ad
2176 4412 2312 4473 cap.
2347 4395 2402 4456 Il
2433 4394 2747 4455 Habacuc.

452 4486 590 4541 v.4.
617 4484 875 4560 S.,_quasi
895 4496 1068 4540 custos
1099 4495 1206 4560 etc.
1239 4485 1601 4560 Hieronymus
1617 4491 1707 4560 qui
1741 4493 1949 4549 subdit:

389 4580 407 4612 ι
434 4560 540 4615 Pro
580 4557 866 4610 munitione
897 4565 951 4612 et
980 4566 1148 4632 petra,
1178 4558 1425 4632 in‘cu_j_us
1448 4557 1654 4614 'locuni
1688 4558 1838 4632 Sym.
1868 4565 1953 4618 in-

381 4636 713 4699 terpretatus
747 4637 848 4699 git,
884 4627 1209 4699 conclusum,
1240 4629 1291 4682 in
1326 4627 1550 4699 Hebraao
1578 4627 1800 4699 ponitur
1828 4632 1953 4686 MA-

384 4696 542 4764 SUR,
575 4698 719 4767 quod
755 4696 882 4762 Th.,
916 4714 1123 4767 gyrum,
1152 4698 1218 4753 A.
1249 4707 1303 4752 et
1334 4698 1372 4752 V
1417 4696 1614 4752 circum
1663 4704 1950 4760 transtule-

381 4780 531 4825 runt.
571 4788 590 4819 ι

455 4840 527 4912 _V._
554 4838 761 4912 2.__’A.,
788 4840 1186 4912 ὀραματισμόγν.
1221 4841 1604 4912 Hieronymus.

455 4909 589 4964 Ibid.
624 4908 1035 4981 Hieronymus;
1068 4908 1096 4981 γι
1128 4911 1232 4981 Pro
1264 4908 1460 4965 tabulis
1498 4925 1553 4968 et
1603 4912 1765 4977 buxo,
1809 4914 1951 4981 quod

380 4979 870 5052 Hebraice_dicitur
896 4979 1247 5052 ALLUOTH,
1268 4981 1324 5037 S.
1343 4984 1726 5052 interpretatus
1753 4979 1838 5037 est
1857 5001 1953 5052 pa-

382 5052 557 5119 ginas.
587 5069 605 5101 ι
643 5050 802 5120 Forte
840 5049 1070 5120 σελίδας.
1100 5053 1294 5120 Aquila
1327 5067 1455 5106 vero
1486 5049 1697 5113 πλάκας
1734 5049 1956 5108 verterit

382 5123 449 5175 de
485 5136 655 5175 more.
688 5119 849 5185 LXX,
878 5119 1089 5182 πυξίον,
1124 5119 1357 5177 fortasse
1384 5123 1632 5190 πυκτίον,
1661 5122 1880 5181 librum.

454 5190 589 5262 ibid.
632 5190 734 5262 ‘A.,
772 5192 857 5250 Σ..
886 5190 1073 5262 τρέχῃ.
1101 5192 1381 5246 Barberin.

454 5260 598 5315 v.3.
662 5261 764 5327 ’A.,
800 5262 882 5325 2.,
932 5260 1118 5314 καὶού
1167 5262 1535 5330 διαψεύσεται.
1573 5262 1838 5319 Eusebius
1892 5265 1946 5318 in

385 5329 689 5401 Demonstr.
736 5347 926 5400 evang.
963 5346 1023 5398 ρ.
1049 5332 1175 5395 277,
1213 5329 1310 5387 soli
1361 5333 1590 5401 Aquila},
1620 5332 1949 5391 Barberinus

386 5411 565 5472 autem
605 5400 654 5455 id
685 5402 893 5471 Aquila:
917 5410 970 5472 et
1007 5403 1334 5472 Symmacho
1373 5400 1577 5456 tribuit.

456 5471 593 5526 Ibid.
643 5470 882 5543 ’ΛΑ-ἐὰν
916 5470 1249 5543 δὲᾼμελλήσῃ
1291 5486 1394 5529 etc.
1424 5472 1500 5527 Ex
1527 5473 1715 5528 eodem
1752 5474 1947 5531 Euseb.

386 5539 947 5611 2..__crpayyeucetat.
981 5539 1258 5597 Barberiti'.

458 5609 527 5665 Ἴ.
558 5609 612 5665 4.
658 5612 761 5674 ’Δ.,
801 5612 909 5664 ἰδοὺ
936 5612 1367 5684 νωχελευομένου
1406 5622 1510 5670 etc.
1550 5612 1625 5669 Ex
1656 5614 1845 5671 eodem
1893 5631 1944 5686 p.

2054 4498 2180 4563 278,
2217 4507 2351 4552 utet
2391 4498 2816 4565 sequentia-’A.,
2852 4496 2947 4549 καὶ
2973 4495 3175 4559 δίκαιος
3214 4506 3317 4550 etc.
3358 4496 3449 4551 ubi
3496 4494 3620 4550 Hie-

2054 4583 2361 4638 ronymus:
2406 4587 2423 4618 ι
2462 4568 2526 4620 Et
2559 4568 2645 4621 ubi
2684 4565 2821 4619 LXX
2857 4576 3179 4638 posuerunt,
3224 4567 3407 4638 justus
3444 4576 3621 4619 autem

2052 4653 2117 4689 ea:
2150 4636 2252 4705 ﬁde
2282 4654 2396 4690 mea
2442 4638 2593 4697 vivet,
2636 4651 2825 4690 omnes
2846 4636 3144 4705 aequaliter
3178 4636 3610 4689 transtulerunt:

2052 4723 2116 4759 ea:
2140 4704 2247 4776 ﬁde
2272 4725 2370 4760 sua
2392 4708 2545 4761 vivet.
2573 4705 2813 4776 Denique
2836 4704 3197 4775 Symmachus
3223 4706 3616 4774 signiﬁcantius

2053 4776 2413 4845 interpretans
2450 4778 2565 4830 ait:
2594 4775 2785 4829 Justus
2816 4786 2992 4829 autem
3033 4792 3124 4844 per
3152 4777 3308 4844 ﬁdem
3345 4776 3612 4844 propriam

2051 4863 2203 4899 suam
2249 4849 2426 4900 vivet:
2465 4849 2608 4914 quod
2654 4846 2837 4901 GI‘EPCB
2884 4846 3123 4902 dicitur:
3157 4846 3185 4898 ὸ
3214 4846 3270 4898 δὲ
3304 4845 3512 4906 δίκαιος
3550 4847 3611 4914 τῇ

2054 4917 2247 4970 ἑαυτοῦ
2266 4917 2455 4988 ετίστει
2488 4917 2661 4988 ζήσει.
2699 4915 2841 4987 (Hice
2867 4915 3611 4988 depravataAsuntjnAeditis,

2052 4988 2145 5039 sed
2176 5001 2238 5039 cx
2266 4985 2497 5067 Eusebio
2533 4982 3145 5067 restituuntur.)'BAEM
3155 4982 3611 5067 HN:AA'1;HO_quip-

2052 5058 2308 5178 peguod
2336 5059 2797 5137 interpretaturin
2844 5056 2948 5124 [ide
2980 5073 3097 5118 sua,
3138 5056 3181 5110 si
3241 5054 3355 5111 IOD
3410 5062 3465 5107 et
3510 5069 3608 5108 non

2060 5124 2140 5178 VA
2227 5128 2455 5180 litteram
2490 5125 2713 5179 haberet
2740 5143 2790 5179 ιιι
2834 5126 2959 5190 line,
2994 5136 3052 5179 ut
3092 5124 3227 5178 LXX
3267 5133 3609 5194 putaverunt,

2051 5203 2106 5249 et
2154 5198 2419 5264 legeretur
2458 5193 2941 5260 BAEMUNATHI,
2995 5207 3139 5252 recte
3186 5193 3609 5253 transtulissent,

2053 5266 2106 5318 in
2144 5266 2244 5319 ﬁde
2282 5282 2414 5318 mea.
2448 5284 2468 5317 ι

2170 5274 2244 5319 ‘de
2282 5282 2414 5318 mea.
2448 5284 2468 5317 ι

2128 5274 2189 5387 {’l.
2224 5337 2275 5389 5.
2309 5336 2392 5398 2.,
2422 5337 2521 5407 καὶ
2546 5336 2858 5407 εὐπορήσει,
2896 5335 2931 5407 ἱ.
2975 5350 3051 5397 e.,
3076 5335 3139 5407 ὺι
3158 5350 3333 5407 rerum
3380 5332 3613 5407 omnium

2053 5407 2153 5459 erit
2183 5422 2424 5474 penuria,
2462 5405 3031 5459 Hieron.'liarberinus
3058 5405 3234 5465 habet,
3259 5405 3607 5474 εὐπραγήσει.

2131 5474 2191 5529 ν.
2231 5478 2282 5528 7.
2320 5478 2382 5529 Ol
2410 5478 2597 5539 10am,
2623 5476 2717 5528 καὶ
2749 5475 2937 5539 ὲξυπν-
2954 5474 3299 5529 Barberinus.

2129 5546 2189 5599 ν.
2217 5545 2266 5599 9.
2313 5546 2392 5607 2.,
2432 5545 2572 5598 οὐαί.
2603 5544 2768 5599 Idem.

2131 5614 2192 5670 ν.
2228 5615 2312 5671 11.
2342 5615 2465 5672 [hec
2485 5632 2547 5672 cx
2582 5614 2911 5685 Hieronymo
2945 5614 3235 5685 prodeunt,
3276 5612 3381 5684 qui
3412 5612 3494 5669 sic
3528 5613 3609 5667 ba-
