3826 6218
443 285 576 341 2991

342 406 353 419 '
441 384 497 458 1L)
531 407 660 459 vnn
691 405 865 487 D’J‘TP
898 407 1040 460 man
1074 408 1207 460 ’ἾΉὲ
1242 409 1359 461 nm
1410 402 1445 456 4
1540 406 1615 468 0',
1660 404 1753 457 καὶ
1804 402 2004 471 φέγγος

442 487 606 541 αὐτοῦ
628 488 703 550 ὡς
732 489 846 556 φῶς
878 488 1050 555 ἔσται,
1086 490 1293 561 κέρατα
1324 492 1383 543 ἐν
1415 493 1601 563 χερσὶν
1653 491 1835 545 αὐτοῦ.
1866 494 2006 544 Ἀλσ-

440 582 571 646 Jac,
595 579 906 649 διαύγασμα
929 582 1104 650 φωτὸς
1133 580 1283 634 ἔσται
1315 582 1483 651 αὐτῷ,
1508 582 1715 653 κέρατα
1734 586 1796 635 ἐκ
1831 582 2011 652 χειρὸς

442 671 607 724 αὐτοῦ
642 672 878 742 ὑπάρχει
937 671 1103 743 αὐτῷ.
1161 672 1311 729 llanc
1345 682 1676 743 postremam
1726 674 2009 729 lectionem

439 764 551 827 τοῖς
573 761 629 817 0'
656 762 846 817 tribuit
877 763 1104 819 (loislin.
1132 764 1187 818 in
1214 756 1455 836 margine
1486 764 1743 835 positam.

439 888 877 968 mw:an
960 881 1038 935 Ἀ.
1081 920 1096 934 .
1142 919 1157 935 .
1194 922 1208 936 .
1254 922 1268 937 .
1308 882 1451 935 .Σ..
1492 923 1551 939 ..
1594 881 2010 947 ,θ’,καὶέθετο

441 973 719 1044 ἀγάπησιν
758 974 1021 1045 κραταιὰν
1064 974 1244 1045 ἰσχύος
1275 974 1461 1028 αὑτοῦ.
1508 976 1745 1040 Ἄλλος,
1770 976 1887 1027 ἐκεῖ
1916 976 2011 1027 ἐπ-

440 1064 758 1135 ἐστήρικται
796 1066 829 1136 ἡ
859 1064 1087 1135 δύναμις
1110 1066 1211 1136 τῆς
1228 1065 1384 1135 δόξης
1406 1065 1593 1119 αὑτοῦ.

440 1153 787 1209 dilectionem
829 1156 1113 1213 robustam
1164 1157 1504 1214 fortitudinis
1550 1172 1684 1213 suae.
1715 1154 1888 1221 Alius,
1930 1154 2006 1211 ibi

440 1256 554 1311 dita
591 1266 674 1312 est
704 1256 963 1313 fortitudo
987 1242 1131 1327 ejus.

439 1332 930 1426 art-btum‘is

442 1442 517 1505 0',
548 1440 652 1511 πρὸ
690 1441 980 1512 προσώπου
1024 1440 1188 1496 αὐτοῦ
1241 1439 1566 1511 πορεύσεται
1600 1439 1775 1509 λόγος.
1822 1439 1884 1493 Θ.
1921 1438 2009 1491 λό-

440 1551 555 1603 γος.
610 1536 855 1602 Ἄλλος,
914 1536 1021 1608 πρὸ
1071 1534 1362 1609 προσώπου
1414 1534 1578 1589 αὐτοῦ
1623 1531 2008 1604 προελεύσεται

440 1643 667 1689 πτωσις.

437 1783 616 1859 pr-15
652 1808 781 1884 qm
819 1808 941 1859 mm
1031 1801 1111 1853 Ἀ.
1152 1843 1163 1853 .
1211 1838 1225 1853 .
1263 1843 1274 1853 .
1313 1838 1327 1852 .
1368 1800 1423 1853 Σ.
1459 1798 1521 1853 Θ.
1551 1799 1625 1853 E'.
1661 1841 1675 1855 .
1708 1836 1723 1851 .
1756 1835 1772 1851 .
1806 1802 1881 1862 0',
1915 1797 2009 1850 και

437 1889 776 1955 ἐξελεύσεται
806 1890 886 1952 είς
921 1888 1077 1942 πεδία
1129 1888 1272 1941 κατὰ
1322 1889 1487 1952 πόδας
1515 1888 1698 1942 αὐτοῦ.
1762 1890 2006 1955 Ἀλλος,

438 1981 578 2034 κατά
606 1982 768 2046 πόδας
792 1981 958 2035 αὐτοῦ
987 1981 1329 2055 ἀκολουθήσῃ
1353 1985 1419 2035 τὰ
1449 1981 1681 2052 μέγιστα
1704 1980 1811 2033 τῶν
1841 1999 2007 2053 πετη-

435 2090 565 2128 νων.

432 2258 611 2335 ’τη-πῃ
646 2257 869 2335 manu
904 2258 1022 2335 Diu
1053 2258 1181 2309 arm
1215 2261 1333 2310 nm
1369 2257 1494 2335 Vm
1520 2257 1682 2309 mu
1713 2265 1726 2302 ι
1756 2260 1877 2313 1m
1904 2248 1938 2303 6

432 2325 489 2398 ἡ
524 2324 660 2402 n'm
692 2324 883 2399 mm‘an
919 2326 1057 2403 c1511:
1093 2350 1258 2404 nm:
1292 2324 1407 2402 inti?
1450 2351 1521 2404 'm
1594 2343 1669 2404 0’.
1730 2339 1859 2411 ἔστη
1912 2341 2007 2395 καὶ

433 2432 700 2500 ἐσαλεύθη
722 2434 753 2501 ἡ
782 2431 878 2499 γῆ,
907 2432 1172 2501 ἐπέὁλεψε
1200 2433 1291 2485 καὶ
1312 2432 1533 2503 διετόικη
1558 2432 1683 2503 ἔθνη
1702 2447 1715 2461 ·
1748 2432 2003 2504 διεθρύδη

431 2522 503 2574 τὰ
532 2523 631 2596 ὅρη
664 2524 776 2595 βίᾳ,
815 2525 1091 2594 ἐτάκησαν
1127 2524 1309 2594 βουνοὶ
1352 2524 1560 2578 αίώνιοι
1599 2528 1821 2594 πορείας
1872 2528 2002 2578 αἰω-

432 2612 549 2677 νίας
576 2612 762 2666 αὑτοῦ.
796 2614 1040 2680 Ἀλλος,
1078 2614 1209 2675 στὰς
1238 2613 1562 2684 διεμέτρησε
1589 2613 1687 2683 τὴν
1709 2614 1814 2683 γῆν
1834 2630 1847 2645 ο
1894 2631 1995 2667 κα-

431 2704 702 2773 τανοήσας
751 2701 997 2769 ἐξείκασε
1026 2704 1094 2756 τὰ
1150 2702 1276 2773 ἔθνη
1300 2719 1311 2730 ·
1342 2702 1622 2774 διεθρύδη,
1664 2705 1757 2757 καὶ
1787 2703 1854 2757 τὰ
1896 2704 1998 2775 ὅρη

433 2795 876 2865 θραυσθήσεται·
917 2793 1417 2865 ταπεινωθήσονται
1469 2797 1525 2848 αἱ
1580 2794 1747 2848 νάπαι
1795 2796 1860 2850 ἐκ
1905 2795 1998 2850 τοῦ

432 2885 647 2949 αἰῶνος,
675 2887 731 2938 αἱ
763 2885 872 2939 ὁδοὶ
913 2886 969 2939 αἱ
1003 2886 1062 2952 ἐξ
1096 2886 1268 2957 ἀρχῆς
1299 2885 1775 2958 ἁλλοιωθήσονται’
1830 2887 1995 2943 αὐτοῦ

431 2974 594 3027 ἕνεκα
617 2974 957 3045 σεισθήσεται
985 2977 1016 3045 ή
1042 2976 1361 3046 οἰκουμένη.

432 3084 554 3139 quae
590 3071 660 3126 ab
704 3070 861 3126 initio
927 3072 1361 3127 itnmutabuntur
1402 3088 1414 3124 :

432 3262 751 3316 teternitatis
782 3263 921 3332 ejus.

429 3362 557 3439 v‘ut
606 3364 790 3448 nam
839 3366 1001 3448 pm?
1037 3368 1197 3448 pm;
1218 3344 1351 3420 75m
1399 3369 1563 3421 vrum
1613 3370 1698 3448 px
1744 3372 1866 3421 mn
1904 3361 1935 3413 7

429 3452 560 3529 pm
631 3447 706 3509 0’,
740 3446 859 3499 ἀντὶ
916 3444 1097 3502 κόπων
1149 3444 1290 3503 εἶδον
1342 3444 1682 3520 σκηνώματα
1714 3448 2003 3514 Αἰθιόπων,

432 3536 834 3607 πτοηθήσονται
869 3541 965 3593 καὶ
999 3542 1054 3593 αἱ
1089 3542 1285 3611 σκηναὶ
1336 3543 1439 3611 γῆς
1472 3544 1719 3611 Μαδιάμ.
1755 3544 2001 3607 Ἄλλος,

431 3630 799 3697 κατανενόηκα
831 3630 929 3694 τὰς
980 3632 1183 3703 σκηνὰς
1235 3632 1530 3697 Αἰθιόπων,
1562 3633 2000 3705 ταραχθήσονται

432 3720 484 3772 οι
519 3724 894 3787 κατοικοῦντες
923 3724 1020 3788 τὰς
1046 3725 1259 3796 δέρρεις
1282 3726 1525 3797 Μαδιάμ.

1526 286 2004 346 ﬂEXAPLORUM
2046 286 2210 355 (ΝΕ
2252 285 2688 344 SUPEllSUN‘l‘.

3544 284 3681 341 299?.

2177 400 2229 453 ι.
2258 398 2390 455 lleb.
2430 408 2484 452 et
2507 399 2762 469 splendor
2791 406 2848 452 ut
2902 398 2990 451 lux
3013 405 3149 461 erat,
3179 411 3381 453 cornua
3410 397 3478 451 de
3516 413 3678 451 manu

2112 492 2234 561 ejus
2265 490 2335 544 ei.
2366 489 2529 553 LXX,
2561 501 2614 543 et
2649 488 2903 557 splendor
2930 486 3050 557 ejus
3081 494 3136 540 ut
3178 488 3268 541 lux
3296 488 3420 555 erit,
3474 501 3678 542 cornua

2113 575 2179 635 in”
2204 579 2455 633 manibus
2509 578 2649 646 ejus.
2710 577 2878 641 Alius,
2936 575 3190 645 splendor
3243 576 3380 631 locis
3436 576 3543 630 erit
3597 576 3675 629 ei:

2114 669 2421 729 cornuade
2448 683 2610 721 manu
2652 667 2777 737 ejus
2804 674 2931 720 sunt
2969 664 3091 734 ipsi.
3128 662 3249 717 Vul.
3281 663 3538 735 splendor
3562 662 3678 731 ejus

2118 773 2179 818 ut
2211 763 2301 816 lux
2332 761 2437 816 erit
2468 779 2481 814 :
2514 774 2721 815 cornua
2753 759 2807 814 in
2839 758 3095 813 manibus
3122 757 3263 827 ejus.

2188 878 2321 934 lleb.
2353 887 2407 933 et
2439 877 2509 932 ibi
2537 876 2827 933 absconsio
2851 876 3185 932 fortitudinis
3211 876 3350 946 ejus.
3390 877 3463 930 A.
3494 883 3553 931 et
3581 889 3676 945 po-

2118 972 2229 1027 suit
2254 972 2670 1027 absconsionem
2727 970 3057 1025 fortitudinis
3114 985 3246 1026 suae.
3308 968 3366 1023 S.
3408 978 3464 1025 et
3499 968 3679 1039 posuit

2117 1063 2489 1123 absconditam
2541 1062 2915 1118 fortitudinem
2976 1076 3155 1117 suam.
3202 1060 3363 1123 LXX,
3399 1070 3456 1115 et
3497 1060 3679 1131 posuit

2105 1155 2316 1209 firmata
2348 1163 2432 1211 est
2479 1156 2654 1211 virtus
2708 1154 2894 1225 gloria:
2942 1154 3132 1225 ipsius.
3157 1151 3280 1209 ναι.
3332 1153 3406 1209 ibi
3444 1151 3675 1206 abscon-

2184 1339 2236 1393 5.
2280 1337 2346 1392 ll.
2384 1338 2449 1393 ad
2492 1338 2661 1394 facies
2685 1338 2802 1408 ejus
2846 1337 2944 1393 ibit
2974 1336 3159 1408 pestis.
3199 1338 3263 1391 A.
3305 1347 3432 1393 ante
3482 1338 3674 1395 faciem

2111 1430 2231 1499 ejus
2262 1429 2360 1482 ibit
2384 1428 2568 1498 pestis.
2591 1427 2648 1482 S.
2680 1436 2804 1483 ante
2834 1426 3026 1483 faciem
3058 1428 3176 1497 ejus
3209 1428 3477 1498 praecedet
3504 1446 3673 1486 mors.

2110 1519 2272 1585 LXX,
2298 1528 2424 1574 ante
2456 1518 2648 1573 faciem
2691 1518 2812 1588 ejus
2840 1518 2938 1573 ibit
2976 1519 3221 1573 verbum.
3268 1516 3370 1572 Tb.
3410 1520 3662 1574 verbum.

2108 1612 2285 1674 Alius,
2326 1619 2453 1664 ante
2491 1608 2684 1663 faciem
2733 1608 2854 1679 ejus
2906 1608 3119 1679 praeibit
3157 1608 3333 1664 ruina.
3384 1609 3508 1664 Vul.
3551 1620 3673 1665 ante

2109 1701 2301 1757 faciem
2330 1701 2448 1771 ejus
2478 1700 2575 1755 ibit
2604 1714 2774 1754 mors.

2180 1796 2316 1849 lleb.
2344 1806 2397 1849 et
2423 1794 2800 1864 egrediebatur
2837 1791 3005 1847 carbo
3029 1789 3093 1845 ad
3118 1790 3279 1860 pedes
3313 1791 3558 1861 ejus.A..

2108 1886 2347 1940 volatile.
2375 1884 2431 1939 S.
2456 1883 2559 1937 Th.
2596 1884 2655 1948 V,
2684 1883 2943 1937 volucris.
2979 1880 3143 1946 LXX,
3198 1890 3253 1937 et
3288 1882 3593 1951 egredietur
3622 1883 3673 1937 in

2110 1992 2337 2048 campos
2369 1976 2435 2031 ad
2465 1977 2625 2046 pedes
2676 1975 2813 2045 ejus.
2855 1975 3027 2037 Alius,
3068 1985 3121 2028 et
3142 1974 3207 2028 ad
3253 1975 3415 2044 pedes
3434 1973 3555 2043 ejus
3592 1990 3674 2029 se-

2108 2068 2293 2139 queris
2320 2068 2558 2122 maxima
2597 2066 2918 2121 volucrium.
2953 2064 3077 2120 Vul.
3121 2074 3174 2120 et
3220 2065 3528 2135 egredietur
3554 2066 3673 2119 dia-

2112 2160 2272 2216 bolus
2311 2168 2436 2213 ante
2476 2157 2636 2228 pedes
2662 2157 2800 2227 ejus.

2177 2253 2229 2305 6.
2260 2248 2393 2304 lleb.
2422 2248 2585 2302 Stetit
2607 2257 2673 2317 et
2694 2262 2917 2302 mensus
2942 2254 3028 2301 est
3058 2256 3258 2300 terram
3285 2263 3299 2300 :
3330 2246 3463 2300 vidit
3498 2257 3553 2301 et
3578 2262 3671 2301 ex-

2106 2342 2253 2397 silire
2297 2342 2426 2397 fecit
2482 2350 2707 2410 gentes;
2760 2349 2815 2394 et
2869 2338 3087 2394 contriti
3142 2347 3271 2395 sunt
3308 2350 3521 2394 montes
3547 2356 3673 2410 per-

2110 2434 2410 2504 petuitatis,
2454 2434 2878 2487 incurvaverunt
2931 2446 2989 2484 se
3026 2430 3192 2486 colles
3241 2431 3448 2496 saeculi,
3479 2431 3671 2485 itinera

2107 2526 2290 2581 smculi
2324 2525 2394 2578 ei.
2422 2522 2584 2587 LXX,
2635 2521 2794 2577 Stetit
2818 2531 2869 2576 et
2905 2532 3175 2576 commota
3201 2531 3286 2576 est
3323 2533 3465 2577 terra
3491 2539 3502 2573 :
3524 2538 3675 2590 aspe-

2108 2617 2186 2669 xit
2208 2624 2261 2670 et
2291 2616 2584 2670 tabuerunt
2622 2624 2808 2685 gentes
2839 2630 2853 2667 :
2887 2614 3099 2668 contriti
3141 2621 3272 2667 sunt
3315 2623 3530 2667 montes
3559 2614 3672 2667 vio-

2108 2707 2311 2761 lentia:
2344 2706 2638 2761 tabuerunt
2664 2714 2876 2759 montes
2914 2704 3250 2775 sempiterni,
3287 2704 3495 2758 itineris
3530 2719 3674 2760 sem.-

2109 2799 2305 2870 piterni
2364 2798 2503 2867 ejus.
2566 2798 2755 2861 Alius,
2799 2798 2961 2852 Stans
3019 2812 3239 2851 mensus
3288 2806 3368 2851 est
3428 2806 3668 2851 terram:

2106 2892 2347 2960 cogitans
2384 2890 2585 2943 eﬂinxit
2611 2898 2831 2958 gentes:
2885 2889 3127 2943 contritae
3169 2896 3333 2943 sunt:
3366 2899 3420 2942 et
3460 2902 3674 2943 montes

2100 2979 2509 3050 confriugeutnr
2538 2996 2549 3033 :
2594 2978 3028 3033 humiliabuntur
3066 2979 3238 3033 saltus
3267 2994 3295 3032 a
3318 2978 3535 3043 szeculo,
3574 2978 3675 3033 via:

1480 3074 1602 3143 ejus
1645 3089 1808 3129 causa
1848 3076 2283 3131 commovebitur
2348 3075 2519 3129 orbis.
2564 3074 2688 3127 Vol.
2759 3072 2919 3128 Stetit
2954 3080 3008 3127 et
3045 3088 3267 3128 mensus
3303 3082 3389 3126 est
3437 3080 3671 3125 terram:

314 3164 331 3175 '
433 3167 643 3235 aspexit
677 3178 731 3221 et
772 3168 1020 3223 dissolvit
1072 3178 1279 3240 gentes,
1343 3179 1396 3224 et
1448 3170 1665 3225 contriti
1702 3180 1831 3226 sunt
1870 3180 2084 3227 montes
2117 3172 2325 3237 saeculi,
2382 3170 2649 3225 incurvati
2676 3179 2803 3224 sunt
2829 3169 2993 3224 colles
3029 3167 3216 3223 mundi
3263 3166 3332 3221 ab
3388 3165 3674 3221 itincribus

2180 3358 2229 3411 7.
2253 3356 2318 3412 Η.
2353 3356 2455 3412 Pro
2476 3357 2758 3426 iniquitate
2790 3356 2895 3411 vidi
2938 3358 3166 3411 tentoria
3206 3357 3452 3423 Cbusan,
3478 3374 3671 3414 move-

2105 3460 2232 3505 runt
2259 3465 2317 3505 se
2336 3450 2561 3504 cortina:
2588 3460 2743 3503 terrae
2770 3450 3003 3504 Madian.
3048 3449 3210 3514 LXX,
3255 3449 3364 3504 Pro
3394 3452 3677 3507 laboribus

2104 3542 2211 3597 vidi
2246 3543 2474 3597 tentoria
2506 3541 2824 3611 jEthiopum
2867 3559 2878 3595 :
2914 3543 3187 3611 pavebnnt
3226 3551 3280 3597 et
3317 3544 3673 3598 tabernacula

2103 3642 2259 3687 terra:
2289 3631 2544 3685 Matliam.
2586 3632 2759 3697 Alius,
2796 3630 3034 3700 Cogitavi
3076 3633 3418 3686 tabernacula
3454 3631 3673 3686 Ethio-

2104 3738 2256 3793 pum,
2282 3724 2647 3777 turbabuntur
2688 3724 3056 3778 inhabitantes
3086 3724 3251 3792 pelles
3271 3724 3675 3780 Madiant.Vul.

382 3876 387 3889 ι
432 3810 538 3867 Pro
560 3814 843 3884 iniquitate
876 3816 984 3871 vidi
1014 3818 1242 3872 tentoria
1264 3817 1597 3887 Aithiopize:
1635 3819 1995 3873 turbabuntur
2050 3816 2217 3886 pelles
2274 3824 2431 3868 terra:
2461 3814 2693 3867 Madian.

429 3914 549 3985 ’βω
585 3916 915 3967 D’TL‘J'DN
952 3920 1070 3969 mm
1109 3924 1226 3971 ΠἿΠ
1262 3921 1509 3972 cunmm
1545 3916 1577 3968 8
1649 3921 1723 3978 0',
1761 3915 1857 3970 καὶ
1886 3915 1990 3968 ἆλ-

428 4001 557 4063 λος,
597 3998 670 4069 μὴ
709 4001 767 4053 ἐν
794 4006 1054 4072 ποταμοῖς
1099 4004 1403 4076 ώργίσθης,
1444 4008 1633 4080 Κύριε,
1671 4009 1702 4079 ἢ
1742 4013 1797 4062 ἐν
1830 4027 1995 4062 ποτα-

433 4092 553 4158 μοῖς
578 4091 605 4143 ό
640 4092 809 4161 θυμός
843 4112 968 4159 σου;

428 4282 694 4353 ΊΊΠΣὩἾὩ
754 4262 1037 4357 Toto-Su
1097 4291 1251 4339 :mn
1304 4288 1356 4340 vn
1404 4290 1601 4362 Ἵππη
1648 4290 1923 4342 ενι-εκ

428 4376 599 4429 mw?
673 4373 748 4433 0',
780 4370 812 4440 ἢ
847 4371 906 4423 ἐν
938 4370 1184 4445 θαλάσσῃ
1206 4373 1268 4425 τὸ
1318 4373 1547 4445 ὅρμημά
1590 4390 1718 4439 σου;
1764 4376 1845 4427 ὅτι
1878 4377 1995 4427 ἐπι-

435 4458 577 4531 σήσῃ
600 4460 692 4514 ἐπὶ
712 4464 837 4525 τοὺς
872 4463 1069 4527 ἵππους
1106 4482 1222 4528 σου,
1248 4465 1343 4517 καὶ
1376 4467 1409 4535 ἡ
1434 4466 1668 4518 ἱππασία
1689 4482 1781 4518 σου
1819 4483 1993 4536 σωτη-

436 4550 545 4618 ρία.
581 4553 777 4618 Ἀλλ..
812 4554 844 4625 ἢ
873 4557 931 4609 ὲν
980 4556 1223 4626 θαλάσσῃ
1255 4558 1287 4626 ἡ
1324 4558 1458 4626 ὀργή
1484 4574 1611 4623 σου;
1664 4556 1863 4627 ἀνέὸης
1901 4557 1995 4608 ἐπὶ

428 4642 496 4697 τὰ
522 4644 741 4716 ἅρματὰ
775 4665 867 4702 σου
894 4664 906 4677 ·
938 4650 972 4719 ἡ
1006 4650 1244 4703 ίππασία
1269 4666 1361 4702 σου
1394 4650 1638 4721 σωτηρία
1671 4650 1699 4703 ὃ
1730 4650 1989 4721 προέϐης.

592 5020 754 5070 ΠῚῚΩἾΞ
783 5022 974 5076 nmtv
1005 5021 1177 5100 "jan
1202 5022 1343 5079 ἽἹῺΠ
1376 5023 1513 5078 ῧνἾν
1542 5015 1574 5071 9
1645 5021 1722 5081 0',
1745 5017 1993 5071 ἐντείνων

428 5099 697 5164 ἐνέτεινας
718 5102 869 5167 τόξον
887 5121 978 5157 σου
1008 5105 1099 5157 ἐπὶ¹
1128 5108 1399 5177 σκῆπτρα,
1432 5108 1580 5176 λέγει
1613 5107 1831 5178 Κύριος.
1856 5110 1993 5162 Ἀλ-

426 5195 556 5257 λος,
591 5194 847 5266 ἐξεγέρθη
880 5195 943 5249 τὸ
965 5196 1117 5261 τόξον
1150 5214 1264 5263 σου,
1318 5200 1616 5269 ὲχόρτασας
1644 5199 1861 5269 βολίδας·
1892 5203 1992 5272 τῆς

427 5285 701 5356 φαρέτρας
729 5285 913 5343 αὐτοῦ.

428 5529 537 5605 nso
621 5549 697 5600 Ἀ.
738 5548 843 5600 ἀεί.
873 5551 948 5612 o,
989 5551 1231 5619 Ἀλλος,
1281 5553 1578 5625 διάψαλμα.

429 5642 747 5716 wax-span
782 5646 949 5697 nm:
1036 5640 1109 5707 0',
1137 5644 1396 5714 ποταμῶν
1422 5647 1720 5718 ῥαγήσεται
1748 5649 1834 5720 γῆ·
1862 5651 1987 5706 Ἀλ-

2166 3910 2220 3965 8.
2249 3909 2310 3963 ll.
2338 3910 2606 3979 Numquid
2652 3910 2704 3963 in
2745 3910 2965 3964 ﬂumina
3010 3912 3182 3967 iratus
3218 3922 3304 3968 est
3364 3912 3677 3970 Dominus?

2096 3998 2234 4054 Num
2269 4001 2320 4054 in
2367 4000 2587 4055 flumina
2622 4000 2775 4055 furor
2813 4004 2979 4057 tuus?
3013 4003 3173 4069 LXX,
3204 4015 3253 4057 et
3286 4005 3462 4071 Alius,
3509 4004 3671 4078 Vulg.

2095 4091 2370 4161 Numquid
2400 4092 2453 4144 in
2495 4091 2813 4148 fluminibus
2852 4093 3023 4148 iratus
3074 4110 3156 4159 es,
3196 4095 3445 4159 Domine,
3482 4107 3579 4151 aut
3617 4099 3672 4152 il

2095 4183 2415 4238 fluminibus
2438 4182 2592 4238 furor
2614 4185 2770 4239 tuus?

2164 4274 2330 4330 Hebr.
2367 4292 2492 4330 num
2534 4276 2586 4329 in
2618 4291 2769 4329 mare
2802 4275 2880 4329 ira
2920 4275 3051 4330 tua?
3086 4276 3214 4346 quia
3266 4276 3544 4345 equitabis
3584 4294 3669 4333 su-

2095 4383 2188 4437 per
2252 4383 2423 4438 equos
2449 4376 2591 4430 tuos,
2649 4367 2941 4437 quadrigas
2974 4376 3137 4435 .tuas,
3193 4369 3448 4423 salutem.
3494 4370 3673 4430 LXX.

2094 4460 2178 4514 vel
2218 4460 2270 4514 in
2327 4476 2477 4514 mare
2519 4460 2756 4530 impetus
2793 4470 2961 4514 tuus:
3007 4460 3137 4530 quia
3197 4462 3465 4516 ascendes
3508 4478 3675 4531 super-

2093 4566 2261 4621 eqnos
2299 4560 2444 4614 tuos,
2483 4561 2537 4604 et
2578 4552 2842 4621 equitatio
2883 4560 2975 4605 tua
3025 4552 3200 4606 salus.
3250 4552 3429 4615 Alius,
3487 4554 3675 4607 autin

2094 4642 2325 4697 mariira
2352 4652 2439 4697 tua
2471 4644 2795 4699 :ascendisti
2825 4660 2986 4714 super
3005 4658 3201 4698 currus
3223 4652 3365 4707 tuos,
3398 4644 3681 4714 equitatio.

2095 4743 2184 4787 tua
2216 4734 2388 4797 salus,
2427 4734 2570 4803 quod
2606 4735 2955 4804 przeeessisti.
3000 4735 3125 4789 Vul.
3166 4735 3246 4788 vel
3273 4735 3324 4787 in
3357 4736 3499 4789 mari
3535 4737 3665 4789 indi-

2096 4826 2280 4895 gnatio
2305 4835 2416 4880 tua.
2448 4826 2553 4892 Qui
2592 4829 2855 4883 ascendes
2889 4843 3053 4899 super
3083 4844 3251 4899 equos
3286 4838 3506 4892 tuos,et
3529 4845 3663 4900 qua-

2092 4920 2256 4988 drigae
2295 4926 2401 4972 tua:
2438 4919 2685 4974 salvatio.

2158 5012 2211 5064 9.
2267 5011 2431 5065 Hebr.
2474 5008 2847 5065 Denudatione
2892 5010 3260 5066 denudabitur
3304 5026 3469 5066 arcus
3511 5021 3659 5074 tuus,

2088 5102 2393 5171 jnramenta
2433 5103 2692 5169 tribuum,
2718 5104 2944 5158 dictum.
2970 5102 3129 5168 LXX,
3173 5103 3467 5158 lntendens
3491 5105 3663 5159 inten-

2092 5192 2218 5247 disti
2246 5209 2433 5247 arcum
2490 5203 2640 5248 tuum
2683 5211 2845 5261 super
2898 5207 3111 5264 sceptra
3137 5234 3151 5259 ,
3195 5196 3326 5250 dicit
3367 5194 3659 5250 Dominus.

2097 5284 2267 5349 Alius,
2299 5286 2564 5339 excitatus
2590 5295 2673 5341 est
2706 5302 2867 5341 arcus
2904 5300 3055 5352 tuus,
3087 5288 3293 5342 satiasti
3320 5288 3511 5356 jacula
3539 5289 3665 5357 pha-

2097 5386 2254 5430 retrze
2291 5377 2429 5445 ejus.
2466 5376 2589 5431 Vul.
2633 5379 2915 5434 Snscitans
2937 5380 3227 5435 suscitabis
3263 5394 3452 5434 arcum
3479 5388 3662 5443 tuum,

2088 5466 2392 5535 juramenta
2430 5469 2675 5525 tribubus
2713 5487 2833 5540 quae
2869 5471 3082 5526 locutus
3113 5487 3193 5526 es.

2162 5559 2330 5614 Hebr.
2353 5559 2485 5613 sela.
2511 5560 2575 5614 A.
2608 5576 2841 5630 semper.
2876 5560 3039 5624 LXX,
3081 5562 3255 5621 Alius.
3295 5559 3630 5629 diapsalma.

2175 5647 2309 5703 lleb.
2348 5647 2467 5703 Vul.
2500 5648 2695 5706 fluvios
2736 5652 2950 5708 scindes
2973 5659 3162 5707 terra.
3177 5647 3339 5715 LXX,
3365 5649 3677 5709 ﬂuviorum.
