3826 6218
167 349 315 406 2995

168 474 307 536 λος,
340 471 613 539 ποταμοὺς
640 468 1032 534 διασκεδάσεις,
1067 468 1161 524 καὶ
1191 469 1295 537 γῆν
1322 466 1536 531 σώσεις.

168 652 352 702 nam
385 652 477 729 in:
512 655 629 705 ταν
660 651 812 729 gn:
856 653 996 701 :a-n
1030 650 1205 701 :mn
1251 625 1390 702 πίνη-σν
1426 651 1567 720 “nm
1607 641 1674 694 to

170 742 296 791 MD:
331 715 470 793 τίῆν
508 742 614 791 ῠΊἾ
649 715 764 810 ᾖἹΡ
836 733 913 797 0’,
942 731 1160 801 ὄψονται
1195 748 1254 784 σε
1298 733 1392 784 καὶ
1425 715 1743 799 ὤδινήσουσι

170 824 314 887 λαοὶ,
341 822 648 893 σκορπίζων
684 822 853 877 ὕδατα
892 822 1116 893 πορείας
1143 839 1157 853 ο
1193 821 1391 875 ἔδωκεν
1436 823 1470 892 ή
1515 821 1749 884 ἄϐυσσος

171 915 364 984 φωνὴν
399 914 587 984 αὐτῆς,
625 914 756 983 ὕψος
784 914 1082 983 φαντασίας
1104 911 1294 983 αὐτῆς.
1326 913 1562 978 Ἄλλος,
1587 913 1645 964 ἐν
1673 909 1748 980 τῷ

171 1004 578 1076 ἀντοφθαλμεῖν
632 1022 691 1058 σε
736 1004 1170 1075 ταραχθήσονται
1195 1004 1264 1057 τὰ
1290 1004 1388 1076 ὄρη
1412 1018 1425 1033 °
1468 1006 1527 1057 ἐν
1553 1003 1631 1075 τῷ
1656 1005 1747 1059 τὸν

172 1093 413 1161 ἐξαίσιόν
462 1113 555 1148 σου
607 1095 812 1167 ὄμϐρον
856 1094 1083 1149 διελθεῖν
1119 1095 1186 1148 δι’
1222 1094 1473 1167 αὐτῆς,ή
1513 1095 1750 1161 ἄϐυσσος

171 1185 491 1257 ἀνεφώνησε
517 1187 739 1251 μεῖζον..

1400 300 1720 406 ΗΛμΒΑΕυϐ
1743 341 1969 403 CAPUT
2011 341 2101 397 Ill.

3274 321 3419 379 ρθοι

1856 461 2137 517 scindetur
2161 468 2323 515 terra.
2358 457 2537 522 Atius,
2560 454 2755 511 ﬂuvios
2780 445 3093 518 dissipahis,
3117 451 3170 496 et
3208 449 3411 495 terran

1851 553 2111 609 salvabis.

1921 648 2009 701 l0.
2046 645 2179 701 ch.
2207 642 2471 698 Viderunt
2509 649 2580 702 te,
2611 639 2950 692 tremuerunt
2974 636 3217 693 montes;
3250 627 3413 679 inun-

1849 738 2275 807 datioaquarum
2301 732 2535 788 transiit.
2561 726 2959 796 Deditabyssus
2972 722 3207 776 sonitum
3228 730 3412 777 suum,

1850 828 2081 882 altitudo
2114 839 2309 881 manus
2332 837 2461 879 suas
2495 818 2745 875 elevavit.
2773 812 2935 877 LXX,
2972 811 3240 865 Videbunt
3269 815 3341 869 te,
3361 812 3415 855 et

1850 920 1993 976 sicut
2020 917 2329 989 parturiens
2359 914 2621 969 dolebunt
2650 907 2865 979 populi:
2897 906 3223 987 dispergens.
3243 910 3414 967 aquas

1849 1011 2083 1065 itineris.
2120 1007 2276 1063 Dedit
2304 1006 2533 1077 abyssus
2557 978 2743 1055 vocem
2781 1011 2960 1058 suam,
2984 978 3414 1058 altitudo'phan-

1850 1102 2002 1158 tasia:
2035 1101 2174 1171 ejus.
2207 1098 2390 1164 Alius,
2439 1095 2573 1151 Cum
2626 1100 2816 1147 contra
2874 1085 3197 1155 respexeris,
3232 1078 3416 1135 turba-

1848 1191 2055 1246 buntur
2085 1198 2299 1245 montes
2333 1206 2347 1242 :
2379 1200 2504 1242 cum
2536 1184 2730 1253 ingens
2773 1179 2946 1233 imber
2973 1183 3099 1230 tuus
3130 1178 3413 1243 pertrans-

173 1278 283 1333 iret
315 1295 411 1350 per
436 1295 555 1335 eam
613 1282 845 1355 abyssus
892 1283 1068 1356 magis
1129 1283 1426 1340 resonavit.
1487 1282 1615 1339 Vul.
1673 1283 1937 1341 Viderunt
2002 1294 2076 1350 te,
2130 1296 2185 1340 et
2232 1282 2527 1338 doluerunt
2580 1284 2835 1333 montes:
2894 1284 3092 1343 gurges
3149 1277 3412 1336 aquarum

173 1375 413 1430 transiit.
438 1374 591 1432 Dedit
618 1378 848 1449 abyssus
871 1394 1059 1434 vocem
1091 1394 1267 1444 suam,
1295 1378 1523 1433 altitudo
1543 1394 1739 1435 manus
1779 1395 1908 1437 suas
1935 1379 2154 1435 levavit.

171 1448 335 1526 ηεαδ
371 1449 516 1525 125m
551 1476 695 1544 vim
728 1452 866 1529 'nn'7
908 1454 1078 1533 Hm
1118 1480 1241 1534 TD?
1276 1478 1377 1530 ιη’
1417 1481 1570 1530 tum
1612 1471 1673 1526 tt

171 1564 348 1638 unum
378 1567 495 1643 ρἫ
567 1562 643 1625 0',
684 1560 894 1633 ὲπῄρθη
946 1565 975 1616 ὁ
1015 1562 1184 1633 ἥλιος,
1208 1564 1358 1635 καὶὴ
1390 1564 1586 1634 σελήνη
1618 1563 1747 1634 ἔστη

173 1648 235 1701 ὲν
258 1653 327 1720 τῇ
354 1650 505 1715 τάξει
531 1653 722 1724 αὐτῆς,
750 1657 829 1719 είς
858 1655 973 1725 φῶς
1004 1654 1207 1725 βολίδες
1243 1673 1335 1709 σου
1369 1656 1745 1726 πορεύσονται,

171 1741 255 1803 εἰς
288 1742 489 1810 φέγγος
523 1744 813 1817 ἀστραπῆς
857 1747 1036 1801 ὃπλων
1079 1765 1192 1801 σου.
1236 1749 1491 1813 Ἄλλος,
1525 1747 1641 1817 φῶς
1687 1746 1748 1799 τὸ

172 1833 423 1905 λαμπρὸν
444 1836 538 1889 τοῦ
571 1836 723 1908 ἡλίου
757 1839 985 1909 ἐπέσχεν
1008 1855 1021 1869 ·
1055 1839 1117 1892 τὸ
1151 1839 1208 1893 δὲ
1236 1840 1436 1908 φέγγος
1464 1840 1562 1910 τῆς
1588 1837 1746 1909 σελή-

171 1943 273 1998 νης
290 1928 487 1997 ἐστάθη
512 1946 524 1958 ’
557 1931 698 1985 κατὰ
720 1930 780 1984 τὸ
807 1932 1010 2002 φέγγος
1030 1932 1138 1986 τῶν
1178 1931 1400 2001 βολίδων
1426 1949 1519 1986 σου
1546 1932 1745 2002 πορεύ-

171 2034 381 2084 σονται,
416 2020 558 2074 κατά
593 2022 654 2076 τὸ
684 2022 887 2092 φέγγος
924 2024 1214 2094 ἀστραπῆς
1248 2024 1524 2094 μαχαίρας
1558 2040 1670 2078 σου.

1921 1473 2007 1527 Η.
2040 1470 2177 1525 Heb.
2238 1468 2355 1533 Sol,
2397 1468 2525 1522 luna
2576 1464 2727 1521 stetit
2786 1455 3135 1517 tabernaculo
3189 1466 3309 1517 suo,
3345 1449 3414 1531 ad

1846 1561 2020 1617 lucem
2048 1562 2367 1631 sagittarum
2405 1568 2621 1612 tuarum
2654 1556 2834 1618 ibunt,
2867 1551 2932 1605 ad
2956 1546 3296 1617 splendorem
3310 1540 3415 1595 ful-

1846 1653 1995 1725 guris
2042 1651 2210 1707 basta:
2269 1660 2392 1705 tum.
2426 1646 2592 1713 LXX,
2647 1644 2900 1704 Elevatus
2931 1648 3014 1695 est
3068 1638 3170 1701 sol,
3206 1644 3259 1690 et
3284 1635 3411 1687 luna

1847 1745 1995 1800 stetit
2032 1742 2085 1796 in
2117 1742 2309 1797 ordine
2336 1756 2455 1803 suo,
2503 1738 2555 1792 in
2612 1737 2731 1790 luce
2756 1732 2935 1804 jacula
2990 1737 3079 1782 tua
3140 1725 3314 1786 ibunt,
3355 1721 3412 1773 in

1848 1836 2136 1907 splendore
2174 1830 2572 1889 coruscationis
2628 1840 2905 1882 armorum
2964 1832 3202 1876 tuorum.
3234 1814 3413 1875 Alius,

1848 1906 1942 1982 lux
1975 1925 2258 1997 splendida
2298 1924 2431 1979 solis
2457 1919 2750 1985 continuit,
2784 1913 3039 1987 Splendor
3066 1918 3245 1963 autem
3271 1906 3414 1959 luna:

1850 2020 2021 2084 stetit,
2067 2015 2371 2073 secundum
2421 2010 2768 2082 splendorem
2828 2004 3135 2077 jaculorum
3193 2007 3412 2051 tuorum

174 2108 354 2178 ibunt,
415 2085 715 2169 secundum
764 2085 1119 2185 splendorem
1170 2085 1610 2187 fulguris-gladii
1644 2115 1743 2169 tui.
1787 2112 1915 2167 Vul.
1970 2110 2065 2166 Sol
2117 2117 2172 2165 et
2228 2109 2360 2162 luna
2417 2111 2683 2161 steterunt
2732 2103 2788 2155 in
2844 2094 3155 2155 habitacula
3204 2102 3323 2153 suo,
3356 2085 3414 2140 in

174 2205 298 2260 luce
327 2208 647 2278 sagittarum
678 2219 917 2274 tuarum,
971 2212 1128 2267 ibunt
1178 2212 1234 2266 in
1290 2212 1580 2283 splendore
1611 2209 1936 2282 fulgurantis
1970 2207 2139 2261 hastae
2169 2214 2295 2259 tum.

171 2305 293 2360 an:
326 2310 474 2361 imm
509 2311 630 2388 qua
660 2308 972 2387 vnn-mm
1007 2313 1153 2368 mn:
1190 2305 1258 2357 te
1332 2308 1409 2369 οι,
1444 2306 1501 2357 ὲν
1548 2304 1743 2374 ἀπειλῇ

172 2391 455 2459 ὀλιγώσεις
488 2397 611 2465 γῆν,
658 2396 752 2448 καὶ
776 2397 834 2448 ὲν
863 2396 1019 2467 θυμῷ
1052 2395 1307 2462 κατάξεις
1333 2398 1481 2468 ἔθνη.
1507 2398 1742 2463 Ἄλλος,

178 2480 521 2631 μτάἐὲυμοῦ
550 2485 820 2557 ὲγερθήσῃ
856 2489 949 2541 ἐπὶ
982 2489 1081 2560 τὴν
1108 2489 1235 2559 γῆν,
1257 2490 1373 2560 μετ’
1396 2490 1565 2562 ὀργῆς
1586 2490 1748 2562 ἁλοή-

175 2592 292 2641 σεις
382 2596 467 2641 νη.

382 2596 467 2649 νη.

176 2848 496 2922 -ιινιοτσ-ιπκ
531 2824 678 2905 νωνὸ
714 2850 842 2923 1m
875 2827 1020 2907 νυνί)
1053 2852 1194 2902 nam
1235 2843 1301 2898 ιδ
1385 2844 1462 2898 Ἀ.
1492 2843 1568 2911 E',
1599 2844 1749 2916 ἐξῆλ-

177 2932 271 2996 θες
298 2934 376 2997 εἰς
403 2933 677 3005 σωτηρίαν
708 2933 835 2988 λαοῦ
864 2950 977 2997 σου,
1006 2936 1085 2997 είς
1119 2935 1389 3005 σωτηρίαν
1411 2936 1506 2989 σὺν
1528 2936 1748 3008 Χριστῷ

177 3039 294 3077 σου.
328 3025 385 3078 Σ.
416 3063 431 3078 .
472 3063 488 3078 .
518 3064 532 3078 .
574 3064 589 3079 .
627 3065 642 3080 .
678 3064 693 3079 .
726 3065 741 3079 .
776 3067 789 3079 .
827 3063 842 3079 .
868 3027 944 3090 0',
973 3024 1194 3096 ἐξῆλθες
1213 3027 1292 3089 εἰς
1323 3027 1592 3097 σωτηρίαν
1617 3028 1747 3083 λαοῦ

179 3131 273 3168 σου
302 3113 395 3168 τοῦ
420 3114 590 3168 σῶσαι
621 3115 714 3168 τὸν
739 3116 973 3185 Χριστόν
1006 3133 1119 3168 σου.
1148 3117 1210 3171 Θ.
1258 3154 1273 3168 .
1313 3156 1327 3169 .
1368 3158 1381 3171 .
1419 3156 1432 3169 .
1469 3121 1558 3185 (τ’,
1594 3118 1749 3189 ἐξῆλ-

181 3207 273 3269 θες
299 3206 393 3259 τοῦ
428 3206 599 3260 σῶσαι
624 3207 715 3259 τὸν
742 3205 870 3260 λαόν
904 3224 998 3259 σου
1028 3207 1115 3260 διὰ
1160 3207 1362 3277 Ἰησοῦν
1387 3208 1479 3260 τὸν
1515 3209 1750 3279 Χριστόν

180 3316 275 3352 σου
325 3300 395 3369 (l.
430 3299 517 3353 διὰ
553 3297 726 3370 Ἰησοῦ
773 3300 867 3353 τοῦ
919 3301 1154 3371 Χριστοῦ
1188 3302 1328 3371 σου).
1360 3303 1593 3367 Ἄλλος,
1625 3305 1750 3357 άνε·⁵

180 3390 355 3459 φάνης
410 3391 505 3442 ἐπὶ
555 3391 800 3464 σωτηρίᾳ
850 3391 944 3445 τοῦ
996 3390 1125 3446 λαοῦ
1159 3409 1275 3457 σου,
1308 3392 1572 3462 ῥύσασθαι
1627 3394 1752 3457 τοὺς

181 3482 471 3545 ἐκλεκτούς
510 3501 623 3537 σου.

181 3559 289 3633 rho
320 3584 572 3638 amr-nr
606 3582 722 3635 πον
774 3585 916 3639 nm
958 3586 1087 3640 mm
1130 3586 1285 3637 tum
1331 3588 1463 3638 tum
1513 3588 1684 3639 nm:

184 3670 261 3729 0',
291 3664 472 3734 βαλεῖς
501 3666 581 3728 είς
624 3666 866 3735 κεφαλὰς
899 3667 1119 3737 ἀνόμων
1158 3667 1383 3722 θάνατον
1407 3712 1422 3736 ,
1465 3669 1752 3739 ὲξήγειρας

184 3758 415 3830 δεσμοὺς
439 3759 546 3822 ἕως
567 3761 860 3830 τραχήλου,
891 3760 1190 3830 διάψαλμα.
1231 3761 1293 3813 Θ.
1334 3798 1347 3813 .
1385 3803 1396 3815 .
1431 3799 1445 3813 .
1486 3801 1500 3814 .
1543 3800 1556 3814 .
1585 3800 1600 3814 .
1633 3801 1648 3815 .
1685 3800 1700 3815 .
1734 3802 1748 3816 .

184 3852 264 3906 Ε’.
297 3889 311 3904 .
341 3891 354 3904 .
390 3889 404 3904 .
438 3890 453 3905 .
487 3890 499 3903 .
540 3891 553 3903 .
594 3853 826 3918 Ἄλλος,
859 3853 1248 3919 κατετόξευσας
1278 3852 1517 3920 κεφαλὰς
1545 3850 1753 3920 ἀνθρὼ-

185 3960 304 4087 grew
330 3943 711 4013 ὑπερηφάνων,
735 3943 840 4006 ἕως
868 3945 1103 3999 ἀϐύσσου
1131 3945 1228 4016 τῆς
1280 3944 1552 4016 θαλάσσης
1584 3962 1751 3999 κατα-

218 4051 457 4087 υσονται.

218 4051 457 4087 υσονται.

1923 2299 2011 2354 1‘2.
2051 2297 2185 2352 Heh.
2219 2296 2273 2348 in
2307 2293 2385 2347 ira
2416 2298 2635 2345 incedcs
2666 2298 2888 2346 terram,
2931 2287 2986 2334 et
3018 2277 3071 2330 in
3108 2273 3290 2327 furore
3316 2268 3414 2323 tri-

1852 2389 2063 2445 turabis
2090 2396 2296 2458 gentes.
2330 2380 2493 2445 LXX,
2548 2381 2602 2434 in
2659 2372 3081 2433 comminatione
3123 2362 3412 2420 imminuee

1852 2491 2075 2545 terram,
2110 2487 2165 2534 et
2200 2478 2252 2532 in
2289 2474 2474 2530 furore
2511 2474 2764 2527 detrahes
2804 2474 3009 2537 gentes.
3057 2459 3244 2520 Alius,
3288 2465 3413 2508 cum

1852 2573 2040 2628 furore
2070 2568 2395 2625 excitaberis
2422 2580 2584 2635 super
2620 2574 2841 2621 terram,
2875 2570 2998 2611 cum
3030 2554 3110 2607 ira
3131 2547 3418 2604 triturabis

1852 2672 2061 2736 gentes.
2086 2660 2205 2715 Vul.
2235 2660 2287 2713 in
2323 2657 2539 2712 fremitu
2574 2648 2919 2709 conculcabis
2969 2655 3209 2700 terram:
3248 2640 3304 2694 in
3340 2636 3422 2691 fu-

1852 2771 1980 2812 rore
2004 2752 2406 2824 obstupefacies
2437 2757 2644 2818 gentes.

1925 2849 2012 2902 l3.
2052 2846 2217 2902 Hebr.
2250 2844 2314 2898 A.
2340 2842 2406 2909 V,
2433 2841 2556 2896 Vul.
2588 2837 2856 2907 Egressus
2883 2848 2942 2887 es
2976 2831 3028 2884 in
3062 2827 3291 2883 salutem
3322 2836 3420 2891 po-
3453 2861 3457 2865 .

1852 2941 1966 3011 puli
1997 2940 2143 2995 tuiin
2174 2939 2401 2994 salutem
2419 2948 2542 2988 cum
2567 2930 2785 2986 Christo
2814 2936 2926 2980 tuo.
2954 2924 3012 2978 S.
3045 2917 3418 2987 LXX,Egres-

1855 3008 1951 3087 sus
1979 3045 2039 3086 es
2074 3030 2129 3083 in
2157 3028 2386 3083 salutem
2415 3021 2598 3095 populi
2624 3018 2722 3083 tui,
2757 3025 2817 3071 ut
2854 3014 3095 3070 salvares
3134 3008 3419 3063 Christum

1855 3133 2027 3180 tuum.
2057 3122 2160 3176 Th.
2195 3120 2458 3189 Egressus
2481 3131 2539 3169 es
2573 3113 2783 3168 salvare
2808 3107 3065 3178 populum
3095 3112 3271 3163 tuum,
3310 3098 3425 3153 sal-

1852 3232 1983 3274 vare
2009 3215 2285 3271 Christum
2310 3208 2481 3265 tuum’.
2528 3205 2595 3259 Vl
2647 3204 2746 3258 Ed.
2776 3202 3038 3271 Egressus
3082 3211 3140 3251 es
3208 3193 3420 3248 salvare

1854 3308 2115 3378 p0pulum
2160 3313 2311 3358 tuum
2351 3316 2446 3371 per
2472 3298 2657 3352 Jesum
2699 3294 2975 3349 Christum
3018 3299 3192 3343 tuum.
3243 3284 3418 3345 Alius,

1857 3374 2171 3470 ‘Apparuisti
2202 3408 2367 3465 super
2401 3391 2576 3448 salute
2608 3386 2795 3459 populi
2841 3383 2941 3449 tui,
2978 3382 3044 3437 ad
3077 3374 3418 3433 liberandum

1858 3493 2060 3547 electos
2099 3498 2241 3544 tuos.

1922 3582 2056 3637 Heb.
2090 3577 2410 3636 transfixisri
2445 3582 2608 3645 caput
2629 3573 2695 3628 de
2714 3569 2878 3626 domo
2906 3565 3077 3636 impii,
3097 3556 3420 3617 denudando

1846 3674 2260 3730 fundamentum
2296 3681 2471 3737 usque
2504 3665 2572 3737 ad
2622 3661 2846 3725 collum,
2889 3656 3019 3713 sela.
3058 3649 3420 3715 LXX,Mittes

1851 3768 1905 3822 in
1932 3765 2112 3834 capita
2168 3761 2485 3831 iniquorum
2550 3765 2807 3816 mortem,
2870 3744 3147 3805 suscitasti
3199 3738 3421 3796 vincula

1847 3830 2024 3927 usque
2050 3854 2117 3909 ad
2140 3830 2362 3908 collum.
2394 3848 2720 3919 Diapsalma.
2746 3841 2847 3896 Th.
2875 3881 2887 3894 .
2912 3880 2925 3894 .
2953 3878 2967 3893 .
2990 3879 3003 3893 .
3031 3876 3044 3891 .
3068 3832 3272 3890 ornasti
3298 3830 3422 3884 fun-

1856 3923 2170 4015 damentum
2199 3958 2372 4015 usque
2422 3941 2490 3995 ad
2540 3937 2761 3993 collum.
2810 3931 2848 3986 V
2902 3930 2999 3983 Ed.
3026 3970 3038 3982 .
3065 3968 3079 3982 .
3105 3965 3120 3981 .
3145 3965 3159 3979 .
3182 3965 3195 3978 .
3251 3923 3422 3976 denu-

1859 4040 2000 4096 dasti
2025 4081 2040 4105 ,
2062 4040 2164 4093 sive
2192 4034 2469 4093 evacuasti
2496 4030 2905 4087 fundamentum
2929 4035 3099 4092 usque
3114 4018 3179 4073 ad
3201 4016 3421 4077 collum,

187 4130 322 4183 seta.
358 4130 534 4194 Alius,
577 4127 804 4199 Sagittis
844 4127 1135 4185 confodisti
1182 4129 1358 4200 capita
1391 4130 1673 4187 hominum
1730 4136 2115 4205 superborum,
2167 4144 2342 4200 usque
2375 4128 2443 4183 ad
2508 4128 2765 4196 abyssum
2804 4118 2974 4173 maris
3020 4114 3420 4179 demergentur.

190 4220 317 4276 vul-
351 4221 676 4279 Ρθνθυθδίδιί
704 4235 866 4293 cap!"
890 4223 957 4278 de
1007 4224 1169 4279 domo
1205 4224 1386 4293 impii;
1431 4226 1719 4284 denudasti
1759 4229 2171 4286 fundamentum
2238 4225 2358 4293 ejus
2389 4237 2565 4292 usque
2591 4221 2656 4275 ad
2688 4217 2909 4274 collum.

188 4299 409 4378 mv‘m
445 4298 668 4399 ure-xli
697 4324 857 4377 nam
886 4324 1012 4375 ma
1045 4325 1177 4375 IUN‘I
1213 4323 1396 4376 mam
1438 4328 1583 4399 mp:
1624 4319 1691 4373 14

188 4416 401 4464 113m
433 4414 519 4469 ηπ
552 4388 830 4465 ΒῃκΒ-ιω
901 4409 977 4470 0',
1007 4406 1260 4476 διέκοψας
1289 4409 1345 4460 ὲν
1389 4388 1640 4462 ἐκστάσει
1668 4427 1761 4463 κε-

193 4497 369 4567 φαλὰς
398 4496 695 4565 δυναστῶν,
726 4498 1099 4570 σεισθήσονται
1129 4501 1188 4551 ὲν
1231 4500 1390 4570 αὐτῇ,
1439 4501 1760 4565 διανοίξουσι

194 4590 447 4661 χαλινοὺς
481 4590 660 4645 αὐτῶν
689 4592 766 4655 ὡς
814 4590 986 4646 ἔσθων
1028 4592 1243 4662 πτωχὸς
1291 4593 1485 4665 λάθρα.
1524 4594 1757 4660 Ἄλλος,

194 4682 511 4752 ὲξεδίκησας
543 4682 682 4752 μετά
729 4681 1011 4753 δυνάμεώς
1058 4700 1151 4736 σου
1189 4684 1316 4746 τοὺς
1343 4684 1616 4754 ἀρχηγοὺς
1652 4682 1760 4736 τῶν

195 4774 572 4846 ἁμαρτωλῶν·
616 4776 739 4838 τοὺς
775 4774 1099 4838 πεποιθότας
1128 4777 1221 4828 ἐπὶ
1266 4777 1333 4846 τῇ
1372 4774 1628 4846 αὐθαδείᾳ
1663 4775 1761 4829 αὑ-

194 4865 326 4930 τῶν,
362 4866 544 4921 ὢεκεν
570 4865 667 4919 τοῦ
699 4869 1032 4936 καταφαγεῖν
1064 4867 1190 4929 τοὺς
1217 4866 1466 4935 πτωχοὺς
1494 4865 1686 4936 λάθρα.

1938 4318 2119 4372 14.11.
2156 4314 2449 4371 Perfodisti
2488 4313 2540 4366 in
2572 4310 2780 4366 baculis
2825 4304 2946 4375 ejus
3000 4306 3162 4369 caput
3186 4304 3424 4363 pagano-

1865 4426 1987 4465 rum
2008 4410 2127 4479 ejus
2152 4426 2165 4460 :
2200 4407 2562 4463 turbinabunt
2584 4403 2650 4457 ad
2671 4395 3087 4470 dispergendnm
3104 4404 3218 4443 me:
3241 4381 3426 4439 exsul-

1864 4502 1997 4556 tatio
2022 4515 2208 4554 eorum
2242 4498 2399 4568 quasi
2428 4497 2495 4551 ad
2518 4491 2911 4550 comedendum
2941 4484 3195 4540 amictum
3219 4480 3272 4531 in
3300 4475 3425 4529 abs-

1864 4593 2106 4649 condito.
2133 4589 2297 4655 LXX,
2352 4586 2630 4644 Discidisti
2677 4585 2731 4638 in
2767 4592 2988 4651 stupore
3040 4573 3211 4642 capita
3246 4575 3429 4638 poten-

1864 4684 2000 4737 tium
2025 4701 2038 4738 :
2062 4681 2552 4738 commovebuntur
2584 4677 2641 4731 in
2671 4690 2736 4730 eo
2766 4690 2784 4727 :
2832 4669 3077 4739 aperient
3124 4662 3290 4717 frama
3328 4672 3425 4714 sua

1868 4776 2011 4831 sicut
2038 4775 2330 4830 comedens
2361 4786 2566 4843 pauper
2593 4770 2646 4822 in
2688 4762 3029 4819 abscondito.
3061 4756 3233 4817 Alius,
3269 4750 3429 4805 Ultus

1866 4881 1926 4922 es
1952 4883 2076 4922 cum
2105 4867 2303 4920 virtute
2344 4876 2434 4917 tua
2480 4864 2646 4916 duces
2682 4865 3047 4927 peccatorum,
3096 4845 3431 4902 confidentes

198 4958 254 5019 in
290 4959 600 5026 arrogantia
658 4972 757 5013 sua
797 4966 856 5012 ut
901 4958 1246 5013 comederent
1293 4971 1557 5026 pauperes
1613 4956 1775 5011 clam.
1816 4955 1940 5012 Vul.
2002 4956 2329 5013 Maledixisti
2381 4955 2616 5023 sceptris
2673 4949 2833 5019 ejus,
2885 4943 3050 5014 capiti
3103 4938 3429 4993 bellatorum

197 5054 338 5123 ejus,
364 5054 708 5116 venientibus
747 5062 807 5108 ut
847 5054 1007 5108 turbo
1073 5053 1139 5107 ad
1198 5051 1615 5122 dispergendum
1666 5066 1771 5107 me.
1811 5051 2119 5110 Exsultatio
2144 5067 2356 5118 eorum,
2397 5051 2540 5106 sicut
2566 5046 2685 5116 ejus
2724 5044 2819 5114 qui
2871 5041 3094 5095 devorat
3136 5043 3431 5105 pauperem

198 5148 255 5205 in
280 5148 622 5204 abscondito.

198 5255 409 5303 wn:
446 5252 533 5307 us
566 5224 1090 5305 Sate-1m:va
1127 5227 1345 5301 usrth
1429 5238 1625 5294 Ἀ.τοῦ
1653 5239 1767 5294 δια-

202 5338 518 5408 σκορπίσαι,
564 5339 913 5409 γαυριάματα
957 5337 1136 5391 αὐτῶν
1165 5336 1256 5390 τοῦ
1296 5338 1487 5405 φαγεῖν
1529 5336 1767 5406 πένητας

202 5429 556 5500 ἀποκρύφως.
603 5430 661 5483 Σ.
712 5427 1034 5490 ἐπελθόντας
1080 5428 1371 5496 σκορπίσαι
1423 5425 1767 5495 γαυριῶντας

203 5516 344 5573 ὥστε
369 5521 706 5587 καταφαγεῖν
752 5518 1015 5589 κρυφίως.
1046 5515 1122 5581 0',
1152 5515 1471 5581 διανοίξουσι
1518 5514 1765 5586 χαλινοὺς

203 5612 383 5671 αὐτῶν
418 5612 495 5678 ὡς
524 5611 695 5666 ἔσθων
721 5611 932 5682 πτωχὸς
954 5609 1145 5681 λάθρα.

1936 5236 2003 5291 Η.
2035 5237 2102 5292 ad
2135 5231 2556 5305 dispergendum
2585 5244 2673 5284 me
2699 5242 2713 5279 :
2749 5222 3043 5281 exsultatio
3063 5234 3251 5276 eorum
3273 5217 3430 5289 quasi
3496 5259 3522 5271 ς

1865 5330 1932 5384 ad
1965 5328 2358 5384 comedendum
2412 5324 2667 5378 atllietum
2732 5320 2786 5373 in
2832 5315 3191 5372 abscondito.
3236 5311 3303 5365 Α.
3361 5311 3431 5365 ad

1863 5420 2303 5491 dispergendum:
2327 5414 2721 5473 exsultationes
2741 5424 2928 5464 eorum
2953 5407 3018 5461 ad
3034 5403 3427 5461 comedendum

1864 5527 2128 5583 pauperes
2159 5511 2317 5564 clam.
2350 5508 2407 5561 S.
2457 5507 2729 5561 irruentes
2769 5501 2834 5556 ad
2885 5497 3301 5569 dispergendum
3333 5511 3429 5551 eos

1862 5606 1955 5677 qui
1972 5603 2249 5659 exsultant
2273 5600 2603 5654 utdevorent
2631 5595 2793 5651 clam.
2811 5591 2974 5655 LXX,
2994 5590 3234 5660 aperient
3258 5587 3426 5644 frtcna

1866 5715 1965 5755 sua
1999 5696 2140 5752 sicut
2168 5691 2457 5750 comedens
2491 5706 2693 5763 pauper
2733 5689 2787 5743 in
2820 5685 3156 5743 abscondito.
