3826 6218
441 203 583 261 2999

440 295 695 375 ιιπτπ-ὃ»
731 312 765 370 9
840 314 900 367 Σ.
931 311 1333 374 ἐπιϐαίνοντας.
1365 309 1425 365 1η
1454 313 1508 365 Ο¹
1539 324 1711 367 vacat.

436 610 653 661 mm
694 600 755 653 11
846 600 925 652 Ἀ.
951 598 1030 661 εἰς
1060 597 1152 649 τὸν
1176 596 1361 666 ὅλμον.
1418 595 1640 651 Barber.
1700 597 1780 650 Ἀ.
1822 598 1879 652 Σ.
1911 596 2020 650 τῶν

440 692 644 763 ὁλμῶν.
683 693 759 756 0',
781 689 879 761 τὴν
908 688 1417 759 κατακεκομμένην.
1448 686 1513 743 Θ.
1551 689 1610 741 ὲν
1636 687 1713 758 τῷ
1738 687 1911 757 βάθει.

438 879 608 931 warm
648 867 715 921 19.
790 869 853 919 Ol
874 864 1094 930 λοιποὶ,
1128 862 1418 934 ἐκδικήσω.
1447 864 1523 929 0',
1550 862 1910 935 ὲξξρευνήσω.

439 1056 555 1105 ΠἿΪ
594 1046 662 1099 15
745 1046 825 1098 Ἀ.
860 1042 1253 1115 ταλαιπωρίας.
1305 1041 1667 1113 Ο¹,λθλίψεως.

437 1230 663 1279 nmium
697 1230 828 1280 risu?
865 1228 950 1281 ειν
1040 1220 1117 1274 Ἀ.
1162 1218 1348 1290 ἡμέρα.
1402 1218 1687 1290 συμφορᾶς
1736 1218 1831 1271 καὶ
1858 1219 2015 1290 ἄτης.

441 1313 518 1377 0',
546 1313 728 1382 ἡμέρα
751 1312 956 1383 ἀωρίας
983 1312 1077 1365 καὶ
1102 1308 1435 1381 ἀφανισμοῦ.

437 1495 730 1593 ΠῊΠᾟἿΝ
770 1510 836 1565 18
921 1510 1001 1563 Ἀ.
1048 1508 1560 1579 κατασπουδασμόν.
1601 1509 1659 1564 Σ.
1695 1509 1836 1580 μετά
1868 1509 2019 1563 ἔπει-

442 1601 594 1665 ξεως.
628 1606 706 1666 0',
738 1603 830 1655 καὶ
865 1601 1121 1672 σπουδήν.

1461 196 1934 254 HEXAPLORUM
1975 198 2140 266 ΟΠΞ
2183 198 2614 257 SUPERSUNT.

3555 198 3693 254 5000

2197 318 2250 371 9.
2280 317 2346 371 H.
2376 331 2592 372 omnem
2640 313 3057 371 transilientem.
3094 311 3159 367 S.
3196 310 3575 368 ascendentes.
3632 311 3693 365 ιιι

2124 408 2269 462 LXX
2320 418 2493 463 vacat.
2529 407 2649 461 Vul.
2685 420 2928 469 omnem,
2958 404 3054 475 qui
3109 414 3424 473 arrOganter
3456 402 3692 473 ingredi-

2124 512 2281 648 ull11.
2316 591 2479 646 Hebr.
2511 589 2811 646 Machthes.
2839 589 2905 644 A.
2946 588 3001 642 in
3041 587 3393 642 mortarium.
3432 584 3600 640 Barb.
3632 586 3693 639 Δ.

2124 684 2181 739 S.
2207 686 2619 739 mortariorum.
2648 681 2812 749 LXX,
2834 682 3133 737 concisam.
3167 679 3270 734 Th.
3308 679 3363 733 in
3402 678 3695 748 profundo.

2124 777 2251 833 Vul.
2288 777 2433 847 pilae.

2198 871 2287 925 12.
2346 868 2479 924 Heb.
2537 866 2662 922 Vul.
2725 865 3033 922 scrutabor.
3083 864 3329 934 Reliqui,
3378 862 3693 918 vindicabo.

2125 960 2289 1027 LXX,
2334 960 2695 1030 investigabo.

2193 1055 2280 1109 15.
2313 1054 2449 1108 Heb.
2484 1051 2783 1124 Angustiae.
2819 1057 2886 1106 Δ.
2935 1048 3189 1106 miseriae.
3233 1045 3398 1109 LXX,
3441 1044 3572 1100 Vul.
3602 1045 3696 1099 tri-

2118 1145 2436 1201 bulationis.

2192 1238 2355 1293 Hebr.
2378 1238 2495 1293 dies
2514 1236 2779 1291 tumultus
2806 1242 2860 1288 et
2884 1230 3254 1289 desolationis.
3297 1230 3363 1283 Α.
3402 1229 3525 1284 dies
3556 1228 3699 1283 cala-

2119 1326 2328 1380 mitatis
2363 1334 2418 1380 et
2473 1303 2793 1380 infortunii:
2832 1322 2997 1385 LXX,
3045 1323 3161 1377 dies
3196 1320 3617 1375 immaturitatis
3646 1328 3699 1375 et

2121 1418 2462 1489 perditionis.
2497 1416 2615 1472 Vul.
2646 1417 2765 1473 dies
2803 1414 3131 1471 calamitatis
3152 1412 3478 1468 etmiseriie.

2191 1515 2288 1574 18.
2348 1513 2413 1568 H.
2483 1512 2730 1582 profecto
2786 1508 3121 1565 festinatam.
3177 1505 3244 1559 Α.
3287 1503 3694 1559 festinationem

2121 1608 2216 1681 (al.
2241 1601 2709 1672 sollicitudinem).
2733 1601 2790 1657 S.
2826 1600 2950 1653 Vul.
2988 1614 3113 1653 cum
3137 1595 3509 1652 festinatione.
3530 1591 3691 1658 LXX,

2119 1715 2171 1759 et
2215 1700 2647 1758 festinationem.

1289 1804 1464 1864 Nota)
1486 1809 1547 1863 et
1578 1802 1770 1865 varim
1802 1802 2112 1865 lectiones
2143 1800 2221 1863 ad
2260 1815 2398 1876 cap.
2432 1797 2458 1856 l
2492 1789 2855 1871 Sophonim.

513 1932 575 1986 V.
602 1935 656 1990 5.
686 1934 904 1990 Hieron.
932 1951 946 1987 :
985 1954 1003 1986 ι
1037 1932 1150 1990 Hoc
1182 1935 1325 2005 quod
1360 1937 1647 2005 posuimus
1686 1936 1741 1990 in
1766 1936 1929 2001 LXX,
1957 1946 2008 1990 et

439 2006 850 2073 infirmabuntur
898 2007 1073 2074 impii,
1129 2004 1214 2060 def
1241 2004 1629 2061 Theodotionis
1656 2007 2012 2061 translatione

440 2076 679 2146 additum
706 2085 814 2129 est:
853 2092 950 2145 pro
978 2092 1088 2145 quo
1107 2074 1164 2130 S.
1190 2076 1575 2146 interpretatus
1603 2088 1771 2141 est,et
1793 2078 2016 2130 scanda-

440 2144 496 2216 la
522 2161 639 2216 cum
666 2144 865 2216 impiis,
896 2156 955 2199 ut
978 2144 1352 2209 s’ubaudiatur,
1388 2147 1859 2216 congregabantur,
1895 2149 2010 2201 sive

438 2213 726 2287 deﬁcient;
746 2214 782 2267 ν
814 2226 993 2287 autem
1022 2216 1133 2287 ed._,
1164 2226 1212 2269 et
1235 2213 1521 2285 inﬁrmitas
1559 2213 1678 2270 cum
1714 2219 1890 2287 impiis
1917 2218 2009 2271 de-

439 2284 597 2352 ﬁciet.
638 2304 656 2336 ι
690 2284 871 2340 Graeca
900 2285 1075 2339 adfert
1098 2285 1446 2339 Barberinus.

516 2354 573 2426 Χ.
608 2356 659 2410 5.
693 2357 907 2421 Ἄλλος
931 2396 945 2417 ,
971 2356 1113 2408 κατὰ
1155 2355 1249 2409 τοῦ
1283 2355 1481 2426 Μολόχ.
1517 2355 1866 2413 Barberinus.

510 2421 574 2478 γ.
606 2427 658 2482 9.
692 2426 775 2491 Σ.,
808 2426 1205 2489 ἐπιϐαίνοντας.
1237 2421 1459 2481 Βθτὺθιίζ

2196 1931 2257 1984 ν.
2291 1930 2378 1983 11.
2430 1927 2653 1983 Hieron.
2689 1944 2704 1981 :
2751 1943 2770 1975 ι
2818 1923 2935 1977 Pila
2958 1962 2973 1987 ,
3009 1934 3130 1989 qua:
3179 1915 3446 1989 Hebraice
3478 1916 3692 1989 dicitur

2124 1998 2517 2065 MACHTHES,
2540 2007 2595 2053 et
2623 1997 2691 2050 ab
2719 1994 2911 2065 Aquila
2934 1986 3089 2065 versa
3112 1996 3214 2065 est.
3244 1990 3324 2065 ei;
3352 1987 3447 2039 τὸν
3471 1986 3686 2057 ὅλμον.»

2123 2058 2515 2127 Theodotionis
2544 2058 2828 2122 lectionem
2863 2063 3022 2116 habet
3055 2058 3401 2113 Barberinus.

2191 2142 2256 2196 V.
2292 2141 2379 2195 12.
2421 2142 2699 2200 01.1mm,
2737 2134 3029 2203 ὲκδικήσῳ.
3067 2127 3347 2186 Barberin.

2190 2211 2256 2264 ν.
2286 2212 2371 2266 15.
2414 2210 2517 2273 Ἀ.,
2549 2201 2941 2274 ταλαιπωρίας.
2968 2201 3135 2274 Idem.

2189 2265 2324 2336 Ibid.
2362 2265 2477 2344 3A.,
2506 2265 2692 2350 ἧμέρα
2720 2265 3005 2350 συμφορᾶς
3029 2271 3135 2350 ’καὶ
3162 2268 3319 2337 ἄτης.
3356 2265 3524 2322 Idem.

2189 2351 2254 2406 V.
2287 2351 2373 2406 18.
2420 2340 2501 2406 Ἀ.
2523 2340 2821 2417 ξ’κὰτασπέ
2846 2340 2951 2400 etc.
2992 2340 3156 2396 Idem.

1626 2609 2055 2672 SOPHONIIE
2114 2608 2373 2671 CAPUT
2412 2605 2494 2666 II.

436 2737 599 2817 TmP'l
634 2729 661 2784 1
740 2730 799 2784 Σ.
831 2729 926 2783 καὶ
948 2728 1262 2801 συλλεγῆτε.
1295 2733 1371 2796 0',
1407 2732 1502 2785 καὶ
1523 2732 1835 2805 συνδέθητε.

437 2912 599 2966 mm
636 2901 670 2956 4
736 2904 799 2956 Ol
824 2901 1043 2968 λοιποὶ,
1075 2903 1635 2977 ἐγκαταλελειμμένη.
1669 2912 1746 2972 U',
1779 2907 2011 2979 διηρπα-

441 2993 636 3046 σμέντι.

441 3010 474 3045 σ
520 3010 547 3045 ε
621 3031 636 3046 .

434 3010 623 3145 ῦῗηῖῒη)
661 3094 735 3147 ’Ἱλ
768 3086 802 3141 5
885 3086 965 3141 Ἀ.
998 3087 1074 3152 Ε’,
1112 3087 1265 3151 ἔθνος
1314 3089 1575 3161 ὀλέθριον.
1628 3092 1687 3145 Σ.
1718 3090 1869 3155 ἔθνος
1894 3091 2013 3144 ὀλε-

439 3179 784 3250 θρευόμενον.
816 3178 894 3245 0',
925 3180 1178 3251 πάροικοι
1206 3182 1461 3253 Κρητῶν.
1485 3182 1547 3236 Θ.
1572 3182 1722 3248 ἔθνος
1743 3182 2010 3257 ὀλεθρίας.

438 3358 1417 3441 nmmnunvn‘nnnnvmo

439 3470 501 3524 τὺ
531 3470 821 3541 σχοίνισμα
850 3470 949 3540 τῆς
975 3470 1310 3541 ὡραιότητος
1337 3510 1351 3525 .
1396 3512 1410 3525 .
1447 3510 1462 3525 .
1502 3512 1517 3527 .
1551 3510 1568 3527 .
1602 3472 1661 3525 Σ.
1693 3510 1708 3525 .
1742 3512 1757 3525 .
1795 3514 1807 3526 .
1853 3511 1866 3526 .
1897 3514 1911 3527 .
1948 3513 1962 3528 .
1995 3517 2011 3531 .

439 3562 770 3631 περίμετρον
812 3561 1423 3632 τὸπαράλιον......

440 3658 518 3717 0',
548 3652 643 3706 καὶ
669 3652 818 3706 ἔσται
839 3654 1029 3724 Κρήτη
1053 3653 1191 3724 νομὴ
1217 3654 1503 3725 ποιμνίων,
1525 3653 1620 3707 καὶ
1648 3654 1857 3725 μάνδρα
1875 3672 2013 3724 προ-

440 3744 640 3798 ϐάτων.

436 3845 562 3897 mea
599 3835 667 3890 14
749 3836 829 3890 ’A.
870 3833 1179 3891 πελεκᾶνοι.
1224 3835 1301 3902 0',
1350 3836 1756 3907 χαμαιλέοντες.
1811 3838 1872 3892 Θ.
1914 3841 2013 3891 κύ-

439 3941 557 3979 κνοι
564 3964 579 3979 ι

2186 2733 2238 2787 1.
2274 2730 2438 2785 Hebr.
2487 2728 2544 2784 S.
2574 2737 2629 2784 et
2673 2722 3098 2797 congregamini.
3149 2720 3313 2786 LXX,
3357 2728 3411 2778 et
3457 2721 3687 2792 colliga-

2116 2824 2272 2879 mini.
2299 2824 2427 2877 Vul.
2464 2820 2894 2891 congregamini.

2183 2918 2235 2971 4.
2275 2915 2410 2971 Heb.
2445 2914 2670 2983 Reliqui,
2698 2911 2975 2968 derelicta.
3004 2907 3167 2973 LXX,
3188 2907 3416 2977 direpta.
3442 2904 3572 2959 Vul.
3592 2904 3687 2959 de-

2115 3018 2342 3065 structa.

2190 3102 2243 3155 5.
2281 3098 2443 3153 Hebr.
2472 3096 2618 3168 genti
2645 3094 2942 3151 Ceretbim.
2974 3093 3039 3149 A.
3074 3091 3139 3157 V,
3192 3105 3325 3161 gens
3351 3090 3684 3160 perniciosa.

2117 3195 2174 3250 S.
2219 3209 2350 3265 gens
2388 3190 2617 3261 perdita.
2669 3187 2834 3252 LXX,
2887 3185 3106 3243 advenae
3164 3184 3529 3240 Cretensium.
3580 3182 3683 3235 Th.

2116 3296 2248 3351 gens
2275 3279 2555 3351 perniciei.
2589 3277 2712 3332 Vul.
2749 3291 2882 3347 gens
2909 3275 3268 3345 perditorum.

2186 3370 2238 3427 6.
2269 3369 2335 3425 H.
2378 3378 2431 3425 et
2460 3370 2566 3424 erit
2594 3379 2788 3439 portus
2822 3367 3010 3431 maris,
3048 3364 3360 3420 habitacula
3400 3362 3685 3418 caularum

2113 3472 2415 3533 pastorum.
2450 3463 2516 3516 A.
2539 3502 2553 3515 .
2574 3498 2592 3515 .
2619 3500 2633 3515 .
2660 3503 2672 3514 .
2724 3458 3002 3515 funiculus
3033 3457 3257 3528 speciei.
3281 3497 3295 3510 .
3318 3496 3334 3509 .
3359 3495 3373 3509 .
3401 3496 3417 3510 .
3456 3455 3515 3510 S.
3547 3495 3563 3508 .
3591 3495 3606 3508 .
3627 3496 3642 3509 .
3668 3496 3682 3508 .

2114 3568 2371 3609 mensura
2402 3552 2695 3607 maritima.
2718 3590 2731 3605 .
2759 3593 2771 3605 .
2793 3591 2807 3603 .
2834 3588 2849 3603 .
2879 3548 3041 3614 LXX,
3075 3559 3129 3604 et
3158 3550 3263 3603 erit
3298 3548 3454 3603 Creta
3480 3562 3687 3617 pascua

2112 3659 2360 3715 gregum,
2391 3653 2446 3697 et
2492 3643 2635 3696 Ovile
2676 3656 2954 3710 pecorum.
2988 3638 3108 3694 Vul.
3166 3649 3220 3695 et
3255 3640 3359 3695 erit
3406 3636 3686 3693 funiculus

2115 3737 2285 3791 maris
2314 3735 2532 3805 requies
2552 3742 2857 3803 pastorum.

2185 3830 2270 3883 14.
2318 3826 2483 3882 Hebr.
2521 3825 2823 3896 pelicanus.
2855 3824 2922 3879 A.
2958 3822 3214 3893 pelicani.
3237 3822 3400 3889 LXX,
3439 3823 3683 3878 chamae-

2112 3920 2319 3975 Iennes.
2352 3919 2456 3973 Th.
2481 3917 2659 3989 cycni.
2691 3914 2812 3970 Vul.
2850 3914 3221 3971 onocrotalus.

1284 4038 1461 4099 None
1495 4045 1555 4098 et
1591 4038 1781 4099 varius
1820 4037 2131 4099 lectiones
2159 4034 2237 4096 ad
2275 4049 2410 4110 cap.
2445 4032 2503 4094 ll
2535 4028 2896 4107 SOphonim.

506 4151 578 4225 y.
692 4152 773 4217 Σ.,
796 4153 890 4205 καὶ
923 4155 1235 4225 συλλεγῆτε.
1266 4154 1549 4210 Barberin.

781 4226 966 4289 λοισι,
997 4221 1551 4296 ἔγκναὲαᾉελειμμένη.
1582 4226 1747 4283 Idem.

506 4292 580 4369 V_._
603 4293 654 4347 5.
683 4291 1088 4369 Hieronymus}
1126 4293 1281 4369 {Ubi
1323 4291 1419 4350 nos
1455 4291 1851 4369 transtulimus,
1875 4315 1996 4369 gens

434 4362 1097 4434 perditorum,yilli'(LXX)
1114 4366 1390 4430 dixerunt,
1413 4368 1624 4421 advena:
1647 4362 1995 4433 Creeensiiim,

434 4432 490 4487 et
534 4432 677 4505 quod
714 4432 973 4505 Hebr-uiae
1014 4432 1275 4504 scriptum
1304 4436 1528 4505 estGOl
1565 4432 1995 4505 CHORETHIM,

436 4518 535 4573 pro
554 4499 693 4567 GOI,
724 4503 760 4556 i.
798 4515 1064 4573 e.,gente,
1098 4499 1345 4573 legerunt
1376 4504 1537 4563 GAR.
1574 4508 1676 4563 hoc
1702 4517 1806 4568 est.
1847 4499 2003 4562 adve-

436 4590 558 4627 nam
586 4589 605 4626 :
637 4580 691 4627 et
727 4587 824 4642 pro
860 4572 1280 4640 CHORETHIM,
1315 4577 1461 4644 quod
1495 4577 1726 4643 dicitur,
1767 4580 2001 4648 perdito-

436 4660 576 4718 rum,
607 4658 804 4718 nomen
832 4644 1005 4699 Creta:
1041 4646 1231 4718 insulae
1266 4656 1612 4718 putaverunt.
1664 4647 1907 4718 Denique
1946 4658 2002 4704 et

434 4712 498 4788 1‘1:
532 4722 586 4768 et
616 4712 760 4788 Vned.
793 4714 1128 4788 interpretati
1154 4712 1280 4769 sunt
1311 4714 1460 4788 ἔθνος
1484 4716 1757 4788 ὀλέθριονς
1788 4712 1842 4773 et
1870 4718 1997 4784 Th.,

434 4782 585 4846 ἔθνος
632 4782 1281 4866 ὸλίῗθρίιικθξ,ᾼ‹]υοιιιιθ2
1340 4785 1490 4849 ἔθνος
1543 4782 1996 4866 ὀλέθρερόμενονς

433 4867 557 4924 quae
576 4856 755 4905 omnia
789 4868 912 4907 cum
932 4856 1393 4924 interpretatione
1428 4865 1611 4911 nostra
1640 4856 1865 4912 faciunt.
1894 4878 1911 4908 ι
1942 4858 1996 4911 In

433 4922 593 4976 editis
620 4933 776 4978 antea
812 4922 1184 4994 legebatur‘ad
1224 4925 1469 4995 singulos
1503 4926 1658 4996 γένος
1689 4943 1788 4997 pro
1823 4928 1993 4992 ἔθνος,

2103 4157 2198 4211 sed
2241 4153 2391 4218 ἔθνος
2423 4152 2659 4208 restituit
2710 4151 3077 4216 Martianaeus,
3136 4160 3196 4205 ut
3244 4150 3447 4207 habent
3485 4154 3680 4224 optimi

2104 4242 2237 4282 mss.

2180 4295 2239 4349 ν.
2268 4293 2320 4349 6.
2346 4293 2747 4363 Hieronymus:
2788 4309 2806 4342 ι
2833 4290 3096 4356 Rursum,
3135 4290 3225 4346 ubi
3258 4305 3359 4347 nos
3388 4291 3631 4349 diximus
3660 4312 3676 4349 :

2106 4365 2176 4421 Et
2199 4366 2300 4419 erit
2327 4364 2593 4433 funiculus
2635 4363 2795 4433 maris
2831 4363 3028 4433 requies
3057 4372 3330 4430 pastorum
3349 4402 3364 4425 ,
3399 4370 3456 4416 et
3484 4378 3677 4419 omnes

2106 4431 2430 4501 Interpretes
2462 4434 2587 4486 huic
2615 4431 2955 4486 translationi
2985 4441 3389 4500 congruerunt;
3413 4434 3678 4487 scribitur

2105 4506 2160 4559 in
2190 4502 2352 4568 LXX,
2389 4503 2459 4557 Et
2485 4504 2583 4556 erit
2610 4500 2766 4557 Creta
2801 4518 2998 4572 pascua
3035 4502 3208 4572 gregis
3230 4540 3246 4567 ,
3277 4510 3330 4553 et
3364 4502 3495 4555 ovile
3520 4519 3677 4572 peco-

2105 4592 2245 4629 rum.
2289 4594 2308 4627 »
2355 4572 2429 4628 Ita
2478 4573 2841 4642 Hieronymus
2889 4571 2982 4641 qui
3030 4571 3201 4641 magis
3238 4586 3473 4642 sensum
3509 4571 3674 4641 Quam

2106 4647 2268 4700 verba
2309 4643 2549 4713 respicit.
2587 4641 2915 4696 Barberinus
2939 4656 3067 4713 vero
3089 4641 3300 4711 Aquilae
3338 4653 3395 4697 et
3422 4641 3675 4712 Symma-

2105 4716 2191 4770 chi
2224 4711 2482 4769 lectiones
2511 4714 2673 4767 habet
2700 4712 2887 4781 quales
2913 4711 3217 4766 attulimus.

2182 4784 2241 4838 V.
2274 4784 2362 4838 14.
2416 4785 2519 4847 ’A.,
2563 4779 2869 4835 πελεκᾶνοι.
2930 4781 3016 4843 Θ..
3057 4782 3265 4846 κύκνοι,
3316 4779 3668 4837 Barberinus.

2104 4851 2230 4909 Haec
2278 4868 2405 4908 vero
2452 4853 2754 4922 respiciunt
2783 4866 2969 4907 vocem
2990 4850 3217 4922 cibari);
3260 4852 3670 4921 χαμαιλέοντες,

2104 4940 2212 4978 non
2248 4920 2587 4994 sequentem,
2617 4932 2677 4977 ut
2698 4930 2915 4977 notatur
2936 4922 3073 4991 apud
3104 4920 3440 4977 Waltonum.

1601 5132 2029 5193 SOPHONIIE
2078 5129 2334 5192 CAPUT
2391 5129 2503 5189 III.

432 5262 623 5313 ΠΝἾἸὩ
658 5260 740 5313 ΊῚΠ
778 5254 803 5307 1
881 5255 957 5323 0',
987 5247 1033 5308 ὦ
1065 5257 1098 5328 ἡ
1139 5257 1427 5327 ἐπιφανής.
1489 5258 1744 5322 Ἄλλος,
1791 5257 1912 5311 οὐαὶ
1964 5257 1997 5327 ἡ

433 5351 718 5404 ἀθετοῦσα.

429 5453 577 5504 nam
649 5445 708 5499 Σ.
736 5446 983 5517 ἀνόητος.
1006 5449 1083 5513 0’,
1108 5448 1142 5518 ἡ
1180 5449 1497 5520 περιστερά.

432 5541 624 5596 om
659 5535 694 5590 4
777 5537 857 5593 'A.
891 5537 1214 5608 θαμϐευταί.
1237 5540 1312 5605 Ο’,
1336 5539 1790 5611 πνευματοφόροι.

2177 5255 2228 5309 1.
2266 5252 2400 5308 Heb.
2429 5252 2520 5308 Va;
2549 5252 2776 5307 fmdataa.
2804 5251 2965 5317 LXX,
3011 5252 3055 5306 0
3099 5252 3345 5307 illustris.
3375 5253 3541 5315 Alius.
3578 5254 3669 5306 Vm

2101 5355 2475 5400 contemnens.
2512 5342 2635 5398 ναι.
2659 5342 2753 5398 Va:
2776 5344 3141 5414 provocatrix.

2179 5438 2315 5493 Heb.
2349 5437 2632 5492 columbae.
2666 5434 2724 5489 S.
2756 5436 2938 5491 stulta.
2969 5432 3129 5498 LXX,
3169 5432 3289 5487 Vul.
3318 5432 3595 5489 columba.

2173 5532 2227 5585 4.
2257 5530 2420 5587 Hebr.
2448 5530 2613 5585 leves.
2636 5529 2703 5583 A.
2729 5537 3025 5598 stupentes.
3051 5524 3214 5588 LXX,
3251 5533 3529 5595 portantes
3552 5524 3667 5595 spi-

2101 5624 2267 5679 ritum
2299 5621 2361 5694 (i.
2384 5638 2431 5679 e.
2457 5622 2651 5693 spiritu
2682 5622 2824 5677 malo
2846 5619 3126 5691 correpti).
3156 5618 3281 5675 ναι.
3312 5617 3519 5675 vesani.
