3826 6218
482 270 625 325 3007

484 500 671 536 νουσα.

1563 267 2032 324 HEXAPLOIIUM
2062 268 2228 337 QUAE}
2267 268 2699 329 SUPERSUNT.

502 392 669 451 nm
701 385 733 439 7
806 384 883 448 0⁸,
912 385 1007 441 καὶ
1036 385 1354 457 εύθηνοῦσα.
1403 386 1635 448 Ἄλλοι,
1683 385 1775 438 καὶ
1826 386 2051 457 εὐφραί-

3571 258 3708 315 5008

2228 390 2279 442 7.
2317 390 2449 443 IIeb.
2488 400 2541 443 et
2576 390 2838 459 quietam.
2864 385 3026 449 LXX,
3063 396 3115 439 et
3139 380 3710 443 abundans.Alins,et

2110 512 2118 518 -
2158 481 2364 536 laetans.
2394 481 2514 536 Vul.
2538 492 2590 537 et
2608 491 2751 535 esset
2779 481 3050 549 Opulenta.

1270 593 1443 652 Nota)
1492 599 1555 651 et
1608 592 1796 653 variae
1843 591 2150 653 lectiones
2187 592 2262 652 ad
2310 608 2446 669 cap.
2483 593 2593 652 VII
2620 592 2955 653 Zacharias.

555 689 620 763 V.
660 691 713 744 I.
748 692 991 756 Ἄλλος,
1025 692 1191 762 μηνὸς
1227 692 1407 747 ἕκτου.
1459 692 1549 748 Sic
1588 694 1832 763 quaedam
1872 709 2048 749 exem-

485 762 678 829 plaria.

556 831 620 886 V.
650 832 701 887 7.
738 832 981 897 Ἄλλος,
1005 832 1100 886 καὶ
1118 832 1498 904 εύφραίνουσα.
1525 834 1597 887 Ita
1626 834 1819 904 legitur
1843 834 1897 887 in
1920 833 2042 902 qui-

2151 692 2378 763 busdam
2409 694 2809 763 exemplaribus
2840 708 2855 745 :
2890 701 3079 761 estque
3114 688 3253 744 haud
3282 686 3445 742 dubie
3479 684 3702 739 alterius

2152 762 2462 834 Interpretis
2492 762 2666 819 lectio.

1616 1036 2048 1096 ZACHARL‘E
2091 1037 2345 1099 CAPUT
2375 1036 2543 1096 VIII.

480 1132 600 1193 hri
636 1128 702 1183 Π
775 1133 843 1185 Π.
875 1133 1089 1188 κακίαν.

480 1229 608 1280 nm
662 1230 871 1287 unum
904 1234 1033 1285 Dm
1073 1233 1297 1285 mnam
1345 1234 1475 1284 ΒἸῙΊ
1518 1233 1717 1289 ἻὮὈἾΠ
1765 1234 1872 1284 D‘ﬂf
1911 1225 1977 1279 19

480 1321 694 1379 "1W?!
776 1317 854 1369 Ἀ.
888 1318 945 1372 Σ.
970 1319 1039 1371 -Θ.
1070 1319 1290 1388 νηστεία
1322 1321 1355 1388 ἡ
1384 1318 1479 1371 τοῦ
1513 1321 1797 1388 τετάρτου,
1829 1318 1921 1371 καὶ
1947 1336 2045 1389 νη-

2224 1137 2308 1189 I7.
2363 1133 2491 1188 Ileb.
2526 1132 2737 1186 Omnes.
2764 1130 2888 1185 Vul.
2922 1128 3146 1183 malum.

2224 1228 2307 1281 19.
2352 1226 2511 1280 Hebr.
2541 1226 2603 1278 A.
2634 1224 2691 1277 S.
2730 1222 2833 1277 Th.
2866 1221 2987 1275 Vul.
3009 1220 3269 1290 jejunium
3298 1217 3503 1287 quarti,
3541 1222 3597 1269 et
3629 1213 3707 1281 je-

2142 1321 2358 1389 junium
2390 1318 2582 1380 quinti,
2613 1316 2948 1384 (tt-jejunium
2973 1312 3211 1381 septimi,
3244 1319 3298 1363 et
3316 1310 3592 1378 jejunium
3618 1307 3709 1359 de.-

481 1406 633 1459 στεία
660 1409 691 1476 ἡ
718 1407 811 1461 τοῦ
834 1409 1105 1479 πέμπτου,
1134 1411 1227 1464 καὶ
1254 1412 1475 1480 νηστεία
1499 1412 1531 1480 ἡ
1562 1412 1653 1463 τοῦ
1681 1411 1928 1480 ἑϐδόμου,
1949 1410 2038 1463 καὶ

2170 1415 2293 1467 :imi.
2309 1411 2470 1475 LXX,
2492 1410 2755 1480 jejunium
2777 1416 3055 1476 quartum,
3078 1402 3406 1471 etjejuuium
3425 1399 3706 1469 quintum,

479 1496 701 1566 νηστεία
737 1499 770 1568 ἡ
826 1498 920 1552 τοῦ
953 1499 1201 1553 δεκάτου.
1257 1505 1337 1563 0',
1385 1502 1610 1571 νηστεία
1642 1504 1675 1569 ὴ
1704 1501 1920 1572 τετρὰς,
1947 1502 2041 1554 καὶ

478 1587 699 1655 νηστεία
739 1589 771 1655 ἡ
820 1588 1066 1661 πέμπτη,
1096 1593 1188 1644 καὶ
1217 1592 1439 1662 νηστεία
1469 1594 1501 1661 ὴ
1558 1591 1778 1661 ἑϐδόμη,
1810 1592 1904 1644 καὶ
1940 1607 2039 1661 νη-

479 1677 630 1730 στεία
656 1680 688 1749 ἡ
711 1678 931 1750 δεκάτη.

2143 1514 2197 1559 et
2218 1503 2483 1574 jejunium
2513 1501 2826 1572 septimum,
2851 1507 2905 1554 et
2933 1496 3200 1567 jejunium
3226 1494 3529 1549 decimum.

1222 1796 1396 1856 Notae
1428 1802 1485 1856 et
1522 1795 1707 1856 varize
1756 1794 2068 1857 lectiones
2105 1790 2177 1852 ad
2225 1806 2356 1866 cap.
2401 1789 2541 1849 VIII
2595 1785 2933 1848 Zacharize.

548 1893 613 1952 ν.
650 1896 734 1951 l7.
771 1894 1152 1969 Hieronymus.
1184 1897 1631 1963 0mnes,xax£av.

2216 1891 2281 1945 ν.
2313 1894 2396 1948 I9.
2416 1894 2517 1957 Ἄρ,
2542 1893 2626 1955 Σ.,
2645 1890 2732 1953 8.,
2768 1888 2988 1959 νηστεία
3016 1896 3121 1941 etc.
3155 1884 3230 1939 Ex
3260 1881 3638 1937 Thcodoreto.

1632 2076 2059 2139 ZACHARI/E
2098 2076 2352 2139 CAPUT
2384 2074 2497 2137 IX.

472 2181 593 2234 HW
628 2184 740 2233 ἘΠ
776 2185 916 2233 mn
954 2173 979 2226 1
1069 2175 1150 2227 Ἀ.
1175 2174 1325 2246 ἅρμα
1348 2175 1506 2245 λόγου
1538 2176 1762 2246 Κυρίου.
1795 2181 1871 2243 0’,
1900 2178 2043 2248 λῆμ-

477 2283 555 2335 μα
581 2266 739 2334 λόγου
761 2267 984 2336 Κυρίου.

472 2365 655 2417 ῚΠΓΏὩ
688 2367 883 2443 prum
953 2357 1030 2409 ’A.
1052 2355 1144 2408 καὶ
1164 2358 1221 2408 ὲν
1247 2355 1519 2425 Δαμασκῷ
1535 2356 1838 2418 ἀνάπαυσις
1852 2355 2039 2410 αὑτοῦ.

475 2446 553 2508 0',
581 2448 673 2499 καὶ
705 2445 996 2516 Δαμασκοῦ
1030 2444 1190 2499 θυσία
1220 2444 1404 2498 αὑτοῦ.

474 2636 635 2703 prin
668 2635 747 2684 -α
782 2607 1032 2685 na-‘mn
1062 2632 1323 2683 nun-nn
1355 2622 1391 2675 2
1495 2622 1575 2677 Ἀ.
1638 2623 1797 2690 καίγε
1861 2616 2037 2691 Ἢμὰθ

475 2717 878 2789 ὁριοτεθήσεται
906 2718 962 2768 ὲν
994 2716 1129 2785 αὐτῇ
1160 2715 1333 2784 Τύρος
1362 2716 1453 2768 καὶ
1502 2713 1690 2767 Σιδών.
1736 2715 1796 2768 Σ.
1827 2714 1907 2766 ἔτι
1946 2714 2040 2766 καὶ

478 2808 538 2859 tv
578 2805 753 2876 Ἣμὰθ
787 2808 851 2876 τῇ
873 2804 1169 2875 ὁμορούσῃ,
1190 2804 1284 2857 καὶ
1310 2805 1469 2875 Τύρῳ
1497 2803 1590 2855 καὶ
1620 2805 1829 2857 Σιδῶνι.
1849 2802 1924 2867 Ο⁹,
1949 2803 2042 2856 καὶ

478 2900 538 2951 ὲν
574 2897 773 2969 Ἠμάθ,
801 2899 859 2952 ἐν
886 2899 996 2960 τοῖς
1027 2897 1195 2968 ὁρίοις
1228 2897 1419 2967 αὐτῆς,
1450 2898 1625 2969 Τύρος
1659 2898 1753 2950 καὶ
1774 2894 1965 2949 Σιδών.

479 3198 646 3253 ﬁam
679 3196 843 3246 reuna
870 3184 903 3240 8
976 3186 1036 3240 Σ.
1072 3184 1294 3238 κωλύων
1342 3184 1629 3253 στρατείαν
1681 3182 2040 3253 παράγοντος.

480 3283 558 3349 0',
586 3280 874 3350 ἀνάστημα
906 3277 999 3331 τοῦ
1032 3275 1106 3348 μὴ
1126 3276 1557 3346 διαπορεύεσθαι.

477 3467 748 3547 mam-1:
788 3441 1019 3522 ’βπ-’πη
1068 3438 1326 3518 nm
1374 3462 1506 3513 nam
1557 3462 1648 3517 ’σν
1699 3461 1799 3510 mn
1836 3451 1869 3506 9
1961 3451 2042 3504 Ἀ.

479 3551 641 3615 αὐτὸς
695 3542 871 3619 πραῢς
900 3548 994 3601 καὶ
1042 3545 1386 3617 ἐπιϐεϐηκὼς
1434 3546 1527 3598 ἐπὶ
1563 3544 1685 3597 δνου
1716 3544 1810 3596 καὶ
1864 3542 2043 3595 πώλου

479 3642 597 3696 υίοῦ
626 3642 847 3695 ὁνάὸων.
882 3641 940 3692 Σ.
971 3638 1132 3701 αὐτὸς
1166 3637 1379 3707 πτωχὸς
1430 3636 1525 3689 καὶ
1578 3634 1921 3704 ἐπιϐεϐηκὼς
1952 3634 2045 3686 ἐπὶ

480 3734 599 3788 ϐνον
630 3733 724 3787 καὶ
754 3731 932 3784 πῶλον
962 3730 1077 3784 υἱὸν
1110 3729 1315 3791 ὀνάδος.
1351 3730 1429 3792 0’,
1480 3726 1641 3789 αὐτὸς
1686 3724 1868 3796 πραῢς
1888 3764 1904 3788 ,
1951 3724 2045 3777 καὶ

480 3821 821 3889 ιπιϐεϐηκὼς
859 3820 951 3872 ἐπὶ
972 3817 1263 3888 ὑποζύγιον
1292 3817 1387 3872 καὶ
1416 3816 1593 3870 πῶλον
1620 3816 1759 3868 νέον.
1786 3814 1848 3866 Θ.
1884 3813 2046 3876 αὐτὸς

482 3913 764 3969 ἐπακούων
811 3913 905 3966 καὶ
932 3909 1275 3979 ἐπιϐεϐηκὼς
1298 3909 1391 3961 ἐπὶ
1423 3908 1541 3960 ϐνον
1573 3908 1667 3961 καὶ
1719 3906 1899 3959 πῶλον
1932 3906 2045 3957 υἱὸν

481 4006 624 4060 ὄνου.
658 4004 735 4069 Ε’,
763 4003 922 4067 αὐτὸς
951 4002 1162 4071 πτωχὸς
1203 4001 1297 4055 καὶ
1337 3997 1680 4071 ἐπιϐεϐηκὼς
1719 3997 1812 4050 ἐπὶ
1842 3994 2047 4058 ὑποζύ-

483 4111 600 4165 γιον
629 4095 721 4150 καὶ
750 4094 928 4148 πῶλον
956 4093 1069 4147 υἱὸν
1096 4092 1254 4147 ὄνων.

484 4389 661 4440 -ωτπ
714 4386 891 4440 tat-'13:
946 4384 1065 4436 an:
1121 4360 1298 4435 15mm
1344 4359 1495 4434 amb
1549 4356 1697 4431 D1522:
1743 4381 1874 4431 “tm
1914 4370 1979 4424 10

486 4478 894 4557 V‘WN'IDDN‘W
976 4468 1030 4521 '0
1064 4465 1349 4533 Ἐϐραῖος,
1383 4503 1397 4519 .
1434 4504 1448 4517 .
1478 4506 1491 4520 .
1529 4465 1623 4516 καὶ
1655 4464 1763 4517 ἀπὸ
1792 4462 2049 4532 ποταμῶν

487 4556 591 4627 ἓως
626 4562 734 4616 τῶν
787 4561 1036 4632 περάτων
1068 4561 1165 4629 τῆς
1194 4558 1317 4629 γῆς.
1372 4559 1449 4611 'A.
1490 4558 1546 4611 Σ.
1580 4557 1643 4610 Θ.
1680 4556 1775 4608 καὶ
1826 4556 2051 4625 λαλήσει

488 4658 709 4728 εἰρήνην
736 4657 846 4717 τοῖς
876 4654 1073 4715 ἔθνεσι,
1104 4654 1197 4706 καὶ
1226 4654 1259 4723 ὴ
1286 4650 1503 4716 ἐξουσία
1530 4648 1693 4703 αύτοῦ
1720 4648 1828 4701 ἀπὸ
1857 4647 2052 4701 θαλάσ-

491 4766 588 4818 σης
616 4749 717 4810 ἓως
770 4746 1064 4815 θαλάσσης,
1094 4746 1188 4797 καὶ
1226 4744 1333 4796 ἀπὸ
1373 4741 1618 4811 ποταμοῦ
1667 4740 1772 4803 ἓως
1804 4740 2053 4809 περάτων

489 4837 588 4907 τῆς
619 4836 743 4907 γῆς.
776 4837 851 4901 0',
881 4837 974 4889 καὶ
1014 4834 1215 4905 πλῆθος
1260 4834 1353 4887 καὶ
1380 4834 1567 4903 εἰρήνη
1619 4828 1679 4893 ἐξ
1728 4826 1917 4891 ἐθνῶν,
1960 4827 2054 4878 καὶ

492 4926 747 4996 κατάρξει
781 4924 989 4978 ὑδάτων
1030 4922 1134 4986 ἓως
1182 4922 1455 4991 θαλάσσης
1490 4921 1583 4974 καὶ
1621 4916 1904 4988 ποταμῶν,
1973 4915 2052 4968 δι-

490 5018 716 5081 εκϐολὰς
746 5018 868 5087 γῆς.

490 5188 691 5269 {mnta-1
732 5211 794 5263 Π
882 5211 961 5265 Ἀ.
990 5211 1082 5263 καὶ
1106 5209 1261 5262 οἰνία.
1297 5207 1373 5271 Ο’,
1410 5208 1503 5260 καὶ
1539 5201 1699 5270 οἶνος.

2214 2177 2265 2229 I.
2309 2175 2441 2229 Heb.
2485 2172 2548 2227 Α.
2584 2171 2702 2225 Vul.
2754 2185 2893 2225 onus
2945 2168 3092 2222 verbi
3146 2166 3379 2220 Domini.
3426 2164 3593 2229 LXX,
3617 2180 3706 2219 as-

2142 2268 2382 2337 sumptio
2415 2266 2561 2319 verbi
2597 2263 2834 2317 Domini.

2213 2360 2377 2415 Ilebr.
2407 2370 2459 2414 et
2490 2359 2747 2413 Damesec
2773 2355 2973 2424 requiei
2995 2354 3130 2423 ejus.
3169 2353 3235 2407 Α.
3264 2363 3318 2405 et
3352 2352 3406 2404 in
3440 2350 3705 2404 Dainaseo

2142 2453 2361 2522 requies
2396 2452 2536 2521 ejus.
2581 2447 2743 2513 LXX,
2785 2457 2839 2501 et
2874 2445 3118 2501 Damasci
3168 2444 3503 2499 sacriﬁcium
3565 2445 3700 2513 ejus.

2140 2546 2263 2600 Vul.
2288 2555 2341 2598 et
2366 2543 2611 2598 Damasci
2634 2542 2837 2609 requiei
2862 2540 3000 2609 ejus.

2210 2636 2266 2689 2.
2310 2636 2443 2690 ΙΜ).
2467 2644 2520 2688 et
2545 2634 2706 2688 etiam
2732 2631 2961 2685 Hamath
2987 2628 3295 2683 terminabit
3316 2628 3368 2680 in
3394 2643 3457 2681 ea
3492 2627 3623 2691 Sor,
3655 2634 3706 2681 et

2145 2726 2332 2781 Sidon.
2363 2729 2425 2780 Α,
2460 2727 2621 2779 etiam
2650 2724 2877 2777 Hematli
2911 2722 3293 2777 terminabitur
3334 2720 3390 2773 in
3437 2735 3500 2773 ea
3533 2719 3707 2789 Tyrus

2142 2829 2194 2871 et
2222 2817 2410 2871 Sidon.
2465 2814 2522 2869 S.
2569 2816 2729 2869 etiam
2760 2822 2814 2867 et
2864 2814 2918 2867 in
2970 2813 3200 2868 Heuiatb
3241 2810 3623 2872 conterininm,
3660 2821 3709 2862 et

2143 2910 2287 2981 Tyro
2319 2920 2372 2961 et
2408 2908 2626 2963 Sidone.
2673 2905 2833 2965 LXX.
2879 2915 2931 2959 et
2977 2907 3029 2959 in
3080 2905 3294 2966 Emath,
3355 2904 3409 2956 in
3462 2902 3710 2957 terminis

2141 3005 2278 3073 ejus,
2310 3002 2485 3072 Tyrus
2522 3009 2574 3054 et
2606 2997 2793 3053 Sidon.
2846 2997 2966 3051 Vul.
3010 2996 3201 3052 Emath
3243 3012 3464 3067 quoque
3499 2996 3557 3048 in
3610 3006 3712 3049 ter-

2143 3096 2304 3151 minis
2325 3095 2462 3160 ejus,
2494 3100 2547 3145 et
2582 3088 2755 3160 Tyrus
2794 3098 2847 3141 et
2886 3089 3073 3144 Sidon.

2217 3188 2269 3242 8.
2311 3188 2471 3243 Hebr.
2512 3188 2581 3243 ab
2617 3187 2877 3247 exercitu,
2903 3199 2931 3237 a
2966 3189 3296 3236 transeunte.
3326 3178 3381 3233 S.
3409 3177 3715 3248 impediens

2146 3283 2440 3336 exercitum
2472 3277 2915 3349 pertranseuntis.
2940 3272 3101 3335 LXX,
3127 3272 3487 3327 elevationem
3516 3279 3582 3324 ut
3612 3285 3713 3323 non

2149 3379 2503 3439 pertranseat.
2523 3368 2642 3422 Vul.
2675 3384 2739 3421 ex
2783 3367 2868 3421 his
2914 3364 3003 3434 qui
3048 3363 3277 3416 militant
3325 3361 3462 3414 mihi
3498 3372 3712 3415 euntes.

2219 3464 2272 3518 9.
2308 3463 2371 3517 lI.
2405 3464 2522 3531 Ipse
2547 3463 2764 3517 humilis
2786 3472 2839 3515 et
2888 3460 3137 3528 equitans
3181 3472 3347 3527 super
3394 3457 3717 3517 asinum,et

2153 3571 2316 3625 super
2348 3555 2600 3617 asellum,
2658 3554 2824 3607 lilium
2862 3551 3155 3606 asinarnm.
3190 3548 3254 3601 Α.
3297 3547 3418 3617 Ipse
3457 3563 3718 3601 mansue-

2153 3653 2261 3709 tus,
2300 3655 2353 3698 et
2381 3654 2570 3698 vectus
2598 3659 2760 3711 super
2789 3641 2944 3695 asino
2974 3651 3025 3693 et
3068 3638 3219 3708 pullo
3259 3636 3367 3690 filio
3405 3636 3712 3691 asinarum.

2151 3732 2207 3787 S.
2248 3735 2361 3802 Ipse
2396 3747 2599 3802 pauper
2649 3743 2704 3784 et
2736 3741 2921 3785 vectus
2958 3745 3120 3796 super
3157 3727 3370 3782 asinum
3410 3737 3467 3781 et
3503 3728 3714 3796 pullum

2147 3825 2314 3879 lilium
2344 3824 2528 3879 asinae.
2568 3821 2727 3887 LXX,
2760 3822 2877 3889 Ipse
2902 3830 3218 3875 mansuetus
3250 3830 3303 3874 et
3332 3830 3526 3875 vectus
3555 3836 3716 3891 super

2145 3916 2413 3984 snlijugali
2469 3924 2523 3969 et
2552 3915 2696 3983 pullo
2741 3914 2961 3984 juvene.
3003 3912 3105 3966 Th.
3162 3910 3281 3981 Ipse
3337 3912 3635 3968 obediens.
3668 3922 3715 3964 et

2147 4018 2333 4062 vectus
2365 4022 2526 4076 super
2552 4008 2705 4062 asino
2732 4016 2786 4059 et
2814 4006 2959 4075 pullo
2987 4005 3095 4058 lilio
3122 4004 3310 4059 asinae.
3335 4002 3404 4066 ν,
3440 4004 3564 4072 Ipse
3587 4020 3716 4073 pau-

2148 4116 2242 4169 per
2273 4110 2325 4155 et
2360 4108 2548 4155 vectus
2574 4113 2735 4167 super
2768 4096 3059 4165 subjugali,
3112 4107 3165 4148 et
3209 4095 3358 4163 pullo
3390 4095 3506 4147 ﬁlio
3538 4096 3717 4147 asina-

2149 4208 2289 4248 rum.
2321 4191 2445 4245 Vul.
2472 4191 2589 4260 Ipse
2618 4206 2843 4260 pauper,
2880 4199 2933 4243 et
2957 4188 3255 4243 ascendens
3283 4201 3451 4255 super
3476 4186 3712 4247 asinam,

2148 4294 2200 4339 et
2234 4298 2396 4353 super
2431 4284 2632 4352 pullum
2665 4283 2832 4336 ﬁlium
2868 4281 3054 4334 asinae.

2220 4377 2307 4429 IO.
2350 4374 2510 4429 Ichr.
2538 4385 2592 4428 et
2628 4374 2876 4442 loquetur
2904 4386 3087 4440 pacem
3129 4369 3419 4441 gentibus,
3477 4378 3533 4423 et
3569 4378 3717 4439 pote-

2152 4478 2263 4523 stas
2296 4469 2415 4536 ejus
2444 4482 2472 4519 a
2504 4467 2639 4520 mari
2668 4480 2842 4533 usque
2872 4465 2937 4517 ad
2972 4478 3141 4526 mare,
3161 4472 3215 4516 et
3237 4478 3266 4515 a
3292 4462 3523 4515 ﬂumine
3549 4477 3717 4530 usque

2152 4564 2217 4614 ad
2274 4560 2406 4615 ﬂues
2447 4569 2645 4633 terrm.
2681 4557 2935 4611 Hebre-us
2984 4556 3174 4623 interp.
3210 4563 3266 4608 et.
3313 4570 3345 4607 a
3398 4554 3718 4607 ﬂuminibus

2152 4653 2216 4706 ad
2251 4652 2381 4706 lines
2409 4661 2584 4706 terrae.
2619 4650 2682 4702 A.
2719 4648 2775 4703 S.
2805 4648 2907 4703 Th.
2949 4646 3071 4700 Vul.
3128 4656 3183 4701 et
3225 4647 3487 4713 loquetur
3536 4660 3717 4714 pacem

2153 4744 2493 4811 gentibus,et
2516 4751 2755 4811 potestas
2780 4740 2899 4807 ejus
2924 4755 2953 4792 a
2985 4739 3120 4792 mari
3155 4754 3334 4806 usque
3368 4738 3435 4789 ail
3479 4752 3654 4797 mare,
3672 4745 3721 4787 et

2154 4856 2181 4891 a
2211 4837 2430 4891 ﬂumine
2470 4835 2611 4907 (Vul.
2649 4835 2985 4902 ﬂuminibus)
3025 4849 3199 4903 usque
3240 4834 3308 4886 ad
3368 4833 3508 4886 ﬂues
3548 4841 3719 4884 terrae.

2156 4916 2397 4993 LXX,Aet
2429 4928 2716 4982 multitudo
2746 4938 2800 4981 et
2832 4944 2932 4996 pax
2964 4943 3026 4980 ex
3060 4925 3313 4996 gentibus
3349 4942 3364 4978 :
3393 4934 3451 4977 et
3484 4922 3723 4977 domina-

2162 5021 2305 5074 bitur
2341 5020 2497 5089 aquis
2537 5032 2709 5087 usque
2757 5018 2821 5071 ad
2872 5031 3021 5070 mare
3062 5026 3116 5070 et
3167 5014 3518 5077 ﬂuminibus,
3552 5012 3723 5067 exitus

2162 5122 2337 5165 teme.

2234 5203 2317 5255 I7.
2350 5201 2507 5254 Ilebr.
2536 5209 2588 5255 et
2618 5200 2798 5253 vinum
2830 5216 3045 5253 novum.
3071 5201 3132 5252 Α.
3171 5206 3226 5252 et
3279 5200 3472 5252 vinum
3508 5214 3723 5253 novum.

2162 5290 2323 5357 LXX,
2347 5289 2469 5343 Vul.
2492 5300 2543 5343 et
2565 5290 2766 5341 vinum.

1306 5416 1479 5475 Notas
1504 5419 1567 5476 et
1597 5412 1789 5475 varice
1820 5410 2127 5472 lectiones
2154 5411 2229 5471 ad
2262 5426 2400 5485 cap.
2454 5408 2545 5468 IX
2595 5403 2928 5466 Zacharim.

570 5512 717 5585 νηὶ.
753 5516 860 5575 Ἄ..
884 5516 1033 5585 ἅρμα
1065 5516 1222 5583 λόγου
1248 5512 1475 5585 Κυρίου,
1500 5514 1565 5567 de
1593 5529 1757 5569 more.
1795 5513 2055 5585 Hierony-

500 5584 830 5661 mus'Latine
850 5572 1065 5641 tat-nium
1094 5603 1107 5639 :
1139 5572 1237 5651 Ἀ.,
1264 5572 1474 5654 pondus,
1499 5594 1555 5640 et
1589 5601 1720 5639 onus
1760 5584 1897 5640 verbi
1945 5572 2057 5637 ub-

502 5668 653 5707 mnu.

2236 5512 2364 5564 Ibid.
2390 5512 2493 5570 'A.,
2522 5506 2616 5560 καὶ
2648 5507 2706 5556 ὲν
2730 5499 3001 5571 Δαμασκῷ
3034 5507 3138 5555 etc.
3170 5497 3575 5553 Tlieodoretus.

2238 5582 2299 5634 γ.
2334 5581 2387 5633 ‘2.
2429 5581 2530 5637 Ἀ..
2554 5576 2708 5642 καίγε
2736 5585 2836 5625 etc.
2873 5571 3035 5624 lilem.

2419 5630 2717 5717 Ἀκκάρων.
2743 5643 2964 5698 Barbcr.
2992 5643 3047 5695 In
3077 5654 3275 5709 marg.,
3308 5636 3534 5708 σξροςυ.
3555 5630 3718 5705 σερδς)
