3826 6218
173 258 292 313 5007
314 272 473 311 sum

167 396 311 431 πτετε
329 378 557 449 δάκρυσι
587 378 646 431 τὸ
674 378 1054 447 θυσιαστήριον
1079 377 1305 448 Κυρίου,
1341 378 1433 429 καὶ
1456 377 1718 447 κλαυθμῷ

167 470 548 540 καὶστεναγμῷ
575 474 638 524 ὲκ
684 472 887 524 κόπων.
925 472 1045 523 Ἔτι
1098 470 1246 533 ἀξιον
1301 471 1589 540 ἐπιϐλέψαι
1638 475 1716 534 εἰς

165 562 359 623 θυσίαν,
383 561 415 632 ἢ
441 561 625 615 λαϐεῖν
662 561 847 613 δεκτὸν
872 562 937 614 ὲκ
963 561 1071 613 τῶν
1096 560 1293 631 χειρῶν
1326 561 1495 631 ὑμῶν.
1526 564 1589 617 Θ.
1623 566 1717 615 καὶ

162 652 304 704 τοῦτο
350 651 600 724 δεύτερον
634 654 925 722 ἐποιήσατε
952 670 967 682 ο
1007 651 1336 704 ὲκαλὺπτετε
1384 652 1611 722 δάκρυσι
1656 652 1716 705 τὸ

161 744 546 815 Θυσιαστήριον,
600 744 875 810 κλαίοντες
915 746 1008 799 καὶ
1060 745 1333 808 στένοντες
1379 746 1487 797 ἀπὸ
1516 746 1608 797 τοῦ
1640 746 1714 816 μὴ

161 830 283 887 εἶναι
312 836 392 889 ἔτι
422 836 850 905 προσεγγίζοντα
873 837 933 890 τὸ
973 836 1331 906 ὁλοκαύτωμα
1353 878 1370 904 ,
1410 835 1504 889 καὶ
1532 836 1716 889 λαϐεῖν

161 926 346 981 τέλειον
378 929 442 981 ὲκ
463 928 664 998 χειρῶν
703 928 875 998 ὑμῶν.

1377 256 1756 314 ιιΑιΑειιιΑξ
1796 232 2022 316 mror
2064 259 2155 315 iv.

3070 252 3207 309 3008
3225 260 3389 315 sexies

1826 379 2179 445 sacrificium,
2211 389 2303 435 aut
2337 381 2615 452 suScipere
2659 376 2988 451 acceptabile
3027 380 3093 433 de
3137 378 3388 433 manibus

1824 472 2038 526 vestris.
2072 470 2176 525 Th.
2242 481 2297 527 et
2354 474 2459 527 hoc
2513 473 2753 528 secundo
2782 472 3028 527 fecistis:
3063 469 3389 537 opericbatis

1824 561 2081 631 lacrymis
2112 563 2284 618 altare
2325 604 2341 627 ,
2375 562 2565 618 ﬂentes
2593 574 2647 618 et
2676 572 2987 633 gementes;
3010 577 3077 617 eo
3111 561 3257 630 quod
3283 577 3390 614 non

1824 666 1968 710 esset
1995 657 2135 710 ultra
2180 656 2272 726 qui
2299 656 2613 710 admoveret
2668 657 3067 716 holocaustum,
3099 664 3153 707 et
3180 653 3392 721 accipe-

1824 758 1907 800 ret
1929 747 2225 817 perfectum
2259 748 2325 801 de
2353 747 2605 801 manibus
2645 746 2860 801 vestris.
2896 744 3020 799 Vul.
3053 743 3119 797 Et
3153 745 3253 799 hoc
3269 759 3392 797 rur-

1824 852 1947 891 sum
1998 838 2229 902 fecistis,
2265 838 2591 908 operiebatis
2643 838 2898 907 lacryniis
2957 837 3128 890 altare
3153 834 3390 898 Domini,

1826 926 1956 981 tletu
1985 936 2041 981 et
2062 928 2293 997 mugitu,
2321 929 2392 980 ita
2423 937 2484 981 ut
2515 944 2621 981 non
2650 927 2935 997 respiciam
2956 928 3099 980 ultra
3124 925 3190 981 ad
3218 926 3389 981 sacri-

1819 1020 2028 1085 ficium,
2050 1036 2149 1074 nec
2176 1020 2438 1089 accipiam
2472 1016 2735 1089 placabile
2753 1019 2883 1090 quid
2900 1018 2969 1074 de
2990 1034 3157 1073 manu
3186 1027 3389 1075 vestra.

933 1113 1107 1173 Notre
1138 1121 1199 1173 et
1230 1114 1417 1176 varias
1445 1112 1756 1174 lectiones
1786 1112 1861 1174 ad
1897 1129 2032 1189 cap.
2067 1112 2122 1171 ll
2155 1111 2503 1173 Malachize.

224 1203 283 1258 ν.
311 1205 365 1260 2.
394 1207 623 1273 Ἄλλος,
657 1209 873 1263 σπάνιν.
916 1211 1264 1267 Barberinus.

224 1275 287 1351 ν.
313 1276 528 1351 5.__‘A._,
576 1278 688 1351 l'o‘ob
740 1279 851 1351 εγὼ
885 1282 1120 1351 ἐπιτιμῶ
1161 1294 1265 1337 etc.
1310 1282 1710 1338 Theodoretus.

162 1343 232 1469 {In
264 1347 453 1415 Aquila
501 1348 669 1401 habes
708 1343 803 1401 σύν
828 1352 993 1420 quod,
1036 1343 1099 1407 ut
1124 1354 1190 1407 de
1218 1370 1389 1416 more,
1422 1352 1713 1422 respondet

184 1416 413 1469 lebraico
435 1428 535 1469 nsi.
568 1417 672 1469 Sed
708 1420 794 1469 hic
824 1421 1093 1469 significat
1130 1440 1265 1469 cum-
1293 1435 1346 1469 et
1368 1440 1475 1469 nnn
1513 1423 1713 1469 indicat

184 1416 413 1471 lebraico
435 1428 535 1477 nu.
568 1417 672 1471 Sed
708 1420 794 1473 hic
824 1416 1093 1489 signiﬁcat
1130 1440 1266 1482 cum.
1293 1435 1346 1479 et
1368 1440 1475 1477 non
1512 1416 1715 1476 indicat

160 1503 333 1540 casum
363 1493 754 1564 accusativum.
787 1490 994 1564 Auctor
1025 1492 1228 1547 Latina:
1253 1494 1500 1564 Vulgatze
1524 1492 1715 1564 extulit

158 1568 291 1621 rm
309 1558 583 1639 cum_aliis
618 1561 854 1628 punctis,
872 1562 1150 1627 nimirum,
1179 1558 1455 1618 liazzerba.
1486 1561 1714 1686 [initam]

226 1625 286 1681 V.
312 1628 363 1680 4.
394 1628 755 1686 llierouvmus
790 1648 803 1683 :
856 1650 873 1682 ι
907 1629 1214 1686 Notandum
1266 1636 1411 1686 (ιιιοά
1462 1632 1689 1685 BLRITI

226 1625 286 1704 Υ.
312 1628 363 1680 4.
394 1625 755 1704 ῌξειοιιίιηιιε
784 1648 803 1704 _:
856 1650 873 1682 ι
907 1625 1214 1704 Notandum
1266 1636 1411 1704 quod
1462 1632 1689 1685 BERITI

160 1697 370 1773 verbum
413 1697 743 1773 Hebraicum
767 1699 894 1770 Aq.,
950 1703 1245 1773 συνθήκην,
1284 1697 1345 1758 id
1376 1715 1479 1766 est,
1505 1716 1716 1771 pactum

161 1767 577 1836 interpretatur:
610 1768 751 1822 LXX
805 1767 1018 1842 siauiper
1065 1767 1348 1845 δίασήκην,
1378 1776 1412 1828 i.
1453 1767 1527 1839 ef,
1559 1785 1719 1826 testa-

162 1848 400 1892 utentum.
436 1859 457 1890 ι
1596 1860 1603 1867 ’

2313 1208 2749 1263 ἐσκανδαλίσατε.
2774 1208 3169 1263 Thcodoretus.
3195 1206 3393 1262 Barbe-

1818 1281 1976 1334 riuus
2026 1295 2152 1333 vero
2202 1281 2267 1333 ad
2302 1280 2548 1347 Aquilam
2606 1280 2732 1346 legit
2787 1276 3254 1332 ὲσκανδαλώσατε.
3302 1276 3392 1347 [Et

1818 1349 2240 1402 ὲσκανδαλίσατε
2280 1350 2471 1403 tribuit
2502 1350 2663 1402 etiam
2696 1349 3080 1403 Tlieodotioni.
3106 1347 3307 1402 Duce.

1892 1419 1953 1473 V.
1986 1422 2038 1474 9.
2072 1421 2153 1482 2.,
2180 1418 2540 1471 ἐδυσωπείσθε
2563 1427 2666 1473 etc.
2697 1420 3090 1473 'l‘lieodoretus.

1897 1488 1959 1542 V.
1996 1490 2079 1543 15.
2121 1488 2294 1558 Hujus
2316 1505 2507 1543 versus
2534 1490 2793 1544 lectiones
2817 1505 3007 1544 omnes
3026 1489 3213 1559 plenas
3235 1488 3393 1542 exhi-

1823 1560 1913 1615 bet
1939 1559 2287 1623 Barberiuus,
2338 1559 2527 1626 quales
2577 1561 2811 1625 edimus,
2861 1576 2985 1613 cum
3025 1559 3240 1628 punctis
3270 1571 3394 1628 post

1825 1644 1988 1683 voces
2041 1629 2336 1684 Hebraicas
2381 1628 2567 1683 Graece
2628 1632 2884 1699 scriptas,
2935 1630 3391 1699 quemadmodum

1826 1699 2084 1753 scribitur
2111 1701 2163 1753 in
2187 1700 2375 1753 eodem
2401 1701 2608 1753 codice.
2637 1698 2717 1770 [In
2746 1696 2970 1753 ’Barber'.
3008 1699 3265 1753 nonnulla
3288 1696 3394 1770 ﬂo—

1826 1770 2007 1841 braica
2046 1779 2299 1841 corrupte
2335 1770 2538 1840 scripta
2569 1769 2715 1835 sunt,
2759 1786 2882 1841 quae
2909 1771 3113 1841 optime
3159 1769 3396 1825 correxit

1826 1838 2015 1893 Montf.
2058 1838 2286 1911 basem]

1889 1208 1957 1262 γ.
1990 1210 2043 1263 8.
2080 1210 2158 1263 ’A.
2190 1210 2274 1273 2.,

1761 1963 1830 1974 ..αι

1336 2027 1782 2090 MALACHIAS
1818 2025 1912 2087 CA
1927 2024 2075 2085 PUT
2120 2025 2230 2085 Ill.

160 2137 277 2188 mm
308 2128 328 2182 1
410 2128 470 2183 2.
502 2129 598 2181 καὶ
619 2128 886 2198 σχολάζει.
922 2131 997 2195 0',
1021 2131 1115 2217 ita}
1144 2128 1512 2199 ὲπιϐλέψεται.
1544 2129 1606 2181 Θ.
1628 2128 1722 2182 καὶ

162 2220 450 2289 ἑτοιμάζει.

160 2319 379 2371 manu
405 2311 440 2364 2
512 2312 569 2363 Σ.
597 2310 867 2381 γναφέως.
903 2314 981 2377 0',
1013 2311 1335 2365 πλυνόντων.

159 2496 226 2545 Ἣ
247 2486 280 2541 5
348 2490 423 2540 Π.
452 2486 811 2557 προσηλύτου.

160 2587 396 2637 emam
426 2586 539 2638 ma
580 2588 761 2663 amp
793 2589 917 2636 om
955 2586 1007 2636 ν)
1046 2560 1227 2636 marha
1264 2586 1381 2635 mn
1418 2586 1591 2663 mpm
1619 2577 1652 2631 8

162 2683 355 2758 ΤΒὩΡ
382 2683 511 2730 nm
594 2673 673 2726 Ἃ.
697 2674 755 2725 Σ.
794 2674 867 2743 μὴ
901 2674 1249 2744 ἀποστερήσῃ
1272 2672 1553 2742 ἄνθρωπος
1569 2672 1721 2738 θεὸν,

162 2768 239 2818 ὅτι
273 2767 431 2836 ὑμεῖς
464 2767 819 2837 ἀποστερεῖτέ
866 2782 955 2834 με,
985 2767 1078 2817 καὶ
1103 2767 1315 2826 εἴπατε,
1354 2766 1441 2817 Ἐν
1474 2766 1577 2818 τίνι
1620 2766 1724 2818 ἀπ-

165 2856 532 2926 εστερήσαμέν
560 2873 652 2923 σε;
685 2858 762 2920 0’,
798 2856 927 2924 μήτι
956 2856 1197 2925 πτερνιεῖ
1242 2852 1525 2924 ἄνθρωπος
1568 2853 1721 2916 Θεὸν,

160 2945 289 2999 διότι
316 2947 476 3016 ὑμεῖς
504 2945 819 3017 πτερνίζετέ
838 2962 928 3015 με,
957 2946 1049 2999 καὶ
1070 2946 1265 3015 ἐρεῖτε,
1295 2945 1383 2997 Ἐν
1406 2942 1512 2997 τίνι
1532 2943 1725 3012 ἐπτερ-

164 3036 386 3109 νίσαμέν
426 3054 484 3090 σε
507 3053 524 3103 ;

166 3310 305 3359 mu
329 3312 399 3359 ΝΞ
428 3308 625 3360 ’ΣΙὍΠΞΊ
654 3300 717 3353 10
804 3303 882 3355 Ἀ.
912 3303 1005 3353 καὶ
1032 3300 1326 3370 πειράσατε
1352 3301 1412 3353 ὲν
1432 3299 1627 3371 τούτῳ.
1649 3302 1725 3366 0’,

175 3393 530 3465 ἐπιστρέψατε
566 3394 631 3463 δὴ
660 3396 717 3445 ὲν
746 3393 936 3463 τούτῳ.

167 3554 297 3629 7:510
323 3569 389 3623 17
478 3568 557 3621 Ἀ.
594 3569 918 3640 περιούσιον.
958 3573 1020 3624 Οἱ
1049 3570 1269 3636 λοιποὶ,
1310 3570 1676 3640 περιποίησιν.

164 3733 351 3812 ἹΣΓἪ
396 3758 511 3809 ωνκ
546 3734 688 3809 5m
732 3759 895 3807 Ἰνκὲ
933 3733 1108 3811 DNS?
1148 3732 1353 3809 vn’um
1423 3751 1503 3802 'A.
1544 3750 1729 3817 φείσο-

172 3856 262 3907 μαι
291 3842 367 3904 ὡς
420 3841 658 3909 φείδεται
703 3841 986 3911 ἄνθρωπος
1015 3839 1107 3893 τοῦ
1143 3842 1258 3894 υἱοῦ
1310 3842 1495 3895 αὐτοῦ.
1525 3844 1599 3908 O’,
1635 3844 1727 3896 καὶ

168 3937 390 3998 αἱρετιῶ
444 3934 603 3987 αὑτὸν
662 3934 720 3985 ὃν
766 3935 964 4003 τρόπον
1012 3932 1271 4003 αἱρετίζει
1308 3934 1593 4005 ἄνθρωπος
1637 3936 1730 3988 τὸν

168 4027 277 4079 υἱον
310 4026 498 4082 αὑτοῦ.

1896 2125 1947 2177 1.
1986 2123 2117 2178 Ileb.
2146 2135 2199 2179 et
2239 2126 2469 2195 parabit.
2506 2127 2566 2181 S.
2594 2136 2649 2180 et
2682 2136 2857 2181 vacat.
2908 2124 3071 2185 LXX.
3118 2136 3173 2181 et
3223 2129 3395 2199 respi-

1823 2213 1946 2277 ciet.
1979 2212 2083 2267 Th.
2119 2224 2173 2269 et
2200 2227 2484 2285 praeparat.
2528 2216 2650 2271 Vul.
2678 2229 2732 2271 et
2764 2217 3105 2287 praeparabit.

1894 2307 1947 2358 2.
1991 2304 2128 2360 lleb.
2162 2305 2285 2361 Vul.
2342 2308 2636 2368 fullonum.
2686 2312 2745 2366 S.
2803 2310 3047 2366 fullonis.
3106 2309 3270 2377 LXX,
3317 2312 3395 2368 la-

1823 2397 2088 2450 vautium.

1894 2484 1947 2539 5.
1978 2483 2113 2539 Heb.
2139 2484 2264 2540 Vul.
2298 2488 2664 2556 peregrinum,
2698 2487 2911 2553 Omnes,
2942 2492 3185 2546 advena).

1895 2575 1949 2629 8.
1982 2576 2117 2632 Ileb.
2153 2576 2427 2647 Numquid
2477 2578 2687 2633 auferet
2731 2581 2779 2633 vi
2810 2582 2975 2634 homo
3027 2580 3238 2635 Deum?
3268 2584 3398 2652 quia

1825 2681 1924 2722 vos
1966 2668 2013 2721 vi
2043 2667 2350 2724 auferentes
2384 2685 2490 2723 me.
2519 2668 2584 2723 Et
2617 2672 2849 2734 dixistis,
2890 2669 2945 2724 In
2980 2687 3090 2740 quo
3136 2674 3186 2726 vi
3212 2674 3397 2727 abstu-

1825 2758 1993 2813 limus
2022 2759 2205 2813 te?A.
2246 2758 2305 2812 S.
2359 2758 2498 2814 Num
2535 2762 2807 2815 fraudabit
2838 2765 3002 2815 homo
3038 2761 3231 2828 Deum,
3270 2765 3397 2832 quia

1827 2864 1924 2903 vos
1952 2866 2038 2904 me
2070 2850 2333 2907 fraudatis
2357 2862 2412 2907 et
2443 2852 2661 2909 dixistis
2705 2873 2718 2909 :
2774 2853 2831 2908 lu
2879 2869 2987 2923 quo
3026 2854 3401 2910 fraudavimus

1829 2946 1925 2999 te?
1949 2944 2112 3010 LXX,
2140 2945 2412 3016 Numquid
2453 2949 2823 3017 supplantaliit
2861 2948 3024 3004 homo
3050 2948 3240 3015 Deum,
3270 2951 3401 3021 quia

1832 3049 1928 3088 vos
1959 3036 2320 3103 supplantatis
2350 3052 2462 3102 me,
2485 3047 2538 3091 et
2560 3039 2773 3101 dicetis,
2804 3037 2859 3092 lu
2892 3055 3003 3109 quo
3029 3042 3399 3111 supplantavi-

1829 3139 1952 3177 tnus
1983 3124 2074 3178 te?
2102 3123 2227 3178 Vul.
2255 3126 2313 3179 Si
2338 3125 2512 3196 alliget
2540 3128 2704 3181 homo
2736 3126 2902 3183 Deum
2923 3171 2939 3195 ,
2968 3132 3095 3198 quia
3128 3146 3225 3186 vos
3268 3146 3400 3187 con-

1830 3214 1994 3283 figitis
2019 3217 2145 3269 me?
2172 3215 2240 3271 Et
2270 3218 2488 3273 dixistis
2522 3236 2536 3271 :
2571 3218 2632 3272 lu
2660 3236 2769 3289 quo
2796 3223 3120 3290 contigimus
3149 3222 3244 3277 te?

1902 3304 1988 3359 10.
2021 3304 2154 3359 Heb.
2180 3318 2235 3361 et
2268 3309 2497 3376 probent
2530 3324 2618 3361 me
2664 3324 2809 3362 nunc
2837 3310 2891 3363 in
2929 3310 3052 3365 hoc.
3085 3312 3149 3365 A.
3190 3320 3243 3366 et
3273 3327 3402 3381 pro-

1838 3394 1962 3449 bate
1988 3398 2040 3450 in
2066 3398 2189 3453 hoc.
2216 3398 2380 3462 LXX,
2412 3400 2745 3455 revertimini
2776 3415 2908 3471 ergo
2937 3402 2991 3456 in
3021 3402 3143 3457 lioc.
3195 3401 3318 3458 Vul.
3347 3415 3402 3459 et

1836 3489 2061 3555 probate
2101 3506 2187 3543 me
2219 3507 2385 3559 super
2415 3492 2535 3545 hoc.

1906 3580 1990 3635 17.
2025 3580 2158 3636 lleb.
2191 3581 2314 3637 Vul.
2347 3585 2641 3653 peculium.
2674 3584 2740 3639 Α.
2775 3584 3125 3654 peculiarem.
3166 3583 3397 3656 Reliqui,

1833 3673 2273 3739 acquisitionein.

1906 3763 2042 3819 Heb.
2076 3774 2131 3820 et
2151 3781 2368 3835 parcam
2398 3781 2563 3835 super
2593 3767 2692 3831 eis,
2726 3765 2869 3820 sicut
2896 3775 3082 3834 parcet
3127 3767 3210 3819 vir
3238 3782 3401 3835 super

1836 3853 1948 3907 tilio
1971 3868 2091 3910 suo.
2117 3858 2182 3907 A.
2217 3870 2434 3922 parcam
2468 3864 2526 3908 ut
2559 3857 2731 3924 parcit
2765 3857 2921 3907 homo
2956 3855 3067 3909 filio
3092 3870 3210 3910 suo.
3236 3854 3400 3919 LXX.

1836 3954 1892 3997 et
1915 3944 2111 4013 eligam
2138 3960 2262 3997 eum
2305 3946 2448 3999 sicut
2472 3946 2621 4015 eligit
2649 3946 2812 4000 homo
2840 3946 3007 3998 lilium
3064 3962 3247 4001 suum.
3277 3944 3401 4001 Vul.

1837 4044 1892 4089 et
1922 4051 2141 4105 parcam
2171 4037 2219 4089 ei
2251 4038 2392 4091 sicut
2419 4039 2594 4106 parcit
2625 4038 2711 4091 vir
2747 4037 2859 4091 lilio
2894 4053 3013 4091 suo.

954 4123 1128 4181 Notae
1159 4129 1219 4182 et
1252 4123 1439 4183 varia)
1470 4122 1775 4189 lectiones
1802 4130 1879 4191 ad
1911 4141 2098 4210 caput
2130 4134 2213 4193 ΙΙΙ
2243 4134 2587 4196 Malachize.

195 4292 207 4304 .
236 4218 299 4273 ν.
328 4220 382 4275 1.
415 4222 496 4287 2.,
527 4223 619 4276 καὶ
651 4221 919 4294 σχολάζει.
956 4224 1042 4288 Θ.,
1075 4227 1164 4277 καί
1200 4227 1495 4296 ὲτοιμάζει.
1530 4229 1733 4286 Barbe-

166 4306 337 4347 Ιιιιιιε.

240 4361 299 4431 v.
327 4362 383 4418 οἱ.
412 4363 493 4426 2.,
526 4363 796 4431 γναφέως.
830 4363 994 4419 Idem.

234 4430 387 4506 γεῆι
417 4433 515 4487 Ms.
546 4434 656 4489 Jes.
684 4436 747 4487 Οἱ
772 4435 846 4498 Γ¹,
880 4434 1238 4506 προσηλὺτου.
1264 4435 1504 4506 ldipsunt
1535 4439 1737 4494 habent

165 4512 217 4646 ﬁt
436 4574 540 4637 ’A.,
573 4575 656 4636 2.,
690 4572 764 4644 μὴ
795 4576 1140 4646 ἀποστερήσῃ
1190 4584 1295 4630 etc.
1340 4576 1731 4633 Tlieodoretus.

167 4638 499 4699 Barberinus
526 4660 657 4699 vero
691 4638 815 4698 Sic:
851 4647 955 4711 'A.,
989 4638 1515 4719 ἀποστερήσει
1536 4652 1736 4721 ἄνθρω-

1831 4251 1933 4295 πος
1957 4235 2106 4289 Θεόν.

1908 4303 1970 4357 V.
2003 4308 2087 4379 10.
2124 4308 2226 4369 Ἀ..
2254 4307 2678 4377 καὶπειράσατε.
2706 4305 2870 4379 ldem.
2903 4306 3089 4379 [Barb.
3120 4309 3172 4362 in
3203 4321 3401 4378 marg:

1832 4374 2224 4447 2.,_7mpdtaars
2251 4378 2312 4447 δή
2349 4374 2467 4445 μοι.
2493 4379 2689 4432 υιιΑοιι.
2704 4378 2716 4447 Ι

1910 4442 1969 4497 γ.
2011 4442 2097 4517 17.
2130 4442 2492 4517 liter-obiturus
2520 4466 2532 4500 :
2564 4466 2580 4496 ι
2621 4442 2725 4500 Pro
2753 4448 2956 4517 peculio
2980 4450 3035 4502 in
3066 4447 3288 4502 Hebraeo
3321 4448 3404 4502 le-

1830 4513 1976 4582 gitur
2012 4516 2303 4589 SGULLA.
2335 4513 2481 4585 quod
2532 4517 2725 4587 Aquila
2753 4513 3109 4589 περιούσιον,
3146 4528 3201 4574 et
3222 4517 3405 4573 ueteri

1832 4587 2180 4656 περιποίησιν
2204 4590 2536 4654 interpretati
2574 4599 2719 4641 sunt.
2760 4608 2777 4640 ι

1904 4655 2036 4710 Ibid.
2083 4655 2191 4720 Ἃ..
2228 4658 2485 4728 φείσομαι
2509 4667 2615 4713 etc.
2651 4659 3047 4715 'l‘lieodoretus.

1334 4831 1449 4891 MA
1464 4832 1774 4895 LACHle
1821 4836 2076 4899 CAPUT
2128 4840 2235 4899 ιν.

167 4937 395 4988 ειη-τ
423 4927 447 4981 1
523 4927 638 4996 (Ἄ.
661 4926 869 4992 πάντας
889 4932 1015 4994 τοὺς
1046 4931 1473 5004 ὑπερηφάνους.)
1497 4936 1574 4999 0’,
1596 4933 1733 4987 πάν-

167 5038 254 5087 τες
274 5022 324 5075 ol
346 5020 671 5090 ἀλλογενεῖς.

1910 4939 1961 4993 1.
1988 4939 2119 4993 Heb.
2155 4936 2280 4993 ναι.
2310 4955 2501 4995 omnes
2530 4940 2770 5009 superbi.
2798 4938 2864 4993 Α.
2893 4952 3085 4994 omnes
3115 4937 3395 5009 superbos.

1840 5028 2005 5097 LXX,
2034 5045 2225 5086 omnes
2253 5032 2590 5102 alienigenae.

1690 5118 1874 5182 Nota.

237 5219 308 5278 ν.
345 5222 397 5276 1.
432 5220 522 5290 A.,
546 5238 722 5277 omnes
753 5219 1017 5289 superbos.
1048 5216 1301 5290 Druslus.

238 5290 383 5365 [tam
404 5287 527 5365 cum
555 5294 607 5346 in
632 5308 698 5347 eo
722 5287 1001 5365 siniyus,_ut
1026 5288 1248 5365 edendis
1274 5287 1528 5365 Hex_apl_is
1542 5289 1733 5365 Orige-

169 5358 372 5433 niainis,
402 5364 543 5433 longi
593 5377 726 5417 sane
765 5361 967 5416 laboris
1004 5359 1264 5428 multique
1293 5358 1514 5433 sudoris
1558 5358 1730 5431 operi,

170 5432 332 5487 finem
369 5429 734 5503 imponamus,
764 5448 871 5486 non
903 5444 1195 5503 pos_su_mus
1214 5429 1345 5497 quin
1371 5429 1637 5503 maaimas
1667 5447 1733 5503 ex

171 5504 281 5557 imo
309 5498 474 5559 corde
502 5514 681 5570 grates
718 5498 939 5571 agamus
981 5498 1300 5571 Lelimanno,
1343 5499 1731 5571 exGermauia

171 5573 426 5636 oriundo,
455 5575 571 5626 viro
621 5570 937 5627 doctissimo
965 5570 1228 5634 nobisque
1280 5570 1634 5625 amicissimo.
1685 5571 1733 5625 Is

170 5646 338 5709 enim,
370 5645 423 5699 in
448 5644 661 5702 ofliciua
687 5644 820 5699 Rev.
856 5642 1175 5710 Mignc,non
1210 5649 1413 5694 tantum
1434 5641 1731 5697 reviseudis

1830 5220 2087 5292 plagulis,
2116 5237 2237 5292 qua:
2257 5223 2407 5288 prelo
2422 5221 2559 5276 tradi
2580 5223 2795 5285 debent,
2815 5221 3041 5275 omnino
3062 5220 3126 5274 de
3153 5217 3397 5275 Patrolo-

1841 5291 2354 5362 giaGraeeo-Latina
2384 5295 2583 5360 optime
2612 5304 2869 5353 meretur,
2895 5293 2988 5347 sed
3017 5292 3178 5345 etiam
3202 5305 3267 5362 ea
3293 5306 3403 5361 qua

1840 5359 2060 5429 gaudet,
2088 5372 2146 5416 ut
2181 5364 2356 5429 pauci,
2389 5359 2691 5417 litterarum
2739 5362 3053 5416 Latinarum
3095 5370 3150 5414 et
3188 5359 3427 5415 Graio»,

1838 5447 1961 5486 rum
1996 5448 2204 5487 necnon
2244 5431 2628 5486 Hebraicarum
2675 5434 2931 5495 scientia,
2982 5432 3036 5484 in
3096 5430 3406 5498 redigendis

1839 5503 2042 5557 nostris
2096 5503 2257 5571 hujus
2290 5503 2468 5571 operis
2501 5502 2966 5565 adnotationibus,
2986 5501 3174 5570 judicii
3197 5501 3408 5557 subacti

1842 5573 2131 5626 thesauros
2167 5573 2452 5626 nobiscum
2478 5574 2909 5635 conimunicans,
2940 5571 3224 5640 perutilem
3261 5571 3427 5633 baud-

1844 5656 1971 5697 raro
1995 5643 2154 5699 nobis
2186 5658 2405 5715 Operam
2433 5644 2708 5709 pra‘sdtit.
2739 5642 2970 5715 DRACII.1
