3826 6218
491 259 632 328 aut)

1934 262 2298 324 ORIGENIS

494 375 837 439 modestiam,
872 391 1045 445 neque
1076 378 1226 446 pcnsi
1270 377 1468 433 habere
1500 376 1664 431 Deum
1700 376 2059 448 longanimem

2171 400 2319 435 κειαν
2373 381 2506 451 μηδὲ
2544 382 2585 413 ’³
2630 380 3034 450 λογιζομένους,
3082 379 3159 442 ὡς
3198 378 3329 441 Θεὸς
3385 376 3702 448 μακροθυμεῖ

493 484 614 523 esse
646 469 713 521 ab
753 468 897 536 ipsis
952 470 1192 533 irrisum,
1231 483 1287 524 ut
1345 480 1435 523 aut
1487 486 1595 538 pra:
1628 473 1831 539 pudore
1878 480 2058 525 muten

494 567 751 621 mentem,
800 567 892 610 aut
943 558 986 611 si
1038 560 1089 611 in
1150 574 1335 612 errore
1376 561 1691 627 perstahunt
1742 561 1886 629 juste
1920 560 2067 627 judi-

495 661 710 715 centur,
782 660 1002 705 coactus
1074 655 1406 721 progredior,
1478 665 1791 706 ostensurus
1866 668 2063 708 arcana

496 759 680 798 eorum
712 745 986 814 mysteria,
1019 761 1136 812 quae
1182 746 1405 797 initiatis
1454 761 1641 809 magna
1701 761 1820 799 cum
1877 744 2064 799 fiducia

497 837 740 902 tradunt,
772 852 874 890 non
903 839 1049 905 prius
1076 837 1328 896 confessi.
1357 838 1453 890 nisi
1484 838 1665 901 talem,
1695 838 1783 890 ubi
1810 852 1906 904 per
1937 850 2069 890 tem-

500 945 601 999 pus
659 930 710 983 in
759 945 1018 999 suspenso
1078 943 1298 984 tenuere
1344 931 1892 999 conttuneliosumque
1940 946 2067 1000 erga

500 1038 689 1077 verum
726 1024 889 1077 Deum
924 1024 1221 1087 reddidere,
1258 1025 1309 1077 in
1340 1024 1653 1077 servitutem
1684 1024 1986 1092 redegerint
2012 1032 2066 1079 et

500 1118 793 1187 Cupiditate
835 1118 1149 1186 ﬂagrantem
1192 1121 1574 1189 promissorum
1611 1121 1859 1173 viderint.
1894 1122 2069 1185 Atque

502 1219 613 1263 tum
670 1226 789 1265 cum
843 1214 1178 1279 exploratum
1237 1213 1434 1265 habent
1468 1212 1695 1265 vinculis
1726 1214 1929 1282 peccati
1966 1212 2066 1263 illi-

500 1311 681 1371 gatum
713 1318 854 1369 esse,
890 1304 1108 1357 initiant
1141 1303 1435 1372 perfectum
1472 1304 1730 1358 malorum
1769 1306 2061 1369 tradentes,

500 1406 783 1466 postquam
829 1396 1153 1465 iuramentis
1184 1399 1487 1463 vinxerunt,
1534 1414 1593 1452 se
1633 1414 1807 1469 neque
1838 1399 2069 1468 evulga-

497 1496 669 1542 turos-
707 1502 883 1555 neque
930 1504 1052 1542 cum
1105 1490 1346 1558 quolibet
1405 1489 1925 1552 communicaturus,
1963 1490 2065 1544 nisi

500 1581 705 1649 pariter
749 1581 1057 1634 servitutem
1115 1581 1324 1647 subeat,
1371 1596 1479 1650 quo
1525 1580 1842 1649 simpliciter
1877 1581 2069 1635 tradito

500 1686 606 1725 non
659 1670 769 1740 jam
814 1673 1177 1742 juramentum
1229 1675 1589 1727 necessarium
1611 1683 1746 1727 erat.
1801 1673 1932 1727 Nam
1976 1674 2065 1741 qui

2168 478 2260 528 ὑπ’
2304 476 2481 530 αὐτῶν
2532 474 3041 545 βλασφημούμενος,
3103 474 3253 534 ὅπως
3298 472 3331 541 ἢ
3390 470 3703 531 αἰδεσθέντες

2170 569 2575 637 μετανοήσωσιν
2629 567 2661 637 ἦ
2715 566 3095 637 ἐπιμείναντες
3172 564 3392 626 δικαίως
3456 562 3699 633 κριθῶσι,

2170 662 2413 732 βιασθεὶς
2438 662 2660 731 πρόειμι
2690 659 2877 725 δείξων
2898 658 3075 711 αὐτῶν
3106 657 3173 709 τὰ
3215 656 3502 726 ἀπόρρητα
3528 654 3703 723 μυστή-

2171 772 2279 823 ρια,
2316 752 2349 806 ἂ
2381 756 2490 815 τοῖς
2552 752 2877 823 μυουμένοις
2932 750 3068 820 μετά
3124 748 3361 819 μεγάλης
3391 746 3703 811 ἀξιοπιστίας

2170 845 2555 916 παραδιδόασιν
2580 845 2640 897 οὐ
2668 843 2932 913 πρότερον
2973 842 3426 912 ὁμολογήσαντες,
3461 840 3510 891 εἰ
3550 842 3619 907 μὴ
3658 838 3705 889 τὺ

2167 937 2404 991 τοιοῦτον
2429 935 2800 989 δουλὼσωνται
2823 935 2999 1005 χρόνῳ
3040 934 3082 965 ’⁸
3129 932 3610 1002 ἀνακρεμάσαντες
3634 930 3706 982 καὶ

3591 260 3702 324 sos)
3786 172 3793 324 l

3790 702 3793 817 Ι

2171 1028 2488 1099 βλάσφημον
2535 1029 2670 1098 πρὸς
2722 1028 2812 1080 τὸν
2862 1028 3031 1089 ὅντως
3065 1023 3198 1077 Θεὸν
3224 1023 3709 1083 κατασκευάσαντες
3792 1034 3793 1037 ‘

2168 1120 2262 1173 καὶ
2288 1121 2576 1193 περιεργίᾳ
2605 1121 2647 1151 ⁸³
2676 1120 2994 1190 γλιχόμενον
3040 1118 3140 1186 τῆς
3186 1116 3520 1184 ἐπαγγελίας
3561 1116 3706 1171 ἴδωσι.

2168 1213 2278 1271 Καὶ
2301 1214 2421 1270 τότε
2443 1212 2833 1283 δοκιμάσαντες
2859 1212 3077 1281 δέσμιον
3108 1212 3150 1242 ¹⁸
3173 1208 3308 1269 εἶναι
3339 1212 3437 1277 τῆς
3460 1208 3709 1278 ἁμαρτίας

2172 1304 2364 1374 μυοῦσι
2393 1305 2454 1357 τὸ
2483 1304 2687 1358 τέλειον
2728 1304 2835 1357 τῶν
2893 1305 3079 1357 κακῶν
3112 1300 3516 1370 παραδιδόντες,
3550 1300 3712 1371 ὅρκοις

2167 1397 2428 1466 δήσαντες
2452 1397 2589 1466 μήτε
2624 1397 2665 1427 ¹⁷
2696 1395 2927 1460 ἐξειπεῖν
2968 1380 3101 1464 μήτε
3131 1393 3208 1464 τῷ
3230 1395 3443 1463 τυχόντι
3471 1392 3713 1463 μεταδού-

2168 1507 2275 1555 ναι,
2305 1492 2353 1542 εἰ
2404 1488 2478 1559 μὴ
2519 1489 2721 1558 ὁμοίως
2776 1488 3085 1558 δουλωθείη,
3139 1484 3199 1541 οὗ
3235 1488 3391 1557 μόνον
3428 1488 3471 1518 ¹⁶
3498 1486 3715 1556 παραδεν
3792 1532 3793 1535 η

2169 1578 2371 1642 θέντος,
2402 1580 2501 1642 οὐκ
2530 1579 2609 1631 ἔτι
2636 1579 2795 1648 ὅρκος
2823 1578 3114 1645 ἀναγκαῖος
3134 1572 3221 1647 ἦν.
3238 1576 3294 1630 Ὀ
3315 1575 3421 1646 γὰρ
3438 1574 3715 1644 ὑπομείνας
3792 1600 3793 1603 η

2174 1672 2368 1725 παθεῖν
2390 1671 2432 1702 ¹⁹
2460 1671 2554 1724 καὶ
2586 1670 2918 1742 παραλαϐεῖν
2945 1668 3015 1722 τὰ
3042 1668 3221 1721 τέλεια
3247 1667 3426 1721 αὐτῶν
3458 1668 3717 1737 μυστήρια

499 1765 753 1819 sustinuit
786 1765 895 1836 pati
932 1776 986 1820 et
1024 1767 1270 1835 accipere
1301 1767 1535 1835 perfecta
1570 1783 1754 1821 eorum
1791 1769 2065 1836 mysteria,

2175 1764 2373 1824 ἱκανῶς
2404 1764 2448 1795 ’⁸
2477 1763 2623 1831 αὐτῷ
2770 1762 2915 1834 ἔργῳ
2941 1762 3078 1833 πρός
3108 1779 3166 1814 τε
3194 1761 3292 1831 τὴν
3321 1733 3470 1813 ἰδίαν*
3489 1733 3717 1828 συνείδη-

500 1857 631 1910 satis
666 1857 775 1927 ipsa
828 1873 885 1912 re
929 1868 982 1911 et
1038 1860 1101 1911 ad
1143 1859 1528 1913 conscientiam
1557 1874 1707 1913 suam
1759 1869 1811 1913 et
1855 1874 1921 1912 ne
1953 1857 2071 1911 aliis

500 1952 688 2017 prodat
730 1951 836 2005 erit
876 1952 1111 2006 vinctus.
1153 1952 1283 2005 Nam
1335 1954 1377 2006 si
1419 1953 1608 2018 prodat
1660 1952 1815 2005 alicui
1869 1951 2069 2006 homini

502 2042 611 2095 tale
637 2042 809 2107 nefas,
841 2058 1011 2111 neque
1066 2043 1117 2095 in
1173 2045 1480 2097 hominibus
1531 2045 1837 2099 censebitur
1899 2055 2071 2111 neque

503 2134 596 2201 qui
636 2134 808 2189 lucem
842 2145 1029 2189 cernat
1059 2136 1249 2203 dignus
1285 2136 1587 2201 habebitur,
1628 2136 1670 2189 si
1725 2136 1941 2206 quidem
1999 2151 2064 2190 ve

503 2227 712 2284 ratione
768 2228 1010 2282 carentia
1066 2227 1169 2281 tale
1219 2227 1369 2281 nefas
1415 2244 1520 2281 non
1574 2238 1860 2291 conantur,
1913 2227 2070 2281 sicuti

502 2320 613 2374 suis
638 2319 767 2373 locis
800 2319 1064 2378 dicemus.
1091 2319 1194 2373 Sed
1223 2320 1476 2387 quoniam
1520 2335 1616 2374 nos
1668 2319 1810 2386 cogit
1848 2318 1984 2371 ratio
2013 2319 2068 2372 in

503 2424 752 2477 maguum
808 2409 1131 2477 profundunt
1182 2410 1511 2462 narrationis
1556 2410 1904 2473 descendere,
1965 2426 2067 2463 non

504 2501 788 2555 tacendum
828 2502 1174 2566 arbitramur,
1211 2502 1303 2555 sed
1347 2503 1586 2555 omnium
1641 2501 1855 2570 placitis
1886 2502 2071 2569 singu-

506 2590 655 2646 latim
687 2593 954 2647 enarratis
1000 2592 1129 2646 nihil
1187 2593 1482 2647 silebimus.
1531 2594 1716 2648 Visum
1751 2604 1924 2647 autem
1961 2604 2067 2655 est,

500 2682 712 2739 etiamsi
743 2685 947 2754 longior
976 2686 1080 2739 erit
1103 2701 1303 2749 sermo,
1337 2702 1439 2742 non
1478 2686 1723 2741 deficere.
1757 2685 1872 2739 Non
1926 2685 2067 2739 enim

501 2774 755 2845 exiguum
792 2778 1056 2845 quoddam
1092 2778 1388 2830 subsidium
1425 2778 1550 2831 vitae
1594 2778 1870 2831 hominum
1908 2779 2069 2831 relin-

500 2884 731 2938 quemus
756 2871 820 2923 ad
845 2885 1056 2924 errores
1083 2870 1134 2924 in
1172 2882 1443 2939 posterum
1476 2873 1765 2935 cavendus,
1795 2888 1913 2928 cum
1951 2888 2068 2925 ma-

508 2960 704 3017 nifesto
734 2977 921 3016 omnes
946 2963 1201 3018 videbunt
1223 2964 1551 3019 clandestina
1582 2979 1766 3017 eorum
1793 2972 1845 3017 et
1873 2978 2069 3015 arcana

2175 1872 2257 1907 σιν
2279 1855 2374 1906 καὶ
2409 1854 2543 1925 πρὸς
2573 1854 2634 1906 τὸ
2658 1854 2863 1924 ἑτέροις
2906 1854 2980 1923 μὴ
3003 1854 3235 1918 ἐξειπεῖν
3264 1852 3412 1904 ἔσται
3433 1850 3716 1920 δεδεμένος.

2170 1948 2233 1999 Εἰ
2267 1948 2374 2017 γὰρ
2409 1947 2610 2010 ἐξείποι
2642 1946 2750 1999 τινὶ
2780 1944 3079 2013 ἀνθρώπων
3096 1945 3153 1997 τὸ
3179 1944 3414 2002 τοιοῦτον
3453 1943 3716 2013 ἁνόμημα.

2169 2039 2291 2093 οὔτε
2326 2043 2383 2092 ὲν
2412 2039 2717 2108 ἀνθρώποις
2760 2038 3164 2108 λογισθήσεται,
3196 2035 3316 2090 οὔτε
3347 2035 3408 2088 τὸ
3454 2034 3577 2103 φῶς
3606 2035 3719 2104 ὁρᾷν

2170 2129 2318 2193 ἄξιος
2347 2129 2704 2201 ήγηθήσεται,
2741 2132 2786 2181 εὶ
2815 2129 2858 2161 ’ί
2890 2130 2981 2181 καὶ
3005 2129 3172 2195 ἄλογα
3201 2128 3329 2181 ὄντα
3351 2127 3598 2180 τοιοῦτον
3619 2126 3721 2179 liv/J—

2173 2238 2330 2291 μημα
2346 2221 2446 2273 οὐκ
2478 2222 2762 2291 ἐπιχειρεῖ,
2795 2219 2976 2281 καθὼς
3005 2221 3060 2271 ὲν
3087 2220 3199 2281 τοῖς
3242 2218 3426 2280 τόποις
3453 2217 3721 2285 γενόμενοι

2170 2313 2425 2383 ὲροῦμεν.
2453 2313 2592 2364 Ἀλλ’
2619 2313 2741 2365 ἐπεὶ
2784 2312 3083 2379 ἀναγκάζει
3108 2312 3253 2381 ἡμᾶς
3277 2313 3305 2364 ὁ
3338 2311 3496 2379 λόγος
3537 2312 3618 2373 εἰς
3640 2310 3722 2379 μέ-

2169 2421 2270 2472 γαν
2302 2404 2459 2475 βυθὸν
2488 2405 2795 2475 διηγήσεως
2819 2404 3074 2472 ὲπιδῆναι
3109 2406 3176 2469 ²¹,
3215 2404 3312 2472 οὐχ
3338 2402 3622 2472 ἡγούμεθα
3652 2417 3724 2452 σιν

2169 2501 2293 2569 γᾷν,
2319 2497 2455 2550 ἀλλὰ
2488 2498 2555 2550 τὰ
2590 2498 2804 2550 πάντων
2834 2496 3079 2566 δόγματα
3118 2496 3256 2549 κατά
3284 2494 3479 2548 λεπτὸν
3512 2493 3724 2563 ἐκθέμε-

2169 2609 2248 2645 νοι
2274 2591 2424 2644 οὐδὲν
2452 2592 2832 2661 σιωπήσομεν.
2885 2593 3038 2642 Δοκεῖ
3067 2589 3145 2650 δὲ,
3190 2591 3238 2641 εί
3267 2588 3365 2641 καὶ
3402 2587 3726 2657 μακρότερος

2169 2683 2320 2735 ἔσται
2347 2682 2522 2751 λόγος,
2564 2682 2638 2751 μὴ
2698 2681 2915 2749 καμεῖν.
2944 2678 3077 2731 Οὐδὲ
3108 2677 3215 2746 γὰρ
3249 2677 3455 2747 μικράν
3476 2692 3599 2729 τινα
3619 2675 3725 2743 ﬁci;-

2166 2774 2319 2829 θειαν
2346 2774 2424 2845 τῷ
2455 2774 2563 2827 τῶν
2599 2771 2897 2843 ἀνθρώπων
2950 2770 3049 2840 βίῳ
3081 2768 3485 2838 καταλείψομεν
3512 2767 3650 2837 προς
3674 2765 3724 2815 τδ

2173 2865 2368 2936 μηκέτι
2428 2862 2754 2927 πλανᾶσθαι,
2807 2860 3055 2931 φανερῶς
3101 2859 3319 2913 πάντων
3371 2857 3627 2929 ὁρώντων
3670 2857 3724 2910 τὰ

2168 2957 2373 3028 κρύφια
2397 2955 2573 3008 αὐτῶν
2603 2956 2697 3008 καὶ
2724 2953 2936 3025 ἄρρητα
2964 2954 3143 3024 ὄργια,
3169 2949 3205 3002 ἃ.
3239 2949 3631 3019 ταμιευόμενοι
3655 2944 3725 3014 p.6-

503 3054 680 3121 nrgia,
702 3068 818 3119 quae
852 3062 1103 3123 tanquam
1137 3055 1307 3123 promi
1341 3054 1497 3107 condi
1551 3054 1679 3107 solis
1731 3054 1915 3124 mystis
1956 3064 2068 3107 tra-

2171 3067 2280 3113 νοις
2310 3051 2422 3111 τοῖς
2448 3049 2675 3119 μύσταις
2696 3045 3099 3117 παραδιδόασιν.
3134 3041 3315 3095 Ταῦτα
3350 3041 3407 3093 δὲ
3435 3041 3625 3110 ἕτερος
3644 3039 3723 3089 οὐκ

506 3143 662 3200 dunt.
712 3144 835 3198 [hec
883 3154 1059 3199 autem
1103 3146 1239 3201 alius
1292 3162 1396 3200 non
1433 3146 1689 3201 refutabit
1719 3146 1817 3200 nisi
1869 3145 1959 3216 qui
2016 3147 2070 3199 in

510 3233 747 3288 Ecclesia
802 3235 1026 3288 traditur
1075 3234 1307 3302 Spiritus
1357 3245 1599 3297 sanctus,
1648 3251 1807 3304 quem
1867 3237 2073 3305 priores

511 3325 649 3377 nacti
679 3325 904 3392 apostoli
938 3326 1346 3394 impertivernnt
1370 3336 1567 3380 rectam
1600 3327 1756 3381 fidem
1795 3329 2071 3393 professis,

508 3430 737 3484 quorum
794 3431 890 3470 nos
942 3416 1031 3485 qui
1084 3432 1426 3472 successores
1488 3434 1673 3472 sumus
1728 3430 1781 3472 et
1832 3422 2070 3483 ejusdem

506 3505 697 3575 gratias
730 3506 1018 3575 participes
1062 3516 1114 3560 et
1160 3511 1352 3562 summi
1380 3511 1666 3563 sacerdotii
1702 3523 1749 3565 et
1779 3512 2069 3580 magisterii

509 3606 562 3650 et
588 3599 837 3652 custodes
864 3598 1104 3651 ecclesia:
1138 3602 1388 3655 aestimati
1420 3619 1523 3656 non
1549 3604 1703 3655 oculo
1723 3605 2073 3658 connivemus

513 3702 685 3757 neque
712 3699 910 3743 rectam
937 3690 1234 3744 doctrinam
1271 3692 1524 3757 silemus;
1550 3693 1686 3762 6-7
1715 3696 1806 3747 scd
1841 3710 1906 3747 ne
1929 3694 2069 3747 omni

507 3779 727 3848 quidem
759 3779 940 3832 animo
975 3790 1134 3847 atque
1165 3796 1391 3850 corpore
1432 3782 1735 3836 laborantes
1794 3784 2074 3839 deficimus

451 3932 457 3937 I
512 3871 670 3939 digna
717 3870 875 3941 digne
896 3870 1005 3925 Deo
1041 3873 1279 3926 benefice
1304 3884 1489 3927 nostro
1522 3875 1742 3928 reddere
1775 3877 1978 3940 conati,
2019 3886 2073 3930 et

513 3976 582 4015 ne
618 3963 694 4014 sic
714 3964 927 4030 quidem
967 3979 1063 4031 pro
1090 3967 1282 4017 merito
1314 3976 1736 4029 remunerantes,
1784 3967 1883 4020 nisi
1933 3969 2073 4036 quod

516 4050 569 4104 in
617 4054 696 4105 eis
746 4068 861 4119 qua)
895 4052 1046 4106 nobis
1084 4054 1392 4107 concredita
1450 4066 1573 4107 sunt
1605 4072 1707 4108 non
1739 4056 2071 4119 deliciamus,

510 4141 606 4194 sed
652 4150 846 4195 nostra:
894 4141 1312 4210 opportunitatis
1363 4144 1575 4195 modum
1630 4144 1966 4212 impleamus,
2020 4158 2074 4201 et

512 4232 766 4301 quidquid
808 4234 1061 4301 prebebit
1103 4245 1319 4287 sanctus
1362 4234 1596 4302 Spiritus
1651 4252 1769 4289 cum
1826 4240 2074 4293 omnibus

508 4322 645 4374 citra
696 4323 945 4377 invidiam
988 4326 1487 4389 cutmuuniceunts;
1527 4341 1629 4378 non
1673 4329 1844 4380 solum
1899 4329 2070 4383 aliena

2174 3140 2519 3210 ὲλέγξει,ἢ·τδ
2556 3141 2612 3191 ὲν
2664 3136 2958 3207 Ἐκκλησία
2992 3133 3295 3205 παραδοθὲν
3327 3130 3723 3199 ἆγιονΠνεύμ-π.

2173 3227 2233 3287 οὗ
2258 3234 2509 3303 τυχόντες
2553 3231 2805 3303 πρότεροι
2855 3230 2904 3282 οἱ
2958 3227 3242 3284 ἀπόστολοι
3302 3224 3602 3295 μετέδοσαν
3632 3224 3727 3281 τοῖς

2172 3326 2347 3397 ὀρθῶς
2364 3322 2783 3378 πεπιστευκόσιν
2804 3337 2817 3350 '
2846 3316 2921 3373 ῶν
2944 3321 3101 3390 ἡμεῖς
3123 3318 3357 3386 διάδοχοι
3379 3316 3729 3386 τυγχάνοπες

2171 3419 2269 3488 τῆς
2306 3435 2364 3470 τε
2404 3418 2571 3485 αὐτῆς
2626 3414 2845 3484 χάριτος
2897 3411 3209 3481 μετέχοντες
3260 3404 3654 3477 ἀρχιερατεως
3680 3420 3731 3453 τε

2173 3512 2265 3564 καῖ¹
2316 3506 2661 3568 διδασκαλίας
2706 3506 2799 3558 καὶ
2833 3502 3061 3573 φρουροὶ
3092 3500 3187 3568 τῆς
3219 3497 3560 3567 Ἐκκλησίας
3594 3494 3732 3547 λελο-

2172 3602 2420 3671 γισμένοι
2460 3601 2559 3653 οὐκ
2602 3596 2863 3667 ὀφθαλμῷ
2918 3594 3251 3662 νυστάζομεν
3282 3591 3365 3652 ³³,
3421 3589 3547 3642 οὐδὲ
3591 3588 3737 3653 λόγον

2172 3696 2331 3766 ὀρθὸν
2359 3696 2405 3727 ’³⁵
2427 3693 2739 3763 σιωπῶμεν,
2764 3691 2881 3744 ἀλλ’
2902 3689 3021 3742 οὐδὲ
3048 3689 3196 3757 πάσῃ
3218 3684 3294 3755 [p.
3316 3683 3370 3746 ιι,
3395 3682 3455 3754 5]
3488 3684 3637 3752 ψυχῇ
3656 3682 3738 3733 καὶ

2176 3787 2387 3857 σώματι
2412 3785 2766 3855 ἐργαζόμενοι
2789 3782 3067 3850 κάμνομεν
3086 3778 3208 3843 ἄξια
3229 3776 3392 3839 ἀξίως
3422 3774 3549 3844 Θεῷ
3570 3774 3649 3843 τῷ
3667 3775 3739 3824 εἰν·

2174 3879 2370 3949 εργέτῃ
2394 3876 2797 3930 ἀνταποδιδόναι
2814 3871 3163 3940 πειρώμενοι,
3180 3870 3272 3921 καὶ
3291 3868 3413 3920 οὐδὲ
3432 3868 3615 3928 οὕτως
3634 3863 3739 3917 κατ’

2173 3971 2327 4035 ἀξίαν
2369 3968 2817 4038 ἁνταμειὸόμενοι
2846 3966 2909 4028 ³⁸,
2960 3963 3097 4033 πλὴν
3134 3964 3189 4013 ἐν
3218 3955 3299 4020 οἷς
3327 3957 3739 4027 πεπιστεύμεθα

2178 4065 2252 4134 μὴ
2272 4062 2611 4123 ἀτονοῦντες,
2626 4060 2759 4114 ἀλλά
2778 4058 2870 4111 τοῦ
2900 4057 3027 4108 ἰδίου
3052 4053 3240 4125 καιροῦ
3263 4053 3330 4105 τὰ
3360 4053 3548 4121 μέτρα
3570 4052 3742 4103 ἐπιτε-

2173 4157 2409 4217 λοῦντες,
2425 4154 2518 4206 καὶ
2542 4154 2641 4207 ὅσα
2658 4151 2884 4222 παρέξει
2900 4150 2958 4201 τὸ
2982 4151 3131 4212 ἆγιον
3149 4144 3371 4214 Πνεῦμα
3390 4146 3573 4195 πᾶσιν
3593 4140 3743 4208 ἀφθό-

2177 4266 2282 4311 νως
2316 4245 2696 4306 κοινωνοῦντες
2716 4260 2729 4274 ·
2760 4244 2819 4295 οὐ
2866 4242 3023 4310 μόνον
3056 4238 3308 4306 ἀλλότρια
3336 4236 3403 4288 δι’
3450 4235 3685 4303 ἐλέγχου
3708 4232 3741 4259 τε

2176 4340 2255 4399 εἰς
2288 4336 2519 4405 φανερὸν
2544 4334 2588 4364 ’⁷
2624 4332 2862 4399 ἄγοντες,
2901 4328 3034 4381 ἀλλὰ
3074 4327 3165 4377 καὶ
3196 4325 3293 4375 ὅσα
3318 4324 3351 4390 ἡ
3380 4321 3631 4390 ἀλήθεια

512 4413 786 4481 agurendo
823 4415 873 4467 in
902 4416 1071 4471 lucem
1104 4417 1458 4485 proferenles,
1502 4421 1593 4471 sed
1622 4420 1781 4472 etiam
1814 4423 2068 4489 quidquid

2175 4429 2271 4497 τῆς
2301 4424 2393 4477 τοῦ
2427 4424 2633 4493 [ἰατρὸς
2664 4422 2709 4452 ’⁸
2757 4422 2977 4491 χάριτος
3019 4412 3414 4486 παραλαϐοῦσα
3437 4412 3744 4481 ἀνθ

509 4505 710 4557 veritas
738 4519 831 4572 per
868 4504 1045 4561 Patris
1069 4508 1294 4577 gratiam
1326 4516 1604 4578 acceptum
1641 4511 1945 4566 hominibus
1975 4516 2071 4566 tui-

513 4594 771 4660 nistravit,
806 4596 918 4651 haec
957 4607 1009 4650 et
1043 4613 1133 4664 per
1167 4614 1469 4653 sermonem
1509 4601 1871 4670 signiﬁcantes
1894 4614 1946 4657 et
1976 4620 2068 4672 per

511 4684 718 4739 litteras
747 4689 1094 4743 testificantes
1144 4690 1260 4744 sine
1303 4693 1497 4746 rubore
1550 4695 1921 4761 praedicamus.
1950 4696 2068 4762 Quo

506 4777 695 4848 igitur,
723 4780 863 4833 sicut
895 4795 1051 4850 supra
1076 4782 1332 4847 diximus,
1361 4785 1548 4838 atheos
1577 4785 1693 4839 illos
1725 4789 2067 4842 ostendamus

505 4883 564 4923 et
588 4871 654 4925 ad
683 4874 999 4926 sententiam
1022 4883 1078 4927 et
1109 4875 1174 4926 atl
1203 4890 1379 4929 mores
1414 4886 1467 4929 et
1510 4877 1575 4929 ad
1608 4893 1790 4945 opera,
1821 4888 1874 4932 et
1929 4880 2067 4934 unde

504 4972 735 5017 conatus
772 4978 957 5019 eorum
984 4964 1206 5034 profecti
1260 4967 1387 5030 sint,
1441 4984 1536 5023 nec
1563 4970 1849 5038 quidquam
1878 4986 1971 5026 eos
2001 4990 2061 5028 ex

2178 4516 2485 4586 διηκόνησε,
2516 4513 2688 4566 ταῦτα
2734 4511 2827 4564 καὶ
2868 4511 2959 4563 διὰ
3010 4509 3169 4575 λόγου
3212 4504 3625 4575 σημειούμενοι
3671 4504 3747 4553 καὶ

2173 4607 2261 4661 διὰ
2302 4604 2644 4675 γραμμάτων
2696 4601 3026 4671 ὲμμάρτυρα
3058 4595 3371 4663 ποιούμενοι
3413 4596 3461 4625 ²⁹
3522 4598 3747 4648 ἀνεπαί-

2175 4696 2416 4766 σχύντως
2447 4691 2816 4766 κηρύσσομεν.
2841 4692 2959 4744 Ἵνα
3004 4685 3117 4748 οὖν,
3150 4686 3330 4748 καθὼς
3362 4686 3689 4753 φθάσαντες
3714 4682 3749 4709 ⁵⁸

2173 4790 2416 4857 εἴπομεν,
2451 4786 2641 4848 ἀθέους
2687 4785 2880 4837 αὐτοὺς
2906 4782 3257 4850 ἐπιδείξωμεν
3295 4781 3392 4832 καὶ
3434 4782 3593 4832 κατᾶ
3622 4778 3746 4845 γνάθ-

2176 4899 2283 4951 μην
2318 4880 2412 4931 καὶ
2462 4877 2602 4934 κατά
2645 4877 2844 4947 τρόπον
2883 4876 2978 4928 καὶ
3032 4873 3173 4926 κατὰ
3217 4873 3400 4942 ἔργον,
3434 4872 3574 4924 ὅθεν
3606 4889 3666 4923 τε
3694 4872 3748 4923 si

2171 4973 2572 5043 ἐπιχειρήματα
2627 4971 2809 5032 αὐτοῖς
2856 4967 3167 5036 γεγένηται,
3219 4967 3314 5018 καὶ
3357 4967 3445 5017 ὅτι
3492 4964 3747 5035 pnas-as:

1734 5147 1961 5209 VARle
1995 5149 2397 5206 LECTIONES.

507 5258 1328 5399 ετῐέ-ῖιτιϊυιεετείῖιιράδῖν
1354 5264 1416 5365 ις

502 5398 589 5472 Τί
634 5398 886 5472 ἱκανὰΑΟ.
960 5403 1004 5434 ²¹
1035 5404 1083 5454 εί
1117 5402 1392 5470 Rocperus
1423 5424 1435 5459 :
1476 5398 1512 5457 ἆ
1560 5407 1713 5472 vulgo

1527 5266 1569 5340 ξ’
1602 5271 1892 5340 περιεργίᾳ
1929 5267 1971 5322 Τ

506 5537 859 5658 αμειϐόςενοι
919 5537 1295 5597 ὃπου-Μειιεί

506 5606 675 5658 φορὰν
763 5647 775 5658 .
854 5609 902 5640 ³⁸
923 5609 1013 5658 τοῦ
1050 5612 1295 5658 Πνεύιιαη

504 5606 675 5681 φορὰν
712 5606 775 5659 Τ.
854 5609 902 5681 ’ξ’
923 5609 1013 5662 τοῦ
1050 5612 1360 5681 Πνεύματος
1392 5616 1451 5666 Ἰ“.

2019 5287 2031 5323 :
2071 5274 2387 5341 περιεργεὶα
2412 5269 2473 5333 Β,
2504 5270 2545 5320 Ο
2580 5286 2591 5320 :
2622 5269 2936 5341 περιεργίαν
2965 5267 3219 5341 “falsius.

1400 5336 1442 5365 "
1478 5336 1641 5411 μόνον
1668 5336 1939 5411 “ut-pctus
1986 5358 1999 5393 :
2036 5336 2195 5411 μόνου
2229 5336 2403 5407 Vulgo.

1763 5423 1774 5456 :
1818 5409 1897 5459 ὅτι
1940 5409 2271 5464 Saucrofttts.

500 5465 670 5550 (ope!
688 5467 990 5550 iiii-literas:
1010 5465 1341 5550 νυστάξομεν
1369 5476 1540 5550 yulgo.
1566 5546 1585 5550 _
1605 5465 1663 5550 _“
1686 5477 2024 5550 λόγον-ὀρθὸν
2054 5479 2120 5533 Β;
2144 5482 2300 5546 λόγου
2330 5465 2488 5550 ὅρους
2516 5465 2578 5542 Ο,
2607 5480 2648 5533 Τ
2682 5499 2695 5533 ι
2729 5480 2886 5547 λόγου
2916 5465 3130 5550 ὀργάνῳ
3165 5465 3467 5550 ΙὶύιξιρεξιἸιξ.ἶ

1356 5545 1767 5618 ἀναμειϐόμενοι
1827 5545 2125 5602 Gronovius
2160 5567 2172 5601 :
2199 5545 2546 5618 ἀμειϐόμενοι
2578 5550 2637 5611 Β,
2671 5554 2732 5611 0,
2765 5545 2828 5603 Τ.

1529 5619 1573 5647 ³⁸
1609 5618 1934 5685 ὲμμάρτυρα
1969 5617 2276 5686 ποιούμενοι
2308 5617 2617 5673 Sancroftus
2658 5639 2670 5673 :

504 5672 1055 5749 ἔμμαρτυρησάμενοι
1096 5672 1274 5736 Murus
1306 5672 1376 5739 cl.
1414 5672 1705 5755 ROCpc-rtitn
1741 5672 1792 5756 p.
1821 5672 1923 5743 5i5
1954 5703 2037 5757 sq.
2116 5672 2161 5721 5°
2189 5689 2433 5759 καθάπερ
2464 5672 2687 5758 φθάντες
2718 5672 2778 5744 Ε.

3300 5265 3346 5297 ³⁸
3373 5263 3656 5332 δεόμενον
3698 5264 3748 5314 L.

2483 5341 2523 5371 ¹⁹
2554 5336 2763 5391 παθεῖν.
2796 5339 2985 5408 μαθεῖν
3010 5338 3299 5396 liocperus.
3380 5336 3429 5365 ²⁰
3464 5338 3667 5387 ﬁxa-aha

2367 5412 2409 5441 ”
2431 5410 2662 5479 ἐμϐῆναι
2690 5409 2768 5461 vel
2797 5405 3064 5476 ’ἀναϐῆναι
3102 5407 3394 5507 Rqeperus.
3486 5405 3750 5457 “ws-tit-

2368 5498 2488 5507 -......
2516 5481 2559 5507 η
2607 5480 2648 5507 'I"
2682 5499 2695 5507 .
2729 5480 2885 5507 Ἅλυι...
2916 5480 3129 5507 λινέηιλ
3185 5481 3441 5507 [nono-na
3561 5479 3610 5507 η
3640 5480 3747 5507 ἐν’-

3637 5492 3747 5529 αντ.

2931 5546 2976 5580 ί*
3004 5546 3222 5616 ἔλεγχον
3248 5546 3311 5598 L.
3424 5548 3473 5577 "’
3514 5546 3745 5615 φανερὸς

2720 5620 3042 5693 εμμάρτυρα
3096 5616 3491 5688 σημειούμενοι
3550 5638 3573 5669 ι
3587 5622 3707 5689 uisu
3730 5631 3741 5667 ξ
