3826 6218
167 298 463 363 3021‘“

1274 289 1569 351 CONTRA
1608 283 1973 346 HIERESES
2008 285 2152 344 LIB.
2200 285 2246 343 Ι.

3253 293 3394 357 3022

151 400 332 469 ἁγίων
357 396 590 468 Γραφῶν
621 398 875 463 λαϐόντες
902 398 1073 455 ταῦτα
1111 399 1494 473 ἐπεχείρησαν,
1521 401 1556 472 ἡ
1576 419 1718 466 τινος

1828 406 1997 456 garris
2024 401 2317 469 Scripturis
2347 411 2618 453 mutuatos
2640 397 2753 452 hmc
2787 395 3116 465 periclitatus
3138 400 3391 452 esse.‘attt

147 491 309 561 ἁγίου
355 488 604 562 διαδοχὴν
662 491 1000 561 φυλάξαντες
1060 492 1152 546 ἐπὶ
1179 492 1352 547 ταῦτα
1406 494 1673 565 ὥρμησαν
1702 532 1719 557 ,

145 588 267 641 ἀλλ’
304 586 448 639 ἐστιν
473 587 656 650 αὐτοῖς
674 587 743 641 τὰ
764 586 1096 659 δοξαζόμενα
1126 589 1302 660 ἀρχὴν
1329 588 1426 659 μὲν
1458 590 1499 621 ³⁸
1528 590 1592 643 ἐκ
1620 589 1720 658 τῆς

164 678 432 749 Ἑλλήνων
455 677 647 745 σοφίας
685 677 938 743 λαϐόντα,
982 680 1046 732 ἐκ
1082 678 1367 750 δογμάτων
1398 679 1718 750 φιλοσοφου-

150 770 331 838 μένων
362 767 456 822 καὶ
517 770 832 841 μυστηρίων
868 770 1372 842 ἐπικεχειρημένων
1409 773 1503 827 καὶ
1527 773 1722 843 ἀστρο-

146 860 329 928 λόγων
353 860 703 931 ῥεμϐομένων
725 876 739 890 ·
769 863 917 915 δοκεῖ
971 859 1064 917 οὖν
1092 864 1357 935 πρότερον
1394 863 1518 917 ἐκθε
1528 864 1721 931 μένους

146 953 221 1005 τὰ
249 951 476 1017 δόξαντα
503 956 617 1016 τοῖς
658 952 767 1006 τῶν
809 953 1078 1027 Ἑλλήνων
1116 956 1428 1025 φιλοσόφοις
1453 956 1721 1020 ἐπιδεῖξαι

146 1047 266 1108 τοῖς
317 1046 737 1115 ἐντυγχάνουσιν
794 1046 920 1099 ὄντα
985 1047 1190 1101 τούτων
1236 1048 1573 1119 παλαιότερα
1626 1050 1722 1103 καὶ

149 1138 291 1207 πρὸς
311 1137 370 1189 τὸ
397 1137 550 1189 Θείον
572 1137 873 1208 σεμνότερα
895 1154 907 1168 ·
936 1136 1127 1193 ἔπειτα
1166 1140 1458 1209 συμϐαλεῖν
1487 1140 1723 1209 ἑκάστην

147 1225 363 1294 αἵρεσιν
380 1225 615 1296 ἑκάστῳ,
638 1225 711 1288 ὡς
742 1226 953 1290 τούτοις
998 1231 1109 1291 τοῖς
1139 1228 1566 1299 ἐπιχειρήμασιν
1596 1231 1721 1282 ἐπι·

150 1316 451 1386 ϐαλόμενος
479 1318 522 1348 ³²
550 1320 578 1371 ὁ
608 1320 1005 1390 πρωτοστάτης
1037 1320 1081 1352 ³³
1111 1319 1211 1388 τῆς
1241 1321 1503 1393 αἱρέσεως
1533 1322 1723 1375 ἐπλεο-

150 1410 385 1479 νέκτησε
431 1408 728 1481 λαϐόμενος
751 1410 797 1441 ³⁸
820 1413 921 1474 τὰς
970 1410 1147 1482 ἀρχὰς
1194 1412 1290 1465 καὶ
1337 1413 1382 1443 ³⁸
1435 1414 1499 1465 ἐκ
1519 1412 1724 1467 τούτων

150 1501 251 1555 ἐπὶ
278 1501 346 1556 τά
368 1502 586 1574 χείρονα
626 1502 888 1573 ὁρμηθεὶς
926 1502 1104 1572 δόγμα
1151 1503 1539 1574 συνεστήσατο.
1566 1505 1724 1558 Ἔστι

156 1594 261 1665 μὲν
285 1591 376 1648 οὖν
408 1597 569 1649 πόνου
608 1596 803 1664 μεστὸν
835 1596 894 1647 τὸ
923 1594 1367 1667 ἐπιχειρούμενον
1394 1597 1487 1649 καὶ
1524 1595 1726 1667 πολλῆς

150 1687 408 1758 δεόμενον
459 1688 735 1758 ἱστορίαςο
797 1688 934 1743 ἀλλὰ
977 1689 1079 1741 οὐκ
1118 1688 1461 1759 ἐνδεήσομενο
1501 1685 1724 1758 ὕστερον
1752 1718 1798 1775 Β

150 1780 268 1851 γὰρ
289 1781 544 1853 εὐφρανεῖ
562 1781 637 1844 ὡς
653 1780 890 1851 ἀθλητὴν
936 1782 1073 1851 μετά
1111 1780 1306 1834 πολλοῦ
1332 1781 1492 1834 πόνου
1524 1779 1726 1848 στεφά⁶

145 1889 246 1924 νου
277 1872 582 1943 τυχόντα,ῆ
613 1872 850 1943 ἔμπορον
886 1872 1023 1943 μετὰ
1060 1873 1230 1942 μέγαν
1256 1872 1530 1942 θαλάσσης
1567 1873 1727 1927 σάλον

146 1977 216 2013 κε
225 1960 511 2030 ρδάναντα,
538 1961 572 2031 ἢ
598 1962 842 2032 γεωργὸν
882 1964 1020 2032 μετὰ
1051 1964 1250 2034 ἱδρῶτα
1281 1963 1573 2036 προσώπου
1597 1980 1729 2035 καρ-

147 2045 275 2097 πῶν
317 2046 725 2112 ἀπολαύσαντα,
773 2050 806 2120 ἢ
872 2054 1155 2121 προφήτην
1212 2056 1348 2121 μετὰ
1394 2052 1729 2124 ὀνειδισμοὺς

146 2136 252 2188 καὶ
282 2136 464 2207 ὕϐρεις
494 2137 707 2209 ὁρῶντα
736 2140 804 2193 τὰ
834 2139 1130 2210 λαληθέντα
1175 2142 1558 2198 ἀποϐαίνοντα.
1601 2146 1729 2215 Ἀρ-

150 2225 381 2297 ξάμενοι
402 2228 581 2283 τοίνυν
606 2230 863 2301 ἐροῦμεν,
892 2232 1037 2295 τίνες
1071 2234 1119 2286 οἱ
1151 2236 1285 2305 παρ’
1316 2234 1544 2305 Ἕλλησι
1577 2235 1730 2306 πρῶ-

148 2334 250 2369 τον
303 2318 621 2389 φιλοσοφίαν
670 2322 905 2394 φυσικὴν
944 2324 1329 2389 ἐπιδείξαντες.
1385 2326 1601 2381 Τούτων
1621 2328 1730 2399 γὰρ

152 2409 399 2479 μάλιστα
420 2412 742 2483 γεγένηνται
760 2415 1070 2485 κλεψίλογοι
1094 2417 1143 2470 οί
1172 2416 1278 2470 τῶν
1305 2419 1569 2489 αἱρέσεων
1585 2436 1731 2490 πρω-

148 2505 611 2571 τοστατήσαντες,
655 2505 732 2567 ὡς
771 2508 1067 2577 μετέπειτα
1108 2509 1164 2561 ἐν
1197 2511 1263 2581 τῇ
1304 2510 1440 2582 πρὸς
1471 2511 1731 2582 ἀλλήλους

150 2593 404 2665 συμϐολῇ
440 2596 799 2667 ἐπιδείξομεν.
833 2598 1079 2671 Ἐκάστῳ
1132 2602 1190 2655 δέ
1240 2604 1349 2657 τῶν
1384 2606 1734 2677 προαρξαμέ-

148 2700 267 2735 νων
297 2684 363 2736 τὰ
415 2685 522 2738 ἴδια
576 2688 919 2754 ἀποδιδόντες
972 2694 1216 2762 γυμνοὺς
1270 2696 1364 2749 καὶ
1396 2697 1734 2768 αίοχήμονας

146 2775 288 2839 τοὺς
309 2776 666 2850 αίρεσιάρχας
695 2783 1121 2853 παραστήσομεν
1151 2784 1216 2837 ³⁸.

230 2867 287 2922 1.
314 2866 392 2940 [ρ.
417 2870 469 2935 5,
510 2870 565 2943 ϐ]
617 2872 854 2941 Λέγεται
888 2876 1068 2945 Θαλῆν
1093 2875 1185 2930 τὸν
1208 2879 1473 2950 Μιλήσιον
1500 2881 1598 2937 ἕνα
1623 2881 1734 2938 τῶν

145 2960 306 3014 ἑπτὰ
368 2962 548 3031 σοφῶν
605 2965 821 3035 πρῶτον
882 2967 1360 3038 ἐπικεχειρηκέναι
1419 2971 1734 3043 φιλοσοφίαν

1825 492 1998 548 sancti
2052 492 2279 563 alicujus
2332 492 2727 548 successionem
2763 490 3111 542 observantes
3161 486 3225 540 ad
3269 488 3389 542 haec

1827 584 2033 639 delatos
2085 598 2224 649 esse,
2288 585 2381 639 sed
2431 584 2645 638 decreta
2707 581 2917 634 illorum
2970 580 3286 649 principium
3318 594 3387 635 ex

1827 677 2137 733 Grazcornm
2167 677 2429 742 sapientia
2457 676 2696 737 duxisse,
2744 690 2806 727 ex
2852 673 3112 741 dogmatis
3150 672 3385 741 philoso-

1826 767 1947 836 phis
1977 777 2031 821 et
2064 767 2338 837 mysteriis
2371 767 2591 819 tentatis
2646 774 2699 818 et
2754 763 3039 829 astrologis
3088 763 3387 815 circumva-

1827 859 2118 928 gatttihus:
2150 858 2322 928 placet
2370 858 2530 927 igitur
2587 856 2734 925 prius
2764 855 3022 921 expositis
3075 853 3385 906 Grzecornm

1826 949 2264 1019 philosophorum
2310 949 2524 1018 placitis
2558 948 2843 1001 ostendere
2869 946 3089 999 lecturis
3135 960 3251 998 esse
3304 945 3388 999 his

1827 1044 2126 1112 antiquiora
2168 1054 2219 1098 et
2252 1045 2316 1097 ad
2342 1044 2578 1098 divinum
2611 1057 2806 1095 numen
2844 1042 3140 1103 sanetiora,
3168 1041 3389 1107 posthac

1824 1136 2071 1191 conferre
2116 1138 2355 1206 singulas
2402 1138 2632 1191 ὶιωτεερε
2677 1150 2796 1188 cum
2842 1134 3087 1201 singulis,
3122 1136 3387 1202 quomodo

1824 1230 1909 1284 his
1936 1231 2216 1285 conatibus
2241 1230 2627 1298 superveniens
2652 1230 2859 1297 primus
2892 1228 3136 1281 conditor
3167 1228 3387 1280 haeresis

1824 1322 1959 1378 lucri
2000 1323 2189 1379 fecerit
2222 1332 2469 1394 repetens
2499 1322 2763 1391 principia
2790 1331 2843 1375 et
2879 1337 2943 1374 ex
2995 1321 3077 1374 his
3122 1323 3186 1372 ad
3237 1321 3385 1373 dete-

1825 1416 1965 1470 riora
1996 1416 2246 1487 delapsus
2274 1417 2465 1484 dogma
2489 1415 2832 1469 confinxerit.
2863 1415 2955 1468 Est
2984 1415 3146 1484 igitur
3171 1413 3385 1482 plenum

1824 1507 2023 1563 laboris
2048 1511 2188 1579 quod
2208 1496 2529 1577 suscipimus
2550 1508 2821 1575 multaque
2846 1508 3047 1573 indiget
3071 1508 3384 1574 quzestione.

1826 1600 1931 1656 Sed
1956 1616 2060 1657 non
2080 1601 2419 1667 deﬁciemus,
2442 1602 2664 1670 posthac
2696 1602 2837 1655 enim
2866 1600 3206 1662 exhilarahit,
3242 1599 3388 1652 velut

1825 1691 2080 1748 athletam
2141 1693 2308 1748 multo
2364 1709 2483 1748 cum
2533 1693 2715 1747 labore
2737 1707 2990 1747 coronam
3033 1702 3266 1753 nactum,
3297 1700 3389 1743 attt

1824 1796 2177 1839 mercatorem
2214 1794 2333 1854 post
2363 1785 2732 1839 vehementem
2759 1797 2947 1839 aestum
2982 1784 3147 1837 maris
3175 1783 3381 1836 lncrutu

1823 1875 2095 1943 adeptum,
2128 1883 2220 1928 aut
2247 1875 2536 1944 agricolam
2592 1886 2712 1939 post
2764 1876 3009 1928 sudorem
3047 1873 3235 1927 frontis
3263 1888 3382 1926 cum

1821 1965 2066 2038 frugibus
2102 1966 2319 2030 fruitur,
2346 1976 2439 2021 aut
2470 1976 2648 2021 vatem
2706 1977 2826 2037 post
2885 1966 3125 2020 convicia
3159 1976 3211 2019 et
3250 1980 3383 2018 con-

1821 2059 2149 2114 culcationes
2172 2073 2291 2111 cum
2318 2058 2462 2112 videt
2479 2058 2696 2112 evenire
2729 2072 2847 2126 quat
2872 2058 3211 2126 praedixerat.
3232 2055 3386 2109 Prin-

1820 2152 1963 2220 cipio
2005 2151 2169 2219 igitur
2211 2150 2473 2213 dicemus,
2508 2150 2728 2220 quinam
2776 2150 2915 2203 inter
2963 2148 3178 2204 Grtecos
3214 2150 3386 2215 philo-

1822 2241 2064 2311 SOphiam
2100 2241 2396 2295 naturalem
2430 2241 2587 2309 primi
2623 2241 2972 2294 instituerint.
3007 2242 3210 2294 Horum
3243 2242 3385 2294 enim

1823 2330 2159 2399 potissimum
2201 2330 2415 2384 decreta
2471 2328 2854 2397 surripuerunt
2881 2328 2969 2395 qui
3002 2329 3282 2382 haeresium
3313 2327 3388 2380 εἰσ

1820 2422 2015 2492 gniferi
2040 2423 2387 2484 exstiterunt,
2416 2429 2475 2473 nt
2500 2420 2726 2487 posthac
2753 2419 2841 2474 ubi
2872 2421 3011 2474 inter
3032 2434 3090 2474 se
3113 2433 3387 2488 compara.

1821 2514 1998 2569 bimus
2016 2513 2383 2568 ostendemus.
2410 2509 2634 2581 Singulo
2661 2520 2837 2565 autem
2866 2512 3060 2579 cuique
3081 2525 3268 2565 eorum
3293 2511 3383 2579 qui

1820 2606 2090 2676 principes
2142 2604 2400 2661 doctrinae
2473 2604 2799 2658 exstiterunt
2853 2602 3151 2657 tribuentes
3206 2617 3383 2665 suum,

1822 2699 1996 2752 nudos
2025 2708 2078 2752 et
2111 2696 2299 2752 inanes
2327 2695 2704 2751 exhibebimus
2742 2693 3147 2749 haeresiarchas.

1890 2853 2031 2925 8-9
2059 2853 2101 2909 1.
2136 2853 2345 2909 Dicitur
2368 2851 2568 2907 Thales
2598 2850 2835 2906 Milesius
2888 2864 3028 2903 unus
3064 2849 3130 2903 de
3178 2858 3383 2919 septem

1823 2946 2159 3015 sapientibus
2216 2945 2423 3013 primus
2482 2943 2839 3012 philos0phitn
2901 2942 3139 3012 physicae
3199 2952 3387 2995 auctor

152 3053 421 3123 φυσικήν.
463 3048 631 3119 Οὗτος
655 3055 758 3128 ἔφη
791 3057 967 3128 ἀρχὴν
1002 3035 1077 3091 ⁸⁸(
1103 3035 1203 3113 τοῦθ
1236 3035 1444 3126 παντὸς.
1470 3035 1729 3117 εἶναι’καὶ

1827 3039 2122 3093 exstitisse.
2177 3036 2275 3092 Hic
2315 3037 2452 3090 dixit
2492 3036 2819 3105 principium
2878 3035 3115 3089 universi
3166 3048 3287 3088 esse
3331 3046 3385 3089 et

148 3144 316 3208 τέλος
341 3145 402 3198 τὸ
435 3144 578 3218 ὕδωρ
609 3148 675 3201 ³⁷.
719 3149 814 3202 Ἐκ
856 3149 964 3219 γὰρ
984 3150 1149 3205 αὑτοῦ
1176 3152 1244 3206 τὰ
1271 3154 1447 3207 πάντα
1487 3156 1736 3211 συνίστα-

151 3236 289 3290 σθαι
316 3238 666 3309 πηγνυμένου
694 3240 788 3293 καὶ
818 3240 980 3293 πάλιν
1008 3241 1348 3314 διανιεμένου
1379 3245 1736 3317 ἐπιφέρεσθαί

148 3345 218 3381 τε
245 3328 396 3397 αὐτῷ
420 3328 488 3382 τὰ
530 3330 728 3393 πάντα,
758 3333 850 3402 ἀφ’
884 3324 945 3385 οὗ
984 3335 1078 3387 καὶ
1115 3338 1372 3406 σεισμοὺς
1421 3339 1515 3391 καὶ
1577 3358 1737 3396 πνευ-

154 3419 353 3489 μάτων
400 3422 639 3491 στροφὰς
688 3424 785 3477 καὶ
826 3424 1039 3496 ἄστρων
1095 3426 1161 3457 ⁸¹¹⁶
1198 3429 1483 3499 κινήσεις⁴
1533 3432 1626 3485 καὶ
1666 3432 1738 3485 τὰ

149 3514 340 3566 πάντα
369 3514 627 3585 φέρεσθαί
658 3517 703 3549 ³⁸
742 3535 801 3571 τε
833 3520 926 3573 καὶ
956 3523 1068 3591 ρεἴν
1100 3524 1167 3593 τῇ
1215 3523 1308 3576 τοῦ
1358 3525 1572 3595 πρώτου
1600 3531 1736 3599 ἀρχο

149 3604 300 3673 ηγοῦ
313 3609 408 3675 τῆς
419 3608 685 3674 γενέσεως
697 3609 875 3662 αὐτῶν
888 3610 1044 3679 φύσει
1062 3615 1462 3685 συμφερόμενα.
1477 3617 1627 3671 Θείον
1645 3620 1732 3687 ιε’,

151 3696 400 3781 δέᾉτοῦτο
453 3694 611 3763 εἶναι,
659 3700 720 3753 τὸ
772 3704 896 3772 μήτ’
929 3703 1101 3774 ἀρχὴν
1131 3706 1268 3775 μήτε
1302 3707 1556 3779 τελευτὴν
1588 3710 1731 3781 ἔχον.

156 3779 333 3849 Οὗτος
359 3790 486 3856 περὶ
513 3788 605 3840 τὸν
654 3790 764 3842 τῶν
807 3791 1026 3858 ἄστρων
1076 3793 1231 3861 λόγον
1262 3795 1355 3847 καὶ
1384 3797 1481 3867 τὴν
1507 3779 1734 3868 ζήτήσιν

156 3876 490 3948 ἀσχοληθεὶς
520 3879 750 3948 Ἕλλησι
810 3881 1013 3951 ταύτης
1067 3887 1167 3953 τῆς
1225 3884 1513 3956 μαθήσεως
1563 3887 1736 3952 αἴτιος

158 3968 386 4039 πρῶτος
415 3969 679 4038 γίγνεται,
732 3973 789 4036 ὃς
833 3973 1161 4028 ἀποϐλέπων
1211 3976 1347 4046 πρὸς
1394 3979 1484 4031 τὸν
1510 3980 1737 4052 οὐρανὸν

152 4059 360 4112 καὶτὰ
406 4062 519 4115 ἄνω
550 4063 825 4134 ἐπιμελῶς
877 4071 1158 4121 κατανοεῖν
1212 4070 1383 4139 λέγων
1431 4074 1510 4137 εἰς
1561 4076 1737 4147 φρέαρ

155 4151 448 4218 ἐνέπεσεν,
503 4154 562 4209 ὃν
602 4156 645 4188 ³9
673 4158 957 4225 ἐγγελῶσα
1010 4177 1094 4224 τις
1144 4162 1484 4234 θεραπαινὶς,
1516 4168 1736 4239 Θρᾷττα

155 4239 426 4311 τοῦνομα,
495 4244 639 4314 ἔφη·
720 4248 800 4301 Τά
856 4250 915 4301 ἐν
988 4253 1204 4324 οὐρανῷ
1286 4256 1736 4327 προθυμούμενος

150 4333 368 4387 εἰδέναι
398 4335 467 4367 ³⁸⁸
497 4338 565 4391 τὰ
604 4340 663 4392 ἐν
705 4340 862 4394 ποσὶν
886 4342 986 4396 οὐκ
1022 4340 1184 4401 οἶδεν.
1238 4348 1485 4416 Ἐγένετο
1508 4350 1563 4403 δὲ
1594 4354 1733 4406 κατὰ

156 4425 216 4477 Κ
223 4426 311 4496 ροῖ
316 4442 423 4477 σον.

236 4517 292 4571 2.
323 4518 477 4572 Ἐστι
521 4519 580 4575 δὲ
638 4522 733 4575 καλ⁸
760 4522 921 4593 ἑτέρα
974 4525 1260 4597 φιλοσοφία
1290 4529 1349 4581 ού
1391 4531 1603 4601 μακράν
1629 4532 1735 4584 τῶν

154 4609 350 4665 αὐτῶν
375 4611 602 4683 χρόνων,
629 4608 698 4685 ἦς
744 4610 878 4685 ἦρξε
908 4617 1248 4688 Πυθαγόρας,
1282 4620 1340 4672 ὃν
1371 4622 1570 4692 Σάμιὸν
1592 4641 1736 4687 τινες

157 4701 440 4770 λέγουσιν.
473 4704 576 4756 Ἦν
618 4703 886 4778 Ἰταλικὴν
941 4709 1387 4780 προσηγόρευσαν
1426 4713 1511 4766 διὰ
1558 4715 1617 4767 τὸ
1646 4716 1736 4767 τὸν

162 4793 497 4864 Πυθαγόραν
557 4796 825 4865 φεύγοντα
886 4786 1239 4870 Πολυκράτην
1293 4804 1384 4854 τὸν
1446 4804 1647 4873 Σάμιον
1689 4804 1736 4837 ⁸⁸

136 4884 432 4952 τύραννον
457 4886 680 4958 οἰκῆσαι
724 4888 878 4943 πόλιν
920 4892 1021 4961 τῆς
1064 4889 1291 4956 Ἰταλίας
1322 4895 1483 4947 κάκεῖ
1505 4895 1594 4949 τὸν
1623 4894 1737 4964 βίον

1824 3129 1984 3185 linem
2019 3144 2210 3198 aquam
2264 3146 2279 3184 :
2320 3143 2386 3183 ex
2413 3143 2473 3182 ea
2504 3127 2645 3181 enim
2679 3127 2861 3181 omnia
2896 3136 3145 3180 constare
3172 3138 3225 3179 et
3252 3141 3383 3180 con-

1825 3230 1969 3276 creta
1996 3230 2052 3277 et
2087 3236 2274 3275 rursus
2302 3219 2582 3283 dissoluta,
2610 3229 2664 3272 et
2690 3234 2753 3272 ea
2785 3218 3042 3273 sustineri
3072 3218 3249 3272 omnia
3288 3234 3385 3272 nn-

1824 3314 1890 3368 de
1938 3322 1993 3368 et
2036 3323 2194 3368 terrae
2239 3322 2414 3367 motus
2471 3325 2525 3365 et
2578 3310 2857 3365 fluminum
2903 3311 3286 3365 conversiones
3332 3322 3386 3365 ct

1825 3416 2092 3459 astrorum
2119 3414 2314 3458 motus.
2354 3402 2419 3456 Et
2444 3404 2621 3457 omnia
2669 3412 2725 3457 et
2771 3402 2901 3456 ferri
2937 3412 2991 3457 et
3026 3400 3195 3456 fluere
3225 3403 3385 3469 primi

1824 3504 1975 3551 ortus
2007 3498 2245 3566 ipsorum
2294 3498 2532 3549 auctoris
2587 3504 2836 3546 naturam
2880 3502 3087 3547 secuta.
3136 3490 3385 3545 Divinum

1826 3597 2004 3642 autem
2035 3586 2088 3639 id
2118 3600 2239 3641 esse
2267 3585 2406 3654 quod
2435 3600 2607 3653 neque
2630 3584 2948 3653 principium
2976 3583 3171 3636 habeat
3214 3598 3388 3651 neque

1826 3682 2009 3737 linem.
2038 3681 2135 3735 Hic
2165 3681 2309 3735 circa
2342 3690 2610 3734 astrorum
2652 3679 2916 3732 rationem
2944 3688 2997 3731 et
3021 3679 3389 3748 investigatio-

1828 3790 1948 3829 nem
1988 3779 2238 3828 versatus
2269 3770 2475 3826 Grzecis
2520 3770 2678 3839 hujus
2722 3770 2981 3824 doctrina:
3023 3772 3232 3838 primus
3277 3786 3383 3825 au-

1825 3874 1944 3919 ctor
1978 3862 2181 3927 evadit,
2210 3863 2299 3931 qui
2339 3863 2488 3915 vultu
2537 3863 2588 3916 in
2626 3864 2822 3917 malum
2857 3865 3070 3919 sublato
3105 3878 3159 3920 et
3205 3867 3390 3922 subli-

1826 3958 1930 4012 mia
1968 3959 2181 4012 cnriose
2226 3957 2534 4027 perspicere
2557 3956 2772 4026 jactans
2823 3958 2874 4010 in
2916 3970 3132 4021 puteum
3180 3960 3387 4023 incidit.

1826 4063 1983 4117 quem
2048 4049 2279 4101 irridens
2320 4049 2521 4101 'anoilla
2587 4049 2831 4119 quredam
2899 4050 3124 4107 Thratta
3170 4058 3388 4110 nomine

1826 4140 1963 4195 dixit
1990 4160 2002 4195 :
2029 4139 2138 4195 Res
2172 4141 2422 4195 caelestes
2454 4142 2603 4195 nisus
2632 4144 2868 4211 novisse,
2889 4161 3006 4211 qua:
3040 4159 3163 4201 sunt
3193 4149 3258 4203 ad
3281 4165 3390 4220 pe-

1825 4232 1922 4288 des
1955 4246 2060 4286 non
2097 4232 2265 4287 novit.
2295 4232 2504 4288 Floruit
2528 4244 2705 4288 autem
2737 4247 2896 4292 artate
2918 4237 3117 4294 Croesi.

1784 4428 1831 4485 D

1894 4507 1948 4560 2.
1977 4506 2070 4559 Est
2103 4515 2280 4560 autem
2327 4508 2489 4561 etiam
2525 4506 2629 4559 alia
2676 4506 3015 4578 philosophia
3070 4524 3174 4563 non
3231 4511 3385 4583 longe

1825 4595 2040 4649 distans
2062 4596 2130 4649 ab
2162 4596 2349 4650 iisdem
2387 4595 2741 4663 temporibus,
2777 4598 2930 4667 cujus
2966 4611 3152 4652 auctor
3173 4602 3382 4656 exstitit

1827 4687 2183 4758 Pythagoras,
2215 4702 2373 4756 quem
2402 4689 2644 4741 Samium
2695 4691 2915 4757 quidam
2970 4691 3179 4757 ferunt;
3221 4708 3382 4760 quam

1829 4779 2069 4831 Italicam
2109 4780 2543 4847 appellaverunt,
2602 4790 2886 4849 protiterea
2933 4781 3075 4850 quod
3120 4780 3387 4854 Pythago-

1828 4886 1913 4924 ras
1943 4885 2064 4923 cum
2111 4874 2322 4940 lugeret
2354 4869 2693 4941 Polycratem
2730 4872 3042 4928 Satniorum
3096 4882 3379 4943 tyrannum

1426 5009 1659 5066 VARIAE
1698 5009 2098 5067 LECTIONES.

231 5160 276 5193 ³¹
311 5161 485 5240 ἁρχῇν
515 5163 614 5240 μέν
640 5161 733 5240 _cl.
772 5164 1070 5240 Rogperum
1114 5178 1168 5234 p.
1190 5166 1323 5240 516,
1355 5166 1442 5240 qui
1475 5180 1573 5236 pro
1613 5165 1788 5237 ἀρχὴν
1839 5167 1939 5240 μέν
1974 5168 2214 5237 vestigiis
2270 5168 2427 5240 codd.
2463 5169 2713 5240 ἀφορμὴν
2760 5171 3124 5225 commendari
3157 5173 3390 5226 arhitra-

152 5243 273 5306 tur.
358 5232 402 5263 ⁸¹
429 5233 816 5306 ἐπιϐαλόμενος
844 5232 1129 5306 Roeperus‘
1147 5232 1571 5306 ;_ém)ia66pe'vog
1599 5232 1772 5304 ungo.

1572 5307 1616 5337 ³⁸
1666 5307 2089 5380 παραστήσομεν
2132 5307 2371 5364 ννοιεῖιιε

1809 5397 1822 5431 :
1880 5379 2056 5450 ἀέρων
2108 5381 2284 5450 vulgo.
2371 5380 2416 5411 ³⁸

156 5303 395 5371 ϐόμενος
443 5302 622 5357 λαϐὼν
641 5302 670 5357 Υ
772 5304 815 5336 ³⁸
836 5305 931 5357 καὶ
964 5302 1100 5359 ‘om.
1148 5302 1470 5362 Gronovius.

155 5374 344 5443 ἀρχὴν
377 5372 455 5445 Β.
524 5375 578 5445 7"
628 5374 771 5445 ὓδωρ
842 5375 1017 5444 vulgo.

1114 5376 1177 5447 Τ
1206 5377 1417 5447 ἄστρων
1479 5377 1749 5446 lioeperus

1869 5239 1915 5312 εξ
1941 5239 2329 5312 πρωτοστάτης
2363 5238 2424 5305 Β,
2462 5240 2506 5294 0
2533 5257 2551 5294 :
2576 5238 3059 5312 πρωτοστατήσας
3088 5241 3148 5295 L.
3226 5244 3271 5275 “
3297 5244 3391 5297 λα-

2440 5328 2454 5363 :
2511 5312 2889 5383 προστήσομεν
2944 5314 3118 5381 vulgo.
3195 5314 3261 5345 ³⁸·
3292 5314 3391 5383 τὴν

2460 5381 2720 5451 φέρεσθαι
2780 5383 3051 5446 ltoepvrus
3098 5401 3111 5436 :
3162 5381 3391 5451 φύεσθαί

153 5450 344 5527 vulgo.
396 5443 481 5527 ,ξδ’
509 5444 682 5527 Θεῖον.
716 5443 852 5527 Θεοῦ
885 5443 1041 5527 vulgo
1094 5446 1183 5527 cf;
1214 5443 1603 5527 ('Jle_'ttt.nAlex_._
1653 5447 1855 5504 Strom.
2050 5443 2226 5527 594-[ξ
2247 5466 2368 5527 sqq.
2402 5443 2550 5519 Sy'lb'.
2581 5451 2632 5527 τί
2662 5452 2862 5527 cauea
2895 5443 3085 5527 Bsiov;
3113 5443 3221 5527 _'Ib_
3251 5455 3391 5525 μήτε

151 5516 380 5614 ᾖρέεὶιινἦ
395 5513 517 5614 ἐφίει,
552 5517 686 5585 μήτε
724 5515 875 5578 τέλος
902 5513 1025 5585 ἕχον
1060 5527 1113 5570 et
1143 5515 1369 5570 Krische
1400 5516 1779 5588 Forschungen
1822 5519 1918 5571 auf
1964 5513 2083 5573 ilem
2133 5513 2359 5575 Gebiéte
2408 5513 2504 5573 iter
2554 5524 2698 5576 allen
2739 5513 3080 5593 Philosophie
3106 5524 3229 5587 1,58
3251 5513 3387 5595 ἐάσῃ.

265 5603 293 5614 ι.
346 5603 387 5614 ,Α
492 5587 653 5614 ..Ιρηιη
683 5602 697 5614 ι
733 5585 1100 5614 Ἇ-ἿΏΛιιιηι--ιο
1197 5586 1468 5614 δικαίη...
1504 5587 1774 5614 υΑη“Α-..-
1801 5588 1897 5614 -..ΙΙ
1951 5589 2058 5614 ΠΙ...
2115 5589 2293 5614 τιιρμι
2351 5606 2379 5614 ..
2436 5590 2531 5614 ιηι
2564 5592 2586 5614 Δ
2624 5608 2636 5614 -
2659 5591 2784 5614 1)-ι.
2810 5593 2959 5614 ._--I_-
3061 5594 3106 5614 LA
3137 5596 3172 5614 ‘1
3263 5595 3275 5614 1
3367 5595 3387 5614 α

265 5603 316 5640 ν.
345 5584 389 5652 ᾧ
425 5584 657 5642 Wulsnts
683 5602 697 5640 :
730 5584 1122 5657 ot‘Roeperus.
1197 5586 1472 5659 ³⁹ζείδέναι
1503 5584 1777 5659 lioeperus
1797 5588 1920 5646 coll.
1949 5589 2085 5645 Plat.
2115 5589 2316 5646 Theaat.
2348 5606 2401 5661 p.
2434 5590 2537 5646 176
2556 5592 2598 5647 Α
2622 5608 2636 5645 :
2658 5591 2785 5647 ἰδεῖν
2810 5584 2983 5664 vulgo.
3061 5594 3106 5627 “
3136 5584 3393 5668 Σαμίωῖίῖ

149 5653 455 5726 Roepertts.
