3826 6218
195 367 342 432 3033

1317 362 1619 426 CONTRA
1656 356 2024 422 ΗίΕΗΕΞΕΞ
2062 356 2207 416 LIB.
2242 355 2293 417 Ι.

3320 348 3461 419 3034

195 481 262 534 το
300 478 462 549 ξηρὸν
497 480 594 532 καὶ
621 476 682 533 τδ
730 477 932 547 κοῦφον
959 475 1039 540 εἰς
1091 475 1152 530 τὸ
1182 475 1373 547 πρόσω
1424 476 1521 529 τοῦ
1561 474 1781 544 αἰθέρος

1888 471 2121 525 calidum
2154 480 2207 522 et
2250 468 2455 523 clarum
2503 474 2556 519 et
2602 466 2812 520 aridum
2858 472 2914 519 et
2955 464 3071 519 leve
3105 464 3158 519 in
3204 463 3459 519 ulteriora

195 572 461 643 ὁρμῆσαι.
493 570 604 641 Τὴν
636 569 695 623 δὲ
746 569 853 641 γῆν
892 568 971 640 τῷ
1027 569 1265 639 σχήματι
1309 567 1575 621 πλατεῖαν
1633 562 1777 620 εἶναι

199 662 298 716 καὶ
342 659 524 731 μένειν
577 660 850 731 μετέωρον
911 659 997 713 διὰ
1035 659 1097 712 τὸ
1156 658 1389 729 μέγεθος
1440 659 1537 713 καὶ
1579 659 1666 712 διὰ
1719 658 1781 711 τὸ

200 742 373 823 μηδὲν
402 746 542 803 εἶναι
582 751 736 803 κενὸν
760 750 854 802 καὶ
874 748 963 802 διὰ
1010 748 1073 802 τὸ
1114 749 1204 802 τὸν
1249 750 1387 819 ἀέρα
1421 750 1780 820 ἰσχυρότατον

196 838 331 896 δντα
364 840 553 911 φέρειν
607 839 977 910 ἐποχουμένην
1030 837 1129 909 τὴν
1176 840 1299 909 γῆν.
1337 837 1459 891 Τῶν
1484 838 1527 890 δ’
1559 839 1650 891 ἐπὶ
1675 840 1778 908 γῆς

200 933 384 1005 ὑγρῶν
423 931 523 1003 τὴν
570 932 669 1003 μὲν
734 931 1009 986 θάλασσαν
1038 931 1299 1002 ὑπάρξαι,
1327 930 1395 984 τά
1438 948 1496 984 τε
1533 931 1591 983 ὲν
1635 932 1775 1001 αὑτῇ

198 1022 373 1078 ὕδατα
424 1023 822 1092 ὲξατμισθέντα
856 1024 1014 1078 ³⁸η...
1060 1023 1372 1077 ὑποστάντα
1398 1021 1572 1085 οὑτως
1612 1039 1774 1091 γεγοο

197 1112 349 1168 vivat.
385 1114 480 1167 καὶ
504 1112 613 1167 ἀπὸ
632 1113 742 1165 τῶν
786 1112 1282 1184 καταρῤευσάντων
1330 1111 1610 1181 ποταμῶν.
1641 1111 1779 1175 Τοὺς

196 1204 259 1259 δὲ
295 1204 574 1276 ποταμοὺς
620 1206 715 1257 καὶ
756 1205 866 1257 ἀπὸ
912 1203 1021 1257 τῶν
1082 1203 1304 1275 ὄμϐρων
1348 1203 1650 1273 λαμὸἀνειν
1679 1203 1779 1275 τὴν

199 1297 501 1351 ὑπόστασιν
550 1296 645 1351 καὶ
697 1299 755 1364 ἐξ
792 1297 999 1351 ὑδάτων
1027 1296 1071 1327 ⁸⁷
1116 1296 1226 1351 τῶν
1260 1298 1318 1348 ὲν
1368 1298 1437 1367 τῇ
1486 1299 1578 1368 γῇ.
1620 1291 1777 1349 Εἶναι

200 1387 313 1459 γὰρ
340 1388 513 1457 αὑτὴν
535 1387 613 1459 [β.
653 1387 741 1449 ﬂ,
770 1386 883 1459 l5.]
914 1386 1099 1457 κοίλην
1126 1387 1220 1439 καὶ
1254 1386 1398 1456 ἔχειν
1422 1386 1563 1459 ὕδωρ
1595 1389 1780 1453 ἐντοῖς

201 1479 556 1550 κοιλώμασιν.
590 1479 693 1533 Τὸν
729 1478 786 1532 δὲ
817 1479 1007 1532 Νεῖλον
1036 1478 1295 1543 αὑξεσθαι
1342 1480 1485 1533 κατά
1523 1480 1583 1532 τὸ
1623 1479 1781 1550 θέρος

201 1568 666 1640 καταφερομένων
695 1570 774 1632 είς
821 1569 983 1622 αὑτὸν
1021 1569 1230 1622 ὑδάτων
1278 1568 1387 1621 ἀπὸ
1411 1567 1520 1621 τῶν
1571 1571 1629 1622 ὲν
1662 1571 1776 1631 τοῖς

202 1660 536 1724 ἀντοίκοιςυ
601 1662 816 1731 χιόνων.
870 1661 1061 1714 Ἥλιον
1109 1661 1168 1715 δὲ
1216 1661 1312 1715 καὶ
1381 1660 1611 1732 σελήνην
1682 1661 1779 1714 καὶ

202 1752 385 1809 πάντα
439 1752 510 1805 τὰ
568 1751 746 1823 ἄστρα
812 1751 996 1816 λίθους
1047 1748 1188 1807 εἶναι
1257 1751 1539 1824 ἐμπύρους
1568 1768 1778 1822 συμπε..

1880 564 2109 618 aetheris
2166 562 2279 615 nisa
2326 576 2466 617 esse.
2520 558 2745 612 Terram
2793 565 2971 611 autem
3027 557 3196 627 ﬁgura
3246 556 3461 625 planam

1878 673 1998 713 esse
2050 666 2103 709 et
2153 670 2372 709 manere
2416 653 2699 723 pendulam
2754 662 2975 721 propter
3014 651 3457 719 magnitmlinetn,

1879 759 1934 802 et
1964 758 2255 816 propterea
2299 748 2443 813 quod
2478 744 2680 797 nullum
2710 744 2851 798 adsit
2887 743 3047 797 inane
3090 751 3144 795 et
3184 742 3311 810 quia
3343 757 3459 806 aer,

1881 841 1972 909 qui
2001 840 2067 893 sil
2097 839 2525 903 robustissimus,
2550 837 2689 890 ferat
2718 837 2989 890 invectam
3017 846 3240 888 terram.
3272 834 3461 887 llutni-

1880 934 2068 986 dorum
2120 940 2297 984 autem
2364 930 2415 984 itt
2481 941 2621 983 terra
2670 930 2901 998 primum
2964 944 3115 982 mare
3184 927 3463 981 exstitisse

1880 1038 2152 1092 aquasque
2181 1022 2231 1075 itt
2260 1038 2325 1076 eo
2356 1023 2788 1077 exsiccatas.....
2827 1021 3141 1075 substitisse
3174 1030 3228 1073 et
3256 1021 3333 1074 sic
3364 1036 3463 1073 na—

1881 1124 1993 1167 tum
2027 1128 2148 1167 esse
2174 1120 2227 1165 et
2255 1112 2321 1165 ab
2354 1110 2608 1165 amnibus
2643 1109 2735 1179 qui
2773 1108 2828 1163 in
2876 1109 2927 1163 id
2954 1106 3296 1163 deduxerint.
3331 1107 3464 1159 Ant-

1882 1223 1976 1260 nes
2013 1217 2191 1260 autem
2236 1215 2289 1260 et
2328 1208 2395 1260 ab
2449 1204 2712 1258 imbribus
2746 1202 3000 1272 accipere
3050 1198 3461 1254 subsistentiam

1880 1297 2139 1371 22-23
2170 1308 2225 1353 et
2259 1314 2323 1353 ex
2360 1298 2517 1367 aquis
2557 1296 2608 1350 in
2647 1305 2833 1362 terra;
2877 1274 3011 1349 esse'
3035 1294 3178 1347 enim
3215 1306 3335 1347 eam
3366 1306 3462 1345 ca-

1880 1407 2001 1445 vam
2035 1402 2088 1447 et
2118 1391 2401 1446 continere
2428 1404 2622 1456 aquam
2659 1387 2712 1441 in
2742 1386 3012 1441 cavernis.
3056 1384 3233 1440 Nilum
3276 1392 3456 1438 autent

1881 1498 2174 1554 augescere
2229 1498 2325 1551 per
2374 1489 2644 1544 testateut,
2698 1495 2821 1533 eum
2871 1477 3187 1532 deierantur
3235 1478 3287 1530 in
3337 1490 3462 1529 eum

1880 1589 2038 1643 aqua:
2068 1589 2097 1629 α
2128 1573 2341 1628 nivibus
2374 1573 2515 1640 apud
2544 1581 2824 1627 anteocos.
2865 1568 3045 1623 Solem
3087 1579 3266 1623 autent
3298 1577 3353 1622 et
3384 1567 3465 1621 lu-

1884 1681 2008 1721 nam
2036 1679 2335 1734 omnesque
2361 1663 2547 1719 atellas
2578 1662 2785 1732 lapides
2825 1677 2945 1717 esse
2986 1662 3184 1733 ignitus
3225 1661 3464 1717 circum-

1884 1759 2098 1813 volutos
2122 1773 2227 1812 una
2257 1758 2324 1812 ab
2346 1756 2567 1812 aetheris
2596 1757 2885 1811 rotatione.
2914 1754 3048 1809 Esse
3073 1764 3252 1809 autem
3275 1754 3465 1807 subter

208 1842 575 1915 ριληφθέντας
628 1844 735 1898 ὑπὸ
784 1844 884 1914 τῆς
915 1844 959 1875 ³⁹
999 1843 1218 1915 αἰθέρος
1259 1843 1583 1914 περιφορᾶς.
1628 1838 1777 1895 Εἶναι

1888 1851 2068 1907 stellas
2102 1851 2270 1906 solem
2300 1858 2355 1903 et
2383 1849 2563 1909 lunam
2592 1858 2649 1902 et
2686 1862 2916 1916 corpora
2944 1848 3189 1917 quaedam
3218 1862 3321 1899 una
3351 1845 3464 1900 cir-

204 1936 251 1990 6‘
304 1936 564 1990 ὑποκάτω
624 1936 732 1991 τῶν
793 1937 1011 2008 ἄστρων
1062 1938 1215 2009 ⁴ήλιον
1266 1936 1362 1991 καὶ
1421 1936 1655 2006 σελήνην
1712 1936 1781 1999 ⁸⁸,

206 2028 303 2081 καὶ
332 2026 561 2100 σώματά
580 2026 625 2060 ’⁵⁸
666 2044 789 2082 τινα
837 2028 1361 2100 συμπεριφερόμενα
1398 2030 1534 2099 ἡμῖν
1570 2028 1785 2099 ἀόρατα

204 2119 306 2191 τῆς
332 2120 389 2174 δὲ
417 2119 753 2194 θερμότητος
787 2121 861 2191 μὴ
911 2120 1269 2175 αἰσθάνεσθαι
1309 2120 1422 2174 τῶν
1452 2121 1669 2192 ἄστρων
1698 2119 1787 2174 διά

204 2211 269 2265 τὸ
290 2211 508 2283 μακρὰν
538 2208 676 2266 εἶναι
713 2212 834 2285 [καὶ
858 2212 968 2287 διὰ]
990 2214 1037 2246 ⁵³
1068 2214 1165 2285 τὴν
1188 2212 1495 2268 ἀπόστασιν
1529 2213 1630 2283 τῆς
1657 2214 1783 2283 γῆς’

204 2299 289 2354 hi.
317 2300 377 2355 δὲ
407 2301 506 2371 οὑχ
527 2302 729 2373 ὁμοίως
749 2303 927 2375 θερμὰ
951 2304 1029 2375 τῷ
1062 2304 1201 2375 ήλίῳ
1222 2303 1309 2359 διὰ
1343 2304 1403 2357 τὸ
1425 2302 1611 2378 χῴιραν
1641 2303 1787 2374 ἔχειν

204 2394 572 2468 ψυχροτέραν.
627 2391 783 2450 Εἶναι
834 2397 895 2450 δὲ
940 2398 1041 2469 τὴν
1088 2396 1319 2469 σελήνην
1350 2395 1647 2468 κατωτέρω
1691 2394 1787 2449 τοῦ

203 2488 358 2556 ήλίου
390 2485 762 2559 πλησιώτερον
821 2487 1001 2559 ήμῶν.
1044 2487 1368 2558 Ὑπερέχειν
1411 2486 1470 2539 δὲ
1517 2486 1608 2540 τὸν
1634 2485 1788 2557 ἥλιον

208 2579 430 2650 μεγέθει
462 2580 562 2652 τὴν
604 2579 1035 2650 Πελοπόννησον.
1063 2579 1137 2633 Τὸ
1164 2579 1221 2632 δὲ
1272 2579 1390 2649 φῶς
1422 2579 1520 2650 τὴν
1555 2578 1789 2649 σελήνην

211 2672 290 2743 μὴ
347 2672 479 2727 [διον
526 2672 694 2743 ἔχειν,
754 2672 871 2727 ἀλλ’
899 2672 1007 2726 ἀπὸ
1057 2672 1153 2726 τοῦ
1207 2672 1383 2743 ήλίου.
1435 2672 1546 2742 Τὴν
1585 2671 1643 2724 δὲ
1678 2673 1787 2724 τῶν

204 2764 427 2835 ἄστρων
467 2764 771 2837 περιφορὰν
822 2763 927 2818 ὑπὸ
955 2762 1061 2834 γῆν
1086 2763 1355 2832 γίνεσθαι,
1390 2764 1699 2816 Ἐκλείπειν
1730 2762 1789 2815 δὲ

204 2856 309 2927 τὴν
335 2854 563 2928 σελήνην
584 2855 687 2927 γῆς
720 2855 1213 2927 ἀντιφραττούσης,
1265 2854 1437 2909 ὲνίοτε
1468 2854 1524 2908 δὲ
1549 2854 1642 2906 καὶ
1681 2853 1790 2906 τῶν

203 2947 469 3003 ὑποκάτω
488 2950 587 3019 τῆς
637 2948 887 3019 σελήνης,
911 2948 1003 3001 τὸν
1029 2947 1085 3000 δὲ
1137 2947 1290 3019 ἥλιον
1320 2950 1439 3011 ταῖς
1468 2947 1789 3017 νουμηνίαις

207 3035 442 3106 σελήνης
482 3039 970 3107 ἀντιφραττούσης.
1008 3035 1231 3107 Τροπὰς
1274 3034 1333 3089 δὲ
1378 3035 1647 3088 ποιεῖσθαι
1696 3034 1791 3087 καὶ

204 3125 360 3195 ἥλιον
412 3125 509 3179 καὶ
565 3126 796 3196 σελήνην
848 3123 1275 3195 ἀπωθουμένους
1298 3123 1403 3178 ὑπὸ
1451 3123 1545 3177 τοῦ
1596 3123 1786 3194 ἀέρος.

1885 1951 2183 1997 cumrotata
2207 1941 2360 1995 nobis
2383 1956 2487 1995 non
2519 1951 2807 2009 conspecta
2833 1955 2849 2005 ;
2880 1938 3116 1994 calorem
3148 1947 3327 1992 autem
3355 1951 3463 1991 non

1886 2034 2077 2089 sentiri
2108 2034 2411 2099 stellarum,
2444 2033 2699 2103 quoniam
2734 2034 2947 2103 longius
2984 2032 3183 2087 distent
3230 2047 3257 2084 a
3286 2041 3461 2094 terra;

1887 2133 2149 2195 praeterea
2182 2139 2311 2179 vero
2338 2139 2445 2178 non
2479 2140 2665 2191 parem
2691 2123 2789 2178 soli
2818 2122 3056 2177 calorem
3083 2120 3309 2187 habere,
3334 2120 3463 2189 quia

1888 2215 2063 2271 locum
2086 2215 2371 2269 obtineant
2400 2214 2759 2285 frigidiorem.
2790 2214 2921 2269 Esse
2949 2224 3130 2268 autem
3171 2213 3352 2267 lunam
3378 2212 3463 2266 in-

1884 2305 2141 2361 feriorem
2194 2307 2308 2362 sole
2363 2308 2670 2377 propiorem
2729 2305 2903 2360 nobis.
2961 2304 3231 2374 Snperare
3281 2314 3463 2357 autem

1889 2398 2260 2468 magnitudine
2305 2398 2474 2453 solem
2527 2396 2981 2467 Peloponnesum.
3020 2396 3226 2451 Lumen
3282 2404 3463 2448 autent

1890 2508 1994 2546 nun
2047 2491 2248 2546 habere
2293 2508 2450 2545 suum
2494 2492 2701 2557 lunam,
2742 2493 2836 2546 sed
2886 2506 2914 2545 a
2976 2492 3113 2546 sole.
3171 2489 3466 2544 Stellarum

1889 2595 2072 2638 autent
2106 2585 2517 2638 conversionem
2552 2585 2652 2637 sub
2681 2597 2883 2637 terram
2922 2585 3059 2638 ﬁeri.
3097 2583 3338 2637 Deﬁcere
3367 2597 3468 2633 au-

1892 2686 1999 2731 tem
2031 2676 2212 2730 lunam
2247 2685 2389 2729 terra
2430 2674 2723 2738 oﬂieieute,
2763 2675 3033 2728 interdum
3087 2683 3268 2726 attlent
3300 2670 3467 2725 etiam

1891 2771 1957 2825 iis
1989 2786 2108 2839 qua:
2136 2778 2261 2823 sunt
2294 2770 2431 2822 inl'ra
2468 2768 2683 2832 lunam,
2736 2768 2902 2822 sulem
2941 2778 3118 2819 autem
3175 2764 3481 2835 noviluuiis

1892 2855 2015 2910 luna
2050 2856 2342 2912 efﬁciente.
2373 2857 2676 2911 Cliuamina
2709 2866 2889 2910 autem
2922 2854 3101 2910 facere
3135 2864 3190 2909 et
3219 2853 3384 2907 solent
3414 2863 3469 2907 et

1894 2948 2100 3014 lunam,
2132 2949 2345 3017 repulsa
2389 2948 2458 3002 ab
2489 2964 2650 3016 aere;
2699 2949 2881 3003 lunam
2915 2958 3092 3001 autent
3120 2962 3262 3013 saepe
3289 2945 3469 2999 decli-

1893 3056 2024 3095 nare
2076 3051 2359 3112 propterea
2411 3038 2553 3109 qnod
2615 3048 2846 3109 nequeat
2899 3053 3157 3107 superare
3190 3038 3464 3107 lrigidunt.

1898 3130 1995 3184 llic
2028 3128 2276 3184 deﬁnivit
2309 3128 2517 3197 primus
2548 3127 2845 3181 doctrinam
2879 3124 3243 3179 defectionum
3267 3134 3321 3177 et
3349 3123 3469 3176 illu-

204 3184 448 3289 έελήνην
468 3216 525 3269 δὲ
560 3184 819 3279 πολλάκις
851 3184 1153 3287 τρέπεσθαι
1188 3184 1279 3268 διά
1308 3214 1369 3268 τὺ
1414 3215 1489 3285 μὴ
1518 3184 1783 3267 δύνασθαι

1892 3220 2269 3275 minationmn.
2341 3218 2485 3273 Dixit
2534 3228 2713 3273 autem
2773 3228 3045 3272 terrenam
3104 3231 3227 3270 esse
3282 3215 3464 3268 lunam

206 3311 433 3382 κρατεῖν
457 3309 551 3361 τοῦ
582 3307 812 3378 ψυχροῦ.
845 3302 1013 3371 Οὗτος
1038 3306 1284 3378 ἀφώρισε
1316 3306 1533 3377 πρῶτος
1558 3305 1628 3359 τὰ
1657 3307 1783 3376 περὶ

1889 3313 2199 3381 babereque
2230 3312 2281 3365 in
2318 3326 2380 3366 se
2411 3325 2633 3380 campos
2665 3319 2719 3363 et
2750 3309 2943 3363 saltus.
2972 3309 3248 3364 Circulum
3282 3320 3463 3362 autem

205 3402 308 3464 τάς
350 3400 621 3469 ἐκλείψεις
656 3400 751 3453 καὶ
787 3398 1123 3470 φωτισμούς.
1155 3399 1301 3468 Ἔφη
1332 3397 1389 3451 δὲ
1411 3398 1611 3468 γηΐνην
1643 3391 1783 3449 εἶναι

1888 3402 2118 3458 lacteum
2160 3403 2626 3472 repercussionem
2671 3415 2793 3456 esse
2838 3401 2977 3456 lucis
3039 3400 3315 3455 stellarum
3361 3415 3464 3453 nou

201 3493 309 3562 τὴν
341 3492 571 3563 σελήνην
603 3491 749 3562 ἔχειν
779 3507 837 3544 τε
886 3492 945 3543 ὲν
974 3490 1112 3560 αὑτῇ
1158 3488 1319 3542 πεδία
1347 3488 1443 3543 καὶ
1466 3489 1782 3558 φάραγγας.

203 3584 315 3638 Τὸν
353 3584 411 3637 δὲ
438 3587 484 3617 ⁸³
515 3583 778 3652 γαλαξίαν
814 3581 1113 3637 ἀνάκλασιν
1157 3577 1298 3635 εἶναι
1337 3579 1433 3633 τοῦ
1473 3579 1651 3649 φωτὸς
1678 3579 1788 3631 τῶν

204 3676 427 3746 ἄστρων
453 3675 561 3727 τῶν
587 3674 662 3745 μὴ
692 3672 1262 3744 καταλαμϐανομένων
1293 3672 1339 3703 ⁸⁵
1361 3672 1467 3726 ὑπὸ
1493 3670 1588 3724 τοῦ
1610 3670 1786 3741 ἡλίου.

205 3767 349 3829 Τοὺς
396 3766 452 3819 δὲ
525 3767 949 3836 μεταϐαίνοντας
999 3765 1241 3836 ἀστέρας
1298 3763 1435 3817 ὡσεὶ
1484 3764 1789 3834 σπινθῆρας

203 3860 621 3930 ἀφαλλομένους
652 3858 898 3928 γίνεσθαι
927 3859 992 3911 ἐκ
1029 3857 1129 3929 τῆς
1164 3858 1433 3926 κινήσεως
1461 3856 1556 3908 τοῦ
1590 3856 1781 3910 πόλου.

221 3953 483 4024 Ἀνέμους
513 3953 571 4005 δὲ
612 3951 857 4022 γίνεσθαι
915 3950 1319 4020 λεπτυνομένου
1353 3948 1447 4002 τοῦ
1488 3947 1649 4019 ἀέρος
1681 3947 1788 4001 ὑπὸ

203 4044 303 4098 τοῦ
354 4044 507 4115 ἡλίου
559 4045 652 4097 καὶ⁵
707 4043 815 4096 τῶν
867 4041 1242 4113 ὲκκαιομένων
1299 4041 1436 4111 πρὸς
1482 4040 1575 4094 τὸν
1625 4040 1792 4093 πόλον

202 4134 638 4206 ὑποχωρούντων
678 4135 772 4188 καὶ
801 4133 1249 4203 ἀποφερομένων.
1287 4132 1524 4203 Βροντὰς
1547 4132 1603 4185 δὲ
1627 4132 1672 4165 ⁸⁵
1696 4132 1790 4185 καὶ

204 4225 501 4296 ἀστραπὰς
535 4224 641 4278 ἀπὸ
674 4223 879 4295 θερμοῦ
937 4223 1183 4292 γίνεσθαι
1214 4223 1580 4294 ἐμπίπτοντος
1610 4226 1689 4286 είς
1719 4224 1790 4276 τὰ

204 4316 373 4388 νέφη.
405 4317 672 4388 Σεισμοὺς
728 4316 785 4370 δὲ
822 4315 1069 4385 γίνεσθαι
1116 4314 1210 4368 τοῦ
1264 4313 1470 4368 ἄνωθεν
1498 4314 1661 4385 ἀέρος
1708 4317 1788 4378 εἰς

199 4408 300 4463 1τὸν
327 4408 432 4462 ὑπὸ
458 4409 562 4479 γῆν
587 4409 952 4480 ἐμπίπτοντος
974 4407 1039 4439 ⁸⁸·
1089 4407 1280 4460 τούτου
1310 4406 1417 4476 γάρ
1467 4406 1786 4476 κινουμένου

1887 3501 2259 3564 superaturum
2289 3508 2316 3545 a
2350 3492 2497 3559 sole;
2531 3492 2901 3545 discurrentes
2929 3500 3107 3545 autem
3136 3491 3318 3544 stellas
3343 3499 3470 3543 tau-

1887 3600 2047 3654 quam
2080 3586 2344 3639 seiutillas
2380 3584 2703 3639 resultantes
2730 3583 2862 3637 oriri
2886 3598 2951 3637 ex
2979 3595 3125 3637 motu
3160 3582 3286 3653 poli.
3317 3581 3466 3637 Ven-

1890 3690 1972 3732 tos
1994 3686 2173 3730 autem
2207 3675 2379 3741 nasci,
2400 3690 2523 3729 cum
2542 3682 2869 3728 extenuetur
2892 3688 2988 3727 aer
3010 3690 3038 3726 a
3066 3673 3179 3727 sole
3204 3683 3258 3726 et
3285 3685 3466 3741 partes

1888 3777 2093 3823 exusta:
2125 3768 2191 3821 ad
2228 3769 2409 3834 polum
2454 3767 2685 3821 subeant
2730 3777 2785 3821 et
2818 3766 3152 3821 deferantur.
3201 3765 3463 3820 Tonitrua

1888 3870 2069 3913 autem
2090 3867 2139 3912 et
2167 3857 2377 3927 fulgura
2405 3874 2433 3910 a
2457 3857 2632 3910 calido
2656 3856 2771 3911 lieri
2797 3858 2938 3926 quod
2964 3856 3167 3910 incidat
3192 3856 3245 3910 in
3272 3857 3462 3909 nubes.

1890 3948 2067 4004 Motus
2094 3960 2276 4004 autem
2312 3959 2471 4003 terrae
2515 3948 2629 4002 ﬁeri
2677 3964 2798 4002 cum
2850 3949 3096 4016 superior
3125 3963 3219 4001 aer
3264 3946 3464 4001 incidat

1891 4041 1942 4095 itt
1974 4040 2430 4105 subterraneum;
2469 4040 2569 4092 hoc
2601 4041 2759 4093 enim
2797 4050 2943 4093 tnoto
2971 4041 3135 4093 etiam
3174 4052 3381 4094 teetam
3413 4039 3468 4091 in

1889 4149 1956 4186 eo
1989 4144 2190 4186 terram
2229 4133 2297 4186 ab
2324 4147 2389 4185 eo
2418 4135 2658 4186 concuti.
2695 4131 2965 4186 Animalia
2998 4142 3177 4185 atttem
3225 4131 3379 4186 initio
3413 4132 3465 4184 in

1892 4225 2117 4280 humido
2147 4233 2271 4278 nata
2296 4238 2437 4287 esse,
2467 4234 2585 4293 post
2616 4223 2703 4277 illa
2733 4235 2910 4279 autem
2943 4242 3007 4279 ex
3042 4240 3101 4279 se
3131 4225 3386 4289 invicem,
3414 4233 3470 4279 et

1894 4316 2191 4371 masculina
2222 4316 2441 4387 quidem
2472 4316 2586 4371 ﬁeri
2628 4332 2749 4370 cum
2780 4332 2810 4370 a
2852 4317 3058 4371 dextris
3101 4318 3344 4387 partibus
3379 4331 3470 4372 seu

1892 4420 2102 4463 cretum
2153 4424 2337 4464 semen
2385 4409 2594 4464 dextris
2642 4410 2886 4477 partibus
2929 4411 3067 4463 uteri
3108 4409 3467 4475 adhaerescat,

203 4500 305 4553 καὶ
332 4499 429 4571 τὴν
472 4499 773 4571 ὀχουμένην
802 4500 905 4568 γῆν
938 4497 1031 4551 ὑπ’
1057 4496 1222 4551 αὑτοῦ
1271 4494 1618 4550 σαλεύεσθαι.
1659 4497 1783 4549 Ζῶα

1893 4498 2151 4554 feminina
2186 4512 2366 4554 autem
2417 4516 2513 4569 per
2554 4502 2913 4555 contrarium.
2967 4500 3067 4555 llic
3108 4498 3292 4555 floruit
3325 4517 3467 4555 anno

196 4590 265 4644 ἃ
293 4592 396 4663 τὴν
424 4592 522 4661 μὲν
544 4591 719 4662 ἀρχὴν
747 4592 806 4644 ὲν
859 4588 1015 4661 ὑγρῷ
1052 4588 1306 4658 γενέσθαι
1332 4588 1399 4654 ⁸⁷,
1444 4589 1585 4657 μετὰ
1610 4589 1784 4642 ταῦτα

201 4684 265 4737 δὲ
288 4683 350 4748 ἐξ
379 4683 645 4756 ἀλλήλων,
682 4684 777 4737 καὶ
799 4684 1036 4755 ἀρρενας
1092 4683 1191 4753 μὲν
1227 4682 1495 4750 γίνεσθαι,
1524 4683 1650 4736 ὃταν
1678 4682 1785 4737 ἀπὸ

200 4775 320 4829 τῶν
347 4776 534 4840 δεξιῶν
560 4777 745 4847 μερῶν
784 4774 1082 4845 ἀποκριθὲν
1103 4774 1165 4826 τὸ
1203 4775 1423 4843 σπέρμα
1457 4776 1568 4836 τοῖς
1588 4775 1785 4841 δεξιοῖς

1898 4592 2073 4662 primo
2099 4592 2443 4662 Octogesinne
2476 4602 2681 4646 octava:
2708 4591 3066 4659 Olympiadis,
3093 4608 3200 4663 quo
3228 4602 3469 4659 tempore

1892 4696 1947 4738 et
1977 4683 2257 4739 Platonem
2289 4684 2480 4740 dicunt
2525 4694 2710 4739 natum
2753 4699 2897 4738 esse.
2947 4682 3101 4739 lluuc
3133 4686 3282 4738 aiunt
3305 4685 3468 4737 etiam

1896 4793 2073 4831 rerum
2106 4777 2406 4832 futurarum
2444 4794 2741 4849 prtesaguut
2775 4778 2959 4833 fuisse.

200 4865 407 4938 μέρεσι
438 4868 539 4933 τῆς
576 4866 789 4937 μήτρας
822 4863 1079 4935 κολληθῇ,
1119 4864 1184 4917 τά
1213 4864 1270 4917 δὲ
1296 4864 1462 4935 θήλεα
1516 4866 1658 4918 κατά
1721 4866 2052 4922 τούναντίον.
2090 4863 2257 4933 Οὑτος
2295 4869 2547 4941 ήκμασεν
2596 4869 2754 4935 ἔτους
2788 4872 3006 4944 πρώτου
3069 4871 3170 4942 τῆς
3204 4871 3468 4940 ὀγδοηκο-

204 4959 346 5027 στῆς
404 4956 596 5027 ὀγδόης
661 4957 1044 5027 Ὀλυμπιάδος,
1082 4956 1204 5011 καθ’
1233 4956 1293 5010 ὃν
1326 4957 1515 5028 καιρὸν
1555 4958 1651 5011 καὶ
1718 4960 1979 5014 Πλάτωνα
2044 4960 2262 5031 λέγουσι
2307 4962 2660 5034 γεγενῆσθαι.
2702 4963 2902 5018 Τοῦτον
2964 4965 3183 5033 λέγουσι
3220 4965 3313 5017 καὶ
3334 4981 3468 5035 προ-

204 5050 519 5120 γνωπικὺν
556 5050 862 5120 γεγονέναι.

278 5174 336 5232 9.
372 5172 451 5246 [ιι.
488 5173 574 5229 15.
607 5172 698 5246 16]
743 5168 1034 5247 Ἀρχέλαος
1068 5176 1130 5232 τὸ
1156 5177 1254 5250 μὲν
1275 5178 1430 5246 γένος
1471 5177 1774 5246 Ἀθηναῖος,

1953 5181 2203 5254 24-25
2229 5181 2528 5237 Archelaus
2544 5179 2710 5248 stirpe
2737 5176 3088 5231 Atheniensis
3115 5175 3260 5233 ﬁlius
3285 5187 3466 5233 autem

1530 5340 1768 5397 γΑιιιΑε
1811 5342 2224 5400 Ι.Ε(ΣῚἸΟΝΕ5.

269 5449 319 5521 '_‘
348 5448 624 5517 Κουρίδι-ηε
650 5467 704 5521 p.
734 5452 860 5509 ΜΟ.
894 5453 949 5506 Η
976 5451 1186 5507 collatis
1219 5453 1445 5507 aliorum
1477 5455 1803 5520 scriptorum
1846 5455 2169 5508 testimoniis
2206 5454 2457 5509 lacunosa
2488 5454 2649 5507 verba
2682 5455 2754 5505 ita
2788 5451 2961 5505 reficit
2990 5465 3005 5503 :
3039 5448 3471 5518 ὲξατμισθέντων

203 5519 320 5574 ὑπὸ
344 5522 438 5574 τοὺ
465 5521 618 5591 ήλίου
643 5519 867 5576 ἐκείνων
895 5523 1225 5576 ὑποστάντα.
1301 5523 1343 5555 ³⁷
1367 5522 1573 5575 ὑδάτων
1594 5519 1878 5592 ⁷Ιίοιιιιρειιε
1906 5541 1919 5576 :
1952 5524 2130 5576 αὐτῶν
2163 5530 2338 5592 vulgo.
2415 5525 2459 5555 ³⁸
2479 5525 2751 5586 ἀντοίκοις
2783 5523 3058 5592 [ζονιιοτιις
3089 5539 3143 5590 p.
3170 5522 3292 5575 6H.
3323 5522 3426 5574 6H.
3455 5542 3466 5577 :

201 5592 436 5665 ἀρκτοίς
459 5590 630 5665 vulgo.
666 5663 673 5665 Α
709 5593 753 5624 ³’
785 5593 907 5661 τῆς.
930 5594 1027 5661 τῆς
1059 5593 1158 5665 τοὺ
1182 5594 1430 5665 Braudis.
1504 5594 1550 5623 ⁸⁸
1586 5590 1737 5665 ήλίου
1768 5595 1861 5647 καὶ
1890 5596 2119 5665 σελήνης
2145 5597 2225 5646 vel
2257 5590 2358 5665 καὶ
2393 5595 2543 5665 ήλίου
2592 5612 2644 5646 κ.
2680 5608 2728 5644 σ.
2762 5591 2979 5665 conjict
3015 5590 3227 5665 “utens.
3305 5592 3348 5621 “
3380 5594 3473 5643 καὶ

203 5660 445 5729 σώματα
481 5661 708 5715 Braudis
742 5680 759 5719 :
803 5660 880 5715 σὼ

202 5733 389 5803 ῥίιιειι
424 5730 796 5803 Βοθρθινιιαίβ.
837 5730 961 5787 οη.
1036 5734 1081 5765 ⁸³
1125 5733 1229 5785 Τὸν
1275 5733 1330 5785 δὲ
1362 5732 1541 5803 Roepe

963 5680 1027 5715 τα
1075 5663 1261 5726 vulgo;
1295 5664 1395 5715 alia
1453 5662 1623 5717 teutat
1680 5662 1974 5732 limperus.

1546 5748 1665 5785 rus:
1700 5734 1803 5787 Τόν
1830 5751 1889 5786 τε
1930 5734 2110 5801 vulgo.

2049 5666 2093 5693 “
2131 5665 2223 5716 καὶ
2253 5663 2341 5716 διὰ
2394 5663 2616 5716 deli-uda
2649 5679 2768 5714 ιδμεο
2798 5664 3083 5731 tautologia
3118 5664 3473 5715 demonstrat.

2187 5735 2233 5767 “
2262 5733 2832 5803 καταλαμϐανομένων
2870 5762 2940 5771 ——
2968 5731 3475 5803 καταλαμπομένων

200 5798 554 5857 Gronovius;
616 5803 664 5834 ⁵⁵
704 5798 761 5856 δὲ
796 5804 1071 5875 Roeperus
1106 5820 1120 5858 :
1162 5820 1222 5856 τε
1266 5804 1439 5874 vulgo.
1478 5798 1492 5803 ⁷
1517 5802 1562 5835 ⁸⁸
1591 5803 1958 5873 ἐμπίπτοντος
1986 5798 2342 5861 δὶὶιιιιιώιιυιιε
2380 5798 2741 5866 ἐκπίπτοντος
2770 5804 2947 5874 vulgo.
3021 5804 3063 5835 "
3088 5798 3379 5872 γεννᾶσθαι
3409 5799 3471 5853 Β.
3550 5858 3555 5863 _
