3826 6218
135 264 273 329 3049

1254 267 1551 329 CONTRA
1590 265 1956 337 HERESES
1992 271 2136 330 LIB.
2169 270 2221 332 Ι.

3243 268 3397 341 3050..

132 378 388 449 γενέσθαι
413 378 478 433 ὲκ
508 378 607 451 τῆς
631 379 974 451 περιψύξεως
994 378 1089 436 τοῦ
1116 380 1278 454 άέρος
1303 381 1397 436 τοῦ
1425 383 1703 453 περιέχον-

1815 387 2097 454 psyrham.
2158 382 2515 438 (lousentiunt
2563 394 2741 437 autem
2797 382 2957 436 etiam
3005 383 3380 453 migrationem

131 485 243 533 τος,
287 468 368 524 διδ
412 469 505 523 καὶ
536 469 820 525 καλεῖσθαι
850 471 1049 543 ψυχήν.
1115 472 1465 543 Ὀμολογοῦσι
1511 474 1569 526 δὲ
1609 474 1704 528 καὶ

134 563 623 632 μετενσωμάτωσιν
649 564 896 633 γίνεσθαι
923 566 1242 638 ὡρισμένων
1267 568 1441 621 οὐσῶν
1466 568 1573 621 τῶν
1599 569 1702 638 ψυ-

130 651 260 722 χῶν.
280 653 671 724 Προσδέχονται
691 655 746 707 δὲ
763 656 1073 727 ἐκπύρωσιν
1092 658 1131 687 ³¹
1156 655 1373 711 ἔσεσθαι
1391 657 1484 710 καὶ
1501 658 1707 731 κάθαρ-

131 760 215 796 σιν
240 744 333 796 τοῦ
355 744 560 814 κόσμου
595 745 811 806 τούτου.
843 750 891 800 0i
922 748 1022 818 μὲν
1053 749 1273 812 παντὸς,
1306 752 1355 803 οἱ
1381 750 1437 803 δὲ
1473 752 1698 822 μέρους,

132 834 225 889 καὶ
254 834 398 888 κατά
432 836 595 906 μέρος
619 836 677 890 δὲ
715 838 879 891 αὑτὸν
904 838 1264 908 καθαίρεσθαι
1293 839 1546 908 λέγουσιν
1566 857 1579 871 ·
1611 842 1706 895 καὶ

133 926 316 996 σχεδὸν
340 926 437 997 τὴν
473 927 679 998 φθορὰν
723 930 818 982 καὶ
847 930 945 1001 τὴν
976 930 1164 1002 ἑτέρου
1205 932 1264 996 ἐξ
1294 932 1462 1003 αὐτῆς
1494 934 1706 1001 γένεσιν

132 1019 396 1086 κάθαρσιν
409 1020 451 1051 ³¹
477 1019 855 1089 ὀνομάζουσιν.
881 1021 1118 1092 Σῶματα
1142 1024 1195 1076 δὲ
1223 1025 1399 1077 πάντα
1422 1024 1704 1087 ὑπέθεντο,

131 1111 224 1162 καὶ
256 1108 414 1179 σῶμα
444 1109 533 1163 διὰ
558 1110 812 1180 σώματος
843 1110 942 1182 μὲν
971 1117 1167 1183 χωρεῖν
1190 1116 1255 1179 ³³,
1300 1114 1437 1167 ἀλλά
1468 1116 1705 1169 ἀνάκλα-

133 1219 219 1254 σιν
241 1201 287 1233 ³⁵
317 1196 456 1255 εἶναι
493 1204 588 1255 καὶ
616 1203 1012 1274 πεπληρῶσθαι
1048 1207 1226 1261 πάντα
1250 1208 1342 1261 καὶ
1372 1206 1536 1278 μηδὲν
1564 1203 1701 1261 εἶναι

130 1294 305 1349 κενόν.
339 1292 525 1346 Ταῦτα
554 1295 649 1347 καὶ
674 1295 723 1347 oi
756 1296 1001 1350 Στωϊκοί.

196 1386 287 1439 22..
342 1386 661 1459 Ἐπίκουρος
712 1387 770 1441 δὲ
831 1388 1016 1458 σχεδὸν
1070 1389 1318 1442 ἐναντίαν
1358 1391 1490 1443 πᾶσι
1545 1390 1706 1457 δόξαν

129 1474 300 1529 ἔθετο.
346 1477 546 1547 ’Λρχάς
600 1476 702 1547 μὲν
738 1478 849 1531 τῶν
899 1480 1036 1533 ὅλων
1078 1480 1307 1535 ὑπέθετο
1348 1483 1583 1553 ἀτόμους
1613 1483 1707 1537 καὶ

130 1565 309 1618 κενόν.
333 1566 503 1619 Κενὺν
546 1566 644 1636 μὲν
673 1562 783 1620 οἷον
809 1569 975 1621 τόπον
1011 1570 1118 1622 τῶν
1144 1570 1437 1639 ἐσομένων,
1468 1572 1707 1643 ἀτόμους

127 1656 183 1708 δὲ
232 1655 332 1727 τὴν
376 1655 529 1728 ὓλην,
565 1657 623 1723 ἐξ
667 1652 735 1731 ἦς
780 1659 847 1713 τὰ
879 1660 1078 1715 πάντα.
1125 1661 1220 1715 Ἐκ
1246 1663 1302 1717 δὲ
1347 1664 1455 1717 τῶν
1484 1665 1705 1736 ἀτόμων

1807 476 2108 528 auiutarutn
2139 476 2426 543 exsistere,
2460 492 2582 530 cum
2606 476 2841 529 definitae
2872 476 2982 529 sint
3031 477 3244 533 animae.
3280 468 3393 531 Su;

1809 576 2181 621 innatantem
2227 566 2704 636 conﬂagratiouem
2751 566 2867 621 fore
2910 577 2963 620 et
3012 554 3382 636 purgationem

1809 659 1965 724 hujus
1996 658 2201 723 mundi,
2226 658 2314 711 alii
2346 659 2604 717 universi.
2646 660 2815 727 partis
2838 658 2925 712 alii
2954 669 3010 713 et
3047 676 3140 729 per
3172 668 3381 727 partem

1806 766 1930 803 eum
1968 750 2181 818 purgari
2232 751 2421 814 aittnt,
2454 759 2506 803 et
2551 765 2686 819 pene
2715 750 2992 803 interitum
3027 751 3273 819 aliusque
3312 765 3379 803 ex

1807 857 1872 894 eo
1919 842 2323 908 generationem
2377 841 2751 911 purgationem
2804 840 3093 910 appellant.
3140 842 3383 908 Corpora

1808 944 1989 987 autem
2020 935 2271 987 universa
2311 943 2515 1003 pmutut
2543 943 2597 986 et
2625 948 2821 1000 corpus
2846 942 3130 1002 penetrare
3164 932 3382 1001 quidem

1808 1041 1906 1093 per
1946 1042 2165 1095 corpus.
2202 1026 2294 1080 St'tl
2325 1024 2704 1078 refrat-tioneut
2740 1040 2880 1088 esse,
2923 1035 2976 1077 et
3011 1024 3227 1092 impleta
3262 1038 3387 1078 esse

1807 1117 1990 1170 omnia
2020 1132 2121 1171 nec
2154 1117 2449 1187 quidquam
2480 1131 2606 1172 esse
2643 1132 2892 1171 vacuum.
2927 1114 3054 1171 [hac
3084 1114 3301 1184 quidem
3332 1121 3389 1169 et

1809 1208 2001 1262 Stoici.

1879 1382 2140 1453 Epicurus
2169 1395 2347 1438 autem
2371 1397 2505 1453 pene.
2536 1382 2865 1437 contrariam
2896 1381 3164 1437 universis
3185 1381 3388 1436 doctri-

1809 1492 1933 1531 nam
1970 1476 2252 1543 professus
2293 1486 2396 1530 est.
2446 1473 2719 1545 Principia
2753 1476 2994 1529 onminm
3034 1474 3222 1528 statuit
3272 1483 3390 1527 ato-

1810 1584 1927 1622 tuos
1944 1578 1997 1622 et
2022 1569 2212 1621 inane:
2245 1566 2637 1636 inanequidem
2665 1577 2918 1636 tanquam
2944 1567 3175 1637 spatium
3203 1580 3385 1619 rerum

1810 1659 2114 1715 futurarum
2147 1700 2163 1725 ,
2197 1672 2407 1716 atomus
2443 1670 2623 1716 autem
2655 1661 2937 1716 materiem
2963 1701 2980 1727 ,
3032 1677 3095 1714 ex
3125 1677 3230 1730 qua
3266 1662 3390 1714 nui-

129 1746 494 1801 συνελθόντων
527 1749 781 1819 γενέσθαι
827 1751 921 1805 καὶ
946 1752 1037 1805 τὸν
1058 1752 1212 1817 Θεὸν,
1256 1754 1350 1806 καὶ
1380 1754 1455 1827 [ν.
1487 1756 1580 1810 9.7.
1610 1755 1703 1828 28]

1809 1766 1987 1806 versa.
2035 1750 2112 1806 Ex
2158 1752 2466 1821 congressis
2495 1761 2677 1804 autem
2712 1750 2908 1805 atomis
2941 1750 3216 1804 exstitissx‘
3242 1748 3388 1822 42-

127 1840 195 1892 τὰ
225 1842 467 1910 στοιχεῖα
493 1841 538 1873 ³⁵
571 1842 773 1906 πάντα,
814 1844 911 1896 καὶ
936 1843 1006 1896 τά
1033 1846 1093 1896 ὲν
1121 1846 1307 1909 αὐτοῖς
1339 1848 1515 1901 πάντα
1545 1849 1639 1901 καὶ
1659 1848 1705 1880 ³⁸

128 1933 243 1999 ζῶα
273 1936 367 1988 καὶ
393 1935 551 2001 ἄλλα,
599 1937 674 2000 ὡς
722 1936 888 2007 μηδὲν
914 1936 1163 2005 γίνεσθαι
1194 1941 1331 2011 μήτε
1358 1914 1704 2006 συνεστάναι,

126 2025 173 2074 εἰ
203 2023 281 2092 μὴ
316 2024 379 2076 ἐκ
407 2023 517 2076 τῶν
545 2024 765 2096 ἀτόμων
793 2026 906 2096 εἴη.
936 2027 1046 2091 Τάς
1073 2028 1131 2081 δὲ
1162 2029 1398 2100 ἀτόμους
1424 2029 1485 2083 τὸ
1510 2030 1706 2084 λεπτο-

128 2129 195 2181 με
206 2113 465 2183 ρέστατον
493 2116 586 2169 καὶ
615 2116 698 2184 ἐφ’
729 2116 773 2149 ³⁷
797 2112 857 2173 οὗ
880 2119 982 2173 οὐκ
1011 2118 1077 2173 ἂν
1102 2120 1311 2189 γένοιτο
1338 2121 1560 2193 κέντρον
1584 2122 1706 2177 οὐδὲ

127 2206 358 2273 σημεῖον
398 2206 552 2259 οὐδὲν
582 2207 704 2261 οὐδὲ
731 2208 998 2284 διαίρεσις
1021 2212 1268 2284 οὐδεμία,
1296 2212 1401 2284 ἔφη
1434 2209 1594 2278 εἶναι,
1625 2214 1706 2268 διὸ

124 2296 221 2348 καὶ
264 2297 497 2367 ἀτόμους
529 2300 698 2363 αὐτὰς
724 2301 995 2373 ὠνόμασε.
1034 2303 1138 2356 Τὸν
1176 2304 1232 2358 δὲ
1262 2304 1394 2358 θεὸν
1426 2305 1704 2377 ὁμολογῶν

124 2382 270 2439 εἶναι
295 2388 461 2443 ἀΐδιον
483 2391 578 2443 καὶ
604 2390 881 2462 ἀφθαρτόν
899 2409 1033 2462 φησι
1058 2393 1287 2464 μηδενὸς
1308 2398 1577 2465 προνοεῖν,
1610 2394 1706 2449 καὶ

122 2479 268 2544 ὅλως
319 2483 573 2553 πρόνοιαν
634 2483 711 2555 μὴ
754 2480 895 2538 εἶναι
959 2484 1095 2557 μηδὲ
1142 2484 1506 2557 εἱμαρμένην,
1567 2485 1705 2541 ἀλλὰ

122 2573 309 2628 πάντα
337 2575 478 2628 κατά
517 2577 927 2647 αὖτοματισμδν
973 2576 1243 2646 γίνεσθαι.
1278 2578 1565 2649 Καθῆσθαι
1596 2578 1704 2650 γάρ

120 2666 217 2720 τὸν
249 2666 390 2720 Θεὺν
415 2669 472 2720 ὲν
516 2671 625 2731 τοῖς
658 2671 1070 2741 μετακοσμίοις,
1100 2670 1243 2724 οὕτω
1280 2671 1636 2741 καλουμένοις
1658 2671 1705 2702 ³⁸

122 2760 220 2814 ὑπ’
256 2758 456 2813 αὐτοῦ’
500 2760 603 2828 ἔξω
633 2762 742 2832 γάρ
787 2779 841 2815 τι
869 2762 963 2815 τοῦ
1005 2765 1211 2834 κόσμου
1257 2764 1574 2835 οἰκητήριον
1607 2762 1702 2817 τοῦ

120 2851 264 2906 Θεοῦ
296 2852 447 2907 ἔθετο
475 2849 637 2919 εἶναι,
672 2854 965 2926 λεγόμενον
984 2854 1053 2909 τά
1084 2855 1451 2926 μετακόσμια,
1477 2855 1703 2927 ἥδεσθαί

117 2960 181 2997 τε
232 2944 332 2998 καὶ
371 2944 663 3016 ἡσυχάζειν
704 2947 762 2999 ὲν
816 2948 880 3016 τῇ
925 2946 1207 3021 ἀκροτάτῃ
1247 2946 1577 3019 εὐφροσύνῃ,
1608 2946 1704 3000 καλ⁸

123 3036 270 3107 μήτε
300 3036 459 3090 αὑτὸν
492 3038 791 3108 πράγματα
811 3036 1020 3109 ⁸⁸³,εχειν
1046 3037 1183 3109 μήτε
1209 3037 1389 3100 ἀλλοις
1418 3037 1699 3109 παρέχειν.

120 3123 219 3190 Οἷς
262 3129 553 3182 ἀκόλουθον
587 3130 681 3183 καὶ
715 3128 806 3183 τὸν
841 3131 968 3201 περὶ
1004 3130 1115 3184 τῶν
1146 3129 1329 3199 σοφῶν
1355 3129 1565 3199 ἀνδρῶν
1598 3145 1701 3182 πε-

120 3220 351 3290 ποίηται
396 3221 575 3290 λόγον,
610 3220 783 3290 λέγων
827 3220 888 3274 τὸ
932 3220 1085 3284 τέλος
1126 3222 1227 3293 τῆς
1275 3222 1469 3290 σοφίας
1487 3220 1534 3252 ⁸⁸
1562 3215 1701 3275 εἶναι

116 3310 345 3380 ἡδονήν.
374 3310 559 3363 Ἀλλοι
593 3310 649 3363 δὲ
671 3311 845 3383 ἄλλως
881 3310 943 3364 τδ
972 3311 1144 3383 ὄνομα
1170 3311 1269 3382 τῆς
1299 3311 1494 3382 ἡδονῆς
1519 3310 1703 3376 ἐξέλα-

119 3402 347 3472 Gorgo!
393 3402 492 3472 μὲν
520 3402 629 3473 γὰρ
672 3380 1007 3474 κατενόησαν
1040 3380 1085 3435 ’ί
1124 3380 1236 3468 τὰς
1285 3380 1601 3475 ἐπιθυμίας,
1649 3404 1700 3458 οῖ

117 3495 175 3550 δὲ
201 3496 307 3567 τὴν
333 3497 425 3550 ἐπὶ
455 3499 521 3567 τῇ
566 3497 735 3568 ἀρετῇ
770 3496 984 3567 ἡδονήν.
1023 3494 1135 3558 Τάς
1161 3494 1218 3548 δὲ
1250 3493 1428 3565 ψυχὰς
1454 3493 1562 3547 τῶν
1605 3496 1700 3549 ἀν-

118 3589 365 3661 θρώπων
398 3588 621 3642 λύεσθαι
660 3588 778 3660 ἅμα
802 3590 914 3652 τοῖς
942 3586 1211 3658 σώμασιν,
1242 3586 1432 3660 ῶσπερ
1455 3586 1550 3639 καὶ
1572 3600 1702 3655 συγ-

116 3681 421 3750 γεννᾶσθαι
462 3680 645 3743 αὐτοῖς
682 3678 911 3733 τίθεται·
944 3672 1083 3749 αἷμα
1110 3677 1219 3749 γὰρ
1248 3677 1419 3740 αὑτὰς
1445 3672 1606 3741 εἶναι,
1638 3669 1699 3731 οὗ

114 3774 343 3840 ἰξελθόν
355 3791 435 3838 τος
479 3773 513 3845 ἢ
548 3774 849 3844 τραπέντος
879 3770 1209 3826 ἀπόλλυσθαι
1236 3771 1356 3824 ὅλον
1378 3771 1466 3823 τὸν
1486 3770 1699 3841 ἀνθρω-

113 3884 246 3933 πον,
286 3859 329 3935 ᾧ
361 3865 644 3919 ἀκολουθεῖ
671 3867 805 3937 μήτε
851 3864 1061 3936 κρίσεις
1100 3859 1239 3917 εἶναι
1272 3865 1329 3916 ἐν
1361 3862 1509 3935 ᾅδου,
1561 3864 1697 3935 μήτε

109 3959 474 4029 δικαστήρια,
497 3958 571 4020 ὼς
589 3958 633 3989 δ’
668 3960 695 4011 ὅ
724 3975 775 4010 τι
801 3955 866 4010 ἂν
892 3957 1067 4030 δράσῃ
1096 3973 1179 4019 τις
1205 3958 1262 4009 ὲν
1293 3955 1369 4026 τῷ
1398 3954 1498 4025 βίῳ
1522 3954 1700 4027 τούτῳ

109 4053 214 4105 καὶ
255 4050 487 4120 διαλάθῃ
523 4050 813 4104 ἀνεύθυνον
853 4045 992 4103 εἶναι
1026 4048 1326 4112 παντελῶς.
1369 4046 1554 4110 υῦτως
1606 4043 1698 4101 οὖν

106 4145 215 4197 καὶ.
259 4142 482 4195 Ἐπίκου
492 4159 602 4213 ρος.

182 4235 286 4288 25.
333 4232 502 4300 Ἀλλη
533 4231 587 4283 δὲ
620 4231 831 4301 αἵρεσις
876 4228 1181 4298 φιλοσόφων
1224 4226 1427 4298 ἐκλήθη
1468 4226 1698 4298 Ἀκαδηο

107 4324 322 4395 μαῖκὴ,
350 4323 439 4377 διὰ
459 4323 518 4375 τὸ
541 4326 598 4376 ἐν
618 4326 681 4394 τῇ
727 4320 1032 4391 Ἀκαδημία
1061 4320 1159 4382 τὰς
1182 4317 1463 4389 διατριϐάς
1501 4318 1697 4380 αὐτοὺς

102 4413 416 4476 ποιεῖσθαι,
442 4407 713 4485 ὧν“ἀρξας
743 4415 771 4465 ὁ
795 4411 1049 4483 Πύρρων,
1077 4409 1168 4477 ἀφ’
1203 4403 1264 4462 οὗ
1293 4408 1629 4480 Πυρρώνειοι
1651 4408 1696 4439 ⁸³

99 4507 430 4578 ἐκλήθησαν
445 4506 744 4575 φιλόσοφοι,
766 4505 864 4576 τὴν
881 4503 1259 4573 ἀκαταληψίαν
1277 4502 1532 4555 ἁπάντων
1546 4501 1696 4572 πρῶ-

97 4618 200 4664 τος
228 4600 546 4669 εἰσήγαγεν,
569 4597 642 4660 ὡς
666 4598 962 4668 ἐπιχειρεῖν
982 4596 1081 4666 μὲν
1102 4596 1181 4657 εἰς
1202 4595 1457 4663 ἑκάτερα,
1480 4592 1557 4666 μὴ
1578 4592 1699 4663 μέν·

96 4710 189 4748 τοι
204 4689 607 4759 ἀποφαίνεσθαι
633 4689 817 4759 μηδὲν.
838 4687 1004 4741 Οὐδὲν
1025 4687 1132 4757 γὰρ
1153 4681 1290 4739 εἶναι
1309 4684 1431 4738 οὔτε
1451 4686 1556 4737 τῶν
1577 4702 1700 4754 νοη-

94 4785 220 4839 τῶν
240 4783 368 4837 οὕτε
384 4783 492 4835 τῶν
506 4780 776 4851 αἰσθητῶν
788 4779 1005 4849 ἀληθὲς,
1022 4778 1159 4832 ἀλλά
1170 4776 1344 4830 δοκεῖν
1359 4779 1471 4840 τοῖς
1488 4775 1586 4831 ἀνθ
1593 4776 1699 4846 ρώ-

96 4896 240 4942 ποις
265 4876 440 4940 οὖτως
468 4875 632 4945 ἔχειν.
677 4873 937 4943 Ῥευστήν
962 4888 1024 4924 τε
1057 4866 1198 4924 εἷναι
1238 4870 1338 4940 τὴν
1378 4870 1567 4922 οὐσίαν
1591 4869 1696 4921 πᾶ-

95 4988 213 5024 σαν
241 4968 345 5021 καὶ
383 4965 747 5039 μεταϐλητὴν,
778 4964 873 5018 καὶ
903 4964 1172 5035 μηδέποτε
1197 4965 1256 5016 ὲν
1286 4961 1365 5034 τῷ
1403 4959 1552 5031 αὑτῷ
1601 4960 1694 5031 μὲ-

92 5081 247 5120 νειν.
299 5065 361 5117 Οἱ
415 5064 513 5132 μὲν
573 5054 666 5113 οὖν
711 5056 820 5112 τῶν
875 5055 1301 5127 ’Ἀκαδημαϊκῶν
1349 5053 1566 5123 λέγουσι
1618 5051 1695 5123 μὴ

1805 1839 1912 1914 43
1952 1844 2113 1897 etiam
2151 1839 2315 1894 Deum
2346 1850 2402 1896 et
2438 1840 2705 1895 elementa
2739 1838 2755 1912 [
2781 1851 2830 1896 et
2881 1841 3111 1896 mundos
3137 1839 3154 1912 ]
3183 1852 3239 1895 et
3268 1848 3389 1910 qua:

1806 1942 1931 1989 sunt
1962 1936 2012 1987 in
2043 1935 2124 1987 eis
2148 1934 2329 1986 omnia
2362 1972 2377 1997 ,
2434 1943 2487 1986 et
2513 1934 2766 1986 animalia
2816 1943 2870 1985 et
2904 1934 3132 2002 reliqua,
3168 1940 3225 1986 υι
3256 1933 3388 1987 nihil

1809 2039 1984 2093 neque
2016 2023 2105 2077 iiat
2138 2038 2315 2091 neque
2365 2023 2674 2089 exstiterit,
2730 2023 2831 2078 nisi
2884 2025 3027 2091 quod
3076 2038 3141 2077 ex
3192 2026 3389 2077 atomis

1807 2126 1994 2170 natum
2028 2117 2116 2169 sit.
2169 2115 2397 2169 Atomos
2432 2122 2614 2169 autem
2660 2115 3034 2169 tenuissimum
3074 2124 3130 2168 et
3182 2112 3236 2167 itt
3279 2127 3388 2183 quo

1806 2220 1928 2260 esse
1956 2215 2188 2275 nequeat
2227 2219 2399 2271 neque
2440 2217 2712 2270 centrum,
2749 2221 2926 2273 neque
2961 2205 3177 2276 signum
3210 2244 3226 2270 ,
3286 2219 3389 2259 nec

1806 2295 2039 2364 denique
2063 2295 2257 2348 divisio
2281 2294 2381 2348 ulla
2406 2296 2544 2348 dixit
2572 2311 2714 2361 esse,
2744 2309 3078 2367 quapropter
3099 2307 3151 2351 et
3179 2306 3389 2351 atomos

1804 2400 1902 2441 eas
1935 2388 2166 2440 vocavit.
2212 2386 2377 2441 Deum
2404 2399 2582 2442 autem
2612 2404 2903 2457 perennem
2935 2400 2989 2441 et
3024 2388 3386 2445 immortalem

1804 2478 2090 2531 confessus
2133 2491 2255 2532 esse
2295 2477 2428 2531 dicit
2464 2478 2665 2532 nullius
2718 2479 2792 2531 rei
2844 2479 3234 2547 providentiam
3286 2479 3386 2533 lia-

1804 2569 1956 2634 bere,
1988 2583 2167 2637 neque
2198 2569 2421 2623 omnino
2455 2582 2577 2623 esse
2606 2570 3000 2639 providentiam
3043 2586 3143 2625 nec
3192 2569 3384 2637 fatum,

1804 2661 1900 2719 sed
1930 2662 2113 2715 omnia
2144 2659 2366 2716 fortuito
2399 2661 2541 2716 lieri.
2569 2660 2871 2717 Considere
2920 2664 3065 2717 enim
3111 2664 3276 2718 Deum
3330 2663 3385 2717 in

1804 2755 1963 2817 locis,
1999 2769 2121 2824 quae
2157 2754 2521 2810 intermundia
2555 2755 2824 2824 appellat;
2858 2766 3010 2809 extra
3042 2755 3188 2810 enim
3225 2773 3387 2811 mun-

1804 2847 1929 2902 dum
1966 2848 2235 2918 quoddam
2274 2844 2363 2900 Dei
2401 2846 2771 2901 habitacnltnu
2820 2862 2942 2902 esse
2985 2847 3174 2902 statuit
3211 2861 3389 2918 eaque

1804 2938 2169 2994 intermundia
2192 2940 2398 3006 vocari,
2418 2941 2699 3009 laetarique
2714 2950 2769 2994 et
2785 2941 3123 3009 requiescere
3143 2939 3194 2993 iu
3213 2951 3390 2994 extre-

1807 3047 1890 3085 tua
1926 3030 2194 3086 hilaritate
2217 3071 2234 3099 ,
2271 3046 2446 3101 neque
2482 3032 2654 3100 ipsum
2690 3030 2774 3085 vel
2807 3032 3008 3085 habere
3049 3031 3261 3101 negotia
3298 3033 3385 3086 vel

1810 3120 2054 3192 praebere
2092 3122 2235 3176 aliis.
2280 3120 2488 3189 Quibus
2521 3134 2942 3178 consentaneam
2988 3132 3044 3177 et
3070 3124 3136 3178 de
3164 3124 3386 3193 sapien-

1811 3214 1954 3269 tibus
2013 3212 2324 3268 hominibus
2377 3214 2617 3269 instituit
2677 3215 3140 3283 disputationem,
3196 3216 3387 3272 dicens

1809 3303 1971 3359 linem
2009 3305 2292 3374 sapientia:
2324 3319 2446 3360 esse
2474 3304 2829 3375 Voluptatem.
2870 3305 2974 3359 Alii
3007 3315 3191 3360 autem
3227 3306 3387 3361 aliter

1806 3408 1994 3451 vocem
2028 3394 2320 3463 voluptatis
2351 3395 2688 3463 interpretati
2716 3402 2881 3460 sunt;
2913 3393 3006 3448 alii
3052 3393 3197 3447 enim
3229 3393 3390 3448 intel-

1805 3487 2058 3542 lexerunt
2106 3486 2469 3554 cupiditates,
2519 3485 2611 3541 alii
2642 3495 2822 3539 autem
2861 3499 2983 3538 eam
3028 3482 3381 3552 voluptatem,

1805 3594 1968 3650 quam
2001 3578 2164 3633 habet
2206 3578 2399 3632 virtus.
2440 3577 2667 3630 Animas
2716 3586 2897 3630 autem
2933 3575 3212 3631 hominum
3246 3575 3385 3631 solvi

1804 3671 2104 3728 simulcum
2130 3670 2470 3740 corporibus,
2499 3668 2656 3723 sicuti
2678 3668 2842 3723 etiam
2870 3683 2975 3723 una
3001 3668 3142 3738 gigni
3166 3667 3383 3733 statuit,

1805 3763 2120 3832 sanguinem
2151 3762 2297 3816 enim
2328 3776 2424 3816 eas
2458 3775 2601 3824 esse,
2636 3775 2746 3831 quo
2775 3775 2995 3828 egresso
3024 3770 3120 3815 aut
3167 3772 3379 3817 umtato

1806 3854 2029 3910 interire
2063 3862 2232 3907 totum
2267 3851 2563 3917 hominem,
2585 3850 3083 3906 cuicousectarium
3113 3852 3383 3922 est,quod

1805 3947 1948 4006 nulla
1989 3960 2111 4000 esse
2136 3943 2549 4019 statuitjudicia
2593 3944 2643 3996 in
2684 3940 2827 3998 Orco
2865 3957 3041 4013 neque
3071 3943 3383 4009 tribunalia,

1806 4049 1885 4106 ut,
1919 4037 2183 4109 quidquid
2206 4035 2540 4090 commiserit
2567 4034 2837 4105 quispiam
2874 4036 2931 4090 in
2963 4038 3061 4092 hac
3091 4038 3198 4092 vita
3225 4047 3273 4092 et
3302 4037 3384 4092 la-

1806 4132 1990 4195 ttterit,
2024 4130 2180 4200 plane
2216 4129 2434 4199 impune
2478 4127 2551 4181 illi
2584 4128 2673 4181 sit.
2718 4126 2794 4181 Ita
2820 4128 2987 4197 igitur
3012 4138 3064 4183 et
3095 4127 3381 4199 Epicurus.

1878 4225 2001 4278 Alia
2033 4222 2215 4278 schola
2254 4220 2699 4290 philosophorum
2744 4231 2931 4273 vet-aia
2979 4227 3062 4272 est
3098 4220 3381 4274 Academi-

1802 4330 2014 4382 corum,
2046 4314 2170 4384 quia
2204 4312 2257 4366 in
2287 4310 2578 4365 Academia
2631 4311 3071 4364 conversationes
3099 4310 3381 4366 instituere

1730 4442 1772 4496 ι)
1803 4409 2052 4464 solebant
2080 4446 2095 4471 ,
2142 4420 2374 4476 quorum
2408 4405 2515 4458 dux
2548 4403 2638 4473 qui
2671 4404 2884 4457 exstitit
2922 4402 3131 4474 Pyrrho
3157 4444 3172 4469 ,
3202 4420 3232 4458 a
3273 4419 3381 4474 quo

1804 4500 2101 4572 Pyrrhonei
2132 4499 2306 4552 vocati
2346 4505 2475 4550 sunt
2500 4495 2821 4565 philosophi.
2865 4496 3381 4564 ineomprehensibi-

1804 4593 2011 4648 litatent
2038 4592 2279 4646 omnium
2310 4590 2519 4660 prinms
2552 4588 2885 4650 introduxit,
2912 4598 2968 4641 ttt
2993 4589 3381 4659 aggrediantur

1804 4685 2023 4755 quidem
2066 4685 2117 4737 in
2169 4693 2457 4752 utramque
2490 4691 2735 4749 partem,
2787 4697 2891 4733 non
2947 4696 3073 4735 vero
3117 4680 3380 4735 deﬁniant

1803 4778 2122 4849 quidquam.
2152 4775 2293 4829 Nihil
2316 4775 2458 4828 enim
2474 4787 2595 4827 esse
2619 4788 2792 4842 neque
2811 4772 3375 4841 comprehensibilium

1804 4883 1978 4938 neque
2005 4866 2340 4921 sensibilium
2383 4879 2592 4929 verum,
2635 4864 2729 4918 sed
2763 4863 2930 4918 videri
2964 4864 3275 4919 hominibus
3302 4864 3375 4919 ita

1801 4975 1942 5024 esse,
1976 4960 2303 5029 ﬂuidumque
2340 4973 2462 5013 esse
2489 4959 2772 5012 materiem
2799 4973 3014 5011 onmem
3044 4966 3098 5013 et
3141 4957 3377 5012 mutabi-

1801 5052 1904 5107 lem
1950 5068 2048 5107 nee
2082 5067 2318 5121 unquam
2373 5051 2427 5105 in
2482 5050 2671 5105 eodem
2723 5049 2841 5102 loco
2869 5063 3207 5119 permanere.
3256 5046 3376 5104 Jam

1375 5218 1612 5276 VARle
1656 5217 2066 5274 LECTIONES.

172 5341 228 5373 ³³
265 5337 586 5408 ἐμπύρωσιν
625 5335 691 5391 0.

776 5336 824 5369 ³⁸
855 5336 1124 5406 κάθαρσιν
1156 5335 1471 5406 Βορῃρτιιςς
1510 5335 1808 5406 καθάρσιον
1841 5334 2018 5403 vulgo.
2092 5336 2136 5367 ³³
2174 5336 2272 5403 μὲν
2314 5336 2532 5405 χωρεῖν.
2579 5332 2672 5406 μὴΔ
2700 5334 2895 5406 χωρεῖν
2940 5329 3117 5406 vulgo.
3159 5327 3377 5406 h"_:iva't-_'

90 5398 310 5469 κλασιν
351 5398 429 5462 ΙΙ.’
459 5406 743 5471 Ritterus;
772 5398 1067 5460 ἀνάστασιν
1100 5398 1293 5470 vulgo;
1340 5398 1671 5458 ἀντίστασιν
1701 5398 1997 5458 Sahinius.
2077 5407 2121 5437 ³³
2154 5398 2429 5472 lini-peros
2473 5421 2524 5471 p.
2573 5398 3379 5472 6‘16"addoctrinamEpicuri

88 5491 479 5549 congruenter
512 5469 881 5549 ita_scriptni_n
915 5476 1073 5549 inalit
1105 5493 1118 5528 :
1156 5475 1250 5529 καὶ
1279 5472 1629 5549 τὰστοιχεῖα,
1654 5476 1749 5549 καξι
1778 5476 1907 5549 τους
1938 5469 2319 5549 κόσμουςικαὶ
2338 5474 2417 5549 τὰΔ
2438 5469 2495 5526 ὲν
2519 5475 2701 5549 αὐτοῖς
2728 5470 2925 5549 πάντα.
3076 5469 3257 5549 πάν-τα
3284 5469 3375 5549 καὶ

88 5544 248 5607 ante?
275 5548 391 5613 ζῶα
423 5564 533 5601 om.
566 5546 631 5599 Τ.
709 5547 751 5579 ³⁷
776 5546 862 5614 ἐφ’
915 5546 1227 5614 Roeperus;
1278 5544 1395 5613 μεθ’
1426 5548 1623 5614 _vulgo.

1704 5546 1749 5579 ³⁸
1783 5538 2143 5612 καλουμένοις
2185 5544 2521 5601 Gronovius:
2576 5540 2911 5611 καλουμένου
2964 5540 3111 5612 libri.
3177 5540 3221 5572 ”
3250 5538 3395 5612 aii-rs

566 5547 631 5599 T.
709 5547 799 5597 ³⁷ὲ

98 5564 236 5606 ante
275 5562 391 5613 ςωα
423 5564 533 5601 om.
567 5562 631 5599 νιν.
709 5562 747 5579 οι
776 5563 799 5597 ε
852 5562 859 5566 ’
915 5562 1227 5614 ttoeperus;
1278 5562 1393 5613 μευ
1444 5562 1623 5611 volgo.
1704 5562 1749 5579 οη
1783 5562 2143 5612 καλουμενοις
2185 5562 2521 5601 brutluvms:
2576 5562 2911 5611 καλουμενου
2968 5562 3111 5594 non.
3177 5562 3220 5572 --
3250 5562 3374 5591 ουτε

98 5620 287 5677 αὑτὸν
322 5620 556 5688 πρᾶγμα
583 5616 748 5687 ἔχειν,
771 5562 899 5688 οἵτε
928 5615 1071 5688 alia?
1097 5616 1358 5686 παρέχειν
1378 5631 1397 5688 f
1418 5607 1463 5683 ᾧ
1481 5614 1791 5688 Δἀκόλουθον
1821 5615 1886 5669 Τ.
1933 5616 1984 5688 ζθ
2012 5614 2564 5688 τῆς-σοφίαςλαὲτοῖς
2705 5613 2746 5643 δ’
2780 5611 3114 5688 κατενόησαν
3140 5640 3208 5651 -—
3230 5609 3375 5664 κατὰ

88 5692 246 5760 ἔθνη
281 5685 437 5759 vulgo
452 5685 491 5757 ⁷;”
507 5685 643 5742 κατ”
668 5686 921 5757 αἴσθησιν
973 5685 1272 5757 Roeperus.

1374 5677 1541 5749 ne;
1581 5683 1891 5757 Roeperus;
1926 5677 2001 5741 ὧν
2054 5677 2229 5753 vulgo}

2334 5683 2380 5717 “
2414 5681 2722 5755 Πυρρώνιοι
2779 5682 2958 5751 vulgo.
