3826 6218
74 262 79 269 ’
140 284 263 347 3067

1168 289 1465 351 CONTRA
1504 292 1873 355 HERESES
1915 296 2061 355 LIB.
2108 300 2204 358 IV.

3241 300 3389 359 3068

141 389 366 461 ἁκριὸῶς
382 389 443 445 οὗ
458 390 744 465 δυνήσεται
762 394 962 465 λέγειν,
1014 396 1063 450 sl
1107 395 1182 469 [ὁ]
1199 397 1343 452 κατά
1366 397 1459 452 τὸν
1476 398 1640 451 αὑτὸν
1657 400 1697 430 ¹¹

1808 416 1929 456 cum
1958 404 2138 457 minus
2157 416 2471 460 accuratum
2501 408 2761 461 natalium
2785 416 2997 478 tempus
3021 406 3377 461 sumetChal-

140 484 312 554 χρόνον
358 485 641 555 γεννηθεὶς
688 487 1002 561 εύτυχήσει.
1034 490 1232 544 Πολλοὶ
1261 490 1394 561 γοῦν
1435 491 1582 546 κατά
1610 492 1703 546 τὸν

138 572 289 629 αὐτὸν
341 577 533 649 χρόνον
565 579 612 613 ⁸³
648 581 1003 652 γεννηθέντες
1042 582 1089 615 ³⁵
1114 583 1488 655 ἐδυστύχησαν
1516 627 1530 651 ,
1562 585 1704 639 ὥστε

141 668 331 738 ματαία
351 670 447 724 καὶ
483 673 517 743 ἡ
543 671 686 726 κατά
706 674 774 727 τὰ
788 674 1092 746 διαθέματα
1111 677 1390 748 ὁμοιότης.
1421 678 1706 750 Διαφόρως

138 755 225 813 οὖν
262 760 302 793 ⁸³
336 761 432 815 καὶ
456 763 813 837 πολυτρόπως
849 767 949 838 τὴν
988 770 1351 839 ματαιόπονον
1385 771 1577 842 σκέψιν
1596 772 1705 827 τῶν

137 847 405 907 Χαλδαίων
457 854 832 925 διελέγξαντες
886 860 1007 915 οὐδὲ
1048 862 1209 917 τοῦτο
1264 864 1703 935 παραλείψομεν,

98 1000 106 1026 ι
137 942 208 1008 ὡς
236 946 313 1009 εἰς
351 946 555 1019 ἄπορον
611 954 953 1022 χωρήσουσιν
991 955 1049 1008 αἱ
1106 957 1441 1028 προρρήσεις
1497 958 1701 1022 αὐτοῖς.

92 1092 103 1131 θ
138 1038 197 1091 El
218 1038 319 1111 γὰρ
344 1041 438 1095 τὸν
461 1042 523 1097 ὲν
578 1046 643 1116 τῇ
703 1045 847 1098 ἀκίδι
889 1046 985 1101 τοῦ
1017 1049 1062 1082 ⁸⁸
1092 1049 1323 1115 Τοξότου
1351 1052 1701 1125 γεννηθέντα.

135 1131 205 1194 ὡς
237 1134 283 1184 οἱ
314 1132 687 1206 μαθηματικοὶ
728 1136 1003 1207 λέγουσιν,
1052 1142 1267 1213 ἀνάγκη
1298 1146 1703 1215 σφαγήσεσθαι,

137 1219 247 1284 πῶς
273 1224 328 1276 αἱ
358 1224 622 1281 τοσαῦται
654 1227 765 1281 τῶν
796 1229 1092 1304 βαρϐάρων
1144 1236 1407 1306 μυριάδες
1434 1236 1700 1304 ἀγωνιζό-

139 1333 287 1385 μεναι
313 1318 356 1350 ίτ
390 1318 525 1389 πρὸς
546 1321 673 1385 τοὺς
697 1322 742 1355 ⁸⁸
763 1324 1027 1396 Ἕλληνας
1048 1327 1105 1379 ὲν
1135 1328 1436 1398 Μαραθῶνι
1468 1329 1500 1400 ἢ
1543 1329 1708 1385 Σαλα-

137 1409 246 1477 μῖνι
290 1409 333 1441 ¹⁹
390 1410 479 1480 ὑφ’
531 1410 590 1465 ἓν
644 1416 1101 1486 κατεσφάγησαν;
1157 1419 1231 1471 Ού
1278 1418 1388 1490 γάρ
1412 1419 1475 1491 δή
1508 1436 1573 1489 γε
1613 1422 1705 1474 ἐπὶ

134 1498 316 1554 πασῶν
342 1501 387 1531 ³⁸
414 1504 443 1555 6
469 1502 630 1568 αὐτὸς
681 1507 723 1537 ’⁸
775 1502 845 1577 ἦν
866 1508 1204 1579 ὡροσκόπος.
1240 1512 1350 1564 Καὶ
1378 1511 1539 1566 πάλιν
1571 1513 1621 1566 εἰ
1658 1515 1704 1545 ³³

132 1589 219 1641 τὸν
242 1591 298 1642 ὲν
322 1592 386 1661 τῇ
420 1590 602 1666 κάλπῃ
624 1592 719 1647 τοῦ
777 1595 1061 1668 ’Υδροχόου
1114 1599 1444 1671 γεννηθέντα
1464 1606 1703 1673 ναυαγή-

134 1694 244 1731 σειν
266 1678 331 1742 ’³,
360 1679 480 1744 πῶς
510 1682 561 1735 οἱ
602 1682 650 1714 ⁸⁸
703 1684 813 1738 ἀπὸ
864 1686 1066 1757 Τροίας
1118 1689 1446 1760 ἀναγόμενοι
1497 1693 1541 1723 ’⁸
1592 1692 1701 1746 τῶν

1806 489 1975 555 dteus,
2027 503 2282 549 accurate
2326 504 2558 563 nequeat
2607 496 2813 561 dicere,
2864 510 2991 548 num
3039 496 3141 565 qui'
3185 495 3375 550 eodem

1806 591 2051 653 tempore
2108 596 2269 642 natus
2322 596 2404 642 est
2456 603 2718 657 prospera
2773 604 2971 644 usurus
3025 590 3097 643 sit
3138 589 3379 642 fortuna.

1805 674 1958 730 Multi
1990 688 2139 732 certe
2175 693 2270 748 per
2309 680 2450 734 idem
2503 691 2709 750 tempus
2749 681 2859 735 nati
2898 680 3125 735 adversa
3165 678 3381 733 fortuna

1806 779 1933 823 sunt
1979 770 2306 834 conflictati,
2351 774 2494 825 unde
2536 780 2764 842 apparet
2799 787 2991 825 vanam
3046 785 3169 825 esse
3217 772 3381 825 etiam

1805 861 2225 917 similitudinem
2277 863 2576 918 secundum
2643 864 3027 932 disposituras.
3094 862 3381 917 Confutata

1806 952 1975 1023 igitur
2004 955 2238 1008 diversis
2263 953 2565 1009 rationibus
2593 954 2884 1022 multisque
2915 953 3091 1007 modis
3124 954 3267 1006 ittatti
3299 967 3383 1005 se-

1806 1043 2032 1097 dulitate
2060 1042 2436 1099 Chaldmorum
2472 1059 2539 1099 ne
2573 1044 2676 1099 hoc
2715 1043 2934 1113 quidem
2993 1042 3381 1111 praetermitte-

1809 1152 1947 1199 uuts,
1981 1136 2359 1205 pratdictioues
2387 1151 2575 1192 eorum
2602 1136 3010 1206 inexplicabiles
3041 1134 3385 1189 dillicultates

1808 1227 2029 1282 habere.
2074 1226 2130 1281 Si
2158 1226 2326 1291 enim,
2359 1239 2418 1281 ut
2450 1228 2825 1283 mathematici
2860 1229 3069 1291 dicunt,
3108 1242 3256 1290 eum,
3291 1226 3380 1293 qui

1805 1330 1890 1373 est
1936 1321 2037 1374 sub
2076 1321 2300 1389 cuspide
2344 1321 2623 1391 Sagittarii
2672 1330 2853 1386 natus,
2903 1321 3175 1390 oportebit
3224 1319 3383 1389 jugu-

1806 1408 1928 1471 Iari,
1945 1412 2215 1479 quomodo
2237 1411 2455 1465 tandem
2479 1420 2557 1465 tot
2572 1410 2926 1467 barbarorum
2950 1411 3241 1482 myriades,
3264 1426 3375 1479 qua

1804 1511 2153 1556 certaverunt
2185 1518 2306 1558 cum
2336 1502 2544 1558 Graecis
2574 1505 2641 1558 ad
2668 1504 3051 1559 Marathonem
3083 1504 3165 1559 vel
3192 1502 3256 1556 ad
3290 1502 3385 1557 Sa-

1806 1593 2086 1657 laminem,
2118 1593 2277 1648 simul
2304 1592 2535 1662 jugulati
2571 1594 2735 1650 sunt?
2780 1591 2898 1648 Non
2946 1595 3092 1649 enim
3138 1592 3386 1664 profecto

1804 1686 2061 1741 omnibus
2089 1686 2232 1741 idem
2256 1687 2590 1755 horoscopus
2623 1686 2824 1741 illuxit.
2848 1687 2913 1741 Et
2940 1702 3127 1742 rursus
3160 1688 3204 1742 si
3233 1702 3380 1752 eum,

143 1769 405 1842 Ἐλλήνων
422 1774 550 1846 περὶ
582 1775 651 1829 τὰ
704 1777 860 1831 κοῖλα
908 1780 1007 1850 τῆς
1042 1781 1278 1847 Εὐϐοίας
1323 1801 1697 1853 συγκατεπον-

1808 1781 1897 1849 qui
1923 1779 2023 1833 sub
2043 1778 2203 1833 situla
2238 1780 2462 1847 Aquarii
2491 1787 2648 1833 natus
2672 1791 2776 1845 est,
2808 1777 3093 1849 naufragio
3118 1778 3193 1831 uti
3217 1793 3380 1847 opor-

128 1859 427 1933 τισθησαν;
493 1865 783 1923 Ἀπίθανον
830 1870 940 1941 γὰρ
1000 1873 1209 1937 πάντας
1268 1877 1468 1947 μακρῷ
1527 1878 1705 1950 χρόνῳ

129 1952 474 2026 διαφέροντας
502 1958 749 2031 ἀλλήλων
785 1963 842 2016 ἐν
866 1966 934 2035 τῇ
961 1964 1147 2038 κάλπη
1174 1967 1219 1998 ⁸⁸
1266 1967 1361 2021 τοῦ
1417 1968 1703 2043 Ὑδροχόου

128 2047 507 2117 γεγεννῆσθαι.
550 2050 624 2103 Ού
672 2052 783 2123 γὰρ
833 2052 947 2107 ἐστι
969 2054 1148 2124 λέγειν
1179 2058 1261 2111 ὅτι
1309 2059 1378 2113 δι’
1422 2060 1518 2114 ἕνα
1574 2062 1703 2116 πολ-

127 2135 301 2200 λάκις,
332 2134 410 2209 [ρ.
435 2138 628 2211 42-44]
660 2135 705 2210 ᾧ
740 2143 1003 2215 εἵμαρται
1043 2147 1187 2202 κατά
1225 2148 1463 2218 πέλαγος
1493 2151 1705 2222 φθαρῆ-

127 2244 234 2292 ναι,
264 2229 461 2295 πάντες
482 2232 533 2285 οἱ
558 2233 618 2285 ὲν
647 2236 715 2305 τῇ
745 2235 833 2307 νηῒ
864 2238 1292 2295 συναπολοῦνται
1320 2243 1387 2296 ³⁷.
1416 2244 1569 2297 Διατί
1592 2246 1702 2317 γὰρ

128 2318 159 2387 ἡ
211 2318 402 2374 τούτου
457 2324 763 2397 εἱμαρμένη
809 2326 907 2391 τὰς
963 2329 1184 2385 πάντων
1222 2334 1383 2404 νικᾷ,
1422 2333 1538 2387 ἀλλ’
1581 2336 1703 2406 οὐχὶ

124 2407 213 2461 διὰ
237 2408 324 2462 τὸν
357 2411 404 2442 ’⁸
434 2412 554 2476 ἕνα,
579 2406 625 2481 ᾧ
648 2414 907 2489 εἵμαρται
936 2419 1030 2474 ἐπὶ
1055 2420 1160 2492 γῆς
1182 2422 1463 2496 τελευτᾷν,
1497 2426 1701 2492 πάντες

128 2501 523 2575 περισὼζονται
546 2523 562 2572 ;

195 2779 249 2835 6.
287 2781 426 2835 Ἀλλ’
450 2783 572 2837 ἐπεὶ
615 2787 711 2840 καὶ
746 2788 877 2861 περὶ
906 2790 1003 2860 τῆς
1032 2791 1141 2845 τῶν
1182 2790 1390 2857 ζωδίων
1419 2797 1699 2868 ἐνεργείας

118 2869 281 2938 λόγον
310 2873 613 2941 ποιοῦνται,
652 2871 735 2941 οἷς
784 2895 915 2948 φασι
946 2884 1415 2953 προσομοιοῦσθαι
1465 2889 1534 2941 τὰ
1559 2889 1699 2943 ἀπο-

117 2962 439 3035 τικτόμενα,
479 2966 601 3020 οὐδὲ
641 2968 831 3025 τοῦτον
875 2973 1320 3045 παραλείψομεν,
1376 2972 1491 3031 οἷον
1512 2980 1603 3033 τὸν
1639 2982 1699 3035 ὲν

118 3053 313 3110 Λέοντι
346 3054 675 3126 γεννηθέντα
700 3059 942 3131 ἀνδρεῖον
975 3060 1228 3118 ἔσεσθαιο
1266 3066 1296 3118 6
1340 3066 1397 3119 δὲ
1450 3069 1509 3120 ὲν
1553 3070 1698 3140 Παρ-

119 3142 264 3215 θένῳ
298 3120 699 3218 τετανόθριξ,¹¹⁹
752 3120 1062 3224 λευκόχρως
1080 3154 1146 3219 ³ο,
1185 3157 1376 3222 ἄπαις,
1425 3120 1694 3229 αἰδήμων.
1725 3120 1771 3182 C

116 3235 309 3290 Ταῦτα
340 3238 396 3291 δὲ
420 3241 514 3294 καὶ
540 3240 611 3295 τὰ
631 3242 840 3305 τούτοις
886 3246 1046 3315 ὃμοια
1076 3248 1311 3315 γέλωτός
1333 3250 1449 3303 ἐστι
1496 3252 1700 3322 μᾶλλον

114 3326 251 3392 ἀξια
280 3330 375 3382 καὶ
404 3330 466 3383 οὐ
482 3332 527 3363 ³⁸
570 3333 829 3404 σπουδῆς.
868 3336 1025 3390 Ἐστι
1057 3338 1167 3408 γὰρ
1211 3341 1331 3394 κατ’
1372 3342 1569 3407 αὐτοὺς
1596 3361 1701 3416 μη-

112 3420 248 3474 δένα
285 3422 516 3479 Αἰθίοπα
546 3426 604 3479 ὲν
633 3426 896 3500 Παρθένῳ
932 3432 1260 3498 γεννᾶσθαιυ
1289 3435 1338 3486 εἰ
1363 3434 1409 3488 δ’
1457 3434 1540 3500 οὒ,
1591 3438 1698 3492 δώ-

114 3528 205 3565 σει
237 3509 481 3587 [εἷναι]³²
527 3516 621 3570 τὸν
652 3519 891 3573 τοιοῦτον
933 3522 1146 3587 λευκὸν,
1214 3526 1567 3598 τετανότριχα
1605 3531 1699 3583 καὶ

109 3606 187 3658 τὰ
217 3605 400 3677 ἔτερα.
425 3603 593 3679 Οἶμαι
619 3609 675 3663 δὲ
711 3611 910 3682 μᾶλλον
929 3614 1056 3679 τοὺς
1082 3616 1343 3687 ἀρχαίους
1366 3617 1480 3691 [τὰ]
1503 3620 1548 3651 ³³
1578 3622 1696 3675 ὀνό-

112 3713 272 3763 ματα
325 3696 435 3751 τῶν
476 3700 744 3772 κειμένων
791 3703 948 3767 ζώων
996 3708 1091 3761 ἐπὶ
1134 3709 1354 3779 κλητοῖς
1375 3712 1420 3743 ³⁸
1475 3713 1698 3785 ἄστροις

109 3788 567 3863 προσ-τεθεικέναι
610 3794 936 3861 οἰκειώσεως
961 3800 1141 3872 χάριν,
1189 3803 1288 3872 οὐχ
1335 3805 1697 3875 ὁμοιοτρόπου

105 3881 339 3950 φύσεως
364 3900 379 3915 ⁸
411 3886 464 3939 τί
484 3886 593 3958 γὰρ
623 3888 837 3959 ἔχουσιν
869 3893 1054 3964 ὅμοιον
1084 3895 1271 3967 ἄρκτῳ
1289 3896 1334 3929 ³⁸
1357 3898 1408 3951 οἱ
1436 3899 1576 3952 ἑπτὰ
1595 3902 1697 3954 ἀσ·

97 3974 276 4067 τέρες
301 3977 593 4045 διεστῶτες
628 3983 724 4038 ἀπ’
766 3984 1050 4055 ἀλλήλων;
1080 3988 1114 4059 ἢ
1153 3988 1449 4061 δράκοντος
1479 3995 1690 4067 κεφαλῇ

96 4068 183 4132 οἱ,
218 4066 298 4133 ὥς
318 4087 484 4143 φησιν
511 4074 540 4126 ό
570 4075 825 4147 Ἄρατος,
862 4078 1025 4133 πέντε
1050 4080 1130 4145 ³⁶;

108 4273 321 4329 Ἀλλὰ
339 4274 450 4332 δύο
469 4278 515 4311 ³⁷
558 4279 896 4351 κροτάφοις,
954 4283 1064 4340 δύο
1119 4286 1172 4340 δ’
1210 4285 1613 4380 baptizata-ask
1641 4289 1689 4343 δ’

1237 4358 1590 4430 [ὑπένερθεν

107 4416 457 4487 Ἐσχατιὴν
484 4419 688 4490 ἐπέχει
700 4421 745 4453 ³⁸
774 4422 993 4492 γένυος
1023 4425 1247 4482 δεινοῖο
1283 4428 1582 4498 πελώρου.

179 4530 239 4583 7.
273 4528 462 4596 Οὕτως
478 4531 523 4565 ³⁹
572 4534 667 4588 καὶ
701 4536 874 4590 ταῦτα
905 4538 1005 4592 ούκ
1049 4539 1177 4608 ἄξια
1216 4542 1470 4597 τοσούτου
1525 4547 1690 4600 πόνου

80 4622 392 4677 δείκνυται
420 4625 532 4690 τοῖς
555 4623 616 4681 εὖ
637 4631 853 4700 φρονεῖν
883 4634 1289 4703 προῃρημένοις
1315 4636 1408 4688 καὶ
1431 4635 1506 4707 μὴ
1526 4655 1696 4709 προσ-

80 4712 304 4783 έχουσι
360 4716 426 4786 τῇ
504 4716 611 4771 τῶν
671 4718 953 4775 Χαλδαίων
1009 4722 1442 4792 ὲμφυσιὼσει,οἳ
1474 4726 1569 4777 καὶ
1598 4725 1691 4794 βα-

83 4806 288 4871 σιλεῖς
322 4807 707 4878 ὲξαφανίζουσι
736 4812 939 4867 δειλίαν
973 4814 1392 4883 καταρτίζοντες
1423 4817 1518 4871 καὶ
1546 4816 1691 4870 ἰδιώ-

79 4915 211 4963 τας
250 4900 735 4973 παραθαρρύνουσι
772 4905 983 4975 μεγάλα
999 4906 1223 4979 τολμᾷν.
1256 4909 1320 4963 Εἰ
1342 4908 1399 4963 δὲ
1426 4908 1690 4979 ἀποτύχοι

1808 1868 1961 1932 tehit,
1994 1870 2266 1937 quomodo
2292 1868 2608 1923 Grmcorum
2644 1869 2700 1933 ii,
2735 1868 2827 1938 qui
2864 1867 3025 1936 Troja
3073 1870 3377 1931 redierunt,

1802 1964 1944 2017 circa
1976 1977 2104 2016 cava
2132 1961 2349 2017 Euboea:
2379 1978 2483 2015 ttna
2519 1962 2571 2015 itt
2620 1976 2770 2016 mare
2798 1962 3030 2017 demersi
3073 1961 3242 2016 sunt?
3274 1961 3380 2015 Im-

1804 2054 2080 2123 probabile
2110 2054 2253 2108 enim
2291 2063 2377 2109 est
2401 2070 2591 2109 omnes
2620 2070 2813 2123 magno
2850 2054 3025 2124 spatio
3060 2055 3319 2123 temporis
3349 2070 3379 2107 a

1803 2162 1863 2202 se
1892 2148 2154 2202 distantes
2177 2148 2279 2202 sub
2307 2148 2467 2201 situla
2492 2146 2718 2217 Aquarii
2752 2157 2903 2201 natos
2920 2161 3060 2203 esse.
3092 2145 3208 2202 Non
3235 2147 3379 2200 enim

1802 2242 1928 2296 licet
1960 2242 2141 2296 dicere
2173 2248 2394 2310 propter
2417 2254 2582 2293 unum
2613 2238 2859 2311 62-63
2898 2254 3060 2305 Saepe,
3094 2239 3180 2294 cui
3216 2238 3379 2292 fatale

1801 2342 1886 2389 est
1930 2334 1981 2388 in
2032 2348 2184 2409 mare
2232 2331 2499 2401 demergi,
2528 2346 2744 2395 omnes,
2792 2330 2881 2400 qui
2914 2333 3101 2385 eadem
3138 2332 3257 2384 navi
3286 2346 3379 2384 ve-

1802 2428 2023 2488 huntur,
2069 2440 2176 2479 una
2210 2425 2518 2480 demersum
2552 2425 2644 2478 iri.
2685 2424 2798 2477 Cur
2841 2424 2986 2479 enim
3025 2424 3183 2492 hujus
3212 2423 3377 2475 fatum

1801 2519 2132 2586 reliquorum
2182 2518 2423 2572 omnium
2488 2517 2594 2570 fata
2659 2518 2843 2580 vincit,
2881 2525 2936 2569 et
2996 2532 3101 2568 non
3161 2525 3379 2584 propter

1801 2625 1989 2672 unum,
2022 2610 2109 2664 cui
2157 2607 2323 2663 fatale
2370 2609 2540 2663 estin
2576 2618 2721 2663 terra
2760 2609 2921 2673 muri,
2954 2608 3144 2677 reliqui
3192 2622 3381 2661 omnes

1799 2701 2242 2756 conservantur?

1871 2792 1924 2848 6.
1956 2791 2063 2846 Sed
2088 2791 2345 2861 quoniam
2367 2801 2424 2847 et
2457 2793 2525 2846 de
2555 2793 2835 2861 signorum
2868 2799 3136 2860 potestate
3166 2805 3379 2845 sermo-

1800 2901 1924 2939 nem
1968 2886 2258 2939 instituunt
2289 2924 2307 2948 ,
2358 2884 2554 2953 quibus
2600 2887 2751 2939 aiunt
2788 2882 3083 2938 assitnilari
3118 2899 3237 2952 quae
3279 2899 3379 2936 ua-

1799 2988 2049 3042 scuntur,
2073 2993 2139 3032 ne
2162 2977 2304 3031 hunc
2331 2978 2545 3046 quidem
2578 2978 2907 3039 omittemus,
2940 2975 3129 3039 veluti,
3162 2976 3252 3045 qui
3280 2976 3382 3031 sub

1804 3068 1984 3124 Leone
2013 3079 2171 3123 natus
2200 3070 2307 3124 erit
2338 3068 2534 3124 fortem
2584 3069 2734 3137 fore;
2760 3068 2854 3139 qui
2888 3079 3069 3123 autem
3115 3068 3217 3122 sub
3254 3066 3378 3121 Vir-

1806 3164 1932 3234 gine
1963 3164 2246 3232 promissis
2278 3162 2512 3230 capillis,
2556 3162 2788 3216 candida
2833 3160 2993 3224 facie,
3021 3174 3211 3214 carens
3245 3159 3383 3214 libe-

1809 3255 2281 3319 ris,verecuutlus.
2312 3253 2436 3308 flare
2467 3264 2647 3308 autem
2681 3254 2982 3322 horumque
3026 3251 3222 3307 similia
3268 3252 3379 3306 risu

1808 3348 1988 3416 potius
2015 3346 2174 3415 digna
2223 3356 2279 3400 et
2308 3362 2414 3399 non
2453 3345 2655 3400 studio.
2691 3343 2835 3398 Fieri
2869 3343 3014 3396 enim
3045 3356 3110 3396 ex
3152 3342 3380 3396 istorum

1808 3439 2015 3493 ratione
2066 3439 2275 3508 nequit,
2323 3447 2383 3491 ut
2425 3437 2622 3506 aliquis
2678 3435 2937 3506 [Ethiops
2993 3435 3097 3489 sub
3154 3433 3380 3504 Virgine

1807 3539 2100 3597 nascatur;
2133 3530 2217 3584 sin
2253 3537 2463 3595 contra,
2497 3527 2648 3582 dabit
2700 3528 2862 3583 talem
2909 3541 3031 3582 esse
3060 3524 3380 3589 candidum,

1807 3620 2094 3689 promissis
2144 3619 2357 3689 capillis
2382 3630 2437 3674 et
2474 3619 2704 3687 reliqua.
2741 3618 2947 3688 Opinor
2982 3627 3163 3672 autem
3203 3617 3384 3686 potius

1806 3715 2059 3783 antiquos
2089 3714 2308 3768 nomina
2328 3723 2673 3782 recepturum
2702 3710 3016 3767 animalium
3051 3725 3150 3779 pro
3173 3724 3380 3780 cogno-

1807 3804 2044 3858 minibus
2087 3804 2331 3873 posuisse
2381 3803 2553 3858 stellis
2607 3802 2995 3857 familiaritatis
3024 3801 3220 3873 gratia,
3271 3816 3381 3856 nou

1804 3895 2060 3950 similiter
2105 3904 2431 3965 comparatae
2477 3904 2703 3949 naturae.
2757 3893 2896 3960 Quid
2964 3895 3110 3949 enim
3174 3892 3377 3947 habent

1804 4003 2094 4042 commune
2124 4004 2248 4043 cum
2282 4002 2409 4042 ursa
2455 3998 2659 4056 septem
2698 3987 2868 4041 stella:
2916 3986 3183 4039 distantes
3231 3985 3376 4039 inter

1803 4096 1885 4144 se,
1938 4090 2033 4133 aut
2083 4096 2206 4134 cum
2246 4080 2500 4135 dracnnis
2550 4080 2731 4150 capite
2780 4078 3021 4149 quinque
3066 4090 3203 4145 quas
3246 4075 3385 4132 dicit

1802 4170 2003 4224 Aratus
2028 4168 2237 4223 stellae?

1875 4284 2133 4353 Tempora
2160 4285 2279 4337 bina
2310 4293 2504 4347 tenent,
2539 4283 2718 4336 oculos
2756 4282 2884 4349 duo,
2916 4282 3101 4336 subtus
3130 4290 3181 4336 et
3214 4296 3378 4336 unum

1867 4425 2126 4481 Immanis
2165 4426 2383 4479 monstri
2410 4424 2643 4480 maxilla:
2661 4433 2892 4479 extrema
2919 4423 3163 4493 capessit.

1868 4539 1923 4594 7.
1951 4537 2027 4593 Ita
2062 4539 2175 4593 haec
2201 4551 2416 4607 quoque
2454 4552 2557 4591 non
2588 4536 2748 4607 digna
2797 4543 2946 4589 tanto
2985 4534 3171 4589 labore
3217 4548 3375 4589 mon-

1793 4639 2041 4684 strantur
2067 4629 2155 4691 iis,
2192 4630 2283 4699 qui
2319 4637 2468 4684 recte
2501 4629 2706 4684 sentire
2746 4629 2986 4695 gestiunt
3026 4636 3083 4683 et
3114 4641 3223 4683 non
3261 4627 3377 4681 ani-

1792 4739 1936 4778 tnnm
1965 4722 2235 4790 appellunt
2268 4722 2331 4775 ad
2365 4720 2740 4778 Chaldaeorum
2780 4720 3153 4789 gloriatioues,
3174 4719 3265 4789 qui
3300 4730 3356 4773 et

1793 4829 1948 4883 reges
1995 4815 2062 4866 de
2104 4812 2284 4868 medio
2313 4813 2507 4868 tollunt
2552 4812 2822 4882 ignaviam
2868 4811 3278 4875 coucinnantes,
3320 4821 3374 4862 et

1792 4908 2040 4962 homines
2079 4908 2320 4975 privatos
2363 4905 2605 4962 excitant
2641 4906 2708 4959 ad
2754 4917 2946 4975 magna
2977 4901 3240 4959 facinora.
3276 4900 3371 4955 Sitt

1397 5078 1630 5135 νΑκυΕ
1670 5078 2077 5136 LECTIONES.

177 5231 231 5261 “
260 5228 545 5306 '§_6v_a61:6v
567 5233 789 5306 sextus,
811 5233 1000 5306 τοῦτον
1023 5237 1115 5291 τὸν
1133 5235 1196 5301 C,
1228 5236 1298 5291 M.
1342 5238 1385 5270 "
1418 5236 1579 5291 αὑτὸν
1600 5237 1690 5291 τὸν
1719 5234 1762 5293 C
1813 5236 1859 5269 ¹⁸
1889 5238 2064 5306 τούτῳ

2091 5238 2444 5309 γεννηθέντες
2472 5241 2693 5304 Sextus,
2770 5238 2814 5270 ”
2845 5237 2976 5309 γούν
3001 5236 3093 5309 C._
3144 5239 3187 5269 "
3208 5236 3369 5309 τόξου

352 5301 849 5395 ᾲνῇαχωνιζόμεχαι
872 5305 1103 5395 ‘Sextus.
1130 5378 1154 5391 -
1183 5299 1226 5339 η
1251 5308 1366 5395 ιπρὸ
1389 5309 1513 5395 τρὺξ
1558 5324 1640 5376 pr.
1772 5307 1832 5395 ἐξ
1859 5299 2194 5395 ἥξοιλάμίνί
2222 5299 2330 5363 om.
2360 5299 2561 5395 [Sextus
2591 5299 2738 5392 §~9'2,
2764 5299 2980 5395 p.n3533.
3053 5307 3100 5340 ’°
3144 5299 3370 5395 πάντων

70 5373 367 5425 vatus.'
414 5372 457 5402 ²¹
501 5343 732 5437 όαύἶὸῖ
761 5343 990 5436 Sextus.a
1015 5343 1196 5431 αἰτῶν

72 5443 146 5475 ’⁵
197 5440 664 5511 ἀνακομιζόμενοι
718 5445 932 5500 Sextus.

74 5596 291 5657 (pagg
311 5580 386 5648 (Β,
412 5580 484 5637 M.
637 5580 729 5638 καὶ
757 5588 817 5639 ού
842 5587 875 5657 ἢ

1009 5451 1055 5485 ’⁸
1090 5451 1148 5501 ὲν
1212 5448 1558 5520 τῇηκάλπιδι
1601 5447 1821 5520 Sestus,
1880 5448 1972 5501 ἐπὶ
2001 5453 2065 5520 τῇ
2110 5447 2143 5520 κ

72 5512 150 5546 ⁸⁸
190 5509 287 5562 διὰ
314 5507 494 5593 ξῆν·
516 5507 748 5593 εἵμαρτο
847 5587 868 5593 _
902 5517 946 5593 ’_’
971 5516 1096 5572 Post
1120 5507 1432 5593 τεταῖἱρθριξ
1461 5519 1656 5593 Sextus
1687 5519 1714 5589 §
1845 5533 1909 5593 Ρ.
1930 5507 2160 5593 ἤὸὄᾍιίᾱ
2178 5507 2439 5593 χαροπός.
2517 5520 2736 5593 “lauacri

905 5587 1120 5643 Sextus.
1194 5586 1381 5641 ⁸²εἷναι
1407 5604 1469 5640 ex
1507 5588 1670 5642 Sexto
1692 5586 2022 5643 addidimus.
2058 5590 2103 5623 ³³
2131 5608 2161 5643 τ

1393 5379 1440 5408 ’³
1463 5379 1512 5430 εἰ
1538 5393 1646 5432 om.
1675 5378 1739 5441 C,
1772 5376 1822 5432 Μ
1881 5376 1949 5410 ’⁵⁸
1978 5376 2314 5503 vaca-{35w
2357 5381 2420 5436 (Ξ.
2500 5381 2546 5411 ’⁸
2575 5376 2691 5441 πῶς
2737 5380 2786 5432 οἱ
2825 5379 3043 5461 sextus,
3100 5378 3255 5461 πόσοι
3304 5378 3373 5432 C.

1393 5448 1558 5501 ἱιλπιδι
1601 5447 1821 5503 Sextus.
1880 5448 1972 5501 ἐπὶ
2001 5453 2064 5503 τῆ
2110 5467 2143 5503 κ
2218 5466 2293 5503 πη
2324 5451 2387 5503 C.
2435 5450 2504 5503 Μ.
2582 5450 2626 5480 ³⁷
2671 5449 3097 5502 συναπόλλυνται
3148 5450 3365 5502 Sextus.

2582 5450 2626 5480 ³⁷
2671 5448 3097 5502 συναπόλλυνται
3148 5449 3365 5502 Sextus.

2780 5536 2887 5589 ρως
2911 5518 3161 5589 Sextus;
3178 5517 3370 5571 λευκό-

2227 5538 2439 5593 ιροπος.
2517 5538 2560 5553 ’ν
2580 5538 2887 5641 Αευκοχρως
2911 5538 3108 5571 aestus
3135 5538 3149 5577 ;
3180 5538 3365 5571 Λευκο-

2227 5594 2349 5645 add.
2388 5593 2457 5645 Μ.
2535 5592 2580 5623 ³⁸
2610 5591 2736 5643 ὲπίκ
2773 5606 2896 5661 ησιν
2952 5587 3165 5661 τοῖς-Μ
3202 5598 3365 5661 recte.

2218 5466 2295 5523 πῃ
2324 5451 2387 5523 C,
2435 5450 2504 5505 M.

197 5649 451 5730 videtur.
508 5654 773 5730 ξζάρκτῳ
800 5649 1072 5730 οἱίδοχιυε
1102 5696 1119 5713 .
1150 5659 1221 5712 55
1266 5660 1441 5730 98§-l_;
1466 5658 1667 5730 ἄρκτου
1697 5659 1794 5730 C._
1813 5659 1885 5730 ,³⁸
1911 5659 2144 5728 κεφαλαὶ
2183 5660 2257 5723 ὥς
2296 5679 2458 5728 φησιν
2486 5664 2515 5715 6
2560 5649 2805 5730 ’Λρατοέ
2824 5659 2983 5714 πέντε
3006 5674 3020 5722 ;
3044 5649 3118 5730 7C,
3158 5658 3367 5730 κεφαλῇ

63 5724 155 5780 οἱ
185 5722 393 5790 πέντε;
435 5725 520 5792 ἐφ’
545 5718 810 5793 ὤν’φησιν
840 5729 869 5780 6
896 5728 1127 5793 ’Ἄρατος
1151 5718 1365 5785 Sextus“
1380 5718 1447 5783 Μ’.
1505 5718 1545 5761 ⁵⁷
1582 5728 1732 5782 Arat.
1770 5718 2149 5785 Pbtenuut.5t5.
2227 5718 2272 5762 ί⁸
2302 5718 2503 5787 ἑόνάτη
2536 5732 2580 5784 δ’
2618 5718 2802 5796 ἐπέχει
2824 5731 2887 5785 C.
2966 5718 3160 5793 "'11th
3194 5718 3255 5783 (ἓξ
