3826 6218
399 238 537 303 306:7

1836 237 2200 309 ORIGENIS

3500 238 3636 301 3070

399 357 520 416 quis
547 356 657 422 ipse
685 354 736 407 in
768 362 1007 408 errorem
1040 355 1222 425 lapsus
1257 369 1283 409 a
1314 371 1439 410 vero
1464 355 1820 417 aberraverit,
1849 366 1961 409 tan-

2076 355 2230 418 αὐτὸς
2255 352 2409 424 κακῷ
2443 354 2788 426 περιπαρεὶς,
2826 353 2887 406 οὐ
2924 351 3057 405 πᾶσι
3085 351 3295 419 γίνεται
3323 346 3638 405 διδάσκαλος

398 455 510 498 tum
538 445 712 505 abest.
745 455 803 499 ut
834 446 1079 514 exeinplo
1112 462 1210 500 suo
1248 447 1481 515 reliquos
1517 448 1727 508 doceat,
1776 457 1830 499 ut
1855 448 1967 514 ipsa

400 535 612 603 repulsa
644 537 743 589 hos
785 535 973 589 fallere
1022 539 1301 593 studentcs
1346 539 1397 590 in
1446 537 1710 591 infinitum
1763 548 1969 589 mentes

398 639 584 679 eorum
637 629 953 696 perturbent
999 628 1243 691 dicendo,
1302 644 1406 682 non
1462 628 1620 681 aliter
1658 627 1967 681 earumdem

401 717 681 772 stellarum
706 722 1191 786 conligurationem
1224 722 1288 773 ad
1320 722 1459 774 idem
1496 720 1779 789 pervenire
1812 735 1968 788 posse

400 824 561 874 quam
610 826 703 876 per
748 811 1111 863 reversionem
1165 810 1345 879 magni
1391 811 1553 875 anni,
1611 824 1707 878 per
1763 818 1966 876 septem

402 898 567 950 millia
613 914 879 953 annorum
914 913 968 953 et
1013 901 1390 969 septingentos
1419 909 1472 953 et
1507 902 1841 969 septuaginta
1884 914 1970 953 se-

400 1000 564 1055 ptem.
603 989 880 1055 Quomodo
930 992 1091 1060 igitur
1147 991 1345 1059 poterit
1382 991 1617 1045 humana
1663 990 1971 1043 observatio

402 1094 701 1147 congruere
724 1095 844 1133 cum
881 1090 956 1132 tot
982 1080 1193 1134 sarculis
1228 1079 1281 1131 in
1322 1094 1428 1131 una
1473 1078 1766 1146 genitura?
1812 1077 1973 1144 idque

402 1180 507 1219 non
559 1168 759 1229 semel,
805 1172 897 1222 sed
947 1184 1155 1236 saepe...
1212 1167 1462 1221 Pluribus
1505 1167 1769 1220 confutari
1810 1166 1969 1219 Clial-

404 1260 640 1312 dmorutn
670 1273 847 1314 artem
862 1261 1120 1329 oportuit,
1147 1274 1454 1327 quanquam
1482 1258 1549 1311 ob
1570 1257 1813 1328 64-65
1838 1257 1971 1311 alias

406 1365 493 1403 res
529 1350 879 1404 meminimus
930 1352 1070 1418 ejus,
1128 1367 1231 1404 non
1268 1351 1481 1419 proprie
1525 1350 1594 1403 ob
1634 1350 1826 1416 ipsam.
1864 1348 1967 1401 Sed

404 1452 695 1511 postquam
733 1444 1069 1512 propositum
1102 1442 1202 1495 fuit
1232 1442 1451 1496 nihilex
1486 1442 1697 1511 placitis
1725 1441 1971 1495 ethnico-

406 1550 521 1586 rum
549 1536 801 1589 omittere
832 1546 1054 1606 propter
1087 1534 1431 1587 multisonam
1462 1533 1747 1588 haeresium
1776 1546 1971 1586 versu-

406 1626 559 1690 tiam,
587 1627 862 1681 videamus
894 1627 1022 1696 qnid
1050 1628 1231 1679 dicant
1256 1626 1419 1678 etiam
1458 1625 1515 1688 ii,
1544 1625 1634 1693 qui
1661 1624 1728 1677 de
1758 1620 1972 1689 magni-

2070 448 2098 498 ὀ
2130 445 2370 515 βλαϐεὶς,
2396 444 2489 509 οὓς
2515 446 2868 517 φρεναπατᾷν
2903 443 3213 514 βουλόμενοι
3235 442 3348 503 τοῖς
3373 439 3644 507 ἀποτεύγ-

2073 553 2239 605 μασιν
2286 538 2366 599 είς
2418 537 2643 606 ἄπειρον
2688 535 2780 587 τὸν
2810 534 2937 587 νοῦν
2981 532 3159 585 αὐτῶν
3212 528 3641 591 συνωθοῦντες⁸⁸

2070 627 2318 696 λέγουσιν
2342 629 2441 680 οὐκ
2463 627 2633 689 ἄλλως
2651 627 2694 658 ⁸¹
2714 627 2806 680 ἐπὶ
2828 626 2888 678 τὸ
2923 624 3056 678 αὐτὸ
3073 626 3117 654 ⁸⁸
3146 620 3405 676 δύνασθαι
3431 620 3525 673 τὸν
3549 637 3647 673 συ-

2072 719 2453 790 σχηματισμδν
2471 719 2516 751 ⁸³
2546 719 2656 771 τῶν
2700 718 2882 771 αὐτῶν
2924 718 3170 787 ἀστέρων
3213 714 3461 785 γίνεσθαι
3498 714 3646 785 ἢδιά

2068 812 2167 879 τῆς
2220 811 2720 873 ἀποκαταστάσεως
2789 809 2883 862 τοῦ
2959 810 3192 879 μεγάλου
3245 806 3523 872 ἐνιαυτοῦ,
3573 806 3641 857 δι’

2072 903 2493 973 ἑπτακισχιλίων
2516 903 2559 934 ⁵⁸
2592 902 2727 955 ἐτῶν
2761 904 2854 956 καὶ
2886 901 3224 954 ἑπτακοσίων
3272 900 3643 968 ἐϐδομήκοντα

2071 994 2164 1046 καὶ
2193 993 2349 1045 ἑπτά.
2378 993 2501 1055 Πῶς
2531 988 2624 1047 οὖν
2652 992 2846 1061 φθάσει
2897 992 3213 1062 ἀνθρωπίνη
3245 992 3635 1060 παρατήρησις

2071 1088 2180 1146 τοῖς
2213 1084 2485 1149 τοσούτοις
2509 1084 2668 1138 αἰῶσι
2693 1084 3014 1154 συνδραμεῖν
3046 1084 3139 1135 ἐπὶ
3170 1085 3299 1153 μιᾶς
3330 1084 3639 1149 γενέσεωςς

2072 1176 2362 1229 καὶταῦτα
2411 1177 2510 1246 ούχ
2556 1174 2703 1241 ἅπαξ
2753 1176 2889 1229 ἀλλά
2922 1174 3180 1236 πολλάκις
3203 1174 3246 1205 ⁸⁵
3292 1168 3470 1243 οἶμαι,
3513 1172 3643 1240 παρ’

2073 1268 2258 1319 ἐλπίδα
2278 1267 2535 1320 πλειόνων
2553 1266 2873 1336 ὲληλέγχθαι
2887 1265 2983 1336 τὴν
3000 1264 3304 1334 Χαλδαϊκὴν
3319 1263 3399 1334 [ῃ.
3415 1262 3508 1316 44.
3528 1261 3642 1333 45.]

2071 1359 2265 1427 τέχνην
2288 1358 2394 1410 ἔδει
2416 1375 2427 1386 ·
2466 1359 2641 1411 καίτοι
2664 1358 2732 1410 δι’
2761 1358 2923 1427 ἕτερα
2967 1356 3136 1424 αὐτῆς
3172 1356 3327 1425 ἡμῶν
3383 1354 3645 1425 μνησθέν-

2070 1464 2199 1509 των,
2253 1449 2374 1518 οὐχὶ
2429 1448 2572 1511 ἰδίως
2607 1447 2674 1500 δι’
2723 1447 2978 1516 αὐτήνδῆ
3035 1445 3174 1498 Ἀλλ’
3214 1446 3333 1498 ἐπεὶ
3391 1444 3644 1514 προῃρή-

2076 1542 2279 1611 μεθαΜ
2321 1541 2488 1611 μηδὲν
2528 1541 2635 1593 τῶν
2694 1540 2825 1611 παρ’
2880 1539 3057 1592 ἔθνεσι
3089 1539 3373 1609 δογμάτων
3420 1536 3646 1589 καταλι-

2073 1634 2193 1685 πεῖν
2225 1631 2314 1685 διὰ
2340 1632 2438 1702 τὴν
2476 1630 2790 1699 πολύφωνον
2827 1631 2935 1684 τῶν
2976 1632 3240 1702 αἱρέσεων
3280 1630 3642 1700 πανουργίαν,

406 1718 681 1772 tudinibus
732 1718 1016 1787 periclitati
1075 1728 1199 1771 sunt
1254 1717 1472 1779 dicere,
1532 1716 1621 1785 qui
1685 1723 1969 1783 perspecto

2076 1725 2270 1794 ἴδωμεν
2299 1722 2351 1776 τί
2383 1723 2599 1790 λέγουσι
2633 1724 2726 1775 καὶ
2753 1725 2802 1775 οἱ
2835 1724 2965 1793 περὶ
3018 1722 3264 1792 μεγεθῶν
3307 1718 3646 1789 τετολμηκό-

406 1809 760 1876 plurimorum
793 1824 933 1863 vano
963 1809 1169 1871 labore,
1197 1823 1318 1861 cum
1364 1806 1500 1859 alius
1529 1806 1688 1859 aliter
1715 1803 1973 1858 mentitus

401 1911 455 1954 et
504 1901 873 1955 celebritatem
921 1912 1116 1955 nactus
1171 1911 1334 1962 esset,
1392 1899 1564 1966 majus
1613 1898 1743 1966 quid
1787 1895 1970 1951 conati

402 2003 525 2046 sunt
548 1993 746 2062 eloqui,
783 2009 889 2062 quo
920 1993 987 2048 ab
1021 1994 1109 2059 iis,
1136 1995 1223 2062 qui
1254 2008 1415 2061 parva
1454 1991 1730 2045 mendacia
1764 1988 1974 2058 magni-

402 2084 520 2138 licis
551 2084 796 2138 laudibus
826 2084 1173 2149 extulissent,
1205 2084 1502 2151 majoribus
1533 2081 1876 2135 eﬂ'errentur.
1905 2076 1969 2132 Hi

400 2174 563 2227 urbes
594 2182 649 2226 et
676 2188 965 2227 mensuras
1011 2173 1422 2241 triangulosque
1465 2183 1518 2225 et
1567 2166 1970 2238 quadrangulos

398 2271 665 2339 duplaque
693 2279 747 2324 et
777 2269 933 2339 lripla
968 2279 1191 2340 ponunt.
1232 2268 1430 2323 Multus
1461 2276 1642 2321 autem
1677 2267 1741 2320 de
1772 2267 1875 2318 hac
1915 2278 1972 2318 re

400 2376 581 2415 sermo
606 2370 711 2423 est,
739 2360 831 2415 sed
863 2370 920 2413 ut
945 2361 1011 2415 ad
1057 2360 1386 2428 propositum
1440 2368 1681 2412 nostrum
1736 2370 1843 2409 non
1896 2354 1967 2408 sit

402 2453 761 2505 necessarius.

471 2545 523 2598 8.
588 2542 845 2598 Suﬂicere
892 2544 1054 2613 igitur
1112 2543 1350 2597 arbitror
1399 2556 1669 2611 exponere
1708 2555 1828 2609 quae
1869 2539 1971 2607 ipsi

402 2645 649 2702 portenta
723 2635 1035 2705 loquuntur.
1092 2632 1456 2700 Quamobrem
1523 2648 1651 2686 usus
1718 2630 1973 2701 epitomis

402 2742 590 2780 eorum
638 2742 756 2796 quae
782 2728 883 2795 ipsi
916 2728 1113 2780 docent
1145 2727 1210 2779 ad
1245 2740 1309 2781 ea
1340 2739 1461 2793 qua:
1487 2724 1693 2793 reliqua
1732 2731 1856 2776 sunt
1887 2736 1973 2775 me

404 2828 737 2873 convertam.
773 2818 977 2873 Doceat
1009 2828 1186 2873 autem
1229 2818 1345 2872 haec
1377 2834 1391 2869 :
1426 2815 1797 2885 Principatum
1828 2814 1973 2869 dedit

404 2912 583 2980 opil'ex
616 2912 795 2965 mundi
819 2911 1056 2979 ejusdem
1084 2910 1254 2979 ipsius
1282 2908 1584 2975 similisque
1607 2906 1970 2971 conversioni;

2072 1834 2183 1880 τες,
2205 1816 2254 1868 οἳ
2287 1814 2597 1879 κατιδόντες
2628 1814 2726 1887 τὴν
2747 1814 2857 1867 τῶν
2900 1814 3161 1866 πλειόνων
3216 1811 3643 1881 ματαιοπονίαν,

2072 1909 2229 1963 ἄλλου
2274 1907 2450 1970 ἄλλως
2502 1906 2934 1977 διαψευσαμένου
2993 1908 3087 1959 καὶ
3155 1905 3643 1975 εὐδοκιμήσαντος,

2074 2000 2255 2071 μεῖζόν
2283 2018 2335 2054 τι
2369 1999 2671 2069 ἐτόλμησαν
2700 2000 2898 2060 εἰπεῖν,
2920 1998 3067 2061 ὅπως
3094 1996 3199 2050 ὑπὸ
3225 1996 3334 2049 τῶν
3355 1995 3427 2048 τὰ
3472 1994 3649 2065 μικρὰ

2070 2090 2358 2160 ψεύσματα
2399 2089 2648 2159 μεγάλως
2695 2088 3033 2154 δοξασάντων
3081 2084 3338 2157 μειζόνως
3370 2084 3646 2151 δοξασθῶ-

2070 2199 2178 2236 σιν.
2212 2176 2370 2236 Οὗτοι
2404 2181 2638 2243 κύκλους
2680 2181 2775 2233 καὶ
2834 2180 3004 2249 μέτρα
3037 2178 3277 2248 τρίγωνά
3316 2193 3379 2228 τε
3432 2174 3534 2229 καὶ
3560 2191 3647 2227 τε-

2070 2275 2325 2344 τράγωνα
2362 2272 2619 2326 διπλάσιά
2655 2289 2712 2325 τε
2757 2272 2851 2324 καὶ
2907 2270 3202 2342 τριπλάσια
3254 2267 3643 2321 ὑπο-τίθενται’

2071 2365 2236 2428 πολὺς
2266 2366 2322 2418 δὲ
2347 2366 2375 2416 ὁ
2405 2365 2535 2435 περὶ
2564 2364 2754 2418 τούτου
2778 2364 2956 2432 λόγος,
2991 2363 3104 2416 ἀλλ’
3140 2363 3200 2416 οὐ
3236 2362 3375 2432 πρὸς
3409 2361 3474 2413 τὸ
3509 2373 3645 2429 προ-

2074 2457 2322 2526 κείμενον
2371 2457 2687 2524 ἀναγκαῖος.

2142 2550 2194 2604 8.
2232 2550 2438 2604 Ἱκανὸν
2477 2545 2571 2604 οὖν
2624 2550 2908 2621 λωίίζομαι
2956 2548 3190 2613 ἐξειπεῖν
3219 2545 3287 2599 τά
3338 2543 3434 2599 ὑπ’
3465 2542 3648 2597 αὐτῶν

2088 2642 2611 2713 τερατολογούμενα.
2668 2644 2759 2697 Διὸ
2801 2646 2912 2707 τοῖς
2973 2640 3249 2709 ὲπιτὸμοις
3295 2637 3646 2707 χρησάμενος

2070 2728 2144 2787 ὧν
2178 2736 2222 2766 ⁵⁸
2259 2735 2413 2788 αὐτοὶ
2467 2735 2751 2803 λέγουσιν,
2800 2735 2893 2787 ἐπὶ
2936 2733 3003 2786 τὰ
3045 2733 3207 2801 ἕτερα
3261 2730 3644 2799 τραπήσομαι.

2073 2828 2305 2896 Λέγουσι
2332 2828 2390 2880 δὲ
2428 2827 2601 2880 ταῦτα
2620 2826 2685 2859 δ’·
2716 2826 2931 2896 Κράτος
2956 2824 3154 2877 ἔδωκεν
3176 2823 3203 2873 ὁ
3233 2820 3649 2890 δημιουργήσας

2072 2922 2139 2989 τῇ
2172 2918 2370 2971 ταὺτοῦ
2418 2920 2508 2971 καὶ
2554 2918 2738 2988 ὁμοίου
2790 2917 3097 2986 περιφορᾷ’
3150 2914 3276 2983 μίαν
3311 2910 3420 2981 γὰρ
3473 2908 3649 2977 αὐτὴν

405 3020 523 3057 eam
562 3019 796 3071 namque
835 3003 1004 3058 solam
1052 3001 1339 3056 indivisam
1383 2999 1623 3069 reliquit,
1659 2999 1971 3053 interiorem

2076 3011 2331 3080 ἄσχιστον
2362 3009 2535 3073 είασε,
2569 3009 2668 3078 τὴν
2691 3008 2748 3061 δὲ
2792 3008 2941 3069 ἐντὸς
2984 3006 3174 3076 σχίσας
3222 3003 3386 3073 ἑξαχῆ
3402 3002 3447 3033 ⁵ο
3502 3001 3650 3052 ὲπτά

404 3110 535 3149 vero
587 3110 711 3149 cum
766 3094 947 3149 sexies
993 3093 1287 3157 divisisset,
1325 3087 1637 3161 septemque
1678 3090 1839 3145 orbes
1888 3089 1973 3142 in-

405 3186 636 3255 aequales
665 3185 812 3256 dupli
844 3196 898 3241 et
921 3184 1063 3255 tripli
1104 3184 1402 3239 intervallis
1425 3182 1712 3247 eﬂ'ecisset,
1741 3181 1973 3250 singula,

407 3294 529 3330 cum
559 3277 659 3331 tria
692 3278 802 3332 sint
827 3276 1129 3345 utriusque,
1155 3274 1449 3330 contrariis
1473 3275 1613 3327 inter
1639 3276 1706 3327 se'
1728 3273 1975 3326 cursibus

408 3375 570 3427 orbes
604 3386 865 3443 peragere
905 3372 1069 3442 jussit
1108 3390 1122 3427 :
1168 3379 1225 3426 et
1260 3385 1324 3425 ex
1376 3380 1582 3439 septem
1629 3369 1977 3425 interioribus

411 3474 517 3516 tres
552 3464 767 3532 quidem
802 3462 917 3532 pari
961 3461 1259 3526 celeritate,
1301 3473 1534 3529 quatuor
1569 3475 1696 3515 vero
1725 3469 1780 3514 et
1810 3460 1875 3513 ad
1914 3474 1976 3515 se

407 3567 462 3610 et
492 3556 557 3609 ad
592 3556 832 3626 reliquos
863 3565 972 3611 tres
1015 3555 1294 3610 celeritate
1334 3554 1548 3624 quidem
1572 3554 1791 3624 impari,
1831 3555 1977 3624 justa

410 3660 590 3701 tamen
627 3649 837 3702 ratione
883 3647 1145 3701 converti.
1199 3644 1566 3715 Principatum
1600 3646 1763 3714 igitur
1792 3646 1976 3699 datum

408 3754 528 3794 esse
555 3738 791 3806 ejusdem
823 3738 991 3808 ipsius
1019 3739 1358 3792 conversioni
1389 3740 1483 3802 ait,
1512 3753 1616 3791 non
1644 3736 1817 3792 solum
1846 3751 1980 3805 quo-

410 3831 553 3883 niam
580 3830 820 3883 continet
849 3830 1072 3884 alterius
1100 3830 1528 3891 conversionem,
1560 3828 1665 3881 hoc
1682 3837 1767 3881 est
1793 3826 1979 3881 stellas

408 3920 690 3983 erraticas,
743 3920 835 3973 sed
881 3922 1004 3988 quia
1060 3923 1220 3973 etiam
1269 3930 1477 3974 tantum
1520 3918 1683 3973 habet
1706 3918 1977 3987 principa-

412 4024 544 4079 tum,
591 4014 693 4068 hoc
720 4025 803 4068 est
847 4025 1051 4069 tantam
1076 4017 1204 4079 vim,
1243 4026 1299 4069 ut
1331 4017 1411 4069 vel
1458 4032 1578 4085 qua:
1612 4016 1662 4067 in
1696 4002 1977 4069 adversam

410 4115 637 4173 partem,
686 4105 789 4158 hoc
833 4117 915 4159 est
961 4107 1231 4167 erratica),
1266 4107 1333 4160 ab
1359 4121 1555 4159 occasu
1604 4105 1669 4158 ad
1713 4105 1976 4159 orientem

410 4204 695 4249 vertuntur
743 4196 887 4262 ipsas
934 4196 1146 4265 propria
1186 4197 1423 4264 potentia
1468 4198 1669 4264 pariter
1704 4195 1865 4248 etiam
1912 4193 1980 4247 ab

412 4298 533 4341 ortu
566 4288 630 4340 ad
656 4302 906 4341 occasum
937 4304 1119 4342 secum
1151 4305 1253 4341 una
1284 4290 1636 4356 circumagat.
1672 4282 1846 4341 Unam
1881 4302 1978 4339 au-

2076 3102 2311 3163 κύκλους
2344 3101 2561 3161 ἀνίσους
2616 3099 2757 3152 κατὰ
2781 3097 2882 3169 τὴν
2933 3097 3025 3150 τοῦ
3060 3095 3335 3149 διπλασίου
3375 3092 3471 3145 καὶ
3528 3108 3650 3161 τρι-

2079 3190 2370 3243 πλασίου⁵¹
2448 3189 2726 3242 διάστασιν
2783 3187 3047 3255 ἑκάστην,
3105 3184 3277 3237 οὐσῶν
3362 3180 3651 3249 ἑκατέρων

2075 3285 2267 3354 τριῶν,
2299 3282 2442 3335 κατὰ
2490 3282 2557 3335 τὰ
2610 3282 2829 3335 ἐναντία
2879 3281 2978 3350 μὲν
3021 3278 3267 3346 ἀλλήλοις
3312 3271 3652 3344 προσέταξεν

2085 3376 2224 3429 ἰέναι
2264 3376 2392 3437 τοὺς
2420 3374 2673 3437 κύκλους,
2710 3372 2863 3442 τάχει
2896 3372 2952 3424 δὲ
3000 3372 3149 3440 τρεῖς
3201 3368 3297 3437 μὲν
3348 3366 3558 3435 ὁμοίως
3579 3364 3650 3421 ⁵³.

2075 3468 2200 3529 τοὺς
2224 3467 2280 3518 δὲ
2307 3466 2581 3536 τέσσαρας
2624 3464 2874 3534 ἀλλήλοις
2910 3480 2970 3515 τε
3007 3462 3098 3515 καὶ
3147 3462 3259 3521 τοῖς
3306 3459 3483 3528 τρισὶν
3527 3459 3653 3510 ἀνοο

2082 3559 2247 3620 μοίως
2267 3557 2335 3622 ⁵³,
2361 3559 2417 3609 ὲν
2449 3556 2592 3626 λόγῳ
2614 3556 2668 3609 δὲ
2694 3555 3022 3626 φερομένους
3039 3553 3106 3605 ⁵⁸.
3136 3550 3349 3622 Κράτος
3382 3549 3480 3617 μὲν
3500 3544 3653 3599 δεὸίλο

2080 3648 2201 3701 σθαι
2233 3651 2297 3717 τῇ
2326 3649 2522 3701 ταύτοῦ
2554 3649 2694 3719 φορᾷ
2726 3663 2913 3717 φησιν,
2949 3646 3009 3697 ού
3049 3644 3207 3713 μόνον
3244 3639 3428 3708 ἐπειδὴ
3458 3637 3655 3707 περιέο

2077 3757 2162 3810 χει
2192 3741 2291 3807 τὴν
2321 3738 2548 3809 θατέρου
2576 3739 2769 3809 φοράν,
2808 3738 3055 3790 τουτέστι
3082 3735 3209 3797 τοὺς
3237 3730 3653 3799 πλανωμένους,

2078 3832 2192 3886 ἀλλ’
2210 3832 2291 3883 ὅτι
2322 3832 2415 3883 καὶ
2446 3828 2698 3883 τοσοῦτον
2724 3829 2836 3899 ἔχει
2855 3828 3077 3899 κράτος,
3102 3826 3345 3878 τουτέστι
3373 3821 3654 3890 τοσαύτην

2077 3923 2327 3993 δύναμιν,
2358 3921 2499 3974 ὥστε
2537 3921 2631 3974 κα)⁸
2659 3922 2785 3983 τοὺς
2815 3919 2908 3972 ἐπὶ
2930 3919 2976 3949 ⁸⁸
3010 3915 3293 3979 τάναντία,
3336 3914 3465 3971 τοὺς
3510 3913 3651 3964 πλα-

2079 4016 2354 4084 νωμένους
2406 4014 2514 4066 ἀπὸ
2574 4012 2779 4074 δύσεως
2832 4012 2918 4063 ἐπ’
2974 4006 3236 4077 ἀνατολὴν
3306 4004 3657 4074 φερομένους

2079 4108 2275 4169 αὐτοὺς
2310 4109 2375 4176 τῇ
2401 4104 2576 4176 οἰκεία
2600 4105 2743 4175 ἰσχύϊ
2778 4103 2978 4174 ὁμοίως
3012 4103 3108 4155 καὶ
3132 4100 3238 4154 ἀπὸ
3267 4097 3543 4167 ἀνατολῆς
3565 4098 3657 4149 ἐπὶ

2079 4198 2230 4251 δύσιν
2253 4196 2432 4266 ἑαυτῷ
2463 4197 2859 4267 συμπεριάγειν
2875 4196 2941 4247 ⁸⁸.
2981 4192 3126 4247 Μίαν
3168 4191 3224 4244 δὲ
3255 4191 3351 4244 καὶ
3391 4189 3656 4259 ἄσχιστον

2084 4285 2302 4339 εἰᾶσθαί
2334 4285 2379 4317 ⁸⁷
2414 4302 2548 4355 φησι
2575 4285 2788 4356 ζταύτην
2834 4285 2934 4353 τὴν
2954 4284 2999 4315 ⁵⁸
3050 4282 3239 4353 φορὰν,
3276 4280 3499 4352 πρῶτον
3561 4281 3659 4349 μὲν

414 4391 519 4433 tem
550 4393 667 4431 eam
714 4385 767 4431 et
802 4378 1086 4431 indivisam
1124 4380 1366 4431 relictam
1399 4394 1517 4433 esse
1557 4379 1632 4432 ait
1663 4380 1800 4433 lianc
1849 4392 1973 4430 con-

2086 4377 2270 4448 ὲπειδὴ
2309 4377 2523 4431 πάντων
2548 4376 2657 4429 τῶν
2687 4375 2941 4429 ἀπλανῶν
2970 4374 3232 4445 ίσὸχρονοι
3262 4374 3318 4425 αἱ
3349 4372 3658 4442 περιφοραὶ

415 4466 739 4527 versionem,
774 4467 1003 4535 primum
1051 4469 1265 4535 quidem
1294 4468 1419 4536 quia
1459 4468 1698 4521 omnium
1748 4467 1974 4521 lixarum

412 4558 685 4612 stellarum
714 4558 828 4627 pari
869 4561 1128 4627 temporis
1178 4559 1462 4612 intervallo
1498 4558 1632 4611 liunt
1666 4556 1981 4611 conversio-

416 4666 510 4704 nes
534 4659 589 4704 et
623 4665 728 4704 non
768 4650 1019 4704 discreta:
1052 4652 1344 4704 secundum
1389 4650 1619 4716 amplius
1664 4648 1744 4702 vel
1768 4650 1985 4702 brevius

414 4755 648 4812 tempus,
680 4742 875 4797 deinde
919 4745 1043 4810 quia
1075 4758 1263 4796 omnes
1302 4742 1501 4797 habent
1534 4742 1779 4795 eamdem
1821 4757 1985 4810 appa-

415 4836 667 4902 rentiam,
709 4849 830 4903 quae
878 4845 964 4889 est
1010 4835 1227 4889 extima:
1284 4833 1677 4898 conversionis,
1732 4834 1983 4886 erratica:

2085 4468 2183 4523 καὶ
2213 4470 2272 4522 οὐ
2304 4468 2627 4540 διῃρημέναι
2659 4468 2800 4521 κατὰ
2841 4466 3058 4528 πλείους
3085 4464 3177 4518 καὶ
3222 4462 3483 4526 ἐλάττους
3529 4465 3657 4535 χρὸ-

2080 4576 2203 4623 νους
2226 4577 2238 4589 ·
2264 4560 2453 4613 ἔπειτα
2472 4561 2551 4613 ὅτι
2587 4560 2714 4630 μίαν
2751 4558 2952 4621 πάντες
2997 4556 3209 4625 ἔχουσιν
3229 4556 3275 4587 ⁸⁸
3322 4556 3657 4624 ἐπιφάνειαν

2078 4652 2178 4720 τὴν
2206 4651 2307 4717 τῆς
2338 4651 2592 4715 ἐξωτάτω
2626 4653 2819 4721 φορᾶς,
2852 4651 2901 4702 οἱ
2942 4648 2999 4701 δὲ
3037 4646 3384 4716 πλανώμενοι
3432 4648 3532 4700 καὶ
3577 4648 3656 4709 εἰς

2081 4742 2304 4812 χρόνους
2338 4741 2587 4805 πλείονας
2613 4741 2707 4795 καὶ
2733 4740 3018 4810 διαφόρους
3045 4739 3151 4792 τῶν
3173 4740 3443 4809 κινήσεων
3464 4738 3563 4793 καὶ
3580 4740 3657 4799 εἱς

2081 4834 2411 4897 ἀποστάσεις
2450 4832 2557 4885 ἀπὸ
2586 4833 2687 4903 γῆς
2729 4831 2943 4893 ἀνίσους
2964 4830 3243 4901 διῄρηνται
3264 4846 3277 4859 ·
3299 4828 3401 4900 τὴν
3421 4830 3481 4883 δὲ
3504 4828 3659 4883 θατέ-

1704 5010 1938 5065 γΑιιιλΕ
1972 5008 2377 5066 LECTIONES.

488 5169 531 5201 ⁵ο
571 5168 913 5222 συνωθοῦντα
938 5168 1002 5221 C.

1079 5166 1119 5199 ⁸¹
1154 5167 1253 5219 οὐκ
1285 5168 1458 5229 ἄλλως
1485 5167 1544 5219 (Σ.
1577 5166 1666 5220 Fr.
1703 5165 2058 5221 Ilertnanmts.
2079 5166 2138 5219 οὐ
2166 5166 2344 5228 καλῶς
2371 5167 2412 5219 C
2442 5166 2509 5221 Μ.

418 5242 458 5269 λι
495 5239 561 5291 δι’
612 5238 1052 5307 ὲννεακισχιλίων
1097 5236 1390 5289 ἐνακοσίων
1438 5237 1534 5289 καὶ
1577 5236 1948 5307 ἑϐδομήκοντα
1980 5235 2071 5288 καὶ
2110 5236 2249 5288 ἑπτά
2286 5236 2421 5288 ἐτῶν
2456 5238 2653 5290 Sextus
2687 5236 2862 5307 §105,
2884 5253 2949 5307 ‘p.
2988 5234 3113 5291 555.
3190 5238 3234 5269 ⁵⁸

2589 5167 2632 5198 ’θ’
2663 5167 2951 5220 ὲπιτοαυτὺ
2970 5168 3031 5235 C.
3108 5167 3153 5199 ⁸³
3182 5166 3573 5235 σχηματισμὸν
3592 5164 3664 5217 C.

3313 5248 3403 5290 ost
3434 5237 3671 5289 vocabu-

417 5313 524 5362 lum
560 5310 819 5369 πολλάκις
848 5303 1431 5377 (ᾑίιτεξίιοιιιγόρεὶιιοι-οτί
1464 5308 1643 5376 arguit
1685 5303 1904 5366 Scitus,
1940 5307 2097 5377 id‘que
2118 5307 2354 5377 suspicio
2380 5316 2461 5377 est
2491 5306 2623 5373 ipsis
2646 5303 2823 5361 verbis
2855 5303 3009 5375 οἶμαι
3036 5307 3165 5377 παρ’
3202 5307 3399 5360 ἐλπίδα
3434 5322 3463 5359 a
3491 5306 3670 5359 libra~

419 5394 498 5431 rio
531 5395 650 5431 esse
688 5378 1069 5445 signiﬁcatum.
1107 5376 1153 5427 Is
1190 5379 1331 5430 enim
1373 5373 1693 5445 ascripsisse,
1716 5377 1924 5429 videtur
1952 5373 2125 5445 οἶμαι,
2158 5375 2484 5445 παραλείπει
2504 5376 2618 5431 sive
2646 5376 2765 5428 τινὰ
2791 5373 3062 5428 ἐλλείπει·
3091 5373 3200 5429 tum
3254 5388 3448 5429 auctor
3478 5389 3667 5445 perte;

418 5449 553 5500 xerit
584 5466 597 5501 :
626 5448 725 5500 Διά
754 5446 1034 5508 πλειόνων,
1067 5464 1121 5500 κ.
1153 5463 1203 5498 τ.
1240 5446 1289 5499 λ.

419 5514 592 5585 Plato,
624 5518 682 5580 ἐξ
705 5518 874 5585 αὐτῆς
894 5516 954 5569 c.

421 5578 782 5653 Ιξδτειερομένων
811 5578 870 5638 C.

426 5645 493 5706 Μ’
544 5645 619 5686 ’⁸⁶
641 5656 829 5713 ἕνωσιν
864 5655 925 5709 (ἱ.

1367 5445 1412 5479 ⁸⁸
1453 5446 1623 5515 αὐτὴν
1653 5444 1721 5501 Μ.

949 5586 991 5615 ⁸⁵
1025 5590 1132 5648 τοῖς
1170 5587 1259 5638 ἐπὶ
1286 5586 1367 5650 (Σ,
1391 5588 1454 5641 Μ.

1796 5445 1839 5517 ξτ
1866 5445 2207 5517 προκρίμεθα
2230 5447 2288 5517 ll.

1044 5517 1086 5546 ’“
1124 5519 1216 5568 καὶ
1247 5517 1562 5587 τριπλασίου
1584 5515 1734 5569 Plato
1761 5515 1831 5569 cf.
1862 5515 2081 5587 infrap.
2113 5518 2191 5587 (iii
2230 5515 2359 5587 init:
2396 5532 2513 5587 om.

1546 5588 1590 5619 δ’*
1636 5586 1998 5655 συμπεριάγει
2034 5582 2094 5652 C,
2144 5582 2212 5641 Μ.

2366 5446 2412 5478 ⁸⁸
2440 5446 2581 5507 ὠςΟ.
2653 5446 2696 5476 ’⁵³
2729 5444 2865 5499 Plat.
2898 5445 3037 5502 Tim.
3067 5462 3119 5515 p.
3148 5446 3237 5506 56.
3272 5446 3333 5501 C.
3414 5447 3462 5477 ⁸⁸
3484 5442 3667 5515 ίέξειζῆ

2687 5514 2733 5547 δ’
2757 5517 2975 5583 ὁμοίους
3019 5512 3082 5568 Εξ
3188 5516 3233 5546 ⁵³
3264 5516 3544 5583 ἀνομοίοις

2288 5582 2334 5618 ⁵⁷
2379 5589 2425 5640 εί
2454 5585 2641 5639 ἐᾶσθαι
2668 5585 2728 5650 C,
2760 5582 2825 5640 Μ.
2904 5587 2949 5618 ⁸⁸
2972 5586 3175 5656 ταύτην
3209 5587 3326 5655 τήν.
3357 5582 3563 5652 ταύτην
3589 5582 3665 5647 0,
