3810 6222
401 239 541 301 3073

1851 242 2218 304 ORIGENIS

3537 252 3675 316 3074

473 352 563 406 10.
594 350 669 405 De
698 350 826 407 luna
857 362 1037 407 autem
1077 351 1283 408 dictum
1334 364 1417 409 est
1462 354 1734 425 superius.
1770 354 1984 408 Distan-

2163 358 2251 411 10.
2289 360 2423 431 Περὶ
2446 363 2674 434 σελήνης
2714 364 2770 417 δὲ
2801 362 2996 435 ἐλέχθη
3028 363 3089 417 τὸ
3117 361 3404 435 πρότερον.
3448 365 3536 419 Τά
3579 369 3671 436 μὲι

400 442 506 496 tias
537 442 703 511 igitur
733 452 789 496 et
822 443 1225 512 profunditates
1257 445 1594 514 sphaerarum
1618 445 1671 499 in
1691 444 1838 499 hunc
1871 459 1986 497 lth-

400 534 526 590 dum
557 536 914 591 Archimedes
941 536 1136 600 reddit,
1165 537 1323 591 aliter
1348 548 1529 592 autem
1561 538 1628 592 de
1658 537 1727 592 iis
1758 534 1989 606 Hippar-

400 631 537 684 chus
575 628 714 683 dixit
737 640 791 683 et
821 630 982 684 aliter
1001 631 1317 699 Apollonius
1353 632 1790 687 mathematicus.
1823 629 1987 684 Nobis

402 731 585 775 autem
615 720 813 776 suﬂicit
845 720 1182 777 Plat0nicam
1214 723 1521 777 doctrinam
1572 724 1775 778 secutis
1827 723 1985 792 dupla

401 821 457 865 et
486 812 643 883 tripla
672 814 1032 869 erraticaruin
1083 830 1113 869 a
1162 830 1222 869 se
1267 816 1498 869 invicem
1544 814 1833 868 distantias
1873 825 1984 866 sta-

404 915 580 961 tuere.
612 904 985 961 Conservatur
1014 908 1162 961 enim
1198 907 1270 961 ita
1307 908 1548 962 doctrina
1579 946 1593 970 ,
1647 923 1713 961 ex
1761 921 1865 975 qua
1916 922 1981 959 ex

402 1009 668 1053 concentu
698 1000 972 1054 conditum
996 1002 1067 1055 sit
1088 1002 1425 1065 universum,
1446 1016 1513 1054 ex
1539 1000 1837 1056 rationibus
1856 1016 1982 1054 cun.

402 1090 712 1145 cinentibus
745 1091 1045 1147 secundum
1082 1094 1179 1147 has
1205 1093 1511 1147 distantias.
1546 1092 1767 1148 Numeri
1801 1104 1982 1147 autem

401 1184 471 1237 ab
496 1182 823 1240 Archimede
869 1186 1103 1253 CXpOSili
1157 1196 1212 1239 ct
1243 1172 1286 1239 ia
1338 1186 1563 1253 reliquis
1609 1188 1677 1240 de
1710 1187 1985 1240 distantiis

404 1278 629 1344 proditas
645 1280 1058 1335 observationes
1080 1281 1122 1334 si
1151 1295 1257 1334 non
1284 1282 1336 1334 in
1359 1281 1773 1335 concinentilms
1803 1290 1983 1333 essent

405 1370 705 1424 rationibus
730 1411 745 1435 ,
782 1371 884 1425 hoc
921 1380 1002 1425 est
1028 1386 1058 1425 a
1098 1371 1324 1426 Platone
1351 1372 1570 1427 statutis
1598 1373 1775 1440 duplis
1806 1383 1859 1426 et
1888 1374 1986 1427 tri-

405 1464 529 1532 plis,
561 1476 715 1520 extra
749 1477 1045 1522 concentus
1076 1477 1255 1521 antem
1295 1478 1523 1536 reperta
1546 1508 1561 1533 ,
1619 1483 1725 1521 non
1762 1485 1984 1524 conser-

405 1565 598 1610 varent
633 1557 779 1611 illam
810 1558 1110 1612 doctrinam
1131 1597 1147 1623 ,
1182 1573 1249 1612 ex
1293 1573 1395 1626 qua
1427 1557 1735 1611 universum
1763 1573 1826 1611 ex
1853 1573 1985 1611 con-

405 1659 561 1704 centu
595 1650 872 1704 conditum
901 1652 992 1707 sit.
1018 1649 1135 1705 Non
1165 1651 1309 1705 enim
1336 1665 1510 1719 neque
1530 1651 1788 1706 credibile
1809 1666 1984 1721 neque

406 1742 684 1810 possibile,
712 1758 834 1797 esse
883 1758 1071 1797 eorum
1102 1744 1387 1798 distantias
1436 1752 1491 1796 et
1542 1741 1883 1798 irrationales
1931 1755 1985 1798 et

405 1822 611 1888 carcre'
632 1844 898 1889 concentu
945 1835 1305 1904 congruisque
1351 1834 1657 1889 rationibus
1687 1876 1702 1900 ,
1759 1843 1985 1904 excepta

409 1925 640 1980 Inrtasse
670 1925 795 1978 luna
826 1926 940 1980 sola
971 1936 1194 1995 propter
1224 1925 1466 1980 defectus
1494 1934 1550 1979 et
1594 1925 1842 1980 umbram
1875 1933 1986 1978 ter-

409 2032 505 2081 rae,
530 2016 597 2071 de
617 2016 773 2085 cujus
795 2017 965 2072 solius
988 2026 1042 2071 et
1073 2017 1230 2071 ﬁdem
1266 2017 1534 2088 quispiam
1564 2016 1759 2071 habeat
1793 2016 1988 2071 Archi—

408 2111 547 2165 tnedi
576 2110 829 2165 distantia
856 2148 874 2175 ,
927 2110 1029 2164 hoc
1070 2118 1154 2163 est
1186 2108 1324 2164 luna:
1355 2124 1385 2163 a
1424 2119 1586 2163 terra.
1642 2107 1794 2163 lianc
1827 2108 1989 2177 igitur

404 2204 613 2259 secutis
652 2203 701 2255 in
730 2202 877 2256 facili
909 2202 1013 2256 erit
1039 2204 1335 2256 secundum
1374 2201 1502 2255 illud
1532 2200 1867 2254 Platonicum
1908 2200 1986 2266 ip-

404 2312 524 2352 sum
554 2312 620 2350 ex
646 2295 808 2364 duplo
849 2305 903 2349 et
937 2295 1129 2363 triplo,
1163 2295 1305 2349 sicut
1333 2293 1521 2349 statuit
1547 2294 1699 2347 Plato
1723 2334 1738 2357 ,
1775 2305 1828 2348 et
1862 2294 1985 2346 reli-

287 2458 293 2465 _
404 2404 542 2461 quas
573 2388 860 2442 distantias
910 2402 1135 2440 numero
1177 2387 1484 2456 complecti.
1536 2387 1591 2439 Si
1642 2387 1858 2454 quidem
1901 2400 1985 2439 se-

402 2481 637 2537 cundum
666 2478 1047 2534 Archimedem
1083 2492 1112 2531 a
1154 2479 1440 2546 superﬁcie
1482 2489 1640 2530 teme
1673 2476 1793 2530 luna
1825 2478 1990 2532 distat

404 2577 699 2632 stadiorum
736 2574 1019 2638 5544150,
1067 2574 1225 2628 facile
1252 2584 1335 2628 est
1364 2575 1462 2627 hos
1488 2587 1745 2627 numeros
1786 2586 1991 2639 augen-

405 2681 512 2723 tem
532 2668 692 2736 duplo
712 2677 767 2722 et
794 2668 956 2735 triplo
983 2676 1037 2720 et
1059 2666 1392 2736 reliquorum
1418 2666 1659 2735 reperire
1678 2665 1982 2729 distantias,

406 2772 665 2831 tanquam
697 2775 804 2814 una
834 2771 988 2830 parte
1035 2768 1246 2829 sumpta
1303 2774 1490 2813 eorum
1520 2773 1751 2814 numero
1778 2759 1987 2815 stadio—

408 2871 525 2907 rum
559 2894 575 2917 ,
626 2862 760 2923 quot
822 2852 945 2906 luna
993 2853 1161 2906 distat
1208 2868 1238 2905 a
1285 2861 1452 2906 terra.
1501 2853 1761 2923 Reliquos
1808 2862 1987 2923 autem

405 2961 663 3000 numeros
715 2949 784 3000 ab
821 2945 1148 2999 Archimede
1204 2944 1271 2998 de
1324 2944 1580 2999 distantia
1631 2945 1986 3001 erraticarum

2090 449 2184 507 οὖν
2223 456 2592 526 ἀποστήματα
2623 456 2717 509 καὶ
2748 454 2890 526 βάθη
2914 456 3024 509 τῶν
3053 456 3301 528 σφαιρῶν
3327 456 3504 521 οὕτως
3553 460 3649 530 ’Δρ

2090 548 2329 619 χιμήδης
2391 548 2739 616 ἀποδίδωσιν,
2796 550 2999 621 ἑτέρως
3044 549 3102 602 δὲ
3151 550 3291 621 ὑπὲρ
3318 551 3506 604 αὐτῶν
3568 552 3671 604 Ἰπο

2090 645 2287 715 πάρχῳ
2320 645 2535 715 εἴρηται
2573 644 2669 698 καὶ
2707 644 2910 715 ἑτέρως
2962 644 3307 715 Ἀπολλωνίῳ
3359 645 3440 716 τῷ
3497 645 3673 716 μαθηο

2092 737 2327 808 ματικῷ.
2371 739 2534 808 Ἡμῖν
2551 737 2610 791 δὲ
2638 736 2861 807 ἐξαρκεῖ
2882 740 2948 808 τῇ
2985 738 3285 808 Πλατονικῇ
3313 736 3501 810 δόξῃ⁸¹
3544 740 3670 791 ἑπο-

2092 830 2272 896 μένοις
2297 828 2554 883 διπλάσια
2594 830 2693 899 μὲν
2722 829 2817 883 καὶ
2845 830 3140 902 τριπλάσια
3165 829 3371 883 οἴεσθαι
3393 830 3509 883 τῶν
3536 832 3670 883 πλα-

2089 924 2348 992 νωμένων
2380 923 2448 976 τά
2474 923 2568 975 ἀπ’
2596 923 2842 994 ἀλλήλων
2860 922 3205 993 διαστήματα
3231 941 3245 954 ·
3282 923 3526 987 σώζεται
3567 924 3669 994 γάρ

2086 1014 2546 1083 οὖτως⁸²ὁλὸγος
2607 1016 2700 1069 τοῦ
2748 1015 2870 1069 καθ’
2912 1016 3183 1087 ἁρμονίαν
3238 1017 3573 1084 συγκεῖσθαι
3613 1017 3670 1070 τὸ

2088 1110 2196 1162 πᾶν
2226 1110 2283 1160 ἐν
2312 1108 2491 1174 λόγοις
2543 1106 2857 1177 συμφώνοις
2920 1107 3062 1161 κατά
3093 1106 3266 1161 ταῦτα
3308 1108 3379 1161 τά
3424 1110 3671 1178 ἀποστή-

2091 1218 2255 1269 ματα.
2286 1202 2347 1253 Oi
2368 1200 2412 1252 δ’
2444 1201 2755 1264 ἐκτεθέντες
2782 1199 2887 1253 ὑπὸ
2927 1200 3291 1272 Ἀρχιμήδους
3324 1204 3563 1272 ἀριθμοὶ
3586 1204 3673 1256 καὶ

2088 1294 2193 1347 ὑπὸ
2227 1293 2338 1347 τῶν
2359 1292 2534 1347 ἄλλων
2564 1293 2822 1365 περὶτῶν
2850 1295 3258 1363 ἀποστημάτων
3287 1296 3333 1327 ⁸³
3368 1295 3667 1366 λεγόμενοι

2085 1387 2234 1456 λόγοι
2265 1388 2312 1439 εί
2347 1386 2420 1457 μὴ
2447 1386 2505 1438 ἐν
2540 1384 2854 1456 συμφώνοις
2891 1382 3003 1439 εἷεν
3034 1386 3235 1455 λόγοις,
3266 1388 3527 1441 τουτέστι
3563 1392 3669 1453 τοῖς

2087 1479 2191 1532 ὑπὸ
2217 1479 2503 1541 Πλάτωνος
2532 1476 2845 1547 εἰρημένοις
2863 1478 3167 1541 διπλασίοις
3184 1480 3277 1532 καὶ
3298 1480 3672 1551 τριπλασίοις,

2087 1573 2192 1639 ἔξω
2218 1574 2273 1626 δὲ
2305 1572 2633 1642 συμφωνιῶν
2665 1572 3067 1643 εὑρισκόμενοι,
3116 1573 3215 1627 οὐκ
3254 1574 3319 1627 ἂν
3364 1574 3600 1639 σώζοιεν
3621 1577 3677 1627 τὸ

2088 1666 2212 1719 καθ’
2259 1664 2596 1736 ἁρμονίαν²ἰ
2652 1664 3093 1718 κατεσκευάσθαι
3146 1667 3210 1718 τὸ
3268 1668 3415 1719 πᾶνο
3470 1668 3538 1719 οὐ
3572 1669 3675 1739 γάρ

2090 1759 2314 1813 πιθανὸν
2342 1758 2463 1812 οὐδὲ
2491 1757 2717 1813 δυνατὸν
2748 1758 2919 1825 ἅλογά
2971 1752 3031 1811 τε
3050 1759 3096 1790 ⁸⁵
3150 1759 3243 1812 καὶ
3279 1758 3388 1823 ἔξω
3442 1776 3678 1829 συμφω⁶

2089 1850 2220 1904 νιῶν
2250 1850 2345 1904 καὶ
2365 1850 2701 1920 ἐναρμονίων
2734 1848 2908 1917 λόγων
2935 1842 3075 1903 εἶναι
3116 1848 3293 1903 αὐτῶν
3308 1848 3382 1902 τὰ
3427 1850 3681 1919 ἀποστή-

2093 1962 2240 2015 ματα
2270 1944 2340 2009 ⁸⁸,
2370 1943 2509 2014 πλὴν
2545 1946 2674 2006 ἴσως
2702 1942 2931 2013 σελήνης
2980 1941 3147 2013 μόνης
3190 1943 3255 1995 ὲκ
3288 1942 3401 1996 τῶν
3444 1942 3681 2010 λείψεων

2092 2037 2187 2089 καὶ
2214 2038 2313 2107 τῆς
2340 2037 2498 2099 σκιᾶς
2521 2036 2622 2106 τῆς
2647 2035 2770 2105 γῆς,
2796 2034 2924 2105 περὶ
2955 2031 3023 2107 ἧς
3060 2034 3228 2104 μόνης
3256 2035 3353 2088 καλ⁵
3383 2036 3679 2087 πιστεύσαι

2088 2146 2175 2192 τις
2208 2128 2275 2182 ἂν
2315 2127 2618 2198 Ἀρχιμήδη
2670 2127 3050 2188 ἀποστάσεως,
3080 2124 3330 2179 τουτέστι
3383 2125 3495 2195 τῆς
3534 2126 3682 2195 σελη-

2090 2225 2287 2291 νιακῆς
2311 2221 2419 2274 ἀπὸ
2462 2220 2569 2291 γῆς
2594 2238 2607 2251 ο
2670 2219 2878 2289 ταύτην
2920 2219 2976 2271 δὲ
3012 2217 3244 2271 λαϐοῦσι
3291 2218 3483 2289 ῥᾴδιον
3524 2219 3677 2272 ἔσται

2091 2313 2235 2368 κατὰ
2261 2312 2322 2366 τὸ
2359 2313 2705 2368 Πλατωνικὸν
2749 2311 2882 2365 αὐτὸ
2924 2310 2993 2364 τὰ
3010 2311 3053 2342 ⁸⁷
3106 2310 3249 2369 κατὰ
3280 2311 3344 2366 τὸ
3389 2312 3681 2365 διπλάσιον

2091 2407 2188 2461 καὶ
2215 2405 2559 2478 τριπλάσιον,
2618 2405 2695 2468 ώς
2738 2403 2880 2468 ἀξιοῖ
2920 2404 3167 2470 Πλάτων,
3228 2405 3323 2457 καὶ
3380 2403 3455 2457 τὰ
3516 2404 3681 2457 λοιπᾶ

2091 2496 2457 2565 ἀποστήματα
2474 2493 2519 2527 ⁸⁸
2547 2492 2766 2564 ἀριθμῷ
2791 2493 2835 2525 ⁸⁸
2858 2492 3192 2564 περιλαϐεῖν.
3218 2494 3282 2546 Εἰ
3315 2492 3385 2566 δὴ
3413 2494 3569 2546 κατά
3589 2495 3679 2546 τὸν

2105 2588 2441 2658 Ἀρχιμήδην
2468 2586 2577 2640 ἀπὺ
2606 2587 2703 2656 τῆς
2749 2586 3072 2655 ἐπιφανείας
3116 2586 3215 2656 τῆς
3250 2586 3357 2657 γῆς
3410 2588 3445 2655 ἡ
3480 2588 3682 2657 σελήνη

2090 2681 2366 2751 ἀφέστηκε
2389 2678 2617 2732 σταδίων
2636 2676 2856 2747 μυριάδ.
2878 2676 3026 2745 ,φνδ’,
3044 2677 3292 2740 σταδίους
3308 2677 3470 2748 ,δρλ’,
3494 2679 3677 2749 ῥᾴδιον

2091 2773 2315 2836 τούτους
2340 2772 2465 2835 τοὺς
2504 2770 2773 2841 ἀριθμοὺς
2809 2768 3071 2834 αὔξοντας
3107 2771 3248 2824 κατά
3279 2771 3341 2824 τὸ
3390 2772 3683 2825 διπλάσιον

2094 2865 2187 2918 καὶ
2216 2864 2540 2936 τριπλάσιον
2597 2865 2694 2918 καὶ
2739 2863 2809 2917 τά
2863 2863 2971 2916 τῶν
3001 2863 3202 2917 λοιπῶν
3244 2863 3429 2935 εὑρεῖν
3457 2864 3685 2922 διαστή-

2096 2976 2262 3028 ματα,
2294 2957 2369 3020 ώς
2400 2958 2528 3027 μιᾶς
2556 2956 2751 3028 μοίρας
2795 2955 3217 3027 λαμϐανομένης
3266 2954 3364 3008 τοῦ
3400 2955 3524 3010 τῶν
3556 2973 3684 3009 στα-

405 3038 685 3092 stellarum
717 3038 924 3109 positos
959 3054 1063 3092 non
1106 3039 1160 3092 in
1204 3040 1459 3108 congruis
1490 3040 1792 3095 rationibus
1832 3038 1985 3093 facile

2103 3052 2219 3105 Βίων
2274 3049 2510 3121 ἀριθμοῦ
2564 3047 2658 3111 οὒς
2708 3050 2740 3119 ή
2784 3048 2978 3119 σελήνη
3039 3048 3139 3119 τῆς
3182 3048 3286 3117 γῆς
3336 3048 3684 3118 ἀφέστηκεν.

405 3140 489 3186 est
519 3132 795 3187 intellectu
816 3172 832 3197 ,
867 3133 954 3186 ubi
982 3133 1325 3201 perspexeris
1348 3173 1366 3198 ,
1407 3133 1679 3203 quomodo
1735 3134 1875 3189 inter
1928 3147 1989 3186 se

408 3224 719 3280 referantur
765 3232 819 3279 et
848 3226 1044 3294 quibus
1074 3226 1319 3281 nitantur
1364 3227 1418 3281 in
1471 3227 1794 3282 rationibus.
1853 3224 1989 3279 Illud

409 3330 586 3375 autem
608 3322 721 3376 ﬁeri
744 3322 1021 3390 nequit,ut
1039 3336 1143 3375 non
1170 3322 1280 3376 sint
1298 3320 1350 3374 in
1366 3321 1608 3391 70-71
1633 3321 1988 3390 congruentia

407 3424 461 3464 et
482 3421 747 3466 concentu
771 3413 874 3471 haa.
900 3428 1019 3481 qua:
1046 3422 1170 3467 sunt
1195 3413 1246 3466 in
1265 3414 1619 3482 congruentia
1640 3412 1989 3467 consistentis

411 3504 594 3558 mundi
609 3514 809 3574 partes.
827 3485 995 3576 Igitur
1007 3521 1126 3560 cum
1142 3506 1351 3573 primus
1366 3521 1812 3574 numerus,quem
1827 3506 1992 3559 distat

409 3597 488 3651 sol
523 3614 552 3651 a
590 3597 736 3662 luna,
756 3598 846 3667 qui
865 3597 1223 3658 sit55ﬂl30,
1243 3597 1508 3651 secundus
1527 3612 1803 3661 numerus,
1828 3611 1989 3666 quem

409 3690 574 3745 distat
603 3689 684 3745 sol
724 3705 752 3744 a
779 3689 905 3743 luna
926 3730 940 3751 .
980 3690 1070 3758 qui
1111 3689 1180 3743 sit
1202 3686 1519 3752 50272065,
1548 3686 1752 3756 majore
1779 3697 1992 3742 constat

412 3781 621 3836 ratione
644 3796 806 3852 quam
831 3782 1084 3850 nonnpla.
1118 3781 1199 3834 Ad
1225 3783 1369 3834 hunc
1396 3789 1575 3834 autem
1611 3780 1861 3848 superior
1892 3795 1991 3832 nu-

410 3889 614 3939 merus,
638 3874 731 3943 qni
754 3873 827 3929 sit
857 3872 1166 3941 20272065,
1189 3874 1399 3928 ratione
1424 3873 1735 3927 continetur
1756 3871 1992 3944 [minore

411 3982 572 4035 quam
614 3966 855 4020 dimidia.
885 3966 965 4021 Ad
1009 3965 1153 4021 hunc
1205 3973 1382 4021 autem
1436 3966 1683 4034 superior
1710 3979 1989 4029 numerus,

408 4060 503 4130 qui
534 4060 604 4113 sit
627 4059 934 4125 50817103,
969 4061 1180 4113 ratione
1214 4057 1559 4130 continetur]
1602 4057 1806 4128 majore
1829 4073 1990 4128 quam

410 4150 591 4219 dupla.
632 4151 713 4206 Ad
763 4151 907 4205 hunc
950 4162 1131 4205 autem
1186 4152 1436 4218 superior
1474 4157 1768 4219 numerus‘,
1798 4153 1886 4221 qui
1920 4152 1993 4206 sit

410 4240 714 4307 40341108,
746 4242 958 4297 ratione
985 4243 1352 4297 continebitur
1374 4245 1585 4298 minore
1611 4259 1773 4313 quam
1804 4259 1994 4315 super-

410 4343 626 4402 quarta.
661 4334 741 4388 Ad
797 4333 941 4389 [nunc
1001 4344 1183 4388 autem
1227 4335 1479 4402 superior
1508 4351 1767 4392 numerus
1797 4340 1889 4406 qui
1921 4340 1993 4394 sit

408 4424 718 4493 20275065,
755 4425 965 4480 ratione
992 4427 1304 4481 continetur
1331 4427 1533 4497 majore
1558 4442 1718 4496 quam
1746 4428 1988 4484 dimidia.

413 4523 494 4574 Ad
518 4522 662 4578 hunc
679 4533 860 4577 autem
886 4538 1171 4593 supremus
1189 4537 1468 4587 nmnerus,
1484 4523 1574 4593 qui
1593 4524 1666 4579 sit
1680 4523 1985 4597 60572065,

415 4613 625 4668 ratione
648 4615 959 4669 continetur
989 4615 1199 4669 minore
1226 4629 1386 4682 qnam
1412 4614 1593 4684 dupla.

2095 3142 2295 3196 ’Ὀτιδὲ
2329 3145 2377 3195 οἱ
2429 3142 2605 3195 λοιποὶ
2628 3141 2857 3212 ἀριθμοὶ
2900 3144 2949 3193 οἱ
2986 3141 3077 3193 ὑπ’
3133 3140 3513 3210 Ἀρχιμήδους
3555 3142 3684 3209 περὶ

2090 3236 2189 3307 τῆς
2235 3236 2593 3298 ἀποστάσεως
2639 3234 2750 3287 τῶν
2802 3232 3176 3304 πλανωμένων
3231 3231 3534 3301 λεγόμενοι
3586 3234 3685 3285 οὐκ

2090 3326 2148 3377 ἐν
2203 3324 2513 3394 συμφώνοις
2564 3324 2763 3391 λόγοις,
2832 3324 3013 3393 ῥᾴδιον
3053 3322 3277 3391 γνῶναι,
3316 3324 3443 3385 πῶς
3500 3322 3685 3392 ἔχουσι

2093 3416 2226 3488 πρὸς
2253 3416 2516 3485 ἀλλήλους
2531 3415 2622 3469 καὶ
2643 3415 2701 3467 ἐν
2731 3414 3039 3483 τίσιλόγοις
3064 3414 3168 3466 εἰσὶ
3192 3415 3682 3484 κατανοήσαντας·

2094 3509 2168 3579 μὴ
2196 3505 2337 3562 εἶναι
2369 3508 2425 3563 δὲ
2470 3511 2520 3563 Et
2576 3508 2815 3580 ἁρμονίᾳ
2870 3507 2963 3559 καὶ
3015 3507 3305 3578 συμφωνίᾳ
3364 3507 3559 3562 ταῦτα
3592 3506 3682 3560 τοῦ

2092 3608 2212 3662 καθ’
2252 3607 2520 3678 ἁρμονίαν
2597 3606 2930 3669 συνεστῶτος
2983 3605 3060 3678 [p.
3117 3605 3209 3660 48.
3264 3603 3403 3677 49.]
3473 3606 3685 3676 κόσμου

2091 3702 2220 3755 ὄντα
2252 3701 2396 3772 μέρη
2419 3699 2704 3754 ἀδύνατον.
2734 3697 2840 3751 Τοῦ
2874 3699 2970 3769 μὲν
2994 3697 3060 3770 δὴ
3094 3696 3313 3769 πρώτου
3341 3697 3480 3767 ἀριθ
3492 3699 3599 3767 μοῦ
3631 3696 3688 3749 ὃν

2092 3793 2401 3863 ἀφέστηκεν
2451 3794 2485 3863 ἡ
2536 3791 2733 3863 σελήνη
2781 3792 2882 3860 τῆς
2939 3790 3043 3860 γῆς
3090 3789 3241 3852 δντος
3297 3789 3538 3860 μυριάδ.
3578 3790 3685 3859 φνεῖ

2098 3888 2339 3958 μονάδων
2362 3885 2503 3957 ,δρλ’,
2527 3888 2555 3939 6
2577 3884 2827 3955 δεύτερος
2847 3883 3077 3953 ἀριθμὸς
3100 3882 3159 3936 ὃν
3174 3882 3503 3953 ἀφέστηκεν
3536 3884 3687 3953 ἣλιος

2091 3982 2189 4053 τῆς
2213 3979 2444 4050 σελήνης
2462 3976 2538 4029 ὣν
2569 3995 2639 4046 μυ
2650 3976 2789 4045 ριάδ.
2819 3975 2962 4040 ,εκζ’,
2997 3976 3241 4045 μονάδων
3270 3974 3423 4044 ,βξε’,
3451 3976 3516 4027 ὲν
3543 3976 3687 4044 λόγῳ

2093 4074 2209 4126 ἐστὶ
2236 4069 2561 4139 πλείονιθοῆ
2598 4068 2824 4121 ἔλασσον
2845 4069 2912 4099 ⁸⁸·
2945 4067 3081 4138 πρὸς
3128 4066 3185 4118 δὲ
3221 4065 3417 4121 τοῦτον
3457 4070 3490 4121 6
3540 4069 3685 4122 ἀνω-

2093 4168 2233 4238 τέρω
2253 4163 2486 4236 ἀριθμὸς
2516 4161 2590 4215 ὢν
2621 4161 2839 4232 μυριάδ.
2870 4159 3020 4228 ,βκζ’,
3052 4160 3237 4230 μονάδ.
3260 4158 3415 4229 ’βξε’,
3453 4161 3517 4212 ὲν
3543 4159 3688 4228 λόγῳ

2094 4259 2211 4312 ἐστὶ
2239 4256 2504 4329 [ἐλάττονι
2526 4253 2623 4323 "ﬁ
2655 4255 2686 4323 ή
2698 4252 2866 4323 μίσει.
2894 4250 3037 4322 Πρὸς
3069 4250 3126 4303 δὲ
3148 4249 3340 4304 τοῦτον
3360 4251 3389 4302 6
3418 4250 3690 4319 ἀνωτέρω

2094 4345 2326 4418 ἀριθμὸς
2345 4343 2419 4397 ὢν
2442 4343 2659 4415 μυριάδ.
2696 4359 2816 4406 ,επα
2837 4341 3077 4411 μονάδων
3100 4338 3256 4411 ,ζρξέ
3279 4341 3339 4391 ἐν
3355 4340 3510 4411 λόγῳ
3532 4339 3687 4411 tati}

2100 4438 2306 4491 πλείονι
2338 4435 2372 4506 ἢ
2410 4434 2698 4504 διπλασίῳ.
2745 4432 2890 4505 Πρὸς
2936 4431 2993 4485 δὲ
3022 4431 3211 4485 τοῦτον
3251 4432 3299 4463 ⁸³
3340 4433 3368 4483 6
3417 4431 3689 4502 ἀνωτέρω

2097 4529 2330 4601 ἀριθμὸς
2377 4527 2453 4581 ὢν
2497 4527 2712 4599 μυριάδ.
2765 4527 2887 4591 ,δνδ,
2939 4526 3182 4595 μονάδων
3232 4531 3402 4596 ,αρη’,
3448 4528 3511 4579 ὲν
3545 4527 3693 4594 λόγῳ

2099 4623 2251 4675 ἔσται
2269 4619 2511 4673 ἐλάττονι
2536 4617 3005 4688 ῆὲπιτετάρτῳθδ.
3027 4616 3169 4688 Πρὸς
3189 4616 3249 4670 δὲ
3262 4617 3463 4671 τοῦτον
3494 4621 3525 4672 6
3547 4621 3691 4672 ἀνωο

409 4708 555 4779 τέρω
589 4708 823 4780 ἀριθμὸς
861 4706 937 4762 ὢν
978 4709 1199 4781 μυριάδ.
1230 4707 1424 4781 ﬁat?”
1461 4712 1707 4781 μονάδων
1733 4713 1869 4780 ,εξε’,
1892 4718 1949 4769 ὲν
1971 4717 2114 4788 λόγῳ
2143 4716 2261 4769 ἐστὶ
2299 4711 2556 4782 πλείονιῆ
2583 4711 2791 4781 ἡμίσει.
2825 4710 2967 4782 Πρὸς
2992 4709 3048 4764 δὲ
3081 4709 3270 4764 τοῦτον
3292 4710 3341 4742 ³⁸
3362 4712 3393 4764 6
3419 4713 3691 4767 ἀνωτάτω

409 4802 641 4874 ἀριθμὸς
690 4802 766 4857 ὣν
807 4804 1027 4877 μυριάδ.
1070 4804 1206 4869 ,δλζ’,
1252 4804 1436 4875 μονάδ.
1484 4804 1627 4875 ,βξε’,
1662 4808 1720 4861 ὲν
1755 4810 1897 4882 λόγῳ
1940 4813 2060 4866 ἐστὶ
2082 4810 2325 4865 ἐλάττονι
2362 4807 2714 4879 ἢδιπλασίῳ.

482 4897 570 4951 Η.
603 4895 697 4955 lla:
724 4896 892 4967 igitur
939 4898 1179 4953 rationes
1209 4909 1263 4952 et
1286 4898 1456 4965 major
1489 4914 1648 4968 quam
1681 4904 1912 4972 nonnpla
1941 4915 1995 4958 et

2171 4892 2438 4958 Ηίθυτοι
2467 4900 2531 4972 δὴ
2560 4902 2610 4955 οἱ
2648 4900 2796 4971 λόγοι
2828 4902 2857 4956 ὃ
2902 4920 2960 4956 τε
3001 4902 3253 4957 πλείων⁹⁷
3282 4903 3318 4975 ἢ
3360 4904 3693 4976 [ἐννεαπλὼ

413 4989 591 5042 minor
623 5004 784 5058 quam
812 4989 1033 5043 dimidia
1073 4999 1128 5045 et
1152 4990 1324 5060 major
1349 5006 1507 5061 quam
1542 4993 1698 5060 dupla
1735 5004 1789 5048 et
1820 4996 1985 5051 minor

2103 5012 2215 5056 σιος
2242 4993 2411 5065 mu”
2439 4993 2680 5048 ἐλάττων
2708 4994 2741 5064 ἢ
2773 4994 2975 5065 ἥμισυς
3022 4996 3119 5049 καὶ
3153 4995 3356 5049 πλείων
3406 4998 3443 5068 ἣ
3492 4999 3693 5052 διπλά-

411 5098 572 5148 qnam
614 5094 976 5152 superquarta
1010 5093 1065 5137 et
1093 5083 1269 5154 major
1291 5099 1454 5154 quam
1487 5085 1710 5139 dimidia
1739 5098 1793 5139 et
1816 5088 1985 5140 minor

2103 5104 2212 5150 σιος
2237 5087 2331 5139 καὶ
2363 5085 2600 5140 ἐλάττων
2627 5086 2662 5157 ἢ
2681 5086 3033 5158 ὲπιτέταρτος
3057 5087 3151 5141 καὶ
3178 5087 3382 5141 πλείων
3416 5091 3454 5160 ἢ
3481 5092 3695 5162 ἥμισυς

411 5191 573 5242 ψνειη
600 5176 759 5245 dupla
795 5187 947 5231 extra
980 5191 1172 5231 omnes
1198 5188 1326 5231 sunt
1349 5185 1669 5243 toiicentus,
1700 5194 1765 5232 ex
1798 5179 1985 5246 quibus

2103 5181 2194 5232 καὶ
2216 5178 2454 5232 ἐλάττων
2489 5177 2523 5247 ἢ
2551 5177 2835 5243 διπλάσιος
2865 5178 2970 5244 ἔξω
3008 5179 3198 5233 πασῶν
3232 5181 3341 5232 είσι
3371 5183 3424 5215 ⁸⁸
3462 5199 3695 5253 συμφω-

1694 5335 1929 5389 V'AliizE
1970 5333 2372 5392 LECTIONES.

484 5497 527 5531 ἰ
580 5495 708 5562 δόξα
774 5497 835 5549 (Σ.
912 5494 959 5529 ⁸²
994 5488 1148 5559 οὗτος
1331 5494 1375 5525 ³³
1407 5496 1801 5566 ἁποστεμάτων
1863 5513 1944 5564 pr.
1991 5495 2054 5549 C.
2149 5494 2196 5566 ’ξ
2248 5493 2379 5566 me:
2418 5494 2684 5566 ἁρμονίαν
2713 5493 2789 5566 _C.
2890 5495 2937 5529 ⁸³
2984 5496 3152 5563 ἄλογα
3203 5497 3259 5550 δὲ
3316 5498 3384 5552 C.
3456 5501 3505 5533 ⁸⁵
3565 5504 3699 5555 ἀπυ-

416 5560 665 5637 στέματα
692 5566 753 5621 C.
824 5567 875 5637 7’77
900 5566 989 5619 τά.
1019 5566 1118 5637 τὰς
1148 5566 1211 5627 C.
1245 5565 1314 5619 M.
1392 5567 1436 5596 ⁸⁸
1471 5560 1828 5637 ἀποστὲματα
1853 5560 1914 5620 C.
1994 5567 2038 5598 "
2067 5564 2318 5636 ἀριθμῶν
2340 5560 2553 5637 C,7MV.W
2596 5566 2643 5597 ’°
2666 5564 2855 5637 πλεῖον
2884 5565 2947 5621 C.
3026 5568 3069 5599 “
3093 5560 3345 5622 ἔλασσον.
3387 5572 3472 5623 An
3505 5573 3673 5625 ὲννεα

418 5635 629 5713 πλαισίῳ
650 5635 672 5690 ?
695 5706 715 5713 Δ
745 5640 789 5713 ’ξ
820 5636 989 5713 l._I_nc_i_s
1017 5635 1236 5713 inclusa_
1257 5638 1551 5713 supplenda
1577 5635 1696 5713 esse
1728 5637 2313 5713 adinmmitJStecuius.
2344 5706 2351 5713 _
2388 5636 2433 5713 ’ξ
2463 5636 2621 5713 τοῦτο
2650 5636 2711 5692 C.
2789 5637 2835 5713 ξι
2861 5638 3321 5713 ἐπιτετάρτῳέτξὶ
3365 5640 3439 5712 δὴ
3474 5644 3609 5713 (διε)
3636 5642 3696 5697 C.

415 5707 459 5738 "
508 5703 642 5775 βκζ’.
677 5706 803 5778 ,βκξ
837 5708 898 5773 C,
928 5707 998 5762 Μ.
1074 5708 1119 5739 ’³
1144 5705 1357 5759 τοῦτον.
1400 5706 1572 5777 τούτῳ
1612 5707 1672 5761 C.
1750 5708 1791 5739 ’7
1820 5708 1987 5760 πλείω
2006 5709 2069 5763 C.
2149 5706 2192 5739 "
2222 5703 2387 5760 Uncis
2419 5705 2625 5764 inclusa
2652 5706 3037 5777 supplerintus.
3092 5702 3237 5761 ’θ”εἷ
3254 5706 3319 5763 C.
