3810 6222
165 233 290 300 3075
1228 239 1523 299 CONTRA
1561 241 1928 303 HJERESES
1966 244 2112 303 LIB.
2155 244 2251 302 IV.
3247 244 3387 307 3076

165 346 297 407 νιῶν,
345 341 401 409 ἐξ
454 333 534 397 ὧν
608 342 708 396 ούκ
760 343 1079 413 ἑναρμόνιόν
1132 361 1186 398 τι
1262 349 1358 399 καὶ
1418 347 1709 419 σύμφωνον

1834 366 1916 403 mn
1936 366 2241 421 congruens
2256 349 2524 421 quoddam
2546 358 2599 404 et
2620 349 2914 406 concinens
2931 348 3162 405 exsistat
3207 364 3386 421 syste-

164 432 379 505 σύστημ’
428 433 495 487 ἂν
541 434 807 503 γένοιτο-ί.
853 436 912 489 Ὀ
947 436 991 488 δ’
1043 435 1190 500 ἄπας
1244 440 1449 509 κόσμος
1502 439 1596 492 καὶ
1643 439 1713 492 τά

1834 456 1925 494 na.
1960 439 2258 495 Universus
2299 448 2478 495 autem
2516 441 2750 492 mundus
2796 436 3023 507 ejusque
3072 448 3255 507 partes
3295 455 3391 506 per

160 525 335 578 τούτου
370 522 509 596 μέρη
540 524 683 579 κατὰ
708 526 886 581 πάντα
906 529 927 559 ¹
979 528 1180 597 ὁμοίως
1230 528 1570 599 ὲναρμονίως
1592 570 1595 575 .
1619 531 1715 582 καὶ

164 616 450 684 συμφώνως
488 615 788 684 σύγκειται.
823 617 962 670 Οῐδὲ
1012 619 1322 689 ἑναρμόνιοι
1354 620 1451 672 καὶ
1480 620 1709 691 σύμφω-

160 722 235 760 νοι
270 702 419 771 λόγοι
461 703 750 769 σώζονται,
794 707 1047 776 καθάπερ
1113 711 1558 780 προειρήκαμεν,
1602 714 1716 774 τοῖς

158 795 448 857 διπλασίοις
482 796 575 848 καὶ
624 797 964 866 τριπλασίοις
1006 799 1388 870 διαστήμασιν.
1442 802 1505 856 Ei
1539 803 1604 873 δὴ
1636 821 1717 855 πι-

162 888 274 941 στὸν
300 888 386 943 τὸν
423 886 756 959 Ἀρχιμήδην
784 888 1110 959 ἡγησάμεθα
1140 892 1198 944 ὲν
1230 891 1376 962 μόνῳ
1405 892 1483 963 τῷ
1513 894 1716 964 πρώτῳ

161 981 493 1051 ἁποστήματι
520 978 744 1049 τῷ.ἀπὸ
772 980 1003 1052 σελήνης
1044 982 1205 1053 μέχρι
1232 985 1355 1052 γῆς.
1386 984 1566 1055 ῥᾴδιον
1614 985 1710 1037 καὶ

158 1069 227 1122 τά
256 1069 414 1122 λοιπά
442 1070 583 1123 κατά
620 1073 681 1123 τὸ
718 1068 999 1124 διπλάσιον
1024 1074 1117 1125 κα)⁵
1137 1073 1457 1144 τριπλάσιον
1489 1072 1718 1139 αὔξοντα

161 1161 346 1231 εὑρεῖν.
382 1162 559 1214 Ἔστω
580 1160 642 1233 δὴ
671 1161 813 1216 κατά
836 1162 928 1216 τὸν
970 1163 1299 1236 Ἀρχιμήδην
1349 1164 1410 1219 τὸ
1463 1165 1572 1218 ἀπὸ
1612 1165 1718 1234 γῆς

175 1252 329 1323 μέχρι
384 1251 618 1322 σελήνης
667 1254 1000 1324 ἀπόστημα³
1054 1255 1284 1309 σταδίων
1340 1256 1560 1326 μυριάδ.
1607 1254 1716 1321 φνδ¹

164 1343 393 1409 μονάδων
420 1341 566 1414 ,δρλ’,
596 1344 747 1398 ἔσται
784 1346 883 1415 μὲν
924 1344 990 1415 δὴ
1028 1345 1218 1400 τούτου
1267 1347 1552 1410 διπλάσιος
1593 1348 1718 1419 ἀρι-

162 1433 288 1503 θμὸς
316 1434 540 1487 σταδίων
579 1427 654 1490 ὧν
708 1436 1017 1507 ἀφέστηκεν
1052 1439 1081 1490 0
1130 1438 1281 1508 ἥλιος
1336 1439 1436 1508 τῆς
1490 1438 1716 1510 σελήνης

171 1526 380 1596 μυριάδ.
411 1526 586 1597 ,αρη’⁸
621 1527 715 1582 καὶ
739 1528 893 1598 ,ησξκ
928 1528 1036 1582 ἀπὸ
1067 1529 1124 1583 δὲ
1153 1529 1251 1598 τῆς
1282 1530 1384 1599 γῆς
1408 1530 1719 1601 ἀφέστηκεν

160 1618 188 1668 0
206 1616 348 1686 ἥλιος
366 1617 596 1670 σταδίων
618 1616 890 1691 [μυριάδά
913 1620 1077 1689 ,αχξγ’
1100 1622 1196 1673 καὶ
1219 1621 1321 1691 βττιι
1337 1622 1378 1674 ⁵.
1400 1623 1493 1676 καὶ
1522 1623 1619 1690 Ἀφ
1628 1640 1717 1692 ρο-

1815 533 1997 586 omnia
2035 533 2239 602 pariter
2272 538 2633 600 congruenter
2666 540 2720 581 et
2763 529 3111 583 concinenter
3144 530 3390 585 conditus

1815 634 1918 678 est.
1941 624 2314 693 Congruentes
2338 635 2518 678 autem
2545 632 2599 676 et
2627 621 2978 676 concinentes
3006 621 3237 675 rationes
3262 635 3391 675 rou-

1817 726 2104 769 servanlnr
2132 755 2147 779 ,
2182 714 2340 768 sicuti
2375 713 2720 782 praediximus
2746 751 2762 773 ,
2812 710 2987 780 duplis
3016 721 3069 763 et
3102 710 3276 779 triplis
3302 710 3389 765 di-

1818 808 2052 861 stantiis.
2108 806 2249 873 Ergo
2295 806 2342 858 si
2397 807 2555 858 tidem
2607 802 2957 869 adiunximus
2984 801 3293 856 Archimedi
3335 803 3390 856 in

1818 899 1930 951 sola
1966 899 2137 967 prima
2171 895 2454 955 distantia.
2481 909 2600 963 qum
2630 902 2715 947 est
2740 909 2767 945 a
2801 892 2925 944 luna
2954 896 3020 944 ad
3048 901 3272 951 terram,
3308 889 3385 942 fa-

1816 989 1918 1043 cile
1954 998 2037 1043 est
2080 996 2136 1042 et
2183 988 2421 1056 reliquas
2462 985 2762 1041 secundum
2820 983 3039 1050 duplum
3088 993 3141 1036 et
3173 983 3390 1049 triplnm

1820 1088 2101 1147 angentem
2144 1078 2404 1146 reperire.
2448 1075 2577 1129 Esto
2633 1076 2799 1140 igitur
2846 1074 3142 1128 secundum
3198 1073 3395 1126 Arrhi-

1820 1171 2025 1224 medetn
2044 1169 2295 1223 distantia
2311 1184 2342 1223 ιι
2363 1178 2503 1222 terra
2523 1169 2587 1219 ad
2610 1167 2788 1219 lunam
2811 1165 3104 1219 stadiorum
3119 1164 3389 1229 5544130,

1818 1259 1922 1314 erit
1957 1258 2119 1329 igitur
2153 1258 2310 1326 hujus
2349 1256 2543 1322 duplus
2576 1270 2832 1308 numerus
2878 1254 3177 1307 stadiorum
3209 1292 3224 1317 ,
3273 1266 3392 1320 qua:

1819 1352 1985 1405 distat
2008 1350 2088 1404 sol
2118 1365 2149 1403 a
2181 1349 2339 1413 luna,
2389 1346 2672 1401 “083260
2696 1385 2713 1410 ,
2759 1362 2787 1397 ιι
2830 1355 2975 1398 terra
3016 1355 3196 1396 autem
3228 1344 3395 1396 distat

1820 1442 1900 1498 sol
1927 1441 2222 1496 stadiorum
2265 1439 2583 1505 1663259ος
2633 1449 2688 1491 et.
2738 1436 2917 1491 Venus
2971 1452 3099 1489 vero
3151 1436 3315 1490 distat
3362 1450 3394 1489 a

1821 1534 1934 1587 sole
1987 1532 2200 1598 quidem
2244 1532 2543 1584 stadiormn
2594 1528 2907 1594 16652590,
2949 1544 2976 1581 a
3029 1538 3169 1581 terra
3212 1536 3392 1580 autem

1821 1622 2101 1677 55264780
2126 1622 2317 1682 stadia,
2342 1620 2641 1675 Mercurius
2665 1631 2844 1673 autem
2879 1635 2907 1672 a
2935 1618 3143 1672 Venere
3174 1619 3391 1681 quidem

159 1707 269 1777 δίτη
299 1706 355 1760 δὲ
385 1708 694 1779 ἀφέστηκεν
743 1711 851 1765 ἀπὸ
894 1714 995 1781 μὲν
1024 1712 1173 1783 ήλίου
1228 1713 1455 1767 σταδίων
1500 1715 1718 1784 μυριάδ.

1834 1714 1990 1767 distat
2017 1713 2310 1766 stadiorum
2340 1711 2644 1773 22176520,
2680 1726 2708 1763 a
2739 1721 2879 1765 terra
2903 1721 3081 1764 antem
3110 1708 3396 1763 55441500

160 1796 317 1866 ,αχξῇ
338 1798 434 1850 καὶ
456 1798 703 1863 σταδίους
729 1799 881 1870 ,βτηκ
907 1801 1015 1857 ἀπὸ
1038 1801 1095 1854 δὲ
1116 1804 1219 1872 γῆς
1247 1803 1524 1873 μυριάδων
1540 1811 1717 1871 ,γτκς’

160 1984 385 2038 σταδίων
419 1986 696 2057 μυριάδων
723 1986 874 2057 ,βσιιζζρ
911 1988 1139 2041 σταδίων
1173 1995 1343 2058 ,ςφκ’,
1380 1988 1490 2042 ἀπὸ
1529 1988 1584 2042 δὲ
1614 1990 1716 2057 γῆς

160 2077 432 2148 μυριάδων
455 2097 493 2144 ,ε
525 2082 856 2135 πεντακόσια
901 2081 972 2151 μδ
1007 2080 1256 2143 σταδίους
1301 2088 1414 2145 ⁴ατ’.
1456 2082 1630 2153 Ἀρης
1662 2081 1720 2134 δὲ

170 2168 365 2241 Ἑρμοῦ
399 2172 498 2241 μὲν
552 2174 828 2242 ἀφέστηκε
875 2173 1025 2228 σταδ.
1075 2174 1292 2243 μυριάδ.
1328 2171 1559 2240 Marri)".
1591 2191 1723 2227 στα-

157 2256 300 2322 δίους
334 2259 479 2331 ᾖρον,
516 2261 625 2315 ἀπὸ
655 2262 713 2315 δὲ
741 2261 846 2331 γῆς
897 2262 1116 2333 μυριάδ.
1164 2263 1402 2333 μυριάδα
1439 2264 1532 2317 καὶ
1576 2262 1722 2331 φλγ’,

1825 1805 2041 1869 Stadia;
2078 1802 2224 1858 Mars
2265 1813 2444 1859 autem
2494 1820 2523 1856 a
2565 1802 2829 1857 Mercurio
2883 1802 3049 1854 tlislal
3099 1801 3397 1867 stadiorum

1826 1895 2131 1961 49897170,
2160 1911 2190 1950 a
2213 1904 2355 1952 terra
2388 1906 2568 1949 autem
2600 1893 2917 1949 105558470
2943 1894 3114 1946 stadia
3144 1910 3159 1956 ;
3192 1890 3401 1960 Jupiter

1827 2002 2003 2045 autem
2038 2007 2065 2044 a
2099 1991 2268 2046 Marte
2306 1991 2523 2059 quidem
2570 1993 2728 2042 distat
2771 1988 3053 2044 44555040
3100 1988 3206 2058 72
3235 2017 3263 2029 -
3293 1987 3398 2057 73

1828 2082 2002 2135 stadia
2026 2123 2040 2145 ,
2078 2096 2107 2134 a
2146 2089 2290 2134 terra
2322 2090 2501 2133 autem
2540 2078 2856 2134 1496915111
2883 2077 3054 2129 stadia
3084 2090 3099 2139 ;
3135 2074 3401 2129 Saturnus

1829 2188 1859 2227 a
1885 2171 2017 2227 Jove
2052 2171 2268 2238 quidem
2296 2172 2463 2237 distat
2488 2172 2791 2227 stadiorum
2826 2168 3160 2229 149691510,
3203 2183 3230 2219 a
3258 2177 3401 2223 terra

1832 2273 2009 2316 autem
2040 2261 2358 2317 299585020
2382 2262 2576 2317 stadia.

159 2349 401 2413 σταδίους
425 2355 571 2420 ,ηυο⁹.
600 2353 734 2413 Ζεὺς
759 2351 815 2403 δὲ
840 2351 1050 2421 ’Ἄρεως
1083 2352 1180 2421 μὲν
1210 2351 1489 2423 ἀφέστηκε
1518 2352 1736 2424 μυριάδ.
1774 2352 1945 2416 ,δ·.›λε’,
1987 2353 2233 2416 σταδίους
2271 2351 2377 2423 ,γμ’
2397 2353 2441 2420 ⁷,
2476 2352 2586 2407 ἀπὸ
2625 2352 2683 2406 δὲ
2722 2352 2825 2421 γῆς
2858 2351 3078 2423 μυριάδ.
3115 2345 3402 2423 [μυριάδα]

158 2442 251 2498 καὶ
277 2441 474 2514 ,δεῇξψ⁸
505 2441 581 2515 [p.
609 2442 865 2516 49—5l.]
899 2444 1145 2510 σταδίους
1171 2443 1320 2514 ,αφι’.
1363 2446 1570 2516 Κρόνος
1636 2445 1745 2500 ἀπὸ
1787 2446 1887 2516 μὲν
1940 2447 2062 2509 Διὸς
2108 2448 2391 2516 ἀφέστηκε
2462 2446 2693 2499 σταδίων
2746 2447 2969 2518 μυριάδ.
3032 2444 3269 2517 μυριάδα
3308 2444 3405 2497 καὶ

171 2539 305 2608 δῖιξθ
336 2542 379 2602 ⁸,
407 2541 652 2604 σταδίους
682 2547 832 2612 ,αφι¹,
866 2542 975 2595 ἀπὸ
999 2542 1057 2596 δὲ
1092 2543 1194 2612 γῆς
1227 2542 1446 2613 μυριάδ.
1475 2541 1741 2612 μυριάδας
1783 2543 1827 2612 β’
1857 2545 1950 2597 καὶ
1984 2544 2027 2575 ¹⁰
2059 2543 2257 2615 ,θξόληκ
2292 2543 2541 2606 σταδίους
2569 2560 2675 2613 xx.

232 2632 314 2686 Η.
349 2632 446 2695 Τίς
474 2632 535 2684 οὐ
567 2632 840 2703 θαυμάσει
872 2633 971 2703 τὴν
1004 2632 1275 2704 τοσαύτην
1308 2633 1565 2706 φροντίδα
1595 2636 1732 2704 μετά

156 2724 406 2779 τοσούτου
456 2725 618 2777 πόνου
666 2724 1077 2795 γεγενημένην;
1126 2726 1226 2778 οὐκ
1270 2727 1489 2797 ἀχρεῖος
1527 2728 1584 2780 δέ
1642 2745 1730 2798 μοι

156 2817 336 2871 οὑτοσὶ
375 2818 403 2869 0
446 2815 778 2885 Πτολεμαῖος
826 2818 854 2869 0
899 2816 1104 2871 τούτων
1157 2818 1501 2889 μεριμνητὴς
1551 2819 1730 2872 δοκεῖ·

1910 2638 1998 2693 12.
2031 2639 2163 2704 Quis
2188 2653 2293 2692 non
2343 2637 2699 2689 atlmiraliitnr
2730 2645 2932 2688 tantam
2966 2634 3238 2690 solertiam
3260 2642 3408 2688 tanto

1839 2744 1959 2783 cum
1991 2728 2173 2784 labore
2194 2727 2504 2796 peractam?
2524 2724 2639 2779 Non
2669 2725 2869 2779 inutilis
2896 2735 3075 2780 autem
3096 2725 3226 2779 mihi
3252 2724 3407 2779 lticce

1841 2821 2162 2876 Ptolemaeus
2213 2821 2427 2875 videtur
2478 2819 2670 2873 harum
2728 2833 2906 2871 rerum
2955 2825 3263 2883 scrutator,
3307 2817 3407 2869 nisi

156 2910 311 2963 τοῦτο
336 2908 392 2961 δὲ
426 2908 585 2977 μόνον
625 2907 815 2971 λυπεῖ,
864 2907 943 2971 ώς
972 2908 1284 2979 πρόσφατος
1314 2910 1594 2979 γεννηθεὶς
1634 2911 1723 2963 οὐκ

1839 2912 1980 2980 quod
2017 2912 2117 2966 hoc
2150 2920 2327 2964 tamen
2361 2910 2528 2972 dolet,
2562 2910 2705 2978 quod
2732 2922 2902 2975 nuper
2929 2908 3216 2963 admodum
3255 2917 3412 2962 natus

156 3001 452 3072 εὔχρηστος
474 3000 765 3071 γεγένηται
787 3000 1059 3068 γιγάντων
1082 3002 1272 3054 παισὶν
1300 3002 1364 3067 ¹¹,
1387 3003 1437 3055 οἳ
1459 3002 1525 3054 τὰ
1559 3001 1723 3072 μέτρα

1837 3003 1953 3058 usui
1994 3018 2114 3057 esse
2163 3019 2266 3056 non
2316 3002 2490 3071 potuit
2536 3003 2810 3069 gigantum
2866 2999 2991 3056 ﬁliis
3020 3042 3036 3067 ,
3091 3002 3181 3071 qui
3218 3002 3408 3054 harum

156 3093 328 3148 ταῦτα
364 3093 693 3164 ἠγνοηκότες
726 3093 892 3161 ἐγγὺς
921 3091 1233 3163 νομίζοντες
1265 3088 1405 3147 εἶναι
1436 3094 1544 3163 ὕψη
1566 3095 1733 3163 ούρα-

156 3186 250 3240 νοῦ
286 3185 490 3256 πύργον
523 3184 701 3255 μάτην
733 3184 1096 3255 ἐπεχείρησαν
1124 3187 1320 3251 ποιεῖν,
1349 3179 1430 3249 οἷς
1456 3187 1503 3238 εἰ
1536 3186 1577 3216 ¹²
1611 3185 1732 3238 κατ’

157 3279 333 3331 ἐκεῖνο
378 3276 568 3348 παρὼν
596 3276 664 3330 τὰ
715 3278 889 3347 μέτρα
929 3277 1229 3348 διηγήσατο
1253 3318 1267 3342 ,
1306 3279 1407 3331 ούκ
1447 3278 1513 3331 ἂν
1557 3278 1734 3347 μάτην

154 3368 606 3439 τετολμήκεισαν.
652 3368 716 3421 Εἰ
757 3368 814 3420 δέ
862 3383 946 3432 τις
989 3368 1164 3439 τούτῳ
1213 3368 1412 3437 φάσκει
1458 3370 1730 3434 ἀπιστεῖν,

160 3463 441 3533 μετρήσας
478 3460 771 3514 πειθέσθω·
813 3461 1019 3535 ταύτης
1046 3462 1156 3533 γὰρ
1189 3463 1573 3533 φανερωτέραν
1600 3462 1735 3515 ἁπό-

155 3553 321 3619 δειξιν
348 3554 446 3607 οὐκ
469 3554 583 3624 ἔχει
602 3554 739 3625 πρὸς
762 3553 888 3619 τοὺς
912 3554 1196 3617 ἀπίστους.
1221 3555 1285 3607 Ὢ
1312 3555 1676 3624 ματαιοπόνου
1692 3554 1734 3585 ⁸⁸

155 3644 339 3715 ψυχῆς
371 3644 687 3715 φυσιώσεως
730 3645 826 3699 καὶ
878 3644 1114 3710 πίστεως
1152 3645 1406 3709 ἀπίστου,
1457 3646 1545 3700 ἵνα
1594 3645 1733 3699 πάν-

156 3754 269 3800 τως
313 3735 355 3767 ¹¹⁵
392 3736 728 3807 Πτολεμαῖος
774 3737 937 3806 σοφὸς
970 3736 1259 3809 νομίζηται
1304 3739 1460 3809 παρά
1489 3739 1603 3802 τοῖς
1634 3738 1734 3809 τὴν

156 3826 352 3898 ὁμοίαν
380 3826 571 3896 σοφίαν
602 3828 895 3899 ήσκηκόσι.

231 4009 321 4066 15.
363 4008 585 4073 Τούτοις
614 4010 669 4061 έν
703 4009 859 4080 μέρει
890 4007 1206 4079 ἐπισχόντες
1233 4008 1377 4071 τινὲς
1413 4006 1490 4071 ώς
1523 4006 1735 4078 μεγάλα

158 4105 449 4175 κρίναντες
478 4102 574 4155 καὶ
602 4101 761 4168 λόγου
789 4100 915 4165 ἄξια
956 4100 1274 4171 νομίσαντες
1321 4098 1561 4171 αἱρέσεις
1599 4098 1737 4169 ἀμέ-

154 4212 322 4268 τρους
359 4197 453 4249 καὶ
483 4193 747 4264 ἀπείρους
789 4192 1205 4263 συνεστήσαντο.
1240 4185 1351 4244 .Ὦν
1383 4188 1465 4254 εἷς
1503 4190 1602 4261 μὲν
1634 4192 1738 4243 Κο-

1836 3110 2210 3149 mensurarmn
2245 3094 2459 3164 ignari,
2491 3108 2657 3162 prope
2706 3094 2899 3147 abesse
2940 3093 3040 3146 rati
3071 3093 3409 3147 altitudinem

1833 3186 1953 3241 caeli
1985 3226 2000 3249 ,
2068 3197 2270 3240 turrem
2320 3187 2589 3239 incassum
2641 3183 2926 3253 periclitati
2986 3195 3116 3237 sunt
3176 3191 3406 3242 struere.

1833 3279 2029 3348 quibus
2069 3279 2114 3332 si
2143 3278 2235 3332 illo
2271 3286 2513 3345 tempore
2544 3290 2784 3345 praesens
2814 3293 3099 3331 mensuras
3128 3277 3411 3343 exposuis-

1833 3380 1953 3432 set,
1984 3383 2093 3423 non
2138 3368 2211 3422 illi
2261 3369 2533 3424 incassum
2566 3366 2855 3437 periclitati
2900 3366 3100 3421 forent.
3138 3367 3233 3421 Sin
3282 3380 3409 3421 vero

1834 3462 2099 3532 quispiam
2143 3475 2202 3515 se
2248 3460 2372 3515 huic
2429 3459 2586 3514 ﬁdem
2637 3476 2741 3513 non
2788 3459 2994 3515 habere
3047 3458 3410 3529 proﬁtebitur,

1839 3559 1954 3625 ipse
1981 3568 2202 3610 mensus
2233 3553 2392 3606 ﬁdem
2423 3552 2627 3607 habere
2651 3552 2860 3616 discat;
2896 3552 2996 3604 hac
3016 3551 3232 3619 quidem
3261 3566 3413 3619 aper-

1836 3647 2026 3698 tiorem
2061 3641 2572 3698 demonstrationem
2608 3656 2712 3695 non
2762 3642 2924 3707 habet
2985 3638 3311 3694 incredulis.
3371 3637 3415 3693 Ο

1836 3737 2033 3792 frustra
2088 3736 2421 3791 laborantem
2468 3734 2630 3791 animi
2679 3733 3046 3787 sulllationem
3082 3739 3140 3785 et
3188 3730 3411 3784 inlidam

1839 3829 2016 3891 fidem,
2048 3838 2106 3882 nt
2132 3827 2323 3897 quovis
2350 3835 2509 3893 pacto
2536 3823 2861 3879 Ptolemaeus
2892 3823 3108 3892 sapiens
3135 3823 3412 3876 existinm-

1838 3930 1924 3972 tur
1955 3918 2094 3988 apud
2120 3933 2234 3983 eos,
2262 3919 2354 3987 qui
2389 3934 2573 3988 parem
2606 3917 2932 3987 sapientiam
2962 3916 3188 3988 professi
3214 3926 3359 3970 sunt.

1904 4009 1993 4063 15.
2024 4007 2146 4062 Ιίωε
2169 4024 2263 4062 sua
2297 4009 2531 4078 quisque
2558 4010 2768 4063 ratione
2794 4008 2965 4063 secuti
3003 4020 3257 4078 tanquam
3296 4022 3415 4060 ma-

1838 4117 1939 4171 gna
1967 4100 2216 4153 arbitrati
2252 4111 2307 4155 et
2352 4100 2532 4155 studio
2559 4100 2721 4170 digna
2758 4101 2994 4155 haereses
3040 4101 3333 4153 immensas
3360 4107 3417 4152 et

1840 4195 2077 4248 infinitas
2106 4194 2485 4249 condiderunt.
2525 4194 2602 4248 Et
2645 4194 2841 4261 quibus
2895 4208 3034 4249 unus
3064 4192 3413 4255 Colarbasus,

156 4288 475 4362 λάρὸασος,
505 4286 564 4351 ὃς
606 4286 695 4340 διὰ
736 4285 952 4357 μέτρων
995 4286 1088 4338 καὶ
1133 4283 1382 4356 ἀριθμῶν
1423 4283 1723 4337 ἐκτίθεσθαι

1840 4288 1926 4356 qni
1968 4302 2064 4356 per
2089 4301 2372 4341 mensuras
2405 4295 2461 4340 et
2487 4300 2745 4342 numeros
2791 4285 3067 4355 explicare
3100 4282 3415 4354 religionem

156 4380 479 4435 θεοσέὁειαν
519 4380 788 4450 ἐπιχειρεῖ
815 4379 878 4410 ¹⁸·
932 4379 1025 4431 καὶ
1066 4377 1242 4448 ἕτεροι
1282 4376 1339 4429 δὲ
1393 4375 1596 4446 ὁμοίως
1641 4375 1735 4439 οὓς

156 4474 526 4546 ἐπιδείξομεν,
571 4472 710 4527 ἐπὰν
739 4471 810 4526 τά
854 4471 982 4543 περὶ
1008 4471 1185 4524 αὐτῶν
1215 4468 1510 4541 ἀρξώμεθα
1537 4469 1737 4537 λέγειν,

152 4566 209 4621 οἳ
244 4564 597 4637 Πυθαγορείῳ
621 4564 785 4635 ψήφῳ
824 4563 900 4627 ώς
931 4562 1129 4633 δυνατῇ
1163 4560 1491 4631 προσέχουσι
1525 4562 1620 4613 καὶ
1644 4558 1742 4630 τὴν

153 4658 384 4728 ἀσφαλῆ
417 4656 735 4727 φιλοσοφίαν
776 4655 845 4709 δι’
883 4654 1133 4727 ἀριθμῶν
1165 4653 1259 4707 καὶ
1300 4652 1583 4723 στοιχείων
1614 4668 1742 4721 σχε-

150 4751 407 4815 διάξουσι
442 4750 831 4821 μαντευόμενοι
864 4749 1069 4818 μάταια
1090 4764 1103 4779 ⁸
1135 4742 1210 4801 ὧν
1242 4745 1445 4817 ὁμοίως
1478 4746 1521 4777 ⁸⁸
1550 4743 1739 4813 λόγους

150 4843 551 4917 ὲρανισάμενοί
576 4843 617 4874 ⁸⁷
648 4859 792 4905 τινες
818 4840 1203 4895 ἀποπλανῶσιν
1228 4838 1463 4902 ἰδιώτας,
1492 4852 1741 4907 προγνω-

151 4938 388 4998 στικοὺς
416 4937 459 4969 ⁸⁸
486 4936 709 4998 ἑαυτοὺς
740 4935 1038 5005 φάσκοντες
1062 4931 1172 4985 ἐσθ’
1202 4932 1291 4985 ὅτε
1320 4930 1408 4985 διὸ.
1439 4928 1534 4983 τοῦ
1568 4925 1737 4981 πολλά

154 5024 532 5099 μαντεύεσθαι
575 5024 634 5078 ἓν
677 5020 1134 5094 ἐπιτυγχάνοντες
1184 5022 1279 5075 καὶ
1333 5020 1428 5074 ἐπὶ
1476 5017 1576 5088 μὲν
1620 5017 1736 5077 τοῖς

154 5119 387 5184 πολλοῖς
425 5117 806 5188 ἀποτεύγμασι
844 5118 919 5189 μὴ
959 5114 1268 5186 αἰδούμενοι
1288 5155 1303 5180 ,
1336 5113 1429 5166 ἐπὶ
1456 5111 1513 5165 δὲ
1544 5108 1621 5180 τῷ
1655 5108 1738 5161 ὲνὶ

1841 4378 2061 4431 deorum
2097 4384 2344 4439 conatur,
2367 4384 2423 4428 et
2454 4374 2544 4429 alii
2574 4374 2851 4436 similiter,
2889 4388 3026 4441 quos
3047 4373 3415 4436 ostendemus,

1837 4468 2054 4534 quando
2096 4475 2403 4521 commenta
2434 4479 2621 4521 eorum
2680 4480 2966 4522 recensere
2995 4464 3295 4527 ordiemur,
3325 4462 3416 4531 qui

1838 4556 2227 4629 Pythagoreum
2248 4568 2560 4626 computum
2595 4568 2850 4627 tanquam
2881 4555 3148 4612 elIicacem
3172 4569 3417 4624 sequun-

1839 4661 1927 4704 tur
1962 4661 2018 4704 et
2060 4649 2309 4704 stabilem
2344 4648 2744 4719 philosophiam
2785 4664 2881 4718 per
2914 4662 3169 4703 numeros
3215 4658 3271 4702 et
3308 4646 3418 4701 ele-

1840 4751 2016 4796 menta
2030 4741 2510 4796 comminiscuntur
2524 4740 2773 4796 bariolati
2798 4755 2955 4797 vana.
2979 4739 3217 4807 Quorum
3239 4748 3416 4792 tamen

1840 4834 2079 4889 rationes
2110 4832 2359 4888 snll‘urati
2401 4833 2622 4902 quidam
2657 4833 2711 4887 in
2745 4846 2965 4887 errores
2988 4841 3156 4901 agunt
3194 4830 3416 4899 imperi-

1845 4936 1949 4990 tos,
1971 4940 2093 4979 cum
2117 4938 2176 4979 se
2198 4924 2573 4994 prognosticos
2595 4923 2895 4994 appellant,
2918 4923 3008 4992 qui
3031 4921 3268 4992 quidem,
3292 4936 3416 4976 cum

1844 5015 2009 5070 multa
2039 5016 2419 5079 Vaticinaotur,
2448 5031 2611 5069 unum
2642 5014 2914 5084 quoddam
2943 5022 3333 5081 assequuntur,
3363 5022 3418 5065 et

1844 5108 1898 5162 in
1928 5109 2111 5164 multis
2136 5124 2255 5179 quae
2287 5125 2391 5164 non
2420 5108 2766 5180 contigerunt
2800 5107 2943 5162 haud
2974 5105 3320 5167 erubescunt,
3365 5104 3415 5157 in

1431 5265 1667 5322 VARUE
1705 5262 2109 5322 LECTIONES.

225 5443 245 5473 ⁸
273 5433 856 5509 σύστημαγένοιτο,ίὲ2
880 5432 951 5509 λζ,
1056 5434 1262 5509 πάντας
1281 5431 1355 5509 9,
1385 5431 1456 5509 M_.
1491 5433 2042 5509 _f&_n00‘§aﬁ;¢_corr._
2066 5429 2129 5482 (ἶ.
2203 5426 2487 5509 ἠαριηχα
2505 5498 2517 5509 ι
2560 5426 2729 5509 ἰχθττ
2753 5426 2814 5481 C.
2883 5424 2904 5455 ⁸
2923 5422 3093 5509 ’,δῆθ’
3114 5448 3204 5509 5—"
3216 5416 3328 5509 ﬁet):

152 5514 177 5545 ⁷
201 5488 337 5593 ml“;
354 5488 704 5595 ζέεῖπῖοὲζὶίς
748 5488 972 5595 ,εἶτξῖ
996 5502 1081 5595 (⁵ο.
1108 5488 1157 5537 ³
1187 5488 1378 5595 σέἑξθᾍ
1403 5502 1554 5591 ἐρξδῖ
1575 5503 1637 5566 εν
1656 5488 1923 5595 ,aaéa'at-
2003 5503 2045 5533 ‘°
2073 5488 2339 5595 μυξιάδσίς
2367 5494 2410 5595 ξ’
2427 5498 2527 5595 33°“
2546 5488 2742 5595 ιῗὲλτίῖ·
2773 5494 3011 5595 μυοιὲδα
3042 5490 3323 5595 ἓξὲέῗδξὶῖιὲ

157 5573 423 5682 μυριάδᾶ
451 5580 545 5682 καὶ
587 5573 761 5682 θῦλτί

935 5576 973 5606 ¹¹
1006 5576 1171 5629 πᾶσιν
1196 5575 1257 5629 (Σ.
1336 5573 1378 5604 ¹²
1407 5572 1488 5636 οἷς
1524 5573 1599 5636 ώς
1621 5577 1669 5627 εί
1691 5574 1753 5627 C.

1833 5571 1876 5604 ⁸³
1904 5560 2267 5640 ματαιὸπόνου
2306 5560 2398 5640 καί
2427 5567 2520 5640 CL
2572 5560 2625 5599 ’δ’
2649 5560 2867 5621 πάντων
2902 5564 2965 5621 C.
3045 5564 3088 5596 ¹⁸
3110 5562 3322 5632 ὲκιρρεῖ
3344 5560 3420 5617 υ.

237 5636 463 5714 ὁμοίους
491 5646 555 5712 C.
588 5636 669 5709 Μξ
683 5636 749 5701 an
783 5644 969 5713 ὅμωςῖ
1030 5646 1071 5677 ¹⁷
1110 5642 1476 5711 ὲρανίσαμιιν⁹
1509 5643 1703 5707 οἵτινες
1734 5642 1794 5697 C.
1876 5636 1917 5675 ⁸⁸
1948 5642 2084 5706 πρὸς
2115 5639 2447 5703 γνωστικοὺς
2482 5636 2541 5691 C.
