3810 6222
371 279 509 348 6077

1825 263 2192 329 ORIGENIS

3512 263 3670 326 3078

373 411 481 451 uno
509 400 689 448 autem
726 387 818 446 illo
845 389 1170 462 gloriantur.
1204 384 1281 441 Ne
1309 386 1502 440 horum
1544 383 1763 454 quidem
1813 381 1949 436 insi-

2077 381 2522 453 ιγκομπάξοντες.
2553 377 2688 435 Οὑδέ
2715 378 2923 434 τούτων
2944 378 3044 451 τὴν
3067 379 3267 449 ἄσοφον
3297 379 3508 450 σοφίαν
3551 398 3667 434 πα-

372 487 611 556 pientem
642 483 968 552 sapientiam
1001 478 1409 550 praetermittam
1438 515 1453 540 ,
1487 475 1579 530 sed
1603 511 1620 536 ,
1666 481 1953 542 postquam

373 589 677 646 exposuero
702 612 718 638 ,
749 589 844 629 eos
877 573 967 644 qui
1001 586 1067 625 ex
1097 570 1184 625 his
1215 569 1527 639 religionem
1571 567 1790 621 deorum
1824 579 1956 618 con-

375 670 605 723 stituere
631 674 896 720 conantur
930 675 1218 732 coarguam
1248 659 1476 712 inﬁrmae
1503 655 1701 711 radicis
1735 663 1791 709 et
1818 653 1956 706 frau-

372 763 499 816 dum
533 761 704 828 plena:
739 772 861 813 esse
896 754 1208 824 discipulos.

441 853 528 907 M.
559 851 727 920 Igitur
753 849 826 902 illi
852 849 942 917 qui
973 861 1067 915 per
1091 844 1332 900 calculos
1361 849 1415 895 et
1443 852 1696 894 numeros
1725 836 1956 890 elemen-

371 955 538 1014 taque
572 953 624 997 ct
664 943 881 996 nomina
912 937 1196 992 vaticinari
1226 934 1518 1004 Opinantur
1561 929 1628 984 ab
1669 929 1772 982 hoc
1801 926 1954 996 prin-

371 1035 514 1105 cipio
543 1032 770 1103 profecti
803 1040 974 1085 artem
1001 1044 1155 1084 suam
1177 1028 1437 1089 condunt,
1471 1037 1592 1078 cum
1617 1021 1805 1075 dicunt
1833 1032 1954 1072 esse

372 1131 597 1184 fundum
631 1127 824 1197 singuli
857 1125 1119 1194 cujusque
1152 1123 1361 1176 numeri
1393 1120 1445 1172 in
1477 1115 1804 1173 chiliadibus
1835 1113 1955 1181 qui-

373 1223 494 1276 dem
533 1229 616 1276 tot
645 1219 928 1280 monades,
976 1217 1119 1286 quod
1154 1214 1265 1270 sint
1289 1212 1574 1275 chiliades,
1614 1207 1776 1262 veluti
1806 1203 1954 1277 74-

373 1313 480 1385 75
502 1329 593 1368 sex
617 1312 841 1366 millium
864 1311 1060 1364 fundus
1077 1317 1158 1363 est
1181 1309 1430 1362 senarius
1449 1319 1725 1370 numerus,
1746 1314 1951 1374 septem

372 1406 605 1461 millium
650 1402 1013 1475 septenarius,
1039 1410 1160 1454 octo
1188 1399 1415 1454 millium
1449 1397 1702 1452 monades
1723 1406 1872 1458 octo,
1899 1404 1956 1448 et

372 1498 426 1552 in
458 1497 682 1568 reliquis
714 1496 917 1564 pariter
941 1535 955 1558 ,
986 1491 1172 1547 eadem
1203 1491 1416 1544 ratione
1461 1497 1514 1544 et
1549 1489 1602 1542 in
1633 1489 1953 1552 hecatonta-

374 1590 554 1652 ilibus,
587 1599 718 1657 quot
747 1588 852 1642 sint
881 1584 1287 1650 hecatoutades,
1316 1591 1393 1636 tot
1420 1580 1678 1635 monades
1717 1587 1798 1632 est
1829 1577 1948 1631 l‘un-

375 1682 476 1734 dus
507 1694 716 1742 earum,
747 1677 910 1732 veluti
944 1675 1413 1744 septingentorum
1456 1681 1662 1737 septem
1697 1678 1822 1722 sunt
1852 1670 1946 1722 he-

2057 471 2418 544 ραπέμψομαι
2434 513 2448 536 ,
2488 471 2604 525 ἀλλ’
2633 469 2927 540 ἐκθέμενος
2953 472 3082 534 τοὺς
3110 471 3174 523 ἐκ
3196 469 3404 523 τούτων
3430 471 3666 540 ἐπιχει-

2059 559 2284 632 ροῦντας
2332 559 2644 613 θεοσέϐειαν
2680 561 2940 630 συνιστᾷν
2970 559 3176 626 ἐλέγξω
3208 558 3366 629 ῥίζης
3400 559 3667 611 ἀσυστά-

2055 670 2148 707 του
2179 653 2275 708 καὶ
2301 653 2635 735 πανουργίας
2665 652 2710 684 ¹⁹
2733 651 3006 706 άναπλέου
3029 653 3078 684 ³⁸
3105 652 3264 715 ὄντας
3294 650 3588 723 μαθητάς.

2127 837 2213 891 14.
2245 837 2309 891 Οἱ
2343 836 2441 908 μὲν
2479 832 2571 890 οὖν
2608 836 2695 890 διά
2733 835 2931 906 ψήφων
2963 853 3023 889 τε
3071 835 3168 889 καὶ
3203 834 3460 906 ἀριθμῶν
3503 851 3658 888 στοι-

2055 929 2218 1001 χείων
2247 946 2306 982 τε
2335 929 2427 982 καὶ
2450 928 2733 998 ὀνομάτων
2767 927 3131 998 μαντεύεσθαι
3165 925 3491 996 νομίζοντες
3521 926 3661 978 ταὺ-

2051 1040 2152 1092 την
2189 1022 2362 1093 ἀρχὴν
2404 1022 2799 1091 ἐπιχειρήσεως
2845 1020 2940 1073 τοῦ
2986 1021 3107 1072 κατ’
3154 1019 3353 1082 αὐτοὺς
3379 1019 3427 1050 ’ί
3483 1017 3656 1086 λόγου

2055 1113 2370 1178 ποιοῦνται,
2418 1113 2720 1182 φάσκοντες
2755 1110 3006 1181 πυθμένα
3059 1105 3196 1163 εἶναι
3247 1109 3494 1163 ἑκάστου
3541 1108 3659 1161 τῶν

2053 1204 2320 1277 ἀριθμῶν,
2352 1204 2442 1256 ἑπὶ
2465 1203 2564 1273 μὲν
2585 1203 2693 1256 τῶν
2713 1202 2966 1273 χιλιάδων
2992 1201 3260 1264 τοσαύτας
3283 1198 3364 1272 [p.
3395 1201 3494 1264 51,
3523 1197 3653 1271 52.]

2057 1297 2310 1367 μονάδας,
2332 1296 2452 1348 ὅσαι
2478 1295 2542 1348 ἂν
2558 1288 2658 1348 ὦσι
2681 1295 2915 1364 χιλιάδες
2930 1333 2943 1356 ,
2977 1288 3088 1347 οἷον
3107 1294 3216 1347 τῶν
3250 1292 3658 1363 ἑξακισχιλίων

2053 1389 2081 1440 6
2100 1387 2318 1459 πυθμὴν
2339 1386 2562 1458 μονάδες
2576 1385 2654 1452 ἓξ,
2669 1385 2777 1438 τῶν
2795 1384 3213 1455 ἑπτακισχιλίων
3233 1384 3466 1455 μονάδες
3481 1382 3654 1447 ἑπτὰ,

2054 1482 2163 1535 τῶν
2184 1479 2606 1550 ὀκτακισχιλίων
2632 1479 2858 1550 μονάδες
2885 1477 3048 1543 ὀκτὼ,
3069 1478 3163 1532 καὶ
3185 1478 3277 1530 ἐπὶ
3309 1477 3420 1530 τῶν
3440 1476 3658 1530 λοιπῶν

2061 1573 2262 1645 ὁμοίως
2311 1571 2452 1626 κατὰ
2495 1571 2564 1625 τὰ
2605 1570 2784 1636 αὐτὰ,
2826 1571 2922 1625 καὶ
2961 1569 3196 1622 ἐπὶτῶν
3243 1569 3656 1633 ἑκατοντάδων,

2061 1668 2183 1721 ὅσαι
2218 1667 2282 1720 ἂν
2315 1659 2448 1718 ὦσιν
2482 1665 2539 1718 αἱ
2586 1662 2939 1726 ἑκατοντάδες
2963 1701 2980 1728 ,
3026 1660 3285 1715 τοσαῦται
3343 1660 3586 1731 μονάδες
3629 1662 3660 1712 6

376 1771 719 1836 catontades,
757 1769 955 1822 fundus
983 1783 1170 1823 earum
1193 1774 1398 1836 septem
1430 1761 1706 1822 monades,
1731 1773 1956 1813 sexcen-

2077 1757 2282 1830 πυθμήν
2311 1759 2458 1810 ἑστιν
2479 1755 2682 1821 αὐτῶν,
2707 1751 2818 1808 οἷον
2839 1753 2946 1807 τῶν
2970 1753 3309 1807 ἑπτακοσίων
3340 1751 3493 1804 ἑπτά
3518 1753 3661 1804 εἰσιν

376 1871 552 1915 torum
573 1876 666 1916 sex
688 1861 1092 1924 hecatontades,
1116 1859 1311 1913 fundus
1343 1869 1529 1911 earum
1558 1868 1652 1908 sex
1671 1853 1951 1906 monades.

373 1952 520 2007 ldem
554 1953 696 2007 valet
724 1963 777 2006 et
805 1953 855 2006 in
883 1951 1202 2016 decadibus,
1231 1947 1441 2002 muneri
1469 1943 1802 2014 octogenarii
1837 1957 1956 1996 mo-

375 2048 541 2100 nades
563 2055 706 2110 octo,
735 2043 1071 2116 sexagenarii
1096 2043 1358 2097 monades
1389 2055 1506 2104 sex,
1538 2035 1951 2107 quadragenarii

375 2137 632 2192 monades
662 2145 912 2207 quatuor,
943 2135 1150 2189 denarii
1183 2147 1369 2186 monas
1403 2145 1526 2184 una.
1552 2129 1608 2184 In
1636 2129 1954 2184 monadibus

375 2238 554 2282 autem
588 2243 686 2298 pro
713 2227 877 2282 fundo
911 2235 1040 2282 sunt
1082 2225 1210 2296 ipsa:
1245 2224 1502 2278 monades
1529 2260 1543 2284 ,
1587 2221 1750 2275 veluti
1784 2234 1952 2274 nove—

375 2321 522 2375 narii
566 2319 776 2374 numeri
805 2333 1019 2383 novem,
1068 2316 1330 2370 octonarii
1357 2323 1516 2376 octo,
1546 2311 1838 2381 septenarii
1874 2324 1955 2364 se-

377 2426 541 2482 ptem.
571 2410 662 2465 Sic
691 2410 854 2479 igitur
875 2409 1038 2462 etiam
1064 2409 1114 2460 in
1140 2407 1440 2460 litterarum
1466 2404 1745 2458 elementis
1773 2412 1956 2456 leuen-

377 2509 502 2558 dum
535 2513 640 2559 est.
695 2502 1039 2569 Unaquaeque
1073 2499 1216 2554 enim
1277 2498 1452 2552 littera
1506 2509 1734 2550 numero
1793 2494 1951 2551 alicui

377 2595 689 2666 respondet,
744 2594 906 2648 veluti
945 2592 1126 2646 littera
1159 2590 1203 2644 ν’
1233 2588 1624 2660 quinquaginta
1663 2587 1951 2642 monadum

377 2696 499 2752 est;
531 2685 920 2754 quinquaginta
957 2689 1137 2736 autem
1169 2683 1454 2736 monadum
1488 2680 1682 2735 fundus
1711 2690 1794 2735 est
1828 2679 1953 2750 qui-

378 2775 585 2837 uarius.
616 2782 670 2828 et
693 2773 885 2827 litterae
913 2769 955 2826 ν’
982 2769 1180 2824 fundus
1205 2779 1292 2825 est
1322 2769 1625 2840 quinarius.
1659 2769 1774 2838 Age
1804 2784 1951 2836 vero,

377 2882 445 2922 ex
493 2866 674 2934 aliquo
719 2863 936 2917 nomine
994 2861 1188 2916 fundos
1245 2859 1364 2928 ejus
1417 2875 1743 2915 sumamus:
1791 2859 1953 2914 veluti

381 2957 633 3022 nominis,
665 2957 806 3025 quod
837 2964 920 3009 est
956 2952 1340 3024 Ἀγαμέμνων,
1373 2962 1457 3008 est
1486 2952 1674 3006 littera:
1699 2957 1745 3005 α’
1767 2965 1954 3006 monas

380 3066 510 3116 una,
532 3057 582 3118 γ’
614 3059 794 3102 autem
827 3046 1086 3102 monades
1114 3055 1245 3108 tres,
1279 3044 1504 3100 alterius
1531 3051 1580 3098 α’
1609 3059 1797 3098 monas
1823 3060 1951 3108 una,

2061 1849 2435 1912 ἑκατοντάδες·
2484 1850 2514 1902 6
2543 1848 2762 1919 πυθμὴν
2802 1847 2980 1920 αὐτῶν
3027 1845 3167 1898 ἑπτά
3217 1845 3491 1915 μονάδεςο
3545 1843 3661 1896 τῶν

2061 1943 2357 2008 ἑξακοσίων
2383 1942 2442 2008 ἐξ
2468 1941 2903 2003 ἑκατοντάδες²¹⁶
2925 1940 2953 1992 6
2975 1938 3194 2011 πυθμὴν
3221 1938 3404 1990 αὐτῶν
3425 1940 3587 2006 τρεῖς
3611 1939 3661 1969 ³³

2065 2037 2310 2108 μονάδες.
2360 2035 2435 2088 Τὸ
2480 2035 2664 2106 ὅμοιον
2701 2034 2796 2088 καὶ
2831 2033 3060 2086 ἐπὶτῶν
3092 2031 3354 2085 δεκάδωνο
3393 2030 3514 2083 τῶν
3560 2026 3660 2100 μὲν

2059 2130 2388 2199 ὀγδοήκοντα
2420 2127 2646 2199 μονάδες
2682 2124 2850 2190 ὀκτὼ,
2893 2125 3003 2178 τῶν
3031 2125 3088 2179 δὲ
3116 2124 3384 2196 ἐξήκοντα
3420 2124 3660 2194 μονάδες

2059 2219 2149 2286 ἓξ,
2186 2217 2295 2273 τῶν
2328 2217 2738 2290 τεσσαράκοντα
2774 2216 3003 2288 μονάδες
3037 2217 3333 2287 τέσσαρες,
3369 2215 3484 2269 τῶν
3523 2217 3660 2269 δέκα

2063 2313 2230 2384 μονάς
2262 2311 2380 2382 μία.
2419 2311 2543 2364 Ἐπὶ
2567 2310 2623 2363 δὲ
2646 2309 2755 2363 τῶν
2782 2308 3047 2381 μονάδων,
3079 2308 3300 2380 πυθμὴν
3320 2308 3493 2363 αὐταί
3521 2312 3660 2362 εἰσιν

2060 2406 2115 2457 αἱ
2171 2403 2435 2475 μονάδες,
2486 2395 2598 2455 οἷον
2630 2400 2725 2454 τοῦ
2773 2400 2929 2454 ἐννέα
2975 2402 3004 2452 6
3045 2401 3229 2462 ἐννέα,
3281 2399 3379 2453 τοῦ
3433 2399 3590 2454 ὀκτὼ
3633 2403 3660 2454 6

2059 2493 2223 2559 ὀκτὼ,
2252 2493 2346 2548 τοῦ
2375 2495 2515 2546 ἑπτά
2545 2494 2572 2546 6
2604 2491 2763 2545 ἑπτά.
2794 2492 2977 2552 Οὕτως
2997 2486 3090 2544 οὖν
3117 2492 3210 2546 καὶ
3238 2493 3332 2544 ἐπὶ
3360 2491 3478 2545 τῶν
3514 2509 3659 2545 στοι-

2059 2585 2222 2657 χείων
2266 2588 2441 2638 ποιεῖν
2473 2585 2573 2638 δεῖ·
2610 2584 2843 2637 ’ἑκαστον
2893 2583 3002 2654 γὰρ
3045 2585 3308 2655 στοιχεῖον
3351 2584 3506 2638 κατά
3539 2602 3661 2637 τινα

2059 2681 2314 2734 τέτακται
2345 2678 2602 2751 ἀριθμὸν,
2624 2674 2735 2732 οἷον
2765 2677 2827 2731 τὸ
2861 2683 2906 2731 ν’
2943 2679 3282 2746 πεντήκοντα
3313 2677 3364 2708 ’⁸
3401 2679 3661 2748 μονάδων

2060 2773 2228 2825 ἐστίν·
2277 2771 2384 2825 τῶν
2427 2771 2478 2824 δὲ
2509 2772 2555 2803 ³⁵
2597 2771 2932 2841 πεντήκοντα
2967 2770 3208 2839 μονάδων
3239 2762 3470 2840 πυθμὴν
3509 2773 3661 2825 ἐστιν

2059 2867 2087 2918 ὀ
2115 2864 2297 2926 πέντε,
2323 2863 2532 2916 καὶτοῦ
2565 2870 2606 2918 ν’
2640 2862 2906 2932 στοιχείου
2940 2862 2950 2932 |
2985 2861 3204 2932 πυθμήν
3228 2862 3380 2914 ἑστιν
3409 2865 3437 2916 6
3462 2864 3656 2917 πέντε.

2063 2957 2244 3008 Ἔστω
2273 2955 2335 3007 ἑκ
2374 2972 2471 3007 του
2500 2955 2546 2985 ⁸³
2595 2954 2860 3023 ὀνόματος
2896 2953 3023 3014 τοὺς
3058 2953 3102 2986 ⁸⁷
3134 2950 3325 3005 τούτου
3361 2953 3680 3024 πυθμένας,

2059 3045 2262 3099 λαϐεῖν.
2301 3038 2426 3098 Οἴον
2459 3043 2556 3098 τοῦ
2604 3043 2964 3114 Ἀγαμέμνων
3003 3041 3268 3112 ὀνόματος
3302 3043 3521 3110 γίνεται
3563 3047 3659 3097 τοῦ

384 3160 425 3213 μ
445 3105 705 3196 monades
727 3146 980 3208 quatuor,
999 3143 1038 3189 ε’
1061 3105 1316 3190 monades
1335 3137 1598 3204 quinque,
1625 3141 1676 3204 μ’
1695 3105 1954 3189 monades

2077 3138 2160 3192 ιέν
2190 3138 2237 3168 ’⁸
2271 3143 2319 3190 α’
2363 3135 2530 3208 μονάς
2565 3105 2690 3209 μία,
2717 3105 2904 3188 τοῦ-δέ
2951 3133 3003 3204 γ’
3036 3105 3263 3206 μονάδες
3307 3105 3468 3205 τρεῖς
3491 3179 3507 3200 ,
3561 3138 3657 3190 τοῦ

381 3238 643 3298 quatuor,
673 3224 716 3280 v'
751 3225 1008 3280 monades
1049 3226 1318 3294 quinque,
1350 3231 1409 3278 ω’
1445 3224 1705 3280 monades
1739 3233 1878 3285 octo,
1914 3224 1955 3277 v'

385 3323 640 3377 monades
681 3321 958 3390 quinque,
988 3334 1110 3388 quae
1154 3319 1207 3372 in
1255 3334 1418 3372 unum
1456 3317 1715 3372 subducta
1759 3327 1954 3372 erunt:

384 3415 438 3477 i,
469 3415 522 3479 5,
554 3414 607 3478 1,
640 3413 693 3477 4,
723 3412 777 3477 5,
802 3414 856 3477 4,
890 3411 946 3476 5,
974 3412 1028 3477 8,
1055 3409 1128 3476 5;
1163 3410 1279 3464 haec
1309 3410 1539 3464 conﬂata
1575 3409 1812 3464 eliiciunt
1844 3424 1959 3463 iuo-

384 3506 553 3560 uades
579 3503 665 3558 36.
692 3502 900 3558 Rursus
930 3503 1121 3556 horum
1152 3501 1348 3555 fundos
1378 3509 1596 3556 sumunt
1623 3513 1676 3555 et
1699 3501 1833 3554 ﬁunt
1861 3515 1958 3553 nu-

387 3595 522 3649 meri
554 3593 838 3648 tricenarii
869 3604 1002 3659 tres,
1053 3591 1252 3647 senarii
1298 3599 1478 3645 autem
1529 3591 1645 3657 ipse
1690 3589 1956 3654 senarius,

383 3682 612 3738 conﬂata
649 3683 807 3753 igitur
828 3693 938 3736 tres
962 3691 1015 3736 et
1038 3696 1132 3736 sex
1159 3679 1402 3736 efﬁciunt
1431 3695 1648 3742 novem,
1681 3679 1959 3733 novenarii

385 3784 566 3828 autem
605 3773 805 3826 fundus
858 3773 1208 3827 novenarius.
1265 3772 1550 3842 Acquievit
1604 3771 1769 3839 igitur
1822 3772 1962 3840 Aga-

388 3867 695 3921 memnonis
740 3881 936 3919 nomen
974 3866 1026 3918 in
1068 3863 1235 3918 fundo
1267 3864 1358 3932 qui
1394 3879 1582 3918 novem
1615 3871 1717 3932 est.
1753 3861 1963 3916 Licebit

390 3956 530 4010 idem
561 3955 726 4008 etiam
755 3955 809 4007 in
843 3955 950 4008 alio
981 3955 1201 4008 nomine
1235 3963 1446 4008 tentare
1474 3993 1488 4017 ,
1524 3953 1667 4023 quod
1717 3961 1800 4005 est
1829 3951 1962 4004 Ἐκ-

387 4039 602 4116 τωρ.’1ιΙ
625 4061 818 4100 nomen
845 4047 1002 4100 habet
1031 4047 1269 4099 litteras:
1292 4052 1331 4098 ε’
1353 4057 1406 4099 et
1427 4052 1473 4098 κ’
1503 4057 1556 4098 et
1575 4043 1620 4096 τ’
1642 4053 1696 4098 et
1717 4041 1773 4096 ω’
1811 4053 1865 4096 et
1893 4049 1957 4112 ρ’.

391 4137 595 4192 Harum
645 4138 792 4191 fundi
827 4156 841 4192 :
874 4138 930 4202 5,
960 4138 1018 4202 ‘2,
1047 4137 1101 4202 5,
1134 4137 1188 4204 8,
1223 4138 1276 4201 l,
1311 4151 1429 4205 quae
1461 4134 1688 4190 cnullata
1721 4133 1962 4188 efﬁciunt

390 4231 648 4286 monades
699 4229 786 4284 l9.
819 4229 1030 4284 Rursus
1055 4229 1260 4283 denarii
1296 4228 1506 4282 numeri
1538 4227 1733 4280 fundus
1771 4240 1962 4280 monas

387 4331 496 4386 est,
529 4321 800 4376 novenarii
825 4319 1168 4382 uovenarius,
1200 4333 1319 4386 qua:
1346 4315 1572 4372 conﬂata
1595 4315 1840 4369 efficiunt
1867 4316 1962 4370 de-

383 4423 538 4477 'cem,‘
560 4413 767 4468 denarii
799 4412 1005 4466 numeri
1038 4411 1096 4465 ﬁt
1118 4409 1316 4463 fundus
1345 4421 1551 4463 monas.
1579 4407 1960 4476 Computatum

394 4507 558 4575 igitur
613 4518 809 4558 nomen
847 4501 1093 4557 Hectoris
1141 4500 1320 4555 eﬂ‘ecit
1379 4498 1600 4553 fundum
1655 4494 1962 4550 monadem.

393 4597 700 4667 Promptius
729 4605 908 4649 autem
943 4602 1026 4649 est
1053 4595 1104 4647 in
1142 4595 1285 4648 hunc
1311 4591 1526 4645 modum
1572 4603 1683 4642 rem
1719 4587 1959 4658 aggredi.

393 4689 611 4745 Forulos
657 4705 725 4744 ex
763 4689 1043 4752 elementis
1075 4696 1314 4756 repertos
1342 4725 1356 4750 ,
1408 4683 1483 4738 uti
1529 4696 1672 4736 nunc
1726 4680 1960 4734 nominis

395 4779 643 4835 llectoris
685 4779 985 4849 reperimus
1018 4777 1278 4832 monades
1313 4773 1400 4842 19,
1440 4775 1492 4828 in
1538 4787 1730 4826 novem
1756 4785 1880 4826 seca
1907 4779 1963 4824 et

392 4873 537 4943 quod
566 4873 891 4938 relinquitur
935 4886 1032 4940 pro
1081 4869 1258 4922 fundis
1287 4868 1506 4921 habeto.
1543 4863 1717 4918 Veluti
1748 4877 1868 4916 cum
1899 4861 1963 4916 19

394 4965 576 5018 divido
626 4965 681 5018 in
705 4957 1248 5032 nuvem,re|inquilur
1275 4978 1461 5027 unum,
1483 4963 1665 5014 novies
1691 4961 1834 5015 enim
1860 4961 1964 5013 duo

395 5057 636 5110 efﬁciunt
696 5057 763 5109 18
810 5069 865 5110 et
900 5055 1224 5124 relinquitur
1285 5054 1344 5119 l;
1399 5053 1443 5107 si
1480 5055 1622 5106 enim
1655 5053 1964 5108 subduxero

1993 4460 2041 4520 D

2059 3230 2220 3284 ἄλλου
2255 3236 2302 3282 α’
2339 3228 2506 3300 μονὰς
2536 3228 2636 3298 μία
2663 3227 2756 3281 τοῦ
2786 3234 2836 3298 μ’
2867 3226 3091 3298 μονάδες
3117 3229 3188 3292 δ’,
3212 3228 3310 3281 τοῦ
3342 3237 3385 3281 ε’
3421 3232 3657 3299 μονάδες

2058 3328 2120 3386 ε’,
2153 3320 2247 3374 τοῦ
2284 3327 2336 3391 μ’
2370 3320 2593 3390 μονάδες
2617 3320 2680 3385 δ’,
2734 3318 2829 3372 τοῦ
2866 3316 2906 3372 ν’
2955 3319 3182 3389 μονάδες
3216 3319 3384 3372 πέντε
3410 3361 3425 3384 ,
3471 3320 3575 3374 τοῦ
3611 3341 3656 3374 ω

2062 3412 2288 3482 μονάδες
2309 3410 2380 3483 η’,
2406 3411 2500 3466 τοῦ
2523 3410 2566 3464 ν’
2595 3410 2821 3481 μονάδες
2856 3416 2916 3473 ε’,
2946 3409 3082 3480 ὁμοῦ
3115 3411 3205 3462 ἐπὶ
3237 3411 3298 3462 τὸ
3334 3413 3474 3463 αὐτὸ
3503 3414 3659 3466 ἔσον-

2057 3521 2147 3557 ται
2169 3503 2238 3567 α’,
2255 3503 2325 3573 γ’,
2347 3510 2417 3568 α’,
2437 3503 2485 3564 δ,
2510 3520 2556 3564 ε,
2575 3503 2636 3566 δ’,
2657 3501 2697 3555 ε’
2715 3510 2786 3575 η’,
2810 3509 2850 3555 ε’
2867 3505 2933 3536 ⁸⁸·
2953 3503 3128 3558 ταῦτα
3153 3503 3486 3557 συντεθέντα
3513 3509 3659 3559 ποιεῖ

2063 3597 2296 3670 μονάδας
2336 3595 2433 3660 λς.
2475 3597 2645 3649 Πάλιν
2681 3596 2888 3650 τούτων
2942 3596 3225 3666 πυθμένας
3260 3595 3656 3666 λαμϐάνουσι,

2061 3687 2154 3741 καὶ
2192 3687 2433 3754 γίνονται
2462 3684 2570 3737 τῶν
2605 3684 2705 3754 μὲν
2742 3684 2772 3736 λ
2798 3686 2946 3755 τρεῖς
2967 3724 2982 3748 ,
3015 3683 3121 3736 τῶν
3143 3683 3197 3736 δὲ
3221 3683 3280 3747 ἒξ
3308 3685 3452 3736 αὐτὰ
3478 3685 3554 3738 τά
3574 3686 3653 3749 ἓξ·

2064 3775 2390 3831 συντεθέντα
2431 3771 2525 3828 οὖν
2556 3775 2624 3828 τά
2652 3776 2780 3846 τρία
2814 3776 2908 3829 καὶ
2936 3775 3004 3832 τὰ
3033 3774 3094 3840 ἓξ
3119 3777 3265 3827 ποιεῖ
3300 3776 3466 3828 ἐννέα
3489 3819 3506 3841 ,
3549 3777 3657 3829 τῶν

2060 3867 2117 3920 δὲ
2152 3865 2308 3920 ἐννέα
2343 3864 2565 3935 πυθμὴν
2594 3865 2622 3917 6
2669 3864 2842 3920 ἐννέα.
2885 3863 3196 3935 Κατέληξεν
3227 3861 3320 3918 οὖν
3357 3866 3420 3918 τὸ
3475 3868 3653 3934 Ἀγα-

2066 3957 2284 4026 μέμνων
2303 3955 2475 4024 ὗνομα
2499 3956 2578 4018 εἰς
2603 3951 2694 4008 τὸν
2723 3954 2879 4008 ἑννέα
2909 3953 3181 4024 πυθμένα.
3210 3955 3394 4007 Ἔστω
3422 3955 3490 4008 τὸ
3522 3958 3657 4010 αὐτὸ

2062 4047 2158 4104 καὶ
2200 4049 2292 4100 ἐπὶ
2340 4046 2501 4100 ἄλλου
2551 4045 2812 4116 ὀνόματος
2862 4047 3084 4113 ποιῆσαι
3127 4045 3220 4099 τοῦ
3277 4047 3534 4119 Ἕκτωρ.
3584 4051 3656 4102 Τὸ

2064 4138 2285 4206 Ἕκτωρ
2309 4135 2480 4206 ὄνομα
2512 4135 2624 4205 ἔχει
2653 4136 2892 4204 στοιχεῖα
2919 4133 2958 4187 ε’
2985 4136 3028 4166 ³⁰
3061 4134 3156 4187 καὶ
3189 4133 3387 4187 κάππα
3418 4136 3523 4187 καὶ
3553 4136 3655 4189 ταῦ

2064 4230 2158 4283 καὶ
2171 4234 2228 4282 ω’
2245 4229 2338 4281 καὶ
2357 4223 2422 4299 ρ’.
2454 4225 2673 4280 Τούτων
2706 4225 2980 4296 πυθμένες
2995 4231 3058 4290 ε’,
3081 4225 3146 4295 β’,
3167 4231 3237 4294 γ’,
3257 4223 3328 4295 η’,
3351 4232 3402 4278 α’
3425 4245 3438 4258 ·
3471 4229 3655 4280 ταῦτα

2067 4319 2383 4374 συντεθέντα
2401 4320 2543 4371 ποιεῖ
2565 4315 2796 4388 μονάδας
2825 4316 2906 4370 ιϐ’.
2936 4317 3106 4370 Πάλιν
3128 4316 3236 4368 τῶν
3259 4317 3394 4370 δ’έκα
3422 4320 3655 4390 πυθμὴν

2066 4406 2167 4474 εἷς,
2199 4410 2307 4463 τῶν
2341 4409 2496 4463 ἐννέα
2529 4403 2682 4462 ἐννέα
2706 4449 2721 4474 ,
2752 4407 2788 4462 ἃ
2820 4409 3139 4462 συντεθέντα
3185 4411 3330 4462 ποιεῖ
3359 4409 3523 4464 δέκα’
3561 4412 3655 4466 τοῦ

2067 4504 2196 4555 δέκα
2222 4503 2430 4570 γίνεται
2454 4499 2677 4571 πυθμὴν
2701 4500 2886 4571 μονάς.
2918 4500 3204 4572 Ψηφισθέν
3225 4497 3316 4554 οὖν
3339 4502 3404 4555 τὸ
3427 4504 3655 4574 Ἕκτωρ

2067 4595 2238 4665 ὄνομα
2261 4595 2484 4664 ἐποίησε
2511 4593 2764 4663 πυθμένα
2793 4593 3016 4664 μονάδα.
3044 4592 3431 4665 Εὑκολώτερον
3451 4595 3516 4647 δέ
3540 4597 3654 4648 ἐστι

2066 4689 2126 4740 τὸ
2159 4686 2330 4749 οὕτως
2358 4688 2551 4738 ποιεῖν’
2592 4686 2720 4749 τοὺς
2749 4685 3075 4756 εὑρεθέντας
3105 4687 3170 4739 ἐκ
3213 4687 3324 4738 τῶν
3362 4689 3652 4756 στοιχείων

2067 4778 2366 4848 πυθμένας,
2395 4777 2470 4840 ὡς
2490 4776 2586 4831 νῦν
2606 4778 2699 4830 ἐπὶ
2721 4777 2816 4831 τοῦ
2839 4778 3106 4850 ’Έκτορος
3127 4779 3393 4850 ὀνόματος
3413 4781 3653 4852 εὕρομεν

2069 4871 2306 4941 μονάδας
2337 4867 2421 4936 ιθ’,
2453 4871 2532 4934 εἰς
2559 4869 2716 4922 ἐννέα
2747 4870 2938 4940 μέριζε
2965 4872 3060 4924 καὶ
3095 4872 3157 4924 τὸ
3184 4869 3649 4942 περιλειπόμενον

2068 4962 2348 5033 πυθμένας
2389 4961 2549 5030 λέγε’
2600 4956 2711 5014 οἷον
2747 4961 2815 5016 τά
2861 4963 2924 5016 ιθ¹
2953 4963 3050 5016 ἐὰν
3084 4965 3164 5026 εἰς
3202 4963 3366 5016 ἐννέα
3401 4965 3638 5036 μερίζω,

2069 5051 2144 5124 [p.
2181 5051 2412 5124 52—54]
2441 5051 2815 5120 περιλείπεται
2849 5054 3035 5124 μονάς,
3056 5053 3272 5118 ἐννάκις
3299 5055 3415 5125 γάρ
3443 5056 3547 5109 δύο
3577 5073 3647 5126 ιη,

1695 5228 1932 5284 νΑῐὶΙίΕ
1972 5227 2380 5282 LECTIONES.

471 5395 513 5430 ‘9
540 5396 634 5451 καὶ
676 5394 1028 5466 πανουργίας.
1087 5390 1434 5466 καινουργίας
1461 5387 1522 5466 ρ,
1570 5401 1830 5466 καινουργ

1839 5384 1891 5450 ἔα
1936 5383 2006 5438 Μ.
2082 5384 2126 5414 ’³
2155 5382 2425 5436 ἁναπλέου
2451 5386 2629 5448 ὂντας.
2681 5386 3049 5450 ἁναπλέοντας
3096 5387 3158 5450 C,
3203 5386 3414 5440 άναπτε

3425 5389 3652 5458 ροῦντας

397 5469 524 5528 ,τοὺς
555 5467 624 5521 Μ.
691 5468 732 5498 si
780 5442 948 5531 αὑξῆν
983 5442 1048 5517 ᾗ,
1124 5465 1168 5494 2:
1217 5442 1568 5531 ἐξῆίςογτάδες
1597 5457 1658 5512 C,
1695 5442 1944 5531 ξ³’τ’ρέῖς.
1977 5453 2120 5531 Leg,_
2275 5453 2375 5531 nisi
2405 5456 2929 5531 exciderunteadern
2959 5442 3213 5531 rerbaile
3238 5442 3562 5531 τριακόσιοι
3584 5442 3649 5513 ρλιῖ

401 5540 448 5570 ⁵³
465 5523 526 5591 τδ
562 5544 602 5588 ν’
627 5523 960 5604 πεντήκοντα
1011 5523 1440 5604 μονάδωνέστίν.
1464 5529 1554 5604 τδν
1578 5526 1719 5604 κατὰ
1741 5523 1991 5604 ’μονάδων
2013 5525 2060 5592 η’
2083 5524 2143 5582 t1,
2171 5525 2264 5576 ἐὰν
2288 5523 2378 5574 τὸν
2415 5527 2554 5579 κατὰ
2584 5527 2827 5596 μονάδων
2853 5525 2924 5600 ᾐ’,
2970 5527 3037 5580 Μ.

1687 5589 1895 5670 μέν-τὸ
1929 5589 2114 5670 μὲνΌ,
2149 5602 2213 5658 Μ.
2272 5602 2319 5632 ἐ’
2350 5601 2411 5666 δ’,
2446 5604 2508 5662 αι.
2540 5589 2609 5666 η”.
2647 5605 2709 5651 σε
2746 5599 2806 5652 δ’.
2977 5598 3038 5652 Ο.
3079 5598 3120 5629 ³ο
3159 5601 3405 5668 στοιχεῖα
3437 5597 3478 5650 ε’
3518 5589 3652 5655 ιιι-ιτ

405 5607 476 5659 M.
544 5609 590 5640 ⁸⁸
611 5609 676 5659 ἐκ
700 5599 794 5658 τοῦ
824 5606 884 5662 C.
954 5599 1171 5665 ²⁷’τούς.
1193 5601 1311 5654 τινὰ
1343 5600 1403 5653 C.
1483 5599 1527 5630 ³⁸
1551 5599 1644 5651 τοῦ

402 5691 563 5746 purus
610 5693 622 5727 :
656 5679 891 5746 στοιχεῖα
941 5675 1098 5726 πέντε
1136 5673 1200 5740 (Ι,
1239 5672 1473 5741 στοιχεῖα
1511 5669 1691 5733 πέντε,
1728 5675 1764 5718 ε’
1794 5667 1858 5721 Μ.

3119 5527 3164 5557 ’⁸
3195 5526 3306 5578 τῶν
3331 5527 3416 5580 δέ.
3452 5530 3568 5583 τῶν
3587 5529 3650 5593 C,
