3810 6222
146 287 287 349 30Ὶῆ

1224 279 1519 342 CONTRA
1557 281 1921 344 HIERESES
1958 282 2102 344 LIB.
2141 281 2239 342 IV.

3248 261 3391 325 308’!

149 408 246 454 καὶ
274 396 433 468 λοιπὴ
471 394 658 467 μονάς.
700 384 829 450 Ἐάν
869 395 978 466 γὰρ
1017 371 1198 465 ὑφέλω
1221 396 1263 427 ³⁸
1298 396 1405 449 τῶν
1438 396 1487 449 ιθ
1517 397 1588 451 τά
1618 397 1708 450 δε-

1834 407 2056 478 16³17
2074 422 2138 461 ex
2160 402 2388 468 19-18,
2403 396 2627 453 restabit
2648 395 2694 456 ι,
2715 394 2785 447 ita
2811 399 2862 444 ut
2888 387 3133 443 llectoris
3156 387 3392 441 nominis

143 489 386 554 καοκτὼ,
432 488 593 560 λοιπὴ
640 488 840 559 μονάς⁹
879 487 1023 542 ὥστε
1059 487 1154 540 τοῦ
1195 488 1417 558 Ἕκτωρ
1452 489 1716 559 ὀνόματος

143 584 368 653 πυθμὴν
388 582 541 634 ἔσται
573 581 759 651 μονάς.
793 578 962 634 Πάλιν
992 579 1088 632 τοῦ
1121 580 1433 651 Πάτροκλος
1456 582 1719 651 ὀνόματος

144 674 419 745 πυθμένες
436 674 573 726 είσὶν
592 672 817 743 ἀριθμοὶ
839 665 1006 735 οὗτοι,
1022 669 1095 740 η’,
1113 678 1181 733 α’,
1204 677 1275 741 γ’,
1302 670 1368 737 ζ’,
1395 671 1459 742 β’,
1478 679 1547 740 γ’,
1567 672 1633 736 ξ’,
1651 669 1716 740 β’⁶

145 764 534 833 συντεθέντες]
579 764 794 816 ποιοῦσι
844 762 1077 831 μονάδας
1114 762 1208 816 λδ¹.
1247 762 1464 815 Τούτων
1504 763 1565 815 τὸ
1614 763 1723 815 λοι-

146 858 253 911 πὸν
280 856 325 887 ³²
354 855 579 926 μονάδες
608 856 746 906 ἑπτὰ
772 894 786 917 ,
817 853 926 906 τῶν
954 853 996 904 λ’
1027 855 1198 923 τρεῖς,
1229 852 1324 906 καὶ
1348 851 1458 904 τῶν
1483 852 1526 904 δ’
1559 851 1722 905 αὐταὶ

147 952 210 1002 αί
235 946 275 1002 δ’
285 990 298 1003 .
332 946 558 1018 [Ιυθμὴν
590 942 683 1000 οὖν
728 948 833 999 είσι
868 945 961 999 τοῦ
993 944 1302 1013 Πάτροκλος
1328 944 1592 1013 ὀνόματος
1625 959 1723 1013 μο-

147 1040 307 1102 νάδες
334 1036 397 1103 ζ’.
421 1039 483 1091 Οἱ
519 1037 619 1107 μὲν
646 1032 738 1090 οὖν
762 1036 903 1089 κατὰ
922 1035 1012 1089 τὸν
1046 1034 1348 1092 έννεαδικὺν
1382 1034 1587 1088 κανόνα
1612 1033 1720 1103 ψη-

148 1130 397 1199 φίζοντες
427 1127 532 1199 [τὸ]
556 1128 601 1159 ³³
628 1128 847 1181 ἔννατον
870 1127 1205 1197 λαμϐάνουσι
1228 1127 1319 1180 τοῦ
1346 1125 1723 1198 ἀθροισθέντος

148 1222 219 1273 ἐκ
249 1219 357 1272 τῶν
385 1217 673 1289 πυθμένων
704 1217 961 1288 ἀριθμοῦ,
992 1219 1085 1272 καὶ
1117 1218 1177 1271 τὸ
1211 1218 1555 1289 περιλειφθὲν
1588 1215 1726 1285 πλῆ-

149 1314 245 1377 θος
274 1313 383 1365 τῶν
417 1312 706 1381 πυθμένων
731 1311 1023 1381 ὁρίζονται,
1046 1312 1096 1363 οἱ
1122 1310 1179 1363 δὲ
1205 1310 1345 1363 κατὰ
1373 1310 1464 1362 τὸν
1494 1309 1725 1379 ἑϐδομα-

150 1404 303 1457 τικὸν
343 1403 404 1457 τὸ
448 1403 699 1473 ἕϐδομον
747 1398 859 1457 οἷον
896 1402 1091 1473 εὑρέθη
1134 1402 1227 1455 ἐπὶ
1275 1401 1368 1455 τοῦ
1413 1401 1727 1471 Πάτροκλος

151 1494 417 1564 ὀνόματος
437 1494 498 1547 τὸ
515 1495 608 1547 ἐπὶ
631 1493 739 1546 τῶν
769 1492 1056 1563 πυθμένων
1081 1493 1355 1562 ἄθροισμα
1381 1492 1606 1561 μονάδες
1628 1488 1722 1543 λδ⁴’

150 1587 311 1640 τοῦτο
352 1587 605 1656 μερισθὲν
649 1587 728 1649 είς
771 1585 1070 1655 ἑϐδομάδας
1118 1587 1262 1637 ποιεῖ
1286 1584 1350 1648 δ,’
1392 1584 1420 1636 ὅ
1467 1584 1585 1635 ἐστι
1624 1596 1718 1650 κη’

151 1680 338 1733 λοιπαὶ
356 1679 579 1749 μονάδες
605 1677 684 1742 EE;
711 1678 855 1745 λέγει
882 1678 963 1730 ἔτι
989 1677 1017 1729 6
1040 1674 1264 1746 πυθμὴν
1295 1674 1386 1727 τοῦ
1416 1672 1727 1743 Πάτροκλος

1823 497 2021 552 fundus
2038 498 2108 550 sit
2130 495 2390 549 LRursus
2409 489 2638 545 nominis
2660 487 2801 557 quod
2820 493 2900 538 est
2915 479 3223 551 Πάτροκλος
3241 479 3392 534 fundi

1821 594 1948 641 sunt
1996 585 2201 640 numeri
2255 584 2306 637 hi
2348 596 2361 635 :
2402 583 2455 645 8,
2489 580 2539 644 l,
2562 580 2616 643 5,
2644 577 2699 641 1,
2724 576 2778 640 7,
2806 574 2860 639 Ξ,
2890 573 2945 634 5,
2973 573 3027 635 7,
3058 571 3125 636 2;
3176 569 3391 624 conﬂati

1820 677 2059 731 elIiciunt
2091 675 2346 730 monades
2387 671 2477 725 54.
2504 669 2706 723 Horum
2737 665 2878 735 quod
2914 660 3240 730 relinquitur
3272 674 3393 712 mo—

1821 772 1988 824 nades
2023 769 2075 832 7,
2108 766 2382 821 tricenarii
2414 762 2624 817 numeri
2655 757 2923 814 ternarias
2972 764 3027 807 et
3063 748 3393 820 quaternarii

1822 864 1939 932 ipse
1970 859 2372 932 quaternarius.
2420 853 2640 909 Fundus
2688 849 2851 919 igitur
2887 843 3115 900 Patrocli
3163 839 3395 895 nominis

1823 955 2078 1009 monades
2115 954 2166 1008 7.
2192 950 2292 1017 Qui
2326 948 2492 1018 igitur
2522 942 2815 999 secundum
2871 937 3217 992 novenariam
3269 945 3398 985 nor-

1825 1060 1966 1097 mam
1994 1049 2326 1112 computant,
2368 1053 2564 1093 nonam
2609 1041 2817 1104 partem
2864 1034 3087 1084 sumunt
3134 1024 3251 1092 ejus
3298 1037 3397 1075 nu-

1825 1136 1979 1200 meri,
2012 1111 2197 1202 quiex
2234 1131 2413 1185 fundis
2433 1129 2692 1183 collectus
2724 1134 2827 1185 est,
2880 1130 2935 1176 et
2984 1118 3037 1172 id
3088 1116 3228 1185 quod
3272 1111 3400 1167 reli-

1824 1237 1968 1283 ctum
2010 1236 2092 1280 est
2129 1239 2226 1295 pro
2261 1222 2604 1277 multitudine
2646 1218 2935 1271 fundorum
2971 1215 3278 1268 numerant,
3302 1205 3395 1273 qui

1826 1330 2003 1373 autem
2036 1318 2328 1372 secundum
2393 1311 2755 1383 septenariam
2808 1317 3077 1367 normam,
3112 1300 3394 1369 septimam

1827 1421 2034 1480 partem
2064 1427 2079 1464 :
2114 1407 2275 1461 veluti
2319 1414 2528 1474 reperta
2559 1412 2642 1456 cst
2667 1402 2719 1454 in
2762 1397 2979 1452 nomine
3007 1391 3236 1447 Patrocli
3281 1389 3398 1442 fun-

1830 1505 2019 1557 dorum
2066 1513 2276 1554 summa
2315 1498 2404 1561 54,
2448 1510 2566 1564 qua:
2613 1492 2782 1546 divisa
2818 1491 2868 1541 in
2917 1486 3176 1555 septimas
3221 1489 3400 1551 partes

1828 1593 1989 1650 ellicit
2022 1599 2273 1661 quatuor,
2316 1604 2423 1657 quo
2448 1562 2751 1642 elliciimtur
2772 1581 2878 1644 28;
2906 1586 3114 1633 restant
3145 1572 3402 1628 monades
3486 1562 3491 1567 ’

1830 1701 1922 1740 sex
1967 1704 1979 1739 :
2017 1687 2092 1737 ait
2120 1684 2343 1738 fundum
2390 1679 2619 1736 Patrocli
2676 1678 2908 1730 nominis
2960 1686 3078 1727 esse
3114 1668 3400 1724 senarium

151 1772 417 1842 ὀνόματός
443 1774 578 1823 εἰσιν
607 1770 667 1834 ἒξ
696 1769 832 1823 κατὰ
866 1769 956 1821 τὸν
994 1768 1370 1836 ὲϐδοματικόν.
1403 1767 1467 1819 Εἰ
1495 1766 1552 1819 δὲ
1575 1766 1726 1818 ἔσται

1834 1791 2111 1832 numerum
2138 1776 2431 1829 secundum
2458 1769 2817 1838 septenariam
2844 1780 3109 1818 normam.
3135 1763 3193 1816 Si
3222 1770 3400 1813 autem

159 1863 273 1935 μγ’,
302 1864 363 1917 τὸ
391 1863 619 1933 ἕϐδομον
657 1862 804 1928 λέγει
842 1860 953 1931 μβ’,
986 1860 1216 1922 ἑπτάκις
1247 1860 1353 1930 γὰρ
1382 1857 1440 1924 ἒξ
1474 1858 1583 1927 μβρ
1623 1858 1721 1910 καὶ

153 1956 342 2010 λοιπὸν
374 1956 453 2008 ἓν.
488 1954 671 2017 Μονὰς
713 1949 806 2007 οὖν
837 1953 1047 2022 γίνεται
1090 1953 1119 2004 6
1156 1951 1377 2021 πυθμὴν
1416 1953 1444 2003 ὁ
1482 1950 1591 2002 ἀπὸ
1618 1948 1728 2001 τῶν

159 2062 239 2117 μγ
280 2044 421 2099 κατὰ
464 2045 554 2097 τὸν
594 2042 967 2113 ἑϐδοματικόν.
1012 2044 1104 2094 Δεῖ
1142 2041 1199 2094 δὲ
1242 2041 1530 2112 προσέχειν
1574 2040 1668 2093 ἐὰν
1700 2040 1728 2091 6

154 2135 384 2207 ληφθεὶς
410 2136 455 2167 ³⁵
489 2134 721 2205 ἀριθμὸς
754 2132 1109 2204 μεριζόμενος
1141 2131 1417 2201 ἀπαρτίσῃ
1442 2170 1455 2191 ,
1489 2122 1599 2181 οἷον
1633 2127 1729 2180 ἐὰν

156 2229 223 2281 ἐκ
255 2245 395 2290 τινος
433 2226 694 2297 ὀνόματος
739 2225 1003 2288 συντιθεὶς
1033 2224 1077 2256 ³³
1124 2225 1249 2287 τοὺς
1278 2222 1553 2292 πυθμένας
1584 2220 1729 2289 εὕρω

156 2320 318 2388 λόγου
344 2317 503 2388 χάριν
527 2316 756 2387 μονάδας
776 2316 885 2381 λς’.
912 2315 971 2368 Ὀ
988 2315 1046 2368 δὲ
1065 2312 1147 2379 ςλ¹
1175 2313 1528 2385 μεριζόμενος
1545 2312 1623 2373 εἰς
1639 2310 1729 2362 τὸν

158 2413 316 2465 ἐννέα
347 2412 376 2465 δ
414 2410 703 2482 ἀπαρτίζει
738 2408 992 2471 ὲννεάδας
1019 2407 1258 2479 (ἐννάκις
1288 2406 1395 2475 γάρ
1422 2405 1461 2457 δ’
1493 2404 1601 2468 λς’,
1634 2401 1729 2454 καὶ

158 2504 311 2557 οὐδὲν
344 2502 775 2575 περιλείπεται)ο
812 2501 906 2554 τὸν
942 2500 1194 2570 πυθμένα
1222 2494 1317 2552 οὗν
1358 2496 1520 2551 αὐτὸν
1562 2495 1654 2547 τὸν
1685 2494 1728 2547 θ’

159 2596 321 2666 δῆλον
361 2591 517 2649 εἶναι.
562 2594 678 2648 Κᾶν
703 2594 748 2625 ³⁸
799 2593 961 2647 πάλιν
1003 2593 1096 2645 τὸν
1130 2589 1537 2662 τεσσαράκοντα
1570 2588 1729 2640 πέντε

162 2686 393 2757 ἀριθμὸν
451 2683 767 2757 μερίζοντες
826 2683 1077 2754 εὕρωμεν
1132 2680 1503 2753 άπαρτίζοντα
1553 2679 1729 2733 ἐννέα·

164 2778 261 2831 καὶ
300 2777 408 2849 γὰρ
437 2777 654 2840 ἐννάκις
684 2776 845 2830 πέντε
881 2773 961 2846 με’
979 2815 993 2840 ,
1026 2775 1122 2828 καὶ
1150 2773 1393 2825 λείπεται
1420 2770 1571 2824 οὐδέν
1591 2788 1605 2802 ο
1638 2769 1733 2823 ἐπὶ

162 2870 272 2923 τῶν
301 2870 554 2923 τοιούτων
577 2867 735 2921 αὐτὸν
765 2868 858 2920 τὸν
893 2866 1047 2920 ὲννέα
1069 2865 1286 2933 λέγουσι
1320 2862 1587 2932 πυθμένα.
1623 2862 1734 2913 Καὶ

164 2963 260 3045 επὶ
290 2962 384 3015 τοῦ
414 2960 768 3030 ἑϐδοματικοῦ
799 2960 842 2989 ³⁷
871 2958 1091 3028 ὁμοίως,
1138 2956 1233 3009 ἐὰν
1266 2956 1424 3023 λόγου
1458 2954 1617 3025 χάριν
1644 2953 1734 3006 τὸν

166 3052 253 3123 κη’
283 3056 360 3117 είς
400 3052 491 3105 τὸν
524 3052 663 3105 ἑπτὰ
714 3051 1028 3121 μερίζοντες
1065 3048 1456 3119 άπαρτίσωμεν
1486 3048 1735 3115 (ἑπτάκις

164 3147 275 3216 γὰρ
303 3144 343 3199 δ’
374 3145 483 3214 κη’,
516 3144 609 3197 καὶ
657 3143 1030 3211 περιλείπεται
1072 3141 1247 3209 οὐδὲν)
1273 3182 1288 3207 ,
1320 3140 1413 3193 τὸν
1459 3139 1600 3192 ἑπτὰ
1645 3136 1735 3189 λέ-

164 3255 321 3306 γουσι
349 3238 617 3308 πυθμένα.
646 3238 815 3290 Ὅταν
848 3236 1032 3307 μέντοι
1060 3233 1271 3306 ψηφίζῃ
1292 3233 1361 3286 τά
1381 3233 1617 3304 ὀνόματα
1640 3230 1734 3284 καὶ

163 3331 393 3401 εὑρίσκῃ
424 3331 466 3361 ³⁸
508 3330 587 3391 δὶς
614 3328 675 3381 τὸ
703 3328 833 3380 αὐτὸ
859 3329 1118 3398 γράμμα,
1147 3326 1313 3391 ἅπαξ·
1343 3324 1474 3377 αὐτὸ
1506 3326 1516 3394 |
1568 3322 1735 3392 ψηφί-

163 3420 269 3487 ζει,
302 3417 411 3475 οἷον
442 3422 504 3475 τὸ
533 3419 845 3491 Πάτροκλος
873 3420 1043 3489 ὄνομα
1064 3420 1110 3451 ³⁸
1142 3418 1238 3471 καὶ
1264 3417 1322 3470 τὸ
1352 3415 1404 3468 π’
1431 3417 1480 3468 α’
1517 3416 1596 3477 δὶς
1622 3417 1734 3486 ἔχει

168 3516 267 3568 καὶ
293 3514 349 3566 τὸ
378 3520 419 3566 0'
450 3514 549 3577 δὶς,
582 3511 730 3577 ἅπαξ
758 3508 849 3565 οὖν
876 3512 938 3564 τὸ
967 3510 1015 3563 α’
1046 3511 1344 3582 ψηφίζουσι
1383 3510 1478 3563 καὶ
1504 3509 1650 3574 ἆπαξ
1677 3509 1737 3561 τὸ

163 3605 228 3660 0'.
262 3604 416 3658 Κατὰ
443 3604 596 3657 τοῦτο
621 3599 712 3657 οὖν
744 3604 1018 3673 πυθμένες
1046 3602 1260 3655 ἔσονται
1284 3620 1340 3673 η,
1374 3602 1444 3664 α’,
1469 3609 1540 3670 γ’,
1568 3607 1636 3665 α’,
1667 3600 1734 3666 ζ’,

168 3699 238 3767 β’,
275 3704 331 3764 (ι,
354 3697 419 3767 β’,
438 3698 531 3785 ita}
560 3695 906 3757 συντεθέντες
936 3692 1148 3746 ποιοῦσι
1184 3694 1416 3764 μονάδας
1440 3693 1486 3724 ιο
1513 3690 1614 3756 xc,
1641 3693 1737 3746 καὶ

170 3790 326 3842 ἔσται
356 3784 573 3859 πυθμὴν
604 3787 695 3840 τοῦ
726 3787 988 3857 ὀνόματος
1017 3786 1157 3839 κατὰ
1186 3786 1281 3854 μὲν
1309 3786 1401 3838 τὸν
1429 3784 1737 3838 ὲννεαδικὸν

168 3880 332 3942 αὐτὸς
348 3882 375 3933 6
398 3879 573 3942 ἐννέα,
600 3878 741 3933 κατὰ
757 3878 813 3932 δὲ
834 3878 921 3931 τὸν
945 3878 1299 3947 ἑϐδοματικὸν
1324 3877 1400 3943 ἐξ.
1440 3877 1670 3947 Ὁμοίως
1694 3877 1736 3907 ’δι

167 3970 469 4041 Σαρπηδὼν
491 3970 782 4040 ψηφισθεὶς
825 3973 968 4024 ποιεῖ
996 3970 1227 4040 μονάδας
1258 3972 1395 4022 κατὰ
1424 3967 1501 4040 [p.
1528 3967 1614 4022 54.
1644 3966 1734 4038 55]

165 4066 263 4116 τὸν
291 4062 591 4116 ὲννεαδικδν
616 4062 708 4114 δύο
737 4061 1002 4131 πυθμένα,
1030 4060 1341 4132 Πάτροκλος
1380 4059 1437 4113 δὲ
1470 4062 1613 4112 ποιεῖ
1640 4076 1737 4129 μο-

168 4156 333 4219 νάδας
360 4154 423 4208 θ’·
448 4156 573 4225 νικᾷ
607 4154 932 4224 Πάτροκλος.
963 4154 1131 4207 Ὅταν
1161 4158 1267 4223 γὰρ
1358 4154 1386 4206 6
1416 4153 1511 4224 μὲν
1539 4151 1616 4215 εἷς
1642 4169 1739 4203 πε-

170 4249 379 4322 ρισσὸς,
421 4250 448 4301 6
486 4248 543 4301 δὲ
585 4247 771 4317 ἔτερος
815 4248 999 4317 ἄρτιος
1026 4282 1040 4310 ,
1088 4248 1116 4299 6
1162 4247 1420 4317 περισσὸς
1455 4247 1609 4317 νικᾷ,
1645 4246 1740 4299 ἐὰν

172 4341 381 4413 μείζων
534 4340 700 4394 Πάλιν
727 4338 783 4391 δὲ
813 4340 908 4393 ἐὰν
1046 4338 1189 4392 ὀκτὼ
1217 4341 1403 4411 ἄρτιος
1453 4341 1546 4392 καὶ
1579 4340 1739 4391 πέντε

1827 1871 1930 1925 erit
1961 1869 2051 1933 45,
2090 1868 2291 1935 septies
2324 1875 2595 1934 sumptum
2632 1861 2762 1915 dicit
2789 1860 2879 1924 ιε,
2909 1856 3110 1926 septies
3141 1853 3282 1906 enim
3308 1866 3400 1905 sex

1828 1962 1985 2016 eliicit
2004 1961 2074 2014 42
2093 1970 2149 2013 et
2172 1966 2342 2013 restat
2369 1970 2555 2012 unum.
2581 1953 2766 2007 Menas
2791 1952 2953 2018 igitur
2971 1948 3186 2002 exsistit
3212 1944 3407 1999 fundus

1828 2053 2038 2107 numeri
2056 2051 2124 2105 45
2142 2048 2434 2104 secundum
2454 2045 2810 2113 septenariam
2830 2055 3095 2095 normam.
3113 2037 3409 2092 Observan-

1829 2145 1953 2196 dum
1980 2152 2157 2195 autem
2185 2150 2289 2203 est,
2322 2152 2446 2192 cum
2478 2145 2725 2204 sumptus
2746 2146 3006 2187 numerus
3032 2129 3239 2183 divisus
3269 2125 3401 2179 nihil

1833 2232 2023 2299 reliqui
2057 2230 2237 2288 faciet,
2259 2226 2420 2281 veluti
2440 2241 2560 2280 cum
2577 2239 2643 2278 ex
2668 2222 2915 2291 quopiam
2945 2230 3167 2271 numero
3190 2228 3409 2279 compo-

1831 2339 1964 2377 nens
1986 2322 2178 2374 fundos
2215 2320 2487 2382 invenero,
2511 2327 2568 2370 ut
2590 2314 2837 2382 exemplo
2863 2322 3007 2377 utar,
3029 2308 3281 2363 monades
3313 2307 3403 2360 56.

1830 2414 2096 2468 Numerus
2127 2418 2302 2464 autem
2338 2409 2408 2463 56
2438 2408 2644 2461 divisus
2666 2407 2721 2459 in
2748 2418 2935 2459 novem
2973 2410 3221 2455 accurate
3250 2397 3409 2453 eliicit

1830 2514 2061 2576 quatuor
2106 2503 2395 2563 euneades,
2453 2499 2639 2552 novies
2677 2497 2817 2548 enim
2854 2503 3087 2562 quatuor
3144 2488 3309 2544 eliicit
3335 2488 3405 2541 56

1831 2614 1931 2655 nec
1956 2597 2249 2668 quidquam
2289 2595 2481 2663 reliqui
2519 2593 2600 2646 lit.
2630 2593 2886 2659 Apertum
2921 2587 3087 2657 igitur
3116 2594 3198 2639 est
3235 2585 3411 2653 ipsum

1833 2689 2055 2744 fundum
2078 2703 2198 2743 esse
2216 2687 2272 2742 9.
2293 2687 2358 2740 Et
2382 2686 2470 2739 ubi
2498 2698 2685 2738 rursus
2712 2694 2991 2734 numerum
3016 2677 3086 2730 45
3112 2674 3414 2730 dividentes

1832 2782 2166 2852 reperiemus
2196 2793 2479 2834 numerum
2537 2774 2885 2831 novenarium
2941 2770 3072 2825 nihil
3112 2770 3300 2837 reliqui
3337 2767 3414 2821 fa-

1833 2893 1955 2933 cere
1979 2876 2198 2950 (etenim
2224 2874 2412 2929 novies
2438 2873 2673 2942 quinque
2702 2869 2866 2924 efﬁcit
2893 2867 2961 2921 45
2989 2879 3083 2919 nec
3122 2862 3415 2933 quidquam

1836 2974 2050 3041 restat),
2086 2972 2136 3026 in
2184 2970 2385 3025 talibus
2422 2968 2607 3023 dicunt
2642 2966 2812 3035 ipsum
2844 2960 3198 3017 novenarium
3234 2972 3416 3012 numeo

1842 3081 1958 3120 rum
1981 3078 2101 3119 esse
2124 3064 2371 3117 fundum.
2404 3062 2471 3114 Et
2499 3060 2550 3113 in
2585 3056 2894 3126 septenario
2938 3054 3177 3121 pariter;
3211 3049 3327 3115 ubi,
3360 3057 3415 3103 ut

1841 3156 2142 3226 exemplum
2201 3168 2490 3223 ponamus,
2554 3166 2835 3205 numerum
2898 3147 2967 3201 28
3020 3148 3072 3199 in
3136 3158 3414 3199 numerum

1840 3247 2202 3316 septenarium
2226 3245 2525 3299 dividentes
2560 3241 2689 3295 nihil
2720 3238 2911 3308 reliqui
2940 3237 3167 3291 facimus
3194 3235 3416 3305 (septies

1840 3343 1982 3396 enim
2013 3348 2245 3409 quatuor
2286 3336 2448 3391 eﬂicit
2482 3335 2573 3399 ‘28,
2604 3348 2700 3388 nec
2729 3332 3019 3401 quidquam
3056 3326 3417 3396 relinquitur),

1841 3434 2203 3504 septenarium
2232 3433 2415 3485 dicunt
2442 3430 2687 3484 fundum.
2716 3427 2805 3481 Ille
2848 3426 3012 3496 igitur
3048 3439 3170 3479 cum
3198 3438 3416 3489 compu-

1845 3538 1919 3581 tat
1950 3527 2162 3580 nomina
2188 3533 2243 3579 et
2270 3524 2469 3593 reperit
2500 3523 2744 3577 eamdem
2794 3519 3026 3572 litteram
3056 3517 3139 3571 his
3164 3514 3417 3584 positam,

1845 3619 2010 3674 semel
2046 3632 2164 3673 eam
2203 3623 2501 3685 computat,
2539 3613 2703 3668 veluti
2735 3609 3046 3682 Πάτροκλος
3073 3623 3266 3662 nomen
3292 3613 3346 3658 et
3380 3621 3417 3656 π

1843 3730 1877 3765 α
1906 3712 2115 3765 litteras
2156 3710 2236 3763 bis
2271 3708 2429 3762 habet
2457 3717 2563 3760 eto
2591 3706 2826 3759 litteram
2864 3703 2984 3766 bis;
3039 3699 3205 3754 semel
3257 3699 3418 3767 igitur

1844 3821 1880 3858 α
1909 3810 2239 3872 computant,
2274 3799 2438 3855 semel
2487 3815 2535 3853 0.
2589 3798 2897 3851 Secundum
2930 3795 3033 3848 hoc
3072 3793 3237 3862 igitur
3269 3788 3417 3843 fundi

1844 3904 2044 3950 erunt:
2083 3894 2220 3960 8,1,
2262 3893 2317 3956 5,
2374 3892 2425 3954 ‘l,
2468 3892 2525 3953 Υ,
2571 3891 2625 3955 2,
2657 3890 2710 3952 5,
2752 3888 2808 3954 2,
2837 3898 2891 3941 et
2925 3884 3139 3940 conﬂati
3188 3881 3420 3937 eliiciuut

1846 3988 2104 4043 Inonades
2135 3985 2226 4049 27,
2254 3994 2309 4039 et
2337 3985 2442 4039 erit
2474 3984 2672 4037 fundus
2717 3979 2950 4035 nominis
2992 3977 3286 4033 secundum
3322 3991 3417 4027 no-

1845 4080 2119 4135 venariam
2158 4094 2404 4133 normam
2433 4078 2547 4145 ipse
2574 4075 2901 4129 novenarius
2925 4085 3199 4135 numerus,
3229 4080 3423 4121 secun-

1847 4176 1971 4228 dum
2015 4172 2378 4240 septenariam
2415 4169 2663 4240 78-79
2713 4176 2891 4220 autem
2923 4165 3187 4218 senarius.
3217 4161 3425 4214 Pariter

1848 4265 2121 4334 Sarpedon
2165 4273 2502 4333 computatus
2532 4262 2692 4316 eliicit
2728 4259 2984 4313 monades
3014 4254 3301 4311 secundum
3330 4270 3423 4305 noo

1848 4359 2125 4411 venariam
2190 4372 2430 4411 normam
2467 4355 2739 4409 binarium
2778 4365 3059 4405 numerum
3106 4363 3203 4416 pro
3237 4345 3420 4411 l'nrulo,

169 4434 465 4502 περισσὸς,
498 4435 526 4486 6
563 4431 709 4485 ὀκτὼ
762 4433 906 4503 νικᾷ,
963 4431 1164 4501 μείζων
1202 4434 1308 4504 γάρ
1354 4434 1524 4487 ἐστιν.
1568 4434 1633 4485 Εἰ
1685 4433 1729 4486 δὲ

173 4519 376 4548 -:.....u
412 4518 625 4548 amoma.
679 4516 769 4548 xl...
804 4513 914 4548 κτλ..
947 4518 1238 4548 ι....κ---...
1280 4519 1449 4548 ι--....
1498 4520 1529 4548 at
1565 4518 1729 4548 3......L

1846 4446 2130 4501 Patroclus
2156 4459 2333 4501 autem
2364 4444 2526 4499 eliicit
2554 4442 2809 4497 monades
2840 4441 2893 4503 9,
2929 4438 3093 4491 vincit
3123 4436 3420 4490 Patroclus.

170 4521 313 4571 εἰσιν
334 4519 376 4548 δ’
409 4518 631 4587 ἀριθμοὶ
678 4516 770 4569 δύο
804 4513 914 4571 οἷον
946 4518 1242 4590 ἀμφότεροι
1277 4519 1453 4590 ἄρτιοι
1498 4520 1531 4590 ἢ
1563 4518 1729 4589 ἀμφό-

1842 4539 1976 4593 Nam
2011 4553 2130 4593 cum
2178 4546 2262 4592 est
2304 4537 2438 4590 alter
2467 4534 2663 4589 fundus
2693 4533 2888 4603 impar,
2923 4530 3058 4584 alter
3085 4536 3263 4582 autem
3303 4541 3422 4594 par,

170 4627 321 4680 τεροι
344 4611 610 4681 περισσοὶ,
632 4612 660 4662 6
690 4610 931 4663 ἐλάσσων
952 4613 1098 4683 νικᾷ.
1125 4613 1248 4676 Πῶς
1269 4613 1325 4665 δὲ
1350 4616 1378 4666 6
1406 4613 1729 4681 Σαρπηδὼν

1846 4633 2022 4701 impar
2046 4630 2233 4691 vincit,
2265 4628 2354 4682 ubi
2392 4625 2570 4695 major.
2591 4633 2694 4681 est.
2730 4625 2937 4677 Rursus
2978 4628 3158 4674 autem
3190 4634 3311 4673 cum
3343 4624 3424 4669 est

174 4700 317 4754 κατὰ
343 4701 433 4755 τὸν
464 4702 765 4755 ἐννεαδικδν
799 4703 843 4734 ⁸³
877 4705 1021 4756 ποιεῖ
1054 4704 1285 4775 μονάδας
1320 4705 1444 4768 δύος
1472 4705 1729 4777 Παραλεί·

1841 4700 2153 4772 octouarius
2179 4730 2276 4785 par
2320 4724 2375 4769 et
2408 4714 2691 4782 quinarius
2726 4712 2919 4780 impar,
2947 4706 3257 4761 octonarius
3303 4703 3419 4755 viu-

172 4812 337 4848 πεται
362 4794 407 4825 ⁸⁸
433 4794 541 4863 γὰρ
570 4795 629 4849 τὸ
667 4802 723 4849 ω’
757 4798 1040 4865 στοιχεῖον
1072 4798 1200 4850 ὅταν
1226 4799 1332 4871 γάρ
1429 4802 1486 4852 ἐν
1516 4800 1729 4868 ὀνόματι

1843 4811 1936 4871 cit,
1980 4811 2150 4878 maior
2191 4810 2336 4864 enim
2384 4817 2487 4863 est.
2547 4807 2642 4861 Sin
2693 4820 2822 4859 vero
2876 4813 3003 4857 sunt
3052 4797 3261 4854 numeri
3316 4795 3424 4849 duo

174 4889 437 4957 στοιχεῖον
458 4905 503 4939 ω
525 4888 617 4940 καὶ
642 4893 711 4957 η’,
730 4889 1204 4959 παραλιμπάνουσι
1230 4892 1289 4944 τὸ
1304 4892 1361 4944 ω’
1392 4894 1471 4945 ένὶ
1494 4895 1729 4965 στοιχείιε

1845 4903 2008 4956 veluti
2039 4912 2267 4970 uterque
2294 4901 2469 4968 impar
2503 4898 2587 4953 vel
2623 4907 2850 4966 uterque
2880 4908 2998 4964 par,
3041 4891 3267 4947 inferior
3295 4888 3417 4941 vin-

174 4976 485 5047 χρώμενοιο
532 4975 872 5047 ἰσοδυναμεῖν
908 4978 1018 5049 γὰρ
1053 4979 1269 5048 λέγουσι
1312 4982 1380 5035 τὰ
1416 4985 1703 5055 ἀμφότερα
1727 5027 1742 5049 ,

171 5072 254 5133 δὶς
280 5070 339 5124 δὲ
385 5070 449 5124 τὸ
496 5070 627 5124 αὐτὸ
659 5071 720 5124 οὐ
770 5070 1100 5142 ψηφίζεται,
1148 5073 1223 5138 ὡς
1255 5076 1460 5128 ἄνωθεν
1506 5078 1743 5149 εῖρηται.

1844 4994 1939 5049 cit.
2002 4994 2101 5059 Qui
2154 5004 2330 5046 autem
2388 4990 2666 5058 Sarpedon
2729 4988 3021 5043 secundum
3076 4980 3424 5038 novenariam

1849 5098 2094 5138 normam
2142 5080 2305 5135 eliicit
2354 5081 2613 5137 monades
2640 5081 2777 5135 duas
2803 5078 2827 5133 ί
2858 5076 3062 5151 Nempe
3088 5073 3356 5130 omittitur
3379 5086 3427 5123 ω

1448 5252 1679 5308 νΑΒΙΔΕ
1717 5251 2118 5312 LECTIONES.

246 5420 285 5499 ’_‘
319 5418 499 5499 ὖεεέᾏω
520 5418 801 5499 Boeperus
854 5424 976 5477 coll.
1000 5440 1081 5499 Ap.
1116 5426 1218 5499 79,
1248 5428 1553 5499 51,άφελῶ
1584 5430 1647 5487 C.
1679 5430 1748 5486 Μ.
1827 5431 1872 5464 ³¹
1895 5434 2103 5486 λοιπόν.
2155 5432 2374 5485 ἔλαττον
2407 5433 2469 5499 C,
2537 5432 2607 5486 Μ.
2684 5433 2731 5464 ³³
2777 5430 2837 5483 τὸ
2867 5428 2989 5485 add.
3025 5428 3072 5481 M
3104 5425 3226 5481 coll.
3266 5425 3302 5478 l.
3335 5422 3426 5499 28Σ

177 5490 219 5520 ⁸⁸
253 5489 489 5557 λειφθεὶς
515 5489 577 5554 C,
612 5489 683 5546 M.
758 5494 803 5523 ³⁵
834 5489 1107 5557 συντεθεὶς
1140 5498 1204 5551 C.

1316 5498 1360 5529 ιο
1389 5499 1503 5529 ιιι..
1561 5502 1662 5529 Παλ
1700 5503 1739 5529 ι’

178 5499 489 5611 “siccabat;
515 5499 577 5554 li,
612 5499 683 5546 Μ.
758 5499 803 5523 ⁸⁵
834 5499 1107 5578 συντεθεὶς
1140 5499 1204 5551 C.
1316 5499 1360 5529 ³⁸
1387 5499 1525 5555 Κάν.
1559 5502 1667 5553 Καὶ
1700 5503 1759 5563 C,
1790 5500 1864 5555 M.
1967 5504 2008 5535 ³⁷
2038 5505 2165 5564 τοὺς
2216 5504 2606 5572 ὲϐδοματικοὺς
2645 5502 2703 5565 C,
2740 5502 2776 5554 Μ

183 5591 241 5641 ἰ
334 5560 489 5613 valde
510 5561 730 5641 turbata
762 5575 905 5616 sunt.
930 5565 1251 5641 ‘hxucalculo
1293 5568 1513 5641 legam:
1551 5569 1674 5624 υἷ’ον
1708 5573 1768 5623 τὸ
1812 5573 2122 5641 Πάτροκλος
2160 5573 2330 5640 ὄνομα
2363 5573 2424 5625 τὸ
2462 5589 2489 5624 0
2516 5573 2601 5635 δὶς
2628 5572 2739 5641 ἔχει
2762 5588 2776 5600 ·

2912 5500 2956 5531 ³⁸
2983 5498 3224 5568 εὑρίσκει
3380 5492 3428 5568 ξ’

1967 5504 2008 5535 ³⁷
2038 5505 2165 5564 τοὺς
2216 5504 2606 5572 ὲϐδοματικοὺς
2645 5502 2703 5565 C,
2740 5502 2807 5554 Μ.

2814 5570 2959 5635 ἅπαξ
2989 5564 3083 5623 οὖν
3114 5567 3174 5620 τὺ
3201 5583 3230 5619 0
3250 5564 3426 5635 ψῃιρί-

179 5628 327 5711 ςρυετξ
347 5643 360 5658 ⁸
394 5629 534 5711 κῆτξά
557 5629 745 5711 τοῦτο..
766 5648 902 5711 mut.
1013 5634 1080 5695 Μ,
1108 5640 1305 5711 an_is_te
1336 5628 1722 5710 Παπάτροκλος
1751 5628 1957 5696 voluit?
2030 5644 2073 5674 ⁵ο
2098 5628 2322 5711 μονάδες
2361 5644 2419 5696 (ἰ.
2500 5643 2541 5674 ⁵⁸
2581 5628 2839 5711 ’Ὁμοίως
2875 5628 3031 5709 ὃμ”έξ
3054 5637 3117 5692 C.
3200 5635 3245 5668 δ’
3264 5628 3429 5706 ’ἦσαν

176 5696 242 5761 υ,
275 5696 343 5751 Μ.
444 5700 463 5729 ³
484 5699 788 5754 ὲννεατικδν
816 5703 874 5756 (3.
950 5705 992 5735 ⁵⁸
1029 5707 1455 5771 παραλείπονται
1486 5696 1543 5765 (ἐξ
