1913 3109
178 116 245 147 3081

902 110 1086 141 ORIGENIS

1736 104 1809 137 3082

181 172 281 200 littera.
298 167 411 202 Quando
427 166 499 195 enim
515 171 557 194 est
572 166 599 193 in
621 165 732 193 nomine
748 165 837 193 littera
857 174 880 191 ω
901 170 930 192 et.
950 173 968 198 η

1035 163 1106 189 Ιάλιν
1119 162 1185 193 Αἴας
1198 162 1270 189 ποιεῖ
1282 161 1398 197 μονάδας
1411 170 1547 197 τεσσαρας
1558 181 1565 193 ,
1579 161 1690 195 Ἕκτωρ
1701 160 1724 176 δ’
1738 160 1812 187 κατὰ.

180 216 310 243 omittunt
322 223 354 247 ω,
371 222 422 241 una
437 213 526 241 littera
539 213 591 245 usi,
606 212 663 247 pari
678 212 749 238 enini
766 215 898 247 potestate
909 217 969 237 esse

182 262 275 288 dicunt
290 265 444 294 utramque,
460 259 502 287 bis
516 264 605 286 autem
627 258 696 285 idem
713 265 765 285 non
784 261 968 292 computatur,

182 311 211 333 ut
229 308 355 341 superius
369 306 469 333 dictum
481 308 533 333 est.
548 304 652 332 Rursus
667 302 735 338 Ajax
749 302 830 331 ellicit
841 302 969 330 monades

184 358 315 386 quatuor.
330 352 431 379 Hector
448 357 537 378 autem
553 351 701 378 secundum
719 351 891 377 novenariam
906 356 970 377 nor-

185 406 255 425 mam
270 398 334 425 facit
350 397 491 424 mouadem
506 402 636 429 uuam,et
651 400 694 424 est
716 396 909 431 quaternarius
924 403 971 422 nu-

185 452 277 471 merus
292 450 350 478 par,
366 450 459 469 monas
471 446 559 469 autem
571 442 668 476 impar,
682 442 708 468 in
726 442 769 468 tali
785 446 874 468 autem
888 448 969 467 causa

185 489 304 516 diximus
328 488 455 522 majorem
486 488 609 518 vincere,
642 487 724 513 vincit
757 487 835 520 Ajax.
866 485 971 513 Rursus

187 535 340 561 Alu-xander
357 538 384 559 et
400 532 546 560 Menelaus.
562 532 714 560 Alexander
728 532 864 567 proprium
891 532 972 560 habet

189 587 285 607 nomen
296 578 383 611 Paris,
397 579 473 605 Paris
487 583 575 605 autent
590 577 670 605 eﬂicit
681 578 809 604 tnonadel
823 577 970 604 secundum

189 626 362 653 uovenariam
380 633 501 653 normam
524 624 552 654 ι,
569 624 704 652 Menelaus
718 629 808 651 autem
823 624 970 651 secundum

190 672 363 699 novenariam
379 672 507 698 monades
524 670 552 702 9.
565 671 675 697 vincunt
687 676 776 697 autem
796 677 892 697 novem
905 677 972 705 qua-

191 723 274 751 tuor;
291 717 393 744 dictum
419 717 490 744 enim
513 721 564 749 est,
587 716 694 750 quando
716 715 785 743 alter
811 715 899 751 impar
925 716 971 748 sit,

191 763 258 790 alter
272 769 360 790 autem
376 771 434 798 par.
450 762 579 796 majorem
606 763 724 795 vincere,
751 762 859 797 quando
882 767 971 789 autem

192 813 306 841 uterque
318 815 366 843 par
381 812 425 833 aut
442 812 555 841 uterque
573 807 670 841 impar.
685 807 851 834 inferiorem.
868 807 972 834 Rursus

192 853 308 888 Amycus
324 858 351 880 et
370 852 544 887 Polydeuces.
561 852 678 888 Amycus
693 853 802 886 quidem
826 852 891 880 facit
915 861 974 880 mo-
990 843 1009 869 Β

193 898 277 925 uades
294 898 361 925 duas
378 897 524 924 secundum
546 897 719 924 noveaariam
738 905 859 925 normam
883 903 910 924 et
923 897 976 925 Po-

194 943 318 978 lydeuees
340 950 405 971 vero
419 948 520 978 septem
543 951 550 969 :
571 943 655 970 vincit
674 942 848 978 Polydeuces.
868 942 935 978 Ajax
950 949 978 971 et

193 987 328 1023 Odysseus
352 988 522 1016 luctabantur
548 988 574 1015 in
599 989 747 1015 certamine
771 989 890 1016 funebri.
911 988 976 1022 Aiax

194 1032 274 1060 eﬂicil
300 1033 447 1061 secundum
483 1034 657 1061 noreuariam
695 1042 816 1061 normam
848 1036 979 1062 monades

194 1083 319 1112 quatuor,
334 1078 471 1113 Odysseus
489 1084 550 1106 orto
563 1080 710 1107 secundum
732 1080 916 1107 novenariam.
937 1080 977 1107 An

194 1132 259 1152 vero
282 1124 394 1160 Odyssei
419 1133 516 1152 nomen
544 1126 683 1158 epitheton
711 1130 738 1152 et
760 1133 813 1152 non
840 1127 977 1160 proprium

194 1169 257 1196 est?
280 1168 349 1196 Vicit
376 1170 458 1197 enim.
488 1168 647 1202 Quanquam
677 1171 825 1196 secundum
853 1178 980 1197 numeros

196 1215 279 1242 vincit
291 1214 370 1248 Ajax,
386 1214 498 1241 historia
511 1219 601 1240 autent
613 1214 763 1249 Odysseutn
778 1215 860 1241 tradit
874 1214 979 1241 vicisse.

196 1259 332 1287 Achilleus
350 1263 378 1286 et
398 1259 505 1286 llector.
527 1258 666 1286 Achilleus
690 1259 837 1286 secundum
864 1267 981 1286 novena-

197 1307 264 1332 riam
280 1312 402 1332 nonnam
419 1304 483 1332 facit
507 1309 632 1339 quatuor,
649 1304 747 1331 llect0r
763 1313 843 1331 unam
863 1314 870 1332 :
898 1305 982 1331 vincit

197 1350 327 1377 Achilles.
341 1349 445 1376 Rursus
459 1349 595 1376 Aclnlleus
607 1353 634 1375 et
652 1348 982 1384 Asteropzens.Achilleus

199 1396 265 1422 facit
288 1400 414 1430 quatuor,
441 1395 612 1430 Asteropaaus
634 1399 690 1422 tres
719 1404 726 1422 :
747 1395 830 1422 vincit
850 1395 981 1423 Achilles.

199 1440 302 1468 Rursus
330 1440 467 1467 Menelaus
488 1445 516 1467 et
543 1440 714 1475 Euphorbus.
740 1440 877 1468 Menelaus
902 1441 983 1469 habet

200 1486 328 1513 monades
346 1493 450 1519 novem,
463 1485 623 1520 Euphorbus
633 1490 694 1514 octo
708 1492 716 1513 :
731 1486 814 1514 vincit
833 1486 981 1515 Menelaus.

200 1532 315 1566 Quidam
330 1537 419 1559 autem
436 1533 588 1566 septenaria
600 1540 693 1559 norma
708 1533 750 1560 usi
763 1533 828 1560 solis
844 1534 982 1561 vocalibus

200 1584 321 1609 utuntur.
337 1579 381 1605 alii
402 1584 490 1606 autem
505 1586 626 1606 seorsum
642 1578 776 1606 collocant
795 1584 821 1607 et
837 1579 945 1607 vocales
957 1585 984 1607 et

201 1626 376 1654 semivocales
404 1631 431 1653 et
459 1631 638 1654 consonantes
673 1633 697 1654 et
730 1627 814 1655 tribus
844 1628 984 1655 ordinibus

202 1672 355 1699 constitutis
378 1678 488 1700 stitnunt
503 1672 599 1700 fundos
618 1673 739 1708 80-81
761 1681 882 1701 seorsum
897 1679 924 1700 et
938 1681 984 1701 vo-

202 1718 299 1746 calium
315 1722 342 1745 et
356 1718 554 1746 semivocalium
570 1724 598 1745 et
609 1720 816 1746 consonantium
835 1725 862 1746 et
875 1727 985 1754 compa-

204 1768 264 1790 rant
275 1770 396 1790 seorsum
414 1764 631 1798 unumquodque.
648 1764 699 1791 Alii
714 1769 802 1791 autem
820 1773 852 1792 ne
864 1765 907 1792 his
928 1765 987 1800 qui-

204 1809 264 1836 dem
280 1809 418 1837 consuetis
431 1810 549 1837 numeris
563 1815 687 1841 utuntur,
702 1811 748 1837 sed
764 1810 834 1842 aliis,
851 1811 943 1843 νιιίυιὶ,
959 1816 988 1838 ut

205 1855 328 1890 exemplo
350 1861 422 1888 utar,
444 1865 464 1882 π
490 1856 606 1883 litteram
635 1860 732 1890 negant
756 1855 866 1883 fumium
888 1856 989 1883 habere

206 1902 336 1928 ntonades
351 1906 423 1934 octo,
443 1902 489 1928 sed
503 1901 633 1935 quinque.
647 1905 675 1928 et
697 1899 711 1933 ξ
732 1901 849 1928 litteram
876 1901 987 1928 fundum

1020 208 1066 235 τὸν
1089 208 1242 235 ὶννεαδικὸν
1258 210 1332 235 ποιεῖ
1350 208 1451 244 μονάδα
1467 208 1542 243 μίαν.
1563 206 1703 233 Rath-rw
1720 206 1736 241 ἡ
1761 206 1812 241 μὲν

1020 255 1119 291 τετρὶς
1143 256 1236 290 ἄρτιος
1250 255 1291 289 ,ἡ
1312 254 1396 290 μονὰς
1415 254 1444 281 δὲ
1470 253 1597 289 περισσή.
1621 252 1684 278 Ἐπὶ
1706 251 1736 278 δὲ
1757 251 1813 277 τῶν

1020 301 1149 328 τοιούτων
1168 301 1214 327 τὸν
1238 301 1349 336 μείζονα
1365 300 1498 335 ἐλέγομεν
1517 300 1607 334 νικᾷν,
1625 299 1689 334 νικᾷ
1703 299 1719 324 ὁ
1734 297 1812 328 Αἴας.

1022 347 1105 373 Πάλιν
1126 346 1301 382 Ἀλέξανδρος
1324 347 1372 373 καὶ
1393 346 1544 378 Μενέλαος.
1570 344 1745 380 Ἀλέξανδρος
1763 344 1814 370 κὺ-

1023 401 1080 428 ριον
1096 392 1152 428 ἔχει
1171 393 1258 429 δνομα
1273 392 1384 429 [Πάριςι
1397 393 1431 419 ⁸⁸.
1450 393 1536 428 Πάρις
1553 392 1581 419 δὲ
1600 392 1673 418 ποιεῖ
1695 389 1814 426 μονάδας

1022 438 1092 464 κατὰ
1114 438 1160 464 τὸν
1182 439 1335 465 ὲννεαδικὺν
1357 438 1379 455 ⁸⁷
1401 433 1429 470 ξ,
1446 433 1642 469 Μενέλαος-δὲ
1673 437 1748 464 κατὰ
1768 437 1815 462 τὸν

1022 485 1174 510 ἐννεαδικὸν
1192 485 1309 518 μονάδις
1321 480 1346 514 ιῖ,
1365 485 1461 512 νικῶσι
1477 485 1505 511 δὲ
1520 486 1545 510 αἱ
1559 485 1637 510 ἐννέα
1651 485 1701 514 τὰς
1719 484 1816 509 τέσσα-

1023 538 1083 565 ρας·
1108 531 1216 565 εἴρηται
1241 531 1305 565 γὰρ,
1332 531 1431 556 ὁπόταν
1447 531 1461 556 ὁ
1489 531 1537 565 μὲν
1559 529 1688 564 περιστὺς
1705 526 1735 564 ᾖ.
1757 530 1770 554 ὁ
1789 528 1816 553 δὲ

1021 576 1125 610 ἄρτιος,
1144 578 1157 602 ὁ
1177 576 1278 611 μείζων
1296 578 1357 612 νικᾷ
1371 598 1377 608 ,
1396 578 1458 603 ὅταν
1475 577 1502 602 δὲ
1527 576 1675 610 ἀμφότεροι
1697 574 1788 609 ἄρτιοι
1800 574 1816 606 ἦ

1021 623 1171 657 ἀμφότεροι
1188 623 1311 657 περισσοὶ
1326 642 1332 654 ,
1348 623 1362 648 ὁ
1380 623 1510 649 ἐλάσσων.
1530 622 1614 648 Πάλιν
1631 622 1757 656 ’Ἄμυκος
1773 621 1818 646 καὶ

1022 668 1203 702 Πολυδεύκης.
1221 669 1344 703 ’Δμυκος
1354 669 1402 703 μὲν
1414 670 1485 694 ποιεῖ
1500 669 1616 703 μονάδας
1627 667 1674 693 δύο
1687 666 1763 693 κατὰ
1774 666 1818 692 τὸν

1022 713 1173 739 ὲννεαδικὺν
1182 734 1188 745 ,
1200 715 1246 739 καὶ
1257 714 1426 747 Πολυδεύκης
1434 715 1462 740 δὲ
1471 715 1549 741 ἑπτὰ’
1561 715 1623 748 νικᾷ
1635 712 1819 746 Πολυδεύκης.

1022 759 1090 790 Αἴας
1105 760 1152 786 καὶ
1173 760 1316 790 Ὀδυσσεὺς
1327 760 1476 787 ὲπάλαισαν
1496 761 1524 786 ὲν
1537 759 1574 792 τῷ
1586 759 1744 793 ὲπιταφίῳ.“
1752 758 1820 788 Αἶας

1023 808 1094 832 ποιεῖ
1108 807 1178 832 κατὰ
1192 807 1236 833 τὸν
1252 807 1401 834 ἐννεαδικὸν
1415 808 1529 842 μονάδας
1547 801 1573 837 Ξ
1593 807 1738 837 Ὀδυσσεὺς
1749 804 1821 832 ὀκτὼ

1027 853 1097 878 κατὰ
1109 853 1153 878 τὸν
1164 853 1315 879 ἐννεαδικόν
1325 854 1355 869 ³³⁸
1370 851 1424 889 ἆρα
1436 852 1480 880 οὖν
1493 854 1556 890 μήτι
1564 854 1594 880 τὸ
1601 853 1756 883 Ὀδυσσέως
1765 851 1821 878 ιπε-

1027 896 1102 922 θετον
1112 898 1156 923 καὶ
1166 898 1195 923 οὺ
1208 897 1302 932 κύριόν
1312 899 1399 927 ἐστινε
1413 898 1520 932 ἐνίκησε
1530 898 1593 932 γάρ.
1606 897 1685 924 Κατὰ
1698 897 1750 932 μὲν
1760 897 1821 926 τοὺς

1026 942 1158 976 ἀριθμοὺς
1175 944 1237 976 νικᾷ
1255 943 1361 977 Λῖας,ὴ
1378 943 1399 969 δ’
1417 944 1521 978 ἱστορία
1549 943 1677 970 Ὀδυσσέα
1700 941 1820 977 παραδὶ-

1026 987 1117 1014 δωτιν.
1148 989 1285 1022 ’Λχιλλεὺς
1308 990 1355 1015 καὶ
1375 989 1498 1023 Ἕκτωρ.
1523 988 1662 1023 Ἀχιλλεὺς
1686 987 1762 1014 κατὰ
1776 986 1820 1012 τὸν

1028 1033 1179 1060 ὲιινεαδικὸν
1192 1036 1264 1060 ποιεῖ
1278 1036 1423 1069 τέσσαρας,
1440 1035 1548 1069 ’Ἕκτωρ
1562 1034 1635 1069 μίαν·
1651 1034 1715 1068 νικᾷ
1734 1032 1820 1067 Ἀχιλ-

1028 1078 1099 1109 λεύς.
1118 1079 1203 1105 Πάλιν
1225 1080 1364 1114 Ἀχιλλεὺς
1381 1080 1428 1106 καὶ
1455 1081 1657 1115 Ἀστεροπαῖος.
1680 1078 1819 1113 Ἀχιλλεὺς

1032 1126 1100 1150 ποιεῖ
1117 1124 1261 1160 τέσσαρας,
1284 1126 1476 1160 Ἀστεροπαῖος
1499 1127 1573 1160 τρεῖς
1590 1125 1622 1152 δ’.
1639 1125 1702 1159 νικᾷ
1729 1124 1818 1158 Ἀχιλ-

1029 1169 1101 1199 λεύς,
1122 1169 1206 1195 Πάλιν
1221 1170 1355 1201 Μενέλαος
1373 1170 1420 1195 καὶ
1434 1169 1582 1205 Εὔφορϐος.
1607 1168 1745 1199 Μενέλαος
1764 1168 1818 1201 ἔχει

1032 1213 1148 1248 μονάδας
1169 1214 1255 1243 ἐννέα,
1273 1213 1412 1248 Εὔφορϐος
1427 1215 1512 1240 ὀκτώ·
1531 1215 1592 1249 νικᾷ
1606 1213 1755 1244 Μενέλαος.
1772 1212 1819 1238 Τι-

1030 1259 1073 1289 νὲς
1085 1259 1113 1284 δὲ
1132 1259 1201 1284 κατὰ
1216 1259 1261 1284 τὸν
1282 1259 1460 1293 ἑϐδοματικὸν
1487 1260 1576 1294 μόνοις
1590 1260 1645 1290 τοῖς
1665 1258 1787 1292 φωνήεσι
1795 1258 1820 1274 ⁸⁸

1033 1304 1170 1337 γρῶνται,
1192 1304 1267 1330 ἄλλοι
1295 1305 1323 1330 δὲ
1341 1305 1540 1331 διαστέλλουσιν
1566 1305 1618 1339 ἰδίᾳ
1636 1305 1684 1338 μὲν
1707 1304 1741 1330 τὰ
1765 1312 1821 1337 φω-

1032 1351 1129 1383 νήεντα
1144 1370 1150 1379 ,
1172 1350 1225 1384 ἰδίᾳ
1237 1350 1264 1375 δὲ
1281 1351 1315 1376 τὰ
1339 1351 1476 1385 ἡμίφωνα,
1495 1351 1548 1385 ἰδίᾳ
1562 1351 1589 1377 δὲ
1603 1351 1635 1376 τὰ
1651 1351 1758 1384 deum,
1775 1350 1821 1375 καὶ

1032 1396 1105 1429 τρεῖς
1125 1395 1216 1428 τάξεις
1233 1397 1394 1431 ποιήσαντες
1412 1396 1581 1431 λαμϐάνουσι
1596 1396 1657 1426 τοὺς
1680 1395 1821 1429 πυθμένας

1035 1441 1087 1475 ἰδίᾳ
1104 1441 1152 1475 μὲν
1166 1441 1220 1467 τῶν
1236 1443 1255 1457 ⁵¹
1282 1442 1454 1477 φωνηέντων,
1473 1443 1524 1477 ἰδίᾳ
1539 1442 1568 1468 δὲ
1585 1442 1638 1467 τῶν
1660 1440 1820 1476 ἡμιφώνων,

1036 1486 1088 1520 ἰδίᾳ
1113 1487 1140 1512 δὲ
1164 1487 1218 1513 τῶν
1234 1488 1360 1520 ἀφώνων,
1385 1487 1431 1513 καὶ
1455 1487 1628 1522 συγκρίνουσι
1643 1487 1681 1522 [ρ.
1703 1485 1822 1521 55-57]

1036 1532 1119 1567 χωρὶς
1141 1532 1265 1559 ἕκαστον.
1292 1533 1383 1559 Ἄλλοι
1399 1534 1427 1559 δὲ
1444 1534 1503 1559 οὐδὲ
1518 1533 1623 1563 τούτοις
1643 1535 1698 1564 τοῖς
1712 1541 1822 1567 νενομι-

1037 1579 1145 1613 σμένοις
1161 1579 1287 1613 ἀριθμοῖς
1302 1579 1437 1613 χρῶνται,
1455 1580 1511 1606 ἀλλ’
1528 1580 1617 1609 ἄλλοις
1627 1600 1634 1611 ,
1646 1577 1700 1605 οἷον
1714 1579 1825 1605 ὑποδεί-

1037 1633 1139 1658 γματος
1155 1625 1236 1651 ἕνεκα
1254 1625 1283 1650 τὸ
1295 1619 1320 1650 Ῑτ
1340 1627 1370 1651 οὺ
1388 1626 1492 1651 θέλουσι
1508 1627 1631 1661 πυθμένα
1653 1627 1724 1660 ἔχειν
1741 1626 1824 1662 μονά-

1037 1671 1084 1701 δας
1099 1671 1120 1685 ⁵¹
1132 1666 1163 1705 ἦν
1181 1666 1249 1695 ἀλλὰ
1265 1662 1288 1702 ξ,
1308 1671 1353 1697 καὶ
1370 1671 1400 1697 τι
1420 1666 1433 1703 ξ
1451 1673 1580 1705 στοιχεῖον
1599 1672 1724 1707 πυθμένα
1738 1671 1824 1705 μονά-

1037 1718 1085 1747 δας
1099 1712 1122 1747 δ’,
1145 1717 1191 1742 καὶ
1215 1716 1347 1748 παντοίως
1371 1717 1546 1751 στρεφόμενοι
1562 1718 1636 1744 οὐδὲν
1652 1719 1727 1751 ὑγιὲς
1750 1718 1825 1753 εὑρὶ-

1041 1771 1160 1788 σκουσιν.
1179 1763 1264 1788 Ὅταν
1288 1763 1379 1797 μέντοι
1395 1763 1520 1797 δεύτερόν
1539 1772 1612 1794 τινες
1626 1763 1825 1798 ἀγωνίζονται,

1038 1810 1084 1843 ἀφ’
1106 1809 1236 1843 ἑκατέρου
1260 1809 1313 1835 τῶν
1340 1809 1479 1843 ὀνομάτων
1506 1810 1536 1835 τὸ
1564 1810 1670 1844 πρῶτον
1695 1812 1827 1845 στοιχεῖον

1042 1855 1213 1889 ἀφαιροῦσιν·
1227 1855 1290 1881 ὅταν
1311 1855 1339 1881 δὲ
1355 1856 1359 1889 |
1376 1855 1518 1890 τρίτον,τὰ
1532 1856 1577 1882 δύο
1590 1856 1770 1892 ἑκατέρωθεν,
1781 1856 1825 1883 καὶ

1038 1901 1072 1927 τὰ
1090 1901 1170 1926 λοιπὰ
1186 1901 1355 1935 ψηφίσαντες
1376 1901 1578 1936 συγκρίνουσιν.

207 1947 335 1974 monades
354 1952 481 1981 quatuor,
497 1953 524 1973 et
543 1955 638 1974 omnes
655 1947 682 1973 in
708 1952 799 1982 partes
825 1948 948 1982 quamvis
979 1955 1008 1975 se
1045 1953 1160 1976 vertant.
1179 1947 1243 1973 nihil
1270 1947 1327 1974 sani
1357 1948 1516 1975 extundnnt.
1543 1948 1700 1983 Quanquam
1716 1948 1761 1975 ubi
1783 1957 1828 1976 se-

207 1993 325 2021 cttndutn
342 1994 423 2028 aliqui
448 1997 616 2026 concertant,
630 1993 660 2021 al'
684 1998 797 2028 utroque
813 1993 922 2021 nomine
936 1994 1049 2029 primam
1064 1994 1180 2020 litteram
1214 1993 1337 2024 demunt,
1362 1994 1470 2027 quando
1503 1998 1592 2020 autent
1610 1994 1729 2026 tertium,
1760 1995 1828 2022 duas

208 2040 348 2074 utriusque
372 2040 498 2073 nominis,
521 2046 548 2066 et
571 2040 681 2074 reliquis
706 2040 869 2074 computatis
884 2045 1050 2075 comparant.

244 2085 287 2114 15.
302 2085 428 2113 Arbitror
445 2091 534 2113 autem
552 2085 692 2120 perspicue
709 2085 873 2113 declaratam
890 2094 950 2114 esse
965 2090 992 2113 et

1079 2085 1122 2113 15.
1148 2084 1232 2120 Οἶμαι
1254 2085 1283 2112 δὲ
1307 2085 1428 2120 ἐκδήλως
1449 2084 1618 2113 ὲκτεθεῖσθαι
1639 2086 1685 2113 καὶ
1705 2087 1756 2121 τὴν
1776 2087 1830 2114 τῶν

209 2131 443 2158 arithmeticorum
458 2135 574 2157 mentem
590 2137 638 2164 per
652 2138 780 2157 ntnneros
788 2134 815 2157 et
828 2131 937 2158 nomina
953 2130 977 2157 vi

1042 2131 1232 2167 ἀριθμητικῶν
1253 2130 1374 2157 ἐπίνοιαν
1391 2130 1425 2157 δι’
1440 2130 1564 2167 ἀριθμῶν
1585 2133 1632 2158 καὶ
1646 2132 1788 2167 ὀνομάτων
1801 2133 1831 2159 τὸ

211 2182 263 2203 tam
285 2176 437 2204 discernere
458 2176 662 2203 instituentium.
687 2175 741 2203 llos
761 2181 849 2203 autem
873 2175 991 2211 intelligo

210 2223 325 2250 otiantes
338 2226 365 2249 et
380 2222 405 2250 in
431 2222 599 2249 numerando
614 2222 776 2249 exercitatos
792 2222 864 2249 uisos
877 2229 946 2252 esse.
963 2226 992 2248 nt

210 2275 259 2303 per
273 2273 358 2295 artem
370 2275 384 2295 a
398 2268 490 2303 pueris
502 2267 551 2295 sibi
568 2267 693 2295 traditam
705 2267 823 2295 illustres
840 2268 903 2295 lacti
916 2273 991 2295 vates

211 2313 412 2348 appellarentur
429 2322 437 2341 :
454 2314 499 2348 qui
519 2320 619 2347 susque
645 2314 729 2348 deque
759 2314 908 2340 litterarum
934 2314 990 2340 ele-

213 2364 301 2386 menta
316 2359 456 2386 metientes
472 2360 497 2385 in
509 2359 623 2393 ineptias
635 2359 769 2386 abierunt.
791 2358 904 2391 Quando
919 2358 991 2385 enim

213 2414 265 2433 non
280 2406 403 2441 conligit,
416 2405 598 2433 difﬁcultatem
616 2405 653 2432 rei
665 2405 861 2440 praetendentes
876 2404 970 2431 dicunt
983 2413 990 2431 :

212 2451 337 2480 Forsitan
354 2452 405 2479 hoc
426 2459 522 2479 nomen
540 2452 656 2485 patrium
673 2459 726 2478 non
751 2450 842 2483 fuerit,
860 2450 908 2477 sed
923 2449 993 2477 asci-

214 2498 313 2530 titinm,
330 2498 410 2525 veluti
425 2498 506 2524 etiam
520 2498 545 2524 in
559 2497 645 2525 Ulixis
667 2502 694 2523 et
706 2496 796 2530 Ajacis
808 2495 916 2522 nomine
927 2494 994 2529 lapsi

213 2545 413 2572 insimulabant.
427 2543 493 2576 Quis
504 2551 537 2571 ex
553 2543 604 2570 hac
619 2542 732 2570 miriﬁca
747 2541 918 2577 philosophia
932 2548 995 2575 pro-

1043 2176 1092 2210 ζῆν
1105 2175 1254 2211 διακρίνειν
1265 2175 1439 2210 νομιζόντων.
1454 2174 1571 2207 Τούτους
1582 2176 1611 2202 δὲ
1626 2176 1752 2203 κατανοῶ
1770 2185 1831 2212 σχο-

1041 2222 1091 2257 λὴν
1105 2222 1220 2256 ἄγοντας
1235 2221 1282 2248 καὶ
1301 2221 1384 2256 ψήφῳ
1401 2221 1641 2256 γεγυμνασμένους
1654 2222 1831 2257 τεθεληκέναι

1041 2267 1085 2294 διὰ
1099 2268 1148 2302 τῆς
1158 2268 1181 2284 ⁵³
1192 2267 1392 2304 παραδοθείσης
1405 2268 1497 2299 αὐτοῖς
1510 2268 1542 2294 ὲκ
1555 2267 1657 2294 παίδων
1666 2268 1766 2303 τέχνης
1777 2268 1831 2304 [θέ-

1042 2312 1109 2349 λειν]
1124 2313 1149 2329 ⁸⁵
1169 2312 1382 2348 εὐδοκιμοῦντας
1398 2313 1508 2348 μάντεις
1527 2313 1783 2349 προσαγορεύεσθαι
1798 2315 1830 2342 ³³.

1045 2360 1070 2385 οἳ
1087 2360 1143 2387 ἄνω
1161 2359 1237 2386 κάτω
1251 2359 1285 2386 τὰ
1304 2360 1423 2395 στοιχεῖα
1442 2359 1681 2395 καταμετροῦντες
1694 2361 1736 2393 εἰς
1751 2360 1831 2396 λῆρον

1047 2406 1199 2442 ἐχώρησαν.
1220 2405 1305 2432 Ἑπὰν
1316 2405 1372 2441 γὰρ
1382 2406 1549 2441 ἀποτύχωσι,
1563 2406 1594 2433 τὸ
1605 2406 1708 2442 ἄπορον
1719 2406 1832 2442 προϐάλ-

1044 2451 1135 2483 λοντες
1148 2452 1171 2467 ⁵⁸
1180 2450 1305 2485 λέγουσι,
1324 2451 1389 2486 μήτι
1399 2451 1478 2478 τοῦτο
1488 2451 1574 2486 δνομα
1587 2451 1696 2485 γενικδν
1710 2452 1760 2478 οὐκ
1775 2452 1832 2485 ἑτέ-

1046 2505 1106 2524 νετο
1121 2497 1189 2524 ἀλλὰ
1205 2496 1338 2524 ἐπίθετον·
1352 2496 1391 2529 ὼς
1412 2497 1460 2524 καὶ
1476 2496 1524 2524 ἐπὶ
1544 2496 1591 2523 τοῦ
1614 2497 1768 2528 Ὀδυσσέως
1787 2497 1832 2523 καὶ

1048 2541 1160 2573 Αἴαντος
1176 2541 1336 2574 ἐκπεσόντες
1355 2541 1510 2568 ἐνεκάλουν.
1536 2541 1585 2573 Τις
1606 2542 1639 2568 ὲκ
1659 2541 1765 2577 ταύτης
1788 2542 1832 2574 τῆς

846 2648 963 2682 Vnam
981 2653 1182 2682 LECTIONES.

253 2750 275 2765 “
286 2749 406 2783 Ἕκτωρ.
421 2756 499 2783 “rev
515 2746 546 2774 C.
581 2746 604 2763 “
620 2747 706 2783 Πάρις
723 2745 785 2783 add.
798 2745 839 2783 _.\_I.
877 2744 902 2783 "_
914 2743 1030 2783 unsafe
1045 2743 1198 2783 εννεαδικὸν
1212 2742 1255 2783 bis
1269 2743 1300 2783 (Ξἒ

217 2784 321 2812 calculo
348 2784 381 2809 M.

1340 2742 1363 2759 ⁸⁸
1378 2743 1410 2769 τὸ
1431 2742 1582 2770 ivveris:de
1596 2741 1628 2769 C.
1646 2741 1695 2769 llic
1716 2748 1793 2768 error
1809 2742 1831 2767 in

421 2783 442 2798 δ’
460 2782 540 2809 Error
556 2782 581 2808 iu
605 2777 709 2809 calculo
725 2780 758 2808 M.
797 2781 819 2796 "
832 2780 969 2815 φωνήσεσι
986 2780 1016 2806 C.
1053 2779 1074 2795 "
1093 2778 1145 2805 ἰδία
1159 2778 1213 2804 τῶν
1228 2779 1275 2811 ἀφ.
1293 2778 1325 2806 0,
1355 2779 1377 2794 ³·
1416 2778 1513 2810 ονάδας
1531 2778 1593 2806 add.
1608 2777 1643 2804 Μ.
1682 2777 1706 2794 ⁸³
1718 2777 1768 2810 τῆς
1781 2784 1832 2803 om.

421 2826 468 2840 ιειν
491 2818 566 2840 nni-is
581 2816 688 2840 inclusit
701 2814 736 2840 Μ.
775 2816 798 2832 ⁵⁵
812 2814 1044 2840 ποοαγοοεύεσθαι
1056 2813 1087 2840 C.
1128 2806 1333 2840 δεποοσαλὸντες
1349 2813 1380 2840 C.

219 2826 262 2853 pr.
273 2819 306 2846 ὓ.
343 2818 365 2835 ³⁵
381 2817 468 2844 θέλειν
491 2818 566 2845 uncis
581 2816 688 2844 inclusit
701 2814 736 2843 Μ.
775 2816 798 2832 ⁵⁵
812 2813 1044 2851 προαγορεύεσθαι
1056 2813 1087 2841 C.
1128 2813 1333 2847 ἐπροσαλὸντες
1349 2813 1380 2844 C.
1397 2813 1430 2840 Μ.

1128 2806 1333 2847 δεπροσαλὸντες
1349 2813 1380 2844 C.
