3826 6218
116 283 232 352 3091

1209 278 1505 340 CONTRA
1535 276 1897 339 HERESES
1932 275 2074 335 LIB.
2115 274 2212 333 IV.

3188 263 3327 327 3092

118 403 200 456 καὶ
251 397 545 468 τιθυμάλου
597 396 729 461 ὀπὸς
781 397 876 450 καὶ
929 393 1101 465 συκῆς
1146 397 1292 450 ποιεῖ
1350 395 1412 449 τὸ
1456 396 1659 467 ὅμοιον.

1789 393 1990 448 ntroire
2013 391 2169 462 jubet
2198 388 2290 459 qui
2332 385 2527 441 adsunt
2566 385 2857 439 instructos
2890 382 3052 436 ranis
3088 380 3222 436 lauri
3271 392 3326 437 et

129 490 331 561 Ἐπειδὴ
368 489 426 543 δέ
478 488 648 560 ἔμαθε
693 489 795 560 τήν
842 486 1111 559 ἐρώτησιν
1138 486 1333 550 οὕτως,
1366 487 1376 558 |
1406 486 1527 541 τίνα
1560 488 1666 559 χρὴ

118 583 298 653 τρόπον
351 580 739 651 ἀποκρίνεσθαι
786 580 1108 653 προύνόησε.
1164 579 1273 632 Kal
1317 577 1500 631 λοιπὸν
1534 578 1667 632 εῖσω

90 673 394 745 έπαρελθεῖν
442 672 653 726 κελεύει
698 670 824 733 τοὺς
885 670 1159 740 παρόντας
1207 669 1410 736 δάφνας
1452 667 1671 738 ἔχοντας

120 767 203 819 καὶ
230 765 466 826 σείοντας
504 764 598 818 καὶ
642 761 981 833 κεκραγότας
1027 760 1122 813 καὶ
1152 758 1244 813 τὸν
1282 760 1424 830 φρῆν
1474 761 1673 812 ἐπικα-

117 855 331 917 λοῦντας
360 853 407 887 ⁵⁸
438 854 698 923 δαίμονα*
755 851 850 904 καὶ
904 852 1013 922 γάρ
1061 848 1336 903 ἐπικαλεῖν
1374 849 1421 880 ⁵⁵
1463 848 1674 911 τούτοις

120 947 308 1014 πρέπει
337 945 429 999 καὶ
466 944 622 997 τοῦτο
656 944 826 996 αἰτεῖν
855 940 1005 1012 παρὰ
1036 940 1306 1011 δαιμόνων
1353 936 1502 1002 ἄξιον
1544 937 1611 999 ⁵⁸,
1644 934 1674 988 δ

116 1036 178 1090 δι’
202 1034 380 1089 αὐτῶν
411 1034 455 1065 ⁵⁷
506 1031 767 1105 παρέχειν
814 1031 876 1084 οὐ
931 1029 1175 1083 θέλουσιν
1233 1025 1597 1087 ἀπολέσαντες
1626 1023 1672 1055 ³⁸

118 1130 208 1189 τὰς
242 1126 464 1195 φρένας.
514 1124 587 1176 Τὸ
613 1122 671 1175 δέ
709 1123 949 1192 ἄκοσμον
981 1120 1080 1191 τῆς
1122 1119 1251 1190 βοῆς
1294 1119 1389 1172 καὶ
1425 1118 1455 1170 ὁ
1504 1115 1674 1185 ψόφος

116 1212 192 1281 οἷς
215 1219 271 1270 ἐν
300 1215 597 1287 ἀπορρήτῳ
616 1215 662 1246 ⁸⁸
682 1213 1038 1284 πεποιηκέναι
1060 1211 1337 1282 νομίζεται
1359 1210 1403 1242 ⁸⁸
1434 1223 1674 1279 παρακο-

115 1308 320 1361 λουθεῖν
363 1306 605 1360 ἐκώλυσε
628 1307 694 1359 “.
730 1304 862 1358 Τίνα
890 1305 947 1357 δέ
967 1303 1140 1356 ταῦτά
1180 1304 1319 1368 ἐστι,
1346 1300 1537 1371 καιρὸς
1568 1299 1677 1351 λοι-

117 1402 215 1454 πὸν
242 1400 442 1467 λέγειν.
478 1398 622 1451 Πολὺ
649 1398 746 1468 μὲν
774 1392 867 1450 οὖν
902 1395 1160 1466 τυγχάνει
1178 1394 1239 1447 τὸ
1269 1393 1481 1455 σκότος.
1513 1390 1676 1459 Λέγει

116 1491 221 1560 γάρ
248 1489 506 1543 ἀδύνατον
531 1489 605 1543 τὰ
631 1488 751 1541 θεῖα
771 1488 902 1558 όρᾷν
924 1486 1124 1557 θνητὴν
1147 1484 1326 1554 φύσιν·
1359 1482 1541 1536 ἱκανὸν
1567 1481 1677 1551 γὰρ

116 1582 175 1634 τὸ
206 1580 432 1652 ὁμιλεῖν.
461 1577 805 1639 Κατακλίνας
835 1577 891 1628 δέ
913 1576 1002 1629 τὸν
1044 1575 1208 1629 παῖδα
1240 1573 1423 1646 πρηνῆ
1453 1572 1547 1627 καὶ
1584 1571 1679 1624 δύο

113 1672 222 1725 τῶν
274 1671 689 1741 γραμματιδίων
736 1668 981 1731 ἐκείνων,
1033 1669 1177 1737 άπερ
1229 1663 1297 1738 ῆν
1364 1666 1677 1734 ἐγγεγραμ-

1768 484 2078 555 quatientes
2108 491 2165 537 et
2196 478 2559 534 vociferantes
2591 488 2646 531 et
2670 474 2846 530 Phren
2878 474 3191 531 invocantes
3218 476 3326 530 dae-

1769 592 1984 634 monem
2002 593 2021 643 ;
2044 575 2243 630 ctenim
2276 572 2529 627 invocare
2560 569 2708 624 illum
2741 568 2839 622 hos
2870 568 3042 633 decet,
3078 578 3134 621 et
3168 568 3269 621 hoc
3294 582 3326 619 ι

1772 669 2110 725 daemonibus
2143 677 2325 736 petere
2350 662 2616 723 convenit,
2662 661 2803 729 quod
2829 675 2927 729 per
2968 674 3027 715 se
3064 660 3164 730 ipsi
3194 675 3329 729 prae-

1774 764 1905 817 bere
1955 769 2253 831 nequeunt,
2305 758 2501 826 quippe
2551 755 2641 823 qui
2692 754 2793 823 ipsi
2847 753 3145 823 phrenetici
3198 753 3325 806 sint.

1777 851 2070 906 lmmodica
2106 858 2283 903 autem
2317 846 2630 901 vociferatio
2657 854 2711 899 et
2740 846 2993 913 strepitus
3019 844 3103 910 iis,
3132 858 3249 911 qua:
3277 844 3328 897 in

1772 952 1984 998 secreto
2028 940 2142 995 ﬁeri
2192 953 2309 993 mos
2340 946 2443 1002 est,
2486 944 2717 991 mentem
2765 934 3046 988 advertere
3087 933 3329 1003 impedit.

1778 1034 1907 1101 Quae
1936 1032 2117 1103 qualia
2163 1031 2273 1085 sint
2302 1030 2411 1099 jam
2453 1039 2665 1097 tempus
2699 1034 2782 1080 est
2815 1026 3033 1081 uberius
3061 1025 3329 1095 persequi.

1774 1123 1965 1192 Magna
1995 1122 2209 1190 quidem
2250 1129 2336 1174 est
2375 1119 2697 1173 obscuritas.
2731 1114 2901 1187 Negat
2952 1116 3096 1169 enim
3139 1118 3333 1171 cadere

1776 1215 1830 1269 in
1862 1215 2156 1269 humanam
2189 1221 2436 1265 naturam
2467 1209 2645 1263 divina
2678 1209 3000 1277 perspicere,
3031 1209 3163 1261 satis
3187 1208 3330 1260 enim

1776 1320 1898 1361 esse
1928 1305 1979 1358 in
2007 1303 2392 1358 commercium
2424 1304 2645 1356 deorum
2683 1300 2885 1354 venire.
2921 1299 3200 1353 Reclinato
3234 1314 3333 1353 au-

1778 1408 1882 1451 tem
1912 1411 2077 1466 puero
2110 1395 2162 1449 in
2194 1409 2434 1463 praeceps
2457 1393 2774 1462 duabusque
2805 1391 3015 1446 tabellis
3043 1392 3184 1455 istis,
3217 1407 3338 1461 qua:

1776 1498 1933 1545 erant
1978 1487 2259 1543 Hebraicis
2301 1487 2508 1540 scilicet
2552 1485 2745 1540 litteris
2778 1483 3072 1552 inscriptae,
3123 1488 3335 1554 utrique

1778 1581 1929 1635 lateri
1957 1578 2237 1649 appositis,
2257 1577 2460 1646 reliqua
2483 1578 2777 1631 daemonem
2793 1576 2845 1629 in
2865 1575 3340 1630 auresinsusnrra-

1781 1684 1958 1729 turum
1991 1673 2142 1728 dicit.
2176 1672 2271 1726 Est
2307 1683 2484 1725 autem
2515 1671 2615 1723 boc
2636 1669 3023 1734 necessarium,
3060 1677 3115 1721 ut
3138 1668 3338 1734 aliquid

117 1763 253 1833 μένα
293 1764 337 1793 ⁸⁸
386 1762 689 1832 Ἑϐραϊκοῖς
720 1761 880 1831 δῆθεν
926 1761 1247 1831 γράμμασιν
1300 1759 1375 1823 ὡς
1412 1757 1678 1828 δαιμόνων

1781 1767 2127 1821 instrumenti
2164 1774 2400 1834 apponat
2433 1764 2499 1817 ad
2532 1777 2694 1817 aures
2725 1762 2899 1832 pueri,
2927 1778 3025 1832 per
3046 1764 3187 1832 quod
3218 1762 3342 1816 licet

114 1856 381 1923 ὀνόματα,
422 1855 633 1924 πλευρᾷ
668 1853 928 1924 παραθεὶς
956 1852 1192 1922 ἑκατέρᾳ
1221 1850 1265 1881 ⁸³
1290 1848 1359 1902 τά
1389 1846 1552 1903 λοιπὰ
1567 1850 1681 1911 τοῖς

114 1947 253 2000 ὠσὶν
272 1947 524 2017 ἐνθήσειν
553 1946 721 2014 λέγει.
760 1946 915 1998 Ἐστι
950 1944 1007 1997 δὲ
1026 1942 1183 1995 τοῦτο
1212 1942 1344 1995 αὐτὸ
1364 1942 1680 2009 ἀναγκαῖον,

112 2047 203 2101 ἵνα
232 2064 287 2100 τι
316 2047 536 2118 παραθῇ
587 2048 697 2108 τοῖς
728 2045 831 2097 ὠσὶ
857 2043 949 2097 τοῦ
1000 2041 1187 2104 παιδὸς
1228 2040 1482 2111 ὄργανον,
1525 2038 1594 2092 δι’
1621 2030 1683 2092 οὗ

112 2136 228 2187 πᾶν
254 2134 371 2187 ἐστι
401 2135 641 2205 σημᾶναι
668 2133 713 2164 ⁸⁸
758 2132 1009 2185 θιὲλοντα⁶
1052 2132 1175 2200 ήχεῖ
1200 2129 1257 2183 δὲ
1281 2129 1342 2181 τὺ
1383 2130 1428 2161 ⁸⁸
1464 2126 1683 2198 πρῶτον

112 2226 204 2279 ἵνα
229 2225 439 2296 φοϐηθῇ
462 2227 490 2278 ό
519 2227 665 2289 παῖς,
690 2225 782 2278 καὶ
801 2222 1048 2293 δεύτερον
1080 2220 1369 2291 ἐπιϐομϐεῖ
1392 2221 1462 2283 ⁸⁸,
1493 2219 1683 2272 ἔπειτα

116 2322 182 2372 τὸ
216 2319 403 2390 τρίτον
428 2316 575 2370 λαλεί
603 2316 691 2370 διὰ
709 2314 803 2369 τοῦ
842 2316 1095 2386 ὀργάνου,
1121 2313 1158 2367 ἃ
1193 2313 1371 2381 λέγειν
1399 2312 1490 2365 τὸν
1520 2311 1685 2363 παῖδα

112 2411 395 2483 βούλεται,
417 2409 512 2462 καὶ
531 2409 630 2480 τὴν
652 2407 875 2461 ἔκϐασιν
893 2406 988 2459 τοῦ
1015 2406 1337 2475 πράγματος
1357 2405 1432 2467 ὡς
1449 2404 1593 2457 δοκεῖ
1615 2405 1680 2469 o1,

112 2500 191 2573 [p.
222 2497 460 2569 ϐαι-66]
493 2493 608 2551 εἶτα
636 2499 761 2561 τοὺς
791 2498 887 2567 μὲν
919 2497 1190 2566 παρόντας
1217 2495 1504 2564 ἡσυχάζειν
1520 2496 1683 2557 ποιεῖ,

106 2595 205 2646 τὸν
221 2593 283 2646 δὲ
302 2591 338 2645 ἃ
356 2590 507 2661 παρὰ
524 2589 633 2642 τῶν
648 2589 913 2658 δαιμόνων
927 2587 1059 2657 ήκου
1068 2602 1124 2638 σε
1138 2585 1419 2655 σημαίνειν
1431 2583 1592 2649 ἀξιοῖ.
1613 2584 1687 2637 Τὸ

107 2684 169 2737 δὲ
203 2687 321 2746 τοῖς
342 2683 444 2736 ὠσὶ
467 2679 770 2750 παρατεθὲν
787 2679 1017 2750 ὄργανον
1038 2678 1153 2731 ἐστὶ⁸
1178 2676 1403 2745 φυσικὸν
1433 2676 1683 2747 ὄργανον,

105 2776 226 2828 τῶν
267 2770 734 2844 μακροτραχήλων
762 2770 1006 2841 γεράνων
1030 2769 1063 2839 ἢ
1101 2768 1386 2837 πελαργῶν
1412 2768 1446 2838 ἢ
1476 2767 1688 2820 κύκνων

107 2865 404 2935 ἀρτηρία·
434 2855 508 2915 ὧν
547 2863 596 2914 εί
643 2860 933 2931 μηδέτερον
971 2861 1149 2930 παρῇ,
1185 2858 1362 2911 Ean"
1402 2860 1497 2912 καὶ
1528 2859 1689 2929 ἕτερα

103 2961 321 3027 τέχνης
365 2955 589 3025 ὄργανα.
625 2952 918 3021 ιΑύλίσκοι
973 2951 1082 3022 γάρ
1130 2966 1275 3013 τινες
1325 2950 1543 3020 χάλκεοι
1598 2949 1689 3001 τὸν

103 3053 183 3119 ἀρ
193 3050 247 3102 ιθ
257 3050 362 3121 μὸν
383 3048 511 3101 δέκα
529 3048 606 3107 είς
634 3044 892 3114 ἀλλήλους
909 3042 1227 3114 χωροῦντες,
1252 3043 1330 3105 είς
1356 3042 1538 3095 στενὸν
1559 3042 1691 3094 ἀπο-

102 3141 383 3209 λήγοντες
405 3139 726 3209 εὐάρμοστοι
751 3136 1010 3204 γίνονται,
1034 3136 1100 3188 δι’
1125 3129 1200 3189 ὦν
1229 3134 1362 3205 πρὸς
1388 3133 1448 3186 τὸ
1470 3128 1563 3197 οὖς
1590 3132 1690 3185 ὅσα

103 3243 271 3294 θέλει
312 3240 626 3308 φθέγγεται.
660 3236 771 3290 Καὶ
810 3234 983 3289 ταῦτα
1013 3236 1042 3288 ό
1074 3236 1200 3297 παῖς
1228 3231 1549 3288 κατακούων
1590 3231 1692 3304 ἐμ-

101 3333 310 3399 φὸὅως
351 3330 427 3391 ὡς
455 3328 558 3380 ὑπὸ
582 3326 851 3395 δαιμόνων
879 3324 1184 3393 λαλούμενα
1212 3324 1514 3390 κελευσθεὶς
1558 3326 1696 3378 ἀπο-

100 3421 448 3488 φθέγγεται.
480 3416 610 3484 Είςδὲ
632 3415 725 3468 καὶ
751 3413 943 3483 σκότος
968 3431 1050 3481 τις
1064 3417 1240 3489 ῥάϐδῳ
1267 3416 1505 3487 περιθεὶς
1533 3416 1694 3486 ὑγρὸν

96 3512 371 3583 ξηράνας
398 3512 491 3565 καὶ
519 3509 841 3580 συναγαγὼν
868 3510 1223 3580 προσαρμόσῃ
1250 3508 1343 3560 καὶ
1373 3508 1416 3539 ⁶⁹
1444 3507 1694 3560 ἀποσπά-

100 3630 218 3677 σας
244 3610 356 3680 τήν
386 3608 578 3681 ῥάϐδον
603 3608 860 3663 αὐλίσκου
889 3607 1042 3676 δίκην
1073 3606 1132 3658 τὸ
1161 3607 1353 3669 σκύτος
1374 3606 1692 3676 ἐργάσηται,

1780 1857 1961 1912 omnia
2021 1854 2332 1925 signiﬁcare
2383 1868 2502 1923 qua:
2559 1854 2683 1923 quis
2721 1854 2883 1907 volet.
2938 1852 3108 1906 Sonat
3159 1860 3336 1906 autem

1782 1951 2034 2019 primum,
2082 1958 2139 2001 ut
2184 1948 2238 2002 in
2277 1957 2540 2002 terrorem
2589 1946 2909 2015 conjiciatur
2941 1960 3098 2014 puer,
3151 1944 3344 2000 deinde

1782 2043 2000 2111 insuper
2052 2051 2363 2111 tympanum
2417 2048 2615 2101 movet,
2673 2050 2946 2108 postremo
3001 2040 3216 2091 tertium
3262 2039 3343 2093 lo-

1783 2134 1966 2202 quitur
1991 2147 2087 2202 per
2114 2134 2555 2195 instrumentum,
2582 2130 2725 2198 quod
2747 2145 2969 2199 puerum
3003 2131 3113 2183 vult
3138 2132 3340 2195 dicere,

1783 2234 1838 2279 et
1863 2225 2064 2279 exitum
2090 2226 2167 2279 rei
2190 2232 2487 2292 exspectat,
2510 2223 2704 2276 deinde
2726 2237 2819 2277 eos
2843 2223 2930 2291 qui
2962 2222 3159 2276 adsunt
3185 2224 3345 2277 silere

1778 2317 1959 2387 jubet,
2010 2317 2155 2371 illum
2191 2316 2439 2387 92-93
2472 2327 2649 2370 autem
2685 2331 2804 2385 qua:
2834 2332 2859 2368 a
2887 2316 3222 2371 daemonibus
3253 2332 3343 2371 ac-

1785 2413 1991 2482 ceperit
2028 2411 2288 2481 protlteri.
2337 2410 2490 2476 Quod
2539 2419 2718 2463 autem
2771 2410 2993 2463 auribus
3042 2411 3343 2479 appositum

1784 2514 1867 2558 est
1898 2504 2336 2566 instrumentum,
2366 2511 2451 2557 est
2485 2501 2730 2555 naturale
2752 2502 3191 2566 instrumentum,
3222 2516 3348 2567 pro—

1785 2611 1911 2652 cero
1948 2595 2086 2651 collo
2125 2598 2509 2650 instructarum
2550 2609 2738 2663 gruum
2773 2592 2854 2647 vel
2903 2593 3229 2651 ciconiarum
3262 2596 3345 2650 vel

1786 2703 2082 2759 cygnorum
2123 2686 2348 2753 arteria,
2400 2702 2627 2756 quormn
2685 2686 2727 2740 si
2786 2685 2990 2741 nullum
3036 2688 3103 2742 ad
3158 2702 3349 2742 manus

1787 2790 1919 2845 erit,
1976 2790 2031 2835 et
2093 2778 2197 2832 alia
2247 2792 2314 2832 ex
2364 2788 2480 2832 arte
2521 2778 2876 2833 instrumenta
2934 2786 3077 2833 sunt.
3125 2776 3350 2833 Tibiolze

1788 2876 1931 2929 enim
1968 2875 2212 2944 quaedam
2244 2888 2403 2931 aeneia
2433 2890 2661 2929 numero
2700 2875 2885 2929 decem
2930 2875 3157 2929 invicem
3204 2875 3256 2928 in
3293 2889 3351 2929 se

1790 2976 2047 3019 coeuntes
2078 2965 2129 3019 iu
2178 2977 2461 3035 angustum
2498 2964 2849 3018 terminantes
2881 2973 3020 3032 apta:
3066 2974 3211 3027 sunt,
3256 2976 3352 3031 per

1715 3083 1757 3140 ο
1790 3072 1929 3126 quas
1958 3057 2024 3111 ad
2069 3073 2226 3111 aures
2267 3070 2600 3125 quascunque
2640 3055 2782 3108 volet
2828 3055 3096 3122 loquatur.
3128 3055 3193 3109 Et
3239 3056 3354 3109 haec

1791 3163 1927 3219 puer
1955 3147 2266 3213 exaudiens,
2313 3154 2457 3200 metu
2499 3154 2785 3213 correptus
2828 3145 2979 3212 quasi
3034 3160 3064 3198 a
3097 3145 3356 3199 daemoni-

1792 3242 1894 3294 bus
1922 3239 2063 3293 dicta
2093 3254 2158 3293 ex
2187 3238 2339 3306 jussu
2377 3236 2739 3305 proloquitur.
2775 3234 2870 3291 Sin
2910 3238 3031 3306 quis
3058 3238 3235 3315 etiam.
3262 3252 3351 3289 co-

1792 3330 1932 3384 rium
1976 3328 2392 3396 circumplicans
2446 3327 2674 3395 scipioni
2712 3328 2987 3381 humidum
3036 3328 3193 3397 idque
3227 3343 3351 3382 are-

1794 3420 1997 3475 factum
2047 3420 2380 3475 contraheus
2440 3428 2665 3473 consuet
2712 3422 2767 3471 et
2820 3422 3062 3473 detracto
3113 3422 3353 3490 scipione

1795 3517 1992 3571 tibiolae
2028 3517 2079 3570 in
2126 3517 2344 3570 modum
2374 3516 2579 3569 corium
2607 3514 2878 3580 conﬁciet,
2906 3515 3044 3568 idem
3077 3516 3224 3571 facit.
3257 3516 3351 3571 Sin

1793 3609 1923 3678 quid
1963 3610 2151 3663 horum
2196 3624 2301 3662 non
2342 3608 2536 3672 aderit,
2581 3606 2776 3661 librum
2809 3608 2973 3662 sumit
3003 3623 3233 3679 eumque
3260 3626 3351 3663 ex-

89 3705 164 3757 τὸ
202 3705 408 3774 ὅμοιον
451 3704 611 3754 ποιεῖ.
650 3700 710 3753 El
745 3698 802 3752 δέ
848 3715 899 3752 τι
939 3697 1141 3751 τούτων
1193 3696 1269 3767 μὴ
1303 3700 1480 3769 παρῇ,
1517 3696 1694 3767 βίϐλον

91 3793 312 3846 λαϐὼν
340 3790 777 3861 ἐπισπασάμενος
809 3788 1016 3841 ἔνδοθεν
1043 3789 1166 3841 ὅσον
1187 3789 1372 3860 χρῄζει
1406 3789 1499 3840 ἐπὶ
1522 3787 1696 3858 μῆκος

86 3884 404 3945 ἐκτείνας,
428 3882 496 3935 τά
520 3882 679 3950 ὃμοια
698 3882 930 3951 ἐνεργεῖ.
958 3881 1018 3934 El
1041 3880 1098 3932 δὲ
1118 3880 1163 3911 ⁷⁸
1187 3879 1457 3949 προειδείη
1487 3879 1631 3942 ὅστις
1648 3878 1692 3909 ⁷¹

88 3980 366 4048 πάρεστι
406 3972 762 4043 πευσόμενος,
797 3968 1135 4041 ἑτοιμότερος
1171 3971 1306 4040 πρὸς
1341 3970 1518 4023 πάντα
1551 3971 1697 4038 γίνε-

83 4087 224 4124 ται.
268 4068 343 4121 Ei
366 4065 422 4118 δὲ
453 4066 544 4118 καί
570 4066 669 4132 τὴν
697 4062 890 4116 πεῦσιν
913 4063 1196 4133 προμάθῃ,
1226 4062 1424 4134 γράφει
1455 4061 1530 4134 τῷ
1559 4079 1678 4134 φαρ

1800 4076 1909 4122 tam
1959 4068 2199 4132 habebit,
2249 4067 2443 4122 scribit
2482 4070 2796 4139 pharmace,
2841 4078 2896 4123 et
2942 4080 2998 4123 ut
3031 4083 3357 4140 pra'paralus

84 4162 318 4235 μάχῳ,
348 4157 445 4209 καὶ
471 4155 547 4219 ὡς
576 4155 991 4225 ὲμπαράσκευος
1020 4153 1341 4224 ίκανώτερος
1360 4154 1637 4223 νομίζεται
1652 4154 1678 4184 "‘

1800 4168 2057 4229 tanquam
2085 4159 2337 4214 solertior
2356 4160 2680 4224 celebratur,
2708 4170 2765 4213 ut
2788 4162 2877 4230 qui
2907 4160 3052 4216 clare
3076 4165 3354 4231 scripserit

81 4251 325 4322 σαφῶς
357 4248 572 4318 γράψας
594 4247 655 4299 τὸ
676 4243 1048 4317 ἐρωτώμενον.
1083 4245 1145 4297 Et
1172 4244 1228 4296 δὲ
1263 4247 1477 4313 ἀγνοεῖ,
1508 4245 1678 4298 ύποτο

1801 4250 1947 4319 quod
1980 4253 2260 4320 quassitum
2300 4260 2403 4306 est.
2433 4251 2527 4307 Sin
2557 4267 2683 4306 vero
2714 4253 2953 4321 ignorat,
2992 4253 3354 4322 conjecturam

78 4344 293 4407 πὰζει
320 4340 367 4371 ⁷⁸
403 4339 494 4391 καὶ
524 4337 818 4407 ἀμφίϐολον
854 4338 947 4389 καὶ
980 4336 1228 4406 ποικίλην
1258 4336 1307 4368 ⁷⁸
1345 4337 1677 4405 ἅποφαίνετα

1805 4341 2136 4409 periclitatur
2173 4351 2226 4395 et
2275 4341 2480 4411 aliquid
2530 4342 2742 4410 prodit,
2782 4344 2922 4410 quod
2962 4345 3247 4412 ancipitem
3304 4355 3360 4400 et

72 4455 141 4491 τι
183 4432 505 4504 δεχόμενον
533 4431 577 4462 ⁷⁸
613 4431 970 4499 μετάφρασιν,
1006 4429 1092 4482 ἵνα
1118 4429 1215 4499 τὴν
1251 4428 1346 4498 μὲν
1367 4429 1538 4499 ἀρχὴν
1562 4430 1678 4498 ἄση·

1806 4432 2009 4484 variam
2041 4431 2261 4499 recipiat
2294 4432 2812 4500 interpretationem,
2845 4446 2953 4502 quo
2984 4434 3295 4489 vaticinium
3329 4454 3356 4487 a

74 4543 205 4598 μος
242 4518 399 4576 οὖσα
438 4522 470 4590 ἡ
505 4520 866 4590 χρησμοδοσία
904 4521 982 4581 είς
1022 4518 1192 4573 πολλὰ
1220 4519 1403 4584 ἔσται,
1433 4521 1523 4573 ἐπὶ
1549 4520 1606 4573 δέ
1629 4524 1678 4591 τῇ

1802 4522 2067 4591 principio
2091 4524 2399 4591 ambiguum
2436 4523 2489 4576 in
2522 4524 2765 4577 diversas
2786 4524 2957 4590 possit
2984 4536 3167 4593 partes
3198 4528 3359 4592 trahi,

69 4616 360 4672 ὲκόἀσει
387 4611 497 4664 τῶν
521 4611 946 4681 συμϐησομένων
975 4610 1111 4680 πρὸς
1134 4611 1193 4663 τὸ
1228 4610 1436 4681 συμϐὰν
1462 4612 1675 4683 πρόρρη

1804 4615 1856 4668 ἱιι
1897 4626 2089 4669 eventu
2144 4625 2321 4668 autem
2376 4616 2634 4683 quidquid
2683 4618 2943 4683 evenerit,
3000 4618 3067 4671 ad
3119 4618 3170 4672 id
3221 4626 3363 4688 quod

68 4727 183 4772 σις
247 4702 577 4773 νομίζηται.
625 4698 757 4755 Εἶτα
805 4702 1034 4771 λεκάνην
1080 4701 1369 4771 πληρώσας
1408 4703 1596 4767 ὓδατος
1628 4704 1678 4756 ὡκ

1803 4708 2094 4775 contigerit
2123 4708 2399 4777 praedictio
2429 4709 2883 4763 accommodetur.
2935 4707 3133 4762 Deinde
3165 4712 3361 4779 pelvim

65 4802 385 4868 ἄγραφον
411 4793 500 4845 τὸν
524 4793 729 4863 χάρτην
756 4793 803 4824 ⁷⁸
831 4792 1051 4880 καθίησι
1084 4793 1435 4862 συνεμϐαλὼν
1470 4795 1673 4864 χάλκαν

1805 4800 1891 4851 ubi
1928 4799 2170 4868 implevit
2194 4814 2353 4866 aqua,
2390 4807 2644 4869 tanquam
2686 4800 2900 4853 inanem
2938 4801 3235 4853 chartulam
3273 4803 3366 4855 de-

61 4894 218 4945 Θον.
272 4882 476 4945 Οὕτως
504 4885 611 4951 γάρ
653 4882 927 4936 ἀνατέλλει
963 4883 1028 4944 ",
1064 4883 1161 4953 τὴν
1196 4885 1484 4954 ἀπόκρισιν
1524 4885 1678 4956 φέρω

1806 4890 1973 4943 mittit
2020 4905 2124 4942 una
2176 4891 2420 4945 immisso
2468 4890 2809 4945 chalcantbo.
2858 4888 2933 4943 lta
2961 4893 3103 4945 enim
3135 4896 3366 4963 emergit

58 4988 97 5039 ὁ
135 4977 428 5053 γραφεὶς
458 4976 681 5045 χάρτης.
710 4973 800 5043 Τῷ
831 4974 928 5043 μὲν
958 4974 1022 5045 δὴ
1059 4974 1251 5044 παιδίῳ
1286 4975 1377 5029 και
1416 4976 1678 5044 φαντασία

1807 4995 2125 5049 responsum
2165 4979 2344 5035 ferens
2389 4982 2588 5049 scripta
2646 4985 2858 5036 charta.
2902 4981 3075 5036 Puero
3106 4983 3268 5054 igitur
3313 5000 3363 5041 et

1397 5112 1631 5167 νΑιιιΑῖ
1670 5113 2073 5173 LECTIONES.

149 5232 218 5268 ⁸⁵
256 5225 762 5301 ὲττικαλοτξντες-Ω.
804 5299 814 5301 ᾼ
856 5230 903 5262 ⁸⁸
918 5230 1213 5301 ἐπικαλεῖν.
1241 5230 1495 5301 ὲπιγελᾷν
1524 5231 1584 5290 C.
1610 5231 1676 5283 M.
1782 5232 1828 5264 “
1857 5233 1998 5300 ἀξιοῖ
2014 5234 2084 5288 Μ.
2149 5235 2196 5268 ⁵⁷
2223 5235 2401 5290 αὐτῶν
2422 5235 2485 5291 C.
2588 5237 2634 5268 ⁸⁸
2664 5235 3040 5300 ἀπωλέσαντες
3063 5236 3123 5290 C.
3231 5237 3275 5268 "
3309 5239 3365 5287 ἐν

48 5298 565 5384 ἀπορρήτωξ
655 5298 700 5329 ⁸⁸
730 5299 945 5384 ἐνόμιζε
975 5301 1037 5353 (Σ.
1071 5300 1141 5381 Μ.
1216 5301 1257 5332 ⁸⁸
1286 5298 1576 5384 ἐκώλυΞΟ.
1723 5373 1736 5384 .
1778 5298 2274 5384 δῖὲγκεγραμμέγα
2313 5305 2402 5384 C._
2470 5306 2784 5384 ⁶⁹ηέκάτερα
2801 5306 2935 5384 ’ςπ-
2967 5298 3253 5384 “quive:
3285 5306 3364 5377 [ἂι

43 5367 421 5447 sive'_5<ra_t-
449 5367 589 5447 θέλει
614 5384 627 5398 ο
663 5367 891 5447 κατηχεῖ
932 5386 990 5422 τε
1020 5372 1257 5447 ’πρῶτον-
1286 5372 1427 5447 «:oni.
1459 5371 1525 5447 M_.
1633 5374 1677 5404 “
1716 5373 1839 5447 ἠχεῖ
1868 5367 1923 5426 δέ
1969 5367 2067 5447 τό.
2093 5367 2326 5447 ἧχοῦντα
2363 5376 2449 5447 ϐα
2476 5444 2485 5447 Α
2512 5376 2556 5407 ⁸⁸
2592 5378 2653 5447 τι
2687 5367 2860 5447 βομϐῇ
2896 5376 2957 5431 C.
3032 5367 3174 5440 ""tb;
3201 5367 3362 5447 sax}sz

39 5436 445 5519 5033‘5‘_‘,M°
522 5440 569 5519 ’ἶ
599 5440 764 5519 παρῆν
790 5416 941 5519 ,ἐδτιλ
964 5416 1279 5519 πέιρὲξῖιρ.
1361 5441 1403 5471 ⁸³
1434 5440 1679 5519 “laute
1720 5416 1925 5498 άςτοσπ.
1972 5446 2091 5498 add.
2116 5416 2199 5498 ‘31.
2275 5448 2320 5477 "°
2346 5416 2507 5499 έῖδέ.
2550 5446 2670 5498 οὐδὲ
2836 5416 2876 5477 ᾖ
2898 5416 3063 5507 ’ἔστις
3087 5416 3173 5500 ὃντῖ

39 5524 100 5551 τι
146 5506 510 5580 νομίζεται.
547 5506 961 5588 ὀνομάζεται-β,
994 5506 1079 5588 ὢν
1094 5509 1369 5588 δοξάζεται
1407 5510 1613 5588 γράψαι
1635 5528 1778 5588 susp.
1809 5513 1876 5565 M.
1954 5514 1997 5588 ’ξ
2019 5515 2348 5580 ύποτοπάζει
2377 5515 2490 5569 καί.
2515 5515 2882 5581 ύποπτάζεται
2914 5518 2973 5571 C.
3042 5506 3088 5548 θ’
3119 5517 3367 5584 ποικίλην

40 5576 457 5659 "oegiert'ts‘,
503 5576 743 5659 ποικίλον
786 5578 849 5642 C,
1012 5580 1093 5659 ""_
1110 5595 1162 5659 τι
1195 5576 1500 5659 δεχόμενον.
1530 5576 1925 5653 ’ἐπιδεχόμενον
1957 5582 2020 5640 C.
2059 5583 2124 5639 Μ.
2210 5586 2255 5617 ⁷⁸
2277 5576 2368 5649 ’ὡς
2396 5616 2466 5630 --
2497 5585 2722 5657 χάρτην.
2744 5576 2759 5581 ⁷
2779 5588 3027 5659 ἀγράφου
3075 5588 3275 5659 χάρτου
3302 5576 3365 5640 C.

39 5638 501 5709 ῖᾶ’ἆῖθα.τέλλει
536 5638 844 5713 lim-perm,
864 5647 1093 5700 ἀναπλεῖ
1120 5651 1182 5716 C,
1219 5638 1286 5703 hi:
1320 5638 1332 5651 ’
1700 5638 1731 5651 n
1766 5638 1779 5653 ’
2012 5638 2019 5640 ξ
2116 5638 2119 5639 ν
2308 5638 2311 5639 ν
2348 5638 2366 5649 ’
2498 5638 2531 5655 ﬂ
2574 5638 2585 5657 I
2657 5638 2669 5656 ’
2785 5638 2796 5640 ﬁ
2826 5638 2867 5659 η

464 5739 727 5799 ΡΑΤιιΟΙ..
773 5741 887 5800 GR.
932 5740 1096 5800 XVI.
2980 5749 3051 5809 98

1793 3702 1958 3771 plicat
1979 3711 2034 3755 et
2063 3702 2113 3753 in
2147 3711 2405 3770 quantam
2445 3701 2590 3753 volet
2619 3715 2925 3754 mensuram
2950 3703 3213 3767 extendit,
3246 3717 3353 3772 quo

1796 3792 1940 3848 facto
1980 3793 2226 3847 eumdem
2270 3807 2426 3846 usum
2463 3800 2705 3860 praestat.
2749 3792 2844 3847 Sin
2889 3803 3068 3847 autem
3119 3796 3349 3859 noverit,

1795 3887 1917 3954 quis
1947 3885 2016 3938 sit
2043 3884 2088 3938 is
2114 3884 2206 3954 qui
2238 3884 2571 3938 sciscitatum
2600 3884 2775 3951 adsit,
2807 3886 3047 3954 paratior
3076 3887 3143 3940 ad
3170 3887 3352 3940 onmia

1800 3979 1878 4033 lit.
1920 3978 2013 4032 Sin
2057 3986 2235 4031 autem
2271 3975 2355 4030 vel
2394 3976 2868 4047 interrogationem
2907 3988 3063 4031 antea
3108 3994 3353 4047 comper-
