3826 6218
482 224 632 296 ’3093

1947 234 2310 294 ORIGENIS

3581 239 3714 303 3094

496 348 929 402 terriculamenta
963 349 1232 404 exsistunt
1274 365 1670 418 saepenumero.
1719 352 1929 406 Etenim
1966 367 2026 405 ve

2158 349 2385 419 φοϐεραὶ
2401 366 2636 416 γινονται
2662 349 2917 412 πολλάκις
2942 367 2957 381 ·
2981 351 3073 404 καὶ
3099 351 3205 422 γάρ
3229 351 3435 423 πληγάς
3458 355 3712 424 ἐμϐάλλει

492 442 716 494 verbera
766 440 957 494 incutit
996 441 1270 494 interdum
1309 441 1505 510 quibus
1552 450 1845 496 exterreat.
1899 442 2048 496 Thus

488 533 629 584 enim
679 531 924 600 iujiciens
976 533 1029 585 in
1074 534 1245 600 ignem
1293 549 1478 587 rursus
1520 546 1775 604 operatur
1805 535 1857 588 in
1907 535 2049 588 hunc

490 623 703 675 modum
747 642 760 676 :
809 623 1060 677 Frustum
1115 625 1246 679 Salis
1297 627 1386 693 qui
1425 626 1621 678 dicitur
1668 624 1867 679 fossilis
1923 639 2046 677 cera

489 712 659 766 Tusca
691 713 1117 766 circumvolvens
1145 713 1413 781 simulque
1451 715 1625 782 ipsum
1657 711 1890 767 frustum
1925 713 2046 764 thu-

487 805 560 856 ris
589 805 862 856 dissecans
894 803 1066 872 injicit
1104 804 1229 856 salis
1261 819 1519 871 granum,
1569 813 1626 856 et
1671 818 1864 856 rursus
1894 803 2045 855 cnlli-

485 910 614 960 gans
645 904 697 948 et
731 909 995 962 reponens
1039 895 1094 948 in
1144 895 1455 948 ardentibus
1501 895 1687 962 prunis
1737 894 1885 946 sinit.
1930 894 2044 958 Quo

483 996 848 1049 cnncremato,
883 987 1022 1038 sales
1077 985 1388 1038 exsilientes
1437 985 1722 1053 imaginem
1772 984 2038 1047 reddunt,

481 1079 634 1144 quasi
684 1089 878 1127 novum
930 1075 1292 1142 spectaculum
1335 1081 1390 1126 et
1439 1075 1631 1126 mirum
1668 1075 1777 1127 fiat.
1814 1075 2042 1143 Sangui-

483 1184 635 1220 ncaut
670 1177 845 1222 autem
877 1167 1051 1222 reddit
1079 1165 1348 1219 ﬂammant
1380 1165 1624 1218 Indicum
1655 1177 1831 1220 atrum
1859 1175 2040 1234 utpote

482 1259 742 1314 inclusum
781 1260 831 1311 in
881 1259 1059 1321 thure,
1107 1258 1264 1311 sicuti
1305 1273 1464 1324 supra
1505 1258 1759 1311 diximus.
1804 1258 2038 1325 Sangui-

480 1370 637 1408 neum
661 1362 842 1406 autem
868 1353 1130 1421 liquorem
1159 1351 1290 1404 facit
1321 1367 1442 1404 cera
1475 1352 1726 1404 anchusa:
1755 1351 2034 1403 commista

478 1460 686 1512 eaque,
737 1455 795 1500 ut
847 1445 996 1508 dixi,
1037 1459 1158 1498 cera
1210 1444 1444 1497 immista
1496 1444 1547 1496 in
1591 1441 1841 1513 94-95
1890 1450 2032 1496 thus.

475 1539 682 1590 Prunas
705 1546 882 1590 autem
905 1536 1108 1588 moveri
1139 1535 1267 1588 facit
1299 1535 1576 1604 supposito
1599 1546 1748 1588 secto
1775 1535 2030 1600 ahunine,

473 1644 579 1698 quo
611 1629 784 1683 soluto
815 1637 870 1683 ct
917 1627 1090 1682 instar
1122 1627 1387 1682 bullarum
1424 1627 1716 1681 ebulliente
1751 1638 2032 1681 moventur

473 1733 676 1787 primat.

541 1811 627 1863 29.
655 1809 768 1864 Ova
799 1819 976 1863 autem
1003 1809 1212 1863 diversa
1232 1817 1505 1863 ostentant
1529 1809 1580 1862 in
1609 1809 1752 1863 hunc
1775 1810 1993 1864 modum
2016 1827 2029 1863 :

471 1901 738 1956 Cacumen
770 1899 1054 1969 perforans
1084 1901 1151 1952 ab
1179 1909 1406 1968 utraque
1434 1909 1586 1969 parte
1615 1909 1673 1953 et
1697 1899 1876 1953 album
1909 1902 2034 1953 sub-

470 1997 692 2057 ducens,
725 2006 912 2045 rursus
945 1990 1268 2058 immergeus
1304 1991 1510 2060 injicito
1541 1990 1695 2043 alteri
1736 1991 1909 2053 minii,
1941 1991 2034 2042 al—

471 2082 569 2135 teri
618 2089 796 2134 autem
849 2080 1122 2149 scriptorii
1174 2081 1490 2134 atramenti.
1543 2081 1806 2134 Obserato
1850 2091 2029 2134 autem

467 2170 732 2224 foramina
769 2178 1015 2224 ramento
1060 2183 1288 2224 -vorum
1330 2168 1558 2232 minuto,
1592 2182 1694 2237 ope
1725 2169 1870 2224 succi
1898 2168 2031 2223 ficus

466 2262 731 2316 adlinens.

534 2352 624 2406 30.
650 2350 690 2404 li
715 2359 892 2404 autem
919 2349 1010 2419 qui
1031 2365 1159 2404 oves
1187 2349 1288 2404 sibi
1311 2360 1594 2418 amputare
1617 2351 1793 2420 capita
1821 2350 2029 2407 faciunt

469 2445 606 2514 ipsa,
636 2445 738 2498 hac
758 2445 969 2497 ratione
998 2452 1261 2496 utuntur:
1299 2442 1612 2497 Clanculum
1643 2445 1884 2498 caustico
1911 2459 2026 2497 me-

464 2537 771 2589 dicamento
818 2535 1035 2588 illinens
1070 2542 1256 2601 guttur
1297 2533 1555 2602 relinquit
1585 2535 1886 2602 appositum
1917 2535 2028 2604 gla-

464 2626 643 2690 dium;
678 2625 767 2676 illa
800 2634 978 2677 autem
1011 2622 1198 2677 fricari
1227 2624 1449 2691 cupiens
1475 2624 1686 2676 irruens
1712 2622 1765 2675 in
1793 2622 2024 2691 gladium

466 2717 685 2770 terendo
715 2713 994 2780 jugulatut‘
1034 2721 1089 2768 et
1137 2729 1323 2781 parum
1373 2715 1523 2768 abest
1571 2714 1696 2781 quin
1746 2722 1906 2780 caput
1935 2714 2027 2766 ab-

463 2807 694 2860 scindat.
721 2805 812 2859 ESI
837 2816 1014 2858 autem
1037 2805 1484 2858 medicamentum
1513 2804 1732 2872 brynuia
1754 2813 1807 2857 et
1825 2802 2022 2857 adarca

461 2911 518 2953 ct
548 2899 697 2952 scilla
724 2898 891 2967 :cquis
924 2897 1162 2966 partibus
1186 2895 1374 2950 mistte.
1399 2893 1470 2949 Ut
1495 2906 1672 2950 autem
1704 2896 1867 2950 lateat
1902 2911 2021 2950 cum

465 2990 570 3043 fert
621 2991 1091 3053 medicamentum,
1143 2986 1245 3040 fert
1290 2987 1539 3056 pyxidem
1593 2987 1855 3055 duplicem
1903 3001 2021 3040 cor.

463 3097 656 3144 neam,
706 3079 860 3148 cujus
904 3080 1194 3148 conspicua
1234 3093 1360 3146 pars
1408 3080 1569 3131 habet
1615 3078 1760 3141 tbns,
1791 3080 2019 3132 obscura

460 3183 638 3224 autem
669 3171 1140 3224 medicamentum.
1175 3168 1280 3221 Sed
1307 3169 1468 3222 etiam
1494 3169 1715 3222 auribus
1745 3169 2024 3222 moriturae

459 3264 630 3334 injicit
666 3264 1091 3335 hydrargyrum;
1143 3271 1228 3316 est
1273 3269 1451 3315 autem
1483 3261 1818 3322 mortiferum
1854 3261 2024 3315 medi-

460 3366 786 3410 cuniculum.

529 3451 619 3503 51.
653 3449 949 3518 Caprarum
992 3456 1174 3502 autem
1226 3447 1316 3501 ubi
1359 3445 1480 3514 quis
1525 3445 1797 3499 obturavit
1841 3455 2023 3498 cerato

460 3558 639 3602 aures,
672 3541 857 3595 dicunt
896 3539 1076 3608 paullo
1121 3547 1242 3608 post
1285 3537 1442 3602 mori,
1490 3537 1742 3606 quoniam
1776 3536 2020 3604 spiritum

459 3642 656 3689 duccre
703 3631 1111 3701 prohibeantur.
1150 3627 1299 3682 Viam
1335 3628 1479 3682 enim
1512 3631 1650 3681 hanc
1679 3627 1746 3681 iis
1773 3642 1897 3680 esse
1938 3628 2022 3678 di-

459 3735 590 3779 cunt
641 3723 872 3776 ducendi
912 3737 1007 3789 per
1037 3720 1454 3788 respirationem
1498 3717 1736 3784 spiritus.
1783 3717 2019 3768 Arictem

458 3826 636 3868 autem
685 3814 820 3866 mori
867 3812 1086 3874 dicunt,
1128 3811 1174 3863 si
1224 3810 1344 3878 quis
1377 3809 1708 3862 exadversus
1748 3804 2022 3860 reflexerit

457 3909 644 3960 solem.
676 3904 900 3958 Domum
929 3914 1108 3957 autem
1135 3902 1340 3956 faciunt
1372 3901 1708 3969 conllagrare
1734 3896 2016 3968 cujusdam

456 4015 517 4051 ex
546 3997 764 4049 marinis
781 4009 942 4048 succo
967 3994 1175 4058 illitam,
1200 3995 1288 4062 qui
1319 3993 1484 4063 piscis
1507 4003 1728 4048 vocatur
1751 3991 2015 4061 dactylus.

455 4089 722 4145 Praeterea
774 4097 827 4142 et
870 4088 918 4140 id
965 4089 1105 4155 quod
1147 4090 1205 4140 lit
1249 4102 1343 4156 per
1390 4101 1585 4155 aquam
1632 4085 1896 4139 marinam
1935 4095 2020 4138 est

461 4183 609 4235 valde
635 4179 783 4234 utile.
815 4179 906 4233 Est
936 4190 1113 4232 autem
1145 4194 1333 4247 spuma
1364 4180 1530 4231 maris
1562 4179 1612 4232 in
1644 4185 1881 4232 testacea
1910 4177 2016 4230 olla

455 4291 576 4328 cum
603 4272 848 4326 dulcibus
877 4283 1051 4333 cocta,
1091 4272 1176 4324 cui
1208 4269 1434 4325 ferventi
1469 4270 1556 4322 ubi
1598 4269 1778 4322 lumen
1826 4269 2014 4322 admo-

2151 441 2398 510 εὐπόρως
2445 441 2713 507 ἐκφοϐῶν.
2761 441 2991 493 Λίϐανον
3037 443 3142 511 γάρ
3187 445 3266 505 εἰς
3313 444 3416 515 πῦρ
3461 447 3712 514 ἐμϐαλὼν

2150 531 2312 582 πάλιν
2349 532 2492 583 ποιεῖ
2535 529 2722 583 τοῦτον
2759 531 2850 584 τὸν
2881 533 3098 603 τρόπον.
3125 533 3299 586 Βῶλον
3322 534 3364 564 ⁷⁸
3405 535 3511 587 τῶν
3559 537 3712 606 λεγο-

2151 627 2326 696 μένων
2347 625 2592 696 ὀρυκτῶν
2617 626 2758 680 άλῶν
2783 626 2936 697 κηρῷ
2959 626 3275 697 Τυρρηνικῷ
3301 630 3709 696 περισκεπάσας

2147 720 2240 771 καὶ
2271 718 2430 772 αὐτὸν
2464 719 2520 772 δὲ
2550 718 2767 772 λιϐάνου
2801 719 2968 788 βῶλον
3000 720 3046 751 ⁷⁸
3079 719 3436 789 διχοτομήσας
3464 723 3709 790 ἐντίθησι

2143 811 2238 864 τοῦ
2281 812 2475 874 ἆλατος
2524 811 2776 881 χόνδρον,
2821 811 2916 864 καὶ
2965 811 3126 864 πάλιν
3174 812 3541 883 συγκολλήσας
3572 814 3586 883 Ι
3617 815 3708 866 ἐπὶ

2143 898 2428 966 ἀνθράκων
2458 899 2758 968 καιομένων
2778 898 2944 961 τιθεὶς
2959 900 3044 968 ἑᾷ.
3074 899 3178 951 Τοῦ
3201 899 3256 952 δὲ
3281 900 3629 966 συγκαὲντος,
3658 904 3706 954 οἱ

2144 987 2268 1049 ἆλες
2308 988 2688 1057 ἀναπηδῶντες
2734 990 3034 1056 φαντασίαν
3078 989 3477 1059 ἀπεργάζονται
3515 990 3704 1062 ὥσπερ

2118 1076 2291 1141 ίξένου
2317 1079 2586 1148 θεάματος
2613 1081 2894 1150 γινομένου
2915 1095 2929 1110 ·
2970 1081 3252 1150 αἱματώδη
3280 1081 3336 1133 δὲ
3362 1081 3536 1149 φλόγα
3563 1084 3706 1134 ποιεῖ

2139 1170 2199 1220 τὸ
2242 1169 2459 1222 Ἰνδικὸν
2519 1171 2685 1241 μέλαν
2734 1172 2946 1225 ὲντεθὲν
2997 1171 3074 1241 τῷ
3125 1171 3399 1241 λιϐανωτῷ
3423 1172 3470 1203 ⁸⁸
3522 1171 3705 1234 καθὼς

2139 1260 2494 1330 προείπαμεν.
2556 1261 2846 1332 Αἱματώδη
2903 1263 2959 1315 δὲ
3015 1262 3278 1333 ὑγρασίαν
3334 1266 3479 1315 ποιεῖ
3535 1265 3704 1334 κηρὸν

2137 1350 2380 1422 ἀγχούσῃ
2408 1353 2673 1422 ἀναμίξας
2717 1355 2830 1416 καὶ,
2859 1355 2932 1418 ὡς
2957 1354 3115 1423 ἔφην,
3164 1353 3240 1424 τῷ
3290 1353 3574 1424 λιϐανωτῷ
3618 1355 3703 1406 τὸν

2135 1443 2302 1512 κηρὸν
2327 1442 2689 1513 ⁸¹·ἐνθέμενος’
2716 1445 2987 1516 ἄνθρακας
3011 1446 3067 1498 δὲ
3091 1444 3348 1500 κινεῖσθαι
3377 1443 3698 1516 [p.66—67]

2135 1539 2283 1589 ποιεῖ
2313 1536 2535 1607 σχιστὴν
2575 1537 2795 1601 ὑποθεὶς
2825 1539 3157 1608 στυπτηρίαν
3177 1578 3191 1599 ,
3217 1531 3286 1608 ἦς
3312 1535 3581 1606 λυομένης
3615 1537 3703 1588 καὶ

2133 1625 2285 1697 δίκην
2314 1627 2676 1698 πομφολύγων
2701 1629 2997 1694 διοιδούσης
3027 1629 3294 1683 κινοῦνται
3320 1631 3366 1682 οἱ
3395 1628 3692 1700 ἄνθρακες.

2203 1807 2309 1862 κθ’.
2364 1810 2456 1863 Ὠὰ
2493 1811 2547 1864 δὲ
2576 1810 2804 1881 διάφορα
2855 1811 3249 1865 ἐπιδείκνυνται
3271 1811 3316 1844 ⁸⁸
3367 1810 3463 1864 τὸν
3498 1811 3702 1880 τρόπον

2133 1897 2283 1976 τόνδε
2304 1915 2317 1929 ·
2345 1901 2584 1972 κορυφὴν
2615 1903 2896 1972 τρυπήσας
2922 1901 2980 1966 ἑξ
3006 1904 3276 1974 ἑκατέρων
3293 1902 3337 1934 ⁸³
3366 1904 3463 1956 καὶ
3487 1903 3548 1956 τὸ
3571 1903 3700 1955 λεν-

2134 1989 2227 2042 κόν
2261 1990 2620 2059 ὑπεξαγαγὼν
2654 1989 2806 2055 αὖθις
2854 1992 3029 2062 βάψας
3073 1993 3274 2061 ἔμϐαλε
3309 1994 3369 2045 τδ
3406 1995 3507 2061 μὲν
3537 1993 3702 2063 τῆς⁸⁸

2133 2083 2452 2148 σινώπιδος,
2497 2086 2558 2138 τὸ
2597 2085 2652 2136 δὲ
2699 2085 2792 2138 τοῦ
2837 2085 3105 2156 γραφικοῦ
3123 2087 3167 2118 ⁸⁵
3217 2086 3468 2155 μέλανος.
3535 2086 3698 2138 Ἁπό-

2131 2188 2340 2242 φρασσε
2387 2174 2442 2226 δὲ
2473 2174 2570 2237 τὰς
2599 2175 2898 2244 τρυμαλιάς
2929 2175 3152 2246 ξὲσματι
3194 2176 3298 2228 τῶν
3335 2175 3460 2228 ὠῶν
3506 2175 3640 2244 λείῳ
3658 2173 3698 2204 ⁸⁸

2131 2265 2247 2334 μετ’
2273 2265 2406 2318 ὀποῦ
2435 2269 2602 2336 συκῆς
2633 2267 2936 2336 ἐμπλάσας.

2211 2353 2275 2409 λ’.
2317 2358 2440 2418 Τοῖς
2477 2359 2534 2410 δὲ
2562 2360 2763 2426 ἀμνοὺς
2789 2358 2835 2389 ⁸⁷
2884 2359 3281 2430 ἀποτέμνεσθαι
3311 2359 3412 2421 τὰς
3452 2359 3700 2427 κεφαλάς

2131 2448 2338 2501 ἑαυτῶν
2368 2449 2611 2502 ποιοῦσιν
2638 2445 2789 2513 οὗτος
2817 2453 2846 2503 ὁ
2869 2453 3084 2522 τρόπος.
3127 2451 3381 2522 Κρύϐδην
3414 2452 3697 2520 καυστικῷ

2128 2543 2403 2613 φαρμάκῳ
2432 2545 2626 2612 χρίσας
2657 2543 2748 2595 τὸν
2775 2543 3031 2612 φάρυγγα
3068 2545 3130 2613 ἐᾷ
3160 2543 3424 2613 παραθεὶς
3449 2544 3497 2575 ⁸³
3533 2543 3596 2595 τὸ
3620 2541 3696 2608 εἰ·

2127 2649 2224 2700 φος
2246 2651 2259 2661 ·
2290 2635 2318 2684 ό
2346 2634 2401 2686 δὲ
2427 2633 2471 2666 ⁸⁹
2509 2635 2802 2705 κνήθεσθαι
2826 2637 2871 2667 ⁹⁰
2921 2636 3088 2689 θέλων
3132 2635 3466 2704 προσπεσὼν
3493 2639 3562 2706 τῇ
3603 2655 3696 2704 μα-

2126 2727 2293 2798 χαίρᾳ
2326 2727 2523 2780 θλίϐων
2556 2727 2818 2794 σφάζεται
2845 2729 2938 2780 καὶ
2965 2727 3161 2798 μικροῦ
3189 2728 3298 2781 δεῖν
3325 2729 3632 2798 ἀποτέμνει
3652 2729 3692 2758 ⁵³

2123 2817 2220 2887 τὴν
2256 2818 2516 2889 κεφαλήν.
2561 2819 2716 2870 Ἔστι
2764 2818 2820 2871 δὲ
2862 2819 2922 2870 τὸ
2969 2819 3255 2888 φάρμακον
3306 2816 3557 2886 βρυωνία
3606 2819 3692 2869 καὶ

2124 2908 2334 2977 ἀδάρκη
2357 2909 2449 2960 καὶ
2474 2908 2662 2962 σκίλλα
2689 2909 2807 2962 κατ’
2835 2910 2948 2962 ἴσον
2978 2910 3308 2979 μεμιγμένα.
3338 2910 3460 2962 Ἵνα
3484 2909 3541 2962 δὲ
3562 2908 3694 2978 λάθῃ

2079 3051 2090 3068 .
2125 3003 2304 3071 φέρων
2352 3000 2410 3052 τὸ
2445 3001 2765 3070 φάρμακον,
2801 3001 2952 3070 φέρει
2997 2999 3189 3064 πυξίδα
3230 2999 3432 3068 διπλῆν
3481 3001 3692 3071 κερατί-

2127 3108 2242 3160 νην,
2273 3087 2334 3160 ἧς
2364 3091 2423 3143 τὸ
2446 3092 2490 3122 ⁸⁸
2527 3091 2757 3162 φανερὸν
2785 3092 2947 3162 μέρος
2981 3091 3094 3162 ἔχει
3127 3090 3426 3143 λιϐανωτὸν
3457 3092 3527 3157 ⁵³,
3556 3091 3616 3144 τὺ
3637 3090 3690 3144 δὲ

2124 3182 2325 3249 ἀφανὲς
2367 3182 2654 3252 φάρμακον
2679 3199 2693 3212 ’
2738 3183 2872 3236 ἀλλὰ
2908 3185 3000 3236 καὶ
3041 3185 3152 3246 τοῖς
3181 3183 3192 3252 |
3222 3183 3326 3236 ὠσὶ
3365 3182 3467 3236 τοῦ
3505 3183 3691 3250 τεθνη-

2126 3273 2351 3342 ξομένου
2393 3273 2649 3341 ἐμϐάλλει
2679 3273 3013 3345 ὑδράργυρον
3039 3273 3117 3305 ’δ’
3149 3272 3265 3325 ἑστι
3293 3270 3354 3324 δὲ
3393 3272 3692 3343 ﬂava-triga}

2131 3382 2220 3431 ρον
2257 3366 2542 3433 φάρμακον

2193 3455 2292 3508 λα’.
2335 3456 2514 3521 Αἰγῶν
2553 3455 2609 3508 δὲ
2655 3454 2756 3508 κᾶν
2802 3453 3076 3525 ὲπιπλάσῃ
3097 3455 3142 3486 ⁸⁸
3185 3471 3270 3516 τις
3317 3457 3544 3526 κηρωτῇ
3597 3454 3692 3515 τὰς

2123 3546 2318 3608 ἀκοὰς,
2356 3549 2488 3615 φασὶ
2525 3547 2776 3618 θνήσκειν
2819 3548 2936 3617 μετ’
2967 3546 3142 3615 ὀλίγον
3182 3547 3445 3600 ἀναπνεῖν
3494 3547 3694 3599 κωλυο-

2124 3638 2323 3705 μέναςο
2361 3639 2478 3690 ὁδὸν
2506 3638 2613 3708 γάρ
2639 3638 2825 3701 αὑταῖς
2852 3638 3052 3707 ταύτην
3083 3635 3219 3690 εἶναι
3250 3638 3472 3705 λέγουσι
3503 3638 3598 3690 τοῦ
3633 3638 3692 3688 δι’

2125 3729 2400 3797 ἀναπνοῆς
2436 3729 2723 3798 ἑλκομένου
2763 3728 3089 3798 πνεύματος.
3135 3728 3302 3798 Κριὸν
3341 3729 3399 3781 δὲ
3441 3729 3694 3797 θνήσκειν

2123 3817 2314 3881 φασὶν,
2365 3817 2412 3867 εἰ
2457 3817 2578 3869 κατ’
2621 3816 2876 3884 ἄντικρύς
2925 3834 3010 3879 τις
3054 3817 3412 3869 ἁνακλάσειεν
3453 3817 3692 3887 ἡλίουεί.

2121 3903 2278 3958 Οἶκον
2302 3906 2356 3958 δὲ
2385 3907 2593 3960 ποιοῦσι
2621 3907 2868 3960 καίεσθαι
2892 3909 2998 3960 τῶν
3027 3907 3326 3962 θαλαττίων
3353 3910 3500 3970 τινὸς
3537 3909 3695 3978 ἰχῶρι

2116 3999 2404 4069 χριόμενον
2421 4000 2465 4031 ⁹⁷
2509 3997 2602 4051 τοῦ
2642 3999 2974 4069 καλουμένου
3007 4001 3293 4053 δακτύλου.
3343 4001 3456 4054 Καὶ
3508 4001 3577 4053 τδ
3615 4001 3696 4052 διὰ

2117 4095 2214 4162 τῆς
2244 4089 2420 4160 ἅλμης
2456 4089 2512 4142 δὲ
2557 4091 2691 4144 πάνυ
2719 4093 3006 4161 χρήσιμον.
3039 4091 3194 4143 Ἐστι
3213 4091 3269 4143 δὲ
3293 4092 3468 4162 ἀφρὸς
3493 4091 3696 4144 θαλάσ-

2120 4199 2218 4252 σης
2246 4183 2304 4235 ἑν
2337 4182 2426 4233 ὸστ
2437 4180 2636 4250 ρακίνῳ
2655 4182 2872 4252 στάμνῳ
2893 4183 3026 4253 μετὰ
3041 4182 3284 4251 γλυκέων
3318 4182 3613 4250 ἡψημένος
3629 4183 3692 4244 ’⁸,

2115 4269 2158 4342 ᾧ
2188 4275 2403 4338 ζέσαντι
2437 4272 2626 4343 λύχνον
2658 4273 2752 4325 ἑάν
2781 4274 3061 4345 προσάγῃς
3089 4274 3396 4341 καιόμενον,
3432 4275 3693 4343 ἁρπάσαν

453 4365 602 4416 vehis
626 4364 925 4430 incensum,
958 4373 1174 4432 arrepto
1210 4363 1317 4432 igni
1356 4361 1664 4415 incenditur
1687 4371 1741 4414 et
1774 4359 2008 4414 infusum

2135 4366 2174 4418 ςὸ
2222 4364 2333 4435 πῦρ
2363 4364 2690 4428 ἐξάπτεται,
2724 4365 2818 4416 καλ¹
2863 4365 3159 4434 καταχυθὲν
3195 4363 3293 4432 τῆς
3337 4365 3595 4433 κεφαλῆς
3638 4366 3693 4416 οὗ

451 4457 613 4524 capiti
642 4469 862 4522 prorsus
889 4470 993 4508 non
1021 4455 1308 4508 comburit.
1339 4451 1433 4507 Sin
1466 4468 1594 4507 vero
1621 4452 1784 4506 etiam
1812 4493 1826 4507 .
1859 4492 1873 4506 .
1907 4491 1922 4504 .
1957 4491 1969 4504 .
1994 4489 2008 4504 .

451 4549 732 4616 insperges
753 4547 1014 4612 ferventi,
1038 4549 1207 4602 multo
1233 4549 1403 4614 magis
1435 4546 1760 4601 incenditur.
1792 4545 2012 4599 Rectius

449 4652 625 4692 antem
661 4640 799 4703 erit,
842 4639 888 4695 si
919 4640 1038 4707 quis
1067 4640 1229 4693 etiam
1262 4639 1483 4692 sulfuris
1510 4637 1711 4704 aliquid
1748 4645 2007 4690 aestimet.

517 4731 607 4786 5‘2.
649 4730 874 4784 Tonitru
909 4730 965 4784 fit
1008 4731 1250 4800 pluribus
1301 4730 1494 4783 modis.
1545 4728 1679 4782 Nam
1719 4738 1772 4782 et
1803 4727 2008 4796 lapides

445 4823 750 4890 complures
794 4835 847 4880 et
901 4824 1136 4892 majores
1190 4821 1493 4891 praecipites
1541 4819 1741 4888 dejecti
1793 4833 1888 4887 per
1928 4828 2007 4870 ta-

447 4914 595 4966 bulas
637 4913 838 4982 ligneas
879 4915 1122 4967 incidunt
1162 4909 1298 4964 infra
1358 4909 1410 4961 in
1455 4923 1630 4961 aureas
1679 4907 1906 4959 laminas
1951 4912 2008 4958 et

2115 4455 2256 4507 καίει
2303 4454 2363 4508 τὸ
2411 4452 2647 4507 σύνολον.
2704 4454 2765 4505 Εἰ
2815 4453 2872 4505 δὲ
2921 4455 3014 4506 καὶ
3065 4455 3238 4523 μαννῇ
3267 4453 3308 4485 ⁹⁹
3360 4453 3693 4512 ὲπιπάσσεις

2113 4545 2285 4609 ζέοντι
2307 4548 2344 4607 ¹,
2380 4546 2556 4615 πολλῷ
2593 4544 2788 4615 μᾶλλον
2817 4543 3129 4608 ἐξάπτεται.
3166 4545 3461 4598 Βέλτιονδὲ
3483 4545 3617 4616 δρᾷ,
3652 4548 3694 4596 εἰ

2111 4641 2203 4688 καὶ
2235 4635 2375 4688 θείου
2415 4653 2468 4688 τι
2498 4636 2791 4706 προσλάϐοι
2806 4638 2846 4689 ⁸.

2180 4727 2280 4797 λβ’.
2321 4727 2524 4798 Βροντὴ
2556 4727 2762 4794 γίνεται
2791 4727 3012 4798 τρόποις
3042 4725 3252 4778 πλειοσι
3273 4740 3286 4753 ·
3315 4723 3457 4778 λίθοι
3490 4743 3559 4778 τε
3588 4727 3692 4795 γὰρ

2111 4816 2354 4879 πλείονες
2386 4818 2477 4870 καὶ
2509 4819 2754 4886 μείζονες
2785 4818 2927 4870 κατὰ
2970 4816 3232 4888 κρημνῶν
3263 4817 3572 4886 φερόμενοι
3611 4818 3692 4871 διὰ

2114 4906 2337 4958 σανίδων
2393 4907 2888 4960 ἑπικαταπίπτουσι
2954 4910 3173 4976 χαλκοῖς
3220 4907 3501 4977 ἐλάσμασι
3527 4907 3550 4938 ³
3605 4908 3693 4960 καὶ

1685 5058 1916 5134 VARle
1954 5059 2364 5115 LELTIONES.

509 5184 554 5215 ⁷⁸
590 5182 779 5234 Βὼλων
801 5180 867 5252 Δ(Ζ.
939 5176 1456 5252 ⁷⁹ίλιιϐάνουμβῶ-λον.
1481 5173 1816 5252 λιϐανωτόνῖ
1988 5173 2033 5205 ⁸⁸
2062 5173 2370 5252 λιϐάνῳῌτῷ
2395 5176 2456 5230 C.
2533 5177 2704 5252 “Lee!
2731 5178 2916 5252 κηρρν,
2945 5176 3101 5252 χηρῴ
3130 5177 3190 5252 ρ,
3264 5179 3313 5252 ξε
3345 5179 3696 5252 ἐπιδεικνύει,

1703 5246 1747 5276 ⁸⁸
1775 5243 1867 5297 τοῦ
1913 5243 2204 5312 γραφικοῦ.
2234 5243 2635 5314 τῆςγραφικῆς
2667 5247 2726 5299 C.
2792 5243 2847 5275 ⁷⁸⁸
2880 5243 3033 5313 laico.
3066 5243 3078 5296 ἰ

440 5271 529 5314 τες
557 5254 617 5306 (Σ.
693 5253 737 5283 ⁸³
763 5249 822 5312 ἑξ
844 5250 1140 5318 ἑκατέραςῗ
1299 5249 1417 5318 τῆς.
1447 5244 1542 5318 τοῦ
1566 5246 1626 5299 C.

2803 5248 2847 5275 ⁸⁸
2880 5247 3024 5313 λείῳ.
3066 5247 3220 5300 λειῶν
3253 5249 3312 5302 C.
3392 5251 3434 5280 ⁸⁷
3477 5252 3609 5302 Td»:
3642 5253 3692 5303 δὲ

439 5323 625 5387 ἀμνῶν
654 5324 711 5374 C.
787 5319 832 5349 "
860 5314 1184 5391 παραδοθεὶς
1220 5317 1281 5373 C.
1357 5314 1400 5391 δέ
1428 5315 1557 5391 ὁ-δέ.
1590 5315 1708 5366 οὐδὲ
1749 5316 1809 5391 C.
1886 5314 2236 5391 “firmabat
2271 5318 2328 5369 (ὲ.
2365 5319 2416 5391 ’_‘_
2441 5319 2766 5391 ἀποτέμνειν
2794 5315 2855 5378 C,
2894 5336 2959 5368 an
2989 5319 3355 5385 ἀποτέμνεται
3387 5320 3480 5370 '3"
3520 5317 3593 5391 ἧς
3617 5328 3690 5372 :IL.

464 5386 540 5452 εἰς
567 5394 624 5442 τὸ
649 5392 709 5443 (3.
821 5389 865 5421 ³³
893 5386 1188 5440 λιϐανωτοῦ
1207 5388 1268 5439 C.
1365 5386 1410 5420 ³⁸
1435 5386 1733 5456 ὑδάργυρον
1755 5386 1828 5456 ί).

1932 5385 2334 5456 ’δῗὲπιπάσῃ-(ὶ,
2369 5384 2436 5440 Μ.
2474 5387 2518 5416 ⁹⁶
2543 5386 2694 5456 ἥλιον
2733 5391 3020 5451 [inept-rus.

3125 5388 3168 5418 ³⁷
3204 5388 3613 5457 χρειόμενονίξ
3648 5395 3691 5442 in

439 5441 605 5525 "145m.
661 5441 725 5491 *⁵⁸
752 5459 1026 5529 ὴψημένσς
1052 5458 1115 5512 C.
1166 5458 1398 5529 liquid
1445 5441 1613 5525 μοιεᾶνῇ
1641 5441 1763 5529 :sibi
1807 5453 1942 5529 velit
1988 5455 2193 5529 ignoro.
2221 5441 2487 5507 .i’nrtasse
2523 5441 2799 5529 resinacen
2837 5441 3433 5529 quretlantrsulxtaniia
3487 5441 3691 5515 intelli—

438 5524 615 5595 gum,
651 5524 1004 5593 cutu'uiimua
1043 5527 1178 5592 apud
1208 5524 1436 5580 Plinium
1477 5524 1777 5595 proprinm_
1800 5525 2111 5595 vocabulum
2145 5524 2217 5595 sit
2250 5539 2355 5595 quo
2398 5525 2737 5590 appellantur
2773 5542 2935 5592 grana
2971 5526 3143 5582 thuris
3183 5541 3236 5582 et
3265 5530 3514 5584 aliarum
3559 5549 3688 5586 rest-

439 5615 622 5650 uartttu
651 5597 698 5649 Μ

797 5601 808 5628 ¹
849 5597 1016 5660 ξέοντι
1051 5597 1110 5650 C.

1187 5600 1207 5628 ¹
1237 5614 1288 5648 τι
1317 5591 1607 5665 προσλάϐοι
1635 5597 1696 5650 Α.
1733 5591 2044 5656 Meiuekitts,
2080 5594 2223 5656 τινος
2254 5593 2408 5645 λάϐοι
2440 5595 2500 5660 C,
2527 5598 2595 5653 Μ,
2629 5597 2649 5626 ³
2679 5591 2948 5665 Ολάσμασι
2972 5595 3036 5649 C.
