3826 6218
397 304 534 367 3097

1852 290 2233 356 ORIGENIS

3499 286 3641 349 3098

400 427 607 473 tantum
630 411 861 483 praebeat
874 408 1161 465 ferventis.
1183 408 1351 465 Antea
1376 416 1554 463 autem
1582 405 1745 462 etiam
1778 420 1967 459 maims

2090 398 2390 470 ,πιφανείας
2419 396 2590 451 κινεῖν
2630 392 2983 465 πομφόλυγας
2997 394 3043 427 ⁸⁸
3077 394 3171 448 καὶ
3200 395 3500 464 φαντασίαν
3548 401 3646 465 μο-

400 522 541 575 sarpe
564 519 701 574 aqua
752 503 892 558 salsa
950 502 1115 561 lavat.
1146 516 1251 570 quo
1302 502 1381 565 lit,
1422 512 1479 553 ut
1525 514 1629 553 non
1682 498 1970 551 admodum

401 597 811 661 concalefaciat,
834 595 1042 648 etiamsi
1073 609 1258 661 reapse
1282 595 1509 647 ferveat.
1537 591 1631 646 Sin
1657 606 1786 645 vero
1824 604 1969 660 myr-

407 690 560 743 rhiua
590 700 646 741 et
675 688 814 741 uitro
846 696 900 738 et
949 685 1165 753 myrrha
1198 700 1317 735 cum
1352 692 1504 736 aceto
1554 682 1731 735 mistis
1784 693 1975 733 manus

408 782 573 836 illitas
611 778 793 831 abluet
824 791 963 845 aqua
994 776 1135 828 salsa
1180 774 1496 838 identidem,
1522 789 1627 827 non
1658 772 1853 825 uritur.
1884 769 1979 823 Pe-

405 873 563 925 dibus
590 881 766 923 autem
807 883 909 920 non
941 868 1191 919 aduritur
1219 865 1577 935 ichthyocolla
1612 873 1665 917 et
1697 862 1975 915 salaman-

406 965 503 1016 dra
534 962 721 1014 illitus.
750 958 903 1025 Quod
936 967 1114 1010 autem
1174 956 1413 1027 pyramis
1453 954 1755 1009 incenditur
1799 953 1979 1007 instar

407 1054 618 1117 faculas,
672 1066 790 1121 quae
846 1049 1054 1117 lapidea
1092 1048 1185 1109 sit.
1242 1062 1404 1101 causa
1460 1048 1572 1099 haec
1610 1054 1714 1099 est.
1760 1045 1975 1099 Cretica

412 1157 554 1201 terra
588 1152 664 1198 est
695 1142 760 1195 ad
787 1141 1009 1207 ﬁguram
1040 1139 1182 1193 facta
1214 1138 1510 1208 pyramidis
1570 1136 1751 1199 modo,
1792 1135 1977 1188 colore

411 1247 591 1292 autem
626 1244 881 1300 tanquam
909 1230 1044 1299 lapis
1078 1229 1299 1291 lacteus,
1335 1237 1683 1297 comparatur
1711 1236 1889 1279 autem
1924 1226 1978 1279 in

412 1328 557 1383 hunc
611 1324 827 1377 modum
861 1338 875 1374 :
914 1320 1078 1388 Copia
1112 1318 1215 1372 olei
1248 1318 1465 1385 inungit
1502 1316 1841 1384 frustumque
1873 1314 1979 1367 im-

415 1420 564 1489 ponit
590 1417 645 1471 in
670 1415 855 1485 prunis
892 1422 948 1466 et
984 1426 1104 1465 cum
1136 1411 1331 1464 torruit
1360 1410 1664 1477 iterumque
1689 1407 1903 1462 inunxit
1928 1415 1982 1460 et

411 1510 621 1565 exussit
656 1509 847 1561 iterum
886 1512 949 1573 et
979 1502 1192 1557 tertium
1221 1512 1275 1555 et
1309 1500 1522 1555 iteratis
1552 1501 1782 1565 vicibus,
1818 1498 1982 1553 elIicit

411 1611 471 1658 ut
509 1599 719 1657 incendi
769 1595 959 1665 possit,
1012 1592 1226 1647 etiamsi
1270 1606 1403 1661 aqua
1457 1601 1765 1660 mergatur;
1818 1589 1981 1644 habet

410 1694 555 1747 enim
600 1691 652 1743 in
688 1704 747 1743 se
774 1684 1001 1740 multum
1044 1680 1505 1736 olei.lncenditur
1543 1691 1723 1733 autem
1764 1688 1976 1749 sponte,

2075 510 2172 561 νην
2220 490 2481 561 παρέχειν
2530 489 2742 554 ζέοντος
2760 488 2804 521 δι
2823 503 2837 517 ·
2887 487 3078 557 φθάνει
3114 488 3170 541 δὲ
3198 487 3291 541 καὶ
3322 488 3419 551 τὰς
3445 491 3644 558 χεῖρας

2076 582 2335 645 πολλάκις
2362 582 2509 655 ἅλμῃ
2541 581 2865 651 νιψάμενος,
2893 580 2973 633 διδ
2992 580 3051 633 οὐ
3084 580 3223 633 πάνυ
3249 596 3299 632 τι
3329 580 3472 632 καίει
3490 618 3507 640 ,
3540 582 3644 633 κᾶν

2076 673 2291 743 ἀληθῶς
2322 671 2418 746 ζέῃ
2437 688 2452 704 ο
2481 674 2526 725 εί
2552 672 2607 725 δὲ
2642 672 2875 744 μυρσίνῃ
2901 671 2948 702 δ’
2977 672 3070 724 καὶ
3102 671 3263 741 νίτρῳ
3300 672 3390 724 καὶ
3420 670 3645 741 σμύρνῃ

2082 765 2196 834 μετ’
2250 764 2405 829 ὄξους
2456 765 2615 831 μίξας
2664 765 2951 834 ἐπιχρίσας
3001 763 3250 831 ἀπονίψει
3302 763 3397 825 τὰς
3447 767 3643 832 χεῖρας

2080 857 2228 929 ἅλμῃ
2254 857 2586 919 πλειστάκις,
2617 856 2676 909 οὐ
2701 857 2914 909 καίεται
2934 871 2950 887 ·
2974 855 3100 918 τοὺς
3122 854 3177 909 δὲ
3206 853 3365 917 πόδας
3393 856 3451 907 ού
3487 855 3642 906 καίε-

2079 967 2167 1003 ται
2206 949 2521 1020 ίχθυοκόλλᾳ
2540 948 2588 979 ⁸³
2618 950 2711 1001 καὶ
2740 948 3086 1019 σαλαμάνδρα
3120 948 3438 1019 χρισάμενος
3459 948 3531 1000 ⁵⁸.
3572 946 3643 998 Τὸ

2080 1042 2137 1093 δὲ
2166 1042 2263 1112 τὴν
2293 1042 2573 1111 πυραμίδα
2598 1042 2848 1095 καίεσθαι
2880 1041 3058 1113 δᾳδίου
3079 1042 3254 1111 δίκην,
3283 1036 3443 1092 οὖσαν
3465 1038 3641 1100 λίθον,

2080 1133 2219 1204 αῦτη
2252 1134 2417 1188 αίτία.
2454 1134 2527 1205 Γῆ
2559 1134 2656 1203 μέν
2690 1134 2805 1186 ἐστι
2830 1135 3076 1204 Κρητικὴ
3106 1133 3167 1186 τὺ
3188 1132 3285 1204 μὲν
3316 1132 3501 1201 σχῆμα
3548 1147 3645 1181 πε-

2081 1225 2365 1295 πλασμένη
2400 1227 2644 1297 πυραμὶς
2665 1265 2680 1288 ,
2718 1224 2779 1277 τὸ
2806 1224 2862 1278 δὲ
2896 1224 3091 1295 χρῶμα
3122 1224 3197 1286 ὡς
3225 1224 3364 1286 λίθος
3384 1225 3427 1255 ⁸⁵
3468 1222 3647 1290 γαλα-

2082 1317 2269 1379 κτικὸς
2287 1357 2301 1381 ,
2335 1317 2802 1381 κατασκευάζεται
2827 1316 2882 1368 δὲ
2906 1315 3092 1368 τοῦτον
3128 1316 3219 1368 τὸν
3251 1316 3445 1385 τρόπον
3463 1330 3481 1343 ·
3511 1314 3648 1385 Βρέ-

2082 1405 2180 1472 ξας
2216 1407 2381 1478 ἐλαίῳ
2435 1408 2639 1459 πλείονι
2680 1406 2779 1478 τὴν
2818 1406 3022 1477 βῶλον,
3057 1406 3169 1468 θεὶς
3200 1406 3284 1460 ἐπ’
3318 1406 3645 1475 ἀνθράκων,

2083 1497 2327 1567 ὀπτήσας
2362 1498 2456 1551 καὶ
2496 1497 2656 1551 πάλιν
2687 1497 2881 1568 βρέξας
2916 1499 3011 1550 καὶ
3038 1496 3244 1560 καύσας
3278 1497 3529 1563 δεύτερον
3554 1496 3651 1548 καὶ

2081 1589 2262 1658 τρίτον
2293 1588 2387 1641 xui.
2430 1589 2689 1651 πολλάκις
2722 1588 2969 1642 καίεσθαι
2999 1588 3253 1642 δύνασθαι
3294 1587 3653 1658 παρασκευά-

2084 1679 2198 1742 ζει,
2254 1680 2356 1733 κᾶν
2388 1678 2540 1732 ῦδατι
2586 1679 2758 1750 βραχῇ
2782 1697 2794 1710 ’
2826 1679 2938 1749 ἔχει
2981 1680 3087 1751 γὰρ
3118 1682 3173 1732 ἐν
3201 1678 3373 1749 ἑαυτῷ
3411 1678 3552 1731 πολὺ
3592 1678 3653 1730 τὸ

412 1786 535 1837 dum
567 1795 753 1849 magus
780 1778 932 1842 libat,
962 1774 1113 1828 focus
1143 1774 1343 1827 calcem
1372 1781 1579 1825 coctam
1639 1748 1843 1824 habetis
1885 1784 1982 1838 pro

2090 1773 2291 1826 ἔλαιον·
2328 1748 2631 1826 ἀνάπτεται
2654 1748 2813 1826 δείδι’
2848 1748 3033 1837 αὑτοῦ,
3057 1748 3154 1825 τοῦ
3192 1774 3361 1842 μάγου
3398 1771 3656 1824 σπεύδον-

412 1876 597 1930 cluere
626 1883 679 1927 et
720 1872 841 1925 tbns
870 1871 1133 1923 minutum
1180 1876 1235 1919 et
1272 1864 1550 1933 copiosum
1598 1874 1653 1917 et
1685 1861 1982 1915 facularum

415 1969 759 2023 innnctarum
800 1959 1117 2015 fasciculum
1158 1955 1529 2027 gallarumque
1558 1968 1813 2008 cavarum
1841 1952 1985 2004 intus

415 2064 590 2131 ignem
626 2056 998 2110 absconditum
1044 2048 1377 2104 habentium.
1407 2046 1636 2102 Fumum
1678 2059 1856 2099 autem
1890 2059 1984 2098 ex-

414 2150 562 2204 halat
591 2163 656 2203 ex
701 2160 797 2200 ore
851 2160 947 2213 per
1003 2139 1433 2210 complusculum
1492 2149 1719 2206 tempus,
1764 2152 1885 2190 cum
1931 2143 1986 2189 et

414 2243 591 2310 ignem
652 2237 836 2306 injecit
890 2235 945 2289 in
998 2232 1191 2303 gallam
1239 2240 1295 2284 et
1328 2241 1479 2297 stnpa
1532 2227 1905 2283 circumvolvit
1932 2236 1988 2281 et

414 2330 618 2385 conﬁat
663 2331 714 2382 iu
744 2343 860 2380 ore.
894 2323 1212 2380 Sindonium
1247 2332 1425 2375 autem
1473 2323 1616 2390 quod
1648 2321 1985 2389 superimpo-

415 2424 578 2476 situm
619 2428 703 2473 εει
754 2416 916 2487 pelvi,
971 2414 1025 2468 in
1068 2428 1176 2484 quo
1213 2414 1438 2482 imponit
1491 2425 1711 2480 primas,
1772 2420 1988 2479 propter

417 2513 753 2581 suppositam
776 2524 971 2577 aquam
1000 2508 1195 2561 salsam
1224 2520 1330 2559 non
1358 2502 1702 2567 adurebatur,
1724 2509 1779 2555 et
1813 2502 1986 2570 ipsum

416 2606 561 2657 enim
602 2611 880 2669 erataqua
924 2598 1066 2653 salsa
1096 2606 1251 2651 antea
1285 2596 1564 2657 infectum,
1597 2594 1790 2647 deinde
1826 2594 1988 2646 iuun-

415 2709 565 2749 rtum
597 2693 825 2747 alboovi
850 2707 970 2745 cmn
1000 2690 1207 2759 liquido
1240 2687 1497 2741 alumine.
1532 2685 1591 2738 Si
1640 2686 1764 2753 quis
1805 2696 1985 2737 autem

418 2788 683 2854 liquorem
713 2780 1035 2851 sempervivi
1074 2779 1157 2833 his
1198 2792 1319 2831 cum
1359 2787 1513 2829 aceto
1542 2775 1910 2841 admiscuerit,
1935 2783 1990 2827 et

422 2876 689 2946 permulto
716 2884 957 2943 tempore
1002 2881 1159 2925 antea
1199 2869 1392 2930 illinet,
1431 2868 1709 2919 immctum
1745 2882 1842 2937 per
1873 2880 1990 2920 me-

420 2971 784 3023 dicamentum
821 2965 996 3033 ignem
1024 2974 1245 3031 prorsus
1276 2973 1379 3011 non
1418 2957 1625 3025 recipit.

490 3156 582 3212 3L.
614 3153 905 3219 Postquam
948 3147 1116 3215 igitur
1160 3158 1485 3199 arcanarum
1520 3143 1747 3197 istorum
1794 3141 1989 3196 artium

420 3247 660 3303 breviter
715 3249 1009 3313 potestates
1069 3235 1421 3305 exposuimus
1482 3232 1803 3301 facilemque
1850 3233 1988 3284 viam

421 3353 607 3394 eorum
667 3336 733 3390 ad
787 3329 1220 3401 cognoscendum
1256 3325 1600 3395 100-101
1637 3323 1993 3387 ostendimus,

423 3448 492 3487 ne
530 3433 632 3486 hoc
664 3427 884 3499 quidem
914 3425 1089 3478 visum
1148 3430 1231 3476 est
1273 3430 1471 3483 tacere,
1498 3419 1549 3471 id
1580 3416 1720 3485 quod
1755 3429 1993 3469 necessa-

424 3526 563 3580 rium
586 3532 689 3586 est,
719 3518 988 3589 quomodo
1006 3514 1278 3569 solventes
1307 3510 1478 3579 sigilla
1512 3508 1717 3563 litteras
1744 3507 1999 3575 obsigna-

426 3627 511 3669 tas
537 3612 759 3681 integris
798 3608 994 3678 sigillis
1050 3606 1301 3660 reddant.
1353 3601 1535 3677 Piceni
1587 3612 1642 3654 et
1682 3601 1912 3653 resinam
1944 3608 2000 3651 et

428 3700 604 3756 sull'ur
656 3710 1025 3769 praetereaque
1066 3693 1371 3762 asphaltum
1404 3706 1468 3746 ex
1511 3690 1623 3760 pari
1657 3688 1999 3758 portioneli-

432 3789 816 3858 quefacientes,
866 3782 1078 3854 collyrii
1123 3782 1293 3853 figura
1340 3780 1637 3834 formantes
1670 3778 1995 3831 custodiunt.

428 3880 664 3948 Tempus
687 3888 864 3930 autem
914 3875 1000 3929 ubi
1032 3885 1117 3928 est
1146 3871 1390 3927 solvendi
1438 3869 1723 3933 litterulas,
1762 3869 1997 3938 linguam

427 3971 547 4024 oleo
595 3970 974 4023 lmmectantes
1012 3976 1068 4019 et
1107 3966 1363 4034 deinceps
1402 3963 1632 4029 sigillum
1681 3964 1999 4030 inungentes

431 4060 643 4116 modico
675 4059 781 4128 igni
817 4056 1199 4112 calefacieutes
1248 4055 1701 4109 medicamentum
1759 4050 2000 4105 inferunt

428 4154 489 4208 ln‘
533 4150 785 4222 sigillum,
822 4159 933 4202 tum
962 4150 1133 4202 donec
1174 4161 1399 4216 prorsus
1449 4145 1669 4211 riguerit
1700 4143 1908 4206 sinunt,
1943 4150 1998 4194 et

433 4245 537 4299 hoc
569 4245 740 4295 instar
772 4240 919 4293 anuli
973 4249 1220 4292 utuntur.
1250 4237 1446 4291 Dicunt
1498 4246 1678 4289 autem
1712 4235 1876 4287 etiam
1909 4248 2001 4287 ce-

432 4349 550 4389 ram
580 4347 700 4385 cum
742 4332 919 4384 resina
940 4329 1102 4399 pinea
1139 4327 1368 4381 similem
1401 4325 1508 4378 vim
1537 4326 1757 4387 habere,
1792 4333 1845 4377 et
1880 4338 2000 4375 ma-

2083 1881 2172 1927 τος
2189 1864 2309 1935 ⁸⁸,ή
2336 1864 2542 1934 πυρά⁶⁷
2584 1864 2796 1919 τίτανον
2844 1864 3251 1935 ὑποκαιοιμένην
3300 1863 3499 1934 ἔχουσα
3528 1862 3653 1915 ἀντὶ

2087 1955 2307 2018 σποδιᾰς
2346 1955 2438 2009 καὶ
2481 1954 2775 2009 λιϐανωτὸν
2812 1955 3007 2008 λεπτὸν
3057 1956 3149 2009 καὶ
3187 1957 3350 2008 πολὺν
3380 1954 3428 1987 ⁸³
3452 1994 3466 2008 .
3499 1994 3515 2007 .
3544 1997 3559 2008 .
3588 1991 3605 2006 .
3636 1994 3652 2009 .

2086 2048 2179 2099 καὶ
2226 2046 2418 2117 δᾳδίων
2451 2048 2824 2118 κεχρισμένων
2867 2047 3268 2119 αύτορῤύτωνδθ
3318 2045 3563 2115 κηκίδων
3593 2062 3654 2097 τε

2087 2138 2257 2191 κενῶν
2288 2138 2436 2191 ἔνδον
2472 2140 2580 2210 πῦρ
2611 2138 2848 2209 ἐχουσῶν
2870 2154 2884 2169 ο
2914 2140 3118 2192 καπνὸν
3155 2138 3212 2190 δὲ
3237 2140 3301 2190 ἐκ
3333 2137 3428 2190 τοῦ
3455 2137 3655 2205 στόμα-

2086 2245 2175 2290 τος
2215 2228 2354 2280 ἀνίει
2393 2230 2713 2298 ὲγχρονίσας
2742 2228 2835 2281 καὶ
2864 2228 2975 2299 πῦρ
3002 2229 3180 2297 κηκῖδι
3196 2228 3240 2259 ⁸⁸
3272 2226 3529 2296 ἐμϐαλὼν
3564 2227 3655 2279 καὶ

2086 2320 2164 2388 τῷ
2205 2320 2444 2390 στυπείῳ
2484 2318 2902 2391 συμπεριϐαλὼν
2946 2320 3041 2373 καὶ
3086 2319 3269 2388 φυσῶν
3302 2322 3358 2372 ὲν
3405 2319 3484 2389 τῷ
3534 2320 3656 2371 στό-

2091 2426 2239 2478 ματι.
2275 2411 2347 2463 Τό
2380 2427 2443 2479 γε
2476 2410 2580 2481 μὴν
2606 2410 2984 2479 περικείμενον
3020 2412 3085 2481 τῇ
3128 2409 3329 2482 λεκάνῃ
3368 2409 3655 2471 σινδόνιον,

2087 2504 2171 2569 ἐφ’
2204 2501 2232 2554 ὃ
2264 2501 2443 2571 τίθησι
2499 2503 2627 2564 τοὺς
2665 2501 2973 2571 ἄνθρακας,
3010 2500 3100 2554 διὰ
3143 2502 3243 2572 τὴν
3285 2501 3659 2570 ὑποκειμένην

2088 2592 2267 2663 ἅλμην
2295 2594 2395 2646 οὐκ
2426 2591 2658 2656 ἐκαίετο,
2686 2593 2777 2645 καὶ
2802 2592 2931 2645 αὐτὸ
2956 2592 3011 2645 δὲ
3038 2586 3105 2663 ἦν
3137 2592 3285 2664 ἅλμῃ
3318 2591 3660 2661 προϐεϐρεγ-

2092 2686 2285 2757 μένον,
2326 2683 2444 2741 εἶτα
2474 2688 2830 2758 κεχρισμένον
2869 2686 2977 2757 ᾠοῦ
3016 2687 3075 2739 τδ
3109 2686 3299 2739 λευκὸν
3334 2686 3455 2757 μεθ’
3483 2688 3660 2757 ὑγραὶ

2090 2777 2447 2847 στυπτηρίας.
2492 2778 2553 2830 Εί
2583 2777 2637 2829 δὲ
2671 2778 2763 2830 καὶ
2802 2776 2960 2847 χυλὸν
2996 2774 3222 2840 ἀειζώου
3240 2777 3284 2808 ⁸¹
3333 2793 3421 2839 τις
3449 2776 3661 2839 τούτοις

2092 2872 2209 2941 μετ’
2244 2870 2397 2934 ὄξους
2427 2869 2697 2941 ὲπιμίξειε
2741 2870 2834 2922 καὶ
2861 2870 2968 2941 πρὸ
3001 2868 3195 2922 πολλοῦ
3236 2870 3446 2940 σφόδρα
3491 2888 3661 2923 κατα-

2089 2962 2276 3033 χρίσαι
2297 2962 2509 3032 χρόνου,
2540 2962 2711 3031 βαφὲν
2737 2962 2814 3033 τῷ
2840 2962 3113 3033 φαρμάκῳ
3139 2962 3349 3031 μένει⁸¹
3380 2962 3662 3025 παντελῶς

2091 3055 2230 3109 ἀκαυ
2239 3071 2358 3106 στον

2166 3144 2262 3199 λδ’.
2317 3146 2469 3199 Ἐπεὶ
2501 3147 2597 3217 μὲν
2625 3142 2718 3201 οὖν
2753 3146 2861 3199 τῶν
2884 3146 2932 3177 ⁸⁸
2963 3146 3089 3217 παρ’
3123 3146 3305 3209 αὐτοῖς
3336 3147 3662 3217 ἀπορρήτων

2099 3237 2436 3308 μαθημάτων
2468 3239 2744 3308 συντόμως
2775 3238 2873 3300 τὰς
2901 3238 3156 3307 δυνάμεις
3179 3238 3482 3307 ὲξεθέμεθα
3512 3238 3663 3291 εῦκο-

2095 3329 2187 3383 λόν
2220 3346 2279 3383 τε
2312 3330 2410 3399 τὴν
2442 3329 2660 3400 μέθοδον
2691 3327 2768 3401 [β.
2797 3328 2885 3382 70.
2920 3329 3011 3401 71]
3062 3329 3241 3383 αὐτῶν
3268 3330 3317 3361 ⁵⁸
3352 3329 3498 3382 κατά
3522 3330 3663 3397 γνῶ-

2100 3436 2183 3474 σιν
2202 3421 2248 3452 ⁸⁸
2291 3420 2603 3491 ἐδείξαμεν,
2643 3420 2761 3473 οὐδὲ
2802 3420 2959 3474 τοῦτο
2994 3422 3203 3490 σιωπᾷν
3254 3419 3567 3490 βουλόμεθα
3607 3420 3665 3473 δν

2100 3511 2427 3577 ἀναγκαῖον,
2470 3509 2545 3573 ὡς
2586 3511 2880 3579 σφραγῖδας
2922 3510 3135 3573 λύοντες
3163 3511 3209 3542 ⁵⁸
3244 3512 3665 3581 ἐσφραγισμένα

2098 3602 2166 3653 τὰ
2215 3602 2517 3671 γράμματα
2565 3602 2751 3663 αὐταῖς
2789 3603 2909 3663 ταῖς
2964 3604 3255 3671 σφραγῖσιν
3304 3604 3663 3656 ἀποδιδόασι·

2098 3692 2295 3745 πίσσαν
2326 3695 2415 3745 καὶ
2446 3693 2668 3762 ῥητίνην
2691 3693 2783 3745 καὶ
2817 3692 2978 3756 θεῖον,
3006 3693 3085 3745 ἔτι
3112 3694 3167 3746 δὲ
3199 3694 3245 3724 ⁸⁷
3267 3694 3550 3762 ἄσφαλτον
3578 3691 3666 3747 ἶσα

2100 3780 2356 3850 τήξαντες
2419 3782 2700 3850 κολλυρίου
2719 3782 2765 3814 ⁸⁸
2817 3784 3052 3852 σχήματι
3103 3782 3415 3847 πλάσαντες
3472 3786 3669 3853 φυλάτ-

2097 3885 2286 3924 τουσι*
2336 3872 2524 3942 καιρὸς
2561 3872 2617 3924 δὲ
2656 3872 2783 3926 ὅταν
2818 3870 2850 3945 ᾖ
2890 3872 3037 3925 λύειν
3072 3874 3523 3943 γραμματίδιον,
3574 3878 3670 3943 τὴν

2098 3964 2348 4031 γλῶσσαν
2380 3963 2542 4033 ἐλαίῳ
2570 3963 2873 4028 δεύσαντες,
2917 3960 3034 4017 είτα
3071 3965 3131 4028 ἐξ
3154 3966 3327 4034 αὐτῆς
3362 3966 3466 4036 τὴν
3498 3984 3667 4035 σφρα-

2096 4050 2219 4117 γῖδα
2259 4050 2577 4120 χρίσαντες,
2626 4051 2759 4121 πυρὶ
2793 4051 3088 4122 συμμέτρῳ
3121 4051 3181 4103 τὸ
3221 4053 3526 4123 φάρμακον
3556 4056 3671 4124 θερ-

2100 4140 2367 4209 μάναντες
2399 4141 2715 4212 ἐπιφέρουσι
2737 4144 2803 4211 τῇ
2836 4143 3087 4212 σφραγῖδι
3113 4143 3204 4195 καὶ
3228 4144 3397 4213 μέχρι
3424 4145 3496 4197 ἂν
3526 4148 3667 4215 παγῇ

2100 4231 2375 4294 παντελῶς
2402 4231 2551 4294 ὲῶσι,
2578 4233 2672 4285 καὶ
2699 4231 2871 4303 τούτῳ
2894 4234 2938 4265 ³³
2964 4233 3117 4303 δίκην
3153 4235 3477 4305 σημάντρου
3511 4238 3673 4308 χρῶν-

2099 4343 2207 4380 ται.
2235 4327 2370 4378 Φασὶ
2398 4326 2452 4379 δὲ
2480 4326 2573 4378 καὶ
2597 4327 2755 4379 αὑτὸν
2789 4328 2957 4397 κηρὸν
2983 4328 3119 4399 μετά
3149 4330 3417 4401 πευκίνης
3454 4335 3673 4403 ῥητινης

431 4425 616 4479 sticha:
650 4424 782 4476 duas
829 4430 1010 4489 partes
1055 4435 1174 4474 cum
1209 4429 1361 4487 parte
1407 4418 1572 4470 aridae
1631 4415 1884 4485 asphalti.
1930 4414 1986 4467 Et

2100 4416 2159 4469 τὸ
2209 4416 2831 4489 παραπλήσιονίποιεῖν
2886 4420 2982 4472 καὶ
3041 4420 3313 4490 μαστίχης
3378 4424 3534 4494 μέρη
3592 4426 3674 4478 δύο

433 4515 606 4571 sulfur
636 4523 817 4567 autem
861 4511 1034 4565 solum
1068 4508 1264 4565 sufﬁcit
1294 4518 1349 4564 et
1372 4508 1542 4579 gypsi
1574 4522 1703 4562 vero
1738 4505 1835 4561 ﬂos
1873 4523 1993 4561 cum

2110 4508 2247 4577 μετά
2270 4509 2440 4577 ξηρᾶς
2490 4510 2762 4578 ἀσφάλτου
2801 4510 3018 4582 μέρους.
3070 4511 3181 4565 Καὶ
3225 4512 3373 4566 θεῖον
3417 4514 3484 4568 δὲ
3520 4518 3675 4587 μόνον

1717 4642 1953 4699 ἾΔΒΙᾹΞ
1982 4642 2381 4701 LECTIONES.

504 4785 549 4817 “
580 4782 968 4853 πομφόλυγγας
999 4783 1057 4836 C.
1154 4785 1197 4815 ἰ
1234 4779 1535 4853 ξέοντοςλβ.

439 4855 586 4916 λίθος
624 4850 784 4907 ιιίςὶιι
816 4853 856 4906 C
883 4855 974 4905 lin.
1009 4854 1076 4905 15
1100 4869 1143 4906 r.
1174 4865 1227 4905 et
1261 4852 1379 4904 init.
1422 4850 1488 4903 l5
1524 4866 1571 4903 v.

1636 4781 2071 4882 ’ἷιίέἷῗῖίέἷῗῖηίὲ

1734 4850 2089 4927 σπεύδοντος.⁸
2120 4850 2541 4927 συσκευάζοντος
2592 4866 2740 4927 susp.
2780 4850 2959 4927 Μέςδρ
2994 4851 3371 4927 σπένδοντος
3458 4854 3517 4927 θ’
3547 4875 3679 4927 πυρ-

2176 4784 2222 4814 "
2260 4782 2570 4851 ίχθυοκόλας
2615 4782 2677 4836 C.
2767 4782 2825 4852 ἥδέ
2852 4797 3192 4852 χρησάμενος
3235 4782 3305 4841 C.
3347 4782 3420 4837 Μ.
3536 4788 3583 4819 ⁸³

440 4926 509 4996 ρὰ
537 4923 600 4976 t1.
666 4924 721 4998 f‘
750 4923 1024 4998 Lacunam
1065 4938 1185 4975 esse
1229 4930 1351 4998 post
1392 4919 1847 4998 nolbv_susp.__M,
1872 4920 1923 4973 id
1949 4921 2102 4998 quod
2116 4923 2394 4998 confiririat
2438 4922 2573 4998 infra
2604 4922 2754 4998 l._99,
2783 4920 2966 4998 ιῲίτῷ
2999 4919 3683 4998 στυπξίῳ.“⁸⁹-αΰτορῤὖο

436 4988 565 5046 των.
620 4992 934 5063 αὐτορύτων
983 4990 1045 5049 C.
1091 4988 1324 5092 φορυτόν
1374 5004 1522 5059 susp.
1572 4988 1636 5042 M.

436 5062 611 5092 -.τη-Ρ
673 5062 797 5092 -ι-ιιιὶ
854 5059 964 5092 ωιτη.
998 5060 1040 5092 Μ
1139 5062 1158 5092 ⁸
1249 5058 1470 5092 “(Mn
1522 5060 1636 5092 κε’...έ

436 5062 547 5114 τῶν
571 5062 635 5127 C,
672 5060 803 5132 περὶ
854 5060 964 5113 τῶν
1115 5062 1158 5132 Α⁸

1248 4990 1324 5042 τὸν
1374 5004 1522 5059 susp.
1572 4990 1636 5042 M.
1750 4991 1795 5021 '°
1853 4990 2017 5042 κικίδι
2063 4991 2126 5045 C.
2232 4991 2279 5022 ³¹
2312 4991 2397 5043 ἀεὶ
2444 4990 2580 5055 ζώου
2616 4991 2676 5044 C.
2786 4991 2938 5043 "An
2972 5007 3071 5060 μεν

1248 5058 1470 5131 μέθοδον
1522 5058 1719 5131 αὐτῶν.
1771 5061 1899 5131 ’μετ’
1953 5060 2136 5123 αὐτοῖς
2178 5060 2253 5124 C,
2320 5060 2443 5131 μετῖ
2475 5061 2653 5122 αίτίας
2693 5059 2763 5114 Μ.
2792 5129 2813 5131 _
2838 5060 2885 5091 "
2916 5061 3074 5131 ,κατά

2232 4991 2279 5022 ³¹
2312 4989 2585 5064 ἀεὶ
2616 4991 2740 5064 C.__
2786 4989 2947 5064 "Ani
2972 4990 3161 5064 μενεϊῖ
3263 4991 3309 5023 ⁸³
3335 4993 3477 5047 τῶν.
3536 4989 3681 5064 τξάρά

3111 5060 3328 5128 γνῶσιν.
3388 5060 3681 5131 κατάγνω-

440 5132 710 5210 magnai.
748 5127 758 5132 ’
786 5132 833 5162 ⁸⁸
862 5146 980 5210 sqq.
1010 5129 1151 5210 Qixit
1176 5127 1370 5210 dBJIOC
1403 5130 1520 5210 loco
1646 5127 1735 5181 Fr.
1771 5129 2108 5210 Hermannus
2131 5131 2183 5183 in
2221 5127 2746 5210 siipplLNun‘t‘iorum
2778 5129 3211 5210 Gottingensium
3244 5132 3410 5210 βαιά.
3441 5153 3507 5210 a.
3548 5127 3684 5190 {85$

437 5217 494 5278 p.
531 5202 632 5254 103
659 5198 1179 5278 sqq..,.qu_i_pi_illchre
1212 5196 1521 5278 observavit
1554 5199 1664 5278 haec
1692 5208 1901 5278 sumpta
1929 5213 2046 5278 esse
2063 5214 2127 5253 ex
2153 5196 2345 5252 eodem
2372 5200 2511 5278 libro
2540 5198 2703 5259 Celsi.
2731 5215 2836 5266 quo
2870 5196 3107 5278 respexit
3133 5198 3403 5278 Lucianus
3436 5205 3682 5258 Alexan-

438 5267 559 5343 dro,
589 5267 749 5338 quem
773 5267 863 5343 ille
894 5267 1127 5343 libellum
1160 5267 1438 5343 ipsiCelso
1476 5269 1773 5343 dedicavit.
1799 5267 1872 5320 lbi
1893 5283 1957 5343 _c.
1986 5268 2058 5343 2i
2091 5284 2281 5343 sermo
2300 5279 2384 5343 est
2447 5271 2511 5343 de
2544 5285 2811 5343 magorum
2831 5270 3064 5343 _arti_hus
3096 5270 3145 5321 in
3185 5270 3537 5343 recludendis
3569 5282 3682 5343 cpi-

439 5335 620 5394 smlis.
639 5356 701 5392 ex
732 5339 926 5407 quibus
944 5338 1070 5408 hac
1090 5338 1406 5408 apponimus
1435 5352 1449 5389 :
1485 5336 1712 5408 Ἕτερος
1730 5337 1786 5391 δὲ
1811 5335 2009 5408 τρόπος
2036 5338 2063 5390 ὁ
2085 5338 2171 5408 διὰ
2192 5337 2284 5391 τοῦ
2306 5337 2595 5407 λεγομένου
2625 5335 2935 5408 κολλυρίουἒ
2948 5338 3247 5390 Σκευαστὸν
3270 5338 3327 5391 δὲ
3350 5340 3521 5395 τοῦτό
3540 5335 3686 5397 ἐστιν

438 5409 737 5491 ὲκιπίττης
763 5406 1021 5491 βρεττίας
1052 5406 1587 5491 κσιὶιάσφάλτουῃκιαὶ
1616 5406 1765 5491 λίθου
1790 5407 1885 5491 τοῦ
1929 5406 2227 5491 διαφανοῦς.
2256 5406 2616 5491 τετριμμένου
2647 5408 2741 5459 xui.
2769 5406 2938 5491 κηροῦ
2986 5409 3081 5459 καὶ
3110 5408 3379 5491 μαστίχης
3406 5413 3545 5491 χέκ
3580 5432 3686 5481 γαρ

439 5475 645 5529 τούτων
679 5474 929 5530 ἁπάντων
960 5474 1276 5536 ἀναπλάσας
1298 5476 1358 5527 τὸ
1380 5475 1656 5544 κολλύριον
1683 5477 1774 5529 καὶ
1805 5477 2081 5546 θερμήνας
2104 5479 2257 5549 πυρὶ,
2292 5474 2469 5546 σιάλῳ
2496 5478 2592 5547 τὴν
2635 5494 2701 5544 σφ
2742 5474 2897 5544 αγῖδα
2942 5474 3260 5546 προχρίσας,
3280 5474 3553 5535 ἐπετίθει
3593 5474 3689 5537 ’καὶ

442 5545 725 5598 ἀπέματτε
747 5546 836 5598 τὸν
858 5543 1046 5597 τύπον.
1078 5543 1221 5597 Celsi
1258 5545 1425 5598 libros
1459 5549 1600 5598 ipsos
1629 5547 1812 5598 statim
1850 5558 2236 5598 commemorat
2266 5544 2554 5598 Lucianus.
2583 5548 2639 5598 ὲν
2661 5494 2740 5598 οε
2776 5546 2916 5598 κατά
2966 5546 3156 5598 μάγων
3193 5548 3518 5598 συνέγοαὼε
3558 5558 3687 5598 καὶ-

2714 5578 2736 5609 ὃ

442 5545 725 5611 ἀπέματτε
747 5546 836 5598 τὸν
858 5543 1046 5597 τύπον.
1078 5543 1221 5597 Celsi
1258 5545 1425 5599 libros
1459 5543 1600 5611 ipsos
1629 5547 1812 5599 statim
1850 5543 2236 5600 commemorat
2266 5543 2559 5610 Lucianus,
2583 5548 2639 5599 ὲν
2661 5543 2689 5599 ο

2776 5546 2928 5620 κοιτά⁸
2965 5546 3156 5620 μάγων
3179 5548 3519 5620 συνέγραψε
3558 5558 3687 5607 χαλ-

448 5614 644 5694 λίστοις
674 5632 733 5666 τε
762 5616 897 5694 ,ἆμαῆ
911 5613 1012 5694 καὶ,
1028 5612 1471 5694 ὠφελιμωτάτοις
1500 5616 2317 5694 συγγράμμασιν,’ςοειίιξιιιῳιε
2352 5616 2613 5694 Qrigeues
2656 5632 2706 5671 c.
2741 5616 2879 5694 Qels.
2914 5612 3142 5694 l_,_‘68,_p.
3177 5617 3301 5694 ξὸὅ.
3335 5612 3381 5673 Ᾰ
3414 5612 3514 5679 ed.
3547 5624 3688 5679 ιιιω

445 5684 588 5733 κατὰ
615 5681 839 5751 μαγείας
872 5681 1050 5751 βιϐλία
1070 5682 1287 5736 πλείονα
1308 5685 1457 5741 dicit.
1526 5681 1795 5740 ’τέστιδὲ
1823 5684 1885 5740 C.
1960 5684 2005 5717 ⁸⁸
2042 5681 2324 5758 κολλήριον
2360 5684 2423 5753 (3,
2453 5681 2730 5758 κολλύριον
2768 5683 2841 5740 Μ.
2913 5684 2960 5717 ⁸³
2991 5681 3151 5740 τοῦτο
3181 5686 3243 5741 C.
