3826 6218
192 313 330 376 3099

1308 321 1607 383 CONTRA
1642 320 2005 382 HIERESES
2041 324 2185 386 LIB.
2230 326 2328 385 IV.

3288 318 3429 383 3Ῑθο

192 424 451 489 επιεικῶς
478 427 623 479 ποιεῖ
654 426 748 481 καὶ
783 427 957 497 γύψου
990 428 1047 483 δὲ
1078 427 1237 493 ἀνθος
1264 430 1382 500 μεθ’
1413 431 1601 493 ὓδατος
1628 430 1757 482 διει-

1869 445 2002 498 aqua
2035 432 2343 499 percolatus
2365 439 2418 485 et
2439 429 2673 500 gummi;
2710 429 2817 483 hoc
2841 443 2967 484 vero
2995 427 3157 483 etiam
3186 429 3252 481 ad
3281 430 3434 482 obsi-

197 519 355 587 μένον
374 519 419 550 ⁸⁸
450 520 544 572 καὶ
580 518 837 589 κόμμεως
855 521 921 582 ⁸⁸,
959 520 1117 574 τοῦτο
1167 522 1264 592 μὲν
1294 522 1359 592 δὴ
1402 523 1497 575 καὶ
1530 522 1667 591 πρὸς
1693 521 1755 573 τὸ

196 612 490 677 σφραγῖσαι
538 610 784 679 μόλιὸδον
830 612 1094 680 τετηκότα
1129 614 1273 665 ποιεί
1313 612 1599 666 κάλλιστα.
1646 611 1756 664 Καὶ

193 700 253 752 τὸ
279 700 322 730 ⁶²
359 700 445 752 διά
484 700 577 754 τού
618 702 961 772 Τυρρηνικοῦ
996 703 1052 755 δὲ
1081 703 1253 773 κηροῦ
1287 705 1380 757 καὶ
1408 704 1631 775 ῥητίνης
1661 721 1756 773 φο-

197 792 397 861 ρυκτῆς
425 791 468 823 ⁸³
495 792 591 846 καὶ
606 792 652 829 ⁸⁸
680 795 880 864 πίσσης
902 794 996 847 καὶ
1023 795 1295 863 ἀσφάλτου
1326 794 1461 867 [καὶ]
1489 796 1756 866 μαστίχης

196 884 289 935 καὶ
318 882 464 942 λείας
495 886 787 955 μαρμάρου
808 927 823 951 ,
858 887 987 938 ῐσων
1015 886 1269 939 ἁπάντων
1304 887 1614 956 ἑψομένων,
1648 887 1756 941 τῶν

199 974 297 1042 μὲν
334 974 505 1027 ἀλλων
539 970 613 1028 ὧν
642 976 777 1047 ἔφην
818 978 933 1029 ἐστὶ
973 977 1072 1047 μὲν
1113 978 1337 1046 βέλτιον,
1376 979 1431 1032 τὸ
1458 980 1513 1032 δὲ
1543 979 1631 1032 διὰ
1656 979 1757 1047 τῆς

195 1064 368 1133 γύψου
400 1067 501 1120 οὒκ
548 1066 788 1120 ἔλαττον.
825 1066 1008 1132 Οὕτως
1046 1068 1143 1137 μὲν
1191 1066 1284 1123 οὖν
1313 1072 1408 1123 καὶ
1453 1072 1551 1133 τάς
1590 1087 1756 1140 σφραο

195 1156 345 1222 γίδας
372 1155 519 1209 λύειν
545 1157 880 1227 ἐπιχειροῦσι
908 1159 976 1212 τά
1001 1158 1149 1213 ἔνδον
1173 1162 1536 1231 γεγραμμένα
1561 1161 1758 1232 μανθά-

195 1261 305 1299 νειν
345 1247 695 1318 πειρώμενοι.
732 1249 945 1312 Ταύτας
975 1250 1031 1304 δὲ
1056 1252 1100 1283 ⁸³
1132 1250 1338 1305 ὤκνουν
1373 1253 1471 1317 τὰς
1509 1252 1758 1324 μηχανὰς

196 1338 493 1405 κατατάξαι
522 1342 578 1392 ἐν
608 1344 674 1412 τῇ
707 1341 894 1413 βίϐλῳ,
927 1344 1129 1414 ἐνορῶν
1159 1346 1233 1416 μὴ
1262 1347 1390 1399 ποτέ
1416 1363 1500 1409 τις
1528 1346 1758 1417 κακοῦρ-

195 1446 291 1497 γος
333 1431 585 1502 ἀφορμάς
631 1433 813 1487 λαϐὼν
855 1436 1224 1507 ὲπιχειρήσειο
1262 1436 1355 1489 νῦν
1389 1436 1503 1507 δὲὴ
1548 1437 1757 1490 πολλῶν

194 1519 505 1590 δυναμένων
538 1522 779 1592 σωθῆναι
808 1525 944 1577 νέων
972 1526 1191 1595 φροντὶς
1224 1526 1406 1579 ἔπεισε
1434 1526 1639 1591 διδάξαι
1664 1527 1758 1581 καὶ

196 1612 476 1677 προειπεῖν
514 1612 758 1681 φυλακῆς
815 1614 1000 1667 ἕνεκεν
1026 1631 1042 1645 ο
1096 1614 1172 1679 ὡς
1217 1617 1324 1687 γὰρ
1368 1617 1631 1688 χρήσεταί
1676 1633 1759 1680 τις

195 1702 383 1763 αὑταῖς
413 1703 546 1773 πρὸς
575 1704 745 1756 κακοῦ
778 1705 1033 1776 μάθησιν,
1069 1706 1210 1759 οὕτω
1240 1724 1321 1769 τις
1349 1707 1535 1777 ἕτερος
1573 1706 1759 1777 μαθὼν

194 1786 506 1853 φυλάξεται,
543 1791 637 1843 καὶ
667 1792 821 1844 αὐτοὶ
852 1792 909 1846 δὲ
941 1794 991 1846 οἱ
1021 1795 1112 1846 τοῦ
1138 1794 1253 1864 βίου
1290 1794 1564 1864 λυμεῶνες
1598 1798 1761 1866 μάγοι
1795 1789 1836 1844 Β

194 1876 638 1952 αἰσχυνθήσονται
660 1887 726 1954 τῇ
758 1885 923 1957 τέχνῃ
956 1886 1248 1957 χρώμενοι.
1280 1889 1561 1952 Μαθόντ-ες
1588 1888 1644 1941 δὲ
1667 1890 1759 1959 ἀφ’

191 1973 350 2041 ἡμῶν
382 1975 552 2028 ταῦτα
582 1976 1053 2051 προ[διδαχθέντα]
1071 1981 1115 2012 ⁶⁶
1146 1981 1631 2052 ὲμποδισθήσονται
1664 1999 1760 2035 τυ-

190 2065 289 2134 χὸν
338 2066 436 2135 τῆς
486 2068 762 2130 ἀπονοίας.
814 2068 931 2121 Ἵνα
984 2069 1040 2122 δὲ
1086 2071 1160 2141 μὴ
1210 2071 1403 2141 λύηται
1440 2071 1611 2144 ταύτῃ
1629 2073 1672 2103 ετ
1726 2073 1760 2142 ἡ

195 2158 433 2228 σφραγὶς
450 2198 466 2224 ,
503 2159 668 2231 στέαρ
697 2160 841 2215 ὕειον
864 2162 959 2216 καὶ⁵
985 2163 1177 2234 τοίχας
1201 2164 1280 2235 τῷ
1303 2164 1458 2236 κηρῷ
1485 2182 1571 2227 τις
1603 2164 1761 2235 μίξας

195 2252 565 2320 σφραγιςέτω.

265 2342 362 2397 λε’.
420 2343 553 2397 Ἀλλ’
593 2346 712 2399 οὐδὲ
752 2345 851 2417 τὴν
894 2346 1355 2417 λεκανομαντείαν
1382 2349 1564 2402 αὐτῶν
1596 2345 1762 2404 οὖσαν

192 2433 556 2507 πανούργημα
588 2440 953 2510 σιωπήσομαι.
986 2440 1208 2511 Οῖκημα
1236 2442 1343 2512 γάρ
1364 2460 1417 2494 τι
1443 2443 1763 2513 κεκλεισμέο

189 2542 284 2578 νον
321 2529 683 2593 σκευάσαντες
723 2531 818 2582 καὶ¹
862 2529 943 2601 ip.
989 2532 1225 2604 71—73]
1262 2532 1454 2602 κυανῴ
1502 2533 1596 2585 τὸν
1642 2534 1762 2604 δρο-

190 2634 292 2683 ιρον
312 2618 356 2649 ⁸⁸
385 2619 668 2689 χρίσαντες
698 2623 777 2684 είς
807 2621 871 2692 δὴ
906 2624 948 2654 ⁸⁸
987 2622 1049 2675 τὸ
1077 2623 1249 2694 παρὸν
1272 2624 1565 2691 ἐπάγονται
1595 2624 1759 2694 σκεύη

188 2709 315 2761 τινὰ
348 2712 545 2764 κυάνεα
586 2713 679 2765 καὶ
717 2713 1093 2777 ἀνατείνουσι,
1128 2714 1267 2785 μέση
1299 2714 1355 2768 δὲ
1393 2716 1590 2784 λεκάνη
1622 2716 1763 2768 κατά

189 2802 257 2866 τῆ
266 2816 294 2860 ς
328 2800 429 2867 γῆς
461 2800 648 2863 ὓδατος
676 2803 845 2872 μεστὴ
866 2803 911 2833 ⁷ο
943 2803 1173 2871 τίθεται,
1200 2806 1233 2874 ἢ
1265 2805 1275 2875 |
1305 2804 1403 2876 τὴν
1433 2806 1765 2859 ἀντανάκλα-

194 2906 280 2940 σιν
310 2889 409 2957 τῆς
450 2891 649 2943 κυανοῦ
684 2892 1103 2962 προσπεσοῦσαν
1144 2894 1300 2963 δίκην
1337 2894 1567 2965 ούρανοῦ
1599 2896 1763 2947 ἐνδεί-

191 2996 405 3034 κνυσιν.
441 2982 594 3051 Ἔχει
629 2982 685 3035 δὲ
722 2985 816 3036 καὶ
852 2985 1073 3054 στόμιόν
1099 3003 1152 3038 τι
1184 2986 1244 3038 τὸ
1279 2986 1472 3055 ἔδαφος
1502 2986 1759 3055 λεληθὸς,

186 3068 236 3139 ᾧ
257 3075 578 3145 ἐπικειμένη
605 3077 637 3144 ή
666 3075 862 3146 λεκάνη
903 3077 993 3129 τὸν
1030 3077 1127 3146 μὲν
1154 3077 1403 3143 πυθμένα
1428 3078 1542 3147 ἔχει
1576 3078 1760 3143 ὑάλου,

186 3165 332 3235 αὐτὴ
360 3166 415 3218 δέ
443 3167 558 3219 ἐστι
590 3167 815 3237 πετρίνη
835 3169 910 3228 ⁷⁸,
944 3167 1193 3221 ὓπεστιπ
1226 3168 1282 3221 δὲ
1315 3164 1459 3232 οἶκος
1490 3169 1728 3239 λεληθὼς
1750 3213 1765 3237 ,

188 3259 270 3319 εἰς
301 3258 360 3310 ὃν
383 3258 849 3329 συμπορευόμενοι
871 3260 920 3311 oi
949 3263 1289 3329 συμπαῖκται
1318 3262 1573 3331 σχήματα
1604 3255 1678 3315 ὧν
1704 3260 1770 3314 ἀν

189 3342 454 3412 βούληται
486 3345 758 3398 δεικνύναι
783 3348 811 3399 ό
845 3347 1016 3417 μάγος
1043 3346 1179 3400 θεῶν
1204 3348 1299 3401 καὶ
1319 3348 1587 3418 δαιμόνων
1616 3351 1769 3403 ἐνδυ-

190 3434 422 3503 σάμενοι
449 3437 804 3505 ἐμφαίνουσιν
824 3475 839 3498 ,
873 3435 967 3500 οὓς
999 3435 1249 3506 καθορῶν
1279 3438 1308 3489 ὁ
1336 3436 1683 3507 πλανώμενος
1709 3437 1769 3491 τὸ

187 3526 564 3597 πανούργημα
603 3528 995 3597 καταπέπληγε
1036 3529 1144 3581 τῶν
1200 3529 1425 3600 μάγων,
1455 3530 1549 3583 καί
1586 3530 1770 3583 λοιπὸν

189 3618 377 3671 πάντα
418 3619 759 3673 πιστεύειτά
798 3621 889 3674 ὑπ’
916 3620 1083 3674 αὑτοῦ
1118 3622 1487 3692 ῥηθησόμενα.
1530 3623 1771 3693 Δαίμονα

184 3709 249 3761 δὲ
274 3712 417 3761 ποιεῖ
450 3710 718 3774 καίεσθαι,
739 3712 797 3764 ὲν
824 3712 988 3783 τοίχῳ
1011 3712 1360 3777 διατυπώσας
1386 3713 1570 3785 σχῆμα
1590 3714 1618 3766 δ
1644 3713 1768 3784 βού-

185 3800 370 3864 λεται,
401 3796 519 3853 εἶτα
552 3799 825 3871 λαθραίως
860 3803 1096 3873 ὲπιχρίει
1127 3805 1404 3875 φαρμάκῳ
1445 3804 1769 3875 μεμιγμένῳ

181 3888 330 3959 τῷδε
363 3889 441 3959 τῷ
481 3890 667 3962 τρόπῳ
690 3907 705 3922 °
733 3930 749 3945 .
776 3930 792 3946 .
819 3933 835 3949 .
862 3929 877 3947 ι
908 3932 923 3947 .
958 3893 1262 3964 Λακωνικῷ
1285 3894 1333 3925 ⁷³
1371 3895 1466 3947 καὶ
1511 3894 1769 3966 ἀσφάλτῳ

184 3982 492 4052 Ζακυνθία,
523 3978 639 4036 εἶτα
668 3984 742 4047 ὡς
771 3984 1149 4053 ἀπῳοιὸάζων
1183 3985 1282 4057 τὴν
1309 3987 1565 4055 λαμπάδα
1599 4003 1767 4057 προσ-

182 4074 352 4146 φέρει
392 4075 467 4145 τῷ
500 4078 681 4147 τοίχῳ.
726 4077 797 4130 Τὸ
834 4078 893 4130 δὲ
946 4078 1236 4146 φάρμακον
1279 4078 1565 4149 ἐκλάμψαι)
1612 4080 1765 4132 καίε-

179 4184 305 4221 ται.
348 4167 579 4239 Ἑκάτην
610 4171 666 4223 δὲ
695 4170 872 4223 δοκεῖν
905 4170 1150 4241 ἔμπυρον
1183 4171 1495 4242 διατρέχειν
1544 4173 1603 4223 ὲν
1644 4172 1765 4242 ἀέρι

180 4255 339 4309 οὕτω
370 4258 721 4328 τεχνάζεται·
757 4261 1107 4329 συμπαίκτην
1146 4260 1269 4312 τινά
1294 4260 1505 4331 κρύψας
1534 4262 1589 4312 έν
1617 4261 1766 4331 τόπῳ

177 4341 235 4416 ᾧ
286 4348 566 4417 βούλεται,
609 4352 938 4422 παραλαὸὼν
987 4352 1112 4414 τοὺς
1154 4351 1541 4421 πλανωμένους
1588 4353 1764 4405 πείθει

178 4441 369 4509 λέγων
398 4442 586 4535 δείξειν
619 4444 1007 4498 διιππεύουσαν
1032 4444 1077 4475 ⁷⁸
1107 4444 1174 4497 δι’
1211 4446 1373 4515 ἀέρος
1394 4445 1637 4515 ἔμπυρον
1666 4444 1763 4514 τὴν
1796 4481 1840 4535 Β

178 4532 441 4601 δαίμονα,
494 4529 574 4597 οἷς
607 4536 975 4605 παραγγέλλει
1007 4536 1106 4599 τάς
1138 4536 1291 4606 ὄψεις
1322 4537 1459 4607 ταχὺ
1495 4537 1763 4605 φυλάσσε-

181 4619 323 4673 σθαι
351 4621 512 4690 ἡνίκα
539 4622 720 4675 ἴδωσιν
744 4625 801 4677 ὲν
830 4625 953 4696 ἀέρι
992 4625 1090 4692 τὴν
1122 4625 1325 4694 φλόγα,
1354 4625 1775 4695 καλυψαμένους

177 4729 251 4764 τε
303 4713 397 4766 ἐπὶ
432 4713 720 4783 πρόσωπον
759 4715 981 4770 πίπτειν
1002 4756 1018 4781 ,
1070 4718 1175 4781 ἕως
1212 4716 1374 4780 αὐτὸς
1406 4718 1542 4789 καλῇ
1565 4720 1643 4781 ⁷⁸,
1673 4720 1767 4771 καὶ

174 4806 369 4857 ταῦτα
411 4805 625 4872 διδάξας
684 4810 743 4863 ὲν
797 4809 1043 4881 ἀσελήνῳ
1080 4809 1235 4863 νυκτὶ
1288 4808 1354 4862 δι’
1395 4809 1544 4861 ἐπῶν
1593 4808 1766 4872 οὕτως

174 4896 490 4967 φθέγγεται
506 4914 520 4927 ·

212 5076 508 5144 Νρρτερίη
530 5078 740 5145 χθονίη
768 5094 829 5129 τε
854 5078 949 5129 καὶ
988 5078 1409 5149 οἰορανίηνμολὲ
1448 5077 1652 5147 Βομόὼ
1667 5080 1736 5143 ⁷⁸.

1861 522 2129 591 gnandum
2168 521 2445 591 plumbum
2478 519 2826 591 liquefactum
2856 527 3073 587 praestat
3108 518 3332 589 optime.
3364 519 3431 573 Et

1862 614 1912 667 id
1944 614 2085 682 quod
2116 613 2174 667 fit
2201 628 2295 682 per
2328 612 2556 667 Tuscam
2586 627 2713 666 vero
2737 624 2917 665 ceram
2938 618 2994 664 et
3018 610 3308 665 admistam
3337 623 3429 663 re-

1862 705 2035 759 sinam
2064 714 2119 758 et
2166 705 2338 774 picem
2364 714 2420 758 et
2467 701 2769 772 asphaltum
2807 708 2861 756 et.
2902 700 3207 754 mastichen
3230 709 3285 753 et
3316 698 3423 753 mi-

1863 807 2049 851 nutum
2097 812 2355 861 marmor,
2384 811 2508 851 cum
2541 810 2609 849 ex
2663 792 2777 862 pari
2818 792 3066 861 portione
3103 791 3282 844 omnia
3322 804 3431 845 co-

1862 900 2120 958 quuntur,
2158 889 2382 958 reliquis
2424 888 2675 942 omnibus
2732 899 2851 955 quae
2897 884 3142 937 dicebam
3196 881 3433 937 medica-

1863 982 2059 1035 mentis
2106 988 2351 1049 praestat,
2386 978 2671 1048 gypsinum
2720 982 2900 1029 autem
2935 988 3040 1028 non
3101 972 3299 1026 minus.
3335 969 3429 1027 Sic

1865 1072 2026 1140 igitur
2048 1078 2103 1125 et.
2144 1069 2316 1140 sigilla
2356 1069 2565 1123 solvere
2595 1069 2885 1131 intentant,
2911 1079 3030 1135 quae
3056 1064 3200 1117 intus
3223 1062 3427 1129 scripta

1863 1173 1988 1216 sunt
2013 1163 2224 1217 discere
2288 1169 2527 1215 aventes.
2586 1159 2690 1213 llas
2737 1167 2918 1213 autem
2965 1155 3280 1211 dubitabam
3316 1168 3435 1208 ma-

1863 1256 2051 1309 chinas
2097 1255 2337 1309 inserere
2376 1253 2427 1307 in
2471 1252 2612 1306 hunc
2667 1252 2882 1317 librum,
2930 1264 3129 1305 cavens
3168 1262 3236 1302 ne
3291 1246 3434 1301 forte

1864 1349 1985 1414 quis
2031 1345 2308 1400 maleficus
2356 1346 2471 1398 haec
2536 1343 2805 1412 arriperet
2833 1352 2887 1396 et
2941 1348 3252 1409 usurparet.
3280 1337 3436 1392 Nunc

1865 1448 2042 1493 autem
2070 1436 2362 1507 reputanti,
2397 1444 2530 1506 quot
2556 1435 2783 1504 juvenes
2828 1433 2914 1487 his
2968 1430 3196 1503 proditis
3224 1427 3435 1484 servari

1866 1540 2109 1601 possent,
2141 1530 2426 1585 consiliqu
2481 1528 2584 1581 fuit
2646 1528 2843 1582 docere
2881 1534 2936 1581 et
2970 1524 3216 1593 prodere,
3249 1530 3308 1576 ut
3338 1534 3434 1576 ca-

1863 1634 2104 1678 veretur.
2132 1621 2206 1677 Ut
2242 1622 2384 1675 enim
2431 1619 2715 1687 usurpabit
2747 1615 3019 1686 quispiam
3050 1615 3116 1667 ad
3166 1610 3435 1681 cognitio-

1868 1732 1988 1770 nem
2036 1713 2184 1779 mali,
2231 1714 2305 1767 ita
2355 1711 2495 1767 alius
2528 1710 2651 1780 quis
2680 1708 2771 1763 ubi
2824 1706 3077 1762 didicerit
3115 1703 3352 1764 cavebit,
3379 1712 3437 1757 et

1866 1806 2011 1873 ipsos
2031 1817 2160 1858 vero
2182 1803 2306 1856 vita:
2327 1802 2710 1869 depravatures
2736 1813 2919 1868 magos
2937 1795 3161 1866 pudebit
3188 1804 3304 1847 arte
3330 1809 3429 1847 sua

1867 1896 1966 1950 uti.
2009 1895 2111 1951 Ubi
2147 1904 2326 1948 autem
2375 1891 2667 1945 didicerint
2720 1891 2834 1944 haec
2884 1905 2914 1942 a
2964 1887 3120 1943 nobis
3181 1899 3439 1955 praemon-

1867 1995 2060 2053 strata,
2091 1984 2321 2039 fortasse
2348 1983 2774 2052 probibebuntur
2819 1995 2849 2035 a
2889 1978 3158 2036 dementia
3208 1994 3325 2032 sua.
3356 1976 3437 2031 he

1866 2092 1996 2131 vero
2027 2075 2391 2129 solvatur‘bac
2424 2073 2631 2126 ratione
2659 2071 2918 2141 sigillum,
2960 2069 3171 2140 adipem
3210 2068 3428 2123 suillum

1867 2177 1923 2223 et
1947 2167 2128 2222 crines
2162 2180 2302 2221 cerae
2324 2164 2631 2220 admiscens
2661 2164 2933 2233 obsiguet.

1938 2335 2030 2391 35.
2062 2333 2169 2390 Sed
2194 2342 2265 2387 ne
2289 2330 2733 2387 vaticinationem
2784 2329 3027 2399 quidem,
3069 2343 3187 2397 quae
3233 2326 3294 2381 tit
3338 2340 3443 2396 per

1870 2428 2085 2497 pelvim,
2110 2440 2231 2493 qua:
2262 2434 2347 2479 est
2388 2438 2455 2477 ex
2490 2421 2772 2476 fraudibus
2799 2435 3011 2483 eorum,
3065 2419 3259 2474 silebo.
3292 2417 3435 2473 Con-

1868 2513 2019 2568 clave
2072 2511 2214 2566 enim
2277 2511 2520 2565 clausum
2586 2507 2933 2577 102-103
2988 2508 3319 2561 instruentes
3382 2515 3438 2561 et

1869 2618 2040 2671 cyano
2074 2601 2659 2669 lacunarinungentes,
2686 2599 2739 2652 in
2777 2607 3095 2667 praesentem
3138 2612 3291 2651 usum
3341 2597 3441 2650 ad-

1869 2700 2087 2746 movent
2109 2689 2212 2743 sibi
2240 2690 2602 2744 instrumenta
2628 2688 2871 2757 quaedam
2925 2700 3129 2757 cyanea
3156 2695 3209 2738 et
3234 2683 3425 2739 sustol-

1868 2781 2007 2846 lunt,
2033 2781 2209 2834 media
2262 2789 2443 2833 autem
2471 2777 2639 2847 pelvis
2684 2776 2839 2846 plena
2879 2792 3034 2845 aqua:
3068 2776 3356 2845 deponitur
3383 2774 3437 2830 in
3470 2810 3473 2813 -

1872 2880 2039 2935 terra,
2094 2883 2213 2937 quae
2272 2868 2617 2921 reﬂexionem
2668 2866 2826 2935 cyani
2887 2867 3216 2921 incidentem
3263 2867 3435 2920 instar

1869 2959 1992 3011 «mli
2028 2958 2223 3012 reddit.
2262 2956 2435 3010 Habet
2478 2968 2660 3009 autem
2688 2956 2852 3009 etiam
2901 2966 3211 3024 aperturam
3243 2971 3440 3025 quam-

1870 3048 1992 3101 dam
2016 3047 2271 3101 latentem
2309 3045 2699 3113 pavimentum,
2728 3044 2817 3098 cui
2843 3044 3091 3112 imposita
3120 3045 3291 3114 pelvis
3318 3044 3443 3100 iuno.

1794 3139 1837 3194 Ο
1870 3141 1995 3192 dum
2036 3139 2199 3193 habnt
2226 3138 2374 3201 vitri,
2404 3138 2529 3190 dum
2588 3136 2702 3205 ipsa
2736 3146 2818 3190 est
2850 3135 3093 3204 lapidea;
3141 3139 3442 3191 subestau-

1873 3244 1978 3285 tetu
2007 3228 2260 3284 conclave
2308 3228 2655 3291 delitescens,
2691 3227 2744 3281 iu
2790 3229 2931 3295 quod
2978 3228 3293 3297 congregati
3331 3228 3442 3282 col-

1871 3322 2081 3376 losores
2105 3321 2304 3390 ﬁguras
2332 3335 2562 3391 quorum
2590 3320 2732 3375 volet
2775 3321 3060 3374 ostendere
3094 3335 3283 3387 magus
3314 3320 3444 3374 deo-

1871 3430 1988 3469 rum
2022 3416 2432 3481 dmmonumque
2484 3411 2654 3466 induti
2699 3411 3013 3478 ostendunt,
3048 3412 3246 3479 quibus
3295 3426 3442 3465 con-

1870 3508 2070 3577 spectis
2096 3507 2163 3567 is.
2194 3507 2281 3560 cui
2328 3505 2645 3576 imponitur,
2680 3506 2747 3559 ad
2795 3503 3010 3559 fraudes
3035 3520 3314 3575 magorum
3345 3506 3442 3560 ob-

1868 3598 2087 3666 stupefit
2112 3608 2165 3651 et
2194 3596 2393 3651 deinde
2416 3596 2666 3649 omnibus
2687 3593 2845 3648 fidem
2871 3595 3054 3657 habet,
3088 3609 3211 3661 quae
3243 3594 3312 3648 ab
3347 3594 3441 3648 illo

1870 3691 2137 3744 dicentur.
2197 3686 2513 3743 Damonem
2549 3698 2731 3740 autem
2784 3685 2917 3741 facit
2952 3684 3180 3754 ﬂagrare
3213 3684 3345 3755 igni,
3383 3685 3437 3740 in

1871 3782 2075 3851 pariete
2108 3779 2383 3835 delineans
2416 3777 2654 3847 speciem
2682 3792 2840 3846 quam
2874 3775 3035 3839 volet,
3075 3776 3268 3831 deinde
3302 3775 3439 3830 clam

1870 3872 2081 3941 inungit
2118 3871 2511 3925 medicamento
2564 3870 2723 3923 misto
2764 3870 2815 3921 in
2844 3867 2988 3921 hunc
3020 3868 3309 3923 modum...
3333 3867 3440 3922 La-

1870 3964 2060 4018 conico
2085 3971 2139 4017 et
2162 3962 2410 4032 asphalto
2435 3960 2731 4033 Zacyntbia
2755 3977 2771 4023 ;
2812 3960 3006 4014 deinde
3038 3969 3294 4029 tanquam
3318 3960 3438 4014 illu-

1868 4065 2051 4107 strans
2094 4052 2348 4107 admovet
2405 4051 2575 4106 facem
2613 4048 2825 4118 parieti,
2869 4048 3321 4103 medicamentum
3352 4065 3467 4103 au-r

1871 4152 1976 4197 tem
2008 4141 2264 4211 effulgens
2290 4142 2617 4196 incenditur.
2640 4139 2841 4193 Hecate
2875 4149 3053 4192 autem
3093 4149 3151 4194 ut
3186 4140 3435 4193 videatur

1868 4235 2031 4304 ignita
2073 4248 2389 4304 percurrere
2416 4248 2597 4287 aerem
2640 4233 2743 4289 hoc
2789 4232 3023 4287 artificio
3070 4232 3382 4298 assequitur
3420 4248 3435 4284 :

1867 4326 2203 4381 Collnsorem
2243 4326 2474 4394 aliquem
2531 4340 2652 4379 cum
2696 4326 3038 4381 abscondidit
3070 4324 3123 4378 in
3155 4323 3297 4387 loco,
3332 4338 3441 4393 quo

1868 4418 2045 4485 libuit,
2109 4428 2299 4472 nactus
2358 4418 2553 4487 quibus
2617 4418 2857 4488 imponat
2906 4417 3113 4472 inducit
3164 4416 3439 4486 professus

1870 4525 1989 4564 sese
2018 4518 2442 4563 monstraturum
2492 4512 2826 4578 equitantem
2860 4527 2955 4581 per
2988 4524 3168 4566 aerem
3212 4508 3434 4579 ignitam

1872 4604 2190 4664 daemonem,
2234 4615 2371 4669 quos
2424 4601 2741 4655 cohortatur
2789 4602 2856 4656 ad
2908 4602 3093 4656 oculos
3150 4598 3438 4655 confestim

1871 4692 2273 4755 custodiendos,
2302 4692 2426 4744 dum
2454 4701 2682 4746 cernant
2705 4693 2757 4745 in
2781 4707 2907 4747 aere
2932 4694 3228 4756 flammam,
3276 4700 3440 4759 utque

1870 4782 2126 4837 obvoluto
2163 4782 2309 4835 vultu
2342 4782 2393 4836 in
2422 4796 2483 4836 os
2515 4782 2890 4851 procumbant,
2924 4783 3094 4838 donec
3121 4783 3236 4852 ipse
3263 4790 3435 4844 vocet,

1870 4884 1927 4930 et
1986 4876 2102 4929 haec
2144 4888 2425 4945 postquam
2470 4874 2709 4941 edocuit,
2760 4875 2815 4929 in
2858 4874 3089 4929 obscura
3140 4882 3297 4929 nocte
3347 4886 3449 4941 per

1869 4980 2059 5022 versus
2100 4966 2171 5020 ita
2203 4967 2350 5021 fatur
2377 4984 2392 5020 :
3462 4948 3471 4957 ”

1870 5075 2159 5146 Infernalis
2190 5088 2492 5147 terrenaque
2524 5088 2573 5131 et
2603 5078 2844 5143 caelestis,
2876 5078 3007 5139 veni,
3039 5076 3257 5141 Bombo,

1470 5235 1556 5289 VA
1568 5234 1703 5289 RM‘I
1742 5232 2034 5288 LECTIUN
2046 5234 2151 5288 ES.

257 5330 304 5357 ⁸ο
333 5327 611 5412 διαμένοι).
636 5329 694 5383 C.
713 5400 758 5412 Α
776 5328 830 5412 “.1
846 5330 1123 5412 κόμμεως.
1150 5333 1420 5412 ’κόμμεως
1448 5330 1523 5393 ὡς
1556 5331 1635 5412 (1,.
1652 5330 1721 5412 ιι.
1799 5331 1844 5362 δ’
1864 5329 2073 5412 ..τδηιιιιιὴ
2110 5330 2171 5412 (ξ,
2203 5327 2314 5412 M.“
2347 5329 2392 5360 ⁸³
2412 5328 2707 5412 (peripteris
2743 5327 2980 5397 φρικτῆς
3001 5325 3064 5393 C,
3090 5327 3335 5396 φρυκτῆς

168 5401 228 5430 ⁸⁸
256 5398 359 5450 καὶ¹
413 5398 531 5450 add.
567 5398 635 5452 M.

712 5400 758 5430 °‘
787 5399 1002 5464 Ταύτας
1025 5400 1070 5452 δ’
1111 5403 1211 5456 οὐκ
1235 5399 1301 5454 ἂν
1339 5431 1408 5442 —
1433 5401 1797 5465 κατατάξαιεν
1827 5402 1892 5468 τῇ
1933 5400 2099 5469 βίϐλῳ
2127 5399 2191 5453 C.

167 5466 537 5559 ﬁpgoefr‘cu‘
571 5470 1049 5559 s;'npoﬁvexﬁévra
1176 5470 1600 5559 qpodnlwﬁévr:
1634 5487 1783 5559 susp.
1822 5466 1892 5523 Μ’.

2270 5398 2316 5431 ⁸⁸
2342 5396 2764 5468 προδιδαχθέντα
2792 5396 2925 5468 προ
2952 5438 2965 5450 .
3010 5438 3038 5468 ,γ
3065 5438 3080 5451 .
3221 5436 3233 5448 .
3276 5434 3290 5449 .
3331 5438 3341 5447 .
3376 5401 3438 5461 ll,

1974 5471 2015 5503 ⁸⁷
2048 5466 2241 5541 ταύτῃ.
2290 5466 2431 5541 αὕτη
2737 5469 2780 5541 ξε
2810 5466 3088 5520 κυανωτὸν
3133 5466 3327 5541 ὄροφόν
3374 5468 3436 5519 (Σ.

168 5528 242 5569 ⁶⁹’
266 5538 360 5612 δή..
497 5535 559 5599 C.
696 5528 707 5541 ’
809 5528 1004 5612 μεστή.
1041 5541 1178 5612 μέση
1203 5528 1266 5596 C.
1308 5528 1352 5572 τί
1383 5540 1518 5609 αὕτη
1550 5542 1606 5594 δὲ
1638 5528 1755 5593 ἐστὶ
1788 5540 2002 5610 πρτνὴς
2029 5544 2106 5612 (2.7
2131 5528 2698 5612 f’"brrécrgZC.hL_"
2719 5538 2867 5612 ῥηιρ
2896 5528 3199 5612 Λακωνικῷ
3234 5528 3439 5612 aliquot

164 5605 457 5681 vocabula
500 5609 696 5661 omissa
731 5605 821 5662 Mf
877 5612 922 5643 ⁷⁸
950 5605 1334 5681 διιᾶπεύουσαν
1362 5613 1425 5665 (3.
1492 5605 1538 5643 ⁷⁷⁵
1575 5613 1730 5664 καλεῖ
1753 5605 1848 5665 (2.⁷
1894 5614 1937 5643 ⁷⁸
1963 5605 2162 5664 Batuth
2208 5627 2358 5681 susp.
2392 5605 2459 5672 Μ,
2495 5609 2686 5681 ῥόμϐῳ
2718 5606 2975 5679 Bergkius
3016 5607 3077 5662 P.
3102 5605 3253 5679 ι..’ρ.
3282 5607 3467 5672 1059,-

162 5676 287 5747 qui
320 5677 430 5732 hoc
461 5691 678 5734 carmen
715 5682 966 5749 opinatur
990 5678 1276 5738 Theocrito
1297 5684 1571 5737 obversari
1604 5682 1665 5745 υ,
1701 5682 1782 5736 15.
