3804 6220
433 322 569 388 3101

432 442 763 511 Compitalia.
797 442 972 504 trivia,
1000 442 1245 512 lucifera,
1279 444 1571 507 noctivaga,

435 512 657 565 Inimica
694 513 846 575 lucis,
870 514 1037 566 noctis
1076 522 1249 566 autem
1279 516 1445 565 amico
1472 530 1516 564 ει
1548 515 1714 576 sario,

433 582 581 635 La’ta
611 600 799 635 canum
832 582 1035 635 latratu
1070 593 1228 652 atque
1254 584 1508 647 sanguine
1536 584 1694 651 ﬂavo,

432 652 540 707 Per
560 654 814 705 cadavera
832 653 1021 705 vadens
1046 670 1135 719 per
1157 654 1447 715 sepulcreta
1470 653 1853 715 defunuorum,

434 721 720 791 Sanguinis
747 724 1071 791 desiderans,
1106 732 1353 775 terrorem
1391 724 1696 775 mortalibus
1724 722 1919 791 ferens,

433 790 604 856 Gorgo
637 802 683 842 et
712 790 913 843 Manno
942 800 993 844 et
1020 790 1170 843 Luna
1217 802 1264 841 et
1294 792 1656 859 multiformis,

449 860 637 912 Venias
669 861 901 928 propitia
933 862 1000 913 ad
1033 874 1240 914 nostras
1272 861 1572 915 libationes.

500 1028 591 1083 56.
629 1027 753 1083 llaec
803 1030 984 1082 locuto
1012 1028 1105 1083 illo
1134 1028 1275 1097 ignis
1323 1029 1657 1097 conspicitur
1683 1043 1777 1097 per
1810 1043 1995 1082 aerem

431 1132 679 1181 currens,
708 1117 981 1172 illiautem
1012 1120 1455 1173 cohorrescentes
1476 1119 1539 1171 ad
1572 1136 1671 1174 uec
1718 1120 1992 1187 opinatum

430 1209 605 1264 visum
650 1209 920 1264 obvolutis
962 1209 1133 1263 oculis
1190 1211 1335 1263 humi
1401 1212 1786 1278 provolvuntur
1836 1214 1992 1267 muti.

429 1300 579 1354 Artis
611 1310 791 1354 autem
822 1302 1133 1371 magnitudo
1158 1303 1295 1357 banc
1322 1304 1479 1375 104
1528 1306 1683 1375 105
1724 1306 1883 1361 habet
1910 1323 1996 1358 ra-

434 1392 654 1445 tionem.
681 1390 944 1453 Collusor,
978 1407 1138 1460 quem
1178 1392 1422 1446 dicebam
1466 1395 1861 1457 absconditum,
1904 1395 1992 1447 ubi

428 1484 704 1538 exaudivit
734 1485 1156 1538 incantationem
1195 1484 1398 1538 ﬁnitam
1454 1502 1594 1552 esse,
1644 1498 1831 1542 tenens
1882 1488 1995 1541 mil-

429 1591 556 1631 vum
591 1588 685 1631 aut
733 1579 1044 1645 accipitrem
1077 1578 1521 1632 circumvolutmn
1560 1590 1713 1647 stupa
1762 1581 1995 1633 incendit.

430 1678 485 1723 et
519 1668 742 1722 relaxat.
790 1668 881 1723 llle
930 1679 1109 1722 autem
1156 1670 1433 1737 perculsus
1488 1673 1697 1724 ﬂamma
1748 1672 1992 1725 sublimis

1909 326 2273 385 ORIGENIS

2024 451 2066 504 Α
2100 441 2362 505 Εἱνοδίη.
2386 440 2625 509 τριοδῖτι
2646 441 2716 507 ⁷⁷,
2748 441 3070 510 φαεσφόρε.
3101 437 3509 509 νυκτεροφοῒτι
3532 439 3611 472 π’

3535 322 3679 385 310?.

2110 512 2165 562 Ἐ
2170 498 2387 579 χθρῆπ
2398 498 2513 578 μὲν
2532 498 3077 579 φωτόξίνυκίόςῖδὲ
3091 511 3235 578 φίλη
3265 498 3367 562 ,ἱαὶ
3381 510 3594 577 ἑταίρη
3612 510 3659 541 ⁸⁵

2095 578 2402 648 xii/poan
2424 578 2749 635 σκυλάκων
2779 578 2982 647 ὑλακῇ
3015 597 3080 634 τε
3109 580 3206 633 καί
3228 581 3421 647 αἵματι
3460 581 3675 647 φοίνιξι,

2109 650 2436 716 Ἀννέκυας
2464 652 2800 719 στείχουσα
2830 651 2873 682 ⁸¹
2906 652 3033 703 κατ’
3061 650 3199 716 ἠρία
3226 649 3599 715 τεθνηώτων,

2088 721 2344 788 Αἵματος
2372 722 2704 789 ἱμείρουσα,
2735 722 2923 788 φόϐον
2948 719 3217 789 θνητοῖσι
3248 720 3541 788 φέρουσα,

2097 789 2301 858 Γοργὼ
2330 791 2427 842 καὶ
2455 790 2675 858 Μορμὼ
2696 791 2791 843 καὶ
2826 789 2999 856 Μήνη
3027 790 3071 822 ⁸³
3101 788 3200 843 καί
3236 791 3611 856 πολύμορφε,

2100 861 2339 926 Ἐλθοις
2370 859 2697 928 εὐάντητος
2717 860 2807 929 ἐφ’
2832 858 3153 929 ἡμετέρῃσι
3191 860 3458 926 θυηλαῖς.

2165 1026 2282 1091 λς’.
2326 1026 2491 1080 Ταῦτ’
2520 1027 2765 1091 εἰπόντος
2790 1025 2956 1080 αὑτοῦ
2995 1025 3105 1096 πῦρ
3132 1025 3198 1078 δι’
3226 1024 3381 1095 ἀέρος
3414 1024 3674 1095 βλέπεται

2096 1117 2417 1189 φερόμενον,
2470 1119 2519 1171 οἱ
2566 1117 2624 1171 δὲ
2672 1116 2959 1187 φρίξαντες
3002 1116 3063 1169 τὸ
3094 1116 3387 1187 παράδοξον
3412 1116 3512 1185 τῆς
3545 1116 3673 1179 θέας

2095 1208 2429 1278 καλύψαντες
2450 1210 2576 1273 τοὺς
2601 1208 2912 1280 ὀφθαλμοὺς
2930 1209 3022 1262 ἐπὶ
3042 1210 3145 1278 γῆς
3169 1206 3480 1279 ριπτοῦνται
3502 1208 3673 1262 ἄναυο

2093 1302 2193 1356 δοι.
2227 1302 2301 1355 Τὸ
2333 1302 2389 1356 δὲ
2414 1303 2513 1373 τῆς
2542 1302 2738 1372 τέχνης
2790 1301 2867 1374 [ρ.
2912 1302 2999 1356 75.
3030 1300 3141 1372 τι.]
3206 1299 3439 1370 μέγεθος
3481 1300 3673 1354 τοῦτον

2092 1392 2205 1464 ἔχει
2225 1393 2317 1447 τὸν
2329 1394 2547 1463 τρόπον·
2578 1394 2639 1449 '0
2658 1392 3026 1465 συμπαίκτης,
3050 1393 3108 1446 ὃν
3124 1392 3257 1463 ἔφην
3269 1392 3672 1463 κεκρυμμένον,

2091 1487 2252 1555 ἡνίκα
2275 1486 2482 1558 ἀκούσῃ
2516 1487 2869 1556 παυσαμένης
2904 1486 3003 1556 τῆς
3050 1486 3324 1555 ὲπαοιδῆς,
3353 1484 3491 1553 ἔχων
3538 1487 3675 1539 ἰκτῖ-

2091 1596 2160 1633 να
2182 1578 2229 1611 ”
2260 1578 2292 1650 ἢ
2326 1577 2475 1647 γῦπα
2513 1577 2974 1649 περιειλημμένον
3023 1576 3263 1646 στυπείῳ
3291 1577 3504 1647 ἀνάψεις
3537 1577 3675 1630 dm.

2091 1668 2227 1723 λύει.
2271 1670 2327 1723 '0
2355 1668 2411 1722 δὲ
2434 1667 2539 1722 ὑπὸ
2588 1668 2688 1739 τῆς
2727 1666 2924 1739 φλογὸς
2967 1666 3373 1740 ταρασσόμενος
3419 1668 3501 1733 είς
3538 1666 3674 1735 Dab;

430 1760 609 1815 avolat
637 1769 691 1815 et
716 1761 1067 1815 incitatiorem
1100 1762 1332 1814 volatum
1381 1761 1527 1826 facit,
1565 1777 1672 1830 quo
1700 1774 1988 1832 conspecto

2097 1762 2376 1833 ἐπαίρεται
2401 1762 2493 1816 καὶ¹
2511 1761 2770 1833 ὀξυτέραν
2798 1762 2897 1834 τὴν
2929 1762 3129 1833 πτῆσιν
3158 1764 3390 1815 ποιεῖται
3414 1777 3431 1793 ⁸
3452 1761 3483 1814 δ
3520 1760 3662 1815 ἰδόν-

432 1853 629 1919 insani,
676 1862 927 1922 tanquam
988 1852 1169 1906 nescio
1225 1853 1352 1922 quid
1387 1854 1552 1908 divini
1611 1857 1991 1922 spectaverint,

431 1960 553 1999 sese
603 1944 958 1999 abscondunt.
1022 1947 1151 2000 Avis
1205 1956 1383 2002 autem
1458 1947 1839 2001 circumrotata
1900 1964 1994 2015 per

433 2034 610 2103 ignem
662 2050 984 2104 quacunque
1009 2036 1232 2101 contigit
1257 2035 1515 2098 defertur,
1540 2047 1594 2091 et
1625 2037 1783 2107 niodo
1808 2038 1995 2092 domos

430 2126 668 2181 incendit
692 2125 853 2181 modo
882 2136 1082 2182 cortes.
1116 2125 1263 2181 Talis
1290 2137 1373 2183 est
1404 2128 1661 2184 divinatio
1694 2146 1991 2199 magorum.

497 2331 588 2387 37.
624 2330 831 2386 Lunam
867 2339 1045 2387 autem
1078 2332 1131 2386 in
1159 2331 1399 2388 lacunari
1425 2350 1685 2405 apparere
1713 2335 1913 2392 faciunt
1941 2347 1996 2392 et

427 2425 611 2480 stellas
643 2426 696 2480 in
732 2427 875 2482 hunc
911 2428 1123 2482 modum
1158 2449 1171 2483 :
1209 2431 1267 2483 In
1298 2431 1473 2484 medio
1507 2432 1746 2486 lacunari
1780 2433 1995 2504 alligato

428 2516 665 2582 speculo,
707 2517 885 2586 posita
911 2518 964 2571 iu
997 2518 1175 2572 medio
1204 2519 1320 2574 solo
1357 2520 1633 2576 conclavis
1660 2522 1798 2589 pelvi
1840 2540 1993 2592 aqua:

427 2607 579 2675 plena
604 2623 633 2661 e
657 2608 895 2678 regione,
923 2609 1145 2664 lucerna
1174 2620 1351 2665 autent
1384 2613 1558 2666 media
1588 2615 1872 2670 obscurius
1907 2617 1992 2669 lu-

426 2706 584 2751 cente
642 2700 804 2754 altius
853 2700 991 2767 pelvi
1042 2702 1356 2765 constituta,
1403 2705 1472 2757 ita
1525 2720 1619 2772 per
1647 2705 1989 2761 rcﬂexionem

426 2786 589 2843 efficit
629 2801 683 2841 ut
709 2790 832 2843 lun'a
878 2791 1053 2845 luceat
1082 2808 1176 2861 per
1201 2794 1495 2863 speculum.
1531 2795 1635 2849 Sed
1662 2798 1822 2851 etiam
1854 2807 1991 2868 tym-

428 2897 624 2950 panum
658 2899 797 2952 sa'pe
824 2883 891 2938 de
921 2884 1159 2940 lacunari
1215 2887 1443 2941 sublime
1483 2890 1831 2957 suspenditur
1882 2892 1990 2944 cir—

427 2974 733 3027 cumdatum
784 2976 1106 3032 vestimento
1161 2977 1363 3048 aliquo,
1423 2980 1649 3033 celatmu
1682 2997 1774 3049 per
1822 2981 1991 3035 collu-

427 3078 628 3131 sorem,
661 3080 728 3119 ne
771 3074 894 3121 ante
928 3076 1137 3140 tempus
1169 3077 1444 3138 appareat,
1484 3070 1685 3126 lumine
1728 3088 1866 3141 pone
1897 3088 1988 3141 po-

2095 1872 2182 1918 τες
2229 1856 2277 1908 οἱ
2308 1856 2525 1925 μάταιοι
2551 1854 2626 1918 ὣς
2659 1872 2713 1907 τι
2757 1854 2898 1909 θεῖον
2943 1855 3247 1925 ἑωρακότες
3297 1853 3662 1925 κρύπτονται.

2095 1946 2168 1998 Τὸ
2210 1946 2265 2000 δὲ
2293 1948 2491 2017 πτηνὸν
2529 1946 2971 2019 περιδινούμενον
3023 1946 3129 2001 ὑπὸ
3172 1947 3267 2000 τοῦ
3298 1946 3476 2018 πυρὸς
3509 1939 3577 2000 οὑ
3608 1948 3672 1999 ἂν

2096 2037 2277 2108 φθάσῃ
2303 2037 2669 2108 καταφέρεται
2693 2052 2706 2067 ·
2736 2035 2831 2090 καὶ
2881 2036 3011 2090 ποτὲ
3047 2036 3146 2105 μὲν
3173 2036 3349 2099 οἰκίας
3387 2035 3672 2104 καταφλέ-

2094 2146 2200 2197 γει,
2240 2130 2371 2183 ποτὲ
2424 2130 2482 2183 δὲ
2530 2129 2625 2183 καὶ
2678 2128 2867 2193 αὐλάς.
2930 2128 3165 2197 Τοιαύτη
3214 2129 3248 2197 ἡ
3296 2128 3490 2198 μάγων
3537 2129 3671 2197 πρό-

2100 2237 2322 2285 γνωσις.

2164 2332 2259 2397 λζ’.
2311 2334 2547 2404 Σελήνην
2572 2333 2629 2386 δὲ
2658 2334 2715 2387 ἐν
2744 2333 2923 2405 ὀρόφῳ
2953 2331 3237 2401 φαίνεσθαι
3275 2331 3589 2385 δεικνύουσι
3624 2334 3669 2364 ⁸⁵

2094 2426 2188 2477 καὶ
2221 2426 2455 2495 ἀστέρας
2484 2424 2670 2477 τοῦτον
2689 2424 2778 2477 τὸν
2805 2423 3027 2494 τρόπον·
3057 2424 3145 2475 Ἐν
3172 2423 3322 2493 μέσῳ
3347 2424 3450 2490 τῆς
3468 2423 3671 2493 ὀροφῆς

2096 2515 2248 2585 μέρει
2284 2515 2668 2585 προσαρμόσας
2715 2514 3037 2584 κάτοπτρον,
3065 2513 3235 2577 τιθεὶς
3276 2513 3514 2582 λεκάνην
3542 2514 3670 2566 ὓδα-

2090 2623 2182 2669 τος
2242 2606 2441 2676 μεστὴν
2505 2607 2563 2657 ἐν
2632 2604 2709 2676 τῷ
2775 2605 2926 2675 μέσῳ
2978 2606 3077 2675 τῆς
3143 2606 3246 2676 γῆς
3292 2605 3415 2659 κατ’
3467 2606 3671 2673 tam”,

2091 2698 2282 2768 λύχνον
2310 2699 2366 2751 δὲ
2416 2701 2581 2769 μέσον
2614 2698 2870 2768 φαίνοντα
2892 2698 2937 2730 ⁸⁸
2972 2698 3218 2768 ἀμαυρόν
3255 2698 3667 2769 μετεωρότερον

2090 2792 2188 2861 τῆς
2253 2791 2485 2860 λεκάνης
2545 2792 2682 2857 θεὶς,
2727 2790 2899 2853 οὑτως
2952 2792 3015 2843 ὲκ
3052 2791 3150 2859 τῆς
3210 2791 3670 2852 ἀντανακλάσεως

2089 2884 2347 2936 ἀποτελεῖ
2404 2884 2635 2953 σελήνην
2689 2881 2972 2951 φαίνεσθαι
3016 2882 3105 2935 διὰ
3166 2881 3257 2935 τοῦ
3318 2884 3668 2954 κατόπτρου·

2089 2974 2223 3027 ἀλλὰ
2255 2974 2346 3027 καὶ
2366 2975 2645 3045 τύμπανον
2674 2974 2931 3037 πολλάκις
2957 2974 2998 3006 ⁸⁷
3024 2973 3115 3041 ὑφ’
3141 2972 3345 3043 ὑψηλοῦ
3376 2973 3667 3045 πόρρωθεν

2090 3064 2308 3135 δρθριον
2332 3064 2638 3137 περιϐαλὼν
2660 3064 2849 3135 ἐσθῆτί
2890 3081 3017 3129 τινι,
3051 3064 3383 3133 σκεπόμενον
3434 3065 3546 3117 ὑπὸ
3580 3065 3668 3117 τοῦ

427 3155 529 3208 sito
565 3170 578 3206 :
614 3156 702 3209 ubi
734 3165 915 3209 autem
972 3159 1181 3226 signum
1209 3159 1356 3212 dedit
1388 3160 1662 3223 collusori,
1708 3164 1753 3217 is
1785 3172 1987 3217 tantum

2097 3157 2461 3225 συμπαίκτου,
2517 3157 2602 3208 ἵνα
2666 3155 2741 3225 μὴ
2803 3154 2908 3226 πρὸ
2966 3154 3157 3224 καιροῦ
3207 3157 3374 3225 φανῇ,
3436 3156 3667 3209 κατόπιν

427 3246 686 3302 involucri
712 3248 910 3311 aufert,
946 3260 1201 3318 quantum
1234 3250 1307 3304 illi
1359 3254 1723 3307 necessarium
1759 3254 1823 3307 ad
1875 3254 1992 3307 elli-

425 3338 671 3389 ciendam
700 3338 1007 3405 imaginem,
1038 3340 1213 3409 qualis
1259 3355 1355 3407 per
1407 3341 1535 3394 illud
1578 3353 1783 3409 tempus
1821 3342 1989 3411 ﬁgura

428 3426 565 3481 luna:
593 3436 693 3481 est.
747 3427 959 3498 lnungit
996 3441 1177 3484 autem
1236 3432 1575 3500 perlucentes
1628 3444 1807 3501 partes
1854 3443 1991 3503 tym-

428 3518 547 3586 pani
579 3520 857 3573 cinnnbari
893 3531 944 3573 et
972 3522 1172 3589 gummi
1208 3558 1222 3576 .
1258 3559 1273 3575 .
1309 3559 1325 3575 .
1360 3560 1374 3575 .
1409 3522 1626 3591 lapidea:
1661 3524 1857 3591 lagena:
1892 3525 1989 3577 ab-

428 3609 596 3663 scisso
627 3608 765 3664 collo
791 3619 953 3677 atque
990 3612 1169 3675 fundo,
1198 3612 1443 3665 inserens
1469 3613 1645 3667 lumen
1674 3624 1726 3667 et
1762 3616 1993 3669 circum-

426 3700 630 3769 plicans
676 3702 876 3772 aliquid
921 3718 1105 3757 earum
1144 3720 1344 3768 rerum,
1384 3722 1501 3772 qua:
1533 3717 1658 3760 sunt
1692 3708 1895 3760 idonea:
1925 3707 1989 3759 ad

425 3792 692 3861 pellucere
727 3792 1029 3848 faciendum
1058 3795 1277 3864 ﬁguras,
1303 3811 1422 3864 qua:
1464 3798 1514 3848 in
1546 3797 1758 3851 sublimi
1792 3797 1858 3850 ab
1885 3798 1985 3852 ali-

424 3899 532 3953 quo
556 3885 800 3939 celantur
827 3886 1175 3951 collusorum,
1200 3898 1478 3957 postquam
1514 3893 1721 3957 accepit
1753 3890 1989 3960 signum,

423 3994 493 4033 ex
528 3978 745 4033 sublimi
772 3978 1016 4034 defundit
1052 3982 1355 4048 machinas,
1390 3993 1445 4035 ut
1479 3984 1723 4036 videatur
1751 4000 1816 4037 ex
1853 3985 1991 4040 ctelo

424 4074 752 4128 descendere
782 4073 925 4127 luna.
960 4073 1102 4129 ldem
1158 4086 1337 4130 autem
1395 4079 1557 4131 etiam
1593 4094 1687 4147 per
1735 4080 1895 4134 ollam
1933 4084 1991 4136 ﬁt

424 4177 520 4230 per
552 4163 820 4216 silvestria
856 4164 991 4219 loca.
1041 4164 1140 4219 l’er
1162 4166 1323 4220 ollam
1349 4181 1524 4221 autem
1574 4170 1737 4222 etiam
1772 4187 1893 4240 qua:
1937 4172 1988 4227 in

424 4251 628 4307 aedibus
659 4253 791 4306 ilum
820 4254 1094 4310 luduntur.
1137 4257 1281 4311 Pone
1310 4273 1455 4311 aram
1483 4262 1625 4313 enim
1657 4272 1988 4318 exstructam

424 4341 599 4409 posita
628 4350 713 4397 est
768 4343 871 4397 olla
914 4353 1102 4399 tenens
1149 4346 1324 4401 lumen
1368 4348 1620 4415 ﬂagrans.
1657 4352 1787 4405 Cum
1812 4366 1987 4407 autem

426 4432 577 4501 plura
618 4435 724 4488 sint
758 4434 983 4503 lumina,
1036 4438 1236 4491 nullum
1296 4441 1397 4493 tale
1454 4445 1775 4497 ostenditur.
1833 4445 1988 4500 Post-

425 4537 588 4592 quam
644 4525 806 4593 igitur
836 4527 1106 4583 invm-avit
1139 4545 1329 4596 magus
1386 4530 1591 4594 lunam,
1620 4536 1798 4589 omnia
1838 4537 1989 4603 jubc-t

426 4614 626 4670 lumina
658 4618 948 4687 exstingui,
985 4636 1147 4673 unum
1184 4632 1361 4675 autem
1392 4610 1677 4679 obscurum
1735 4627 1986 4696 relinqui,

426 4713 483 4760 et
509 4714 618 4762 tum
650 4707 943 4764 reﬂectitur
978 4711 1068 4764 lux
1119 4727 1186 4765 ex
1222 4713 1326 4767 olla
1370 4732 1557 4772 versus
1606 4718 1846 4786 lacunar,
1871 4738 1990 4791 qua:

430 4795 599 4851 refert
626 4798 911 4868 imaginem
941 4801 1080 4856 lunae
1132 4804 1196 4857 iis
1229 4806 1318 4874 qui
1350 4807 1563 4874 adsunt,
1593 4812 1867 4864 recondito
1896 4826 1990 4865 ore

364 4936 367 4939 λ
426 4884 564 4953 ollae,
596 4897 861 4957 quatenus
898 4899 1108 4958 tempus
1160 4894 1434 4962 requirere
1490 4899 1724 4967 videtur,
1755 4909 1811 4955 ut
1849 4900 1988 4955 lunae

2093 3247 2205 3310 θεὶς
2232 3248 2442 3316 λύχνον,
2470 3247 2607 3301 ὲπάν
2644 3248 2704 3299 τὸ
2743 3246 2993 3317 σύνθημα
3032 3247 3289 3317 παράσχῃ
3319 3246 3400 3317 τῷ
3433 3248 3671 3317 συμπαί-

2092 3356 2218 3409 κτῃ,
2248 3339 2500 3391 τοσοῦτον
2548 3339 2772 3408 ἀφαιρεῖ
2816 3338 2909 3391 τοῦ
2968 3338 3374 3407 σκεπάσματος,
3432 3340 3565 3393 ὅσον
3608 3338 3669 3391 ἂν

2092 3436 2431 3501 συνεργῆσαι
2454 3432 2500 3464 ⁸⁸
2526 3433 2587 3484 τὸ
2626 3432 2995 3504 προσμίμημα
3049 3431 3191 3483 κατά
3218 3430 3309 3483 τὸν
3337 3431 3539 3501 καιρὸν
3578 3434 3668 3499 τῆς

2092 3524 2324 3595 σελήνης
2369 3524 2428 3576 τὸ
2468 3525 2671 3593 σχῆμα.
2716 3523 2875 3595 Χρίει
2912 3523 2969 3575 δὲ
3002 3524 3073 3575 τὰ
3119 3522 3477 3590 διαφαίνοντα
3506 3524 3554 3555 ⁸⁸
3575 3522 3664 3575 τοῦ

2090 3617 2372 3684 τυμπάνου
2430 3616 2572 3685 μέρη
2623 3614 2936 3687 κινναβάρει
3010 3616 3104 3668 καὶ
3174 3616 3352 3684 κόμμι
3379 3615 3525 3669 ”....
3582 3616 3667 3667 καὶ

2091 3708 2189 3774 τῆς
2222 3708 2265 3739 ⁹¹
2327 3708 2717 3778 ἐτυμολογικῆς
2743 3708 2789 3741 θ’
2838 3709 2895 3761 δὲ
2938 3707 3176 3778 λαγήνου
3234 3706 3549 3778 περικόψας
3584 3706 3666 3759 τὸν

2090 3799 2359 3870 τράχηλον
2386 3800 2480 3852 καὶ
2526 3801 2617 3853 τὸν
2656 3799 2925 3870 πυθμένα,
2956 3800 3129 3862 ἐνθεὶς
3160 3799 3354 3868 λύχνον
3383 3801 3486 3851 καὶ
3516 3816 3664 3869 περι-

2093 3890 2204 3954 θείς
2237 3909 2287 3943 τι
2332 3892 2440 3943 τῶν
2486 3891 2803 3962 ἐπιτηδείων
2835 3891 2970 3961 πρὸς
2990 3890 3049 3943 τὸ
3096 3890 3337 3957 διαυγείν
3386 3891 3585 3960 σχῆμα
3606 3891 3666 3949 ’³,

2091 3983 2188 4045 τάς
2218 3983 2303 4051 ἐφ’
2336 3983 2542 4054 ὑψηλοῦ
2578 3982 2818 4054 κρύϐδην
2860 3983 2962 4036 ὑπό
3006 4000 3153 4045 τινος
3195 3982 3405 4049 σκέπην
3436 3999 3529 4045 τις
3565 3981 3667 4035 τῶν

2094 4077 2472 4144 συμπαικτῶν,
2519 4075 2658 4145 μετὰ
2709 4075 2769 4128 τὺ
2824 4074 3006 4128 λαϐεῖν
3047 4075 3106 4128 τὸ
3168 4074 3419 4144 σύνθημα
3479 4077 3549 4128 ὲκ
3580 4092 3669 4145 με·

2091 4167 2293 4235 τεὼρου
2346 4170 2575 4237 καταχεῖ
2613 4167 2681 4220 τὰ
2711 4169 3099 4238 μηχανήματα,
3158 4165 3297 4219 ὥστε
3328 4166 3515 4219 δοκεῖν
3537 4168 3587 4199 ’⁸
3615 4168 3667 4231 ἐξ

2090 4258 2318 4329 οὐρανοῦ
2355 4259 2597 4313 κατιέναι
2622 4258 2719 4329 τὴν
2750 4259 2997 4327 σελήνην.
3033 4258 3105 4310 Τὸ
3122 4257 3179 4310 δὲ
3226 4257 3408 4327 ὅμοιον
3460 4259 3563 4312 καὶ
3586 4257 3667 4310 διὰ

2095 4352 2300 4422 χύτρας
2320 4351 2528 4419 γίνεται
2554 4353 2611 4403 ἐν
2638 4350 2857 4403 ὑλώδεσι
2887 4350 3092 4411 τόποις.
3123 4348 3219 4401 Διά
3246 4348 3301 4401 δὲ
3327 4350 3425 4419 τῆς
3463 4349 3666 4419 χύτρας

2096 4443 2190 4493 καὶ
2228 4440 2295 4493 τά
2347 4439 2469 4492 κατ’
2524 4436 2671 4492 οἷκον
2708 4439 2981 4502 παίζεται.
3020 4436 3214 4507 Βωμοῦ
3244 4436 3353 4505 γὰρ
3404 4440 3663 4507 κειμένου

2097 4532 2326 4583 κατόπιν
2372 4532 2548 4583 κεῖται
2599 4530 2835 4601 ήχύτρα
2883 4530 3081 4599 ἔχουσα
3113 4528 3303 4598 λύχνον
3352 4528 3660 4595 φαίνοντασ

2090 4624 2257 4675 ὄντων
2285 4624 2341 4676 δὲ
2374 4624 2635 4677 πλειόνων
2677 4624 2883 4694 λύχνων
2904 4623 3055 4676 οὐδὲν
3086 4620 3323 4674 τοιοῦτον
3366 4620 3664 4676 δείκνυται.

2103 4720 2271 4771 Ἐπάν
2310 4715 2403 4772 οὖν
2462 4720 2853 4790 ἐπικαλέσηται
2910 4720 2939 4771 ὁ
2992 4717 3236 4779 ὲπαοιδὸς
3273 4715 3371 4785 τὴν
3406 4716 3663 4787 σελήνην,

2092 4811 2301 4873 πάντας
2360 4810 2570 4864 κελεύει
2626 4812 2751 4874 τοὺς
2802 4810 3029 4881 λύχνους
3081 4807 3422 4870 σϐέννυσθαι,
3487 4808 3663 4861 ἒναδὲ

2091 4904 2336 4974 ἀμαυρὸν
2368 4902 2708 4969 καταλιπεῖν,
2751 4902 2847 4957 καὶ
2892 4902 3013 4956 τότε
3044 4898 3351 4970 ἀντανακλᾷ
3377 4899 3439 4953 τὺ
3463 4901 3587 4971 φῶς
3610 4900 3665 4953 τὺ

1693 5075 1921 5131 VABIAE
1961 5076 2361 5135 LECTIONES.

500 5236 545 5306 7’
569 5234 807 5306 τριρδείη
833 5237 894 5291 C-

424 5304 585 5372 φοίτη
631 5305 692 5386 (λ,
864 5309 909 5386 ξ’
958 5308 1090 5381 ἔχρη
1138 5304 1327 5386 pri).-
1450 5316 1610 5386 ἑτέρη
1661 5333 1739 5385 pr.
1779 5318 1839 5374 C.

996 5240 1041 5270 ⁷⁸
1072 5245 1862 5325 νυκτερρφοξτι-Μοῐιιρῑςίυεῂι
1890 5252 2185 5325 Annalibus
2229 5252 2700 5325 Marburgensibus
2731 5270 2780 5325 a.
2818 5253 2975 5318 l852,
3008 5254 3076 5317 4,
3118 5268 3167 5323 p.
3206 5252 3305 5325 376
3338 5270 3358 5325 _:
3403 5270 3664 5325 νύκτερο-

1935 5320 2273 5391 ’ξξάννέκυας
2316 5320 2621 5391 στείχουσα.
2665 5324 2919 5378 ἀνέλκυσι
2966 5334 3018 5378 et
3050 5320 3195 5391 susp.
3235 5321 3486 5375 ὲννέκυσι
3524 5320 3661 5376 01-bi-

428 5386 598 5465 χουσα
640 5374 702 5440 C,
735 5377 792 5428 ἐν
826 5374 1335 5463 νέκυσἰ”στείχουσα
1369 5384 1439 5446 Μ,
1483 5374 1554 5437 ω’
1588 5374 1703 5442 ὑοὲ.
1742 5391 1904 5442 etiam
1944 5374 2618 5447 Mcinekius'en‘ien'davit.
2973 5374 3275 5462 "vilic.
3349 5392 3396 5422 ⁸³
3429 5374 3580 5445 tanta
3596 5374 3660 5450 Β.

433 5444 573 5517 lactt):
766 5445 811 5477 “
831 5446 1108 5517 δεικνύναι
1160 5454 1221 5515 (ὲ,
1252 5452 1529 5506 δεικνύασι
1560 5454 1629 5508 Μ.
1703 5457 1751 5488 ⁸⁵
1786 5459 1906 5512 κατ’
1954 5459 2086 5513 ἴσον.
2141 5461 2324 5513 κτίσον
2368 5461 2431 5515 C.
2505 5463 2551 5493 ⁸⁸
2585 5413 2889 5517 φαίνων
2983 5412 3027 5494 ἐξ
3062 5411 3323 5517 πολλάκις
3374 5460 3541 5517 [θεὶς]
3586 5462 3660 5517 ἐφ’

2876 5504 2889 5517 .
2983 5480 3023 5494 ’³⁸
3062 5480 3132 5515 πο

433 5444 589 5529 party
766 5445 811 5477 “
831 5446 1108 5529 δεικνύναι
1160 5442 1221 5515 C,
1252 5442 1529 5529 δεικνύασι
1560 5454 1629 5508 Μ.
1703 5457 1751 5488 ⁸⁵
1786 5459 1906 5512 κατ’
1954 5442 2788 5529 ἴσονί-κτίσονηϐίἡδίσαίνων

429 5512 636 5581 ὑψηλοῦ
662 5516 930 5583 τορνωθὲν
961 5518 1143 5619 ὄρθιον
1179 5558 1194 5574 .

430 5582 572 5620 vna-)1
620 5598 749 5620 enen
812 5584 859 5620 Μ
1009 5589 1028 5620 1
1060 5589 1187 5620 8.-..

430 5582 573 5634 κατὰ
620 5582 770 5649 susp.
812 5584 860 5637 Μ

1060 5589 1518 5662 διαφαίρονταέ.
1616 5596 1662 5628 ⁹⁰
1693 5589 1891 5651 κίναϐα

3201 5463 3323 5521 ἀκις
3374 5460 3541 5532 [θεὶς]
3564 5462 3666 5532 ᾗὲφ*

1233 5559 1249 5603 τ
1282 5563 1296 5577 .
1321 5523 1402 5577 vel
1434 5526 2023 5603 potiusndppwfwsv
2049 5530 2230 5603 όρθιον
2264 5545 2411 5603 susp.
2449 5531 2518 5585 M.
2561 5523 2608 5565 3‘
2645 5536 2875 5603 συνεργῇ
2908 5532 3057 5602 αύτῷ
3088 5533 3220 5603 πρὸς
3248 5523 3479 5601 μίμημα
3502 5523 3660 5602 [οἷοῆ

1980 5602 2072 5651 καὶ
2111 5600 2240 5669 κόμι
2276 5600 2345 5669 β.
2417 5603 2461 5635 ⁹¹
2496 5603 2636 5658 Ante
2675 5600 2783 5655 και
2821 5600 2921 5667 τῆς
2971 5600 3215 5656 lacunam
3282 5600 3390 5655 indi

2821 5605 2921 5667 τῆς
2971 5604 3215 5656 lacunam
3282 5604 3659 5655 indicznimns.

431 5650 491 5743 ξξε
497 5652 596 5743 ἔξω
602 5651 944 5743 3010153313.,
954 5654 1036 5743 tu
1066 5650 1362 5743 ὁλοκλήρου
1385 5665 1528 5722 coni.
1550 5664 1621 5735 tt,
1642 5650 1873 5738 ἑτοίμου
1889 5650 2074 5722 timo:
2102 5650 2249 5740 ship.
2276 5650 2343 5726 ti.
2368 5650 2635 5728 Scalas"
2661 5650 3659 5743 iaxﬁ‘gaaseam.’12.:mg.

432 5731 575 5788 δυερ.
599 5718 671 5772 Μ.
744 5716 790 5753 ⁵⁵
888 5724 1091 5781 ὲδόκειν
1113 5727 1174 5784 C.
