3804 6220
141 318 267 388 3ίο3

1242 326 1539 386 CONTRA
1575 328 1937 387 H/ERESES
1977 329 2120 387 LIB.
2164 330 2259 387 IV.

142 437 200 489 ἐκ
225 434 321 505 τῆς
350 435 554 505 χύτρας
581 436 660 498 είς
686 434 775 487 τὸν
804 436 998 507 ὄροφον
1042 422 1136 490 καὶ
1171 440 1456 510 παρέχει⁹⁸
1491 458 1686 508 φαντα-

1801 441 1983 495 simiiis
2011 444 2060 494 in
2109 440 2348 495 lacunari
2386 446 2638 506 appareat
2670 435 2895 503 species.

144 526 251 579 σίαν
281 526 511 596 σελήνης
528 529 638 589 τοῖς
657 528 704 558 ⁸⁸
738 528 1027 598 παροῦσιν,
1060 530 1556 595 ἐπισκεπασθέντος
1587 530 1680 584 τοῦ
1722 532 1989 601 στόματος
2016 531 2117 601 τῆς
2134 531 2334 601 χύτρας
2366 527 2502 598 πρὸς
2530 528 2559 579 ὃ
2605 527 2854 579 ἀπαιτεῖν
2882 525 2910 576 ὁ
2970 534 3156 596 καιρός
3188 525 3353 585 δοκεῖ,

144 616 212 681 ὡς
256 617 509 688 μηνοειδῆ
574 618 879 672 δείκνυσθαι
914 622 971 673 ἐν
1007 621 1085 692 τῷ
1114 623 1297 694 ὀρόφῳ
1346 624 1445 693 τὴν
1491 624 1817 693 φαντασίαν.

206 707 279 779 [p.
311 707 540 779 75-76]
561 707 662 779 λη’.
698 709 959 780 ’Δστέρας
983 713 1041 765 δέ
1085 708 1223 767 εἶναι
1259 714 1434 767 δοκεῖν
1479 713 1689 767 ποιοῦσι

141 796 411 868 θρισσῶνῆ
442 797 705 871 ίππούρου
719 800 762 831 ’⁷
787 801 994 869 φολίδες
1020 802 1171 857 ὕδατι
1194 804 1329 874 μετὰ
1354 807 1613 874 κόμμεως
1635 805 1681 836 ’⁸

1869 713 2207 784 106-107
2250 711 2335 765 58.
2391 708 2587 764 Stellae
2629 715 2807 761 autem
2857 716 3116 773 apparere
3151 698 3357 754 faciunt

1796 805 2119 859 thrissarum
2175 802 2257 856 vel
2291 800 2509 871 hippuri
2543 813 2779 869 squamae
2809 811 2945 865 aqua
2990 808 3111 865 cum
3153 791 3353 862 gummi

137 889 445 959 δεδευμέναι
482 890 577 944 καὶ
618 894 1142 964 προσπεπλασμέναι
1192 896 1271 966 τῷ
1315 898 1497 967 ὀρόφῳ
1538 897 1677 950 κατά

1801 898 1974 966 rigata:
2001 906 2055 950 et
2102 894 2270 948 aliisue
2304 892 2573 947 lacuneari
2616 906 2710 960 per
2738 886 3041 943 intervalla.

137 982 509 1053 διαλείμματα.

201 1073 297 1128 λθ’.
344 1076 574 1143 Σεισμοῦ
619 1076 676 1130 δέ
726 1078 1024 1147 φαντασίαν
1070 1078 1346 1147 ποιοῦσιν,
1392 1081 1466 1143 ὡς
1508 1080 1687 1133 δοκεῖν

139 1163 304 1217 πάντα
333 1168 616 1231 κινεῖσθαι,
649 1169 849 1239 κόπρον
884 1171 1193 1241 ίχνεύμονος
1222 1171 1339 1241 ἅμα
1382 1174 1447 1243 τῇ
1498 1172 1685 1241 σιδηρ-

137 1256 420 1328 αγωγούσῃ
466 1258 595 1329 λίθῳ
621 1261 706 1312 ἐπ’
739 1261 1026 1332 ἀνθράκων
1061 1261 1410 1333 πυρουμένην
1433 1262 1500 1315 ⁹⁹.
1529 1301 1542 1316 .
1576 1302 1590 1315 .
1614 1301 1626 1315 .
1668 1300 1684 1316 .

202 1474 273 1537 μ’.
307 1460 499 1539 Ἦπαρ
536 1470 590 1523 δέ
612 1470 800 1524 δοκοῦν
822 1472 1305 1544 ’ἐγγεγραμμένον
1325 1472 1631 1527 δεικνύουσι
1664 1490 1677 1504 ·

131 1559 193 1628 τῇ
236 1558 333 1626 μὲν
378 1560 639 1632 ἀριστερᾷ
686 1563 827 1633 χειρὶ
864 1564 1155 1633 ἐπιγράφει
1205 1564 1233 1616 ὃ
1272 1564 1519 1632 βούλεται
1549 1564 1684 1634 πρὸς

131 1648 224 1716 τὴν
262 1648 490 1701 πύστιν¹
527 1652 923 1722 ἁρμοσάμενος,
972 1654 1041 1706 τὰ
1074 1654 1129 1706 δὲ
1167 1655 1471 1725 γράμματα
1525 1656 1685 1724 κηκῖ-

130 1737 215 1787 διη³
242 1736 337 1790 καὶ
365 1738 472 1803 ὄξει
508 1740 725 1810 δριμεῖδ
755 1744 1048 1812 γράφεται.
1090 1743 1317 1795 Ἔπειτα
1367 1742 1690 1811 ἀνελόμενος

128 1832 186 1877 τὸ
216 1821 368 1899 ἧπαρ
420 1831 810 1895 ἐπαναπαύσας
852 1834 917 1903 τῇ
964 1834 1227 1903 ἀριστερᾷ
1274 1832 1595 1901 ἐγχρονίζει,
1630 1833 1691 1886 τδ

128 1918 182 1969 δέ
222 1921 331 1990 σπᾷ
354 1919 442 1972 τὸν
475 1920 642 1973 τύπον
673 1922 766 1975 καὶ
803 1921 879 1984 ὡς
908 1922 1214 1994 γεγράφθαι
1246 1922 1546 1993 νομίζεται.

200 2129 309 2192 μα’.
344 2124 577 2195 Κρανίον
599 2126 655 2179 δέ
685 2126 901 2180 λαλεῖν⁵
926 2126 1020 2179 ἐπὶ
1043 2127 1149 2197 γῆς
1178 2127 1359 2191 θέντες
1387 2124 1689 2182 ἐπιτελοῦσι

125 2214 296 2284 τούτῳ
324 2216 402 2286 τῷ
445 2218 630 2289 τρόπῳ
649 2219 669 2250 ⁸
690 2236 706 2253 ι
743 2218 883 2272 Αὐτὸ
928 2220 1025 2290 μέν
1056 2220 1345 2290 πεποίηται
1392 2220 1646 2273 ἐπιπλόου
1666 2219 1687 2251 ⁷

130 2307 325 2375 βοείου,
355 2309 728 2381 πεπλασμένον
752 2310 855 2383 [δέ]
872 2312 893 2342 ⁸
908 2311 1061 2383 κηρῷ
1078 2312 1400 2383 Τυρρηνικῷ
1422 2314 1513 2365 καὶ
1535 2312 1690 2383 γύψῳ

127 2400 580 2474 ἀναπεποιημένῃ
633 2404 1007 2473 περιτεθέντος
1061 2404 1154 2457 τοῦ
1211 2405 1407 2475 ὑμένος
1454 2407 1689 2475 ἔμφασιν

126 2490 347 2559 κρανίου
382 2493 727 2561 ἐνδείκνυται,
754 2494 781 2547 ὃ
812 2496 943 2547 πᾶσι
974 2494 995 2525 ⁹
1022 2494 1200 2548 λαλεῖν
1242 2496 1388 2547 δοκεῖ
1408 2492 1687 2563 ἐνεργοῦν-

122 2596 214 2643 τος
242 2580 338 2633 τοῦ
375 2584 636 2653 ὀργάνου,
677 2585 798 2638 καθ’
836 2586 896 2637 ὃν
936 2586 1133 2657 τρόπον
1163 2587 1256 2637 καὶ
1286 2586 1377 2637 ἐπὶ
1404 2588 1513 2645 τοῖς
1535 2585 1689 2637 παισὶ

122 2670 535 2741 διηγησάμεθα⁶
566 2675 794 2744 γεράνου
824 2675 857 2745 ἡ
900 2692 1044 2737 τινος
1081 2674 1322 2727 τοιούτου
1367 2691 1681 2745 μακροτρα-

120 2761 287 2830 χήλου
317 2762 455 2828 ξώου
473 2765 726 2835 φάρυγγα
757 2764 1049 2829 σκευάσας,
1072 2765 1327 2834 προσθεὶς
1361 2766 1437 2833 τῷ
1478 2764 1685 2834 κρανίῳ

120 2852 425 2925 λεληθότως
461 2859 488 2910 ό
559 2858 907 2927 συμπαί-κτης
948 2857 983 2911 ἃ
1040 2856 1182 2910 θέλει
1234 2855 1552 2924 φθέγγεται.
1625 2855 1688 2905 '0

118 2946 261 3001 ἐπὰν
288 2948 331 2979 ¹⁹
363 2948 565 3016 ἀφανὲς
605 2948 858 3017 γενέσθαι
911 2948 1039 3019 θέλῃ
1060 2949 1134 3013 ¹¹,
1167 2947 1454 3018 ἀνθράκων
1488 2945 1689 3013 πλῆθος

1862 1080 1952 1135 59.
2009 1080 2191 1135 Terra:
2242 1089 2418 1133 motus
2464 1086 2642 1132 autem
2689 1074 2924 1145 speciem
2971 1070 3231 1132 eiiiciunt,
3294 1076 3352 1121 ut

1792 1172 2079 1227 videantur
2130 1172 2309 1226 omnia
2367 1170 2611 1230 moveri,
2698 1176 2907 1221 stercus
2981 1162 3356 1217 ichneumonis

1791 1280 1913 1320 eum
1965 1264 2144 1333 lapide
2198 1262 2401 1316 ferrum
2453 1260 2762 1314 attrahente
2811 1257 2863 1311 in
2929 1253 3115 1323 prunis
3166 1254 3353 1306 incen-

1787 1368 2021 1406 sum.....

1862 1466 1951 1517 40.
1988 1463 2147 1517 Jecur
2178 1472 2352 1516 autem
2401 1463 2542 1530 quod
2576 1461 2824 1514 videatur
2866 1456 3186 1526 inscriptum
3237 1470 3357 1509 esse

1791 1554 2101 1605 ostendunt.
2162 1552 2408 1605 Sinistra)
2456 1550 2633 1603 manui
2688 1546 2933 1601 inscribit
2998 1547 3139 1613 quod
3206 1543 3354 1605 libet,

1792 1657 2029 1715 aptatum
2075 1646 2141 1698 ad
2181 1645 2232 1698 id
2274 1644 2416 1713 quod
2464 1644 2750 1711 quesitum
2796 1649 2900 1705 est,
2943 1639 3133 1692 litteras
3177 1646 3355 1690 autem

1793 1738 1930 1807 galla
1961 1746 2013 1791 et
2040 1746 2194 1791 aceto
2220 1736 2332 1791 acri
2364 1735 2696 1790 scribuntur.
2730 1732 2935 1785 Deinde
2976 1730 3243 1784 sublatum
3273 1729 3357 1797 je-

1791 1847 1890 1887 cur
1942 1847 2037 1900 per
2090 1830 2305 1900 aliquod
2367 1837 2578 1896 tempus
2636 1826 2834 1879 retinet
2881 1823 3099 1877 sinistra
3169 1838 3353 1885 manu,

1788 1922 1919 1977 illud
1977 1931 2153 1973 autent
2214 1920 2379 1973 trahit
2435 1927 2619 1989 typum
2687 1926 2742 1968 et
2802 1916 2955 1983 quasi
3036 1911 3353 1980 inscriptum

1786 2016 2017 2069 videtur.

1857 2127 1947 2180 Al.
1984 2126 2239 2181 Craninm
2262 2136 2440 2177 autem
2470 2122 2614 2192 loqui
2642 2122 2876 2190 positum
2898 2122 2949 2173 in
2984 2128 3124 2171 terra
3157 2116 3353 2169 faciunt

1788 2217 1843 2272 in
1895 2218 2040 2271 hunc
2088 2216 2303 2269 modum
2341 2214 2557 2283 :lpsum
2622 2213 2838 2282 quidem
2912 2210 3108 2264 factum
3161 2214 3242 2261 est
3287 2220 3349 2258 ex

1788 2318 2010 2364 amento
2064 2308 2297 2372 bovino,
2350 2306 2637 2374 ﬁguratum
2685 2313 2861 2357 autem
2912 2317 3037 2356 cera
3088 2298 3259 2352 Tusca
3300 2305 3353 2351 et

1788 2418 1958 2474 gypso
2024 2413 2318 2471 apparata,
2386 2400 2777 2455 eireumvoluto
2840 2396 3073 2467 tegmine
3121 2392 3349 2463 speciem

1789 2494 1957 2548 cranii
1985 2508 2093 2561 pra:
2121 2510 2179 2547 se
2203 2492 2327 2558 fert,
2360 2492 2502 2562 quod
2536 2492 2786 2545 onmibus
2819 2488 2962 2557 loqui
2991 2487 3200 2540 videtur
3221 2498 3352 2551 ope-

1788 2589 1945 2633 rante
1976 2581 2357 2642 instrumento,
2385 2579 2838 2648 quemadmodum
2871 2576 3033 2631 etiam
3074 2574 3139 2627 de
3175 2572 3353 2641 pueris

1788 2686 1949 2738 Supra
1992 2672 2363 2740 exposuimus.
2409 2670 2573 2725 Gruis
2601 2670 2684 2745 vel
2720 2668 2948 2736 alicujus
2986 2667 3106 2721 talis
3132 2680 3353 2733 procero

1787 2763 1927 2815 collo
1979 2762 2257 2816 instructa:
2291 2763 2408 2817 avis
2436 2772 2653 2830 gutture
2680 2768 2938 2831 apparato
2979 2772 3150 2827 eoque
3185 2770 3351 2824 appo-

1787 2854 1889 2907 sito
1922 2856 1987 2906 ad
2019 2855 2262 2906 crzmium
2291 2854 2521 2908 latenter
2547 2854 2783 2907 collusor
2812 2867 2931 2921 quae
2954 2849 3065 2903 vult
3093 2847 3350 2917 loquitur.

1789 2945 1942 3010 Quod
1994 2946 2081 2998 uhi
2116 2960 2445 3000 evanescere
2484 2944 2615 3007 vult,
2667 2958 2960 3014 prunarum
3010 2956 3202 2995 acervo
3246 2940 3353 2992 cir-

117 3036 307 3109 κύκλῳ
358 3038 601 3107 περιθεὶς
657 3038 732 3102 ὡς
797 3038 1005 3109 θυμιῶν
1066 3038 1410 3108 ἐμφαίνεται,
1460 3028 1533 3087 ὧν
1588 3034 2090 3105 τῆςοεηηιροείιο
2141 3037 2766 3108 ιιιιιᾳιιιιῐηνιιιυτὶίίρειιε
2826 3043 3069 3103 apparet,
3121 3047 3348 3100 quarum

119 3124 337 3197 θέρμης
393 3130 420 3180 ὁ
475 3130 640 3198 κηρὸς
694 3128 1227 3199 ἀντιλαμϐανόμενος
1317 3128 1525 3192 λύεται,
1591 3124 1686 3177 καὶ

114 3216 293 3281 οὑτως
324 3220 533 3287 ἀφανὲς
558 3219 618 3271 τὺ
643 3220 863 3290 κρανίον
896 3219 1176 3287 γεγονέναι
1209 3220 1506 3290 νομίζεται.

194 3307 307 3377 μβ’.
347 3308 530 3360 Ταῦτα
563 3308 749 3377 μάγων
800 3308 937 3380 ἔργα
967 3310 1061 3362 καὶ
1100 3310 1278 3362 τοιάδε
1322 3312 1509 3380 μυρία,
1555 3311 1591 3365 ἃ
1622 3313 1685 3381 τῇ

112 3394 224 3446 τῶν
266 3394 415 3448 ἐπῶν
446 3400 755 3468 συμμετρίᾳ
776 3400 869 3451 καὶ
912 3399 1019 3452 τῶν
1054 3399 1379 3464 ἀξιοπίστως
1409 3402 1448 3431 ¹³
1478 3401 1689 3472 δρωμέ-

114 3502 223 3538 νων
248 3487 427 3558 ἐργων
465 3492 735 3560 φαντασίᾳ.
803 3490 980 3544 πείθει
1027 3494 1151 3555 τοὺς
1185 3492 1424 3562 ἄφρονας
1445 3510 1458 3523 °
1485 3492 1558 3546 ὧν
1591 3493 1688 3564 τὴν

111 3579 316 3648 τέχνην
370 3582 810 3649 καταπλαγέντες
854 3584 903 3636 oi
938 3584 1289 3653 αἱρεσιάρχαι
1324 3585 1685 3654 ἐμιμήσαντο,

110 3669 175 3721 τὸ
226 3671 328 3741 μὲν
377 3672 433 3724 ἐν
487 3673 788 3743 ἀποκρύφῳ
816 3674 911 3728 καὶ
954 3675 1130 3745 σκότῳ
1190 3675 1574 3744 παραδιδόντες
1621 3674 1690 3727 τὰ

108 3760 445 3830 δοκούμενα,
501 3763 571 3817 τά
631 3765 690 3817 δέ
746 3766 845 3817 καὶ
892 3762 1359 3835 παραιφράζοντες
1404 3765 1479 3827 ὡς
1544 3765 1685 3817 ῖδιαο

109 3849 310 3904 τούτου
368 3852 529 3923 χάριν
586 3854 896 3925 ὑπομνῆσαι
951 3854 1194 3917 θέλοντες
1273 3856 1400 3918 τοὺς
1462 3854 1690 3918 πολλοὺς

109 3945 534 4015 περιεργότεροι
557 3947 889 4016 ἐγενήθημεν
920 3946 979 3977 ¹³·
1007 3946 1140 4017 πρὸς
1163 3946 1223 3998 τὸ
1261 3947 1333 4017 μὴ
1370 3945 1690 3999 καταλιπεῖν

106 4048 237 4084 τινα
268 4036 435 4087 τόπον
460 4033 503 4065 ιδ
528 4037 640 4097 τοῖς
668 4035 908 4089 ἐθέλουσι
936 4036 1239 4089 πλανᾶσθαι
1269 4052 1284 4065 °
1303 4034 1689 4105 ἀπηνέχθημεν

104 4124 166 4177 δέ
214 4126 323 4180 οὑκ
378 4126 589 4195 ἀλόγως
631 4128 711 4191 εἷς
747 4146 868 4181 τινα
915 4128 1022 4181 τῶν
1081 4128 1272 4197 μάγων
1317 4126 1688 4199 ἀπόρρητα,ἀ

106 4216 256 4285 πρὸς
296 4215 396 4283 μέν
448 4215 511 4269 τὸ
569 4219 932 4286 προκείμενον
965 4218 1027 4270 οὑ
1087 4218 1229 4272 πάνυ
1281 4218 1558 4285 ἀναγκαῖα
1596 4215 1684 4287 ἦν,

103 4306 254 4375 πρὸς
282 4304 341 4358 δὲ
378 4305 438 4358 τὸ
470 4305 836 4374 φυλάσσεσθαι
864 4306 962 4378 τὴν
1013 4310 1121 4361 τῶν
1168 4308 1357 4378 μάγων
1383 4309 1688 4379 πανοῦργον

1790 3128 2020 3180 calorem
2058 3144 2179 3181 cum
2213 3128 2441 3197 arripuit
2473 3144 2595 3181 ccra
2626 3128 2896 3197 liquescit,
2918 3136 2979 3180 et
3005 3126 3075 3178 ita
3107 3123 3350 3178 cranium

1789 3221 2074 3275 evanuisse
2103 3224 2358 3275 creditur.

1859 3308 1947 3363 42.
2005 3310 2129 3363 Hmc
2170 3324 2444 3379 magorum
2478 3324 2641 3379 opera
2684 3319 2737 3364 et
2771 3309 2891 3362 talia
2920 3319 3195 3371 sexcenta,
3235 3322 3353 3373 qua)

1788 3405 2076 3454 verborum
2107 3401 2455 3470 congruentia
2484 3412 2538 3455 et
2565 3416 2685 3455 cum
2717 3404 2818 3454 tide
2844 3400 3105 3453 factorum
3130 3412 3349 3467 operum

1790 3495 1967 3560 Specie
2000 3495 2276 3547 deleniunt
2318 3492 2618 3561 imperitos.
2667 3491 2906 3558 Quorum
2944 3500 3113 3543 artem
3165 3488 3351 3541 obstu-

1791 3586 1981 3653 pefacti
2012 3585 2385 3638 hmresiarchze
2417 3582 2607 3635 imitati
2631 3592 2773 3647 sunt,
2797 3582 2988 3649 partim
3021 3581 3071 3633 in
3104 3580 3351 3635 abstruso

1790 3685 1844 3729 et
1874 3676 2109 3730 obscuro
2171 3678 2443 3729 tradentes
2493 3675 2709 3742 placita,
2757 3674 2951 3742 partim
2995 3673 3154 3727 etiam
3196 3687 3353 3725 exor-

1792 3777 1982 3821 nantes
2008 3776 2263 3835 tanquam
2299 3782 2414 3820 sua.
2446 3765 2614 3829 Quam
2638 3765 2706 3819 ob
2738 3780 2957 3817 causam
2989 3778 3092 3830 quo
3117 3776 3352 3816 commo-

1792 3857 2165 3911 nefaceremus
2209 3857 2402 3925 vulgus
2453 3856 2773 3910 laboriosius
2821 3857 2935 3909 haec
2981 3854 3350 3922 exposuimus,

1792 3964 1858 4001 ne
1896 3948 2059 4001 ullum
2110 3949 2535 4016 relinqueremus
2577 3948 2771 4010 locnm,
2821 3948 2863 4001 si
2897 3948 2985 4015 qui
3044 3946 3238 3997 vellent
3274 3962 3353 3997 se-

1791 4040 1934 4094 duci.
1976 4040 2145 4093 Delati
2178 4051 2356 4093 autem
2390 4055 2576 4093 sumus
2604 4055 2707 4091 non
2735 4040 3103 4107 imprudenter
3132 4037 3183 4088 in
3212 4052 3354 4103 quac-

1791 4128 1910 4181 dam
1944 4143 2221 4196 magorum
2246 4143 2463 4191 arcana,
2498 4143 2617 4196 quae
2648 4128 2699 4179 in
2733 4142 2846 4181 rem
2882 4126 3094 4193 quidem
3120 4140 3354 4193 praesen-

1794 4226 1900 4271 tem
1931 4234 2034 4271 non
2079 4219 2365 4271 admodum
2395 4218 2698 4272 necessaria
2747 4226 2921 4279 erant,
2956 4216 3020 4269 ad
3060 4216 3352 4269 cavendam

1792 4318 1970 4362 autem
2008 4324 2284 4378 magorum
2321 4308 2564 4363 fallacem
2605 4318 2658 4361 et
2702 4311 2935 4377 ineptam
2978 4317 3148 4359 artem
3204 4306 3353 4357 utilia

103 4397 207 4449 καὶ
253 4396 304 4427 ⁸⁸
357 4395 656 4451 ἀσύστατον
715 4397 909 4468 τέχνην
961 4396 1236 4471 εὔχρηστα
1297 4401 1575 4471 ἐνομίζετο
1622 4402 1686 4455 ¹⁶.

1801 4400 2134 4454 videbantur.
2184 4400 2472 4468 Postquam
2520 4401 2703 4469 igitur,
2769 4408 2827 4453 ut
2878 4400 3109 4463 videtur,
3157 4398 3353 4467 placita

103 4488 277 4542 Ἐπεὶ
332 4489 529 4555 τοίνυν,
569 4490 645 4553 ὡς
688 4491 905 4544 εἰκάσαι
937 4491 1073 4558 ἐστι,
1127 4492 1223 4554 τὰς
1281 4494 1499 4545 πάντων
1528 4492 1686 4557 δόξας

102 4576 453 4647 ἐξεθέμεθα,
506 4578 707 4648 πολλὴν
753 4582 1008 4651 φροντίδα
1062 4584 1382 4651 ποιήσαντες
1439 4582 1575 4653 πρὸς
1627 4581 1687 4635 τὸ

98 4666 440 4738 φανερῶσαι
499 4668 569 4721 τὰ
619 4670 697 4732 ὡς
750 4669 875 4734 ξένα
936 4672 1040 4725 ὑπὸ
1084 4673 1192 4725 τῶν
1222 4674 1263 4704 ¹⁷
1320 4674 1687 4744 αἱρεσιαρχῶν

96 4758 524 4829 ἐπεισαγόμενα
542 4763 678 4832 πρὸς
692 4762 766 4834 [p.
782 4764 868 4818 '76.
889 4764 977 4837 77]
996 4765 1306 4819 θεοσέϐειαν
1322 4766 1452 4819 ὄντα
1480 4766 1685 4835 μάταια

94 4852 205 4905 καὶ
220 4850 386 4915 νόθα,
402 4853 521 4906 οὑδέ
535 4856 590 4905 ἐν
606 4857 786 4919 αὑτοῖς
803 4855 930 4920 ἴσως
950 4858 992 4889 ¹⁸
1008 4858 1134 4922 ἄξια
1151 4858 1309 4925 λόγου
1325 4858 1682 4927 τυγχάνοντα,

94 4942 266 4995 δοκεῖ
318 4941 407 4995 διὰ
436 4945 698 5015 συντόμου
732 4946 890 5015 λόγου
930 4949 1343 5019 ὑπομνησθῆναι
1377 4951 1683 5017 κεφαλαιω-

90 5032 215 5098 δῶς
246 5033 324 5087 τά
347 5036 739 5106 προειρημένα.

174 5132 310 5198 μγ.
359 5126 499 5181 Πᾶσι
533 5130 642 5192 τοῖς
696 5130 833 5182 κατὰ
880 5132 977 5202 τὴν
1004 5130 1331 5201 οἰκουμένην
1380 5128 1690 5199 φιλοσόφοις

1793 4494 2165 4546 universorum
2213 4494 2585 4561 expowimus,
2618 4491 2782 4545 multa
2828 4491 3067 4544 adhibita
3105 4506 3234 4543 cura
3290 4489 3355 4542 ad

1797 4583 2173 4637 illustrandum
2197 4597 2315 4636 esse
2342 4599 2426 4647 ea,
2465 4600 2582 4649 qua:
2614 4593 2864 4651 tanquam
2900 4598 3031 4634 nova
3074 4583 3139 4632 ah
3182 4581 3356 4632 lrere-

1792 4673 2021 4727 siarchis
2048 4673 2255 4726 invecta
2282 4683 2425 4739 sunt,
2458 4689 2591 4727 vana
2622 4674 2687 4727 ad
2722 4674 2970 4741 pietatem
3009 4671 3357 4741 108-109

1794 4776 1849 4818 et
1880 4764 2179 4818 adulterina
2211 4780 2437 4832 qumque
2470 4781 2533 4818 ne
2560 4766 2698 4819 inter
2722 4767 2865 4835 ipsos
2892 4768 3104 4833 quidem
3129 4764 3356 4814 fortasse

1796 4857 1849 4910 in
1885 4857 2064 4926 aliquo
2094 4857 2295 4910 honore
2335 4856 2656 4920 habeantur,
2705 4859 2877 4923 placet
2927 4856 3071 4908 brevi
3109 4870 3357 4907 sermone

1798 4948 1848 5000 in
1878 4962 2048 5016 pauca
2082 4946 2330 5001 conferre
2358 4963 2474 5016 qua:
2506 4964 2664 5017 supra
2699 4947 2841 5001 dicta
2875 4957 3016 5000 sunt.

1870 5130 1960 5185 45.
1993 5130 2310 5202 Qulcunque
2345 5131 2543 5200 ubique
2570 5130 2648 5185 vel
2678 5128 2978 5199 philosophi
3006 5127 3086 5183 vel
3122 5128 3355 5198 theolOgi

1401 5284 1632 5339 VARl/E
1667 5283 2069 5341 LECTIONES.

200 5401 257 5434 ⁹⁹
300 5400 558 5470 παρέχειν
600 5400 662 5454 C.
738 5400 782 5432 θ’
814 5404 938 5463 τοῖς.
977 5402 1070 5455 καὶ
1103 5405 1216 5465 τοῖς
1240 5401 1300 5456 C.

91 5544 115 5573 ⁸
144 5540 360 5611 τρόπῳ
384 5541 515 5611 αὑτὸ
563 5542 659 5611 μέν
688 5556 797 5595 om.
828 5556 907 5611 pr.
942 5542 1002 5595 Ο.

92 5609 381 5679 margine
410 5609 543 5664 Cod.
567 5609 657 5663 Μ.

1392 5402 1436 5433 ⁸⁷
1462 5401 1494 5472 ἢ
1524 5402 1810 5472 ίππούρου.
1850 5400 2124 5472 ἱππούρου
2155 5398 2219 5453 C.
2278 5400 2342 5472 _”
2370 5400 2581 5468 κόμεως
2607 5400 2666 5452 C.
2754 5400 2803 5472 ’_’
2831 5397 2968 5472 Post
3008 5402 3357 5471 rrupoupévrv

92 5466 396 5528 nonnulla
423 5466 737 5525 eiciderunt
778 5470 845 5523 Μ.
929 5472 944 5502 ⁸
983 5472 1154 5524 δοκεῖν
1193 5472 1232 5524 C
1257 5512 1270 5529 .
1308 5470 1379 5525 Μ.
1446 5466 1787 5539 "mium-(3.
1839 5466 2057 5540 7§X$Xi8t
2086 5469 2146 5523 C.
2221 5472 2243 5500 δ
2272 5466 2455 5540 δριμεῖ
2490 5486 2597 5523 om.
2634 5486 2712 5533 pr.
2749 5468 2810 5521 C.
2902 5470 2921 5499 ⁸
2955 5466 3148 5521 λαλοῦν
3180 5466 3250 5525 C.
3287 5466 3317 5523 Ν

1113 5543 1132 5572 ⁷
1153 5541 1405 5604 ἐπίπλοος
1423 5542 1483 5595 C.
1560 5542 1582 5573 ⁸
1610 5541 1665 5593 δὲ
1690 5544 1809 5594 add.
1834 5539 1903 5592 M.

773 5611 813 5641 ¹¹
847 5610 988 5664 θέλει
1035 5612 1096 5668 C.
1176 5614 1217 5644 “
1260 5611 1583 5665 ἀξιοπίστων
1626 5612 1687 5666 C.

2902 5470 2921 5499 ⁸
2955 5466 3148 5521 λαλοῦν
3180 5466 3250 5525 C.
3287 5466 3355 5523 fil.

2227 5542 2358 5606 φασὶ
2390 5542 2451 5593 C.
2531 5540 2572 5610 ‘9
2607 5540 2670 5591 Ὃ
2701 5542 2927 5610 ἐπαν-
2972 5541 3250 5610 νομίζεται
3303 5546 3356 5593 tn

2400 5614 2440 5641 "
2473 5608 2670 5681 τρόπον
2696 5610 2770 5676 C,
2806 5609 2875 5663 Μ.
2957 5612 2997 5641 ιδ
3031 5608 3122 5665 καὶ
3164 5610 3259 5681 τὴν
3294 5613 3352 5665 tl.

1995 5542 2015 5571 ⁹
2048 5542 2201 5593 πᾶσι.

1790 5612 1830 5641 ¹³
1858 5609 2116 5695 εγεννὴοη
2130 5628 2227 5695 μεν
2255 5610 2316 5664 C.

92 5682 145 5713 “
183 5677 501 5748 ἐνομίζετο.
537 5678 739 5748 νομίζει
769 5679 829 5747 C,
864 5681 1064 5751 νομίζω
1095 5682 1162 5739 Μ,
1241 5682 1279 5713 "
1310 5682 1399 5736 ἐπ)⁸
1422 5682 1527 5734 τῶν
1557 5683 1615 5736 G.
1695 5682 1749 5713 “"
1770 5677 1916 5743 ἴσως.
1945 5677 2188 5741 οἴσειςζί.

3217 323 3356 386 3105
3462 322 3463 331 “
