3804 6220
457 310 598 378 3135.

1940 311 2306 371 ORIGENIS

3556 312 3694 378 3105

456 431 820 496 quxsiverunt
867 444 972 480 nou
1014 427 1306 480 concinnant
1350 427 1414 476 de
1459 425 1582 484 Deo,
1629 423 1754 492 quid
1821 425 1891 478 sit
1940 435 2020 477 aut

2133 427 2226 477 καὶ
2267 426 2538 495 θεολόγοις
2585 429 2884 501 ζητήσασιν
2927 431 2988 483 οὐ
3028 429 3367 500 συνεφώνησε
3419 432 3555 501 περὶ
3607 430 3694 483 τοῦ

459 521 656 588 qualis.
690 519 792 572 Alii
836 520 979 573 enim
1009 519 1200 572 dicunt
1227 533 1349 573 esse
1392 519 1592 585 ignem,
1634 517 1720 570 alii
1751 518 2024 585 spiritum,

459 610 548 662 alii
589 624 807 678 aquam,
863 608 952 661 alii
997 608 1232 676 denique
1284 617 1505 660 terram.
1561 605 1788 676 Singula
1844 616 2023 660 autem

465 703 732 755 elementa
779 701 956 771 aliqua
981 717 1047 754 ex
1088 712 1238 770 parte
1269 699 1544 763 deliciunt,
1587 699 1927 767 alterumque
1960 700 2026 754 ab

460 797 630 848 altero
651 806 959 863 superatur.
1001 794 1117 847 Hoc
1143 803 1323 846 autem
1370 791 1568 846 accidit
1599 791 1781 844 mundi
1813 791 2027 859 sapien-

468 887 633 949 tibus,
673 885 722 938 id
753 885 895 954 quod
924 882 1415 952 intelligentissimo
1446 882 1645 950 cuique
1676 881 2024 933 manifestum

467 983 569 1040 est,
615 983 672 1029 ut
712 977 1018 1045 conspectis
1068 975 1254 1030 mundi
1289 974 1690 1027 summitatibus
1738 973 1792 1026 in
1841 988 2022 1027 rerum

463 1079 654 1123 natura
691 1067 1164 1131 conturbarentur,
1195 1065 1400 1133 majora
1435 1065 1550 1119 inec
1585 1065 1830 1117 arbitrati
1858 1079 2021 1132 quam

459 1175 578 1224 quae
608 1159 674 1214 ab
701 1160 871 1213 altero
899 1159 1304 1227 generationem
1337 1157 1660 1226 reciperent,
1704 1169 1757 1210 et
1785 1173 1852 1210 ne
1887 1173 2022 1211 cou-

454 1256 696 1321 junctum
729 1251 942 1320 quidem
970 1252 1280 1305 universum
1322 1251 1492 1319 ipsum
1521 1265 1643 1304 esse
1692 1251 1881 1302 Deum.
1921 1250 2023 1303 De-

459 1344 800 1396 elaraverunt
861 1353 1038 1395 autem
1109 1342 1432 1411 principium
1482 1341 1738 1395 doctrinae
1795 1347 1862 1394 de
1915 1339 2023 1394 Deo

459 1450 618 1488 uuam
661 1449 843 1488 rerum
876 1434 992 1486 visu
1025 1443 1421 1502 perceptarum,
1478 1448 1600 1486 cum
1633 1434 1864 1500 quisque
1908 1442 2022 1486 sta-

459 1533 630 1576 tueret
654 1523 1012 1590 quodcunque
1039 1532 1297 1588 przcstare
1327 1521 1673 1586 opinabatur,
1703 1529 1757 1573 et
1791 1520 1864 1573 ita
1894 1535 2019 1573 cum

453 1613 639 1666 oculos
670 1612 919 1667 ﬁxissent
946 1613 996 1666 in
1031 1613 1118 1673 iis,
1147 1628 1266 1678 qua:
1299 1629 1328 1665 a
1360 1612 1469 1666 Deo
1501 1622 1681 1668 creata
1714 1623 1840 1666 sunt
1869 1627 2020 1679 qua:-

455 1720 561 1771 que
590 1705 654 1757 ad
688 1704 828 1758 illius
871 1713 1282 1771 exsuperantem
1336 1703 1755 1772 magnitudinem
1799 1704 2017 1756 minima

2127 517 2284 581 Θεοῦ,
2314 519 2368 570 τί
2401 520 2549 572 ἐστιν
2588 519 2622 590 ἢ
2653 521 2909 584 ποδαπός.
2939 522 3002 573 Ol
3049 522 3147 591 μὲν
3174 523 3281 592 γὰρ
3309 522 3468 574 αὐτὸν
3499 521 3692 588 λεγου-

2129 624 2214 660 σιν
2249 603 2387 661 εἶναι
2421 609 2552 680 πῦρ,
2584 611 2633 663 ot
2663 609 2719 662 δέ
2761 609 2998 680 πνεῦμα,
3048 613 3095 664 oi
3141 611 3196 663 δέ
3231 610 3394 676 ὕδωρ,
3426 611 3614 682 ἕτεροι
3643 611 3693 662 δὲ

2125 699 2251 768 γῆν.
2285 700 2551 754 Ἐκαστον
2569 701 2627 754 δέ
2650 701 2760 756 τῶν
2779 703 3060 772 στοιχείων
3079 703 3295 756 ἔλαττόν
3313 704 3354 734 ¹⁹
3378 721 3428 755 τι
3452 703 3568 771 ἔχει
3604 703 3692 753 καὶ

2126 791 2310 861 ἕτερον
2366 794 2470 846 ὑπὸ
2521 793 2614 847 τοῦ
2648 795 2836 863 ἐτέρου
2892 797 3139 865 ἡττᾶται.
3200 794 3366 847 Τοῦτο
3399 795 3454 847 δέ
3489 793 3688 863 συνέϐη

2123 884 2236 944 τοῖς
2269 881 2362 934 τοῦ
2393 884 2597 953 κόσμου
2631 887 2832 952 σοφοῖς,
2887 885 3024 955 ὅπερ
3055 885 3171 936 ἐστὶ
3202 888 3310 947 τοῖς
3348 884 3472 937 νοῦν
3506 884 3689 952 ἔχουσι

2125 974 2410 1044 πρόδηλον,
2442 976 2522 1028 ὃτι
2547 977 2592 1007 ³⁸
2620 977 2817 1039 ἰδόντες
2839 977 2937 1047 τῆς
2976 977 3206 1038 κτίσεως
3237 976 3304 1028 τά
3350 975 3560 1045 μεγέθη
3598 977 3687 1027 ἐπὶ

2122 1069 2189 1136 τῇ
2217 1065 2327 1118 τῶν
2365 1067 2534 1120 ὄντων
2587 1069 2745 1138 οὐσίᾳ
2783 1069 3184 1138 ἐταράχθησαν,
3241 1069 3458 1138 μείζονα
3517 1065 3691 1118 ταῦτα

2121 1161 2444 1231 νομίσαντες
2494 1162 2588 1215 τοῦ
2647 1163 2737 1230 ὑφ’
2807 1163 2994 1233 ἐτέρου
3067 1163 3276 1228 γένεσιν
3340 1160 3690 1226 ἐπιδέξασθαι

2121 1253 2400 1318 δύνασθαι,
2461 1256 2555 1307 καὶ
2584 1255 2705 1308 οὐδὲ
2747 1254 2882 1325 ὁμοῦ
2911 1255 2972 1308 τὸ
3013 1255 3232 1324 σύμπαν
3264 1255 3392 1306 αὐτὸ
3434 1249 3578 1306 εἶναι
3605 1253 3690 1304 τὶν

2121 1344 2274 1397 Θεόν.
2318 1344 2628 1415 Ἀπέφηναν
2665 1345 2722 1398 δέ
2751 1347 2812 1398 τὸ
2838 1347 2882 1376 ’ί
2930 1345 3103 1398 αίτιον
3144 1345 3278 1415 πρὸς
3325 1345 3608 1410 θεολογίαν
3637 1345 3689 1394 ἓν

2120 1433 2230 1486 τῶν
2266 1434 2636 1505 βλεπομένων,
2695 1436 2923 1506 νομίσας
2946 1439 2990 1468 ’⁸
3028 1455 3113 1500 τις
3150 1439 3285 1508 ὅπερ
3338 1437 3550 1506 ἔκρινε,
3602 1439 3692 1488 καὶ

2121 1525 2294 1589 οὕτως
2325 1528 2417 1579 ἐπὶ
2455 1531 2568 1590 τοῖς
2613 1527 2716 1581 ὑπὸ
2757 1529 2892 1582 Θεοῦ
2928 1530 3240 1600 γενομένοις
3287 1532 3381 1582 καὶ
3421 1530 3569 1582 κατὰ
3595 1530 3690 1597 τὴν

2122 1618 2333 1670 ἐκείνου
2394 1619 2840 1689 ὑπερϐάλλουσαν
2909 1621 3305 1692 μεγαλειότητα
3385 1621 3692 1690 ἐλαχίστοις

2123 1710 2456 1781 ὑπάρχουσιν
2483 1713 2763 1776 ἐνιδόντες,
2797 1713 2807 1784 |
2843 1717 2917 1783 μὴ
2933 1713 3252 1784 δυνηθέντες
3268 1714 3325 1766 δὲ
3348 1714 3429 1777 είς
3451 1715 3514 1765 τὸ
3533 1714 3688 1781 μέγε-

456 1805 697 1860 exstant,
729 1811 836 1850 non
888 1805 1110 1865 possent
1154 1806 1333 1850 autem
1364 1797 1416 1849 in
1452 1795 1878 1865 magnitudinem
1908 1797 2020 1849 veri

2125 1801 2215 1862 θος
2273 1801 2364 1854 τοῦ
2413 1801 2582 1864 ὅντως
2605 1801 2652 1833 ⁸³
2689 1802 2824 1855 Θεοῦ
2885 1805 3122 1855 ἐκτεῖναι
3169 1803 3262 1855 τὸν
3305 1802 3460 1868 νοῦν,
3517 1801 3690 1854 ταῦτα

459 1890 549 1942 Dei
579 1888 871 1942 extendere
914 1898 1168 1949 mentem,
1199 1890 1312 1941 hac
1361 1887 1414 1940 in
1464 1885 1555 1940 Dei
1585 1887 1758 1940 locum
1792 1885 2021 1941 suffece-

459 1991 602 2033 runt.
636 1979 812 2033 Persae
841 1989 1020 2033 autem
1058 1979 1304 2032 arbitrati
1353 1993 1411 2032 se
1450 1978 1502 2031 in
1539 1979 1838 2048 penetralia
1875 1978 2022 2032 veri-

457 2071 582 2126 tatis
611 2086 928 2140 progressos
959 2086 1098 2136 esse,
1132 2071 1386 2125 dicebant
1431 2070 1596 2123 Deum
1626 2070 2016 2136 esselucidum,

456 2169 627 2217 lucem
660 2165 714 2218 in
743 2179 870 2218 aere
897 2172 1229 2217 contentam.
1249 2161 1525 2231 Babylonii
1562 2175 1743 2217 autem
1770 2164 2021 2218 dicebant

455 2257 622 2309 Deum
663 2269 782 2309 esse
827 2254 1250 2318 tenebricosum,
1296 2253 1438 2320 quod
1481 2263 1535 2305 et
1583 2253 1756 2322 ipsum
1796 2253 2019 2308 alterius

456 2348 597 2402 illius
628 2361 964 2415 consequens
994 2348 1237 2408 videtur;
1270 2356 1479 2399 noctem
1503 2347 1644 2400 enim
1673 2345 2021 2415 subsequitur

453 2441 590 2503 «lies,
623 2438 762 2493 diem
791 2449 968 2492 autem
1021 2454 1147 2492 nox.
1184 2435 1422 2507 Egyptii
1463 2448 1641 2489 autem
1674 2438 1913 2490 omnium
1959 2453 2020 2492 se

451 2546 572 2584 esse
628 2530 1034 2598 antiquissimos
1088 2530 1189 2582 rati
1241 2531 1475 2582 divinam
1524 2531 1747 2584 vim.....
1793 2545 2016 2597 compu-

456 2629 632 2674 tantes
691 2621 787 2674 bas
835 2621 1120 2674 distantias
1171 2621 1402 2690 partium
1451 2636 1517 2674 ex
1586 2621 1769 2675 divino
1831 2621 2016 2675 afﬂatu

456 2712 708 2762 dixerunt
753 2708 919 2761 Deum
963 2726 1081 2764 esse
1116 2710 1397 2764 monadem
1446 2711 1724 2765 indivisam
1760 2722 1814 2764 et
1843 2713 2017 2780 ipsam

454 2806 624 2850 semet
682 2807 1057 2866 generantem,
1097 2815 1164 2852 ex
1223 2814 1398 2862 eaque
1454 2800 1633 2854 omnia
1683 2801 2014 2854 constitisse.

458 2889 580 2942 ll:cc
617 2889 783 2953 enim,
821 2890 1020 2960 inquit,
1053 2906 1175 2944 cum
1209 2891 1322 2958 ipsa
1367 2905 1473 2945 non
1509 2902 1762 2960 generata
1798 2893 1886 2958 sit,
1918 2909 2018 2946 nu-

463 2997 639 3036 meros
676 2981 929 3050 deinceps
961 2993 1205 3050 generat,
1236 2984 1394 3036 veluti
1430 2985 1492 3036 ad
1525 3000 1582 3038 se
1615 3001 1804 3039 monas
1833 3000 2018 3055 super-

454 3073 633 3126 addita
695 3081 921 3141 generat
979 3074 1202 3143 dyadem
1269 3083 1322 3126 et
1377 3073 1625 3129 similiter
1674 3075 2015 3143 superaddita

454 3173 674 3234 generat
700 3138 945 3218 ‘triadem
995 3138 1049 3218 et
1095 3167 1358 3218 tetradem
1409 3181 1580 3235 usque
1622 3167 1688 3220 ad
1739 3138 2015 3232 decadem,
2044 3138 2085 3196 Ο

455 3273 574 3327 quae
599 3257 816 3326 quidem
847 3257 1170 3326 principium
1200 3267 1252 3310 et
1277 3257 1400 3311 finis
1433 3273 1780 3312 numerorum
1809 3268 1909 3320 est.
1944 3260 2017 3312 ita

456 3359 510 3399 ut
541 3349 769 3403 exsistat
790 3349 962 3417 prima
999 3358 1053 3402 et
1084 3350 1290 3403 decima
1328 3365 1538 3415 monas,
1570 3361 1848 3419 propterea
1876 3352 2016 3420 quod

453 3441 613 3492 etiam
643 3439 806 3494 decas
823 3440 1066 3494 eamdem
1095 3450 1414 3508 potestatem
1439 3441 1600 3494 habet
1627 3449 1681 3493 et
1708 3450 2021 3495 numeratur

457 3547 552 3599 pro
581 3531 830 3595 monade,
859 3541 912 3586 et
947 3533 1060 3586 baac
1082 3532 1258 3586 decies
1281 3542 1490 3599 sumpta
1505 3533 2020 3588 evadetbecatontas

455 3635 510 3676 et
552 3638 741 3676 rursus
775 3622 835 3675 ﬁt
883 3637 1094 3685 monas,
1138 3633 1191 3676 et
1237 3623 1553 3676 hecalontas
1589 3623 1768 3677 decies
1806 3635 2018 3692 sumpta

458 3715 614 3768 faciet
661 3715 945 3769 chiliadcm
995 3725 1050 3768 et
1093 3715 1205 3768 haec
1251 3716 1355 3767 erit
1389 3729 1598 3769 mon-as.
1651 3714 1727 3768 lta
1758 3723 1813 3770 et
1855 3714 2018 3768 millia

456 3809 633 3862 decies
667 3816 878 3877 sumpta
929 3806 1272 3875 110-111
1330 3821 1450 3859 cum
1500 3816 1749 3860 accurate
1796 3805 2020 3860 reddent

460 3900 780 3969 myriadem,
819 3898 1069 3952 similiter
1114 3907 1274 3951 erunt
1307 3908 1514 3952 tnonas.
1549 3895 1792 3951 Monadis
1839 3907 2018 3950 autem

462 4006 557 4056 per
609 3989 961 4042 indivisorutn
1012 3988 1472 4055 comparationem
1528 3987 1742 4058 cognati
1808 3985 2018 4041 numeri

460 4081 1038 4150 comprehenduntur:
1094 4080 1148 4143 5,
1193 4079 1248 4142 5,
1299 4079 1350 4142 7,
1390 4080 1443 4133 9.
1492 4079 1589 4132 Est
1637 4088 1816 4132 autem
1857 4081 2022 4132 etiam

463 4174 601 4227 alius
646 4173 853 4225 numeri
902 4171 1150 4239 cOguatio
1195 4171 1259 4223 ad
1299 4171 1578 4223 tunuadem
1613 4169 1907 4224 naturalior
1933 4183 2017 4224 se-

464 4263 698 4316 cundum
729 4261 1043 4329 sextuplicis
1076 4260 1224 4314 orbis
1257 4260 1543 4320 rationem,
1573 4258 1781 4328 dyadis,
1825 4273 2021 4312 secun-

462 4356 586 4407 dum
613 4352 857 4420 parilium
889 4352 1185 4420 posituram
1214 4365 1559 4403 numerorum
1585 4357 1639 4403 et
1673 4349 2018 4403 divisionem.

2124 1893 2508 1964 ἐθεολόγησαν.
2545 1896 2607 1947 Οἱ
2633 1894 2691 1947 δέ
2724 1894 2982 1966 ἐνδοτέρω
3010 1897 3109 1964 τῆς
3136 1894 3388 1964 ἀληθείας
3437 1893 3692 1962 νομίσαν-

2121 2002 2211 2048 τες
2235 1987 2516 2054 γεγονέναι
2549 1987 2754 2057 Πέρσαι
2791 1987 2999 2056 ἔφασαν
3036 1987 3125 2040 τὸν
3156 1987 3286 2039 Θεὸν
3318 1981 3460 2039 εἶναι
3493 2002 3691 2052 φωτει-

2122 2074 2231 2138 νὸν,
2285 2075 2400 2144 φῶς
2429 2077 2487 2128 ἐν
2536 2077 2658 2147 ἀέρι
2713 2076 3091 2146 συνεχόμενον.
3145 2077 3206 2127 Οἱ
3250 2074 3306 2127 δὲ
3355 2071 3690 2125 Βαϐυλώνιοι

2121 2165 2330 2234 ἔφασαν
2363 2168 2454 2220 τὸν
2486 2168 2618 2221 Θεὸν
2667 2167 2941 2222 σκοτεινὸν
3000 2163 3163 2231 εἶναι,
3190 2167 3327 2236 ὅπερ
3369 2166 3467 2218 καὶ
3492 2164 3626 2217 αὐτὸ
3647 2165 3688 2194 ’⁸

2118 2259 2212 2312 τοῦ
2256 2259 2442 2330 ἐτέρου
2503 2261 2929 2329 ἐπακολούθημα
2987 2259 3271 2328 φαίνεταιο
3347 2257 3509 2310 νυκτὶ
3585 2256 3688 2324 γὰρ

2119 2350 2472 2404 ἐπακολουθεῖ
2509 2351 2712 2422 ἡμέρᾳ,
2742 2353 2807 2421 τῇ
2837 2351 2894 2402 δέ
2931 2351 3113 2421 ἡμέρᾳ
3145 2349 3260 2414 νύξ.
3294 2348 3591 2416 Αἰγύπτιοι
3635 2347 3686 2397 δὲ

2120 2441 2338 2494 πάντων
2359 2442 2703 2512 ἀρχαιότεροι
2737 2438 2875 2494 εἶναι
2908 2440 3219 2510 νομίζοντες
3260 2439 3358 2509 τὴν
3408 2437 3507 2490 τοῦ
3557 2436 3686 2488 Θεοῦ

2141 2532 2372 2602 δύναμιν
2399 2535 2560 2588 ²⁵.....
2596 2532 2932 2602 ψηφίσαντες
2967 2533 3095 2585 τάδε
3142 2531 3492 2599 διαστήματα
3512 2529 3561 2559 ’⁸
3586 2529 3688 2580 τῶν

2124 2625 2333 2695 μοιρῶν
2363 2627 2408 2657 ¹⁷
2439 2625 2498 2691 ἐξ
2525 2625 2812 2687 ἐπιπνοίας
2830 2624 2877 2656 ’⁸
2901 2623 3182 2692 θειοτάτης
3216 2622 3424 2690 ἔφασαν
3457 2621 3547 2673 τὸν
3563 2621 3687 2673 Θεὸν

2120 2713 2258 2768 εἶναι
2298 2719 2500 2785 μονάδα
2534 2717 2840 2788 ἀδιαίρετον
2868 2716 2962 2769 καὶ
2988 2716 3155 2787 αὐτὴν
3183 2715 3379 2781 ἑαυτὴν
3411 2713 3689 2780 γεννῶσαν

2121 2804 2214 2856 καὶ
2244 2803 2303 2867 ἐξ
2330 2805 2500 2873 αὐτῆς
2538 2805 2611 2858 τὰ
2659 2805 2838 2858 πάντα
2881 2803 3346 2856 κατεσκευάσθαιο
3394 2802 3541 2869 αῦτη
3566 2803 3687 2867 γὰρ,

2124 2895 2287 2964 φησιν
2308 2896 2374 2961 ¹⁹,
2407 2894 2700 2965 άγέννητος
2723 2891 2857 2947 οῦσα
2888 2896 3012 2956 τοὺς
3049 2894 3173 2962 ἐξῆς
3195 2893 3471 2962 ἀριθμοὺς
3502 2893 3684 2960 γεννᾷ,

2119 2983 2231 3040 οἷον
2285 2987 2371 3056 ἐφ’
2407 2986 2605 3057 ἑαυτὴν
2659 2989 2692 3055 ἡ
2747 2986 2913 3056 μονὰς
2966 2983 3422 3054 ἐπιπροστεθεῖσα
3442 2983 3490 3014 ⁸⁸
3531 2984 3687 3052 γεννᾷ

2120 3077 2218 3148 τὴν
2254 3075 2419 3129 δυάδα
2452 3075 2544 3128 καὶ
2603 3073 2804 3145 ὁμοίως
2850 3071 3348 3144 ἐπιπροστιθεμένη
3383 3075 3558 3141 γεννᾷ
3599 3072 3686 3139 τὴν

2118 3170 2310 3239 τριάδα
2340 3171 2435 3220 καὶ
2464 3168 2698 3237 τετράδα
2729 3166 2892 3236 μέχρι
2922 3168 3020 3235 τῆς
3049 3165 3286 3228 δεκάδος,
3313 3166 3440 3232 ἥτις
3481 3164 3623 3234 ἀρχὴ
3649 3164 3684 3194 ¹¹

2119 3263 2214 3314 καὶ
2245 3262 2306 3314 τὸ
2335 3261 2487 3324 τέλος
2515 3261 2625 3314 τῶν
2657 3258 2928 3329 ἀριθμῶν,
2960 3259 3046 3310 ῖνα
3094 3258 3318 3327 γένηται
3379 3257 3581 3324 πρώτη
3606 3256 3689 3307 καὶ

2118 3355 2318 3424 δεκάτη
2350 3355 2381 3423 ἡ
2438 3351 2606 3422 μονὰς
2631 3351 2719 3404 διὰ
2749 3351 2810 3403 τὸ
2854 3351 2949 3403 κα)⁸
2987 3350 3081 3419 τὴν
3120 3347 3316 3400 δεκάδα
3355 3347 3689 3415 ἰσοδυναμεῖν

2119 3447 2211 3498 καὶ
2241 3443 2594 3514 ἀριθμεῖσθαι
2623 3445 2701 3507 είς
2737 3442 2962 3513 μονάδα,
2993 3441 3087 3492 καὶ
3135 3439 3276 3508 αῦτη
3319 3439 3690 3491 δεκαπλάσιαο

2122 3537 2310 3588 σθεῖσα
2359 3536 2582 3604 γένηται
2644 3533 2937 3595 ἐκατοντάς
2957 3533 3034 3563 ³³·
3088 3530 3183 3582 καὶ
3257 3528 3425 3581 πάλιν
3483 3529 3686 3595 γίνεται

2121 3627 2311 3696 μονὰς,
2336 3627 2429 3679 καὶ
2453 3628 2486 3696 ἡ
2521 3625 2812 3687 ἐκατοντὰς
2835 3619 3366 3676 δεκαπλασιασθεῖσα
3413 3620 3631 3690 ποιήσει
3649 3617 3690 3648 ⁸³

2119 3717 2353 3787 χιλιάδα,
2414 3717 2510 3770 κα)⁵
2591 3715 2731 3786 αὕτη
2817 3715 2970 3768 ἐσται
3053 3713 3255 3782 μονάς·
3341 3711 3526 3773 οὕτως
3605 3707 3691 3762 καὶ

2123 3809 2198 3882 [βο
2235 3809 2300 3864 77
2341 3835 2413 3849 -
2459 3806 2578 3879 79.]
2627 3808 2695 3861 τὰ
2745 3807 2888 3877 χίλια
2911 3802 3454 3859 δεκαπλασιασθέντα
3481 3802 3549 3854 ἂν
3575 3799 3684 3832 ³δο²⁶

2121 3901 2465 3970 ἀπαρτίσωσι
2494 3901 2595 3970 τὴν
2637 3899 2896 3970 μυριάδα,
2941 3898 3139 3967 ὁμοίως
3175 3896 3329 3948 ἐσται
3363 3895 3562 3965 μονάς.
3593 3893 3691 3958 Τῆς

2120 3992 2176 4046 δὲ
2219 3993 2444 4062 μονάδος
2470 3992 2611 4046 κατὰ
2640 3992 2737 4062 τὴν
2765 3989 3068 4059 ἀδιαίρετον
3093 3987 3379 4057 σύγκρισιν
3409 3992 3691 4054 συγγενεῖς

2119 4083 2345 4152 ἀριθμοὶ
2391 4082 2912 4153 παραλαμϐάνονται
2944 4087 2994 4149 γ’
3042 4087 3083 4132 ε’
3118 4078 3250 4142 ('0'.
3291 4080 3453 4132 Ἔστι
3501 4079 3560 4131 δὲ
3607 4077 3692 4130 καὶ

2121 4175 2308 4244 ἐτέρου
2356 4173 2594 4244 ἀριθμοῦ
2643 4173 2936 4241 συγγένεια
2987 4171 3124 4242 πρὸς
3155 4171 3254 4240 τὴν
3293 4171 3508 4239 μονάδα
3549 4186 3694 4236 φυτι-

2122 4265 2340 4335 κωτέρα
2372 4264 2514 4318 κατὰ
2537 4264 2635 4334 τὴν
2682 4264 2775 4318 τοῦ
2811 4263 3110 4328 ἐξακύκλου
3151 4262 3326 4322 ’έλικος
3349 4261 3393 4292 ’τ
3437 4277 3692 4331 πραγμα-

2121 4357 2294 4419 τείαν,
2322 4357 2420 4425 τῆς
2465 4354 2656 4416 δυάδος
2707 4353 2847 4406 κατὰ
2877 4353 2974 4421 τὴν
3023 4351 3208 4423 ἄρτιον
3243 4350 3391 4402 θέσιν
3436 4351 3552 4402 τῶν
3581 4351 3694 4418 άρι-

458 4443 730 4512 Cognatus
765 4452 945 4496 autem
971 4450 1055 4496 est
1101 4457 1358 4495 numerus
1383 4443 1416 4495 4
1444 4450 1496 4494 et
1520 4441 1573 4494 8.
1608 4437 1734 4492 Hmc
1756 4451 1957 4494 autem.
2004 4478 2019 4493 .

2127 4447 2279 4515 θμῶν
2339 4447 2433 4499 καὶ
2485 4445 2771 4515 διαίρεσιν,
2817 4444 3091 4511 Συγγενὴς
3127 4443 3182 4494 δὲ
3223 4443 3251 4493 ὁ
3309 4440 3552 4510 ἀριθμός
3591 4442 3694 4492 ἐστι

463 4573 477 4586 .
524 4574 536 4586 .
581 4569 597 4586 .
635 4571 651 4587 .
693 4571 706 4582 .
751 4571 767 4586 .
812 4573 825 4586 .
871 4573 885 4586 .
927 4568 942 4586 .
984 4572 1000 4587 .
1045 4573 1060 4587 .
1106 4571 1120 4585 .
1165 4571 1179 4584 .
1223 4569 1237 4584 .
1272 4545 1554 4599 progressa
1596 4539 1724 4585 sunt
1761 4545 1929 4598 usque
1952 4530 2020 4585 ad

463 4635 696 4694 quatuor
759 4626 1025 4679 elementa
1055 4663 1070 4689 ,
1126 4627 1246 4678 dico
1297 4636 1472 4676 autem
1520 4623 1740 4692 spiritus
1783 4630 1836 4676 et
1883 4624 2024 4693 ignis

463 4733 721 4788 aquaque
751 4728 806 4772 et
842 4727 1020 4780 terrae,
1070 4731 1136 4769 ex
1166 4716 1360 4784 quibus
1408 4729 1459 4768 et
1494 4714 1727 4769 confecit
1767 4717 2020 4768 mundum

463 4823 516 4864 et
543 4811 1102 4866 masculo-femineum
1153 4824 1274 4862 eum
1311 4811 1617 4872 adornavit,
1665 4819 1721 4862 et
1767 4809 1874 4862 duo
1905 4809 2026 4874 qui—

463 4907 584 4957 dem
619 4904 894 4959 elementa
941 4904 1006 4956 ad
1037 4902 1284 4969 superius
1323 4902 1760 4970 hemisphaerium
1789 4901 2024 4955 destina-

466 4997 590 5051 vit:
650 4996 900 5065 spiritum
952 4996 1270 5064 ignemque,
1323 5002 1377 5045 et
1421 5003 1645 5048 vocatur
1693 4992 1794 5046 hoc
1842 4990 2028 5059 gliemi-

2127 4537 2222 4589 τοῦ
2249 4537 2287 4589 δ’
2315 4538 2406 4590 καὶ
2431 4543 2501 4606 η’.
2553 4535 2737 4587 Ταῦτα
2782 4535 2838 4587 δέ
2877 4536 2942 4586 ἐκ
2987 4534 3086 4603 τῆς
3127 4532 3350 4602 μονάδος
3391 4531 3636 4600 ἀριθμὸν
3654 4530 3695 4560 ⁸⁵

2129 4628 2360 4682 λαϐόντα
2417 4628 2673 4698 πρόνοιαν
2718 4627 2915 4696 ἀρετῆς
2955 4628 3198 4696 ἐχώρησε
3221 4625 3266 4655 ³⁸
3300 4623 3469 4692 μέχρι
3525 4624 3632 4675 τῶν
3662 4622 3695 4673 δ’

2132 4719 2432 4788 στοιχείων,
2468 4718 2608 4785 λέγω
2633 4717 2696 4788 δὴ
2717 4717 2812 4770 τοῦ
2843 4716 3149 4787 πνεύματος
3175 4716 3269 4769 καὶ
3297 4714 3476 4783 πυρὸς
3518 4713 3698 4773 ὕδατός

2130 4827 2191 4861 τε
2221 4809 2316 4862 καὶ
2361 4809 2501 4878 γῆς’
2553 4809 2649 4860 καὶ
2689 4809 2754 4860 ἐκ
2803 4807 3004 4861 τούτων
3034 4807 3264 4876 ποιήσας
3292 4804 3337 4834 ³⁰
3361 4803 3456 4855 τὸν
3506 4805 3697 4872 κόσμον

2131 4901 2500 4973 ἀρῤενόθη).υν
2541 4900 2701 4953 αὐτὸν
2737 4899 3127 4960 κατεσκεύασε,
3163 4897 3258 4950 καὶ
3291 4895 3383 4948 δύο
3418 4896 3530 4964 μὲν
3568 4912 3696 4946 στοι-

2135 4995 2256 5061 χεῖα
2277 4994 2354 5054 εἰς
2371 4992 2430 5044 τὸ
2453 4992 2565 5044 άνω
2588 4991 2943 5062 ἡμισφαίριον
2971 4987 3264 5058 προσέταξε
3289 4988 3349 5040 τό
3377 5003 3439 5039 τε
3486 4987 3698 5056 πνεῦμα

1742 5144 1976 5200 VARUS
2010 5143 2302 5200 LECTION
2312 5143 2415 5203 ES.

574 5294 616 5326 ¹⁹
645 5291 852 5346 ἐλάττω
877 5291 938 5344 C.
1049 5290 1094 5320 ¹⁰
1121 5291 1202 5342 ὅτι
1255 5287 1551 5354 Roepcrus,
1581 5284 1629 5337 οἳ
1661 5283 1721 5346 C,
1757 5285 1825 5337 M.

467 5427 705 5493 Scottus.
735 5430 908 5484 ταῦτα
930 5431 993 5490 C,
1021 5429 1153 5482 αὐτὸ
1181 5427 1250 5480 Μ.

473 5571 571 5624 κᾶν
592 5574 624 5638 ἡ
649 5570 940 5631 ἐκατοντὰς
963 5568 1023 5625 C.
1049 5567 1118 5638 Μ,
1194 5567 1240 5638 ³,³

474 5631 800 5701 κλου’ἓλικος
842 5639 910 5701 Μ,
938 5639 1031 5691 τοῦ
1063 5636 1358 5700 ἐξακύκλου
1386 5631 1572 5686 ύλικοῦ
1609 5633 1907 5686 Bunsenius
1959 5631 1996 5690 Ι,
2043 5631 2126 5684 77.

479 5725 592 5778 ρισε
626 5709 918 5778 ltueperts.
987 5709 1028 5740 ³ο
1057 5710 1118 5760 ἐκ
1147 5705 1348 5760 τούτων
1379 5702 1451 5775 [ὁ]
1480 5704 1706 5772 ποιήσας
1738 5718 1884 5770 θυεμ.
1918 5701 1984 5755 Μ.

1931 5283 1974 5313 ¹¹
2006 5283 2290 5352 ἀπέφηναν
2335 5284 2391 5337 δέ
2436 5284 2515 5337 τό.
2565 5284 2910 5352 ἀπεφήναντο
2937 5281 2998 5344 C,
3047 5282 3113 5333 M.

466 5366 695 5433 νομίσας
718 5364 780 5426 C,
817 5361 887 5425 M,
920 5360 1011 5428 qui
1054 5369 1205 5425 putat
1249 5351 1505 5410 omissum
1538 5369 1659 5408 esse
1709 5355 1938 5415 ἕκαστος
1969 5362 2090 5420 post
2121 5351 2201 5407 vel
2233 5363 2357 5408 ante
2393 5355 2638 5422 νομίσας.
2717 5352 2763 5383 ’³
2810 5352 2962 5414 ὄντος
3007 5366 3089 5419 pr.
3121 5351 3184 5406 C.

467 5437 705 5493 Scottus.
735 5430 908 5484 ταῦτα
930 5431 993 5490 C,
1021 5429 1153 5482 αὐτὸ
1181 5427 1250 5480 Μ.
1328 5429 1370 5457 ³⁵
1410 5425 1534 5478 Post
1581 5424 1809 5494 δύναμιν
1832 5423 2252 5494 sigua_lacun:e
2314 5427 2606 5490 posuimus.
2635 5423 2732 5494 _"
2760 5422 2829 5494 τά
2856 5439 2930 5494 τεΔ
2958 5421 3132 5494 διαστ.
3183 5469 3184 5473 η

470 5503 515 5534 ’⁸
537 5491 776 5565 ἐπινοίας
804 5501 866 5561 C,
903 5500 971 5556 M.
1047 5500 1090 5529 ”
1119 5497 1318 5566 φασινῖ
1351 5495 1412 5548 Μ.
1494 5495 1539 5525 ³⁰
1581 5491 1974 5562 ἐπιπροσθεῖσα
1999 5491 2062 5545 C.
2140 5494 2182 5523 ³¹
2214 5495 2247 5564 ἡ
2277 5494 2418 5575 ἀρχη
2455 5495 2597 5547 coni.
2634 5491 2703 5546 Μ.
2784 5491 2826 5522 ³¹
2852 5491 2943 5543 καὶ
2977 5492 3008 5558 ἡ
3055 5491 3346 5553 ἐκατοντᾶς
3391 5491 3694 5555 Ruepems.

473 5571 571 5624 κάν
592 5574 624 5630 ἡ
649 5570 940 5630 ἐκατοντάς
963 5568 1023 5625 C.
1049 5567 1118 5622 Μ.
1194 5567 1240 5597 ³³
1273 5567 1469 5630 ποιήσῃ
1509 5563 1578 5616 Μ.
1653 5565 1769 5595 ³⁵³⁸
1799 5563 1865 5615 ἂν
1893 5576 2002 5615 om.
2023 5561 2083 5614 C.
2109 5561 2294 5618 lacuna
2325 5565 2508 5616 relicta
2534 5561 2600 5616 Μ.
2676 5562 2720 5594 ’⁷
2741 5561 2834 5613 τοῦ
2861 5559 3153 5625 ἐξακύκλου
3178 5561 3356 5624 ἕλικος
3381 5561 3486 5630 τῆς
3517 5563 3698 5629 eam-

3226 5285 3267 5314 ’ί
3302 5283 3546 5349 νομίσας
3603 5302 3700 5346 τις.

3262 5353 3306 5382 ’⁵
3334 5352 3473 5405 αύτδ
3509 5355 3603 5408 τοῦ
3641 5354 3700 5406 R-

2688 5423 2732 5453 ’⁸
2760 5422 2829 5474 τά
2856 5439 2913 5473 τε
2958 5421 3132 5475 διαστ.
3183 5422 3251 5475 Μ.
3331 5423 3620 5491 ’τᾲμυρὼν
3647 5426 3698 5474 (ὲ.

3055 5491 3346 5553 ἐκατοντᾶς
3391 5489 3694 5555 Ηυέρετιιέ.

2205 5633 2248 5665 ’³
2279 5633 2528 5703 ἀριθμόν.
2563 5630 2794 5702 ἀριθμοῦ
2839 5629 2925 5685 vel
2954 5630 3128 5700 ἀρχὴν
3171 5648 3314 5700 susp.
3352 5629 3445 5684 Μ.
3497 5634 3544 5662 ’³
3579 5635 3698 5702 ἐχειρο
