3804 6220
144 307 267 372 3107

1231 306 1530 368 CONTRA
1565 307 1929 369 HERESES
1963 309 2110 368 LIB.
2151 294 2249 370 [ν.

3229 304 3370 369 3108

149 437 236 472 και
262 432 313 469 το
338 414 467 486 πῦρ,
493 414 586 469 καὶ
612 414 854 469 καλεῖται
876 413 1031 469 τοῦτο
1051 413 1113 469 τὸ
1142 415 1501 488 ἡμισφαίριον
1529 416 1574 452 ³⁸
1596 416 1695 483 τῆς

1816 415 2058 471 ὠιετὶυῐη
2099 414 2343 469 monadis
2368 413 2778 483 bcnelicumque
2812 422 2868 468 et
2893 426 3107 467 sursum
3138 427 3370 480 vergens

152 510 354 580 μονάδος
390 509 719 578 ἀγαθοποιόν
770 527 831 564 τε
866 511 960 563 καὶ
1012 512 1288 581 ἀνωφερὲς
1334 511 1427 564 καὶ
1472 511 1694 582 ἀρσενι-

149 602 237 654 xiv
263 617 276 631 ·
300 601 635 672 λεπτομερὴς
674 600 782 671 γὰρ
814 598 947 654 οὖσα
974 604 1007 672 ἡ
1055 601 1223 672 μονὰς
1265 604 1492 655 ποτᾶται
1529 605 1608 666 είς
1634 604 1696 654 τὸ

149 691 456 744 λεπτότατον
516 693 682 762 μέρος
715 694 805 745 καὶ
846 693 1233 765 καθαρώτατον
1285 694 1378 748 τοῦ
1437 694 1691 767 αἰθέρος·

147 784 214 835 τά
237 801 287 835 τε
314 784 443 835 ἄλλα
472 784 563 836 δύο
585 788 819 854 στοιχεῖα
839 784 970 838 ὅντα
998 785 1282 856 παχύτερα
1304 786 1597 857 ἀπένειμεν
1629 790 1695 857 τῇ

148 875 307 941 δυάδι,
346 875 448 944 γῆν
505 892 563 926 τε
602 876 697 927 καὶ
753 875 917 946 ὕδωρ,
975 877 1067 929 καὶ
1120 877 1362 931 καλεῖται
1432 877 1589 931 τοῦτο
1638 879 1698 931 τὸ

149 966 491 1037 ἡμισφαίριον
526 967 841 1037 κατωφερὲς
870 968 1101 1038 θηλυκόν
1144 986 1202 1021 τε
1239 970 1332 1023 καὶ
1358 971 1652 1024 κακοποιόν
1680 989 1694 1003 ·

149 1058 240 1111 καὶ
268 1057 396 1111 αὑτά
440 1058 496 1110 δὲ
548 1057 710 1110 πάλιν
763 1058 835 1111 τὰ
870 1059 981 1113 ἄνω
1031 1058 1124 1111 δύο
1177 1064 1415 1130 στοιχεῖα
1469 1063 1685 1125 ἑαυτοῖς

154 1148 539 1217 συγκρινόμενα
581 1148 794 1218 ἔχουσιν
840 1149 898 1201 ὲν
938 1150 1148 1213 ἑαυτοῖς
1195 1150 1256 1204 τὸ
1305 1150 1471 1221 ἄρρεν
1517 1153 1611 1205 καί
1639 1153 1699 1205 τὸ

150 1239 278 1309 θῆλυ
309 1240 437 1308 πρὸς
479 1240 785 1310 εὐκαρπίαν
843 1241 937 1293 καὶ
981 1238 1207 1312 αὔξησιν
1261 1242 1369 1294 τῶν
1398 1242 1553 1297 ὅλων.
1589 1243 1701 1296 Καὶ

148 1332 209 1384 τὸ
260 1332 350 1399 μὲν
398 1331 508 1401 πῦρ
558 1333 725 1402 ἄρρεν
802 1331 947 1396 ἐστὶ,
1007 1332 1067 1385 τὺ
1122 1331 1181 1385 δὲ
1246 1332 1465 1402 πνεῦμα
1521 1334 1697 1402 θῆλυ·

149 1422 240 1475 καὶ
270 1422 424 1476 πάλιν
451 1424 511 1475 τὸ
539 1421 683 1493 ὕδωρ
725 1423 893 1494 ἀρῤεν
915 1425 1083 1487 ἐστὶν,
1123 1426 1157 1495 ή
1205 1424 1261 1477 δὲ
1295 1425 1367 1494 γῆ
1404 1424 1560 1494 θῆλυ.
1590 1425 1701 1479 Καὶ¹

148 1512 313 1576 οὕτως
343 1514 435 1566 ἀπ’
465 1514 637 1583 ἀρχῆς
670 1514 959 1566 συνεϐίωσε
986 1513 1045 1566 τὸ
1066 1514 1176 1585 πῦρ
1203 1514 1279 1585 τῷ
1311 1515 1603 1584 πνεύματι,
1632 1519 1698 1586 τῇ

146 1604 205 1657 δὲ
240 1606 303 1674 γῇ
337 1604 395 1657 τὸ
429 1603 591 1676 ὕδωρ.
629 1606 841 1675 Ὠσπερ
874 1606 982 1673 γὰρ
1010 1605 1237 1677 δύναμις
1263 1606 1357 1660 τοῦ
1389 1607 1701 1678 πνεύματος

147 1697 263 1748 ἐστὶ
295 1697 352 1749 τὸ
393 1696 527 1766 πῦρ,
583 1697 756 1761 οὑτως
786 1700 880 1752 καὶ
910 1701 1009 1769 τῆς
1059 1700 1164 1769 γῆς
1194 1699 1256 1752 τὸ
1304 1700 1446 1771 ὕδωρ
1474 1702 1539 1757 ³¹.
1576 1739 1591 1754 .
1630 1742 1643 1756 .
1684 1742 1699 1757 .

1802 515 1856 560 et
1884 507 2242 561 masculinum
2272 523 2286 571 ;
2326 520 2445 559 cum
2479 505 2623 557 enim
2661 504 2807 557 tenui
2840 514 3035 557 natura
3064 505 3134 559 sit
3160 521 3367 568 ntonas,

1800 597 2021 652 effertur
2052 599 2101 650 in
2130 598 2499 650 tenuissimam
2524 604 2579 649 et
2600 596 2943 664 purissimam
2973 603 3181 664 partem
3207 596 3384 648 :ctbe~-

1802 693 1917 755 ris;
1975 690 2288 758 reliquaque
2320 689 2425 742 duo
2467 686 2760 751 elementa,
2786 704 2904 754 qua:
2939 700 3064 740 sunt
3098 687 3368 749 densiora,

1803 782 2049 836 attribuit
2098 783 2297 853 dyadi:
2342 789 2656 847 terramque
2689 790 2744 831 et
2790 795 3011 846 aquam,
3052 790 3105 830 et
3153 789 3373 830 voratur

1809 874 1911 927 hoc
1949 872 2383 940 hemisphaerium
2417 872 2669 924 deorsum
2699 883 2926 939 vergens
2972 868 3373 936 femineumque

1803 974 1859 1019 et
1908 964 2232 1017 maleficum.
2278 963 2343 1017 Et
2373 965 2486 1032 ipsa
2529 976 2656 1015 vero
2708 976 2896 1014 rursus
2942 965 3220 1028 superiora
3269 961 3375 1013 duo

1803 1052 2068 1110 elementa
2089 1055 2228 1109 inter
2257 1069 2314 1108 se
2339 1064 2649 1123 comparata
2682 1053 2881 1105 habent
2909 1053 2958 1103 iu
2994 1066 3053 1104 se
3080 1050 3372 1104 masculum

1803 1160 1856 1201 et
1891 1147 2177 1202 femineum
2213 1147 2278 1200 ad
2311 1146 2647 1200 fertilitatem
2684 1154 2738 1197 et
2780 1144 3112 1197 incrementa
3148 1144 3374 1196 univer-

1804 1254 2009 1292 sorum.
2048 1238 2113 1292 Et
2145 1238 2285 1307 ignis
2313 1238 2531 1307 quidem
2565 1235 2863 1290 masculum
2895 1244 2998 1299 est,
3032 1234 3251 1303 spiritus
3283 1250 3379 1288 au-

1808 1342 1909 1386 tem
1944 1331 2256 1395 femineum,
2285 1341 2339 1387 et
2366 1345 2556 1385 rursus
2589 1345 2727 1400 aqua
2759 1327 3055 1383 masculum
3084 1336 3189 1390 est,
3233 1338 3374 1381 terra

1806 1436 1984 1477 autem
2021 1422 2338 1477 femineum.
2375 1423 2439 1476 Et
2466 1422 2540 1476 ita
2576 1436 2605 1475 a
2632 1420 2900 1489 principio
2923 1418 3203 1473 consuevit
3233 1417 3375 1487 ignis

1805 1533 1928 1571 cum
1958 1517 2174 1584 spiritu,
2230 1531 2352 1570 cum
2395 1525 2539 1568 terra
2592 1523 2769 1567 autem
2818 1527 2984 1582 aqua.
3020 1511 3188 1565 Sicuti
3232 1512 3375 1565 enim

1806 1608 2044 1678 potentia
2076 1607 2302 1675 spiritus
2327 1615 2412 1659 est
2441 1604 2602 1675 ignis,
2644 1604 2715 1657 ita
2744 1603 2910 1657 etiam
2940 1611 3096 1656 terra:
3122 1616 3377 1671 aqua.....

1809 1698 1875 1752 Et
1903 1700 2016 1767 ipsa
2047 1712 2178 1753 vero
2208 1697 2471 1751 elementa
2503 1706 2814 1765 computata
2844 1706 2898 1750 et
2935 1696 3104 1751 divisa
3147 1710 3212 1749 ex
3247 1698 3377 1750 sub-

147 1790 241 1843 καὶ
270 1789 402 1843 αὑτά
426 1790 482 1843 δὲ
527 1796 595 1843 τὰ
628 1794 866 1861 στοιχεῖα
896 1791 1238 1861 ψηφιζόμενα
1278 1795 1372 1845 καὶ
1402 1792 1700 1863 ἀναλυόμε-

1818 1790 2075 1844 tractione
2125 1790 2425 1843 enneadum
2478 1788 2733 1842 desinunt
2782 1787 3004 1857 proprie
3057 1788 3257 1856 partim
3326 1787 3381 1841 in

147 1899 214 1935 να
244 1882 288 1912 ³³
334 1882 455 1933 καθ’
495 1882 784 1951 ὑφαίρεσιν
827 1882 1062 1934 ὲννάδων
1092 1882 1135 1913 ³⁸
1197 1883 1352 1952 λήγει
1400 1885 1638 1948 οίκείως,
1670 1883 1706 1938 ἃ.

151 1974 249 2044 μὲν
299 1976 375 2035 είς
402 1974 447 2005 ³⁸
479 1973 569 2025 τὸν
601 1973 887 2045 ἀρρενικὸν
917 1972 1168 2044 ἀριθμὸν,
1204 1972 1240 2027 ἃ
1269 1973 1324 2027 δὲ
1357 1977 1434 2035 είς
1481 1973 1571 2026 τὸν
1608 1974 1705 2045 θη·

146 2064 306 2116 λυκόν
335 2064 400 2095 ³⁸⁸
425 2065 733 2134 ὑφαιρεῖται
760 2064 817 2117 δὲ
841 2064 1003 2117 πάλιν
1029 2066 1062 2134 ή
1085 2064 1240 2127 ὲννάς
1267 2065 1356 2119 διά
1384 2065 1588 2135 ταύτην
1610 2065 1708 2135 τὴν

147 2155 345 2218 αίτίαν,
378 2154 465 2209 διὰ
488 2156 551 2209 τὺ
603 2156 700 2218 τὰς
750 2156 1065 2227 τριακοσίας
1122 2156 1390 2227 ἑξήκοντα
1447 2156 1540 2209 τοῦ
1585 2157 1708 2210 ὅλου

149 2248 343 2316 μοίρας
384 2245 443 2312 ἐξ
493 2248 755 2302 ὲννεάδων
793 2247 1146 2302 συνίστασθαι
1198 2249 1292 2301 καὶ
1339 2248 1428 2302 διὰ
1456 2248 1611 2302 τοῦτο
1642 2250 1711 2303 τὰ

145 2337 381 2408 τέτταρα
412 2338 455 2368 ³⁷
502 2338 720 2391 πλινθία
749 2336 840 2390 τοῦ
895 2338 1099 2406 κόσμου
1148 2338 1471 2406 ἐνενήκοντα
1507 2336 1711 2407 μοιρῶν

146 2427 582 2497 περιγεγράφθαι
617 2427 833 2481 τελείων
858 2445 873 2458 ο
907 2426 1319 2497 προσῳκείωται
1346 2426 1393 2457 ³⁸
1419 2427 1475 2478 δὲ
1512 2429 1578 2495 τῇ
1615 2442 1713 2495 μο-

145 2518 264 2573 νάδι
307 2520 366 2571 τὸ
420 2520 554 2587 φῶς,
593 2523 658 2590 τῇ
694 2519 751 2573 δὲ
786 2518 937 2571 δυάδι
986 2519 1049 2570 τὸ
1078 2517 1288 2581 σκότος,
1358 2521 1453 2572 καὶ
1503 2517 1579 2586 τῷ
1615 2518 1712 2588 μὲν

146 2611 288 2678 φωτὶ
321 2612 460 2664 κατά
507 2610 665 2679 φύσιν
712 2613 744 2681 ἠ
794 2612 927 2683 ζωὴ,
968 2614 1033 2682 τῇ
1078 2612 1133 2664 δὲ
1181 2611 1331 2664 δυάδι
1366 2612 1393 2663 ὁ
1426 2612 1657 2673 θάνατος
1685 2628 1697 2640 ·

146 2701 247 2753 καὶ
301 2704 364 2771 τῇ
398 2704 494 2771 μὲν
542 2702 652 2773 ζωῇ
702 2703 799 2772 ii”
837 2703 1174 2771 δικαιοσύνη,
1228 2702 1305 2772 τῷ
1337 2703 1391 2755 δὲ
1436 2703 1713 2773 θανάτῳή

145 2795 355 2849 ἀδικία.
380 2796 470 2847 Διὸ
498 2796 607 2848 πᾶν
642 2794 982 2864 γεννώμενον
1024 2797 1080 2847 ὲν
1110 2798 1221 2857 τοῖς
1251 2797 1558 2863 ἁρσενικοῖς
1589 2798 1712 2864 ἀρι-

147 2884 311 2955 θμοῖς
355 2887 679 2954 ἀγαθοποιόν
726 2888 862 2950 ἐστι,
916 2886 976 2939 τὸ
1007 2887 1061 2940 δὲ
1100 2889 1157 2940 ὲν
1191 2890 1301 2950 τοῖς
1341 2887 1590 2957 θηλυκοῖς
1620 2903 1715 2939 κα-

144 2976 371 3029 κοποιόν
418 2980 586 3043 ἐστιν,
628 2974 739 3031 οἷον
782 2977 859 3050 [ν.
895 2979 979 3034 79.
1015 2977 1474 3049 80.]ψηφίζουσι’
1527 2978 1715 3047 μονὰς,

1809 1882 2104 1935 masculum
2160 1896 2469 1944 numerum,
2519 1880 2715 1949 partim
2745 1890 2923 1933 autem
2967 1879 3018 1931 in
3064 1878 3376 1934 femineum.

1809 1973 2157 2028 Subtrahitur
2209 1983 2388 2026 autem
2441 1988 2630 2026 rursus
2677 1986 2877 2026 enneas
2921 1986 3015 2040 per
3070 1971 3210 2024 banc
3244 1985 3377 2023 cau-

1807 2080 1922 2120 sam
1949 2081 1963 2117 :
1995 2073 2284 2134 propterea
2316 2064 2460 2133 quod
2491 2070 2748 2117 trecenta:
2791 2062 3070 2131 sexaginta
3106 2075 3223 2126 quae
3252 2068 3377 2113 sunt

1810 2155 2049 2209 universi
2096 2163 2277 2223 partes
2308 2167 2372 2206 ex
2403 2151 2739 2206 enneadibus
2765 2158 3015 2204 constant
3043 2148 3113 2203 ob
3150 2162 3377 2217 eamque

1814 2262 2033 2302 causam
2070 2255 2303 2315 quatuor
2346 2260 2466 2313 quae
2500 2252 2628 2298 sunt.
2681 2243 2930 2313 regiones
2974 2243 3158 2296 mundi
3208 2256 3379 2295 nona-

1811 2342 1958 2406 ginta
1992 2338 2234 2405 partibus
2261 2337 2686 2406 circumscripta:
2710 2347 2835 2391 sunt
2866 2334 3143 2405 perfectis.
3172 2332 3384 2403 Appro-

1816 2432 2025 2499 priatus
2054 2441 2231 2484 autem
2282 2441 2367 2484 est
2403 2430 2619 2483 monadi
2653 2430 2816 2498 ignis,
2863 2427 3019 2499 dyadi
3047 2438 3225 2479 autem
3258 2434 3385 2479 sunt.

1816 2524 2073 2583 tenebrae,
2125 2532 2313 2590 estque
2348 2522 2452 2573 luci
2487 2537 2550 2574 ex
2587 2531 2777 2574 natura
2829 2522 2963 2581 vita,
2996 2519 3153 2589 dyadi
3201 2526 3381 2571 autem

1816 2630 1985 2674 mors,
2031 2613 2080 2667 ei
2116 2614 2237 2667 vita:
2265 2614 2479 2678 quidem
2513 2612 2745 2679 iustitia,
2776 2612 2939 2665 morti
2973 2623 3153 2665 autem
3202 2609 3384 2680 pravi-

1818 2716 1919 2760 tas.
1953 2706 2315 2771 Quamobrem
2365 2704 2625 2772 quidquid
2674 2716 2853 2757 uatum
2908 2713 2990 2757 est
3035 2703 3089 2756 in
3136 2703 3387 2757 masculis

1820 2798 2061 2851 numeris
2102 2797 2401 2850 beneficum
2434 2808 2537 2858 est,
2568 2798 2618 2850 in
2646 2794 2921 2849 femininis
2956 2809 3133 2849 autem
3185 2794 3388 2847 malefi-

1823 2906 1945 2943 cum
1997 2899 2100 2949 est,
2164 2889 2324 2942 veluti
2385 2899 2697 2956 computant
2738 2889 2893 2956 112
2927 2888 3080 2957 113
3136 2904 3150 2940 :
3200 2887 3385 2959 μονάς,

1819 2990 1877 3033 ut
1906 2984 1972 3033 ab
1999 2997 2060 3033 ea
2097 2981 2393 3042 ordiamur,
2425 2979 2483 3031 fit
2518 2979 2644 3038 561,
2680 2980 2768 3046 qui
2819 2994 3075 3031 numerus
3109 2979 3305 3031 desinit
3332 2980 3386 3030 in

145 3068 240 3120 τνα
275 3070 369 3121 ἀπ’
401 3070 569 3140 αὑτῆς
599 3069 890 3141 ἀρξώμεθα
908 3071 976 3135 ⁸⁸,
1010 3071 1218 3138 γίνεται
1248 3070 1378 3136 sic}.
1403 3070 1438 3124 ἀ
1462 3071 1613 3141 λήγει
1638 3073 1700 3132 είς

1822 3074 2127 3134 unonadem,
2179 3072 2452 3123 subtracta
2490 3071 2755 3123 euueade.
2802 3070 3044 3123 δίιιιίιιιιιι
3083 3070 3134 3122 in
3172 3071 3388 3122 modum

149 3160 361 3231 μονάδα
388 3161 487 3231 τῆς
533 3162 776 3225 ἐννεάδος
822 3162 1231 3233 ὑφαιρεθείσης.
1281 3162 1514 3230 ὐμοίως
1545 3164 1714 3231 ψήφι-

145 3265 283 3304 σον·
315 3250 439 3314 δυάς
467 3251 672 3320 γίνεται
696 3259 793 3321 χε¹,
830 3252 987 3321 ὑφελε
1008 3253 1105 3314 τάς
1137 3252 1409 3316 ὲννεάδας,
1442 3251 1597 3322 λήγει
1634 3256 1712 3317 είς

140 3338 341 3401 δυάδα,
375 3340 468 3393 καὶ
497 3341 930 3395 ἀποκαθίσταται
966 3342 1197 3395 ἕκαστον
1219 3344 1298 3404 είς
1328 3342 1389 3396 τὸ
1419 3344 1572 3399 ῐδιον.

225 3431 332 3500 μδν.
358 3432 436 3501 Τῇ
471 3427 563 3484 οὖν
604 3434 792 3501 μονάδι
849 3434 1160 3504 ἀγαθοποιῷ
1217 3434 1352 3508 οὔσῃ
1412 3437 1455 3467 ⁵⁸
1496 3439 1573 3499 είς
1623 3437 1713 3490 τὸν

137 3521 484 3591 ἀπερίζυγον
512 3524 742 3595 ἀριθμὸν
774 3524 817 3555 ’δ’
843 3525 1079 3595 λήγοντα
1108 3527 1349 3596 ὀνόματα
1389 3528 1646 3597 ἀνωφερῆ
1672 3528 1716 3561 ⁸³

137 3612 458 3680 ἀγαθοποιά
483 3611 619 3667 εῖναι
643 3616 1114 3686 παρατηρούμενοι
1165 3617 1382 3686 λέγουσι
1406 3635 1420 3650 ο
1452 3618 1519 3672 τὰ
1554 3618 1609 3670 δὲ
1638 3619 1716 3682 είς

135 3704 241 3756 τὸν
267 3704 451 3772 ἄρτιον
484 3705 714 3775 ἀριθμὸν
727 3705 958 3775 λήγοντα
980 3712 1275 3780 κατωφερῆ
1306 3725 1365 3762 τε
1386 3711 1478 3761 καὶ
1509 3709 1718 3779 θηλυκά

135 3796 244 3848 καὶ
302 3796 575 3850 κακοποιά
632 3793 770 3850 εἶναι
809 3797 1140 3868 νενόμισται.
1190 3801 1299 3870 Τὴν
1336 3800 1442 3870 γὰρ
1470 3800 1630 3869 φύσιν
1662 3800 1719 3867 ἐξ

133 3886 413 3939 ἐναντίων
436 3888 483 3919 ⁸⁵
507 3889 899 3959 συνισταμένην
933 3890 1180 3958 λέγουσιν
1211 3891 1273 3943 ἐκ
1303 3908 1360 3944 τε
1419 3891 1584 3945 καλοῦ
1628 3893 1723 3945 καὶ

132 3976 351 4039 κακοῦ,
381 3976 570 4051 ὥσπερ
600 3979 773 4044 δεξιὸν
795 3982 890 4034 καὶ
914 3982 1216 4055 ἀριστερὸν,
1240 3982 1353 4050 φῶς
1388 3985 1480 4035 καὶ
1508 3985 1718 4048 σκότος,

128 4070 248 4133 νὺξ
281 4070 379 4123 καὶ
406 4072 607 4142 ἡμέρα,
644 4071 757 4141 ζωὴ
786 4073 878 4126 καὶ
909 4072 1154 4135 θάνατος.
1202 4073 1320 4124 Ἔτι
1353 4073 1409 4125 δὲ
1437 4075 1529 4126 καὶ
1566 4074 1723 4127 τοῦτο

129 4160 405 4227 λέγουσιν
461 4160 595 4214 ὡσεὶ
655 4161 716 4215 τὸ
774 4161 903 4225 Θεὸς
941 4162 1274 4231 ψηφίσας....
1304 4162 1349 4194 ⁸⁸
1384 4166 1478 4216 καὶ¹
1511 4164 1615 4233 μὴν
1644 4166 1722 4228 είς

130 4253 408 4319 πεντάδα,
439 4255 518 4317 είς
549 4254 744 4308 ὲννάδα
795 4257 1056 4326 καταντᾷ,
1086 4256 1113 4309 ὅ
1143 4257 1291 4308 ἐστιν
1320 4257 1522 4326 ἄρτιον,
1547 4260 1574 4307 ό
1602 4258 1723 4308 tm-

129 4344 365 4415 γραφὲν
395 4345 753 4416 περιάψαντες
809 4345 1223 4417 θεραπεύουσιν.
1265 4348 1474 4400 Οὑτωσὶ
1511 4348 1606 4401 καὶ
1636 4348 1723 4418 βο-

1820 3172 2174 3227 computato:
2233 3162 2373 3225 δυάς
2429 3165 2488 3214 fit
2551 3162 2676 3225 605,
2734 3161 3039 3215 subtrahito
3094 3160 3389 3221 enueades.

1821 3254 2018 3308 desinit
2050 3254 2103 3306 in
2147 3254 2397 3323 dyadem,
2448 3261 2504 3305 et
2551 3252 2687 3305 redit
2736 3250 3004 3318 singulum
3042 3252 3293 3320 quodque
3335 3250 3389 3303 in

1820 3360 1997 3401 suum.

1892 3440 1980 3493 44.
2022 3439 2234 3494 Monadi
2268 3439 2455 3505 igitur,
2488 3438 2683 3506 quippe
2717 3452 2836 3504 quae
2868 3435 2939 3489 sit
2984 3434 3302 3487 benefica...
3334 3432 3389 3487 in

1824 3533 2082 3600 imparem
2113 3548 2396 3585 numerum
2430 3530 2727 3583 desinentia
2765 3530 2979 3581 nomina
3013 3541 3225 3579 sursum
3265 3541 3389 3580 ver-

1822 3627 2001 3695 gentia
2035 3633 2090 3679 et
2123 3625 2357 3677 mascula
2390 3634 2443 3678 et
2470 3623 2732 3683 benefica,
2767 3629 2912 3675 recte
2937 3620 3243 3683 observata,
3269 3633 3391 3672 esse

1823 3722 2050 3782 dicunt;
2088 3734 2211 3787 quae
2239 3728 2415 3771 autem
2463 3718 2515 3770 in
2560 3732 2741 3785 parem
2792 3730 3070 3769 numerum
3117 3714 3387 3779 desinunt,

1822 3810 2072 3864 deorsum
2116 3810 2392 3879 vergentia
2447 3817 2503 3881 et
2549 3808 2805 3861 feminina
2857 3818 2909 3859 et
2951 3805 3197 3859 malefica
3270 3820 3391 3861 esse

1821 3902 2026 3953 credita
2073 3910 2218 3954 sunt.
2266 3898 2523 3953 Naturam
2574 3898 2718 3950 enim
2779 3897 2930 3950 aiunt
2980 3911 3046 3950 ex
3099 3896 3392 3951 contrariis

1822 3992 2107 4045 conflatam
2148 4005 2267 4043 esse
2316 4001 2369 4044 et
2410 4006 2474 4044 ex
2508 3990 2651 4043 bono
2684 4000 2737 4043 et
2764 4005 2827 4043 ex
2874 3989 3035 4052 malo,
3072 3988 3230 4043 sicuti
3260 3991 3393 4045 dex-

1825 4087 1964 4131 trum
2011 4088 2067 4132 et
2102 4079 2408 4142 sinistrum,
2456 4079 2544 4131 lux
2600 4089 2654 4131 et
2701 4079 2958 4138 tenebrae,
3004 4092 3109 4131 nox
3147 4088 3202 4131 et.
3254 4078 3390 4140 dies,

1821 4172 1930 4225 vita
1959 4181 2015 4228 et
2038 4188 2205 4226 mors.
2243 4171 2505 4225 Praeterea
2539 4175 2637 4225 hoc
2667 4188 2879 4240 quoque
2919 4173 3089 4224 aiunt.
3133 4208 3149 4223 .
3193 4210 3209 4227 .
3254 4209 3269 4224 .
3312 4208 3329 4225 .
3371 4206 3390 4224 .

1826 4300 1841 4314 .
1885 4299 1901 4315 .
1946 4299 1958 4314 .
2004 4298 2022 4315 .
2066 4297 2081 4315 .
2125 4297 2141 4313 .
2179 4262 2318 4328 quod
2349 4269 2431 4312 est
2484 4278 2600 4328 par,
2648 4262 2787 4326 quod
2834 4262 3149 4329 inscriptum
3198 4260 3394 4313 litteris

1825 4362 2069 4422 aptantes
2098 4352 2309 4419 corpori
2347 4353 2709 4405 medicantur.
2748 4350 2823 4404 lta
2864 4352 3026 4405 etiam
3062 4351 3224 4405 herba
3247 4366 3396 4420 quae-

127 4437 291 4506 τάνη
326 4438 405 4499 είς
431 4438 587 4490 τοῦτο
616 4437 859 4507 λήγουσα
915 4437 1009 4490 τοῦ
1061 4436 1298 4508 ἀριθμοῦ
1331 4440 1529 4509 ὁμοίως
1564 4456 1700 4510 περι.

1825 4447 1969 4505 dam,
2006 4458 2123 4509 qua:
2152 4443 2352 4497 desinit
2390 4444 2439 4494 iu
2476 4443 2617 4495 hunc
2665 4458 2975 4506 nmnerum,
3009 4442 3261 4495 similiter
3293 4457 3393 4509 ap-

126 4528 389 4597 αφθεῖσα
412 4531 623 4600 ἐνεργεῖ
658 4529 745 4582 διά
776 4528 872 4600 τὴν
917 4529 1106 4599 ὁμοίαν
1138 4528 1231 4582 τοῦ
1263 4528 1495 4598 ἀριθμοῦ
1518 4529 1717 4598 ψῆφον.

144 4621 329 4675 Ἀλλά
360 4623 453 4676 καὶ
514 4622 694 4694 ίατρδς
744 4621 904 4693 ὁμοίᾳ
939 4623 984 4654 ⁸⁸
1016 4623 1180 4693 ψήφῳ
1208 4621 1522 4694 ἀρρώστους
1560 4622 1722 4694 θερα-

126 4712 315 4766 πεύει
366 4713 577 4785 ῥᾳδίως.
632 4713 852 4779 Τούτοις
884 4717 998 4777 τοῖς
1057 4714 1308 4786 ἀριθμοῖς
1367 4716 1724 4786 προσέχοντες

1828 4542 1933 4585 tata
1962 4532 2147 4586 efﬁcax
2176 4544 2262 4585 est
2293 4542 2513 4600 propter
2546 4532 2778 4586 similent
2816 4532 3023 4585 numeri
3058 4540 3391 4599 computum.

1830 4624 2024 4676 Verum
2051 4622 2210 4677 etiam
2244 4624 2486 4676 medicus
2511 4623 2671 4675 simili
2701 4638 2924 4677 numero
2954 4631 3184 4691 aegrotos
3211 4631 3389 4685 sanat;

1826 4714 1911 4768 sin
1941 4715 2201 4767 adversus
2238 4714 2341 4767 erit
2366 4730 2649 4773 numerus,
2706 4730 2811 4767 non
2849 4713 3005 4767 facile
3032 4714 3267 4767 sanabit.
3300 4712 3394 4767 His

125 4805 252 4857 ὅσα
306 4805 466 4875 ὅμοια
616 4803 920 4874 λογίζονται
981 4806 1123 4860 κατά
1171 4806 1317 4859 τόνδε
1371 4808 1463 4860 τὸν
1515 4806 1638 4861 νοῦν
1675 4825 1700 4860 ο

1829 4804 2071 4859 numeris
2100 4806 2402 4865 observatis
2443 4821 2670 4874 quaeque
2698 4814 2826 4859 sunt
2854 4804 3049 4858 similia
3081 4814 3396 4874 computant

128 4896 255 4968 μὲν
290 4894 338 4928 ⁸⁷
370 4894 511 4951 κατά
540 4898 820 4970 φωνήεντα
857 4898 1016 4969 μόνα,
1048 4899 1096 4951 oi
1124 4897 1181 4951 δὲ
1213 4898 1356 4953 κατά
1401 4898 1579 4953 πάντα
1633 4897 1700 4951 τδε

1828 4912 1895 4952 ex
1925 4898 2025 4953 bac
2056 4899 2265 4952 ratione
2294 4898 2383 4951 alii
2417 4899 2634 4968 quidem
2670 4899 2964 4952 secundum
2990 4896 3205 4951 vocales
3229 4895 3394 4962 solas,

1451 5050 1682 5106 VARIE
1713 5050 2119 5108 LECTIONES.

164 5142 266 5216 ’μυ
307 5140 854 5216 τοῦτοῌήμισφαίριον
882 5146 945 5201 C.
1022 5147 1065 5179 ³¹
1096 5145 1239 5201 inter
1268 5146 1412 5215 ὕδωρ
1442 5156 1495 5201 et
1524 5147 1646 5200 καθ’
1676 5147 1966 5215 ὑφαίρεσιν
1992 5147 2226 5201 ὲννάδων
2264 5147 2453 5200 lacuna
2485 5163 2605 5201 esse
2642 5147 2877 5208 videtur.
2912 5145 3034 5216 quia
3066 5146 3119 5200 in
3150 5144 3397 5216 superio-

126 5212 315 5269 ibns
340 5213 498 5285 _nil_t_il
522 5212 616 5285 "de
650 5212 907 5285 enneadis
946 5219 1153 5271 ratione
1192 5212 1393 5270 dictum
1432 5226 1513 5270 est
1549 5217 1617 5280 M,
1656 5212 1748 5270 sed
1785 5212 1856 5270 cf.
1889 5233 2046 5284 supra
2079 5234 2195 5285 cap.
2232 5218 2315 5273 Η.
2396 5218 2441 5248 ³³
2470 5217 2813 5285 ἀναλυόμενα
2846 5212 3139 5281 Roeperus,
3164 5212 3398 5285 assass-

188 5299 302 5334 ενα
329 5282 395 5340 C.
428 5283 496 5336 Μ.
572 5284 617 5315 ³⁸
645 5284 845 5337 ὲνάδων
867 5286 927 5341 C.

125 5300 328 5406 giluv
361 5351 431 5406 Μ.
509 5353 552 5384 ³’¹
580 5354 820 5406 τέτταρα
851 5354 927 5406 Ro

1024 5288 1070 5318 ³⁸
1104 5286 1253 5352 λέγει
1304 5287 1629 5355 οίκειωσαμέ

123 5421 187 5496 ξι
237 5420 373 5473 Post
419 5420 553 5493 οὑσῃ
599 5422 725 5496 fort.
753 5420 1104 5496 inserendum
1149 5420 1602 5496 [ἀκολούθςυςᾷτὰ]
1629 5426 1709 5496 7M.

125 5490 293 5543 fort.
337 5506 458 5564 non
486 5490 796 5564 mutandum
822 5512 836 5558 ;
870 5496 902 5564 ή

121 5569 376 5637 spectes
414 5561 493 5622 εἰς
536 5562 647 5637 τόν.
676 5561 928 5637 περιττδν
966 5565 1060 5637 ἀρ.
1110 5561 1459 5637 Μεβάριθμοῦ
1496 5564 1560 5637 C_.

122 5628 497 5703 τηρορμενα,
549 5630 652 5688 nisi
701 5628 852 5703 pldra
917 5628 1129 5690 turbata
1164 5631 1235 5690 Μ.
1266 5628 1612 5689 ἰδ’ὲναντίου
1650 5634 1712 5689 C.

128 5697 258 5768 μὲν
284 5697 353 5753 c.

1635 5305 1697 5357 νη
1734 5288 1815 5350 είς
1857 5287 1934 5351 C;
1968 5287 2111 5355 λέγει
2137 5303 2161 5357 Ἀ
2206 5286 2483 5340 οἰκειῶσαι
2532 5286 2568 5340 ἀ

172 5352 328 5426 ᾕλᾼυν
361 5351 431 5407 Μ.
453 5420 475 5426 _
509 5353 552 5384 ³’¹
580 5354 820 5426 τέτταρα
851 5351 1347 5426 Βοερθνυεςὲτερα
1369 5356 1431 5426 f1,
1464 5355 1532 5409 Μ.
1566 5351 1653 5426 ί³⁸
1685 5351 2100 5426 προσοικείωται
2129 5355 2193 5410 C.

2638 5284 2736 5355 μὲν
2781 5289 2861 5349 είς
2924 5286 2993 5338 Μ.
3088 5286 3132 5317 ³⁸
3172 5284 3304 5354 θῆλυ
3330 5287 3392 5355 (ἓ,

2287 5358 2330 5388 ³³
2354 5358 2451 5427 ζοῇ
2486 5358 2541 5427 ή.
2572 5354 2664 5425 ζοῇ
2690 5356 2752 5419 C,
2778 5357 2855 5427 Μ.
2933 5356 2977 5427 ⁸-⁸
3010 5354 3297 5426 ἀρξάμεθα
3328 5354 3389 5409 C.

1815 5427 1859 5457 δ’
1887 5426 2215 5495 ἀπερίζυγος
2270 5424 2788 5496 ἀριθμὺςείιιειιιοιεί
2839 5424 2997 5479 modo
3043 5424 3263 5496 dictum,
3298 5426 3391 5477 sed

937 5494 1065 5557 δυὰς
1093 5492 1234 5565 enim
1265 5492 1493 5565 περίζυξ
1514 5492 1753 5565 κάρίθμὺς
1793 5492 2045 5563 appellari
2087 5504 2282 5565 potest,
2309 5492 2451 5549 unde
2484 5497 2516 5564 ή
2552 5492 2717 5564 μονὰς
2758 5498 2861 5548 erit
2892 5495 3221 5564 ἀπερίζυγος
3248 5511 3263 5557 ;
3299 5510 3394 5545 ex-

1650 5566 1695 5638 ‘_‘
1730 5565 1857 5638 Leg.
1883 5565 2150 5638 ⁸ἀνωφερῆ
2185 5563 2300 5635 [καὶ
2338 5563 2601 5638 ἀρσενικά
2623 5565 2756 5638 καλ]
2791 5563 3186 5638 ἀγαθ-οποιά--ν-
3211 5581 3394 5638 παρκτ

1802 5628 1849 5667 ⁸⁵
1879 5628 2151 5691 Lacunam
2185 5628 2402 5689 'notavii.
2438 5633 2510 5691 M.
2620 5635 2668 5668 “
2697 5628 2869 5708 ὁμοίῲ
2900 5635 2962 5692 C.
3065 5634 3109 5667 ⁸⁷
3140 5635 3189 5688 οἱ
3216 5628 3330 5704 μέν·
3364 5634 3394 5688 ὅ
