3804 6220
386 268 525 335 3109

1853 263 2216 325 ORIGENIS
2278 282 2281 283 '

3479 259 3625 323 3TH)

387 388 476 439 alii
514 393 691 439 autem
722 384 1017 439 secundum
1053 391 1225 439 totum
1259 398 1567 439 numerum.
1608 380 1755 436 Talis
1783 383 1948 435 etiam

2071 377 2319 447 ιριθμόν·
2353 379 2574 449 τοιαύτη
2622 377 2715 433 καὶ
2742 379 2775 450 ἠ
2817 376 3128 447 Αἰγυπτίων
3160 376 3342 446 σοφία,
3372 375 3442 430 δι’
3470 372 3539 447 ἦς
3569 378 3629 430 τὸ

388 480 765 550 Egyptiorum
820 478 1106 548 sapientia,
1139 493 1235 546 per
1262 493 1425 547 quam
1473 478 1710 532 divinum
1750 490 1950 530 numen

389 570 732 623 celebrantes
767 581 1098 637 cognoscere
1125 569 1439 636 Opinantur.

462 660 551 714 45.
589 658 733 714 Salis
780 660 941 728 igitur
988 669 1042 712 et
1077 659 1190 713 haec
1233 674 1262 711 a
1295 658 1449 712 nobis
1498 657 1750 713 videnlur
1784 655 1953 723 expl.-

393 758 537 801 cata.
572 747 763 799 Verum
812 755 1073 815 praeterea
1109 748 1271 799 etiam
1319 747 1557 799 arbitror
1609 744 1806 798 nullam
1835 746 1955 812 opi-

392 835 609 889 nionem
633 833 912 895 sapientiaé
952 842 1181 886 terrente
1207 840 1262 887 et
1294 833 1439 886 humi
1486 832 1709 901 dejectas
1735 840 1957 901 praeter-

398 924 637 987 misisse,
672 939 777 976 non
824 922 1067 975 inutilem
1112 931 1290 975 autem
1328 922 1485 975 video
1523 936 1732 984 curam,
1764 934 1883 988 qua:
1923 936 1952 973 a

395 1014 553 1069 nobis
579 1015 632 1066 in
677 1028 770 1066 eas
804 1028 889 1067 res
928 1012 1167 1080 impensa
1201 1021 1317 1077 est;
1356 1026 1461 1065 non
1506 1012 1649 1065 enim
1684 1012 1857 1065 solum
1890 1012 1956 1066 ad

396 1107 768 1175 coarguendas
796 1106 1027 1159 haereses
1057 1105 1241 1158 utilem
1270 1105 1513 1158 videmus
1531 1104 1812 1159 exstitisse
1843 1118 1958 1158 ser-

398 1214 634 1265 monem,
671 1198 763 1251 sed
792 1200 953 1250 ctiam
999 1198 1065 1250 ad
1111 1197 1254 1265 ipsos
1298 1196 1456 1263 hujus
1482 1196 1741 1250 doctrina:
1781 1204 1958 1250 secta-

398 1301 563 1356 tores,
596 1291 709 1356 qui,
759 1290 845 1343 ubi
882 1290 1119 1343 incident
1152 1290 1406 1358 impensas
1454 1305 1597 1343 curae
1633 1300 1853 1354 nostrm,
1904 1300 1959 1344 et

394 1382 632 1435 studium
668 1392 914 1435 nostrum
944 1380 1357 1433 admirabuntur
1377 1390 1430 1434 et
1480 1381 1679 1435 laboris
1721 1382 1957 1435 assidui-

397 1482 563 1526 tatem
592 1487 695 1526 non
724 1472 1051 1540 vilipendent
1082 1486 1181 1526 nec
1204 1472 1397 1526 stultos
1431 1472 1753 1541 judicabunt
1800 1472 1959 1527 Cbri-

398 1565 629 1630 stianos,
654 1563 741 1617 ubi
777 1562 1125 1631 perSpicient,
1156 1562 1349 1626 quibus
1380 1564 1540 1616 rebus
1568 1562 1665 1631 ipsi
1697 1562 1861 1618 stulte
1890 1563 1955 1617 ll-

2058 467 2211 519 Θεῖον
2240 467 2549 536 δοξάζοντες
2568 470 2613 503 ⁸⁸
2638 470 2923 539 γινώσκειν
2944 470 3266 541 νομίζουσιν.

2133 668 2234 729 με’.
2280 660 2493 724 Ἱκανῶς
2543 656 2634 713 οὖν
2666 659 2812 712 δοκεῖ
2839 660 2987 729 ἡμᾶς
3016 659 3109 712 καὶ
3160 659 3331 713 ταῦτα
3385 659 3628 713 ἐκτεθεῖ-

2062 753 2204 807 σθαι.
2253 753 2390 806 Ἀλλ’
2440 752 2519 804 ἔτι
2569 752 2614 782 ⁸⁸
2644 751 2848 821 νομίζω
2889 751 3156 821 μηδεμίαν
3191 752 3347 816 δόξαν
3374 755 3478 820 τῆς
3506 752 3629 803 ἐπι-

2060 845 2208 912 γείου
2239 846 2332 897 καὶ
2362 843 2737 913 χαμαιπετοῦς
2768 844 2961 910 σοφίας
3018 842 3496 913 παραλελοιπέναι.
3527 843 3628 895 οὐκ

2062 937 2330 1007 ἄχρηστον
2355 937 2412 989 δὲ
2445 937 2542 1005 τὴν
2580 938 2659 1000 είς
2708 935 2845 989 αὐτά
2877 936 3127 1006 φροντίδα
3167 937 3275 1006 ὁρῶ
3307 938 3441 1006 ἡμῖν
3471 952 3631 1003 γεγε-

2060 1029 2297 1097 νημένην
2323 1045 2335 1058 '
2358 1028 2476 1081 οὐδὲ
2503 1028 2610 1097 γάρ
2642 1027 2800 1097 μόνον
2823 1028 2959 1098 πρὸς
2988 1027 3202 1097 ἔλεγχον
3226 1028 3331 1080 τῶν
3361 1030 3629 1098 αἱρέσεων

2062 1120 2359 1190 εὔχρηστον
2416 1119 2632 1190 ὁρῶμεν
2674 1119 2952 1187 γεγονέναι
3006 1118 3097 1171 τδν
3145 1119 3319 1186 λόγον,
3350 1119 3488 1171 ἀλλά
3537 1120 3633 1171 καὶ

2064 1213 2199 1282 πρὺς
2229 1212 2425 1274 αὐτοὺς
2456 1211 2583 1273 τοὺς
2609 1210 2782 1263 ταῦτα
2808 1209 3207 1275 ἀδοξάζοντας,
3232 1211 3278 1262 οἳ
3311 1211 3635 1279 ἐντυχόντες

2062 1309 2127 1374 τῇ
2151 1303 2491 1376 γεγενημένῃ
2511 1305 2543 1373 ἠ
2553 1303 2669 1373 μῶν
2696 1302 3095 1374 πολυμεριμνίᾳ
3130 1303 3221 1357 καὶ
3249 1302 3307 1354 τὸ
3338 1303 3635 1355 σπουδαῖον

2064 1398 2404 1466 θαυμάσουσι
2432 1399 2526 1450 καὶ
2556 1397 2616 1450 τὸ
2639 1398 2922 1467 φιλόπονον
2947 1398 3047 1450 οὐκ
3100 1396 3514 1466 ἐξουθενήσουσι
3536 1395 3634 1447 καὶ

2068 1491 2283 1561 μωροὺς
2336 1491 2435 1542 οὐκ
2481 1491 2883 1559 ἀποφανοῦνται
2953 1490 3306 1561 Χριστιανοὺς
3361 1488 3637 1551 ἐνιδόντες

2064 1575 2145 1643 οἷς
2176 1580 2327 1634 αὐτοὶ
2386 1579 2583 1649 μωρῶς
2638 1580 3001 1635 πιστεύουσιν.
3039 1580 3159 1633 Ἔτι
3198 1580 3254 1633 δὲ
3281 1580 3371 1632 καὶ
3402 1579 3533 1641 τοὺς
3563 1581 3635 1649 τῇ

398 1659 517 1711 dem
546 1657 794 1711 habeant.
821 1656 969 1709 Adde
996 1656 1135 1723 quod
1160 1656 1321 1708 etiam
1346 1669 1461 1718 eos,
1485 1655 1573 1723 qui
1602 1656 1810 1709 veritati
1840 1670 1959 1710 sese

2071 1670 2291 1740 ἀληθείᾳ
2321 1671 2681 1737 προσέχοντας
2713 1668 3029 1739 φιλομαθεῖς
3067 1668 3381 1737 προϐιϐάσει
3407 1667 3434 1719 ὀ
3470 1667 3639 1734 λόγος

404 1750 728 1803 addixerunt
753 1747 990 1801 discendi
1022 1746 1185 1809 avidi,
1213 1746 1425 1813 juvabit
1448 1761 1646 1811 sermo,
1681 1754 1736 1798 ut
1762 1746 1957 1799 intelli-

2071 1736 2669 1830 ppowptotéipouqﬂrrpb;
2702 1760 2763 1812 τὸ
2796 1736 2871 1830 μη
2919 1759 3075 1830 μόνον
3096 1736 3194 1821 τὰς
3218 1760 3323 1812 τῶν
3357 1760 3643 1829 αἱρέσεων

396 1841 666 1911 gentiores
712 1840 942 1893 evadant
993 1853 1094 1891 non
1145 1837 1342 1901 solum,
1392 1837 1480 1890 ubi
1514 1836 1802 1891 didicerint
1850 1837 1955 1891 ha:-

399 1934 597 1986 resium
624 1931 993 1996 fundamenta,
1014 1932 1079 1983 ad
1112 1929 1318 1984 facilem
1348 1928 1724 1984 refutationem
1748 1946 1959 1995 eorum,

396 2021 488 2090 qui
513 2021 770 2075 seducere
798 2033 892 2074 eos
919 2019 1281 2081 conabuntur,
1310 2017 1404 2071 sed
1430 2018 1594 2071 etiam
1628 2018 1716 2071 ubi
1753 2018 1962 2071 didice-

400 2112 506 2165 rint
536 2112 840 2179 sapientum
873 2125 992 2179 qua:
1017 2110 1271 2163 dicuntur
1296 2109 1595 2178 Opiniones,
1614 2124 1748 2179 quas
1779 2109 1963 2181 114-

403 2200 561 2272 115
586 2202 758 2255 edocti
791 2215 965 2269 neque
1004 2200 1072 2253 ab
1122 2200 1252 2269 ipsis
1304 2202 1663 2255 turbabuntur
1707 2211 1961 2269 tanquam

396 2296 591 2367 ignari,
620 2313 795 2367 neque
822 2297 890 2349 ab
925 2296 1195 2364 aliquibus
1230 2297 1553 2352 seducentur
1569 2296 1717 2365 quasi
1748 2295 1796 2348 vi
1829 2309 1965 2363 qua-

394 2393 516 2444 tlam
541 2392 843 2461 agentibus,
870 2391 964 2445 sed
989 2391 1151 2444 etiam
1181 2406 1296 2455 eos,
1327 2393 1418 2460 qui
1449 2392 1630 2446 seduci
1665 2407 1725 2446 se
1754 2391 1967 2461 patien-

398 2493 505 2549 tur,
528 2484 814 2540 cavebunt.

473 2573 564 2627 46.
601 2574 875 2641 Expositis
909 2575 1074 2644 igitur
1104 2583 1360 2643 quantum
1395 2573 1527 2627 satis
1558 2573 1650 2637 iis,
1695 2589 1812 2641 quae
1846 2573 1963 2643 pla-

399 2665 515 2719 cuit
546 2665 765 2734 exponi,
793 2667 900 2733 jam
932 2667 996 2718 ad
1031 2666 1316 2719 consilium
1347 2666 1485 2734 quod
1516 2668 1848 2735 propositum
1880 2675 1964 2721 est

396 2759 796 2826 exsequendum
858 2768 1218 2823 transeamus,
1278 2768 1337 2812 ut
1386 2759 1758 2813 demonstrato
1818 2761 1961 2825 quod

400 2848 780 2901 constituimus
813 2847 878 2902 de
920 2848 1214 2901 haeresibus
1258 2857 1313 2903 et
1358 2858 1567 2911 coacto,
1618 2859 1677 2902 ut
1731 2849 1960 2917 singulis

400 2954 496 2992 sua
524 2938 839 3002 reddantur,
874 2939 1045 2994 nudos
1072 2939 1458 2993 haeresiarchas
1498 2940 1867 3001 ostendamus,
1907 2950 1963 2995 et

2066 1849 2336 1919 μαθόντας
2381 1850 2555 1920 ἀρχὰς
2608 1849 2844 1912 εὐκόλως
2898 1850 3221 1921 ἀνατρέπειν
3254 1852 3375 1914 τοὺς
3416 1850 3641 1918 πλανᾷ-θ

2062 1942 2483 2013 τετολμηκότας,
2540 1941 2675 1994 ἀλλὰ
2717 1943 2936 2005 καὶτὰς
2984 1942 3092 1995 τῶν
3127 1942 3301 2011 σοφῶν
3326 1943 3643 2011 λεγομένας

2062 2033 2239 2100 δόξας,
2265 2029 2340 2087 ὧν
2374 2034 2473 2087 οὐκ
2503 2034 2716 2104 ἄπειροι
2748 2034 3045 2103 γενόμενοι,
3080 2033 3155 2104 [ρ.
3190 2033 3383 2105 30-32]
3426 2033 3548 2086 αὖθι
3590 2035 3651 2065 u-

2065 2127 2155 2179 ὑπ’
2183 2125 2362 2178 αὐτῶν
2384 2125 2813 2196 ταραχθήσονται
2836 2125 2911 2188 ὡς
2937 2126 3187 2195 ἀμαθεῖς,
3211 2124 3321 2178 οὐθ’
3343 2126 3448 2178 ὑπό
3464 2142 3641 2178 τινων

2066 2212 2504 2284 πλανηθήσονται
2539 2214 2613 2277 ὡς
2647 2213 2871 2283 δυνάμει
2924 2214 3031 2266 τιν)⁵
3078 2212 3344 2284 δρώντων,
3379 2212 3500 2266 ἀλλ’
3553 2212 3647 2265 Ex:

2064 2306 2298 2371 καὶτοὺς
2323 2305 2706 2377 πλανωμένους
2733 2308 3173 2378 ἐπιτηρήσουσιν.

2137 2594 2253 2660 pg“.
2298 2586 2520 2651 ’ῐκανῶς
2568 2603 2661 2640 ουν
2715 2585 2785 2639 τά
2837 2584 3062 2651 δόξαντα
3116 2584 3397 2656 ἐκθέμενοι
3444 2584 3653 2638 λοιπον-

2063 2679 2155 2732 ἐπὶ
2178 2680 2275 2749 τὴν
2298 2678 2392 2732 τοῦ
2439 2677 2800 2748 προκειμένου
2831 2676 3211 2747 πραγματείαν
3261 2676 3636 2747 χωρήσωμεν,

2064 2771 2211 2833 ὅπως
2237 2770 2264 2823 ὃ
2292 2788 2351 2822 τε
2365 2771 2612 2839 τάγμεθα
2648 2770 2773 2840 περὶ
2818 2769 2926 2821 τῶν
2974 2769 3232 2840 αἱρέσεων
3264 2768 3643 2832 ἐπιδείξαντες

2065 2863 2315 2925 ἑκάστοις
2334 2879 2392 2914 τε
2427 2861 2494 2914 τά
2525 2861 2633 2913 ίδια
2661 2859 2950 2914 ἀποδοῦναι
2975 2861 3378 2928 ἀναγκάσαντες
3394 2859 3641 2929 γυμνοὺς

2062 2956 2187 3017 τοὺς
2219 2955 2576 3025 αἱρεσιάρχας
2611 2953 3016 3025 φανερώσομεν.
3064 2953 3159 3005 καὶ
3186 2952 3507 3022 ἀφροσύνην
3526 2952 3638 3005 τῶν

408 3029 627 3084 inscitia
684 3029 1096 3099 obsequentium
1169 3030 1508 3085 manifestata
1571 3032 1958 3100 compellamus

2071 3044 2399 3114 πειθομένων
2428 3045 2901 3114 κατηγορήσαντες
2941 3044 3199 3112 πείσομεν
3249 3043 3641 3113 παλινδρομεῖν

400 3122 582 3176 redire
637 3121 703 3175 ad
750 3123 996 3177 veritatis
1042 3138 1293 3176 serenum
1341 3135 1576 3192 portutn.
1626 3124 1742 3189 Quo
1782 3133 1960 3177 autem

2071 3135 2158 3187 ἐπὶ
2178 3134 2269 3187 τὸν
2294 3134 2392 3203 τῆς
2410 3133 2667 3203 ἀληθείας
2684 3134 2857 3187 εὐδιον
2876 3133 3091 3205 λιμένα.
3107 3134 3222 3187 Ἵνα
3242 3134 3299 3186 δὲ
3322 3134 3641 3204 σαφέστερα

406 3208 684 3277 apertiora
710 3222 771 3263 ea
800 3224 923 3277 quae
939 3211 1164 3263 dicenda
1186 3218 1310 3262 sunt
1335 3209 1622 3264 lectoribus
1650 3218 1963 3278 appareant,

403 3302 580 3371 placet
618 3304 785 3358 etiam
832 3318 918 3369 ea,
950 3319 1069 3373 qua!
1100 3306 1166 3358 ab
1208 3306 1374 3359 Arato
1417 3305 1690 3360 elaborata
1736 3316 1861 3361 sunt
1900 3308 1966 3362 de

402 3394 707 3448 ctelestium
752 3396 991 3450 siderum
1034 3397 1296 3465 positura,
1350 3397 1400 3449 in
1434 3398 1667 3451 medium
1704 3398 1961 3464 proferre,

400 3486 831 3556 quandoquidem
888 3488 1105 3555 quidam
1153 3502 1273 3542 cum
1320 3488 1564 3541 doctrina
1607 3505 1780 3543 sacra:
1816 3488 1966 3543 Scri-

400 3583 571 3641 ptura:
603 3588 983 3644 comparantes
1036 3575 1125 3630 illa
1170 3592 1393 3631 sensum
1434 3576 1754 3645 depravant,
1806 3578 1965 3632 sedu-

400 3680 528 3719 cere
552 3674 768 3736 mentes,
786 3680 986 3721 eorum
1017 3668 1108 3737 qui
1143 3681 1304 3721 aures
1338 3669 1577 3736 praebent
1606 3667 1809 3731 conati,
1844 3682 1964 3721 cum

404 3760 861 3827 persuasibilibus
888 3761 1190 3815 rationibus
1220 3761 1463 3815 alliciunt
1502 3776 1597 3816 eos
1627 3761 1693 3814 ad
1722 3776 1843 3828 quae
1876 3776 1967 3815 vo-

404 3851 543 3915 lunt,
603 3851 903 3905 inauditum
962 3852 1329 3922 spectaculum
1393 3861 1752 3917 ostentantes,
1813 3850 1968 3919 quasi

402 3944 541 3996 t-aalo
571 3942 745 3995 defixa
779 3942 887 3997 sint
935 3957 1053 4011 quae
1099 3944 1359 4009 tradunt;
1412 3942 1499 3997 isti
1542 3951 1718 4021 autem
1771 3941 1966 3995 lixisin

403 4037 704 4091 inauditum
754 4037 1121 4106 spectaculum
1171 4036 1344 4091 oculis
1396 4050 1656 4089 vanorum
1708 4034 1967 4088 mirantes

403 4127 693 4196 capiuntur
723 4128 894 4184 instar
926 4131 1063 4194 avis,
1095 4145 1211 4200 qua:
1240 4137 1464 4184 vocatur
1492 4129 1658 4192 bubo,
1700 4126 1856 4195 cujus
1889 4126 1963 4179 si-

405 4219 533 4273 tnile
559 4220 809 4273 convenit
853 4219 1048 4275 aﬂ‘erre
1092 4231 1312 4291 propter
1339 4235 1401 4275 ea
1447 4235 1567 4289 quae
1606 4220 1833 4273 instant.
1873 4217 1969 4272 Est

402 4320 583 4364 autem
610 4311 806 4365 animal
840 4314 939 4367 boc
972 4329 1073 4367 non
1111 4314 1337 4366 multum
1363 4311 1624 4366 dissimile
1655 4310 1846 4379 aquila:
1872 4324 1969 4367 ηοξ

2067 3226 2179 3285 τοῖς
2225 3225 2609 3293 ἐντυγχάνουσι
2655 3224 2722 3276 τὰ
2764 3224 3114 3296 ῥηθησόμενα
3142 3227 3284 3296 φανῇ
3310 3265 3326 3288 ,
3357 3226 3513 3279 δοκεῖ
3544 3226 3640 3278 καὶ

2068 3314 2158 3387 [τὰ
2187 3313 2258 3387 ³⁸]
2291 3316 2369 3385 τῷ
2415 3316 2627 3387 ’Δράτῳ
2689 3317 3126 3387 πεφροντισμένα
3171 3316 3300 3387 περὶ
3343 3317 3451 3386 τῆς
3497 3317 3642 3370 κατά

2065 3410 2173 3463 τῶν
2209 3409 2474 3481 οὐρανίων
2504 3410 2716 3479 ἄστρων
2753 3408 3042 3473 διαθέσεως
3087 3408 3344 3475 ἐξειπεῖν,
3385 3409 3464 3471 ὥς
3494 3425 3642 3471 τινες

2068 3502 2147 3563 εἰς
2196 3500 2264 3554 τά
2311 3500 2414 3553 ὐπὺ
2462 3499 2570 3553 τῶν
2615 3500 2846 3570 Γραφῶν
2884 3500 3146 3571 είρημένα
3196 3500 3642 3565 ἀπεικονίζοντες

2066 3592 2207 3647 αὐτά
2231 3591 2608 3664 ἀλληγοροῦσι,
2669 3594 2924 3664 μετάγειν
2968 3592 3014 3624 ⁸³
3047 3593 3138 3645 τὸν
3160 3591 3289 3645 νοῦν
3328 3592 3440 3645 τῶν
3471 3608 3643 3663 προσ-

2067 3685 2298 3755 εχόντων
2330 3685 2680 3755 πειρώμενοι,
2738 3685 2984 3749 πιθανοῖς
3032 3685 3209 3754 λόγοις
3266 3687 3643 3754 προσάγοντες

2069 3778 2265 3841 αὐτοὺς
2293 3777 2428 3848 πρὸς
2455 3776 2491 3831 ἀ
2522 3776 2821 3846 βούλονται,
2856 3776 3003 3841 ξένον
3028 3776 3213 3846 θαῦμα
3233 3776 3643 3846 ἐνδεικνύμενοι

2067 3868 2143 3930 ὡς
2187 3868 2702 3939 κατηστερισμένων
2751 3867 2858 3921 τῶν
2896 3868 2987 3919 ὑπ’
3020 3867 3198 3922 αὐτῶν
3227 3867 3568 3935 λεγομένων,
3592 3867 3647 3918 οἶ

2066 3960 2144 4029 τῷ
2178 3959 2468 4030 παραξένῳ
2529 3958 2768 4029 θαύματι
2815 3958 3105 4028 ἐνορῶντες
3162 3957 3645 4028 μικροθαύμαστοι

2067 4050 2375 4103 ἁλίσκονται
2418 4048 2574 4117 δίκην
2618 4048 2804 4111 ὀρνέου
2862 4047 2957 4100 τοῦ
3003 4047 3295 4116 λεγομένου
3343 4046 3532 4110 ὥτου,
3587 4037 3645 4099 οὗ

2067 4142 2127 4195 τὸ
2153 4139 2500 4210 παράδειγμα
2526 4138 2687 4191 καλὸν
2711 4139 2945 4205 ἐξειπεῖν
2966 4137 3053 4191 διὰ
3071 4138 3139 4190 τά
3164 4136 3460 4207 μέλλοντα.
3490 4137 3646 4189 Ἐστι

2066 4229 2123 4283 δὲ
2157 4230 2216 4282 τὺ
2243 4227 2381 4291 ζῶον
2416 4229 2477 4280 οὐ
2502 4226 2636 4279 πολὺ
2687 4226 3023 4297 άπεμφαῖνον
3050 4225 3210 4279 ἀετοῦ
3246 4224 3375 4278 οῦτε
3422 4225 3646 4295 μεγέθει

2067 4318 2190 4373 οὔτε
2259 4321 2482 4391 μορφῇ·
2532 4319 2811 4371 ἁλίσκεται
2870 4317 2926 4369 δέ
2970 4317 3157 4371 τοῦτον
3180 4317 3270 4369 τὸν
3313 4318 3544 4386 τρόπον·
3591 4316 3649 4369 '0

401 4421 508 4476 que
552 4406 920 4474 magnitudine
973 4420 1147 4473 neque
1195 4406 1386 4474 figura,
1427 4407 1637 4474 capitur
1679 4414 1857 4459 autem
1912 4404 1961 4457 in

2072 4411 2342 4482 άγρευτὴς
2374 4411 2420 4442 ⁵⁸
2447 4410 2555 4463 τῶν
2577 4408 2803 4480 ὀρνίθων
2834 4408 2970 4462 ἐπάν
3003 4409 3083 4479 ἴδῃ
3113 4408 3318 4478 ἀγέλην
3346 4426 3455 4461 που
3480 4426 3649 4461 κατα-

402 4498 548 4551 hunc
584 4501 797 4551 modum
829 4496 1079 4567 :Auceps
1126 4513 1247 4552 cum
1293 4498 1427 4551 vidit
1464 4508 1732 4551 catervam
1786 4496 1966 4567 aliquo

404 4589 457 4641 in
493 4587 611 4641 loco
639 4588 1078 4654 desidentem,ex
1111 4588 1400 4658 longinquo
1436 4589 1750 4642 concutiens
1775 4603 1966 4641 manus

402 4682 604 4734 s:tltare
636 4695 695 4735 se
726 4681 944 4735 simulat
972 4692 1026 4735 et
1067 4682 1118 4735 in
1161 4684 1305 4735 hunc
1344 4681 1557 4734 modum
1590 4681 1845 4749 paulatim
1878 4695 1970 4751 ap-

403 4772 731 4843 propinquat
781 4773 993 4837 avibus,
1025 4773 1133 4828 illae
1176 4782 1354 4827 autem
1398 4771 1788 4840 obstupefacta;
1818 4772 1971 4825 novi-

406 4874 520 4919 tate
545 4865 839 4935 spectaculi
878 4864 946 4919 ad
978 4866 1160 4919 omnia
1190 4865 1505 4919 etecutiunt.
1544 4865 1648 4918 Alii
1679 4876 1858 4919 autem
1902 4880 1968 4919 ex

406 4957 494 5021 iis,
518 4957 608 5025 qui
640 4956 705 5010 ad
736 4965 1017 5026 capturam
1064 4960 1237 5027 parati
1270 4968 1417 5021 sunt,
1456 4971 1485 5010 a
1522 4966 1675 5026 tergo
1720 4971 1975 5025 superve-

406 5049 617 5104 nientes
666 5062 793 5104 aves
842 5049 988 5104 nullo
1051 5050 1271 5117 negotio
1315 5049 1799 5119 comprehendunt,
1849 5065 1969 5105 cum

2074 4502 2284 4554 πτᾶσαν
2312 4501 2380 4561 ⁵⁵,
2414 4499 2695 4570 πόρρωθεν
2726 4498 3158 4570 ἀνακρουόμενος
3196 4498 3293 4559 τάς
3322 4500 3520 4568 χεῖρας
3557 4498 3647 4567 ὀρ·

2073 4591 2285 4661 χεῖσθαι
2312 4590 2635 4661 σκήπτεται,
2675 4590 2769 4643 καὶ
2824 4588 2965 4642 οὕτω
3003 4589 3138 4660 πρὸς
3199 4587 3383 4655 ὀλίγον
3438 4589 3648 4655 ἐγγίζει

2073 4684 2185 4746 τοῖς
2205 4680 2410 4753 ὄρνισιν
2434 4697 2448 4710 ’
2486 4682 2537 4734 οἱ
2564 4681 2619 4734 δὲ
2650 4680 2748 4751 τὴν
2780 4680 3077 4752 παράξενον
3120 4680 3249 4733 θέαν
3281 4681 3646 4748 καταπεπλη-

2077 4774 2233 4842 γότες
2261 4773 2646 4845 ἀπερίὸλεπτοι
2686 4772 2905 4825 πάντων
2926 4772 3184 4840 γίνονται.
3208 4770 3434 4840 Ἕτεροι
3454 4770 3515 4823 δὲ
3545 4772 3648 4824 τῶν

2073 4866 2168 4918 ἐπὶ
2205 4865 2302 4937 τὴν
2327 4866 2500 4938 ἄγραν
2529 4864 3059 4935 παρεσκευασμένων
3075 4860 3294 4915 ὄπισθεν
3321 4862 3651 4923 ἐπελθόντες

2071 4959 2199 5020 τοὺς
2231 4957 2409 5028 ὄρνεις
2452 4956 2685 5020 εὐκόλως
2708 4953 3169 5025 συλλαμϐάνονται
3212 4952 3538 5022 θεωμένους
3562 4954 3647 5005 τὸν

2077 5048 2371 5119 ὀρχηστήν.
2415 5045 2506 5099 Διὸ
2557 5045 2691 5110 ἀξιῶ
2746 5047 2819 5116 μή
2858 5061 2943 5108 τις
3000 5047 3113 5108 τοῖς
3148 5043 3355 5113 ὁμοίοις
3396 5043 3644 5114 θαύμασι

408 5139 844 5208 contemplantur
897 5139 1232 5195 saltatorem.
1278 5139 1616 5208 Quapropter
1665 5156 1874 5209 precor,
1907 5154 1962 5193 ηε

2076 5138 2443 5207 καταπλαγεὶς
2500 5136 2876 5209 ἐξηγουμένων
2935 5135 2980 5168 ⁸⁸
3043 5136 3134 5189 τὸν
3191 5134 3424 5205 οὐρανὸν
3492 5137 3647 5205 δίκην

404 5229 531 5301 quis
558 5229 822 5286 similibus
853 5231 1177 5300 Spectaculis
1219 5230 1624 5300 obstupefactus
1659 5230 1852 5285 C(elum
1890 5229 1972 5284 in-

2074 5228 2213 5283 ὥτου
2266 5228 2540 5300 συλληφθῇ
2577 5243 2594 5262 ο
2677 5228 2902 5299 δρχησις
2978 5226 3023 5259 ⁵⁷
3090 5226 3196 5295 γὰρ
3251 5226 3348 5278 καὶ
3400 5226 3575 5297 λῆρος
3614 5229 3648 5296 ἡ

1679 5388 1914 5442 YARl/E
1956 5385 2354 5442 LECTIONES.

514 5482 557 5514 “
581 5482 823 5547 δοξάζειν
854 5483 914 5549 C,
954 5486 1022 5541 Μ.

410 5553 457 5585 ³³
499 5555 772 5620 μετάγειν.

413 5623 593 5673 πᾶσαν
630 5638 712 5692 pr.
759 5624 822 5680 C.
895 5625 941 5656 “
967 5623 1327 5697 ἐξηγούμενον
1353 5628 1416 5682 C.
1488 5627 1531 5659 "
1557 5623 1786 5698 ὀρχησία
1821 5626 1884 5680 C.

1123 5487 1168 5519 ”
1194 5486 1291 5540 ἔτι.
1334 5486 1455 5538 ἐπεὶ
1489 5485 1559 5547 C,
1599 5484 1668 5540 M.
1738 5487 1783 5517 '°
1809 5484 1998 5539 ταῦτα.
2029 5484 2096 5537 τά
2123 5485 2258 5538 αὐτά
2282 5484 2324 5540 C
2344 5525 2358 5548 ,
2398 5484 2467 5541 M.
2492 5486 2535 5517 '“
2567 5484 2675 5537 οὐδ’
2704 5516 2771 5530 ρ-
2804 5482 2912 5535 οὐδ’
2948 5482 3023 5549 C,
3066 5482 3134 5537 M.

827 5555 966 5627 μεῗά
994 5555 1058 5627 βο
1097 5557 1321 5627 ἀπατᾷν.
1343 5573 1386 5610 S-
1434 5558 1640 5627 πλανᾷν
1680 5571 1825 5627 susp.
1846 5555 1933 5627 7M.
2005 5554 2052 5586 ’δ
2082 5556 2152 5610 De
2187 5557 2283 5610 bat.
2323 5568 2543 5626 captura
2570 5555 2643 5610 cf.
2679 5555 2874 5610 Athen.
2908 5551 2997 5621 IX,
3022 5568 3080 5623 ρ.
3115 5553 3219 5608 590
3246 5553 3305 5619 ι),
3345 5550 3477 5605 δι”
3513 5554 3647 5607 κατὰ

3228 5482 3272 5514 ⁸¹
3300 5481 3369 5533 τά
3405 5483 3543 5535 add.
3580 5480 3647 5533 Μ.
