3804 6220
112 292 237 362 3115

1220 303 1521 367 CONTRA
1556 306 1920 371 HERESES
1958 314 2103 376 LIB.
2147 317 2242 378 IV.

3184 327 3325 392 3116

113 435 176 485 φη
187 417 279 477 σἰν,
312 410 554 483 μεγάλης
581 411 814 479 κτίσεως
841 412 1129 486 σύμϐολον,
1148 418 1286 488 πρὸς
1310 419 1377 489 ἢν
1403 418 1653 474 πλέουσιν

1766 437 2086 492 sequuntur,
2107 435 2360 497 tanquam
2392 428 2626 485 volutam
2653 434 2939 502 quamdam
2976 434 3136 491 talem
3167 454 3323 493 crea-

111 504 377 574 Ἷιῖλληνες.
412 505 654 559 τουτέστι
684 507 818 577 πρὸς
844 508 911 577 ἢν
936 508 1285 563 παιδεύονται
1318 513 1412 565 καὶ
1440 512 1527 566 διά
1554 512 1662 566 τῶν

107 598 188 649 τοῦ
210 596 322 665 βίου
345 598 633 668 φερόμενοι
663 601 922 667 κυμάτων
969 602 1447 661 ἐπακολουθοῦσιν.
1476 606 1662 676 ἑλίκην

105 685 211 739 τινὰ
248 684 411 742 οὖσαν
464 689 560 755 τὴν
600 688 853 758 τοιαύτην
906 690 1082 744 κτίσιν
1127 691 1159 762 ἢ
1214 694 1563 749 διδασκαλίαν
1625 696 1658 767 ἢ

107 777 404 844 σοφίαν,εἰς
453 778 519 831 τά
566 780 742 832 ὀπίσω
786 781 1025 847 ἄγουσαν
1081 785 1207 847 τοὺς
1256 785 1553 856 ἑπομένους
1592 789 1657 857 τῇ

102 866 308 937 τοιαύτῃ
343 870 534 920 κτίσει.
557 869 769 940 Στροφὴ
810 872 917 941 γάρ
959 890 1042 935 τις
1071 874 1171 943 τῆς
1212 875 1430 946 Ἑλίκης
1488 893 1658 947 προσ-

102 960 283 1028 ηγορία
310 963 402 1013 καὶ
435 962 805 1027 ἁνακύκλωσις
840 966 932 1017 ἐπὶ
957 966 1003 998 ⁸³
1034 966 1101 1019 τὰ
1138 968 1275 1020 αὐτὰ
1308 965 1446 1023 εἶναι
1491 971 1656 1023 δοκεῖ.

99 1051 271 1121 λῐικρὰ
304 1052 358 1104 δέ
384 1070 466 1112 τις
507 1054 539 1123 ἡ
590 1054 749 1122 ἑτέρα
786 1056 1020 1127 ’Ἄρκτος
1056 1058 1216 1111 οἱονεί
1254 1077 1337 1123 τις
1364 1060 1526 1113 εἰκὼν
1560 1062 1657 1132 τῆς

98 1140 343 1211 δευτέρας
370 1144 596 1207 κτίσεως
630 1146 726 1215 τῆς
762 1148 902 1201 κατὰ
930 1148 1060 1201 Θεὸν
1096 1150 1408 1220 κτισθείσης
1431 1167 1443 1181 ⁸
1486 1153 1657 1220 ὀλίγοι

96 1234 212 1302 γὰρ,
242 1235 406 1302 φησιν
431 1235 495 1297 ⁵⁸,
533 1236 669 1287 είσίν
708 1238 755 1290 οἱ
785 1237 871 1291 διὰ
898 1241 994 1309 τῆς
1025 1241 1215 1309 στενῆς
1258 1242 1378 1295 ὁδοῦ
1429 1245 1656 1313 πορευό-

92 1341 236 1391 μενοι
261 1340 274 1354 ⁶
306 1326 496 1397 στενὴν
513 1328 557 1358 ³⁸
586 1328 641 1381 δὲ
678 1329 929 1397 λέγουσιν
970 1328 1108 1386 εῖναι
1132 1335 1231 1405 τὴν
1265 1338 1652 1408 Κυνοσουρίδα,

91 1415 219 1485 πρὸς
248 1417 313 1486 ἢν
344 1418 371 1469 ὁ
404 1418 636 1489 ’Ἄρατός
665 1437 829 1489 φησιν
871 1423 951 1475 ὅτι
1001 1425 1050 1476 οἱ
1085 1426 1310 1479 Σιδόνιοι
1344 1428 1655 1483 ναυτίλλον-

91 1523 172 1558 ται
200 1507 265 1559 ⁹⁶.
333 1508 598 1573 Σιδονίους
645 1512 701 1563 δὲ
728 1513 835 1564 ἀπὸ
863 1514 1063 1585 μέρους
1104 1516 1326 1587 εἴρηκεν
1356 1519 1384 1571 ὁ
1422 1520 1654 1590 Ἀρατος

85 1597 330 1659 Φοίνικας
361 1599 447 1653 διά
484 1601 544 1654 τὸ
589 1598 730 1655 εἶναι
786 1602 884 1673 τὴν
934 1606 1195 1659 Φοινίκων
1229 1608 1418 1677 σοφίαν
1447 1608 1655 1679 θαυμα-

89 1687 230 1759 στὴν,
255 1691 503 1754 Φοίνικας
532 1693 589 1746 δὲ
618 1688 757 1747 εἶναι
782 1696 1045 1766 Ἕλληνες
1074 1700 1115 1731 ³⁷
1150 1699 1367 1768 λέγουσι
1398 1702 1523 1763 τοὺς
1545 1703 1652 1755 ἀπὸ

82 1780 180 1848 τῆς
220 1780 485 1853 Ἐρυθρᾶς
509 1785 782 1856 Θαλάσσης
805 1791 1233 1859 κατοικήσαντας
1252 1792 1331 1850 είς
1351 1792 1538 1845 τοῦτον
1562 1792 1651 1845 τὸν

83 1871 273 1941 χῶρον,
308 1866 367 1925 οὐ
424 1878 516 1929 καὶ
548 1876 642 1930 νῦν
693 1878 905 1931 οἰκοῦσι
931 1896 945 1909 ο
972 1879 1132 1933 τοῦτο
1171 1881 1282 1953 γὰρ
1315 1882 1581 1954 Ἡροδότῳ
1605 1884 1649 1920 ³⁸

80 1960 239 2015 δοκεῖ.
272 1965 589 2037 Κυνόσουρα
613 1968 688 2032 δὲ,
726 1971 913 2039 φησὶν,
957 1971 1153 2043 αὐτηή
1188 1974 1441 2044 Ἀρκτος,
1473 1976 1507 2045 ἡ
1536 1975 1652 2028 κτί-

81 2072 161 2117 σις
204 2058 237 2125 ἡ
285 2057 532 2129 δευτέρα,
590 2062 623 2132 ὴ
678 2061 870 2133 μικρὰ,
908 2066 940 2134 ἡ
990 2065 1148 2136 στενὴ
1176 2066 1314 2130 ὁδὸς.
1345 2070 1438 2121 καὶ
1465 2069 1586 2140 οὐχὶ
1613 2072 1646 2133 ἠ

90 2147 291 2220 Ἑλίκη.
319 2152 393 2203 Οὐ
438 2153 548 2223 γάρ
602 2156 681 2218 εἰς
711 2155 777 2207 τὰ
806 2156 980 2210 ὀπίσω
1011 2157 1153 2226 ἄγει.
1189 2159 1303 2212 ἀλλ’
1338 2161 1419 2223 εἰς
1451 2161 1515 2213 τά
1550 2162 1649 2230 έμ-

76 2241 310 2309 προσθεν
330 2243 417 2295 ἐπ’
446 2245 661 2308 εὐθείας
693 2246 818 2310 τούς
859 2248 1158 2317 ἑπομένους
1195 2251 1399 2320 ὁδηγεῖ,
1422 2253 1580 2315 κυνὸς
1601 2254 1647 2285 ⁸⁸

75 2327 225 2387 οὐσα.
258 2335 421 2389 Κύων
450 2337 560 2408 γὰρ
605 2340 633 2390 ό
682 2338 858 2406 λόγος,
909 2339 1066 2393 τοῦτο
1125 2341 1222 2411 μὲν
1270 2343 1518 2413 φρουρῶν
1556 2344 1649 2395 καὶ

75 2426 362 2494 φυλάσσων
391 2429 450 2480 τὸ
503 2428 987 2500 ἐπιϐουλευόμενον
1031 2432 1135 2485 ὐπὸ
1176 2432 1281 2485 τῶν
1329 2433 1507 2487 λύκων
1530 2434 1649 2487 ποί-

76 2532 248 2585 μνιον,
278 2516 437 2571 τοῦτο
466 2518 521 2572 δὲ
556 2518 665 2573 ἀπὸ
702 2521 800 2588 τῆς
836 2520 1065 2584 κτίσεως
1101 2521 1170 2575 τά
1199 2522 1363 2593 θηρία
1393 2510 1651 2592 κυνηγῶν

70 2609 164 2661 καὶ
195 2608 550 2681 διαφθείρων,
600 2610 758 2663 τοῦτο
789 2611 844 2664 δὲ
888 2611 1094 2680 γεννῶν
1127 2613 1195 2666 τὰ
1235 2614 1434 2677 πάντα,
1466 2614 1581 2678 καὶ,
1620 2613 1649 2667 ὃ

70 2699 130 2771 δή
158 2716 315 2770 φησι,
346 2701 513 2765 κύων,
563 2703 808 2756 τουτέστι
836 2704 1059 2771 γεννῶν.
1109 2704 1408 2769 Ἐντεῦθεν,
1462 2709 1645 2781 φησιν,

66 2792 95 2843 ὁ
126 2793 369 2861 ’Ἄρατος
400 2793 529 2863 περὶ
548 2792 649 2862 τῆς
673 2793 766 2846 τοῦ
798 2793 973 2858 Κυνὸς
1003 2795 1263 2866 ἀνατολῆς
1288 2796 1461 2863 λέγων
1492 2796 1647 2867 εἴρη-

65 2898 159 2935 κεν
188 2881 366 2945 οὕτως
391 2898 404 2911 ·
433 2884 629 2949 Κυνὸς
653 2884 720 2937 δὲ
756 2885 1190 2952 ἀνατείλαντος
1232 2886 1432 2941 οὐκέτι
1465 2904 1650 2955 φυτα-

60 2975 228 3027 λιαὶί
263 2975 625 3043 ἐψεύσαντο.
679 2975 851 3030 Τοῦτό
904 2979 1052 3031 ἐστιν
1091 2978 1119 3031 ὃ
1173 2979 1358 3046 λέγει·
1406 2978 1487 3031 Τὰ
1549 2996 1650 3048 φυ-

62 3069 334 3157 τευόμενα
369 3068 510 3157 φυτά
542 3070 634 3157 ,είς
674 3067 773 3157 τὴν
830 3069 936 3138 γῆν
985 3068 1146 3140 μέχρι
1187 3073 1286 3140 τῆς
1329 3069 1424 3123 τοῦ
1467 3069 1644 3132 Κυνὸς
1669 3100 1710 3157 C

59 3154 338 3224 ἀνατολῆς
389 3156 647 3218 πολλάκις
681 3156 754 3227 μὴ
793 3157 1216 3229 ῥιζοϐολὴσαντα
1250 3159 1399 3229 ὅμως
1445 3158 1641 3227 τέθηλε

61 3244 306 3311 φύλλοις,
361 3248 451 3299 καὶ
501 3247 829 3301 ἐνδείκνυται
876 3251 987 3311 τοῖς
1025 3248 1311 3319 βλέπουσιν
1358 3250 1440 3302 ὅτι
1492 3249 1643 3303 ἔσται

55 3336 370 3408 τελεσφόρα
394 3338 757 3407 καὶφαίνεται
790 3338 988 3405 ζῶντα,
1022 3340 1119 3392 οὐκ
1138 3340 1328 3409 ἔχοντα
1358 3338 1505 3412 ζωὴν
1534 3340 1642 3394 άπὸ

55 3429 157 3499 τῆς
198 3430 362 3500 ῥίζης
386 3431 443 3482 ὲν
468 3430 684 3493 αὐτοῖς’
713 3431 933 3484 ἐπειδάν
971 3430 1013 3483 δ’
1042 3432 1074 3502 ὴ
1113 3433 1132 3463 ⁸
1158 3430 1250 3484 τοῦ
1286 3432 1463 3496 Κυνὸς
1506 3434 1641 3487 ἁνα-

52 3518 186 3589 τολὴ
203 3520 456 3587 γένηται,
488 3519 592 3572 ὑπὸ
612 3518 707 3573 τοῦ
742 3520 915 3582 Κυνὸς
952 3518 1022 3572 τὰ
1060 3518 1239 3584 ζῶντα
1273 3519 1381 3573 ἀπὸ
1416 3520 1522 3573 τῶν
1554 3538 1641 3574 νε-

53 3610 212 3680 κρῶν
258 3610 625 3680 διακρίνεται·
690 3610 1014 3683 μαραίνεται
1062 3610 1171 3681 γὰρ
1200 3611 1368 3673 ὅντως
1403 3611 1503 3664 ὅσα
1540 3613 1641 3665 οὐκ

50 3700 504 3772 ὲρῤιζοϐόλησεν.
534 3699 701 3765 Οὗτος
730 3701 845 3767 οὖν,
872 3703 1055 3771 φησὶν,
1097 3704 1126 3755 ὁ
1157 3702 1338 3761 Κύων,
1373 3701 1529 3769 λόγος
1556 3719 1640 3766 τις

48 3790 127 3843 ῶν
193 3792 365 3857 θεῖος,
416 3792 755 3865 ζώντωνῚρ.
788 3793 876 3858 86,
909 3792 999 3865 87]
1054 3793 1148 3847 καὶ
1206 3792 1414 3864 νεκρῶν
1451 3793 1641 3863 κριτὴς

48 3883 396 3953 καθέστηκε,
438 3883 557 3954 [καὶ
584 3884 627 3956 ³]
653 3885 901 3956 καθάπερ
926 3885 1037 3938 τῶν
1080 3886 1264 3955 φυτῶν
1288 3888 1311 3915 ⁸
1337 3885 1366 3936 ὁ
1393 3884 1554 3937 Κύων
1578 3884 1639 3937 τδ

45 3975 266 4045 ἄστρον
294 3977 387 4028 ἐπὶ
412 3976 512 4045 τῆς
554 3978 785 4041 κτίσεως
830 3977 1138 4048 θεωρεῖται,
1177 3975 1352 4040 οὕτως
1396 3977 1489 4030 ἐπὶ
1527 3975 1639 4029 τῶν

42 4068 331 4137 οὐρανίων
371 4068 573 4136 φυτῶν,
620 4070 773 4139 φησὶ,
791 4069 899 4123 τῶν
921 4069 1249 4139 ἀνθρώπων,
1280 4071 1309 4123 ὁ
1337 4068 1512 4136 λόγος.
1538 4067 1638 4121 Διὰ

40 4158 147 4227 τὴν
163 4158 434 4228 τοιαύτην
457 4155 548 4213 οὖν
573 4161 750 4214 αἰτίαν
773 4162 807 4229 ἡ
827 4160 1053 4231 δευτέρα
1075 4159 1272 4222 κτίσις,
1297 4158 1635 4227 Κυνόσουρα,

40 4248 289 4319 λογικῆς
331 4251 560 4315 κτίσεως
596 4250 759 4305 εἰκὼν
798 4252 1031 4321 ἕστηκεν
1078 4253 1137 4304 ὲν
1168 4250 1380 4321 οὐρανῷ
1412 4265 1429 4282 ⁸
1472 4252 1635 4322 μέσος

36 4340 99 4392 δὲ
132 4342 164 4393 ό
197 4341 434 4411 Δράκων
462 4345 571 4395 τῶν
601 4342 693 4396 δύο
743 4344 973 4396 κτίσεων
1020 4342 1378 4406 ὐποτείνεται,
1424 4342 1491 4396 τὰ
1525 4343 1633 4397 άπὸ

1766 528 1939 570 turam
1982 520 2065 572 vel
2106 519 2440 588 disciplinam
2473 522 2558 575 vel
2596 525 2913 592 sapientiam
2946 539 3093 589 retro
3122 531 3325 584 ducen-

1769 619 1877 663 tem
1927 626 2024 665 eos
2066 612 2156 679 qui
2208 624 2506 682 sequuntur
2550 614 2707 669 talem
2760 627 3082 672 creaturam.
3135 621 3324 676 Versio

1760 703 1903 756 enim
1940 704 2185 773 qumdam
2220 705 2415 759 Helicae
2440 708 2728 775 appellatio
2754 721 2809 763 et
2842 710 3104 765 revolutio
3136 715 3200 766 ad
3231 732 3320 768 ea-

1760 790 1881 843 dem
1923 807 2044 846 esse
2095 794 2327 848 videtur.
2369 793 2572 861 Exigua
2623 806 2801 850 autem
2856 800 3099 865 quazdam
3153 801 3321 855 altera

1762 880 1895 937 Ursa
1959 891 2217 953 tanquam
2255 888 2431 955 imago
2476 888 2715 955 quadam
2764 888 2985 943 alterius
3032 894 3323 947 creatiouis

1759 977 2051 1028 secundum
2088 976 2255 1030 Deum
2282 979 2533 1033 conditae.
2559 978 2719 1033 Pauci
2767 981 2932 1048 enim,
2960 982 3153 1052 inquit,
3176 997 3319 1046 sunt,

1758 1069 1848 1135 qui
1892 1083 1986 1136 per
2032 1080 2319 1139 angustum
2370 1073 2639 1124 tramitem
2692 1073 2967 1126 incedunt.
3022 1074 3317 1143 Augustam

1759 1172 1935 1215 autem
1977 1162 2164 1215 dicunt
2196 1178 2314 1218 esse
2354 1162 2766 1233 Cynosuridem,
2816 1168 2882 1219 ad
2916 1182 3074 1232 quam
3120 1172 3323 1224 Aratus

1760 1251 2007 1306 Sidonios
2037 1254 2115 1307 ait
2142 1256 2535 1323 navigationem
2574 1255 2881 1311 instituere.
2927 1258 3179 1312 Sidonios
3225 1277 3319 1313 an.

1757 1348 1861 1393 tem
1889 1358 1951 1395 ex
1978 1351 2130 1411 parte
2156 1342 2353 1397 Aratus
2375 1344 2509 1397 dixit
2537 1345 2842 1411 Phoenices,
2874 1360 3155 1417 propterea
3178 1353 3320 1417 quod

1756 1433 2072 1488 Phtenicum
2108 1436 2373 1502 sapientia
2415 1437 2751 1492 admirabilis
2779 1450 2882 1494 est.
2920 1440 3201 1495 Plueuices
3225 1457 3321 1495 au-

1758 1538 1862 1582 tem
1895 1542 2014 1581 esse
2041 1527 2212 1582 Grmci
2239 1529 2423 1581 dicunt
2457 1544 2571 1590 eos,
2602 1531 2692 1598 qui
2730 1533 2796 1583 ah
2841 1531 3023 1586 Rubro
3057 1538 3191 1587 mari
3232 1550 3317 1586 se-

1755 1619 1846 1671 des
1879 1618 2264 1672 traustulerunt
2306 1618 2356 1671 in
2387 1634 2510 1671 eum
2559 1620 2756 1685 locum,
2782 1636 2939 1689 quem
2972 1624 3135 1676 etiam
3175 1640 3317 1677 nunc

1756 1706 2097 1773 inhabitant;
2158 1709 2262 1761 hoc
2310 1707 2452 1761 enim
2500 1708 2765 1763 Herodoto
2802 1712 2996 1779 placet.
3038 1712 3315 1782 Cynosura

1754 1810 1955 1865 autem,
1995 1800 2189 1867 inquit.
2217 1801 2329 1854 lucc
2359 1798 2517 1861 Ursa.
2548 1814 2796 1855 creatura
2842 1807 3098 1870 secunda,
3129 1821 3317 1874 parva,

1757 1898 2017 1956 angustus
2051 1898 2269 1948 trames.
2305 1899 2361 1943 et
2395 1906 2497 1943 non
2530 1888 2732 1944 Helice.
2784 1889 2899 1944 Non
2934 1893 3075 1945 enim
3113 1902 3317 1947 retror-

1753 1991 1870 2031 sum
1904 1977 2069 2039 ducit,
2102 1978 2197 2031 sed
2225 1993 2446 2045 prorsus
2474 1989 2618 2033 recta
2649 1980 2733 2034 via
2768 1997 2865 2035 eos
2899 1984 2987 2051 qui
3018 1994 3319 2051 sequuntur

1752 2069 2085 2135 manuducit,
2114 2071 2308 2139 quippe
2330 2087 2450 2140 qua
2476 2072 2546 2125 sit
2574 2074 2757 2137 κυνός.
2793 2074 2955 2127 Κύων
2985 2077 3129 2129 enim
3166 2078 3317 2145 logus

1751 2170 1852 2221 est,
1884 2162 2080 2230 partim
2109 2163 2416 2219 custodiens
2448 2174 2501 2216 et
2531 2178 2756 2218 servans
2792 2182 3029 2234 gregem,
3064 2169 3149 2222 cui
3185 2169 3317 2223 insi-

1752 2250 1968 2303 diantur
1996 2249 2126 2319 lupi,
2161 2256 2352 2321 partim
2378 2269 2406 2305 a
2431 2266 2674 2308 creatura
2706 2255 2910 2310 belluas
2942 2266 3193 2325 tanquam
3224 2276 3318 2313 ca-

1752 2343 1834 2393 nis
1863 2355 2068 2395 venans
2096 2354 2149 2394 et
2180 2344 2551 2409 pessumdans,
2597 2344 2790 2410 partim
2826 2362 3092 2415 generans
3122 2360 3314 2403 cuncta

1749 2440 1827 2494 et,
1894 2430 2038 2498 quod
2090 2432 2259 2496 aiunt,
2309 2432 2474 2495 κύων,
2537 2434 2639 2487 hoc
2686 2444 2770 2488 est
2818 2450 3101 2499 generans.
3156 2435 3312 2501 Hinc,

1749 2523 1921 2584 aiunt,
1957 2523 2154 2576 Aratus
2188 2527 2253 2578 de
2278 2535 2396 2577 ortu
2430 2523 2597 2578 Canis
2640 2523 2864 2593 loquens
2904 2525 3038 2579 dixit
3069 2526 3169 2580 hoc
3201 2544 3315 2579 Ino-

1750 2616 1818 2666 do
1852 2630 1867 2668 :
1909 2612 2047 2668 Cane
2063 2625 2234 2667 autem
2251 2629 2364 2668 orto
2394 2631 2495 2668 non
2515 2620 2634 2684 jam
2666 2625 2861 2684 segetes
2900 2618 3128 2669 mentita:
3166 2630 3310 2672 sum.

1749 2702 1861 2757 Hoc
1887 2714 1968 2757 est
1998 2703 2140 2772 quod
2167 2704 2241 2756 ait
2278 2722 2291 2755 :
2321 2704 2526 2758 semina
2559 2706 2800 2774 conjecta
2831 2706 2883 2760 in
2916 2716 3115 2760 terram
3143 2723 3312 2775 usque

1747 2795 1816 2848 ad
1856 2795 2019 2850 Canis
2057 2802 2233 2848 ortum
2284 2809 2448 2861 saepe,
2500 2810 2621 2849 cum
2672 2797 2876 2850 radices
2908 2812 3015 2850 non
3062 2806 3309 2866 egerunt,

1750 2894 1930 2938 tamen
1959 2884 2307 2937 etlloruerunt
2340 2883 2483 2938 foliis
2509 2895 2563 2938 et
2606 2885 2954 2939 manifestam
3000 2886 3281 2953 inspecta"

1749 2975 1892 3027 tibus
1934 2989 1994 3029 se
2041 2975 2156 3029 fore
2190 2975 2463 3029 fructuosa
2497 2984 2551 3028 et
2598 2985 2858 3044 apparent
2906 2976 3161 3045 vigentia,
3205 2995 3307 3030 non

1748 3066 2001 3121 habentia
2038 3066 2201 3119 vitam
2237 3081 2265 3118 a
2296 3067 2474 3119 radice
2504 3069 2556 3119 in
2606 3066 2773 3134 ipsis;
2809 3066 2897 3121 ubi
2935 3077 3112 3119 autem
3148 3065 3310 3121 Canis

1747 3167 1899 3210 ortus
1928 3159 2054 3223 erit,
2086 3172 2113 3209 a
2140 3156 2287 3211 Cane
2316 3172 2435 3226 qua:
2464 3158 2648 3211 vivunt
2673 3173 2701 3210 a
2733 3158 2960 3211 mortuis
2993 3158 3308 3212 discernun~

1746 3257 1862 3314 tur;
1894 3256 2151 3302 arescunt
2181 3249 2326 3300 enim
2356 3262 2541 3302 revera
2568 3262 2904 3317 quwcunque
2947 3248 3154 3303 radices
3199 3266 3305 3303 non

1743 3349 1989 3411 egerunt.
2025 3339 2122 3395 llic
2166 3338 2353 3409 igitur,
2389 3340 2588 3409 inquit,
2618 3338 2780 3393 Canis
2826 3354 2947 3391 cum
2985 3338 3137 3408 logus
3185 3344 3307 3408 qui-

1742 3435 1863 3486 dam
1922 3433 1991 3486 sit
2039 3433 2273 3495 divinus,
2341 3432 2583 3485 vivorum
2642 3440 2699 3484 et
2757 3440 3090 3484 mortuorum
3139 3429 3303 3497 judvx

1746 3524 2092 3594 122-123
2122 3524 2354 3586 exstitit,
2384 3532 2437 3576 et
2472 3522 2630 3577 sicuti
2679 3522 2982 3591 plantarum
3031 3521 3198 3576 Canis
3232 3526 3305 3575 si-

1742 3632 1839 3668 uus
1888 3616 1939 3668 in
1986 3625 2237 3667 creatura
2283 3627 2403 3666 sese
2440 3612 2682 3672 exhibet,
2745 3609 2824 3663 ita
2889 3610 2943 3663 in
2992 3608 3305 3662 ctelestibus

1741 3705 1957 3773 plantis,
2011 3703 2206 3773 inquit,
2276 3703 2602 3762 hominibus,
2659 3701 2829 3769 logus.
2882 3700 3112 3765 Propter
3167 3700 3303 3753 hanc

1742 3797 1905 3865 igitur
1941 3809 2160 3848 causam
2210 3794 2378 3846 altera
2437 3803 2705 3857 creatura,
2747 3790 3064 3862 Cynosura,
3118 3792 3303 3861 logica)

1739 3897 2004 3940 creatura:
2060 3885 2237 3951 imago
2267 3885 2514 3937 constitit
2569 3884 2622 3936 in
2667 3882 2826 3935 caelo.
2860 3881 3065 3935 Medius
3122 3892 3300 3934 autem

1741 3977 1911 4031 Draco
1942 3977 2084 4030 inter
2113 3976 2299 4029 ambas
2344 3987 2622 4028 creaturas
2663 3972 3024 4035 subtenditur,
3066 3985 3150 4036 ea,
3181 3986 3302 4039 qua:

1737 4077 1864 4123 sunt
1892 4082 2101 4136 magnae
2133 4077 2422 4133 creatura},
2449 4066 2745 4133 impediens
2774 4065 2826 4118 in
2864 4064 3112 4133 exiguam
3148 4078 3301 4117 crea-

1736 4170 1909 4214 turam
1946 4159 2351 4225 transmigrare,
2398 4172 2591 4225 eaque,
2625 4171 2744 4225 qua:
2792 4157 2844 4209 in
2888 4164 3135 4209 creatura
3171 4169 3300 4207 cou-

1734 4255 2009 4313 stiterunt,
2038 4250 2200 4303 veluti
2241 4265 2386 4314 eum,
2420 4251 2510 4319 qui
2567 4257 2650 4302 est
2700 4247 2753 4301 in
2804 4248 3067 4317 genubus,
3113 4257 3298 4300 custo-

1734 4345 1910 4406 diens,
1943 4344 2237 4397 observans
2263 4378 2277 4402 ,
2312 4341 2581 4408 quomodo
2614 4348 2670 4393 et
2696 4340 3145 4405 quemadmodum
3182 4339 3297 4391 sin-

35 4432 145 4503 τῆς
187 4432 441 4503 μεγάλης
468 4431 697 4495 κτίσεως
726 4433 949 4487 κωλύων
978 4435 1070 4488 ἐπὶ
1101 4434 1199 4500 τὴν
1231 4435 1431 4504 μικρὰν
1459 4435 1633 4489 κτίσιν

1749 4441 1861 4504 gula
1918 4435 1971 4487 in
2015 4433 2205 4501 exigua
2252 4442 2500 4485 creatura
2552 4431 2916 4484 constiterint.
2968 4427 3299 4483 Observatur

38 4522 370 4592 μετελθεῖν,
396 4524 465 4578 τά
485 4540 545 4577 τε
572 4525 630 4577 ὲν
649 4527 714 4596 τῇ
747 4524 922 4579 κτίσει
951 4525 1347 4597 καθεστηκότα,
1381 4528 1635 4601 καθάπερ

31 4616 136 4667 τὸν
201 4615 301 4668 Ἑν
342 4615 557 4685 γόνασι,
600 4616 1042 4688 παραφυλάσσων
1084 4617 1131 4682 ⁸,
1164 4618 1348 4688 τηρῶν
1392 4618 1502 4682 πῶς
1542 4620 1635 4672 καὶ

28 4706 170 4758 τίνα
202 4706 413 4769 τρόπον
443 4706 674 4760 ἕκαστον
696 4709 755 4760 ὲν
785 4709 850 4778 τῇ
884 4708 1055 4778 μικρᾷ
1097 4706 1272 4761 κτίσει
1303 4708 1630 4777 καθέστηκε.

30 4796 327 4866 Τηρεῖται
347 4795 403 4848 δὲ
424 4797 519 4848 καὶ
547 4797 712 4859 αὐτὸς
732 4797 874 4849 κατὰ
901 4797 996 4867 τὴν
1029 4797 1292 4866 κεφαλὴν,
1321 4798 1503 4867 φησὶν,
1529 4795 1633 4849 ὐπὸ

26 4886 134 4939 τοῦ
185 4885 504 4955 Ὀφιούχου.
554 4887 724 4958 Αὕτη,
785 4889 968 4958 φησιν,
1028 4887 1189 4941 εἰκὼν
1235 4890 1255 4921 ⁸
1290 4888 1519 4959 ἕστηκεν
1574 4892 1630 4939 ἐν

25 4977 301 5049 οὐρανῷ,
336 4979 498 5047 σοφία
552 4996 635 5042 τις
661 4975 793 5033 οὐσα
832 4984 940 5043 τοῖς
966 4981 985 5011 ⁷
1026 4981 1152 5033 ἰδεῖν
1181 4980 1517 5049 δυναμένοις.
1564 4981 1628 5031 Εἰ

1742 4533 1919 4576 autem
1966 4530 2021 4574 et
2055 4521 2169 4588 ipse
2207 4521 2272 4572 ad
2309 4529 2488 4584 caput,
2532 4518 2726 4587 inquit,
2774 4521 2841 4572 ab
2879 4519 3293 4589 Anguiteneute.

1738 4612 1886 4675 llaec,
1941 4612 2135 4679 inquit,
2172 4610 2348 4680 imago
2401 4610 2648 4663 constitit
2702 4609 2756 4663 in
2809 4610 2970 4673 caelo,
3022 4611 3287 4679 sapientia

1738 4704 1983 4771 quaedam
2022 4703 2108 4767 iis,
2141 4703 2231 4771 qui
2260 4702 2446 4755 videre
2475 4710 2718 4768 possunt.
2770 4698 2863 4754 Sin
2894 4701 2961 4754 ab
2996 4701 3096 4755 hac
3145 4712 3298 4768 parte

1736 4799 2026 4851 obscurum
2056 4805 2160 4860 est,
2209 4810 2305 4863 per
2346 4795 2531 4859 aliam,
2584 4795 2780 4863 inquit,
2812 4794 3098 4863 imaginem
3136 4808 3295 4847 crea-

1736 4896 1852 4938 tura
1902 4886 2054 4937 decet
2114 4884 2507 4952 philosophari,
2561 4883 2626 4937 de
2668 4899 2770 4951 qua
2822 4885 3019 4936 Aratus
3052 4884 3188 4935 dixit
3241 4883 3292 4936 in

1734 4980 1874 5031 hunc
1903 4979 2113 5028 modum
2154 4994 2167 5030 :

1249 5145 1253 5149 '
1327 5133 1559 5189 VABIA'J
1605 5132 2016 5187 LEGTIOLVES.

105 5270 162 5341 ῥ’
193 5269 333 5341 ἐπεὶ
365 5269 431 5321 τὰ
458 5268 518 5341 C.
593 5268 638 5302 “
657 5268 739 5324 Cl.
772 5269 956 5323 Matth.
987 5286 1079 5328 vn.
1113 5269 1217 5341 14:
1255 5268 1329 5341 Τί
1348 5270 1508 5341 στενὴ
1542 5266 1596 5341 [ἡ
1624 5286 1653 5341 ξπ

1749 5266 1791 5339 π]
1830 5270 1921 5322 καὶ
1959 5268 2288 5341 τεθλιμμένη
2320 5271 2350 5338 ἡ

23 5340 136 5411 καὶ
184 5338 373 5405 ὀλίγοι
420 5340 637 5411 είσὶνὶοί
674 5341 1014 5411 εὑρίσκοντες
1050 5340 1273 5411 αὐτήνιλ
1319 5340 1363 5369 ⁸³
1392 5339 1658 5411 στενοὶ-(Σ.
1734 5338 1801 5411 A”
1817 5341 1903 5411 _(_2l'.
1946 5338 2175 5411 Arat.'}'_.
2212 5338 2319 5411 4477:
2360 5340 2421 5409 Ti

982 5412 1029 5443 ”
1070 5407 1355 5478 Ἦρωδότῳ
1392 5424 1533 5461 corr.
1572 5408 1649 5473 C,

1749 5449 1762 5462 .
1816 5407 2071 5462 Herndot.
2114 5409 2251 5462 Hist.
2292 5410 2344 5467 Ι,
2384 5407 2508 5463 ΓΜ.
2586 5409 2630 5441 θ’
2665 5410 2842 5473 κυνός.
2893 5411 3067 5474 κτίσις
3111 5411 3173 5466 C.
3220 5413 3289 5467 Μ.

23 5410 356 5462 τίλλονται.
402 5476 427 5479 _
454 5410 501 5479 "7
527 5408 791 5479 Ἕλληνας
810 5410 872 5463 C.

2381 5270 2495 5342 όδδς
2588 5269 2874 5342 ἀπάγουσα
2898 5272 2977 5342 είς
3004 5270 3100 5341 τὴν
3128 5272 3292 5342 ζωὴν,

1754 5342 1801 5372 ⁸⁵
1818 5341 1903 5409 ρῑ.
1946 5339 2175 5395 Ανοιμν.
2212 5340 2319 5393 λιιι
2360 5340 2436 5409 Τῇ
2474 5340 2569 5392 καὶ
2598 5340 2821 5392 Σιδόνιοι
2868 5339 3121 5395 ἰθύντατα
3167 5339 3294 5394 να,-

23 5478 360 5549 ιφιλαίςτιαι
390 5476 451 5537 C.
470 5478 630 5549 Arat.
665 5476 715 5534 ν.
747 5480 851 5534 552
874 5496 992 5549 sqq.
1031 5497 1044 5531 :
1072 5476 1266 5549 Οὐκέτι
1296 5476 1469 5529 κεῖνον
1496 5479 1653 5549 (se:

1749 5482 1846 5543 ιον)
1876 5480 1969 5549 ἅμ’
1992 5480 2155 5547 ἠελίῳ
2183 5480 2397 5531 ἀνιόντα
2428 5480 2436 5545 |
2469 5478 2725 5531 Φυταλιαὶ
2753 5479 3033 5548 ψεύδονται
3065 5481 3293 5535 ἁναλδέα

23 5548 431 5652 φυλλιόωσίιιἐξ
458 5548 490 5652 L
516 5548 683 5652 'Pkegal‘
707 5549 814 5652 γὰρ
844 5548 936 5604 οὖν
981 5550 1173 5652 ἔκρινε
1203 5548 1292 5649 διὲξ
1344 5549 1555 5652 φτίχαςλ
1582 5548 1922 5652 όςύςυάῖξαδς,
1956 5548 1966 5613 Ι
1999 5549 2108 5600 Καὶ
2146 5550 2213 5652 ξὰ
2248 5549 2347 5618 μὲν
2400 5548 2657 5652 ἱῤῥωσεν,
2696 5550 2804 5602 τῶν
2837 5551 2891 5603 δὲ
2923 5551 3080 5617 φλόον
3125 5550 3292 5652 ῶλερῖε

23 5620 227 5652 ..κιαι-η
833 5622 920 5652 ..-ι
974 5624 1054 5652 συί,
1322 5634 1351 5652 ι..
1559 5635 1586 5652 ι.
1656 5651 1660 5652 ν
1918 5635 2140 5652 "nam.
2181 5620 2358 5652 an...“
2450 5635 2673 5652 Μυκη-..ρ
2748 5637 2820 5652 ...η
2835 5621 3195 5652 “Musam-..”

23 5620 260 5672 πάντα.
296 5685 308 5689 _
337 5619 358 5689 τ
383 5617 428 5683 δ’
458 5620 515 5689 ἡ.
538 5620 618 5689 δὲ
644 5619 705 5675 c.

833 5622 926 5674 καὶ
974 5616 1226 5691 add._M._
1254 5617 1292 5691 _‘
1322 5616 1381 5670 τὸ
1423 5616 1653 5691 φυτὸν-ς

1749 5618 1787 5691 l.
1852 5620 1885 5691 γ⁸
1918 5616 2358 5691 παραφυλάσσων
2398 5616 2708 5688 Roeperus,
2748 5616 3195 5691 παραφυλάσσειν
3226 5622 3288 5690 C,

23 5678 575 5762 παραφυλάσσείΜ.
645 5690 667 5722 ⁶
695 5689 751 5746 In
778 5689 820 5747 C
858 5707 958 5746 vox
988 5687 1151 5744 εἰκών
1179 5688 1390 5744 videtur
1413 5678 1564 5743 erasa
1598 5688 1643 5741 M

1749 5689 1755 5717 ν
1788 5690 1919 5751 τοῖς.
1953 5678 2043 5742 τοῦ
2067 5678 2129 5743 C.
