3804 6220
444 261 583 340 3117

1918 275 2283 337 ORIGENIS

3550 276 3684 341 3118

446 390 504 443 δέ
536 390 684 441 ἐστιν
716 385 924 457 ἀσαφὲς
953 386 1096 442 κατὰ
1120 385 1301 454 τοῦτο,
1328 385 1397 440 δι’
1426 385 1589 457 ἄλλης
1621 385 1849 450 εἰκόνος,
1886 388 2053 456 φησὶν
2114 389 2146 440 ἢ
2172 388 2346 451 κτίσις
2374 386 2617 442 διδάσκει
2654 387 2985 458 φιλοσοφεῖν,
3018 390 3145 461 περὶ
3179 382 3247 462 ἧς
3282 389 3312 443 6
3339 389 3581 462 Ἄρατος
3612 393 3681 445 εξ-

449 498 617 554 ρηκεν
638 480 835 543 οὕτως·

558 595 741 664 Neque
763 596 926 664 igitur
952 593 1139 660 Cephei
1162 609 1321 662 genus
1348 608 1700 648 wrumnosum
1720 589 1939 645 Iasidos.

521 712 611 768 49.
642 710 913 778 Cepheus,
945 708 1142 778 inquit,
1188 707 1259 762 ibi
1309 721 1477 776 prope
1524 708 1677 762 abest
1721 714 1773 759 et
1806 704 2021 760 Cassie-

447 818 549 873 pea
576 811 630 857 et
659 801 999 855 Andromeda
1032 808 1086 852 et
1113 799 1363 865 Perseus,
1401 814 1593 868 magna
1618 807 1881 853 creaturae
1910 798 2019 853 ele-

450 904 632 950 menta
684 895 751 947 iis
780 894 869 961 qui
916 906 1141 945 cernere
1179 900 1422 960 possunt.
1465 890 1737 958 Cepheum
1766 891 1910 944 enim
1945 891 2019 943 ait

449 999 571 1039 csse
609 986 802 1042 Adam.
833 983 1179 1050 Cassiepeam
1210 981 1402 1043 Evam,
1444 981 1842 1034 Andromedam
1892 982 2019 1034 utri-

450 1090 622 1144 usque
657 1075 851 1127 horum
883 1072 1139 1135 animam,
1195 1070 1449 1124 Perseum
1479 1070 1679 1141 logum,
1705 1070 1898 1124 alatam
1926 1068 2019 1123 Jo-

448 1169 533 1220 vis
584 1167 809 1235 prolem,
859 1163 1049 1219 Cetum
1091 1163 1432 1216 insidiantem
1470 1161 1723 1215 belluam.
1774 1162 1885 1215 Non
1941 1162 2008 1216 ad

452 1258 619 1311 alium
656 1256 963 1325 quempiam
998 1257 1215 1318 horum,
1247 1254 1340 1307 sed
1388 1254 1455 1306 ad
1502 1253 1670 1307 solam
1719 1251 2021 1306 Androme-

449 1351 573 1402 dum
610 1350 753 1401 vadit
790 1348 877 1415 qui
912 1346 1187 1400 interfecit
1217 1345 1473 1409 bellnam,
1506 1358 1535 1397 a
1571 1360 1676 1414 qna
1710 1354 1764 1398 et
1802 1346 2019 1399 Andro-

451 1440 663 1491 medam
701 1437 801 1489 sibi
828 1434 1134 1497 vindicans,
1165 1450 1285 1503 quae
1331 1434 1577 1502 exposita
1622 1444 1741 1489 erat
1788 1436 2018 1491 vinculis

452 1528 752 1583 constricta
798 1526 1015 1590 belluas,
1072 1527 1246 1594 logus,
1284 1526 1478 1594 inquit,
1515 1525 1617 1580 hoc
1651 1534 1732 1579 est
1765 1524 2018 1591 Perseus,

451 1621 661 1675 liberat.
706 1618 935 1673 Perseus
970 1627 1149 1673 autem
1197 1626 1281 1671 est
1315 1627 1546 1686 pennata
1582 1616 1701 1670 axis
1730 1628 2021 1686 penetrans

451 1722 741 1779 utrumque
788 1710 965 1778 polum
1016 1724 1112 1779 per
1156 1709 1389 1762 mediam
1440 1718 1639 1762 terram
1671 1718 1724 1760 et
1760 1718 2022 1777 torquens

453 1802 737 1855 mundum.
766 1801 862 1853 Est
894 1809 1071 1853 autem
1105 1798 1267 1853 etiam
1299 1798 1527 1867 spiritus
1550 1799 1640 1865 qui
1678 1809 1761 1853 est
1795 1800 1844 1852 in
1873 1816 2022 1852 mun-

451 1893 522 1946 do
559 1892 674 1945 avis
721 1891 936 1961 Cygnus
969 1891 1111 1944 circa
1146 1889 1335 1953 Ursas,
1364 1890 1625 1944 musicum
1674 1890 1894 1954 animal,
1937 1889 2019 1943 di-

451 1984 563 2037 vini
604 1984 780 2051 imago
832 1982 1089 2052 Spiritus,
1133 1981 1258 2049 quia
1321 1980 1375 2033 in
1434 1980 1563 2049 ipsis
1607 1980 1720 2051 jam
1775 1980 2017 2034 terminis

452 2074 809 2129 constitutum
843 2074 965 2126 vitze
1002 2080 1209 2126 tantum
1242 2085 1439 2126 canere
1474 2071 1662 2141 incipit
1706 2087 1828 2125 cum
1877 2071 2015 2126 bona

451 2177 547 2233 spe
578 2162 862 2218 discedens
890 2179 918 2215 a
940 2176 1103 2230 prava
1137 2169 1413 2224 creatura,
1441 2161 1669 2232 hymnos
1694 2160 1860 2215 edens
1886 2160 2013 2215 Deo.

450 2255 644 2310 Cancri
673 2264 852 2308 autem
887 2263 943 2308 et
971 2253 1111 2307 tauri
1143 2263 1198 2307 et
1234 2252 1419 2307 leones
1450 2264 1505 2308 et
1529 2253 1732 2308 arietes
1762 2264 1816 2309 et
1843 2268 2018 2322 caprae

449 2357 505 2402 et
536 2346 667 2401 hzedi
695 2355 751 2399 et
777 2354 1041 2415 quotquot
1063 2344 1167 2398 alia
1195 2344 1452 2398 animalia
1504 2359 1601 2414 per
1642 2355 1792 2399 astra
1847 2345 2019 2398 nomi-

453 2448 652 2490 nantur
686 2437 737 2490 in
769 2437 929 2499 malo,
960 2436 1223 2505 imagines
1268 2436 1481 2489 scilicet
1527 2446 1674 2499 sunt,
1721 2437 1915 2505 inquit,
1963 2444 2018 2489 et

449 2528 721 2598 exempla,
756 2528 895 2581 unde
926 2527 1204 2581 mutabilis
1227 2536 1477 2581 creatura
1506 2539 1665 2581 nacta
1698 2528 1915 2597 species
1946 2537 2019 2582 ta-

451 2620 592 2674 libus
619 2618 943 2674 animalibus
970 2618 1245 2689 impletur.

527 2932 722 3005 124-
746 2932 902 3003 125
941 2931 1029 2987 50.
1068 2932 1163 2987 His
1215 2932 1295 2986 usi
1347 2933 1688 2988 sermonibus
1725 2934 2019 3002 opinantur

451 3028 650 3081 multos
691 3027 967 3093 decipere,
997 3033 1259 3094 quotquot
1290 3024 1570 3091 operosius
1603 3023 1889 3091 astrologis
1925 3036 2020 3075 au-

452 3133 564 3170 rem
593 3118 851 3186 praebent,
878 3116 1002 3169 hinc
1026 3114 1182 3167 lldem
1208 3114 1300 3167 Dei
1332 3114 1657 3168 conﬁrmare
1681 3115 1874 3174 annisi,
1901 3128 2019 3180 quae

450 3210 667 3278 quidem
695 3210 850 3276 longe
878 3206 1086 3261 abludit
1114 3206 1185 3261 ab
1215 3207 1407 3260 horum
1433 3205 1853 3275 Opinationibus.
1879 3204 2017 3271 Qua-

2044 578 2094 635 Α
2192 594 2333 649 Οὐδ’
2359 594 2471 663 ἆρα
2510 593 2757 665 Κηφῆος
2778 594 3030 665 μοτερόγ
3054 592 3225 665 γένος
3259 593 3529 651 Ἰασίδαο
3552 595 3593 648 ⁸.

2196 702 2302 773 μθ’.
2341 702 2401 756 '0
2432 703 2677 774 Κηφεὺς,
2708 703 2891 775 φησὶν,
2923 702 3086 757 αὐτοῦ
3122 705 3235 757 ἐστι
3262 704 3493 775 πλησίον
3529 706 3620 757 καὶ
3651 706 3680 774 ἡ

2118 794 2458 849 Κασσιέπεια
2488 797 2509 827 ⁸
2537 796 2630 849 καὶ
2663 796 2984 868 Ἀνδρομέδα
3010 798 3104 850 καὶ
3136 798 3164 850 6
3190 797 3455 868 Περσεὺς,
3482 798 3685 867 μεγάλα

2118 886 2219 957 τῆς
2251 887 2261 959 |
2294 887 2523 951 κτίσεως
2545 888 2847 959 γράμματα
2867 890 2978 951 τοῖς
2995 887 3118 941 ἰδεῖν
3141 888 3474 957 δυναμένοις.
3497 889 3685 958 Κηφέα

2117 979 2227 1048 γάρ
2258 996 2422 1049 φησιν
2440 974 2573 1032 εἶναι
2595 979 2687 1032 τὸν
2713 979 2902 1050 Ἀδὰμ,
2930 979 3028 1051 τὴν
3052 979 3421 1033 Κασσιέπειαν
3448 980 3497 1011 ⁸⁸
3528 978 3683 1042 Εὔαν,

2117 1067 2215 1138 τὴν
2251 1068 2604 1139 Ἀνδρομέδαν
2628 1070 2727 1140 τὴν
2752 1070 3072 1141 ἀμφοτέρων
3091 1070 3134 1101 “
3151 1071 3353 1123 τούτων
3371 1070 3577 1141 ψυχὴν,
3605 1072 3685 1123 τὶν

2120 1160 2335 1231 Περσέα
2358 1160 2549 1229 Λόγον,
2568 1163 2845 1231 πτερωτὸν
2866 1161 2986 1225 Διὸς
3010 1163 3246 1231 έγγονον,
3273 1164 3333 1216 τὸ
3356 1164 3542 1232 Κῆτος
3569 1166 3609 1194 ¹¹
3633 1166 3685 1216 τὸ

2120 1252 2405 1308 ἐπίϐουλον
2429 1255 2635 1324 θηρίον.
2659 1256 2770 1309 Οὑκ
2796 1254 2881 1309 ἐπ’
2911 1254 3067 1309 ἄλλον
3089 1255 3209 1310 τινὰ
3237 1254 3442 1310 τούτων
3485 1256 3554 1319 ⁸⁸,
3581 1256 3684 1309 dir

2121 1344 2215 1396 ἐπὶ
2253 1345 2421 1415 μόνην
2453 1346 2551 1415 τὴν
2592 1346 2946 1416 Ἀνδρομέδαν
2975 1346 3193 1419 ἔρχεται
3213 1349 3242 1401 6
3265 1347 3604 1410 ἀποκτείνας
3631 1349 3687 1401 τὸ

2121 1434 2327 1506 θηρίον,
2358 1433 2419 1489 οὑ
2454 1440 2550 1490 καὶ
2578 1439 2676 1509 τὴν
2718 1438 3073 1510 Ἀνδρομέδαν
3110 1439 3245 1509 πρὸς
3282 1439 3479 1492 ἑαυτὸν
3510 1437 3688 1491 λαϐὼν

2122 1528 2337 1581 ἔκδοτον
2367 1530 2656 1601 δεδεμένην
2686 1530 2762 1600 τῷ
2793 1530 2968 1602 θηρίῳ
2996 1532 3023 1583 6
3052 1529 3242 1598 Λόγος,
3279 1530 3465 1599 φησὶν,
3492 1533 3523 1582 6
3555 1531 3688 1601 Περ⁴

2122 1622 2248 1683 σεὺς
2280 1620 2487 1691 ῥύεται.
2527 1623 2768 1692 Περσεὺς
2803 1623 2860 1674 δέ
2908 1623 3055 1674 ἐστιν
3083 1624 3111 1675 6
3143 1622 3441 1693 ὑπόπτερος
3466 1620 3634 1688 ἄξων,
3666 1624 3693 1674 6

2121 1712 2394 1782 περαίνων
2425 1714 2716 1783 ἑκατέρους
2744 1714 2867 1779 τοὺς
2892 1713 3090 1775 πόλους
3123 1712 3209 1765 διὰ
3238 1713 3411 1783 μέσης
3439 1712 3550 1781 τῆς
3586 1711 3689 1781 γῆς

2120 1806 2214 1857 καὶ
2246 1804 2492 1875 στρέφων
2518 1804 2608 1857 τὸν
2639 1804 2861 1875 κόσμον.
2892 1803 3051 1856 Ἔστι
3074 1803 3131 1857 δὲ
3154 1804 3246 1857 καὶ
3278 1803 3337 1856 τὸ
3370 1803 3596 1873 πνεῦμα
3628 1804 3687 1856 τὸ

2122 1895 2180 1949 ὲν
2208 1894 2285 1967 τῷ
2312 1896 2501 1966 κόσμῳ
2521 1898 2547 1948 6
2569 1896 2715 1967 ὅρνις
2744 1898 2772 1948 6
2798 1895 3009 1959 Κύκνος
3035 1896 3077 1926 ¹⁵
3105 1894 3253 1966 παρά
3274 1894 3372 1956 τὰς
3393 1894 3690 1965 ’Ἀρκτουῇ

2121 1986 2429 2061 [μουσι]κὸν
2463 1988 2622 2054 ζῶον,
2656 1988 2749 2043 τοῦ
2774 1989 2916 2043 θείου
2945 1988 3207 2059 σύμϐολον
3232 1987 3579 2057 Πνεύματος·
3611 1986 3691 2041 ὅτι

2119 2081 2256 2152 πρὸς
2283 2081 2464 2144 αὑτοῖς
2492 2080 2591 2151 ἤδη
2630 2084 2739 2144 τοῖς
2772 2081 3006 2151 τέρμασι
3036 2081 3079 2112 ¹¹
3110 2079 3399 2149 γενόμενον
3426 2078 3527 2131 τοῦ
3575 2078 3691 2149 βίου

2122 2173 2281 2243 μόνον
2310 2172 2454 2244 ᾄδειν
2492 2171 2723 2240 πέφυκε,
2772 2173 2911 2242 μετὰ
2953 2171 3162 2241 ἀγαθῆς
3194 2170 3407 2235 ἐλπίδος
3432 2169 3540 2242 τῆς
3569 2171 3686 2225 κτί-

2120 2280 2259 2329 σεως
2316 2268 2416 2335 τῆς
2461 2266 2703 2336 πονηρᾶς
2755 2264 3234 2335 άπαλλασσόμενον
3287 2262 3497 2334 ὕμνους
3550 2264 3686 2318 ἀνα-

2119 2357 2336 2427 πέμπον
2366 2357 2409 2387 ¹⁶
2439 2355 2517 2425 τῷ
2550 2355 2688 2426 Θεῷ.
2719 2356 2982 2427 Καρκίνοι
3000 2356 3055 2408 δὲ
3085 2358 3179 2409 καὶ
3206 2356 3393 2428 ταῦροι
3424 2359 3525 2411 καὶ
3545 2356 3691 2411 λέον-

2118 2463 2208 2510 τες
2245 2448 2341 2501 καὶ
2396 2447 2541 2518 κριοὶ
2583 2447 2679 2501 καὶ
2720 2443 2873 2517 αἶγες
2921 2448 3013 2501 καὶ
3042 2448 3241 2520 ἔριφοι,
3279 2450 3371 2502 καὶ
3406 2450 3511 2503 ὅσα
3557 2449 3691 2503 ἄλλα

2120 2541 2284 2611 θηρία
2309 2540 2397 2594 διὰ
2420 2540 2527 2594 τῶν
2554 2540 2767 2611 ἄστρων
2794 2541 3119 2611 ὀνομάζεται
3148 2543 3287 2595 κατά
3313 2542 3405 2595 τὸν
3432 2542 3689 2612 οὐρανὸν.

2119 2635 2325 2698 εἰκόνες
2368 2635 2432 2707 δὴ
2467 2636 2532 2700 ⁸⁷,
2569 2636 2752 2707 φησὶν,
2803 2634 2911 2686 εἰσὶ
2954 2633 3051 2687 καὶ
3087 2633 3546 2704 παραδείγματα,
3597 2635 3690 2702 ἀφ’

2117 2719 2192 2778 ὧν
2226 2728 2258 2796 ἡ
2289 2726 2596 2797 μεταϐλητὴ
2622 2725 2796 2789 κτίσις
2822 2725 3172 2797 λαμϐάνουσα
3207 2726 3305 2788 τὰς
3339 2725 3488 2789 ἰδέας
3512 2724 3690 2778 τοιού-

2116 2833 2223 2869 των
2254 2816 2408 2879 ζὼων
2433 2818 2639 2886 γίνεται
2670 2818 2903 2889 πλήρης.

2187 2928 2251 2983 ν’.
2287 2928 2362 3001 [p.
2394 2930 2625 3001 87—89]
2656 2928 2877 2993 Τούτοις
2902 2928 3171 3001 χρώμενοι
3197 2932 3305 2993 τοῖς
3333 2929 3525 2999 λόγοις
3549 2931 3688 2984 ἀπα-

2117 3023 2218 3093 τᾷν
2268 3022 2547 3089 νομίζουσι
2595 3022 2840 3087 πολλοὺς,
2875 3023 2991 3076 ὅσοι
3037 3022 3461 3092 περιεργότερον
3492 3023 3542 3054 ¹³
3586 3026 3687 3084 τοζ

2120 3111 2470 3182 ἀστρολόγοις
2515 3113 2890 3182 προσέχουσιν,
2939 3111 3190 3165 ἐντεῦθεν
3230 3114 3326 3180 τὴν
3376 3112 3687 3166 θεοσέϐειαν

2122 3203 2377 3273 συνιστᾷν
2431 3201 2761 3272 πειρώμενοι
2816 3200 3035 3273 μακρὰν
3080 3201 3543 3271 ἀπεμφαίνουσαν
3595 3204 3687 3271 τῆς

450 3310 695 3371 propter,
713 3298 916 3364 dilecti,
945 3297 1211 3368 fugiamus
1231 3297 1373 3351 illam
1394 3312 1649 3351 vanorum
1677 3297 2016 3349 mirationem

2120 3294 2323 3347 τούτων
2353 3293 2693 3365 ὑπολήψεως.
2720 3293 2840 3359 Διὸ,
2868 3295 3161 3364 ἀγαπητοὶ,
3192 3293 3459 3363 φύγωμεν
3507 3296 3571 3347 τὺ
3606 3314 3688 3364 μισ

450 3392 566 3446 avis
590 3391 858 3456 bubonis;
886 3390 998 3443 haec
1024 3388 1166 3442 enim
1191 3396 1244 3440 et
1263 3387 1631 3455 hujuscemodi
1667 3386 1769 3439 alia
1802 3386 2017 3439 saltatio

450 3492 575 3536 sunt
608 3491 664 3536 et
694 3496 798 3535 non
829 3481 1048 3534 veritas.
1089 3479 1300 3534 Etenim
1331 3478 1477 3532 nullo
1512 3488 1671 3547 pacto
1710 3478 1876 3532 stella:
1906 3478 2019 3530 haec

448 3572 778 3637 ostendunt,
836 3570 930 3625 sed
976 3570 1043 3624 de
1075 3584 1173 3624 suo
1224 3570 1469 3623 homines
1507 3569 1574 3622 ad
1627 3568 2014 3623 accuratiorem

449 3661 803 3731 quarumdam
822 3660 1099 3715 stellarum
1122 3659 1536 3731 appellationem
1560 3661 1774 3714 nomina
1802 3663 1852 3714 in
1881 3661 2019 3715 hunc

452 3755 671 3808 modum
706 3760 1166 3820 composuerunt,
1206 3766 1313 3820 quo
1362 3751 1627 3806 notabiles
1660 3752 1761 3807 sibi
1805 3752 2017 3807 flerent.

452 3846 590 3911 Quid
622 3846 764 3898 enim
804 3859 943 3899 ursae
972 3853 1065 3896 aut
1094 3842 1265 3897 leonis
1302 3852 1395 3897 aut
1431 3842 1703 3897 haedorum
1737 3852 1829 3897 aut
1852 3858 2019 3913 aqua-

452 3935 518 3987 rii
549 3943 640 3987 aut
662 3931 861 4001 Cephei
896 3942 984 3985 aut
1009 3933 1365 3986 Andromeda:
1399 3942 1490 3985 aut
1515 3942 1870 4002 spectrorum,
1901 3948 2019 4002 qua“:

453 4023 795 4076 celebrantur
831 4023 883 4075 in
919 4020 1090 4089 Orco,
1130 4022 1305 4076 simile
1341 4020 1542 4075 habent
1565 4021 1734 4075 stellae
1763 4023 2019 4091 dispersa:

454 4130 551 4185 per
576 4114 775 4169 caelum
804 4152 821 4179 ,
867 4129 992 4169 cum
1038 4113 1206 4169 multo
1236 4123 1356 4184 post
1384 4113 1492 4166 nati
1530 4113 1638 4166 sint
1689 4113 1743 4166 hi
1776 4113 2019 4167 homines

453 4205 780 4273 nominaque
819 4215 1104 4274 postquam
1158 4204 1435 4260 hominum
1470 4203 1679 4258 exstitit
1724 4213 1920 4258 ortus:
1959 4210 2019 4257 ut

452 4297 615 4350 etiam
642 4298 882 4352 haeretici
914 4297 1144 4367 perculsi
1175 4296 1482 4367 spectaculo
1513 4297 1584 4349 ita
1622 4296 1835 4349 demum
1864 4294 2019 4347 anni-

454 4396 639 4441 tantur
671 4402 763 4456 per
789 4388 922 4442 tales
952 4403 1233 4444 sermones
1266 4389 1589 4442 continuare
1618 4400 1743 4441 suas
1778 4385 2015 4454 ipsorum

450 4479 724 4534 doctrinas
742 4478 766 4532 ’ἰ

2119 3383 2533 3454 κροθαύμαστον
2560 3383 2653 3436 τοῦ
2680 3382 2890 3453 ὄρνιθος
2914 3382 3007 3436 τοῦ
3042 3380 3180 3435 ὦτου
3198 3397 3211 3410 ·
3252 3382 3433 3435 ταῦτα
3458 3384 3573 3454 γὰρ
3605 3388 3691 3437 καὶ

2116 3476 2186 3529 τά
2228 3476 2401 3529 τοιάδε
2440 3476 2674 3547 ὖρχησίς
2713 3478 2830 3529 ἐστι
2874 3474 2969 3528 καὶ
3013 3475 3113 3527 οὐκ
3153 3473 3405 3545 ἀλήθεια.
3437 3475 3607 3530 Οὐδὲν
3654 3476 3689 3507 ι’

2117 3568 2224 3637 γὰρ
2248 3568 2423 3638 ἀστρα
2446 3567 2617 3621 ταῦτα
2638 3566 2807 3637 δηλοῖ,
2839 3565 2976 3621 ἀλλά
3004 3565 3146 3630 ἰδίως
3168 3567 3217 3619 οἰ
3245 3567 3341 3620 ἀνθ
3351 3584 3535 3636 ρωποι
3564 3567 3691 3638 πρὸς

2118 3661 2279 3733 ὲπιση
2290 3661 2516 3732 μείωσίν
2549 3677 2708 3713 τινων
2741 3659 2954 3730 ἄστρων
2975 3658 3211 3730 ὀνόματα
3236 3657 3412 3721 οὕτως
3438 3659 3695 3712 ἐπεκάλε-

2120 3769 2239 3819 σαν,
2298 3752 2386 3806 ἵνα
2427 3752 2609 3814 αὐτοῖς
2652 3751 2900 3821 ἐπίσημα
2952 3752 2999 3783 ³⁸
3140 3751 3206 3803 Τί
3238 3751 3348 3820 γὰρ
3388 3750 3690 3819 ἀρκτου,ἢ

2117 3841 2346 3905 λέοντος,
2375 3841 2408 3911 ἢ
2438 3840 2717 3910 ἐρίφων,ἢ
2745 3839 3019 3910 ὑδροχόου,
3046 3840 3079 3910 ἥ
3114 3841 3369 3908 Κηφέως,
3404 3838 3440 3909 ἢ
3487 3839 3694 3907 Ἀνδρο-

2120 3933 2355 4004 μέδας,ἢ
2381 3932 2488 3985 τῶν
2518 3934 2576 3985 ὲν
2600 3931 2785 4003 ⁶’ᾼιδου
2813 3931 3220 4003 ὀνομαζομένων
3246 3929 3486 3983 εἰδώλων
3513 3931 3694 4000 ὅμοιον

2118 4023 2331 4093 ἔχουσιν
2374 4022 2602 4093 ἀστέρες
2664 4020 3049 4093 διεσπαρμένοι
3101 4020 3243 4074 κατὰ
3287 4018 3380 4072 τὸν
3438 4020 3693 4091 οὐρανὸν,

2117 4115 2251 4168 πολὺ
2310 4113 2785 4184 μεταγενεστέρων
2833 4112 3212 4183 γεγενημένων
3254 4112 3301 4141 ’ί
3336 4110 3556 4164 τούτων
3588 4110 3695 4164 τῶν

2117 4204 2418 4275 ἀνθρώπων
2451 4206 2544 4258 καὶ
2576 4205 2685 4257 τῶν
2733 4204 3013 4273 ὀνομάτων
3056 4204 3090 4275 ἢ
3137 4204 3183 4235 ¹²
3227 4204 3338 4257 τῶν
3382 4203 3694 4275 ἀνθρώπων

2120 4300 2418 4369 συνέστηκε
2450 4297 2737 4367 γέννησις·
2768 4296 2857 4350 ἵνα
2890 4298 2985 4350 καὶ
3011 4297 3060 4350 οί
3095 4297 3363 4365 αἰρετικοὶ
3396 4296 3697 4349 καταπλα-

2116 4391 2302 4458 γέντες
2343 4390 2403 4442 τὸ
2434 4389 2618 4460 θαῦμα
2668 4388 2839 4453 οὕτως
2893 4388 3293 4460 ὲξεργάσωνται
3334 4388 3431 4443 διὰ
3468 4389 3694 4443 τοιῶνδε

2115 4478 2287 4549 λόγων
2315 4479 2381 4534 τὰ
2410 4480 2515 4534 ἰδια
2533 4480 2775 4550 δόγματα
2806 4481 3086 4551 συνιστᾷνς

524 4589 615 4643 51.
668 4588 772 4644 Sed
820 4590 1075 4660 quoniam
1123 4606 1259 4661 pene
1306 4590 1447 4645 nulla
1487 4604 1589 4644 non
1647 4588 1867 4642 haereSIs
1917 4602 2014 4656 per

2184 4600 2286 4648 ναν.
2333 4592 2472 4645 Ἀλλ’
2501 4593 2631 4645 ἐπεὶ
2679 4593 2865 4663 σχεδὸν
2901 4594 3053 4647 πᾶσα
3086 4592 3295 4663 αἵρεσις
3321 4593 3415 4646 διὰ
3444 4595 3548 4662 τῆς
3581 4596 3694 4664 ἀρι-

420 4745 427 4749 ,
453 4680 847 4734 arithmeticam
882 4691 1055 4735 artem
1084 4681 1286 4735 invenit
1309 4681 1702 4735 hebdomadum
1734 4693 2013 4732 mensuras

2120 4682 2387 4754 θμητικῆς
2408 4683 2602 4753 τέχνης
2631 4685 2862 4755 ἐφεῦρεν
2880 4683 3189 4754 ἑϐδομάδων
3218 4683 3401 4754 μέτρα
3435 4687 3535 4736 καὶ
3567 4683 3691 4737 αἰὼ-

451 4780 507 4824 et
537 4785 746 4825 a‘oanm
775 4773 1033 4840 quasdam
1064 4772 1383 4841 propagines
1409 4811 1425 4835 ,
1471 4786 1592 4825 cum
1624 4770 1714 4824 alii
1742 4770 1900 4825 aliter
1926 4783 2015 4823 ar-

455 4870 561 4915 tem
595 4861 958 4917 distraherent
978 4872 1033 4917 et
1060 4863 1190 4917 solis
1223 4864 1533 4917 nominibus
1565 4864 1877 4925 variarent,
1914 4863 2016 4915 ho-

455 4968 572 5007 rum
607 4961 783 5007 autem
810 4955 1067 5023 magister
1095 4956 1162 5008 iis
1185 4955 1393 5009 exstitit
1412 4954 1765 5026 Pythagoras,
1789 4955 1879 5022 qui
1910 4954 2019 5022 pri-

2119 4790 2227 4826 νων
2270 4772 2419 4837 τινὰς
2464 4773 2771 4845 προϐολὰς,
2830 4774 3005 4829 ἄλλων
3047 4773 3223 4836 ἄλλως
3273 4775 3323 4805 ³³
3344 4775 3451 4845 τὴν
3500 4775 3693 4844 τέχνην

2119 4864 2472 4918 διασπώντων
2493 4866 2707 4927 καὶτοῖς
2728 4865 2956 4935 ὀνόμασι
2983 4866 3143 4936 μόνον
3168 4866 3615 4920 διαλλασσόντων
3630 4867 3692 4927 ⁸⁸,

2120 4953 2326 5008 τούτων
2367 4955 2423 5007 δὲ
2472 4955 2655 5018 αὑτοῖς
2700 4954 3020 5019 διδάσκαλος
3063 4955 3269 5024 γίνεται
3324 4957 3691 5026 Πυθαγόρας,

453 5059 574 5100 mus
602 5061 668 5099 ex
694 5043 924 5115 Egypto
952 5043 1253 5113 huiusmodi
1277 5060 1529 5101 numeros
1559 5046 1806 5099 tradidit:
1836 5045 2011 5113 placet

2120 5043 2330 5115 πρῶτος
2363 5045 2442 5108 εἰς
2489 5044 2758 5116 ’Έλληνας
2793 5045 2888 5099 ἀπ’
2919 5046 3195 5114 Αἰγύπτου
3240 5046 3375 5108 τοὺς
3414 5048 3694 5108 τοιούτους

1709 5198 1933 5255 νΑΒιλΕ
1968 5196 2373 5256 LECTIONES.

521 5313 543 5345 ⁸
576 5314 655 5376 εἰς
682 5313 832 5367 ἀΐδαο
859 5314 923 5378 C,
954 5313 1029 5369 cf.
1068 5314 1221 5370 Arat.
1250 5330 1303 5372 ν.
1350 5315 1451 5371 I79
1550 5317 1571 5348 ⁸
1600 5316 1904 5371 Κασιέπεια
1922 5318 1985 5372 C.

2091 5319 2136 5393 ‘_°
2169 5291 2509 5393 κασιέπειαν
2551 5321 2614 5373 U.
2666 5319 2733 5393 _“_
2754 5319 2868 5393 fragv
2897 5323 3037 5393 ἀμφ.
3080 5321 3145 5385 C,
3316 5323 3383 5393 7“,
3408 5322 3477 5376 τδ
3500 5324 3692 5393 Κῆτος.

454 5381 538 5462 Cl'.
574 5385 724 5436 Arat.
762 5399 813 5436 v.
842 5385 958 5462 553¹
986 5401 1069 5453 sq.
1104 5385 1265 5462 :_'!‘i;v
1291 5386 1352 5462 δὲ
1391 5401 1485 5462 κα]⁵
1512 5386 1613 5462 οὐκ
1656 5387 1843 5462 ῥλίγον.
1871 5406 1985 5462 περ.
2014 5388 2286 5462 ἀπόπροθι
2329 5392 2637 5462 πεπτηυῖαν
2666 5387 2677 5459 |
2722 5381 3083 5462 Ἀνδρομέδην
3126 5381 3280 5462 μέγα
3309 5392 3510 5462 Κῆτος
3544 5381 3697 5462 62:55;-

456 5452 683 5535 χόμενον
732 5452 1081 5535 κατεπείγει..
1141 5455 1185 5486 ⁸³
1214 5452 1403 5535 τούτου
1428 5455 1496 5535 _C.
1572 5456 1617 5535 ξι
1753 5452 2030 5535 ξςιιυιίίη
2054 5452 2208 5512 Arat.
2244 5474 2295 5513 ν.
2464 5452 2713 5535 ι’Τοῦτὸν
2743 5452 3114 5535 τὸνᾜρνινόἰ

3145 5463 3242 5530 μὲν
3273 5461 3545 5530 λέγουσιν
3578 5462 3693 5514 δνῖιι

456 5523 654 5601 κύκνρν
674 5523 1180 5601 Δκατέλιστ-εριςςθῆνιιιι
1210 5524 1288 5586 εἰς
1325 5526 1488 5601 τιμῂν
1508 5524 1601 5579 τοῦ
1636 5527 1976 5601 Ἀπόλλωνος
2005 5527 2388 5601 ἵετε-μουσικὸν
2411 5528 2555 5581 ὂντα.
2602 5529 2661 5601 β’
2680 5530 2794 5601 τοῖς
2816 5523 3112 5601 σπέρμασι
3133 5523 3205 5601 Ct
3270 5530 3318 5562 “
3349 5523 3693 5601 thyadva

552 5661 556 5665 ι
596 5589 637 5619 ¹⁷
670 5589 840 5671 δὴκδὲ
969 5592 1038 5663 Μ.
1081 5589 1159 5623 ἠ
1186 5589 1591 5664 περιεργότεροι
1626 5596 1689 5653 C.
1764 5597 1807 5631 ”
1848 5589 1981 5652 Οὑδέ
2010 5596 2072 5665 C,
2101 5589 2176 5653 Μ.
2245 5597 2293 5631 ³⁸
2316 5599 2628 5670 έπισημανῇ
2672 5598 2737 5655 C.
2777 5589 2856 5631 -’⁸
2905 5589 3324 5673 γεγεννημένων
3361 5599 3434 5658 C.
3506 5589 3558 5635 ’δ
3583 5598 3691 5671 ἠε-
