3804 6220
128 292 269 357 31ιῦ

1250 297 1545 357 CONTRA
1578 299 1921 361 HERESES
1961 303 2104 363 LIB.
2143 304 2237 364 IV.

3216 314 3358 378 3120

138 408 394 478 ἀριθμούς
426 406 733 478 παραδούς·
780 407 927 462 δοκεῖ
958 408 1093 479 μηδὲ
1140 408 1298 464 τοῦτο
1345 410 1673 482 παραλιπεῖν

1800 430 1868 471 ne
1890 417 1990 471 hoc
2012 417 2225 486 quidem
2253 420 2686 490 praetermittere,
2705 425 2821 490 sed,
2855 426 2942 482 ubi
2970 430 3153 498 paucis
3175 443 3358 486 osten-

136 500 263 552 ἀλλά
290 500 377 553 διὰ
396 498 661 568 συντόμου
679 498 957 564 δείξαντας
978 500 1069 553 ἐπὶ
1094 499 1190 570 τὴν
1218 501 1323 553 τῶν
1344 501 1673 572 ζητουμένωι

1793 509 2055 570 derimns,
2088 509 2155 562 ad
2200 524 2261 563 ea
2293 526 2412 579 quae
2464 514 2745 571 consilium
2800 528 2883 573 est
2933 521 3353 579 demonstranda

134 589 398 654 ἀπόδειξιν
425 589 695 659 χωρῆσαι.
721 588 1014 657 Γεγόνασιν
1046 587 1403 658 ἀριθμητικοὶ
1433 590 1527 641 καὶ
1556 606 1692 656 γεω-

1791 600 2059 669 progredi.
2094 599 2429 657 Exstiterunt
2460 605 2781 661 arithmetici
2813 619 2865 663 et
2892 622 3200 680 geometrae,
3237 616 3356 683 qui-

136 678 326 749 μέτραι
387 679 455 743 ³⁸,
500 674 581 740 οἷς
623 676 855 747 μάλιστα
898 676 999 739 τὰς
1053 677 1229 747 ἀρχάς
1283 678 1668 748 παρεσχηκένα

1792 690 1896 745 bus
1930 702 2124 756 praeter
2155 701 2381 747 caeteros
2411 694 2642 749 fomenta
2678 674 2971 765 praebuisse
3002 704 3213 758 videtur
3246 674 3357 774 pri-

131 769 272 820 δοκεῖ
305 767 515 837 πρῶτος
546 767 870 837 Πυθαγόρας
893 783 905 797 ο
934 767 1028 819 καὶ
1061 762 1206 820 οὗτοι
1230 766 1277 799 ⁸⁸
1304 766 1411 819 τῶν
1440 766 1688 836 ἀριθμῶν

131 859 204 915 εἰς
230 858 455 927 ἄπειρον
487 855 575 908 ἀεὶ
617 856 921 925 προχωρεῖν
954 854 1265 924 δυναμένων
1302 855 1377 925 τῷ
1412 854 1687 908 πολυπλα-

133 946 344 1017 σιασμῷ
367 948 457 999 καὶ
478 948 591 1007 τοῖς
614 944 856 1016 σχήμασι
877 945 972 1009 τὰς
996 944 1216 1016 πρώτας
1234 946 1422 998 ἔλαϐον
1448 948 1619 1017 ἀρχὰς
1642 948 1685 979 ³⁷

127 1040 283 1092 οἱονεὶ
326 1038 604 1109 θεωρητὰς
657 1038 800 1109 μόνῳ
843 1036 921 1106 τῷ
958 1037 1121 1108 λόγῳ.
1170 1038 1510 1110 Γεωμετρίας
1556 1037 1684 1107 γάρ,

125 1129 199 1191 ὡς
229 1129 374 1181 ἔστιν
421 1129 633 1193 ἐνιδεῖν,
688 1129 911 1200 σημεῖόν
942 1131 1089 1181 ἐστιν
1123 1129 1265 1200 ἀρχὴ
1313 1131 1514 1201 ἀμερὲς
1538 1172 1551 1193 ,
1590 1132 1684 1185 ἀπ’

127 1219 331 1272 ἐκείνου
358 1219 413 1271 δὲ
445 1221 535 1272 τοῦ
567 1221 791 1291 σημείου
817 1223 882 1290 τῇ
910 1222 1072 1291 τέχνῃ
1094 1223 1127 1291 ἡ
1156 1222 1265 1274 τῶν
1295 1222 1535 1293 ἀπείρων
1564 1241 1686 1294 σχη-

128 1314 307 1383 μάτων
334 1314 439 1366 ἀπὸ
479 1312 574 1367 τοῦ
622 1313 845 1384 σημείου
876 1314 1086 1380 γένεσις
1123 1313 1457 1385 εὑρίσκεται.
1526 1315 1682 1369 Ῥυὲν

121 1406 225 1477 γὰρ
250 1406 312 1459 τὸ
354 1408 576 1477 σημεῖον
636 1408 646 1477 |
707 1408 800 1461 ἐπὶ
831 1408 1003 1478 μῆκος
1039 1407 1247 1476 γίνεται
1290 1410 1521 1481 γραμμὴ
1549 1410 1684 1481 μετά

120 1497 214 1568 τὴν
244 1497 397 1567 ῥύσιν
422 1538 436 1561 ,
475 1498 645 1569 πέρας
681 1497 880 1568 ἔχουσα
914 1502 1155 1570 σημεῖον,
1207 1500 1437 1571 γραμμὴ
1488 1501 1545 1553 δὲ
1590 1502 1682 1554 ἐπὶ

121 1593 317 1653 πλάτος
357 1594 546 1661 ῥυεῖσα
594 1592 847 1646 ἐπίπεδον
885 1594 1068 1663 γεννᾷ,
1098 1592 1309 1663 πέρατα
1340 1593 1397 1645 δὲ
1430 1592 1525 1646 τοῦ
1557 1594 1679 1644 ὲπι-

121 1682 277 1735 πέδου
304 1682 585 1755 γραμμαὶ,
621 1682 875 1735 ἐπίπεδον
904 1682 960 1735 δὲ
1014 1683 1140 1752 ῥυὲν
1174 1686 1252 1745 είς
1288 1682 1450 1749 βάθος
1476 1682 1678 1751 γίνεται

1790 797 1911 836 mus
1944 782 2301 852 Pythagoras,
2333 786 2476 855 iique
2507 802 2534 840 a
2563 791 2821 852 numeris,
2855 793 2944 861 qui
2987 793 3040 848 in
3086 795 3349 851 inﬁnitttm

1786 876 2196 945 multiplicando
2228 880 2475 949 progredi
2506 892 2751 949 possunt,
2782 885 2943 939 etiam
2969 885 3154 955 ﬁguris
3183 888 3351 956 prima

1787 969 2048 1039 principia
2078 980 2423 1041 sumpserunt
2483 982 2738 1042 tanquam
2788 975 2902 1031 sola
2960 988 3142 1032 mente
3176 980 3354 1047 perci-

1786 1059 1999 1126 pienda.
2036 1060 2356 1117 Geometrite
2388 1064 2529 1119 enim
2558 1103 2574 1130 ,
2603 1074 2662 1118 ut
2697 1064 2821 1119 licet
2845 1067 3062 1132 videre,
3096 1079 3348 1133 punctum

1786 1149 2074 1204 indivisum
2107 1162 2187 1205 est
2214 1152 2534 1221 principium
2560 1169 2575 1216 ;
2610 1155 2680 1208 ab
2711 1154 2800 1207 illo
2830 1164 3006 1209 autem
3034 1166 3229 1225 puncto
3258 1170 3352 1224 per

1784 1248 1954 1293 artem
1986 1239 2315 1294 inﬁnitarum
2362 1242 2648 1310 ﬁgurarum
2691 1258 2718 1294 a
2758 1252 2960 1311 puncto
2986 1244 3231 1311 genitura
3266 1256 3350 1296 re-

1783 1332 2001 1400 petitur.
2026 1330 2126 1385 Ubi
2149 1332 2291 1385 enim
2314 1332 2573 1400 processit
2591 1343 2843 1402 punctum
2866 1335 2917 1388 in
2943 1334 3348 1403 longitudinem,

1783 1423 1996 1476 exsistit
2034 1423 2174 1477 linea
2205 1432 2328 1493 post
2354 1439 2693 1492 processum,
2724 1441 2842 1494 qua:
2871 1426 3155 1480 terminum
3187 1425 3351 1480 habet

1780 1523 2074 1582 punctum;
2104 1515 2242 1569 linea
2270 1526 2447 1569 autem
2474 1531 2595 1570 cum
2626 1516 2676 1570 in
2703 1516 3035 1571 latitudinem
3063 1517 3345 1584 processit,

1782 1605 2059 1673 planitiem
2089 1606 2277 1673 gignit,
2300 1605 2510 1659 termini
2533 1614 2712 1658 autem
2740 1604 2979 1674 planitiei
3007 1614 3129 1659 sunt
3152 1605 3305 1659 linem
3330 1622 3344 1667 ;

1780 1681 2027 1759 planities
2053 1703 2229 1747 autem
2249 1709 2369 1748 cum
2395 1695 2729 1761 processitin
2744 1693 3104 1757 altitudinem,
3134 1694 3345 1748 exsistit

120 1770 280 1840 σῶμα
303 1788 316 1801 ·
352 1770 571 1840 στερεοῦ
612 1771 667 1823 δὲ
699 1770 1058 1842 ὑπάρξαντος,
1097 1770 1271 1835 οὕτως
1309 1772 1369 1836 ἐξ
1396 1772 1673 1842 ἐλαχίστου

1778 1797 1990 1851 corpus.
2030 1781 2130 1837 Ubi
2165 1792 2345 1836 autem
2379 1784 2592 1837 ﬁrmum
2618 1798 2814 1854 corpus
2843 1786 3081 1845 exstitit,
3122 1784 3176 1838 in
3205 1786 3347 1839 hunc

117 1864 346 1932 σημείου
379 1862 653 1925 παντελῶς
698 1864 730 1933 ή
780 1863 871 1915 τοῦ
905 1861 1138 1932 μεγάλου
1188 1862 1438 1934 σώματος
1469 1863 1672 1931 ὑπέστη

114 1956 293 2025 φύσις,
334 1956 427 2009 καὶ
473 1954 627 2007 τοῦτό
658 1956 803 2007 ἐστιν
834 1953 861 2006 ὃ
902 1952 1048 2020 λέγει
1083 1954 1263 2023 Σίμων
1292 1952 1461 2015 οὕτως
1494 1953 1559 1984 ⁸⁸’
1603 1952 1672 2005 Τὸ

106 2046 322 2115 μικρὸν
345 2045 495 2115 μέγα
517 2045 594 2117 [ρ.
627 2045 709 2100 89.
741 2043 830 2115 90]
858 2044 1025 2097 ἕσται
1039 2045 1215 2097 οἱονεὶ
1235 2043 1486 2111 σημεῖον
1499 2044 1589 2102 ὃν,
1604 2043 1670 2095 τὸ

109 2138 176 2190 δὲ
184 2136 336 2207 μέγα
352 2140 705 2206 ἀπέραντον,
726 2136 1139 2189 κατακολουθῶν
1158 2136 1224 2167 ’δ’
1240 2134 1317 2205 τῷ
1332 2152 1442 2203 γεω
1449 2152 1544 2204 μετ
1552 2152 1672 2204 ρου-

112 2230 257 2299 μένῳ
287 2229 497 2300 σημείῳ
520 2229 586 2280 ¹⁹.
622 2227 734 2296 Τῆς
767 2227 823 2280 δὲ
846 2226 1212 2297 ἀριθμητικῆς
1241 2226 1382 2280 κατά
1424 2225 1670 2279 σύνθεσιν

107 2321 338 2390 ἐχούσης
357 2321 455 2390 τὴν
476 2319 793 2389 φιλοσοφίαν
821 2319 1051 2390 ἀριθμὸς
1089 2320 1306 2389 γέγονεν
1338 2318 1501 2391 ἀρχὴ,
1537 2321 1671 2389 ὅπερ

106 2412 253 2463 ἐστὶν
282 2413 551 2481 ἀόριστον,
584 2411 986 2481 ἀκατάληπτον,
1015 2409 1152 2480 ἔχων
1180 2412 1236 2463 ὲν
1268 2410 1446 2479 ἑαυτῷ
1466 2411 1672 2473 πάντας

104 2504 229 2566 τοὺς
260 2505 348 2556 ἐπ’
381 2504 604 2575 ἄπειρον
642 2503 813 2556 ἐλθεῖν
858 2503 1184 2572 δυναμένους
1231 2504 1496 2573 ἀριθμοὺς
1530 2504 1671 2556 κατά

102 2594 161 2646 τὸ
202 2593 427 2664 πλῆθος.
460 2595 581 2647 Τῶν
616 2595 672 2648 δὲ
704 2594 955 2666 ἀριθμῶν
990 2594 1132 2665 ἀρχὴ
1172 2594 1360 2663 γέγονε
1393 2593 1515 2647 καθ’
1538 2594 1669 2647 ὑπό-

104 2701 297 2737 στασιν
334 2686 369 2756 ὴ
408 2686 597 2758 πρώτη
636 2687 821 2757 μονάς,
861 2686 983 2756 ῆτις
1020 2687 1137 2739 ἐστὶ
1171 2686 1338 2756 μονὰς
1366 2686 1540 2757 ἄρσην
1578 2688 1667 2751 "',

98 2777 353 2844 γεννῶσα
393 2778 670 2847 πατρικῶς
709 2778 833 2843 τοὺς
880 2779 1069 2842 ἄλλους
1122 2779 1330 2842 πάντας
1382 2778 1667 2850 ἀριθμούς.

98 2866 369 2937 Δεύτερον
400 2868 435 2938 ἡ
463 2868 593 2932 δυάς
624 2867 671 2901 ³⁰
719 2869 882 2941 θῆλυς
922 2870 1173 2942 ἀριθμὸς,
1206 2872 1233 2923 ό
1282 2870 1338 2923 δὲ
1378 2868 1535 2932 αὐτὸς
1577 2871 1670 2923 καὶ

96 2957 289 3028 ἄρτιος
349 2957 452 3011 ὑπὸ
504 2959 610 3012 τῶν
658 2959 1035 3031 ἀριθμητικῶν
1078 2959 1342 3013 καλεῖται.
1399 2960 1591 3029 Τρίτον
1634 2960 1667 3029 ἡ

96 3052 260 3120 τριάς
291 3050 523 3121 ἀριθμὸς
551 3050 721 3122 ἄρσην
739 3052 779 3083 ³¹
797 3068 812 3083 ’
843 3045 997 3115 οὗτος
1020 3052 1113 3106 καὶ⁵
1141 3052 1396 3122 περισσὸς
1426 3051 1530 3104 ὑπὸ
1562 3052 1668 3103 τῶν

95 3141 483 3215 ἀριθμητικῶν
535 3143 953 3215 νενομοθέτηται
1002 3144 1299 3197 καλεῖσθαι.
1347 3145 1461 3213 Ἐφ’
1496 3143 1665 3196 ἀπασι

96 3242 154 3295 δὲ
179 3240 393 3305 τούτοις
418 3244 450 3311 ή
485 3241 683 3311 τετράς
709 3240 873 3311 θῆλυς
905 3240 1152 3311 ἀριθμὸς,
1182 3243 1211 3294 ό
1237 3240 1293 3293 δὲ
1320 3239 1481 3303 αὐτὸς
1509 3232 1665 3303 οὗτος

94 3336 192 3386 καὶ
223 3333 413 3404 ἄρτιος
441 3332 723 3397 καλεῖται,
766 3333 849 3386 ὅτι
888 3332 1054 3403 θῆλύς
1084 3334 1217 3386 ἐστι.
1255 3332 1295 3385 Γ
1298 3332 1543 3398 εγόνασιν
1573 3326 1665 3384 οὖν

94 3427 143 3476 οἱ
172 3428 380 3486 πάντες
407 3424 625 3494 ἀριθμοὶ
654 3423 945 3494 ληφθέντες
984 3423 1091 3476 ἀπὸ
1119 3422 1307 3491 γένους
1332 3422 1376 3453 ³¹
1406 3420 1665 3491 τέσσαρες

95 3515 114 3583 (
130 3514 371 3585 ἀριθμὸς
398 3514 453 3567 δὲ
483 3510 548 3586 ἦν
577 3515 638 3567 τὸ
664 3515 819 3584 γένος
846 3516 1158 3587 ἀόριστος),
1188 3514 1279 3585 ἀφ’
1302 3508 1376 3569 ὧν
1406 3517 1434 3568 ό
1462 3515 1665 3578 τέλειος

92 3606 283 3668 αὐτοῖς
314 3604 543 3675 ἀριθμὸς
572 3607 899 3676 συνέστηκεν
929 3609 961 3676 ἡ
994 3606 1173 3669 δεκάς.
1208 3608 1279 3659 Τὸ
1304 3606 1411 3675 γὰρ
1438 3606 1517 3668 ἒν,
1551 3606 1663 3671 δύο,

89 3698 245 3768 τρία,
296 3697 537 3770 τέσσαρα
574 3698 781 3767 γίνεται
825 3699 977 3764 δέκα,
1032 3700 1106 3762 ὡς
1155 3700 1663 3771 προαποδέδεικται,

91 3790 190 3842 ὲάν
220 3790 440 3859 ἑκάστῳ
477 3790 585 3842 τῶν
616 3790 625 3859 |
656 3788 905 3860 ἀριθμῶν
956 3790 1292 3860 φυλάττηται
1331 3791 1451 3844 κατ’
1480 3791 1663 3844 οὐσίαν

87 3879 272 3949 δνομα
306 3879 371 3931 τὸ
397 3881 596 3932 οἰκεῖον
637 3879 703 3932 ³³.
741 3878 888 3950 Αὕτη
930 3880 1077 3933 ἐστὶν
1108 3880 1140 3949 ή
1175 3878 1315 3932 κατὰ
1344 3879 1664 3951 Πυθαγόραν

89 3967 217 4037 ἱερά
246 3968 547 4038 τετρακτὺς
582 3970 804 4025 ἀεννάου
851 3970 1066 4040 φύσεως
1098 3970 1359 4040 ριζώματ’
1390 3970 1585 4041 ἔχουσα
1606 3972 1665 4024 ὲν

86 4059 304 4129 ἑαυτῇ,
339 4057 587 4112 τουτέστι
637 4059 767 4123 τοὺς
799 4060 993 4123 ἄλλους
1029 4059 1246 4122 ιπάντας
1283 4060 1548 4131 ἀριθμούς
1571 4076 1585 4091 ⁶
1635 4060 1665 4113 ό

84 4150 203 4220 γάρ
266 4149 313 4180 ³⁸
346 4148 538 4203 ἕνδεκα
580 4150 677 4203 καὶ
723 4150 927 4203 δώδεκα
961 4152 1053 4215 καὶ
1083 4151 1132 4203 οί
1170 4151 1343 4204 λοιποὶ
1368 4152 1468 4222 τὴν
1491 4152 1665 4223 ἀρχὴν

83 4242 189 4311 τῆς
217 4240 488 4308 γενέσεως
513 4241 621 4296 ἀπὸ
649 4242 756 4295 τῶν
785 4242 915 4296 δέκα
950 4243 1302 4312 λαμϐάνουσι.
1330 4243 1545 4315 Ταύτης
1566 4245 1665 4315 τῆς

80 4331 339 4395 δεκάδος,
369 4331 463 4384 τοῦ
500 4331 703 4385 τελείου
735 4332 989 4404 ἀριθμοῦ,
1024 4333 1092 4386 τὰ
1130 4335 1372 4405 τέσσαρα
1421 4336 1663 4389 καλεῖται

1781 1871 1993 1923 modum
2023 1885 2089 1925 ex
2140 1872 2364 1926 minimo
2397 1866 2599 1943 puncio
2632 1889 2852 1944 prorsus
2895 1876 3072 1944 magni
3103 1877 3346 1943 corporis

1780 1959 1993 2015 fundata
2021 1971 2101 2016 est
2126 1972 2316 2018 natura
2343 2002 2359 2026 ,
2411 1966 2572 2033 idque
2605 1974 2687 2019 est
2711 1966 2853 2034 quod
2881 1965 3065 2020 Simon
3113 1966 3165 2020 in
3202 1966 3347 2020 hunc

1778 2055 1990 2103 modum
2019 2052 2213 2122 126-
2231 2053 2387 2123 127
2414 2054 2635 2108 eﬁutur:
2667 2054 2927 2125 Exiguum
2952 2072 3196 2124 magnum
3222 2058 3343 2120 erit,

1778 2151 2021 2212 tanquam
2052 2161 2297 2211 puucmm
2315 2148 2452 2214 quod
2473 2156 2571 2212 est,
2593 2163 2837 2217 magnum
2857 2158 3031 2202 autem
3054 2150 3343 2216 inﬁnitum,

1778 2239 1970 2305 quippe
2001 2250 2214 2292 secutus
2237 2250 2489 2308 punctum
2511 2250 2931 2310 geometrarum.
2964 2241 3338 2295 Arithntetirtu

1777 2340 1954 2382 autem
1988 2329 2314 2383 continentis
2340 2346 2435 2397 per
2460 2332 2909 2400 compositionem
2945 2332 3339 2403 philoSOphiaut

1776 2434 2033 2475 numerus
2062 2422 2269 2474 exstitit
2301 2421 2660 2490 principium,
2694 2423 2743 2475 id
2771 2423 2909 2491 quod
2937 2432 3019 2477 est
3050 2423 3339 2485 inﬁnitum,

1778 2512 2284 2579 incomprehensum
2309 2550 2323 2574 ,
2366 2512 2569 2566 habens
2599 2513 2647 2565 in
2676 2528 2731 2566 se
2755 2528 2943 2567 omnes
2974 2515 3065 2583 qui
3117 2524 3341 2582 pOSSIIIII

1778 2605 1829 2656 in
1881 2602 2142 2656 inﬁnitum
2194 2617 2289 2670 per
2333 2602 2727 2658 multitudinem
2764 2604 3010 2675 progredi
3060 2619 3335 2659 numeros.

1775 2693 2131 2747 Numerorum
2159 2704 2337 2747 autem
2369 2694 2692 2764 principium
2720 2696 2932 2750 exstitit
2962 2710 3060 2763 per
3080 2696 3340 2751 substan-

1776 2787 1904 2837 tiam
1940 2785 2111 2852 prima
2150 2799 2340 2837 monas
2366 2823 2381 2847 ,
2410 2800 2528 2852 quae
2571 2786 2785 2853 quidem
2818 2776 3122 2840 est‘monas
3148 2786 3335 2847 virilis,

1775 2891 2065 2944 procreans
2100 2886 2322 2944 paterne
2362 2875 2596 2944 reliquos
2620 2892 2808 2932 omnes
2844 2894 3117 2932 numeros.
3158 2878 3340 2933 Altero

1776 2966 1890 3020 loco
1921 2969 2084 3037 dyas,
2140 2966 2402 3022 femineus
2435 2983 2693 3022 numerus
2716 3008 2729 3029 ,
2765 2969 2902 3023 idem
2938 2977 3113 3024 autem
3142 2979 3196 3025 et
3242 2985 3341 3039 par

1775 3058 1841 3111 ah
1878 3059 2235 3114 arithmeticis
2263 3060 2579 3128 appellatur.
2614 3061 2855 3115 Tertium
2893 3062 3043 3126 lrias,
3081 3079 3338 3119 numerus

1773 3149 1986 3215 virilis;
2040 3150 2124 3203 hic
2164 3159 2217 3203 et
2268 3150 2439 3221 impar
2483 3152 2551 3205 ab
2581 3152 2938 3207 arithtneticis
2967 3155 3141 3208 vocari
3178 3154 3333 3209 solet.

1765 3239 1968 3295 Prmter
1998 3242 2093 3294 hos
2122 3256 2309 3296 omnes
2338 3250 2515 3295 autem
2544 3252 2729 3305 tetras,
2770 3243 3031 3298 femineus
3060 3261 3333 3310 numerus,

1766 3331 1905 3386 idem
1936 3342 2112 3386 autem
2144 3333 2231 3386 hic
2271 3344 2326 3387 et
2354 3349 2453 3403 par
2483 3344 2739 3398 vocatur,
2794 3337 2883 3404 qui
2916 3336 3180 3393 femineus
3227 3349 3331 3393 est.

1767 3422 1905 3476 Sunt
1935 3423 2099 3492 igitur
2140 3423 2373 3477 universi
2410 3425 2616 3478 numeri
2651 3426 2848 3492 sumpti
2884 3428 3175 3493 generatim
3208 3442 3333 3495 qna-

1769 3523 1890 3567 tuor
1934 3515 2227 3580 (numerus
2267 3524 2446 3569 autem
2478 3524 2597 3569 erat
2643 3516 2707 3569 ad
2739 3531 2925 3569 sexum
2973 3517 3329 3583 indeﬁnitus),

1768 3608 1909 3659 unde
1937 3606 2208 3675 perlecuis
2240 3606 2342 3660 illis
2378 3622 2633 3661 numerus
2680 3608 2888 3661 exstitit
2933 3608 3110 3662 decas.
3157 3608 3329 3664 Unum

1766 3697 1930 3759 enim,
1972 3697 2099 3758 duo,
2132 3697 2231 3749 tria
2256 3736 2272 3761 ,
2304 3706 2533 3764 quatuor
2561 3697 2797 3752 eﬁiciunt
2823 3699 3040 3765 decem,
3082 3710 3138 3755 ut
3169 3716 3327 3769 supra

1765 3785 2197 3838 demonstratum
2226 3795 2330 3847 est,
2363 3800 2484 3839 cum
2516 3785 2740 3853 singulis
2771 3787 3007 3841 numeris
3036 3801 3327 3841 conserva-

1764 3876 1907 3930 bitur
1933 3891 1997 3930 ex
2023 3890 2080 3929 re
2108 3877 2458 3930 domesticum
2485 3892 2697 3930 nomen.
2736 3875 2860 3931 Haec
2899 3887 2981 3932 est
3014 3876 3101 3931 illa
3135 3876 3331 3949 Pytha-

1765 3981 1910 4037 gorae
1940 3982 2093 4021 sacra
2123 3977 2375 4039 tetractys
2406 3976 2677 4036 perpetuae
2713 3982 2920 4023 natura:
2948 3970 3233 4024 continens
3272 3970 3325 4023 in

1765 4070 1825 4110 se
1853 4056 2086 4121 radices,
2123 4057 2224 4112 hoc
2252 4068 2335 4110 est
2366 4057 2603 4126 reliquos
2627 4073 2816 4112 omnes
2840 4074 3125 4126 numeros;
3163 4061 3331 4115 unde-

1763 4148 1936 4202 cimus
1965 4148 2108 4202 enim
2132 4162 2387 4201 numerus
2412 4157 2465 4202 et
2498 4148 2849 4205 duodecimus
2878 4159 2930 4205 et
2961 4150 3148 4221 reliqui
3182 4154 3327 4221 prin-

1764 4238 1960 4305 cipium
1992 4237 2360 4307 generationis
2381 4252 2409 4289 a
2433 4252 2657 4292 numero
2676 4240 2763 4308 qui
2786 4249 2869 4294 est
2884 4244 3066 4297 decem
3086 4253 3325 4297 sumunt.

1764 4324 1934 4393 Hujus
1970 4328 2184 4381 deeadis
2205 4366 2221 4391 ,
2253 4325 2477 4396 perfecti
2510 4328 2755 4393 numeri,
2803 4339 3036 4398 quatuor
3065 4340 3330 4385 vocantur

84 4422 260 4493 μέρη·
289 4423 543 4494 ἀριθμὸς,
572 4424 757 4495 μονάς,
783 4424 1031 4495 δύναμις,
1056 4425 1240 4488 κύϐος,
1268 4420 1348 4488 οἷς
1368 4425 1661 4480 ὲπιπλοκαὶ

1773 4428 1982 4486 partes:
2012 4432 2301 4479 numerus,
2332 4433 2550 4481 mouas,
2592 4428 2865 4485 potestas,
2897 4420 3085 4484 cubus,
3130 4420 3327 4491 quibus

78 4513 184 4566 καὶ
218 4512 403 4582 μίξεις
438 4512 574 4584 πρὸς
607 4513 818 4582 γένεσιν
845 4514 1125 4583 αὐξήσεως
1152 4514 1195 4545 ³³
1220 4514 1483 4583 γίνονται,
1522 4515 1662 4569 κατά

78 4604 259 4672 φύσιν
300 4604 390 4658 τὸν
418 4605 641 4674 γόνιμον
686 4604 919 4676 ἀριθμὸν
959 4604 1330 4659 ὲπιτελοῦσαιο
1379 4607 1507 4660 ὅταν
1552 4607 1663 4675 γὰρ

73 4695 326 4764 δύναμις
364 4695 501 4765 αὐτὴ
549 4696 595 4727 ³⁸
642 4696 726 4764 ἐφ’
764 4695 960 4766 ἑαυτὴν
996 4695 1385 4766 κυϐισθήσεται
1410 4738 1428 4764 ,
1472 4698 1663 4766 γέγονε

71 4785 557 4856 δυναμοδύναμις,
592 4787 721 4840 ὅταν
756 4787 811 4840 δὲ
860 4787 1085 4857 δύναμις
1133 4788 1226 4841 ἐπὶ
1255 4787 1441 4851 κύϐον,
1471 4788 1663 4857 γέγονε

69 4874 490 4944 δυναμόκυϐος,
530 4876 656 4928 ὅταν
693 4875 749 4927 δὲ
784 4874 950 4940 κύϐος
979 4877 1071 4929 ἐπὶ
1113 4875 1307 4938 κύϐον,
1334 4875 1523 4944 γέγονε
1559 4892 1660 4929 κυ-

72 4966 332 5028 ϐόκυϐος
358 4965 421 4997 ⁸⁷·
452 4966 526 5031 ὼς
551 4967 794 5035 γίνεσθαι
817 4969 942 5030 τοὺς
974 4967 1180 5030 πάντας
1203 4967 1467 5036 ἀριθμοὺς
1496 4966 1658 5032 ἑπτά,

69 5059 166 5113 ῐνα
196 5059 235 5130 ἡ
270 5057 381 5111 τῶν
416 5060 724 5130 γενομένων
754 5058 966 5128 γένεσις
988 5058 1213 5130 γένηται
1256 5060 1314 5125 ἐξ
1344 5058 1654 5128 ἑϐδομάδος,

1766 4508 2115 4577 implexiones
2187 4515 2241 4561 et
2279 4508 2560 4562 mistiones
2612 4509 2679 4563 ad
2737 4511 3136 4578 generationem
3187 4528 3323 4581 aug-

1766 4599 1927 4653 menti
1961 4597 2115 4664 ﬁunt,
2148 4613 2213 4652 ex
2242 4607 2431 4651 natura
2471 4609 2837 4667 generatorem
2903 4617 3182 4656 numerum
3215 4602 3327 4657 elli-

1762 4690 1987 4745 cientes.
2021 4689 2121 4744 Ubi
2153 4691 2297 4742 enim
2340 4701 2575 4758 potestas
2622 4691 2733 4760 ipsa
2769 4692 3207 4762 multiplicabitur
3233 4707 3324 4749 se-

1763 4802 1886 4841 cum
1923 4787 2060 4855 ipsa,
2095 4786 2306 4841 exsistit
2344 4788 2859 4858 dynamodynamis,
2894 4790 2981 4843 ubi
3017 4800 3193 4845 autem
3228 4806 3325 4861 po-

1763 4886 1927 4933 testas
1954 4894 2073 4932 cum
2109 4878 2280 4943 cubo,
2307 4880 2977 4950 exstititdynamocubus,
3013 4884 3100 4937 ubi
3141 4894 3320 4939 autent

1761 4969 1931 5023 cubus
1954 4984 2076 5023 cum
2112 4970 2272 5031 cubo,
2302 4971 2517 5025 exsistit
2549 4972 2881 5035 cubocubus,
2913 4982 2967 5026 ιιι
2996 4989 3185 5028 omnes
3223 4992 3324 5029 nu-

1763 5058 1897 5113 meri
1926 5058 2055 5111 ﬁant
2097 5069 2326 5129 septem,
2357 5076 2464 5129 quo
2503 5074 2712 5125 eorum,
2744 5076 2863 5132 quae
2890 5072 3140 5132 generata
3172 5074 3319 5129 sunt,

1356 5193 1592 5249 VARUE
1632 5195 2034 5255 LECTIONES.

189 5330 243 5403 ξ’
283 5330 1036 5403 ἀρι-θμητικαιίγεωμετρίαι
1086 5329 1127 5384 C
1238 5329 1289 5403 ’ξ
1313 5324 1479 5403 optat.
1523 5332 1741 5403 ’τούτων
1781 5335 1843 5399 C,
1889 5334 1961 5389 cf.
2011 5334 2160 5388 Sext.
2210 5333 2363 5400 Eu'p.
2408 5350 2457 5402 p.
2497 5336 2598 5389 5H
2635 5337 2703 5390 Μ.
2802 5340 2849 5372 ’⁷
2888 5352 3010 5401 sqq.
3055 5336 3135 5391 Cl'.
3183 5337 3323 5392 infra

60 5401 100 5458 l.
146 5401 249 5460 νι,
291 5400 848 5472 meant-13,479
883 5400 967 5454 ed.
1001 5400 1173 5472 οχρη.
1244 5400 1289 5432 ἐ
1322 5400 1406 5472 et.
1457 5400 1595 5472 infra
1627 5404 1661 5458 l.
1697 5404 1793 5464 Vl.
1822 5421 1871 5458 c.
1906 5406 1994 5467 ιι,
2026 5422 2078 5472 ρ.
2117 5405 2238 5465 167.
2276 5406 2333 5457 tt
2370 5400 2440 5446 —'—
2472 5408 2592 5464 ius.
2631 5408 2694 5460 ιι
2727 5419 2776 5459 et
2803 5426 2850 5462 ρ.
2882 5400 3043 5469 l7,u.
3082 5407 3200 5463 με,
3228 5407 3318 5461 su.

58 5475 137 5507 ’3'
164 5468 799 5545 ixgatgx0100ﬁ06v9,§l.
869 5468 1322 5545 “_sqq_.APro_rsu_s
1350 5470 1543 5545 similia
1575 5468 2074 5545 legutttursupru'l.
2100 5475 2145 5545 7|,
2178 5492 2223 5527 c.
2254 5475 2309 5535 ε.
2332 5491 2381 5535 ι).
2424 5476 2507 5535 10,
2540 5476 2767 5536 Ξί-ίῖ,
2801 5478 2887 5532 52.
2956 5468 3036 5508 δ”·
3072 5478 3228 5545 ἄρσις
3257 5478 3317 5529 (Σ.

62 5545 123 5615 "7
146 5544 184 5610 ή
213 5540 374 5615 δυάς-
395 5540 559 5615 ὺίε
586 5611 597 5615 _
636 5542 681 5574 “
714 5541 879 5615 ἄρσις
1038 5541 1081 5572 ³³
1108 5540 1216 5615 ἀπὸ
1247 5540 1457 5606 γένους.
1502 5540 1618 5615 ,ἀπὸ
1643 5543 1737 5615 τού
1769 5540 1965 5615 ,γένους
1989 5544 2050 5608 C,
2092 5544 2160 5597 Μ.
2233 5545 2279 5576 ⁸³
2320 5545 2580 5615 ὀνόματος
2621 5548 2815 5598 οἰκεῖον
2839 5547 2900 5602 C.
2978 5546 3021 5578 ”
3053 5549 3080 5598 ὁ
3110 5540 3234 5615 γάρ.
3262 5546 3323 5599 τὸ

58 5614 183 5737 gap
326 5610 397 5735 M6.
469 5612 526 5739 ἶ
536 5610 762 5679 γένεσιν
782 5611 1083 5683 αὐξήσεως.
1114 5610 1308 5666 ἕνωσιν
1339 5648 1355 5668 .
1389 5648 1404 5666 .
1442 5648 1457 5665 .
1490 5610 1663 5681 ήσεως
1687 5612 1749 5679 C,
1782 5612 1869 5681 M;
1904 5613 1975 5670 cf.
2010 5628 2168 5684 supra
2199 5630 2250 5685 p.
2281 5614 2367 5683 10,
2395 5610 2482 5669 66.
2557 5615 2600 5646 ³⁸
2624 5616 2760 5687 αὓτη
2792 5618 2850 5673 C.
2920 5618 2966 5656 ³⁷
3001 5610 3318 5679 κυϐόκύϐος.

94 5700 207 5734 υνα
300 5698 361 5733 xu
400 5698 457 5745 ος
532 5720 547 5735 .

56 5686 457 5745 δυναμόκυϐος
487 5686 547 5739 C.
