1902 3110
212 139 278 173 3121

951 139 1134 170 ORIGENIS

1766 137 1832 169 3122

212 200 351 236 generatio
366 198 409 226 ﬂat
424 207 457 226 ex
481 198 666 229 hebdomade.
696 206 755 233 qua:
783 202 825 226 est
853 206 993 230 numerus,

1051 198 1106 233 ἣτις
1126 197 1217 224 εστίν·
1234 196 1366 233 ἀριθμὸς,
1383 195 1466 231 μονὰς
1478 216 1487 229 ,
1500 196 1624 231 δύναμις,
1643 196 1740 228 κύϐος,
1758 197 1832 223 δυνα-

214 250 320 276 monas,
337 248 466 278 potestas,
482 243 578 275 cubus,
596 243 854 278 dynamodynamis,
870 244 1000 279 dynamo-

215 290 315 323 cubus,
339 289 503 320 arbocubus.
535 288 610 316 Hanc
636 287 831 316 hebdomadem
857 288 950 315 Simon
973 292 1001 316 et

216 335 391 367 Valentinus.
409 334 563 362 nominibus
581 334 765 366 comtnutatis,
784 333 811 361 iu
838 334 999 361 miraculum

213 386 430 414 exornaverunt,
447 380 518 407 unde
534 383 722 414 argumentum
745 378 795 406 sibi
817 379 999 414 arripuerunt.

215 428 308 455 Simon
322 428 394 455 enim
407 427 442 454 ita
456 426 588 462 appellat:
604 434 688 457 metu,
702 425 884 461 intelligentia,
896 433 999 458 nomen.

215 482 276 505 vox.
292 473 477 506 ratiocinatio,
498 473 624 507 cogitatio
636 492 644 504 ,
661 472 706 507 qui
720 476 789 505 stat,
806 471 890 503 stetit,
908 472 999 498 stabit.

216 519 249 546 Et
277 519 450 546 Valentinus:
469 527 541 546 mens
553 538 562 551 ,
579 520 690 551 veritas,
717 519 791 553 logos
802 538 809 550 ,
823 519 877 546 vita
888 538 895 549 .
910 519 998 550 homo,

214 563 325 591 ecclesia
338 569 364 590 et
374 568 450 597 pater
464 572 516 590 una
532 568 697 594 numeratus.
712 564 812 598 pariter
824 563 1000 599 128-129

217 614 298 642 atque
316 608 362 638 illi.
380 608 426 642 qui
449 607 647 634 arithmeticam
666 608 861 642 philus-ophiam
876 609 1000 636 excolue-

216 661 278 682 runt
290 675 299 688 ,
314 663 394 690 quam
410 660 535 689 tanquam
554 655 715 690 incognitam
731 654 895 681 multitudini
913 654 1000 681 admi-

215 702 268 729 rati
283 707 310 729 et
328 702 443 733 imitati.
461 702 577 728 bmreses
594 708 608 727 a
623 709 652 728 se
667 701 837 734 excogitatas
853 699 1001 727 constitue-

216 751 290 773 runt.
315 746 432 795 Quidam
443 751 531 772 autem
554 750 582 772 et
604 746 638 772 ab
666 749 724 772 arte
740 745 845 772 medica
868 743 1001 772 condicere

215 789 610 826 hebdomades'periclitantur,
625 790 770 824 stupefacti
795 789 900 817 cerebri
914 789 1000 816 disse-

214 837 304 864 ctione
317 856 325 869 ,
341 844 401 864 cum
416 836 509 863 dicunt
525 835 643 862 universi
666 834 843 862 substantiam
866 837 894 861 et
920 838 999 868 pote-

1052 242 1218 278 μηδὺναμις,
1241 241 1447 278 δυναμόκυϐος,
1472 241 1633 273 κυὸόκυϐος.
1652 242 1764 277 Ταύτην
1788 243 1831 275 τὴν

1052 289 1187 325 ἑϐδομάδα
1202 289 1292 324 Σίμων
1309 289 1357 315 καὶ
1370 288 1546 319 οὑαλενττνος
1559 288 1689 323 ὀνόμασιν
1701 288 1831 315 ὲνδιαλλά-

1051 335 1145 368 ξαντες
1162 334 1410 370 ἑτερατολόγησαν,
1430 334 1557 360 ὑπόθεσιν
1579 334 1686 365 ἑαυτοῖς
1709 333 1831 360 ἐντεῦθεν

1051 381 1252 416 σχεδιασαντες.
1286 380 1316 407 '0
1349 380 1397 415 μὲν
1425 379 1480 414 γὰρ
1505 379 1596 414 Σίμων
1623 378 1710 410 οὕτως
1740 379 1832 405 suis?

1049 426 1378 460 νοῦς,ὲπίνοια,ὄνομα,
1388 425 1481 460 φωνὴ,
1492 425 1647 460 λογισμὸς,
1657 425 1831 459 ἐνθύμησις,

1049 473 1067 498 ὀ
1084 471 1187 503 ἑστὼς,
1208 472 1294 504 στὰς,
1318 470 1526 505 στησάμενος,
1542 471 1593 497 καὶ
1615 470 1830 503 οὺανιεντῑνος·

1049 517 1132 550 νοῦς,
1148 516 1284 549 ἀλήθεια,
1309 516 1411 551 λόγος,
1437 515 1505 550 ζωὴ,
1524 515 1693 550 ἅνθρωπος,
1706 515 1833 548 Ἐκκλη-

1049 563 1102 590 σία
1123 563 1170 590 καὶ
1183 564 1197 590 ὸ
1210 562 1307 597 πατὴρ
1324 562 1572 598 συναριθμούμενος
1585 581 1593 593 ,
1610 562 1680 589 κατὰ
1698 561 1788 588 ταύτὰ
1812 562 1833 577 ³³

1050 607 1090 644 [ρ.
1105 607 1224 644 91-92]
1244 610 1301 640 τοῖς
1318 608 1368 645 τὴν
1384 607 1568 644 ἀριθμητικὴν
1584 607 1717 643 ἡσκηκόσι
1731 607 1835 642 φιλοσο-

1049 654 1124 689 φίαν,
1140 653 1197 690 [ἢν]
1210 654 1247 685 ὼς
1261 654 1399 688 ἄγνωστον
1414 653 1494 690 [τοῖς]
1516 653 1539 669 ³¹
1555 653 1662 684 πολλοῖς
1676 652 1835 687 θαυμάσαν-

1048 708 1095 731 τες
1105 700 1153 726 καὶ
1170 700 1192 716 ⁸⁸
1207 699 1493 735 κατακολουθήσαντες
1503 699 1552 731 τὰς
1566 698 1612 725 ὕπ’
1626 698 1715 725 αὐτῶν
1730 699 1837 733 ἐπινοη-

1049 745 1142 777 θείσας
1167 744 1288 780 αἱρέσεις
1303 744 1512 780 συνεστήσαντο.
1538 744 1617 775 Τινὲς
1644 743 1693 778 μὲν
1716 740 1767 769 οὖν
1790 743 1836 769 καὶ

1049 789 1104 816 ἀπὸ
1124 790 1250 825 ἰατρικῆς
1272 790 1398 825 συνιστᾷν
1418 789 1467 821 τὰς
1493 787 1643 824 ἑϐδομάδας
1662 788 1835 823 πειρῶνται,

1049 835 1233 870 ἐκπλαγέντες
1245 835 1291 862 ἐπὶ
1301 836 1334 871 τῇ
1344 834 1392 862 τοῦ
1404 835 1554 870 ἐγκεφάλου
1566 835 1698 869 ἀνατομῇ,
1712 833 1838 868 λέγοντες

216 887 315 909 etatem
334 887 473 916 paternam
491 885 518 908 et
533 880 703 907 divinitatem
725 887 740 906 a
762 879 866 907 cerebri
883 878 999 912 disposi-

1051 881 1097 917 τὴν
1107 881 1153 908 τοῦ
1165 880 1265 912 παντὸς
1273 880 1367 907 οὐσίαν
1375 881 1422 907 καὶ
1432 880 1545 916 δύναμιν
1571 880 1576 915 |
1605 880 1741 916 πατρικὴν
1754 879 1804 906 καὶ
1817 879 1837 895 δ¹

216 926 290 953 tione
315 925 417 952 doceri.
434 925 585 952 Cerebrum
613 924 685 950 enim
709 931 770 950 cum
793 923 828 950 sit
844 922 1000 957 principalis

218 979 280 1006 pars
296 971 414 998 universi
431 970 570 1004 corporis.
596 969 749 1004 superjacet
763 968 846 996 ﬁxum
860 974 888 996 et
902 969 1000 996 immo-

217 1025 272 1044 tum
289 1017 316 1044 in
334 1024 363 1043 se
378 1016 450 1043 intus
465 1015 567 1042 habens
583 1016 716 1049 spiritum.
729 1014 789 1042 Jam
805 1014 865 1041 talis
879 1014 1000 1041 narratio

216 1069 269 1089 non
284 1066 325 1089 est
343 1060 518 1092 incredibilis,
533 1061 580 1088 sed
589 1066 617 1087 ut
630 1061 708 1095 longe
718 1060 847 1087 dissideat
858 1060 892 1087 ab
906 1060 1000 1086 borum

215 1112 326 1134 conatu.
342 1107 486 1134 Cerebrum
502 1107 573 1133 enim
590 1111 724 1133 resectum
743 1106 815 1132 intus
833 1105 910 1132 habet
929 1104 1000 1139 quod

215 1157 328 1180 vocatur
341 1153 500 1184 cantarium,
516 1152 593 1186 cujus
615 1151 647 1178 ab
676 1157 790 1185 utraque
814 1157 891 1185 parte
908 1156 1001 1178 tenues

216 1204 280 1227 sunt
295 1198 497 1229 membranulae,
511 1205 580 1232 quas
595 1197 633 1224 illi
651 1197 772 1232 pterygia
787 1196 923 1231 appellant
937 1215 945 1228 .
959 1195 1000 1223 le.

217 1244 288 1271 niter
303 1251 318 1271 a
332 1243 429 1277 spiritu
447 1248 525 1270 mota:
537 1247 564 1270 et
582 1250 675 1269 rursus
690 1241 853 1276 depellentes
876 1242 1000 1276 spiritum

216 1296 312 1316 versus
327 1287 507 1320 cerebellum.
535 1288 581 1322 qui
602 1295 762 1322 percurrens
787 1295 835 1321 per
861 1288 999 1314 vasculum

217 1335 351 1369 quoddam
365 1334 462 1361 calami
474 1334 562 1361 simile
573 1334 607 1361 ad
622 1334 761 1361 conarium
775 1338 856 1366 meat,
868 1334 910 1361 cui
927 1333 1000 1367 adja-

217 1386 261 1409 cet
278 1388 309 1407 os
325 1379 461 1412 cerebelli,
476 1379 612 1414 excipiens
628 1384 811 1414 permeantem
831 1379 954 1413 spiritum
973 1383 1001 1406 et

219 1425 410 1452 transfundens
428 1424 461 1450 ad
486 1424 618 1451 dorsalem
640 1430 698 1457 quae
720 1423 818 1450 dicitur
845 1423 999 1455 medullam.

219 1471 290 1497 unde
305 1470 459 1496 universum
475 1476 573 1503 corpus
590 1468 688 1503 accipit
700 1468 849 1503 spirituale,
865 1475 926 1495 cum
942 1475 1001 1495 om-

219 1523 267 1543 nes
281 1515 387 1542 arteriae
408 1515 491 1542 instar
516 1514 583 1541 rami
600 1521 632 1540 ex
650 1514 701 1540 hoc
718 1513 829 1540 vasculo
846 1518 914 1548 apta:
935 1513 999 1545 sint,

1051 927 1178 962 θειότητα
1188 926 1243 953 ἀπὸ
1261 926 1311 962 τῆς
1326 926 1373 954 τοῦ
1387 926 1540 961 ἐγκεφάλου
1554 925 1701 957 διαθέσεως
1713 925 1839 952 διδάσκε-

1050 973 1122 1000 σθαι.
1142 973 1171 999 ‘0
1181 972 1236 1007 γὰρ
1243 972 1394 1008 ἐγκέφαλος
1409 972 1504 1008 κύριον
1519 971 1601 1008 μέρος
1611 971 1649 998 ὣν
1665 971 1712 998 τοῦ
1724 971 1833 1002 παντὸς

1052 1017 1179 1053 σώματος
1207 1018 1344 1044 ἐπίκειται
1369 1017 1493 1053 ἀτρεμὴς
1520 1018 1568 1044 καὶ
1593 1017 1738 1052 ἀκίνητος,
1764 1016 1840 1048 ἐντὸς

1051 1062 1147 1089 ἑαυτοῦ
1173 1061 1243 1098 ἔχων
1256 1063 1287 1089 τδ
1310 1062 1428 1099 πνεῦμα.
1445 1064 1525 1090 Ἐστι
1547 1062 1598 1098 μὲν
1618 1060 1665 1089 οὖν
1687 1063 1705 1097 ὴ
1723 1062 1838 1097 τοιαύτη

1052 1108 1156 1143 ἱστορία
1175 1109 1225 1135 οὐκ
1247 1109 1389 1141 ἀπίθανος,
1414 1108 1523 1144 μακρὰν
1546 1109 1574 1135 δὲ
1588 1109 1637 1144 τῆς
1653 1108 1760 1135 τούτων
1780 1109 1839 1134 ἑπι-

1049 1153 1209 1189 χειρήσεως,
1229 1153 1259 1180 ’0
1274 1154 1323 1189 μὲν
1336 1153 1390 1190 γὰρ
1408 1154 1558 1188 ἐγκέφαλος
1571 1153 1742 1188 ἀνατμηθεὶς
1764 1154 1838 1180 ἔνδον

1054 1199 1113 1234 ἔχει
1124 1198 1155 1225 τὸ
1166 1199 1190 1215 δ’
1206 1198 1374 1234 καλούμενον
1387 1200 1534 1235 καμάριον,
1547 1195 1577 1225 οὗ
1589 1199 1763 1234 ἑκατέρωθεν
1776 1199 1840 1233 ὑμέ-

1050 1253 1095 1277 νες
1102 1245 1155 1271 εῑσὶ
1163 1244 1268 1278 λεπτοὶ,
1274 1244 1322 1276 οὓς
1331 1245 1465 1280 πτερύγια
1474 1245 1733 1280 προσαγορεύουσιν,
1746 1246 1840 1280 ἡρέμα

1050 1290 1104 1317 ὑπὸ
1125 1290 1175 1317 τοῦ
1197 1290 1353 1325 πνεύματος
1375 1290 1525 1325 κινούμενα
1547 1291 1595 1318 καὶ
1616 1291 1698 1317 πάλιν
1722 1290 1839 1317 ἀπελαύ-

1050 1344 1130 1362 νοντα
1142 1335 1172 1362 τδ
1185 1335 1296 1370 πνεῦμα.
1306 1335 1353 1362 ἐπὶ
1362 1335 1411 1371 τὴν
1424 1336 1646 1371 παρεγκεφαλίδα
1655 1336 1678 1351 ⁵³
1686 1344 1694 1352 ·
1706 1336 1721 1362 ὃ
1733 1336 1841 1371 διατρέ.

1050 1388 1098 1415 χον
1119 1379 1143 1396 ⁵⁸
1159 1379 1204 1407 διά
1221 1387 1293 1411 τινος
1308 1380 1421 1414 ἀγγείου
1442 1379 1556 1414 καλάμῳ
1577 1379 1695 1410 ἐοικότος
1712 1379 1736 1395 ⁸⁸
1750 1379 1801 1405 ἐπὶ
1813 1378 1840 1404 τὸ

1050 1425 1184 1460 κωνάριον
1196 1425 1289 1460 χωρεῖ,
1299 1421 1321 1458 ᾧ
1332 1424 1491 1460 πρόσκειται
1503 1425 1534 1451 τὸ
1545 1424 1654 1460 στόμιον
1669 1424 1724 1459 τῆς
1736 1432 1840 1459 παρεγ-

1050 1470 1193 1505 κεφαλίδος
1205 1470 1383 1506 ἐκδεχόμενον
1393 1470 1424 1497 τὸ
1436 1470 1577 1506 διατρέχον
1589 1470 1697 1506 πνεῦμα
1711 1471 1762 1497 καὶ
1774 1471 1840 1496 ἁνα-

1050 1515 1119 1543 sim
1139 1515 1186 1543 ἐπὶ
1200 1515 1246 1542 τὸν
1262 1516 1388 1542 νωτιαῖον
1406 1515 1552 1552 λεγόμενον
1572 1516 1680 1552 μυελὸν,
1698 1516 1764 1543 ὅθεν
1789 1517 1839 1543 πᾶν

219 1561 295 1595 cujus
313 1559 373 1587 linis
387 1559 414 1587 in
439 1559 565 1594 genitalia
581 1559 687 1586 vascula
706 1559 875 1590 terminatur,
890 1559 960 1585 unde
974 1564 1000 1586 et

1051 1563 1082 1589 τὺ
1097 1562 1177 1598 σῶμα
1195 1561 1398 1598 μεταλαμϐάνει
1418 1562 1449 1589 τδ
1471 1562 1655 1598 πνευματικὸν
1674 1562 1776 1589 πασῶν
1789 1563 1840 1589 τῶν

219 1607 323 1634 semina
337 1613 371 1632 ex
384 1605 497 1633 cerebro
511 1612 557 1640 per
575 1604 664 1632 femur
680 1604 796 1631 meantia
813 1609 1000 1631 secernuntur.

219 1652 269 1680 Est
287 1657 377 1679 autem
394 1651 503 1678 habitus
512 1650 639 1678 cerebelli
653 1650 752 1677 similis
764 1651 844 1685 capiti
858 1650 1001 1684 serpentis,

220 1700 254 1726 de
272 1706 326 1733 quo
341 1697 441 1725 multus
455 1703 545 1724 sermo
568 1696 720 1723 instituitur
738 1702 753 1722 a
771 1696 906 1730 magistris
922 1702 1004 1729 prave

220 1743 416 1778 cognominata:
438 1742 601 1777 cognitionis
616 1760 624 1773 ,
653 1741 723 1768 sicut
747 1739 1002 1767 demonstrabimus.

221 1788 320 1816 Alteras
334 1793 424 1815 autem
440 1794 475 1814 ex
489 1787 601 1814 cerebro
614 1791 762 1813 nascuntur
776 1792 823 1813 sex
835 1784 1005 1820 conjunctio-

222 1842 280 1866 nes,
295 1840 354 1867 quae
366 1833 437 1860 circa
451 1837 532 1866 caput
544 1836 674 1867 porrectae
687 1831 826 1858 continent
837 1838 962 1865 corpora,
976 1830 1003 1858 in

223 1879 282 1913 ipso
299 1878 388 1913 capite
403 1877 503 1910 ﬁnitae;
518 1878 632 1912 septima
649 1882 737 1904 autem
749 1883 782 1904 ex
796 1875 926 1903 cerebello
942 1883 1004 1910 per-

223 1929 296 1952 meat
309 1924 341 1951 ad
366 1924 508 1950 inferiores
526 1929 617 1958 partes
639 1922 733 1957 reliqui
759 1922 900 1957 corporis.
923 1922 1004 1950 sicuti

222 1971 350 1998 diximus.
372 1970 404 1998 Et
418 1970 452 1997 de
470 1970 520 1997 boc
538 1977 646 2005 quoque
662 1969 761 1997 multus
774 1970 802 1997 ιιι
816 1977 915 2001 sermo,
934 1970 1004 1997 unde

223 2022 251 2044 et
261 2016 354 2043 Simon
370 2021 396 2043 et
410 2015 565 2043 Valentinus
579 2016 747 2051 reperientur
762 2021 789 2043 et
803 2017 865 2043 hinc
876 2015 1005 2043 doctrina)

224 2069 281 2090 sua!
295 2070 376 2089 ansas
390 2062 539 2096 sumpsisse
555 2066 582 2088 el
596 2081 604 2094 ,
620 2062 724 2088 etiamsi
744 2069 796 2089 non
816 2061 1004 2094 conﬁteantur,

223 2114 285 2134 esse
296 2106 412 2142 primum
426 2106 569 2134 mendaces
579 2124 588 2138 ,
612 2106 709 2133 deinde
723 2106 851 2134 heretici.
866 2107 933 2134 Cum
955 2115 1005 2134 au-

225 2158 279 2180 tem
297 2153 354 2179 haec
368 2159 473 2186 quoque
494 2152 559 2179 satis
573 2159 587 2178 a
603 2152 681 2179 nobis
699 2152 843 2179 videantur
859 2152 1003 2187 explicata,

223 2197 314 2224 omnia
326 2203 434 2229 autem.
461 2205 520 2232 qua:
547 2197 670 2224 videntur
694 2201 806 2225 terrente
829 2197 1005 2232 philosophia:

223 2242 321 2277 placita
334 2262 341 2274 ,
369 2242 563 2277 comprehensa
578 2243 633 2269 sint
649 2243 675 2269 in
691 2248 806 2276 quatuor
825 2243 917 2276 libris,
947 2243 1002 2278 pla-

224 2291 267 2313 cet
284 2286 416 2320 proficisci
437 2287 471 2313 ad
487 2286 582 2313 borum
597 2286 752 2321 discipulcs,
767 2287 808 2315 vel
825 2287 912 2315 dicam
928 2288 1006 2322 expi-

224 2332 336 2361 latores.

1056 1607 1195 1643 ἀρτηριῶν
1210 1607 1289 1642 δίκην
1304 1607 1402 1634 κλάδου
1414 1607 1447 1634 ὲκ
1457 1607 1552 1634 τούτου
1567 1607 1614 1634 τοῦ
1624 1608 1742 1641 ἀγγείου
1754 1608 1840 1642 ὴρτημ

1055 1653 1152 1689 μένων,
1164 1649 1196 1679 οὗ
1211 1653 1241 1679 τὸ
1255 1654 1341 1689 πέρας
1354 1653 1401 1680 ἐπὶ
1412 1653 1447 1680 τὰ
1459 1653 1606 1688 γεννητικὰ
1623 1654 1726 1687 ἀγγεῖα
1738 1662 1841 1689 τερμι-

1053 1699 1172 1731 τίζεταισ
1197 1698 1259 1725 ὅθεν
1281 1699 1328 1726 καὶ
1350 1698 1386 1725 τὰ
1403 1699 1548 1734 σπέρματα
1567 1699 1596 1731 ἐξ
1618 1699 1780 1733 ἐγκεφάλου
1799 1699 1840 1725 διὰ

1053 1743 1103 1778 τῆς
1111 1743 1214 1778 ὀσφύος
1224 1744 1367 1779 χωροῦντα
1382 1744 1550 1779 ἐκκρίνεται.
1563 1745 1642 1771 Ἐστι
1661 1744 1690 1771 δὲ
1702 1745 1737 1771 τδ
1748 1746 1841 1780 σχῆμα

1053 1788 1102 1823 τῆς
1115 1789 1349 1824 παρεγκεφαλίδος
1362 1789 1450 1821 ἐοικὸς
1462 1789 1566 1824 κεφαλῇ
1586 1789 1738 1824 δράκοντος
1747 1811 1755 1822 ,
1780 1790 1842 1824 περὶ

1053 1828 1084 1858 οὗ
1103 1833 1187 1865 πολὺς
1222 1834 1236 1860 ὀ
1257 1833 1335 1867 λόγος
1360 1836 1415 1865 τοῖς
1439 1834 1489 1869 τῆς
1511 1834 1687 1869 ψευδωνύμου
1714 1834 1842 1869 γνώσεως

1054 1879 1181 1913 γίνεται,
1204 1879 1294 1911 καθὼς
1316 1880 1485 1915 ἐπιδείξομεν
1503 1881 1535 1906 ⁸⁸.
1559 1881 1673 1915 Ἐτεραι
1694 1880 1726 1907 δὲ
1746 1882 1781 1907 ὲκ
1797 1881 1842 1907 τοῦ

1054 1925 1206 1959 ἐγκεφάλου
1233 1925 1345 1960 φύονται
1374 1926 1405 1958 ἒξ
1437 1926 1579 1959 συζυγίαι,
1601 1927 1629 1952 αἳ
1653 1927 1724 1961 περὶ
1750 1927 1772 1942 ⁵⁷
1797 1928 1843 1961 τὴν

1055 1971 1175 2007 κεφαλὴν
1188 1971 1371 2006 διικνούμεναι
1390 1973 1529 2007 συνέχουσι
1541 1972 1575 1999 τὰ
1594 1972 1714 2008 σώματα
1727 1974 1759 1999 ἐν
1775 1973 1843 2007 αὐτῇ

1055 2016 1274 2051 περατούμεναι·
1289 2017 1305 2051 ἡ
1325 2017 1352 2042 δὲ
1366 2017 1465 2052 ἑϐδόμη
1485 2019 1516 2044 ἐκ
1532 2018 1580 2053 τῆς
1606 2018 1844 2053 παρεγκεφαλίδος

1055 2062 1096 2093 εἰς
1112 2061 1135 2077 ⁵³
1148 2062 1182 2088 τὰ
1193 2061 1268 2089 κάτω
1284 2062 1331 2088 τοῦ
1349 2063 1442 2089 λοιποῦ
1458 2063 1593 2099 θώματος,
1609 2064 1703 2096 καθὼς
1714 2066 1843 2099 εἴπομεν.

1057 2107 1114 2134 Καὶ
1128 2108 1191 2143 περὶ
1205 2107 1299 2134 τούτου
1327 2109 1354 2134 δὲ
1378 2110 1461 2141 πολὺς
1474 2111 1488 2136 ὀ
1501 2109 1578 2143 λόγος
1591 2129 1600 2142 ,
1614 2110 1677 2137 ὅθεν
1688 2111 1740 2137 καὶ
1756 2111 1846 2145 Σίμων

1056 2153 1104 2179 καὶ
1114 2153 1290 2185 Οὑαλεντῖνος
1306 2154 1499 2190 εὑρεθήσονται
1512 2156 1559 2182 καὶ
1575 2154 1704 2182 ἐντεῦθεν
1714 2157 1846 2191 ἀφορμὰς

1057 2199 1215 2234 εἰληφότες,
1238 2200 1285 2226 καὶ
1300 2199 1305 2235 |
1321 2201 1344 2227 εἰ
1371 2201 1409 2236 μὴ
1432 2201 1598 2236 ὁμολογοῖεν,
1621 2201 1701 2234 ὅντες
1732 2203 1846 2237 πρῶτον

1055 2244 1187 2279 ψεῦσται,
1204 2242 1264 2271 εἶτα
1284 2246 1427 2280 αἰρετικοί.
1450 2247 1525 2273 Ἐπεὶ
1539 2245 1586 2273 οὖν
1603 2247 1652 2273 καὶ
1667 2247 1761 2274 ταῦτα
1774 2249 1846 2275 δοκεῖ

1057 2290 1157 2322 ἱκανῶς
1167 2291 1240 2325 ἡμᾶς
1252 2290 1431 2321 ὲκτεθεῖσοαι.
1442 2292 1529 2319 πάντα
1540 2293 1569 2319 δὲ
1580 2293 1615 2320 τὰ
1624 2293 1763 2320 δοκοῦντα
1778 2292 1847 2320 εῐναι

1058 2333 1109 2367 τῆς
1130 2335 1256 2369 ἐπιγείου
1277 2336 1434 2370 φιλοσοφίας
1449 2337 1571 2372 δόγματα
1597 2339 1801 2374 περιείληπται
1822 2340 1847 2364 ἐν

1057 2379 1189 2416 τέσσαρσι
1212 2381 1346 2416 βιϐλίοις,
1369 2382 1443 2408 δοκεῖ
1462 2383 1508 2409 ἐπὶ
1532 2383 1595 2415 τοὺς
1618 2383 1726 2411 τούτων
1747 2386 1847 2420 χωρεῖν

1060 2424 1202 2460 μαθητὰς,
1217 2426 1317 2461 μᾶλλον
1332 2427 1361 2454 δὲ
1377 2427 1552 2463 κλεψιλόγους
1561 2429 1593 2455 ⁸³.

858 2511 974 2540 VARle
994 2512 1199 2544 LECTIONES.

261 2573 284 2590 "
297 2573 366 2600 κατὰ
382 2573 467 2600 ταύτὰ
483 2573 637 2605 Roeperns:
654 2572 719 2607 κατξ
732 2570 800 2607 αὺτᾲ
817 2570 848 2600 C,
866 2570 901 2597 M.
941 2572 963 2587 "
977 2572 1010 2607 ἥν
1024 2577 1051 2599 et
1070 2574 1128 2604 τοῖς
1145 2574 1205 2601 add.
1228 2573 1263 2600 Μ.

225 2609 273 2637 καὶ
285 2608 418 2644 πατρικὴν
431 2609 462 2639 C.
476 2608 509 2634 Μ.

228 2652 278 2679 μεν
290 2643 321 2671 C.
343 2643 382 2659 ⁷⁸⁷
395 2644 423 2669 al
436 2643 500 2679 περὶ
518 2644 548 2679 t_‘..

226 2676 459 2714 φιλοσοφουμένων
473 2676 501 2704 ’δ’
520 2677 621 2712 βισλίον
636 2676 671 2703 Μ.

546 2608 568 2622 ⁸¹
582 2607 688 2645 τρητὺν
702 2605 734 2645 C.
771 2606 794 2621 ”
813 2605 1020 2645 παρακεφαλίδα
1037 2607 1069 2645 (ἓν.
1114 2608 1138 2623 ⁸⁴
1158 2609 1172 2634 ὁ
1195 2609 1342 2645 διατρέχων
1362 2612 1393 2638 C.
1429 2612 1451 2628 "
1474 2605 1571 2640 ὲοὶκότι
1596 2613 1627 2640 C.

585 2642 608 2658 δ’
623 2642 692 2668 Ante
710 2642 749 2673 είς
764 2647 821 2668 voc.
844 2642 914 2667 εἰσιν
936 2642 1109 2670 inserendum
1135 2650 1196 2671 esse
1220 2642 1311 2672 censet
1325 2644 1360 2672 Μ.

1311 2575 1335 2593 ⁸⁸
1351 2576 1398 2614 καὶ
1412 2584 1466 2614 om.
1480 2577 1511 2610 (Ξ,
1526 2576 1559 2614 hi.
1598 2578 1620 2614 ξι
1632 2580 1777 2614 πατρικὴν
1793 2581 1847 2606 καί.

1666 2614 1690 2629 ⁵⁸
1705 2615 1849 2646 ἐπιδείξω-

1415 2646 1437 2663 ⁸⁵
1454 2647 1493 2673 Att
1515 2647 1616 2675 calcem
1649 2648 1735 2683 huius
1764 2651 1849 2676 libri:
