  <div class='ocr_page' id='page_1' title='image "/cluster/home/n/w/nwhite01/storage/ocr_20150623/16 pt.3/nnc1.0046978674/380.png"; bbox 0 0 3804 6220; ppageno 0'>
   <div class='ocr_carea' id='block_1_1' title="bbox 158 289 1660 369">
    <p class='ocr_par' dir='ltr' id='par_1_1' title="bbox 158 289 1660 355">
     <span class='ocr_line' id='line_1_1' title="bbox 158 289 1660 355; baseline -0.001 -1"><span class='ocrx_word' id='word_1_1' title='bbox 158 289 283 355; x_wconf 77' lang='grc'><strong>3123</strong></span> <span class='ocrx_word' id='word_1_2' title='bbox 1254 293 1555 354; x_wconf 79' lang='lat' dir='ltr'><strong>CONTRA</strong></span> <span class='ocrx_word' id='word_1_3' title='bbox 1592 297 1660 354; x_wconf 85' lang='grc' dir='ltr'><strong>Η⁴</strong></span> 
     </span>
    </p>
   </div>
   <div class='ocr_carea' id='block_1_2' title="bbox 1883 289 3385 369">
    <p class='ocr_par' dir='ltr' id='par_1_2' title="bbox 1883 295 3385 369">
     <span class='ocr_line' id='line_1_2' title="bbox 1883 295 3385 369; baseline 0.011 -16"><span class='ocrx_word' id='word_1_4' title='bbox 1883 295 1955 354; x_wconf 73' lang='lat' dir='ltr'>ES</span> <span class='ocrx_word' id='word_1_5' title='bbox 1992 296 2135 355; x_wconf 79' lang='lat' dir='ltr'><strong>LIB.</strong></span> <span class='ocrx_word' id='word_1_6' title='bbox 2172 298 2236 357; x_wconf 82' lang='lat' dir='ltr'><strong>V.</strong></span> <span class='ocrx_word' id='word_1_7' title='bbox 3253 305 3385 369; x_wconf 67' lang='lat'><strong>312‘</strong></span> 
     </span>
    </p>
   </div>
   <div class='ocr_carea' id='block_1_3' title="bbox 956 445 3386 474">
    <p class='ocr_par' dir='ltr' id='par_1_3' title="bbox 956 445 3386 474">
     <span class='ocr_line' id='line_1_3' title="bbox 956 445 3386 474; baseline 0 -14"><span class='ocrx_word' id='word_1_8' title='bbox 956 445 3386 474; x_wconf 83' lang='lat'><strong>..___..______..__.____.._______________________</strong></span> 
     </span>
    </p>
   </div>
   <div class='ocr_carea' id='block_1_4' title="bbox 266 604 3245 731">
    <p class='ocr_par' dir='ltr' id='par_1_4' title="bbox 266 604 3245 731">
     <span class='ocr_line' id='line_1_4' title="bbox 266 604 3245 731; baseline 0.003 -11"><span class='ocrx_word' id='word_1_9' title='bbox 266 604 560 721; x_wconf 90' lang='grc' dir='ltr'><strong>ΤΟΥ</strong></span> <span class='ocrx_word' id='word_1_10' title='bbox 632 608 1049 721; x_wconf 89' lang='grc' dir='ltr'><strong>ΚΑΤΑ</strong></span> <span class='ocrx_word' id='word_1_11' title='bbox 1128 608 1645 721; x_wconf 85' lang='grc' dir='ltr'><strong>ΠΑΣΩΝ</strong></span> <span class='ocrx_word' id='word_1_12' title='bbox 1718 606 2455 723; x_wconf 88' lang='grc' dir='ltr'><strong>ΑΙΡΕΣΕΩΝ</strong></span> <span class='ocrx_word' id='word_1_13' title='bbox 2527 604 3245 731; x_wconf 87' lang='grc' dir='ltr'><strong>ΕΛΕΓΧΟΥ</strong></span> 
     </span>
    </p>
   </div>
   <div class='ocr_carea' id='block_1_5' title="bbox 1449 821 2075 916">
    <p class='ocr_par' dir='ltr' id='par_1_5' title="bbox 1449 821 2075 916">
     <span class='ocr_line' id='line_1_5' title="bbox 1449 821 2075 916; baseline -0.006 -2"><span class='ocrx_word' id='word_1_14' title='bbox 1449 826 1890 916; x_wconf 87' lang='grc' dir='ltr'><strong>ΒΙΒΛΙΟΝ</strong></span> <span class='ocrx_word' id='word_1_15' title='bbox 1961 821 2075 915; x_wconf 91' lang='lat' dir='ltr'><strong>E&#39;.</strong></span> 
     </span>
    </p>
   </div>
   <div class='ocr_carea' id='block_1_6' title="bbox 452 1181 3087 1363">
    <p class='ocr_par' dir='ltr' id='par_1_6' title="bbox 452 1181 3087 1363">
     <span class='ocr_line' id='line_1_6' title="bbox 452 1181 3087 1363; baseline 0.003 -68"><span class='ocrx_word' id='word_1_16' title='bbox 452 1181 1516 1305; x_wconf 62' lang='lat' dir='ltr'><strong>BEFUTATIONIS</strong></span> <span class='ocrx_word' id='word_1_17' title='bbox 1610 1190 2181 1363; x_wconf 88' lang='lat' dir='ltr'><strong>OMNIUM</strong></span> <span class='ocrx_word' id='word_1_18' title='bbox 2289 1194 3087 1323; x_wconf 69' lang='lat' dir='ltr'><strong>H/ERESIUM</strong></span> 
     </span>
    </p>
   </div>
   <div class='ocr_carea' id='block_1_7' title="bbox 1245 1428 2255 1537">
    <p class='ocr_par' dir='ltr' id='par_1_7' title="bbox 1245 1428 2255 1537">
     <span class='ocr_line' id='line_1_7' title="bbox 1245 1428 2255 1537; baseline 0.006 -23"><span class='ocrx_word' id='word_1_19' title='bbox 1245 1428 1611 1517; x_wconf 79' lang='lat' dir='ltr'><strong>LIBER</strong></span> <span class='ocrx_word' id='word_1_20' title='bbox 1682 1431 2255 1537; x_wconf 82' lang='lat' dir='ltr'><strong>QUINTUS.</strong></span> 
     </span>
    </p>
   </div>
   <div class='ocr_carea' id='block_1_8' title="bbox 199 1756 1701 1845">
    <p class='ocr_par' dir='ltr' id='par_1_8' title="bbox 199 1756 1690 1841">
     <span class='ocr_line' id='line_1_8' title="bbox 199 1756 1690 1841; baseline 0.009 -31"><span class='ocrx_word' id='word_1_21' title='bbox 199 1765 269 1811; x_wconf 87' lang='grc' dir='ltr'><strong>α’.</strong></span> <span class='ocrx_word' id='word_1_22' title='bbox 308 1756 386 1830; x_wconf 81' lang='grc' dir='ltr'><strong>[ρ.</strong></span> <span class='ocrx_word' id='word_1_23' title='bbox 432 1759 522 1815; x_wconf 80' lang='lat'><strong>95.</strong></span> <span class='ocrx_word' id='word_1_24' title='bbox 564 1758 654 1833; x_wconf 71' lang='grc'><strong>94]</strong></span> <span class='ocrx_word' id='word_1_25' title='bbox 695 1762 837 1816; x_wconf 88' lang='grc' dir='ltr'>Τάδε</span> <span class='ocrx_word' id='word_1_26' title='bbox 880 1762 1091 1817; x_wconf 75' lang='grc' dir='ltr'>ἔνεστιν</span> <span class='ocrx_word' id='word_1_27' title='bbox 1126 1765 1185 1817; x_wconf 81' lang='grc' dir='ltr'>ὲν</span> <span class='ocrx_word' id='word_1_28' title='bbox 1217 1768 1282 1837; x_wconf 81' lang='grc' dir='ltr'>τῇ</span> <span class='ocrx_word' id='word_1_29' title='bbox 1336 1767 1565 1841; x_wconf 83' lang='grc' dir='ltr'><strong>πέμπτῃ</strong></span> <span class='ocrx_word' id='word_1_30' title='bbox 1595 1770 1690 1824; x_wconf 79' lang='grc' dir='ltr'>τοῦ</span> 
     </span>
    </p>
   </div>
   <div class='ocr_carea' id='block_1_9' title="bbox 1880 1756 3382 1845">
    <p class='ocr_par' dir='ltr' id='par_1_9' title="bbox 1880 1773 3382 1845">
     <span class='ocr_line' id='line_1_9' title="bbox 1880 1773 3382 1845; baseline 0.005 -18"><span class='ocrx_word' id='word_1_31' title='bbox 1880 1774 1917 1827; x_wconf 92' lang='lat' dir='ltr'><strong>l.</strong></span> <span class='ocrx_word' id='word_1_32' title='bbox 1954 1774 2296 1844; x_wconf 49' lang='lat'><strong>130.131</strong></span> <span class='ocrx_word' id='word_1_33' title='bbox 2326 1773 2454 1830; x_wconf 72' lang='lat' dir='ltr'><strong>Ilzec</strong></span> <span class='ocrx_word' id='word_1_34' title='bbox 2487 1774 2669 1830; x_wconf 77' lang='lat' dir='ltr'><strong>insunt</strong></span> <span class='ocrx_word' id='word_1_35' title='bbox 2697 1777 2749 1829; x_wconf 90' lang='lat' dir='ltr'><strong>in</strong></span> <span class='ocrx_word' id='word_1_36' title='bbox 2777 1776 2966 1845; x_wconf 85' lang='lat' dir='ltr'><strong>quinto</strong></span> <span class='ocrx_word' id='word_1_37' title='bbox 3000 1776 3137 1832; x_wconf 91' lang='lat' dir='ltr'><strong>libro</strong></span> <span class='ocrx_word' id='word_1_38' title='bbox 3180 1778 3382 1835; x_wconf 83' lang='lat' dir='ltr'><strong>refuta-</strong></span> 
     </span>
    </p>
   </div>
   <div class='ocr_carea' id='block_1_10' title="bbox 127 1850 1629 1925">
    <p class='ocr_par' dir='ltr' id='par_1_10' title="bbox 127 1850 1074 1925">
     <span class='ocr_line' id='line_1_10' title="bbox 127 1850 1074 1925; baseline 0.007 -24"><span class='ocrx_word' id='word_1_39' title='bbox 127 1850 271 1903; x_wconf 78' lang='grc' dir='ltr'>κατὰ</span> <span class='ocrx_word' id='word_1_40' title='bbox 299 1851 486 1904; x_wconf 84' lang='grc' dir='ltr'>πασῶν</span> <span class='ocrx_word' id='word_1_41' title='bbox 516 1854 780 1924; x_wconf 77' lang='grc' dir='ltr'><strong>αἱρέσεων</strong></span> <span class='ocrx_word' id='word_1_42' title='bbox 808 1855 1036 1925; x_wconf 78' lang='grc' dir='ltr'>ἐλέγχου</span> <span class='ocrx_word' id='word_1_43' title='bbox 1060 1873 1074 1887; x_wconf 75' lang='grc' dir='ltr'><strong><em>ο</em></strong></span> 
     </span>
    </p>
   </div>
   <div class='ocr_carea' id='block_1_11' title="bbox 1622 1850 3124 1925">
    <p class='ocr_par' dir='ltr' id='par_1_11' title="bbox 1805 1865 3124 1919">
     <span class='ocr_line' id='line_1_11' title="bbox 1805 1865 3124 1919; baseline 0 -1"><span class='ocrx_word' id='word_1_44' title='bbox 1805 1865 1967 1919; x_wconf 90' lang='lat' dir='ltr'><strong>tionis</strong></span> <span class='ocrx_word' id='word_1_45' title='bbox 1995 1866 2237 1919; x_wconf 90' lang='lat' dir='ltr'><strong>onmium</strong></span> <span class='ocrx_word' id='word_1_46' title='bbox 2284 1866 2567 1919; x_wconf 68' lang='lat' dir='ltr'><strong>hmresium</strong></span> <span class='ocrx_word' id='word_1_47' title='bbox 2598 1881 2613 1918; x_wconf 89' lang='lat'><strong>:</strong></span> <span class='ocrx_word' id='word_1_48' title='bbox 3121 1881 3124 1885; x_wconf 53' lang='grc' dir='ltr'><strong>τ</strong></span> 
     </span>
    </p>
   </div>
   <div class='ocr_carea' id='block_1_12' title="bbox 204 1942 1706 2029">
    <p class='ocr_par' dir='ltr' id='par_1_12' title="bbox 204 1942 1702 2022">
     <span class='ocr_line' id='line_1_12' title="bbox 204 1942 1702 2022; baseline 0.007 -27"><span class='ocrx_word' id='word_1_49' title='bbox 204 1942 271 2011; x_wconf 84' lang='grc' dir='ltr'><strong>β’.</strong></span> <span class='ocrx_word' id='word_1_50' title='bbox 300 1945 433 1998; x_wconf 84' lang='grc' dir='ltr'>Τίνα</span> <span class='ocrx_word' id='word_1_51' title='bbox 461 1948 508 1998; x_wconf 86' lang='grc' dir='ltr'>οἱ</span> <span class='ocrx_word' id='word_1_52' title='bbox 544 1947 859 2018; x_wconf 72' lang='grc' dir='ltr'>Ναασσηνοὶ</span> <span class='ocrx_word' id='word_1_53' title='bbox 889 1950 940 1981; x_wconf 77' lang='grc' dir='ltr'><strong>⁸ο</strong></span> <span class='ocrx_word' id='word_1_54' title='bbox 969 1950 1219 2018; x_wconf 87' lang='grc' dir='ltr'>λέγουσιν</span> <span class='ocrx_word' id='word_1_55' title='bbox 1241 1953 1287 2004; x_wconf 91' lang='grc' dir='ltr'>οἱ</span> <span class='ocrx_word' id='word_1_56' title='bbox 1322 1952 1547 2016; x_wconf 80' lang='grc' dir='ltr'>ἑαυτοὺς</span> <span class='ocrx_word' id='word_1_57' title='bbox 1569 1942 1702 2022; x_wconf 79' lang='grc' dir='ltr'>γνω-</span> 
     </span>
    </p>
   </div>
   <div class='ocr_carea' id='block_1_13' title="bbox 1875 1942 3377 2029">
    <p class='ocr_par' dir='ltr' id='par_1_13' title="bbox 1875 1952 3377 2029">
     <span class='ocr_line' id='line_1_13' title="bbox 1875 1952 3377 2029; baseline 0.005 -22"><span class='ocrx_word' id='word_1_58' title='bbox 1875 1954 1926 2007; x_wconf 75' lang='lat'><strong>9..</strong></span> <span class='ocrx_word' id='word_1_59' title='bbox 1957 1954 2087 2020; x_wconf 75' lang='lat' dir='ltr'><strong>Qua:</strong></span> <span class='ocrx_word' id='word_1_60' title='bbox 2120 1952 2379 2008; x_wconf 85' lang='lat' dir='ltr'><strong>Naasseni</strong></span> <span class='ocrx_word' id='word_1_61' title='bbox 2418 1956 2633 2020; x_wconf 93' lang='lat' dir='ltr'><strong>dicant,</strong></span> <span class='ocrx_word' id='word_1_62' title='bbox 2657 1956 2748 2024; x_wconf 89' lang='lat' dir='ltr'><strong>qui</strong></span> <span class='ocrx_word' id='word_1_63' title='bbox 2794 1972 2852 2011; x_wconf 91' lang='lat' dir='ltr'><strong>se</strong></span> <span class='ocrx_word' id='word_1_64' title='bbox 2894 1958 3168 2024; x_wconf 73' lang='lat' dir='ltr'><strong>gnosticos</strong></span> <span class='ocrx_word' id='word_1_65' title='bbox 3198 1954 3377 2029; x_wconf 67' lang='lat' dir='ltr'><strong>appeL</strong></span> 
     </span>
    </p>
   </div>
   <div class='ocr_carea' id='block_1_14' title="bbox 124 2035 1626 2118">
    <p class='ocr_par' dir='ltr' id='par_1_14' title="bbox 124 2035 1626 2113">
     <span class='ocr_line' id='line_1_14' title="bbox 124 2035 1626 2113; baseline 0.01 -29"><span class='ocrx_word' id='word_1_66' title='bbox 124 2035 342 2097; x_wconf 77' lang='grc' dir='ltr'>στικοὺς</span> <span class='ocrx_word' id='word_1_67' title='bbox 373 2036 800 2105; x_wconf 76' lang='grc' dir='ltr'><strong>ἀποκαλοῦντες,</strong></span> <span class='ocrx_word' id='word_1_68' title='bbox 827 2042 923 2093; x_wconf 77' lang='grc' dir='ltr'><strong>καὶ</strong></span> <span class='ocrx_word' id='word_1_69' title='bbox 949 2043 1031 2094; x_wconf 85' lang='grc' dir='ltr'>ὄτι</span> <span class='ocrx_word' id='word_1_70' title='bbox 1070 2044 1251 2094; x_wconf 73' lang='grc' dir='ltr'>ἐκεῖνα</span> <span class='ocrx_word' id='word_1_71' title='bbox 1279 2043 1626 2113; x_wconf 75' lang='grc' dir='ltr'>δογματίζον(</span> 
     </span>
    </p>
   </div>
   <div class='ocr_carea' id='block_1_15' title="bbox 1875 2035 3377 2118">
    <p class='ocr_par' dir='ltr' id='par_1_15' title="bbox 1875 2045 3377 2118">
     <span class='ocr_line' id='line_1_15' title="bbox 1875 2045 3377 2118; baseline 0.005 -21"><span class='ocrx_word' id='word_1_72' title='bbox 1875 2054 1914 2097; x_wconf 82' lang='grc' dir='ltr'>ιι</span> <span class='ocrx_word' id='word_1_73' title='bbox 1940 2062 1953 2098; x_wconf 94' lang='lat'><strong>:</strong></span> <span class='ocrx_word' id='word_1_74' title='bbox 1989 2060 2125 2114; x_wconf 91' lang='lat' dir='ltr'><strong>quos</strong></span> <span class='ocrx_word' id='word_1_75' title='bbox 2153 2045 2239 2098; x_wconf 86' lang='lat' dir='ltr'><strong>illa</strong></span> <span class='ocrx_word' id='word_1_76' title='bbox 2286 2046 2525 2114; x_wconf 85' lang='lat' dir='ltr'><strong>proliteri</strong></span> <span class='ocrx_word' id='word_1_77' title='bbox 2551 2084 2567 2109; x_wconf 90' lang='lat'><strong>,</strong></span> <span class='ocrx_word' id='word_1_78' title='bbox 2595 2062 2714 2115; x_wconf 75' lang='lat' dir='ltr'><strong>qua:</strong></span> <span class='ocrx_word' id='word_1_79' title='bbox 2742 2048 2890 2115; x_wconf 87' lang='lat' dir='ltr'><strong>prius</strong></span> <span class='ocrx_word' id='word_1_80' title='bbox 2915 2048 3228 2103; x_wconf 61' lang='lat' dir='ltr'><strong>Graacorum</strong></span> <span class='ocrx_word' id='word_1_81' title='bbox 3259 2052 3377 2118; x_wconf 78' lang='lat' dir='ltr'><strong>phi-</strong></span> 
     </span>
    </p>
   </div>
   <div class='ocr_carea' id='block_1_16' title="bbox 119 2126 1621 2209">
    <p class='ocr_par' dir='ltr' id='par_1_16' title="bbox 119 2126 1621 2205">
     <span class='ocr_line' id='line_1_16' title="bbox 119 2126 1621 2205; baseline 0.008 -27"><span class='ocrx_word' id='word_1_82' title='bbox 119 2126 162 2179; x_wconf 79' lang='grc' dir='ltr'><strong>ἆ</strong></span> <span class='ocrx_word' id='word_1_83' title='bbox 195 2128 454 2197; x_wconf 83' lang='grc' dir='ltr'>πρότερον</span> <span class='ocrx_word' id='word_1_84' title='bbox 478 2130 528 2181; x_wconf 81' lang='grc' dir='ltr'><strong>οἱ</strong></span> <span class='ocrx_word' id='word_1_85' title='bbox 566 2130 837 2201; x_wconf 82' lang='grc' dir='ltr'><strong>Ἐλλήνων</strong></span> <span class='ocrx_word' id='word_1_86' title='bbox 879 2133 1160 2203; x_wconf 86' lang='grc' dir='ltr'>φιλόσοφοι</span> <span class='ocrx_word' id='word_1_87' title='bbox 1198 2135 1565 2205; x_wconf 84' lang='grc' dir='ltr'>ἐδογμάτισαν</span> <span class='ocrx_word' id='word_1_88' title='bbox 1594 2155 1621 2190; x_wconf 82' lang='grc' dir='ltr'><strong>κ</strong></span> 
     </span>
    </p>
   </div>
   <div class='ocr_carea' id='block_1_17' title="bbox 1873 2126 3375 2209">
    <p class='ocr_par' dir='ltr' id='par_1_17' title="bbox 1873 2137 3375 2209">
     <span class='ocr_line' id='line_1_17' title="bbox 1873 2137 3375 2209; baseline 0.003 -17"><span class='ocrx_word' id='word_1_89' title='bbox 1873 2138 2009 2206; x_wconf 72' lang='lat' dir='ltr'><strong>sophi</strong></span> <span class='ocrx_word' id='word_1_90' title='bbox 2045 2146 2102 2191; x_wconf 86' lang='lat' dir='ltr'><strong>et</strong></span> <span class='ocrx_word' id='word_1_91' title='bbox 2152 2138 2188 2191; x_wconf 88' lang='lat' dir='ltr'><strong>ii</strong></span> <span class='ocrx_word' id='word_1_92' title='bbox 2225 2138 2317 2206; x_wconf 91' lang='lat' dir='ltr'><strong>qui</strong></span> <span class='ocrx_word' id='word_1_93' title='bbox 2347 2137 2575 2208; x_wconf 87' lang='lat' dir='ltr'><strong>mystica</strong></span> <span class='ocrx_word' id='word_1_94' title='bbox 2620 2138 2961 2192; x_wconf 84' lang='lat' dir='ltr'><strong>tradiderunt</strong></span> <span class='ocrx_word' id='word_1_95' title='bbox 2990 2140 3218 2209; x_wconf 80' lang='lat' dir='ltr'><strong>professi</strong></span> <span class='ocrx_word' id='word_1_96' title='bbox 3245 2144 3375 2206; x_wconf 88' lang='lat' dir='ltr'><strong>sint,</strong></span> 
     </span>
    </p>
   </div>
   <div class='ocr_carea' id='block_1_18' title="bbox 118 2218 1620 2299">
    <p class='ocr_par' dir='ltr' id='par_1_18' title="bbox 118 2218 1620 2299">
     <span class='ocr_line' id='line_1_18' title="bbox 118 2218 1620 2299; baseline 0.007 -29"><span class='ocrx_word' id='word_1_97' title='bbox 118 2218 176 2270; x_wconf 90' lang='grc' dir='ltr'>οἱ</span> <span class='ocrx_word' id='word_1_98' title='bbox 202 2218 246 2248; x_wconf 78' lang='grc'><strong>⁵⁸</strong></span> <span class='ocrx_word' id='word_1_99' title='bbox 273 2219 340 2271; x_wconf 77' lang='grc' dir='ltr'>τὰ</span> <span class='ocrx_word' id='word_1_100' title='bbox 384 2221 626 2289; x_wconf 86' lang='grc' dir='ltr'>μυστικὰ</span> <span class='ocrx_word' id='word_1_101' title='bbox 656 2223 1014 2291; x_wconf 77' lang='grc' dir='ltr'>παραδόντες,</span> <span class='ocrx_word' id='word_1_102' title='bbox 1056 2226 1147 2294; x_wconf 83' lang='grc' dir='ltr'><strong>ἀφ’</strong></span> <span class='ocrx_word' id='word_1_103' title='bbox 1192 2219 1269 2280; x_wconf 85' lang='grc' dir='ltr'>ὦν</span> <span class='ocrx_word' id='word_1_104' title='bbox 1316 2228 1416 2291; x_wconf 79' lang='grc' dir='ltr'>τὰς</span> <span class='ocrx_word' id='word_1_105' title='bbox 1442 2230 1620 2299; x_wconf 78' lang='grc' dir='ltr'>ἀφορμ</span> 
     </span>
    </p>
   </div>
   <div class='ocr_carea' id='block_1_19' title="bbox 1484 2218 2986 2299">
    <p class='ocr_par' dir='ltr' id='par_1_19' title="bbox 1484 2228 2986 2299">
     <span class='ocr_line' id='line_1_19' title="bbox 1484 2228 2986 2299; baseline 0.002 -19"><span class='ocrx_word' id='word_1_106' title='bbox 1484 2229 1700 2299; x_wconf 80' lang='grc' dir='ltr'>φορμὰς</span> <span class='ocrx_word' id='word_1_107' title='bbox 1802 2242 1833 2280; x_wconf 89' lang='lat' dir='ltr'><strong>a</strong></span> <span class='ocrx_word' id='word_1_108' title='bbox 1860 2228 2057 2296; x_wconf 83' lang='lat' dir='ltr'><strong>quibus</strong></span> <span class='ocrx_word' id='word_1_109' title='bbox 2096 2228 2327 2297; x_wconf 78' lang='lat' dir='ltr'><strong>profecti</strong></span> <span class='ocrx_word' id='word_1_110' title='bbox 2361 2230 2596 2283; x_wconf 68' lang='lat' dir='ltr'><strong>haereses</strong></span> <span class='ocrx_word' id='word_1_111' title='bbox 2627 2228 2986 2283; x_wconf 82' lang='lat' dir='ltr'><strong>condiderim.</strong></span> 
     </span>
    </p>
   </div>
   <div class='ocr_carea' id='block_1_20' title="bbox 114 2304 1105 2382">
    <p class='ocr_par' dir='ltr' id='par_1_20' title="bbox 114 2304 1105 2382">
     <span class='ocr_line' id='line_1_20' title="bbox 114 2304 1105 2382; baseline 0.011 -26"><span class='ocrx_word' id='word_1_112' title='bbox 114 2304 376 2370; x_wconf 77' lang='grc' dir='ltr'>λαϐόντες</span> <span class='ocrx_word' id='word_1_113' title='bbox 395 2310 638 2377; x_wconf 78' lang='grc' dir='ltr'><strong>αἱρέσεις</strong></span> <span class='ocrx_word' id='word_1_114' title='bbox 680 2313 1105 2382; x_wconf 82' lang='grc' dir='ltr'>συνεστήσαντο.</span> 
     </span>
    </p>
   </div>
   <div class='ocr_carea' id='block_1_21' title="bbox 193 2396 1695 2480">
    <p class='ocr_par' dir='ltr' id='par_1_21' title="bbox 193 2396 1695 2477">
     <span class='ocr_line' id='line_1_21' title="bbox 193 2396 1695 2477; baseline 0.005 -26"><span class='ocrx_word' id='word_1_115' title='bbox 193 2396 262 2464; x_wconf 86' lang='grc' dir='ltr'><strong>γ’.</strong></span> <span class='ocrx_word' id='word_1_116' title='bbox 286 2399 395 2454; x_wconf 78' lang='grc' dir='ltr'><strong>Καὶ</strong></span> <span class='ocrx_word' id='word_1_117' title='bbox 414 2400 536 2453; x_wconf 87' lang='grc' dir='ltr'>τίνα</span> <span class='ocrx_word' id='word_1_118' title='bbox 557 2401 624 2454; x_wconf 80' lang='grc' dir='ltr'><strong>τά</strong></span> <span class='ocrx_word' id='word_1_119' title='bbox 637 2404 760 2467; x_wconf 66' lang='lat' dir='ltr'><strong>soi;</strong></span> <span class='ocrx_word' id='word_1_120' title='bbox 785 2404 1054 2474; x_wconf 81' lang='grc' dir='ltr'>Περάταις</span> <span class='ocrx_word' id='word_1_121' title='bbox 1080 2405 1360 2471; x_wconf 82' lang='grc' dir='ltr'>δοκοῦντα,</span> <span class='ocrx_word' id='word_1_122' title='bbox 1389 2407 1485 2459; x_wconf 68' lang='grc' dir='ltr'><strong>καὶ</strong></span> <span class='ocrx_word' id='word_1_123' title='bbox 1511 2406 1593 2459; x_wconf 81' lang='grc' dir='ltr'>ὅτι</span> <span class='ocrx_word' id='word_1_124' title='bbox 1623 2407 1695 2477; x_wconf 83' lang='grc' dir='ltr'>μὴ</span> 
     </span>
    </p>
   </div>
   <div class='ocr_carea' id='block_1_22' title="bbox 1870 2396 3372 2480">
    <p class='ocr_par' dir='ltr' id='par_1_22' title="bbox 1871 2405 3372 2480">
     <span class='ocr_line' id='line_1_22' title="bbox 1871 2405 3372 2480; baseline 0.002 -19"><span class='ocrx_word' id='word_1_125' title='bbox 1871 2408 1925 2461; x_wconf 88' lang='grc'><strong>’5.</strong></span> <span class='ocrx_word' id='word_1_126' title='bbox 1971 2405 2038 2459; x_wconf 86' lang='grc' dir='ltr'>Ει</span> <span class='ocrx_word' id='word_1_127' title='bbox 2069 2422 2312 2473; x_wconf 81' lang='lat' dir='ltr'><strong>quamam</strong></span> <span class='ocrx_word' id='word_1_128' title='bbox 2364 2408 2564 2475; x_wconf 90' lang='lat' dir='ltr'><strong>placita</strong></span> <span class='ocrx_word' id='word_1_129' title='bbox 2600 2407 2709 2461; x_wconf 89' lang='lat' dir='ltr'><strong>sint</strong></span> <span class='ocrx_word' id='word_1_130' title='bbox 2738 2405 3053 2462; x_wconf 87' lang='lat' dir='ltr'><strong>Peratarum</strong></span> <span class='ocrx_word' id='word_1_131' title='bbox 3079 2450 3095 2474; x_wconf 90' lang='lat'><strong>,</strong></span> <span class='ocrx_word' id='word_1_132' title='bbox 3145 2426 3372 2480; x_wconf 89' lang='lat' dir='ltr'><strong>quorum</strong></span> 
     </span>
    </p>
   </div>
   <div class='ocr_carea' id='block_1_23' title="bbox 112 2490 1614 2569">
    <p class='ocr_par' dir='ltr' id='par_1_23' title="bbox 112 2490 1614 2569">
     <span class='ocr_line' id='line_1_23' title="bbox 112 2490 1614 2569; baseline 0.006 -26"><span class='ocrx_word' id='word_1_133' title='bbox 112 2490 229 2544; x_wconf 79' lang='grc' dir='ltr'>ἀπὸ</span> <span class='ocrx_word' id='word_1_134' title='bbox 262 2491 367 2545; x_wconf 83' lang='grc' dir='ltr'><strong>τῶν</strong></span> <span class='ocrx_word' id='word_1_135' title='bbox 398 2494 569 2562; x_wconf 84' lang='grc' dir='ltr'>ἁγίων</span> <span class='ocrx_word' id='word_1_136' title='bbox 596 2497 829 2568; x_wconf 85' lang='grc' dir='ltr'>Γραφῶν</span> <span class='ocrx_word' id='word_1_137' title='bbox 851 2498 912 2551; x_wconf 84' lang='grc' dir='ltr'><strong>τὸ</strong></span> <span class='ocrx_word' id='word_1_138' title='bbox 940 2498 1116 2569; x_wconf 82' lang='grc' dir='ltr'>δόγμα</span> <span class='ocrx_word' id='word_1_139' title='bbox 1144 2500 1326 2561; x_wconf 79' lang='grc' dir='ltr'>αὐτοῖς</span> <span class='ocrx_word' id='word_1_140' title='bbox 1361 2498 1614 2553; x_wconf 86' lang='grc' dir='ltr'>συνίστατ</span> 
     </span>
    </p>
   </div>
   <div class='ocr_carea' id='block_1_24' title="bbox 1872 2490 3374 2569">
    <p class='ocr_par' dir='ltr' id='par_1_24' title="bbox 1872 2498 3374 2567">
     <span class='ocr_line' id='line_1_24' title="bbox 1872 2498 3374 2567; baseline 0.005 -18"><span class='ocrx_word' id='word_1_141' title='bbox 1872 2513 2000 2564; x_wconf 65' lang='grc' dir='ltr'><strong><em>νεηη</em></strong></span> <span class='ocrx_word' id='word_1_142' title='bbox 2036 2512 2140 2550; x_wconf 92' lang='lat' dir='ltr'><strong>non</strong></span> <span class='ocrx_word' id='word_1_143' title='bbox 2171 2499 2471 2553; x_wconf 70' lang='lat' dir='ltr'><strong>manaverit</strong></span> <span class='ocrx_word' id='word_1_144' title='bbox 2524 2514 2554 2552; x_wconf 72' lang='grc' dir='ltr'><strong>ιι</strong></span> <span class='ocrx_word' id='word_1_145' title='bbox 2598 2498 2771 2553; x_wconf 82' lang='lat' dir='ltr'><strong>sacris</strong></span> <span class='ocrx_word' id='word_1_146' title='bbox 2813 2498 3143 2567; x_wconf 89' lang='lat' dir='ltr'><strong>Scripturis,</strong></span> <span class='ocrx_word' id='word_1_147' title='bbox 3177 2504 3271 2555; x_wconf 88' lang='lat' dir='ltr'><strong>sed</strong></span> <span class='ocrx_word' id='word_1_148' title='bbox 3309 2504 3374 2556; x_wconf 83' lang='lat' dir='ltr'><strong>ab</strong></span> 
     </span>
    </p>
   </div>
   <div class='ocr_carea' id='block_1_25' title="bbox 112 2583 1614 2660">
    <p class='ocr_par' dir='ltr' id='par_1_25' title="bbox 112 2583 833 2660">
     <span class='ocr_line' id='line_1_25' title="bbox 112 2583 833 2660; baseline 0.01 -24"><span class='ocrx_word' id='word_1_149' title='bbox 112 2583 258 2636; x_wconf 79' lang='grc' dir='ltr'>ἀλλὰ</span> <span class='ocrx_word' id='word_1_150' title='bbox 285 2584 391 2638; x_wconf 83' lang='grc' dir='ltr'>ἀπὸ</span> <span class='ocrx_word' id='word_1_151' title='bbox 416 2587 833 2660; x_wconf 85' lang='grc' dir='ltr'>ἀστρολογικῆς.</span> 
     </span>
    </p>
   </div>
   <div class='ocr_carea' id='block_1_26' title="bbox 639 2583 2141 2660">
    <p class='ocr_par' dir='ltr' id='par_1_26' title="bbox 639 2588 2141 2660">
     <span class='ocr_line' id='line_1_26' title="bbox 639 2588 2141 2660; baseline 0.002 -22"><span class='ocrx_word' id='word_1_152' title='bbox 639 2590 833 2660; x_wconf 83' lang='grc' dir='ltr'>ιγικῆς.</span> <span class='ocrx_word' id='word_1_153' title='bbox 1800 2588 2141 2655; x_wconf 80' lang='lat' dir='ltr'><strong>astrologica.</strong></span> 
     </span>
    </p>
   </div>
   <div class='ocr_carea' id='block_1_27' title="bbox 188 2676 1690 2754">
    <p class='ocr_par' dir='ltr' id='par_1_27' title="bbox 188 2676 1690 2754">
     <span class='ocr_line' id='line_1_27' title="bbox 188 2676 1690 2754; baseline 0.001 -22"><span class='ocrx_word' id='word_1_154' title='bbox 188 2676 253 2732; x_wconf 89' lang='grc' dir='ltr'><strong>δ’.</strong></span> <span class='ocrx_word' id='word_1_155' title='bbox 299 2679 393 2743; x_wconf 87' lang='grc' dir='ltr'>Τίς</span> <span class='ocrx_word' id='word_1_156' title='bbox 435 2682 464 2733; x_wconf 87' lang='grc' dir='ltr'>ὁ</span> <span class='ocrx_word' id='word_1_157' title='bbox 502 2681 645 2735; x_wconf 85' lang='grc' dir='ltr'>κατὰ</span> <span class='ocrx_word' id='word_1_158' title='bbox 681 2683 812 2745; x_wconf 79' lang='grc' dir='ltr'>τοὺς</span> <span class='ocrx_word' id='word_1_159' title='bbox 853 2682 1154 2754; x_wconf 76' lang='grc' dir='ltr'>Σηθιανοὺς</span> <span class='ocrx_word' id='word_1_160' title='bbox 1196 2686 1241 2731; x_wconf 68' lang='grc'><strong>⁸,·</strong></span> <span class='ocrx_word' id='word_1_161' title='bbox 1274 2684 1467 2752; x_wconf 83' lang='grc' dir='ltr'>λόγος,</span> <span class='ocrx_word' id='word_1_162' title='bbox 1499 2684 1593 2735; x_wconf 73' lang='grc' dir='ltr'><strong>καὶ</strong></span> <span class='ocrx_word' id='word_1_163' title='bbox 1618 2683 1690 2735; x_wconf 76' lang='grc' dir='ltr'><strong>ὅτι</strong></span> 
     </span>
    </p>
   </div>
   <div class='ocr_carea' id='block_1_28' title="bbox 1869 2676 3371 2754">
    <p class='ocr_par' dir='ltr' id='par_1_28' title="bbox 1870 2677 3371 2749">
     <span class='ocr_line' id='line_1_28' title="bbox 1870 2677 3371 2749; baseline 0.003 -18"><span class='ocrx_word' id='word_1_164' title='bbox 1870 2678 1924 2731; x_wconf 72' lang='grc' dir='ltr'><strong>ι.</strong></span> <span class='ocrx_word' id='word_1_165' title='bbox 1957 2678 2087 2744; x_wconf 66' lang='lat' dir='ltr'><strong>Quae</strong></span> <span class='ocrx_word' id='word_1_166' title='bbox 2121 2679 2365 2732; x_wconf 88' lang='lat' dir='ltr'><strong>doctrina</strong></span> <span class='ocrx_word' id='word_1_167' title='bbox 2399 2678 2470 2732; x_wconf 87' lang='lat' dir='ltr'><strong>sit</strong></span> <span class='ocrx_word' id='word_1_168' title='bbox 2504 2677 2908 2741; x_wconf 85' lang='lat' dir='ltr'><strong>Sethianorum,</strong></span> <span class='ocrx_word' id='word_1_169' title='bbox 2972 2682 3089 2749; x_wconf 89' lang='lat' dir='ltr'><strong>qui,</strong></span> <span class='ocrx_word' id='word_1_170' title='bbox 3124 2693 3371 2749; x_wconf 84' lang='lat' dir='ltr'><strong>surrepta</strong></span> 
     </span>
    </p>
   </div>
   <div class='ocr_carea' id='block_1_29' title="bbox 106 2769 1608 2845">
    <p class='ocr_par' dir='ltr' id='par_1_29' title="bbox 106 2774 1608 2845">
     <span class='ocr_line' id='line_1_29' title="bbox 106 2774 1608 2845; baseline 0 -19"><span class='ocrx_word' id='word_1_171' title='bbox 106 2774 229 2827; x_wconf 79' lang='grc' dir='ltr'>ἀπὸ</span> <span class='ocrx_word' id='word_1_172' title='bbox 249 2776 356 2829; x_wconf 78' lang='grc' dir='ltr'><strong>τῶν</strong></span> <span class='ocrx_word' id='word_1_173' title='bbox 392 2775 514 2828; x_wconf 83' lang='grc' dir='ltr'>καθ’</span> <span class='ocrx_word' id='word_1_174' title='bbox 536 2776 583 2806; x_wconf 77' lang='grc'>⁸³</span> <span class='ocrx_word' id='word_1_175' title='bbox 617 2774 887 2845; x_wconf 84' lang='grc' dir='ltr'>’Έλληνας</span> <span class='ocrx_word' id='word_1_176' title='bbox 913 2775 1091 2843; x_wconf 85' lang='grc' dir='ltr'>σοφῶν</span> <span class='ocrx_word' id='word_1_177' title='bbox 1132 2776 1608 2845; x_wconf 62' lang='grc' dir='ltr'>κλεψιλογήσαντες</span> 
     </span>
    </p>
   </div>
   <div class='ocr_carea' id='block_1_30' title="bbox 1868 2769 3370 2845">
    <p class='ocr_par' dir='ltr' id='par_1_30' title="bbox 1868 2771 3370 2845">
     <span class='ocr_line' id='line_1_30' title="bbox 1868 2771 3370 2845; baseline 0.006 -24"><span class='ocrx_word' id='word_1_178' title='bbox 1868 2786 2107 2824; x_wconf 74' lang='lat' dir='ltr'><strong>&#39;zecorum</strong></span> <span class='ocrx_word' id='word_1_179' title='bbox 2132 2771 2432 2838; x_wconf 75' lang='lat' dir='ltr'><strong>sapientum</strong></span> <span class='ocrx_word' id='word_1_180' title='bbox 2455 2771 2721 2837; x_wconf 85' lang='lat' dir='ltr'><strong>doctrina,</strong></span> <span class='ocrx_word' id='word_1_181' title='bbox 2746 2772 2951 2837; x_wconf 77' lang='lat' dir='ltr'><strong>Mus-.ci,</strong></span> <span class='ocrx_word' id='word_1_182' title='bbox 2979 2773 3123 2840; x_wconf 86' lang='lat' dir='ltr'><strong>Liui,</strong></span> <span class='ocrx_word' id='word_1_183' title='bbox 3147 2773 3370 2845; x_wconf 80' lang='lat' dir='ltr'><strong>Orphei,</strong></span> 
     </span>
    </p>
   </div>
   <div class='ocr_carea' id='block_1_31' title="bbox 107 2861 1609 2937">
    <p class='ocr_par' dir='ltr' id='par_1_31' title="bbox 107 2866 1609 2937">
     <span class='ocr_line' id='line_1_31' title="bbox 107 2866 1609 2937; baseline -0.001 -17"><span class='ocrx_word' id='word_1_184' title='bbox 107 2866 396 2920; x_wconf 78' lang='grc' dir='ltr'>Μουσαίου</span> <span class='ocrx_word' id='word_1_185' title='bbox 426 2868 471 2898; x_wconf 80' lang='grc'><strong>³⁵</strong></span> <span class='ocrx_word' id='word_1_186' title='bbox 490 2868 587 2920; x_wconf 75' lang='grc' dir='ltr'><strong>καὶ</strong></span> <span class='ocrx_word' id='word_1_187' title='bbox 617 2867 778 2919; x_wconf 86' lang='grc' dir='ltr'>Λίνου</span> <span class='ocrx_word' id='word_1_188' title='bbox 798 2867 894 2919; x_wconf 75' lang='grc' dir='ltr'><strong>καὶ</strong></span> <span class='ocrx_word' id='word_1_189' title='bbox 931 2867 1172 2937; x_wconf 78' lang='grc' dir='ltr'><strong>Ὀρφέως</strong></span> <span class='ocrx_word' id='word_1_190' title='bbox 1195 2867 1253 2919; x_wconf 82' lang='grc' dir='ltr'><strong>τὸ</strong></span> <span class='ocrx_word' id='word_1_191' title='bbox 1277 2867 1455 2937; x_wconf 81' lang='grc' dir='ltr'>δόγμα</span> <span class='ocrx_word' id='word_1_192' title='bbox 1484 2869 1609 2920; x_wconf 78' lang='grc' dir='ltr'>ἑαυτ</span> 
     </span>
    </p>
   </div>
   <div class='ocr_carea' id='block_1_32' title="bbox 1234 2861 2736 2937">
    <p class='ocr_par' dir='ltr' id='par_1_32' title="bbox 1234 2861 2736 2937">
     <span class='ocr_line' id='line_1_32' title="bbox 1234 2861 2736 2937; baseline -0.003 -16"><span class='ocrx_word' id='word_1_193' title='bbox 1234 2867 1455 2937; x_wconf 64' lang='grc' dir='ltr'>δδόγμα</span> <span class='ocrx_word' id='word_1_194' title='bbox 1484 2867 1698 2920; x_wconf 77' lang='grc' dir='ltr'>ἑαυτῶν</span> <span class='ocrx_word' id='word_1_195' title='bbox 1802 2876 1955 2913; x_wconf 83' lang='lat' dir='ltr'><strong>suum</strong></span> <span class='ocrx_word' id='word_1_196' title='bbox 1991 2861 2183 2929; x_wconf 80' lang='lat' dir='ltr'><strong>dogma</strong></span> <span class='ocrx_word' id='word_1_197' title='bbox 2217 2862 2736 2918; x_wconf 87' lang='lat' dir='ltr'><strong>consarciuaverint.</strong></span> 
     </span>
    </p>
   </div>
   <div class='ocr_carea' id='block_1_33' title="bbox 109 2959 547 3013">
    <p class='ocr_par' dir='ltr' id='par_1_33' title="bbox 109 2959 547 3013">
     <span class='ocr_line' id='line_1_33' title="bbox 109 2959 547 3013; baseline 0.007 -3"><span class='ocrx_word' id='word_1_198' title='bbox 109 2959 547 3013; x_wconf 83' lang='grc' dir='ltr'>συνεκάττυσαν.</span> 
     </span>
    </p>
   </div>
   <div class='ocr_carea' id='block_1_34' title="bbox 188 3046 1690 3120">
    <p class='ocr_par' dir='ltr' id='par_1_34' title="bbox 188 3049 1690 3119">
     <span class='ocr_line' id='line_1_34' title="bbox 188 3049 1690 3119; baseline 0 -17"><span class='ocrx_word' id='word_1_199' title='bbox 188 3049 251 3103; x_wconf 82' lang='grc' dir='ltr'><strong>ε’.</strong></span> <span class='ocrx_word' id='word_1_200' title='bbox 294 3050 428 3104; x_wconf 84' lang='grc' dir='ltr'>Τίνα</span> <span class='ocrx_word' id='word_1_201' title='bbox 474 3051 544 3104; x_wconf 83' lang='grc' dir='ltr'>τὰ</span> <span class='ocrx_word' id='word_1_202' title='bbox 597 3050 870 3119; x_wconf 77' lang='grc' dir='ltr'>Ἰουστίνῳ</span> <span class='ocrx_word' id='word_1_203' title='bbox 910 3049 1172 3103; x_wconf 82' lang='grc' dir='ltr'>δοκοῦντα</span> <span class='ocrx_word' id='word_1_204' title='bbox 1198 3092 1210 3112; x_wconf 84' lang='grc'><strong>,</strong></span> <span class='ocrx_word' id='word_1_205' title='bbox 1243 3051 1333 3101; x_wconf 75' lang='grc' dir='ltr'><strong>καὶ</strong></span> <span class='ocrx_word' id='word_1_206' title='bbox 1372 3052 1452 3102; x_wconf 81' lang='grc' dir='ltr'>ὅτι</span> <span class='ocrx_word' id='word_1_207' title='bbox 1487 3051 1560 3119; x_wconf 84' lang='grc' dir='ltr'>μὴ</span> <span class='ocrx_word' id='word_1_208' title='bbox 1591 3049 1690 3102; x_wconf 64' lang='grc' dir='ltr'><strong>ἀπὶ</strong></span> 
     </span>
    </p>
   </div>
   <div class='ocr_carea' id='block_1_35' title="bbox 1870 3046 3372 3120">
    <p class='ocr_par' dir='ltr' id='par_1_35' title="bbox 1873 3046 3372 3120">
     <span class='ocr_line' id='line_1_35' title="bbox 1873 3046 3372 3120; baseline 0.003 -20"><span class='ocrx_word' id='word_1_209' title='bbox 1873 3047 1924 3101; x_wconf 72' lang='grc' dir='ltr'><strong>ὅ.</strong></span> <span class='ocrx_word' id='word_1_210' title='bbox 1959 3046 2089 3113; x_wconf 69' lang='lat' dir='ltr'><strong>Quae</strong></span> <span class='ocrx_word' id='word_1_211' title='bbox 2116 3047 2227 3100; x_wconf 88' lang='lat' dir='ltr'><strong>sint</strong></span> <span class='ocrx_word' id='word_1_212' title='bbox 2250 3047 2445 3116; x_wconf 88' lang='lat' dir='ltr'><strong>placita</strong></span> <span class='ocrx_word' id='word_1_213' title='bbox 2472 3047 2696 3113; x_wconf 85' lang='lat' dir='ltr'><strong>Justini,</strong></span> <span class='ocrx_word' id='word_1_214' title='bbox 2721 3047 2873 3116; x_wconf 83' lang='lat' dir='ltr'><strong>cujus</strong></span> <span class='ocrx_word' id='word_1_215' title='bbox 2895 3050 3085 3118; x_wconf 79' lang='lat' dir='ltr'><strong>dogma</strong></span> <span class='ocrx_word' id='word_1_216' title='bbox 3116 3067 3217 3104; x_wconf 89' lang='lat' dir='ltr'><strong>non</strong></span> <span class='ocrx_word' id='word_1_217' title='bbox 3246 3068 3372 3120; x_wconf 84' lang='lat' dir='ltr'><strong>pro-</strong></span> 
     </span>
    </p>
   </div>
   <div class='ocr_carea' id='block_1_36' title="bbox 103 3119 1605 3212">
    <p class='ocr_par' dir='ltr' id='par_1_36' title="bbox 103 3140 1605 3212">
     <span class='ocr_line' id='line_1_36' title="bbox 103 3140 1605 3212; baseline 0 -19"><span class='ocrx_word' id='word_1_218' title='bbox 103 3142 229 3194; x_wconf 79' lang='grc' dir='ltr'><strong>τῶν</strong></span> <span class='ocrx_word' id='word_1_219' title='bbox 283 3143 453 3211; x_wconf 84' lang='grc' dir='ltr'>ἁγίων</span> <span class='ocrx_word' id='word_1_220' title='bbox 497 3142 729 3212; x_wconf 81' lang='grc' dir='ltr'>Γραφῶν</span> <span class='ocrx_word' id='word_1_221' title='bbox 765 3142 826 3193; x_wconf 75' lang='grc' dir='ltr'>τὸ</span> <span class='ocrx_word' id='word_1_222' title='bbox 873 3142 1051 3212; x_wconf 83' lang='grc' dir='ltr'>δόγμα</span> <span class='ocrx_word' id='word_1_223' title='bbox 1091 3140 1238 3211; x_wconf 74' lang='grc' dir='ltr'><strong>αὑτῷ</strong></span> <span class='ocrx_word' id='word_1_224' title='bbox 1271 3142 1317 3172; x_wconf 71' lang='grc'><strong>⁸⁸</strong></span> <span class='ocrx_word' id='word_1_225' title='bbox 1358 3142 1605 3193; x_wconf 81' lang='grc' dir='ltr'>συνίστατ</span> 
     </span>
    </p>
   </div>
   <div class='ocr_carea' id='block_1_37' title="bbox 1866 3119 3368 3212">
    <p class='ocr_par' dir='ltr' id='par_1_37' title="bbox 1866 3119 3368 3206">
     <span class='ocr_line' id='line_1_37' title="bbox 1866 3119 3368 3206; baseline 0 -14"><span class='ocrx_word' id='word_1_226' title='bbox 1866 3148 2003 3192; x_wconf 72' lang='lat' dir='ltr'><strong>Clum</strong></span> <span class='ocrx_word' id='word_1_227' title='bbox 2038 3138 2110 3191; x_wconf 87' lang='lat' dir='ltr'><strong>sit</strong></span> <span class='ocrx_word' id='word_1_228' title='bbox 2142 3150 2172 3189; x_wconf 91' lang='lat' dir='ltr'><strong>a</strong></span> <span class='ocrx_word' id='word_1_229' title='bbox 2207 3138 2380 3191; x_wconf 80' lang='lat' dir='ltr'><strong>sacris</strong></span> <span class='ocrx_word' id='word_1_230' title='bbox 2399 3136 2717 3206; x_wconf 88' lang='lat' dir='ltr'><strong>Scripturis,</strong></span> <span class='ocrx_word' id='word_1_231' title='bbox 2757 3138 2849 3191; x_wconf 89' lang='lat' dir='ltr'><strong>sed</strong></span> <span class='ocrx_word' id='word_1_232' title='bbox 2880 3152 2947 3191; x_wconf 75' lang='lat' dir='ltr'><strong>ex</strong></span> <span class='ocrx_word' id='word_1_233' title='bbox 2980 3119 3368 3192; x_wconf 76' lang='lat' dir='ltr'><strong>llerodotimi-</strong></span> 
     </span>
    </p>
   </div>
   <div class='ocr_carea' id='block_1_38' title="bbox 103 3227 1605 3305">
    <p class='ocr_par' dir='ltr' id='par_1_38' title="bbox 103 3233 1605 3305">
     <span class='ocr_line' id='line_1_38' title="bbox 103 3233 1605 3305; baseline -0.001 -19"><span class='ocrx_word' id='word_1_234' title='bbox 103 3233 233 3286; x_wconf 78' lang='grc' dir='ltr'>ἀλλ’</span> <span class='ocrx_word' id='word_1_235' title='bbox 260 3236 323 3288; x_wconf 82' lang='grc' dir='ltr'>ὲκ</span> <span class='ocrx_word' id='word_1_236' title='bbox 361 3236 468 3288; x_wconf 84' lang='grc' dir='ltr'>τῶν</span> <span class='ocrx_word' id='word_1_237' title='bbox 507 3234 791 3305; x_wconf 81' lang='grc' dir='ltr'>Ἡροδότου</span> <span class='ocrx_word' id='word_1_238' title='bbox 828 3235 871 3265; x_wconf 83' lang='grc'><strong>⁵⁷</strong></span> <span class='ocrx_word' id='word_1_239' title='bbox 904 3234 998 3287; x_wconf 81' lang='grc' dir='ltr'>τοῦ</span> <span class='ocrx_word' id='word_1_240' title='bbox 1062 3234 1490 3304; x_wconf 73' lang='grc' dir='ltr'>ἱστοριογράφου</span> <span class='ocrx_word' id='word_1_241' title='bbox 1538 3249 1605 3302; x_wconf 51' lang='grc' dir='ltr'><strong>τεγ</strong></span> 
     </span>
    </p>
   </div>
   <div class='ocr_carea' id='block_1_39' title="bbox 1021 3227 2523 3305">
    <p class='ocr_par' dir='ltr' id='par_1_39' title="bbox 1062 3227 2523 3304">
     <span class='ocr_line' id='line_1_39' title="bbox 1062 3227 2523 3304; baseline -0.002 -19"><span class='ocrx_word' id='word_1_242' title='bbox 1062 3234 1490 3304; x_wconf 71' lang='grc' dir='ltr'>ἱστοριογράφου</span> <span class='ocrx_word' id='word_1_243' title='bbox 1538 3249 1697 3303; x_wconf 85' lang='grc' dir='ltr'>τερα-</span> <span class='ocrx_word' id='word_1_244' title='bbox 1799 3227 2067 3283; x_wconf 85' lang='lat' dir='ltr'><strong>raculosis</strong></span> <span class='ocrx_word' id='word_1_245' title='bbox 2096 3227 2523 3283; x_wconf 80' lang='lat' dir='ltr'><strong>narrationibus.</strong></span> 
     </span>
    </p>
   </div>
   <div class='ocr_carea' id='block_1_40' title="bbox 105 3325 470 3397">
    <p class='ocr_par' dir='ltr' id='par_1_40' title="bbox 105 3325 470 3397">
     <span class='ocr_line' id='line_1_40' title="bbox 105 3325 470 3397; baseline 0 -18"><span class='ocrx_word' id='word_1_246' title='bbox 105 3325 408 3393; x_wconf 81' lang='grc' dir='ltr'>τολογιῶν.</span> <span class='ocrx_word' id='word_1_247' title='bbox 459 3328 470 3397; x_wconf 62' lang='grc' dir='ltr'><strong><em>ξ</em></strong></span> 
     </span>
    </p>
   </div>
   <div class='ocr_carea' id='block_1_41' title="bbox 186 3415 1688 3497">
    <p class='ocr_par' dir='ltr' id='par_1_41' title="bbox 186 3415 1688 3487">
     <span class='ocr_line' id='line_1_41' title="bbox 186 3415 1688 3487; baseline -0.001 -18"><span class='ocrx_word' id='word_1_248' title='bbox 186 3415 267 3481; x_wconf 80' lang='grc' dir='ltr'><strong>ς’.</strong></span> <span class='ocrx_word' id='word_1_249' title='bbox 303 3416 450 3469; x_wconf 82' lang='grc' dir='ltr'>Πάνυ</span> <span class='ocrx_word' id='word_1_250' title='bbox 483 3418 694 3487; x_wconf 79' lang='grc' dir='ltr'>νομίζω</span> <span class='ocrx_word' id='word_1_251' title='bbox 732 3416 1135 3487; x_wconf 83' lang='grc' dir='ltr'>πεπονημένως</span> <span class='ocrx_word' id='word_1_252' title='bbox 1177 3418 1247 3469; x_wconf 82' lang='grc' dir='ltr'>τὰ</span> <span class='ocrx_word' id='word_1_253' title='bbox 1280 3416 1515 3482; x_wconf 81' lang='grc' dir='ltr'>δόξαντα</span> <span class='ocrx_word' id='word_1_254' title='bbox 1554 3418 1688 3469; x_wconf 80' lang='grc' dir='ltr'>πᾶσι</span> 
     </span>
    </p>
   </div>
   <div class='ocr_carea' id='block_1_42' title="bbox 1867 3415 3369 3497">
    <p class='ocr_par' dir='ltr' id='par_1_42' title="bbox 1867 3425 3369 3497">
     <span class='ocr_line' id='line_1_42' title="bbox 1867 3425 3369 3497; baseline 0 -14"><span class='ocrx_word' id='word_1_255' title='bbox 1867 3428 1923 3483; x_wconf 88' lang='grc'><strong>6.</strong></span> <span class='ocrx_word' id='word_1_256' title='bbox 1968 3425 2116 3481; x_wconf 89' lang='lat' dir='ltr'><strong>Satis</strong></span> <span class='ocrx_word' id='word_1_257' title='bbox 2150 3427 2340 3497; x_wconf 88' lang='lat' dir='ltr'><strong>opinor</strong></span> <span class='ocrx_word' id='word_1_258' title='bbox 2369 3434 2624 3481; x_wconf 88' lang='lat' dir='ltr'><strong>accurate</strong></span> <span class='ocrx_word' id='word_1_259' title='bbox 2653 3441 2772 3494; x_wconf 69' lang='lat' dir='ltr'><strong>qure</strong></span> <span class='ocrx_word' id='word_1_260' title='bbox 2803 3427 3099 3495; x_wconf 78' lang='lat' dir='ltr'><strong>placuerint</strong></span> <span class='ocrx_word' id='word_1_261' title='bbox 3120 3428 3369 3483; x_wconf 88' lang='lat' dir='ltr'><strong>omnibus</strong></span> 
     </span>
    </p>
   </div>
   <div class='ocr_carea' id='block_1_43' title="bbox 99 3507 1601 3585">
    <p class='ocr_par' dir='ltr' id='par_1_43' title="bbox 99 3507 1601 3581">
     <span class='ocr_line' id='line_1_43' title="bbox 99 3507 1601 3581; baseline -0.001 -19"><span class='ocrx_word' id='word_1_262' title='bbox 99 3510 229 3571; x_wconf 82' lang='grc' dir='ltr'>τοῖς</span> <span class='ocrx_word' id='word_1_263' title='bbox 275 3508 397 3561; x_wconf 78' lang='grc' dir='ltr'>καθ’</span> <span class='ocrx_word' id='word_1_264' title='bbox 444 3507 490 3540; x_wconf 81' lang='grc'><strong>⁸⁸</strong></span> <span class='ocrx_word' id='word_1_265' title='bbox 535 3508 804 3579; x_wconf 84' lang='grc' dir='ltr'>Ἕλληνάς</span> <span class='ocrx_word' id='word_1_266' title='bbox 850 3526 911 3562; x_wconf 88' lang='grc' dir='ltr'><strong>τε</strong></span> <span class='ocrx_word' id='word_1_267' title='bbox 958 3509 1051 3563; x_wconf 72' lang='grc' dir='ltr'>καὶ</span> <span class='ocrx_word' id='word_1_268' title='bbox 1096 3509 1402 3581; x_wconf 79' lang='grc' dir='ltr'>βαρϐάρους</span> <span class='ocrx_word' id='word_1_269' title='bbox 1456 3508 1601 3581; x_wconf 83' lang='grc' dir='ltr'>[φιλο</span> 
     </span>
    </p>
   </div>
   <div class='ocr_carea' id='block_1_44' title="bbox 1867 3507 3369 3585">
    <p class='ocr_par' dir='ltr' id='par_1_44' title="bbox 1885 3516 3369 3585">
     <span class='ocr_line' id='line_1_44' title="bbox 1885 3516 3369 3585; baseline 0 -14"><span class='ocrx_word' id='word_1_270' title='bbox 1885 3519 2026 3573; x_wconf 85' lang='lat' dir='ltr'><strong>inter</strong></span> <span class='ocrx_word' id='word_1_271' title='bbox 2048 3516 2267 3572; x_wconf 68' lang='lat' dir='ltr'><strong>Graecos</strong></span> <span class='ocrx_word' id='word_1_272' title='bbox 2305 3526 2360 3570; x_wconf 87' lang='lat' dir='ltr'><strong>et</strong></span> <span class='ocrx_word' id='word_1_273' title='bbox 2390 3517 2532 3570; x_wconf 89' lang='lat' dir='ltr'><strong>inter</strong></span> <span class='ocrx_word' id='word_1_274' title='bbox 2564 3517 2823 3570; x_wconf 88' lang='lat' dir='ltr'><strong>barbaros</strong></span> <span class='ocrx_word' id='word_1_275' title='bbox 2856 3517 3186 3585; x_wconf 82' lang='lat' dir='ltr'><strong>philosophis</strong></span> <span class='ocrx_word' id='word_1_276' title='bbox 3215 3530 3269 3571; x_wconf 90' lang='lat' dir='ltr'><strong>et</strong></span> <span class='ocrx_word' id='word_1_277' title='bbox 3303 3522 3369 3573; x_wconf 92' lang='lat' dir='ltr'><strong>de</strong></span> 
     </span>
    </p>
   </div>
   <div class='ocr_carea' id='block_1_45' title="bbox 102 3600 1604 3675">
    <p class='ocr_par' dir='ltr' id='par_1_45' title="bbox 102 3600 1573 3674">
     <span class='ocr_line' id='line_1_45' title="bbox 102 3600 1573 3674; baseline 0.001 -20"><span class='ocrx_word' id='word_1_278' title='bbox 102 3600 266 3674; x_wconf 74' lang='grc' dir='ltr'>φοις]</span> <span class='ocrx_word' id='word_1_279' title='bbox 296 3603 342 3633; x_wconf 79' lang='grc'><strong><em>⁵³</em></strong></span> <span class='ocrx_word' id='word_1_280' title='bbox 379 3602 510 3673; x_wconf 85' lang='grc' dir='ltr'>περί</span> <span class='ocrx_word' id='word_1_281' title='bbox 559 3620 617 3656; x_wconf 88' lang='grc' dir='ltr'><strong>τε</strong></span> <span class='ocrx_word' id='word_1_282' title='bbox 658 3602 752 3655; x_wconf 78' lang='grc' dir='ltr'>τοῦ</span> <span class='ocrx_word' id='word_1_283' title='bbox 782 3603 940 3655; x_wconf 86' lang='grc' dir='ltr'>Θείου</span> <span class='ocrx_word' id='word_1_284' title='bbox 978 3604 1074 3656; x_wconf 75' lang='grc' dir='ltr'>καὶ</span> <span class='ocrx_word' id='word_1_285' title='bbox 1105 3603 1206 3672; x_wconf 82' lang='grc' dir='ltr'>τῆς</span> <span class='ocrx_word' id='word_1_286' title='bbox 1227 3602 1322 3655; x_wconf 81' lang='grc' dir='ltr'>τοῦ</span> <span class='ocrx_word' id='word_1_287' title='bbox 1365 3603 1573 3672; x_wconf 84' lang='grc' dir='ltr'>κόσμου</span> 
     </span>
    </p>
   </div>
   <div class='ocr_carea' id='block_1_46' title="bbox 1866 3600 3368 3675">
    <p class='ocr_par' dir='ltr' id='par_1_46' title="bbox 1866 3606 3368 3675">
     <span class='ocr_line' id='line_1_46' title="bbox 1866 3606 3368 3675; baseline 0.001 -15"><span class='ocrx_word' id='word_1_288' title='bbox 1866 3609 1982 3663; x_wconf 78' lang='lat' dir='ltr'><strong>vino</strong></span> <span class='ocrx_word' id='word_1_289' title='bbox 2018 3607 2240 3662; x_wconf 89' lang='lat' dir='ltr'><strong>numine</strong></span> <span class='ocrx_word' id='word_1_290' title='bbox 2279 3617 2335 3662; x_wconf 91' lang='lat' dir='ltr'><strong>et</strong></span> <span class='ocrx_word' id='word_1_291' title='bbox 2384 3607 2450 3661; x_wconf 89' lang='lat' dir='ltr'><strong>de</strong></span> <span class='ocrx_word' id='word_1_292' title='bbox 2504 3606 2713 3661; x_wconf 79' lang='lat' dir='ltr'><strong>fabrica</strong></span> <span class='ocrx_word' id='word_1_293' title='bbox 2760 3608 2942 3659; x_wconf 87' lang='lat' dir='ltr'><strong>mundi</strong></span> <span class='ocrx_word' id='word_1_294' title='bbox 2973 3607 3216 3675; x_wconf 81' lang='lat' dir='ltr'><strong>exposita</strong></span> <span class='ocrx_word' id='word_1_295' title='bbox 3247 3623 3368 3663; x_wconf 87' lang='lat' dir='ltr'><strong>esse</strong></span> 
     </span>
    </p>
   </div>
   <div class='ocr_carea' id='block_1_47' title="bbox 106 3694 1608 3769">
    <p class='ocr_par' dir='ltr' id='par_1_47' title="bbox 106 3694 1604 3765">
     <span class='ocr_line' id='line_1_47' title="bbox 106 3694 1604 3765; baseline 0 -19"><span class='ocrx_word' id='word_1_296' title='bbox 106 3694 417 3764; x_wconf 78' lang='grc' dir='ltr'>μιουργίας</span> <span class='ocrx_word' id='word_1_297' title='bbox 452 3694 789 3748; x_wconf 82' lang='grc' dir='ltr'>ἐκτεθεῖσθαι</span> <span class='ocrx_word' id='word_1_298' title='bbox 840 3697 899 3748; x_wconf 84' lang='grc' dir='ltr'>ὲν</span> <span class='ocrx_word' id='word_1_299' title='bbox 941 3697 1065 3759; x_wconf 85' lang='grc' dir='ltr'>ταῖς</span> <span class='ocrx_word' id='word_1_300' title='bbox 1105 3695 1149 3726; x_wconf 83' lang='grc'><strong>⁶⁰</strong></span> <span class='ocrx_word' id='word_1_301' title='bbox 1199 3695 1305 3765; x_wconf 82' lang='grc' dir='ltr'><strong>πρὸ</strong></span> <span class='ocrx_word' id='word_1_302' title='bbox 1334 3695 1537 3763; x_wconf 74' lang='grc' dir='ltr'>ταύτης</span> <span class='ocrx_word' id='word_1_303' title='bbox 1574 3712 1604 3746; x_wconf 91' lang='grc' dir='ltr'><strong>τ</strong></span> 
     </span>
    </p>
   </div>
   <div class='ocr_carea' id='block_1_48' title="bbox 1868 3694 3370 3769">
    <p class='ocr_par' dir='ltr' id='par_1_48' title="bbox 1888 3697 3370 3769">
     <span class='ocr_line' id='line_1_48' title="bbox 1888 3697 3370 3769; baseline 0.001 -16"><span class='ocrx_word' id='word_1_304' title='bbox 1888 3710 2125 3768; x_wconf 75' lang='lat' dir='ltr'><strong>quatuor</strong></span> <span class='ocrx_word' id='word_1_305' title='bbox 2159 3699 2312 3753; x_wconf 90' lang='lat' dir='ltr'><strong>libris</strong></span> <span class='ocrx_word' id='word_1_306' title='bbox 2344 3698 2609 3769; x_wconf 82' lang='lat' dir='ltr'><strong>proximis</strong></span> <span class='ocrx_word' id='word_1_307' title='bbox 2630 3697 3014 3766; x_wconf 86' lang='lat' dir='ltr'><strong>superioribus,</strong></span> <span class='ocrx_word' id='word_1_308' title='bbox 3044 3713 3270 3768; x_wconf 92' lang='lat' dir='ltr'><strong>quorum</strong></span> <span class='ocrx_word' id='word_1_309' title='bbox 3301 3715 3370 3755; x_wconf 89' lang='lat' dir='ltr'><strong>ne</strong></span> 
     </span>
    </p>
   </div>
   <div class='ocr_carea' id='block_1_49' title="bbox 103 3780 1605 3871">
    <p class='ocr_par' dir='ltr' id='par_1_49' title="bbox 103 3780 1602 3859">
     <span class='ocr_line' id='line_1_49' title="bbox 103 3780 1602 3859; baseline 0.001 -20"><span class='ocrx_word' id='word_1_310' title='bbox 103 3804 284 3857; x_wconf 81' lang='grc' dir='ltr'>σαρσι</span> <span class='ocrx_word' id='word_1_311' title='bbox 307 3786 528 3857; x_wconf 75' lang='grc' dir='ltr'>βίϐλοις,</span> <span class='ocrx_word' id='word_1_312' title='bbox 559 3780 632 3840; x_wconf 80' lang='grc' dir='ltr'>ὧν</span> <span class='ocrx_word' id='word_1_313' title='bbox 658 3787 779 3840; x_wconf 80' lang='grc' dir='ltr'>οὐδὲ</span> <span class='ocrx_word' id='word_1_314' title='bbox 795 3788 863 3840; x_wconf 85' lang='grc' dir='ltr'>τὰ</span> <span class='ocrx_word' id='word_1_315' title='bbox 886 3788 1157 3859; x_wconf 85' lang='grc' dir='ltr'>περίεργα</span> <span class='ocrx_word' id='word_1_316' title='bbox 1188 3786 1529 3859; x_wconf 81' lang='grc' dir='ltr'>παραλείψας</span> <span class='ocrx_word' id='word_1_317' title='bbox 1560 3786 1602 3818; x_wconf 73' lang='grc'><strong>⁸⁸</strong></span> 
     </span>
    </p>
   </div>
   <div class='ocr_carea' id='block_1_50' title="bbox 1938 3780 3440 3871">
    <p class='ocr_par' dir='ltr' id='par_1_50' title="bbox 1944 3788 3440 3871">
     <span class='ocr_line' id='line_1_50' title="bbox 1944 3788 3440 3871; baseline -0.001 -28"><span class='ocrx_word' id='word_1_318' title='bbox 1944 3792 2086 3860; x_wconf 85' lang='lat' dir='ltr'><strong>tlgiis</strong></span> <span class='ocrx_word' id='word_1_319' title='bbox 2116 3790 2330 3860; x_wconf 87' lang='lat' dir='ltr'><strong>quidem</strong></span> <span class='ocrx_word' id='word_1_320' title='bbox 2367 3789 2739 3859; x_wconf 69' lang='lat' dir='ltr'><strong>praetermissis</strong></span> <span class='ocrx_word' id='word_1_321' title='bbox 2759 3804 2861 3843; x_wconf 91' lang='lat' dir='ltr'><strong>non</strong></span> <span class='ocrx_word' id='word_1_322' title='bbox 2890 3788 3102 3842; x_wconf 86' lang='lat' dir='ltr'><strong>inanem</strong></span> <span class='ocrx_word' id='word_1_323' title='bbox 3134 3789 3367 3844; x_wconf 79' lang='lat' dir='ltr'><strong>laborem</strong></span> <span class='ocrx_word' id='word_1_324' title='bbox 3428 3850 3440 3871; x_wconf 43' lang='grc' dir='ltr'><em>Ι</em></span> 
     </span>
    </p>
   </div>
   <div class='ocr_carea' id='block_1_51' title="bbox 96 3878 1598 3952">
    <p class='ocr_par' dir='ltr' id='par_1_51' title="bbox 96 3878 1598 3948">
     <span class='ocr_line' id='line_1_51' title="bbox 96 3878 1598 3948; baseline 0.001 -19"><span class='ocrx_word' id='word_1_325' title='bbox 96 3881 207 3930; x_wconf 81' lang='grc' dir='ltr'>τὸν</span> <span class='ocrx_word' id='word_1_326' title='bbox 231 3880 468 3948; x_wconf 80' lang='grc' dir='ltr'>τυχόντα</span> <span class='ocrx_word' id='word_1_327' title='bbox 496 3880 655 3931; x_wconf 83' lang='grc' dir='ltr'>πόνον</span> <span class='ocrx_word' id='word_1_328' title='bbox 681 3878 1052 3948; x_wconf 82' lang='grc' dir='ltr'>ἀναδέδεγμαι</span> <span class='ocrx_word' id='word_1_329' title='bbox 1081 3879 1125 3909; x_wconf 76' lang='grc'><strong>⁸⁸</strong></span> <span class='ocrx_word' id='word_1_330' title='bbox 1143 3880 1254 3941; x_wconf 87' lang='grc' dir='ltr'>τοῖς</span> <span class='ocrx_word' id='word_1_331' title='bbox 1281 3878 1598 3948; x_wconf 78' lang='grc' dir='ltr'>ἐντυγχάνοι</span> 
     </span>
    </p>
   </div>
   <div class='ocr_carea' id='block_1_52' title="bbox 1870 3878 3372 3952">
    <p class='ocr_par' dir='ltr' id='par_1_52' title="bbox 1870 3879 3372 3952">
     <span class='ocr_line' id='line_1_52' title="bbox 1870 3879 3372 3952; baseline -0.004 -14"><span class='ocrx_word' id='word_1_332' title='bbox 1870 3882 2010 3952; x_wconf 86' lang='lat' dir='ltr'><strong>scepi</strong></span> <span class='ocrx_word' id='word_1_333' title='bbox 2046 3883 2287 3947; x_wconf 88' lang='lat' dir='ltr'><strong>lecturis,</strong></span> <span class='ocrx_word' id='word_1_334' title='bbox 2321 3883 2554 3936; x_wconf 88' lang='lat' dir='ltr'><strong>incitans</strong></span> <span class='ocrx_word' id='word_1_335' title='bbox 2590 3880 2785 3935; x_wconf 89' lang='lat' dir='ltr'><strong>multos</strong></span> <span class='ocrx_word' id='word_1_336' title='bbox 2805 3880 2871 3933; x_wconf 90' lang='lat' dir='ltr'><strong>ad</strong></span> <span class='ocrx_word' id='word_1_337' title='bbox 2900 3879 3137 3934; x_wconf 88' lang='lat' dir='ltr'><strong>discendi</strong></span> <span class='ocrx_word' id='word_1_338' title='bbox 3165 3879 3372 3948; x_wconf 85' lang='lat' dir='ltr'><strong>cupidi-</strong></span> 
     </span>
    </p>
   </div>
   <div class='ocr_carea' id='block_1_53' title="bbox 98 3971 1600 4043">
    <p class='ocr_par' dir='ltr' id='par_1_53' title="bbox 98 3971 1600 4043">
     <span class='ocr_line' id='line_1_53' title="bbox 98 3971 1600 4043; baseline -0.003 -18"><span class='ocrx_word' id='word_1_339' title='bbox 98 3973 566 4042; x_wconf 65' lang='grc' dir='ltr'>προτρεπόμενος</span> <span class='ocrx_word' id='word_1_340' title='bbox 597 3973 822 4036; x_wconf 72' lang='grc' dir='ltr'>πολλοὺς</span> <span class='ocrx_word' id='word_1_341' title='bbox 850 3973 987 4043; x_wconf 76' lang='grc' dir='ltr'>πρὸς</span> <span class='ocrx_word' id='word_1_342' title='bbox 1015 3971 1379 4041; x_wconf 79' lang='grc' dir='ltr'>φιλομάθειαν</span> <span class='ocrx_word' id='word_1_343' title='bbox 1401 3973 1495 4024; x_wconf 76' lang='grc' dir='ltr'><strong>καὶ</strong></span> <span class='ocrx_word' id='word_1_344' title='bbox 1519 3972 1600 4024; x_wconf 70' lang='lat' dir='ltr'><strong>cici</strong></span> 
     </span>
    </p>
   </div>
   <div class='ocr_carea' id='block_1_54' title="bbox 1867 3971 3369 4043">
    <p class='ocr_par' dir='ltr' id='par_1_54' title="bbox 1867 3972 3369 4043">
     <span class='ocr_line' id='line_1_54' title="bbox 1867 3972 3369 4043; baseline -0.003 -15"><span class='ocrx_word' id='word_1_345' title='bbox 1867 3985 1962 4029; x_wconf 86' lang='lat' dir='ltr'><strong>Lem</strong></span> <span class='ocrx_word' id='word_1_346' title='bbox 1990 3984 2040 4030; x_wconf 81' lang='lat' dir='ltr'><strong>et</strong></span> <span class='ocrx_word' id='word_1_347' title='bbox 2076 3975 2141 4029; x_wconf 90' lang='lat' dir='ltr'><strong>ad</strong></span> <span class='ocrx_word' id='word_1_348' title='bbox 2164 3985 2365 4028; x_wconf 88' lang='lat' dir='ltr'><strong>certam</strong></span> <span class='ocrx_word' id='word_1_349' title='bbox 2391 3973 2753 4043; x_wconf 82' lang='lat' dir='ltr'><strong>cognitionem</strong></span> <span class='ocrx_word' id='word_1_350' title='bbox 2785 3972 3050 4025; x_wconf 75' lang='lat' dir='ltr'><strong>veritatis.</strong></span> <span class='ocrx_word' id='word_1_351' title='bbox 3088 3972 3369 4040; x_wconf 74' lang='lat' dir='ltr'><strong>Relinqui-</strong></span> 
     </span>
    </p>
   </div>
   <div class='ocr_carea' id='block_1_55' title="bbox 97 4060 1599 4137">
    <p class='ocr_par' dir='ltr' id='par_1_55' title="bbox 97 4060 1599 4134">
     <span class='ocr_line' id='line_1_55' title="bbox 97 4060 1599 4134; baseline -0.002 -18"><span class='ocrx_word' id='word_1_352' title='bbox 97 4065 275 4116; x_wconf 77' lang='grc' dir='ltr'>λειαν</span> <span class='ocrx_word' id='word_1_353' title='bbox 305 4062 407 4131; x_wconf 78' lang='grc' dir='ltr'>τῆς</span> <span class='ocrx_word' id='word_1_354' title='bbox 438 4065 568 4133; x_wconf 78' lang='grc' dir='ltr'>περὶ</span> <span class='ocrx_word' id='word_1_355' title='bbox 591 4065 691 4133; x_wconf 76' lang='grc' dir='ltr'><strong>τὴν</strong></span> <span class='ocrx_word' id='word_1_356' title='bbox 725 4064 985 4134; x_wconf 83' lang='grc' dir='ltr'>ἀλήθειαν</span> <span class='ocrx_word' id='word_1_357' title='bbox 1006 4061 1284 4132; x_wconf 83' lang='grc' dir='ltr'>γνώσεως.</span> <span class='ocrx_word' id='word_1_358' title='bbox 1311 4060 1599 4132; x_wconf 84' lang='grc' dir='ltr'>Περιλείπε</span> 
     </span>
    </p>
   </div>
   <div class='ocr_carea' id='block_1_56' title="bbox 1868 4060 3370 4137">
    <p class='ocr_par' dir='ltr' id='par_1_56' title="bbox 1868 4063 3370 4137">
     <span class='ocr_line' id='line_1_56' title="bbox 1868 4063 3370 4137; baseline -0.005 -16"><span class='ocrx_word' id='word_1_359' title='bbox 1868 4083 1889 4120; x_wconf 90' lang='lat' dir='ltr'><strong>r</strong></span> <span class='ocrx_word' id='word_1_360' title='bbox 1934 4083 2064 4137; x_wconf 81' lang='lat' dir='ltr'><strong>ergo</strong></span> <span class='ocrx_word' id='word_1_361' title='bbox 2114 4066 2490 4120; x_wconf 78' lang='lat' dir='ltr'><strong>refutationem</strong></span> <span class='ocrx_word' id='word_1_362' title='bbox 2524 4063 2809 4117; x_wconf 66' lang='lat' dir='ltr'><strong>haeresium</strong></span> <span class='ocrx_word' id='word_1_363' title='bbox 2851 4064 3065 4133; x_wconf 77' lang='lat' dir='ltr'><strong>aggredi</strong></span> <span class='ocrx_word' id='word_1_364' title='bbox 3097 4103 3113 4129; x_wconf 88' lang='lat'><strong>,</strong></span> <span class='ocrx_word' id='word_1_365' title='bbox 3151 4073 3370 4131; x_wconf 85' lang='lat' dir='ltr'><strong>propter</strong></span> 
     </span>
    </p>
   </div>
   <div class='ocr_carea' id='block_1_57' title="bbox 93 4143 1595 4228">
    <p class='ocr_par' dir='ltr' id='par_1_57' title="bbox 93 4143 1579 4224">
     <span class='ocr_line' id='line_1_57' title="bbox 93 4143 1579 4224; baseline -0.005 -15"><span class='ocrx_word' id='word_1_366' title='bbox 93 4155 301 4209; x_wconf 78' lang='grc' dir='ltr'>τοίνυν</span> <span class='ocrx_word' id='word_1_367' title='bbox 335 4154 427 4208; x_wconf 80' lang='grc' dir='ltr'><strong>ἐπὶ</strong></span> <span class='ocrx_word' id='word_1_368' title='bbox 463 4155 553 4208; x_wconf 80' lang='grc' dir='ltr'>τὸν</span> <span class='ocrx_word' id='word_1_369' title='bbox 595 4156 703 4208; x_wconf 83' lang='grc' dir='ltr'><strong>τῶν</strong></span> <span class='ocrx_word' id='word_1_370' title='bbox 731 4155 1000 4224; x_wconf 78' lang='grc' dir='ltr'>αἱρέσεων</span> <span class='ocrx_word' id='word_1_371' title='bbox 1034 4152 1253 4222; x_wconf 74' lang='grc' dir='ltr'>ἔλεγχον</span> <span class='ocrx_word' id='word_1_372' title='bbox 1292 4153 1493 4222; x_wconf 80' lang='grc' dir='ltr'>ὀρμᾴν,</span> <span class='ocrx_word' id='word_1_373' title='bbox 1519 4143 1579 4203; x_wconf 74' lang='grc' dir='ltr'>οὗ</span> 
     </span>
    </p>
   </div>
   <div class='ocr_carea' id='block_1_58' title="bbox 1870 4143 3372 4228">
    <p class='ocr_par' dir='ltr' id='par_1_58' title="bbox 1877 4153 3372 4225">
     <span class='ocr_line' id='line_1_58' title="bbox 1877 4153 3372 4225; baseline -0.004 -13"><span class='ocrx_word' id='word_1_374' title='bbox 1877 4173 1960 4213; x_wconf 85' lang='lat' dir='ltr'><strong>am</strong></span> <span class='ocrx_word' id='word_1_375' title='bbox 1992 4159 2155 4214; x_wconf 89' lang='lat' dir='ltr'><strong>etiam</strong></span> <span class='ocrx_word' id='word_1_376' title='bbox 2188 4172 2347 4225; x_wconf 83' lang='lat' dir='ltr'><strong>supra</strong></span> <span class='ocrx_word' id='word_1_377' title='bbox 2377 4171 2407 4210; x_wconf 90' lang='lat' dir='ltr'><strong>a</strong></span> <span class='ocrx_word' id='word_1_378' title='bbox 2440 4156 2593 4209; x_wconf 89' lang='lat' dir='ltr'><strong>nobis</strong></span> <span class='ocrx_word' id='word_1_379' title='bbox 2629 4153 2773 4208; x_wconf 89' lang='lat' dir='ltr'><strong>dicta</strong></span> <span class='ocrx_word' id='word_1_380' title='bbox 2800 4154 3167 4222; x_wconf 77' lang='lat' dir='ltr'><strong>exposuimus,</strong></span> <span class='ocrx_word' id='word_1_381' title='bbox 3198 4169 3227 4207; x_wconf 87' lang='lat' dir='ltr'><strong>a</strong></span> <span class='ocrx_word' id='word_1_382' title='bbox 3256 4153 3372 4223; x_wconf 88' lang='lat' dir='ltr'><strong>qui-</strong></span> 
     </span>
    </p>
   </div>
   <div class='ocr_carea' id='block_1_59' title="bbox 96 4236 1598 4318">
    <p class='ocr_par' dir='ltr' id='par_1_59' title="bbox 96 4242 1593 4318">
     <span class='ocr_line' id='line_1_59' title="bbox 96 4242 1593 4318; baseline -0.003 -19"><span class='ocrx_word' id='word_1_383' title='bbox 96 4265 202 4318; x_wconf 74' lang='grc' dir='ltr'><strong>ριν</strong></span> <span class='ocrx_word' id='word_1_384' title='bbox 231 4247 281 4277; x_wconf 75' lang='grc'><strong>⁸³</strong></span> <span class='ocrx_word' id='word_1_385' title='bbox 314 4246 500 4300; x_wconf 76' lang='grc' dir='ltr'>καὶτὰ</span> <span class='ocrx_word' id='word_1_386' title='bbox 524 4246 901 4317; x_wconf 81' lang='grc' dir='ltr'>προειρημένα</span> <span class='ocrx_word' id='word_1_387' title='bbox 925 4247 1056 4315; x_wconf 82' lang='grc' dir='ltr'>ἡμῖν</span> <span class='ocrx_word' id='word_1_388' title='bbox 1086 4242 1475 4312; x_wconf 77' lang='grc' dir='ltr'>ὲκτεθείμεθα.</span> <span class='ocrx_word' id='word_1_389' title='bbox 1499 4242 1593 4308; x_wconf 75' lang='grc' dir='ltr'><strong>ἀφ’</strong></span> 
     </span>
    </p>
   </div>
   <div class='ocr_carea' id='block_1_60' title="bbox 1866 4236 3368 4318">
    <p class='ocr_par' dir='ltr' id='par_1_60' title="bbox 1866 4246 3368 4317">
     <span class='ocr_line' id='line_1_60' title="bbox 1866 4246 3368 4317; baseline -0.003 -16"><span class='ocrx_word' id='word_1_390' title='bbox 1866 4266 1902 4303; x_wconf 87' lang='lat' dir='ltr'><strong>IS</strong></span> <span class='ocrx_word' id='word_1_391' title='bbox 1930 4248 2153 4317; x_wconf 83' lang='lat' dir='ltr'><strong>profecti</strong></span> <span class='ocrx_word' id='word_1_392' title='bbox 2188 4247 2557 4302; x_wconf 67' lang='lat' dir='ltr'><strong>haeresiarchze</strong></span> <span class='ocrx_word' id='word_1_393' title='bbox 2596 4247 2766 4299; x_wconf 83' lang='lat' dir='ltr'><strong>instar</strong></span> <span class='ocrx_word' id='word_1_394' title='bbox 2792 4246 3368 4298; x_wconf 85' lang='lat' dir='ltr'><strong>veterameutariorum</strong></span> 
     </span>
    </p>
   </div>
   <div class='ocr_carea' id='block_1_61' title="bbox 95 4334 1597 4409">
    <p class='ocr_par' dir='ltr' id='par_1_61' title="bbox 95 4334 1593 4409">
     <span class='ocr_line' id='line_1_61' title="bbox 95 4334 1593 4409; baseline -0.005 -16"><span class='ocrx_word' id='word_1_395' title='bbox 95 4340 218 4402; x_wconf 75' lang='grc' dir='ltr'><strong>τὰς</strong></span> <span class='ocrx_word' id='word_1_396' title='bbox 266 4338 535 4409; x_wconf 84' lang='grc' dir='ltr'>ἀφορμὰς</span> <span class='ocrx_word' id='word_1_397' title='bbox 585 4338 955 4408; x_wconf 80' lang='grc' dir='ltr'>μετασχόντες</span> <span class='ocrx_word' id='word_1_398' title='bbox 992 4336 1038 4367; x_wconf 64' lang='grc'>⁸⁵</span> <span class='ocrx_word' id='word_1_399' title='bbox 1079 4336 1130 4389; x_wconf 87' lang='grc' dir='ltr'>οἱ</span> <span class='ocrx_word' id='word_1_400' title='bbox 1153 4336 1507 4405; x_wconf 78' lang='grc' dir='ltr'>αἱρεσιόιρχαι</span> <span class='ocrx_word' id='word_1_401' title='bbox 1544 4334 1593 4387; x_wconf 91' lang='grc' dir='ltr'><strong>δί</strong></span> 
     </span>
    </p>
   </div>
   <div class='ocr_carea' id='block_1_62' title="bbox 1867 4334 3369 4409">
    <p class='ocr_par' dir='ltr' id='par_1_62' title="bbox 1872 4334 3369 4404">
     <span class='ocr_line' id='line_1_62' title="bbox 1872 4334 3369 4404; baseline 0 -17"><span class='ocrx_word' id='word_1_402' title='bbox 1872 4336 2176 4389; x_wconf 87' lang='lat' dir='ltr'><strong>nsarcinata</strong></span> <span class='ocrx_word' id='word_1_403' title='bbox 2229 4335 2294 4389; x_wconf 86' lang='lat' dir='ltr'><strong>ad</strong></span> <span class='ocrx_word' id='word_1_404' title='bbox 2327 4335 2561 4404; x_wconf 87' lang='lat' dir='ltr'><strong>ipsorum</strong></span> <span class='ocrx_word' id='word_1_405' title='bbox 2592 4334 2896 4402; x_wconf 86' lang='lat' dir='ltr'><strong>opinionem</strong></span> <span class='ocrx_word' id='word_1_406' title='bbox 2923 4344 3161 4386; x_wconf 82' lang='lat' dir='ltr'><strong>veterum</strong></span> <span class='ocrx_word' id='word_1_407' title='bbox 3187 4342 3369 4387; x_wconf 82' lang='lat' dir='ltr'><strong>errata</strong></span> 
     </span>
    </p>
   </div>
   <div class='ocr_carea' id='block_1_63' title="bbox 91 4424 1593 4501">
    <p class='ocr_par' dir='ltr' id='par_1_63' title="bbox 91 4425 1593 4501">
     <span class='ocr_line' id='line_1_63' title="bbox 91 4425 1593 4501; baseline -0.005 -17"><span class='ocrx_word' id='word_1_408' title='bbox 91 4430 563 4501; x_wconf 75' lang='grc' dir='ltr'>παλαιοῤῥάφων</span> <span class='ocrx_word' id='word_1_409' title='bbox 610 4428 1135 4500; x_wconf 77' lang='grc' dir='ltr'>[συγκ]αττύσαντες</span> <span class='ocrx_word' id='word_1_410' title='bbox 1167 4429 1214 4460; x_wconf 78' lang='grc'>⁸⁸</span> <span class='ocrx_word' id='word_1_411' title='bbox 1267 4427 1404 4498; x_wconf 83' lang='grc' dir='ltr'>πρὸς</span> <span class='ocrx_word' id='word_1_412' title='bbox 1432 4425 1523 4479; x_wconf 81' lang='grc' dir='ltr'><strong>τὸν</strong></span> <span class='ocrx_word' id='word_1_413' title='bbox 1569 4428 1593 4479; x_wconf 60' lang='grc' dir='ltr'>τί</span> 
     </span>
    </p>
   </div>
   <div class='ocr_carea' id='block_1_64' title="bbox 1869 4424 3371 4501">
    <p class='ocr_par' dir='ltr' id='par_1_64' title="bbox 1869 4424 3371 4494">
     <span class='ocr_line' id='line_1_64' title="bbox 1869 4424 3371 4494; baseline -0.001 -16"><span class='ocrx_word' id='word_1_414' title='bbox 1869 4440 2059 4493; x_wconf 86' lang='lat' dir='ltr'><strong>nquam</strong></span> <span class='ocrx_word' id='word_1_415' title='bbox 2088 4440 2223 4479; x_wconf 88' lang='lat' dir='ltr'><strong>nova</strong></span> <span class='ocrx_word' id='word_1_416' title='bbox 2261 4434 2652 4494; x_wconf 84' lang='lat' dir='ltr'><strong>proposuerunt</strong></span> <span class='ocrx_word' id='word_1_417' title='bbox 2684 4426 2751 4478; x_wconf 89' lang='lat' dir='ltr'><strong>iis</strong></span> <span class='ocrx_word' id='word_1_418' title='bbox 2791 4425 2883 4492; x_wconf 88' lang='lat' dir='ltr'><strong>qui</strong></span> <span class='ocrx_word' id='word_1_419' title='bbox 2931 4424 2985 4478; x_wconf 89' lang='lat' dir='ltr'><strong>in</strong></span> <span class='ocrx_word' id='word_1_420' title='bbox 3014 4439 3253 4478; x_wconf 88' lang='lat' dir='ltr'><strong>errorem</strong></span> <span class='ocrx_word' id='word_1_421' title='bbox 3292 4426 3371 4477; x_wconf 91' lang='lat' dir='ltr'><strong>in-</strong></span> 
     </span>
    </p>
   </div>
   <div class='ocr_carea' id='block_1_65' title="bbox 88 4516 1590 4589">
    <p class='ocr_par' dir='ltr' id='par_1_65' title="bbox 88 4518 1590 4589">
     <span class='ocr_line' id='line_1_65' title="bbox 88 4518 1590 4589; baseline -0.006 -10"><span class='ocrx_word' id='word_1_422' title='bbox 88 4523 247 4579; x_wconf 78' lang='grc' dir='ltr'>νοῦν</span> <span class='ocrx_word' id='word_1_423' title='bbox 280 4524 353 4577; x_wconf 86' lang='grc' dir='ltr'>τὰ</span> <span class='ocrx_word' id='word_1_424' title='bbox 399 4523 508 4576; x_wconf 83' lang='grc' dir='ltr'>τῶν</span> <span class='ocrx_word' id='word_1_425' title='bbox 560 4520 807 4574; x_wconf 83' lang='grc' dir='ltr'>παλαιῶν</span> <span class='ocrx_word' id='word_1_426' title='bbox 860 4520 1152 4589; x_wconf 82' lang='grc' dir='ltr'>σφάλματα</span> <span class='ocrx_word' id='word_1_427' title='bbox 1181 4519 1258 4582; x_wconf 86' lang='grc' dir='ltr'>ὡς</span> <span class='ocrx_word' id='word_1_428' title='bbox 1291 4518 1459 4572; x_wconf 85' lang='grc' dir='ltr'>καινὰ</span> <span class='ocrx_word' id='word_1_429' title='bbox 1481 4518 1527 4549; x_wconf 81' lang='grc'><strong>⁸⁸</strong></span> <span class='ocrx_word' id='word_1_430' title='bbox 1562 4536 1590 4570; x_wconf 66' lang='lat'><strong>11</strong></span> 
     </span>
    </p>
   </div>
   <div class='ocr_carea' id='block_1_66' title="bbox 1870 4516 3372 4589">
    <p class='ocr_par' dir='ltr' id='par_1_66' title="bbox 1870 4516 3372 4586">
     <span class='ocr_line' id='line_1_66' title="bbox 1870 4516 3372 4586; baseline 0.003 -18"><span class='ocrx_word' id='word_1_431' title='bbox 1870 4517 1928 4570; x_wconf 76' lang='grc' dir='ltr'><strong>ιοί</strong></span> <span class='ocrx_word' id='word_1_432' title='bbox 1960 4526 2205 4586; x_wconf 88' lang='lat' dir='ltr'><strong>possunt,</strong></span> <span class='ocrx_word' id='word_1_433' title='bbox 2243 4526 2301 4570; x_wconf 92' lang='lat' dir='ltr'><strong>ut</strong></span> <span class='ocrx_word' id='word_1_434' title='bbox 2320 4517 2373 4570; x_wconf 92' lang='lat' dir='ltr'><strong>iu</strong></span> <span class='ocrx_word' id='word_1_435' title='bbox 2408 4516 2475 4570; x_wconf 90' lang='lat' dir='ltr'><strong>iis</strong></span> <span class='ocrx_word' id='word_1_436' title='bbox 2496 4532 2616 4585; x_wconf 71' lang='lat' dir='ltr'><strong>qua:</strong></span> <span class='ocrx_word' id='word_1_437' title='bbox 2645 4528 2944 4585; x_wconf 87' lang='lat' dir='ltr'><strong>sequuntur</strong></span> <span class='ocrx_word' id='word_1_438' title='bbox 2973 4516 3372 4571; x_wconf 68' lang='lat' dir='ltr'><strong>demonstrahio</strong></span> 
     </span>
    </p>
   </div>
   <div class='ocr_carea' id='block_1_67' title="bbox 88 4604 1590 4682">
    <p class='ocr_par' dir='ltr' id='par_1_67' title="bbox 88 4611 1590 4682">
     <span class='ocr_line' id='line_1_67' title="bbox 88 4611 1590 4682; baseline -0.003 -14"><span class='ocrx_word' id='word_1_439' title='bbox 88 4615 318 4668; x_wconf 79' lang='grc' dir='ltr'>ἐθεσαν</span> <span class='ocrx_word' id='word_1_440' title='bbox 348 4617 459 4676; x_wconf 85' lang='grc' dir='ltr'>τοῖς</span> <span class='ocrx_word' id='word_1_441' title='bbox 498 4613 802 4665; x_wconf 82' lang='grc' dir='ltr'>πλανᾶσθαι</span> <span class='ocrx_word' id='word_1_442' title='bbox 842 4611 1160 4682; x_wconf 79' lang='grc' dir='ltr'>δυναμένοις</span> <span class='ocrx_word' id='word_1_443' title='bbox 1181 4652 1195 4675; x_wconf 93' lang='grc'><strong>,</strong></span> <span class='ocrx_word' id='word_1_444' title='bbox 1226 4612 1302 4675; x_wconf 84' lang='grc' dir='ltr'>ὼς</span> <span class='ocrx_word' id='word_1_445' title='bbox 1330 4612 1389 4663; x_wconf 85' lang='grc' dir='ltr'>ὲν</span> <span class='ocrx_word' id='word_1_446' title='bbox 1421 4614 1537 4675; x_wconf 86' lang='grc' dir='ltr'>τοῖς</span> <span class='ocrx_word' id='word_1_447' title='bbox 1580 4629 1590 4664; x_wconf 86' lang='grc'>‹</span> 
     </span>
    </p>
   </div>
   <div class='ocr_carea' id='block_1_68' title="bbox 1871 4604 3373 4682">
    <p class='ocr_par' dir='ltr' id='par_1_68' title="bbox 1871 4604 3373 4676">
     <span class='ocr_line' id='line_1_68' title="bbox 1871 4604 3373 4676; baseline 0.001 -17"><span class='ocrx_word' id='word_1_448' title='bbox 1871 4621 1947 4660; x_wconf 86' lang='lat' dir='ltr'><strong>us.</strong></span> <span class='ocrx_word' id='word_1_449' title='bbox 1980 4604 2100 4659; x_wconf 75' lang='lat' dir='ltr'><strong>1am</strong></span> <span class='ocrx_word' id='word_1_450' title='bbox 2131 4614 2387 4675; x_wconf 83' lang='lat' dir='ltr'><strong>provocat</strong></span> <span class='ocrx_word' id='word_1_451' title='bbox 2414 4621 2509 4660; x_wconf 89' lang='lat' dir='ltr'><strong>nos</strong></span> <span class='ocrx_word' id='word_1_452' title='bbox 2534 4614 2741 4674; x_wconf 87' lang='lat' dir='ltr'><strong>tempus</strong></span> <span class='ocrx_word' id='word_1_453' title='bbox 2770 4607 2835 4661; x_wconf 92' lang='lat' dir='ltr'><strong>ad</strong></span> <span class='ocrx_word' id='word_1_454' title='bbox 2864 4622 3073 4670; x_wconf 91' lang='lat' dir='ltr'><strong>eorum,</strong></span> <span class='ocrx_word' id='word_1_455' title='bbox 3100 4623 3217 4676; x_wconf 69' lang='lat' dir='ltr'><strong>quae</strong></span> <span class='ocrx_word' id='word_1_456' title='bbox 3248 4618 3373 4661; x_wconf 89' lang='lat' dir='ltr'><strong>sunt</strong></span> 
     </span>
    </p>
   </div>
   <div class='ocr_carea' id='block_1_69' title="bbox 88 4697 1590 4773">
    <p class='ocr_par' dir='ltr' id='par_1_69' title="bbox 88 4702 1590 4773">
     <span class='ocr_line' id='line_1_69' title="bbox 88 4702 1590 4773; baseline -0.002 -16"><span class='ocrx_word' id='word_1_457' title='bbox 88 4704 336 4766; x_wconf 71' lang='grc' dir='ltr'>λοῶθοις</span> <span class='ocrx_word' id='word_1_458' title='bbox 357 4703 621 4773; x_wconf 83' lang='grc' dir='ltr'>δείξομεν.</span> <span class='ocrx_word' id='word_1_459' title='bbox 650 4703 724 4755; x_wconf 82' lang='grc' dir='ltr'><strong>Τὸ</strong></span> <span class='ocrx_word' id='word_1_460' title='bbox 742 4702 928 4755; x_wconf 76' lang='grc' dir='ltr'>λοιπὸν</span> <span class='ocrx_word' id='word_1_461' title='bbox 951 4702 1310 4772; x_wconf 81' lang='grc' dir='ltr'>προκαλεῖται</span> <span class='ocrx_word' id='word_1_462' title='bbox 1339 4702 1489 4771; x_wconf 77' lang='grc' dir='ltr'>ἡμᾶς</span> <span class='ocrx_word' id='word_1_463' title='bbox 1513 4703 1542 4754; x_wconf 88' lang='grc' dir='ltr'>ὁ</span> <span class='ocrx_word' id='word_1_464' title='bbox 1573 4719 1590 4768; x_wconf 60' lang='grc' dir='ltr'><strong>γ</strong></span> 
     </span>
    </p>
   </div>
   <div class='ocr_carea' id='block_1_70' title="bbox 1867 4697 3369 4773">
    <p class='ocr_par' dir='ltr' id='par_1_70' title="bbox 1867 4697 3369 4767">
     <span class='ocr_line' id='line_1_70' title="bbox 1867 4697 3369 4767; baseline 0.002 -19"><span class='ocrx_word' id='word_1_465' title='bbox 1867 4699 1974 4752; x_wconf 75' lang='grc' dir='ltr'>›ειι·ἰ</span> <span class='ocrx_word' id='word_1_466' title='bbox 2001 4698 2200 4767; x_wconf 87' lang='lat' dir='ltr'><strong>operis,</strong></span> <span class='ocrx_word' id='word_1_467' title='bbox 2243 4697 2616 4751; x_wconf 88' lang='lat' dir='ltr'><strong>tractationem</strong></span> <span class='ocrx_word' id='word_1_468' title='bbox 2650 4699 2911 4752; x_wconf 84' lang='lat' dir='ltr'><strong>accedere</strong></span> <span class='ocrx_word' id='word_1_469' title='bbox 2936 4738 2951 4758; x_wconf 88' lang='lat'><strong>.</strong></span> <span class='ocrx_word' id='word_1_470' title='bbox 2993 4698 3147 4752; x_wconf 91' lang='lat' dir='ltr'><strong>initio</strong></span> <span class='ocrx_word' id='word_1_471' title='bbox 3180 4699 3246 4751; x_wconf 81' lang='lat' dir='ltr'><strong>ab</strong></span> <span class='ocrx_word' id='word_1_472' title='bbox 3290 4697 3369 4751; x_wconf 89' lang='lat' dir='ltr'><strong>eis</strong></span> 
     </span>
    </p>
   </div>
   <div class='ocr_carea' id='block_1_71' title="bbox 86 4776 1588 4865">
    <p class='ocr_par' dir='ltr' id='par_1_71' title="bbox 86 4792 1588 4865">
     <span class='ocr_line' id='line_1_71' title="bbox 86 4792 1588 4865; baseline -0.002 -17"><span class='ocrx_word' id='word_1_473' title='bbox 86 4815 201 4858; x_wconf 82' lang='grc' dir='ltr'><strong>νος</strong></span> <span class='ocrx_word' id='word_1_474' title='bbox 244 4798 344 4847; x_wconf 74' lang='grc' dir='ltr'>ἐπὶ</span> <span class='ocrx_word' id='word_1_475' title='bbox 366 4797 465 4865; x_wconf 84' lang='grc' dir='ltr'>τὴν</span> <span class='ocrx_word' id='word_1_476' title='bbox 489 4795 597 4847; x_wconf 85' lang='grc' dir='ltr'><strong>τῶν</strong></span> <span class='ocrx_word' id='word_1_477' title='bbox 622 4795 1005 4865; x_wconf 84' lang='grc' dir='ltr'>προκειμένων</span> <span class='ocrx_word' id='word_1_478' title='bbox 1046 4792 1431 4864; x_wconf 86' lang='grc' dir='ltr'>πραγματείαν</span> <span class='ocrx_word' id='word_1_479' title='bbox 1472 4810 1588 4864; x_wconf 87' lang='grc' dir='ltr'><strong>χωρ</strong></span> 
     </span>
    </p>
   </div>
   <div class='ocr_carea' id='block_1_72' title="bbox 1892 4776 3394 4865">
    <p class='ocr_par' dir='ltr' id='par_1_72' title="bbox 1892 4776 3394 4861">
     <span class='ocr_line' id='line_1_72' title="bbox 1892 4776 3394 4861; baseline -0.001 -18"><span class='ocrx_word' id='word_1_480' title='bbox 1892 4799 1988 4854; x_wconf 86' lang='lat' dir='ltr'><strong>:to,</strong></span> <span class='ocrx_word' id='word_1_481' title='bbox 2022 4790 2114 4859; x_wconf 89' lang='lat' dir='ltr'><strong>qui</strong></span> <span class='ocrx_word' id='word_1_482' title='bbox 2139 4790 2255 4843; x_wconf 92' lang='lat' dir='ltr'><strong>ausi</strong></span> <span class='ocrx_word' id='word_1_483' title='bbox 2289 4799 2415 4844; x_wconf 89' lang='lat' dir='ltr'><strong>sunt</strong></span> <span class='ocrx_word' id='word_1_484' title='bbox 2439 4792 2642 4844; x_wconf 89' lang='lat' dir='ltr'><strong>erroris</strong></span> <span class='ocrx_word' id='word_1_485' title='bbox 2680 4790 3055 4861; x_wconf 76' lang='lat'><strong>132-133</strong></span> <span class='ocrx_word' id='word_1_486' title='bbox 3091 4776 3394 4845; x_wconf 19' lang='lat' dir='ltr'><strong>auctorem.</strong></span> 
     </span>
    </p>
   </div>
   <div class='ocr_carea' id='block_1_73' title="bbox 86 4883 1588 4959">
    <p class='ocr_par' dir='ltr' id='par_1_73' title="bbox 86 4885 1588 4959">
     <span class='ocr_line' id='line_1_73' title="bbox 86 4885 1588 4959; baseline -0.004 -18"><span class='ocrx_word' id='word_1_487' title='bbox 86 4888 396 4959; x_wconf 79' lang='grc' dir='ltr'>ἄρξασθαι</span> <span class='ocrx_word' id='word_1_488' title='bbox 407 4888 462 4940; x_wconf 80' lang='grc' dir='ltr'>δὲ</span> <span class='ocrx_word' id='word_1_489' title='bbox 484 4887 590 4940; x_wconf 82' lang='grc' dir='ltr'><strong>ἀπὸ</strong></span> <span class='ocrx_word' id='word_1_490' title='bbox 609 4889 717 4939; x_wconf 84' lang='grc' dir='ltr'>τῶν</span> <span class='ocrx_word' id='word_1_491' title='bbox 736 4886 1145 4956; x_wconf 80' lang='grc' dir='ltr'>τετολμηκότων</span> <span class='ocrx_word' id='word_1_492' title='bbox 1161 4886 1251 4938; x_wconf 80' lang='grc' dir='ltr'><strong>τὸν</strong></span> <span class='ocrx_word' id='word_1_493' title='bbox 1264 4885 1435 4937; x_wconf 72' lang='grc' dir='ltr'>αἴτιον</span> <span class='ocrx_word' id='word_1_494' title='bbox 1450 4887 1549 4955; x_wconf 78' lang='grc' dir='ltr'><strong>τῆς</strong></span> <span class='ocrx_word' id='word_1_495' title='bbox 1564 4901 1588 4935; x_wconf 74' lang='grc' dir='ltr'><strong>τ</strong></span> 
     </span>
    </p>
   </div>
   <div class='ocr_carea' id='block_1_74' title="bbox 1863 4883 3365 4959">
    <p class='ocr_par' dir='ltr' id='par_1_74' title="bbox 1863 4883 3365 4954">
     <span class='ocr_line' id='line_1_74' title="bbox 1863 4883 3365 4954; baseline 0.003 -21"><span class='ocrx_word' id='word_1_496' title='bbox 1863 4895 2100 4950; x_wconf 82' lang='lat' dir='ltr'><strong>rpentcm</strong></span> <span class='ocrx_word' id='word_1_497' title='bbox 2136 4883 2411 4938; x_wconf 85' lang='lat' dir='ltr'><strong>celebrare</strong></span> <span class='ocrx_word' id='word_1_498' title='bbox 2456 4899 2551 4952; x_wconf 88' lang='lat' dir='ltr'><strong>per</strong></span> <span class='ocrx_word' id='word_1_499' title='bbox 2594 4887 2857 4953; x_wconf 86' lang='lat' dir='ltr'><strong>quasdam</strong></span> <span class='ocrx_word' id='word_1_500' title='bbox 2908 4886 3074 4954; x_wconf 84' lang='lat' dir='ltr'><strong>ipsius</strong></span> <span class='ocrx_word' id='word_1_501' title='bbox 3106 4885 3365 4940; x_wconf 90' lang='lat' dir='ltr'><strong>instinctu</strong></span> 
     </span>
    </p>
   </div>
   <div class='ocr_carea' id='block_1_75' title="bbox 84 4973 1586 5049">
    <p class='ocr_par' dir='ltr' id='par_1_75' title="bbox 84 4975 1586 5049">
     <span class='ocr_line' id='line_1_75' title="bbox 84 4975 1586 5049; baseline -0.005 -16"><span class='ocrx_word' id='word_1_502' title='bbox 84 4996 211 5049; x_wconf 85' lang='grc' dir='ltr'>νης</span> <span class='ocrx_word' id='word_1_503' title='bbox 278 4978 354 5049; x_wconf 74' lang='grc' dir='ltr'><strong>[ρ.</strong></span> <span class='ocrx_word' id='word_1_504' title='bbox 407 4980 495 5032; x_wconf 69' lang='grc'><strong>94.</strong></span> <span class='ocrx_word' id='word_1_505' title='bbox 532 4977 622 5048; x_wconf 82' lang='lat'><strong>95]</strong></span> <span class='ocrx_word' id='word_1_506' title='bbox 660 4977 948 5047; x_wconf 86' lang='grc' dir='ltr'>γενόμενον</span> <span class='ocrx_word' id='word_1_507' title='bbox 998 4976 1119 5044; x_wconf 76' lang='grc' dir='ltr'>ὅφιν</span> <span class='ocrx_word' id='word_1_508' title='bbox 1172 4976 1361 5045; x_wconf 84' lang='grc' dir='ltr'>ὑμνεῖν</span> <span class='ocrx_word' id='word_1_509' title='bbox 1410 4975 1498 5027; x_wconf 82' lang='grc' dir='ltr'><strong>διά</strong></span> <span class='ocrx_word' id='word_1_510' title='bbox 1537 4991 1586 5026; x_wconf 79' lang='grc' dir='ltr'><strong>τι</strong></span> 
     </span>
    </p>
   </div>
   <div class='ocr_carea' id='block_1_76' title="bbox 1868 4973 3370 5049">
    <p class='ocr_par' dir='ltr' id='par_1_76' title="bbox 1868 4973 3370 5042">
     <span class='ocr_line' id='line_1_76' title="bbox 1868 4973 3370 5042; baseline 0.005 -20"><span class='ocrx_word' id='word_1_511' title='bbox 1868 4984 2054 5027; x_wconf 68' lang='lat' dir='ltr'><strong>ventus</strong></span> <span class='ocrx_word' id='word_1_512' title='bbox 2082 4974 2365 5027; x_wconf 81' lang='lat' dir='ltr'><strong>dictiones.</strong></span> <span class='ocrx_word' id='word_1_513' title='bbox 2429 4973 2591 5042; x_wconf 79' lang='lat' dir='ltr'><strong>Igitur</strong></span> <span class='ocrx_word' id='word_1_514' title='bbox 2623 4976 2934 5030; x_wconf 84' lang='lat' dir='ltr'><strong>sacerdotes</strong></span> <span class='ocrx_word' id='word_1_515' title='bbox 2991 4985 3044 5030; x_wconf 92' lang='lat' dir='ltr'><strong>et</strong></span> <span class='ocrx_word' id='word_1_516' title='bbox 3099 4975 3370 5030; x_wconf 81' lang='lat' dir='ltr'><strong>antistites</strong></span> 
     </span>
    </p>
   </div>
   <div class='ocr_carea' id='block_1_77' title="bbox 1380 5118 2057 5175">
    <p class='ocr_par' dir='ltr' id='par_1_77' title="bbox 1380 5118 2057 5175">
     <span class='ocr_line' id='line_1_77' title="bbox 1380 5118 2057 5175; baseline -0.003 0"><span class='ocrx_word' id='word_1_517' title='bbox 1380 5118 1617 5175; x_wconf 68' lang='lat' dir='ltr'><strong>VARI/I3</strong></span> <span class='ocrx_word' id='word_1_518' title='bbox 1655 5118 1948 5174; x_wconf 82' lang='lat' dir='ltr'><strong>LECTION</strong></span> <span class='ocrx_word' id='word_1_519' title='bbox 1957 5119 2057 5173; x_wconf 84' lang='lat' dir='ltr'><strong>ES.</strong></span> 
     </span>
    </p>
   </div>
   <div class='ocr_carea' id='block_1_78' title="bbox 183 5278 3376 5351">
    <p class='ocr_par' dir='ltr' id='par_1_78' title="bbox 183 5278 3376 5351">
     <span class='ocr_line' id='line_1_78' title="bbox 183 5278 3376 5351; baseline 0.002 -19"><span class='ocrx_word' id='word_1_520' title='bbox 183 5280 239 5311; x_wconf 75' lang='grc'><strong>⁵⁸</strong></span> <span class='ocrx_word' id='word_1_521' title='bbox 280 5280 560 5351; x_wconf 62' lang='grc' dir='ltr'><strong>Νασσηνολ⁸</strong></span> <span class='ocrx_word' id='word_1_522' title='bbox 602 5282 663 5341; x_wconf 82' lang='lat' dir='ltr'><strong>C.</strong></span> <span class='ocrx_word' id='word_1_523' title='bbox 712 5283 777 5335; x_wconf 80' lang='grc' dir='ltr'><strong>Μ.</strong></span> <span class='ocrx_word' id='word_1_524' title='bbox 854 5286 899 5316; x_wconf 77' lang='grc'><strong><em>⁵³</em></strong></span> <span class='ocrx_word' id='word_1_525' title='bbox 929 5286 1023 5337; x_wconf 71' lang='grc' dir='ltr'><strong>καὶ</strong></span> <span class='ocrx_word' id='word_1_526' title='bbox 1062 5286 1111 5337; x_wconf 79' lang='grc' dir='ltr'>οἱ</span> <span class='ocrx_word' id='word_1_527' title='bbox 1160 5283 1254 5337; x_wconf 79' lang='grc' dir='ltr'>καὶ</span> <span class='ocrx_word' id='word_1_528' title='bbox 1288 5283 1367 5334; x_wconf 85' lang='grc' dir='ltr'>ὅτι</span> <span class='ocrx_word' id='word_1_529' title='bbox 1417 5279 1479 5341; x_wconf 89' lang='lat' dir='ltr'><strong>C,</strong></span> <span class='ocrx_word' id='word_1_530' title='bbox 1515 5278 1585 5333; x_wconf 83' lang='grc' dir='ltr'><strong>Μ.</strong></span> <span class='ocrx_word' id='word_1_531' title='bbox 1661 5280 1707 5311; x_wconf 81' lang='grc'>⁸⁸</span> <span class='ocrx_word' id='word_1_532' title='bbox 1750 5278 2074 5350; x_wconf 73' lang='grc' dir='ltr'>Σηθειανοὺς</span> <span class='ocrx_word' id='word_1_533' title='bbox 2118 5278 2181 5343; x_wconf 84' lang='lat' dir='ltr'><strong>C,</strong></span> <span class='ocrx_word' id='word_1_534' title='bbox 2225 5280 2294 5340; x_wconf 81' lang='grc' dir='ltr'>Μ,</span> <span class='ocrx_word' id='word_1_535' title='bbox 2333 5283 2475 5350; x_wconf 90' lang='lat' dir='ltr'><strong>quod</strong></span> <span class='ocrx_word' id='word_1_536' title='bbox 2514 5282 2712 5349; x_wconf 88' lang='lat' dir='ltr'><strong>ubique</strong></span> <span class='ocrx_word' id='word_1_537' title='bbox 2750 5283 3105 5336; x_wconf 75' lang='lat' dir='ltr'><strong>correximus.</strong></span> <span class='ocrx_word' id='word_1_538' title='bbox 3183 5284 3230 5319; x_wconf 82' lang='grc'><em>⁸³</em></span> <span class='ocrx_word' id='word_1_539' title='bbox 3254 5286 3376 5338; x_wconf 88' lang='grc' dir='ltr'>κατ’</span> 
     </span>
    </p>
   </div>
   <div class='ocr_carea' id='block_1_79' title="bbox 82 5349 3376 5422">
    <p class='ocr_par' dir='ltr' id='par_1_79' title="bbox 82 5349 3376 5422">
     <span class='ocr_line' id='line_1_79' title="bbox 82 5349 3376 5422; baseline 0.001 -19"><span class='ocrx_word' id='word_1_540' title='bbox 82 5352 168 5422; x_wconf 82' lang='lat' dir='ltr'><strong>C.</strong></span> <span class='ocrx_word' id='word_1_541' title='bbox 255 5349 307 5381; x_wconf 73' lang='lat'><strong>“</strong></span> <span class='ocrx_word' id='word_1_542' title='bbox 340 5349 832 5422; x_wconf 61' lang='lat' dir='ltr'><strong>x).at,&#39;)o).rryr&#39;}aaweg</strong></span> <span class='ocrx_word' id='word_1_543' title='bbox 859 5354 929 5417; x_wconf 90' lang='lat' dir='ltr'><strong>C,</strong></span> <span class='ocrx_word' id='word_1_544' title='bbox 960 5371 1120 5418; x_wconf 72' lang='lat' dir='ltr'><strong>supra</strong></span> <span class='ocrx_word' id='word_1_545' title='bbox 1146 5370 1195 5422; x_wconf 89' lang='lat' dir='ltr'><strong>p.</strong></span> <span class='ocrx_word' id='word_1_546' title='bbox 1230 5352 1348 5413; x_wconf 66' lang='grc'><strong>128,</strong></span> <span class='ocrx_word' id='word_1_547' title='bbox 1370 5351 1452 5422; x_wconf 13' lang='lat' dir='ltr'><strong>V20</strong></span> <span class='ocrx_word' id='word_1_548' title='bbox 1481 5352 1616 5422; x_wconf 78' lang='lat' dir='ltr'><strong>dixit</strong></span> <span class='ocrx_word' id='word_1_549' title='bbox 1650 5361 1838 5403; x_wconf 87' lang='lat' dir='ltr'><strong>auctor</strong></span> <span class='ocrx_word' id='word_1_550' title='bbox 1868 5350 2236 5422; x_wconf 57' lang='grc' dir='ltr'>κλεῲιὶόγους.</span> <span class='ocrx_word' id='word_1_551' title='bbox 2264 5349 2404 5404; x_wconf 61' lang='lat' dir='ltr'><strong>Idem</strong></span> <span class='ocrx_word' id='word_1_552' title='bbox 2440 5354 2490 5405; x_wconf 87' lang='lat' dir='ltr'><strong>in</strong></span> <span class='ocrx_word' id='word_1_553' title='bbox 2531 5353 2665 5406; x_wconf 78' lang='lat' dir='ltr'><strong>libro</strong></span> <span class='ocrx_word' id='word_1_554' title='bbox 2709 5355 2881 5419; x_wconf 85' lang='lat' dir='ltr'><strong>primo</strong></span> <span class='ocrx_word' id='word_1_555' title='bbox 2914 5370 2965 5422; x_wconf 93' lang='lat' dir='ltr'><strong>p.</strong></span> <span class='ocrx_word' id='word_1_556' title='bbox 2995 5357 3046 5414; x_wconf 74' lang='grc' dir='ltr'>ὕ,</span> <span class='ocrx_word' id='word_1_557' title='bbox 3078 5355 3146 5407; x_wconf 63' lang='grc' dir='ltr'><strong>ὶῶιί</strong></span> <span class='ocrx_word' id='word_1_558' title='bbox 3172 5355 3376 5409; x_wconf 61' lang='grc' dir='ltr'>τοᾶτων</span> 
     </span>
    </p>
   </div>
   <div class='ocr_carea' id='block_1_80' title="bbox 82 5419 3373 5546">
    <p class='ocr_par' dir='ltr' id='par_1_80' title="bbox 82 5419 3373 5546">
     <span class='ocr_line' id='line_1_80' title="bbox 82 5419 3373 5509; baseline 0.002 -36"><span class='ocrx_word' id='word_1_559' title='bbox 82 5421 225 5491; x_wconf 83' lang='grc' dir='ltr'>γὰρ</span> <span class='ocrx_word' id='word_1_560' title='bbox 262 5419 500 5485; x_wconf 86' lang='grc' dir='ltr'>μάλιστα</span> <span class='ocrx_word' id='word_1_561' title='bbox 542 5419 859 5492; x_wconf 84' lang='grc' dir='ltr'>γεγένηνται</span> <span class='ocrx_word' id='word_1_562' title='bbox 900 5419 1208 5492; x_wconf 71' lang='grc' dir='ltr'>κλεψίλογοι</span> <span class='ocrx_word' id='word_1_563' title='bbox 1241 5423 1291 5474; x_wconf 89' lang='grc' dir='ltr'>οἱ</span> <span class='ocrx_word' id='word_1_564' title='bbox 1324 5420 1430 5473; x_wconf 83' lang='grc' dir='ltr'><strong>τῶν</strong></span> <span class='ocrx_word' id='word_1_565' title='bbox 1461 5421 1725 5494; x_wconf 66' lang='grc' dir='ltr'>αίρέσεων</span> <span class='ocrx_word' id='word_1_566' title='bbox 1764 5419 2345 5509; x_wconf 76' lang='grc' dir='ltr'>πρωτοστατήσαντεςς</span> <span class='ocrx_word' id='word_1_567' title='bbox 2384 5437 2501 5488; x_wconf 68' lang='lat' dir='ltr'><strong>qute</strong></span> <span class='ocrx_word' id='word_1_568' title='bbox 2535 5436 2694 5473; x_wconf 80' lang='lat' dir='ltr'><strong>voces</strong></span> <span class='ocrx_word' id='word_1_569' title='bbox 2741 5419 2995 5475; x_wconf 73' lang='lat' dir='ltr'><strong>addenda:</strong></span> <span class='ocrx_word' id='word_1_570' title='bbox 3045 5424 3249 5485; x_wconf 63' lang='lat' dir='ltr'><strong>lexieis,</strong></span> <span class='ocrx_word' id='word_1_571' title='bbox 3302 5425 3373 5478; x_wconf 83' lang='grc' dir='ltr'><strong>Μ.</strong></span> 
     </span>
     <span class='ocr_line' id='line_1_81' title="bbox 84 5489 3372 5546; baseline 0.001 -3"><span class='ocrx_word' id='word_1_572' title='bbox 84 5492 149 5525; x_wconf 78' lang='grc'><strong>⁸⁸</strong></span> <span class='ocrx_word' id='word_1_573' title='bbox 196 5491 460 5544; x_wconf 72' lang='grc' dir='ltr'>Μουσείου</span> <span class='ocrx_word' id='word_1_574' title='bbox 490 5494 551 5546; x_wconf 75' lang='lat'><strong>(2.</strong></span> <span class='ocrx_word' id='word_1_575' title='bbox 623 5494 667 5525; x_wconf 77' lang='grc'><strong>⁸⁸</strong></span> <span class='ocrx_word' id='word_1_576' title='bbox 702 5494 879 5545; x_wconf 80' lang='grc' dir='ltr'>αὐτῶν</span> <span class='ocrx_word' id='word_1_577' title='bbox 911 5494 971 5546; x_wconf 88' lang='lat' dir='ltr'><strong>C.</strong></span> <span class='ocrx_word' id='word_1_578' title='bbox 1049 5495 1093 5525; x_wconf 89' lang='lat'><strong>&quot;</strong></span> <span class='ocrx_word' id='word_1_579' title='bbox 1141 5491 1438 5546; x_wconf 81' lang='grc' dir='ltr'>Ἡοωδότου</span> <span class='ocrx_word' id='word_1_580' title='bbox 1478 5491 1539 5543; x_wconf 61' lang='grc' dir='ltr'><strong>(λ.</strong></span> <span class='ocrx_word' id='word_1_581' title='bbox 1616 5492 1661 5522; x_wconf 79' lang='grc'><strong>⁵⁸</strong></span> <span class='ocrx_word' id='word_1_582' title='bbox 1698 5507 1801 5542; x_wconf 87' lang='grc' dir='ltr'><strong>κατ</strong></span> <span class='ocrx_word' id='word_1_583' title='bbox 1877 5492 1936 5545; x_wconf 81' lang='lat' dir='ltr'><strong>C.</strong></span> <span class='ocrx_word' id='word_1_584' title='bbox 2013 5491 2057 5521; x_wconf 82' lang='grc'><strong>³⁹</strong></span> <span class='ocrx_word' id='word_1_585' title='bbox 2092 5490 2397 5546; x_wconf 69' lang='grc' dir='ltr'>φιλοσόφοις</span> <span class='ocrx_word' id='word_1_586' title='bbox 2438 5508 2546 5543; x_wconf 74' lang='grc' dir='ltr'>οιιι.</span> <span class='ocrx_word' id='word_1_587' title='bbox 2575 5489 2639 5546; x_wconf 89' lang='lat' dir='ltr'><strong>C.</strong></span> <span class='ocrx_word' id='word_1_588' title='bbox 2667 5489 2737 5543; x_wconf 84' lang='grc' dir='ltr'><strong>Μ.</strong></span> <span class='ocrx_word' id='word_1_589' title='bbox 2815 5492 2859 5521; x_wconf 80' lang='grc'>⁸⁰</span> <span class='ocrx_word' id='word_1_590' title='bbox 2890 5494 3028 5544; x_wconf 70' lang='grc' dir='ltr'>ταῖς.</span> <span class='ocrx_word' id='word_1_591' title='bbox 3069 5496 3181 5546; x_wconf 79' lang='grc' dir='ltr'>τοῖς</span> <span class='ocrx_word' id='word_1_592' title='bbox 3210 5497 3271 5546; x_wconf 74' lang='lat' dir='ltr'><strong>L‘.</strong></span> <span class='ocrx_word' id='word_1_593' title='bbox 3305 5498 3372 5546; x_wconf 86' lang='lat' dir='ltr'><strong>M.</strong></span> 
     </span>
    </p>
   </div>
   <div class='ocr_carea' id='block_1_81' title="bbox 516 5506 3372 5547">
    <p class='ocr_par' dir='ltr' id='par_1_81' title="bbox 516 5506 3372 5547">
     <span class='ocr_line' id='line_1_82' title="bbox 516 5506 3372 5547; baseline 0.001 -4"><span class='ocrx_word' id='word_1_594' title='bbox 516 5506 551 5547; x_wconf 63' lang='grc' dir='ltr'><strong>λ.</strong></span> <span class='ocrx_word' id='word_1_595' title='bbox 624 5506 667 5525; x_wconf 85' lang='lat'><strong>&#39;°</strong></span> <span class='ocrx_word' id='word_1_596' title='bbox 702 5506 879 5545; x_wconf 84' lang='grc' dir='ltr'>αυτων</span> <span class='ocrx_word' id='word_1_597' title='bbox 911 5506 971 5547; x_wconf 66' lang='grc' dir='ltr'><strong>υ,</strong></span> <span class='ocrx_word' id='word_1_598' title='bbox 1049 5506 1090 5525; x_wconf 77' lang='grc'><strong>⁸¹</strong></span> <span class='ocrx_word' id='word_1_599' title='bbox 1142 5506 1438 5547; x_wconf 65' lang='grc' dir='ltr'>Ἡρωοοτου</span> <span class='ocrx_word' id='word_1_600' title='bbox 1478 5506 1539 5543; x_wconf 64' lang='grc' dir='ltr'><strong>[Α.</strong></span> <span class='ocrx_word' id='word_1_601' title='bbox 1616 5506 1661 5522; x_wconf 84' lang='lat'><strong>&quot;°</strong></span> <span class='ocrx_word' id='word_1_602' title='bbox 1698 5506 1815 5542; x_wconf 84' lang='grc' dir='ltr'><strong>κατ</strong></span> <span class='ocrx_word' id='word_1_603' title='bbox 1877 5506 1936 5545; x_wconf 68' lang='grc' dir='ltr'><strong>υ.</strong></span> <span class='ocrx_word' id='word_1_604' title='bbox 2013 5506 2057 5521; x_wconf 74' lang='grc'><strong>’³</strong></span> <span class='ocrx_word' id='word_1_605' title='bbox 2092 5506 2397 5547; x_wconf 69' lang='grc' dir='ltr'>φιλοσόφοις</span> <span class='ocrx_word' id='word_1_606' title='bbox 2438 5508 2546 5543; x_wconf 75' lang='grc' dir='ltr'><strong>(ὶΙΙὶ.</strong></span> <span class='ocrx_word' id='word_1_607' title='bbox 2575 5506 2639 5547; x_wconf 66' lang='lat' dir='ltr'><strong>L4.</strong></span> <span class='ocrx_word' id='word_1_608' title='bbox 2667 5506 2737 5543; x_wconf 81' lang='grc' dir='ltr'><strong>Μ.</strong></span> <span class='ocrx_word' id='word_1_609' title='bbox 2815 5506 2859 5521; x_wconf 78' lang='grc'><strong>““’</strong></span> <span class='ocrx_word' id='word_1_610' title='bbox 2890 5506 3028 5547; x_wconf 72' lang='grc' dir='ltr'>ταῖς.</span> <span class='ocrx_word' id='word_1_611' title='bbox 3069 5506 3181 5547; x_wconf 70' lang='grc' dir='ltr'><strong>τοὶς</strong></span> <span class='ocrx_word' id='word_1_612' title='bbox 3210 5506 3271 5547; x_wconf 57' lang='grc' dir='ltr'><strong>(ᾇ.</strong></span> <span class='ocrx_word' id='word_1_613' title='bbox 3305 5506 3372 5547; x_wconf 83' lang='grc' dir='ltr'><strong>Μ.</strong></span> 
     </span>
    </p>
   </div>
   <div class='ocr_carea' id='block_1_82' title="bbox 85 5496 3375 5631">
    <p class='ocr_par' dir='ltr' id='par_1_82' title="bbox 85 5496 3375 5631">
     <span class='ocr_line' id='line_1_83' title="bbox 85 5496 3372 5563; baseline 0.001 -20"><span class='ocrx_word' id='word_1_614' title='bbox 85 5496 149 5525; x_wconf 81' lang='grc'><strong>⁸⁵</strong></span> <span class='ocrx_word' id='word_1_615' title='bbox 196 5496 460 5544; x_wconf 72' lang='grc' dir='ltr'>Μουσείου</span> <span class='ocrx_word' id='word_1_616' title='bbox 490 5496 551 5547; x_wconf 76' lang='lat'><strong>(2.</strong></span> <span class='ocrx_word' id='word_1_617' title='bbox 623 5496 667 5525; x_wconf 81' lang='lat'>&quot;</span> <span class='ocrx_word' id='word_1_618' title='bbox 702 5496 879 5545; x_wconf 78' lang='grc' dir='ltr'>αὐτῶν</span> <span class='ocrx_word' id='word_1_619' title='bbox 911 5496 971 5547; x_wconf 90' lang='lat' dir='ltr'><strong>C.</strong></span> <span class='ocrx_word' id='word_1_620' title='bbox 1049 5496 1093 5525; x_wconf 90' lang='lat'><strong>&quot;</strong></span> <span class='ocrx_word' id='word_1_621' title='bbox 1141 5496 1438 5563; x_wconf 83' lang='grc' dir='ltr'>Ἡρωδότου</span> <span class='ocrx_word' id='word_1_622' title='bbox 1478 5496 1539 5543; x_wconf 61' lang='grc' dir='ltr'><strong>(λ.</strong></span> <span class='ocrx_word' id='word_1_623' title='bbox 1616 5496 1661 5522; x_wconf 79' lang='grc'><strong><em>⁵⁵</em></strong></span> <span class='ocrx_word' id='word_1_624' title='bbox 1698 5496 1820 5542; x_wconf 84' lang='grc' dir='ltr'>κατ’</span> <span class='ocrx_word' id='word_1_625' title='bbox 1877 5496 1936 5545; x_wconf 77' lang='lat' dir='ltr'><strong>C.</strong></span> <span class='ocrx_word' id='word_1_626' title='bbox 2013 5496 2057 5521; x_wconf 72' lang='grc'><strong>³³</strong></span> <span class='ocrx_word' id='word_1_627' title='bbox 2092 5496 2397 5558; x_wconf 71' lang='grc' dir='ltr'>φιλοσόφοις</span> <span class='ocrx_word' id='word_1_628' title='bbox 2438 5508 2546 5543; x_wconf 81' lang='lat' dir='ltr'><strong>mn.</strong></span> <span class='ocrx_word' id='word_1_629' title='bbox 2575 5496 2639 5553; x_wconf 62' lang='grc' dir='ltr'><strong>(ὲ,</strong></span> <span class='ocrx_word' id='word_1_630' title='bbox 2667 5496 2737 5543; x_wconf 83' lang='grc' dir='ltr'><strong>Μ.</strong></span> <span class='ocrx_word' id='word_1_631' title='bbox 2815 5496 2859 5521; x_wconf 78' lang='grc' dir='ltr'><strong>⁸ο</strong></span> <span class='ocrx_word' id='word_1_632' title='bbox 2890 5496 3028 5552; x_wconf 75' lang='grc' dir='ltr'>ταῖς.</span> <span class='ocrx_word' id='word_1_633' title='bbox 3069 5496 3181 5555; x_wconf 83' lang='grc' dir='ltr'>τοῖς</span> <span class='ocrx_word' id='word_1_634' title='bbox 3210 5497 3271 5555; x_wconf 72' lang='grc' dir='ltr'><strong>(ὲ,</strong></span> <span class='ocrx_word' id='word_1_635' title='bbox 3305 5498 3372 5547; x_wconf 87' lang='grc' dir='ltr'><strong>Μ.</strong></span> 
     </span>
     <span class='ocr_line' id='line_1_84' title="bbox 85 5557 3375 5631; baseline 0.001 -20"><span class='ocrx_word' id='word_1_636' title='bbox 85 5564 147 5594; x_wconf 80' lang='grc'><strong>⁶¹</strong></span> <span class='ocrx_word' id='word_1_637' title='bbox 183 5560 562 5631; x_wconf 72' lang='grc' dir='ltr'>παραλείψας.</span> <span class='ocrx_word' id='word_1_638' title='bbox 603 5562 958 5631; x_wconf 73' lang='grc' dir='ltr'>ἀποκαλύψας</span> <span class='ocrx_word' id='word_1_639' title='bbox 992 5564 1053 5626; x_wconf 88' lang='lat' dir='ltr'><strong>C,</strong></span> <span class='ocrx_word' id='word_1_640' title='bbox 1084 5562 1152 5616; x_wconf 85' lang='lat' dir='ltr'><strong>M.</strong></span> <span class='ocrx_word' id='word_1_641' title='bbox 1229 5560 1674 5631; x_wconf 59' lang='lat' dir='ltr'><strong>“ﬁva5é63tﬁtat</strong></span> <span class='ocrx_word' id='word_1_642' title='bbox 1707 5561 1892 5631; x_wconf 54' lang='grc' dir='ltr'>ρπϐ.</span> <span class='ocrx_word' id='word_1_643' title='bbox 1969 5561 2013 5592; x_wconf 83' lang='grc'><strong>⁸³</strong></span> <span class='ocrx_word' id='word_1_644' title='bbox 2050 5557 2109 5616; x_wconf 75' lang='grc' dir='ltr'><strong>οὗ</strong></span> <span class='ocrx_word' id='word_1_645' title='bbox 2138 5562 2329 5631; x_wconf 82' lang='grc' dir='ltr'>χάριν.</span> <span class='ocrx_word' id='word_1_646' title='bbox 2366 5559 2554 5613; x_wconf 74' lang='grc' dir='ltr'>τοὺτου</span> <span class='ocrx_word' id='word_1_647' title='bbox 2585 5561 2745 5630; x_wconf 86' lang='grc' dir='ltr'>χάριν</span> <span class='ocrx_word' id='word_1_648' title='bbox 2775 5560 2845 5625; x_wconf 81' lang='grc' dir='ltr'>Μ,</span> <span class='ocrx_word' id='word_1_649' title='bbox 2870 5563 2960 5629; x_wconf 86' lang='lat' dir='ltr'><strong>qui</strong></span> <span class='ocrx_word' id='word_1_650' title='bbox 2995 5563 3045 5615; x_wconf 78' lang='lat' dir='ltr'><strong>in</strong></span> <span class='ocrx_word' id='word_1_651' title='bbox 3077 5564 3213 5617; x_wconf 84' lang='lat' dir='ltr'><strong>Add.</strong></span> <span class='ocrx_word' id='word_1_652' title='bbox 3256 5580 3375 5617; x_wconf 67' lang='lat' dir='ltr'><strong>voc.</strong></span> 
     </span>
    </p>
   </div>
   <div class='ocr_carea' id='block_1_83' title="bbox 79 5629 3379 5705">
    <p class='ocr_par' dir='ltr' id='par_1_83' title="bbox 79 5629 3379 5705">
     <span class='ocr_line' id='line_1_85' title="bbox 79 5629 3379 5705; baseline 0.002 -24"><span class='ocrx_word' id='word_1_653' title='bbox 79 5629 321 5705; x_wconf 51' lang='grc' dir='ltr'>πρότου</span> <span class='ocrx_word' id='word_1_654' title='bbox 350 5629 559 5705; x_wconf 80' lang='lat' dir='ltr'><strong>litteras</strong></span> <span class='ocrx_word' id='word_1_655' title='bbox 602 5635 652 5685; x_wconf 91' lang='lat' dir='ltr'><strong>in</strong></span> <span class='ocrx_word' id='word_1_656' title='bbox 683 5633 724 5685; x_wconf 76' lang='grc' dir='ltr'>Ο</span> <span class='ocrx_word' id='word_1_657' title='bbox 764 5629 983 5705; x_wconf 84' lang='lat' dir='ltr'><strong>prorsus</strong></span> <span class='ocrx_word' id='word_1_658' title='bbox 1021 5638 1226 5705; x_wconf 73' lang='lat' dir='ltr'><strong>ablatas</strong></span> <span class='ocrx_word' id='word_1_659' title='bbox 1272 5630 1421 5705; x_wconf 68' lang='lat' dir='ltr'><strong>dicit.</strong></span> <span class='ocrx_word' id='word_1_660' title='bbox 1500 5631 1545 5705; x_wconf 59' lang='lat' dir='ltr'><strong>f‘</strong></span> <span class='ocrx_word' id='word_1_661' title='bbox 1566 5630 1956 5705; x_wconf 77' lang='grc' dir='ltr'>μετασχόντες.</span> <span class='ocrx_word' id='word_1_662' title='bbox 1995 5630 2388 5702; x_wconf 70' lang='grc' dir='ltr'>μεταλαϐόντες</span> <span class='ocrx_word' id='word_1_663' title='bbox 2417 5646 2564 5701; x_wconf 84' lang='lat' dir='ltr'><strong>susp.</strong></span> <span class='ocrx_word' id='word_1_664' title='bbox 2605 5629 2676 5687; x_wconf 79' lang='grc' dir='ltr'><strong>Μ.</strong></span> <span class='ocrx_word' id='word_1_665' title='bbox 2782 5633 2826 5664; x_wconf 71' lang='grc'><strong>⁵⁵</strong></span> <span class='ocrx_word' id='word_1_666' title='bbox 2859 5632 3379 5705; x_wconf 51' lang='grc' dir='ltr'>[συγκμττὺσαντες</span> 
     </span>
    </p>
   </div>
   <div class='ocr_carea' id='block_1_84' title="bbox 82 5699 1621 5765">
    <p class='ocr_par' dir='ltr' id='par_1_84' title="bbox 82 5699 1621 5765">
     <span class='ocr_line' id='line_1_86' title="bbox 82 5699 1621 5765; baseline 0 -9"><span class='ocrx_word' id='word_1_667' title='bbox 82 5701 157 5756; x_wconf 78' lang='lat' dir='ltr'><strong><em>M</em></strong></span> <span class='ocrx_word' id='word_1_668' title='bbox 197 5702 264 5754; x_wconf 89' lang='lat' dir='ltr'><strong>in</strong></span> <span class='ocrx_word' id='word_1_669' title='bbox 294 5702 432 5757; x_wconf 80' lang='lat' dir='ltr'><strong>Adtl.</strong></span> <span class='ocrx_word' id='word_1_670' title='bbox 471 5720 482 5753; x_wconf 89' lang='lat'>:</span> <span class='ocrx_word' id='word_1_671' title='bbox 517 5743 530 5755; x_wconf 94' lang='lat'><strong>.</strong></span> <span class='ocrx_word' id='word_1_672' title='bbox 559 5744 572 5757; x_wconf 93' lang='lat'><strong>.</strong></span> <span class='ocrx_word' id='word_1_673' title='bbox 612 5742 627 5756; x_wconf 94' lang='lat'><strong>.</strong></span> <span class='ocrx_word' id='word_1_674' title='bbox 668 5744 681 5757; x_wconf 93' lang='lat'><strong>.</strong></span> <span class='ocrx_word' id='word_1_675' title='bbox 718 5740 733 5755; x_wconf 93' lang='lat'><strong>.</strong></span> <span class='ocrx_word' id='word_1_676' title='bbox 762 5699 1158 5765; x_wconf 77' lang='grc' dir='ltr'>αταττύσαντες</span> <span class='ocrx_word' id='word_1_677' title='bbox 1186 5703 1245 5758; x_wconf 87' lang='lat' dir='ltr'><strong>C.</strong></span> <span class='ocrx_word' id='word_1_678' title='bbox 1324 5704 1367 5734; x_wconf 67' lang='grc'><strong>⁸⁸</strong></span> <span class='ocrx_word' id='word_1_679' title='bbox 1400 5700 1529 5754; x_wconf 74' lang='grc' dir='ltr'>κενὰ</span> <span class='ocrx_word' id='word_1_680' title='bbox 1564 5699 1621 5756; x_wconf 86' lang='lat' dir='ltr'><strong>L.</strong></span> 
     </span>
    </p>
   </div>
   <div class='ocr_carea' id='block_1_85' title="bbox 472 5794 3115 5859">
    <p class='ocr_par' dir='ltr' id='par_1_85' title="bbox 472 5794 3115 5859">
     <span class='ocr_line' id='line_1_87' title="bbox 472 5794 3115 5859; baseline -0 -1"><span class='ocrx_word' id='word_1_681' title='bbox 472 5799 739 5859; x_wconf 73' lang='grc' dir='ltr'>ΡΑτιιοι..</span> <span class='ocrx_word' id='word_1_682' title='bbox 786 5798 900 5859; x_wconf 76' lang='lat' dir='ltr'><strong>Gn.</strong></span> <span class='ocrx_word' id='word_1_683' title='bbox 947 5797 1104 5859; x_wconf 68' lang='lat' dir='ltr'><strong>XVI.</strong></span> <span class='ocrx_word' id='word_1_684' title='bbox 3040 5794 3115 5857; x_wconf 80' lang='lat'><strong>99</strong></span> 
     </span>
    </p>
   </div>
  </div>
