3804 6220
123 265 256 330 3141

1251 279 1544 338 CONTRA
1580 280 1945 344 HASRESES
1981 285 2125 347 LIB.
2163 288 2231 350 V.

3212 301 3352 367 3148

125 381 321 435 κοέναι
353 381 592 451 ῥήματα
622 382 847 452 ἄρρητα
893 385 931 439 d
957 387 1236 451 οὐκ-ἐξὸν
1279 389 1567 457 ἀνθρώπῳ
1608 394 1674 445 εἰς

1792 395 2032 462 Domine,
2079 401 2316 467 Domine,
2351 406 2570 458 intrabit
2615 407 2667 460 in
2703 423 2916 478 regnum
2950 411 3216 476 caelorum,
3264 418 3356 468 secl

122 473 273 527 πεῖν.
330 473 514 527 Ταῦτά
557 473 696 538 ἐστι,
741 474 896 544 φησὶ,
951 477 1019 530 τὰ
1057 478 1270 548 ἄρρητα
1321 481 1424 533 ὑπὸ
1469 483 1674 535 πάντα»

1793 491 1881 556 qui
1906 491 2033 557 facit
2056 497 2373 548 voluntatem
2403 493 2574 550 Patris
2599 497 2698 550 mei
2721 473 2808 568 qui
2827 499 2881 552 in
2897 500 3036 554 caelis
3053 511 3126 554 est
3153 517 3170 553 :
3194 473 3354 570 quam

120 560 382 630 λεγόμενα
414 563 688 633 μυστήρια
710 562 749 616 ἅ
779 563 898 635 [καὶ
929 567 1236 634 λαλοῦμεν
1261 567 1330 640 6"]
1363 571 1474 623 οὐκ
1504 571 1573 624 ἐν
1591 570 1674 624 δι-

1793 590 2007 648 oportet
2037 582 2321 650 facientes,
2364 601 2467 641 non
2517 588 2798 642 audientes
2830 591 3000 644 solum
3047 593 3097 645 in
3135 611 3354 662 regnum

121 652 356 716 δακτοῖς
380 654 756 720 ἀνθρωπίνης
800 657 1018 724 σοφίας
1065 659 1288 727 λόγοις,
1336 661 1473 714 ἀλλ’
1502 663 1571 715 ἐν
1597 663 1685 716 δι-

119 741 354 807 δακτοῖς
412 744 771 812 πνεύματος,
827 749 1247 815 πνευματικοῖς
1317 756 1687 821 πνευματικὰ

118 836 564 904 συγκρίνοντες,
597 837 859 906 ψυχικὸς
893 838 961 892 δὲ
990 840 1297 908 ἅνθρωπος
1329 846 1399 897 οὺ
1449 845 1681 912 δέχεται

115 927 184 980 τὰ
221 926 326 979 τοῦ
361 928 707 996 Πνεύματος
754 930 859 982 τοῦ
909 931 1091 984 Θεοῦο
1126 934 1313 1001 μωρία
1365 936 1472 1002 γὰρ
1526 935 1684 1000 αὐτῷ

114 1019 274 1071 ἐστι·
306 1018 398 1071 καὶ
425 1019 598 1073 ταῦτα
617 1060 632 1085 ,
664 1021 848 1090 φησὶν,
893 1023 1007 1075 ἐστὶ
1035 1023 1102 1076 τὰ
1132 1026 1223 1077 τοῦ
1256 1027 1558 1096 πνεύματος
1587 1029 1683 1099 ἄῤ-

121 1111 260 1177 ρητα
291 1110 566 1181 μυστήρια
587 1148 602 1174 ,
634 1111 671 1164 ἃ.
700 1113 861 1181 ἡμεῖς
893 1113 1048 1182 ῐσμεν
1086 1115 1255 1184 μόνοι.
1297 1117 1429 1187 Περὶ
1455 1118 1679 1186 τούτων,

113 1203 299 1268 φησὶν,
330 1201 551 1272 εἴρηκεν
585 1203 613 1254 ὁ
637 1203 824 1274 Σωτήρ
843 1219 856 1232 ⁸
879 1203 1090 1269 Οὐδεὶς
1128 1205 1378 1260 δύναται
1411 1209 1456 1238 ⁶⁶
1477 1208 1682 1262 ἐλθεῖν·

113 1293 261 1357 πρός
284 1309 389 1360 με,
415 1293 624 1362 ἐὰνμή
649 1310 787 1347 τινα
818 1295 1054 1364 ἐλκύσῃ
1089 1300 1121 1348 ό
1149 1297 1350 1365 Πατήρ
1370 1316 1490 1366 μου
1525 1302 1556 1351 ό
1583 1301 1682 1352 οὐ·

103 1382 336 1450 ρὰνιος.
366 1385 514 1438 Πάνυ
540 1387 670 1456 γὰρ,
723 1387 876 1456 φησὶ,
911 1387 1168 1441 δύσκολόν
1211 1389 1326 1440 ἐστι
1371 1389 1678 1458 παραδέξα-

112 1476 235 1529 σθαι
266 1479 359 1530 καὶ
390 1477 573 1532 λαϐεῖν
607 1478 668 1530 τὸ
698 1479 840 1548 μέγα
868 1478 1025 1531 τοῦτο
1070 1480 1163 1532 καὶ
1195 1479 1431 1552 ἄρρητον
1478 1483 1679 1552 μυστή-

111 1583 246 1637 ριον.
279 1567 388 1619 Καὶ
417 1567 599 1629 πάλιν,
628 1569 813 1636 φησιν,
837 1568 1057 1638 εἴρηκεν
1087 1570 1114 1621 ὁ
1147 1571 1358 1639 Σωτήρ·
1387 1570 1468 1622 Οὐ
1505 1569 1622 1635 πᾶς
1645 1573 1678 1622 ὁ

106 1655 299 1725 ,λέγων
326 1657 366 1687 ⁸⁷
386 1673 506 1725 μοι,
534 1659 731 1724 Κύριε,
752 1659 948 1725 Κύριε,
993 1661 1402 1714 εἰσελεύσεται
1436 1664 1523 1728 εἰς
1562 1661 1678 1729 τὴν

1795 672 1997 727 intrare
2026 674 2306 730 ccelorum.
2332 678 2400 730 Et
2426 695 2632 742 rursus,
2657 679 2848 747 inquit,
2879 684 3046 736 dixit:
3077 682 3355 738 Publiceni

1790 773 1836 815 et
1894 766 2186 820 meretrices
2243 771 2538 837 prwcedunt
2589 787 2674 824 vos
2719 773 2776 824 in
2825 790 3039 842 regnum
3085 775 3352 830 caelorum.

1789 853 2066 910 Publicani
2115 856 2362 928 (τελῶναι
2398 862 2748 934 160—161
2776 867 2942 926 enim,
2994 867 3187 935 inquit,
3231 878 3356 923 sunt

1790 949 1880 1014 qui
1914 950 2155 1002 omnium
2193 966 2369 1005 rerum
2403 956 2684 1024 vectigalia
2709 957 2995 1026 recipiunt,
3021 975 3119 1013 nos
3148 971 3350 1024 autem,

1784 1039 1983 1108 inquit,
2025 1056 2212 1097 sumus
2252 1045 2564 1114 publicani,
2616 1048 2670 1100 in
2717 1065 2845 1118 quos
2891 1050 3020 1115 fines
3072 1050 3162 1121 (τὰ
3199 1051 3350 1122 τέλη)

1786 1129 2098 1183 steculorum
2129 1133 2459 1188 devenerunt.
2497 1135 2636 1208 Τέλη
2677 1139 2841 1204 enim,
2889 1139 3082 1207 inquit,
3121 1152 3246 1194 sunt
3285 1151 3352 1198 ab

1788 1219 2086 1290 inefﬁgialo
2116 1223 2169 1276 in
2196 1227 2450 1278 mundum
2471 1227 2816 1282 disseminata
2848 1230 3077 1294 semina,
3109 1248 3202 1298 per
3231 1247 3351 1300 qua:

1787 1311 2075 1365 universus
2105 1313 2386 1380 perﬁcitur
2414 1319 2677 1384 mundus;
2716 1334 2812 1387 per
2841 1335 2904 1374 ea
2935 1323 3080 1375 enim
3109 1332 3161 1375 et
3192 1339 3350 1378 orsus

1785 1409 1865 1452 cst
1906 1399 2046 1454 ﬁeri.
2087 1401 2153 1454 Et
2194 1403 2317 1468 hoc,
2369 1405 2560 1474 inquit,
2616 1417 2699 1461 est
2740 1407 2942 1461 dictum
2983 1409 3150 1464 illud:
3201 1411 3347 1464 Exiit

1783 1493 2044 1546 seminans
2093 1494 2160 1546 ad
2204 1497 2588 1560 seminandum,
2625 1507 2676 1552 et
2709 1499 2822 1553 alia
2863 1501 3159 1555 ceciderunt
3200 1520 3346 1558 secus

1782 1584 1917 1635 viam
1943 1593 1991 1636 el
2031 1585 2338 1638 conculcata
2367 1597 2506 1652 sunt,
2545 1589 2655 1643 alia
2697 1605 2815 1643 vero
2847 1607 3003 1656 super
3039 1602 3265 1660 petrosa,
3296 1606 3344 1648 et

1782 1686 1963 1726 exorta
1999 1685 2139 1738 sunt,
2174 1675 2367 1745 inquit,
2397 1690 2441 1730 et
2474 1680 2719 1746 quoniam
2751 1697 2852 1735 non
2877 1684 3131 1737 habebunt
3169 1687 3348 1741 altitu-

101 1750 429 1812 ,ϐασιλείαν
455 1749 574 1802 τῶν
601 1749 890 1817 οὐρανῶν,
915 1752 1054 1806 ἀλλ’
1079 1755 1110 1806 ό
1136 1752 1322 1806 ποιῶν
1352 1756 1416 1806 τὸ
1454 1755 1674 1824 θέλημα

1780 1764 1953 1816 dinem
1977 1772 2149 1827 terrae,
2184 1776 2438 1819 aruerunt
2465 1779 2512 1819 et
2541 1771 2816 1823 demortua
2838 1782 2959 1824 sunt
2985 1789 3005 1836 ;
3030 1777 3136 1826 alia
3171 1788 3344 1830 autem

105 1839 213 1893 τοῦ
238 1841 467 1908 Πατρός
488 1858 606 1910 μου
633 1841 736 1895 τοῦ
755 1843 826 1895 ἐν
843 1842 970 1908 τοῖς
998 1843 1293 1911 οὐρανοῖς.
1325 1845 1388 1898 Ὃ
1409 1846 1489 1897 δεῖ
1521 1849 1673 1916 ποιή-

107 1947 342 1993 εαντας,
379 1931 502 2000 οὐχὶ
551 1931 890 1994 ἀκούσαντας
929 1931 1110 2000 μόνον,
1146 1935 1224 1996 εὶς
1252 1934 1350 2005 τὴν
1396 1936 1672 2004 βασιλείαν

103 2021 366 2072 εἰσελθεῖν
398 2021 505 2072 τῶν
534 2021 796 2090 οὐρανῶν.
833 2023 941 2074 Καὶ
983 2024 1165 2087 πάλιν,
1217 2028 1400 2094 φησὶν,
1431 2028 1668 2096 εἴρηκεν·

103 2113 168 2163 0i
206 2108 455 2164 τελῶναι
479 2108 523 2140 ⁸⁸
553 2109 651 2164 καὶ
679 2114 736 2164 al
770 2113 980 2177 πόρναι
1004 2113 1374 2182 προάγουσιν
1401 2115 1555 2184 ὑμᾶς
1583 2119 1672 2183 εἰς

100 2201 215 2266 τὴν
269 2202 595 2265 ,βασιλείαν
640 2202 758 2254 τῶν
796 2203 1085 2271 οὐρανῶν.
1132 2203 1207 2275 [ρ.
1242 2206 1541 2280 112—114]
1575 2205 1674 2261 Τε-

101 2292 272 2346 λῶναι
309 2293 416 2364 γὰρ
436 2332 451 2357 ,
485 2294 668 2363 φησὶν,
697 2294 835 2346 εἰσὶν
877 2294 928 2346 οἱ
964 2295 1031 2347 τὰ
1062 2295 1189 2366 τέλη
1234 2296 1342 2349 τῶν
1372 2297 1504 2350 ὅλων
1529 2297 1671 2367 λαμ-

97 2387 376 2450 ϐάνοντες·
404 2387 564 2456 ἡμεῖς
613 2386 622 2455 Ι
678 2385 755 2451 δὲ,
785 2387 969 2455 φησὶν,
1011 2387 1177 2456 ἐσμὲν
1207 2388 1256 2439 οἱ
1286 2388 1517 2442 τελῶναι
1543 2431 1558 2454 ,
1587 2391 1673 2455 εις

100 2479 210 2545 οὓς
234 2480 278 2511 ⁸³
308 2480 380 2532 τὰ
415 2478 554 2547 τέλη
587 2477 705 2531 τῶν
724 2479 954 2532 αἰώνων
983 2477 1334 2546 κατήντηκε.
1364 2479 1503 2549 Τέλη
1540 2480 1668 2549 γὰρ,

99 2570 288 2641 φησὶν,
318 2570 423 2620 εἰσὶ
451 2567 519 2620 τὰ
548 2568 656 2621 ἀπὸ
693 2568 788 2621 τοῦ
827 2567 1302 2638 ἀχαρακτηρίστου
1342 2570 1421 2630 εἰς
1446 2570 1540 2622 τὸν
1575 2573 1668 2622 κό-

101 2676 244 2730 σμον
267 2659 695 2729 κατεσπαρμένα
717 2659 1106 2729 σπέρματα,δι’
1125 2653 1198 2712 ὧν
1219 2661 1248 2712 ὁ
1273 2661 1379 2722 πᾶς
1402 2663 1672 2714 συντελεί-

95 2769 191 2803 ται
213 2751 436 2818 κόσμος·
467 2749 553 2802 διὰ
581 2749 689 2821 γὰρ
712 2749 892 2803 αὐτῶν
914 2751 1007 2802 καὶ
1031 2751 1236 2820 ’ἤρξατο
1269 2751 1540 2817 γενέσθαι.
1561 2753 1670 2805 Καὶ

96 2843 260 2896 τοῦτό
292 2845 426 2903 ἐστι,
456 2843 608 2912 φησὶ,
644 2843 702 2894 τὸ
745 2842 1052 2914 εἰρημένον·
1106 2841 1392 2910 Ἐξῆλθεν
1422 2845 1453 2896 ὀ
1487 2843 1671 2895 σπεί-

88 2948 224 3000 ρων
260 2931 365 2984 τοῦ
387 2932 432 2963 "°
459 2931 732 2999 σπεῖραν
762 2931 862 2985 καὶ
888 2931 960 2984 τὰ
989 2932 1106 2999 μὲν
1139 2931 1322 2983 ἔπεσε
1369 2931 1526 2998 παρὰ
1560 2931 1673 2998 τὴν

96 3025 248 3077 ὁδὸν
278 3023 372 3075 καὶ
406 3021 800 3089 κατεπατήθη
834 3023 906 3073 τὰ
939 3021 1005 3073 δὲ
1031 3021 1128 3073 ἐπὶ
1167 3021 1240 3073 τὰ
1271 3022 1535 3088 πετρώδη
1570 3021 1668 3074 καὶ

96 3110 463 3174 ἑξανέτειλε,
493 3108 626 3179 φησὶ
645 3147 660 3170 ,
688 3108 785 3159 καὶ
807 3107 902 3160 διὰ
935 3107 1000 3159 τὸ
1023 3106 1109 3175 μὴ
1140 3106 1304 3175 ἔχειν
1319 3107 1510 3171 ,βάθος
1537 3107 1672 3174 ἐξη-
1698 3090 1740 3146 C

86 3205 288 3270 ρὰνθη
322 3202 417 3254 καὶ
452 3199 731 3255 ἀπέθανε·
763 3199 836 3252 τὰ
878 3197 946 3251 δὲ
981 3199 1186 3264 ἔπεσε,
1219 3198 1401 3268 φησὶν,
1433 3199 1529 3251 ἐπὶ
1557 3201 1671 3265 τὴν

97 3294 216 3364 γῆν
245 3293 356 3358 τὴν
389 3291 585 3360 καλὴν
607 3291 703 3343 καὶ
725 3289 976 3359 ἀγαθὴν,
1002 3290 1101 3342 καὶ
1130 3289 1317 3343 ἐποίει
1349 3290 1598 3358 καρπὸν,
1634 3292 1670 3343 ό

88 3385 216 3453 μὲν
245 3386 477 3445 ἑκατὸν,
519 3386 550 3436 ό
590 3380 658 3434 δὲ
700 3381 1034 3450 ἐξήκοντα,
1072 3385 1104 3435 ὁ
1141 3380 1208 3434 δὲ
1233 3381 1566 3450 τριάκοντα.
1606 3382 1668 3433 '0

93 3477 280 3544 ἔχων,
334 3477 517 3544 φησὶν,
575 3469 694 3527 ὦτα
746 3473 989 3527 ἀκούειν
1046 3472 1327 3527 ἀκουέτω.
1379 3473 1666 3536 Τουτέστι,

94 3570 290 3638 φησιν,
330 3569 503 3630 οὐδεὶς
538 3567 741 3618 τούτων
762 3564 869 3618 τῶν
910 3564 1220 3634 μυστηρίων
1264 3563 1535 3634 ἀκροατὴς
1569 3563 1666 3629 γέ-

91 3677 259 3730 γονεν
289 3662 338 3712 εξ
368 3660 449 3730 μὴ·
477 3659 628 3729 μόνοι
659 3659 707 3709 οἱ
730 3657 774 3688 ’³
798 3655 1088 3725 γνωστικοὶ
1123 3655 1337 3708 τέλειοι.
1362 3653 1531 3724 Αὕτη,
1568 3670 1669 3722 φη-

94 3756 212 3818 σὶν,
243 3755 389 3807 ἐστὶν
413 3754 445 3822 ἡ
469 3751 542 3820 γῆ
564 3752 597 3821 ἠ
621 3749 759 3818 καλὴ
785 3749 879 3800 καὶ
902 3747 1103 3818 ἀγαθὴ,
1136 3749 1201 3817 ἣν
1229 3747 1375 3814 λέγει
1405 3746 1662 3814 Μωῦσῆς·

91 3844 406 3907 Εισάξω⁷¹
444 3840 598 3911 ὑμᾶς
621 3842 706 3906 εὶς
743 3839 859 3908 γῆν
905 3838 1102 3905 καλὴν
1140 3837 1237 3891 καὶ
1284 3837 1535 3906 ἀγαθὴν,
1581 3840 1667 3901 εις

87 3936 220 4007 γῆν
240 3934 509 4003 ῥέουσαν
535 3932 692 4001 γάλα
711 3931 808 3984 καὶ
824 3930 982 4000 μέλι.
1016 3929 1186 3983 Τοῦτο
1207 3970 1222 3994 ,
1251 3929 1435 4000 φησὶν,
1467 3930 1582 3982 ἐστὶ
1606 3927 1667 3980 τὸ

86 4028 227 4098 μέλι
265 4026 357 4079 καὶ
382 4025 443 4077 τὸ
462 4023 624 4092 γάλα,
655 4015 714 4076 οὗ
741 4020 1107 4091 γευσαμένους
1132 4020 1256 4082 τοὺς
1281 4018 1517 4082 τελείους
1537 4017 1668 4071 ἀϐα-

83 4117 378 4178 σιλεύτους
409 4113 660 4182 γενέσθαι
691 4114 784 4165 καὶ
819 4112 1106 4182 μετασχεῖν
1152 4108 1247 4162 τοῦ
1280 4107 1662 4178 πληρώματος.

79 4209 292 4271 Τοῦτο,
332 4207 515 4276 φησὶν,
557 4205 676 4257 ἐστὶ
699 4207 760 4256 τὸ
798 4204 1094 4274 πλήρωμα,
1127 4201 1193 4254 δι’
1223 4195 1282 4255 οὗ
1317 4201 1495 4255 πάντα
1523 4199 1667 4269 γινό-

82 4316 240 4370 μενα
281 4296 514 4368 γεννητὰ
540 4297 584 4328 ’⁷³
629 4296 736 4349 ἀπὸ
781 4294 874 4348 τοῦ
909 4293 1205 4362 ἀγεννήτου
1252 4292 1443 4360 γέγονέ
1476 4309 1534 4344 τε
1574 4292 1667 4344 καὶ

76 4391 472 4459 πεπλήρωται.
517 4388 576 4441 '0
615 4387 671 4440 δὲ
698 4385 860 4448 αὐτὸς
899 4379 1052 4448 οὗτος
1093 4384 1198 4437 ὑπὸ
1223 4383 1268 4414 ⁷⁵
1295 4382 1402 4436 τῶν
1443 4382 1667 4454 Φρυγῶν

1775 1857 2094 1919 ceciderunt,
2134 1857 2328 1924 inquit,
2363 1858 2417 1910 in
2449 1870 2640 1911 terram
2680 1862 2953 1928 pulchram
2981 1875 3027 1916 et
3072 1864 3263 1918 bonam
3292 1880 3338 1922 et

1774 1945 2032 2012 faciebant
2073 1945 2327 2013 fructum,
2361 1948 2507 1999 aliud
2542 1950 2900 2012 centesimum,
2941 1953 3090 2006 aliud
3123 1973 3342 2025 sexage-

1773 2039 1984 2102 simum,
2009 2039 2156 2091 aliud
2197 2040 2532 2095 tricesimum.
2577 2043 2678 2106 Qui
2713 2046 2867 2097 habet
2894 2063 3046 2101 aures
3092 2052 3341 2105 audiendi

1773 2130 1975 2181 audiat.
2011 2129 2122 2183 Hoc
2149 2139 2251 2194 est,
2284 2131 2477 2199 inquit,
2526 2148 2684 2186 netno
2718 2134 2910 2188 horum
2958 2142 3338 2206 mysteriorum

1775 2221 1992 2273 auditor
2026 2220 2199 2274 factus
2238 2231 2346 2284 est,
2384 2223 2484 2276 nisi
2513 2222 2609 2276 soli
2641 2225 2862 2292 perfecti
2893 2231 3145 2295 gnostici.
3193 2231 3336 2292 llaec,

1775 2309 1969 2377 inquit,
2003 2319 2082 2364 est
2105 2319 2248 2364 terra
2275 2311 2494 2379 pulchra
2520 2322 2569 2365 et
2603 2315 2760 2378 bona,
2781 2330 2938 2384 quam
2965 2319 3093 2369 dicit
3125 2317 3296 2372 Moses
3322 2339 3334 2372 :

1776 2396 2033 2452 L-tducam
2064 2417 2149 2453 vos
2188 2400 2244 2452 in
2275 2409 2468 2452 terram
2498 2401 2772 2468 pulchram
2813 2412 2862 2455 et
2900 2402 3110 2469 bonam,
3152 2409 3204 2458 in
3233 2417 3338 2458 ler-

1777 2506 1889 2543 ram
1917 2492 2222 2558 afﬂuentem
2267 2491 2406 2545 lacte
2432 2504 2477 2545 et
2523 2492 2690 2545 melle.
2727 2493 2857 2558 Hoc,
2893 2495 3085 2564 inquit,
3118 2506 3200 2550 est
3236 2498 3342 2552 ntel

1774 2591 1828 2636 et
1855 2582 1958 2643 lac,
1984 2597 2092 2650 quo
2119 2591 2332 2650 gustato
2369 2582 2635 2650 perfectos
2662 2583 2868 2652 irreges
2899 2584 3012 2637 ﬂeri
3042 2593 3095 2638 et
3134 2587 3335 2654 imper-

1780 2672 1870 2726 tiri
1919 2671 2266 2739 plenitudine.
2295 2674 2455 2737 Haec,
2487 2674 2692 2742 inquit,
2736 2684 2820 2728 est
2874 2675 3185 2741 plenitudo,
3236 2693 3333 2742 per

1773 2776 1933 2831 quam
1964 2763 2143 2815 omnia
2167 2763 2478 2818 exsistentia
2512 2773 2634 2816 nata
2669 2764 2734 2815 ab
2764 2764 2946 2816 innato
2975 2775 3029 2818 et
3055 2765 3190 2818 facta
3217 2776 3341 2821 sunt

1773 2862 1828 2906 et
1878 2854 2115 2922 impleta.
2179 2855 2328 2908 ldem
2379 2865 2557 2907 autem
2604 2853 2691 2906 hic
2741 2870 2768 2904 a
2820 2853 3116 2924 Plirygihus
3178 2857 3338 2910 etiam

1772 2944 1968 2996 sterilis
2000 2954 2244 2996 vocatur.
2288 2943 2384 2997 Est
2415 2944 2555 2996 enim
2586 2944 2804 3004 sterilis,
2837 2945 3052 3012 quando
3101 2956 3183 2998 est
3216 2962 3338 3000 car-

1775 3033 1911 3086 nalis
1942 3044 1995 3086 et
2028 3034 2334 3102 cupidinem
2381 3034 2560 3086 carnis
2605 3032 2789 3086 efficit.
2833 3033 2964 3097 lloc,
3019 3036 3222 3100 inquit,
3256 3046 3337 3089 est

1777 3122 1979 3175 dictum
2023 3123 2148 3176 illud
2180 3140 2193 3175 :
2225 3122 2409 3175 Omnis
2441 3122 2619 3185 arbor,
2657 3139 2772 3192 quae
2801 3140 2903 3176 non
2943 3124 3067 3190 facit
3107 3125 3336 3192 fructum

1777 3212 1990 3278 bonum,
2018 3213 2278 3266 exciditur
2299 3223 2344 3266 et
2377 3214 2430 3264 in
2459 3214 2627 3280 ignem
2657 3214 2901 3267 mittitur.
2941 3215 3167 3270 Fructus
3195 3216 3339 3269 enim

1778 3304 1855 3367 hi,
1888 3304 2083 3371 inquit,
2129 3313 2252 3356 sunt
2293 3302 2389 3356 soli
2423 3303 2734 3365 rationales,
2785 3305 2888 3356 vivi
2937 3305 3204 3367 homines,
3246 3309 3336 3374 qui

1775 3406 1870 3458 per
1913 3403 2118 3460 portam
2152 3391 2529 3460 ingrediuntur
2577 3392 2808 3445 tertiam.
2852 3391 3046 3446 Dicunt
3093 3395 3335 3463 quippe:

1774 3481 1834 3535 Si
1858 3491 2065 3535 mortua
2089 3483 2381 3535 comedistis
2413 3491 2460 3533 et
2494 3483 2610 3535 viva
2643 3482 2856 3550 fecistis,
2883 3485 3034 3552 quid,
3057 3486 3101 3537 si
3131 3487 3241 3538 viva
3261 3502 3351 3539 co—

1775 3573 2062 3637 medcritis,
2100 3571 2359 3639 facietis?
2391 3572 2520 3625 Viva
2568 3585 2744 3626 autem
2796 3576 2982 3627 dicunt
3007 3582 3061 3628 et
3100 3577 3338 3630 rationes

1773 3673 1827 3718 et
1857 3674 2062 3717 mentes
2092 3673 2144 3717 et
2192 3663 2456 3727 homines,
2492 3665 2813 3731 margaritas
2857 3665 3002 3719 illius
3045 3665 3332 3733 ineftigiali

1774 3752 2010 3818 dejectas
2047 3752 2097 3803 iu
2147 3751 2460 3820 ﬁgmentum
2521 3752 2680 3808 infra.
2737 3753 2848 3807 Hoc
2880 3763 2962 3808 est
2989 3755 3126 3824 quod
3179 3758 3332 3821 dicit,

1775 3843 1947 3911 inquit
1975 3861 1989 3896 :
2028 3841 2110 3896 Ne
2135 3844 2426 3911 proﬁciatis
2452 3856 2690 3897 sanctum
2721 3849 2958 3910 canibus,
3001 3866 3161 3917 neque
3197 3868 3338 3904 mar-

1773 3936 1975 4002 garitas
2018 3936 2213 4002 porcis,
2263 3951 2548 4004 porcorum
2586 3946 2640 3989 et
2679 3952 2873 3988 canum
2917 3953 3050 4006 opus
3095 3940 3338 3995 dicentes

1773 4039 1893 4079 esse
1935 4025 2178 4079 mulieris
2225 4039 2343 4078 cum
2399 4027 2515 4079 viro
2555 4027 3020 4080 consuetuttinem.
3077 4027 3334 4082 Eunnlcm

1774 4127 1951 4170 autem
1982 4119 2141 4180 hunc,
2178 4118 2370 4185 inquit,
2408 4117 2652 4187 Phryges
2699 4117 2972 4187 appellant
3015 4121 3335 4187 caprarium,

1774 4225 1880 4262 non
1923 4208 2261 4278 162-163
2293 4209 2487 4276 inquit,
2514 4210 2652 4275 quod
2673 4209 2929 4277 pascebat
2956 4223 3146 4276 capras
3166 4221 3217 4264 et
3245 4227 3334 4266 ca-

1775 4312 1923 4366 pros,
1949 4311 2006 4350 ut
2036 4301 2275 4368 psychici
2309 4297 2598 4367 appellant,
2627 4299 2720 4352 sed
2748 4300 2868 4366 quia
2897 4309 2995 4365 est,
3026 4299 3221 4369 inquit,
3248 4303 3306 4354 al

1774 4388 1958 4454 πόλος,
1995 4389 2095 4441 hoc
2132 4397 2215 4443 est
2243 4391 2272 4441 ὁ
2301 4391 2386 4442 ἀεὶ
2428 4388 2610 4441 πολῶν
2660 4399 2715 4442 et
2747 4399 2960 4444 vertens
3001 4401 3056 4444 et
3103 4391 3338 4445 circuat-

75 4443 189 4537 ita!
237 4443 506 4549 t’iitapxoc
546 4479 812 4533 καλεῖται.
840 4443 1001 4530 ιἘστι
1024 4443 1132 4547 γὰρ
1169 4475 1456 4543 ἄκαρπος,
1484 4443 1669 4546 ότανῇ

1778 4492 1941 4546 agens
1969 4481 2274 4533 universum
2311 4481 2565 4533 mundum
2597 4480 2968 4534 conversione.
2989 4481 3179 4535 Πολεῖν
3193 4483 3336 4536 enim

78 4572 360 4644 σαρκικὺς
395 4571 491 4624 καὶ
531 4570 629 4642 τὴν
658 4569 950 4638 ἐπιθυμίαν
992 4568 1090 4636 τῆς
1119 4567 1322 4636 σαρκὸς
1350 4566 1670 4637 ἐργάζηται.

1778 4568 2052 4637 signiﬁcat
2084 4569 2135 4622 id
2163 4570 2305 4638 quod
2333 4577 2543 4624 vertere
2576 4580 2630 4624 et
2666 4582 3000 4625 commutare
3027 4587 3141 4627 res:
3175 4575 3336 4638 unde,

76 4665 270 4720 Τοῦτο
291 4708 303 4729 ,
339 4665 521 4733 φησιν,
587 4662 704 4715 ἐστὶ
735 4662 794 4712 τὸ
825 4659 1131 4729 εἰρημένον·
1179 4657 1307 4711 Πᾶν
1348 4657 1597 4726 δένδρον
1627 4658 1672 4688 ⁷⁸

1780 4659 1976 4729 inquit,
2002 4669 2056 4714 et
2082 4662 2240 4716 ambo
2265 4671 2449 4715 centra
2494 4661 2614 4716 cmli
2649 4665 2883 4718 universi
2927 4663 3200 4733 appellant
3242 4679 3339 4732 po-

70 4757 177 4828 μὴ
207 4754 426 4808 ποιοῦν
463 4753 694 4822 καρπὸν
723 4751 914 4804 καλὸν
937 4749 1284 4802 ἐκκόπτεται
1304 4749 1401 4803 καὶ
1434 4752 1520 4814 εἰς
1549 4749 1666 4816 πῦρ

1771 4749 1870 4806 los.
1904 4751 1969 4804 Et
2004 4759 2155 4820 pot-ta
2186 4753 2315 4806 dicit
2343 4770 2357 4806 :

66 4847 409 4914 βάλλεται.
443 4845 663 4915 Καρποὶ
715 4844 824 4912 γὰρ
853 4836 997 4896 οὗτοι
1021 4881 1037 4905 ,
1086 4841 1271 4912 φησὶν,
1303 4842 1408 4894 εἰσὶ
1466 4843 1625 4912 μόνον
1661 4843 1709 4894 οἱ
1749 4842 1990 4912 λογικοὶ,
2037 4844 2086 4898 οἱ
2111 4845 2156 4875 ⁷⁸
2195 4843 2396 4908 ζῶντες
2434 4843 2712 4916 ἄνθρωποι
2741 4885 2756 4909 ,
2793 4846 2841 4897 οἱ
2881 4845 2970 4898 διὰ
3017 4847 3114 4915 τῆς
3165 4845 3338 4916 πύλης

1368 4996 1601 5051 νΑιιιίΕ
1641 4996 2041 5052 LECTIONES.

165 5159 214 5189 ⁸³
245 5157 343 5228 atat
379 5153 646 5228 λαλοῦμεν
693 5153 899 5228 0I_It._C,
950 5154 1032 5220 M;
1178 5151 1340 5228 [ϐοΐ.
1368 5152 1539 5228 [1,115,
1748 5154 1921 5228 ⁶⁶ΑΕν.
1945 5154 2102 5228 Joan.
2134 5152 2299 5228 VI,_4_-§
2339 5171 2351 5206 :
2387 5155 2580 5228 ρὺδεὶς
2605 5154 3033 5228 δόνακι-ἐλθεῖν
3073 5157 3214 5227 πρός
3241 5176 3333 5228 με,

68 5231 189 5284 ἐὰν
218 5225 295 5295 μὴ
324 5227 352 5276 ὁ
385 5225 571 5292 Πατὴρ

612 5223 641 5275 ὁ
685 5222 908 5294 πέμψας
962 5241 1028 5294 με
1080 5221 1511 5294 ἐλκύσῃ-αὑτόν.
1588 5225 1630 5254 ⁸⁷
1657 5223 1847 5294 Matth.
1881 5241 1976 5289 vn,
2014 5225 2104 5276 21.

2185 5224 2229 5254 ⁸⁸
2252 5223 2442 5277 Matth.
2484 5240 2595 5287 XXI,
2647 5227 2735 5279 51.
2813 5223 2906 5276 "l
2953 5225 3077 5280 Cor.
3119 5223 3190 5288 ἰ.
3241 5223 3334 5283 Ἠ.

74 5303 135 5332 το
171 5290 484 5352 ΟΪ.’Μ;ιιιΙι.
514 5290 1002 5364 ιι“ιιι,ί5-9“;“Μιιι·ἑ.
1032 5309 1105 5364 tv,
1135 5290 1617 5364 3-9;L_uc._a_tvm,
1657 5293 1777 5364 5:8.
1852 5295 1895 5326 "
1930 5293 2080 5363 μόνοι
2107 5291 2182 5364 οἱ]
2220 5293 2367 5364 μρνοι
2394 5295 2456 5356 C,
2483 5292 2552 5364 Μ·
2628 5295 2673 5364 ’ξ
2695 5295 2774 5350 (2f.
2811 5292 2854 5364 ν
2877 5294 3008 5348 Mos.
3042 5309 3192 5359 xm,
3223 5298 3293 5350 20
3322 5323 3334 5353 .-

68 5364 311 5430 Εῐσάξω
347 5365 454 5433 γὰρ
506 5363 700 5426 αὐτοὺς
747 5363 826 5428 εἰς
877 5363 972 5485 Ἦν
1018 5362 1124 5432 γῆν
1171 5361 1269 5444 τῂν
1322 5360 1552 5431 ἀγαθὴν,
1587 5364 1653 5433 ἢν
1697 5361 1887 5449 ὡμιοσα
1922 5360 2043 5445 τοῖς
2081 5360 2351 5442 πατράσιν
2383 5363 2581 5448 αὐτῶν,
2621 5363 2741 5450 γῆν⁸
2765 5363 2993 5435 ῥέουσαν
3037 5365 3139 5450 καὶ

68 5458 141 5485 κ-
201 5453 254 5485 τ.
303 5434 354 5485 λ.
412 5435 454 5485 ll
491 5433 602 5485 Mos
631 5448 717 5485 Ill.
766 5432 846 5485 8:
951 5433 1009 5485 αἱ
1047 5433 1284 5485 κατέοην
1316 5429 1592 5485 ἐξελέσθαι
1642 5433 1839 5485 αὐτους
1886 5434 1950 5485 ἐκ
1982 5451 2082 5485 της
2119 5449 2225 5485 γης
2272 5434 2606 5485 Αἰγυπτιων.
2660 5451 2753 5485 και
2799 5435 3086 5485 ὲΞαγαγειν

951 5433 1009 5486 αἱ
1032 5429 1284 5500 autem
1316 5429 1621 5494 ἐξελέσθαι’
1642 5429 1839 5497 αὐτοὺς
1886 5434 1950 5485 ἐκ
1982 5435 2082 5502 τῆς
2119 5429 2225 5500 γῆξ
2272 5433 2606 5502 Αἰγυπτίων,
2633 5429 2777 5486 ’και
2799 5435 3086 5502 ἐξαγαγεῖν
3132 5429 3333 5502 αὐτοὺς

68 5458 141 5493 κ.
201 5453 254 5488 τ.
303 5432 368 5488 λ.
412 5432 454 5488 ll
491 5433 602 5486 Mos
631 5448 717 5497 ιιι,
766 5432 846 5486 8:

3187 5368 3333 5451 μέλι.

68 5513 153 5562 ὲκ
217 5507 316 5575 τῆς
366 5501 755 5575 minimc;
802 5503 896 5575 Xa?-
939 5504 1255 5575 εξσαγαγεῖν
1302 5502 1497 5575 ςιέδτοίές
1540 5504 1634 5575 si;
1685 5503 1789 5575 γῆν
1841 5501 2050 5575 eratin?
2087 5502 2202 5575 καὶ,
2234 5501 2454 5570 πολλὴνς
2504 5504 2584 5575 εἰς
2630 5503 2731 5575 γῆν
2775 5501 3001 5572 ῥέουσαν
3051 5501 3197 5575 γᾲλα
3244 5511 3332 5559 καὶ

73 5575 244 5650 μέλι,
272 5570 343 5626 ’κ.
611 5570 802 5643 ἠγένη
833 5572 904 5624 τὰ
947 5573 1025 5627 C:
1067 5573 1270 5643 γενητὰ
1307 5570 1377 5626 Μ.
1447 5573 1486 5603 ⁷⁵
1530 5573 1653 5629 ὑπό.
1692 5570 1798 5628 ἀπὸ
1830 5570 1899 5639 C,
1930 5570 2014 5625 Μ.
2078 5573 2122 5603 ⁷⁵
2156 5571 2343 5626 Matth.
2379 5587 2460 5636 ιιι,
2497 5573 2597 5638 ιυ;
2633 5570 2883 5640 ιιιοίιιι,
2911 5577 2964 5631 9.
3042 5573 3332 5642 ⁷⁶λογικ·›ὶ.

67 5641 130 5701 ξιξ
142 5685 162 5701 .
200 5644 406 5712 λογικοὶ
437 5641 571 5706 ιλιι.
