3804 6220
413 256 553 319 3173

1899 277 2188 339 ΟΒΙΟΕΝ
2198 282 2270 339 IS

3529 281 3669 345 3174

415 371 684 442 Scriptum
711 382 816 436 est,
848 374 1046 445 inquit,
1091 379 1143 431 in
1182 378 1320 436 libro
1368 382 1536 439 Mosis
1570 404 1586 441 :
1622 386 1743 453 Hic,
1797 384 1982 459 inquit,

2096 394 2253 448 τοῦδε
2278 396 2374 448 τοῦ
2404 395 2612 467 κόσμου
2640 438 2656 462 ,
2690 397 2739 450 εἰ
2777 396 2853 466 μὴ
2895 396 3057 467 μόνος
3081 398 3110 451 ὁ
3137 394 3361 460 τέλειος,
3394 397 3423 449 6
3452 395 3669 465 πλήρης

414 479 637 545 serpens
656 475 738 520 est
760 479 1018 536 potestas,
1047 487 1166 539 quae
1210 476 1469 529 comitata
1500 488 1586 533 est
1615 479 1816 547 Mosen,
1841 484 1991 554 virga

414 538 673 612 conversa
705 559 758 613 in
808 574 1137 631 serpentem.
1178 566 1461 623 Adversati
1508 571 1655 625 enim
1700 585 1877 636 erant,
1907 576 1990 629 in-

415 650 553 717 quit,
580 652 831 720 potestati
860 652 1023 708 Mosis
1046 659 1097 709 in
1123 656 1357 728 Egypto
1382 676 1658 727 magorum
1689 675 1991 733 serpentes,

415 740 488 794 dii
540 742 822 808 perniciei,
854 746 947 798 sed
996 762 1192 802 omnes
1233 765 1327 805 eos
1382 750 1612 821 subjecit
1660 764 1716 810 et
1765 758 1993 825 peremit

414 831 563 901 virga
594 831 780 889 Mosis.
812 834 1147 894 Uuiversalis
1204 856 1451 912 serpens,
1504 846 1697 914 inquit,
1764 847 1852 901 hic
1909 858 1994 904 est

415 925 631 994 sapiens
673 926 797 981 Eva:
863 943 1063 985 sermo.
1124 930 1260 1000 Hoc,
1298 934 1489 1004 inquit,
1528 946 1611 992 est
1640 984 1645 990 .
1672 942 1989 1011 mysterium

417 1016 605 1079 Ealem,
636 1018 736 1073 hoc
762 1018 957 1075 ﬂuvius
979 1036 1045 1077 ex
1080 1023 1269 1092 Edem,
1300 1027 1401 1083 hoc
1432 1031 1644 1100 signum
1678 1032 1990 1102 impositum

413 1107 568 1174 Cain,
597 1126 661 1164 ne
681 1112 803 1180 quis
825 1128 946 1168 eum
976 1117 1248 1183 reperiens
1273 1120 1628 1177 interimeret.
1661 1124 1756 1179 Hic
1785 1128 1989 1192 est,in-

415 1199 551 1268 quit,
577 1200 731 1266 Cain,
758 1202 910 1269 cujus
936 1207 1266 1263 sacriﬁcium
1298 1226 1399 1265 non
1427 1216 1631 1283 recepit
1670 1216 1803 1271 deus
1832 1219 1991 1288 hujus

416 1292 621 1353 mundi,
655 1304 992 1350 cruentatum
1053 1309 1232 1355 autem
1268 1305 1474 1369 recepit
1508 1308 1722 1375 Abelis;
1773 1314 1987 1383 sangui-

413 1383 575 1438 nibus
605 1386 748 1439 enim
775 1388 971 1455 gaudet
1003 1389 1161 1459 hujus
1198 1395 1381 1449 mundi
1435 1397 1707 1455 dominus.
1749 1402 1846 1458 llic
1882 1416 1987 1473 est,

415 1474 606 1541 inquit,
642 1477 705 1540 is,
735 1479 823 1545 qui
847 1484 1104 1537 extremis
1134 1485 1323 1540 diebus
1351 1489 1533 1557 specie
1556 1492 1791 1547 humana
1824 1511 1989 1565 appa-

415 1566 520 1618 ruit
546 1569 878 1636 temporibus
900 1572 1150 1636 llerodis.
1175 1577 1349 1631 factus
1373 1582 1437 1633 ad
1462 1585 1742 1653 exemplar
1765 1586 1985 1659 Josephi

413 1660 612 1713 venditi
636 1675 700 1715 ex
732 1678 890 1718 manu
923 1664 1176 1734 fratrum,
1202 1672 1355 1739 cujus
1392 1675 1561 1728 solius
1596 1678 1840 1736 velamen
1870 1694 1990 1737 erat

414 1752 644 1805 varium.
678 1751 797 1819 Hic,
853 1757 1044 1828 inquit,
1105 1773 1189 1817 est
1251 1765 1428 1821 factus
1473 1770 1563 1825 ille
1608 1772 1671 1825 ad
1710 1776 1991 1842 exemplar

412 1838 573 1905 Esau,
607 1844 760 1913 cujus
786 1847 866 1901 vel
896 1865 1001 1904 non
1038 1855 1317 1922 praesentis
1346 1859 1477 1911 νεειὶ
1510 1860 1846 1916 benedictum
1881 1875 1985 1930 est,

410 1930 501 1997 qui
534 1947 637 1986 non
671 1936 891 2005 recepit,
931 1940 1124 2009 inquit,
1158 1959 1359 1999 caecam
1402 1949 1858 2017 benedictionem,
1893 1958 1986 2010 sed

410 2018 1091 2093 ditescebatextrinsecus,
1120 2031 1255 2085 nihil
1304 2048 1334 2085 a
1394 2038 1716 2092 czecutiente
1773 2051 1985 2107 nactus,

409 2113 564 2180 cujus
586 2116 719 2169 vidit
748 2118 939 2173 faciem
966 2120 1156 2189 Jacob,
1184 2127 1360 2195 prouti
1386 2128 1580 2183 viderit
1606 2130 1765 2184 homo
1794 2133 1985 2189 faciem

410 2201 523 2259 Dei.
561 2204 633 2260 De
664 2208 786 2274 hoc,
812 2210 1005 2279 inquit,
1035 2215 1294 2283 scriptum
1332 2229 1417 2272 est
1459 2237 1471 2271 ε
1520 2218 1585 2272 Ut
1624 2219 1837 2275 Nebrod
1868 2241 1986 2277 ina-

407 2297 629 2366 gniﬁcus
659 2311 873 2356 venator
919 2321 1102 2358 coram
1148 2308 1394 2363 Domino.
1430 2312 1567 2366 Sunt
1598 2324 1776 2369 autem
1829 2316 1987 2383 hujus

403 2389 747 2448 :eiuulatores
798 2394 974 2460 multi,
1003 2407 1082 2451 tut
1114 2415 1365 2466 nmuero,
1396 2414 1530 2473 quot
1556 2408 1831 2475 COltSpeCli
1863 2420 1987 2464 sunt

407 2486 459 2537 in
496 2487 709 2540 deserto
739 2488 861 2543 ﬁliis
889 2490 1055 2547 Israel
1104 2497 1434 2564 mordentes,
1468 2515 1495 2551 a
1532 2501 1729 2568 quibus
1767 2517 1987 2557 conser-

406 2577 553 2632 vavit
580 2594 788 2634 morsos
814 2581 1087 2650 perfectus
1113 2585 1223 2650 ille,
1253 2603 1412 2657 quem
1443 2594 1631 2645 statuit
1658 2593 1851 2649 Moses.
1875 2594 1987 2650 lloc

404 2678 508 2731 est,
567 2670 765 2739 inquit,
832 2678 975 2741 quod
1030 2676 1230 2731 dictqu
1289 2690 1371 2734 est
1403 2698 1416 2734 :
1448 2681 1514 2735 Et
1545 2687 1985 2753 quemadmodum

406 2760 580 2815 Moses
629 2766 877 2818 exultavit
928 2780 1216 2836 serpentem
1249 2772 1303 2824 in
1350 2775 1573 2840 deserto,
1622 2778 1696 2830 ita
1742 2780 1976 2835 exaltari

405 2860 603 2917 oportet
659 2850 852 2906 Filium
901 2856 1145 2911 hominis.
1181 2858 1349 2925 Hujus
1394 2863 1461 2915 ad
1506 2866 1783 2934 exemplar
1811 2866 1984 2923 factus

2091 486 2202 539 τῶν
2236 487 2459 558 πληρῶν
2493 489 2618 557 ὄφις
2647 490 2693 543 ⁷.
2735 488 2860 541 Ἐπὶ
2897 488 3111 551 τοῦτον,
3149 490 3337 559 φησὶν,
3380 490 3409 541 6
3438 488 3667 548 ἐλπίσας

2094 578 2200 631 ὑπὸ
2220 578 2328 631 τῶν
2349 579 2527 650 ὄφεων
2549 580 2650 650 τῆς
2676 580 2881 652 ἐρήμου
2907 580 2970 633 οὐ
2995 580 3386 651 διαφθείρεται,
3416 579 3667 633 τουτέστι

2092 672 2201 724 τῶν
2232 671 2369 725 θεῶν
2396 672 2499 741 τῆς
2527 673 2813 739 γενέσεως.
2835 673 3173 742 Γέγραπται,
3201 674 3385 744 φησὶν,
3415 674 3473 725 ὲν
3502 672 3668 742 βίϐλῳ

2092 764 2367 827 Μωσέως·
2400 759 2571 828 Οὗτος
2596 804 2611 830 ,
2639 766 2823 835 φησὶν,
2855 764 2884 817 6
2912 764 3036 832 ὄφις
3063 763 3085 795 ⁸
3126 764 3271 816 ἐστὶν
3305 764 3337 834 ἠ
3368 762 3606 832 δύναμις
3636 763 3668 831 ὴ

2093 857 2631 929 παρακολουθήσασα
2678 857 2757 927 τῷ
2784 858 3014 921 Μωσεί⁹
3048 857 3081 927 ἡ
3118 856 3309 925 ράὀδος
3349 857 3384 926 ή
3432 873 3669 926 στρεφο-

2096 948 2229 1020 μένη
2259 950 2341 1012 εἰς
2369 950 2512 1019 ὄφιν.
2555 948 3009 1018 Ἀνθεστήκεισαν
3034 948 3113 1012 δὲ,
3156 948 3308 1018 φησὶ,
3342 950 3413 1018 τῇ
3442 946 3668 1037 δυνάμει

2092 1040 2337 1105 Μωσέως
2370 1042 2428 1094 ὲν
2463 1043 2484 1073 ⁸
2515 1038 2779 1111 Αἰγύπτῳ
2810 1039 2921 1094 τῶν
2954 1041 3145 1111 μάγων
3174 1040 3222 1093 οἰ
3251 1039 3429 1108 ὄφεις,
3460 1041 3515 1091 οἱ
3564 1037 3671 1091 θεοὶ

2092 1131 2191 1200 τῆς
2230 1132 2541 1196 ἀπωλείας’
2586 1131 2724 1184 ἀλλὰ
2772 1132 2983 1195 πάντας
3033 1132 3230 1194 αὐτοὺς
3281 1131 3528 1195 ὑπέταξε
3582 1131 3670 1182 καὶ

2091 1220 2396 1291 διέφθειρεν
2425 1222 2458 1290 ὴ
2494 1220 2689 1292 ῥάϐδος
2744 1221 3008 1284 Μωσέως.
3070 1220 3131 1273 Ὀ
3175 1220 3465 1283 καθολικδς
3518 1220 3669 1288 ὄφις,

2091 1313 2277 1381 φησιν,
2309 1308 2463 1375 οὗτός
2491 1314 2534 1343 ¹⁰
2562 1314 2710 1366 ἐστιν
2741 1314 2769 1365 6
2792 1313 2955 1380 σοφὸς
2972 1311 3072 1382 τῆς
3100 1311 3246 1375 Εὔας
3270 1312 3450 1379 λόγος.
3476 1311 3668 1372 Τοῦτο,

2090 1404 2277 1474 φησὶν,
2326 1405 2443 1458 ἐστὶ
2497 1406 2797 1475 μυστήριον
2862 1403 3043 1473 Ἐδὲμ,
3099 1403 3258 1456 τοῦτο
3316 1402 3572 1472 ποταμὸς
3617 1402 3673 1465 ἐξ

2103 1498 2285 1567 Ἐδὲμ,
2310 1498 2468 1552 τοῦτο
2519 1500 2741 1568 σημεῖον
2759 1497 2818 1550 τὸ
2847 1498 3001 1549 τεθὲν
3030 1494 3108 1566 τῷ
3132 1497 3291 1559 Κάῖν,
3316 1496 3404 1547 ἵνα
3434 1496 3551 1557 πᾶς
3576 1496 3617 1524 ¹¹
3646 1495 3673 1546 6

2091 1589 2366 1659 εὑρίσκων
2398 1589 2562 1642 αὐτὸν
2605 1589 2679 1661 μὴ
2718 1588 3040 1660 ἀποκτείνῃ.
3076 1580 3248 1651 Οὗτος
3272 1629 3287 1651 ,
3317 1586 3512 1656 φησὶν,
3555 1586 3673 1637 ἐστὶ

2092 1679 2234 1732 Κάῖν
2271 1679 2341 1742 η,
2374 1674 2434 1733 οῦ
2460 1678 2558 1749 τὴν
2589 1679 2781 1733 Θυσίαν
2809 1680 2868 1732 οὐ
2905 1678 3266 1750 προσεδέξατο
3296 1680 3324 1731 ὁ
3350 1678 3486 1741 Θεὸς
3515 1677 3671 1729 τοῦδε

2088 1771 2183 1825 τοῦ
2206 1771 2433 1841 κόσμου.
2452 1772 2565 1841 Τὴν
2592 1772 2647 1824 δὲ
2670 1772 3000 1843 ᾑμαγμένην
3030 1772 3345 1842 προσήκατο
3360 1769 3456 1823 τοῦ
3478 1769 3669 1822 Ἅϐελ·

2088 1866 2285 1935 αἵμασι
2334 1865 2440 1937 γὰρ
2475 1866 2657 1936 χαίρει
2705 1867 2733 1918 6
2762 1864 2915 1918 τοῦδε
2961 1862 3056 1918 τοῦ
3110 1863 3318 1933 κόσμου
3362 1864 3669 1932 Δεσπότης.

2088 1951 2258 2020 Οὗτός
2288 1959 2425 2022 ἐστι,
2458 1959 2625 2027 φησὶν
2660 1958 2723 2019 ³³,
2756 1959 2784 2009 6
2822 1958 2880 2008 ὲν
2913 1956 3173 2025 ἐσχάταις
3212 1953 3451 2025 ἡμέραις
3481 1955 3545 2006 ἐν
3573 1956 3669 2008 ἅν·

2089 2045 2305 2118 Θρώπου
2340 2050 2521 2117 μορφῇ
2572 2048 2759 2116 φανεὶς
2786 2047 2845 2098 ὲν
2877 2048 2988 2106 τοῖς
3018 2045 3229 2115 χρόνοις
3270 2042 3542 2115 Ἡρώδου.
3578 2061 3671 2110 γε-

2087 2141 2310 2204 νόμενος
2340 2142 2459 2194 κατ’
2489 2140 2672 2193 εἰκόνα
2712 2139 2907 2210 Ἰωσὴφ
2944 2138 2986 2170 ¹⁸
3013 2138 3105 2192 τοῦ
3143 2139 3500 2209 πεπραμένοι)
3534 2139 3579 2168 ¹⁵
3605 2139 3670 2189 ἐκ

2086 2234 2270 2305 χειρὸς
2295 2234 2561 2302 ἀδελφῶν,
2602 2225 2662 2286 οὗ
2698 2234 2861 2302 μόνου
2901 2233 2942 2263 ⁸⁸
2968 2232 3029 2284 τὸ
3068 2231 3271 2302 ἔνδυμα
3298 2227 3366 2300 ἦν
3396 2230 3667 2283 ποικίλον.

2087 2321 2256 2389 Οὗτός
2286 2328 2421 2390 ἐστι,
2460 2326 2643 2396 φησὶν,
2676 2326 2703 2377 6
2742 2326 2860 2377 κατ’
2885 2323 3072 2376 εἰκόνα
3124 2322 3318 2383 Ἠσαῦ,
3353 2318 3415 2376 οῦ
3446 2322 3547 2375 καὶ
3592 2322 3668 2391 μὴ

2089 2418 2354 2489 παρόντος
2376 2420 2408 2487 ἡ
2435 2417 2594 2487 στολὴ
2616 2415 2927 2485 εὑλόγηται,
2956 2415 3017 2477 ὄς
3044 2416 3145 2468 οὐκ
3170 2414 3389 2481 ἐδέξατο
3416 2415 3478 2477 ⁸⁷,
3507 2415 3668 2483 φησὶ,

2085 2512 2185 2579 τὴν
2208 2508 2542 2579 ἁμϐλυωπδν
2573 2509 2615 2541 ¹⁸
2637 2507 2910 2576 εὐλογίαν,
2943 2508 3057 2560 ἀλλ’
3082 2506 3418 2576 ὲπλούτησεν
3437 2503 3670 2569 ἔξωθεν,

2086 2598 2239 2652 οὐδὲν
2285 2597 2392 2651 ἀπὸ
2436 2596 2531 2649 τοῦ
2583 2596 3048 2666 ἀμϐλυωποῦντες
3090 2595 3292 2657 λαϐὼν,
3346 2586 3407 2646 οὗ
3444 2589 3558 2646 εἶδε
3604 2594 3671 2645 τὸ

2086 2692 2378 2761 πρόσωπον
2414 2692 2454 2722 ¹⁹
2502 2689 2698 2742 Ἰακὼσ
2749 2690 2826 2752 ὠς
2881 2688 2947 2742 ἂν
2996 2688 3095 2741 ἰδοι
3156 2687 3440 2758 ἄνθρωπος
3484 2686 3669 2757 πρόες-

2086 2802 2233 2838 ωπον
2265 2783 2425 2837 Θεοῦ.
2465 2782 2601 2854 Περὶ
2632 2781 2847 2846 τούτου,
2890 2780 3042 2851 φησὶ,
3091 2781 3423 2850 γέγραπται,
3442 2778 3523 2842 ὡς
3558 2781 3672 2833 Νε-

2090 2874 2246 2943 ϐρὼδ
2275 2875 2447 2945 γίγας
2516 2874 2775 2942 κυνηγὸς
2812 2872 3013 2927 ἔναντι
3043 2872 3262 2941 Κιιρίου
3298 2872 3363 2924 ’⁸.
3413 2871 3541 2923 Εἰσὶ
3589 2870 3667 2934 δὲ,

406 2949 489 2992 est
515 2956 739 3010 serpens
778 2943 829 2997 in
868 2944 1079 3001 deserto
1119 2964 1321 3014 aeneus,
1370 2967 1529 3021 quem
1557 2957 1746 3009 statuit
1777 2956 1977 3016 Moses.

2092 2969 2237 3038 φησὶ,
2275 2968 2467 3020 τούτου
2498 2966 2785 3037 ἀντίμιμοι
2813 2965 3030 3029 πολλοὶ,
3056 2963 3301 3018 τοσοῦτοι
3327 2964 3440 3016 ὅσοι
3464 2961 3668 3033 ὤφθη-

406 3029 594 3094 Hujus,
627 3033 817 3102 inquit,
847 3037 1016 3093 solius
1064 3038 1267 3111 elligies
1314 3042 1366 3097 in
1422 3045 1561 3099 ctelo
1591 3057 1849 3116 perpetuo
1898 3060 1981 3104 est

2092 3029 2186 3108 σαν
2212 3029 2270 3108 ἓν
2313 3058 2380 3125 τῇ
2416 3056 2607 3126 ἐρήμῳ
2626 3029 2745 3117 ’τοίς
2784 3056 2921 3117 υἱοῖς
2969 3053 3183 3124 Ἰσραὴλ
3233 3029 3547 3117 δάκνοντες,
3578 3029 3672 3119 ἀφ’

409 3122 754 3196 194-195
792 3128 841 3181 in
876 3129 995 3185 luce
1040 3134 1354 3203 conspicua.
1381 3135 1498 3204 llic,
1526 3138 1720 3207 inquit,
1753 3149 1836 3194 est
1865 3156 1979 3195 ma-

404 3232 566 3282 gnum
594 3220 938 3290 principium,
976 3224 1042 3277 de
1072 3239 1178 3293 quo
1217 3228 1474 3297 scriptum
1508 3241 1610 3285 est.
1637 3230 1713 3285 De
1743 3232 1866 3299 hoc,
1896 3235 1976 3287 in-

402 3310 539 3373 quit,
571 3310 771 3365 dictum
800 3323 879 3366 εει
911 3332 925 3368 :
957 3314 1023 3369 In
1055 3318 1314 3387 principio
1337 3334 1447 3374 erat
1487 3321 1733 3389 Verbum,
1764 3335 1813 3378 et
1851 3326 1979 3380 Ver-

402 3402 524 3452 bum
553 3412 665 3456 erat
695 3406 837 3469 apud
867 3405 1053 3468 Deum,
1077 3421 1125 3461 et
1146 3408 1287 3463 Dens
1309 3423 1422 3465 erat
1456 3411 1703 3468 Verbum.
1731 3415 1845 3470 Hoc
1868 3430 1978 3471 erat

403 3494 456 3544 in
494 3493 748 3563 principio
796 3498 937 3564 apud
992 3499 1177 3554 Deum.
1237 3502 1429 3557 Omnia
1480 3523 1573 3573 per
1618 3507 1789 3575 ipsum
1836 3508 1979 3576 facta

402 3596 606 3648 sunt,“
629 3587 744 3641 sine
784 3588 895 3651 ipso
923 3590 1125 3654 factum
1161 3604 1239 3646 est
1269 3594 1420 3650 nihil.
1454 3595 1607 3660 Quod
1653 3598 1855 3665 factum
1904 3607 1980 3653 est

402 3676 458 3727 in
487 3678 622 3743 ipso,
668 3680 771 3733 vita
806 3691 905 3734 est.
938 3679 993 3735 In
1037 3683 1155 3753 ipso
1204 3696 1407 3753 autem,
1441 3687 1639 3757 inquit,
1688 3689 1795 3744 Eva
1838 3691 1979 3746 facta

404 3776 510 3830 est,
543 3768 650 3821 Eva
683 3782 861 3825 autem
902 3774 1031 3829 vita.
1083 3774 1205 3831 Ha’c
1255 3790 1434 3833 autem
1466 3789 1570 3845 est,
1616 3781 1811 3849 inquit,
1847 3782 1977 3848 Eva,

406 3868 577 3913 mater
625 3863 867 3916 omnium
921 3866 1241 3933 viventium,
1274 3873 1578 3925 communis
1629 3882 1843 3937 natura,
1879 3874 1980 3928 hoc

402 3959 485 4003 est
541 3952 761 4006 deorum
814 3957 1150 4026 angelorum,
1198 3960 1581 4017 immortalium
1646 3966 1977 4032 mortalium,

408 4042 615 4097 ratione
668 4046 972 4100 carentium
1034 4049 1243 4104 ratione
1293 4053 1679 4122 prmditorum;
1711 4071 1834 4109 nam
1885 4058 1979 4127 qui

406 4133 635 4187 omnium
684 4137 839 4203 dixit,
875 4139 1065 4207 inquit,
1112 4142 1353 4195 omnium
1408 4143 1566 4197 dixit.
1601 4144 1668 4198 Et
1709 4146 1753 4200 si
1804 4147 1978 4216 cujus,

405 4225 598 4293 inquit,
629 4226 770 4281 oculi
802 4230 970 4296 beati,
1004 4233 1092 4286 hic
1137 4234 1341 4289 videbit
1386 4236 1639 4291 attollens
1686 4239 1873 4295 oculos
1925 4242 1979 4296 in

2084 3139 2160 3199 ὧν
2190 3146 2458 3220 ἐρρύσατο
2485 3146 2613 3209 τοὺς
2634 3145 3000 3215 δακνομένους
3028 3146 3057 3197 ὁ
3084 3145 3289 3207 τέλειος
3331 3144 3541 3205 ἐκεῖνος
3567 3181 3585 3207 ,
3613 3141 3671 3195 ὃν

2088 3239 2284 3309 ἔστησε
2331 3240 2596 3307 Μωῦσῆς.
2634 3236 2805 3291 Τοῦτό
2863 3239 3001 3301 ἐστι,
3036 3238 3190 3306 φησὶ,
3224 3235 3285 3288 τὸ
3328 3236 3626 3306 εἰρημένον
3654 3252 3668 3263 ·

2086 3333 2198 3387 Kal.
2221 3335 2263 3364 ²¹
2294 3332 2368 3386 ὃν
2392 3334 2622 3401 τρόπον
2652 3333 2696 3363 ²²
2734 3331 2944 3399 ὕψωσε
2981 3328 3241 3397 Μωῦσῆς
3271 3331 3376 3383 τὸν
3406 3329 3552 3397 δέειν
3604 3329 3672 3383 ἐν

2086 3424 2162 3494 τῇ
2200 3424 2399 3495 ἐρήμῳ
2425 3465 2440 3487 ,
2481 3425 2669 3491 οὕτως
2718 3423 3037 3493 ὑψωθῆναι
3086 3422 3185 3477 δεῖ
3228 3424 3336 3476 τὸν
3368 3421 3504 3475 no.-
3564 3422 3673 3476 τοῦ

2085 3514 2419 3582 ἀνθρώπου.
2455 3512 2659 3566 Τούτου
2694 3516 2814 3567 κατ’
2857 3514 3042 3567 εἰκόνα
3068 3514 3291 3583 γέγονεν
3319 3516 3347 3567 6
3369 3513 3495 3583 ὄφις
3518 3516 3581 3568 ἐν
3604 3517 3670 3584 τῇ

2086 3607 2278 3677 ἐρήμῳ
2308 3604 2563 3677 χαλκοῦς,
2598 3606 2656 3659 ὃν
2688 3605 2885 3675 ἔστησε
2918 3606 3181 3676 Μωῦσῆς.
3224 3605 3426 3659 Τούτου
3451 3645 3466 3669 ,
3507 3609 3667 3678 φησί,

2090 3697 2254 3769 μόνου
2302 3697 2362 3750 τὸ
2389 3697 2640 3767 ὁμοίωμα
2670 3696 2746 3769 [ο.
2783 3696 2904 3751 154.
2943 3696 3063 3767 155]
3098 3699 3155 3750 ἐν
3197 3696 3276 3769 τῷ
3328 3697 3553 3768 οὐρανῷ
3582 3700 3672 3751 διὰ

2086 3788 2287 3851 παντός
2318 3789 2465 3840 ἐστιν
2510 3790 2649 3857 φωτὶ
2677 3786 2971 3858 ὁρώμενον.
3006 3784 3192 3852 Οὗτος.
3222 3790 3410 3858 φησὶν,
3456 3792 3614 3843 ἐστὶν
3639 3792 3671 3860 ἡ

2090 3881 2301 3952 μεγάλη
2344 3878 2529 3951 ἀρχὴ,
2579 3880 2708 3951 περὶ
2748 3876 2815 3951 ἧς
2868 3882 3200 3951 γέγραπται.
3250 3882 3387 3951 Περί⁸
3450 3884 3670 3947 τούτου,

2087 3972 2287 4040 φησὶν,
2320 3973 2535 4041 εἴρηται
2560 3987 2573 4001 ·
2617 3972 2721 4024 Ἐν
2764 3969 2923 4039 ἀρχῇ
2957 3972 3001 4002 ³³
3029 3967 3105 4040 ἦν
3152 3974 3185 4025 ό
3223 3972 3416 4039 Λόγος
3441 4013 3455 4036 ,
3505 3972 3611 4025 καί
3640 3976 3675 4026 ὁ

2086 4064 2278 4129 Λόγος
2311 4058 2392 4131 ἦν
2421 4061 2573 4129 πρὸς
2607 4062 2719 4115 τὸν
2748 4063 2894 4115 Θεὸν
2923 4101 2938 4123 ,
2970 4061 3068 4115 καὶ
3104 4062 3246 4128 Θεὸς
3275 4058 3354 4133 ἦν
3390 4064 3422 4115 6
3452 4064 3669 4133 Λόγος.

2089 4150 2280 4221 Οὗτος
2300 4150 2379 4224 ἦν
2408 4154 2479 4207 ἐν
2506 4152 2668 4223 ἀρχῇ
2711 4155 2862 4221 πρὸς
2882 4154 2989 4206 τὸν
3020 4152 3166 4207 Θεὸν
3184 4193 3199 4216 ,
3235 4153 3437 4206 πάντα
3461 4152 3540 4206 δι’
3564 4157 3673 4208 αὐ-

2086 4245 2191 4299 τοῦ
2212 4244 2449 4314 ἐγένετο
2467 4287 2481 4309 ,
2516 4244 2616 4297 καί
2638 4246 2817 4313 χωρὶς
2845 4245 3030 4299 αὐτοῦ
3054 4244 3289 4312 ἐγένετο
3318 4243 3466 4299 οὐδὲ
3493 4246 3568 4298 ἓν
3585 4263 3603 4279 ι
3622 4245 3668 4306 ,ὅ

407 4319 601 4373 caelum
650 4322 919 4390 serpentis
971 4324 1251 4394 pulchram
1329 4328 1618 4397 imaginem
1675 4331 1725 4384 in
1786 4348 1981 4402 magno

2092 4337 2337 4406 γέγονεν
2372 4337 2441 4390 ἐν
2467 4335 2648 4401 αὐτῷ,
2678 4336 2788 4403 ζωή
2817 4338 3009 4391 ἐστιν.
3057 4338 3146 4389 Ἐν
3182 4336 3331 4407 αὑτῷ
3363 4337 3452 4396 δὲ,
3479 4338 3667 4407 φησὶν,

408 4410 667 4481 principio
705 4414 827 4469 cccli
866 4430 985 4471 sese
1030 4428 1329 4473 vertentem
1358 4431 1413 4474 et
1439 4424 1790 4478 exsistentem
1832 4426 1979 4493 prin-

405 4503 603 4573 cipimn
651 4508 828 4562 omnis
883 4520 1058 4565 motus
1109 4513 1362 4568 omnibus
1415 4530 1535 4584 qua:
1584 4516 1742 4583 iiunt,
1791 4528 1846 4573 et
1888 4534 1977 4574 co-

405 4607 629 4667 gnoscet
676 4602 793 4655 sine
829 4601 917 4657 illo
946 4604 1079 4658 nihil
1108 4621 1278 4676 neque
1304 4606 1608 4662 cmlestium
1642 4625 1815 4679 neque
1866 4621 1977 4666 ter-

408 4689 657 4744 restrium
691 4708 866 4761 neque
908 4694 1254 4750 infernalium
1309 4700 1640 4755 constitisse.
1672 4700 1789 4756 Non
1846 4718 1977 4768 nox,

406 4795 511 4835 nou
552 4781 700 4848 luna,
749 4800 853 4839 non
905 4786 1107 4857 fruges,
1145 4805 1247 4843 non
1300 4791 1572 4858 genitura,
1609 4809 1710 4847 non
1752 4794 1975 4862 divitiae,

407 4889 509 4927 non
544 4876 815 4943 migratio,
868 4895 967 4934 nec
1011 4883 1232 4937 omnino
1282 4885 1574 4954 quidquam
1621 4900 1807 4940 eorum
1858 4904 1977 4955 qua:

405 4976 532 5020 sunt
572 4968 800 5023 estsine
828 4971 1191 5039 gubernatore
1236 4975 1347 5030 illo.
1380 4976 1437 5029 ln
1475 4978 1574 5030 hoc
1620 4988 1724 5043 est,
1777 4979 1974 5049 inquit,

406 5074 658 5130 maguum
688 5062 1027 5129 miraculum,
1058 5066 1198 5135 quod
1244 5070 1487 5123 cernitur
1513 5070 1579 5124 iis
1605 5070 1655 5123 in
1691 5070 1849 5134 caelo,
1884 5072 1973 5140 qui

2083 4429 2118 4497 ἡ
2145 4427 2259 4480 Εὔα
2283 4427 2524 4496 γέγονεν,
2554 4429 2585 4497 ἠ
2619 4426 2733 4481 Εὕα
2757 4427 2891 4499 ζωή.
2921 4427 3069 4499 Αῦτη
3110 4428 3188 4493 δὲ,
3230 4429 3425 4498 φησὶν,
3460 4430 3667 4500 ἐστὶνὴ

2084 4518 2220 4586 Εὕα,
2250 4521 2432 4592 μήτηρ
2460 4519 2676 4573 πάντων
2710 4520 2818 4573 τῶν
2852 4519 3087 4585 ζώντων,
3104 4520 3256 4592 κοινὴ
3290 4521 3479 4591 φύσις,
3511 4540 3667 4576 τουτ-

2084 4613 2199 4667 έστι
2261 4611 2398 4666 Θεῶν
2441 4612 2710 4681 ἀγγέλων,
2742 4612 3027 4666 ἀθανάτων
3054 4613 3288 4685 θνητῶν,
3322 4614 3545 4683 ἀλόγων
3580 4616 3665 4667 λο-

2083 4704 2255 4773 γικῶν
2282 4721 2295 4734 ·
2331 4705 2359 4755 ὁ
2404 4703 2511 4773 γὰρ
2535 4703 2811 4766 πάντων,
2854 4703 3020 4774 φησὶν
3044 4744 3058 4765 ,
3101 4702 3270 4755 εἰπὼν
3303 4703 3503 4773 εἴρηκε
3535 4704 3669 4757 πάν-

2082 4814 2191 4850 των
2218 4796 2264 4828 “
2286 4814 2301 4828 ο
2330 4797 2425 4849 καὶ
2472 4797 2526 4849 εἴ
2551 4813 2717 4859 τινος,
2756 4796 2944 4866 φησὶν,
2992 4796 3042 4846 oi
3070 4792 3342 4864 ὀφθαλμοὶ
3377 4795 3665 4865 μακάριοι,

2086 4884 2241 4952 οὗτος
2273 4889 2463 4959 ὄψεται
2497 4887 2808 4956 ἀναϐλέψας
2852 4886 2935 4949 εἰς
2968 4886 3059 4939 τὸν
3086 4885 3317 4956 οὐρανὸν
3361 4885 3463 4939 τοῦ
3494 4886 3667 4955 ὄφεως

2085 4981 2186 5050 τὴν
2218 4981 2389 5051 καλὴν
2436 4978 2623 5034 εἰκόνα
2670 4982 2726 5032 ὲν
2752 4981 2818 5050 τῇ
2863 4977 3078 5049 μεγάλῃ
3128 4978 3269 5047 ἀρχῇ
3300 4975 3399 5029 τοῦ
3434 4975 3666 5049 οὐρανοῦ

2089 5073 2463 5143 στρεφομένην
2503 5074 2598 5127 καὶ
2644 5070 2939 5142 γινομένην
2969 5070 3145 5141 ἀρχὴν
3175 5069 3360 5141 πάσης
3397 5071 3667 5141 κινήσεως

1674 5223 1913 5278 ἾΑΒΙιΕ
1948 5224 2347 5285 LECTIONES.

475 5351 497 5383 "
524 5351 645 5423 ὄφις
687 5351 838 5423 ὄφεις
866 5353 928 5408 C.

408 5422 450 5454 “
491 5422 572 5476 Cf.
611 5423 629 5477 l
668 5423 799 5479 Mus.
838 5441 910 5487 tv,
936 5426 1021 5479 15.

408 5492 469 5545 C.
546 5493 589 5524 ¹⁸
629 5495 787 5561 μόνον
825 5495 899 5557 C,
930 5495 1001 5549 M'.

1128 5428 1169 5459 ¹¹
1200 5428 1284 5481 Cf.
1324 5429 1343 5480 1
1382 5426 1514 5481 Mos.
1543 5445 1613 5492 Iv,
1646 5432 1766 5485 5-5.
1879 5432 1923 5464 ¹³

1039 5354 1061 5385 ⁸
1092 5354 1175 5429 ει.
1212 5357 1431 5429 “Mos.
1479 5375 1550 5420 tv,
1611 5360 1732 5421 2-4,
1796 5361 1876 5426 l7,
1927 5377 1978 5417 c.
2030 5379 2126 5429 vn,
2184 5362 2336 5418 9-15.

1958 5434 2120 5502 φασίν
2149 5432 2211 5498 C,
2248 5433 2317 5487 M.

1105 5495 1260 5573 "_Cf.
1353 5498 1489 5551 Mos.
1521 5515 1725 5573 _xx_vn,
1770 5500 1843 5573 15
1868 5495 1990 5571 sqq.
2070 5502 2113 5534 ¹⁸
2140 5495 2490 5573 ἀμϐλυωπόν.
2528 5502 2611 5558 Cf.
2658 5503 2674 5556 l
2716 5503 2850 5557 Mos.
2889 5518 3063 5560 xxvn,
3100 5502 3150 5556 1.

2440 5364 2555 5416 ’έν
2614 5379 2724 5417 om.
2789 5363 2851 5418 C.
2955 5362 2998 5393 '°
3025 5359 3109 5414 Cf.
3172 5362 3193 5414 Ι
3248 5360 3383 5415 Mos.
3446 5365 3666 5422 "1.1-7.

2423 5432 2468 5465 ¹¹⁵
2497 5433 2631 5503 (31.1
2672 5432 2803 5487 Mos.
2840 5433 2928 5495 58,
2963 5432 3119 5503 5-28.
3196 5433 3239 5463 ¹⁸
3274 5436 3672 5503 πεπραγμένου

3252 5502 3298 5534 ¹⁹
3332 5504 3418 5557 Cf.
3465 5504 3480 5556 Ι
3515 5502 3666 5557 Mos.

414 5577 616 5643 1X9"...
662 5563 938 5643 IUj‘Eit'Soy
964 5566 1025 5643 τό
1054 5567 1346 5643 Ξτρόσωπόν
1369 5586 1481 5643 σου2
1505 5570 1667 5643 ὼςᾶν
1695 5588 1778 5634 τις
1810 5563 2222 5643 ἰδοιίτὶρόσωπον
2258 5573 2401 5629 Θεοῦ.
2443 5573 2488 5603 ¹⁰
2520 5574 2539 5627 1
2570 5573 2698 5628 Mos.
2737 5589 2790 5633 κ,
2820 5575 2854 5626 9
2875 5613 2891 5637 ,
2926 5573 3014 5643 u_bi
3047 5573 3289 5643 ὲναντίον
3310 5588 3412 5642 pro
3444 5574 3645 5643 ἔναντι.

413 5632 456 5714 ζ’
491 5632 838 5714 inlita-.011);
880 5632 1119 5714 Μωῦσῆς
1168 5636 1381 5714 ὗεῙιωσεν
1435 5638 1526 5714 τὸν
1563 5640 1684 5709 ὄφιν
1730 5632 2148 5714 -ἐ-μὰνθρὶῦπου.

399 5697 535 5768 ’1-4.
609 5701 655 5733 ’δ
683 5700 871 5773 εἴρηκε
901 5697 1134 5761 πάντων.
1166 5697 1354 5778 εἴρηκε
1375 5707 1582 5765 τούτων
1608 5697 1771 5782 ’θυεμ
1801 5711 1868 5765 Μ.

2248 5644 2347 5698 καὶ
2385 5642 2507 5699 καθ’
2543 5643 2614 5699 Μ..
2730 5644 2776 5676 ³³
2805 5644 2899 5700 Ev.
2940 5640 3096 5700 Joan.
3134 5658 3213 5708 ttt,
3251 5640 3342 5698 HI.
3376 5643 3423 5675 ³³
3444 5642 3605 5700 Joan.
3630 5659 3675 5710 ι,
