3804 6220
115 326 247 391 3175
464 312 471 317 ’
1209 321 1506 382 CONTRA
1544 322 1909 382 HJERESES
1942 323 2088 382 LIB.
2129 325 2173 383 v
3212 324 3350 390 3176

111 440 241 490 πᾶσι
290 435 417 501 ’τοῖς⁵
446 432 753 502 γινομένοις
780 471 795 495 ,
835 431 929 485 καὶ
973 428 1239 500 γνώσεται
1283 432 1329 462 ³⁸
1378 433 1460 485 ὅτι
1512 439 1673 503 χωρὶς

1792 445 2005 502 possunt
2033 449 2274 488 cernere.
2306 434 2516 488 Etenim
2557 438 2621 490 ad
2670 453 2936 492 summum
2993 437 3108 505 eius
3168 448 3349 507 caput.

108 528 268 583 αὑτοῦ
304 526 500 600 [οὐδὲν]
552 527 597 557 ³⁸
632 524 757 579 οὒτε
791 525 899 577 τῶν
937 524 1204 594 οὐρανίων
1253 523 1376 577 οὔτε
1406 525 1515 578 τῶν
1552 526 1673 575 ἐπι-

107 621 263 688 γείων
294 622 414 699 οὔτε
469 621 578 675 τῶν
615 621 984 691 καταχθονίων
1033 620 1359 692 συνέστηκεν
1404 637 1416 650 ·
1453 622 1513 673 οὐ
1553 620 1670 685 νὺξ,

107 716 162 766 οὐ
195 714 413 784 σελήνη,
449 715 509 766 οὑ
552 714 775 783 καρποὶ,
812 714 872 765 οὐ
909 712 1121 779 γένεσις
1146 754 1160 779 ,
1192 718 1252 769 οὺ
1294 714 1542 777 πλοῦτος,
1573 714 1671 784 οὐχ

105 804 400 874 ὁδοιπορία,
427 804 536 858 οὐδ’
568 805 702 867 ὅλως
732 822 784 858 τι
815 805 923 857 τῶν
952 804 1122 860 ὄντων
1189 808 1305 859 ἐστὶ
1334 807 1459 877 δίχα
1516 806 1875 876 σημαίνοντος

1778 527 1921 597 quod
1955 527 2184 580 maxime
2233 527 2546 580 incredibile
2593 539 2675 583 est
2713 531 2776 583 iis
2823 534 2910 599 qui
2951 532 3218 593 nesciunt,
3251 532 3350 583 mi-

1779 630 1990 672 scentur
2022 630 2069 670 et
2106 635 2322 672 occasus
2350 630 2398 672 et
2437 629 2581 673 ortus
2612 622 2849 679 invicem.
2891 622 3001 676 Hoc
3027 633 3129 688 est,
3154 622 3219 675 de
3245 633 3351 687 quo

1779 712 1913 764 dixit
1945 712 2270 780 ignorantia,
2302 713 2351 763 in
2384 714 2543 766 cmlo.

1965 803 2196 858 ἐκείνου.
2247 805 2370 857 Ἐπὶ
2419 805 2633 865 τούτου,
2668 807 2678 876 1
2712 806 2896 875 φησιν,
2966 806 3086 858 ἐστὶ
3115 806 3176 857 τὸ
3210 806 3352 875 μέγα

108 895 290 965 θαῦμα
342 893 616 965 ὁρώμενον
675 896 733 947 ἐν
782 894 862 965 τῷ
909 894 1123 967 οὐρανῷ
1179 900 1292 961 τοῖς
1343 897 1661 966 δυναμένοις
1704 896 1851 949 ἰδεῖν.
1884 894 2046 947 Κατά
2087 896 2216 965 γάρ,
2250 897 2402 966 φησὶ,
2469 897 2671 969 ταύτην
2704 900 2801 968 τὴν
2852 898 3026 966 ἄκραν
3056 897 3219 950 αὑτοῦ
3253 896 3351 962 τὴν

109 984 380 1055 κεφαλὴν,
413 985 549 1054 ὅπερ
575 984 791 1037 πάντων
820 986 1174 1057 ἀπιστότερον
1197 990 1307 1051 τοῖς
1365 988 1463 1039 οὐκ
1495 986 1682 1052 εἰδόσι,
1718 988 2041 1057 μίσγονται
2078 987 2124 1017 ’⁷
2170 985 2347 1052 δύσις
2422 1006 2486 1041 τε
2538 990 2636 1042 καὶ
2690 990 2956 1057 ἀνατολὴ
3029 988 3350 1055 ἀλλήλαις.

108 1076 361 1129 Τουτέστι
395 1077 523 1146 περὶ
546 1070 606 1130 οὗ
634 1072 788 1130 εἶπεν
818 1078 850 1147 ἡ
884 1079 1128 1145 ἀγνωσία
1154 1095 1167 1109 ³
1213 1078 1316 1132 Ἐν
1339 1078 1592 1147 οὐρανῷ·

158 1188 470 1243 Εἰλεῖται¹⁸
485 1189 639 1258 μέγα
654 1189 849 1259 θαῦμα
865 1190 1106 1259 Δράκων
1129 1191 1348 1246 δεινοῖο
1370 1190 1659 1259 πελώρου.

118 1301 485 1372 Ἐκατέρωθεν
510 1301 565 1354 δὲ
592 1301 755 1355 αὐτοῦ
787 1304 833 1334 ’θ
860 1303 1269 1374 παρατέτακται
1296 1304 1564 1373 Στέφανος
1582 1305 1675 1355 καὶ

109 1394 295 1464 Λύρα,
333 1394 427 1447 καὶ
472 1394 590 1446 κατ’
629 1393 797 1466 αὐτὴν
830 1394 1036 1448 ἀνωθεν
1084 1396 1182 1468 τὴν
1226 1396 1465 1467 κεφαλὴν
1499 1397 1673 1465 ἄκραν

109 1487 336 1548 ἐλεεινὸς
370 1484 649 1556 ἄνθρωπος
669 1526 683 1550 ,
716 1488 744 1539 6
783 1487 871 1539 Ἐν
918 1487 1140 1555 γόνασιν
1193 1488 1341 1540 ἐστιν
1374 1487 1672 1559 ὁρώμενος,

174 1597 481 1665 Δεξιτεροῦ
524 1596 710 1667 ποδὸς
751 1596 938 1667 ἀκρον
965 1600 1123 1668 ἔχων
1145 1599 1190 1630 ³ο
1241 1598 1509 1691 σκολιοῖο
1532 1598 1676 1667 Δρά-

1330 1686 1564 1735 κοντος.

113 1781 270 1835 Κατὰ
302 1782 355 1836 δὲ
406 1783 498 1837 τδν
530 1783 697 1837 νῶτον
730 1784 824 1837 τοῦ
887 1784 974 1836 Ἐν
1020 1785 1244 1851 γόνασίν
1273 1785 1426 1838 ἐστιν
1478 1785 1676 1855 ἀτελὴς

106 1876 232 1941 δφις
263 1874 605 1945 ἀμφοτέραις
648 1878 768 1938 ταῖς
798 1876 957 1946 χερσὶ
984 1876 1418 1947 κατεσφιγμένος
1448 1877 1553 1930 ὑπὸ
1584 1879 1678 1931 τοῦ

120 1966 423 2037 Ὀφιούχου,
460 1968 554 2021 καὶ
576 1966 921 2038 κωλυόμενος
947 1969 1257 2037 ἐφάψασθαι
1285 1969 1381 2022 τοῦ
1414 1969 1679 2038 στεφάνου

106 2059 516 2129 παρακειμένου
549 2058 627 2130 τῷ
651 2059 840 2130 τελείῳ
871 2060 1011 2129 ὄφει.

177 2150 265 2214 ιζ’.
298 2149 448 2220 Αὕτη
479 2152 513 2221 ή
542 2152 915 2223 παμποίκιλος
956 2154 1117 2220 σοφία
1150 2155 1251 2221 τῆς
1280 2152 1323 2184 ³²
1368 2155 1681 2223 Περατικῆς

109 2244 399 2312 αἱρέσεως,
435 2245 501 2314 ἢν
530 2243 764 2307 ἐξειπεῖν
807 2246 987 2297 πᾶσαν
1014 2245 1295 2315 δυσχερὲς,
1318 2245 1489 2309 οὕτως
1518 2242 1681 2300 οὖσαν

107 2334 331 2388 σκολιὰν
390 2336 478 2389 διὰ
535 2336 596 2389 τὸ
641 2336 705 2389 ὲκ
750 2336 852 2406 τῆς
906 2338 1301 2409 ἀστρολογικῆς
1344 2338 1517 2391 δοκεῖν
1565 2356 1682 2391 συν-

103 2428 346 2483 εστάναι.
374 2429 525 2483 Καθὸ
550 2426 640 2485 οὖν
669 2430 890 2484 δυνατὸν
909 2426 998 2500 ἦν,
1020 2431 1086 2483 δι’
1104 2430 1298 2497 ὀλίγων
1309 2432 1488 2483 πᾶσαν
1512 2431 1683 2499 αὐτῆς

105 2522 207 2591 τὴν
232 2521 466 2593 δύναμιν
514 2523 891 2593 ἐκτεθείμεθα.
930 2524 1046 2576 Ἵνα
1074 2523 1131 2576 δὲ
1160 2523 1227 2576 δι’
1273 2522 1350 2594 [ν.
1378 2522 1680 2594 155-157]

104 2613 378 2683 ἐπιτομῆς
399 2614 498 2685 τὴν
526 2616 708 2667 πᾶσαν
737 2615 914 2667 αὐτῶν
948 2614 1172 2684 γνώμην
1200 2614 1511 2685 ὲκθὼμεθα,
1538 2615 1685 2666 δοκεῖ

104 2705 425 2776 προσθεῖναι
475 2707 667 2760 ταῦτα.
707 2708 862 2760 ’Ἔστι
893 2709 1011 2760 κατ’
1046 2709 1245 2771 αὐτοὺς
1277 2708 1320 2739 ³¹
1351 2708 1411 2761 τὸ
1438 2710 1547 2761 πᾶν
1578 2725 1683 2760 πα·-

102 2798 232 2865 τὴρ,
264 2797 398 2860 υἱὸς,
424 2796 528 2867 ὕλη
558 2813 571 2826 ⁸
598 2797 801 2850 τούτων
836 2798 943 2850 τῶν
965 2799 1131 2868 τριῶν
1162 2799 1391 2851 ἕκαστον
1423 2798 1683 2868 ἀπείρους

106 2889 226 2957 ἔχει
274 2887 533 2956 δυνάμεις
575 2891 633 2942 ὲν
667 2889 862 2959 ἑαυτῷ,
900 2889 1201 2953 Καθέζεται
1237 2884 1330 2943 οὖν
1368 2890 1531 2960 μέσος
1580 2889 1683 2958 τῆς

104 2976 244 3048 ὕλης
279 2978 374 3030 καὶ
407 2976 498 3031 τοῦ
547 2978 756 3049 πατρὸς
789 2981 817 3033 6
863 2978 1007 3044 υἱὸς,
1056 2982 1085 3033 6
1134 2979 1289 3048 λόγος
1313 3021 1328 3044 ,
1360 2983 1387 3032 6
1426 2982 1552 3049 ὄφις
1596 2981 1683 3033 ἀεὶ

103 3070 428 3141 κινούμενος
460 3071 597 3142 πρὸς
625 3072 883 3144 ἀκίνητον
913 3072 1003 3125 τὸν
1034 3074 1248 3141 πατέρα
1296 3074 1393 3127 καὶ
1423 3073 1682 3143 κινουμέ-

103 3178 207 3231 νην
239 3163 343 3232 τὴν
396 3161 559 3232 ὓλην,
614 3164 704 3216 καί
735 3180 864 3216 ποτε
914 3164 1010 3233 μὲν
1063 3165 1355 3235 στρέφεται
1410 3166 1547 3238 πρὸς
1587 3166 1682 3219 τὸν

105 3254 345 3326 πατέρα,
377 3254 469 3308 καὶ
506 3254 874 3325 ἀναλαμϐάνει
914 3255 1013 3318 τάς
1041 3256 1295 3326 δυνάμεις
1320 3260 1396 3321 εἰς
1434 3259 1493 3311 τὸ
1519 3257 1686 3328 πρόσο

103 3364 260 3400 ωπον
307 3345 521 3411 ἑαυτοῦ,
560 3346 841 3401 ἀναλαϐὼν
869 3348 951 3401 δὲ’
978 3350 1077 3412 τάς
1105 3349 1364 3419 δυνάμεις
1395 3350 1683 3420 στρέφεται

105 3440 250 3510 πρὸς
279 3440 378 3510 τὴν
409 3439 562 3511 ὓλην,
597 3441 693 3493 καὶ
726 3442 759 3513 ἡ
789 3440 887 3512 ὕλη
914 3441 1102 3505 ἄποιος
1134 3436 1272 3495 οὖσα
1304 3442 1400 3494 καὶ
1432 3442 1686 3513 ἀσχημά-

103 3549 292 3596 τιστος
324 3532 653 3587 ὲκτυποῢται
682 3531 695 3605 ι
726 3534 822 3598 τὰς
847 3535 993 3597 ἰδέας
1016 3533 1123 3587 ἀπὸ
1143 3532 1237 3587 τοῦ
1261 3532 1400 3599 υἱοῦ,
1432 3532 1497 3596 ἃς
1524 3536 1551 3586 6
1573 3533 1685 3596 υίὸς

105 3625 221 3679 ἀπὸ
255 3625 353 3680 τοῦ
391 3626 598 3697 πατρὸς
643 3627 981 3682 ὲτυπώσατο.
1028 3625 1387 3680 Ἑκτυποῦται
1424 3626 1481 3679 δὲ
1530 3626 1558 3677 ὁ
1588 3625 1687 3694 μὲν

106 3719 232 3783 υίὸς
257 3718 367 3772 ἀπὸ
394 3718 487 3773 τοῦ
533 3720 741 3789 πατρὸς
770 3721 1023 3791 ἀρῥήτως
1052 3718 1148 3771 καὶ¹
1183 3718 1396 3779 ἀλάλως
1426 3717 1523 3769 καὶ
1552 3717 1689 3785 ἀμε-

104 3810 419 3873 ταστάτως,
444 3808 616 3872 οὕτως
655 3809 729 3872 ὥς
759 3826 892 3880 φησι
924 3808 1163 3876 Μωῦσῆς
1201 3807 1311 3861 ἀπὸ
1334 3806 1443 3860 τῶν
1476 3806 1687 3877 ῥάϐδων

106 3901 223 3954 τῶν
252 3900 365 3955 ἀπὸ
395 3900 505 3954 τῶν
540 3901 906 3972 ποτιστηρίων
962 3899 1284 3971 ῥερευκέναι
1318 3898 1386 3951 τὰ
1416 3898 1687 3968 χρώματα

105 3993 223 4046 τῶν
276 3991 776 4061 ἑγκεκισσημένων.
824 3989 1053 4059 Ὁμοίως
1091 3988 1135 4040 δ’
1185 3985 1253 4042 αὖ
1308 3990 1402 4041 καὶ
1450 3990 1558 4041 ἀπὸ
1594 3987 1688 4041 τοῦ

105 4084 233 4139 υἱοῦ
285 4084 377 4136 ἐπὶ
408 4085 506 4154 τὴν
554 4082 686 4153 ὓλην
727 4081 1045 4153 ῥερευκέναι
1079 4080 1177 4144 τάς
1239 4079 1496 4148 δυνάμεις
1549 4078 1691 4132 κατά

105 4178 173 4230 τὸ
204 4175 519 4245 ὲγκίσσημα
553 4173 653 4244 τῆς
706 4174 987 4243 δυνάμεως
1038 4172 1138 4241 τῆς
1187 4171 1296 4224 ἀπὸ
1326 4170 1434 4224 τῶν
1479 4170 1690 4240 ῥάϐδων

104 4269 209 4320 ἐπὶ
239 4266 310 4320 τὰ
339 4264 780 4336 ἐγκεκισσημένα
802 4278 817 4294 ⁸
850 4265 883 4333 ἡ
904 4262 961 4316 δὲ
990 4264 1228 4335 διαφορά
1253 4263 1361 4316 τῶν
1383 4262 1691 4332 χρωμάτων

1901 1186 2133 1240 Volvitur
2161 1203 2407 1257 magnum
2434 1188 2746 1240 miraculum
2769 1190 2925 1241 draco
2956 1191 3351 1255 vastiportenli.

1779 1301 1860 1354 Ab
1892 1311 2119 1368 utraque
2151 1312 2331 1354 autem
2368 1313 2519 1368 parte
2536 1304 2780 1370 apposita
2813 1311 2895 1356 est
2930 1319 3128 1357 corona
3152 1316 3206 1358 et
3240 1304 3353 1374 lyra

1780 1406 1834 1449 et
1886 1396 1952 1448 ad
1995 1396 2171 1465 ipsum
2222 1411 2455 1462 superne
2495 1412 2764 1449 summum
2815 1408 2979 1464 caput
3027 1398 3353 1453 miserabilis

1782 1487 1963 1551 homo,
1996 1485 2088 1556 qui
2117 1497 2200 1543 est
2235 1486 2286 1541 in
2316 1490 2578 1555 gentibus,
2610 1499 2692 1541 est
2722 1491 3069 1556 conspicuus,

1853 1598 2037 1652 Dextri
2058 1599 2204 1666 pedis
2233 1611 2518 1654 extremum
2552 1601 2745 1653 habens
2794 1602 2958 1671 juxta
2996 1614 3200 1657 vastum
3226 1605 3355 1659 dra-

3076 1671 3300 1744 [conem.

1778 1782 1859 1837 Ad
1891 1782 2108 1836 dorsum
2140 1790 2317 1834 autem
2348 1781 2486 1849 ejus,
2515 1784 2603 1852 qui
2653 1784 2704 1837 in
2734 1786 2977 1853 genubus
3013 1796 3122 1851 est,
3155 1787 3356 1856 imper-

1782 1877 1951 1931 fectus
1970 1886 2053 1931 est
2082 1890 2328 1945 serpens,
2354 1879 2616 1933 ambabus
2643 1882 2890 1936 manibus
2921 1883 3254 1937 constrictus
3286 1885 3355 1938 ab

1779 1970 2048 2038 ophiucho
2081 1979 2136 2024 et
2169 1971 2473 2039 prohibitus
2498 1972 2763 2039 attingere
2793 1988 3049 2027 coronam
3093 1977 3353 2043 adjacen-

1782 2070 1888 2116 tem
1918 2059 2153 2130 periecto
2183 2064 2440 2131 serpenti.

1852 2154 1939 2206 17.
1993 2152 2119 2207 Haec
2164 2156 2411 2223 pervarie
2459 2155 2724 2225 sapientia
2764 2157 2987 2212 haeresis
3052 2157 3350 2223 Peraticze,

1780 2260 1939 2313 quam
1977 2247 2191 2299 edicere
2230 2246 2537 2300 universam
2574 2249 2802 2303 arduum
2833 2260 2936 2309 est,
2986 2259 3093 2303 tam
3132 2266 3352 2321 pravam

1781 2336 1947 2398 illam,
1982 2336 2107 2404 quia
2155 2351 2221 2390 ex
2266 2337 2656 2405 astrologorum
2694 2348 2815 2393 arte
2861 2340 3076 2392 videtur
3120 2341 3349 2394 deducta

1782 2444 1921 2483 esse.
1973 2428 2244 2493 Quantum
2291 2430 2455 2497 igitur
2490 2430 2605 2483 ﬁeri
2651 2441 2887 2499 poterat,
2919 2432 3109 2501 paucis
3136 2447 3352 2487 omnem

1782 2519 1889 2569 vim
1937 2517 2055 2583 eius
2098 2520 2467 2587 exposuimus.
2497 2519 2567 2574 Ut
2599 2530 2779 2574 autem
2822 2536 2921 2588 per
2973 2522 3351 2590 compendium

1787 2610 2137 2681 196-197
2167 2627 2382 2666 omnem
2420 2627 2605 2666 eorum
2658 2614 2957 2667 doctrinam
3000 2615 3352 2683 explicemus,

1782 2704 1958 2773 placet
1996 2704 2195 2757 addere
2245 2705 2378 2759 haec.
2412 2705 2505 2759 Est
2553 2709 2849 2761 secundum
2890 2707 3011 2762 illos
3041 2709 3350 2762 universum

1794 2803 1969 2863 pater,
2005 2793 2169 2854 ﬁlius,
2210 2796 2458 2850 materia.
2489 2794 2689 2849 Horum
2740 2798 2897 2850 trium
2941 2798 3359 2867 unumquodque

1793 2883 2038 2936 intinitas
2086 2884 2249 2937 habet
2278 2896 2576 2953 potestates
2617 2888 2672 2941 in
2704 2902 2842 2941 sese.
2897 2886 3158 2942 Consedit
3191 2889 3357 2959 igitur

1788 2974 1996 3026 medius
2033 2973 2173 3027 inter
2206 2978 2491 3028 materiam
2528 2986 2581 3031 et
2612 2986 2816 3046 patrem
2847 2976 3010 3041 lilius,
3044 2976 3218 3047 logus,
3243 2992 3359 3031 ser-

1785 3080 1938 3133 pens,
1972 3080 2185 3135 semper
2221 3082 2340 3121 sese
2381 3082 2603 3122 movens
2648 3069 2713 3121 ad
2747 3069 3024 3123 immotmn
3059 3079 3264 3137 patrem
3305 3081 3359 3125 et

1784 3171 1904 3211 sese
1934 3166 2237 3212 moventem
2265 3159 2568 3222 materiam,
2601 3169 2655 3212 et
2694 3160 2984 3228 aliquando
3029 3159 3261 3214 vertitur
3289 3163 3355 3215 ad

1784 3259 1990 3316 patrem
2039 3257 2093 3303 et
2145 3249 2340 3316 recipit
2390 3258 2682 3317 potestates
2730 3250 2782 3303 in
2836 3265 3119 3318 personam
3167 3266 3355 3316 suam;

1785 3351 2067 3409 postquam
2100 3351 2280 3395 autem
2317 3342 2517 3410 recepit
2546 3350 2864 3409 potestates,
2884 3344 3115 3396 vertitur
3145 3345 3210 3397 ad
3245 3359 3359 3397 ma—

1786 3432 1997 3497 teriam,
2028 3442 2084 3486 et
2111 3432 2362 3493 materia,
2398 3447 2588 3487 carens
2614 3432 2875 3502 qualitate
2908 3443 2961 3487 et
2994 3433 3181 3502 figura,
3212 3434 3264 3487 in
3296 3450 3359 3489 se

1783 3525 1987 3593 ellingit
2031 3525 2182 3579 ideas
2212 3540 2241 3577 a
2286 3525 2418 3589 lilio,
2466 3540 2601 3593 quas
2644 3525 2785 3578 [ilius
2819 3541 2848 3578 a
2892 3534 3045 3595 patre
3079 3525 3130 3578 in
3172 3540 3233 3579 se
3279 3525 3360 3579 ef-

1788 3616 1963 3672 ﬁnxit.
2006 3617 2295 3685 Efﬁngitur
2339 3628 2519 3671 autem
2571 3617 2713 3671 ﬁlius
2744 3633 2772 3670 a
2816 3629 2970 3688 patre
3018 3617 3361 3672 ineﬂ‘abiliter

1788 3720 1843 3765 et
1874 3710 2196 3765 invocaliter
2238 3720 2292 3764 et
2341 3710 2685 3764 intransitive
2711 3709 2793 3765 sic
2840 3712 2915 3763 uti
2949 3710 3079 3762 dicit
3120 3708 3296 3763 Moses
3328 3724 3359 3763 a

1786 3802 1953 3871 virgis
1977 3816 2042 3853 ex
2080 3799 2377 3869 potisteriis
2403 3799 2713 3867 conspicuis
2742 3799 2957 3854 ﬂuxisse
2985 3799 3197 3853 colores
3231 3814 3360 3853 con-

1787 3902 2064 3959 ceptormn
2112 3891 2340 3945 fetuum.
2375 3890 2641 3945 Similiter
2676 3901 2859 3946 autem
2894 3907 3086 3947 rursus
3127 3894 3288 3947 etiam
3329 3908 3359 3946 a

1791 3983 1898 4037 itlio
1933 3983 1985 4035 in
2033 3983 2315 4037 materiam
2348 3982 2569 4037 ﬂuxisse
2600 3992 2897 4053 potestates
2928 3985 2993 4037 ad
3028 3986 3197 4039 instar
3224 3985 3362 4040 infe-

1801 4075 2024 4129 tationis
2054 4075 2340 4141 potestatis
2367 4090 2485 4140 qua?
2522 4076 2858 4130 redundabat
2879 4092 2906 4130 a
2938 4078 3108 4146 virgis
3145 4079 3210 4131 ad
3233 4094 3362 4133 con-

1790 4176 1979 4234 ceptus
2008 4165 2170 4219 fetus.
2206 4164 2516 4220 Diﬂerentia
2558 4176 2737 4220 autem
2771 4166 3013 4221 colorum
3048 4177 3102 4222 et
3123 4169 3361 4224 dissimi-

1792 4258 1983 4323 litudo,
2018 4273 2136 4326 qua:
2170 4256 2323 4312 ﬂuxit
2354 4273 2382 4310 a
2419 4258 2581 4327 virgis
2609 4272 2707 4327 per
2750 4274 2919 4327 aquas
2950 4260 3017 4313 ad
3052 4276 3205 4324 oves,
3256 4260 3361 4315 dif-

106 4361 211 4412 καὶ
244 4361 280 4428 ἡ
312 4356 632 4426 ἀνομοιότης
663 4358 902 4425 ῥεύσασα
931 4354 1038 4407 ἀπὸ
1061 4354 1168 4406 τῶν
1216 4352 1425 4424 ῥάϐδων
1454 4351 1541 4403 διὰ
1577 4350 1673 4403 τῶι

1793 4351 2044 4415 ferentia,
2094 4350 2297 4419 inquit,
2346 4351 2710 4419 generationis
2756 4358 2840 4405 est
2882 4351 3128 4407 mortalis
3174 4360 3228 4406 et
3254 4353 3359 4406 im-

107 4450 327 4503 ὑδάτων
371 4449 465 4502 ἐπὶ
507 4449 576 4500 τά
623 4446 876 4519 πρόϐατα
910 4446 1182 4516 διαφορὰ,
1216 4444 1369 4515 φησὶ,
1416 4443 1684 4514 γενέσεώς

108 4545 239 4596 ἐστι
275 4540 522 4612 φθαρτῆς
552 4542 645 4595 καὶ
686 4540 1002 4611 ἀφθάρτου·
1038 4538 1239 4608 μᾶλλον
1275 4538 1334 4590 δὲ
1358 4537 1545 4607 ὥσπερ
1581 4538 1687 4601 ζω-

106 4633 352 4705 γραφῶν
376 4632 483 4685 ἀπὸ
506 4631 614 4684 τῶν
645 4631 797 4696 ζώων
827 4630 990 4701 μηδὲν
1024 4627 1423 4699 ἀφαιρούμενος
1451 4629 1515 4696 τῇ
1550 4643 1687 4696 γρα-

107 4726 232 4796 φίδι
265 4725 446 4788 πάσας
470 4724 563 4777 ἐπὶ
595 4724 686 4776 τὸν
714 4724 916 4777 πίνακα
955 4721 1251 4792 μεταφέρει
1293 4719 1392 4783 τὰς
1420 4720 1562 4780 ἰδέας
1590 4720 1688 4786 ἐγ·-

106 4820 369 4888 γράφων,
401 4815 572 4880 οὕτως
599 4816 628 4866 6
674 4814 787 4879 υἱὸς
810 4817 876 4885 τῇ
905 4800 1137 4883 δυνάμεῖ
1155 4815 1220 4882 τῇ
1251 4809 1440 4865 ἑαυτοῦ
1461 4810 1568 4863 ἀπὸ
1591 4808 1686 4862 τοῦ

108 4909 331 4980 πατρὸς
359 4909 452 4961 ἐπὶ
474 4907 573 4978 τὴν
604 4905 734 4975 ὓλην
757 4906 881 4967 τοὺς
914 4904 1212 4973 πατρικοὺς
1249 4902 1542 4972 μεταφέρει
1585 4917 1684 4970 χα-

114 5000 423 5071 ρακτῆρας.
453 4999 638 5052 Ἔστιν
679 4991 770 5049 οὖν
798 4995 975 5049 πάντα
1004 4993 1071 5047 τὰ
1109 4990 1353 5062 πατρικά
1386 4991 1570 5043 ἐνθάδε
1595 4990 1688 5042 καὶ

109 5091 296 5143 οὐδέν.
328 5092 391 5142 Εἰ
419 5090 526 5159 γάρ
558 5106 662 5151 τις,
689 5087 871 5157 φησιν,
905 5082 1178 5155 ἐξισχύσει
1207 5084 1315 5136 τῶν
1348 5081 1537 5135 ἐνθάδε
1583 5098 1685 5135 κα-

108 5179 450 5252 τανοηθῆναι
476 5180 521 5211 ³³
553 5180 635 5231 ὅτι
675 5177 794 5230 ἔστι
830 5177 876 5209 ³⁸
903 5173 1166 5246 πατρικὸς
1196 5173 1447 5245 χαρακὴρ
1487 5172 1691 5227 ἄνωθεν

1797 4444 2063 4497 mortalis.
2097 4442 2285 4497 Potius
2314 4453 2490 4497 autem
2525 4444 2666 4498 sicut
2692 4443 2917 4514 pingens
2940 4444 3008 4499 ab
3041 4446 3362 4501 animalibus

1794 4535 1927 4590 nihil
1956 4535 2205 4591 auferens
2232 4536 2371 4606 stylo
2393 4551 2581 4590 omnes
2608 4536 2663 4590 in
2685 4536 2918 4592 tabulam
2951 4538 3210 4591 transfert
3236 4552 3361 4607 spe-

1787 4628 1898 4683 cies
1942 4627 2304 4688 inscribendo,
2357 4627 2428 4681 ita
2482 4627 2623 4681 ﬁlius
2674 4637 2945 4697 potestate
2980 4644 3074 4682 sua
3127 4628 3296 4697 ipsius
3328 4644 3361 4683 a

1788 4730 1942 4791 patre
1985 4721 2050 4774 ad
2080 4719 2361 4773 materiam
2395 4729 2650 4788 paternas
2684 4720 2943 4775 transfert
2991 4730 3167 4776 notas.
3223 4719 3363 4775 Sunt

1789 4812 1952 4881 igitur
1979 4813 2157 4866 omnia
2208 4821 2435 4880 paterna
2487 4812 2597 4877 hic,
2634 4827 2733 4867 nec
2780 4813 3096 4882 quidquam.
3129 4811 3265 4866 Nam
3314 4813 3361 4867 si

1790 4905 1932 4972 quis,
1963 4903 2154 4971 inquit,
2192 4902 2391 4958 valebit
2419 4918 2631 4967 eorum,
2683 4904 2773 4973 qui
2818 4904 2906 4958 hic
2952 4913 3101 4968 sunt,
3138 4917 3362 4974 perspe-

1792 4994 1937 5048 xisse
1976 5003 2254 5062 paternam
2294 5008 2351 5047 se
2391 5009 2511 5049 esse
2547 5005 2729 5049 notam
2763 4994 2994 5064 desuper
3044 4996 3360 5051 translatam

1794 5085 1919 5149 huc,
1952 5086 2304 5148 incarnatam,
2338 5086 2492 5155 quasi
2533 5086 2909 5156 gravidatione
2965 5086 3304 5142 redundante
3330 5102 3361 5141 a

1796 5176 1968 5245 virga,
2003 5177 2182 5231 album
2203 5177 2330 5247 quid
2363 5177 2535 5233 factus
2566 5187 2672 5244 est,
2704 5177 2946 5245 ejusdem
2987 5187 3197 5233 natura:
3236 5193 3359 5234 cum

1420 5305 1653 5361 VARIIE
1690 5305 2085 5363 LECTIONES.

199 5449 245 5480 ³⁸
268 5448 361 5500 καὶ
384 5447 668 5516 γνώσεται.
693 5442 928 5516 γνὼσετε
954 5445 1017 5509 C,

1040 5443 1418 5520 γνώσεται
1469 5442 1515 5477 ’⁸
1544 5445 1929 5520 οὐδὲν-οῐῐιέψϐι
2000 5448 2043 5481 ’τ
2071 5444 2153 5520 Ci.
2187 5446 2334 5520 Arat.
2355 5462 2405 5500 ν.
2435 5447 2503 5501 62
2530 5456 2583 5520 et
2612 5463 2770 5517 supra
2797 5451 3361 5520 ρ.11ϐ,95’;Μίσγον-

114 5536 217 5592 ται
240 5514 420 5592 δύσιές
441 5534 499 5569 τε
535 5518 629 5569 καὶ
651 5515 866 5592 ἀντρλαὶ
892 5514 1256 5592 ἀλλήλῃσινθξ
1275 5515 1357 5592 (ξι.
1394 5514 1551 5592 Arat.
1574 5531 1622 5569 v.
1652 5515 1721 5568 46
1748 5533 1762 5567 :
1786 5518 2019 5592 Εἰλεῖται
2051 5516 2415 5592 μέγα-θαῦμα,
2446 5514 2693 5592 Δράκων,
2727 5514 2861 5592 Εἰσί
2878 5522 2927 5592 τέ
2953 5514 3095 5592 ἀμφί
3118 5524 3167 5575 τ’
3183 5514 3363 5590 ὲαγὼς

117 5589 359 5657 Μυρίος,
386 5600 439 5641 ει
463 5602 631 5657 supra
652 5601 705 5654 p.
736 5585 857 5657 116,
893 5585 963 5657 84
994 5582 1023 5641 ι’
1048 5582 1207 5657 Μέγα
1233 5584 1418 5655 θαῦμα
1447 5585 1750 5657 Δράκοντος
1774 5587 2019 5656 πελώρου
2052 5582 2063 5588 ⁷
2094 5582 2142 5618 ’⁸⁷
2164 5587 2247 5640 Cf.
2290 5582 2449 5657 supra
2483 5582 2534 5656 ί).
2568 5587 2691 5651 118,
2720 5582 2807 5638 12.

2904 5591 2952 5623 ³⁸
2988 5591 3147 5663 ποδὸς
3191 5593 3362 5663 ἀκρον

118 5654 465 5734 ἔχειριοιυε
492 5654 665 5734 γζΑἹΟ,
700 5654 856 5734 ποδὸς
879 5654 1176 5734 ἴχνος-ἔχων
1196 5654 1355 5734 supra
1380 5670 1431 5722 p.
1469 5654 1595 5721 116,
1621 5655 1704 5734 1-1.
1765 5656 1822 5734 _'_‘
1841 5654 1953 5734 τῆς
1972 5672 2081 5734 o_m.
2123 5656 2199 5734 C_._
2251 5657 2308 5734 _'_’
2328 5656 2411 5713 Cf.
2438 5657 2459 5711 ι
2484 5654 2621 5715 Mos.
2670 5674 2799 5725 xxx,
2827 5659 2895 5716 57
2922 5677 3044 5734 sqq.
3122 5654 3167 5695 ³³
3199 5654 3363 5719 διαίτα-

120 5723 407 5799 νὸηθῆναι,
433 5726 526 5781 καὶ
557 5723 874 5797 ὲννοηθῆναι
899 5723 963 5796 C,
1002 5723 1412 5798 ὡςὶννοηθῆναι
1437 5740 1581 5797 susp.
1621 5724 1690 5781 M.
1764 5727 1815 5802 ³³,
1838 5723 1972 5782 ἐστί.
1994 5726 2221 5795 totum,
2251 5724 2319 5781 Μ.
2783 5723 2791 5725 ’
2969 5723 2983 5734 ’
3006 5723 3021 5733 ’
3236 5745 3240 5750 '
