3804 6220
109 279 238 349 3179

176 389 492 460 ιθ¹.¹Ὶδωμεν
517 385 612 444 οὖν
640 392 692 445 τί
721 392 969 462 λέγουσιν
984 392 1550 461 οἱΣηθιανοί.Τούτοις
1571 392 1659 443 δο-
1693 403 1736 456 Α

112 482 243 536 xei"
256 482 362 536 τῶν
386 481 524 535 ὅλων
549 477 686 536 εἶναι
703 486 852 554 τρεῖς
877 485 1049 555 ἀρχάς
1074 485 1532 555 περιωρισμένας,
1555 482 1676 535 ἐκά-

108 591 198 643 την
211 574 269 627 δὲ
288 573 396 626 τῶν
417 573 600 644 ἀρχῶν
614 575 878 646 ἀπείρους
895 575 1038 645 ἔχειν
1060 577 1612 646 δυνάμεις.Δυνάμεις
1626 575 1674 607 ’⁵³

107 665 149 718 δ’
165 664 208 696 ⁵⁸
230 663 409 718 αὐτῶν
426 664 777 736 λεγόντωνίρ.
803 665 922 719 158.
949 665 1066 737 159]
1087 667 1386 734 λογιζέσθω
1417 669 1444 720 ὁ
1462 666 1674 719 ἀκούων

108 756 258 810 τοῦτο
316 757 512 820 αὐτοὺς
538 757 746 826 λέγειν’
781 759 896 810 Πᾶν
923 759 948 810 ὃ
974 776 1025 811 τι
1048 762 1226 830 νοήσει
1259 760 1492 822 ἐπινοεῖς
1521 758 1553 827 ἢ
1585 759 1676 811 καὶ

109 837 466 920 παραλείπεις
499 850 572 921 μὴ
609 851 820 922 νοηθὲν,
848 852 1006 904 τοῦτο
1049 852 1251 922 ἑκάστη
1287 851 1328 882 ⁸¹
1359 851 1466 904 τῶν
1488 850 1674 919 ἀρχῶν

108 942 313 1010 πέφυκε
349 941 601 1010 γενέσθαι
636 982 650 1004 ,
699 943 773 1006 ὡς
813 946 868 995 ὲν
899 943 1214 1014 ἀνθρωπίνῃ
1255 944 1298 974 ⁸³
1333 943 1477 1012 ψυχῇ
1526 944 1677 995 πᾶσα

107 1034 320 1104 ἡτισοῦν
365 1035 410 1066 ⁸³
439 1034 796 1107 διδασκομένη
826 1036 987 1106 τέχνη
1007 1052 1021 1064 ·
1055 1035 1238 1098 οἱονεὶ,
1272 1037 1422 1104 φησὶ,
1451 1037 1676 1104 γενήσε-

105 1143 192 1178 ται
222 1125 273 1156 ⁸⁸
302 1125 461 1178 τοῦτο
479 1126 541 1179 τὸ
564 1128 778 1180 παιδίον
808 1129 1066 1198 αὐλητὴς,
1101 1129 1417 1197 έγχρονίσαν
1447 1126 1672 1196 αὐλητῇ,

105 1215 136 1286 ἢ
162 1217 495 1288 γεωμέτρης
515 1219 832 1289 γεωμέτρῃ,
864 1217 1239 1289 γραμματικῷ
1266 1219 1674 1287 γραμματικὸς,

104 1308 306 1361 τέκτων
327 1309 559 1371 τέκτονι,
587 1311 678 1362 καὶ
710 1314 828 1371 ταῖς
857 1311 1042 1372 ἄλλαις
1080 1311 1315 1372 ἀπάσαις
1337 1312 1560 1378 τέχναις
1586 1312 1676 1378 ἐγ-

107 1400 205 1468 γὺς
234 1401 520 1471 γινόμενον
542 1401 745 1464 ὁμοίως
773 1402 1133 1471 συμὸἠσεται.
1165 1402 1230 1453 Δί
1252 1400 1308 1452 δὲ
1337 1401 1442 1452 τῶν
1467 1401 1670 1470 ἀρχῶν,

105 1494 288 1563 φησὶν,
331 1493 510 1546 οὐσίαι
540 1493 654 1562 φῶς
693 1493 788 1546 καὶ
823 1496 1042 1555 σκότος’
1078 1493 1282 1546 τούτων
1345 1492 1402 1544 δέ
1430 1493 1577 1559 ἐστιν
1618 1495 1676 1544 ὲν

106 1583 256 1654 μέσῳ
286 1584 502 1655 πνεῦμα
529 1585 790 1655 ἀκέραιον
813 1602 826 1614 °
858 1584 918 1637 τὺ
939 1585 996 1637 δὲ
1024 1585 1242 1652 πνεῦμα
1269 1585 1332 1636 τὸ
1362 1586 1371 1654 |
1402 1582 1675 1651 τεταγμέ-

104 1692 191 1728 νον
223 1678 284 1729 ὲν
316 1677 468 1746 μέσῳ
495 1675 590 1728 τοῦ
632 1676 860 1738 σκότους
881 1715 896 1740 ,
925 1677 1063 1747 ὅπερ
1091 1679 1210 1728 ἐστὶ
1236 1677 1384 1729 κάτω
1404 1715 1418 1738 ,
1453 1677 1547 1728 καὶ
1569 1674 1665 1726 τοῦ

106 1767 302 1838 φωτὸς,
325 1769 462 1840 ὅπερ
487 1770 634 1822 ἐστὶν
656 1771 788 1831 ἀνω,
814 1770 914 1822 οὐκ
950 1769 1066 1822 ἐστι
1098 1769 1334 1838 πνεῦμα,
1367 1769 1444 1832 ὡς
1470 1769 1674 1835 ἀνέμου
1708 1743 1749 1798 Β

105 1859 237 1929 ῥιπὴ
273 1859 376 1930 ⁶⁵ἢ
408 1859 577 1931 λεπτή
633 1877 718 1923 τις
753 1859 894 1931 αὔρα
925 1861 1178 1932 νοηθῆναι
1221 1862 1522 1930 δυναμένη,
1563 1859 1675 1911 ἀλλ’

104 1950 266 2003 οἱονεὶ
300 1950 476 2024 μύρου
519 1969 602 2015 τις
637 1952 781 2022 ὀσμὴ
813 1953 845 2022 ἢ
879 1953 1226 2023 θυμιάματος
1265 1955 1330 2005 ἐκ
1371 1952 1677 2015 συνθέσεως

103 2044 615 2114 κατεσκευασμένου
661 2046 854 2117 λεπτὴ,
888 2045 1198 2099 διοδεύουσα
1223 2044 1452 2114 δύναμις
1478 2044 1671 2096 ἀνεπι-

104 2135 278 2204 νοήτῳ
303 2135 409 2187 τινὶ
430 2136 524 2188 καὶ
555 2136 823 2204 κρείττονι
852 2136 885 2206 ἢ
913 2136 1056 2206 λόγῳ
1081 2136 1227 2189 ἐστιν
1269 2137 1511 2201 ἐξειπεῖν
1537 2135 1678 2206 φορᾷ

104 2224 333 2289 εὐωδίας
362 2225 433 2281 ⁵⁸.
470 2227 687 2297 Ἐπειδη
712 2227 770 2280 δὲ
802 2229 846 2260 ⁵⁷
875 2227 988 2280 ἀνω
1010 2229 1129 2280 ἐστὶ
1161 2227 1223 2280 τὸ
1259 2226 1374 2295 φῶς
1400 2229 1496 2280 καὶ
1528 2227 1678 2279 κάτω

106 2314 210 2389 [τὸ]
242 2318 458 2381 σκότος,
484 2319 580 2372 καὶ
606 2319 838 2384 τούτων,
861 2319 937 2382 ὡς
958 2318 1113 2390 ἔφην,
1138 2319 1378 2373 τοιοῦτον
1402 2306 1605 2391 τρόπον
1632 2319 1677 2350 ⁸⁹

106 2409 275 2478 μέσον
296 2408 357 2462 τὸ
376 2409 616 2480 πνεῦμα,
643 2409 704 2462 τὸ
720 2410 776 2462 δὲ
798 2410 914 2478 φῶς
944 2410 987 2441 ⁷ο
1014 2411 1223 2478 πέφυκε
1248 2409 1500 2481 καθάπερ
1522 2409 1678 2472 ἀκτὶς

103 2499 258 2569 ἡλίου
283 2500 327 2531 ⁷¹
360 2499 564 2553 ἄνωθεν
587 2499 886 2570 ἐλλάμπειν
908 2503 953 2532 ⁷²
978 2501 1058 2563 εἰς
1083 2501 1145 2552 τὸ
1169 2500 1528 2569 ὑποκείμενον
1552 2500 1678 2552 σκό-

100 2609 216 2658 τος,
249 2593 517 2646 ἀνάπαλιν
555 2593 612 2646 δὲ
660 2596 694 2665 ἡ
750 2593 846 2646 τοῦ
889 2594 1199 2663 πνεύματος
1253 2592 1450 2645 εὐωδία
1506 2592 1678 2661 μέσην

101 2683 306 2754 ἔχουσα
332 2684 379 2715 ⁷³
406 2685 558 2749 τάξιν
590 2686 890 2738 ἐκτείνεται
921 2685 1013 2738 καὶ
1042 2686 1267 2755 φέρεται
1296 2682 1544 2752 πανταχῆ
1566 2722 1580 2745 ,
1603 2681 1680 2744 ὡς

100 2778 195 2828 ὲπὶ
225 2777 336 2830 τῶν
367 2778 425 2831 ἐν
466 2778 602 2849 πυρὶ
627 2777 994 2848 θυμιαμάτων
1023 2777 1120 2847 τὴν
1165 2777 1393 2830 εὐωδίαν
1425 2773 1678 2844 πανταχῆ

101 2871 412 2940 φερομένην
443 2868 836 2940 ἐπεγνώκαμεν
853 2885 865 2897 ·
902 2868 1157 2939 τοιαύτης
1184 2868 1240 2920 δὲ
1267 2867 1431 2936 οῠσης
1457 2866 1559 2936 τῆς
1586 2865 1680 2917 δυ-

97 2961 326 3031 νάμεως
384 2961 490 3014 τῶν
548 2962 890 3034 διῃρημένων
953 2963 1000 2992 ”
1055 2961 1298 3031 τριχῶς,
1363 2959 1454 3012 τοῦ
1513 2958 1678 3011 πνεύ-

1225 287 1523 347 CONTRA
1561 285 1924 347 HERESES
1964 287 2108 348 LIB.
2145 288 2210 348 V.

3201 278 3341 342 3180

1838 393 1923 446 l9.
1982 393 2275 447 Videamus
2315 392 2501 461 igitur,
2537 390 2663 459 quid
2707 392 2880 445 dicant
2931 388 3199 443 Sethiani.
3246 391 3340 444 llis

1779 485 1951 554 placet
1978 485 2215 538 universi
2243 499 2363 537 esse
2383 484 2486 537 tria
2522 482 2781 551 principia
2809 481 3102 549 descripta,
3132 481 3341 550 singula

1776 586 1956 631 autem
1988 577 2250 646 principia
2289 576 2524 630 infinitas
2559 574 2908 644 200-201
2946 575 3145 628 habere
3195 583 3344 643 putes

1777 678 1967 723 states.
2017 669 2149 721 Cum
2205 676 2382 720 autem
2420 673 2718 736 potestates
2758 667 2962 727 dicunt,
3007 674 3217 732 reputet
3249 665 3343 732 qui

1776 763 1924 815 audit
1964 763 2064 816 hoc
2110 776 2201 816 eos
2241 761 2423 815 dicere
2467 778 2480 813 :
2513 759 2883 827 Quodcunque
2902 758 3207 826 cognitione
3251 774 3342 812 co—

1776 855 2030 924 gnoscis,
2084 853 2168 908 vel
2215 852 2355 907 forte
2406 852 2778 920 praetermittis
2828 851 3191 920 incognitum,
3243 851 3346 904 hoc

1777 945 2197 1014 unumquodque
2234 944 2626 1013 principiorum
2660 943 2778 996 ﬁeri
2813 951 3010 1010 potest,
3046 951 3104 994 ut
3153 941 3205 993 in
3242 941 3344 994 hu-

1780 1051 1935 1090 mana
1964 1037 2145 1088 anima
2173 1035 2350 1089 omnis
2383 1049 2505 1102 quze
2533 1031 2760 1086 docetur
2789 1047 2901 1096 ars,
2931 1031 3114 1093 veluti,
3147 1031 3343 1101 inquit,

1779 1127 1976 1180 evztdet
2027 1129 2111 1180 hic
2147 1126 2327 1180 infans
2357 1126 2558 1180 tibicen
2605 1140 2702 1194 per
2732 1133 2942 1194 tempus
2971 1139 3100 1177 usus
3130 1123 3346 1176 institu-

1780 1220 1923 1273 tione
1959 1218 2218 1283 tibicinis,
2250 1227 2343 1270 aut
2369 1226 2645 1286 geometra
2677 1224 2987 1285 geometrae,
3012 1214 3344 1284 grammatici

1777 1311 2182 1379 grammaticus,
2211 1307 2361 1362 faber
2394 1307 2552 1370 fabri,
2587 1315 2641 1361 et
2677 1307 2728 1358 in
2752 1317 3067 1360 exterarum
3098 1305 3344 1359 omnium

1778 1401 1976 1472 artium
2000 1401 2331 1455 consortium
2368 1398 2634 1452 adductus
2670 1398 2921 1451 similiter
2951 1397 3124 1450 cadet.
3190 1396 3346 1450 Prin-~

1777 1493 2040 1559 cipiorum
2091 1501 2294 1553 autem,
2353 1490 2548 1560 inquit,
2596 1499 2803 1542 naturae
2846 1488 2935 1541 lux
2989 1495 3044 1541 et
3089 1489 3346 1554 tenebrm,

1778 1584 1972 1637 harum
2026 1595 2204 1636 autem
2265 1581 2624 1636 intermedius
2678 1580 2902 1648 spiritus
2957 1581 3348 1649 impermistus.

1779 1675 2014 1745 Spiritus
2041 1685 2221 1728 autem
2259 1674 2612 1728 intermedius
2643 1674 2852 1742 positus
2893 1674 3032 1725 inter
3069 1673 3338 1732 tenebras.

1777 1781 1898 1834 qnze
1926 1777 2049 1820 sunt
2100 1767 2267 1829 infra,
2301 1775 2355 1820 et
2388 1765 2584 1831 lucem,
2623 1781 2744 1835 quae
2775 1774 2856 1818 est
2907 1779 3090 1834 supra,
3117 1781 3220 1818 non
3266 1775 3350 1818 est

1779 1858 2003 1926 spiritus
2045 1859 2269 1911 utvettti
2307 1857 2388 1910 vis
2418 1867 2511 1910 aut
2551 1857 2727 1912 tenuis
2753 1858 2999 1924 quaedam
3048 1872 3200 1918 aura,
3231 1871 3350 1924 qua:

1778 1951 1968 2003 sentiri
2020 1958 2216 2019 potest,
2255 1949 2348 2004 sed
2379 1958 2633 2018 tanquam
2668 1950 2924 2018 unguenti
2963 1948 3180 2016 quidam
3219 1949 3352 2001 odor

1776 2043 1859 2095 vel
1892 2041 2176 2096 suflimenti
2201 2053 2269 2096 cx
2298 2042 2526 2095 mistura
2547 2040 2816 2104 fabricati,
2843 2040 3038 2102 tenuis,
3065 2055 3350 2108 permeans

1778 2144 2018 2204 potestas
2050 2133 2352 2188 insensibili
2382 2132 2616 2202 quadam
2651 2143 2706 2186 et
2733 2131 3145 2195 vehementiori,
3189 2147 3348 2199 quam

1777 2240 1896 2294 qua:
1920 2225 2096 2278 verbis
2124 2225 2478 2295 exprimatur,
2507 2224 2560 2277 vi
2586 2225 2947 2278 odoramenti.
2999 2223 3349 2292 Quandoqui-

1776 2317 1896 2371 dem
1925 2328 2104 2371 autetn
2136 2331 2296 2386 supra
2325 2326 2408 2371 est
2433 2319 2522 2371 lux
2552 2326 2606 2369 et
2636 2316 2772 2370 infra
2809 2317 3044 2371 tenebrre
3076 2327 3129 2370 et
3158 2317 3347 2370 harum

1781 2410 2162 2474 intertnedius,
2195 2420 2253 2464 ut
2279 2411 2547 2473 dicebam,
2593 2409 2645 2462 in
2684 2411 2826 2462 hunc
2857 2411 3072 2463 modum
3104 2410 3348 2478 spiritus,

1779 2502 1868 2556 lux
1913 2511 2091 2556 autem
2129 2503 2201 2556 ita
2250 2510 2374 2555 nata
2426 2513 2531 2565 est,
2575 2513 2634 2556 ut
2678 2513 2935 2571 tanquam
2992 2504 3174 2556 radius
3220 2501 3348 2555 Solis

1778 2593 2005 2660 desuper
2034 2591 2312 2646 illucescat
2343 2591 2396 2644 in
2429 2593 2702 2660 subjectas
2735 2594 3005 2656 tenebras,
3043 2609 3229 2646 rursus
3252 2609 3348 2644 an-

1780 2692 1889 2739 tem
1927 2683 2149 2753 Spiritus
2181 2684 2613 2748 odorameutum,
2648 2685 2882 2738 medium
2931 2695 3118 2739 tenens
3149 2685 3346 2750 locum,

1779 2777 2110 2843 expanditur
2161 2785 2214 2830 et
2259 2774 2433 2829 fertur
2464 2776 2515 2828 in
2545 2790 2734 2830 omnes
2780 2788 2984 2845 partes,
3036 2787 3094 2830 ut
3125 2778 3173 2830 in
3206 2777 3350 2830 sulli-

1779 2867 1978 2921 mentis
2011 2866 2118 2936 igni
2153 2866 2420 2936 impositis
2459 2867 2871 2920 odorameutum
2915 2869 2966 2921 in
2997 2884 3185 2922 omnes
3229 2863 3352 2936 pa'r-

1781 2967 1862 3012 tes
1894 2973 2014 3012 sese
2049 2957 2355 3013 diffundens
2391 2961 2772 3027 cognovimus;
2803 2987 2869 2998 —-
2897 2975 3019 3013 cum
3053 2962 3161 3014 hcce
3189 2960 3351 3030 igitur

99 3070 278 3123 ματος
327 3053 421 3106 καί
458 3053 552 3106 τοῦ
595 3055 775 3124 φωτὸς
823 3053 958 3125 ὁμοῦ
1001 3056 1038 3125 ἡ
1069 3054 1296 3123 δύναμίς
1337 3054 1486 3106 ἐστιν
1514 3056 1569 3105 ἐν
1598 3051 1676 3120 τῷ

1782 3050 1853 3103 sit
1885 3059 2122 3116 potestas
2159 3049 2422 3103 trifariam
2454 3051 2746 3103 divisorum
2777 3051 3201 3120 principiorum:
3227 3052 3342 3119 Spi-

98 3146 292 3200 σκότει
319 3146 397 3217 τῷ
429 3149 474 3178 ⁷⁵
513 3148 756 3201 κάτωθεν
781 3148 960 3201 αὐτῶν
999 3147 1336 3217 τεταγμένῳ.
1367 3147 1438 3198 Τὸ
1459 3146 1516 3198 δὲ
1548 3146 1676 3198 σκό-

93 3253 189 3300 τος
222 3235 372 3308 ὓδωρ
402 3237 519 3290 ἐστὶ
548 3237 798 3309 φοϐερὸν,
852 3241 933 3301 είς
958 3238 986 3290 ὃ
1015 3240 1391 3292 κατέσπασται
1420 3238 1515 3290 καὶ
1551 3252 1678 3307 μετ-

93 3328 387 3397 ενήνεκται
409 3328 488 3390 εἰς
520 3328 616 3397 τὴν
643 3327 895 3398 τοιαύτην
930 3327 1090 3397 φύσιν
1137 3329 1274 3397 μετά
1305 3327 1397 3380 τοῦ
1433 3331 1678 3397 πνεύμα-

93 3437 189 3482 τος
230 3419 296 3472 τὺ
327 3420 462 3488 φῶς.
492 3419 564 3472 Τὸ
596 3421 652 3473 δὲ
685 3423 873 3483 σκότος
902 3421 1165 3474 ἀσύνετον
1214 3422 1313 3474 οὐκ
1349 3422 1518 3484 ἔστιν,
1543 3421 1679 3473 ἀλλά

93 3510 366 3581 φρόνιμον
403 3510 700 3574 παντελῶς,
745 3514 838 3564 καὶ
879 3509 1018 3565 οἶδεν
1042 3515 1087 3544 ⁷⁸
1117 3515 1197 3567 ὅτι
1229 3555 1242 3580 ,
1276 3513 1341 3566 ἂν
1371 3512 1589 3583 ἀπαρθῇ
1618 3511 1678 3564 τὸ

95 3603 218 3669 φῶς
257 3603 368 3656 ἀπὸ
397 3603 490 3655 τοῦ
522 3605 762 3668 σκότους,
804 3606 954 3674 μένει
984 3605 1043 3657 τὸ
1071 3608 1258 3669 σκότος
1284 3605 1381 3676 ἕρη
1391 3622 1508 3674 μον,
1534 3606 1646 3672 ἀφα
1665 3631 1676 3637 -

92 3694 228 3761 νὲς,
260 3695 545 3766 ἀλαμπὲς,
582 3695 891 3766 ἀδύναμον,
936 3697 1242 3768 ἄπρακτον,
1285 3696 1533 3758 ἀσθενές.
1585 3694 1676 3746 Διὸ

92 3787 254 3863 πάσῃ
302 3788 563 3859 φρονήσει
598 3790 692 3841 καὶ
744 3788 961 3840 συνέσει
1007 3789 1253 3857 βιάζεται
1291 3788 1544 3856 κατέχειν
1596 3788 1676 3850 εἰς

87 3881 266 3933 ἑαυτὸ
295 3880 339 3912 ⁷⁷
363 3880 462 3950 τὴν
485 3881 804 3950 λαμπηδόνα
824 3883 918 3933 καὶ
948 3880 1038 3933 τὸν
1065 3879 1340 3950 σπινθῆρα
1371 3883 1416 3911 ⁷⁸
1440 3879 1533 3933 τοῦ
1559 3898 1674 3948 φω-

85 3974 188 4038 τὸς
227 3970 371 4042 μετὰ
419 3971 517 4039 τῆς
555 3971 649 4023 τοῦ
692 3970 1002 4041 πνεύματος
1040 3971 1286 4034 εὐωδίας.
1329 3972 1436 4024 Καὶ
1465 3971 1675 4024 τούτων

87 4063 252 4116 ἐστιν
325 4062 459 4116 ἰδεῖν
513 4066 611 4132 τῆς
668 4064 886 4132 φύσεως
943 4063 1132 4117 εἰκόνα
1190 4065 1330 4116 κατὰ
1386 4064 1674 4132 πρόσωπον

87 4149 428 4222 ἀνθρώπου,
502 4151 670 4222 κόρην
730 4151 1030 4222 ὀφθαλμοῦ,
1097 4152 1379 4221 σκοτεινὴν
1437 4152 1502 4203 ὲκ
1567 4149 1674 4203 τῶν

89 4246 486 4314 ὑποκειμένων
550 4245 796 4306 ὑδάτων,
875 4244 1295 4313 πεφωτισμένην
1360 4241 1659 4312 πνεύματι.

87 4337 172 4409 [ρ.
209 4334 519 4406 159-141]
562 4335 648 4397 Ὠς
697 4329 788 4387 οὖν
834 4332 1196 4401 ἀντιΙποιεῖται
1240 4333 1300 4386 τὸ
1345 4334 1534 4397 σκότος
1578 4333 1676 4403 τῆς

1782 3143 1917 3194 ritus
1963 3151 2016 3194 et
2064 3141 2198 3194 lucis
2229 3142 2388 3195 simul
2438 3152 2676 3210 potestas
2707 3153 2790 3197 est
2835 3143 2886 3195 in
2926 3144 3163 3197 tenebris
3207 3146 3346 3197 intra

1780 3234 1893 3301 ipsa
1925 3234 2133 3300 positis.
2165 3233 2423 3288 Tenebrae
2450 3243 2630 3288 autem
2661 3245 2788 3289 sunt
2810 3251 2948 3304 aqua
2979 3237 3254 3300 terribilis,
3287 3238 3339 3290 in

1779 3342 1937 3394 quam
1962 3329 2180 3395 derepta
2205 3338 2286 3380 est
2311 3337 2364 3380 et
2397 3328 2656 3381 translata
2687 3331 2738 3381 in
2759 3329 2917 3382 talem
2951 3339 3194 3383 naturam
3228 3347 3347 3383 cum

1779 3419 1972 3488 spiritu
2009 3419 2119 3471 lux.
2153 3417 2412 3473 Tenebras
2448 3430 2624 3474 autem
2658 3432 2835 3475 mente
2866 3436 2970 3474 non
3015 3432 3222 3484 carent,
3256 3423 3347 3476 sed

1780 3509 2017 3575 praedita:
2064 3523 2287 3578 prorsus
2323 3521 2468 3574 sunt,
2514 3521 2566 3564 et
2619 3523 2836 3576 norunt,
2875 3514 2962 3566 ubi
2999 3516 3351 3569 abstrahatur

1781 3599 1869 3652 lux
1917 3616 1946 3654 a
1989 3601 2246 3664 tenebris,
2303 3619 2522 3656 manere
2578 3603 2830 3660 tenebras
2881 3607 3172 3668 desolatas,
3233 3610 3350 3663 sine

1779 3695 1918 3759 luce,
1955 3695 2072 3749 sine
2101 3695 2406 3764 Splendore,
2437 3697 2554 3750 sine
2581 3697 2654 3757 vi,
2684 3697 2800 3751 sine
2827 3697 3084 3764 efﬁcacia,
3122 3700 3346 3760 debiles.

1777 3787 2115 3855 Quapropter
2165 3787 2310 3839 eunti
2360 3788 2566 3840 ratione
2611 3797 2663 3840 et
2704 3789 3031 3853 cogitatione
3101 3792 3345 3844 nituntur

1778 3880 2056 3933 continere
2085 3878 2136 3932 in
2168 3894 2288 3933 sese
2305 3879 2644 3947 splendorem
2673 3889 2726 3934 et
2745 3880 3028 3934 scintillam
3061 3882 3194 3936 lucis
3223 3898 3344 3937 cum

1778 3973 2002 4042 spiritus
2046 3973 2420 4027 odoratnento.
2459 3973 2521 4026 Et
2557 3973 2747 4025 horum
2789 3984 2871 4027 est
2912 3975 3097 4028 videre
3143 3987 3349 4031 natura:

1780 4067 2062 4137 imaginem
2105 4067 2158 4119 in
2203 4067 2338 4121 facie
2375 4067 2631 4130 hominis,
2684 4068 2936 4136 pupillam
2981 4069 3141 4134 oculi,
3181 4080 3349 4124 tene-

1779 4162 1993 4213 brosam
2038 4175 2101 4213 ex
2131 4161 2535 4228 subjacentibus
2576 4160 2751 4227 aquis,
2799 4161 3118 4214 illustratam
3165 4162 3348 4232 202-

1777 4252 1936 4322 203
1965 4253 2174 4320 spiritu.
2206 4251 2372 4306 Sicuti
2403 4251 2566 4322 igitur
2586 4262 2864 4306 sectantur
2894 4255 3128 4307 tenebrat
3157 4259 3340 4322 splen-

1779 4347 1986 4403 dorem.
2023 4353 2083 4394 ut
2129 4342 2363 4395 habeant
2409 4343 2698 4397 scintillam
2751 4343 3076 4397 servientem
3125 4355 3180 4398 et
3223 4361 3346 4399 cer-

85 4426 466 4498 λαμπηδόνος,
509 4427 592 4479 ἵνα
636 4427 736 4500 ἔχῃ
769 4426 862 4480 τὸν
905 4425 1174 4494 σπινθῆρα
1218 4425 1536 4477 δουλεύοντα
1580 4424 1674 4477 καὶ

1785 4441 1936 4496 nant,
1968 4431 2040 4484 ita
2072 4440 2315 4484 sectatur
2345 4431 2434 4485 lux
2469 4443 2522 4485 et
2549 4433 2776 4502 Spiritus
2812 4444 3133 4502 potestatem
3167 4438 3248 4489 sui
3275 4439 3348 4505 ip-

86 4525 280 4595 βλέπῃ
302 4523 370 4587 ⁸⁰,
401 4521 571 4585 οὕτως
600 4523 953 4574 ἀντιποιεῖται
985 4519 1046 4571 τὸ
1080 4519 1193 4588 φῶς
1239 4519 1329 4571 καὶ
1358 4517 1419 4570 τὸ
1457 4515 1674 4586 πνεῦμα

81 4616 195 4686 τῆς
231 4615 516 4685 δυνάμεως
544 4614 642 4682 τῆς
675 4613 912 4666 ἑαυτῶν·
946 4614 1040 4665 καὶ
1069 4612 1389 4665 σπεύδουσιν
1420 4608 1550 4682 ἆραι
1581 4627 1675 4663 και

82 4703 540 4773 ἀνακομίσασθαι
573 4704 707 4774 πρὸς
749 4703 946 4766 ἑαυτὰς
971 4705 1012 4736 ⁸³
1050 4705 1148 4766 τὰς
1199 4701 1544 4773 μεμιγμένας
1577 4703 1674 4754 αὐ-

79 4794 209 4848 τῶν
259 4794 517 4866 δυνάμεις
563 4797 641 4858 εἰς
679 4795 742 4848 τὸ
791 4795 1148 4869 ὑποκείμενον
1202 4794 1344 4868 ὕδωρ
1401 4794 1675 4846 σκοτεινὸν

1782 4538 1988 4588 sorum,
2018 4531 2072 4577 et
2103 4523 2352 4576 nituntur
2381 4524 2571 4577 tollere
2608 4537 2661 4578 et
2694 4527 2935 4594 recipere
2975 4529 3041 4580 ad
3091 4544 3209 4583 sese
3252 4532 3346 4583 mi-

1780 4624 1891 4669 stas
1909 4615 2149 4683 ipsorum
2177 4624 2472 4682 potestates
2499 4616 2552 4668 in
2579 4618 2946 4686 suhjacentent
2980 4636 3172 4688 aquam
3199 4632 3346 4676 tene-

1781 4706 1994 4759 brosam
2053 4716 2108 4760 et
2162 4707 2479 4760 terribilem.
2539 4707 2742 4763 Omnes
2811 4721 2991 4764 autem
3053 4721 3345 4779 potestates

1782 4799 1941 4852 trium
1976 4797 2383 4871 principiorum,
2417 4813 2538 4868 quae
2566 4807 2692 4853 sunt
2713 4817 2941 4858 numero
2974 4803 3230 4859 inlinities
3254 4802 3343 4858 in-

1390 4953 1629 5010 VARIIE
1665 4949 2068 5010 LECTIONES.

163 5148 218 5181 ⁸³
259 5145 345 5201 Cf.
372 5145 592 5213 epitom.
615 5141 752 5198 infra
782 5142 820 5197 l.
849 5160 904 5197 κ.
963 5158 1013 5198 c.
1055 5142 1142 5204 ll,
1172 5158 1224 5210 p.
1255 5141 1540 5213 516-18.
1572 5141 1682 5213 ed.‘
1701 5139 1876 5196 Oxon.

77 5218 373 5289 λεγόντων
401 5209 706 5289 λογίζεσθαι
749 5214 794 5289 _I.
811 5209 1248 5289 _Barna_y_s‘i_us_’_in
1275 5212 1372 5289 Ep.
1395 5214 1532 5289 ‘crit.
1557 5209 1970 5289 at‘t‘Battseniulm

923 5298 975 5350 p.
1003 5280 1128 5346 516,
1148 5284 1217 5336 b‘z
1245 5284 1331 5336 ed.
1389 5280 1560 5335 Oxon.
1587 5281 1921 5351 _“_dtvfipw1ri

1539 5349 1612 5420 πὴ
1633 5349 1696 5415 C,
1729 5349 1797 5404 MV.
1876 5351 1921 5384 ⁸⁸
1945 5349 2087 5420 φορᾷ
2112 5351 2351 5412 εὐωδίας.
2384 5349 2581 5420 εὐωδίᾳ
2610 5349 2674 5409 C,
2709 5350 2776 5404 M.
2811 5352 2913 5405 cfr.
2942 5349 3074 5406 infra
3107 5370 3157 5421 p.
3204 5354 3340 5414 516,

1539 5462 1561 5493 ,Α
1629 5422 1674 5493 ⁸1
1696 5421 1756 5493 τὸ
1783 5437 1893 5493 orn.
1933 5423 2005 5493 C.
2030 5423 2079 5493 “'_
2134 5420 2362 5493 τρόπον,
2381 5420 2580 5493 τρόπον
2611 5420 2666 5471 δν
2690 5419 3011 5493 0,,τρόπον
3043 5423 3101 5476 δν
3134 5425 3206 5477 Μ.
3237 5423 3340 5476 cfr.

722 5490 852 5548 ’θ’τὸ
882 5494 938 5546 δὲ
976 5493 1110 5560 φῶς.
1141 5490 1204 5545 τὸ
1233 5492 1347 5561 φῶς
1394 5490 1480 5552 M;
1516 5491 1614 5546 cl'r.
1646 5490 1783 5544 infra
1817 5492 1850 5544 Ι.
1885 5492 1918 5543 l.
1987 5492 2029 5522 '“
2057 5491 2213 5552 ἀκτὶς
2274 5490 2447 5558 ἡλίου.
2489 5490 2552 5560 δή
2593 5506 2677 5551 τις
2709 5490 2859 5561 ἡλίου
2886 5494 2946 5554 (3,
2984 5491 3044 5563 δή
3084 5511 3166 5558 τις
3193 5493 3344 5564 ἥλιος

722 5564 757 5626 i,
821 5563 909 5618 64.
989 5565 1034 5595 ⁷⁸
1079 5562 1376 5631 ἐλλάμπειν
1415 5561 1787 5631 ἐλάμπειῶί,
1873 5563 1918 5592 ⁷³
1949 5561 2146 5631 εὐωδία
2185 5559 2418 5631 διαμέση
2435 5561 2680 5631 -ξχουσαν
2732 5562 2772 5614 G
2803 5579 2817 5627 ;
2852 5563 2954 5626 clr.
2982 5578 3034 5631 p.
3093 5564 3215 5629 516,
3270 5563 3342 5617 63

78 5293 135 5346 Μ
163 5283 182 5352 ξ
218 5283 566 5356 Bernaysius.
601 5285 718 5356 Cfr.
748 5283 884 5356 infra

76 5349 246 5414 νοέτο
279 5349 625 5427 Βρττῑευέῖυε.
703 5349 1612 5427 ‘f_dréttesétsﬁ-€1ee9:-il957th

75 5431 158 5486 62
193 5428 291 5483 ed.
315 5422 417 5480 Ox.
456 5421 473 5427 '
492 5424 793 5495 "fama,
816 5421 1189 5495 δέζῙΕπειδῆ,
1214 5422 1366 5495 Ἐπεὶ
1392 5421 1456 5495 δῇ
1484 5421 1531 5474 Μ

75 5518 138 5570 p.
157 5496 298 5570 516,
325 5497 395 5570 65
418 5498 506 5570 etl.
533 5493 636 5570 Ox.

79 5563 162 5637 M;
226 5569 328 5621 εἶν.
384 5565 523 5637 infra
556 5564 757 5637 p.316,

74 5631 1068 5709 7"Btnpqpévtov.sipqpévaivc._M:_;
1094 5634 1192 5709 cf_r.
1228 5647 1260 5701 p
1301 5631 1557 5709 _5‘l_6._6_6.

72 5711 127 5743 ⁷⁸
165 5699 274 5762 τίν
297 5699 888 5776 σπινθῆρα.’σπινθῆρσ
915 5704 976 5767 C,
1003 5702 1071 5769 M;
1105 5703 1205 5758 cfr.
1225 5699 1275 5771 ᾖ).
1297 5703 1422 5767 517,
1449 5702 1534 5756 76.
1611 5702 1656 5734 ”
1674 5700 2011 5755 δουλεύονται
2042 5699 2104 5755 C.

1977 5139 2024 5172 "
2050 5137 2317 5211 Δυνάμεις
2343 5169 2417 5211 ο-ττ
2445 5138 2762 5208 λογιζέσθω.
2804 5140 3034 5195 Δύναται
3067 5142 3122 5196 δὲ
3150 5143 3331 5196 αὐτῶν

1993 5227 2046 5285 pA.
2087 5209 2212 5285 518ζ
2244 5282 2265 5285 ῃ
2375 5209 2442 5285 δίε
2469 5211 2537 5285 δι’
2561 5211 2623 5264 C.
2659 5211 3020 5285 _°‘_éxc_i_at'qv
3046 5215 3106 5267 (3.
3138 5214 3346 5285 ἑκάστη

1970 5247 2270 5352 (Eleusin
2304 5247 2445 5333 οἶά
2469 5247 2718 5401 ξτιῖοδν
2744 5247 3345 5352 οῖ”ῧᾭὲεἰηζέιῖὸῗέὲὲ

1970 5351 2087 5401 ma
2112 5351 2351 5401 εὐωδίας.
2384 5350 2492 5401 εύω
2529 5351 2581 5401 ia
2610 5348 2674 5401 C.
2709 5350 2776 5401 Μ.
2811 5352 2913 5401 cfr.
2942 5353 3074 5401 infra
3107 5370 3157 5401 ι).
3204 5354 3342 5401 516-

1876 5351 1921 5384 ⁸⁸
1945 5348 2087 5420 φορᾷ
2112 5348 2351 5421 εὐωδίας.
2384 5348 2581 5421 εὐωδίᾳ
2610 5348 2674 5421 β,
2705 5350 2776 5421 _M.
2811 5352 2913 5405 cfr.
2942 5348 3074 5406 infra
3107 5370 3157 5421 p.
3204 5348 3306 5406 516
3326 5393 3342 5414 ,

1873 5563 1918 5592 ⁷³
1949 5561 2146 5631 εὐωδία
2185 5559 2418 5631 διαμέση
2435 5559 2680 5631 -ξχούσαν
2731 5559 2772 5614 C
2803 5579 2817 5627 ;
2852 5563 2954 5626 ειν,
2982 5559 3043 5631 ρζ
3093 5559 3228 5629 516,⁷
3270 5563 3342 5617 63

1632 5632 1678 5663 ’⁷³
1697 5630 1790 5684 τοῦ
1813 5631 2052 5685 κάτωθεν
2082 5629 2144 5684 C.
2219 5630 2259 5660 τ’
2281 5625 2376 5681 85.
2406 5625 2566 5685 οἶδεν.
2607 5631 2757 5683 οὐδὲν
2787 5625 2840 5685 C.
2871 5634 2915 5663 ⁷⁷
2945 5625 3032 5695 εἷς
3058 5625 3248 5687 ὲαυτδν
3274 5636 3337 5691 C.

2211 5699 2259 5732 ⁸⁸
2284 5697 2468 5768 βλέπει
2497 5700 2559 5755 C.
2635 5702 2677 5732 ⁸⁸
2703 5702 2899 5767 ἑαυτὰς
2923 5702 2990 5759 59
3019 5704 3077 5770 Ct
3105 5703 3176 5761 M-
