3804 6220
110 266 245 334 3183

1230 266 1527 326 CONTRA
1561 264 1926 326 HIERESES
1956 266 2105 326 LlB.
2146 266 2213 329 ν.

3217 266 3357 334 3184

109 383 197 437 τοῦ
227 379 540 452 πνεύματος
577 379 831 444 εὐωδίας,
868 377 1118 432 τουτέστι
1146 378 1189 444 ",
1225 379 1350 433 νοῦν
1386 394 1679 449 μεμορφω-

1784 391 1948 447 aqua,
1982 377 2248 433 conllatus
2287 385 2343 431 et
2375 379 2694 435 commistus
2732 379 3051 451 corporibus
3099 389 3356 453 tanquam

112 476 265 545 μένον
282 474 340 527 ὲν
363 476 474 536 τοῖς
496 472 773 543 διαφόροις
803 472 1021 533 εἴδεσιν,
1066 471 1094 523 ὅ
1120 472 1236 523 ἐστι
1265 470 1470 532 τέλειος
1500 467 1617 529 θεὸς
1634 469 1677 534 ⁸,

107 566 162 629 ὃς
191 565 250 630 ἐξ
280 564 575 635 ἀγεννήτου
609 562 785 630 φωτὸς
818 560 1023 616 ἄνωθεν
1069 560 1163 614 καὶ
1195 558 1506 629 πνεύματος
1546 574 1681 611 κατ⁶

109 656 463 727 ενηνεγμένος
520 655 540 685 ⁹
585 655 665 716 είς
719 651 1068 723 ἀνθρωπίνην
1125 652 1317 721 φύσιν,
1371 650 1558 719 ὥσπερ
1602 649 1681 711 είς

108 750 255 815 ναὸν,
293 749 435 819 φορᾷ
471 745 685 815 φύσεως
718 746 813 799 καὶ
846 744 1050 812 ἀνέμου
1084 744 1365 814 κινήματι,
1399 740 1681 811 γεννηθεὶς

109 844 165 908 ἐξ
204 840 420 903 ὓδατος,
476 837 995 907 συγκεκραμένος¹⁰
1050 835 1146 887 καὶ
1194 833 1681 903 καταμεμιγμένος

110 938 219 999 τοῖς
260 933 511 1004 σώμασιν
558 929 721 983 οἱονεὶ
762 927 897 991 ἆλας
942 927 1050 979 τῶν
1077 924 1118 957 ¹¹
1158 925 1465 995 γενομένων
1502 923 1679 994 ὑπάρ-

106 1022 279 1093 χων¹²
334 1019 429 1072 καὶ
478 1017 593 1086 φῶς
652 1014 749 1068 τοῦ
813 1015 1061 1077 σκότους,
1123 1014 1232 1066 ἀπὸ
1264 1012 1370 1066 τῶν
1412 1013 1681 1082 σωμάτων

108 1109 349 1163 σπεύδων
376 1107 419 1138 ¹³
456 1105 681 1174 λυθῆναι
704 1105 801 1157 καὶ
840 1102 913 1174 μὴ
943 1102 1242 1171 δυνάμενος
1269 1100 1367 1172 τὴν
1397 1100 1549 1153 λύσιν
1587 1100 1680 1153 εὑ-

112 1204 218 1273 ρεῖν
265 1200 363 1253 καὶ
394 1199 493 1268 τὴν
541 1195 771 1261 διέξοδον
830 1194 1058 1248 ἑαυτοῦ·
1109 1194 1522 1264 καταμέμικται
1572 1192 1681 1263 γάρ

109 1292 353 1365 σπινιθήρ
398 1307 483 1354 τις
540 1289 822 1359 ἐλάχιστος
868 1288 949 1340 ἀπ
977 1325 991 1339 .
1028 1331 1041 1343 .
1076 1327 1090 1341 .
1135 1324 1149 1338 .
1195 1325 1210 1339 .
1250 1326 1265 1341 .
1304 1326 1318 1340 .
1354 1324 1368 1338 .
1404 1326 1418 1339 .
1455 1325 1468 1339 .
1503 1325 1516 1340 .
1562 1324 1577 1339 .
1611 1322 1627 1338 .
1662 1324 1678 1339 .

109 1382 1287 1457 ᾇσμαάνωθενά...........νος
1332 1378 1488 1448 δίκην
1528 1376 1682 1430 ὲντδ

110 1516 125 1531 .
160 1518 174 1531 .
215 1518 231 1531 .
272 1516 287 1530 .
320 1513 336 1530 .
378 1516 392 1529 .
429 1516 443 1529 .
472 1472 863 1544 λυσυγκρίτοις
912 1470 1144 1535 πολλῶν,
1194 1470 1291 1534 ὼς,
1337 1468 1502 1540 φησὶν
1527 1466 1592 1534 ⁸⁸,
1623 1468 1681 1522 ἑν

108 1566 181 1638 τῷ
223 1566 427 1637 ψαλμῷ
457 1566 625 1633 λέγει.
660 1564 817 1617 Πᾶσα
850 1557 943 1616 οὖν
994 1562 1216 1633 φροντὶς
1255 1562 1351 1614 καὶ
1393 1559 1683 1629 ἐπιμέλεια

106 1660 197 1713 τοῦ
230 1660 409 1729 φωτὸς
438 1657 643 1711 ἄνωθέν
685 1658 802 1709 ἐστι
829 1657 895 1719 η,
925 1654 1042 1717 πῶς
1069 1655 1164 1709 καὶ
1199 1654 1322 1707 τίνα
1348 1654 1548 1723 τρόπον
1574 1652 1681 1706 ἀπὸ

1784 470 1863 525 sal
1914 471 2133 539 quidam
2166 483 2353 525 eorum
2394 486 2515 540 quae
2544 475 2837 537 exsistunt,
2872 486 2927 529 et
2970 474 3058 528 lux
3106 477 3362 530 tenebra-

1786 576 1931 626 rum,
1965 577 1993 615 a
2021 563 2340 632 corporibus
2375 562 2551 617 nitens
2582 564 2798 618 liberari
2831 581 2931 619 nec
2953 566 3136 620 valens
3170 566 3359 622 libera-

1785 652 1988 705 tionem
2021 652 2261 721 reperire
2285 662 2341 706 et
2370 653 2579 706 exitum
2620 670 2809 719 suum;
2840 655 3072 709 immista
3098 666 3181 709 est
3208 655 3355 709 enim

1782 744 2019 798 scintilla
2065 744 2313 812 quaedam
2363 745 2703 799 tenuissima.
2746 783 2760 799 .
2803 783 2817 799 .
2861 783 2878 800 .
2918 786 2932 799 .
2980 790 2995 800 .
3040 786 3055 799 .
3101 787 3115 801 .
3158 788 3172 810 ,
3221 787 3235 800 .
3279 787 3295 803 .
3339 787 3352 801 .

1782 932 1861 987 ut,
1894 924 2090 993 inquit,
2126 925 2177 978 in
2211 924 2425 980 Psalmo
2453 928 2605 981 dicit.
2636 926 2826 982 Omnis
2855 930 3020 999 igitur
3039 945 3169 984 cura
3191 941 3243 984 et
3268 946 3360 985 co-

1782 1017 1976 1086 gitatio
2024 1018 2161 1072 lucis
2206 1033 2440 1086 superne
2481 1019 2672 1073 delatm
2713 1030 2817 1085 est,
2861 1022 3132 1088 quomodo
3164 1032 3218 1075 et
3253 1038 3358 1092 qua

1785 1111 1992 1164 ratione
2024 1125 2055 1164 a
2088 1121 2259 1164 morte
2282 1111 2404 1164 mali
2432 1122 2488 1166 et
2516 1112 2789 1178 tenebrosi
2821 1114 3067 1182 corporis
3098 1113 3359 1168 liberetur

1784 1217 1938 1256 mens
1967 1217 1995 1254 a
2032 1212 2189 1271 patre
2218 1202 2313 1272 qui
2342 1202 2550 1257 inferne
2579 1213 2682 1269 est,
2718 1206 2861 1273 quod
2904 1215 2986 1259 est
3015 1217 3227 1269 ventus,
3267 1206 3357 1273 qui

1784 1294 1838 1349 in
1881 1293 2096 1349 fervore
2150 1304 2205 1349 et
2252 1296 2408 1349 turba
2459 1296 2720 1350 excitavit
2760 1298 2929 1351 undas
2977 1310 3031 1351 et
3080 1298 3359 1366 generavit

1783 1396 2018 1441 mentem
2064 1387 2356 1455 perfectam
2400 1386 2569 1440 lilium
2629 1402 2822 1451 suum,
2880 1402 2983 1440 non
3037 1387 3183 1440 illum
3227 1403 3357 1457 pro-

1783 1476 1956 1545 prium
1993 1491 2147 1530 suum
2170 1479 2235 1529 ad
2270 1486 2545 1530 naturam.
2585 1476 2829 1544 Superne
2856 1479 2998 1529 enim
3034 1490 3173 1542 erat,
3201 1480 3350 1532 scin-

1784 1567 1893 1621 tilla
1927 1583 1955 1620 a
1990 1567 2228 1637 perfecta
2269 1568 2395 1621 luce
2448 1568 2557 1633 illa,
2606 1570 2657 1622 in
2706 1568 2989 1623 tenebrosa
3035 1578 3091 1623 et
3131 1570 3357 1623 terribili

1784 1668 1837 1713 et
1858 1674 2041 1712 amara
2069 1671 2123 1713 et
2148 1659 2290 1712 [teda
2334 1674 2474 1726 aqua
2506 1670 2813 1727 superatus,
2840 1661 2980 1730 quod
3021 1673 3102 1715 est
3132 1663 3359 1729 spiritus

106 1751 195 1805 τοῦ
246 1751 477 1806 Θανάτου
523 1749 615 1804 τοῦ
670 1747 912 1820 πονηροῦ
958 1748 1053 1801 καὶ
1099 1746 1376 1801 σκοτεινοῦ
1433 1745 1679 1817 σώματος

1787 1751 1995 1805 lucidus
2029 1751 2210 1805 illatus
2252 1766 2418 1821 super
2451 1766 2670 1821 aquam.
2704 1751 2838 1807 Cum
2884 1754 3067 1823 igitur.
3110 1793 3122 1805 .
3168 1792 3181 1805 .
3227 1793 3241 1808 .
3285 1793 3300 1807 .
3341 1792 3357 1806 .

106 1840 401 1911 ἀπολυθείη
424 1841 468 1871 ³⁸
514 1842 543 1893 ὁ
570 1838 695 1903 νοῦς
725 1842 834 1893 ἀπὸ
859 1839 953 1892 τοῦ
987 1841 1191 1908 πατρὸς
1219 1838 1313 1890 τοῦ
1337 1838 1602 1904 κάτωθεν,
1643 1839 1672 1891 ὃ

106 1935 257 1986 ἐστιν
282 1935 310 1985 ό
347 1931 546 2003 ἄνεμος
591 1933 649 1984 ὲν
685 1929 917 2001 βρασμῷ
946 1929 986 1959 ¹⁷
1021 1930 1113 1982 καὶ
1142 1930 1365 2000 ταράχῳ
1393 1929 1683 1999 ἐπεγείρας

103 2024 327 2093 κύματα
376 2024 471 2076 καὶ
495 2025 762 2093 γεννήσας
794 2021 920 2076 νοῦν
954 2020 1160 2074 τέλειον
1188 2020 1304 2073 υἰδν
1336 2018 1550 2085 ἑαυτοῦ,
1581 2020 1683 2072 οὐκ

103 2114 230 2165 ὄντα
262 2113 391 2166 τδιον
416 2111 611 2167 ἑαυτοῦ
638 2114 758 2167 κατ’
787 2112 999 2168 οὐσίαν.
1030 2110 1272 2165 ’Λνωθεν
1293 2112 1401 2182 γάρ
1435 2107 1501 2181 ἦν
1524 2110 1683 2173 ἀκτὶς

102 2206 210 2259 ἀπὸ
256 2204 354 2259 τοῦ
402 2205 611 2259 τελείου
647 2206 823 2275 φωτὸς
860 2204 1091 2268 ἐκείνου,
1139 2206 1196 2257 ὲν
1229 2203 1306 2274 τῷ
1348 2202 1609 2272 σκοτεινῷ
1640 2201 1682 2233 ¹⁸

103 2299 195 2350 καὶ
226 2298 447 2369 φοϐερῷ
479 2301 573 2351 καὶ
624 2297 811 2369 πικρῷ
862 2298 953 2351 καὶ
991 2296 1170 2369 μιαρῷ
1222 2295 1370 2349 ῦδατι
1406 2312 1681 2364 κεκρατη-

104 2390 262 2460 μένος
282 2391 348 2458 ⁸³,
393 2393 527 2462 ὅπερ
558 2392 676 2443 ἐστὶ
721 2389 942 2461 πνεῦμα
985 2389 1244 2459 φωτεινὸν
1283 2388 1681 2457 ἐπιφερόμενον

102 2483 287 2537 ἐπάνω
313 2482 406 2536 τοῦ
433 2482 623 2546 ὓδατος
644 2482 722 2513 ’θ’
752 2483 875 2535 ἐπεὶ
897 2478 991 2535 οὖν
1029 2521 1043 2534 .
1072 2520 1087 2535 .
1127 2522 1141 2537 .
1179 2520 1194 2535 .
1235 2521 1248 2535 .
1284 2519 1298 2534 .
1332 2517 1348 2533 .
1384 2517 1399 2531 .
1440 2520 1454 2533 .
1495 2513 1509 2531 .
1540 2477 1681 2548 ημά·

102 2573 816 2645 τωνκύματα........
859 2572 1681 2643 ..διαφόροιςγ........

104 2666 178 2740 [ρ.
210 2665 337 2723 142.
370 2663 496 2738 145]
529 2706 544 2720 .
585 2702 600 2719 .
635 2707 649 2720 .
686 2682 771 2719 εσι
806 2662 988 2737 μήτρα
1014 2665 1097 2728 τίς
1135 2704 1148 2718 .
1186 2706 1199 2720 .
1241 2704 1253 2716 .
1294 2702 1309 2718 .
1345 2705 1358 2717 .
1393 2704 1408 2719 .
1450 2703 1464 2718 .
1501 2703 1515 2717 .
1552 2680 1684 2717 κατ·

100 2759 403 2829 εσπαρμέν.
443 2797 458 2812 .
494 2798 509 2813 .
550 2800 563 2814 .
600 2800 613 2813 .
650 2798 665 2811 .
698 2796 712 2810 .
748 2796 762 2811 .
800 2797 813 2811 .
850 2798 866 2814 .
906 2758 981 2819 ὼς
1014 2758 1105 2809 ἐπὶ
1136 2757 1355 2811 πάντων
1388 2755 1497 2809 τῶν
1528 2754 1682 2819 ζώων

101 2848 410 2922 θεωρεῖται.
456 2850 514 2903 '0
543 2850 600 2904 δὲ
627 2850 828 2921 ἄνεμος
860 2848 1059 2920 λάϐρος
1089 2848 1225 2919 ὁμοῦ
1253 2848 1347 2902 καὶ
1386 2846 1614 2917 σφοδρὸς
1635 2847 1681 2878 ’θ

102 2942 404 3012 φερόμενός
424 2943 540 2997 ὲστι
569 2941 648 3012 τῷ
673 2942 972 3013 συρίγματι
989 2942 1032 2973 ’³
1064 2940 1186 3009 ὄφει
1218 2938 1596 3010 παραπλήσιος
1612 2937 1677 2991 ’³.

100 3031 328 3104 Πρῶτον
374 3028 468 3087 οὖν
519 3033 629 3085 ἀπὸ
670 3032 766 3085 τοῦ
831 3032 1060 3101 ἀνέμου,
1112 3030 1394 3082 τουτέστιν
1430 3027 1538 3081 ἀπὸ
1586 3024 1679 3080 τοῦ

100 3123 304 3192 ὄφεως,
329 3125 363 3193 ἠ
402 3123 545 3195 ἀρχὴ
573 3122 671 3194 τῆς
700 3122 1009 3192 γεννήσεως
1037 3120 1126 3173 τὸν
1160 3119 1451 3190 εἰρημένον
1478 3116 1679 3186 τρόπον

100 3217 320 3286 γέγονε,
353 3216 571 3270 πάντων
612 3213 748 3285 ὁμοῦ
780 3214 880 3286 τὴν
924 3215 1099 3284 ἀρχὴν
1137 3212 1238 3282 τῆς
1274 3212 1578 3282 γεννήσεως
1606 3210 1684 3262 εί-

102 3310 374 3381 ληφότων.
446 3309 599 3362 Ἐπεὶ
646 3302 739 3361 οὖν
790 3306 1157 3376 κατείληπται
1206 3304 1267 3356 τὸ
1314 3302 1429 3371 φῶς
1474 3302 1566 3354 καὶ
1622 3301 1684 3353 τὸ

102 3401 325 3472 πνεῦμα
369 3402 450 3464 εἰς
485 3398 583 3470 τὴν
618 3398 951 3469 ἀκάθαρτον,
998 3396 1154 3468 φησὶ,
1188 3395 1285 3448 καὶ
1327 3394 1684 3462 πολυπήμονα

104 3494 324 3565 μήτραν
376 3492 631 3555 ἄτακτον,
689 3492 819 3544 εἴσω
840 3490 885 3521 ¹³
935 3492 962 3542 ὁ
1009 3490 1131 3557 ὄφις
1190 3486 1587 3557 εἰσερχόμενος,
1654 3486 1683 3538 ὁ

99 3586 306 3656 ἄνεμος
349 3584 442 3637 τοῦ
505 3584 748 3646 σκότους,
807 3585 835 3635 ὀ
894 3581 1236 3653 πρωτόγονος
1288 3580 1397 3631 τῶν
1451 3578 1679 3643 ὑδάτων,

100 3679 269 3749 γεννᾷ
287 3676 381 3731 τὸν
407 3674 717 3747 ἄνθρωπον,
743 3674 837 3726 κα)⁸
861 3672 989 3726 ἄλλο
1013 3672 1161 3723 οὐδὲν
1183 3665 1321 3731 εἶδος
1342 3667 1464 3753 οὔταε
1491 3668 1681 3753 ἀγαπᾷ

101 3768 225 3821 οὔτε
244 3748 515 3838 γνωρίζει
541 3766 575 3836 ἡ
600 3764 909 3833 ἀκάθαρτος
939 3761 1142 3830 μήτρα.
1185 3748 1504 3827 Ὀμοιωθεὶς
1531 3748 1624 3806 οὖν
1651 3755 1680 3807 ό

101 3859 314 3914 ἀνωθεν
348 3856 440 3911 τοῦ
485 3855 663 3925 φωτὸς
709 3853 914 3916 τέλειος
950 3852 1105 3919 λόγος
1134 3847 1212 3919 τῷ
1242 3848 1414 3918 θηρίῳ
1436 3846 1513 3915 τῷ
1534 3845 1676 3915 ὄφει,

99 3950 355 4023 εἰσῆλθεν
374 3950 419 3981 ’⁵
459 3951 538 4011 είς
579 3947 677 4017 τὴν
721 3944 1027 4015 ἀκάθαρτον
1066 3944 1300 4013 μήτραν,
1334 3941 1679 4009 ἐξαπατήσας

98 4043 271 4115 αὐτὴν
312 4040 405 4094 τοῦ
440 4040 629 4111 θηρίου
656 4036 730 4108 τῷ
758 4035 1088 4107 ὁμοιώματι,
1115 4034 1199 4086 ἵνα
1224 4033 1361 4103 λύσῃ
1400 4032 1469 4085 τὰ
1504 4032 1681 4101 δεσμά

95 4135 167 4189 τά
198 4133 567 4206 περικείμενα
590 4129 667 4199 τῷ
688 4129 877 4199 τελείῳ
906 4126 986 4180 νοῒ
1014 4125 1092 4196 τῷ
1115 4124 1441 4194 γεννωμένῳ
1470 4125 1526 4175 ὲν
1547 4124 1682 4176 ἀκα-

98 4226 307 4299 θαρσίᾳ
337 4226 549 4297 μήτρας
576 4222 680 4275 ὑπὸ
711 4222 720 4291 |
751 4221 843 4274 τοῦ
880 4220 1222 4291 πρωτοτόκου
1246 4218 1290 4248 ⁸⁵
1321 4217 1416 4269 τοῦ
1465 4214 1679 4279 ὓδατος,

1787 1936 2894 2008 .............2oc-2o7
2923 1948 2980 1992 ul
3017 1938 3067 1992 in
3109 1940 3359 1996 omnibus

1783 2026 2110 2081 animalibus
2136 2028 2493 2097 conSpicitur.
2531 2029 2735 2083 Ventus
2759 2040 2938 2084 autem
2969 2046 3097 2086 acer
3118 2030 3277 2086 simul
3301 2042 3360 2086 et

1783 2122 2075 2175 vehemens
2117 2134 2238 2174 sese
2290 2120 2548 2185 inferens,
2596 2121 2757 2176 sibilo
2805 2138 2903 2176 suo
2944 2132 3025 2177 est
3059 2124 3358 2177 consimilis

1784 2212 2073 2278 serpentis.
2100 2210 2341 2265 Primum
2364 2213 2526 2282 igitur
2554 2229 2581 2266 a
2605 2224 2788 2279 vento,
2826 2215 2927 2269 hoc
2950 2224 3032 2268 est
3055 2231 3082 2267 a
3106 2226 3358 2283 serpente

1788 2303 2109 2370 principium
2147 2304 2510 2371 generationis
2541 2305 2594 2357 in
2633 2320 2756 2358 eum
2792 2320 2951 2374 quem
2983 2306 3217 2361 diximus
3246 2322 3359 2360 mo-

1783 2394 1907 2444 dum
1936 2392 2145 2445 exstitit
2174 2393 2414 2445 omnium
2461 2393 2642 2459 simul,
2674 2410 2793 2464 quze
2826 2394 3148 2465 principium
3194 2412 3361 2465 gene-

1786 2482 2011 2536 rationis
2058 2492 2341 2552 ceperunt.
2398 2483 2691 2553 Postquam
2746 2487 2910 2556 igitur
2959 2491 3356 2557 comprehensa

1783 2584 1865 2627 est
1892 2575 1977 2627 lux
2008 2584 2063 2628 et
2099 2575 2325 2643 Spiritus
2354 2576 2407 2630 in
2440 2576 2741 2646 impurum,
2774 2579 2969 2648 inquit,
2996 2589 3046 2632 et
3072 2580 3358 2634 calamito-

1784 2682 1903 2720 sum
1957 2678 2168 2720 uterum
2223 2669 2586 2733 inconditum,
2634 2670 2784 2726 intus
2835 2686 3061 2741 serpens
3124 2672 3334 2725 intrans

1784 2766 1978 2812 ventus
2018 2760 2387 2824 tenebrarum,
2422 2762 2776 2831 primigenius
2814 2758 3098 2831 aquarum,
3136 2773 3359 2834 generat

1787 2850 2084 2916 hominem,
2139 2866 2238 2905 nec
2268 2852 2426 2905 aliam
2462 2853 2624 2906 ullam
2665 2855 2900 2922 speciem
2953 2869 3051 2910 nec
3084 2867 3231 2909 amat
3263 2872 3363 2911 nec

1783 2942 2064 3009 cognoscit
2105 2945 2353 3005 impurus
2408 2954 2615 2999 uterus.
2665 2945 3007 3000 Assimilatns
3060 2947 3224 3014 igitur
3272 2963 3362 3001 su-

1785 3047 1951 3100 perne
1995 3033 2286 3087 deveniens
2322 3034 2461 3089 lucis
2498 3034 2768 3104 perfectus
2814 3036 2966 3106 logns
3007 3036 3193 3091 bestia:
3246 3051 3362 3091 ser-

1786 3123 1935 3192 penti
1983 3124 2205 3178 intravit
2248 3125 2302 3178 in
2342 3126 2612 3195 impurum
2649 3136 2862 3180 uterum
2905 3128 3097 3183 fallens
3124 3144 3247 3183 eum
3282 3131 3361 3183 si-

1785 3213 2093 3268 militudine
2149 3214 2355 3280 bestiae,
2400 3225 2458 3269 ut
2505 3217 2683 3271 solvat
2740 3218 2956 3271 vincula
3002 3220 3357 3287 circumiectu

1782 3304 2033 3372 perfectae
2061 3303 2229 3357 menti
2258 3316 2531 3374 generata:
2578 3306 2630 3359 in
2673 3306 2984 3375 impuritate
3017 3310 3157 3362 uteri
3189 3325 3217 3361 a
3250 3310 3360 3378 pri-

1783 3396 2017 3463 migenio
2062 3410 2248 3464 aqum,
2300 3406 2582 3465 serpente,
2630 3408 2814 3453 vento.
2866 3400 3094 3466 Bestire,
3151 3399 3357 3468 inquit,

1786 3486 1901 3539 haec
1923 3486 2003 3540 ett
2024 3487 2165 3540 servi
2198 3487 2374 3541 forma
2406 3496 2460 3541 et
2489 3489 2603 3543 haec
2639 3492 2954 3553 necessitas,
3007 3506 3104 3543 cur
3133 3492 3359 3545 descen-

1786 3578 1940 3631 deret
1968 3577 2120 3646 logus
2143 3578 2235 3632 Dei
2269 3579 2319 3631 in
2342 3587 2554 3632 uterum
2583 3578 2836 3651 Virginis.
2870 3580 2973 3635 Sed
3000 3597 3127 3647 non,
3156 3582 3355 3650 inquit,

1784 3666 2054 3721 sulliciens
2087 3676 2170 3721 est
2200 3668 2437 3723 intrasse
2470 3667 2767 3738 perfectum
2802 3672 3099 3733 hominem,
3147 3671 3352 3742 logum,

1787 3755 1843 3809 in
1881 3766 2097 3810 uterum
2120 3754 2359 3826 Virginis
2408 3765 2465 3811 et
2500 3756 2728 3813 solvisse
2771 3775 2963 3829 gravies
3008 3760 3219 3816 dolores
3266 3762 3357 3831 qui

1788 3857 1916 3901 sunt
1943 3850 1998 3901 in
2047 3848 2155 3902 illis
2184 3850 2455 3913 tenebris;
2500 3858 2557 3902 at
2606 3851 2750 3904 enim
2802 3862 3082 3920 postquam
3135 3852 3186 3905 in
3217 3853 3358 3906 l'mda

1788 3940 1929 3995 uteri
1962 3939 2220 4010 mysteria
2250 3940 2493 4007 intravit,
2520 3942 2735 3995 ablutus
2759 3952 2842 3996 est
2870 3952 2923 3997 et
2954 3942 3086 3997 bibit
3111 3944 3359 4012 poculum

1782 4034 1919 4087 vivae
1961 4048 2115 4102 aqua:
2160 4032 2424 4096 salientis,
2451 4034 2593 4102 quod
2642 4044 2852 4101 oportet
2901 4035 3121 4089 omnino
3168 4035 3357 4089 bibere

1783 4138 1931 4185 eum,
1957 4123 2049 4192 qui
2082 4123 2224 4177 volet
2256 4137 2457 4176 exuere
2484 4123 2733 4177 servilem
2765 4122 2993 4177 formam
3024 4130 3077 4177 et
3107 4124 3354 4193 superiu-

1786 4217 1952 4270 tluere
1982 4214 2354 4269 indumentum
2385 4214 2626 4269 cmleste.

94 4325 303 4392 ὄφεως,
350 4318 575 4388 ἀνέμου.
616 4314 818 4386 Θηρίου
849 4314 894 4345 ⁸⁸
927 4311 1088 4382 αῦτη,
1124 4310 1312 4381 φησὶν,
1345 4309 1552 4378 ὲστὶνή
1586 4307 1680 4359 τοῦ
1721 4306 1908 4359 δούλου
1984 4308 2167 4377 μορφὴ
2193 4307 2259 4372 ’⁷,
2291 4306 2387 4360 καὶ
2449 4306 2588 4377 αῦτη
2622 4308 2653 4377 ή
2702 4306 2914 4377 ἀνάγκη
2955 4306 3049 4359 τοῦ
3082 4306 3361 4362 κατελθεῖν

93 4417 185 4471 τὸν
214 4414 393 4482 Λόγον
432 4410 527 4464 τοῦ
555 4409 688 4461 Θεοῦ
722 4410 802 4470 εἰς
837 4408 1053 4477 μήτραν
1102 4402 1397 4473 παρθένου.
1443 4400 1582 4453 Ἀλλ’
1613 4400 1715 4453 οὐκ
1753 4398 1888 4461 ἔστι,
1927 4400 2113 4469 φησὶν,
2198 4399 2426 4469 ἀρκετὸν
2470 4399 2529 4451 τὸ
2572 4398 2969 4468 εἰσεληλυθέναι
3020 4400 3112 4452 τὸν
3157 4402 3363 4461 τέλειον

93 4504 412 4575 ἄνθρωπον,
464 4501 643 4568 λόγον,
689 4500 770 4561 εἰς
819 4498 1034 4566 μήτραν
1099 4494 1371 4565 παρθένου
1408 4493 1502 4545 καὶ⁴
1532 4491 1693 4544 λῦσαι
1730 4491 1829 4553 τὰς
1862 4491 2055 4554 ὠδῖνας
2114 4490 2160 4522 ’⁸
2201 4490 2299 4552 τὰς
2348 4492 2405 4543 ἐν
2450 4491 2644 4562 ἐκείνῳ
2685 4491 2762 4561 τῷ
2833 4492 3047 4545 σκότει*
3081 4492 3215 4546 ἀλλά
3254 4496 3361 4566 γάρ

98 4600 242 4670 μετά
276 4596 342 4651 τὸ
368 4596 437 4648 τὰ
482 4598 538 4648 ἐν
584 4595 766 4665 μήτρᾳ.
786 4593 832 4623 ’⁸
906 4590 1181 4662 μυστήρια
1231 4588 1451 4659 μυσαρὰ
1510 4587 1554 4617 ³ο
1613 4584 1878 4639 εἰσελθεῖν
1926 4583 2265 4638 ἀπελούσατο
2328 4583 2423 4636 καὶ
2475 4582 2593 4636 ἔπιε
2639 4584 2699 4637 τὸ
2748 4585 3008 4655 ποτήριον
3054 4584 3097 4615 ⁸⁸
3161 4584 3360 4650 ζῶντος

1371 4744 1609 4799 νΑιιιίΕ
1650 4742 2050 4798 LECTIONES.

167 4848 189 4880 "
212 4844 496 4901 τουτέστιν
510 4838 627 4899 οὖν.
687 4841 709 4875 ⁸
738 4841 895 4907 Θεὸς,
924 4840 1003 4903 ὃς.
1032 4839 1153 4902 θεὸς
1170 4837 1234 4905 C,
1263 4838 1331 4904 Μ,
1350 4837 1731 4909 νβοτηογεὶυε,
1790 4836 2429 4909 ξκατενηνεγμένονβᾉ
2448 4837 2489 4869 ¹⁰
2519 4838 2983 4909 συγκεκραμένος.
3013 4854 3361 4909 συγκεκρυμ-

96 4918 263 4990 μένος
290 4915 356 4982 C,
492 4913 923 4990 συγκεκριμένος
956 4911 1306 4990 Berttaxsm‘s.
1442 4910 1669 4990 inl'r:_t‘p.
1701 4907 1953 4990 μῦηζιξξ,
1974 4911 2043 4961 Ml
2070 4925 2084 4972 ;
2126 4907 2244 4990 1146,
2384 4908 2704 4990 75Ξ‹1.οχ.“
2735 4907 2794 4940 “⁸¹
2820 4909 2953 4989 ἃλας
2986 4908 3095 4990 τῷν
3125 4907 3360 4990 Βεὴιξιγ-

92 4976 209 5042 sius
238 4976 257 5037 ξ
298 4976 511 5040 ἁλάλων
540 4976 603 5049 C,
633 4976 720 5037 Μ]
768 4976 823 5014 ’⁸³
864 4983 1107 5050 ὑπάρχον
1130 4976 1192 5045 C,
1224 4980 1291 5032 Μ.
1370 4979 1413 5009 ¹³
1447 4978 1674 5031 σπεῦδον
1696 4976 1758 5031 C.
1840 4978 1882 5007 ¹⁵
1904 4977 1999 5042 ὡς,
2029 4977 2435 5047 φησίν-λέγει.
2468 4978 2635 5033 Recte
2667 4979 3008 5050 Bernaysius
3030 4981 3141 5050 [nec
3171 4976 3354 5050 verba,

91 5074 220 5129 quae
252 5056 497 5109 Millerns
526 5058 589 5106 ad
614 5054 890 5129 sequentia
915 5048 1203 5129 referebat,
1231 5050 2331 5129 pertinuis§eatLea._qmellitum-Meroin,
2354 5050 2643 5129 perspexit:
2709 5048 2770 5129 Γ
2799 5048 3359 5129 ἐστίηΠῶςκαιτίνα

90 5116 306 5199 τρόπον
335 5125 452 5204 ;_M.
515 5116 909 5204 _“‘§irroitugein
934 5116 1285 5204 Bertmysiuss
1322 5118 1609 5204 ἀπολυθεὶς
1640 5116 1704 5180 C,
1754 5118 1821 5203 bl.
1894 5117 1943 5204 ἐς
1971 5117 2221 5188 βρασμῷ.
2275 5117 2464 5204 βρόμῳ
2504 5119 2564 5173 C.
2594 5119 2667 5182 Μ,
2706 5120 3051 5204 pertiaysius.
3087 5118 3355 5204 Ellﬂitifia

92 5187 145 5268 νζ
186 5187 417 5258 518,11
462 5196 549 5248 ed.
584 5195 686 5268 Qx.
733 5187 1364 5268 _"'_.cz'o'r§tv@."crvzo).tt§
1384 5190 1456 5268 ‘C,
1480 5188 1599 5268 .Mi
1646 5188 1849 5268 εκοὶίῳ
1891 5187 2236 5268 BerttatySItts.
2382 5187 2812 5268 κεκρατημένον
2831 5187 3051 5268 _C,__M._
3094 5189 3138 5219 ³ο
3169 5188 3358 5268 ὓδατος

92 5256 433 5337 Berttaysitts
455 5264 700 5337 aquariis.
725 5261 884 5337 C,M._
942 5261 1009 5293 '°'
1033 5256 1712 5337 giponé;.f§o6spb;_§,_M,
1736 5256 2082 5337 Berinaysius.
2134 5260 2189 5337 βξ
2220 5256 2537 5330 συρίγματι.
2566 5256 2888 5337 σύρματι-Ο,
2918 5258 2988 5323 Μ,
3014 5259 3353 5337 Bernuysius.

95 5339 185 5392 Cf.
221 5323 366 5389 infra
392 5323 604 5404 p.317.
637 5323 701 5388 97
728 5323 815 5387 ed.
848 5332 950 5386 0x.
1011 5332 1074 5404 _'_'
1089 5323 1494 5404 παραπλήσιος.
1514 5328 1759 5404 ΔΠρῷτον
1790 5323 1925 5404 οῦν.⁷
1939 5323 2322 5404 παραπλήσιος
2354 5323 2649 5404 ,πτερωτός
2673 5323 2735 5392 C,
2780 5329 3139 5404 Bernaysius;
3166 5323 3357 5404 fragat-

98 5410 336 5480 πλήσιος
371 5397 667 5480 πτερωτῷο
699 5404 785 5480 ὡς
824 5418 971 5480 susp.
1008 5401 1083 5480 M.
1148 5397 1194 5432 ³⁵
1223 5397 1372 5453 εἵσω.
1403 5401 1482 5480 εἰς
1508 5400 1573 5467 ἢν
1817 5397 2163 5480 Βρςιξιγδιιιε.
2184 5397 2287 5480 ᾆξ’
2319 5398 2570 5480 εἰσῆλθεν
2591 5399 2961 5480 bernaysius;
3011 5397 3272 5480 εί-σελθὼν
3292 5401 3354 5480 ll,

229 5457 298 5508 ὀἱ
313 5457 657 5560 ξτρωτδτόκὸυ
693 5457 788 5559 τῷ
820 5457 1153 5560 Byrrt‘aysins
1180 5487 1195 5537 ;
1225 5457 1570 5555 πρωτοτόκου
1594 5457 1772 5560 (gilii:
1822 5538 1841 5560 χ
1866 5468 1923 5560 1:
1942 5457 2141 5552 βήρίου
2168 5457 2992 5560 ,Μέἱυηςὶίὲιάνέμρυκθηρίοιξὶ
3004 5457 3355 5560 Αῦτηῇξῇλξ

94 5549 139 5578 ³⁷
165 5551 199 5620 ή
225 5546 326 5620 τοῦ
351 5537 542 5620 δούλου
581 5545 786 5617 μορφή.
935 5537 1160 5620 Plti‘lipp.
1188 5557 1252 5620 tt,
1272 5537 1313 5591 ’ἲ
1360 5540 1573 5620 μορφὴν
1595 5537 2039 5620 δούλουὶλαϐώχί
2063 5550 2123 5620 et
2166 5537 2401 5620 infra}.
2440 5539 2568 5620 5lb‘,
2600 5537 2805 5620 lli—l8
2826 5537 3074 5620 Ved_._0‘xA._
3127 5537 3176 5572 π
3199 5540 3357 5620 λῦσαι

92 5608 199 5682 τάξ
222 5619 441 5680 ὠδῖνας.
474 5616 559 5671 ω.
582 5608 782 5679 Ἀἐιξιῐ,
806 5615 899 5670 24.
997 5612 1042 5642 ’⁸
1066 5608 1126 5665 τὸ
1146 5612 1214 5665 τὰ
1237 5612 1295 5663 ἐν
1332 5608 1538 5681 μήτίρᾳζ
1562 5610 1622 5661 τὸ
1658 5610 1715 5661 ἐν
1749 5611 1930 5682 μζήτρᾳ
1965 5608 2042 5676 C;
2071 5608 2138 5664 τὰ
2169 5611 2225 5663 ὲν
2269 5609 2453 5680 μήτρᾳ
2480 5619 2534 5666 et
2552 5610 2711 5681 paulo
2737 5608 2863 5682 post
2894 5608 3127 5675 ἐξελθὼν
3152 5626 3250 5681 pro
3279 5612 3357 5671 είέ

94 5688 319 5742 σελθεῖν
353 5703 504 5759 susp.
546 5686 618 5741 Μ.
693 5685 738 5717 ³⁸
771 5682 985 5754 μυσερά
1007 5682 1067 5737 C.
1144 5683 1186 5715 “
1219 5682 1305 5737 Cf.
1342 5682 1436 5737 liv.
1464 5682 1616 5735 Joau.
1656 5695 1730 5745 ιν,
1771 5682 1926 5734 7-H.
2714 5690 2729 5707 ⁸
