3774 6222
416 218 558 287 3189

1888 222 2256 287 ORIGENIS

3555 230 3683 301 319°

416 332 539 387 dam
565 331 785 385 inventa
814 335 922 396 est,
954 341 1076 399 qua:
1104 326 1365 384 discernit
1392 342 1466 384 aes
1493 328 1562 384 ab
1605 343 1756 388 auro.
1782 328 1977 386 Paritet

2162 352 2255 406 χνη
2280 351 2366 399 τις
2389 332 2619 409 εὓρηται
2647 337 2681 408 ἡ
2708 337 3061 411 διακρίνουσα
3090 341 3182 395 τὸν
3218 341 3429 413 χαλκὸν
3456 341 3575 397 ἀπὸ
3598 346 3681 399 τοῦ

413 427 596 476 autem
624 418 787 474 etiam
822 419 870 475 si
897 417 1037 475 forte
1071 418 1127 475 in
1176 428 1402 490 argento
1439 419 1739 477 cassiteron
1786 432 1878 477 aut
1920 437 1996 477 ωε

411 523 506 569 aut
546 511 752 582 aliquid
810 511 1054 582 ejusdem
1112 512 1329 580 generis
1380 514 1711 580 inveniatur,
1763 515 1992 571 mistura

409 606 619 673 potiore
648 606 882 674 quadam
917 612 1037 661 arte
1068 613 1121 661 et
1152 604 1267 660 haec
1301 606 1711 661 discernuntur.
1745 606 1864 662 Jam
1895 622 1993 661 au-

410 708 517 753 tem
549 697 634 753 vel
661 698 783 768 quis
813 712 1008 767 aquam
1041 698 1167 753 vino
1200 699 1516 767 perniistam
1569 700 1856 755 discernit.
1894 701 1989 765 Ita,

412 792 687 861 inquiunt,
709 791 961 847 universa
983 805 1105 861 quae
1124 791 1405 845 commista
1428 800 1556 845 sunt
1584 792 1988 847 discernuntur.

407 881 522 938 lmo
568 898 697 938 vero
729 882 814 938 vel
871 881 940 937 ab
972 882 1322 947 animalibus,
1369 884 1568 953 inquit,
1628 885 1846 940 discito.
1897 884 1993 939 De-

407 978 596 1034 functo
616 979 761 1033 enim
816 977 1037 1033 animali
1070 977 1279 1048 singula
1323 993 1550 1048 qumque
1584 979 1990 1043 discernuntur,

407 1082 462 1128 et
481 1071 659 1127 soluto
680 1070 899 1125 animali
932 1071 1013 1126 sic
1038 1071 1238 1126 animal
1291 1072 1588 1126 evanescit.
1622 1070 1757 1136 Hoc,
1793 1071 1989 1140 inquit,

406 1174 493 1219 est
525 1164 666 1231 quod
720 1163 923 1217 dictum
947 1172 1075 1219 est:
1113 1161 1238 1217 Non
1300 1163 1416 1217 seni
1451 1180 1630 1231 pacem
1688 1164 1897 1218 mittere
1936 1164 1992 1218 in

408 1265 627 1316 terram,
659 1252 749 1306 sed
782 1250 1043 1321 gladium,
1064 1251 1167 1307 hoc
1198 1262 1281 1307 est
1312 1268 1567 1321 separare
1599 1262 1653 1306 et
1680 1253 1992 1308 discernere

406 1345 715 1401 cemmista.
767 1342 1104 1415 Separantur
1138 1345 1281 1400 enim
1344 1354 1399 1398 et
1445 1345 1834 1399 discernuntur
1873 1346 1990 1399 sin-

406 1437 526 1509 gula
553 1452 782 1509 quaeque
818 1437 1231 1493 commistorum
1263 1452 1384 1491 cnm
1417 1452 1573 1491 suum
1635 1437 1810 1492 locum
1840 1453 1994 1493 occu-

408 1538 557 1602 pant.
588 1529 662 1587 Ut
686 1538 769 1584 est
796 1531 940 1584 enim
978 1528 1126 1584 locus
1152 1529 1550 1585 commistionis
1579 1530 1832 1585 omnibus
1868 1529 1990 1585 ani-

406 1620 639 1674 malibus
668 1633 827 1685 unus,
872 1618 945 1672 ita
977 1618 1140 1673 etiam
1172 1619 1495 1674 secretionis
1537 1620 1784 1674 constitit
1825 1637 1986 1685 unus,

2099 426 2343 498 χρυσίου.
2392 427 2628 498 Ὁμοίως
2676 429 2733 483 δὲ
2767 430 2872 485 κᾶν
2905 432 2964 484 ὲν
3014 433 3242 504 ἀργύρῳ
3274 435 3619 506 κασσίτερος
3653 439 3681 506 ἢ

2098 517 2299 588 χαλκὸς
2320 518 2355 589 ἦ
2374 535 2430 571 τι
2451 519 2558 572 τῶν
2580 520 2860 591 ὁμογενῶν
2885 524 3381 594 καταμεμιγμένον
3406 526 3681 597 εὑρεθῇπ,

2101 611 2303 681 μίξεως
2331 611 2438 667 τινὶ
2465 612 2631 686 τέχνῃ
2681 614 2952 685 κρείττονι
2985 617 3079 668 καὶ
3121 616 3300 671 ταῦτα
3326 618 3678 691 διακρίνεται.

2103 702 2244 773 Ἤδη
2283 702 2339 755 δέ
2376 720 2462 767 τις
2489 704 2584 757 καὶ
2617 703 2761 777 ὕδωρ
2794 707 3129 777 μεμιγμένον
3157 709 3286 781 οἴνῳ
3312 711 3598 780 διακρίνει
3624 712 3678 764 τ’.

2098 789 2276 859 Οὕτω,
2308 795 2464 863 φασὶ,
2498 794 2604 848 κᾶν
2634 795 2682 826 ’³
2715 796 2897 850 πάντα
2926 798 2996 850 τὰ
3033 802 3481 871 συγκεκραμένα
3502 801 3551 831 ⁷⁸
3579 801 3680 853 δια-

2097 883 2357 951 κρίνεται.
2395 885 2507 938 Καὶ
2540 885 2605 957 δὴ
2646 888 2754 940 ἀπὸ
2807 888 2913 942 τῶν
2955 889 3128 955 ζώων,
3180 890 3342 961 φησὶ,
3401 895 3680 963 καταμάν-

2097 974 2228 1031 θανε
2256 976 2323 1030 ⁷⁸.
2350 976 2787 1048 Τελευτήσαντος
2811 979 2920 1052 γὰρ
2942 983 3035 1035 τοῦ
3061 980 3203 1045 ζώου
3238 983 3467 1037 ἕκαστα
3491 984 3682 1054 διακρί-

2090 1085 2265 1152 νεται,
2299 1071 2396 1124 καὶ
2446 1070 2704 1135 λυθέντος
2748 1071 2892 1126 οὕτω
2942 1074 3080 1127 τὸ⁷⁶
3132 1074 3273 1140 ζώον
3334 1077 3680 1145 ἀφανίζεται.

2093 1160 2265 1214 Τοῦτό
2291 1163 2432 1224 ἐστι,
2460 1163 2618 1233 φησὶ,
2644 1163 2707 1215 τὸ
2733 1164 3023 1235 εἰρημένον
3041 1181 3055 1195 ο
3077 1168 3200 1220 Οὐκ
3228 1163 3442 1237 ἦλθον
3469 1168 3518 1199 ⁷⁷
3540 1169 3686 1235 sip}.

2093 1268 2213 1320 νην
2234 1252 2457 1317 ,ϐαλεῖν
2475 1252 2575 1306 ἐπὶ
2613 1252 2730 1322 τὴν
2749 1253 2891 1323 γῆν,
2913 1257 3077 1310 ἀλλὰ
3087 1256 3431 1327 μάχαιραν,
3446 1261 3686 1313 τουτέστι

2094 1343 2154 1396 τὸ
2185 1343 2401 1414 διχάσαι
2440 1344 2536 1397 καὶ
2566 1345 2802 1415 χωρίσαι
2832 1346 2903 1400 τὰ
2939 1351 3377 1420 συγκεκραμένα
3421 1351 3498 1404 ’⁸.
3535 1354 3688 1421 Atli-

2093 1437 2246 1503 ζεται
2273 1439 2383 1509 γὰρ
2413 1439 2507 1490 καὶ
2536 1437 2871 1508 διακρίνεται
2899 1438 3110 1493 ἕκαστα
3133 1440 3244 1492 τῶν
3296 1444 3685 1513 συγκεκραμέο

2092 1548 2199 1585 νων
2224 1531 2269 1563 ⁷⁹
2298 1530 2502 1583 οἰκείου
2534 1529 2736 1601 χωρίου
2766 1530 3024 1600 τυχόντα.
3063 1530 3152 1594 Ὧς
3181 1533 3297 1603 γάρ
3331 1534 3463 1586 ἐστι
3492 1536 3685 1605 χωρίον

2096 1620 2449 1692 συγκράσεως
2505 1622 2619 1684 τοῖς
2666 1619 2827 1685 ζώοις
2869 1619 3075 1673 ἂπασιν
3129 1621 3212 1687 ἓν,
3272 1623 3434 1676 οὕτω
3471 1626 3570 1677 καὶ
3599 1628 3686 1694 τῆς

405 1726 567 1783 quem
596 1711 745 1765 novit
782 1724 965 1774 nemo,
1003 1709 1199 1780 inquit,
1220 1721 1419 1780 praeter
1445 1725 1544 1767 nos
1573 1710 1740 1776 solos,
1771 1711 1863 1783 qui
1897 1727 1977 1766 re-

2162 1713 2414 1782 ικρίσεως
2446 1712 2789 1784 καθέστηκεν
2821 1712 2912 1778 ἓν,
2944 1712 2973 1766 ὃ
3003 1708 3142 1767 οἶδεν
3172 1714 3384 1778 οὐδεὶς,
3429 1716 3619 1787 φησὶν,
3655 1717 3685 1785 ἢ

404 1805 519 1861 nati
553 1818 743 1861 sumus
798 1802 1133 1873 spirituales,
1177 1819 1285 1859 non
1338 1803 1610 1871 carnales,
1641 1819 1873 1874 quorum
1900 1814 1989 1859 est

404 1898 597 1953 civitas
624 1894 679 1950 in
714 1895 869 1950 cmlis
910 1909 1097 1965 supra.
1135 1894 1216 1949 lla
1263 1896 1566 1949 clanculum
1606 1895 1989 1964 snbreptantes

403 1996 757 2059 corrumpunt
783 1988 1179 2055 auscultantes,
1201 1995 1313 2049 tum
1343 1986 1495 2041 abusi
1521 1986 1701 2054 dictis,
1732 1986 1786 2041 in
1808 1989 1984 2056 quod-

403 2095 617 2150 cunque
636 2078 823 2134 volunt
841 2078 981 2134 male
997 2078 1382 2148 detorquentes
1402 2078 1544 2133 bene
1572 2078 1737 2144 dicta,
1757 2079 1988 2134 abscon-

402 2176 647 2243 duntque
708 2186 866 2228 suum
909 2178 1191 2239 peccatum
1257 2184 1354 2240 per
1410 2186 1762 2241 quascunque
1814 2170 1990 2225 luhnit

402 2265 858 2337 comparationes.
896 2261 1095 2317 Omnia
1127 2262 1313 2333 igitur,
1351 2261 1551 2333 inquit,
1581 2262 1741 2317 sicuti
1781 2263 1983 2317 dictum

400 2367 507 2425 est,
543 2357 826 2413 commista
868 2371 1025 2411 suum
1081 2355 1280 2409 habent
1326 2353 1502 2409 locum
1543 2364 1879 2424 currnntqne
1918 2354 1986 2409 ad

401 2447 698 2504 domestica
731 2461 849 2512 sua,
878 2453 937 2499 ut
985 2443 1188 2500 ferrum
1222 2443 1289 2498 ad
1345 2443 1578 2513 lapidem
1632 2442 1982 2510 Herculeum,

401 2552 458 2596 et
486 2540 636 2611 palea
666 2554 834 2610 prope
862 2539 1148 2601 electrum,
1175 2545 1229 2590 et
1261 2546 1449 2591 centro
1478 2536 1671 2591 marini
1707 2537 1987 2605 accipitris

403 2630 732 2702 propinquat
755 2642 971 2682 aurum.
1009 2626 1084 2681 lla
1138 2626 1433 2694 permistus
1460 2640 1613 2696 aqua:
1639 2625 1859 2681 luminis
1897 2641 1987 2681 ra-

405 2723 546 2786 dius,
584 2720 946 2776 domesticum
1000 2716 1176 2772 locum
1227 2731 1293 2772 ex
1333 2716 1617 2787 disciplina
1663 2727 1719 2771 et
1765 2717 1987 2772 institu-

411 2816 558 2869 tione
592 2813 823 2882 adeptus
850 2854 866 2878 ,
902 2809 1126 2865 festinat
1167 2810 1234 2864 ad
1272 2808 1451 2878 Iogum
1498 2823 1730 2878 superne
1766 2809 1988 2878 degres-

406 2922 524 2960 sum
557 2906 609 2960 in
645 2903 883 2975 imagine
924 2902 1129 2967 servili,
1165 2911 1220 2957 et
1256 2902 1474 2956 exsistit
1506 2916 1630 2955 cum
1683 2901 1805 2971 lego
1831 2900 1986 2971 logus

407 2999 539 3062 illic,
564 2998 655 3053 ubi
693 2997 846 3066 logus
877 3005 979 3062 est,
1033 2994 1414 3050 vehementius
1464 3008 1625 3064 quam
1686 2992 1887 3047 ferrum
1919 2993 1985 3046 ad

2093 1803 2245 1873 μόνοι
2270 1804 2453 1873 ἡμεῖς,
2478 1804 2530 1856 oi
2556 1803 2995 1875 ἀναγεννὼμενοι
3030 1808 3439 1875 πνευματικοὶ,
3473 1808 3539 1860 οὐ
3568 1824 3685 1877 σαρ-

2091 1896 2257 1961 κικοὶ,
2290 1889 2364 1948 ὧν
2397 1895 2512 1948 ἔστι
2542 1895 2605 1947 τὸ
2643 1895 2945 1966 πολίτευμα
2984 1898 3041 1949 ὲν
3070 1897 3332 1968 οὐρανοῖς
3361 1898 3511 1951 ἄνω.
3543 1900 3685 1951 Οὕτω

2092 1985 2512 2057 παρεισδύοντες
2535 1984 2913 2054 διαφθείρουσι
2934 1985 3062 2049 τοὺς
3090 1988 3529 2057 ἀκροωμένους,
3549 1990 3683 2042 ότὲ⁸³

2092 2077 2192 2147 μὲν
2221 2076 2607 2149 ἀποχρώμενοι
2646 2078 2856 2148 ῥητοῖς,
2888 2078 2969 2143 εἰς
3006 2076 3034 2130 ὃ
3078 2075 3299 2131 θέλουσι
3358 2079 3682 2149 συνάγοντες

2089 2166 2277 2231 κακῶς
2309 2169 2377 2221 τὰ
2408 2166 2589 2231 καλῶς
2616 2168 2905 2239 εἰρημένα,
2934 2169 3243 2237 φωλεύουσι
3278 2187 3347 2224 τε
3379 2172 3450 2225 τὸ
3485 2173 3679 2225 ἑαυτῶν

2089 2259 2334 2329 ἀδίκημα
2381 2260 2470 2313 διὰ
2509 2258 2841 2331 παραϐολῶν
2866 2252 2943 2313 ὧν
2974 2258 3285 2330 βούλονται.
3344 2263 3548 2316 Πάντα
3580 2261 3676 2325 οὖν,

2090 2350 2245 2419 φησὶ,
2280 2347 2464 2413 καθὼς
2498 2349 2738 2421 εἴρηται,
2772 2350 2843 2404 τὰ
2887 2367 2991 2419 συγ
3020 2352 3031 2422 |
3064 2352 3400 2423 κεκραμένα
3438 2355 3559 2425 ἔχει
3586 2376 3681 2425 χω-

2092 2442 2208 2514 ρίον
2245 2442 2288 2473 ⁸⁸
2322 2442 2453 2495 ἴδιον
2485 2442 2579 2495 καὶ
2611 2442 2796 2513 τρέχει
2837 2442 2975 2514 πρὸς
3006 2443 3077 2497 τὰ
3102 2447 3310 2510 οίκεῖέὶ,
3348 2447 3436 2510 ὡς
3475 2449 3680 2519 σίδηρος

2088 2536 2225 2605 πρὸς
2242 2535 2287 2567 ⁸³
2302 2536 2402 2607 τὴν
2438 2534 2767 2607 Ἡρακλείαν
2790 2534 2957 2600 λίθον,
2976 2535 3072 2589 καὶ
3096 2536 3157 2589 τὸ
3181 2537 3401 2608 ἄχυρον
3422 2540 3683 2611 ἠλέκτρνρυ

2092 2626 2343 2698 πλησίον,
2375 2626 2471 2680 καὶ
2493 2625 2570 2696 τῷ
2595 2625 2807 2697 κέντρῳ
2841 2625 2888 2658 ⁸³
2917 2626 3011 2680 τοῦ
3038 2626 3346 2681 θαλασσίου
3381 2631 3611 2693 ἱέρακος
3632 2633 3684 2683 τί)

2089 2716 2334 2787 χρυσίον.
2390 2713 2579 2778 Οὕτως
2627 2716 2661 2785 ἡ
2708 2714 2804 2768 τοῦ
2843 2716 3348 2787 καταμεμιγμένον
3394 2719 3486 2791 τῷ
3546 2720 3685 2773 ὕδατι

2089 2800 2267 2869 φωτὸς
2294 2800 2472 2865 ἀκτὶς,
2522 2799 2725 2853 οίκείου
2748 2800 2796 2832 ⁸⁸
2838 2801 3041 2872 χωρίου
3076 2804 3139 2855 ἐκ
3179 2802 3561 2868 διδασκαλίας
3603 2807 3686 2857 καὶ

2092 2892 2381 2965 μαθήσεως
2413 2891 2814 2963 μεταλαϐοῦσα,
2854 2892 3071 2946 σπεύδει
3112 2894 3253 2965 πρὸς
3282 2897 3383 2949 τὸν
3416 2896 3585 2965 λόγον
3605 2900 3685 2949 τὸν

2089 2984 2295 3039 ἄνωθεν
2330 2983 2555 3037 ἐλθόντα
2594 2986 2653 3038 ὲν
2687 2983 2858 3038 εἰκόνι
2886 2983 3127 3055 δουλικῇ,
3154 2985 3253 3038 καὶ
3298 2985 3533 3054 γίνεται
3561 2988 3688 3058 μετὰ

407 3088 728 3144 Herculeum
752 3086 1009 3159 lapidem.
1049 3086 1113 3141 Et
1144 3087 1258 3141 haec
1284 3086 1357 3139 ita
1378 3101 1499 3141 sese
1534 3084 1755 3149 habere,
1786 3085 1977 3153 inquit,

2162 3076 2183 3129 3
2223 3077 2380 3145 λόγου
2410 3076 2568 3146 λόγος
2598 3077 2736 3141 ἐκεῖ,
2777 3077 2911 3130 ὅπου
2963 3076 3121 3146 λόγος
3173 3077 3319 3142 ἐστὶ,
3358 3078 3630 3149 μᾶλλονῆ
3664 3083 3687 3132 ό

405 3181 699 3249 omniaque
725 3178 961 3235 discerni
992 3178 1047 3232 in
1096 3176 1406 3233 domesticis
1439 3175 1593 3231 locis
1620 3175 1875 3245 permista
1912 3176 1989 3228 di.

405 3271 566 3325 scito.
593 3267 795 3323 Puteus
823 3275 910 3323 est
935 3267 988 3322 in
1019 3266 1203 3322 Persis
1233 3266 1285 3321 in
1324 3266 1459 3321 urbe
1503 3264 1675 3334 Ampa
1718 3264 1870 3333 juxta
1897 3263 1987 3318 'l'i-

405 3359 544 3429 grim
578 3356 821 3414 ﬂuvium.
856 3357 1206 3411 Exstructum
1236 3366 1414 3411 autem
1434 3365 1517 3411 est
1539 3356 1606 3410 ad
1608 3354 1985 3428 ,214-215

406 3461 563 3521 caput
600 3450 745 3521 putei
770 3448 1172 3519 receptaculum
1194 3448 1462 3519 quoddam
1496 3449 1698 3502 habens
1728 3461 1837 3503 tres
1867 3463 1988 3503 car-

404 3559 561 3600 ceres
586 3559 616 3598 a
641 3557 783 3599 sese.
812 3542 891 3598 Ex
924 3557 1031 3613 quo
1054 3551 1217 3612 puteo
1244 3540 1333 3595 ubi
1363 3541 1485 3611 quis
1530 3542 1773 3595 hauserit
1822 3542 1988 3596 cado-

405 3651 512 3708 que
531 3635 831 3692 extraxerit
870 3649 936 3691 ex
964 3645 1125 3705 puteo
1178 3634 1433 3689 haustum
1479 3636 1843 3705 quodcunque
1876 3646 1989 3691 tan.

405 3729 526 3784 dem
555 3738 639 3783 est
663 3727 863 3783 infudit
912 3728 964 3783 in
1006 3727 1261 3797 adjaceus
1310 3727 1739 3797 receptaculum.
1785 3727 1984 3783 Fusum

403 3828 585 3875 autem
617 3819 709 3875 ubi
737 3819 885 3874 venit
907 3818 974 3874 ad
1006 3833 1280 3885 carceres,
1324 3818 1379 3873 in
1426 3833 1535 3874 uno
1580 3818 1803 3875 vasculo
1838 3835 1987 3875 rece-

404 3920 555 3983 ptum
587 3911 938 3978 discernitur,
971 3920 1027 3966 et
1056 3911 1110 3965 in
1134 3911 1310 3980 primo
1340 3911 1558 3980 quidem
1589 3911 1671 3966 sal
1699 3921 1987 3968 concretus

404 4002 714 4067 exhibetur,
746 4002 798 4057 in
841 4002 1013 4058 altero
1048 4011 1230 4056 autem
1281 4017 1561 4057 carcerum
1598 4002 1897 4071 asphaltus,
1934 4003 1987 4057 in

406 4094 566 4151 tertio
588 4104 769 4149 autem
800 4095 1000 4149 oleum.
1043 4092 1238 4147 Atrum
1307 4103 1486 4149 autem
1535 4102 1620 4149 est
1657 4091 1868 4159 'oleum,
1906 4104 1985 4161 ut,

402 4185 600 4257 inquit,
629 4187 793 4241 etiam
818 4185 1127 4242 Herodotus
1168 4196 1378 4253 narrat,
1398 4196 1457 4242 et
1485 4187 1707 4242 odorem
1740 4190 1989 4258 praebens

402 4290 643 4346 gravem,
687 4276 1014 4331 rhadinacen
1044 4286 1225 4331 autem
1265 4277 1318 4331 id
1352 4275 1532 4333 Persa:
1576 4291 1790 4334 vocant.
1823 4277 1987 4332 Suffl-

404 4367 604 4431 ciebat,
644 4367 893 4436 inquiunt
954 4365 1226 4431 Sethiani,
1271 4368 1338 4423 ad
1392 4369 1875 4424 demonstrandum
1931 4370 1984 4426 id

403 4459 546 4528 quod
573 4458 904 4529 propositum
944 4468 1029 4514 est
1067 4460 1209 4528 putei
1256 4459 1556 4517 similitudo
1607 4462 1775 4531 magis
1819 4476 1980 4530 quam

403 4550 583 4605 omnia
617 4566 737 4621 qua:
764 4561 922 4606 antea
959 4553 1099 4605 dicta
1136 4562 1284 4606 sunt.

470 4808 809 4863 22.Alittinle
833 4810 1042 4864 videtur
1074 4808 1230 4863 nobis
1270 4808 1541 4864 declarata
1592 4824 1714 4865 esse
1765 4810 1977 4866 Sethia-

404 4916 593 4955 norum
640 4903 929 4954 sententia.
970 4897 1064 4952 Sin
1105 4900 1227 4968 quis
1268 4914 1484 4953 omnem
1543 4902 1842 4957 secundum
1884 4917 1981 4959 eos

2090 3168 2308 3239 σίδηρος
2351 3167 2489 3239 πρὸς
2527 3167 2626 3240 τὴν
2667 3168 2997 3240 Ἡρακλείαν
3044 3168 3213 3223 λίθον.
3250 3170 3371 3223 Καὶ
3420 3172 3514 3224 ὅτι
3544 3171 3687 3225 ταῦθ’

2087 3252 2262 3319 οὕτως
2314 3255 2447 3327 ἔχει,
2485 3256 2639 3327 φησὶ,
2670 3257 2765 3309 καὶ
2812 3256 2990 3311 πάντα
3042 3257 3402 3329 διακρίνεται
3449 3262 3545 3313 ἐπὶ
3588 3261 3687 3315 τῶν

2087 3347 2304 3400 οίκείων
2364 3348 2546 3401 τόπων
2615 3348 2685 3403 τὰ
2756 3349 3184 3421 συγκεκραμένα
3257 3352 3331 3417 ⁸⁸,
3422 3354 3681 3423 μάνθανε.

2087 3439 2271 3510 Φρέαρ
2302 3440 2449 3492 ἐστὶν
2501 3440 2560 3492 ὲν
2608 3440 2847 3513 Πέρσαις
2898 3444 2956 3495 ὲν
2988 3443 3182 3513 ’Δμπῃ
3217 3442 3268 3475 ⁸⁸
3326 3444 3499 3498 πόλει
3547 3447 3683 3515 παρὰ

2088 3528 2181 3581 τὸν
2217 3526 2410 3598 Τίγριν
2461 3529 2707 3599 ποταμόν
2730 3545 2746 3560 ·
2784 3530 3133 3600 ᾠκοδόμηται
3161 3531 3219 3585 δὲ
3273 3530 3355 3603 [ρ.
3404 3535 3539 3589 147.
3574 3534 3680 3607 H5]

2090 3619 2245 3691 παρὰ
2264 3621 2327 3673 τὸ
2354 3620 2532 3692 φρέαρ
2569 3620 2683 3674 ἄνω
2709 3619 2979 3694 δεξαμενή
3012 3639 3097 3685 τις
3127 3623 3335 3693 ἔχουσα
3364 3627 3532 3697 τρεῖς
3560 3628 3682 3693 ἁτε-

2087 3713 2285 3785 τηρίας
2336 3711 2433 3766 ἀπ’
2496 3712 2688 3783 αὐτῆς.
2745 3707 2820 3766 Oi:
2876 3714 3111 3785 φρέατος
3157 3715 3459 3787 ἀντλήσας
3516 3718 3684 3788 xm

2088 3803 2395 3873 ἀνενέγκας
2428 3803 2489 3857 τὸ
2521 3803 2631 3857 ἀπὸ
2674 3802 2767 3856 τοῦ
2800 3804 3036 3875 φρέατος
3075 3806 3349 3875 ἀντληθὲν
3388 3809 3423 3861 ὅ
3476 3826 3533 3862 τι
3558 3809 3682 3861 ποτέ

2093 3895 2264 3957 ἐστιν,
2295 3894 2449 3965 ἔχεεν
2480 3895 2560 3957 είς
2587 3893 2686 3965 τὴν
2714 3896 3133 3966 παρακειμένην
3165 3896 3493 3969 δεξαμενήν
3513 3917 3527 3929 ·
3554 3900 3615 3952 τὸ
3634 3900 3682 3951 εἰ

2088 3987 2252 4059 χυθὲν
2287 3988 2440 4041 ἐλθὸν
2490 3990 2585 4041 ἐπὶ
2616 3987 2717 4051 τὰς
2761 3989 3067 4061 ἁφετηρίας
3099 3991 3159 4043 ὲν
3190 3990 3277 4043 ἑνὶ
3324 3992 3529 4046 σκεύει
3558 3996 3681 4047 ἀγα-

2088 4079 2295 4149 ληφθὲν
2325 4080 2681 4148 διακρίνεται.
2706 4080 2820 4133 Καὶ
2851 4082 2909 4134 ὲν
2935 4082 3036 4151 μὲν
3060 4080 3256 4154 πρώτῃ
3280 4083 3428 4148 ἃλας
3460 4086 3507 4117 ι’
3549 4104 3677 4155 πηγ-

2089 4168 2317 4240 νύμενον
2373 4170 2669 4233 δείκνυται,
2725 4171 2784 4223 ὲν
2844 4170 3011 4242 ἑτέρᾳ
3067 4173 3127 4225 δὲ
3187 4174 3305 4228 τῶν
3362 4178 3677 4248 ἀφετηρώ

2089 4260 2386 4328 ἄσφαλτος,
2416 4262 2474 4315 ὲν
2502 4261 2560 4314 δὲ
2608 4264 2674 4331 τῇ
2710 4263 2867 4335 τρίτῃ
2914 4263 3115 4318 ἔλαιον.
3150 4266 3344 4318 Μέλαν
3378 4268 3441 4321 δέ
3476 4273 3591 4323 ἐστι
3626 4272 3675 4321 τὸ

2089 4353 2290 4417 ἔλαιον,
2312 4352 2407 4419 ὡς,
2444 4353 2576 4425 φησὶ
2597 4354 2666 4419 ⁸⁸,
2691 4356 2784 4408 καὶ
2818 4355 3102 4426 Ἡρόδοτος
3123 4357 3356 4429 ἱστορεῖ,
3396 4362 3499 4414 καὶ
3515 4362 3673 4431 ὀσμὴν

2090 4444 2464 4514 παρεχόμενον
2494 4444 2748 4517 βαρεῖανο
2790 4447 3087 4518 ῥαδινάκην
3108 4447 3166 4501 δὲ
3204 4450 3348 4503 αὐτὸ
3392 4456 3448 4507 οἱ
3480 4455 3669 4523 Πέρσαι

2090 4536 2371 4593 καλοῦσιν.
2405 4539 2627 4611 Ἤρκει,
2674 4540 2836 4609 φασὶν
2867 4542 2917 4594 oi
2956 4541 3235 4612 Σηθιανοὶ,
3280 4546 3431 4616 πρὸς
3466 4550 3667 4603 ἀπόδει-

2090 4629 2172 4693 ξιν
2192 4629 2286 4683 τοῦ
2312 4632 2677 4701 προκειμένου
2712 4634 2745 4703 ἡ
2778 4633 2874 4686 τοῦ
2905 4635 3141 4706 φρέατος
3162 4636 3441 4711 ὁμοιότης
3470 4642 3667 4695 πάντων

2090 4719 2290 4789 μᾶλλον
2313 4720 2423 4772 τῶν
2462 4720 2896 4792 προειρημένων.

2162 4810 2266 4881 ιβ’.
2308 4810 2534 4876 Ἰκανῶς
2575 4813 2722 4866 δοκεῖ
2748 4814 2878 4883 ἡμῖν
2934 4816 3341 4888 σεσαφηνίσθαι
3384 4821 3437 4854 ⁸⁸
3490 4825 3526 4895 ἡ
3579 4822 3668 4875 τῶν

2089 4903 2367 4976 Σηθιανῶν
2400 4905 2617 4977 γνώμη.
2670 4908 2734 4960 Et
2770 4907 2829 4961 δέ
2876 4924 2962 4970 τις
2991 4908 3124 4980 ὅλην
3160 4910 3267 4982 τὴν
3305 4917 3442 4968 κατ’
3492 4918 3673 4976 abegi,-

1691 5055 1923 5112 VARIE
1965 5055 2373 5117 LECTlONES.

474 5211 516 5242 “
543 5209 743 5280 εὑρέθη
766 5208 825 5263 C.

399 5282 447 5313 τι
472 5279 931 5351 κατεμάνθανεβ.
1028 5281 1079 5351 Ῑ⁶
1100 5279 1255 5333 οὕτω
1288 5279 1348 5334 τὸ
1377 5282 1439 5335 τὸ
1466 5282 1525 5337 C.

923 5209 971 5241 ’⁸
998 5211 1126 5285 οζνῳ
1146 5210 1441 5285 διακρίνει.
1480 5212 1740 5285 ,λαξνωδίαί
1763 5214 1939 5285 κρήνη
1970 5214 2034 5281 C,
2071 5214 2142 5270 Μ.

2239 5216 2285 5247 ’⁷³
2304 5215 2429 5294 κῇν.
2466 5217 2561 5294 κα).
2608 5216 2712 5271 κᾶν
2740 5216 2821 5294 μϐ,
2852 5215 2955 5294 ικ-
3019 5218 3596 5294 ’δλσυγκεκραμμέη
3626 5222 3679 5277 (ζ,

1629 5284 1671 5364 _"
1705 5284 2021 5364 C_l‘.Matth.
2055 5302 2115 5364 Ξ,
2148 5285 2218 5340 54
2252 5303 2267 5339 :
2304 5287 2395 5356 Μὴ
2425 5286 2684 5364 νομίσητε
2737 5288 2817 5364 δτι
2859 5284 3024 5358 ἦλθον
3077 5284 3267 5359 βαλεῖν
3322 5284 3571 5364 εἰρήνην
3604 5298 3685 5345 επὶ

397 5353 499 5437 Ξὴν
525 5345 662 5437 γιῗιθ·
693 5350 792 5437 οξεκ
818 5345 979 5437 ἦλθον
1016 5350 1196 5437 iam?!
1220 5354 1479 5437 ,εέρήϊῖλνο
1515 5352 1978 5437 spissam?-
2055 5345 2676 5437 ’.ἷσυγκεῖεράεμῖέιαῖὲ-
2753 5359 2798 5389 ⁷³
2828 5345 3349 5437 ﬁrmantes-3w
3522 5345 3582 5396 ""
3606 5366 3687 5416 ὁτὲ

398 5419 488 5506 διε
541 5419 609 5475 θοι
713 5419 984 5506 ῖῑηιωριογ
1011 5419 1103 5474 οὖν
1134 5423 1176 5506 c.
1207 5419 1438 5506 ροδγίωι

399 5492 589 5562 κίδιμει
620 5506 671 5560 p.
707 5490 828 5555 198,
862 5490 989 5562 56η
1019 5490 1227 5562 κερκίς.

1304 5442 1350 5523 ἕξ
1370 5423 1438 5506 ill.
1488 5424 1561 5523 ‘3'
1591 5423 1803 5514 σέδηρος
1835 5423 1990 5523 τξρός.
2030 5426 2248 5523 σίδηρος
2277 5423 2347 5481 (3.⁷
2412 5423 2466 5523 δῖ
2493 5425 2569 5512 τις)
2601 5423 3048 5523 κέντρῳ.ιρυμξξ’
3086 5423 3139 5500 ρ’.
3160 5423 3313 5495 ἸἹὶ,
3355 5436 3419 5523 li
3452 5441 3687 5523 τῇηκεξ-

1330 5493 1350 5524 ⁵
1385 5493 1562 5573 ἀκτὶς,
1601 5493 1803 5573 ὥκείου
1823 5493 2034 5573 οἰκείου
2055 5498 2115 5562 C,
2135 5493 2376 5573 ’δύναμις
2404 5493 2607 5573 οἰκείου
2639 5493 2793 5573 susp.
2830 5493 3031 5573 ML“:
3058 5493 3595 5573 συγκεκριμέναἿΖ,
3628 5493 3665 5557 il

397 5543 1069 5649 'apfg.hjam_c,iug
1089 5543 1227 5616 'Cnl'
1254 5543 1799 5649 ιιρτίίιίὶέὶῗξχιζξὸῗ
1822 5543 2951 5638 ἔτ”έζῌὲξὲτρὦξτῖἑιᾶᾱξῗέἶ’μξι;”’ἑί)ὶαξ’ὶ;,
2980 5543 3121 5627 at."
3137 5543 3497 5649 ’δι’ἓέἇῖ
3511 5543 3595 5635 ὅ]
3616 5543 3688 5630 Et:

400 5618 769 5697 llerodoti'vn,
798 5618 923 5685 1-1.9.
957 5618 968 5626 ’
1025 5634 1069 5666 ⁸³
1104 5618 1527 5705 σεσαφηνεῖσθαι
1553 5636 1591 5689 C
