3804 6220
202 263 342 333 3191

1326 256 1621 322 CONTRA
1653 256 2017 321 HIERESES
2050 260 2194 321 LIB.
2232 262 2297 324 V.

3294 260 3434 325 3192

205 370 591 444 πραγματείαν
630 369 877 443 βούλεται
911 369 1127 442 μαθεῖν,
1184 369 1452 441 ἐντυχέτω
1498 368 1687 440 βιϐλίῳ
1720 365 1768 398 ’°

1892 370 2167 425 loctrinam
2202 371 2345 426 volet
2387 382 2735 438 cognoscere,
2768 368 3021 441 inspiciat
3078 370 3297 438 librum,
3341 376 3433 444 qui

206 464 632 537 ἐπιγραφομένῳ
672 464 829 534 Παρά
860 463 870 532 Ι
902 480 1103 534 φρασις
1140 462 1247 533 Σήθ
1268 479 1282 493 ·
1323 462 1501 515 πάντα
1557 460 1667 531 γὰρ
1702 459 1772 513 τὰ

205 557 494 628 ἀπόρρητα
522 556 700 609 αὐτῶν
722 557 839 608 ἐκεῖ
870 555 1091 625 εὑρήσει
1118 553 1431 633 ἐγκείμενα.
1478 552 1618 606 Ἀλλ’
1642 553 1764 604 ἐπεὶ

203 646 279 701 τὰ
302 648 444 701 κατά
476 648 599 709 τοὺς
624 646 918 716 Σηθιανοὺς
951 645 1267 716 ἐξεθέμεθα,
1298 644 1497 714 ἴδωμεν
1516 644 1635 696 τίνα
1656 643 1773 695 ἐστὶ

205 738 303 793 καὶ⁵
333 739 403 792 τὰ
448 739 717 809 ’Ῑουστίνῳ
750 738 1031 793 δοκοῦντα.

276 837 385 900 κγ’.
424 831 708 893 ’Ῑουστῖνος
737 830 915 902 πάντη
936 829 1180 892 ἐναντίος
1207 831 1274 899 τῇ
1295 828 1404 881 τῶν
1434 828 1602 896 ἁγίων
1632 828 1774 897 Γρα-

208 922 327 992 φῶν
359 923 651 992 γενόμενος
677 921 887 993 διδαχῇ,
915 921 1137 991 προσέτι
1161 921 1218 974 δὲ
1248 920 1344 974 καὶ⁵
1368 924 1434 992 τῇ
1462 921 1571 975 τῶν
1598 938 1775 991 μακα-

207 1012 341 1084 ρίων
377 1011 775 1081 εύαγγελιστῶν
814 1013 1075 1082 ἐγγράφῳ
1102 1013 1144 1044 ⁹¹
1173 1014 1348 1082 φωνῇ,
1379 1012 1454 1075 ὡς
1495 1011 1774 1064 ἐδίδασκεν

202 1104 235 1157 ὁ
267 1104 441 1173 Λόγος
466 1104 594 1167 τοὺς
642 1103 891 1174 μαθητὰς
920 1103 1093 1172 λέγων
1113 1121 1128 1136 ·
1158 1107 1261 1169 Είς
1311 1102 1455 1156 ὀδόν
1476 1101 1666 1156 ἐθνῶν
1684 1102 1770 1171 μὴ

204 1194 509 1261 ἀπέλθητε
532 1196 600 1260 ⁸⁸,
630 1195 767 1266 ὅπερ
789 1195 941 1264 δηλοῖ
973 1195 1047 1264 μὴ
1065 1194 1352 1265 προσέχειν
1375 1196 1441 1264 τῇ
1461 1193 1568 1246 τῶν
1604 1192 1773 1246 ἐθνῶν

208 1287 417 1357 ματαίᾳ
466 1286 802 1357 διδασκαλίᾳ,
829 1278 983 1349 οὗτος
1023 1285 1116 1338 ἐπὶ
1162 1284 1230 1338 τὰ
1266 1284 1433 1337 ἐθνῶν
1487 1285 1774 1355 τερατολο-

206 1377 451 1447 γούμενα
484 1378 579 1429 καὶ
610 1376 973 1447 διδασκόμενα
1015 1378 1310 1444 ἀναγαγεῖν
1364 1378 1623 1447 πειρᾶται
1651 1377 1777 1438 τοὺς

206 1469 612 1537 ἀκροωμένους,
632 1467 906 1533 αύτολεξεὶ
929 1468 997 1521 τὰ
1031 1469 1161 1539 παρ’
1183 1467 1405 1537 Ἕλλησι
1438 1467 1777 1538 μυθευόμενα

205 1557 583 1628 διηγούμενος,
631 1557 754 1612 οὔτε
784 1559 1050 1629 πρότερον
1080 1557 1296 1623 διδάξας
1348 1557 1471 1610 οὔτε
1500 1557 1777 1629 παραδοὺς

206 1649 270 1701 τὸ
305 1650 508 1703 τέλειον
542 1649 705 1703 αὑτοῦ
749 1652 1068 1721 μυστήριον,
1099 1653 1147 1704 εί
1196 1651 1271 1722 μὴ
1304 1651 1451 1721 ὅρκῳ
1506 1650 1644 1721 δήσῃ
1683 1649 1775 1702 τὸν

1874 461 2186 516 inscribitur
2241 462 2592 531 Paraphrasis
2634 462 2788 517 Setb.
2821 461 3012 518 Omnia
3062 465 3204 518 enim
3236 480 3469 522 arcana,

1873 566 2059 607 eorum
2089 553 2159 607 ibi
2189 554 2425 607 inveniet
2469 553 2722 623 reposita.
2753 553 2857 609 Sed
2894 564 3175 625 postquam
3229 555 3463 611 Sethia-i

1874 658 2066 696 norum
2118 646 2332 698 decreta
2379 645 2775 709 enarravimus,
2820 645 3101 700 videamus
3148 646 3312 702 etiam
3350 662 3436 711 ea,

1872 748 1993 801 quae
2018 731 2231 787 Justino
2260 733 2594 801 placuerunt.

1944 822 2302 881 23.1ustinus
2340 826 2409 880 ab
2433 826 2579 880 omni
2619 838 2768 895 parte
2809 842 3083 882 sacrarum
3129 828 3441 900 Scriptura-

1876 930 1993 969 rnm
2052 917 2331 980 doctrinae,
2382 926 2642 985 praeterea
2696 926 2874 971 autem
2938 922 3099 973 etiam
3161 923 3466 976 beatorum.

1873 1007 2321 1077 evangelistarum
2373 1009 2687 1064 adversatus
2742 1010 2942 1078 scripto
2980 1021 3253 1079 concepta:
3303 1015 3442 1080 voci,

1877 1110 1934 1153 ut
1968 1100 2198 1154 docebat
2250 1100 2424 1170 Logus
2458 1100 2751 1168 discipulos
2786 1103 3008 1158 dicens:
3042 1102 3110 1157 In
3151 1105 3289 1158 ciam
3320 1121 3446 1173 gen-

1875 1193 2005 1245 tium
2044 1208 2106 1245 ne
2151 1193 2407 1255 abierilis,
2454 1194 2597 1262 quod
2636 1195 2854 1262 quidem
2903 1195 3197 1265 significat,
3229 1211 3295 1251 ne
3324 1197 3446 1266 quis

1877 1296 2036 1339 aures
2070 1285 2302 1352 praebeat
2330 1286 2668 1339 ethnicorum
2702 1300 2851 1339 vana;
2875 1286 3240 1351 doctrinae,—
3265 1289 3349 1343 hic
3377 1289 3447 1342 ad

1876 1375 2215 1429 ethnicorum
2263 1376 2580 1432 miraculosa
2620 1386 2924 1432 commenta
2949 1386 3004 1432 et
3044 1378 3238 1447 placita
3274 1388 3447 1435 retra-

1880 1465 2010 1518 here
2045 1465 2233 1518 nititur
2258 1465 2646 1533 auscultantes,
2678 1467 2809 1535 ipsis
2837 1469 3015 1525 verbis
3053 1470 3190 1538 apud
3228 1468 3448 1524 Graecos

1881 1553 2124 1610 fabulose
2156 1565 2372 1610 narrata
2415 1557 2748 1623 edisserens,
2816 1573 2990 1627 neque
3024 1561 3174 1627 prius
3224 1560 3446 1621 docens,

1880 1662 2053 1716 neque
2106 1648 2326 1703 tradens
2374 1648 2673 1718 perfectum
2742 1663 2899 1705 suum
2950 1652 3288 1721 mysterium,
3342 1652 3446 1705 nisi

207 1738 583 1810 πλανώμενον.
634 1742 864 1796 Ἔπειτα
903 1743 1028 1806 τοὺς
1075 1742 1275 1812 μύθους
1311 1740 1641 1812 παρατίθησι
1672 1741 1775 1810 ψυ-

1900 1739 2227 1806 urejurando
2266 1741 2585 1794 astrinxerit
2616 1741 2923 1795 seductum.
2973 1740 3179 1796 Deinde
3238 1741 3451 1797 fabulas

206 1832 489 1900 χαγωγίας
516 1832 699 1904 χάριν,
734 1834 882 1897 ὃπως
905 1835 956 1887 oi
988 1834 1415 1904 ἐντυγχάνοντες
1449 1835 1515 1905 τῇ
1561 1832 1669 1886 τῶν
1697 1832 1778 1902 βί-

208 1922 355 1976 ϐλων
380 1923 669 1996 ἀναρίθμῳ
698 1926 940 1997 φλυαρίᾳ
990 1926 1339 1997 παραμύθιον
1380 1926 1541 1995 ἔχωσι
1572 1925 1640 1979 τὰ
1675 1943 1775 1995 μυ-

86 2062 91 2065 .
206 2014 479 2085 θευόμενα
519 2015 599 2084 (ὃν
627 2017 827 2087 τρόπον
865 2017 919 2070 εί
966 2035 1047 2082 τις
1093 2018 1210 2071 ὁδὸν
1259 2020 1475 2090 μακρὰν
1526 2017 1777 2089 βαδίζων,

212 2108 547 2177 παρατυχὼν
578 2107 919 2179 καταλύματι
946 2109 992 2141 ⁸⁸
1023 2108 1400 2165 ἀναπαύεσθαι
1454 2110 1643 2176 δοκεῖ),
1686 2110 1781 2164 καὶ

207 2195 386 2261 οὕτως
414 2198 573 2252 πάλιν
606 2200 699 2252 ἐπὶ
743 2199 841 2269 τὴν
868 2200 976 2254 τῶν
1006 2200 1448 2270 ἀναγνωσμάτων
1480 2202 1781 2272 τραπέντες

209 2288 584 2360 πολυμάθειαν
633 2291 708 2362 μὴ
746 2293 1070 2363 μισήσωσιν,
1118 2293 1221 2355 ἕως
1250 2292 1343 2344 ἐπὶ
1383 2292 1442 2344 τὸ
1470 2292 1563 2345 ὑπ’
1615 2291 1780 2344 αὑτοῦ

209 2381 603 2452 τεχναζόμενον
651 2382 907 2453 άνόμημα
965 2383 1055 2437 διὰ
1115 2384 1374 2437 πλειόνων
1424 2382 1781 2453 ἐξηχηθέντες

210 2474 501 2543 ὁρμήσωσι
530 2475 900 2543 τετυφωμένοι
933 2476 1000 2540 “,
1052 2474 1145 2536 οὒς
1177 2477 1422 2545 φρικτοῖς
1472 2477 1782 2546 καταδήσας

214 2562 485 2633 πρότερον
510 2563 689 2634 ὅρκοις
726 2567 861 2634 μήτε
889 2565 1125 2628 ἐξειπεῖν
1155 2567 1292 2635 μήτε
1330 2566 1630 2634 ἀποστῆναι
1657 2568 1786 2635 ὁμο-

213 2651 400 2721 λογεῖν
439 2655 777 2723 ἀναγκάσας,
807 2655 949 2709 οὕτω
989 2656 1327 2726 παραδίδωσι
1359 2658 1428 2709 τὰ
1476 2657 1565 2709 ὑπ’
1616 2654 1782 2709 αὐτοῦ

212 2744 566 2816 ἐφευρημένα
593 2744 730 2816 μετὰ
761 2746 1015 2809 ἀσεϐείας
1050 2747 1347 2818 μυστήρια,
1382 2748 1458 2817 πῆ
1497 2746 1615 2817 μὲν,
1644 2746 1787 2799 καθά

213 2836 587 2908 προείπομεν,
666 2836 856 2906 μύθοις
914 2837 1247 2908 Ἑλληνικοῖς
1296 2839 1660 2908 χρησάμενος,
1706 2838 1784 2909 πῆ

215 2922 304 2998 [ρ.
338 2926 639 2998 148-150]
680 2927 736 2979 δὲ
789 2929 1331 2999 παραπεποιημένοις
1371 2928 1594 2999 βιϐλίοις
1643 2930 1786 2984 κατά

1879 1837 2100 1905 apponit
2129 1836 2455 1891 delinimenti
2494 1837 2664 1907 gratia
2686 1876 2702 1902 ,
2733 1844 2809 1902 ut,
2850 1836 2943 1905 qui
2980 1837 3333 1905 cognoverint
3364 1836 3450 1890 in-

1881 1929 2088 1981 finitam
2128 1928 2389 1983 librorum
2421 1928 2765 1992 inanitatem,
2803 1928 3169 1983 solamentum
3220 1927 3454 1981 habeant

1880 2018 2091 2074 fabulas
2114 2019 2585 2089 (quemadmodum
2604 2018 2649 2073 si
2666 2019 2788 2088 quis
2813 2019 2956 2072 viam
2979 2018 3194 2087 longam
3220 2017 3451 2083 faciens,

1881 2124 2004 2164 cum
2051 2110 2237 2164 incidit
2288 2110 2343 2164 in
2390 2110 2786 2177 diversorium,
2839 2109 3178 2180 requiescere
3232 2109 3287 2163 in
3334 2112 3454 2163 aui—

1882 2216 2025 2253 umm
2064 2200 2307 2269 inducit),
2341 2209 2395 2254 et
2429 2200 2502 2254 ita
2555 2214 2746 2254 rursus
2793 2199 2845 2253 iu
2884 2198 3174 2254 lectionum
3202 2199 3454 2254 conversi

1882 2291 2128 2347 diffusam
2153 2292 2517 2363 cognitionem
2552 2306 2621 2347 ne
2654 2303 3031 2360 aspernentur,
3057 2292 3227 2346 donec
3258 2291 3325 2345 ad
3355 2298 3455 2344 uo-

1884 2384 1996 2438 lose
2033 2383 2320 2438 confictum
2357 2385 2473 2452 ejus
2519 2383 2933 2438 deliramentum
2981 2398 3077 2452 per
3133 2383 3285 2452 plura
3316 2382 3454 2453 (anno

1883 2475 2067 2545 bages)
2109 2476 2380 2531 excantati
2414 2484 2574 2529 ruant
2610 2472 2828 2539 sufﬂati,
2872 2491 3011 2542 quos
3043 2491 3169 2531 cum
3216 2475 3456 2530 horribi-

1885 2568 2026 2621 libus
2056 2568 2205 2637 prius
2230 2566 2551 2635 iuramentis
2612 2566 2909 2621 obstrinxit
2959 2576 3015 2621 et
3056 2581 3232 2637 neque
3275 2566 3456 2635 eloqui

1885 2674 2060 2730 neque
2086 2661 2388 2715 desciscere
2440 2673 2561 2715 sese
2588 2659 2842 2715 addicere
2874 2660 3176 2731 coegit,sic
3213 2661 3377 2714 tradit
3424 2675 3457 2714 a

1887 2766 2008 2806 sese
2058 2760 2267 2820 reperta
2308 2766 2404 2819 per
2446 2751 2780 2820 impietatem
2830 2766 3049 2817 arcana,
3087 2759 3220 2816 tum,
3249 2760 3304 2804 ut
3329 2766 3462 2820 prat-

1888 2844 2144 2907 diximus,
2184 2844 2543 2914 216-217
2573 2843 2769 2898 fabulis
2798 2859 2932 2898 usus
2953 2843 3309 2908 Graecanicis,
3345 2853 3459 2897 tum

1888 2933 2248 3003 supposititiis
2283 2935 2437 2987 libris
2485 2934 2664 3003 aliqua
2707 2947 2773 2988 ex
2825 2942 2980 3002 parte
3037 2933 3449 2989 similitudinem

210 3032 271 3069 τι
296 3018 743 3087 παρεμφαίνουσι
785 3022 904 3082 ταῖς
935 3020 1361 3091 προειρημέναις
1394 3021 1690 3091 αἱρέσεσιν.
1723 3021 1780 3075 01

1892 3026 2252 3080 referentibus
2312 3025 2596 3079 haeresium
2654 3038 2816 3093 supra
2874 3025 3162 3081 dictarum.
3207 3024 3457 3081 Universi

215 3109 425 3171 πάντες
450 3110 560 3179 γάρ
592 3110 673 3163 ἐνὶ
711 3108 981 3179 πνεύματι
1016 3111 1411 3181 συνωθούμενοι
1439 3115 1517 3175 είς
1553 3112 1649 3166 ἕνα
1696 3111 1787 3182 βυ·
1824 3108 1875 3192 ί

216 3200 318 3253 θὺν
351 3201 571 3271 ἀμάρας
621 3202 957 3270 συνάγονται,
1005 3204 1153 3256 ἄλλοι
1194 3205 1368 3267 ἄλλως
1414 3204 1484 3257 τὰ
1525 3204 1665 3258 αὐτὰ
1710 3205 1789 3259 δι-

215 3290 519 3362 ηγούμενοι
548 3293 644 3346 καὶ
673 3293 1025 3363 μυθεύοντες’
1069 3291 1211 3349 οὗτοι
1244 3297 1302 3349 δὲ
1338 3296 1482 3359 ἰδίως
1515 3298 1562 3349 oi
1590 3297 1788 3360 πάντες

211 3384 555 3450 γνωστικοὺς
612 3384 837 3448 ἑαυτοὺς
867 3386 876 3454 |
909 3386 1261 3449 ἀποκαλοῦσι,
1319 3388 1417 3459 τὴν
1482 3387 1791 3458 θαυμασίαν

212 3472 426 3541 γνῶσιν
482 3474 576 3528 τοῦ
614 3475 817 3530 τελείου
862 3476 957 3530 καὶ
1009 3478 1213 3547 ἀγαθοῦ
1254 3479 1403 3549 μόνοι
1460 3496 1794 3533 καταπεπω-

212 3563 382 3628 κότες
404 3564 470 3619 ⁸⁵.

293 3656 397 3712 κδ’.
424 3660 632 3729 Ὀμνυε
660 3661 738 3726 δὲ,
767 3662 932 3731 φησὶν
956 3662 1264 3727 Ἰουστῖνος,
1291 3665 1340 3717 εί
1367 3664 1569 3732 γνῶναι
1598 3664 1791 3730 θέλεις,

211 3750 257 3806 ἆ
284 3752 594 3823 ὀφθαλμὸς
630 3754 676 3788 ⁸⁸
718 3756 829 3809 οὐκ
857 3752 1000 3819 εἶδε,
1053 3756 1151 3810 καί
1201 3752 1311 3822 οὖς
1357 3758 1469 3811 οὐκ
1501 3757 1793 3826 ἤκουσεν,

215 3843 372 3898 οὐδὲ
419 3845 518 3898 ἐπὶ
562 3846 815 3913 καρδίαν
864 3847 1179 3916 ἀνθρώπου
1216 3847 1423 3917 ἀνέϐη,
1468 3849 1557 3904 τὸν
1613 3852 1796 3904 ἐπάνω

216 3935 449 3990 πάντων
487 3937 707 4005 ἀγαθὸν,
733 3939 802 4006 ⁸⁷,
837 3940 927 3993 τὸν
968 3940 1259 4011 ἀνώτερον,
1311 3941 1524 4011 ἀρῤητα
1566 3941 1796 4010 φυλάξαι

216 4025 297 4079 τὰ
327 4025 429 4095 τῆς
454 4026 801 4091 διδασκαλίας
834 4030 1113 4099 σιγώμενα
1134 4046 1149 4062 ⁸
1184 4031 1278 4083 καὶ
1301 4032 1408 4101 γὰρ
1428 4032 1521 4085 καὶ
1549 4033 1577 4085 ὁ
1615 4031 1797 4094 πατὴρ

216 4118 256 4184 ἡ
265 4115 411 4185 μῶν,
438 4115 563 4169 ἰδὼν
589 4117 681 4169 τὸν
704 4118 907 4185 ἀγαθὸν
941 4120 1032 4171 καὶ
1057 4119 1332 4183 τελεσθεὶς
1363 4123 1493 4191 παρ’
1528 4122 1697 4192 αὐτῷ,
1729 4122 1797 4175 τὰ

216 4207 334 4273 τῆς
366 4205 522 4275 σιγῆς
552 4207 765 4278 ἀρῤήτα
814 4208 1067 4277 ἐφύλαξε,
1127 4210 1223 4262 καὶ
1254 4209 1437 4279 ὤμοσε
1489 4210 1671 4275 καθὼς
1702 4213 1797 4280 γέ-

217 4309 507 4364 γραπται·
542 4297 764 4363 Ὤμοσε
806 4298 1020 4366 Κύριος
1064 4300 1163 4351 καὶ
1201 4301 1273 4353 οὐ
1311 4301 1797 4370 μεταμεληθήσε-

1889 3116 2030 3170 enim
2064 3131 2173 3169 uno
2191 3115 2383 3185 spiritu
2422 3116 2667 3171 concussi
2696 3116 2751 3168 in
2783 3130 2949 3169 unum
2977 3114 3197 3169 fundum
3231 3117 3460 3171 sentina:

1890 3209 2286 3272 conducuntur,
2310 3206 2400 3260 alii
2427 3207 2585 3260 aliter
2615 3207 2802 3261 eadem
2836 3208 3201 3262 edisserentes
3227 3217 3284 3263 et
3305 3208 3460 3263 fabu-

1891 3296 2084 3351 lantes.
2124 3295 2188 3350 Hi
2215 3305 2395 3349 autem
2419 3295 2767 3364 peculiariter
2797 3311 2989 3351 omnes
3021 3294 3311 3352 Gnosticos
3339 3313 3461 3351 sese

1892 3388 2183 3459 appellant,
2228 3387 2428 3456 quippe
2468 3388 2561 3457 qui
2596 3386 2881 3442 mirificam
2922 3387 3288 3458 cognitionem
3338 3403 3462 3458 per-

1893 3478 2016 3534 fecti
2048 3488 2103 3534 et
2135 3479 2261 3534 boni
2281 3478 2384 3533 soli
2414 3476 2798 3532 combiberint.

1962 3661 2054 3715 24.
2085 3659 2215 3715 Jura
2239 3670 2443 3724 autem,
2467 3662 2544 3713 ait
2565 3655 2835 3723 Justinus,
2875 3658 2918 3711 si
2947 3657 3267 3728 cognovisse
3296 3656 3462 3721 voles,

1893 3768 2009 3821 qua:
2058 3752 2239 3805 oculus
2274 3767 2378 3805 non
2415 3751 2562 3814 vidit,
2599 3765 2689 3804 nec
2718 3750 2864 3803 auris
2894 3750 3118 3815 audiuit,
3154 3765 3245 3802 nec
3278 3749 3332 3802 in
3375 3765 3467 3801 cor

1896 3844 2117 3897 hominis
2136 3843 2503 3906 ascenderunt,
2524 3858 2645 3896 eum
2663 3842 2752 3912 qui
2771 3850 3028 3910 estsuper
3042 3841 3220 3895 omnia
3240 3842 3459 3905 bonum,

1898 3933 2256 4001 superiorem.
2296 3942 2346 3985 te
2374 3931 2574 3985 indicta
2608 3931 3005 3987 custoditurum
3040 3930 3338 3999 disciplinac
3386 3930 3464 3983 si-

1899 4024 2075 4078 lenda.
2106 4023 2319 4078 Etenim
2368 4032 2422 4075 et
2461 4032 2614 4091 pater
2648 4031 2868 4086 noster,
2914 4022 3001 4075 ubi
3034 4022 3317 4087 conspexit
3365 4021 3469 4075 Bo-

1902 4130 2026 4165 num
2064 4113 2307 4166 initiatus
2337 4112 2474 4178 apud
2510 4127 2652 4173 eum,
2684 4111 2889 4164 silenda
2921 4111 3211 4165 custodivit
3260 4113 3459 4165 indicta

1898 4214 1953 4259 et
1976 4204 2200 4274 juravit,
2220 4201 2378 4256 sicuti
2403 4202 2662 4269 scriptum
2691 4212 2773 4255 est
2796 4217 2811 4253 :
2842 4198 3050 4253 Iuravit
3075 4198 3354 4266 Dominus,
3377 4217 3469 4254 nec

1899 4295 2161 4363 paenitebit
2185 4310 2323 4347 eum.
2357 4291 2483 4347 Haec
2508 4292 2668 4362 igitur
2690 4292 2742 4347 in
2775 4292 2919 4346 hunc
2937 4291 3151 4345 modum
3182 4300 3463 4361 postquam

217 4399 332 4437 ται
343 4384 407 4437 ⁸⁸.
430 4384 612 4439 Ταῦτα
628 4387 805 4440 τοίνυν
822 4386 963 4440 οὕτω
986 4391 1575 4460 κατασφραγισάμενος
1592 4392 1687 4445 πλε
1697 4392 1777 4445 ίοσ

1902 4387 2226 4456 obsignavit,
2254 4385 2495 4453 pluribus
2519 4383 2711 4438 fabulis
2740 4383 2925 4438 dclinit
2948 4398 3043 4453 per
3066 4381 3249 4452 plures
3280 4382 3468 4448 libros,

224 4474 431 4546 μύθοις
451 4477 771 4547 ψυχαγωγεῖ
800 4479 888 4533 διὰ
922 4480 1183 4533 πλειόνων
1228 4480 1467 4551 βιϐλίων,
1499 4484 1594 4537 καὶ
1632 4483 1804 4548 οὕτως

1906 4490 1961 4535 et
1989 4482 2060 4534 ita
2093 4482 2158 4532 ad
2195 4477 2400 4532 Bonum
2430 4477 2575 4531 ducit
2622 4475 2839 4530 inilians
2874 4485 3076 4546 mystas
3112 4472 3471 4529 ineﬂ‘abilihus

222 4568 337 4621 ἐπὶ
384 4569 475 4621 τὸν
529 4570 733 4636 ἀγαθὸν
775 4572 818 4603 ⁹⁹
861 4571 1003 4639 ἄγει,
1052 4572 1269 4625 τελειῶν
1315 4574 1441 4637 τοὺς
1478 4574 1688 4644 μύστας
1739 4593 1780 4628 τι

1910 4568 2205 4641 mysteriis.
2242 4567 2349 4622 Sed
2390 4581 2457 4621 ne
2489 4580 2584 4635 per
2607 4566 2754 4635 plura
2784 4580 3089 4636 pergamus,
3120 4579 3187 4619 ex
3223 4580 3328 4619 uno
3358 4564 3475 4631 ejus

221 4656 411 4711 ἄλαλα
440 4658 455 4689 ί
500 4661 794 4730 μυστήρια.
827 4661 944 4714 Ἵνα
973 4662 1031 4715 δὲ
1058 4664 1079 4693 ²
1128 4662 1203 4733 μὴ
1237 4662 1324 4715 διὰ
1354 4663 1617 4717 πλειόνων
1657 4666 1806 4718 όδεύ-

222 4765 446 4817 σωμεν,
472 4751 536 4802 ἐκ
567 4751 694 4819 μιᾶς
716 4752 881 4805 αὑτοῦ
908 4751 1090 4821 βίϐλου
1114 4752 1182 4805 τὰ
1204 4753 1418 4825 ἄρρητα
1441 4754 1806 4823 ἐπιδείξομεν,

217 4839 408 4911 οὔσης
436 4841 616 4905 καθὼς
647 4843 855 4911 νομίζει
896 4845 1126 4906 ἐνδόξου.
1159 4845 1308 4917 Αὕτη
1340 4846 1397 4899 δὲ
1431 4847 1802 4918 ἐπιγράφεται

222 4930 458 5000 Βαρούχ
484 4948 497 4961 ·
521 4926 636 5005 ἐνῇ
666 4933 796 5002 μίαν
835 4932 943 4986 τῶν
986 4934 1194 4988 πολλῶν
1230 4935 1557 5005 μυθολογίαν
1590 4937 1801 4990 ἐκτιθε-

225 5021 415 5093 μὲνην
448 5022 538 5074 ὑπ’
568 5024 732 5076 αύτοῦ
759 5023 1093 5095 δηλώσομεν,
1118 5024 1285 5079 οὖσαν
1327 5028 1477 5098 παρὰ
1513 5029 1800 5101 Ἡροδότῳ,

225 5113 310 5182 ἢν
330 5110 404 5174 ὡς
430 5112 614 5184 κοινὴν
642 5114 664 5145 ³
691 5118 800 5178 τοῖς
821 5116 1117 5187 ἀκροαταῖς
1135 5118 1497 5187 παραπλάσας
1513 5120 1802 5189 διηγεῖται,

1911 4664 2051 4717 libro
2086 4660 2371 4716 ineffabilia
2404 4659 2770 4722 ostendemus,
2805 4659 2893 4727 qui
2924 4669 3025 4721 est,
3056 4668 3114 4711 ut
3144 4658 3257 4727 ipse
3287 4660 3473 4725 opina-

1894 4763 2023 4817 ‘tur,
2057 4752 2301 4805 illustris.
2332 4749 2432 4803 llic
2462 4759 2638 4801 autem
2676 4749 2988 4802 inscribitur
3017 4747 3247 4814 Barucb,
3278 4748 3329 4800 in
3370 4763 3478 4817 quo

1917 4861 2075 4899 unam
2112 4846 2179 4900 de
2206 4845 2387 4897 multis
2426 4843 2724 4895 fabulosam
2774 4842 3135 4894 narrationem
3175 4840 3476 4910 expositam

1910 4938 1978 4992 ab
2001 4953 2068 4993 eo
2091 4934 2508 4998 declarabimns,
2537 4948 2655 5004 qua:
2681 4941 2760 4987 est
2778 4932 2915 4998 apud
2940 4930 3289 4994 Herodotum,
3312 4938 3495 5000 quam'

1916 5039 2170 5100 tanquam
2198 5042 2391 5082 novam
2421 5026 2752 5080 auditoribus
2784 5024 3001 5078 aliunde
3024 5025 3288 5077 detortam
3316 5038 3474 5077 enar-

1913 5132 2104 5185 rat.1ex
2140 5121 2254 5186 ipsa
2284 5132 2499 5173 omnem
2526 5117 2710 5173 orbem
2737 5115 2997 5169 doctrinae
3021 5128 3131 5168 suae
3159 5112 3280 5168 duci
3312 5122 3479 5165 ratus.

227 5202 301 5265 ἐξ
330 5202 501 5273 αὐτῆς
534 5206 714 5260 πᾶσαν
755 5207 1011 5262 σύστασιν
1051 5208 1146 5261 τοῦ
1181 5209 1301 5263 κατ’
1339 5210 1501 5263 αὑτὸν
1546 5211 1919 5268 διδασκαλείου
1953 5216 1973 5247 ⁵
2010 5212 2351 5282 ποιούμενος.

1479 5369 1707 5427 νΑιιιΑε
1744 5372 2154 5430 LECTIONES.

308 5479 649 5551 κμωῳε.

225 5552 285 5587 ’⁸
314 5550 691 5620 τετυπωμένοι
720 5550 782 5607 C.
859 5553 905 5585 "
934 5550 1427 5618 καταπεπτωκότὲς
1452 5550 1512 5612 Β.
1590 5560 1635 5591 ⁹⁶
1666 5559 1686 5611 l

227 5620 345 5692 aceti.
374 5618 465 5692 ιτιι
494 5618 723 5692 καρδίαν
770 5622 1055 5692 ἀνθρώπου
1086 5624 1186 5678 ούκ
1237 5626 1424 5692 ἀνέϐη.

252 5639 345 5675 tat
374 5639 465 5673 επι
494 5639 723 5744 angat?»
770 5639 1055 5745 ανυρωπου
1086 5639 1186 5678 ουκ
1237 5639 1424 5692 avem}.
1499 5639 1540 5658 ³⁷
1584 5639 1670 5696 ay:

252 5689 473 5747 ἀλαλα.
508 5691 575 5745 ἀλ
610 5708 644 5745 α
699 5692 806 5758 an."
835 5692 870 5747 ἀ
903 5694 969 5747 λα
999 5711 1145 5764 ειμι).
1178 5694 1245 5748 Μ.
1323 5699 1343 5727 ²
1375 5697 1453 5752 δέ.
1482 5699 1576 5751 καὶ
1611 5700 1670 5754 (2.

750 5482 795 5516 "
825 5483 1232 5551 εύαγγελιστῶν
1262 5486 1544 5558 ἐγγράφῳ.
1575 5489 1908 5557 εὐαγγελίων
1934 5494 2117 5562 γραφῇ
2148 5492 2180 5561 ἢ
2218 5489 2279 5553 C,
2308 5488 2380 5543 M.
2458 5487 2502 5518 ”
2533 5486 2720 5540 Matth.
2752 5502 2804 5552 ι,
2831 5487 2882 5541 5.
2959 5486 3005 5518 ’³
3028 5486 3233 5540 κατάλυ
3284 5486 3390 5540 ἀτι
3415 5485 3481 5543 C.

750 5551 793 5628 i._
842 5553 905 5628 f'
927 5556 1427 5628 ¹καταπεπτωιειότες
1453 5559 1512 5612 C.
1590 5560 1635 5591 ⁹⁶
1666 5559 1686 5611 l
1712 5561 1838 5615 Cor.
1868 5577 1929 5624 ll,
1963 5563 1995 5615 9
2024 5579 2036 5614 :
2069 5564 2136 5612 Ἀ
2166 5558 2440 5628 ὀφθαλμὸς
2476 5557 2581 5628 οὐκ
2620 5553 2797 5628 νεῖδενι
2830 5559 2925 5628 κα)
2951 5552 3042 5619 οὖς
3081 5557 3193 5628 ρὺκ.
3230 5505 3481 5628 ξκουσεῖι

1499 5628 1543 5658 υτ
1584 5630 1804 5696 ἀγαθῶν
1826 5630 1888 5695 c,
1930 5631 1997 5683 ιι.

3267 5572 3490 5619 κουσεν,

2074 5631 2118 5661 ’⁸
2149 5625 2288 5683 Psal.
2317 5625 2428 5693 clx,
2457 5627 2511 5681 4.
2587 5627 2631 5660 ⁸⁸
2664 5626 2754 5679 τὸν
2779 5625 3001 5696 ἀγαθον.
3037 5627 3145 5683 τῶν
3173 5625 3394 5696 ἀγαθῶν
3422 5625 3486 5680 C.

1750 5703 1769 5734 ³
1798 5694 2013 5766 καινήν.
2051 5698 2204 5765 ξένην
2232 5698 2297 5763 C,
2331 5698 2397 5752 Μ.
2476 5698 2497 5728 ⁸
2527 5696 2867 5751 διδασκαλίου
2895 5694 2959 5751 C.
