3804 6220
321 305 458 368 3Ῑ93

319 501 584 572 Geryonis
633 506 880 552 armenta
929 503 1176 564 agentem
1222 489 1276 544 in
1328 487 1606 558 Scythiam
1658 486 1894 550 venisse,

320 597 520 650 fessum
551 599 730 643 autem
765 584 1164 656 peregrinando
1197 582 1251 635 in
1281 578 1557 634 desertum
1601 577 1776 631 locum
1802 578 1897 630 de-

317 699 563 751 gressum
597 695 890 751 parumper
913 675 1340 738 obdormisisse;
1380 684 1572 726 somno
1603 679 1778 721 autem
1812 682 1899 719 so-

320 778 430 844 pito
465 773 554 829 illo
588 789 693 828 non
729 770 1104 838 comparuisse
1139 780 1337 834 equum
1390 763 1442 816 in
1477 777 1586 831 quo
1658 759 1899 812 insidens

320 865 528 936 peregit
558 865 769 935 longam
795 862 957 917 viam.
987 856 1411 928 Expergefactus
1442 862 1616 906 autem
1647 850 1900 920 quaestio-

322 976 444 1016 nem
471 959 708 1014 faciebat
740 958 792 1012 in
825 957 1042 1012 deserto
1072 954 1404 1020 diligentem,
1446 949 1688 1016 reperire
1715 945 1900 1000 conui-

320 1061 414 1102 sns
454 1061 673 1118 equum.
708 1045 776 1100 Et
803 1060 1000 1116 equum
1031 1044 1246 1112 quidem
1274 1058 1376 1095 non
1409 1039 1632 1108 reperit,
1670 1037 1900 1107 puellam

320 1147 502 1191 autem
553 1134 844 1205 quamdam
878 1131 1284 1199 semivirgincm
1343 1129 1394 1181 in
1431 1129 1648 1180 deserto
1683 1124 1900 1193 conspio

321 1240 478 1281 catus
513 1225 907 1297 interrogabat,
941 1238 1008 1276 an
1041 1222 1179 1275 forte
1209 1220 1436 1274 vidisset
1462 1233 1683 1287 equum.
1716 1215 1898 1270 Puella

321 1336 499 1377 autem
533 1321 811 1388 respondit
848 1331 909 1372 se
960 1316 1164 1368 vidisse
1196 1313 1414 1382 quidem
1444 1352 1459 1373 ,
1501 1323 1674 1378 neque
1719 1319 1900 1362 tamen

323 1420 747 1466 tuonstraturam
781 1406 878 1470 illi,
924 1406 1025 1459 nisi
1059 1405 1207 1474 prius
1247 1403 1296 1454 in
1335 1401 1780 1454 consuetudinem
1816 1411 1904 1452 se-

320 1518 442 1557 cum
474 1499 902 1569 congrederetur
945 1493 1224 1548 Hercules.
1282 1494 1449 1545 Erant
1492 1500 1706 1554 autem,
1741 1497 1799 1542 ut
1829 1489 1904 1542 ait

321 1593 646 1655 Herodotus,
670 1589 949 1660 superiora
982 1585 1102 1656 ejus
1120 1583 1432 1654 inguinibus
1470 1590 1628 1637 lenus
1652 1579 1902 1651 virginis,

317 1700 479 1739 omne
501 1690 682 1736 autem
717 1678 854 1732 infra
883 1691 1080 1746 corpus
1110 1684 1235 1746 post
1263 1673 1467 1744 218-
1486 1671 1650 1743 219
1684 1670 1902 1742 inguina

713 383 720 398 ‘
1800 286 1896 346 OB
1909 286 2168 347 IGENIS

389 410 482 464 ‘25.
518 395 822 463 Herodotus
850 405 1014 475 igitur
1039 399 1324 456 Herculem
1363 407 1548 450 narrat
1573 396 1638 450 ab
1657 395 1890 465 Erythea
1925 408 1971 463 Α

2072 395 2171 450 κε’.
2210 395 2494 468 Ἡρόδοτος
2532 397 2552 426 ⁵
2585 397 2683 468 μὲν
2716 393 2810 450 οὖν
2840 396 2930 450 τὸν
2974 393 3251 466 Ἡρακλέα
3278 393 3443 465 φησὶν
3468 394 3587 449 ἀπὸ

2001 490 2099 558 τῆς
2145 488 2430 560 Ἐρυθείας
2460 490 2480 520 ο
2519 489 2612 542 τοῦ
2649 490 2920 559 Γηρυόνου
2967 490 3065 550 τάς
3114 489 3238 559 βοῦς
3265 491 3466 557 ἄγοντα
3499 493 3587 555 εἰς

1999 583 2098 652 τὴν
2133 581 2369 635 Σκυθίαν
2399 581 2596 646 ἐλθεῖν,
2630 582 2950 652 κεκμηκότα
2981 582 3036 634 δὲ
3073 582 3179 634 ἀπὸ
3219 581 3314 651 τῆς
3353 583 3586 652 πορείας

2002 678 2082 738 είς
2113 675 2319 747 ἔρημόν
2363 693 2415 727 τι
2455 676 2656 746 χωρίον
2696 675 3093 728 κατακλιθέντα
3119 675 3447 745 κοιμηθῆναι
3471 673 3586 727 ἑλί-

2001 782 2098 833 γον
2119 781 2133 795 ο
2162 765 2512 828 ὑπνώσαντος
2529 766 2584 818 δὲ
2612 766 2775 819 αὖτοῦ
2802 766 2978 835 ἀφανῆ
3009 764 3260 832 γενέσθαι
3288 766 3377 816 τὸν
3393 766 3584 825 ἵππον,

2003 860 2087 926 ἐφ’
2123 854 2183 912 οὑ
2220 857 2582 922 καθεζόμενος
2622 858 2877 910 διώδευσε
2904 859 3002 928 τὴν
3036 860 3252 928 μακρὰν
3281 859 3397 912 éor‘Jv
3423 876 3437 890 ο
3480 876 3589 911 πε-

2008 948 2314 1019 ριεγερθεὶς
2345 948 2400 1001 δὲ
2429 949 2654 1019 ζήτησιν
2687 951 2922 1002 ἐποιεῖτο
2947 949 3040 1000 ἐπὶ
3065 949 3165 1018 τῆς
3188 948 3424 1019 ἐρημίας
3455 948 3592 999 πολε

2003 1041 2124 1112 λὴν,
2166 1041 2349 1113 εὑρεῖν
2385 1040 2731 1111 πειρώμενος
2759 1042 2851 1093 τὸν
2892 1041 3082 1094 ἵππον.
3129 1041 3240 1094 Καὶ
3281 1040 3376 1094 τοῦ
3427 1040 3529 1109 μέν
3567 1041 3588 1069 ⁷

2005 1133 2174 1187 ἵππου
2232 1134 2635 1202 διαμαρτάνει,
2680 1133 2849 1204 κόρην
2911 1133 2968 1186 δέ
3020 1149 3142 1186 τινα
3190 1132 3592 1202 μιξοπάρθενον

2005 1224 2183 1295 εὑρὼν
2212 1225 2308 1278 ἐπὶ
2332 1225 2432 1295 τῆς
2462 1225 2697 1297 ἐρημίας
2717 1223 3001 1295 ἐπηρώτα,
3032 1226 3079 1276 εί
3107 1223 3190 1294 εἵη
3224 1224 3233 1292 |
3267 1241 3368 1275 που
3397 1222 3593 1275 τεθεα-

2009 1319 2146 1389 μένη
2185 1317 2279 1371 τὸν
2313 1319 2500 1371 ἵππον.
2543 1318 2606 1370 Ἦ
2637 1318 2695 1370 δὲ
2744 1318 2880 1386 κόρη
2914 1315 3080 1385 φησὶν
3111 1315 3309 1367 εἰδέναι
3358 1314 3479 1384 μὲν,
3513 1313 3593 1382 μὴ

2003 1409 2201 1472 δείξειν
2226 1410 2282 1463 δὲ
2313 1409 2577 1480 πρότερον
2619 1409 2790 1478 αὐτῷ,
2828 1411 2876 1460 εί
2909 1408 2982 1478 μὴ
3027 1408 3163 1479 πρὸς
3211 1409 3354 1476 μῖξιν
3405 1405 3594 1472 φιλίας

2007 1500 2240 1573 συνέλθῃ
2285 1502 2422 1573 αὑτῇ
2454 1501 2482 1553 ὁ
2522 1501 2820 1572 Ἡρακλῆς.
2857 1495 2967 1552 Ἦν
2993 1499 3071 1564 δὲ,
3102 1500 3265 1568 φησιν
3293 1501 3320 1551 ό
3365 1497 3593 1568 Ἡρόδοο

2005 1613 2120 1661 τος,
2157 1597 2225 1648 τὰ
2271 1596 2384 1650 ἄνω
2427 1595 2596 1665 αὑτῆς
2629 1593 2795 1664 μέχρι
2844 1592 3115 1663 βουϐῶνος
3150 1591 3442 1661 παρθένου,
3479 1590 3594 1640 πᾶν

2007 1689 2062 1743 δὲ
2093 1688 2154 1742 τὸ
2187 1687 2339 1740 κάτω
2364 1686 2522 1754 σῶμα
2554 1686 2632 1758 [ν.
2670 1687 2792 1740 150.
2825 1685 2946 1757 Nil]
2981 1686 3118 1756 μετὰ
3150 1683 3392 1754 βουϐῶνα
3421 1700 3591 1752 φρικ-

320 1772 584 1829 horribile
617 1769 890 1840 quoddam
941 1775 1218 1836 spectrum
1252 1765 1475 1833 viperae.
1512 1761 1776 1833 Cupidine
1803 1777 1899 1814 :tu-
1933 1784 1934 1787 η

2057 1778 2094 1829 iv
2117 1795 2170 1830 τι
2198 1777 2377 1848 θέαμα
2409 1777 2644 1846 ἐχίδνης.
2681 1776 2891 1846 Σπουδῇ
2923 1775 2980 1828 δὲ
3006 1775 3102 1843 τῆς
3137 1774 3262 1842 περὶ
3289 1772 3380 1824 τὸν
3421 1772 3596 1823 ἵππον

317 1876 428 1922 tem
479 1863 782 1934 reperiendi
840 1859 963 1929 equi
1020 1856 1341 1926 obsequitur
1391 1855 1562 1910 belua:
1599 1852 1901 1917 Hercules;

319 1957 576 2028 cegnovit
606 1955 750 2009 enim
799 1969 919 2008 eant
973 1963 1025 2005 et
1059 1949 1183 2004 l‘ccit
1214 1947 1515 2019 gravidam,
1553 1957 1608 2001 et
1655 1945 1904 2016 prmdixit

317 2049 366 2103 ei
401 2055 523 2116 post
557 2045 928 2112 cognitionem
967 2042 1168 2095 habere
1226 2039 1372 2092 illam
1423 2052 1488 2092 ex
1537 2050 1596 2090 se
1646 2038 1701 2090 in
1749 2043 1905 2088 utero

319 2149 432 2194 tres
473 2135 634 2192 simul
679 2136 818 2188 tilios
842 2173 857 2196 ,
893 2135 982 2201 qui
1029 2132 1245 2199 quidem
1279 2128 1448 2182 futuri
1481 2128 1591 2182 sint
1645 2127 1901 2180 illustres.

317 2228 488 2284 Jussit
518 2237 698 2282 autem
742 2225 831 2278 ubi
892 2224 1001 2276 nati
1065 2224 1244 2275 forent
1305 2221 1521 2273 nomina
1567 2217 1674 2272 illis
1704 2231 1908 2287 ponere

318 2329 599 2390 parentem
633 2318 1000 2388 Agathyrsutn
1030 2356 1045 2380 ,
1077 2313 1339 2368 Gelonum
1374 2322 1429 2365 et
1471 2310 1752 2380 Stylhulll.
1801 2306 1909 2362 Na-

316 2423 440 2468 ctus
464 2422 643 2466 autem
677 2411 836 2474 hujus
868 2409 1112 2462 tnuneris
1142 2406 1372 2475 gratiam
1407 2419 1604 2472 equum
1636 2419 1665 2457 a
1695 2404 1904 2458 bestiali

317 2507 528 2576 virgine
580 2504 892 2559 discedebat
927 2517 1048 2554 cum
1098 2500 1270 2553 bobus
1323 2499 1457 2552 suis.
1496 2497 1678 2566 Longa
1724 2505 1905 2549 autem

319 2607 441 2667 post
473 2599 587 2652 hac
621 2596 799 2650 fabula
839 2605 924 2648 est
957 2592 1250 2653 Herodoto,
1277 2589 1454 2642 valeat
1479 2598 1656 2642 autem
1685 2589 1735 2640 iu
1771 2603 1906 2656 pra»

318 2705 468 2744 sols.
504 2687 637 2754 Qua:
667 2696 847 2740 autem
891 2682 1104 2738 Justitto
1139 2683 1390 2750 placeant
1423 2679 1774 2734 transferenti
1820 2678 1904 2732 fa-

320 2781 501 2835 bulatn
547 2778 694 2832 illam
741 2779 793 2830 itt
842 2779 1218 2830 universorum
1251 2773 1586 2827 creationem
1621 2787 1718 2826 nos
1749 2789 1908 2825 enat-

322 2875 581 2928 rabimus.

387 2985 479 3041 26.
515 2983 615 3039 Hic
666 2985 778 3037 ait:
840 2981 1009 3036 Erant
1048 2982 1148 3032 tria
1200 2979 1464 3048 principia
1528 2979 1905 3030 universorum

322 3080 655 3149 ingenerata,
692 3075 928 3130 mascula
959 3074 1083 3132 duo,
1121 3073 1441 3125 letmniuttm
1469 3086 1656 3124 unum.
1693 3070 1908 3123 Mascu-

323 3173 497 3228 lorum
541 3180 722 3224 autem
773 3182 938 3220 unum
969 3176 1193 3217 vocatur
1232 3163 1434 3226 Bonus,
1468 3163 1642 3230 ipsum
1691 3163 1792 3215 hoc
1820 3178 1908 3214 so—

323 3264 434 3317 lum
473 3267 726 3324 vocatus,
771 3257 1062 3326 prazscieus
1091 3255 1487 3307 universorum.
1528 3250 1770 3304 Alterum
1813 3267 1909 3303 att-

324 3369 430 3412 tem
463 3363 614 3424 pater
648 3351 890 3406 ontnium
926 3357 1338 3418 generatorttnt,
1378 3362 1479 3398 non
1532 3344 1823 3411 [mese-iens
1857 3355 1911 3397 et

323 3449 539 3516 ignarus
571 3454 627 3496 et
655 3444 775 3496 visu
806 3455 1019 3495 caretis.
1049 3435 1388 3491 Fetnittinunt
1416 3445 1595 3487 autem
1629 3451 1733 3486 non
1767 3448 1908 3502 pra:-

321 3538 522 3600 scieus,
561 3533 879 3588 iracundum
912 3569 927 3596 ,
960 3531 1210 3594 bimens,
1265 3528 1539 3596 bicorpor,
1583 3539 1680 3595 per
1725 3525 1910 3580 omnia

322 3628 523 3699 virgini
559 3641 678 3696 quae
708 3633 792 3679 est
833 3624 887 3677 in
923 3621 1226 3677 Herodotea
1261 3617 1440 3672 fabula
1469 3616 1678 3680 simile,
1735 3614 1912 3684 ingui-

325 3724 487 3776 nibus
525 3731 681 3773 tenus
712 3717 883 3787 virgo,
916 3715 1100 3783 vipera
1135 3723 1313 3767 autem
1348 3711 1512 3772 infra,
1546 3719 1604 3762 ut
1637 3708 1712 3762 ait
1743 3707 1910 3762 Justi-

325 3830 450 3870 nus.
489 3812 721 3867 Vocatur
745 3819 924 3864 autem
955 3810 1069 3862 haec
1096 3806 1248 3874 virgo
1270 3802 1437 3856 Edem
1463 3811 1516 3858 et
1543 3800 1730 3855 Israel.
1759 3799 1908 3864 Haac,

325 3906 536 3975 inquit,
575 3901 836 3972 principia
872 3900 1251 3955 universorum
1281 3936 1297 3960 ,
1349 3896 1560 3950 radices
1602 3903 1657 3949 et
1709 3893 1907 3958 fontes,

327 3998 470 4050 unde
490 3995 670 4050 omnia
696 3994 1049 4057 exstiterunt,
1072 3990 1215 4044 aliud
1239 3999 1419 4042 autem
1449 3997 1568 4041 erat
1599 3985 1752 4040 nihil.
1772 3984 1908 4039 Cum

329 4091 494 4155 igitur
525 4087 662 4141 vidit
693 4083 1096 4153 semivirginem
1130 4083 1276 4136 illam
1310 4090 1461 4150 pater
1486 4095 1591 4132 non
1622 4080 1912 4148 prmsciens

331 4181 419 4233 ille
457 4178 643 4240 bidem,
679 4177 829 4231 venit
858 4177 910 4230 in
939 4175 1288 4244 cupiditatem
1313 4173 1450 4242 ejus.
1490 4171 1698 4224 Eloliim
1729 4182 1907 4224 autem

325 4281 554 4328 vocatur
594 4272 680 4325 hic
707 4281 884 4341 pater.
921 4267 1036 4323 Non
1067 4277 1245 4322 autem
1277 4269 1456 4321 minus
1477 4277 1530 4320 et
1561 4264 1727 4320 Edent
1761 4275 1911 4320 tene-

2006 1872 2279 1941 εὑρέσεως
2308 1870 2336 1922 ὁ
2379 1869 2657 1940 Ἡρακλῆς
2693 1867 2940 1920 πείθεται
2974 1867 3050 1938 τῷ
3078 1866 3279 1936 θηρίῳ·
3308 1864 3450 1933 ἔγνω
3478 1862 3596 1933 γὰρ

2006 1963 2179 2034 αὑτὴν
2212 1963 2305 2016 καὶ
2354 1962 2614 2031 ἐποίησεν
2660 1960 2960 2030 ἐγκύμονα,
3009 1960 3103 2011 καὶ
3149 1959 3409 2026 προεῖπεν
3448 1957 3591 2026 αὐτῇ

2010 2055 2150 2124 μετά
2184 2053 2283 2124 τὴν
2313 2052 2538 2121 γνῶσιν,
2583 2052 2662 2103 ὅτι
2695 2051 2808 2121 ἔχει
2854 2050 2994 2102 κατὰ
3045 2047 3280 2118 γαστρὸς
3320 2047 3377 2113 ἐξ
3423 2047 3595 2100 αὑτοῦ

2018 2147 2168 2210 τρεῖς
2194 2144 2328 2214 ὁμοῦ
2360 2145 2576 2208 παῖδας,
2609 2145 2806 2206 οἵτινες
2843 2143 3052 2195 ἔσονται
3081 2142 3382 2211 ἐπιφανεῖς.
3431 2141 3594 2193 Ἐκέ-

2007 2235 2166 2288 λευςε
2224 2236 2280 2288 δὲ
2325 2237 2510 2299 αὑτοῖς
2565 2233 2930 2304 γεννωμένοις
2970 2233 3210 2304 ὀνόματα
3259 2233 3436 2285 θεῖναι
3489 2232 3594 2301 τὴν

2007 2327 2276 2380 τεκοῦσαν
2345 2326 2703 2396 Ἀγάθυρσοη
2738 2326 2975 2378 Γελωνδν
3008 2326 3101 2378 καὶ
3124 2324 3358 2394 Σκύθην.
3396 2323 3594 2376 Λαϐὼν

2007 2418 2065 2471 δὲ
2117 2417 2311 2470 τούτου
2362 2417 2555 2486 μισθὸν
2601 2417 2693 2467 τδν
2743 2415 2908 2468 ἵππον
2958 2414 3108 2485 παρὰ
3138 2415 3236 2484 τῆς
3286 2412 3596 2482 θηριώδους

2009 2510 2199 2580 κόρης,
2232 2507 2614 2575 ἀπηλλάττετο
2644 2508 2666 2536 ⁸
2698 2506 2882 2575 φέρων
2909 2504 3002 2558 καὶ
3035 2505 3136 2567 τὰς
3177 2504 3324 2573 βοῦς.
3363 2502 3594 2572 Μάκρος

2008 2601 2064 2652 δὲ
2092 2599 2284 2670 ὁδμετὰ
2305 2598 2477 2650 ταῦτα
2503 2597 2673 2668 μῦθος
2702 2597 3246 2668 Ί-Ιροδότῳ,χαιρέτω
3265 2597 3319 2649 δὲ
3347 2598 3406 2648 τὸ
3433 2596 3527 2648 vin
3552 2598 3594 2647 ’.

2010 2688 2144 2740 Τίνα
2173 2688 2228 2740 δὲ
2261 2688 2328 2738 τά
2377 2686 2646 2756 Ἰουστίνῳ
2667 2685 2948 2751 δοκοῦντα,
2987 2686 3273 2756 μετάγοντι
3300 2686 3344 2715 '°
3373 2685 3468 2736 τὸν
3503 2683 3600 2754 μῦ-

2010 2781 2101 2833 θον
2134 2765 2212 2843 εἰς
2246 2781 2346 2849 τὴν
2369 2779 2480 2832 τῶν
2512 2779 2649 2832 ὅλων
2679 2779 2960 2850 γέννησιν,
3004 2781 3166 2851 ἡμεῖς
3191 2777 3596 2849 διηγησόμεθα.

2083 2995 2195 3051 κε’.
2229 2980 2397 3050 Οὑτος
2436 2988 2602 3057 φησίν
2623 2999 2637 3018 ⁶
2667 2981 2851 3039 ’Ἦσαν
2883 2987 3032 3056 τρεῖς
3056 2985 3097 3016 ¹¹
3130 2983 3298 3055 ἁρχαὶ
3319 2982 3432 3036 τῶν
3461 2981 3604 3035 ὅλων

2011 3080 2319 3150 ἀγέννητοι,
2371 3079 2669 3152 ἁῤῥενικαὶ
2698 3077 2813 3141 δύο,
2867 3075 3073 3148 θηλυκὴ
3106 3075 3224 3146 μία.
3255 3075 3380 3127 Τῶν
3410 3075 3468 3127 δὲ
3501 3075 3602 3145 ἀρα

2012 3169 2302 3239 ρενικῶνη
2349 3170 2390 3199 ¹¹
2435 3169 2534 3239 μέν
2570 3185 2651 3232 τις
2679 3169 2929 3221 καλεῖται
2977 3167 3230 3233 Ἀγαθὸς,
3262 3165 3396 3218 αὐτὸ
3431 3165 3600 3235 μόνον

2009 3260 2184 3324 οὑτως
2226 3261 2520 3331 λεγόμενος
2559 3260 2625 3326 *³,
2657 3259 3067 3331 προγνωστικὸς
3096 3259 3204 3311 τῶν
3232 3258 3390 3311 ὅλων.
3433 3259 3497 3310 Ἠ
3543 3259 3604 3310 δὲ

2011 3353 2174 3423 ἐτέρα
2201 3353 2391 3424 Πατὴρ
2423 3353 2466 3383 ⁸⁸
2498 3353 2722 3405 πάντων
2751 3352 2861 3404 τῶν
2887 3351 3183 3422 γεννητῶν,
3205 3350 3602 3420 άπρόγνωοτος

2013 3442 2130 3513 [καὶ
2193 3441 2496 3513 ἄγνωστος]
2554 3443 2595 3474 ’⁸
2628 3443 2722 3495 καὶ
2777 3442 3028 3513 ἀόρατος.
3091 3440 3157 3494 Ἠ
3209 3441 3267 3492 δὲ
3326 3440 3518 3510 θήλεια
3558 3439 3602 3471 ¹⁶

2008 3534 2421 3604 άπρόγνωστος,
2454 3533 2668 3602 δργίλη.
2709 3532 2984 3602 δίγνωμος
3022 3531 3089 3596 ¹¹¹,
3139 3530 3405 3601 δίσωμος,
3459 3532 3603 3584 κατὰ

2010 3623 2192 3676 πάντα
2219 3626 2284 3693 τῇ
2311 3623 2452 3676 κατά
2479 3623 2572 3675 τὸν
2612 3623 2899 3693 Ἡροδότου
2930 3622 3100 3692 μῦθον
3131 3623 3408 3693 ἐμφερὴς,
3441 3622 3605 3692 μέχρι

2012 3714 2286 3785 βουϐῶνος
2329 3714 2620 3785 παρθένος,
2675 3715 2857 3783 ἔχιδνα
2883 3714 2938 3766 δὲ
2985 3715 3053 3766 τὰ
3102 3714 3276 3778 κάτω,
3327 3713 3404 3776 ῶς
3439 3729 3604 3783 φησιν

2022 3807 2330 3868 Ἰουστῖνος.
2381 3807 2642 3860 Καλεῖται
2702 3806 2757 3857 δέ
2816 3806 2977 3878 Ἐὁέμ
3033 3805 3174 3873 αὕτη
3224 3808 3257 3876 ἠ
3313 3809 3455 3877 κόρη
3513 3808 3606 3858 καὶ

2021 3901 2262 3971 Ἰσραήλ.
2307 3892 2501 3963 Αὑται,
2544 3900 2734 3968 φησὶν,
2782 3901 2838 3951 αἱ
2871 3900 3040 3970 ἁρχαὶ
3085 3899 3194 3951 τῶν
3246 3899 3415 3965 ὅλων,
3457 3900 3607 3969 ρῖζαι

2009 3993 2102 4045 καὶ
2129 3992 2322 4061 πηγαὶ,
2357 3992 2447 4060 ἀφ’
2476 3984 2550 4044 ὧν
2581 3992 2647 4044 τὰ
2687 3991 2870 4045 πάντα
2907 3992 2950 4021 ³⁸
2989 3992 3207 4059 ἐγένετο
3231 4008 3244 4021 ·
3277 3991 3409 4045 ἄλλο
3453 3993 3512 4044 δέ
3539 3987 3606 4061 ἦν

2009 4087 2182 4142 οὐδέν.
2231 4087 2377 4141 Ἰδὼν
2408 4082 2501 4140 οὑν
2535 4089 2562 4139 ὁ
2597 4085 2780 4158 πατὴρ
2808 4088 2908 4158 τὴν
2941 4085 3343 4157 μιξοπάρθενον
3387 4086 3606 4156 ἐκείνην

2009 4182 2396 4252 ἀπρόγνωστος
2455 4179 2529 4233 ῶν
2577 4181 2675 4253 τὴν
2724 4179 2910 4251 Ἐδὲμ,
2966 4174 3130 4250 ἦλθεν
3179 4181 3259 4242 εἰς
3297 4179 3606 4249 ἐπιθυμίαν

2009 4274 2184 4344 αὐτῆς
2206 4289 2220 4303 °
2261 4273 2498 4344 Ἐλωεὶμ
2513 4273 2591 4338 δὲ,
2622 4275 2810 4344 φησὶν,
2829 4273 3076 4326 καλεῖται
3097 4264 3253 4336 οὗτος
3281 4274 3293 4342 l
3327 4275 3357 4327 ό
3381 4277 3570 4344 πατήρ
3589 4291 3603 4302 ·

327 4365 488 4418 batur
515 4363 814 4433 cupiditate
853 4361 1064 4415 Elohim
1087 4401 1102 4426 ,
1140 4369 1196 4414 et
1220 4358 1480 4414 conduxit
1514 4371 1608 4411 eos
1641 4357 1911 4424 cupiditas

2057 4366 2168 4419 36‘ev
2192 4367 2236 4418 δ’
2267 4367 2308 4397 ¹⁹
2329 4361 2492 4436 ἦττον
2514 4365 2834 4437 ἐπεθύμησε
2861 4366 2958 4419 καί
2977 4367 3010 4436 ἡ
3030 4365 3190 4436 Ἐδέμ
3205 4382 3303 4420 του
3341 4365 3604 4435 Ἐλωείμ,

265 4476 273 4482 ·
328 4457 383 4512 in
415 4472 578 4511 unum
613 4456 816 4510 amoris
842 4467 1217 4524 congressum.
1243 4452 1678 4507 Ceneratautem
1701 4465 1768 4505 ex
1786 4465 1910 4503 cou-

327 4563 520 4621 gressu
564 4548 652 4602 tali
684 4557 842 4618 pater
873 4561 935 4600 ex
967 4545 1136 4601 Edem
1168 4544 1384 4598 sibimet
1415 4544 1514 4613 ipsi
1545 4543 1766 4611 angelos
1787 4544 1913 4595 duo-

329 4643 524 4698 decim.
556 4641 787 4696 Nomina
835 4653 1016 4696 autetn
1048 4648 1174 4695 sunt
1197 4647 1547 4708 paternorum
1593 4635 1908 4707 angelorum

331 4739 443 4790 lucc
463 4753 476 4788 :
499 4734 748 4801 Michael,
768 4735 959 4797 Amen,
981 4733 1210 4796 Baruch,
1229 4730 1469 4795 Gabriel,
1497 4729 1906 4784 Essaddaus....

329 4828 398 4882 Et
427 4837 800 4882 maternorum
829 4824 1145 4894 angelorum
1168 4838 1304 4894 quos
1332 4823 1539 4892 peperit
1568 4819 1732 4875 Edent
1763 4820 1909 4874 sinti-

329 4918 453 4971 liter
481 4916 765 4986 subiuncta
798 4925 925 4971 sunt
957 4916 1197 4968 nomina.
1234 4913 1374 4969 Sunt
1404 4923 1583 4967 autem
1628 4912 1776 4967 ltzec:
1807 4911 1910 4966 Ba-

332 5009 436 5072 bel,
495 5009 796 5063 Acltatnotlt
828 5046 840 5070 ,
896 5006 1040 5061 Naas
1063 5046 1079 5072 ,
1111 5005 1240 5070 Bel,
1289 5005 1468 5061 Belias
1493 5046 1508 5070 ,
1547 5002 1732 5068 Satan,
1767 5001 1916 5070 Sael,

2017 4457 2112 4511 καὶ
2151 4457 2459 4527 συνήγαγεν
2505 4457 2704 4520 αὑτοὺς
2730 4458 2764 4528 ἠ
2798 4455 3064 4525 ἐπιθυμία
3111 4458 3190 4520 είς
3241 4455 3378 4526 μίαν
3418 4457 3605 4525 φιλίας

2015 4547 2229 4601 εὔνοιαν
2263 4551 2324 4602 ³ο.
2363 4549 2531 4619 Ιέννᾷ
2557 4547 2615 4601 δέ
2663 4548 2772 4601 άπὸ
2803 4549 2902 4616 τῆς
2937 4547 3154 4601 συνόδου
3189 4547 3288 4617 τῆς
3339 4548 3607 4617 τοιαύτης

2014 4641 2042 4691 ὁ
2075 4640 2257 4709 πατὴρ
2280 4640 2344 4692 ἐκ
2371 4639 2471 4708 τῆς
2506 4638 2668 4709 Ἐδὲμ
2685 4637 2865 4708 ἐαυτῷ
2896 4638 3165 4706 ἀγγέλους
3185 4636 3420 4690 δώδεκα.
3459 4640 3606 4691 Ὀνόο

2021 4747 2167 4800 ματα
2197 4731 2254 4782 δέ
2285 4732 2404 4782 ἐστι
2425 4729 2536 4782 τῶν
2563 4729 2850 4801 πατρικῶν
2879 4729 3129 4797 ἀγγέλων
3148 4727 3273 4781 τάδε
3297 4743 3313 4758 ⁸
3353 4730 3604 4800 Μιχαὴλ,

2027 4821 2222 4893 Ἀμὴν,
2277 4823 2516 4892 Βαροὺχ,
2548 4821 2810 4894 Γαϐριὴλ,
2872 4821 3274 4884 Ἡσαδδαῖος....
3322 4823 3442 4876 Καὶ
3499 4822 3608 4876 τῶν

2021 4915 2305 4985 μητρικῶν
2345 4915 2618 4982 ἀγγέλων,
2669 4907 2745 4967 ὦν
2796 4913 3052 4982 ἐποίησεν
3099 4915 3133 4984 ἡ
3178 4912 3364 4983 Ἐδέμ,
3399 4915 3609 4983 ὁμοίως

2027 5006 2398 5060 ὑποτέτακται
2445 5005 2514 5058 τὰ
2553 5006 2828 5075 ὀνόματα·
2888 5006 3006 5060 ἐστι
3038 5005 3094 5059 δὲ
3150 5005 3346 5071 ταῦτα,
3403 5006 3608 5071 Βάσελ,

1610 5181 1849 5236 γΑΒΙΑΞ
1895 5182 2303 5239 LECTIONES.

405 5294 426 5325 ⁸
452 5293 538 5347 Cf.
576 5292 830 5349 Herodot.
863 5309 936 5353 tv,
963 5292 1106 5346 8-l0.
1181 5293 1233 5362 κθ
1277 5292 1567 5362 Ἐρυθρᾶς.
1601 5293 1662 5356 C,
1695 5292 1766 5346 Μ.

329 5363 421 5415 τὸν
461 5363 672 5434 νοῦν-(3.
753 5363 796 5393 ¹⁰
823 5361 1218 5434 μετάγοντα

332 5449 442 5496 νος.
478 5431 774 5500 λεγόμενον
824 5430 986 5495 infra,
1017 5447 1080 5501 ρ.
1103 5430 1226 5496 522,
1268 5431 1358 5486 57.

335 5516 478 5554 tome
517 5517 574 5571 p.
603 5502 736 5566 5‘22,
765 5504 833 5557 59
863 5520 874 5554 :
905 5500 1211 5571 out.’C,M.

331 5571 424 5629 εΗ,
453 5571 724 5638 ἀγνώμων
743 5573 806 5637 C,
837 5572 908 5625 M.

1373 5312 1381 5332 ν
1489 5295 1545 5322 ⁴-
1623 5293 1639 5308 ’
1867 5293 1883 5322 ⁷
1979 5294 2008 5329 Γ
2091 5296 2109 5322 λ
2228 5297 2250 5306 Ψ

1299 5293 1803 5432 Ξρὸῗιῗαὲρίῑίηίίέη
1837 5311 2163 5428 iulg“.
2176 5313 2261 5428 11531.

1291 5434 1753 5533 iZ'...IT.“25Ei£'
1782 5434 2057 5533 *‘Wifs
2093 5434 2477 5533 tactas-m2

985 5521 1028 5601 ι.
1043 5503 1231 5601 9.21;
1266 5503 1556 5601 ,ςῑςεδήξξα
1590 5504 1836 5601 tam
1867 5503 2077 5601 2-322:
2114 5505 2204 5601 ιρι
2245 5506 2411 5601 om;
2439 5503 2602 5601 (εν-»ις

1057 5570 1236 5623 πάντα
1265 5569 1509 5643 Ερίιυίιιθ
1535 5593 1587 5643 p.
1617 5569 1742 5637 325,
1768 5569 2008 5636 46ίόντα
2033 5576 2095 5630 C.
2123 5576 2192 5629 M.

2046 5296 2163 5365 μέν.
2191 5297 2288 5363 τῆς
2320 5297 2418 5364 μὲν
2448 5298 2509 5361 (1,
2547 5297 2615 5350 M.
2720 5296 3120 5366 εγάπηλαττετο
3173 5296 3238 5351 C.
3337 5295 3461 5366 γ’τὸ
3490 5296 3610 5350 νῦν.

2294 5383 2345 5436 p.
2375 5367 2581 5420 522-24
2611 5367 2696 5420 ed.
2733 5365 2833 5421 0x.
2884 5365 2956 5399 7"
2989 5369 3045 5435 ἡ.
3083 5368 3132 5418 εἰ
3162 5365 3224 5420 C.
3303 5365 3351 5397 "
3375 5365 3614 5434 λεγόμε-

2509 5438 2715 5508 p.5i2.
2768 5439 2856 5493 58.
2960 5438 3004 5468 ¹⁸
3036 5437 3129 5491 καὶ
3162 5439 3434 5508 ἄγνωσιος
3488 5440 3613 5506 hn-

2711 5510 2752 5539 ”
2785 5509 3053 5576 δίγνωμος
3103 5507 3356 5576 Ερίιοῗηυ
3389 5525 3438 5571 ι).
3480 5509 3612 5568 52:,

2274 5579 2316 5608 "
2347 5578 2392 5629 δ’
2423 5596 2532 5632 om.
2562 5577 2626 5634 C.
2703 5579 2750 5610 ¹⁰
2786 5577 3018 5633 εὔνοιαν.
3055 5579 3219 5648 εὐνὴν
3250 5577 3314 5631 R.
3351 5576 3612 5632 Scottus.

341 5640 562 5724 aidetur
592 5655 691 5724 vos
724 5643 930 5724 integra
958 5655 1107 5724 essei
1133 5655 1255 5692 nam
1287 5640 1606 5724 Hippolytus
1629 5647 1930 5724 respexerit
1953 5645 2292 5724 Scripturam
2325 5653 2670 5724 receptam‘in
2702 5650 2820 5703 loco
2850 5649 2866 5702 Ι
2891 5650 3016 5705 Cor.
3048 5665 3139 5714 vn,
3164 5640 3198 5704 3
3223 5649 3336 5718 jatn
3363 5664 3392 5701 a
3419 5647 3617 5706 ειη-ουρ

336 5710 604 5761 taudatam
629 5726 640 5758 :
668 5709 1026 5780 ὀφειλομένην
1053 5709 1288 5774 εὔνοιαν,
1329 5709 1423 5782 qui
1449 5709 1860 5783 eitpltctnistttus
1889 5709 2108 5785 quidam
2145 5729 2261 5772 erat
2291 5734 2388 5787 pro
2433 5709 2549 5774 v'oc.
2583 5719 2826 5785 δωειλήν.
