3804 6220
247 337 395 405 3195

1376 345 1672 407 CONTRA
1711 345 2079 405 HJERESES
2120 348 2266 407 LIB.
2305 350 2369 408 V.

3357 332 3496 395 3113i)

264 446 520 519 ’Δχαμῶθ
564 448 636 514 ",
692 448 867 515 Νάας,
936 450 1070 524 Βὴλ,
1128 453 1343 522 Βελίας,
1397 458 1597 520 Σατὰν,
1657 456 1821 527 Σαὴλ,

1928 456 2219 526 Adonteus,
2245 456 2563 525 Leviathan,
2594 458 2826 520 Pharao,
2852 457 3235 515 Carcamenos,
3264 444 3495 502 Lethen.

264 540 571 604 Ἀδωναῐος,
603 540 849 598 Καυῖθαν
870 544 937 610 ’⁸,
970 543 1169 614 Φαραὼ
1191 547 1258 609 ⁸³,
1290 546 1690 619 Καρκαμενὼς,
1712 548 1823 602 Λά-

253 627 370 683 θεν.
403 628 624 684 Τούτων
676 630 789 686 τῶν
842 636 1305 708 εἰκοσιτεσσάρων
1354 639 1601 708 ἀγγέλων
1639 641 1687 693 οί
1724 639 1823 709 μὲν

254 723 519 792 πατρικοὶ
548 721 626 794 τῷ
652 724 827 797 πατρὶ
851 727 1197 800 συναίρονται
1214 731 1262 764 ’⁸
1289 732 1384 786 καὶ
1400 732 1578 785 πάντα
1610 730 1825 786 ποιοῦσι

252 812 397 867 κατά
422 813 485 867 τὸ
508 814 719 886 θέλημα
747 815 828 890 [p.
858 819 982 875 151.
1009 820 1136 894 159]
1162 822 1359 878 αὐτοῦ’
1390 826 1439 880 οἱ
1470 825 1526 879 δὲ
1563 825 1826 897 μητρικοὶ

250 908 321 975 τῇ
351 906 522 979 μητρὶ⁹
567 908 764 980 Ἐδέμ·
798 909 1004 968 τούτων
1042 914 1100 967 δὲ
1122 915 1230 968 τῶν
1256 916 1505 985 ἀγγέλων
1521 916 1656 989 όμοῦ
1686 919 1826 972 πάν-

252 998 365 1048 των
393 997 453 1049 τὸ
498 998 704 1068 πλῆθος
728 1001 757 1053 6
784 1002 1135 1073 παράδεισος,
1180 1006 1366 1077 φησὶν,
1424 1005 1562 1072 ἐστὶ,
1596 1007 1726 1078 περὶ
1763 997 1826 1060 οὗ

254 1087 405 1158 λέγει
439 1090 672 1162 Μωσῆςο
720 1094 1087 1165 Ἐςρύτευσεν
1122 1099 1157 1153 ὁ
1188 1099 1335 1167 Θεὸς
1376 1100 1423 1132 ’⁸
1455 1098 1828 1169 παράδεισον

252 1180 327 1234 ἐν
364 1182 542 1252 Ἐδὲμ
561 1186 715 1239 κατὰ
740 1185 1064 1256 ἀνατολὰς,
1093 1189 1342 1243 τουτέστι
1365 1190 1508 1244 κατὰ
1534 1191 1828 1263 πρόσωπον

250 1273 355 1342 τῆς
397 1274 583 1346 Ἐδὲμ,
616 1277 705 1331 ἴνα
732 1279 903 1353 βλέπῃ
921 1279 1011 1335 τὸν
1039 1281 1422 1354 παράδεισονή
1459 1282 1644 1355 Ἐδὲμ,
1669 1300 1825 1337 τουτ-

252 1363 374 1417 έστι
418 1366 546 1430 τοὺς
579 1368 868 1439 ἀγγέλους,
899 1371 989 1426 διὰ
1016 1374 1240 1438 παντός.
1276 1374 1480 1429 Τούτου
1510 1374 1604 1428 τοῦ
1649 1392 1827 1448 παρα-

251 1456 434 1511 δείσου
463 1458 845 1530 ἁλληγορικῶς
880 1464 932 1517 οἱ
963 1463 1189 1533 ἄγγελοι
1220 1465 1517 1536 κέκληνται
1549 1466 1703 1534 ξύλα,
1732 1469 1829 1522 καὶ

251 1546 371 1601 ἔστι
400 1548 459 1602 τὸ
488 1550 643 1614 ξύλον
670 1553 769 1625 τῆς
815 1553 961 1624 ζωῆς
985 1556 1015 1608 6
1049 1555 1234 1627 τρίτος
1260 1557 1369 1611 τῶν
1396 1559 1680 1629 πατρικῶν
1726 1563 1826 1630 άγ-

250 1639 429 1707 γέλων
459 1643 695 1714 Βοροὺχ,
723 1646 784 1698 τὸ
814 1646 872 1700 δὲ
894 1646 1049 1713 ξύλον
1075 1649 1171 1703 τοῦ
1203 1649 1403 1705 εἰδέναι
1434 1653 1635 1721 γνῶσιν
1658 1654 1826 1708 καλοῦ

252 1732 350 1782 καὶ
377 1734 613 1805 πονηροῦ
637 1738 665 1789 6
681 1737 864 1807 τρίτος
887 1738 998 1794 τῶν
1021 1742 1303 1813 μητρικῶν
1325 1744 1637 1813 άγγέλων,ὀ
1653 1747 1823 1811 Νάας.

251 1822 441 1887 Οὕτως
474 1826 520 1857 ’⁸
546 1828 657 1899 γὰρ
684 1827 836 1898 λέγει
867 1831 978 1885 δεῖν
1014 1834 1059 1866 ³⁷
1085 1836 1154 1889 τὰ
1200 1836 1444 1902 Μωσέως
1476 1837 1821 1910 ἑρμηνεύειν,
1856 1815 1899 1870 Β

251 1913 463 1981 λέγων·
515 1920 1001 1992 περιεσταλμένως
1036 1925 1081 1957 ’⁸
1112 1925 1255 1981 αὐτὰ
1306 1925 1461 1982 εἶπεν
1512 1930 1541 1983 6
1582 1931 1825 2001 Μωῠσῆς

249 2005 344 2058 διὰ
371 2006 432 2059 τὸ
462 2008 536 2081 μὴ
574 2011 782 2076 πάντας
823 2018 1023 2088 χωρεῖν
1066 2018 1168 2090 τὴν
1210 2020 1490 2092 ἀλήθειαν.
1525 2024 1824 2096 Γενομένου

252 2097 333 2155 δὲ.
364 2100 517 2167 φησὶ,
564 2101 660 2155 τοῦ
709 2106 1037 2177 παραδείσου
1078 2109 1137 2175 ἐξ
1181 2112 1597 2184 εὐαρεστήσεως
1638 2116 1826 2187 κοινῆς

266 2189 502 2261 Ἐλωεὶμ
528 2194 625 2247 καὶ
658 2195 838 2268 Ἐδὲμ,
857 2201 905 2252 οἱ
928 2200 1024 2253 τοῦ
1055 2202 1290 2275 Ἐλωεὶμ
1311 2204 1533 2274 ἄγγελοι
1561 2207 1821 2273 λαϐόντες

249 2280 363 2371 ἀπο
393 2281 493 2350 τῆς
536 2284 826 2355 καλλίστης
860 2289 984 2360 γῆς,
1015 2294 1297 2349 τουτέστιν
1342 2297 1443 2351 οὐκ
1472 2298 1580 2351 ἀπὸ
1606 2299 1701 2353 τοῦ
1732 2300 1826 2371 θη·-

252 2370 481 2462 ριώδους
513 2376 713 2447 μέρους
764 2382 865 2452 τῆς
904 2383 1087 2454 Ἐδὲμ,
1129 2385 1266 2441 ἀλλά
1311 2388 1420 2442 ἀπὸ
1461 2389 1570 2444 τῶν
1610 2391 1748 2462 ὑπὲρ
1779 2370 1824 2426 iv

252 2461 501 2531 βουϐῶνα
559 2469 978 2539 ἀνθρωωειδῶν
1023 2476 1119 2530 καὶ
1165 2478 1391 2549 ἡμέρων
1436 2482 1654 2553 χωρίων
1685 2461 1826 2553 Ιίτῆς

249 2556 359 2625 γῆς
408 2558 621 2614 ποιοῦσι
667 2561 758 2617 τὸν
806 2564 1115 2638 ἄνθρωπον.
1158 2571 1254 2623 Ἐκ
1282 2571 1339 2624 δὲ
1378 2572 1488 2626 τῶν
1545 2574 1825 2646 θηριωδῶν

256 2650 463 2717 μερῶν,
501 2653 655 2724 φησὶ.
688 2656 933 2724 γίνονται
958 2659 1028 2713 τὰ
1054 2660 1220 2732 θηρία
1250 2664 1347 2716 καὶ
1386 2664 1454 2718 τὰ
1482 2665 1643 2720 λοιπὰ
1687 2667 1820 2732 ζῶα.

253 2739 362 2793 Τὸν
390 2741 675 2814 ἄνθρωπον
692 2744 785 2803 οὖν
812 2750 1074 2815 ἐποίησαν
1099 2754 1145 2785 ³⁸
1172 2754 1438 2826 σύμϐολον
1458 2759 1558 2829 τῆς
1578 2760 1826 2830 ὲνότητος

249 2832 433 2887 αὐτῶν
466 2834 560 2888 καὶ
606 2837 838 2905 εὐνοίας,
899 2842 995 2896 καὶ
1041 2845 1424 2900 κατατίθενται
1467 2847 1566 2911 τὰς
1616 2849 1827 2903 ἑαυτῶν

251 2920 515 2993 δυνάμεις
543 2927 624 2990 εἰς
646 2929 809 2983 αὑτὸν
833 2931 904 2996 ³⁸,
927 2933 1041 2987 Ἐδὲ
1050 2952 1089 3004 μ
1117 2935 1215 3006 μὲν
1236 2937 1335 3008 τὴν
1354 2936 1555 3009 ψυχὴν,
1595 2939 1828 3010 Ἐλωεὶμ

252 3013 316 3066 δὲ
344 3014 405 3068 τὸ
435 3017 676 3090 πνεῦμα.
709 3022 819 3077 Καὶ
850 3023 1063 3093 γίνεται
1089 3027 1255 3082 οίονεὶ
1292 3030 1528 3101 σφραγίς
1569 3048 1652 3097 τις
1685 3032 1824 3104 αὕτη

1928 545 2135 603 ﬂorum
2172 548 2360 618 viginti
2389 558 2623 617 quatuor
2671 545 2981 617 angelorum
3029 537 3239 611 paterni
3290 544 3497 606 palt‘em

1927 640 2258 695 comitantur
2275 640 2631 712 220-221
2646 649 2700 695 et
2714 638 2890 695 omnia
2907 633 3189 707 perﬁciunt
3211 643 3276 684 ex
3304 626 3497 681 volun—

1929 741 2040 788 tate
2083 733 2200 803 ejus
2228 773 2244 801 ,
2304 733 2536 790 materni
2588 742 2767 788 autem
2813 741 3039 786 matrem
3074 725 3262 782 Edent.
3289 719 3497 775 [lorum

1927 834 2108 881 autem
2132 825 2448 897 angelorum
2474 824 2633 882 simul
2656 823 2895 880 onmitun
2913 818 3198 877 multitudo
3215 811 3498 885 paradisus

1926 927 2029 984 est,
2068 917 2280 989 inquit,
2309 920 2377 974 de
2408 934 2517 989 quo
2548 918 2621 973 ait
2658 917 2873 982 Moses:
2919 913 3190 970 Plantauit
3232 909 3368 964 Deus
3411 922 3501 971 pa-

1926 1010 2164 1065 raditum
2200 1010 2258 1065 in
2286 1008 2457 1065 Edam
2501 1012 2751 1066 orientem
2788 1024 2964 1064 versus
2988 1039 3015 1074 ,-
3039 1005 3143 1061 hoc
3185 1011 3269 1058 est
3310 1012 3499 1054 versus

1928 1099 2121 1154 faciem
2155 1100 2322 1155 Edem
2345 1140 2361 1169 ,
2395 1110 2450 1156 ut
2480 1111 2686 1172 spectet
2718 1101 3020 1170 paradisum
3052 1097 3216 1151 Edam
3244 1132 3260 1156 ,
3291 1093 3392 1145 hoc
3415 1098 3498 1143 est

1924 1191 2184 1260 angelos,
2243 1192 2297 1247 in
2347 1202 2692 1263 perpetuum.
2744 1191 2913 1259 Huius
2949 1185 3183 1260 paradisi
3211 1182 3500 1252 allegorice

1924 1283 2103 1355 angeli
2136 1293 2401 1341 vocantur
2431 1284 2574 1356 ligna
2608 1323 2628 1352 ,
2686 1294 2740 1339 et
2799 1294 2880 1338 est
2906 1284 3108 1351 ligmnu
3140 1278 3264 1332 vitae
3308 1273 3502 1330 tertius

1925 1387 2272 1447 paternorum
2300 1376 2636 1449 angelorum,
2663 1376 2905 1440 Baruch;
2939 1373 3141 1441 lignum
3181 1377 3364 1423 autem
3402 1364 3499 1417 ha-

1906 1468 2087 1524 bendi
2130 1469 2493 1541 cognitionem
2519 1467 2649 1523 boni
2673 1477 2726 1521 et
2752 1467 2874 1521 mali
2908 1464 3101 1519 tertius
3130 1468 3498 1516 maternorum

1925 1563 2238 1635 angelorum
2264 1605 2279 1629 ,
2320 1560 2506 1633 Naas.|
2541 1562 2618 1618 lta
2656 1562 2800 1617 enim
2838 1560 2916 1614 ait
2941 1557 3103 1613 Mosis
3132 1553 3296 1609 verba
3332 1551 3501 1605 inter-

1924 1656 2186 1726 pretanda
2233 1670 2356 1711 esse
2402 1655 2631 1711 dicens:
2677 1646 3169 1720 Circumloquendo
3209 1659 3273 1700 ea
3301 1639 3498 1698 extulit

1926 1743 2136 1812 Moses,
2168 1744 2369 1814 quippe
2399 1759 2524 1799 cum
2552 1758 2661 1798 non
2694 1755 2886 1795 omnes
2914 1743 3275 1807 assequentur
3306 1729 3502 1786 verita-

1926 1845 2053 1892 tem.
2090 1835 2257 1891 Faeto
2284 1846 2461 1890 autem
2487 1875 2502 1900 ,
2545 1834 2718 1902 inquit
2744 1871 2760 1895 ,
2791 1830 3047 1900 paradiso
3075 1843 3140 1882 ex
3176 1820 3500 1892 complacito

1925 1929 2428 1985 cummuniElohim
2462 1927 2723 1997 et_Edem,
2760 1924 2966 1979 Elohim
2993 1920 3189 1992 angeli,
3223 1925 3500 1971 sumentes

1926 2038 1955 2076 a
1989 2021 2354 2092 pulcherrima
2391 2031 2535 2075 terra
2560 2057 2580 2085 ,
2608 2018 2710 2074 hoc
2758 2030 2844 2072 est
2877 2031 2984 2071 non
3018 2030 3048 2069 a
3092 2009 3302 2067 bestiali
3348 2016 3501 2077 parte

1926 2113 2114 2179 Edem,
2145 2115 2239 2170 sed
2268 2129 2332 2168 ex
2364 2114 2610 2185 partibus
2638 2126 2801 2179 supra
2830 2110 3046 2178 inguina
3074 2105 3276 2162 homini
3305 2100 3500 2157 simili-

1926 2209 2027 2263 bus
2055 2215 2112 2263 et
2139 2206 2417 2262 cicuribus
2444 2215 2599 2262 terra:
2627 2204 2833 2260 faciunt
2865 2200 3159 2256 hominem.
3192 2196 3267 2251 Ex
3298 2192 3501 2249 bestia-

1924 2298 2067 2354 libus
2104 2309 2283 2354 autem
2323 2299 2608 2367 partibus,
2642 2298 2854 2367 inquit,
2900 2295 3194 2363 gignuntur
3216 2286 3409 2343 bestiae
3442 2294 3501 2339 et

1928 2392 2131 2463 reliqua
2158 2390 2729 2447 animaliaJiominetn
2750 2390 2913 2459 igitur
2930 2388 3174 2441 fecerunt
3190 2377 3509 2448 exemplum

1927 2485 2147 2541 unitatis
2192 2500 2307 2542 sua:
2331 2493 2386 2539 et
2418 2483 2703 2539 ebaritatis
2733 2491 2786 2536 et
2810 2481 3083 2549 deponunt
3114 2488 3241 2530 suas
3269 2482 3500 2538 uterque

1927 2584 2225 2643 potestates
2263 2576 2315 2629 in
2345 2590 2431 2639 eo,
2452 2646 2456 2649 _
2480 2584 2534 2629 et
2562 2574 2729 2628 Edem
2762 2573 2979 2641 quidem
2999 2569 3261 2627 animum,
3288 2562 3496 2618 Elohim

1928 2678 2107 2723 autem
2148 2667 2420 2737 spiritum.
2457 2664 2524 2721 Et
2554 2664 2767 2719 exsistit
2809 2664 2915 2718 hoc
2966 2672 3220 2728 tanquam
3263 2654 3496 2727 sigillum

1929 2761 2196 2829 quoddam
2226 2768 2278 2814 et
2301 2759 2502 2813 amoris
2532 2757 2923 2812 monimentum
2950 2764 3003 2808 et
3025 2749 3328 2820 exemplum
3344 2756 3503 2801 teter-

1930 2866 2057 2905 num
2109 2850 2411 2916 nuptiarum
2460 2848 2625 2903 Edent
2665 2856 2721 2901 et
2762 2844 2969 2900 Elohim
2998 2884 3013 2908 ,
3045 2844 3207 2898 homo
3232 2880 3247 2905 ,
3279 2839 3369 2910 qui
3419 2846 3504 2892 est

1925 2943 2118 2997 Adam.
2154 2942 2369 2997 Pariter
2398 2949 2576 2997 autem
2612 2941 2777 2995 etiam
2808 2941 2916 2995 Eva
2950 2939 3089 2992 facta
3122 2944 3244 2999 est,
3305 2931 3500 3000 inquit.

1928 3043 1985 3087 ut
2015 3033 2276 3101 scriptum
2308 3041 2390 3086 est
2414 3031 2574 3095 Mosi,
2606 3030 2786 3099 imago
2821 3039 2875 3084 et
2902 3024 3235 3094 exemplum,
3265 3020 3500 3090 sigillum

252 3105 353 3158 καὶ
393 3108 578 3204 φιλίας
607 3112 908 3186 ὑπόμνημα
944 3118 1038 3171 καὶ
1064 3118 1331 3190 σύμϐολον
1359 3123 1578 3177 αἰώνιον
1605 3123 1699 3179 τοῦ
1722 3125 1824 3194 γά-

1932 3127 1985 3182 in
2015 3134 2331 3196 perpetuum
2362 3124 2772 3179 custodiendum
2805 3122 2949 3177 illius
2976 3120 3166 3175 Edent.
3218 3113 3502 3184 Deposita-

254 3214 364 3290 μου
398 3201 497 3271 τῆς
524 3202 682 3270 Ἑδὲμ
705 3206 801 3261 καὶ
828 3207 923 3262 τοῦ
978 3210 1208 3285 Ἐλωεὶμ
1234 3213 1542 3287 ἄνθρωπος,
1565 3218 1595 3271 6
1631 3218 1823 3290 Ἀδάμ.

263 3288 499 3383 ’ρμοίως
529 3292 586 3348 δὲ
610 3297 704 3349 καὶ
734 3300 768 3368 ἡ
802 3299 917 3355 Εὕα
937 3301 1150 3383 γέγρνε,
1185 3307 1370 3377 φησὶν,
1405 3307 1597 3380 ὥσπερ
1638 3288 1830 3364 Μωσεῖ

249 3376 590 3449 γέγραπται,
621 3386 787 3441 εἰκὼν
815 3393 909 3444 καὶ
942 3376 1512 3468 σύμϐολον.ίσφραγὶς
1542 3376 1622 3462 εἷς
1652 3401 1828 3455 αἰῶνα

250 3469 711 3563 φυξ-αχοησομένη
756 3480 803 3512 ⁸⁸
846 3483 945 3553 τῆς
979 3485 1168 3557 Ἐδέμ·
1217 3490 1485 3561 κατετέθη
1534 3508 1593 3545 τε
1624 3492 1825 3563 ὁμοίως

251 3560 437 3655 καὶ
488 3568 552 3636 τῇ
588 3567 702 3642 Εὖᾳ
731 3574 797 3643 τῇ
837 3575 1006 3629 εἰκόνι
1031 3577 1176 3650 ψυχὴ
1211 3580 1311 3651 μὲν
1351 3560 1587 3654 άπὸίτῆς
1639 3560 1820 3655 Ἐδὲμ,

251 3654 477 3743 πνεῦμα
507 3656 565 3709 δὲ
597 3660 705 3713 ἀπὸ
728 3661 822 3714 τοῦ
865 3665 1118 3738 Ἐλωείμ.
1150 3670 1261 3723 Καὶ
1307 3671 1571 3743 ἐδόθησαν
1610 3654 1823 3727 ἐντολαὶ

248 3741 439 3805 αὒτοῖς
459 3758 473 3773 ·
501 3746 846 3810 Αὐξάνεσθε
867 3752 911 3783 ³³
944 3754 1042 3807 καὶ
1073 3741 1476 3825 πληθύνεσθέ,
1509 3759 1607 3813 καὶ
1641 3776 1823 3814 κατα-

247 3836 749 3906 κληρονομήσατε
770 3841 887 3911 τὴν
915 3841 1050 3914 γῆν,
1074 3846 1321 3901 τουτέστι
1344 3847 1442 3919 τὴν
1467 3849 1649 3921 Ἐδὲμ,
1679 3849 1821 3904 οὕτω

245 3930 363 3997 γὰρ
390 3927 533 3983 θέλει
560 3934 890 4004 γεγράφθαι.
915 3938 1105 3992 Πᾶσαν
1119 3939 1229 4008 γὰρ
1252 3940 1350 4011 τὴν
1374 3942 1572 4013 ἑαυτῆς
1591 3942 1821 4014 δύναμιν

245 4016 417 4069 οἱονεί
435 4035 557 4073 τινα
580 4022 768 4076 οὐσίαν
797 4026 855 4079 ἐν
878 4025 1042 4097 γάμῳ
1081 4029 1115 4098 ἡ
1159 4028 1319 4100 Ἐδὲμ
1358 4030 1704 4101 προσήνεγκε
1743 4032 1823 4103 τῷ

259 4109 716 4181 Ἐλωείμ.’()θεν,
739 4117 893 4186 φησὶ,
911 4119 1051 4172 κατὰ
1067 4119 1298 4189 μίμησιν
1326 4121 1533 4175 ἐκείνου
1556 4123 1647 4176 τοῦ
1670 4124 1821 4195 πρώο

1932 3233 2039 3287 que
2061 3226 2143 3272 est
2178 3216 2383 3285 pariter
2426 3217 2588 3271 etiam
2629 3215 2681 3270 in
2712 3214 2844 3278 Eva,
2878 3212 3134 3281 imagine.
3167 3208 3347 3262 anima
3375 3202 3499 3273 qui-

1931 3308 2050 3362 dem
2079 3308 2144 3360 ab
2175 3308 2264 3361 illa
2293 3307 2497 3368 Edent,
2548 3306 2769 3376 spiritus
2815 3313 2992 3358 autem
3044 3302 3111 3354 ab
3156 3297 3400 3357 Elohim,
3446 3302 3504 3347 et

1931 3398 2052 3453 data
2086 3409 2212 3452 sunt
2240 3399 2500 3465 imperata
2541 3397 2645 3451 iis:
2672 3395 2948 3473 Augemini
2973 3404 3020 3446 et
3046 3384 3497 3459 multiplicamini,

1930 3499 1976 3543 et
2007 3490 2266 3543 sortimini
2315 3498 2508 3542 terram
2532 3528 2548 3555 ,
2579 3488 2682 3542 hoc
2718 3498 2799 3541 est
2849 3485 3011 3540 [idem
3040 3501 3059 3551 ;
3104 3483 3183 3537 sic
3212 3479 3358 3537 enim
3389 3475 3506 3532 vult

1930 3582 2191 3647 scriptum
2222 3595 2363 3636 esse.
2397 3580 2622 3635 Omnem
2661 3579 2805 3633 enim
2830 3584 3149 3648 potestatem
3195 3587 3347 3628 suam
3375 3580 3500 3625 tan-

1930 3686 2090 3740 quam
2115 3671 2346 3739 aliquam
2373 3671 2552 3723 dotem
2575 3670 2628 3722 iu
2656 3668 2858 3737 nuptiis
2875 3667 3041 3725 Edem
3065 3662 3244 3718 attulit
3262 3659 3497 3715 Elohim.

1931 3758 2105 3825 Unde,
2139 3759 2355 3828 inquit,
2394 3773 2489 3827 per
2525 3759 2883 3812 imitationem
2940 3755 3237 3824 primarum
3284 3748 3498 3804 illarum

1930 3850 2239 3919 nuptiarum
2275 3849 2451 3904 dotem
2482 3847 2715 3906 aﬂ’eruut
2764 3848 3031 3915 hodieque
3083 3842 3340 3899 mulieres
3368 3838 3501 3895 viris

1929 3941 2124 3996 divinae
2151 3940 2364 3994 cuidam
2421 3948 2475 3995 et
2513 3940 2700 4008 patriae
2736 3938 2840 4007 legi
2892 3937 3195 4000 obsecuta,
3248 3945 3369 4002 quae
3411 3929 3498 3985 lex

1928 4033 2139 4087 sancita
2169 4040 2252 4085 est
2301 4030 2441 4084 inter
2471 4030 2634 4083 Edem
2670 4038 2723 4082 et
2754 4027 2985 4082 Elohim.
3028 4022 3272 4080 Conditis
3314 4030 3497 4075 autem

1925 4118 2200 4182 omnibus,
2251 4126 2312 4172 ut
2359 4118 2621 4188 scriptum
2652 4127 2737 4172 est
2778 4117 2918 4186 apud
2956 4114 3162 4179 Mosen,
3192 4124 3247 4168 et
3273 4112 3413 4168 ccelo
3443 4120 3500 4165 et

244 4218 348 4253 του
374 4204 553 4273 γάμου
587 4210 790 4276 προῖκα
836 4210 1204 4282 προσφέρουσι
1250 4212 1413 4282 μέχρι
1464 4214 1707 4287 σήμερον
1764 4217 1820 4269 αἱ

1930 4219 2073 4264 terra
2119 4219 2174 4265 et
2218 4210 2305 4273 iis,
2349 4225 2471 4279 quae
2512 4209 2565 4263 in
2601 4209 2682 4263 eis
2720 4208 2931 4274 insunt,
2970 4207 3023 4261 iu
3070 4215 3300 4276 quatuor
3332 4205 3500 4271 impe-

244 4295 508 4361 γυναῖκες
555 4300 669 4361 τοῖς
700 4299 962 4370 ἀνδράσι,
1013 4301 1143 4373 θείῳ
1184 4303 1293 4356 τινὶ
1339 4304 1385 4335 ³⁸
1421 4305 1520 4359 καὶ
1566 4307 1820 4379 πατρικῷ

1927 4298 2005 4354 ria
2035 4300 2192 4356 divisi
2220 4310 2345 4356 sunt
2372 4300 2654 4356 duodecim
2695 4296 3049 4377 222-223
3081 4297 3269 4351 matris
3298 4294 3501 4365 angeli,

243 4387 404 4454 νόμῳ
446 4389 765 4458 πειθόμεναι
806 4389 883 4460 τῷ
924 4393 1205 4464 γενομένῳ
1254 4380 1392 4466 πρὸς
1454 4395 1687 4468 Ἐλωεὶμ
1718 4400 1821 4470 τῆς

1927 4400 1982 4445 et
2020 4400 2248 4446 vocatur
2286 4390 2478 4445 lterum
2503 4390 2755 4461 quodque
2799 4392 3072 4459 quadrans
3099 4389 3274 4439 amnis
3300 4384 3503 4437 Phison.

257 4473 449 4545 Ἐδέμ.
474 4477 818 4534 Κτισθέντων
846 4483 903 4536 δὲ
943 4483 1182 4549 πάντων,
1229 4483 1305 4548 ὡς
1326 4485 1639 4557 γέγραπται
1668 4492 1818 4560 παρὰ

1927 4493 1981 4539 et
2024 4482 2208 4539 Gehoo
2253 4495 2305 4538 et
2337 4482 2517 4555 Tigris
2554 4493 2607 4539 et
2640 4482 2965 4553 Euphrates,
2998 4490 3090 4545 ut,
3128 4479 3326 4548 inquit,
3369 4475 3500 4530 dicit

240 4564 331 4633 τῷ
354 4565 583 4639 Μωῦσῇ,
620 4570 849 4640 ούρανοῦ
878 4589 938 4625 τε
970 4573 1065 4626 καὶ
1085 4574 1189 4645 γῆς
1220 4575 1316 4629 καὶ
1349 4574 1460 4629 τῶν
1493 4578 1550 4630 ὲν
1584 4578 1723 4651 αὐτῇ
1754 4581 1823 4647 ³⁵,

1928 4575 2124 4631 Muses.
2165 4576 2227 4629 lli
2257 4576 2735 4646 circumvagantur
2758 4574 3038 4628 duodecim
3072 4570 3247 4642 angeli
3282 4569 3332 4623 in
3360 4582 3498 4637 qua-

242 4657 337 4717 είς
398 4656 666 4731 τέτταρας
718 4663 892 4735 ἀρχὰς
953 4665 1283 4739 διῃρέθησαν
1344 4670 1393 4722 0i
1453 4668 1659 4725 δώδεκα
1722 4673 1824 4743 τῆς

1927 4676 2050 4721 tuor
2093 4679 2277 4737 partes
2315 4668 2456 4722 inter
2487 4683 2546 4721 se
2592 4667 2898 4737 complicati
2930 4676 2981 4720 et
3012 4664 3313 4735 gubernant
3344 4675 3498 4713 mun-

246 4750 463 4819 μητρὸς
488 4750 728 4821 ἄγγελοι,
756 4757 851 4809 καὶ
879 4758 1121 4812 καλεῖται
1145 4759 1349 4813 τούτων
1371 4759 1599 4815 ἕκαστον
1629 4780 1823 4835 τεταρ-

1928 4760 2055 4813 dum
2082 4799 2097 4821 ,
2128 4760 2455 4829 satrapicam
2487 4760 2776 4830 quamdam
2807 4759 3116 4813 obtinentes
3151 4755 3200 4806 iu
3238 4751 3496 4822 lltlllldlllll

240 4841 515 4913 τημόριον
546 4844 623 4917 [p.
659 4848 957 4921 152-154]
992 4850 1256 4923 ποταμὸς,
1295 4852 1502 4905 Φεισὼν
1531 4856 1627 4907 καὶ
1673 4854 1822 4908 Γεὼν

1927 4852 1995 4905 ab
2021 4852 2183 4905 Edent
2214 4863 2487 4923 acceptam
2528 4862 2870 4919 potestatem.
2919 4849 3135 4904 Manent
3179 4856 3359 4900 autem
3389 4859 3496 4898 non

242 4936 349 4988 καὶ
380 4936 569 5009 Τίγρις
598 4940 691 4993 καὶ
717 4942 1027 5013 Εὐφράτης,
1064 4943 1160 5012 ὡς,
1195 4946 1349 5015 φησὶ,
1380 4945 1527 5014 λέγει
1554 4947 1817 5015 Μωῦσῆς·

1927 4956 2140 5009 semper
2188 4943 2241 4996 in
2295 4944 2427 4998 locis
2467 4945 2675 5005 iisdem,
2707 4944 2800 4997 sed
2829 4954 3079 5013 tauquam
3117 4940 3169 4993 iu
3200 4939 3369 4993 choro
3401 4952 3497 5009 cy-

242 5021 397 5078 οὗτοι
418 5028 868 5102 ὲμπεριέρχονται
888 5034 930 5064 ³⁶
952 5035 1000 5086 οἱ
1016 5033 1221 5087 δώδεκα
1242 5036 1459 5104 ἄγγελοι
1480 5038 1559 5101 εἰς
1582 5036 1818 5107 τέτταρα

1927 5035 2061 5089 clieo
2089 5035 2566 5107 circumvagautur
2590 5078 2604 5101 ,
2652 5047 2921 5091 imitantes
2970 5035 3143 5089 locum
3187 5048 3252 5088 ex
3282 5032 3400 5087 loco
3440 5039 3499 5086 et

243 5116 397 5187 μέρη
428 5123 1033 5196 συμπεριπεπλεγμένοι
1065 5126 1160 5179 καὶ
1188 5126 1429 5181 διέπουσι
1469 5126 1562 5182 τὸν
1587 5128 1817 5199 κόσμον,

1927 5125 2177 5183 cedentes
2203 5130 2369 5185 certis
2410 5130 2742 5199 temporibus
2788 5138 2842 5182 et
2897 5125 3193 5181 intervallis
3244 5124 3359 5180 loca
3392 5121 3496 5177 sibi

1521 5304 1754 5361 VARIAS
1782 5305 2185 5364 LECTIONES.

1639 5465 1683 5496 ²²
1719 5465 1985 5520 Καυῖθαν.
2042 5463 2355 5519 Λευῖαθάνῖ
2388 5459 2619 5531 Φαραώθ
2657 5461 2718 5521 C,
2755 5460 2824 5515 Μ.
2868 5530 2879 5531 7
2938 5457 3401 5531 ’δνσυναιροῠνται

242 5528 293 5602 δ’
325 5527 354 5602 ι,
381 5524 705 5602 Μυεοῄειίδξ
792 5532 836 5561 ³⁸
852 5524 1037 5602 -Οὗτος
1066 5531 1127 5593 C.
1160 5524 1265 5587 ΜΓ
1308 5524 1321 5534 ’
1341 5534 1385 5565 ⁸⁷
1406 5524 1562 5602 λέγει
1588 5535 1718 5588 δεῖν’
1749 5535 1969 5602 λέγεται
1998 5534 2061 5598 C,
2096 5533 2166 5587 Μ.
2271 5534 2319 5566 ³⁸
2351 5524 2813 5602 περιέσταλμένος
2844 5530 2918 5602 Ca
2939 5600 2953 5602 Α
2984 5530 3029 5561 ’⁸
3053 5524 3365 5602 τᾷ›ν’ὑπέρ.
3401 5526 3494 5602 τὸν

240 5597 428 5674 νῖνξτέρ.Δ
509 5600 555 5674 ’ξ
585 5599 809 5672 ἐποίησε
828 5600 912 5674 _C,
946 5601 1016 5674 Μ.
1113 5602 1153 5634 ³¹
1190 5602 1370 5674 αὐτόν.
1406 5596 1599 5658 ἑαυτόν
1627 5604 1690 5659 C.
1793 5596 1839 5637 ³⁵
1874 5596 2352 5674 φυλαχθησόμενος
2380 5596 2442 5656 (ἒξ
2490 5673 2493 5674 ν
2553 5596 2865 5674 3’1:qual,
2893 5599 3007 5674 ‘28;
3037 5596 3350 5674 APﬁVSSOiE
3398 5596 3495 5674 x3“

243 5666 744 5746 ῖξληθύνεσθε-καῖ
785 5670 1115 5746 πληρώσατε
1164 5673 1265 5746 τῂν
1309 5674 1415 5746 γῆν
1456 5676 1555 5727 καὶ
1606 5666 2073 5746 κατακυριέύᾼσαίῖε
2100 5666 2367 5746 deﬁgit.
2406 5690 2454 5726 τ.
2488 5673 2537 5726 λ.
2652 5672 2696 5703 ³⁵
2730 5672 2858 5743 θείῳ
2887 5671 2993 5725 τινί
3045 5670 3126 5725 bis
3163 5672 3216 5723 in
3252 5669 3373 5723 cod.
3417 5666 3489 5722 Μ.

246 5739 296 5771 ³⁸
327 5740 462 5812 αὐτῇ
496 5740 560 5796 Β.
601 5740 821 5800 Scottus
853 5739 1044 5817 rem
1076 5744 1147 5809 ϐ,
1180 5739 1247 5803 Μ’.
1323 5739 1902 5817 πὲμπεριέχονταίϐ,
1927 5744 1994 5800 Μ.

321 5455 368 5487 ¹¹
394 5456 799 5582 Βαϐελαέαμῶς
831 5460 892 5522 C,
931 5461 1123 5523 Βάϐελ,
1169 5462 1423 5534 Ἀχαμῶς
1458 5463 1528 5517 Μ.

325 5527 348 5579 1
381 5526 513 5582 Mos.
539 5545 600 5582 Il.
668 5571 676 5580 .
792 5532 836 5561 ³⁸
871 5524 1037 5582 Οὗτος
1066 5531 1127 5582 (3.
1160 5533 1230 5582 Μ.
1341 5534 1385 5565 ⁸⁷
1416 5533 1528 5582 λέγε
