  <div class='ocr_page' id='page_1' title='image "/cluster/home/n/w/nwhite01/storage/ocr_20150623/16 pt.3/nnc1.0046978674/417.png"; bbox 0 0 3804 6220; ppageno 0'>
   <div class='ocr_carea' id='block_1_1' title="bbox 382 338 520 405">
    <p class='ocr_par' dir='ltr' id='par_1_1' title="bbox 382 338 520 405">
     <span class='ocr_line' id='line_1_1' title="bbox 382 338 520 405; baseline -0.007 -1"><span class='ocrx_word' id='word_1_1' title='bbox 382 338 520 405; x_wconf 84' lang='lat'><strong>3197</strong></span> 
     </span>
    </p>
   </div>
   <div class='ocr_carea' id='block_1_2' title="bbox 1841 342 2205 401">
    <p class='ocr_par' dir='ltr' id='par_1_2' title="bbox 1841 342 2205 401">
     <span class='ocr_line' id='line_1_2' title="bbox 1841 342 2205 401; baseline 0 0"><span class='ocrx_word' id='word_1_2' title='bbox 1841 342 2124 401; x_wconf 72' lang='lat' dir='ltr'><strong>ORIGEN</strong></span> <span class='ocrx_word' id='word_1_3' title='bbox 2134 343 2205 401; x_wconf 86' lang='lat' dir='ltr'><strong>IS</strong></span> 
     </span>
    </p>
   </div>
   <div class='ocr_carea' id='block_1_3' title="bbox 3463 339 3608 403">
    <p class='ocr_par' dir='ltr' id='par_1_3' title="bbox 3463 339 3608 403">
     <span class='ocr_line' id='line_1_3' title="bbox 3463 339 3608 403; baseline 0 0"><span class='ocrx_word' id='word_1_4' title='bbox 3463 339 3608 403; x_wconf 81' lang='lat'><strong>3198</strong></span> 
     </span>
    </p>
   </div>
   <div class='ocr_carea' id='block_1_4' title="bbox 380 446 1943 521">
    <p class='ocr_par' dir='ltr' id='par_1_4' title="bbox 380 447 1941 520">
     <span class='ocr_line' id='line_1_4' title="bbox 380 447 1941 520; baseline 0 -16"><span class='ocrx_word' id='word_1_5' title='bbox 380 449 697 505; x_wconf 85' lang='lat' dir='ltr'><strong>constituta.</strong></span> <span class='ocrx_word' id='word_1_6' title='bbox 729 447 956 515; x_wconf 80' lang='lat' dir='ltr'><strong>Quando</strong></span> <span class='ocrx_word' id='word_1_7' title='bbox 981 459 1159 505; x_wconf 87' lang='lat' dir='ltr'><strong>autem</strong></span> <span class='ocrx_word' id='word_1_8' title='bbox 1188 448 1476 520; x_wconf 81' lang='lat' dir='ltr'><strong>imperium</strong></span> <span class='ocrx_word' id='word_1_9' title='bbox 1521 459 1668 505; x_wconf 87' lang='lat' dir='ltr'><strong>tenet</strong></span> <span class='ocrx_word' id='word_1_10' title='bbox 1700 451 1941 505; x_wconf 90' lang='lat' dir='ltr'><strong>locorum</strong></span> 
     </span>
    </p>
   </div>
   <div class='ocr_carea' id='block_1_5' title="bbox 2047 446 3611 521">
    <p class='ocr_par' dir='ltr' id='par_1_5' title="bbox 2047 446 3611 521">
     <span class='ocr_line' id='line_1_5' title="bbox 2047 446 3611 521; baseline 0.001 -19"><span class='ocrx_word' id='word_1_11' title='bbox 2047 450 2391 521; x_wconf 70' lang='grc' dir='ltr'>σατραπικήν</span> <span class='ocrx_word' id='word_1_12' title='bbox 2424 451 2465 483; x_wconf 77' lang='grc'><strong>’⁷</strong></span> <span class='ocrx_word' id='word_1_13' title='bbox 2494 467 2614 503; x_wconf 92' lang='grc' dir='ltr'>τινα</span> <span class='ocrx_word' id='word_1_14' title='bbox 2654 451 2869 519; x_wconf 82' lang='grc' dir='ltr'>ἔχοντες</span> <span class='ocrx_word' id='word_1_15' title='bbox 2910 448 3049 503; x_wconf 85' lang='grc' dir='ltr'><strong>κατά</strong></span> <span class='ocrx_word' id='word_1_16' title='bbox 3092 446 3186 501; x_wconf 80' lang='grc' dir='ltr'>τοῦ</span> <span class='ocrx_word' id='word_1_17' title='bbox 3219 448 3427 519; x_wconf 79' lang='grc' dir='ltr'><strong>κόσμου</strong></span> <span class='ocrx_word' id='word_1_18' title='bbox 3458 452 3611 521; x_wconf 69' lang='grc' dir='ltr'>παρὰ</span> 
     </span>
    </p>
   </div>
   <div class='ocr_carea' id='block_1_6' title="bbox 382 540 1945 613">
    <p class='ocr_par' dir='ltr' id='par_1_6' title="bbox 382 540 1945 613">
     <span class='ocr_line' id='line_1_6' title="bbox 382 540 1945 613; baseline 0.001 -17"><span class='ocrx_word' id='word_1_19' title='bbox 382 540 601 607; x_wconf 81' lang='lat' dir='ltr'><strong>Phison,</strong></span> <span class='ocrx_word' id='word_1_20' title='bbox 627 540 816 604; x_wconf 84' lang='lat' dir='ltr'><strong>fames,</strong></span> <span class='ocrx_word' id='word_1_21' title='bbox 843 541 1126 609; x_wconf 67' lang='lat' dir='ltr'><strong>angustiae,</strong></span> <span class='ocrx_word' id='word_1_22' title='bbox 1159 542 1376 595; x_wconf 83' lang='lat' dir='ltr'><strong>miseria</strong></span> <span class='ocrx_word' id='word_1_23' title='bbox 1409 543 1461 597; x_wconf 87' lang='lat' dir='ltr'><strong>in</strong></span> <span class='ocrx_word' id='word_1_24' title='bbox 1488 542 1576 596; x_wconf 84' lang='lat' dir='ltr'><strong>illa</strong></span> <span class='ocrx_word' id='word_1_25' title='bbox 1608 552 1761 613; x_wconf 90' lang='lat' dir='ltr'><strong>parte</strong></span> <span class='ocrx_word' id='word_1_26' title='bbox 1788 552 1945 597; x_wconf 73' lang='lat' dir='ltr'><strong>terra:</strong></span> 
     </span>
    </p>
   </div>
   <div class='ocr_carea' id='block_1_7' title="bbox 382 632 1944 702">
    <p class='ocr_par' dir='ltr' id='par_1_7' title="bbox 382 632 1944 702">
     <span class='ocr_line' id='line_1_7' title="bbox 382 632 1944 702; baseline 0.001 -15"><span class='ocrx_word' id='word_1_27' title='bbox 382 641 657 687; x_wconf 91' lang='lat' dir='ltr'><strong>orluntur.</strong></span> <span class='ocrx_word' id='word_1_28' title='bbox 697 632 862 687; x_wconf 81' lang='lat' dir='ltr'><strong>Parca</strong></span> <span class='ocrx_word' id='word_1_29' title='bbox 900 633 1229 702; x_wconf 83' lang='grc' dir='ltr'>(φειδωλὸν)</span> <span class='ocrx_word' id='word_1_30' title='bbox 1260 635 1402 688; x_wconf 90' lang='lat' dir='ltr'><strong>enim</strong></span> <span class='ocrx_word' id='word_1_31' title='bbox 1450 633 1944 701; x_wconf 78' lang='lat' dir='ltr'><strong>juxta-collocatio</strong></span> 
     </span>
    </p>
   </div>
   <div class='ocr_carea' id='block_1_8' title="bbox 383 723 1945 795">
    <p class='ocr_par' dir='ltr' id='par_1_8' title="bbox 383 723 1945 795">
     <span class='ocr_line' id='line_1_8' title="bbox 383 723 1945 795; baseline 0.001 -20"><span class='ocrx_word' id='word_1_32' title='bbox 383 724 574 778; x_wconf 87' lang='lat' dir='ltr'><strong>borum</strong></span> <span class='ocrx_word' id='word_1_33' title='bbox 626 723 962 793; x_wconf 75' lang='lat' dir='ltr'><strong>angelorum.</strong></span> <span class='ocrx_word' id='word_1_34' title='bbox 1013 723 1221 778; x_wconf 92' lang='lat' dir='ltr'><strong>Pariter</strong></span> <span class='ocrx_word' id='word_1_35' title='bbox 1252 726 1414 779; x_wconf 89' lang='lat' dir='ltr'><strong>etiam</strong></span> <span class='ocrx_word' id='word_1_36' title='bbox 1460 723 1790 795; x_wconf 87' lang='lat' dir='ltr'><strong>singularum</strong></span> <span class='ocrx_word' id='word_1_37' title='bbox 1820 738 1945 793; x_wconf 87' lang='lat' dir='ltr'><strong>par-</strong></span> 
     </span>
    </p>
   </div>
   <div class='ocr_carea' id='block_1_9' title="bbox 383 815 1944 886">
    <p class='ocr_par' dir='ltr' id='par_1_9' title="bbox 383 815 1944 886">
     <span class='ocr_line' id='line_1_9' title="bbox 383 815 1944 886; baseline -0.001 -17"><span class='ocrx_word' id='word_1_38' title='bbox 383 816 516 870; x_wconf 90' lang='lat' dir='ltr'><strong>tium</strong></span> <span class='ocrx_word' id='word_1_39' title='bbox 550 826 785 886; x_wconf 89' lang='lat' dir='ltr'><strong>quatuor</strong></span> <span class='ocrx_word' id='word_1_40' title='bbox 837 816 1046 870; x_wconf 86' lang='lat' dir='ltr'><strong>illarum</strong></span> <span class='ocrx_word' id='word_1_41' title='bbox 1093 832 1159 871; x_wconf 81' lang='lat' dir='ltr'><strong>ex</strong></span> <span class='ocrx_word' id='word_1_42' title='bbox 1207 817 1540 885; x_wconf 88' lang='lat' dir='ltr'><strong>singularum</strong></span> <span class='ocrx_word' id='word_1_43' title='bbox 1575 815 1625 870; x_wconf 88' lang='lat' dir='ltr'><strong>vi</strong></span> <span class='ocrx_word' id='word_1_44' title='bbox 1666 823 1723 871; x_wconf 86' lang='lat' dir='ltr'><strong>et</strong></span> <span class='ocrx_word' id='word_1_45' title='bbox 1752 826 1944 869; x_wconf 89' lang='lat' dir='ltr'><strong>natura</strong></span> 
     </span>
    </p>
   </div>
   <div class='ocr_carea' id='block_1_10' title="bbox 384 905 1942 975">
    <p class='ocr_par' dir='ltr' id='par_1_10' title="bbox 384 905 1942 975">
     <span class='ocr_line' id='line_1_10' title="bbox 384 905 1942 975; baseline 0.001 -17"><span class='ocrx_word' id='word_1_46' title='bbox 384 907 523 959; x_wconf 79' lang='lat' dir='ltr'><strong>mala</strong></span> <span class='ocrx_word' id='word_1_47' title='bbox 568 916 807 975; x_wconf 87' lang='lat' dir='ltr'><strong>tempora</strong></span> <span class='ocrx_word' id='word_1_48' title='bbox 836 914 889 959; x_wconf 92' lang='lat' dir='ltr'><strong>et</strong></span> <span class='ocrx_word' id='word_1_49' title='bbox 918 908 1227 961; x_wconf 88' lang='lat' dir='ltr'><strong>morborum</strong></span> <span class='ocrx_word' id='word_1_50' title='bbox 1274 907 1627 961; x_wconf 88' lang='lat' dir='ltr'><strong>irritationes.</strong></span> <span class='ocrx_word' id='word_1_51' title='bbox 1656 905 1722 960; x_wconf 85' lang='lat' dir='ltr'><strong>Et</strong></span> <span class='ocrx_word' id='word_1_52' title='bbox 1752 906 1854 961; x_wconf 87' lang='lat' dir='ltr'><strong>hoc</strong></span> <span class='ocrx_word' id='word_1_53' title='bbox 1889 906 1942 960; x_wconf 88' lang='lat' dir='ltr'><strong>in</strong></span> 
     </span>
    </p>
   </div>
   <div class='ocr_carea' id='block_1_11' title="bbox 382 996 1944 1068">
    <p class='ocr_par' dir='ltr' id='par_1_11' title="bbox 382 996 1944 1068">
     <span class='ocr_line' id='line_1_11' title="bbox 382 996 1944 1068; baseline 0.001 -17"><span class='ocrx_word' id='word_1_54' title='bbox 382 1008 697 1067; x_wconf 82' lang='lat' dir='ltr'><strong>perpetuum</strong></span> <span class='ocrx_word' id='word_1_55' title='bbox 726 999 1024 1052; x_wconf 88' lang='lat' dir='ltr'><strong>secundum</strong></span> <span class='ocrx_word' id='word_1_56' title='bbox 1059 999 1280 1068; x_wconf 88' lang='lat' dir='ltr'><strong>imperia</strong></span> <span class='ocrx_word' id='word_1_57' title='bbox 1316 998 1528 1052; x_wconf 87' lang='lat' dir='ltr'><strong>illorum</strong></span> <span class='ocrx_word' id='word_1_58' title='bbox 1559 996 1944 1068; x_wconf 81' lang='lat' dir='ltr'><strong>quadrantium</strong></span> 
     </span>
    </p>
   </div>
   <div class='ocr_carea' id='block_1_12' title="bbox 385 1089 1941 1161">
    <p class='ocr_par' dir='ltr' id='par_1_12' title="bbox 385 1089 1941 1161">
     <span class='ocr_line' id='line_1_12' title="bbox 385 1089 1941 1161; baseline -0.001 -17"><span class='ocrx_word' id='word_1_59' title='bbox 385 1101 639 1161; x_wconf 85' lang='lat' dir='ltr'><strong>tauquam</strong></span> <span class='ocrx_word' id='word_1_60' title='bbox 673 1091 910 1145; x_wconf 88' lang='lat' dir='ltr'><strong>amnium</strong></span> <span class='ocrx_word' id='word_1_61' title='bbox 928 1089 1123 1153; x_wconf 80' lang='lat' dir='ltr'><strong>ﬂumen</strong></span> <span class='ocrx_word' id='word_1_62' title='bbox 1143 1090 1359 1145; x_wconf 61' lang='lat' dir='ltr'><strong>malitiae</strong></span> <span class='ocrx_word' id='word_1_63' title='bbox 1387 1104 1454 1144; x_wconf 84' lang='lat' dir='ltr'><strong>ex</strong></span> <span class='ocrx_word' id='word_1_64' title='bbox 1484 1090 1757 1144; x_wconf 85' lang='lat' dir='ltr'><strong>voluntate</strong></span> <span class='ocrx_word' id='word_1_65' title='bbox 1776 1089 1941 1143; x_wconf 86' lang='lat' dir='ltr'><strong>Edem</strong></span> 
     </span>
    </p>
   </div>
   <div class='ocr_carea' id='block_1_13' title="bbox 381 1181 1941 1252">
    <p class='ocr_par' dir='ltr' id='par_1_13' title="bbox 381 1181 1941 1252">
     <span class='ocr_line' id='line_1_13' title="bbox 381 1181 1941 1252; baseline 0.001 -17"><span class='ocrx_word' id='word_1_66' title='bbox 381 1197 658 1252; x_wconf 88' lang='lat' dir='ltr'><strong>nunquam</strong></span> <span class='ocrx_word' id='word_1_67' title='bbox 690 1182 998 1237; x_wconf 89' lang='lat' dir='ltr'><strong>intermisso</strong></span> <span class='ocrx_word' id='word_1_68' title='bbox 1029 1197 1189 1235; x_wconf 88' lang='lat' dir='ltr'><strong>cursu</strong></span> <span class='ocrx_word' id='word_1_69' title='bbox 1224 1182 1477 1236; x_wconf 91' lang='lat' dir='ltr'><strong>mundum</strong></span> <span class='ocrx_word' id='word_1_70' title='bbox 1528 1182 1797 1236; x_wconf 85' lang='lat' dir='ltr'><strong>circumit.</strong></span> <span class='ocrx_word' id='word_1_71' title='bbox 1832 1181 1941 1236; x_wconf 79' lang='lat' dir='ltr'><strong>Ex-</strong></span> 
     </span>
    </p>
   </div>
   <div class='ocr_carea' id='block_1_14' title="bbox 381 1273 1940 1342">
    <p class='ocr_par' dir='ltr' id='par_1_14' title="bbox 381 1273 1940 1342">
     <span class='ocr_line' id='line_1_14' title="bbox 381 1273 1940 1342; baseline 0 -14"><span class='ocrx_word' id='word_1_72' title='bbox 381 1275 712 1329; x_wconf 87' lang='lat' dir='ltr'><strong>stititautem</strong></span> <span class='ocrx_word' id='word_1_73' title='bbox 742 1274 956 1328; x_wconf 71' lang='lat' dir='ltr'><strong>malitia:</strong></span> <span class='ocrx_word' id='word_1_74' title='bbox 981 1274 1274 1328; x_wconf 89' lang='lat' dir='ltr'><strong>necessitas</strong></span> <span class='ocrx_word' id='word_1_75' title='bbox 1300 1288 1364 1327; x_wconf 82' lang='lat' dir='ltr'><strong>ex</strong></span> <span class='ocrx_word' id='word_1_76' title='bbox 1398 1273 1486 1327; x_wconf 88' lang='lat' dir='ltr'><strong>tali</strong></span> <span class='ocrx_word' id='word_1_77' title='bbox 1505 1273 1737 1342; x_wconf 88' lang='lat' dir='ltr'><strong>quadam</strong></span> <span class='ocrx_word' id='word_1_78' title='bbox 1756 1288 1940 1329; x_wconf 87' lang='lat' dir='ltr'><strong>causa.</strong></span> 
     </span>
    </p>
   </div>
   <div class='ocr_carea' id='block_1_15' title="bbox 380 1364 1942 1434">
    <p class='ocr_par' dir='ltr' id='par_1_15' title="bbox 380 1364 1942 1434">
     <span class='ocr_line' id='line_1_15' title="bbox 380 1364 1942 1434; baseline -0.001 -14"><span class='ocrx_word' id='word_1_79' title='bbox 380 1366 513 1420; x_wconf 87' lang='lat' dir='ltr'><strong>Cum</strong></span> <span class='ocrx_word' id='word_1_80' title='bbox 559 1376 924 1434; x_wconf 84' lang='lat' dir='ltr'><strong>comparasset</strong></span> <span class='ocrx_word' id='word_1_81' title='bbox 977 1375 1032 1419; x_wconf 92' lang='lat' dir='ltr'><strong>et</strong></span> <span class='ocrx_word' id='word_1_82' title='bbox 1096 1364 1389 1419; x_wconf 80' lang='lat' dir='ltr'><strong>fabricatus</strong></span> <span class='ocrx_word' id='word_1_83' title='bbox 1440 1376 1585 1420; x_wconf 88' lang='lat' dir='ltr'><strong>esset</strong></span> <span class='ocrx_word' id='word_1_84' title='bbox 1621 1365 1831 1421; x_wconf 87' lang='lat' dir='ltr'><strong>Elobim</strong></span> <span class='ocrx_word' id='word_1_85' title='bbox 1875 1381 1942 1420; x_wconf 84' lang='lat' dir='ltr'><strong>ex</strong></span> 
     </span>
    </p>
   </div>
   <div class='ocr_carea' id='block_1_16' title="bbox 381 1455 1941 1523">
    <p class='ocr_par' dir='ltr' id='par_1_16' title="bbox 381 1455 1941 1523">
     <span class='ocr_line' id='line_1_16' title="bbox 381 1455 1941 1523; baseline 0.001 -14"><span class='ocrx_word' id='word_1_86' title='bbox 381 1456 657 1509; x_wconf 90' lang='lat' dir='ltr'><strong>communi</strong></span> <span class='ocrx_word' id='word_1_87' title='bbox 688 1455 1009 1523; x_wconf 84' lang='lat' dir='ltr'><strong>contplacito</strong></span> <span class='ocrx_word' id='word_1_88' title='bbox 1041 1458 1322 1522; x_wconf 90' lang='lat' dir='ltr'><strong>mundum,</strong></span> <span class='ocrx_word' id='word_1_89' title='bbox 1360 1459 1653 1513; x_wconf 82' lang='lat' dir='ltr'><strong>ascendere</strong></span> <span class='ocrx_word' id='word_1_90' title='bbox 1681 1458 1851 1512; x_wconf 81' lang='lat' dir='ltr'><strong>voluit</strong></span> <span class='ocrx_word' id='word_1_91' title='bbox 1889 1459 1941 1511; x_wconf 93' lang='lat' dir='ltr'><strong>in</strong></span> 
     </span>
    </p>
   </div>
   <div class='ocr_carea' id='block_1_17' title="bbox 381 1543 1944 1614">
    <p class='ocr_par' dir='ltr' id='par_1_17' title="bbox 381 1543 1944 1614">
     <span class='ocr_line' id='line_1_17' title="bbox 381 1543 1944 1614; baseline 0.001 -17"><span class='ocrx_word' id='word_1_92' title='bbox 381 1544 489 1598; x_wconf 85' lang='lat' dir='ltr'><strong>alta</strong></span> <span class='ocrx_word' id='word_1_93' title='bbox 519 1544 642 1599; x_wconf 62' lang='lat' dir='ltr'><strong>caeli</strong></span> <span class='ocrx_word' id='word_1_94' title='bbox 675 1555 729 1599; x_wconf 88' lang='lat' dir='ltr'><strong>et</strong></span> <span class='ocrx_word' id='word_1_95' title='bbox 765 1543 1139 1612; x_wconf 83' lang='lat' dir='ltr'><strong>contemplari,</strong></span> <span class='ocrx_word' id='word_1_96' title='bbox 1162 1560 1289 1599; x_wconf 89' lang='lat' dir='ltr'><strong>num</strong></span> <span class='ocrx_word' id='word_1_97' title='bbox 1314 1544 1514 1614; x_wconf 87' lang='lat' dir='ltr'><strong>aliquid</strong></span> <span class='ocrx_word' id='word_1_98' title='bbox 1544 1544 1944 1601; x_wconf 86' lang='lat' dir='ltr'><strong>desideraretur</strong></span> 
     </span>
    </p>
   </div>
   <div class='ocr_carea' id='block_1_18' title="bbox 383 1634 1944 1707">
    <p class='ocr_par' dir='ltr' id='par_1_18' title="bbox 383 1634 1944 1707">
     <span class='ocr_line' id='line_1_18' title="bbox 383 1634 1944 1707; baseline 0.003 -20"><span class='ocrx_word' id='word_1_99' title='bbox 383 1636 437 1687; x_wconf 89' lang='lat' dir='ltr'><strong>in</strong></span> <span class='ocrx_word' id='word_1_100' title='bbox 468 1634 625 1688; x_wconf 88' lang='lat' dir='ltr'><strong>rebus</strong></span> <span class='ocrx_word' id='word_1_101' title='bbox 657 1649 686 1687; x_wconf 89' lang='lat' dir='ltr'><strong>a</strong></span> <span class='ocrx_word' id='word_1_102' title='bbox 720 1649 778 1689; x_wconf 89' lang='lat' dir='ltr'><strong>se</strong></span> <span class='ocrx_word' id='word_1_103' title='bbox 804 1634 1060 1699; x_wconf 88' lang='lat' dir='ltr'><strong>conditis,</strong></span> <span class='ocrx_word' id='word_1_104' title='bbox 1101 1636 1391 1704; x_wconf 78' lang='lat' dir='ltr'><strong>assumptis</strong></span> <span class='ocrx_word' id='word_1_105' title='bbox 1418 1651 1520 1690; x_wconf 88' lang='lat' dir='ltr'><strong>una</strong></span> <span class='ocrx_word' id='word_1_106' title='bbox 1571 1651 1755 1692; x_wconf 88' lang='lat' dir='ltr'><strong>secum</strong></span> <span class='ocrx_word' id='word_1_107' title='bbox 1788 1653 1944 1707; x_wconf 85' lang='lat' dir='ltr'><strong>ange-</strong></span> 
     </span>
    </p>
   </div>
   <div class='ocr_carea' id='block_1_19' title="bbox 383 1724 1939 1796">
    <p class='ocr_par' dir='ltr' id='par_1_19' title="bbox 383 1724 1939 1796">
     <span class='ocr_line' id='line_1_19' title="bbox 383 1724 1939 1796; baseline 0.004 -17"><span class='ocrx_word' id='word_1_108' title='bbox 383 1725 449 1779; x_wconf 89' lang='lat' dir='ltr'><strong>lis</strong></span> <span class='ocrx_word' id='word_1_109' title='bbox 484 1726 597 1781; x_wconf 84' lang='lat' dir='ltr'><strong>suis</strong></span> <span class='ocrx_word' id='word_1_110' title='bbox 618 1724 926 1795; x_wconf 81' lang='lat' dir='ltr'><strong>(ferebatur</strong></span> <span class='ocrx_word' id='word_1_111' title='bbox 958 1730 1097 1781; x_wconf 90' lang='lat' dir='ltr'><strong>enim</strong></span> <span class='ocrx_word' id='word_1_112' title='bbox 1132 1730 1412 1796; x_wconf 88' lang='lat' dir='ltr'><strong>sursum),</strong></span> <span class='ocrx_word' id='word_1_113' title='bbox 1446 1730 1628 1784; x_wconf 87' lang='lat' dir='ltr'><strong>relicta</strong></span> <span class='ocrx_word' id='word_1_114' title='bbox 1664 1730 1829 1786; x_wconf 85' lang='lat' dir='ltr'><strong>Edem</strong></span> <span class='ocrx_word' id='word_1_115' title='bbox 1858 1732 1939 1785; x_wconf 85' lang='lat' dir='ltr'><strong>in-</strong></span> 
     </span>
    </p>
   </div>
   <div class='ocr_carea' id='block_1_20' title="bbox 382 1818 1940 1890">
    <p class='ocr_par' dir='ltr' id='par_1_20' title="bbox 382 1818 1940 1890">
     <span class='ocr_line' id='line_1_20' title="bbox 382 1818 1940 1890; baseline 0.003 -20"><span class='ocrx_word' id='word_1_116' title='bbox 382 1820 498 1883; x_wconf 82' lang='lat' dir='ltr'><strong>fra;</strong></span> <span class='ocrx_word' id='word_1_117' title='bbox 531 1828 673 1871; x_wconf 89' lang='lat' dir='ltr'><strong>terra</strong></span> <span class='ocrx_word' id='word_1_118' title='bbox 715 1818 859 1872; x_wconf 86' lang='lat' dir='ltr'><strong>enim</strong></span> <span class='ocrx_word' id='word_1_119' title='bbox 896 1820 1149 1886; x_wconf 87' lang='lat' dir='ltr'><strong>quoniam</strong></span> <span class='ocrx_word' id='word_1_120' title='bbox 1194 1828 1345 1883; x_wconf 89' lang='lat' dir='ltr'><strong>erat,</strong></span> <span class='ocrx_word' id='word_1_121' title='bbox 1381 1820 1535 1890; x_wconf 89' lang='lat' dir='ltr'><strong>sequi</strong></span> <span class='ocrx_word' id='word_1_122' title='bbox 1565 1834 1777 1875; x_wconf 88' lang='lat' dir='ltr'><strong>sursum</strong></span> <span class='ocrx_word' id='word_1_123' title='bbox 1807 1836 1940 1877; x_wconf 91' lang='lat' dir='ltr'><strong>con-</strong></span> 
     </span>
    </p>
   </div>
   <div class='ocr_carea' id='block_1_21' title="bbox 374 1908 1942 1981">
    <p class='ocr_par' dir='ltr' id='par_1_21' title="bbox 374 1908 1942 1981">
     <span class='ocr_line' id='line_1_21' title="bbox 374 1908 1942 1981; baseline 0.004 -21"><span class='ocrx_word' id='word_1_124' title='bbox 374 1908 557 1979; x_wconf 84' lang='lat' dir='ltr'><strong>jugem</strong></span> <span class='ocrx_word' id='word_1_125' title='bbox 592 1910 827 1963; x_wconf 88' lang='lat' dir='ltr'><strong>nolebat.</strong></span> <span class='ocrx_word' id='word_1_126' title='bbox 883 1908 1171 1978; x_wconf 86' lang='lat' dir='ltr'><strong>Postquam</strong></span> <span class='ocrx_word' id='word_1_127' title='bbox 1225 1910 1385 1981; x_wconf 92' lang='lat' dir='ltr'><strong>igitur</strong></span> <span class='ocrx_word' id='word_1_128' title='bbox 1427 1911 1573 1966; x_wconf 84' lang='lat' dir='ltr'><strong>venit</strong></span> <span class='ocrx_word' id='word_1_129' title='bbox 1606 1911 1819 1966; x_wconf 85' lang='lat' dir='ltr'><strong>Elobim</strong></span> <span class='ocrx_word' id='word_1_130' title='bbox 1875 1912 1942 1967; x_wconf 81' lang='lat' dir='ltr'><strong>ad</strong></span> 
     </span>
    </p>
   </div>
   <div class='ocr_carea' id='block_1_22' title="bbox 378 2000 1939 2071">
    <p class='ocr_par' dir='ltr' id='par_1_22' title="bbox 378 2000 1939 2071">
     <span class='ocr_line' id='line_1_22' title="bbox 378 2000 1939 2071; baseline 0.002 -17"><span class='ocrx_word' id='word_1_131' title='bbox 378 2010 681 2055; x_wconf 79' lang='lat' dir='ltr'><strong>extremum</strong></span> <span class='ocrx_word' id='word_1_132' title='bbox 728 2014 887 2068; x_wconf 84' lang='lat' dir='ltr'><strong>supra</strong></span> <span class='ocrx_word' id='word_1_133' title='bbox 920 2001 1039 2055; x_wconf 73' lang='lat' dir='ltr'><strong>cmli</strong></span> <span class='ocrx_word' id='word_1_134' title='bbox 1077 2009 1132 2054; x_wconf 90' lang='lat' dir='ltr'><strong>et</strong></span> <span class='ocrx_word' id='word_1_135' title='bbox 1161 2002 1371 2069; x_wconf 79' lang='lat' dir='ltr'><strong>aspexit</strong></span> <span class='ocrx_word' id='word_1_136' title='bbox 1396 2000 1568 2057; x_wconf 88' lang='lat' dir='ltr'><strong>lucem</strong></span> <span class='ocrx_word' id='word_1_137' title='bbox 1607 2002 1939 2071; x_wconf 84' lang='lat' dir='ltr'><strong>superiorem</strong></span> 
     </span>
    </p>
   </div>
   <div class='ocr_carea' id='block_1_23' title="bbox 378 2086 1941 2157">
    <p class='ocr_par' dir='ltr' id='par_1_23' title="bbox 378 2086 1941 2157">
     <span class='ocr_line' id='line_1_23' title="bbox 378 2086 1941 2157; baseline -0.001 -15"><span class='ocrx_word' id='word_1_138' title='bbox 378 2088 467 2143; x_wconf 89' lang='lat' dir='ltr'><strong>illa</strong></span> <span class='ocrx_word' id='word_1_139' title='bbox 494 2128 509 2153; x_wconf 92' lang='lat'><strong>,</strong></span> <span class='ocrx_word' id='word_1_140' title='bbox 549 2103 710 2157; x_wconf 90' lang='lat' dir='ltr'><strong>quam</strong></span> <span class='ocrx_word' id='word_1_141' title='bbox 745 2089 858 2156; x_wconf 82' lang='lat' dir='ltr'><strong>ipsa</strong></span> <span class='ocrx_word' id='word_1_142' title='bbox 903 2086 1299 2154; x_wconf 77' lang='lat' dir='ltr'><strong>fabricaverat,</strong></span> <span class='ocrx_word' id='word_1_143' title='bbox 1339 2090 1511 2143; x_wconf 81' lang='lat' dir='ltr'><strong>dixit:</strong></span> <span class='ocrx_word' id='word_1_144' title='bbox 1552 2088 1765 2156; x_wconf 81' lang='lat' dir='ltr'><strong>Aperite</strong></span> <span class='ocrx_word' id='word_1_145' title='bbox 1815 2089 1941 2142; x_wconf 88' lang='lat' dir='ltr'><strong>mihi</strong></span> 
     </span>
    </p>
   </div>
   <div class='ocr_carea' id='block_1_24' title="bbox 376 2177 1943 2251">
    <p class='ocr_par' dir='ltr' id='par_1_24' title="bbox 376 2177 1943 2251">
     <span class='ocr_line' id='line_1_24' title="bbox 376 2177 1943 2251; baseline 0 -18"><span class='ocrx_word' id='word_1_146' title='bbox 376 2192 581 2251; x_wconf 83' lang='lat' dir='ltr'><strong>portas,</strong></span> <span class='ocrx_word' id='word_1_147' title='bbox 623 2190 702 2243; x_wconf 76' lang='lat' dir='ltr'><strong>ut,</strong></span> <span class='ocrx_word' id='word_1_148' title='bbox 740 2180 827 2232; x_wconf 86' lang='lat' dir='ltr'><strong>ubi</strong></span> <span class='ocrx_word' id='word_1_149' title='bbox 856 2179 1142 2243; x_wconf 72' lang='lat' dir='ltr'><strong>intravero,</strong></span> <span class='ocrx_word' id='word_1_150' title='bbox 1167 2180 1423 2245; x_wconf 78' lang='lat' dir='ltr'><strong>conﬁtear</strong></span> <span class='ocrx_word' id='word_1_151' title='bbox 1448 2177 1714 2246; x_wconf 85' lang='lat' dir='ltr'><strong>Domino;</strong></span> <span class='ocrx_word' id='word_1_152' title='bbox 1741 2180 1943 2248; x_wconf 86' lang='lat' dir='ltr'><strong>opina-</strong></span> 
     </span>
    </p>
   </div>
   <div class='ocr_carea' id='block_1_25' title="bbox 378 2269 1939 2341">
    <p class='ocr_par' dir='ltr' id='par_1_25' title="bbox 378 2269 1939 2341">
     <span class='ocr_line' id='line_1_25' title="bbox 378 2269 1939 2341; baseline -0.001 -17"><span class='ocrx_word' id='word_1_153' title='bbox 378 2274 475 2324; x_wconf 87' lang='lat' dir='ltr'><strong>bar</strong></span> <span class='ocrx_word' id='word_1_154' title='bbox 499 2271 635 2325; x_wconf 87' lang='lat' dir='ltr'><strong>enim</strong></span> <span class='ocrx_word' id='word_1_155' title='bbox 664 2287 757 2341; x_wconf 87' lang='lat' dir='ltr'><strong>ego</strong></span> <span class='ocrx_word' id='word_1_156' title='bbox 784 2270 1039 2324; x_wconf 81' lang='lat' dir='ltr'><strong>Dominus</strong></span> <span class='ocrx_word' id='word_1_157' title='bbox 1077 2287 1208 2325; x_wconf 73' lang='lat' dir='ltr'><strong>esse.</strong></span> <span class='ocrx_word' id='word_1_158' title='bbox 1257 2269 1375 2325; x_wconf 76' lang='lat' dir='ltr'><strong>Vox</strong></span> <span class='ocrx_word' id='word_1_159' title='bbox 1410 2270 1459 2325; x_wconf 90' lang='lat' dir='ltr'><strong>ei</strong></span> <span class='ocrx_word' id='word_1_160' title='bbox 1489 2272 1556 2324; x_wconf 92' lang='lat' dir='ltr'><strong>ab</strong></span> <span class='ocrx_word' id='word_1_161' title='bbox 1586 2270 1705 2325; x_wconf 85' lang='lat' dir='ltr'><strong>luce</strong></span> <span class='ocrx_word' id='word_1_162' title='bbox 1733 2271 1939 2325; x_wconf 87' lang='lat' dir='ltr'><strong>reddita</strong></span> 
     </span>
    </p>
   </div>
   <div class='ocr_carea' id='block_1_26' title="bbox 376 2361 1939 2432">
    <p class='ocr_par' dir='ltr' id='par_1_26' title="bbox 376 2361 1939 2432">
     <span class='ocr_line' id='line_1_26' title="bbox 376 2361 1939 2432; baseline -0.003 -13"><span class='ocrx_word' id='word_1_163' title='bbox 376 2372 462 2419; x_wconf 89' lang='lat' dir='ltr'><strong>est</strong></span> <span class='ocrx_word' id='word_1_164' title='bbox 488 2363 672 2417; x_wconf 87' lang='lat' dir='ltr'><strong>dicens</strong></span> <span class='ocrx_word' id='word_1_165' title='bbox 700 2380 714 2417; x_wconf 90' lang='lat'><strong>:</strong></span> <span class='ocrx_word' id='word_1_166' title='bbox 739 2361 863 2417; x_wconf 69' lang='lat' dir='ltr'><strong>Hac</strong></span> <span class='ocrx_word' id='word_1_167' title='bbox 880 2376 1031 2430; x_wconf 86' lang='lat' dir='ltr'><strong>porta</strong></span> <span class='ocrx_word' id='word_1_168' title='bbox 1052 2362 1285 2427; x_wconf 84' lang='lat' dir='ltr'><strong>Domini,</strong></span> <span class='ocrx_word' id='word_1_169' title='bbox 1315 2362 1453 2432; x_wconf 81' lang='lat' dir='ltr'><strong>justi</strong></span> <span class='ocrx_word' id='word_1_170' title='bbox 1477 2364 1676 2415; x_wconf 89' lang='lat' dir='ltr'><strong>intrant</strong></span> <span class='ocrx_word' id='word_1_171' title='bbox 1694 2378 1939 2430; x_wconf 86' lang='lat' dir='ltr'><strong>peream,</strong></span> 
     </span>
    </p>
   </div>
   <div class='ocr_carea' id='block_1_27' title="bbox 374 2452 1942 2523">
    <p class='ocr_par' dir='ltr' id='par_1_27' title="bbox 374 2452 1942 2523">
     <span class='ocr_line' id='line_1_27' title="bbox 374 2452 1942 2523; baseline -0.001 -16"><span class='ocrx_word' id='word_1_172' title='bbox 374 2466 431 2507; x_wconf 90' lang='lat' dir='ltr'><strong>et</strong></span> <span class='ocrx_word' id='word_1_173' title='bbox 464 2454 726 2523; x_wconf 80' lang='lat' dir='ltr'><strong>patefacta</strong></span> <span class='ocrx_word' id='word_1_174' title='bbox 752 2462 836 2507; x_wconf 85' lang='lat' dir='ltr'><strong>est</strong></span> <span class='ocrx_word' id='word_1_175' title='bbox 866 2454 1007 2507; x_wconf 92' lang='lat' dir='ltr'><strong>illico</strong></span> <span class='ocrx_word' id='word_1_176' title='bbox 1039 2464 1215 2521; x_wconf 86' lang='lat' dir='ltr'><strong>porta,</strong></span> <span class='ocrx_word' id='word_1_177' title='bbox 1240 2464 1294 2507; x_wconf 87' lang='lat' dir='ltr'><strong>et</strong></span> <span class='ocrx_word' id='word_1_178' title='bbox 1319 2454 1537 2507; x_wconf 79' lang='lat' dir='ltr'><strong>intravit</strong></span> <span class='ocrx_word' id='word_1_179' title='bbox 1562 2462 1716 2521; x_wconf 86' lang='lat' dir='ltr'><strong>pater</strong></span> <span class='ocrx_word' id='word_1_180' title='bbox 1738 2452 1942 2521; x_wconf 89' lang='lat' dir='ltr'><strong>absque</strong></span> 
     </span>
    </p>
   </div>
   <div class='ocr_carea' id='block_1_28' title="bbox 380 2542 1941 2611">
    <p class='ocr_par' dir='ltr' id='par_1_28' title="bbox 380 2542 1941 2611">
     <span class='ocr_line' id='line_1_28' title="bbox 380 2542 1941 2611; baseline 0.001 -16"><span class='ocrx_word' id='word_1_181' title='bbox 380 2544 586 2611; x_wconf 79' lang='lat' dir='ltr'><strong>angelis</strong></span> <span class='ocrx_word' id='word_1_182' title='bbox 615 2544 679 2595; x_wconf 83' lang='lat' dir='ltr'><strong>ad</strong></span> <span class='ocrx_word' id='word_1_183' title='bbox 707 2542 911 2596; x_wconf 73' lang='lat' dir='ltr'><strong>Bonum</strong></span> <span class='ocrx_word' id='word_1_184' title='bbox 938 2552 994 2596; x_wconf 91' lang='lat' dir='ltr'><strong>et</strong></span> <span class='ocrx_word' id='word_1_185' title='bbox 1020 2542 1171 2604; x_wconf 80' lang='lat' dir='ltr'><strong>vidit,</strong></span> <span class='ocrx_word' id='word_1_186' title='bbox 1203 2558 1319 2610; x_wconf 72' lang='lat' dir='ltr'><strong>qua:</strong></span> <span class='ocrx_word' id='word_1_187' title='bbox 1353 2542 1532 2595; x_wconf 79' lang='lat' dir='ltr'><strong>oculus</strong></span> <span class='ocrx_word' id='word_1_188' title='bbox 1568 2557 1671 2595; x_wconf 86' lang='lat' dir='ltr'><strong>non</strong></span> <span class='ocrx_word' id='word_1_189' title='bbox 1698 2542 1821 2597; x_wconf 85' lang='lat' dir='ltr'><strong>vidit</strong></span> <span class='ocrx_word' id='word_1_190' title='bbox 1850 2558 1941 2596; x_wconf 90' lang='lat' dir='ltr'><strong>nec</strong></span> 
     </span>
    </p>
   </div>
   <div class='ocr_carea' id='block_1_29' title="bbox 376 2631 1938 2693">
    <p class='ocr_par' dir='ltr' id='par_1_29' title="bbox 376 2631 1938 2693">
     <span class='ocr_line' id='line_1_29' title="bbox 376 2631 1938 2693; baseline -0.001 -7"><span class='ocrx_word' id='word_1_191' title='bbox 376 2633 528 2686; x_wconf 86' lang='lat' dir='ltr'><strong>auris</strong></span> <span class='ocrx_word' id='word_1_192' title='bbox 556 2631 779 2693; x_wconf 75' lang='lat' dir='ltr'><strong>audivit,</strong></span> <span class='ocrx_word' id='word_1_193' title='bbox 810 2647 902 2683; x_wconf 86' lang='lat' dir='ltr'><strong>nec</strong></span> <span class='ocrx_word' id='word_1_194' title='bbox 942 2633 999 2684; x_wconf 87' lang='lat' dir='ltr'><strong>in</strong></span> <span class='ocrx_word' id='word_1_195' title='bbox 1032 2647 1121 2684; x_wconf 87' lang='lat' dir='ltr'><strong>cor</strong></span> <span class='ocrx_word' id='word_1_196' title='bbox 1151 2631 1376 2684; x_wconf 86' lang='lat' dir='ltr'><strong>hominis</strong></span> <span class='ocrx_word' id='word_1_197' title='bbox 1401 2634 1767 2685; x_wconf 87' lang='lat' dir='ltr'><strong>ascenderunt.</strong></span> <span class='ocrx_word' id='word_1_198' title='bbox 1801 2632 1938 2685; x_wconf 91' lang='lat' dir='ltr'><strong>Tum</strong></span> 
     </span>
    </p>
   </div>
   <div class='ocr_carea' id='block_1_30' title="bbox 376 2718 1943 2777">
    <p class='ocr_par' dir='ltr' id='par_1_30' title="bbox 376 2718 1943 2777">
     <span class='ocr_line' id='line_1_30' title="bbox 376 2718 1943 2777; baseline -0.001 -2"><span class='ocrx_word' id='word_1_199' title='bbox 376 2724 510 2776; x_wconf 78' lang='lat' dir='ltr'><strong>dicit</strong></span> <span class='ocrx_word' id='word_1_200' title='bbox 552 2722 601 2777; x_wconf 91' lang='lat' dir='ltr'><strong>ei</strong></span> <span class='ocrx_word' id='word_1_201' title='bbox 644 2719 860 2775; x_wconf 87' lang='lat' dir='ltr'><strong>Bonus:</strong></span> <span class='ocrx_word' id='word_1_202' title='bbox 894 2718 1117 2773; x_wconf 87' lang='lat' dir='ltr'><strong>Conside</strong></span> <span class='ocrx_word' id='word_1_203' title='bbox 1156 2722 1224 2772; x_wconf 82' lang='lat' dir='ltr'><strong>ad</strong></span> <span class='ocrx_word' id='word_1_204' title='bbox 1260 2722 1527 2773; x_wconf 76' lang='lat' dir='ltr'><strong>dexteram</strong></span> <span class='ocrx_word' id='word_1_205' title='bbox 1562 2736 1750 2774; x_wconf 84' lang='lat' dir='ltr'><strong>meam.</strong></span> <span class='ocrx_word' id='word_1_206' title='bbox 1784 2720 1943 2774; x_wconf 89' lang='lat' dir='ltr'><strong>Pater</strong></span> 
     </span>
    </p>
   </div>
   <div class='ocr_carea' id='block_1_31' title="bbox 376 2807 1943 2879">
    <p class='ocr_par' dir='ltr' id='par_1_31' title="bbox 376 2807 1943 2879">
     <span class='ocr_line' id='line_1_31' title="bbox 376 2807 1943 2879; baseline 0.001 -15"><span class='ocrx_word' id='word_1_207' title='bbox 376 2821 557 2864; x_wconf 86' lang='lat' dir='ltr'><strong>autem</strong></span> <span class='ocrx_word' id='word_1_208' title='bbox 600 2807 944 2863; x_wconf 86' lang='lat' dir='ltr'><strong>dicitBouo:</strong></span> <span class='ocrx_word' id='word_1_209' title='bbox 977 2808 1104 2863; x_wconf 87' lang='lat' dir='ltr'><strong>Sine</strong></span> <span class='ocrx_word' id='word_1_210' title='bbox 1156 2826 1269 2873; x_wconf 89' lang='lat' dir='ltr'><strong>me,</strong></span> <span class='ocrx_word' id='word_1_211' title='bbox 1337 2811 1557 2863; x_wconf 86' lang='lat' dir='ltr'><strong>Domine</strong></span> <span class='ocrx_word' id='word_1_212' title='bbox 1585 2848 1601 2874; x_wconf 89' lang='lat'><strong>,</strong></span> <span class='ocrx_word' id='word_1_213' title='bbox 1652 2822 1943 2879; x_wconf 79' lang='lat' dir='ltr'><strong>pervertere</strong></span> 
     </span>
    </p>
   </div>
   <div class='ocr_carea' id='block_1_32' title="bbox 374 2900 1941 2971">
    <p class='ocr_par' dir='ltr' id='par_1_32' title="bbox 374 2900 1941 2971">
     <span class='ocr_line' id='line_1_32' title="bbox 374 2900 1941 2971; baseline 0.001 -17"><span class='ocrx_word' id='word_1_214' title='bbox 374 2901 815 2968; x_wconf 63' lang='lat' dir='ltr'><strong>ntuttdum,quem</strong></span> <span class='ocrx_word' id='word_1_215' title='bbox 844 2900 975 2969; x_wconf 80' lang='lat' dir='ltr'><strong>feci;</strong></span> <span class='ocrx_word' id='word_1_216' title='bbox 997 2902 1217 2967; x_wconf 84' lang='lat' dir='ltr'><strong>spiritus</strong></span> <span class='ocrx_word' id='word_1_217' title='bbox 1246 2903 1384 2954; x_wconf 89' lang='lat' dir='ltr'><strong>enim</strong></span> <span class='ocrx_word' id='word_1_218' title='bbox 1425 2917 1569 2955; x_wconf 89' lang='lat' dir='ltr'><strong>meus</strong></span> <span class='ocrx_word' id='word_1_219' title='bbox 1603 2902 1841 2971; x_wconf 84' lang='lat' dir='ltr'><strong>illigatus</strong></span> <span class='ocrx_word' id='word_1_220' title='bbox 1866 2910 1941 2955; x_wconf 81' lang='lat' dir='ltr'><strong>est</strong></span> 
     </span>
    </p>
   </div>
   <div class='ocr_carea' id='block_1_33' title="bbox 376 2994 1944 3063">
    <p class='ocr_par' dir='ltr' id='par_1_33' title="bbox 376 2994 1944 3063">
     <span class='ocr_line' id='line_1_33' title="bbox 376 2994 1944 3063; baseline -0.001 -14"><span class='ocrx_word' id='word_1_221' title='bbox 376 2998 433 3049; x_wconf 82' lang='lat' dir='ltr'><strong>in</strong></span> <span class='ocrx_word' id='word_1_222' title='bbox 462 2995 692 3048; x_wconf 85' lang='lat' dir='ltr'><strong>homines</strong></span> <span class='ocrx_word' id='word_1_223' title='bbox 719 3032 735 3056; x_wconf 85' lang='lat'><strong>,</strong></span> <span class='ocrx_word' id='word_1_224' title='bbox 770 3004 818 3047; x_wconf 93' lang='lat' dir='ltr'><strong>et</strong></span> <span class='ocrx_word' id='word_1_225' title='bbox 849 2994 962 3048; x_wconf 79' lang='lat' dir='ltr'><strong>uolo</strong></span> <span class='ocrx_word' id='word_1_226' title='bbox 995 3011 1112 3047; x_wconf 86' lang='lat' dir='ltr'><strong>eum</strong></span> <span class='ocrx_word' id='word_1_227' title='bbox 1152 2995 1404 3063; x_wconf 86' lang='lat' dir='ltr'><strong>recipere.</strong></span> <span class='ocrx_word' id='word_1_228' title='bbox 1438 2995 1571 3048; x_wconf 90' lang='lat' dir='ltr'><strong>Tum</strong></span> <span class='ocrx_word' id='word_1_229' title='bbox 1608 2994 1739 3049; x_wconf 88' lang='lat' dir='ltr'><strong>dicit</strong></span> <span class='ocrx_word' id='word_1_230' title='bbox 1760 2996 1807 3049; x_wconf 91' lang='lat' dir='ltr'><strong>ei</strong></span> <span class='ocrx_word' id='word_1_231' title='bbox 1839 2994 1944 3048; x_wconf 88' lang='lat' dir='ltr'><strong>Bo-</strong></span> 
     </span>
    </p>
   </div>
   <div class='ocr_carea' id='block_1_34' title="bbox 378 3084 1941 3159">
    <p class='ocr_par' dir='ltr' id='par_1_34' title="bbox 378 3084 1941 3159">
     <span class='ocr_line' id='line_1_34' title="bbox 378 3084 1941 3159; baseline -0.003 -19"><span class='ocrx_word' id='word_1_232' title='bbox 378 3101 519 3140; x_wconf 74' lang='lat' dir='ltr'><strong>nus:</strong></span> <span class='ocrx_word' id='word_1_233' title='bbox 552 3084 703 3138; x_wconf 80' lang='lat' dir='ltr'><strong>Nihil</strong></span> <span class='ocrx_word' id='word_1_234' title='bbox 730 3095 873 3152; x_wconf 89' lang='lat' dir='ltr'><strong>potes</strong></span> <span class='ocrx_word' id='word_1_235' title='bbox 900 3087 1025 3139; x_wconf 88' lang='lat' dir='ltr'><strong>mali</strong></span> <span class='ocrx_word' id='word_1_236' title='bbox 1056 3088 1244 3152; x_wconf 80' lang='lat' dir='ltr'><strong>facere,</strong></span> <span class='ocrx_word' id='word_1_237' title='bbox 1272 3104 1387 3140; x_wconf 87' lang='lat' dir='ltr'><strong>cum</strong></span> <span class='ocrx_word' id='word_1_238' title='bbox 1422 3087 1564 3155; x_wconf 87' lang='lat' dir='ltr'><strong>apud</strong></span> <span class='ocrx_word' id='word_1_239' title='bbox 1593 3086 1941 3159; x_wconf 64' lang='lat'><strong>224-225</strong></span> 
     </span>
    </p>
   </div>
   <div class='ocr_carea' id='block_1_35' title="bbox 378 3177 1944 3246">
    <p class='ocr_par' dir='ltr' id='par_1_35' title="bbox 378 3177 1944 3246">
     <span class='ocr_line' id='line_1_35' title="bbox 378 3177 1944 3246; baseline 0.001 -15"><span class='ocrx_word' id='word_1_240' title='bbox 378 3193 460 3231; x_wconf 88' lang='lat' dir='ltr'><strong>me</strong></span> <span class='ocrx_word' id='word_1_241' title='bbox 490 3178 604 3240; x_wconf 88' lang='lat' dir='ltr'><strong>sis;</strong></span> <span class='ocrx_word' id='word_1_242' title='bbox 644 3191 709 3229; x_wconf 75' lang='lat' dir='ltr'><strong>ea:</strong></span> <span class='ocrx_word' id='word_1_243' title='bbox 739 3177 1003 3229; x_wconf 83' lang='lat' dir='ltr'><strong>communi</strong></span> <span class='ocrx_word' id='word_1_244' title='bbox 1040 3178 1176 3230; x_wconf 86' lang='lat' dir='ltr'><strong>enim</strong></span> <span class='ocrx_word' id='word_1_245' title='bbox 1212 3177 1521 3245; x_wconf 82' lang='lat' dir='ltr'><strong>complacita</strong></span> <span class='ocrx_word' id='word_1_246' title='bbox 1563 3179 1757 3246; x_wconf 81' lang='lat' dir='ltr'><strong>fecistis</strong></span> <span class='ocrx_word' id='word_1_247' title='bbox 1791 3195 1944 3232; x_wconf 86' lang='lat' dir='ltr'><strong>mun-</strong></span> 
     </span>
    </p>
   </div>
   <div class='ocr_carea' id='block_1_36' title="bbox 380 3265 1946 3336">
    <p class='ocr_par' dir='ltr' id='par_1_36' title="bbox 380 3265 1946 3336">
     <span class='ocr_line' id='line_1_36' title="bbox 380 3265 1946 3336; baseline 0.003 -18"><span class='ocrx_word' id='word_1_248' title='bbox 380 3269 506 3319; x_wconf 82' lang='lat' dir='ltr'><strong>dum</strong></span> <span class='ocrx_word' id='word_1_249' title='bbox 536 3274 586 3319; x_wconf 92' lang='lat' dir='ltr'><strong>et</strong></span> <span class='ocrx_word' id='word_1_250' title='bbox 620 3276 676 3320; x_wconf 88' lang='lat' dir='ltr'><strong>tu</strong></span> <span class='ocrx_word' id='word_1_251' title='bbox 702 3277 750 3321; x_wconf 84' lang='lat' dir='ltr'><strong>et</strong></span> <span class='ocrx_word' id='word_1_252' title='bbox 769 3265 974 3330; x_wconf 84' lang='lat' dir='ltr'><strong>Edem;</strong></span> <span class='ocrx_word' id='word_1_253' title='bbox 1000 3266 1159 3319; x_wconf 87' lang='lat' dir='ltr'><strong>sinito</strong></span> <span class='ocrx_word' id='word_1_254' title='bbox 1198 3268 1361 3336; x_wconf 87' lang='lat' dir='ltr'><strong>igitur</strong></span> <span class='ocrx_word' id='word_1_255' title='bbox 1390 3268 1551 3319; x_wconf 71' lang='lat' dir='ltr'><strong>Edent</strong></span> <span class='ocrx_word' id='word_1_256' title='bbox 1579 3268 1766 3321; x_wconf 87' lang='lat' dir='ltr'><strong>habere</strong></span> <span class='ocrx_word' id='word_1_257' title='bbox 1794 3284 1946 3322; x_wconf 82' lang='lat' dir='ltr'><strong>mun-</strong></span> 
     </span>
    </p>
   </div>
   <div class='ocr_carea' id='block_1_37' title="bbox 380 3357 1946 3425">
    <p class='ocr_par' dir='ltr' id='par_1_37' title="bbox 380 3357 1946 3425">
     <span class='ocr_line' id='line_1_37' title="bbox 380 3357 1946 3425; baseline 0.002 -15"><span class='ocrx_word' id='word_1_258' title='bbox 380 3360 506 3410; x_wconf 82' lang='lat' dir='ltr'><strong>dam</strong></span> <span class='ocrx_word' id='word_1_259' title='bbox 534 3358 696 3411; x_wconf 86' lang='lat' dir='ltr'><strong>donec</strong></span> <span class='ocrx_word' id='word_1_260' title='bbox 723 3360 875 3424; x_wconf 82' lang='lat' dir='ltr'><strong>volet,</strong></span> <span class='ocrx_word' id='word_1_261' title='bbox 901 3366 957 3410; x_wconf 84' lang='lat' dir='ltr'><strong>tu</strong></span> <span class='ocrx_word' id='word_1_262' title='bbox 984 3366 1159 3410; x_wconf 85' lang='lat' dir='ltr'><strong>autem</strong></span> <span class='ocrx_word' id='word_1_263' title='bbox 1188 3373 1340 3411; x_wconf 87' lang='lat' dir='ltr'><strong>mane</strong></span> <span class='ocrx_word' id='word_1_264' title='bbox 1368 3359 1506 3425; x_wconf 85' lang='lat' dir='ltr'><strong>apud</strong></span> <span class='ocrx_word' id='word_1_265' title='bbox 1537 3374 1635 3411; x_wconf 87' lang='lat' dir='ltr'><strong>me.</strong></span> <span class='ocrx_word' id='word_1_266' title='bbox 1688 3357 1824 3412; x_wconf 86' lang='lat' dir='ltr'><strong>Tum</strong></span> <span class='ocrx_word' id='word_1_267' title='bbox 1860 3360 1946 3412; x_wconf 85' lang='lat' dir='ltr'><strong>in-</strong></span> 
     </span>
    </p>
   </div>
   <div class='ocr_carea' id='block_1_38' title="bbox 385 3446 1949 3517">
    <p class='ocr_par' dir='ltr' id='par_1_38' title="bbox 385 3446 1949 3517">
     <span class='ocr_line' id='line_1_38' title="bbox 385 3446 1949 3517; baseline 0.001 -16"><span class='ocrx_word' id='word_1_268' title='bbox 385 3447 628 3517; x_wconf 88' lang='lat' dir='ltr'><strong>telligens</strong></span> <span class='ocrx_word' id='word_1_269' title='bbox 649 3446 813 3502; x_wconf 87' lang='lat' dir='ltr'><strong>Edem</strong></span> <span class='ocrx_word' id='word_1_270' title='bbox 847 3462 906 3502; x_wconf 87' lang='lat' dir='ltr'><strong>se</strong></span> <span class='ocrx_word' id='word_1_271' title='bbox 940 3448 1208 3502; x_wconf 89' lang='lat' dir='ltr'><strong>desertam</strong></span> <span class='ocrx_word' id='word_1_272' title='bbox 1242 3462 1362 3501; x_wconf 84' lang='lat' dir='ltr'><strong>esse</strong></span> <span class='ocrx_word' id='word_1_273' title='bbox 1400 3449 1467 3501; x_wconf 88' lang='lat' dir='ltr'><strong>ab</strong></span> <span class='ocrx_word' id='word_1_274' title='bbox 1510 3447 1742 3513; x_wconf 81' lang='lat' dir='ltr'><strong>Elohirn,</strong></span> <span class='ocrx_word' id='word_1_275' title='bbox 1765 3449 1949 3503; x_wconf 87' lang='lat' dir='ltr'><strong>dolore</strong></span> 
     </span>
    </p>
   </div>
   <div class='ocr_carea' id='block_1_39' title="bbox 381 3525 1949 3611">
    <p class='ocr_par' dir='ltr' id='par_1_39' title="bbox 381 3525 1949 3611">
     <span class='ocr_line' id='line_1_39' title="bbox 381 3525 1949 3611; baseline 0.001 -17"><span class='ocrx_word' id='word_1_276' title='bbox 381 3525 630 3608; x_wconf 81' lang='lat' dir='ltr'><strong>correpta</strong></span> <span class='ocrx_word' id='word_1_277' title='bbox 656 3539 723 3594; x_wconf 90' lang='lat' dir='ltr'><strong>ad</strong></span> <span class='ocrx_word' id='word_1_278' title='bbox 753 3540 890 3595; x_wconf 89' lang='lat' dir='ltr'><strong>latus</strong></span> <span class='ocrx_word' id='word_1_279' title='bbox 916 3554 1072 3595; x_wconf 87' lang='lat' dir='ltr'><strong>suum</strong></span> <span class='ocrx_word' id='word_1_280' title='bbox 1116 3539 1297 3608; x_wconf 85' lang='lat' dir='ltr'><strong>posuit</strong></span> <span class='ocrx_word' id='word_1_281' title='bbox 1341 3554 1466 3594; x_wconf 88' lang='lat' dir='ltr'><strong>suos</strong></span> <span class='ocrx_word' id='word_1_282' title='bbox 1512 3540 1614 3594; x_wconf 86' lang='lat' dir='ltr'><strong>sibi</strong></span> <span class='ocrx_word' id='word_1_283' title='bbox 1646 3540 1866 3611; x_wconf 86' lang='lat' dir='ltr'><strong>angelos</strong></span> <span class='ocrx_word' id='word_1_284' title='bbox 1895 3549 1949 3595; x_wconf 91' lang='lat' dir='ltr'><strong>et</strong></span> 
     </span>
    </p>
   </div>
   <div class='ocr_carea' id='block_1_40' title="bbox 382 3626 1947 3698">
    <p class='ocr_par' dir='ltr' id='par_1_40' title="bbox 382 3626 1947 3698">
     <span class='ocr_line' id='line_1_40' title="bbox 382 3626 1947 3698; baseline -0.001 -15"><span class='ocrx_word' id='word_1_285' title='bbox 382 3629 577 3684; x_wconf 87' lang='lat' dir='ltr'><strong>decore</strong></span> <span class='ocrx_word' id='word_1_286' title='bbox 608 3629 821 3683; x_wconf 81' lang='lat' dir='ltr'><strong>ornavit</strong></span> <span class='ocrx_word' id='word_1_287' title='bbox 845 3643 984 3693; x_wconf 89' lang='lat' dir='ltr'><strong>sese,</strong></span> <span class='ocrx_word' id='word_1_288' title='bbox 1015 3627 1061 3681; x_wconf 92' lang='lat' dir='ltr'><strong>si</strong></span> <span class='ocrx_word' id='word_1_289' title='bbox 1100 3626 1238 3682; x_wconf 80' lang='lat' dir='ltr'><strong>forte</strong></span> <span class='ocrx_word' id='word_1_290' title='bbox 1264 3627 1471 3681; x_wconf 88' lang='lat' dir='ltr'><strong>Elobim</strong></span> <span class='ocrx_word' id='word_1_291' title='bbox 1507 3628 1559 3681; x_wconf 89' lang='lat' dir='ltr'><strong>in</strong></span> <span class='ocrx_word' id='word_1_292' title='bbox 1600 3628 1947 3698; x_wconf 88' lang='lat' dir='ltr'><strong>cupiditatem</strong></span> 
     </span>
    </p>
   </div>
   <div class='ocr_carea' id='block_1_41' title="bbox 382 3716 1948 3775">
    <p class='ocr_par' dir='ltr' id='par_1_41' title="bbox 382 3716 1948 3775">
     <span class='ocr_line' id='line_1_41' title="bbox 382 3716 1948 3775; baseline -0.001 -1"><span class='ocrx_word' id='word_1_293' title='bbox 382 3718 469 3774; x_wconf 83' lang='lat' dir='ltr'><strong>sui</strong></span> <span class='ocrx_word' id='word_1_294' title='bbox 520 3718 741 3774; x_wconf 84' lang='lat' dir='ltr'><strong>veniens</strong></span> <span class='ocrx_word' id='word_1_295' title='bbox 786 3719 1141 3775; x_wconf 83' lang='lat' dir='ltr'><strong>descenderet</strong></span> <span class='ocrx_word' id='word_1_296' title='bbox 1168 3718 1234 3773; x_wconf 90' lang='lat' dir='ltr'><strong>ad</strong></span> <span class='ocrx_word' id='word_1_297' title='bbox 1268 3733 1346 3772; x_wconf 91' lang='lat' dir='ltr'><strong>se.</strong></span> <span class='ocrx_word' id='word_1_298' title='bbox 1382 3716 1482 3773; x_wconf 87' lang='lat' dir='ltr'><strong>Ubi</strong></span> <span class='ocrx_word' id='word_1_299' title='bbox 1512 3728 1691 3772; x_wconf 90' lang='lat' dir='ltr'><strong>autem</strong></span> <span class='ocrx_word' id='word_1_300' title='bbox 1721 3718 1897 3774; x_wconf 92' lang='lat' dir='ltr'><strong>victus</strong></span> <span class='ocrx_word' id='word_1_301' title='bbox 1918 3734 1948 3773; x_wconf 91' lang='lat' dir='ltr'><strong>a</strong></span> 
     </span>
    </p>
   </div>
   <div class='ocr_carea' id='block_1_42' title="bbox 386 3809 1951 3881">
    <p class='ocr_par' dir='ltr' id='par_1_42' title="bbox 386 3809 1951 3881">
     <span class='ocr_line' id='line_1_42' title="bbox 386 3809 1951 3881; baseline 0.002 -19"><span class='ocrx_word' id='word_1_302' title='bbox 386 3811 533 3865; x_wconf 87' lang='lat' dir='ltr'><strong>Bono</strong></span> <span class='ocrx_word' id='word_1_303' title='bbox 556 3809 765 3864; x_wconf 87' lang='lat' dir='ltr'><strong>Elohim</strong></span> <span class='ocrx_word' id='word_1_304' title='bbox 792 3824 896 3865; x_wconf 90' lang='lat' dir='ltr'><strong>non</strong></span> <span class='ocrx_word' id='word_1_305' title='bbox 921 3809 1032 3878; x_wconf 87' lang='lat' dir='ltr'><strong>jam</strong></span> <span class='ocrx_word' id='word_1_306' title='bbox 1059 3810 1336 3865; x_wconf 85' lang='lat' dir='ltr'><strong>descendit</strong></span> <span class='ocrx_word' id='word_1_307' title='bbox 1361 3812 1426 3862; x_wconf 89' lang='lat' dir='ltr'><strong>ad</strong></span> <span class='ocrx_word' id='word_1_308' title='bbox 1448 3809 1633 3874; x_wconf 87' lang='lat' dir='ltr'><strong>Edetn,</strong></span> <span class='ocrx_word' id='word_1_309' title='bbox 1668 3810 1951 3881; x_wconf 79' lang='lat' dir='ltr'><strong>imperavit</strong></span> 
     </span>
    </p>
   </div>
   <div class='ocr_carea' id='block_1_43' title="bbox 384 3900 1950 3969">
    <p class='ocr_par' dir='ltr' id='par_1_43' title="bbox 384 3900 1950 3969">
     <span class='ocr_line' id='line_1_43' title="bbox 384 3900 1950 3969; baseline 0.003 -14"><span class='ocrx_word' id='word_1_310' title='bbox 384 3900 550 3956; x_wconf 85' lang='lat' dir='ltr'><strong>Edem</strong></span> <span class='ocrx_word' id='word_1_311' title='bbox 579 3901 762 3967; x_wconf 82' lang='lat' dir='ltr'><strong>Babel,</strong></span> <span class='ocrx_word' id='word_1_312' title='bbox 804 3917 922 3969; x_wconf 76' lang='lat' dir='ltr'><strong>qua:</strong></span> <span class='ocrx_word' id='word_1_313' title='bbox 958 3913 1039 3957; x_wconf 80' lang='lat' dir='ltr'><strong>est</strong></span> <span class='ocrx_word' id='word_1_314' title='bbox 1073 3900 1250 3957; x_wconf 80' lang='lat' dir='ltr'><strong>Venus</strong></span> <span class='ocrx_word' id='word_1_315' title='bbox 1284 3940 1301 3967; x_wconf 91' lang='lat'><strong>,</strong></span> <span class='ocrx_word' id='word_1_316' title='bbox 1333 3903 1591 3957; x_wconf 88' lang='lat' dir='ltr'><strong>adulteria</strong></span> <span class='ocrx_word' id='word_1_317' title='bbox 1636 3913 1690 3958; x_wconf 92' lang='lat' dir='ltr'><strong>et</strong></span> <span class='ocrx_word' id='word_1_318' title='bbox 1722 3904 1950 3959; x_wconf 85' lang='lat' dir='ltr'><strong>divortia</strong></span> 
     </span>
    </p>
   </div>
   <div class='ocr_carea' id='block_1_44' title="bbox 386 3992 1950 4065">
    <p class='ocr_par' dir='ltr' id='par_1_44' title="bbox 386 3992 1950 4065">
     <span class='ocr_line' id='line_1_44' title="bbox 386 3992 1950 4065; baseline 0.005 -21"><span class='ocrx_word' id='word_1_319' title='bbox 386 3993 692 4061; x_wconf 88' lang='lat' dir='ltr'><strong>nuptiarum</strong></span> <span class='ocrx_word' id='word_1_320' title='bbox 729 3992 1011 4047; x_wconf 86' lang='lat' dir='ltr'><strong>instituere</strong></span> <span class='ocrx_word' id='word_1_321' title='bbox 1066 3992 1119 4046; x_wconf 92' lang='lat' dir='ltr'><strong>in</strong></span> <span class='ocrx_word' id='word_1_322' title='bbox 1151 3993 1457 4048; x_wconf 81' lang='lat' dir='ltr'><strong>hominibus</strong></span> <span class='ocrx_word' id='word_1_323' title='bbox 1480 4034 1495 4058; x_wconf 93' lang='lat'><strong>,</strong></span> <span class='ocrx_word' id='word_1_324' title='bbox 1530 4003 1586 4046; x_wconf 88' lang='lat' dir='ltr'><strong>ut</strong></span> <span class='ocrx_word' id='word_1_325' title='bbox 1612 4034 1626 4058; x_wconf 97' lang='lat'><strong>,</strong></span> <span class='ocrx_word' id='word_1_326' title='bbox 1668 3994 1807 4049; x_wconf 86' lang='lat' dir='ltr'><strong>sicut</strong></span> <span class='ocrx_word' id='word_1_327' title='bbox 1836 3997 1950 4065; x_wconf 88' lang='lat' dir='ltr'><strong>ipsa</strong></span> 
     </span>
    </p>
   </div>
   <div class='ocr_carea' id='block_1_45' title="bbox 385 4082 1947 4154">
    <p class='ocr_par' dir='ltr' id='par_1_45' title="bbox 385 4082 1947 4154">
     <span class='ocr_line' id='line_1_45' title="bbox 385 4082 1947 4154; baseline 0.003 -17"><span class='ocrx_word' id='word_1_328' title='bbox 385 4083 663 4150; x_wconf 82' lang='lat' dir='ltr'><strong>repudiata</strong></span> <span class='ocrx_word' id='word_1_329' title='bbox 694 4083 767 4139; x_wconf 87' lang='lat' dir='ltr'><strong>sit</strong></span> <span class='ocrx_word' id='word_1_330' title='bbox 793 4084 860 4137; x_wconf 87' lang='lat' dir='ltr'><strong>ab</strong></span> <span class='ocrx_word' id='word_1_331' title='bbox 888 4082 1118 4148; x_wconf 84' lang='lat' dir='ltr'><strong>Elohim,</strong></span> <span class='ocrx_word' id='word_1_332' title='bbox 1153 4084 1233 4139; x_wconf 85' lang='lat' dir='ltr'><strong>sic</strong></span> <span class='ocrx_word' id='word_1_333' title='bbox 1271 4084 1433 4138; x_wconf 88' lang='lat' dir='ltr'><strong>etiam</strong></span> <span class='ocrx_word' id='word_1_334' title='bbox 1458 4086 1679 4154; x_wconf 86' lang='lat' dir='ltr'><strong>spiritus</strong></span> <span class='ocrx_word' id='word_1_335' title='bbox 1716 4087 1947 4152; x_wconf 86' lang='lat' dir='ltr'><strong>Elobim,</strong></span> 
     </span>
    </p>
   </div>
   <div class='ocr_carea' id='block_1_46' title="bbox 2046 540 3614 613">
    <p class='ocr_par' dir='ltr' id='par_1_46' title="bbox 2046 540 3614 613">
     <span class='ocr_line' id='line_1_46' title="bbox 2046 540 3614 613; baseline -0.001 -17"><span class='ocrx_word' id='word_1_336' title='bbox 2046 544 2147 613; x_wconf 82' lang='grc' dir='ltr'><strong>τῆς</strong></span> <span class='ocrx_word' id='word_1_337' title='bbox 2190 543 2350 611; x_wconf 85' lang='grc' dir='ltr'>Ἐδὲμ</span> <span class='ocrx_word' id='word_1_338' title='bbox 2376 542 2644 606; x_wconf 79' lang='grc' dir='ltr'>ἐξουσίαν.</span> <span class='ocrx_word' id='word_1_339' title='bbox 2679 541 2918 594; x_wconf 86' lang='grc' dir='ltr'>Μένουσι</span> <span class='ocrx_word' id='word_1_340' title='bbox 2946 540 3002 593; x_wconf 81' lang='grc' dir='ltr'>δὲ</span> <span class='ocrx_word' id='word_1_341' title='bbox 3035 540 3134 593; x_wconf 79' lang='grc' dir='ltr'><strong>οὐκ</strong></span> <span class='ocrx_word' id='word_1_342' title='bbox 3164 542 3249 593; x_wconf 82' lang='grc' dir='ltr'><strong>ἀεὶ</strong></span> <span class='ocrx_word' id='word_1_343' title='bbox 3279 541 3369 593; x_wconf 74' lang='grc' dir='ltr'><strong>ἐπὶ</strong></span> <span class='ocrx_word' id='word_1_344' title='bbox 3395 542 3505 595; x_wconf 84' lang='grc' dir='ltr'><strong>τῶν</strong></span> <span class='ocrx_word' id='word_1_345' title='bbox 3529 542 3614 595; x_wconf 87' lang='grc' dir='ltr'>τό-</span> 
     </span>
    </p>
   </div>
   <div class='ocr_carea' id='block_1_47' title="bbox 2046 631 3611 703">
    <p class='ocr_par' dir='ltr' id='par_1_47' title="bbox 2046 631 3611 703">
     <span class='ocr_line' id='line_1_47' title="bbox 2046 631 3611 703; baseline -0.001 -15"><span class='ocrx_word' id='word_1_346' title='bbox 2046 654 2164 689; x_wconf 87' lang='grc' dir='ltr'><strong>πων</strong></span> <span class='ocrx_word' id='word_1_347' title='bbox 2192 635 2300 688; x_wconf 87' lang='grc' dir='ltr'><strong>τῶν</strong></span> <span class='ocrx_word' id='word_1_348' title='bbox 2330 634 2528 697; x_wconf 85' lang='grc' dir='ltr'>αὐτῶν,</span> <span class='ocrx_word' id='word_1_349' title='bbox 2560 634 2674 687; x_wconf 87' lang='grc' dir='ltr'>ἀλλ’</span> <span class='ocrx_word' id='word_1_350' title='bbox 2706 632 2869 687; x_wconf 71' lang='grc' dir='ltr'><strong>οίονεί¹</strong></span> <span class='ocrx_word' id='word_1_351' title='bbox 2896 635 2953 686; x_wconf 83' lang='grc' dir='ltr'>ὲν</span> <span class='ocrx_word' id='word_1_352' title='bbox 2982 632 3126 703; x_wconf 82' lang='grc' dir='ltr'>χορῷ</span> <span class='ocrx_word' id='word_1_353' title='bbox 3156 631 3400 702; x_wconf 86' lang='grc' dir='ltr'>κυκλικῷ</span> <span class='ocrx_word' id='word_1_354' title='bbox 3437 634 3611 702; x_wconf 76' lang='grc' dir='ltr'>ἐμπε-</span> 
     </span>
    </p>
   </div>
   <div class='ocr_carea' id='block_1_48' title="bbox 2048 723 3613 799">
    <p class='ocr_par' dir='ltr' id='par_1_48' title="bbox 2048 723 3613 799">
     <span class='ocr_line' id='line_1_48' title="bbox 2048 723 3613 799; baseline -0.004 -18"><span class='ocrx_word' id='word_1_355' title='bbox 2048 728 2352 799; x_wconf 87' lang='grc' dir='ltr'>ριέρχονται</span> <span class='ocrx_word' id='word_1_356' title='bbox 2375 725 2441 792; x_wconf 83' lang='grc'>³⁸,</span> <span class='ocrx_word' id='word_1_357' title='bbox 2492 725 2504 796; x_wconf 93' lang='lat'><strong><em>|</em></strong></span> <span class='ocrx_word' id='word_1_358' title='bbox 2562 725 2915 787; x_wconf 83' lang='grc' dir='ltr'>ἀλλάσσοντες</span> <span class='ocrx_word' id='word_1_359' title='bbox 2968 724 3130 776; x_wconf 82' lang='grc' dir='ltr'>τόπον</span> <span class='ocrx_word' id='word_1_360' title='bbox 3184 725 3249 776; x_wconf 81' lang='grc' dir='ltr'>ὲκ</span> <span class='ocrx_word' id='word_1_361' title='bbox 3300 723 3465 776; x_wconf 89' lang='grc' dir='ltr'>τόπου</span> <span class='ocrx_word' id='word_1_362' title='bbox 3515 733 3613 776; x_wconf 80' lang='grc' dir='ltr'><strong>και</strong></span> 
     </span>
    </p>
   </div>
   <div class='ocr_carea' id='block_1_49' title="bbox 2045 812 3613 888">
    <p class='ocr_par' dir='ltr' id='par_1_49' title="bbox 2045 812 3613 888">
     <span class='ocr_line' id='line_1_49' title="bbox 2045 812 3613 888; baseline -0.003 -18"><span class='ocrx_word' id='word_1_363' title='bbox 2045 815 2501 888; x_wconf 81' lang='grc' dir='ltr'><strong>παραχωροῦντες</strong></span> <span class='ocrx_word' id='word_1_364' title='bbox 2535 817 2592 868; x_wconf 81' lang='grc' dir='ltr'><strong>ἐν</strong></span> <span class='ocrx_word' id='word_1_365' title='bbox 2633 815 2845 885; x_wconf 84' lang='grc' dir='ltr'><strong>χρόνοις</strong></span> <span class='ocrx_word' id='word_1_366' title='bbox 2883 813 2977 866; x_wconf 76' lang='grc' dir='ltr'>καὶ</span> <span class='ocrx_word' id='word_1_367' title='bbox 3004 812 3333 881; x_wconf 85' lang='grc' dir='ltr'>διαστήμασι</span> <span class='ocrx_word' id='word_1_368' title='bbox 3360 812 3484 874; x_wconf 77' lang='grc' dir='ltr'>τοὺς</span> <span class='ocrx_word' id='word_1_369' title='bbox 3519 813 3613 865; x_wconf 75' lang='grc' dir='ltr'>τό·</span> 
     </span>
    </p>
   </div>
   <div class='ocr_carea' id='block_1_50' title="bbox 2045 900 3609 974">
    <p class='ocr_par' dir='ltr' id='par_1_50' title="bbox 2045 900 3609 974">
     <span class='ocr_line' id='line_1_50' title="bbox 2045 900 3609 974; baseline -0.008 -14"><span class='ocrx_word' id='word_1_370' title='bbox 2045 923 2182 968; x_wconf 84' lang='grc' dir='ltr'>πους</span> <span class='ocrx_word' id='word_1_371' title='bbox 2226 904 2588 974; x_wconf 80' lang='grc' dir='ltr'><strong>τεταγμένους</strong></span> <span class='ocrx_word' id='word_1_372' title='bbox 2631 905 2675 936; x_wconf 84' lang='grc'><strong><em>³⁹</em></strong></span> <span class='ocrx_word' id='word_1_373' title='bbox 2729 904 2960 964; x_wconf 80' lang='grc' dir='ltr'><strong>ἑαυτοῖς.</strong></span> <span class='ocrx_word' id='word_1_374' title='bbox 3016 901 3185 953; x_wconf 88' lang='grc' dir='ltr'>Ὅταν</span> <span class='ocrx_word' id='word_1_375' title='bbox 3226 900 3280 953; x_wconf 88' lang='grc' dir='ltr'>δὲ</span> <span class='ocrx_word' id='word_1_376' title='bbox 3334 902 3609 967; x_wconf 74' lang='grc' dir='ltr'>ἐπικρατῇ</span> 
     </span>
    </p>
   </div>
   <div class='ocr_carea' id='block_1_51' title="bbox 2044 993 3614 1065">
    <p class='ocr_par' dir='ltr' id='par_1_51' title="bbox 2044 993 3614 1065">
     <span class='ocr_line' id='line_1_51' title="bbox 2044 993 3614 1065; baseline -0.005 -14"><span class='ocrx_word' id='word_1_377' title='bbox 2044 999 2153 1059; x_wconf 72' lang='grc' dir='ltr'><strong>τῶν</strong></span> <span class='ocrx_word' id='word_1_378' title='bbox 2176 998 2357 1052; x_wconf 89' lang='grc' dir='ltr'>τόπων</span> <span class='ocrx_word' id='word_1_379' title='bbox 2391 1000 2420 1050; x_wconf 99' lang='lat'><strong>6</strong></span> <span class='ocrx_word' id='word_1_380' title='bbox 2446 996 2683 1058; x_wconf 80' lang='grc' dir='ltr'><strong>Φεισὼν,</strong></span> <span class='ocrx_word' id='word_1_381' title='bbox 2720 995 2908 1065; x_wconf 82' lang='grc' dir='ltr'>λιμὸς,</span> <span class='ocrx_word' id='word_1_382' title='bbox 2942 994 3270 1063; x_wconf 81' lang='grc' dir='ltr'>στενοχωρία</span> <span class='ocrx_word' id='word_1_383' title='bbox 3289 1034 3305 1058; x_wconf 91' lang='grc'><strong>,</strong></span> <span class='ocrx_word' id='word_1_384' title='bbox 3336 993 3515 1060; x_wconf 80' lang='grc' dir='ltr'>θλῖψις</span> <span class='ocrx_word' id='word_1_385' title='bbox 3552 993 3614 1043; x_wconf 74' lang='grc' dir='ltr'>ἐν</span> 
     </span>
    </p>
   </div>
   <div class='ocr_carea' id='block_1_52' title="bbox 2044 1082 3617 1159">
    <p class='ocr_par' dir='ltr' id='par_1_52' title="bbox 2044 1082 3617 1159">
     <span class='ocr_line' id='line_1_52' title="bbox 2044 1082 3617 1159; baseline -0.006 -17"><span class='ocrx_word' id='word_1_386' title='bbox 2044 1090 2238 1159; x_wconf 77' lang='grc' dir='ltr'>ἐκείνῳ</span> <span class='ocrx_word' id='word_1_387' title='bbox 2270 1088 2348 1158; x_wconf 84' lang='grc' dir='ltr'>τῷ</span> <span class='ocrx_word' id='word_1_388' title='bbox 2384 1088 2539 1159; x_wconf 85' lang='grc' dir='ltr'>μέρει</span> <span class='ocrx_word' id='word_1_389' title='bbox 2566 1088 2666 1156; x_wconf 84' lang='grc' dir='ltr'><strong>τῆς</strong></span> <span class='ocrx_word' id='word_1_390' title='bbox 2712 1088 2815 1156; x_wconf 82' lang='grc' dir='ltr'><strong>γῆς</strong></span> <span class='ocrx_word' id='word_1_391' title='bbox 2851 1085 3087 1154; x_wconf 86' lang='grc' dir='ltr'>γίνεται·</span> <span class='ocrx_word' id='word_1_392' title='bbox 3129 1082 3382 1152; x_wconf 76' lang='grc' dir='ltr'>φειδωλὸν</span> <span class='ocrx_word' id='word_1_393' title='bbox 3410 1083 3522 1152; x_wconf 82' lang='grc' dir='ltr'>γὰρ</span> <span class='ocrx_word' id='word_1_394' title='bbox 3553 1083 3617 1133; x_wconf 81' lang='grc' dir='ltr'>τὺ</span> 
     </span>
    </p>
   </div>
   <div class='ocr_carea' id='block_1_53' title="bbox 2043 1174 3616 1254">
    <p class='ocr_par' dir='ltr' id='par_1_53' title="bbox 2043 1174 3616 1254">
     <span class='ocr_line' id='line_1_53' title="bbox 2043 1174 3616 1254; baseline -0.008 -18"><span class='ocrx_word' id='word_1_395' title='bbox 2043 1182 2383 1254; x_wconf 82' lang='grc' dir='ltr'>παράταγμα</span> <span class='ocrx_word' id='word_1_396' title='bbox 2413 1179 2522 1233; x_wconf 88' lang='grc' dir='ltr'><strong>τῶν</strong></span> <span class='ocrx_word' id='word_1_397' title='bbox 2568 1178 2813 1247; x_wconf 88' lang='grc' dir='ltr'>ἀγγέλων</span> <span class='ocrx_word' id='word_1_398' title='bbox 2854 1176 3081 1229; x_wconf 88' lang='grc' dir='ltr'>τούτων·</span> <span class='ocrx_word' id='word_1_399' title='bbox 3120 1174 3318 1245; x_wconf 85' lang='grc' dir='ltr'>ὁμοίως</span> <span class='ocrx_word' id='word_1_400' title='bbox 3350 1174 3441 1226; x_wconf 78' lang='grc' dir='ltr'><strong>καὶ</strong></span> <span class='ocrx_word' id='word_1_401' title='bbox 3472 1174 3616 1225; x_wconf 67' lang='grc' dir='ltr'><strong>ἱκά-</strong></span> 
     </span>
    </p>
   </div>
   <div class='ocr_carea' id='block_1_54' title="bbox 2045 1264 3616 1344">
    <p class='ocr_par' dir='ltr' id='par_1_54' title="bbox 2045 1264 3616 1344">
     <span class='ocr_line' id='line_1_54' title="bbox 2045 1264 3616 1344; baseline -0.007 -17"><span class='ocrx_word' id='word_1_402' title='bbox 2045 1291 2171 1327; x_wconf 90' lang='grc' dir='ltr'>στου</span> <span class='ocrx_word' id='word_1_403' title='bbox 2208 1273 2404 1344; x_wconf 83' lang='grc' dir='ltr'>μέρους</span> <span class='ocrx_word' id='word_1_404' title='bbox 2432 1271 2542 1324; x_wconf 88' lang='grc' dir='ltr'><strong>τῶν</strong></span> <span class='ocrx_word' id='word_1_405' title='bbox 2569 1269 2869 1340; x_wconf 83' lang='grc' dir='ltr'>τεσσάρων,</span> <span class='ocrx_word' id='word_1_406' title='bbox 2899 1266 3037 1321; x_wconf 80' lang='grc' dir='ltr'>κατὰ</span> <span class='ocrx_word' id='word_1_407' title='bbox 3062 1266 3162 1336; x_wconf 82' lang='grc' dir='ltr'>τὴν</span> <span class='ocrx_word' id='word_1_408' title='bbox 3188 1266 3418 1319; x_wconf 79' lang='grc' dir='ltr'>ἑκάστου</span> <span class='ocrx_word' id='word_1_409' title='bbox 3447 1264 3616 1317; x_wconf 80' lang='grc' dir='ltr'>δύνα-</span> 
     </span>
    </p>
   </div>
   <div class='ocr_carea' id='block_1_55' title="bbox 2048 1356 3617 1436">
    <p class='ocr_par' dir='ltr' id='par_1_55' title="bbox 2048 1356 3617 1436">
     <span class='ocr_line' id='line_1_55' title="bbox 2048 1356 3617 1436; baseline -0.006 -17"><span class='ocrx_word' id='word_1_410' title='bbox 2048 1383 2140 1436; x_wconf 86' lang='grc' dir='ltr'><strong>μιν</strong></span> <span class='ocrx_word' id='word_1_411' title='bbox 2172 1365 2265 1419; x_wconf 75' lang='grc' dir='ltr'><strong>καὶ</strong></span> <span class='ocrx_word' id='word_1_412' title='bbox 2290 1363 2473 1432; x_wconf 80' lang='grc' dir='ltr'>φύσιν,</span> <span class='ocrx_word' id='word_1_413' title='bbox 2512 1361 2672 1416; x_wconf 78' lang='grc' dir='ltr'>κακοὶ</span> <span class='ocrx_word' id='word_1_414' title='bbox 2708 1360 2889 1430; x_wconf 86' lang='grc' dir='ltr'>καιροί</span> <span class='ocrx_word' id='word_1_415' title='bbox 2913 1358 3007 1412; x_wconf 72' lang='grc' dir='ltr'><strong>καὶ</strong></span> <span class='ocrx_word' id='word_1_416' title='bbox 3033 1358 3202 1412; x_wconf 89' lang='grc' dir='ltr'>νόσων</span> <span class='ocrx_word' id='word_1_417' title='bbox 3233 1356 3466 1418; x_wconf 81' lang='grc' dir='ltr'>στάσεις.</span> <span class='ocrx_word' id='word_1_418' title='bbox 3496 1356 3617 1409; x_wconf 75' lang='grc' dir='ltr'><strong>Καὶ</strong></span> 
     </span>
    </p>
   </div>
   <div class='ocr_carea' id='block_1_56' title="bbox 2042 1452 3615 1526">
    <p class='ocr_par' dir='ltr' id='par_1_56' title="bbox 2042 1452 3615 1526">
     <span class='ocr_line' id='line_1_56' title="bbox 2042 1452 3615 1526; baseline -0.008 -13"><span class='ocrx_word' id='word_1_419' title='bbox 2042 1460 2199 1513; x_wconf 83' lang='grc' dir='ltr'>τοῦτο</span> <span class='ocrx_word' id='word_1_420' title='bbox 2230 1458 2407 1511; x_wconf 71' lang='grc' dir='ltr'>είσαεὶ</span> <span class='ocrx_word' id='word_1_421' title='bbox 2442 1456 2584 1509; x_wconf 85' lang='grc' dir='ltr'><strong>κατά</strong></span> <span class='ocrx_word' id='word_1_422' title='bbox 2612 1454 2710 1525; x_wconf 83' lang='grc' dir='ltr'><strong>τὴν</strong></span> <span class='ocrx_word' id='word_1_423' title='bbox 2741 1453 3101 1526; x_wconf 75' lang='grc' dir='ltr'>ἐπικράτησιν</span> <span class='ocrx_word' id='word_1_424' title='bbox 3130 1452 3176 1483; x_wconf 72' lang='grc'><strong>⁸⁸</strong></span> <span class='ocrx_word' id='word_1_425' title='bbox 3201 1452 3310 1504; x_wconf 89' lang='grc' dir='ltr'><strong>τῶν</strong></span> <span class='ocrx_word' id='word_1_426' title='bbox 3345 1468 3615 1520; x_wconf 86' lang='grc' dir='ltr'>τεταρτη-</span> 
     </span>
    </p>
   </div>
   <div class='ocr_carea' id='block_1_57' title="bbox 2047 1541 3618 1622">
    <p class='ocr_par' dir='ltr' id='par_1_57' title="bbox 2047 1541 3618 1622">
     <span class='ocr_line' id='line_1_57' title="bbox 2047 1541 3618 1622; baseline -0.007 -17"><span class='ocrx_word' id='word_1_427' title='bbox 2047 1553 2251 1622; x_wconf 83' lang='grc' dir='ltr'>μορίων</span> <span class='ocrx_word' id='word_1_428' title='bbox 2286 1548 2525 1618; x_wconf 83' lang='grc' dir='ltr'>ὡσπερεί</span> <span class='ocrx_word' id='word_1_429' title='bbox 2553 1547 2599 1579; x_wconf 60' lang='grc' dir='ltr'>’ί</span> <span class='ocrx_word' id='word_1_430' title='bbox 2630 1546 2892 1615; x_wconf 84' lang='grc' dir='ltr'>ποταμῶν</span> <span class='ocrx_word' id='word_1_431' title='bbox 2925 1545 3105 1616; x_wconf 78' lang='grc' dir='ltr'>ῥεῦμα</span> <span class='ocrx_word' id='word_1_432' title='bbox 3130 1544 3329 1608; x_wconf 88' lang='grc' dir='ltr'>κακίας</span> <span class='ocrx_word' id='word_1_433' title='bbox 3352 1543 3491 1596; x_wconf 85' lang='grc' dir='ltr'><strong>κατά</strong></span> <span class='ocrx_word' id='word_1_434' title='bbox 3521 1541 3618 1595; x_wconf 86' lang='grc' dir='ltr'>θέ-</span> 
     </span>
    </p>
   </div>
   <div class='ocr_carea' id='block_1_58' title="bbox 2043 1634 3616 1713">
    <p class='ocr_par' dir='ltr' id='par_1_58' title="bbox 2043 1634 3616 1713">
     <span class='ocr_line' id='line_1_58' title="bbox 2043 1634 3616 1713; baseline -0.007 -17"><span class='ocrx_word' id='word_1_435' title='bbox 2043 1644 2197 1713; x_wconf 80' lang='grc' dir='ltr'>λησιν</span> <span class='ocrx_word' id='word_1_436' title='bbox 2236 1642 2337 1711; x_wconf 81' lang='grc' dir='ltr'><strong>τῆς</strong></span> <span class='ocrx_word' id='word_1_437' title='bbox 2386 1640 2546 1709; x_wconf 78' lang='grc' dir='ltr'>Ἐδὲμ</span> <span class='ocrx_word' id='word_1_438' title='bbox 2574 1638 2929 1701; x_wconf 82' lang='grc' dir='ltr'>ἀδιαλείπτως</span> <span class='ocrx_word' id='word_1_439' title='bbox 2964 1637 3054 1690; x_wconf 83' lang='grc' dir='ltr'><strong>τὸν</strong></span> <span class='ocrx_word' id='word_1_440' title='bbox 3095 1636 3295 1705; x_wconf 78' lang='grc' dir='ltr'>κόσμον</span> <span class='ocrx_word' id='word_1_441' title='bbox 3325 1634 3616 1705; x_wconf 80' lang='grc' dir='ltr'>περιέρχε-</span> 
     </span>
    </p>
   </div>
   <div class='ocr_carea' id='block_1_59' title="bbox 2044 1725 3617 1798">
    <p class='ocr_par' dir='ltr' id='par_1_59' title="bbox 2044 1725 3617 1798">
     <span class='ocr_line' id='line_1_59' title="bbox 2044 1725 3617 1798; baseline -0.004 -14"><span class='ocrx_word' id='word_1_442' title='bbox 2044 1748 2154 1787; x_wconf 91' lang='grc' dir='ltr'>ται.</span> <span class='ocrx_word' id='word_1_443' title='bbox 2183 1730 2378 1797; x_wconf 82' lang='grc' dir='ltr'>Γέγονε</span> <span class='ocrx_word' id='word_1_444' title='bbox 2401 1729 2456 1781; x_wconf 83' lang='grc' dir='ltr'>δὲ</span> <span class='ocrx_word' id='word_1_445' title='bbox 2479 1730 2512 1798; x_wconf 83' lang='grc' dir='ltr'>ἡ</span> <span class='ocrx_word' id='word_1_446' title='bbox 2535 1727 2635 1797; x_wconf 81' lang='grc' dir='ltr'>τῆς</span> <span class='ocrx_word' id='word_1_447' title='bbox 2661 1730 2858 1789; x_wconf 84' lang='grc' dir='ltr'>κακίας</span> <span class='ocrx_word' id='word_1_448' title='bbox 2874 1727 3081 1796; x_wconf 79' lang='grc' dir='ltr'><strong>ἀνάγκη</strong></span> <span class='ocrx_word' id='word_1_449' title='bbox 3106 1728 3170 1779; x_wconf 79' lang='grc' dir='ltr'>ὲκ</span> <span class='ocrx_word' id='word_1_450' title='bbox 3194 1726 3444 1794; x_wconf 82' lang='grc' dir='ltr'>τοιαύτης</span> <span class='ocrx_word' id='word_1_451' title='bbox 3463 1725 3617 1786; x_wconf 71' lang='grc' dir='ltr'>τινὸς</span> 
     </span>
    </p>
   </div>
   <div class='ocr_carea' id='block_1_60' title="bbox 2046 1817 3617 1889">
    <p class='ocr_par' dir='ltr' id='par_1_60' title="bbox 2046 1817 3617 1889">
     <span class='ocr_line' id='line_1_60' title="bbox 2046 1817 3617 1889; baseline -0.004 -14"><span class='ocrx_word' id='word_1_452' title='bbox 2046 1822 2254 1884; x_wconf 78' lang='grc' dir='ltr'>αἰτίας·</span> <span class='ocrx_word' id='word_1_453' title='bbox 2297 1820 2717 1883; x_wconf 73' lang='grc' dir='ltr'>κατασκευάσας</span> <span class='ocrx_word' id='word_1_454' title='bbox 2770 1820 2866 1872; x_wconf 73' lang='grc' dir='ltr'>καὶ</span> <span class='ocrx_word' id='word_1_455' title='bbox 2916 1818 3325 1889; x_wconf 82' lang='grc' dir='ltr'>δημιουργήσας</span> <span class='ocrx_word' id='word_1_456' title='bbox 3374 1817 3617 1887; x_wconf 73' lang='grc' dir='ltr'>Ἐλωεὶμ</span> 
     </span>
    </p>
   </div>
   <div class='ocr_carea' id='block_1_61' title="bbox 2046 1908 3616 1984">
    <p class='ocr_par' dir='ltr' id='par_1_61' title="bbox 2046 1908 3616 1984">
     <span class='ocr_line' id='line_1_61' title="bbox 2046 1908 3616 1984; baseline -0.004 -17"><span class='ocrx_word' id='word_1_457' title='bbox 2046 1915 2109 1967; x_wconf 82' lang='grc' dir='ltr'>ὲκ</span> <span class='ocrx_word' id='word_1_458' title='bbox 2149 1914 2333 1983; x_wconf 82' lang='grc' dir='ltr'>κοινῆς</span> <span class='ocrx_word' id='word_1_459' title='bbox 2367 1913 2777 1984; x_wconf 83' lang='grc' dir='ltr'>εὑαρεστήσεως</span> <span class='ocrx_word' id='word_1_460' title='bbox 2801 1911 2893 1964; x_wconf 83' lang='grc' dir='ltr'><strong>τὸν</strong></span> <span class='ocrx_word' id='word_1_461' title='bbox 2930 1912 3153 1981; x_wconf 84' lang='grc' dir='ltr'>κόσμον,</span> <span class='ocrx_word' id='word_1_462' title='bbox 3187 1909 3451 1978; x_wconf 74' lang='grc' dir='ltr'>ἀναϐῆναι</span> <span class='ocrx_word' id='word_1_463' title='bbox 3475 1908 3616 1977; x_wconf 79' lang='grc' dir='ltr'>ἠθέ-</span> 
     </span>
    </p>
   </div>
   <div class='ocr_carea' id='block_1_62' title="bbox 2044 1994 3619 2075">
    <p class='ocr_par' dir='ltr' id='par_1_62' title="bbox 2044 1994 3619 2075">
     <span class='ocr_line' id='line_1_62' title="bbox 2044 1994 3619 2075; baseline -0.005 -19"><span class='ocrx_word' id='word_1_464' title='bbox 2044 2003 2209 2075; x_wconf 86' lang='grc' dir='ltr'>λησεν</span> <span class='ocrx_word' id='word_1_465' title='bbox 2234 2003 2312 2065; x_wconf 90' lang='grc' dir='ltr'><strong>εἰς</strong></span> <span class='ocrx_word' id='word_1_466' title='bbox 2337 2002 2404 2055; x_wconf 89' lang='grc' dir='ltr'><strong>τά</strong></span> <span class='ocrx_word' id='word_1_467' title='bbox 2429 2000 2607 2071; x_wconf 70' lang='grc' dir='ltr'>ὑψηλά</span> <span class='ocrx_word' id='word_1_468' title='bbox 2638 2001 2776 2071; x_wconf 90' lang='grc' dir='ltr'>μέρη</span> <span class='ocrx_word' id='word_1_469' title='bbox 2806 1998 2899 2052; x_wconf 82' lang='grc' dir='ltr'>τοῦ</span> <span class='ocrx_word' id='word_1_470' title='bbox 2920 1998 3149 2068; x_wconf 80' lang='grc' dir='ltr'>οὐρανοῦ</span> <span class='ocrx_word' id='word_1_471' title='bbox 3174 1998 3270 2050; x_wconf 68' lang='grc' dir='ltr'>καὶ</span> <span class='ocrx_word' id='word_1_472' title='bbox 3290 1994 3619 2059; x_wconf 81' lang='grc' dir='ltr'>θεάσασθαι,</span> 
     </span>
    </p>
   </div>
   <div class='ocr_carea' id='block_1_63' title="bbox 2048 2088 3619 2166">
    <p class='ocr_par' dir='ltr' id='par_1_63' title="bbox 2048 2088 3619 2166">
     <span class='ocr_line' id='line_1_63' title="bbox 2048 2088 3619 2166; baseline -0.006 -19"><span class='ocrx_word' id='word_1_473' title='bbox 2048 2096 2121 2166; x_wconf 88' lang='grc' dir='ltr'>μή</span> <span class='ocrx_word' id='word_1_474' title='bbox 2153 2112 2206 2147; x_wconf 88' lang='grc' dir='ltr'><strong>τι</strong></span> <span class='ocrx_word' id='word_1_475' title='bbox 2234 2093 2424 2162; x_wconf 87' lang='grc' dir='ltr'>γέγονε</span> <span class='ocrx_word' id='word_1_476' title='bbox 2469 2092 2577 2145; x_wconf 88' lang='grc' dir='ltr'><strong>τῶν</strong></span> <span class='ocrx_word' id='word_1_477' title='bbox 2609 2091 2752 2145; x_wconf 88' lang='grc' dir='ltr'><strong>κατά</strong></span> <span class='ocrx_word' id='word_1_478' title='bbox 2782 2090 2881 2161; x_wconf 82' lang='grc' dir='ltr'>τὴν</span> <span class='ocrx_word' id='word_1_479' title='bbox 2914 2090 3091 2143; x_wconf 84' lang='grc' dir='ltr'>κτίσιν</span> <span class='ocrx_word' id='word_1_480' title='bbox 3120 2088 3313 2151; x_wconf 75' lang='grc' dir='ltr'>ἐνδεῶς</span> <span class='ocrx_word' id='word_1_481' title='bbox 3333 2125 3349 2149; x_wconf 95' lang='grc'><strong>,</strong></span> <span class='ocrx_word' id='word_1_482' title='bbox 3390 2103 3619 2155; x_wconf 84' lang='grc' dir='ltr'>συμπα-</span> 
     </span>
    </p>
   </div>
   <div class='ocr_carea' id='block_1_64' title="bbox 2049 2173 3619 2255">
    <p class='ocr_par' dir='ltr' id='par_1_64' title="bbox 2049 2173 3619 2255">
     <span class='ocr_line' id='line_1_64' title="bbox 2049 2173 3619 2255; baseline -0.004 -19"><span class='ocrx_word' id='word_1_483' title='bbox 2049 2183 2295 2255; x_wconf 82' lang='grc' dir='ltr'>ραλαϐὼν</span> <span class='ocrx_word' id='word_1_484' title='bbox 2336 2183 2461 2244; x_wconf 81' lang='grc' dir='ltr'>τοὺς</span> <span class='ocrx_word' id='word_1_485' title='bbox 2508 2181 2668 2243; x_wconf 87' lang='grc' dir='ltr'>ίδίους</span> <span class='ocrx_word' id='word_1_486' title='bbox 2697 2180 2960 2249; x_wconf 74' lang='grc' dir='ltr'>ἀγγέλους</span> <span class='ocrx_word' id='word_1_487' title='bbox 3004 2178 3119 2248; x_wconf 85' lang='grc' dir='ltr'>μετ’</span> <span class='ocrx_word' id='word_1_488' title='bbox 3161 2178 3361 2241; x_wconf 77' lang='grc' dir='ltr'>αὐτοῦ,</span> <span class='ocrx_word' id='word_1_489' title='bbox 3396 2173 3465 2243; x_wconf 78' lang='grc' dir='ltr'>ἦν</span> <span class='ocrx_word' id='word_1_490' title='bbox 3502 2176 3619 2247; x_wconf 89' lang='grc' dir='ltr'><strong>γάρ</strong></span> 
     </span>
    </p>
   </div>
   <div class='ocr_carea' id='block_1_65' title="bbox 2046 2265 3621 2343">
    <p class='ocr_par' dir='ltr' id='par_1_65' title="bbox 2046 2265 3621 2343">
     <span class='ocr_line' id='line_1_65' title="bbox 2046 2265 3621 2343; baseline -0.006 -17"><span class='ocrx_word' id='word_1_491' title='bbox 2046 2272 2336 2343; x_wconf 79' lang='grc' dir='ltr'>ἀνωφερὴς</span> <span class='ocrx_word' id='word_1_492' title='bbox 2358 2311 2373 2335; x_wconf 90' lang='grc'><strong>,</strong></span> <span class='ocrx_word' id='word_1_493' title='bbox 2422 2270 2737 2324; x_wconf 86' lang='grc' dir='ltr'>καταλιπὼν</span> <span class='ocrx_word' id='word_1_494' title='bbox 2781 2268 2878 2339; x_wconf 82' lang='grc' dir='ltr'><strong>τὴν</strong></span> <span class='ocrx_word' id='word_1_495' title='bbox 2918 2268 3085 2336; x_wconf 80' lang='grc' dir='ltr'>Ἐδὲμ</span> <span class='ocrx_word' id='word_1_496' title='bbox 3111 2267 3283 2330; x_wconf 80' lang='grc' dir='ltr'>κάτω,</span> <span class='ocrx_word' id='word_1_497' title='bbox 3316 2265 3390 2334; x_wconf 75' lang='grc' dir='ltr'>γῆ</span> <span class='ocrx_word' id='word_1_498' title='bbox 3425 2266 3471 2295; x_wconf 68' lang='grc' dir='ltr'>δ’</span> <span class='ocrx_word' id='word_1_499' title='bbox 3503 2267 3621 2333; x_wconf 73' lang='grc' dir='ltr'><strong>γὰρ</strong></span> 
     </span>
    </p>
   </div>
   <div class='ocr_carea' id='block_1_66' title="bbox 2046 2356 3617 2430">
    <p class='ocr_par' dir='ltr' id='par_1_66' title="bbox 2046 2356 3617 2430">
     <span class='ocr_line' id='line_1_66' title="bbox 2046 2356 3617 2430; baseline -0.006 -12"><span class='ocrx_word' id='word_1_500' title='bbox 2046 2360 2179 2418; x_wconf 77' lang='grc' dir='ltr'>οὖσα</span> <span class='ocrx_word' id='word_1_501' title='bbox 2198 2364 2243 2395; x_wconf 63' lang='grc'><strong>⁸³</strong></span> <span class='ocrx_word' id='word_1_502' title='bbox 2284 2361 2669 2415; x_wconf 79' lang='grc' dir='ltr'>ἐπακολουθεῖν</span> <span class='ocrx_word' id='word_1_503' title='bbox 2697 2362 2808 2415; x_wconf 81' lang='grc' dir='ltr'><strong>ἀνω</strong></span> <span class='ocrx_word' id='word_1_504' title='bbox 2840 2358 2919 2430; x_wconf 83' lang='grc' dir='ltr'>τῷ</span> <span class='ocrx_word' id='word_1_505' title='bbox 2946 2358 3163 2429; x_wconf 79' lang='grc' dir='ltr'>συξύγῳ</span> <span class='ocrx_word' id='word_1_506' title='bbox 3193 2359 3293 2411; x_wconf 85' lang='grc' dir='ltr'><strong>οὐκ</strong></span> <span class='ocrx_word' id='word_1_507' title='bbox 3324 2356 3617 2427; x_wconf 76' lang='grc' dir='ltr'>ἠθέλησεν.</span> 
     </span>
    </p>
   </div>
   <div class='ocr_carea' id='block_1_67' title="bbox 2057 2447 3619 2521">
    <p class='ocr_par' dir='ltr' id='par_1_67' title="bbox 2057 2447 3619 2521">
     <span class='ocr_line' id='line_1_67' title="bbox 2057 2447 3619 2521; baseline -0.006 -12"><span class='ocrx_word' id='word_1_508' title='bbox 2057 2455 2259 2509; x_wconf 79' lang='grc' dir='ltr'>Ἐλθὼν</span> <span class='ocrx_word' id='word_1_509' title='bbox 2286 2451 2375 2508; x_wconf 74' lang='grc' dir='ltr'><strong>οὖν</strong></span> <span class='ocrx_word' id='word_1_510' title='bbox 2398 2457 2426 2507; x_wconf 91' lang='lat'><strong>6</strong></span> <span class='ocrx_word' id='word_1_511' title='bbox 2457 2453 2688 2521; x_wconf 78' lang='grc' dir='ltr'>Ἐλωεὶμ</span> <span class='ocrx_word' id='word_1_512' title='bbox 2712 2452 2803 2504; x_wconf 77' lang='grc' dir='ltr'>ἐπὶ</span> <span class='ocrx_word' id='word_1_513' title='bbox 2826 2451 2887 2503; x_wconf 83' lang='grc' dir='ltr'><strong>τὸ</strong></span> <span class='ocrx_word' id='word_1_514' title='bbox 2914 2450 3087 2521; x_wconf 86' lang='grc' dir='ltr'>πέρας</span> <span class='ocrx_word' id='word_1_515' title='bbox 3108 2450 3219 2503; x_wconf 80' lang='grc' dir='ltr'><strong>ἀνω</strong></span> <span class='ocrx_word' id='word_1_516' title='bbox 3236 2448 3330 2501; x_wconf 81' lang='grc' dir='ltr'><strong>τοῦ</strong></span> <span class='ocrx_word' id='word_1_517' title='bbox 3363 2447 3619 2519; x_wconf 78' lang='grc' dir='ltr'>οὐρανοῦ,</span> 
     </span>
    </p>
   </div>
   <div class='ocr_carea' id='block_1_68' title="bbox 2045 2538 3620 2613">
    <p class='ocr_par' dir='ltr' id='par_1_68' title="bbox 2045 2538 3620 2613">
     <span class='ocr_line' id='line_1_68' title="bbox 2045 2538 3620 2613; baseline -0.006 -14"><span class='ocrx_word' id='word_1_518' title='bbox 2045 2545 2140 2599; x_wconf 78' lang='grc' dir='ltr'>καὶ</span> <span class='ocrx_word' id='word_1_519' title='bbox 2178 2544 2515 2613; x_wconf 81' lang='grc' dir='ltr'>θεασάμενος</span> <span class='ocrx_word' id='word_1_520' title='bbox 2563 2542 2677 2611; x_wconf 84' lang='grc' dir='ltr'><strong>φῶς</strong></span> <span class='ocrx_word' id='word_1_521' title='bbox 2724 2543 2971 2610; x_wconf 83' lang='grc' dir='ltr'>κρεῖττον</span> <span class='ocrx_word' id='word_1_522' title='bbox 3026 2540 3166 2609; x_wconf 75' lang='grc' dir='ltr'>ὑπὲρ</span> <span class='ocrx_word' id='word_1_523' title='bbox 3211 2539 3240 2592; x_wconf 84' lang='grc' dir='ltr'><strong>δ</strong></span> <span class='ocrx_word' id='word_1_524' title='bbox 3287 2538 3449 2601; x_wconf 79' lang='grc' dir='ltr'>αὐτὸς</span> <span class='ocrx_word' id='word_1_525' title='bbox 3489 2538 3620 2607; x_wconf 77' lang='grc' dir='ltr'>ἐδη-</span> 
     </span>
    </p>
   </div>
   <div class='ocr_carea' id='block_1_69' title="bbox 2049 2630 3618 2707">
    <p class='ocr_par' dir='ltr' id='par_1_69' title="bbox 2049 2630 3618 2707">
     <span class='ocr_line' id='line_1_69' title="bbox 2049 2630 3618 2707; baseline -0.006 -18"><span class='ocrx_word' id='word_1_526' title='bbox 2049 2636 2377 2707; x_wconf 81' lang='grc' dir='ltr'>μιούργησεν</span> <span class='ocrx_word' id='word_1_527' title='bbox 2401 2630 2573 2687; x_wconf 79' lang='grc' dir='ltr'>εἶπεν·</span> <span class='ocrx_word' id='word_1_528' title='bbox 2591 2631 2895 2696; x_wconf 79' lang='grc' dir='ltr'>Ἀνοίξατέ</span> <span class='ocrx_word' id='word_1_529' title='bbox 2920 2649 3019 2700; x_wconf 83' lang='grc' dir='ltr'><strong>μοι</strong></span> <span class='ocrx_word' id='word_1_530' title='bbox 3039 2630 3085 2662; x_wconf 66' lang='grc'><strong>’⁵⁸</strong></span> <span class='ocrx_word' id='word_1_531' title='bbox 3108 2631 3326 2695; x_wconf 69' lang='grc' dir='ltr'>πύλας,</span> <span class='ocrx_word' id='word_1_532' title='bbox 3351 2631 3453 2681; x_wconf 81' lang='grc' dir='ltr'>ἵνα</span> <span class='ocrx_word' id='word_1_533' title='bbox 3483 2631 3618 2681; x_wconf 78' lang='grc' dir='ltr'>εἰσ-</span> 
     </span>
    </p>
   </div>
   <div class='ocr_carea' id='block_1_70' title="bbox 2046 2719 3627 2795">
    <p class='ocr_par' dir='ltr' id='par_1_70' title="bbox 2046 2719 3627 2795">
     <span class='ocr_line' id='line_1_70' title="bbox 2046 2719 3627 2795; baseline -0.006 -14"><span class='ocrx_word' id='word_1_534' title='bbox 2046 2728 2237 2782; x_wconf 77' lang='grc' dir='ltr'>ελθὼν</span> <span class='ocrx_word' id='word_1_535' title='bbox 2284 2723 2811 2795; x_wconf 75' lang='grc' dir='ltr'>ἐξομολογήσωμαι</span> <span class='ocrx_word' id='word_1_536' title='bbox 2842 2722 2937 2787; x_wconf 86' lang='grc' dir='ltr'><strong>τῷ⁹</strong></span> <span class='ocrx_word' id='word_1_537' title='bbox 2964 2720 3158 2788; x_wconf 82' lang='grc' dir='ltr'>Κυρίῳ</span> <span class='ocrx_word' id='word_1_538' title='bbox 3176 2737 3188 2750; x_wconf 93' lang='grc'><strong>·</strong></span> <span class='ocrx_word' id='word_1_539' title='bbox 3226 2719 3482 2774; x_wconf 76' lang='grc' dir='ltr'>ἐδόκουν</span> <span class='ocrx_word' id='word_1_540' title='bbox 3509 2720 3627 2786; x_wconf 75' lang='grc' dir='ltr'>γὰρ</span> 
     </span>
    </p>
   </div>
   <div class='ocr_carea' id='block_1_71' title="bbox 2044 2808 3625 2890">
    <p class='ocr_par' dir='ltr' id='par_1_71' title="bbox 2044 2808 3625 2890">
     <span class='ocr_line' id='line_1_71' title="bbox 2044 2808 3625 2890; baseline -0.009 -16"><span class='ocrx_word' id='word_1_541' title='bbox 2044 2818 2161 2890; x_wconf 71' lang='grc' dir='ltr'>ἐγὼ</span> <span class='ocrx_word' id='word_1_542' title='bbox 2194 2819 2405 2886; x_wconf 79' lang='grc' dir='ltr'>Κύριος</span> <span class='ocrx_word' id='word_1_543' title='bbox 2430 2812 2603 2870; x_wconf 77' lang='grc' dir='ltr'>εἶναι.</span> <span class='ocrx_word' id='word_1_544' title='bbox 2629 2813 2783 2884; x_wconf 80' lang='grc' dir='ltr'>Φωνὴ</span> <span class='ocrx_word' id='word_1_545' title='bbox 2816 2812 2965 2881; x_wconf 82' lang='grc' dir='ltr'>αὐτῷ</span> <span class='ocrx_word' id='word_1_546' title='bbox 3000 2810 3108 2864; x_wconf 69' lang='grc' dir='ltr'>ἀπὸ</span> <span class='ocrx_word' id='word_1_547' title='bbox 3133 2809 3227 2863; x_wconf 76' lang='grc' dir='ltr'>τοῦ</span> <span class='ocrx_word' id='word_1_548' title='bbox 3257 2809 3433 2877; x_wconf 72' lang='grc' dir='ltr'>φωτὸς</span> <span class='ocrx_word' id='word_1_549' title='bbox 3462 2808 3625 2877; x_wconf 78' lang='grc' dir='ltr'>ἐδόθη</span> 
     </span>
    </p>
   </div>
   <div class='ocr_carea' id='block_1_72' title="bbox 2050 2898 3624 2975">
    <p class='ocr_par' dir='ltr' id='par_1_72' title="bbox 2050 2898 3624 2975">
     <span class='ocr_line' id='line_1_72' title="bbox 2050 2898 3624 2975; baseline -0.007 -14"><span class='ocrx_word' id='word_1_550' title='bbox 2050 2908 2306 2975; x_wconf 85' lang='grc' dir='ltr'>λέγουσα·</span> <span class='ocrx_word' id='word_1_551' title='bbox 2330 2906 2489 2972; x_wconf 85' lang='grc' dir='ltr'>Αὕτη</span> <span class='ocrx_word' id='word_1_552' title='bbox 2519 2905 2557 2972; x_wconf 80' lang='grc' dir='ltr'>ἡ</span> <span class='ocrx_word' id='word_1_553' title='bbox 2585 2904 2747 2970; x_wconf 76' lang='grc' dir='ltr'>πύλη</span> <span class='ocrx_word' id='word_1_554' title='bbox 2772 2902 2879 2956; x_wconf 91' lang='grc' dir='ltr'>τοῦ</span> <span class='ocrx_word' id='word_1_555' title='bbox 2902 2901 3143 2968; x_wconf 81' lang='grc' dir='ltr'>Κυρίου,</span> <span class='ocrx_word' id='word_1_556' title='bbox 3168 2900 3385 2953; x_wconf 85' lang='grc' dir='ltr'>δίκαιοι</span> <span class='ocrx_word' id='word_1_557' title='bbox 3418 2898 3624 2966; x_wconf 77' lang='grc' dir='ltr'>εἰσέρο</span> 
     </span>
    </p>
   </div>
   <div class='ocr_carea' id='block_1_73' title="bbox 2047 2988 3625 3070">
    <p class='ocr_par' dir='ltr' id='par_1_73' title="bbox 2047 2988 3625 3070">
     <span class='ocr_line' id='line_1_73' title="bbox 2047 2988 3625 3070; baseline -0.008 -18"><span class='ocrx_word' id='word_1_558' title='bbox 2047 3015 2252 3070; x_wconf 81' lang='grc' dir='ltr'>χονται</span> <span class='ocrx_word' id='word_1_559' title='bbox 2281 2995 2355 3049; x_wconf 89' lang='grc' dir='ltr'>δι’</span> <span class='ocrx_word' id='word_1_560' title='bbox 2379 2994 2587 3064; x_wconf 84' lang='grc' dir='ltr'>αὐτῆς·</span> <span class='ocrx_word' id='word_1_561' title='bbox 2624 2994 2719 3047; x_wconf 74' lang='grc' dir='ltr'>καὶ</span> <span class='ocrx_word' id='word_1_562' title='bbox 2751 2991 2999 3062; x_wconf 82' lang='grc' dir='ltr'>ἀνεῴχθη</span> <span class='ocrx_word' id='word_1_563' title='bbox 3024 2990 3367 3061; x_wconf 78' lang='grc' dir='ltr'>παραχρῆμα</span> <span class='ocrx_word' id='word_1_564' title='bbox 3388 2991 3424 3059; x_wconf 76' lang='grc' dir='ltr'>ἡ</span> <span class='ocrx_word' id='word_1_565' title='bbox 3452 2988 3625 3059; x_wconf 69' lang='grc' dir='ltr'>πὸλη,</span> 
     </span>
    </p>
   </div>
   <div class='ocr_carea' id='block_1_74' title="bbox 2048 3080 3628 3157">
    <p class='ocr_par' dir='ltr' id='par_1_74' title="bbox 2048 3080 3628 3157">
     <span class='ocr_line' id='line_1_74' title="bbox 2048 3080 3628 3157; baseline -0.006 -16"><span class='ocrx_word' id='word_1_566' title='bbox 2048 3090 2141 3143; x_wconf 76' lang='grc' dir='ltr'><strong>καὶ</strong></span> <span class='ocrx_word' id='word_1_567' title='bbox 2174 3086 2420 3157; x_wconf 82' lang='grc' dir='ltr'>εἰσῆλθεν</span> <span class='ocrx_word' id='word_1_568' title='bbox 2455 3086 2485 3138; x_wconf 92' lang='lat'><strong>6</strong></span> <span class='ocrx_word' id='word_1_569' title='bbox 2530 3085 2711 3152; x_wconf 88' lang='grc' dir='ltr'>πατὴρ</span> <span class='ocrx_word' id='word_1_570' title='bbox 2742 3083 2865 3153; x_wconf 83' lang='grc' dir='ltr'>δίχα</span> <span class='ocrx_word' id='word_1_571' title='bbox 2897 3082 3004 3134; x_wconf 89' lang='grc' dir='ltr'><strong>τῶν</strong></span> <span class='ocrx_word' id='word_1_572' title='bbox 3056 3081 3304 3149; x_wconf 82' lang='grc' dir='ltr'>ἀγγέλων</span> <span class='ocrx_word' id='word_1_573' title='bbox 3348 3080 3488 3151; x_wconf 81' lang='grc' dir='ltr'>πρὸς</span> <span class='ocrx_word' id='word_1_574' title='bbox 3533 3080 3628 3132; x_wconf 75' lang='grc' dir='ltr'><strong>τὸν</strong></span> 
     </span>
    </p>
   </div>
   <div class='ocr_carea' id='block_1_75' title="bbox 2062 3167 3627 3247">
    <p class='ocr_par' dir='ltr' id='par_1_75' title="bbox 2062 3167 3627 3247">
     <span class='ocr_line' id='line_1_75' title="bbox 2062 3167 3627 3247; baseline -0.005 -15"><span class='ocrx_word' id='word_1_575' title='bbox 2062 3179 2287 3247; x_wconf 78' lang='grc' dir='ltr'>’Δγαθὸν</span> <span class='ocrx_word' id='word_1_576' title='bbox 2320 3177 2413 3230; x_wconf 73' lang='grc' dir='ltr'>καὶ</span> <span class='ocrx_word' id='word_1_577' title='bbox 2438 3172 2597 3240; x_wconf 76' lang='grc' dir='ltr'>εἶδεν,</span> <span class='ocrx_word' id='word_1_578' title='bbox 2626 3174 2665 3229; x_wconf 82' lang='grc' dir='ltr'><em>ἁ</em></span> <span class='ocrx_word' id='word_1_579' title='bbox 2694 3174 2997 3243; x_wconf 71' lang='grc' dir='ltr'><strong>ὀφθαλμὸς</strong></span> <span class='ocrx_word' id='word_1_580' title='bbox 3025 3174 3068 3205; x_wconf 66' lang='grc'>⁸⁵</span> <span class='ocrx_word' id='word_1_581' title='bbox 3090 3175 3199 3226; x_wconf 82' lang='grc' dir='ltr'>οὐκ</span> <span class='ocrx_word' id='word_1_582' title='bbox 3224 3169 3365 3234; x_wconf 80' lang='grc' dir='ltr'>εἶδε,</span> <span class='ocrx_word' id='word_1_583' title='bbox 3387 3170 3487 3225; x_wconf 79' lang='grc' dir='ltr'>καὶ</span> <span class='ocrx_word' id='word_1_584' title='bbox 3512 3167 3627 3236; x_wconf 79' lang='grc' dir='ltr'>οὖς</span> 
     </span>
    </p>
   </div>
   <div class='ocr_carea' id='block_1_76' title="bbox 2046 3260 3623 3337">
    <p class='ocr_par' dir='ltr' id='par_1_76' title="bbox 2046 3260 3623 3337">
     <span class='ocr_line' id='line_1_76' title="bbox 2046 3260 3623 3337; baseline -0.008 -14"><span class='ocrx_word' id='word_1_585' title='bbox 2046 3271 2156 3323; x_wconf 84' lang='grc' dir='ltr'>οὐκ</span> <span class='ocrx_word' id='word_1_586' title='bbox 2174 3267 2421 3337; x_wconf 73' lang='grc' dir='ltr'>ἤκουσε,</span> <span class='ocrx_word' id='word_1_587' title='bbox 2443 3264 2540 3318; x_wconf 79' lang='grc' dir='ltr'>καὶ</span> <span class='ocrx_word' id='word_1_588' title='bbox 2559 3265 2658 3319; x_wconf 81' lang='grc' dir='ltr'><strong>ἐπὶ</strong></span> <span class='ocrx_word' id='word_1_589' title='bbox 2680 3265 2933 3332; x_wconf 80' lang='grc' dir='ltr'>καρδίαν</span> <span class='ocrx_word' id='word_1_590' title='bbox 2952 3264 3262 3331; x_wconf 81' lang='grc' dir='ltr'>ἀνθρώπου</span> <span class='ocrx_word' id='word_1_591' title='bbox 3282 3266 3393 3315; x_wconf 77' lang='grc' dir='ltr'>οὐκ</span> <span class='ocrx_word' id='word_1_592' title='bbox 3413 3260 3623 3326; x_wconf 71' lang='grc' dir='ltr'>ἀνέθη.</span> 
     </span>
    </p>
   </div>
   <div class='ocr_carea' id='block_1_77' title="bbox 2058 3350 3628 3427">
    <p class='ocr_par' dir='ltr' id='par_1_77' title="bbox 2058 3350 3628 3427">
     <span class='ocr_line' id='line_1_77' title="bbox 2058 3350 3628 3427; baseline -0.004 -15"><span class='ocrx_word' id='word_1_593' title='bbox 2058 3359 2192 3412; x_wconf 85' lang='grc' dir='ltr'>Τότε</span> <span class='ocrx_word' id='word_1_594' title='bbox 2246 3358 2394 3426; x_wconf 81' lang='grc' dir='ltr'>λέγει</span> <span class='ocrx_word' id='word_1_595' title='bbox 2443 3356 2592 3427; x_wconf 80' lang='grc' dir='ltr'>αὐτῷ</span> <span class='ocrx_word' id='word_1_596' title='bbox 2640 3359 2669 3409; x_wconf 89' lang='lat'><strong>6</strong></span> <span class='ocrx_word' id='word_1_597' title='bbox 2729 3355 2985 3423; x_wconf 82' lang='grc' dir='ltr'>Ἀγαθός·</span> <span class='ocrx_word' id='word_1_598' title='bbox 3045 3354 3241 3410; x_wconf 80' lang='grc' dir='ltr'>Κάθου</span> <span class='ocrx_word' id='word_1_599' title='bbox 3292 3355 3363 3406; x_wconf 81' lang='grc' dir='ltr'>ἐκ</span> <span class='ocrx_word' id='word_1_600' title='bbox 3407 3350 3628 3416; x_wconf 79' lang='grc' dir='ltr'>δεξιῶν</span> 
     </span>
    </p>
   </div>
   <div class='ocr_carea' id='block_1_78' title="bbox 2041 3445 3628 3521">
    <p class='ocr_par' dir='ltr' id='par_1_78' title="bbox 2041 3445 3628 3521">
     <span class='ocr_line' id='line_1_78' title="bbox 2041 3445 3628 3521; baseline -0.006 -16"><span class='ocrx_word' id='word_1_601' title='bbox 2041 3468 2159 3521; x_wconf 80' lang='grc' dir='ltr'><strong>μου</strong></span> <span class='ocrx_word' id='word_1_602' title='bbox 2183 3450 2248 3505; x_wconf 69' lang='grc'>⁸⁸.</span> <span class='ocrx_word' id='word_1_603' title='bbox 2301 3451 2359 3502; x_wconf 87' lang='grc' dir='ltr'>Ὀ</span> <span class='ocrx_word' id='word_1_604' title='bbox 2390 3448 2447 3501; x_wconf 85' lang='grc' dir='ltr'>δὲ</span> <span class='ocrx_word' id='word_1_605' title='bbox 2477 3449 2661 3519; x_wconf 82' lang='grc' dir='ltr'>πατὴρ</span> <span class='ocrx_word' id='word_1_606' title='bbox 2696 3447 2845 3516; x_wconf 84' lang='grc' dir='ltr'>λέγει</span> <span class='ocrx_word' id='word_1_607' title='bbox 2882 3446 3018 3518; x_wconf 76' lang='grc' dir='ltr'>πρὸς</span> <span class='ocrx_word' id='word_1_608' title='bbox 3050 3446 3141 3499; x_wconf 80' lang='grc' dir='ltr'><strong>τὸν</strong></span> <span class='ocrx_word' id='word_1_609' title='bbox 3192 3445 3444 3513; x_wconf 84' lang='grc' dir='ltr'>Ἀγαθόν·</span> <span class='ocrx_word' id='word_1_610' title='bbox 3487 3445 3628 3496; x_wconf 82' lang='grc' dir='ltr'><strong>Ἔα-</strong></span> 
     </span>
    </p>
   </div>
   <div class='ocr_carea' id='block_1_79' title="bbox 2046 3535 3594 3610">
    <p class='ocr_par' dir='ltr' id='par_1_79' title="bbox 2046 3535 3594 3610">
     <span class='ocr_line' id='line_1_79' title="bbox 2046 3535 3594 3610; baseline -0.005 -16"><span class='ocrx_word' id='word_1_611' title='bbox 2046 3542 2163 3595; x_wconf 88' lang='grc' dir='ltr'><strong>σόν</strong></span> <span class='ocrx_word' id='word_1_612' title='bbox 2183 3558 2278 3609; x_wconf 80' lang='grc' dir='ltr'><strong>με,</strong></span> <span class='ocrx_word' id='word_1_613' title='bbox 2309 3540 2510 3610; x_wconf 79' lang='grc' dir='ltr'>Κύριε,</span> <span class='ocrx_word' id='word_1_614' title='bbox 2543 3537 2948 3606; x_wconf 71' lang='grc' dir='ltr'>καταστρέψαι</span> <span class='ocrx_word' id='word_1_615' title='bbox 2978 3537 3085 3590; x_wconf 85' lang='grc' dir='ltr'>τὸν</span> <span class='ocrx_word' id='word_1_616' title='bbox 3105 3538 3338 3605; x_wconf 80' lang='grc' dir='ltr'>κόσμον</span> <span class='ocrx_word' id='word_1_617' title='bbox 3359 3535 3405 3566; x_wconf 76' lang='grc'><strong>⁸⁷</strong></span> <span class='ocrx_word' id='word_1_618' title='bbox 3433 3580 3448 3601; x_wconf 84' lang='grc'><strong>,</strong></span> <span class='ocrx_word' id='word_1_619' title='bbox 3479 3535 3553 3587; x_wconf 83' lang='grc' dir='ltr'>ὃν</span> <span class='ocrx_word' id='word_1_620' title='bbox 3582 3538 3594 3605; x_wconf 92' lang='lat'>|</span> 
     </span>
    </p>
   </div>
   <div class='ocr_carea' id='block_1_80' title="bbox 2048 3625 3628 3699">
    <p class='ocr_par' dir='ltr' id='par_1_80' title="bbox 2048 3625 3628 3699">
     <span class='ocr_line' id='line_1_80' title="bbox 2048 3625 3628 3699; baseline -0.003 -14"><span class='ocrx_word' id='word_1_621' title='bbox 2048 3632 2363 3699; x_wconf 80' lang='grc' dir='ltr'>πεποίηκα·</span> <span class='ocrx_word' id='word_1_622' title='bbox 2394 3633 2461 3683; x_wconf 87' lang='grc' dir='ltr'>τὸ</span> <span class='ocrx_word' id='word_1_623' title='bbox 2488 3630 2721 3699; x_wconf 77' lang='grc' dir='ltr'>πνεῦμα</span> <span class='ocrx_word' id='word_1_624' title='bbox 2751 3629 2861 3699; x_wconf 80' lang='grc' dir='ltr'>γάρ</span> <span class='ocrx_word' id='word_1_625' title='bbox 2886 3646 3005 3697; x_wconf 88' lang='grc' dir='ltr'><strong>μου</strong></span> <span class='ocrx_word' id='word_1_626' title='bbox 3029 3626 3330 3680; x_wconf 77' lang='grc' dir='ltr'>ἐνδέδεται</span> <span class='ocrx_word' id='word_1_627' title='bbox 3358 3628 3447 3689; x_wconf 80' lang='grc' dir='ltr'><strong>είς</strong></span> <span class='ocrx_word' id='word_1_628' title='bbox 3482 3625 3628 3689; x_wconf 84' lang='grc' dir='ltr'>τοὺς</span> 
     </span>
    </p>
   </div>
   <div class='ocr_carea' id='block_1_81' title="bbox 2048 3716 3608 3791">
    <p class='ocr_par' dir='ltr' id='par_1_81' title="bbox 2048 3716 3608 3791">
     <span class='ocr_line' id='line_1_81' title="bbox 2048 3716 3608 3791; baseline -0.004 -14"><span class='ocrx_word' id='word_1_629' title='bbox 2048 3724 2397 3791; x_wconf 77' lang='grc' dir='ltr'>ἀνθρώπους</span> <span class='ocrx_word' id='word_1_630' title='bbox 2418 3722 2484 3785; x_wconf 68' lang='grc'>⁸⁸,</span> <span class='ocrx_word' id='word_1_631' title='bbox 2514 3721 2613 3775; x_wconf 77' lang='grc' dir='ltr'>καὶ</span> <span class='ocrx_word' id='word_1_632' title='bbox 2638 3720 2789 3775; x_wconf 70' lang='grc' dir='ltr'>θέλω</span> <span class='ocrx_word' id='word_1_633' title='bbox 2821 3720 2965 3774; x_wconf 85' lang='grc' dir='ltr'>αὐτὸ</span> <span class='ocrx_word' id='word_1_634' title='bbox 2992 3717 3339 3774; x_wconf 77' lang='grc' dir='ltr'>ἀπολαϐεῖν.</span> <span class='ocrx_word' id='word_1_635' title='bbox 3379 3718 3517 3771; x_wconf 83' lang='grc' dir='ltr'>Τότε</span> <span class='ocrx_word' id='word_1_636' title='bbox 3547 3716 3608 3770; x_wconf 77' lang='grc' dir='ltr'><strong>λέ</strong></span> 
     </span>
    </p>
   </div>
   <div class='ocr_carea' id='block_1_82' title="bbox 2050 3807 3627 3885">
    <p class='ocr_par' dir='ltr' id='par_1_82' title="bbox 2050 3807 3627 3885">
     <span class='ocr_line' id='line_1_82' title="bbox 2050 3807 3627 3885; baseline -0.003 -16"><span class='ocrx_word' id='word_1_637' title='bbox 2050 3832 2137 3885; x_wconf 86' lang='grc' dir='ltr'><strong>γει</strong></span> <span class='ocrx_word' id='word_1_638' title='bbox 2169 3815 2317 3885; x_wconf 80' lang='grc' dir='ltr'>αὐτῷ</span> <span class='ocrx_word' id='word_1_639' title='bbox 2348 3816 2377 3867; x_wconf 91' lang='lat'><strong>6</strong></span> <span class='ocrx_word' id='word_1_640' title='bbox 2426 3814 2682 3883; x_wconf 83' lang='grc' dir='ltr'>Ἀγαθός·</span> <span class='ocrx_word' id='word_1_641' title='bbox 2724 3813 2915 3867; x_wconf 80' lang='grc' dir='ltr'>Οὐδὲν</span> <span class='ocrx_word' id='word_1_642' title='bbox 2953 3812 3211 3866; x_wconf 87' lang='grc' dir='ltr'>δύνασαι</span> <span class='ocrx_word' id='word_1_643' title='bbox 3242 3810 3322 3881; x_wconf 65' lang='grc' dir='ltr'>ξι).</span> <span class='ocrx_word' id='word_1_644' title='bbox 3362 3807 3627 3881; x_wconf 67' lang='lat'><strong>154-1551</strong></span> 
     </span>
    </p>
   </div>
   <div class='ocr_carea' id='block_1_83' title="bbox 2050 3901 3627 3975">
    <p class='ocr_par' dir='ltr' id='par_1_83' title="bbox 2050 3901 3627 3975">
     <span class='ocr_line' id='line_1_83' title="bbox 2050 3901 3627 3975; baseline -0.004 -13"><span class='ocrx_word' id='word_1_645' title='bbox 2050 3906 2450 3975; x_wconf 76' lang='grc' dir='ltr'>κακοποιῆσαι</span> <span class='ocrx_word' id='word_1_646' title='bbox 2482 3907 2617 3973; x_wconf 80' lang='grc' dir='ltr'>παρ’</span> <span class='ocrx_word' id='word_1_647' title='bbox 2642 3906 2769 3975; x_wconf 83' lang='grc' dir='ltr'>ἐμοὶ</span> <span class='ocrx_word' id='word_1_648' title='bbox 2813 3904 3150 3973; x_wconf 75' lang='grc' dir='ltr'>γενόμενος,</span> <span class='ocrx_word' id='word_1_649' title='bbox 3177 3903 3245 3955; x_wconf 74' lang='grc' dir='ltr'>ἐκ</span> <span class='ocrx_word' id='word_1_650' title='bbox 3273 3901 3492 3969; x_wconf 81' lang='grc' dir='ltr'>κοινῆς</span> <span class='ocrx_word' id='word_1_651' title='bbox 3517 3906 3627 3971; x_wconf 78' lang='grc' dir='ltr'>γὰρ</span> 
     </span>
    </p>
   </div>
   <div class='ocr_carea' id='block_1_84' title="bbox 2050 3991 3626 4068">
    <p class='ocr_par' dir='ltr' id='par_1_84' title="bbox 2050 3991 3626 4068">
     <span class='ocr_line' id='line_1_84' title="bbox 2050 3991 3626 4068; baseline -0.006 -14"><span class='ocrx_word' id='word_1_652' title='bbox 2050 3998 2498 4068; x_wconf 76' lang='grc' dir='ltr'>εὐαρεστήσεως</span> <span class='ocrx_word' id='word_1_653' title='bbox 2536 3995 2863 4064; x_wconf 82' lang='grc' dir='ltr'>ἐποιήσατε</span> <span class='ocrx_word' id='word_1_654' title='bbox 2898 3995 3005 4048; x_wconf 84' lang='grc' dir='ltr'>τὸν</span> <span class='ocrx_word' id='word_1_655' title='bbox 3037 3994 3267 4061; x_wconf 84' lang='grc' dir='ltr'>κόσμον</span> <span class='ocrx_word' id='word_1_656' title='bbox 3306 3994 3388 4045; x_wconf 84' lang='grc' dir='ltr'>σύ</span> <span class='ocrx_word' id='word_1_657' title='bbox 3424 4008 3489 4045; x_wconf 83' lang='grc' dir='ltr'><strong>τε</strong></span> <span class='ocrx_word' id='word_1_658' title='bbox 3526 3991 3626 4044; x_wconf 80' lang='grc' dir='ltr'><strong>καί</strong></span> 
     </span>
    </p>
   </div>
   <div class='ocr_carea' id='block_1_85' title="bbox 2050 4082 3630 4160">
    <p class='ocr_par' dir='ltr' id='par_1_85' title="bbox 2050 4082 3630 4160">
     <span class='ocr_line' id='line_1_85' title="bbox 2050 4082 3630 4160; baseline -0.007 -15"><span class='ocrx_word' id='word_1_659' title='bbox 2050 4093 2090 4160; x_wconf 76' lang='grc' dir='ltr'>ἡ</span> <span class='ocrx_word' id='word_1_660' title='bbox 2127 4090 2319 4159; x_wconf 83' lang='grc' dir='ltr'>Ἐδέμ.</span> <span class='ocrx_word' id='word_1_661' title='bbox 2351 4091 2580 4143; x_wconf 87' lang='grc' dir='ltr'>Ἔασον</span> <span class='ocrx_word' id='word_1_662' title='bbox 2609 4082 2722 4142; x_wconf 86' lang='grc' dir='ltr'>οὖν</span> <span class='ocrx_word' id='word_1_663' title='bbox 2749 4085 2861 4153; x_wconf 79' lang='grc' dir='ltr'><strong>τὴν</strong></span> <span class='ocrx_word' id='word_1_664' title='bbox 2897 4084 3072 4153; x_wconf 84' lang='grc' dir='ltr'>Ἐδὲμ</span> <span class='ocrx_word' id='word_1_665' title='bbox 3098 4086 3260 4151; x_wconf 80' lang='grc' dir='ltr'>ἐχειν</span> <span class='ocrx_word' id='word_1_666' title='bbox 3286 4082 3406 4150; x_wconf 79' lang='grc' dir='ltr'>τὴν</span> <span class='ocrx_word' id='word_1_667' title='bbox 3428 4084 3630 4136; x_wconf 81' lang='grc' dir='ltr'>κτίσιν</span> 
     </span>
    </p>
   </div>
   <div class='ocr_carea' id='block_1_86' title="bbox 385 4171 1943 4251">
    <p class='ocr_par' dir='ltr' id='par_1_86' title="bbox 385 4171 1943 4243">
     <span class='ocr_line' id='line_1_86' title="bbox 385 4171 1943 4243; baseline 0.003 -19"><span class='ocrx_word' id='word_1_668' title='bbox 385 4171 591 4240; x_wconf 85' lang='lat' dir='ltr'><strong>quiest</strong></span> <span class='ocrx_word' id='word_1_669' title='bbox 636 4172 690 4225; x_wconf 90' lang='lat' dir='ltr'><strong>in</strong></span> <span class='ocrx_word' id='word_1_670' title='bbox 721 4171 1067 4236; x_wconf 86' lang='lat' dir='ltr'><strong>hominibus,</strong></span> <span class='ocrx_word' id='word_1_671' title='bbox 1110 4172 1354 4227; x_wconf 75' lang='lat' dir='ltr'><strong>divortiis</strong></span> <span class='ocrx_word' id='word_1_672' title='bbox 1402 4173 1663 4243; x_wconf 75' lang='lat' dir='ltr'><strong>ejusmodi</strong></span> <span class='ocrx_word' id='word_1_673' title='bbox 1727 4186 1943 4230; x_wconf 80' lang='lat' dir='ltr'><strong>vexetur</strong></span> 
     </span>
    </p>
   </div>
   <div class='ocr_carea' id='block_1_87' title="bbox 2047 4171 3630 4251">
    <p class='ocr_par' dir='ltr' id='par_1_87' title="bbox 2047 4172 3630 4251">
     <span class='ocr_line' id='line_1_87' title="bbox 2047 4172 3630 4251; baseline -0.007 -17"><span class='ocrx_word' id='word_1_674' title='bbox 2047 4182 2257 4251; x_wconf 75' lang='grc' dir='ltr'>μέχρις</span> <span class='ocrx_word' id='word_1_675' title='bbox 2285 4176 2357 4235; x_wconf 89' lang='grc' dir='ltr'>οὗ</span> <span class='ocrx_word' id='word_1_676' title='bbox 2381 4179 2425 4211; x_wconf 71' lang='grc'>⁸³</span> <span class='ocrx_word' id='word_1_677' title='bbox 2452 4179 2758 4243; x_wconf 72' lang='grc' dir='ltr'>βούλεται·</span> <span class='ocrx_word' id='word_1_678' title='bbox 2788 4175 2868 4229; x_wconf 88' lang='grc' dir='ltr'>σὺ</span> <span class='ocrx_word' id='word_1_679' title='bbox 2893 4176 2959 4227; x_wconf 81' lang='grc' dir='ltr'>δὲ</span> <span class='ocrx_word' id='word_1_680' title='bbox 2984 4173 3128 4243; x_wconf 77' lang='grc' dir='ltr'>μένε</span> <span class='ocrx_word' id='word_1_681' title='bbox 3158 4173 3293 4240; x_wconf 79' lang='grc' dir='ltr'>παρ’</span> <span class='ocrx_word' id='word_1_682' title='bbox 3313 4173 3470 4241; x_wconf 85' lang='grc' dir='ltr'>ἐμοί.</span> <span class='ocrx_word' id='word_1_683' title='bbox 3496 4172 3630 4224; x_wconf 79' lang='grc' dir='ltr'>Τότε</span> 
     </span>
    </p>
   </div>
   <div class='ocr_carea' id='block_1_88' title="bbox 386 4261 1943 4342">
    <p class='ocr_par' dir='ltr' id='par_1_88' title="bbox 386 4261 1943 4331">
     <span class='ocr_line' id='line_1_88' title="bbox 386 4261 1943 4331; baseline 0.005 -19"><span class='ocrx_word' id='word_1_684' title='bbox 386 4269 551 4327; x_wconf 85' lang='lat' dir='ltr'><strong>atque</strong></span> <span class='ocrx_word' id='word_1_685' title='bbox 602 4267 831 4328; x_wconf 78' lang='lat' dir='ltr'><strong>angatur</strong></span> <span class='ocrx_word' id='word_1_686' title='bbox 883 4265 938 4314; x_wconf 86' lang='lat' dir='ltr'><strong>et</strong></span> <span class='ocrx_word' id='word_1_687' title='bbox 985 4261 1219 4328; x_wconf 86' lang='lat' dir='ltr'><strong>patiatur</strong></span> <span class='ocrx_word' id='word_1_688' title='bbox 1256 4263 1464 4326; x_wconf 90' lang='lat' dir='ltr'><strong>eadem,</strong></span> <span class='ocrx_word' id='word_1_689' title='bbox 1494 4264 1671 4331; x_wconf 85' lang='lat' dir='ltr'><strong>qualia</strong></span> <span class='ocrx_word' id='word_1_690' title='bbox 1700 4272 1754 4318; x_wconf 88' lang='lat' dir='ltr'><strong>et</strong></span> <span class='ocrx_word' id='word_1_691' title='bbox 1785 4265 1943 4319; x_wconf 88' lang='lat' dir='ltr'><strong>Edem</strong></span> 
     </span>
    </p>
   </div>
   <div class='ocr_carea' id='block_1_89' title="bbox 2047 4261 3628 4342">
    <p class='ocr_par' dir='ltr' id='par_1_89' title="bbox 2052 4264 3628 4342">
     <span class='ocr_line' id='line_1_89' title="bbox 2052 4264 3628 4342; baseline -0.008 -16"><span class='ocrx_word' id='word_1_692' title='bbox 2052 4275 2253 4342; x_wconf 76' lang='grc' dir='ltr'>γνοῦσα</span> <span class='ocrx_word' id='word_1_693' title='bbox 2280 4274 2312 4341; x_wconf 79' lang='grc' dir='ltr'>ἡ</span> <span class='ocrx_word' id='word_1_694' title='bbox 2358 4271 2519 4340; x_wconf 78' lang='grc' dir='ltr'>Ἐδὲμ</span> <span class='ocrx_word' id='word_1_695' title='bbox 2542 4270 2624 4322; x_wconf 84' lang='grc' dir='ltr'>ὅτι</span> <span class='ocrx_word' id='word_1_696' title='bbox 2659 4268 3072 4321; x_wconf 80' lang='grc' dir='ltr'>καταλέλειπται</span> <span class='ocrx_word' id='word_1_697' title='bbox 3103 4267 3206 4319; x_wconf 84' lang='grc' dir='ltr'><strong>ὑπὸ</strong></span> <span class='ocrx_word' id='word_1_698' title='bbox 3230 4264 3326 4317; x_wconf 76' lang='grc' dir='ltr'>τοῦ</span> <span class='ocrx_word' id='word_1_699' title='bbox 3368 4264 3628 4334; x_wconf 72' lang='grc' dir='ltr'>Ἐλωεὶμ,</span> 
     </span>
    </p>
   </div>
   <div class='ocr_carea' id='block_1_90' title="bbox 389 4349 1943 4433">
    <p class='ocr_par' dir='ltr' id='par_1_90' title="bbox 389 4349 1943 4423">
     <span class='ocr_line' id='line_1_90' title="bbox 389 4349 1943 4423; baseline 0.005 -21"><span class='ocrx_word' id='word_1_700' title='bbox 389 4349 665 4403; x_wconf 80' lang='lat' dir='ltr'><strong>derelicta.</strong></span> <span class='ocrx_word' id='word_1_701' title='bbox 696 4349 759 4402; x_wconf 87' lang='lat' dir='ltr'><strong>Et</strong></span> <span class='ocrx_word' id='word_1_702' title='bbox 788 4352 1010 4419; x_wconf 78' lang='lat' dir='ltr'><strong>largitur</strong></span> <span class='ocrx_word' id='word_1_703' title='bbox 1040 4352 1202 4405; x_wconf 87' lang='lat' dir='ltr'><strong>Edem</strong></span> <span class='ocrx_word' id='word_1_704' title='bbox 1237 4370 1482 4422; x_wconf 84' lang='lat' dir='ltr'><strong>magnam</strong></span> <span class='ocrx_word' id='word_1_705' title='bbox 1516 4358 1807 4423; x_wconf 87' lang='lat' dir='ltr'><strong>potentiam</strong></span> <span class='ocrx_word' id='word_1_706' title='bbox 1843 4368 1943 4409; x_wconf 90' lang='lat' dir='ltr'><strong>ter-</strong></span> 
     </span>
    </p>
   </div>
   <div class='ocr_carea' id='block_1_91' title="bbox 2047 4349 3627 4433">
    <p class='ocr_par' dir='ltr' id='par_1_91' title="bbox 2054 4354 3627 4433">
     <span class='ocr_line' id='line_1_91' title="bbox 2054 4354 3627 4433; baseline -0.004 -18"><span class='ocrx_word' id='word_1_707' title='bbox 2054 4362 2360 4433; x_wconf 86' lang='grc' dir='ltr'>λυπηθεῖσα</span> <span class='ocrx_word' id='word_1_708' title='bbox 2397 4360 2740 4431; x_wconf 77' lang='grc' dir='ltr'>παρέστησεν</span> <span class='ocrx_word' id='word_1_709' title='bbox 2787 4358 2920 4428; x_wconf 78' lang='grc' dir='ltr'>αὐτῇ</span> <span class='ocrx_word' id='word_1_710' title='bbox 2968 4358 3094 4420; x_wconf 78' lang='grc' dir='ltr'>τοὺς</span> <span class='ocrx_word' id='word_1_711' title='bbox 3147 4355 3308 4415; x_wconf 81' lang='grc' dir='ltr'>ἰδίους</span> <span class='ocrx_word' id='word_1_712' title='bbox 3362 4354 3627 4422; x_wconf 77' lang='grc' dir='ltr'>ἀγγέλους</span> 
     </span>
    </p>
   </div>
   <div class='ocr_carea' id='block_1_92' title="bbox 392 4438 1943 4523">
    <p class='ocr_par' dir='ltr' id='par_1_92' title="bbox 392 4438 1943 4517">
     <span class='ocr_line' id='line_1_92' title="bbox 392 4438 1943 4517; baseline 0.009 -27"><span class='ocrx_word' id='word_1_713' title='bbox 392 4438 468 4490; x_wconf 89' lang='lat' dir='ltr'><strong>tio</strong></span> <span class='ocrx_word' id='word_1_714' title='bbox 496 4438 685 4505; x_wconf 73' lang='lat' dir='ltr'><strong>angelo</strong></span> <span class='ocrx_word' id='word_1_715' title='bbox 710 4455 808 4494; x_wconf 89' lang='lat' dir='ltr'><strong>suo</strong></span> <span class='ocrx_word' id='word_1_716' title='bbox 841 4439 1003 4505; x_wconf 86' lang='lat' dir='ltr'><strong>Naas,</strong></span> <span class='ocrx_word' id='word_1_717' title='bbox 1043 4449 1101 4495; x_wconf 91' lang='lat' dir='ltr'><strong>ut</strong></span> <span class='ocrx_word' id='word_1_718' title='bbox 1138 4444 1393 4499; x_wconf 87' lang='lat' dir='ltr'><strong>omnibus</strong></span> <span class='ocrx_word' id='word_1_719' title='bbox 1434 4446 1605 4513; x_wconf 68' lang='lat' dir='ltr'><strong>pinnis</strong></span> <span class='ocrx_word' id='word_1_720' title='bbox 1632 4450 1816 4514; x_wconf 88' lang='lat' dir='ltr'><strong>puniat</strong></span> <span class='ocrx_word' id='word_1_721' title='bbox 1843 4452 1943 4517; x_wconf 91' lang='lat' dir='ltr'><strong>spi-</strong></span> 
     </span>
    </p>
   </div>
   <div class='ocr_carea' id='block_1_93' title="bbox 2047 4438 3627 4523">
    <p class='ocr_par' dir='ltr' id='par_1_93' title="bbox 2059 4445 3627 4523">
     <span class='ocr_line' id='line_1_93' title="bbox 2059 4445 3627 4523; baseline -0.006 -17"><span class='ocrx_word' id='word_1_722' title='bbox 2059 4455 2151 4507; x_wconf 78' lang='grc' dir='ltr'><strong>καὶ</strong></span> <span class='ocrx_word' id='word_1_723' title='bbox 2186 4452 2474 4523; x_wconf 78' lang='grc' dir='ltr'>εὐπρεπῶς</span> <span class='ocrx_word' id='word_1_724' title='bbox 2503 4451 2806 4519; x_wconf 80' lang='grc' dir='ltr'>ἐκόσμησεν</span> <span class='ocrx_word' id='word_1_725' title='bbox 2838 4447 3057 4517; x_wconf 78' lang='grc' dir='ltr'>ἑαυτὴν,</span> <span class='ocrx_word' id='word_1_726' title='bbox 3091 4445 3144 4499; x_wconf 85' lang='grc' dir='ltr'><strong>εί</strong></span> <span class='ocrx_word' id='word_1_727' title='bbox 3171 4462 3288 4507; x_wconf 83' lang='grc' dir='ltr'><strong>πως</strong></span> <span class='ocrx_word' id='word_1_728' title='bbox 3321 4446 3403 4505; x_wconf 83' lang='grc' dir='ltr'><strong>εἰς</strong></span> <span class='ocrx_word' id='word_1_729' title='bbox 3439 4445 3627 4496; x_wconf 80' lang='grc' dir='ltr'>ἐπιθυ-</span> 
     </span>
    </p>
   </div>
   <div class='ocr_carea' id='block_1_94' title="bbox 389 4524 1943 4614">
    <p class='ocr_par' dir='ltr' id='par_1_94' title="bbox 389 4524 1943 4606">
     <span class='ocr_line' id='line_1_94' title="bbox 389 4524 1943 4606; baseline 0.009 -28"><span class='ocrx_word' id='word_1_730' title='bbox 389 4524 551 4579; x_wconf 88' lang='lat' dir='ltr'><strong>ritum</strong></span> <span class='ocrx_word' id='word_1_731' title='bbox 572 4525 808 4594; x_wconf 89' lang='lat' dir='ltr'><strong>Elohim,</strong></span> <span class='ocrx_word' id='word_1_732' title='bbox 846 4528 937 4597; x_wconf 92' lang='lat' dir='ltr'><strong>qui</strong></span> <span class='ocrx_word' id='word_1_733' title='bbox 958 4538 1041 4584; x_wconf 89' lang='lat' dir='ltr'><strong>est</strong></span> <span class='ocrx_word' id='word_1_734' title='bbox 1062 4531 1112 4584; x_wconf 92' lang='lat' dir='ltr'><strong>in</strong></span> <span class='ocrx_word' id='word_1_735' title='bbox 1142 4531 1470 4599; x_wconf 88' lang='lat' dir='ltr'><strong>hominibus,</strong></span> <span class='ocrx_word' id='word_1_736' title='bbox 1502 4546 1557 4588; x_wconf 91' lang='lat' dir='ltr'><strong>ut</strong></span> <span class='ocrx_word' id='word_1_737' title='bbox 1591 4551 1685 4604; x_wconf 88' lang='lat' dir='ltr'><strong>per</strong></span> <span class='ocrx_word' id='word_1_738' title='bbox 1705 4538 1943 4606; x_wconf 87' lang='lat' dir='ltr'><strong>spiritum</strong></span> 
     </span>
    </p>
   </div>
   <div class='ocr_carea' id='block_1_95' title="bbox 2047 4524 3627 4614">
    <p class='ocr_par' dir='ltr' id='par_1_95' title="bbox 2064 4536 3627 4614">
     <span class='ocr_line' id='line_1_95' title="bbox 2064 4536 3627 4614; baseline -0.006 -18"><span class='ocrx_word' id='word_1_739' title='bbox 2064 4544 2192 4614; x_wconf 91' lang='grc' dir='ltr'>μίαν</span> <span class='ocrx_word' id='word_1_740' title='bbox 2222 4542 2389 4595; x_wconf 74' lang='grc' dir='ltr'>ἐλθὼν</span> <span class='ocrx_word' id='word_1_741' title='bbox 2419 4545 2447 4595; x_wconf 93' lang='lat'><strong>6</strong></span> <span class='ocrx_word' id='word_1_742' title='bbox 2488 4541 2722 4609; x_wconf 79' lang='grc' dir='ltr'>Ἐλωεὶμ</span> <span class='ocrx_word' id='word_1_743' title='bbox 2772 4538 3006 4609; x_wconf 79' lang='grc' dir='ltr'>κατέλθῃ</span> <span class='ocrx_word' id='word_1_744' title='bbox 3051 4537 3184 4608; x_wconf 83' lang='grc' dir='ltr'>πρὸς</span> <span class='ocrx_word' id='word_1_745' title='bbox 3212 4538 3404 4605; x_wconf 76' lang='grc' dir='ltr'>αὑτήν.</span> <span class='ocrx_word' id='word_1_746' title='bbox 3448 4537 3539 4599; x_wconf 78' lang='grc' dir='ltr'>Ὠς</span> <span class='ocrx_word' id='word_1_747' title='bbox 3575 4536 3627 4587; x_wconf 72' lang='grc' dir='ltr'>δὲ</span> 
     </span>
    </p>
   </div>
   <div class='ocr_carea' id='block_1_96' title="bbox 390 4616 1943 4704">
    <p class='ocr_par' dir='ltr' id='par_1_96' title="bbox 390 4616 1943 4694">
     <span class='ocr_line' id='line_1_96' title="bbox 390 4616 1943 4694; baseline 0.009 -26"><span class='ocrx_word' id='word_1_748' title='bbox 390 4616 643 4683; x_wconf 88' lang='lat' dir='ltr'><strong>puniatur</strong></span> <span class='ocrx_word' id='word_1_749' title='bbox 674 4617 905 4682; x_wconf 82' lang='lat' dir='ltr'><strong>Eloltitn,</strong></span> <span class='ocrx_word' id='word_1_750' title='bbox 943 4620 1034 4688; x_wconf 91' lang='lat' dir='ltr'><strong>qui</strong></span> <span class='ocrx_word' id='word_1_751' title='bbox 1064 4621 1303 4675; x_wconf 89' lang='lat' dir='ltr'><strong>deseruit</strong></span> <span class='ocrx_word' id='word_1_752' title='bbox 1328 4634 1513 4677; x_wconf 85' lang='lat' dir='ltr'><strong>contra</strong></span> <span class='ocrx_word' id='word_1_753' title='bbox 1542 4628 1818 4694; x_wconf 82' lang='lat' dir='ltr'><strong>pactiones</strong></span> <span class='ocrx_word' id='word_1_754' title='bbox 1869 4629 1943 4681; x_wconf 89' lang='lat' dir='ltr'><strong>in-</strong></span> 
     </span>
    </p>
   </div>
   <div class='ocr_carea' id='block_1_97' title="bbox 2047 4616 3628 4704">
    <p class='ocr_par' dir='ltr' id='par_1_97' title="bbox 2057 4628 3628 4704">
     <span class='ocr_line' id='line_1_97' title="bbox 2057 4628 3628 4704; baseline -0.006 -16"><span class='ocrx_word' id='word_1_755' title='bbox 2057 4634 2348 4704; x_wconf 77' lang='grc' dir='ltr'>κρατηθεὶς</span> <span class='ocrx_word' id='word_1_756' title='bbox 2390 4632 2467 4701; x_wconf 81' lang='grc' dir='ltr'>τῷ</span> <span class='ocrx_word' id='word_1_757' title='bbox 2508 4630 2697 4701; x_wconf 86' lang='grc' dir='ltr'>ἀγαθῷ</span> <span class='ocrx_word' id='word_1_758' title='bbox 2738 4633 2765 4684; x_wconf 90' lang='grc' dir='ltr'>ὁ</span> <span class='ocrx_word' id='word_1_759' title='bbox 2818 4630 3052 4698; x_wconf 77' lang='grc' dir='ltr'>Ἐλωεὶμ</span> <span class='ocrx_word' id='word_1_760' title='bbox 3082 4628 3263 4681; x_wconf 86' lang='grc' dir='ltr'>οὐκέτι</span> <span class='ocrx_word' id='word_1_761' title='bbox 3289 4628 3338 4657; x_wconf 74' lang='grc' dir='ltr'><strong>⁸ο</strong></span> <span class='ocrx_word' id='word_1_762' title='bbox 3392 4628 3628 4695; x_wconf 76' lang='grc' dir='ltr'>κατῆλθε</span> 
     </span>
    </p>
   </div>
   <div class='ocr_carea' id='block_1_98' title="bbox 391 4706 1943 4794">
    <p class='ocr_par' dir='ltr' id='par_1_98' title="bbox 391 4706 1943 4785">
     <span class='ocr_line' id='line_1_98' title="bbox 391 4706 1943 4785; baseline 0.01 -28"><span class='ocrx_word' id='word_1_763' title='bbox 391 4714 474 4759; x_wconf 87' lang='lat' dir='ltr'><strong>ter</strong></span> <span class='ocrx_word' id='word_1_764' title='bbox 502 4721 595 4761; x_wconf 90' lang='lat' dir='ltr'><strong>eos</strong></span> <span class='ocrx_word' id='word_1_765' title='bbox 626 4706 797 4763; x_wconf 86' lang='lat' dir='ltr'><strong>factas</strong></span> <span class='ocrx_word' id='word_1_766' title='bbox 831 4711 1133 4781; x_wconf 83' lang='lat' dir='ltr'><strong>conjugem.</strong></span> <span class='ocrx_word' id='word_1_767' title='bbox 1169 4710 1293 4766; x_wconf 66' lang='lat' dir='ltr'><strong>Haec</strong></span> <span class='ocrx_word' id='word_1_768' title='bbox 1324 4730 1444 4767; x_wconf 91' lang='lat' dir='ltr'><strong>cum</strong></span> <span class='ocrx_word' id='word_1_769' title='bbox 1490 4717 1619 4770; x_wconf 85' lang='lat' dir='ltr'><strong>vidit</strong></span> <span class='ocrx_word' id='word_1_770' title='bbox 1650 4729 1801 4785; x_wconf 88' lang='lat' dir='ltr'><strong>pater</strong></span> <span class='ocrx_word' id='word_1_771' title='bbox 1834 4720 1943 4774; x_wconf 85' lang='lat' dir='ltr'><strong>Elo-</strong></span> 
     </span>
    </p>
   </div>
   <div class='ocr_carea' id='block_1_99' title="bbox 2047 4706 3627 4794">
    <p class='ocr_par' dir='ltr' id='par_1_99' title="bbox 2056 4716 3627 4794">
     <span class='ocr_line' id='line_1_99' title="bbox 2056 4716 3627 4794; baseline -0.005 -17"><span class='ocrx_word' id='word_1_772' title='bbox 2056 4726 2191 4794; x_wconf 85' lang='grc' dir='ltr'>πρὸς</span> <span class='ocrx_word' id='word_1_773' title='bbox 2218 4723 2313 4794; x_wconf 78' lang='grc' dir='ltr'><strong>τὴν</strong></span> <span class='ocrx_word' id='word_1_774' title='bbox 2352 4724 2538 4790; x_wconf 83' lang='grc' dir='ltr'>Ἐδὲμ,</span> <span class='ocrx_word' id='word_1_775' title='bbox 2566 4720 2895 4792; x_wconf 85' lang='grc' dir='ltr'>προσέταξεν</span> <span class='ocrx_word' id='word_1_776' title='bbox 2922 4721 2955 4789; x_wconf 83' lang='grc' dir='ltr'><strong>ή</strong></span> <span class='ocrx_word' id='word_1_777' title='bbox 2998 4717 3158 4786; x_wconf 84' lang='grc' dir='ltr'>Ἐδὲμ</span> <span class='ocrx_word' id='word_1_778' title='bbox 3185 4720 3254 4786; x_wconf 76' lang='grc' dir='ltr'>τῇ</span> <span class='ocrx_word' id='word_1_779' title='bbox 3280 4716 3488 4777; x_wconf 79' lang='grc' dir='ltr'>Βάϐελ,</span> <span class='ocrx_word' id='word_1_780' title='bbox 3514 4719 3627 4785; x_wconf 75' lang='grc' dir='ltr'>ἥτις</span> 
     </span>
    </p>
   </div>
   <div class='ocr_carea' id='block_1_100' title="bbox 392 4796 1943 4883">
    <p class='ocr_par' dir='ltr' id='par_1_100' title="bbox 392 4796 1943 4875">
     <span class='ocr_line' id='line_1_100' title="bbox 392 4796 1943 4875; baseline 0.008 -24"><span class='ocrx_word' id='word_1_781' title='bbox 392 4796 522 4861; x_wconf 81' lang='lat' dir='ltr'><strong>him,</strong></span> <span class='ocrx_word' id='word_1_782' title='bbox 554 4798 752 4852; x_wconf 88' lang='lat' dir='ltr'><strong>emittit</strong></span> <span class='ocrx_word' id='word_1_783' title='bbox 780 4799 1011 4867; x_wconf 87' lang='lat' dir='ltr'><strong>Baruch,</strong></span> <span class='ocrx_word' id='word_1_784' title='bbox 1042 4804 1256 4856; x_wconf 87' lang='lat' dir='ltr'><strong>tertium</strong></span> <span class='ocrx_word' id='word_1_785' title='bbox 1286 4806 1596 4874; x_wconf 85' lang='lat' dir='ltr'><strong>angelorum</strong></span> <span class='ocrx_word' id='word_1_786' title='bbox 1629 4826 1871 4875; x_wconf 84' lang='lat' dir='ltr'><strong>suorum,</strong></span> <span class='ocrx_word' id='word_1_787' title='bbox 1904 4812 1943 4863; x_wconf 84' lang='lat' dir='ltr'><strong>ir</strong></span> 
     </span>
    </p>
   </div>
   <div class='ocr_carea' id='block_1_101' title="bbox 2047 4796 3628 4883">
    <p class='ocr_par' dir='ltr' id='par_1_101' title="bbox 2054 4810 3628 4883">
     <span class='ocr_line' id='line_1_101' title="bbox 2054 4810 3628 4883; baseline -0.007 -17"><span class='ocrx_word' id='word_1_788' title='bbox 2054 4815 2200 4867; x_wconf 78' lang='grc' dir='ltr'>ἐστὶν</span> <span class='ocrx_word' id='word_1_789' title='bbox 2270 4812 2589 4883; x_wconf 81' lang='grc' dir='ltr'>Ἀφροδίτη,</span> <span class='ocrx_word' id='word_1_790' title='bbox 2641 4810 2886 4881; x_wconf 79' lang='grc' dir='ltr'>μοιχείας</span> <span class='ocrx_word' id='word_1_791' title='bbox 2930 4810 3023 4862; x_wconf 76' lang='grc' dir='ltr'><strong>καὶ</strong></span> <span class='ocrx_word' id='word_1_792' title='bbox 3074 4810 3393 4878; x_wconf 80' lang='grc' dir='ltr'>χωρισμοὺς</span> <span class='ocrx_word' id='word_1_793' title='bbox 3439 4810 3628 4876; x_wconf 72' lang='grc' dir='ltr'>γάμων</span> 
     </span>
    </p>
   </div>
   <div class='ocr_carea' id='block_1_102' title="bbox 392 4890 1943 4970">
    <p class='ocr_par' dir='ltr' id='par_1_102' title="bbox 392 4890 1943 4970">
     <span class='ocr_line' id='line_1_102' title="bbox 392 4890 1943 4970; baseline 0.008 -29"><span class='ocrx_word' id='word_1_794' title='bbox 392 4890 649 4945; x_wconf 80' lang='lat' dir='ltr'><strong>auxilium</strong></span> <span class='ocrx_word' id='word_1_795' title='bbox 679 4893 919 4959; x_wconf 87' lang='lat' dir='ltr'><strong>spiritus,</strong></span> <span class='ocrx_word' id='word_1_796' title='bbox 949 4895 1039 4963; x_wconf 88' lang='lat' dir='ltr'><strong>qtti</strong></span> <span class='ocrx_word' id='word_1_797' title='bbox 1066 4904 1151 4950; x_wconf 87' lang='lat' dir='ltr'><strong>est</strong></span> <span class='ocrx_word' id='word_1_798' title='bbox 1179 4896 1230 4949; x_wconf 91' lang='lat' dir='ltr'><strong>in</strong></span> <span class='ocrx_word' id='word_1_799' title='bbox 1264 4897 1586 4952; x_wconf 82' lang='lat' dir='ltr'><strong>hominibus.</strong></span> <span class='ocrx_word' id='word_1_800' title='bbox 1627 4899 1833 4955; x_wconf 77' lang='lat' dir='ltr'><strong>Rursus</strong></span> <span class='ocrx_word' id='word_1_801' title='bbox 1862 4905 1943 4970; x_wconf 33' lang='lat' dir='ltr'><strong>igit</strong></span> 
     </span>
    </p>
   </div>
   <div class='ocr_carea' id='block_1_103' title="bbox 2047 4890 3627 4970">
    <p class='ocr_par' dir='ltr' id='par_1_103' title="bbox 2057 4895 3627 4967">
     <span class='ocr_line' id='line_1_103' title="bbox 2057 4895 3627 4967; baseline -0.006 -11"><span class='ocrx_word' id='word_1_802' title='bbox 2057 4903 2469 4956; x_wconf 81' lang='grc' dir='ltr'>κατασκευάσαι</span> <span class='ocrx_word' id='word_1_803' title='bbox 2518 4901 2575 4953; x_wconf 83' lang='grc' dir='ltr'>ὲν</span> <span class='ocrx_word' id='word_1_804' title='bbox 2614 4898 2956 4967; x_wconf 83' lang='grc' dir='ltr'>ἀνθρώποις,</span> <span class='ocrx_word' id='word_1_805' title='bbox 2992 4898 3078 4950; x_wconf 79' lang='grc' dir='ltr'><strong>ἵνα</strong></span> <span class='ocrx_word' id='word_1_806' title='bbox 3118 4896 3192 4957; x_wconf 83' lang='grc' dir='ltr'>ὡς</span> <span class='ocrx_word' id='word_1_807' title='bbox 3225 4895 3369 4966; x_wconf 79' lang='grc' dir='ltr'>αὐτὴ</span> <span class='ocrx_word' id='word_1_808' title='bbox 3398 4897 3627 4966; x_wconf 71' lang='grc' dir='ltr'>κεχώρι-</span> 
     </span>
    </p>
   </div>
   <div class='ocr_carea' id='block_1_104' title="bbox 396 4979 1943 5063">
    <p class='ocr_par' dir='ltr' id='par_1_104' title="bbox 396 4979 1943 5056">
     <span class='ocr_line' id='line_1_104' title="bbox 396 4979 1943 5056; baseline 0.006 -24"><span class='ocrx_word' id='word_1_809' title='bbox 396 4979 701 5045; x_wconf 71' lang='grc' dir='ltr'>ιυτΒιιτυεὴ</span> <span class='ocrx_word' id='word_1_810' title='bbox 717 4984 958 5038; x_wconf 74' lang='lat' dir='ltr'><strong>constitit</strong></span> <span class='ocrx_word' id='word_1_811' title='bbox 990 4985 1042 5039; x_wconf 90' lang='lat' dir='ltr'><strong>in</strong></span> <span class='ocrx_word' id='word_1_812' title='bbox 1078 4986 1267 5039; x_wconf 85' lang='lat' dir='ltr'><strong>mediis</strong></span> <span class='ocrx_word' id='word_1_813' title='bbox 1298 4987 1498 5056; x_wconf 78' lang='lat' dir='ltr'><strong>angelis</strong></span> <span class='ocrx_word' id='word_1_814' title='bbox 1519 4988 1709 5050; x_wconf 78' lang='grc' dir='ltr'>ΕιΙυιΙι,</span> <span class='ocrx_word' id='word_1_815' title='bbox 1745 4991 1848 5043; x_wconf 84' lang='lat' dir='ltr'><strong>hoc</strong></span> <span class='ocrx_word' id='word_1_816' title='bbox 1877 5010 1943 5043; x_wconf 63' lang='lat' dir='ltr'><strong>est</strong></span> 
     </span>
    </p>
   </div>
   <div class='ocr_carea' id='block_1_105' title="bbox 2047 4979 3628 5063">
    <p class='ocr_par' dir='ltr' id='par_1_105' title="bbox 2068 4986 3628 5063">
     <span class='ocr_line' id='line_1_105' title="bbox 2068 4986 3628 5063; baseline -0.006 -16"><span class='ocrx_word' id='word_1_817' title='bbox 2068 5012 2191 5047; x_wconf 78' lang='lat' dir='ltr'><strong>atat.</strong></span> <span class='ocrx_word' id='word_1_818' title='bbox 2228 4994 2333 5046; x_wconf 75' lang='grc' dir='ltr'><strong>ἀπὸ</strong></span> <span class='ocrx_word' id='word_1_819' title='bbox 2381 4991 2473 5046; x_wconf 78' lang='grc' dir='ltr'><strong>τοῦ</strong></span> <span class='ocrx_word' id='word_1_820' title='bbox 2516 4992 2776 5061; x_wconf 73' lang='grc' dir='ltr'>Ἐλωεὶμ,</span> <span class='ocrx_word' id='word_1_821' title='bbox 2817 4988 2959 5041; x_wconf 76' lang='grc' dir='ltr'>οὕτω</span> <span class='ocrx_word' id='word_1_822' title='bbox 2993 4986 3179 5063; x_wconf 35' lang='grc' dir='ltr'>καὶ-τὸ</span> <span class='ocrx_word' id='word_1_823' title='bbox 3213 4987 3437 5058; x_wconf 79' lang='grc' dir='ltr'>πνεῦμα</span> <span class='ocrx_word' id='word_1_824' title='bbox 3466 4988 3510 5019; x_wconf 81' lang='grc'><strong>⁵¹</strong></span> <span class='ocrx_word' id='word_1_825' title='bbox 3544 4986 3628 5040; x_wconf 76' lang='grc' dir='ltr'>τοῦ</span> 
     </span>
    </p>
   </div>
   <div class='ocr_carea' id='block_1_106' title="bbox 1673 5186 2349 5244">
    <p class='ocr_par' dir='ltr' id='par_1_106' title="bbox 1673 5186 2349 5244">
     <span class='ocr_line' id='line_1_106' title="bbox 1673 5186 2349 5244; baseline 0.003 -6"><span class='ocrx_word' id='word_1_826' title='bbox 1673 5186 1907 5242; x_wconf 67' lang='grc' dir='ltr'><strong>νΑΒιίΕ</strong></span> <span class='ocrx_word' id='word_1_827' title='bbox 1944 5187 2349 5244; x_wconf 66' lang='grc' dir='ltr'><strong>[ιΕΟΤΙΟΝΕΞ.</strong></span> 
     </span>
    </p>
   </div>
   <div class='ocr_carea' id='block_1_107' title="bbox 484 5333 3632 5431">
    <p class='ocr_par' dir='ltr' id='par_1_107' title="bbox 484 5333 3632 5431">
     <span class='ocr_line' id='line_1_107' title="bbox 484 5333 3632 5431; baseline 0.003 -45"><span class='ocrx_word' id='word_1_828' title='bbox 484 5333 548 5417; x_wconf 43' lang='grc'><strong>’³⁷</strong></span> <span class='ocrx_word' id='word_1_829' title='bbox 597 5336 945 5431; x_wconf 45' lang='grc' dir='ltr'>ἁστιραπικὴν</span> <span class='ocrx_word' id='word_1_830' title='bbox 994 5337 1110 5431; x_wconf 49' lang='lat'><strong>(3.“</strong></span> <span class='ocrx_word' id='word_1_831' title='bbox 1171 5339 1815 5431; x_wconf 34' lang='grc' dir='ltr'><strong>³⁸1,ἐμπεριιξεχοντξιιηςξζ</strong></span> <span class='ocrx_word' id='word_1_832' title='bbox 1864 5342 1932 5399; x_wconf 86' lang='lat' dir='ltr'><strong>M.</strong></span> <span class='ocrx_word' id='word_1_833' title='bbox 2047 5344 2090 5376; x_wconf 74' lang='grc'>³³</span> <span class='ocrx_word' id='word_1_834' title='bbox 2120 5344 2467 5431; x_wconf 39' lang='grc' dir='ltr'>τεταγμένεων</span> <span class='ocrx_word' id='word_1_835' title='bbox 2518 5347 2581 5406; x_wconf 85' lang='lat' dir='ltr'><strong>C.</strong></span> <span class='ocrx_word' id='word_1_836' title='bbox 2648 5412 2660 5425; x_wconf 43' lang='lat'><strong><em>.</em></strong></span> <span class='ocrx_word' id='word_1_837' title='bbox 2690 5341 2736 5373; x_wconf 77' lang='lat'><strong>“</strong></span> <span class='ocrx_word' id='word_1_838' title='bbox 2783 5341 3165 5431; x_wconf 46' lang='grc' dir='ltr'>επικρπᾴτέισιν.</span> <span class='ocrx_word' id='word_1_839' title='bbox 3231 5339 3533 5431; x_wconf 60' lang='grc' dir='ltr'>ὲπίκραξιν</span> 
     </span>
    </p>
   </div>
   <div class='ocr_carea' id='block_1_108' title="bbox 394 5408 3632 5508">
    <p class='ocr_par' dir='ltr' id='par_1_108' title="bbox 394 5408 3632 5508">
     <span class='ocr_line' id='line_1_108' title="bbox 394 5408 3632 5495; baseline 0.003 -40"><span class='ocrx_word' id='word_1_840' title='bbox 394 5408 437 5439; x_wconf 66' lang='grc' dir='ltr'><strong>υ</strong></span> <span class='ocrx_word' id='word_1_841' title='bbox 468 5408 731 5474; x_wconf 81' lang='grc' dir='ltr'>ὡσπερεί.</span> <span class='ocrx_word' id='word_1_842' title='bbox 778 5408 854 5469; x_wconf 82' lang='grc' dir='ltr'>ὡς</span> <span class='ocrx_word' id='word_1_843' title='bbox 900 5408 1025 5477; x_wconf 75' lang='grc' dir='ltr'>περὶ</span> <span class='ocrx_word' id='word_1_844' title='bbox 1071 5408 1149 5471; x_wconf 81' lang='lat' dir='ltr'><strong>C,</strong></span> <span class='ocrx_word' id='word_1_845' title='bbox 1197 5408 1528 5479; x_wconf 53' lang='grc' dir='ltr'>ὦσπερΜζ</span> <span class='ocrx_word' id='word_1_846' title='bbox 1618 5410 1661 5441; x_wconf 70' lang='grc' dir='ltr'>δ’</span> <span class='ocrx_word' id='word_1_847' title='bbox 1705 5412 1865 5495; x_wconf 83' lang='grc' dir='ltr'>Ἐδὲμ</span> <span class='ocrx_word' id='word_1_848' title='bbox 1916 5414 2105 5478; x_wconf 82' lang='grc' dir='ltr'>κάτω,</span> <span class='ocrx_word' id='word_1_849' title='bbox 2161 5408 2479 5482; x_wconf 54' lang='grc' dir='ltr'>γῆ.“”Εδὲμ</span> <span class='ocrx_word' id='word_1_850' title='bbox 2522 5412 2746 5483; x_wconf 83' lang='grc' dir='ltr'>κατώγη</span> <span class='ocrx_word' id='word_1_851' title='bbox 2796 5410 2874 5473; x_wconf 83' lang='lat' dir='ltr'><strong>C,</strong></span> <span class='ocrx_word' id='word_1_852' title='bbox 2918 5408 3116 5479; x_wconf 82' lang='grc' dir='ltr'>Ἒδὲμ,</span> <span class='ocrx_word' id='word_1_853' title='bbox 3175 5408 3515 5481; x_wconf 77' lang='grc' dir='ltr'>κατωφερὴς</span> <span class='ocrx_word' id='word_1_854' title='bbox 3571 5412 3632 5464; x_wconf 75' lang='grc' dir='ltr'>Μ.</span> 
     </span>
     <span class='ocr_line' id='line_1_109' title="bbox 396 5471 3607 5508; baseline 0 0"><span class='ocrx_word' id='word_1_855' title='bbox 396 5477 442 5508; x_wconf 70' lang='grc' dir='ltr'><strong>ιδ</strong></span> <span class='ocrx_word' id='word_1_856' title='bbox 477 5471 639 5508; x_wconf 53' lang='grc' dir='ltr'><strong>ΛΞΜ...</strong></span> <span class='ocrx_word' id='word_1_857' title='bbox 670 5476 707 5508; x_wconf 83' lang='lat' dir='ltr'><strong>t‘</strong></span> <span class='ocrx_word' id='word_1_858' title='bbox 804 5477 848 5507; x_wconf 66' lang='lat' dir='ltr'><strong>st</strong></span> <span class='ocrx_word' id='word_1_859' title='bbox 886 5476 955 5508; x_wconf 79' lang='lat' dir='ltr'><strong>l‘r</strong></span> <span class='ocrx_word' id='word_1_860' title='bbox 1010 5475 1126 5508; x_wconf 59' lang='lat' dir='ltr'><strong>Duas]</strong></span> <span class='ocrx_word' id='word_1_861' title='bbox 1198 5476 1377 5508; x_wconf 65' lang='grc' dir='ltr'>ι’γὶίι</span> <span class='ocrx_word' id='word_1_862' title='bbox 1430 5479 1495 5508; x_wconf 76' lang='grc' dir='ltr'><strong>ια</strong></span> <span class='ocrx_word' id='word_1_863' title='bbox 1546 5478 1615 5508; x_wconf 80' lang='lat' dir='ltr'><strong>cm</strong></span> <span class='ocrx_word' id='word_1_864' title='bbox 1642 5500 1652 5508; x_wconf 92' lang='lat'><strong>.</strong></span> <span class='ocrx_word' id='word_1_865' title='bbox 1705 5482 1973 5508; x_wconf 51' lang='grc' dir='ltr'><strong>ηυντ..-]</strong></span> <span class='ocrx_word' id='word_1_866' title='bbox 2005 5501 2088 5508; x_wconf 72' lang='grc' dir='ltr'><strong>η--</strong></span> <span class='ocrx_word' id='word_1_867' title='bbox 2124 5482 2293 5508; x_wconf 47' lang='grc' dir='ltr'>-.τμη</span> <span class='ocrx_word' id='word_1_868' title='bbox 2355 5482 2716 5508; x_wconf 61' lang='lat' dir='ltr'><strong>a..-...--.&#39;..._-.</strong></span> <span class='ocrx_word' id='word_1_869' title='bbox 2763 5479 3016 5508; x_wconf 51' lang='grc' dir='ltr'><strong>,ιι-,δοκὼ</strong></span> <span class='ocrx_word' id='word_1_870' title='bbox 3054 5482 3111 5508; x_wconf 86' lang='lat'><strong>:...</strong></span> <span class='ocrx_word' id='word_1_871' title='bbox 3152 5479 3342 5508; x_wconf 69' lang='lat'><strong>....&#39;.-..:-</strong></span> <span class='ocrx_word' id='word_1_872' title='bbox 3390 5481 3607 5508; x_wconf 44' lang='lat' dir='ltr'><strong>sam”).</strong></span> 
     </span>
    </p>
   </div>
   <div class='ocr_carea' id='block_1_109' title="bbox 447 5475 3705 5569">
    <p class='ocr_par' dir='ltr' id='par_1_109' title="bbox 447 5475 3705 5569">
     <span class='ocr_line' id='line_1_110' title="bbox 447 5475 3705 5569; baseline 0.002 -44"><span class='ocrx_word' id='word_1_873' title='bbox 447 5475 639 5561; x_wconf 42' lang='grc' dir='ltr'>ὀὖσαν</span> <span class='ocrx_word' id='word_1_874' title='bbox 670 5476 728 5555; x_wconf 50' lang='lat'><strong>(1:</strong></span> <span class='ocrx_word' id='word_1_875' title='bbox 770 5477 848 5569; x_wconf 46' lang='grc' dir='ltr'><strong>ν’·</strong></span> <span class='ocrx_word' id='word_1_876' title='bbox 1008 5475 1148 5569; x_wconf 48' lang='lat' dir='ltr'><strong>Paul.</strong></span> <span class='ocrx_word' id='word_1_877' title='bbox 1196 5475 1405 5569; x_wconf 36' lang='lat' dir='ltr'><strong>SERVII,</strong></span> <span class='ocrx_word' id='word_1_878' title='bbox 1430 5479 1515 5558; x_wconf 54' lang='lat'><strong>19:</strong></span> <span class='ocrx_word' id='word_1_879' title='bbox 1684 5475 1975 5569; x_wconf 40' lang='grc' dir='ltr'>’Ἂνοξξατέ</span> <span class='ocrx_word' id='word_1_880' title='bbox 2003 5475 2100 5553; x_wconf 62' lang='grc' dir='ltr'>μοι’</span> <span class='ocrx_word' id='word_1_881' title='bbox 2123 5475 2293 5567; x_wconf 57' lang='grc' dir='ltr'>πόλεις</span> <span class='ocrx_word' id='word_1_882' title='bbox 2352 5475 3016 5569; x_wconf 55' lang='grc' dir='ltr'>δικαιοσύνης-ἐἰσελθῶν</span> <span class='ocrx_word' id='word_1_883' title='bbox 3044 5475 3116 5569; x_wconf 47' lang='grc' dir='ltr'>ἐν.</span> <span class='ocrx_word' id='word_1_884' title='bbox 3151 5475 3355 5569; x_wconf 46' lang='grc' dir='ltr'>αέταῖς</span> <span class='ocrx_word' id='word_1_885' title='bbox 3388 5475 3637 5549; x_wconf 76' lang='grc' dir='ltr'>ἕξόμολο-</span> <span class='ocrx_word' id='word_1_886' title='bbox 3694 5525 3705 5548; x_wconf 49' lang='grc' dir='ltr'>ι</span> 
     </span>
    </p>
   </div>
   <div class='ocr_carea' id='block_1_110' title="bbox 397 5547 3635 5687">
    <p class='ocr_par' dir='ltr' id='par_1_110' title="bbox 397 5547 3635 5687">
     <span class='ocr_line' id='line_1_111' title="bbox 397 5547 3634 5647; baseline 0.002 -52"><span class='ocrx_word' id='word_1_887' title='bbox 397 5548 636 5647; x_wconf 72' lang='grc' dir='ltr'>γήσομαι</span> <span class='ocrx_word' id='word_1_888' title='bbox 662 5547 737 5614; x_wconf 82' lang='grc' dir='ltr'><strong>τῷ</strong></span> <span class='ocrx_word' id='word_1_889' title='bbox 770 5547 1159 5631; x_wconf 45' lang='grc' dir='ltr'>Κυρίιι›.“Αὖτη</span> <span class='ocrx_word' id='word_1_890' title='bbox 1188 5549 1218 5617; x_wconf 82' lang='grc' dir='ltr'>ἡ</span> <span class='ocrx_word' id='word_1_891' title='bbox 1252 5548 1393 5619; x_wconf 75' lang='grc' dir='ltr'>πύλη</span> <span class='ocrx_word' id='word_1_892' title='bbox 1424 5549 1516 5602; x_wconf 82' lang='grc' dir='ltr'>τοῦ</span> <span class='ocrx_word' id='word_1_893' title='bbox 1554 5552 1779 5632; x_wconf 71' lang='grc' dir='ltr'>Κυρίου·</span> <span class='ocrx_word' id='word_1_894' title='bbox 1812 5547 2015 5605; x_wconf 72' lang='grc' dir='ltr'>δίκαιοί</span> <span class='ocrx_word' id='word_1_895' title='bbox 2044 5553 2440 5605; x_wconf 81' lang='grc' dir='ltr'>εἰσελεύσονται</span> <span class='ocrx_word' id='word_1_896' title='bbox 2476 5555 2531 5602; x_wconf 82' lang='grc' dir='ltr'><strong>ἐν</strong></span> <span class='ocrx_word' id='word_1_897' title='bbox 2556 5547 2714 5619; x_wconf 75' lang='grc' dir='ltr'>αὐτῇ.</span> <span class='ocrx_word' id='word_1_898' title='bbox 2790 5549 2834 5581; x_wconf 73' lang='grc'><strong>⁸⁸</strong></span> <span class='ocrx_word' id='word_1_899' title='bbox 2874 5552 2893 5602; x_wconf 87' lang='grc'><strong>1</strong></span> <span class='ocrx_word' id='word_1_900' title='bbox 2922 5550 3047 5603; x_wconf 85' lang='lat' dir='ltr'><strong>Cor.</strong></span> <span class='ocrx_word' id='word_1_901' title='bbox 3083 5550 3138 5611; x_wconf 68' lang='grc'><strong>2,</strong></span> <span class='ocrx_word' id='word_1_902' title='bbox 3170 5550 3224 5602; x_wconf 87' lang='grc'><strong>9.</strong></span> <span class='ocrx_word' id='word_1_903' title='bbox 3251 5550 3337 5601; x_wconf 81' lang='lat' dir='ltr'><strong>Cf.</strong></span> <span class='ocrx_word' id='word_1_904' title='bbox 3386 5547 3554 5618; x_wconf 81' lang='lat' dir='ltr'><strong>supra</strong></span> <span class='ocrx_word' id='word_1_905' title='bbox 3586 5567 3634 5615; x_wconf 70' lang='grc' dir='ltr'>ν.</span> 
     </span>
     <span class='ocr_line' id='line_1_112' title="bbox 397 5614 3635 5687; baseline 0.006 -23"><span class='ocrx_word' id='word_1_906' title='bbox 550 5614 778 5687; x_wconf 31' lang='grc' dir='ltr'><strong>ξῶιδψι.</strong></span> <span class='ocrx_word' id='word_1_907' title='bbox 823 5618 909 5687; x_wconf 72' lang='lat' dir='ltr'><strong>ubi</strong></span> <span class='ocrx_word' id='word_1_908' title='bbox 953 5617 1071 5668; x_wconf 83' lang='grc' dir='ltr'>ουδε</span> <span class='ocrx_word' id='word_1_909' title='bbox 1116 5634 1212 5684; x_wconf 88' lang='lat' dir='ltr'><strong>pro</strong></span> <span class='ocrx_word' id='word_1_910' title='bbox 1245 5620 1507 5671; x_wconf 71' lang='grc' dir='ltr'>καὶ-οὐκ</span> <span class='ocrx_word' id='word_1_911' title='bbox 1550 5621 1761 5687; x_wconf 69' lang='lat' dir='ltr'><strong>legitur.</strong></span> <span class='ocrx_word' id='word_1_912' title='bbox 1838 5623 1883 5653; x_wconf 80' lang='lat'>“</span> <span class='ocrx_word' id='word_1_913' title='bbox 1935 5623 2075 5676; x_wconf 77' lang='lat' dir='ltr'><strong>l’sal.</strong></span> <span class='ocrx_word' id='word_1_914' title='bbox 2115 5624 2249 5677; x_wconf 84' lang='lat' dir='ltr'><strong>CIX.</strong></span> <span class='ocrx_word' id='word_1_915' title='bbox 2281 5623 2330 5675; x_wconf 85' lang='lat' dir='ltr'><strong>l.</strong></span> <span class='ocrx_word' id='word_1_916' title='bbox 2410 5622 2453 5653; x_wconf 71' lang='grc'><strong>⁸⁷</strong></span> <span class='ocrx_word' id='word_1_917' title='bbox 2485 5622 2573 5674; x_wconf 85' lang='grc' dir='ltr'><strong>τὸν</strong></span> <span class='ocrx_word' id='word_1_918' title='bbox 2615 5624 2838 5687; x_wconf 88' lang='grc' dir='ltr'>κόσμον.</span> <span class='ocrx_word' id='word_1_919' title='bbox 2884 5618 2971 5682; x_wconf 79' lang='grc' dir='ltr'><strong>Ἐς</strong></span> <span class='ocrx_word' id='word_1_920' title='bbox 3011 5620 3101 5671; x_wconf 74' lang='grc' dir='ltr'>τὸν</span> <span class='ocrx_word' id='word_1_921' title='bbox 3142 5618 3348 5687; x_wconf 80' lang='grc' dir='ltr'>κόσμον</span> <span class='ocrx_word' id='word_1_922' title='bbox 3384 5634 3539 5685; x_wconf 76' lang='lat' dir='ltr'><strong>SUSP-</strong></span> <span class='ocrx_word' id='word_1_923' title='bbox 3571 5618 3635 5671; x_wconf 62' lang='grc' dir='ltr'><strong>Μ·</strong></span> 
     </span>
    </p>
   </div>
   <div class='ocr_carea' id='block_1_111' title="bbox 401 5639 1943 5809">
    <p class='ocr_par' dir='ltr' id='par_1_111' title="bbox 401 5639 1943 5809">
     <span class='ocr_line' id='line_1_113' title="bbox 403 5639 1943 5687; baseline 0.007 -23"><span class='ocrx_word' id='word_1_924' title='bbox 403 5639 522 5673; x_wconf 64' lang='grc' dir='ltr'>έιυ,</span> <span class='ocrx_word' id='word_1_925' title='bbox 556 5639 619 5665; x_wconf 71' lang='grc' dir='ltr'>τιτι</span> <span class='ocrx_word' id='word_1_926' title='bbox 658 5639 778 5680; x_wconf 76' lang='lat' dir='ltr'><strong>sqq.</strong></span> <span class='ocrx_word' id='word_1_927' title='bbox 823 5639 909 5668; x_wconf 87' lang='grc' dir='ltr'><strong>υυι</strong></span> <span class='ocrx_word' id='word_1_928' title='bbox 953 5639 1071 5668; x_wconf 79' lang='grc' dir='ltr'>ουοε</span> <span class='ocrx_word' id='word_1_929' title='bbox 1116 5639 1212 5684; x_wconf 79' lang='lat' dir='ltr'><strong>pro</strong></span> <span class='ocrx_word' id='word_1_930' title='bbox 1245 5639 1507 5671; x_wconf 74' lang='grc' dir='ltr'>και-ουκ</span> <span class='ocrx_word' id='word_1_931' title='bbox 1550 5639 1761 5687; x_wconf 68' lang='grc' dir='ltr'>Ιϐκιιιιτ.</span> <span class='ocrx_word' id='word_1_932' title='bbox 1838 5639 1883 5653; x_wconf 81' lang='grc'>“</span> <span class='ocrx_word' id='word_1_933' title='bbox 1935 5639 1943 5675; x_wconf 94' lang='lat' dir='ltr'><strong>l</strong></span> 
     </span>
     <span class='ocr_line' id='line_1_114' title="bbox 401 5681 1943 5763; baseline 0.011 -30"><span class='ocrx_word' id='word_1_934' title='bbox 401 5682 451 5712; x_wconf 79' lang='lat'>“</span> <span class='ocrx_word' id='word_1_935' title='bbox 485 5681 804 5751; x_wconf 82' lang='grc' dir='ltr'>ἀνθρώπους</span> <span class='ocrx_word' id='word_1_936' title='bbox 853 5684 1185 5754; x_wconf 78' lang='lat' dir='ltr'><strong>Bernaysms</strong></span> <span class='ocrx_word' id='word_1_937' title='bbox 1234 5705 1247 5739; x_wconf 90' lang='lat'><strong>:</strong></span> <span class='ocrx_word' id='word_1_938' title='bbox 1293 5689 1555 5760; x_wconf 70' lang='grc' dir='ltr'>οὐρανοὺς</span> <span class='ocrx_word' id='word_1_939' title='bbox 1612 5692 1671 5757; x_wconf 90' lang='lat' dir='ltr'><strong>C,</strong></span> <span class='ocrx_word' id='word_1_940' title='bbox 1704 5691 1773 5747; x_wconf 75' lang='grc' dir='ltr'>Μ.</span> <span class='ocrx_word' id='word_1_941' title='bbox 1852 5694 1896 5725; x_wconf 67' lang='grc'><strong>³⁸</strong></span> <span class='ocrx_word' id='word_1_942' title='bbox 1935 5712 1943 5763; x_wconf 75' lang='grc' dir='ltr'><strong>ι</strong></span> 
     </span>
     <span class='ocr_line' id='line_1_115' title="bbox 402 5751 1235 5809; baseline 0.004 -5"><span class='ocrx_word' id='word_1_943' title='bbox 402 5766 511 5804; x_wconf 89' lang='lat' dir='ltr'><strong>om.</strong></span> <span class='ocrx_word' id='word_1_944' title='bbox 542 5751 605 5809; x_wconf 70' lang='grc' dir='ltr'>Ο,</span> <span class='ocrx_word' id='word_1_945' title='bbox 640 5752 709 5806; x_wconf 81' lang='grc' dir='ltr'>Μ.</span> <span class='ocrx_word' id='word_1_946' title='bbox 740 5753 821 5807; x_wconf 78' lang='lat' dir='ltr'><strong>Cl’.</strong></span> <span class='ocrx_word' id='word_1_947' title='bbox 852 5752 989 5807; x_wconf 80' lang='lat' dir='ltr'><strong>infra</strong></span> <span class='ocrx_word' id='word_1_948' title='bbox 1013 5755 1101 5809; x_wconf 61' lang='lat' dir='ltr'><strong>lin.</strong></span> <span class='ocrx_word' id='word_1_949' title='bbox 1150 5755 1235 5809; x_wconf 74' lang='grc'><strong>72.</strong></span> 
     </span>
    </p>
   </div>
   <div class='ocr_carea' id='block_1_112' title="bbox 2047 5639 3641 5809">
    <p class='ocr_par' dir='ltr' id='par_1_112' title="bbox 2047 5639 3641 5763">
     <span class='ocr_line' id='line_1_116' title="bbox 2047 5639 3635 5690; baseline -0.003 -16"><span class='ocrx_word' id='word_1_950' title='bbox 2047 5639 2075 5676; x_wconf 93' lang='lat' dir='ltr'><strong>l.</strong></span> <span class='ocrx_word' id='word_1_951' title='bbox 2115 5639 2249 5677; x_wconf 69' lang='grc' dir='ltr'>ωλ.</span> <span class='ocrx_word' id='word_1_952' title='bbox 2281 5639 2330 5675; x_wconf 89' lang='grc' dir='ltr'><strong>ι.</strong></span> <span class='ocrx_word' id='word_1_953' title='bbox 2410 5639 2448 5653; x_wconf 68' lang='grc' dir='ltr'><strong>ν’</strong></span> <span class='ocrx_word' id='word_1_954' title='bbox 2485 5639 2573 5674; x_wconf 90' lang='grc' dir='ltr'><strong>τον</strong></span> <span class='ocrx_word' id='word_1_955' title='bbox 2615 5639 2838 5690; x_wconf 81' lang='grc' dir='ltr'>κόσμον.</span> <span class='ocrx_word' id='word_1_956' title='bbox 2901 5639 2971 5682; x_wconf 65' lang='grc' dir='ltr'>ις</span> <span class='ocrx_word' id='word_1_957' title='bbox 3011 5639 3101 5671; x_wconf 87' lang='grc' dir='ltr'><strong>τον</strong></span> <span class='ocrx_word' id='word_1_958' title='bbox 3142 5639 3348 5687; x_wconf 86' lang='grc' dir='ltr'>κοσμον</span> <span class='ocrx_word' id='word_1_959' title='bbox 3384 5639 3539 5685; x_wconf 87' lang='lat' dir='ltr'><strong>susp.</strong></span> <span class='ocrx_word' id='word_1_960' title='bbox 3576 5639 3635 5671; x_wconf 69' lang='lat' dir='ltr'><strong>ut.</strong></span> 
     </span>
     <span class='ocr_line' id='line_1_117' title="bbox 2047 5688 3641 5763; baseline -0.003 -18"><span class='ocrx_word' id='word_1_961' title='bbox 2047 5710 2128 5763; x_wconf 86' lang='grc' dir='ltr'><strong>ρις</strong></span> <span class='ocrx_word' id='word_1_962' title='bbox 2161 5690 2237 5747; x_wconf 72' lang='grc' dir='ltr'>οὗ.</span> <span class='ocrx_word' id='word_1_963' title='bbox 2295 5692 2463 5763; x_wconf 83' lang='grc' dir='ltr'>μέχρι</span> <span class='ocrx_word' id='word_1_964' title='bbox 2503 5692 2563 5756; x_wconf 89' lang='lat' dir='ltr'><strong>C,</strong></span> <span class='ocrx_word' id='word_1_965' title='bbox 2598 5690 2665 5759; x_wconf 84' lang='lat' dir='ltr'><strong>M,</strong></span> <span class='ocrx_word' id='word_1_966' title='bbox 2742 5691 2787 5722; x_wconf 86' lang='grc'><strong>⁸⁰</strong></span> <span class='ocrx_word' id='word_1_967' title='bbox 2830 5690 2938 5744; x_wconf 76' lang='grc' dir='ltr'>Καὶ</span> <span class='ocrx_word' id='word_1_968' title='bbox 2986 5688 3168 5742; x_wconf 80' lang='grc' dir='ltr'>οὐκέτι</span> <span class='ocrx_word' id='word_1_969' title='bbox 3198 5689 3261 5742; x_wconf 78' lang='lat' dir='ltr'><strong>C.</strong></span> <span class='ocrx_word' id='word_1_970' title='bbox 3340 5688 3385 5720; x_wconf 79' lang='lat'><strong>&quot;</strong></span> <span class='ocrx_word' id='word_1_971' title='bbox 3421 5689 3641 5759; x_wconf 72' lang='grc' dir='ltr'>πνεῦμα</span> 
     </span>
    </p>
   </div>
   <div class='ocr_carea' id='block_1_113' title="bbox 498 5790 1235 5814">
    <p class='ocr_par' dir='ltr' id='par_1_113' title="bbox 498 5790 1235 5814">
     <span class='ocr_line' id='line_1_118' title="bbox 498 5790 1235 5814; baseline 0.009 -12"><span class='ocrx_word' id='word_1_972' title='bbox 498 5790 511 5802; x_wconf 72' lang='grc' dir='ltr'><strong>α</strong></span> <span class='ocrx_word' id='word_1_973' title='bbox 545 5790 605 5814; x_wconf 68' lang='grc' dir='ltr'><strong>υ,</strong></span> <span class='ocrx_word' id='word_1_974' title='bbox 640 5790 709 5806; x_wconf 67' lang='lat' dir='ltr'><strong>III.</strong></span> <span class='ocrx_word' id='word_1_975' title='bbox 742 5790 821 5807; x_wconf 65' lang='lat' dir='ltr'><strong>VI.</strong></span> <span class='ocrx_word' id='word_1_976' title='bbox 854 5790 989 5807; x_wconf 77' lang='lat' dir='ltr'><strong>IIIIIII</strong></span> <span class='ocrx_word' id='word_1_977' title='bbox 1013 5790 1101 5809; x_wconf 79' lang='lat' dir='ltr'><strong>IIII&#39;</strong></span> <span class='ocrx_word' id='word_1_978' title='bbox 1160 5790 1235 5809; x_wconf 58' lang='lat' dir='ltr'><strong>lb-</strong></span> 
     </span>
    </p>
   </div>
  </div>
