3804 6220
235 237 383 304 3199

1356 247 1649 311 CONTRA
1686 251 2049 331 H/ERESES
2089 258 2232 316 LlB.
2270 258 2338 319 v.

3367 259 3509 323 3200

252 354 497 428 Ἐλωεὶμ
522 358 583 412 τὸ
606 357 667 413 6v
696 359 755 413 ἐν
782 363 893 427 τοῖς
919 362 1229 435 ἀνθρώποις
1258 368 1370 430 τοῖς
1393 370 1695 440 χωρισμοίς
1715 371 1814 434 τοῖς

1935 370 1989 427 in
2035 374 2212 429 medio
2238 374 2493 445 paradiso
2531 372 2853 446 (paradisus
2874 373 3020 431 enim
3059 372 3272 445 angeli,
3310 375 3509 447 quibus

239 448 512 512 τοιούτοις
546 449 901 524 βασανίζηται
922 456 967 487 ⁸¹
1012 454 1374 527 λυπούμενον,
1420 461 1513 512 καὶ
1542 460 1724 531 πάσχῃ
1757 461 1826 515 τά

244 538 389 591 αύτά
409 540 575 633 ύποῖα
600 541 697 594 καὶ
723 543 759 615 ὴ
802 543 963 615 Ἐδὲμ
1000 546 1497 633 καταλελειμμένη.
1535 549 1645 603 Kal.
1672 550 1827 605 6i6tu-

245 644 335 682 σιν
372 629 621 693 ἐξουσίαν
669 634 703 703 ἡ
771 633 933 706 Ἐδὲμ
980 636 1224 708 μεγάλην
1264 638 1341 709 τῷ
1394 629 1562 709 τρίτῳ
1610 640 1827 711 ἀγγέλῳ

186 722 419 802 ,αὐτῆς
446 721 526 793 τῷ
572 722 760 790 Νάας,
812 724 903 779 ἵνα
945 726 1151 792 πάσαις
1194 727 1450 781 κολάσεσι
1501 728 1706 801 κολάζῃ
1764 731 1827 784 τὸ

243 816 467 888 πνεῦμα
494 814 586 871 τοῦ
640 816 873 889 Ἐλωεὶμ
907 817 969 872 τδ
997 818 1057 873 6v
1088 821 1146 874 ἐν
1192 822 1306 884 τοῖς
1350 820 1695 891 ἀνθρώποις,
1728 821 1818 876 ἵνα

240 904 337 959 διά
376 904 472 960 τοῦ
508 905 878 983 πνεύματος
910 909 1275 980 κολαζόμενος
1304 913 1333 965 6
1375 912 1610 984 Ἐλωεὶμ
1656 916 1685 967 6
1727 931 1827 969 κα-

242 998 491 1055 ταλιπὼν
517 1000 669 1073 παρὰ
691 1002 792 1066 τὰς
832 1002 1104 1075 συνθήκας
1131 1004 1232 1069 τὰς
1257 1005 1557 1076 γενομένας
1576 1005 1759 1060 αὐτῶν
1778 994 1826 1039 ⁸³

242 1089 346 1163 τὴν
378 1090 632 1161 σύζυγον.
679 1092 826 1148 ’ἰδὼν
851 1094 1026 1149 ταῦτα
1056 1098 1085 1149 6
1131 1097 1317 1169 πατὴρ
1356 1096 1590 1169 Ἐλωεὶμ
1618 1097 1826 1170 ἐκπέμ-

243 1203 340 1240 πει
375 1188 468 1241 τὸν
491 1186 724 1259 Βαροὺχ,
752 1188 844 1243 τὸν
873 1189 1057 1261 τρίτον
1088 1189 1322 1259 ἄγγελον
1355 1190 1465 1244 τῶν
1498 1191 1717 1257 ἑαυτοῦ,
1744 1192 1825 1257 είς

243 1275 503 1348 βοήθειαν
538 1277 615 1349 τῷ
648 1277 918 1352 πνεύματι
964 1279 1041 1350 τῷ
1082 1280 1199 1335 ὄντι
1243 1283 1303 1336 ἐν
1349 1284 1464 1346 τοῖς
1493 1281 1821 1353 ἀνθρώποις.

242 1380 415 1434 Πάλιν
442 1379 608 1434 ἐλθὼν
625 1381 673 1414 ⁸⁵
698 1377 790 1435 οὖν
812 1385 840 1436 6
860 1382 1075 1456 Βαροὺχ
1096 1383 1226 1456 ἔστη
1261 1387 1318 1440 ἐν
1342 1385 1490 1457 μέσῳ
1519 1385 1627 1439 τῶν
1653 1386 1823 1456 ἀγγέ-

240 1471 352 1525 λων
381 1472 481 1543 τῆς
518 1472 700 1544 Ἐδέμ,
741 1475 1025 1529 τουτέστιν
1066 1477 1126 1530 ἐν
1158 1477 1308 1548 μέσῳ
1348 1476 1442 1531 τοῦ
1488 1478 1823 1551 παραδείσου

244 1564 599 1637 (παράδεισος
635 1567 743 1637 γάρ
776 1569 825 1620 οἱ
863 1568 1119 1637 ἄγγελοι,
1150 1561 1226 1623 ὧν
1269 1568 1435 1640 μέσος
1480 1569 1681 1641 ἔστη),
1727 1573 1824 1625 καὶ

242 1656 584 1727 παρήγγειλε
617 1658 694 1728 τῷ
722 1658 995 1731 ἀνθρώπῳ
1022 1661 1140 1715 ἀπὸ
1172 1661 1398 1728 παντὸς
1426 1661 1618 1727 ξύλου
1644 1664 1690 1695 ⁸⁵
1716 1663 1823 1718 τοῦ

1932 463 1986 517 in
2019 462 2211 518 mediis
2242 462 2531 536 constitit),
2552 472 2608 519 et
2628 463 2973 519 annuntiavit
2999 463 3240 519 homini:
3265 461 3343 519 Ab
3365 464 3509 519 omni

1931 552 2073 622 ligno
2113 553 2356 625 paradisi
2395 553 2595 610 edendo
2624 556 2879 619 vesceris,
2924 553 2990 609 ab
3028 571 3088 609 eo
3114 563 3328 623 autem,
3366 555 3507 626 quod

1929 655 2007 700 est
2041 647 2399 716 cognoscendo
2432 646 2625 701 bonum
2666 655 2716 701 et
2762 644 2964 700 malum
2989 683 3006 709 ,
3058 643 3167 699 noli
3220 645 3394 712 vesci,
3453 644 3507 698 id

1931 736 2077 806 quod
2117 746 2202 791 est
2232 734 2398 804 Naas,
2430 736 2536 792 hoc
2564 745 2670 802 est,
2696 735 3105 806 obsequendum
3132 748 3252 791 esse
3285 734 3507 804 reliquis

1932 827 2138 899 angelis
2172 829 2419 885 undecim
2448 829 2614 884 Edem
2635 870 2650 895 ,
2676 828 2965 899 passiones
2994 828 3138 883 enim
3171 827 3373 883 habent
3398 842 3507 882 un-

1928 916 2103 974 decim
2138 919 2232 985 illi,
2257 919 2574 989 iniustitiam
2604 920 2783 973 autem
2820 932 2927 973 non
2969 917 3203 982 habent;
3240 915 3384 972 Naas
3406 931 3505 972 au-

1934 1018 2038 1066 tem
2065 1009 2383 1080 iniustitiam
2412 1010 2622 1077 habuit,
2660 1010 2893 1066 accessit
2914 1009 3061 1064 enim
3089 1009 3157 1064 ad
3195 1007 3361 1063 Evam
3394 1007 3507 1065 .de-

1931 1112 2138 1174 ceptam
2170 1118 2200 1159 a
2228 1118 2347 1160 sese
2368 1114 2420 1160 et
2445 1104 2659 1160 vitiavit
2685 1118 2829 1169 eam,
2855 1103 2909 1159 id
2938 1103 3081 1172 quod
3112 1110 3195 1156 est
3224 1101 3505 1171 iniustum,

1930 1198 2161 1254 accessit
2193 1207 2372 1254 autem
2420 1198 2585 1253 etiam
2625 1198 2692 1252 ad
2721 1197 2892 1251 Adam
2944 1194 3250 1264 abususque
3303 1208 3369 1249 eo
3423 1203 3507 1248 est

1932 1296 2183 1360 tanquam
2220 1304 2390 1359 puero
2415 1328 2432 1355 ,
2467 1289 2520 1345 id
2551 1289 2696 1359 quod
2748 1297 2802 1345 et
2851 1289 3025 1356 ipsum
3081 1295 3165 1341 est
3221 1286 3501 1356 iniustum.

1900 1379 2067 1436 Hinc
2117 1381 2265 1436 venit
2318 1382 2579 1437 scortatio
2647 1389 2705 1437 et
2756 1379 3119 1435 masculorum
3164 1378 3502 1435 concubitus.

1931 1474 2137 1529 Exinde
2159 1474 2429 1528 dominata
2464 1482 2589 1528 sunt
2614 1471 2755 1527 mala
2810 1472 2862 1526 in
2891 1470 3227 1538 hominibus,
3272 1480 3326 1526 et
3363 1472 3502 1527 bona

1927 1581 1992 1620 ex
2023 1566 2211 1620 eodem
2244 1563 2393 1619 fonte
2435 1572 2551 1618 orta
2582 1564 2772 1635 patris.
2807 1562 3097 1631 Postquam
3136 1562 3282 1617 enim
3309 1576 3502 1618 ascen-

1930 1655 2009 1709 dit
2050 1654 2116 1708 ad
2163 1652 2369 1707 Bonum
2410 1661 2609 1723 pater,
2662 1652 2804 1706 viam
2862 1651 3187 1706 monstravit
3240 1665 3500 1707 ascensu-

239 1747 316 1801 ἐν
340 1746 420 1814 τῷ
451 1748 793 1817 παραδείσῳ
812 1749 1037 1820 βρώσει
1066 1752 1299 1823 φαγεῖν,
1326 1752 1445 1807 ἀπὸ
1467 1753 1535 1806 δὲ
1561 1753 1669 1808 τοῦ
1698 1754 1814 1827 [ξύ-

1927 1746 2034 1816 risi;
2075 1756 2360 1815 postquam
2394 1755 2574 1800 autem
2602 1744 2859 1802 discessit
2885 1746 2952 1799 ab
2982 1744 3149 1800 Edem
3171 1742 3494 1814 principium

240 1843 360 1895 λου
385 1840 568 1912 τοῦ]⁵⁶
597 1840 919 1912 γινώσκειν
944 1843 1011 1897 τὸ
1044 1844 1233 1898 καλὸν
1262 1845 1362 1898 καὶ
1389 1844 1454 1899 τὸ
1485 1862 1564 1898 πο
1594 1849 1605 1916 ι
1636 1847 1823 1915 νηρὸν

237 1932 327 2001 μὴ
363 1933 595 2002 φαγεῖν,
643 1936 781 2006 ὅπερ
818 1935 965 1989 ἐστὶν
1002 1938 1031 1990 6
1067 1937 1253 2001 Νάας,
1290 1938 1534 1992 τουτέστι
1575 1941 1688 2002 τοῖς
1722 1941 1820 2010 μὲν

239 2022 423 2087 ἄλλοις
472 2024 725 2094 ἀγγέλοις
765 2024 1049 2079 πείθεσθαι
1092 2030 1204 2091 τοῖς
1245 2027 1439 2082 ἕνδεκα
1476 2029 1574 2099 τῆς
1627 2029 1817 2099 Ἐδὲμ,

240 2114 388 2186 πάθη
426 2117 525 2187 μὲν
554 2117 664 2187 γὰρ
690 2116 902 2188 ἔχουσιν
932 2118 981 2171 οἱ
1009 2118 1227 2182 ἕνδεκα,
1263 2122 1610 2191 παρανομίαν
1638 2122 1695 2175 δὲ
1718 2122 1819 2176 οὐκ

240 2206 474 2276 ἔχουσιν·
499 2211 529 2262 6
557 2209 614 2262 δὲ
641 2209 796 2273 Νάας
824 2210 1173 2280 παρανομίαν
1202 2210 1329 2282 ἔσχε
1352 2227 1366 2240 ·
1401 2211 1677 2283 προσῆλθε
1707 2213 1818 2283 γὰρ

237 2301 307 2371 τῇ
354 2298 467 2372 Εὔα
514 2300 859 2369 ἐξαπατήσας
893 2300 1064 2369 αὐτὴν
1114 2301 1208 2354 καὶ
1248 2300 1568 2370 ἐμοίχευσεν
1624 2303 1815 2373 αὐτὴν,

202 2420 207 2421 ν
237 2394 376 2465 ὅπερ
413 2395 532 2447 ἐστὶ
574 2392 928 2463 παράνομονο
978 2391 1254 2463 προσῆλθε
1285 2392 1342 2445 δὲ
1388 2393 1483 2445 καὶ
1532 2392 1609 2464 τῷ
1645 2395 1817 2466 Ἀδὰμ

237 2486 335 2538 καὶ
358 2483 516 2555 ἔσχεν
549 2483 711 2537 αὐτὸν
735 2483 811 2546 ὡς
852 2483 1015 2536 παῖδα
1041 2526 1055 2550 ,
1087 2484 1226 2554 ὅπερ
1268 2483 1391 2535 ἐστὶ
1423 2485 1518 2537 καὶ
1547 2485 1679 2539 αὐτὸ
1712 2504 1816 2539 πα-

240 2575 498 2645 ράνομον·
549 2574 700 2628 ἐνθεν
749 2574 943 2644 γέγονε
997 2575 1217 2645 μοιχεία
1262 2576 1358 2628 καὶ
1408 2575 1813 2646 ἀρσενοκοιτία.

248 2666 385 2720 Ἀπὸ
413 2667 534 2720 τότε
565 2666 913 2737 ἐπεκράτησε
941 2666 1010 2720 τὰ
1044 2666 1190 2720 κακά
1230 2669 1346 2729 τοῖς
1378 2666 1690 2736 ἀνθρώποις
1720 2671 1814 2722 καὶ

234 2760 307 2814 τά
335 2761 515 2829 ἀγαθά
542 2764 607 2815 ἐκ
642 2764 772 2833 μιᾶς
813 2763 991 2835 ἀρχῆς
1030 2764 1298 2835 γενόμενα
1330 2764 1432 2833 τῆς
1456 2764 1550 2818 τοῦ
1583 2765 1810 2836 πατρός.

248 2850 482 2915 ’Δνασάς
509 2852 617 2921 γὰρ
645 2854 782 2924 πρὸς
825 2853 919 2906 τὸν
958 2853 1185 2923 Ἀγαθὸν
1220 2855 1248 2906 6
1277 2854 1461 2927 πατὴρ
1490 2855 1607 2929 666v
1641 2854 1810 2921 ἔδειξε

232 2940 349 3001 τοῖς
401 2939 712 2993 ἀναϐαίνειν
758 2940 1027 2998 θέλουσιν.
1074 2943 1342 3007 ’Λποστὰς
1375 2944 1432 2997 δὲ
1482 2944 1586 3015 τῆς
1648 2945 1813 3016 Ἐδέμ

234 3030 414 3101 ἀρχὴν
469 3030 654 3084 κακῶν
716 3032 939 3101 ἐποίησε
999 3033 1078 3104 τῷ
1130 3033 1403 3105 πνεύματι
1451 3035 1530 3107 τῷ
1578 3036 1639 3089 ἐν
1694 3039 1809 3102 τοῖς
1839 3074 1884 3135 c

231 3119 316 3193 Ip.
361 3122 614 3195 l55-156]
659 3123 966 3195 ἀνθρώποις
987 3126 1055 3180 ⁸⁷.
1096 3127 1384 3197 Ἐπέμφθη
1418 3122 1512 3181 οὖν
1539 3130 1568 3179 6
1599 3128 1811 3201 Βαροὺχ

230 3214 373 3285 πρὸς
404 3214 496 3267 τὸν
522 3214 762 3277 Μωσέα,
800 3217 890 3268 καὶ
936 3216 1003 3269 δι’
1039 3216 1204 3270 αὐτοῦ
1240 3217 1471 3289 ἐλάλησε
1514 3221 1628 3282 τοῖς
1673 3220 1812 3284 υἱοῖς

243 3305 482 3376 Ἰσραὴλ,
501 3308 649 3370 ὅπως
681 3308 1060 3378 ἐπιστραφῶσι
1090 3308 1227 3379 πρὸς
1253 3310 1346 3362 τὸν
1378 3310 1629 3379 Ἀγαθόν.
1664 3311 1725 3365 '0
1754 3310 1811 3365 δὲ

227 3398 417 3468 τρίτος
446 3399 474 3451 6
500 3396 567 3453 ⁵⁸.
606 3438 621 3452 .
656 3438 670 3452 .
708 3438 723 3452 .
755 3397 845 3451 διὰ
875 3399 973 3470 τῆς
999 3399 1179 3469 ψυχῆς
1224 3400 1332 3454 ἀπὸ
1371 3401 1471 3473 τῆς
1535 3402 1698 3473 Ἐδὲμ
1729 3404 1810 3457 oi-

233 3488 438 3559 κούσης
461 3489 505 3521 ⁵⁹
546 3491 625 3553 είς
677 3489 770 3545 τὸν
808 3490 1048 3557 Μωσέα,
1094 3490 1284 3561 ὥσπερ
1334 3493 1426 3545 καὶ
1472 3493 1554 3556 εἰς
1601 3493 1813 3559 πάντας

228 3578 593 3648 ἀνθρώπους,
620 3579 721 3644 τάς
749 3579 969 3643 ἐντολὰς
1018 3579 1113 3632 τοῦ
1150 3580 1364 3651 Βαροὺχ
1393 3581 1689 3636 ἐπεσκίασε
1715 3582 1810 3637 καὶ

228 3670 333 3732 τὰς
370 3669 508 3735 ιδίας
540 3671 795 3745 ἐποίησεν
829 3672 1148 3726 ἀκούεσθαι’
1182 3673 1270 3727 διά
1318 3674 1479 3728 τοῦτο
1508 3676 1541 3746 ἡ
1575 3675 1723 3749 ψυχὴ
1764 3676 1809 3708 ⁶⁰

228 3760 374 3815 κατά
394 3761 488 3814 τοῦ
516 3762 827 3832 πνεύματος
870 3763 1132 3817 τέτακται
1157 3805 1172 3829 ,
1203 3764 1298 3818 καὶ
1327 3764 1388 3818 τὸ
1416 3763 1634 3835 πνεῦμα
1666 3765 1810 3821 κατά

225 3851 334 3920 τῆς
378 3851 577 3923 ψυχῆς.
620 3854 685 3906 Ἦ
734 3855 835 3925 μὲν
883 3854 992 3925 γὰρ
1029 3855 1178 3927 ψυχή
1227 3856 1375 3909 ἐστιν
1416 3856 1599 3928 Ἐδὲμ,
1644 3858 1704 3911 τὸ
1750 3856 1810 3911 δὲ

225 3943 451 4013 πνεῦμα
489 3944 745 4015 Ἐλωεὶμ,
778 3944 1017 4016 ἐκάτερα
1041 3947 1172 4000 ὅντα
1198 3948 1257 3999 ἐν
1298 3948 1465 4000 πᾶσιν
1501 3946 1810 4019 ἀνθρώποις

224 4037 328 4091 καὶ
349 4036 535 4108 θήλεσι
553 4039 647 4091 καὶ
668 4037 877 4109 ἀρῤεσι.
900 4038 1069 4091 Πάλιν
1095 4037 1235 4109 μετά
1249 4039 1422 4092 ταῦτα
1443 4038 1696 4111 ἐπέμφθη
1719 4040 1810 4093 ἐπὶ

224 4130 360 4192 τοὺς
373 4131 654 4201 προφήτας
668 4133 696 4184 6
714 4131 948 4202 Βαροὺχ,
965 4130 1051 4183 ἵνα
1064 4130 1150 4184 διὰ
1165 4130 1273 4184 τῶν
1291 4132 1586 4203 προφητῶν
1602 4131 1811 4206 ἀκούσῃ

224 4224 293 4277 τὸ
327 4222 543 4294 πνεῦμα
589 4224 648 4276 τὸ
692 4225 748 4277 ἐν
796 4225 908 4288 τοῖς
942 4222 1254 4294 ἀνθρώποις
1296 4223 1338 4256 ⁶¹
1374 4224 1665 4279 κατοικοῦν
1713 4224 1811 4278 καὶ

1923 1839 2186 1891 malorum
2220 1836 2347 1891 fecit
2381 1837 2620 1906 spiritui,
2665 1837 2758 1907 qui
2793 1845 2878 1891 est
2910 1837 2963 1891 in
2998 1836 3326 1891 hominibus.
3365 1833 3496 1891 Mis-

1920 1945 2014 1985 sus
2044 1928 2396 1999 226-227
2424 1928 2589 1998 igitur
2620 1937 2704 1983 est
2728 1927 2943 1983 Baruch
2978 1929 3045 1983 ad
3085 1926 3270 1983 Mosen
3298 1936 3355 1983 et
3398 1942 3498 1998 per

1918 2037 2040 2075 eum
2074 2021 2286 2075 loculus
2326 2030 2411 2075 est
2445 2020 2571 2075 filiis
2608 2019 2797 2083 lsrael,
2840 2030 2899 2073 ut
2943 2027 3391 2075 converterentur
3427 2020 3495 2074 ad

1918 2112 2149 2168 Bonum.
2175 2111 2397 2167 Tertius
2424 2125 2602 2167 autem
2633 2112 2880 2182 (angelus
2895 2110 3087 2180 Edem)
3126 2126 3223 2180 per
3256 2110 3496 2166 animam

1922 2205 1988 2258 ab
2028 2204 2196 2258 Eilcm
2228 2204 2565 2257 habitantem
2594 2204 2645 2257 in
2680 2202 2851 2266 Mose,
2879 2203 3021 2257 sicut
3046 2203 3209 2257 etiam
3248 2203 3299 2256 in
3322 2203 3500 2258 omni—

1919 2297 2019 2352 bus
2056 2295 2397 2361 hominibus,
2430 2304 2701 2365 pracepta
2735 2294 2945 2349 Baruch
2977 2295 3291 2349 obscuravit
3319 2304 3375 2349 et
3402 2310 3498 2351 sua

1920 2388 2089 2457 ipsius
2133 2387 2262 2442 fecit
2292 2395 2350 2441 ut
2389 2388 2731 2443 audirentur.
2767 2388 3058 2457 Propterea
3111 2388 3288 2443 anima
3330 2388 3500 2444 exad—

1918 2497 2132 2536 versum
2179 2481 2398 2551 spiritui
2448 2481 2711 2537 collocata
2760 2491 2845 2536 est
2885 2491 2934 2536 ει
2995 2482 3222 2552 spiritus
3274 2483 3494 2538 animae.

1916 2575 2109 2628 Anima
2138 2575 2282 2628 enim
2310 2582 2393 2629 est
2426 2572 2615 2639 Edem,
2645 2574 2868 2643 spiritus
2896 2582 3076 2629 autem
3105 2574 3341 2640 Eiohim,
3373 2590 3502 2645 quo-

1918 2683 2036 2722 rum
2080 2676 2372 2736 utrumque
2403 2677 2489 2721 est
2529 2666 2584 2720 in
2629 2666 2882 2721 omnibus
2908 2665 3218 2722 hominibus
3259 2676 3317 2721 ει
3342 2665 3501 2720 femi-

1916 2758 2060 2813 ninis
2085 2769 2140 2813 et
2170 2759 2454 2814 masculis.
2501 2757 2715 2813 Rursus
2760 2768 2884 2827 post
2919 2758 3034 2813 haec
3068 2759 3271 2816 missus
3296 2768 3383 2815 est
3429 2762 3496 2814 ad

1915 2850 2207 2921 prophetas
2231 2848 2469 2915 Baruch,
2504 2858 2564 2905 ut
2594 2864 2691 2919 per
2718 2851 3012 2919 prophetas
3035 2850 3248 2906 audiret
3278 2852 3501 2921 spiritus

1914 2942 1967 2996 iu
2010 2941 2321 2996 hominibus
2352 2941 2606 2996 habitans
2640 2949 2694 2995 et
2723 2941 2934 3011 fugeret
2964 2940 3132 2996 Edem
3166 2952 3221 2996 et
3247 2941 3498 2996 {loturam

1914 3047 2171 3101 pravam,
2230 3032 2305 3085 uti
2358 3032 2495 3098 fugit
2546 3041 2701 3101 pater
2759 3030 2997 3086 Elobim.
3072 3028 3284 3087 Pariter
3334 3033 3496 3087 etiam

1913 3125 2103 3179 eodem
2138 3124 2367 3178 consilio
2402 3123 2545 3179 Naas
2595 3138 2690 3193 per
2727 3124 2967 3178 animam
3007 3123 3403 3179 inhabitantem
3446 3124 3498 3177 in

1913 3216 2133 3271 homine
2181 3232 2303 3270 cum
2340 3217 2536 3285 spiritu
2566 3217 2737 3286 patris
2764 3216 2952 3272 allexit
2982 3219 3297 3287 prophetas,
3331 3226 3385 3270 et
3417 3217 3499 3271 ai-

1913 3308 2037 3364 lecti
2067 3318 2192 3363 sunt
2218 3324 2409 3363 omnes
2427 3321 2483 3362 et
2514 3323 2621 3362 non
2654 3309 2897 3379 obsecuti
2922 3318 3049 3363 sunt
3074 3309 3237 3364 dictis
3264 3308 3498 3374 Baruch,

1912 3415 2035 3470 quae
2070 3400 2385 3471 iniunxerat
2430 3398 2670 3455 Elobim.
2700 3400 2783 3454 Ad
2827 3410 3131 3455 extremum
3176 3414 3206 3453 e
3239 3400 3499 3468 praeputio

1912 3494 2231 3565 prophetam
2283 3493 2484 3563 delegit
2528 3492 2743 3548 Eiohim
2796 3492 3085 3547 Herculem
3139 3501 3194 3547 et
3239 3493 3390 3547 misit
3439 3502 3500 3548 ut

1913 3584 2199 3643 duodecim
2224 3586 2448 3658 angelos
2472 3585 2640 3640 Edem
2666 3586 2925 3641 luctando
2949 3585 3260 3640 devinceret
3280 3595 3332 3639 et
3359 3584 3495 3640 libe-

1910 3688 2062 3735 raret
2098 3687 2308 3750 patrem
2335 3693 2364 3733 a
2398 3678 2688 3733 duodecim
2741 3677 2950 3748 angelis
2988 3687 3254 3732 creaturae
3294 3677 3494 3746 pravis.

1913 3770 1978 3826 ili
2033 3781 2163 3827 sunt
2200 3770 2486 3826 duodecim
2536 3769 2751 3825 labores
2802 3768 3072 3838 Herculis,
3123 3784 3259 3840 quos
3293 3770 3498 3840 peregit

1912 3861 2174 3918 Hercules
2202 3863 2415 3929 ordine,
2455 3877 2485 3918 a
2520 3862 2697 3933 primo
2740 3864 2807 3917 ad
2837 3846 3168 3925 extremum,
3202 3861 3501 3917 devincens

1913 3952 2126 4010 leonem
2154 3963 2209 4008 et
2253 3954 2479 4024 hydram
2509 3962 2564 4008 et
2591 3968 2804 4023 aprum,
2836 3962 2890 4007 et
2913 3952 3193 4021 deinceps.
3235 3950 3498 4005 Etlmicn-

1912 4060 2032 4101 rum
2082 4046 2230 4100 enim
2275 4060 2400 4101 esse
2447 4045 2563 4099 haec
2624 4044 2868 4107 nomina,
2919 4058 3041 4113 quae
3105 4044 3331 4112 repetita
3376 4058 3499 4097 esse

1910 4138 2063 4192 aiunt
2094 4137 2163 4191 ab
2186 4151 2350 4207 opera
2382 4146 2749 4192 maternorum
2798 4136 3140 4205 angelorum.
3187 4133 3288 4189 Ubi
3317 4144 3495 4190 autem

1912 4228 2017 4285 sibi
2048 4230 2201 4284 visus
2222 4237 2308 4285 est
2332 4243 2526 4285 omnes
2557 4229 2775 4283 labores
2809 4227 3107 4297 peregisse,
3153 4242 3275 4281 sese
3319 4226 3495 4296 appli-

226 4315 384 4388 φύγῃ
408 4318 451 4348 ⁸³
502 4317 601 4388 τὴν
646 4316 810 4387 Ἐδὲμ
860 4317 958 4371 καὶ
1004 4316 1103 4385 τὴν
1137 4316 1334 4372 πλάσιν
1390 4318 1489 4389 τὴν
1541 4316 1809 4389 πονηρὰν,

1927 4329 2003 4375 :at
2043 4320 2112 4375 ad
2158 4334 2280 4374 eum
2326 4320 2613 4389 Omphale,
2647 4334 2770 4389 qua:
2798 4318 3017 4389 quidem
3062 4327 3146 4373 est
3189 4317 3352 4374 Babel
3383 4319 3497 4372 sive

222 4407 422 4479 ὥσπερ
476 4407 675 4478 ἔφυγεν
724 4410 753 4462 6
803 4394 1281 4481 πατὴρἜλωείμσ
1316 4410 1520 4480 ὁμοίως
1567 4412 1663 4464 καὶ
1699 4409 1811 4482 [διὰ

1927 4411 2123 4474 Venus,
2161 4419 2217 4464 et
2248 4408 2577 4466 blandiendo
2611 4410 2756 4480 capit
2784 4408 3073 4464 Herculem
3126 4417 3181 4463 et
3219 4409 3369 4463 exuit
3400 4424 3494 4478 po-

225 4497 344 4551 τῶν
378 4486 702 4571 προφητῶν]
742 4498 789 4530 ⁸³
818 4500 886 4570 τῇ
913 4499 1049 4569 αὐτῇ
1085 4498 1298 4570 ἐπινοίᾳ
1332 4498 1360 4548 ὁ
1394 4498 1547 4561 Νάας
1587 4498 1677 4552 διὰ
1703 4497 1806 4568 τῆς

1927 4514 2162 4559 Lestatem
2192 4502 2345 4572 eius,
2384 4513 2653 4572 prmcepta
2698 4501 2935 4567 Baruch,
2978 4516 3099 4572 quae
3144 4503 3498 4556 mandaverat

222 4587 413 4659 ψυχῆς
436 4589 483 4619 ⁸⁵
526 4590 629 4659 τῆς
678 4589 993 4659 ἐνοικούσης
1040 4589 1097 4641 ἐν
1143 4589 1224 4659 τῷ
1276 4589 1549 4660 ἀνθρώπῳ
1600 4591 1698 4644 σὺν
1728 4589 1806 4659 τῷ

1927 4593 2147 4657 Eiohim,
2196 4600 2251 4647 et
2288 4591 2565 4647 redinduit
2606 4606 2757 4646 suam
2814 4591 2983 4661 ipsius
3013 4599 3239 4656 vestem,
3277 4591 3379 4644 hoc
3413 4599 3497 4644 est

226 4680 507 4747 πνεύματι
535 4678 631 4731 τοῦ
659 4679 866 4749 πατρὸς
887 4678 1128 4750 ὑπέσυρε
1150 4679 1196 4710 ⁸⁸
1223 4680 1348 4742 τοὺς
1377 4681 1685 4750 προφήτας,
1712 4680 1808 4732 καὶ

1927 4690 2242 4747 potestatem
2297 4681 2483 4745 Edem,
2540 4680 2681 4734 infra
2723 4679 3028 4749 potestatis,
3070 4689 3127 4733 et
3174 4680 3243 4732 ita
3300 4689 3492 4733 eventu

227 4768 585 4840 ὑπεσύρησαν
604 4771 650 4802 ⁸⁸
701 4774 710 4838 |
758 4770 978 4834 πάντες,
1020 4770 1113 4823 καὶ
1152 4771 1253 4823 οὐκ
1295 4769 1668 4841 ἠκολούθησαν
1699 4772 1809 4832 τοῖς

1927 4781 2208 4827 :uruerunt
2242 4771 2489 4826 Herculis
2518 4771 2797 4841 prophetia
2829 4782 2882 4823 et
2916 4786 3079 4839 opera
3123 4771 3259 4840 eius.
3291 4770 3371 4824 Ad
3396 4784 3494 4823 ex-

225 4860 416 4929 λόγοις
442 4863 488 4894 ⁸⁷
526 4861 619 4915 τοῦ
664 4864 901 4934 Βαροὺχ,
945 4862 1038 4928 οὓς
1085 4863 1390 4916 ἐνετείλατο
1434 4863 1685 4933 Ἐλωείμ.
1736 4863 1810 4915 Τὸ

1927 4877 2149 4918 tremum
2187 4873 2367 4919 autem
2419 4864 2610 4919 diebus
2660 4860 2890 4918 Herodis
2940 4862 3084 4931 regis
3118 4862 3346 4915 mittitur
3390 4860 3493 4912 Ba-

1510 5017 1589 5070 VA
1602 5016 1737 5071 Ill/1'2
1775 5017 2180 5076 LECTIONES.

309 5138 354 5171 ⁸¹
378 5136 728 5210 ῥασανίςεται
889 5138 934 5168 ⁵³
974 5138 1152 5192 αὐτῶν
1197 5139 1346 5208 αύτῴ
1378 5140 1449 5210 ιζ,
1483 5138 1550 5192 Μ.
1626 5140 1672 5169 ⁵⁸
1704 5138 2032 5210 ἀνθρώποις.
2064 5142 2235 5193 Πάλιν
2270 5140 2460 5194 ἐλθών.
2514 5138 2825 5210 ἀνθρώποις
2854 5143 3069 5210 πᾶσινη
3093 5136 3294 5210 Ἐλθών
3324 5136 3387 5203 C,

223 5209 281 5242 ⁸⁵
324 5210 344 5261 Ι
376 5207 510 5261 Μοε.
540 5209 608 5278 ll,
642 5209 727 5278 i7.
754 5207 866 5261 Cir.
898 5224 1073 5278 supra
1110 5226 1161 5277 p.
1210 5210 1333 5271 208,
1366 5209 1425 5262 9|
1466 5225 1585 5277 sqq.
1685 5210 1730 5240 °°
1766 5207 1861 5262 τοῦ
1908 5209 2065 5275 ξύλου
2114 5212 2231 5263 τοῦ.
2272 5210 2365 5263 τοῦ
2404 5211 2467 5273 C,
2495 5209 2588 5263 τοῦ
2621 5207 2720 5260 ’τοῦ
2765 5211 2839 5262 Μ.
2917 5210 2962 5240 ⁵⁷
3002 5207 3080 5277 τῷ
3113 5207 3385 5278 πνεύματι
3417 5208 3496 5277 τῷ

224 5282 442 5350 ἐνᾉτοίς
489 5276 817 5350 ἀνθρώποις.
851 5277 929 5350 τῷ
957 5276 1225 5350 πνεύματι
1268 5278 1360 5350 τοῦ
1396 5276 1604 5349 Πατρὸς
1639 5279 1731 5331 τοῦ
1765 5282 1821 5331 ὲν
1862 5283 1976 5341 τοῖς
2012 5279 2261 5350 ούρανοῖς
2302 5282 2360 5342 C,
2398 5280 2474 5350 τῷ
2530 5278 2802 5350 πνεύματι
2836 5297 2885 5331 τ.
2927 5276 3099 5346 Πατρ.
3149 5276 3344 5350 τούέν
3380 5276 3494 5338 τοῖς

225 5347 812 5420 ἀνθρώποιςλειιερ.
845 5348 922 5417 τῷ
955 5348 1227 5420 πνεύματι
1255 5348 1348 5420 τοῦ
1386 5347 1557 5420 Ιιατρ.
1581 5350 1658 5420 τῷ
1684 5353 1738 5402 ἐν
1771 5351 1882 5420 τοῖς
1906 5348 2215 5420 ἀνθρώποις
2250 5347 2594 5418 Βειίιειδῖείηε.
2671 5348 2726 5420 ⁸⁸γ
2745 5349 2873 5401 Post
2900 5353 3060 5420 verba
3087 5348 3319 5420 τρίτος
3340 5363 3494 5413 quae-

231 5405 363 5489 dam
390 5405 965 5489 excitlisse:videtttur.
1041 5405 1377 5489 δέὈίκούσης
1422 5419 1484 5482 ιζ,
1509 5405 1757 5489 ’ἡκούσης
1781 5405 1895 5489 Mf”
1929 5420 1972 5450 ⁶⁰
2013 5405 2096 5473 Cf.
2127 5405 2301 5472 Ga'lzil.
2336 5437 2387 5481 v,
2419 5410 2482 5472 Π
2519 5437 2532 5472 :
2585 5420 2647 5470 Ἦ
2672 5419 2780 5487 γὰρ
2826 5419 2963 5489 σὰρξ
3004 5405 3493 5489 ἐπιθύμεῗ-(στρα-

236 5486 454 5559 τεύεται
483 5487 634 5559 orig.
662 5487 718 5559 5,
746 5487 849 5559 550
869 5488 923 5557 d)
946 5488 1089 5559 κατὰ
1120 5487 1214 5540 τοῦ
1240 5486 1568 5557 πνεύματος,
1597 5490 1657 5541 τὸ
1683 5486 1738 5541 δὲ
1766 5488 1984 5558 πνεῦμα
2009 5490 2149 5542 κατά
2175 5493 2264 5552 τὲς
2310 5492 2527 5559 σαρκός,
2556 5490 2730 5541 ταῦτα
2752 5486 2867 5559 γὰρ
2891 5486 3140 5559 ἀλλήλοις
3166 5486 3488 5559 ἀντίκειται,

242 5514 454 5541 ῑςυιίαι
483 5514 547 5542 υΙ
563 5514 632 5557 is.
662 5514 718 5553 υ,
746 5514 849 5541 υυυ
869 5514 923 5557 υ)
948 5514 1089 5540 κατα
1120 5514 1214 5540 τυυ
1240 5514 1568 5557 πνευματος,
1597 5514 1657 5541 τυ
1683 5514 1738 5541 UE
1766 5514 1984 5558 πνευμα
2009 5514 2149 5542 κατα
2175 5514 2264 5552 τες
2310 5514 2527 5559 cupito;
2556 5514 2730 5541 ταυτα
2759 5514 2867 5559 γαρ
2891 5514 3137 5558 αΛΛηιιυις
3166 5514 3488 5545 αγιυιιινιυοι,

212 5514 295 5633 in:
319 5573 371 5633 τἶ
398 5556 452 5612 λ.
529 5556 571 5588 ⁸⁸
612 5556 940 5633 ἀνθρώποις.
972 5556 1296 5633 Bernaysius
1326 5576 1341 5611 :
1372 5559 1620 5633 οὐρανοζς
1656 5560 1719 5626 C,
1754 5560 1821 5614 Μ.
1899 5559 1944 5633 "_
1978 5560 2147 5633 φύγῃ.
2181 5561 2354 5628 φυγόν
2387 5561 2449 5625 C,
2601 5560 2716 5633 6:6
2736 5560 2845 5633 τῶν
2877 5558 3189 5633 προφητῶν,
3215 5555 3378 5633 lintris
3409 5556 3491 5633 i31-

231 5625 522 5699 elusimus,
554 5622 753 5699 quippe
788 5642 911 5699 qua}
935 5622 1258 5699 sententiam
1304 5622 1541 5699 turbent.
1568 5622 1800 5684 fortasse
1844 5622 2210 5699 male'ite'r'ata
2253 5622 2317 5683 ex
2348 5622 2755 5696 superioribus-
2808 5632 2853 5660 ⁸*
2882 5622 3080 5699 ψυχῆς.
3102 5624 3375 5699 εὐχῆς-θ,
3412 5622 3486 5681 Μ.

235 5695 291 5731 ⁸⁸
326 5696 585 5768 ὑπέσυρε.
613 5695 846 5769 ἐπέσυρε
871 5697 932 5766 C,
961 5697 1256 5772 ἐπεσύρετο
1285 5714 1435 5771 susp.
1473 5697 1541 5753 Μ.
1567 5701 1612 5733 ⁸⁵
1642 5699 2012 5769 ὑπεσύρησαν.
2051 5695 2473 5767 ὲπεσύρησανϐ.
2552 5702 2593 5732 ⁸⁷
2635 5703 2745 5764 τοῖς
2779 5695 3060 5767 tam-1%.:
3101 5695 3246 5766 λόγοι
3268 5696 3331 5753 ς.
