3804 6220
376 265 515 332 3201

1846 273 1974 342 OB]
1983 272 2136 333 GEN
2144 275 2214 333 IS

3507 272 3654 334 3202

374 385 541 447 ruch,
588 378 863 439 demissus
914 398 1105 441 rursus
1137 386 1206 439 ab
1247 383 1479 449 Elohim,
1506 394 1710 440 etcum
1757 399 1793 439 at

2086 384 2387 439 τελευταῖον
2445 384 2505 449 ἐξ
2563 382 2933 456 άκροδυστίας
3010 383 3297 454 προφήτην
3362 381 3657 447 ἐπελέξατο

374 471 675 540 Nazareth,
710 475 915 543 reperit
958 474 1171 542 Jesum,
1204 478 1373 533 lilium
1422 476 1641 548 Josephi
1669 486 1725 531 et
1765 475 1968 531 Mariae.

2086 473 2322 545 Ἐλωεὶμ
2342 474 2433 529 τὸν
2469 473 2745 545 Ἠρακλέα
2764 475 2858 530 καὶ
2882 474 3149 546 ἐπεμψεν.
3180 474 3265 527 ἶνα
3288 475 3413 537 τοὺς
3440 473 3654 527 δώδεκα

374 573 693 633 pascentem
731 581 884 631 oves,
934 569 1220 638 puerulum
1265 569 1550 624 duodecim
1582 562 1793 622 'annoru

2086 567 2343 635 ἐγγέλους
2374 568 2474 639 τῆς
2513 567 2677 638 Ἐδέμ
2706 568 3147 638 καταγωνίσηται
3188 568 3282 620 καὶ
3306 565 3654 639 ἐλευθερώσῃ

373 656 661 709 annuntiat
691 655 739 710 ei
769 658 838 713 ab
867 657 1026 712 initio
1065 660 1251 713 omnia
1284 673 1635 729 quacunque
1663 658 1793 711 lact:

2086 662 2163 714 πον
2208 661 2424 733 πατέρα
2453 661 2564 715 ἀπὸ
2605 660 2714 715 τῶν
2762 658 2973 713 δώδεκα
3014 658 3259 728 ἀγγέλων
3290 660 3391 729 τῆς
3422 657 3655 721 κτίσεως

376 748 445 798 ah
506 745 673 801 Edem
723 758 779 803 et
825 749 1039 806 Elohim
1080 760 1137 806 et
1163 752 1393 819 posthac
1442 751 1645 817 futura,
1691 760 1747 804 et
1785 749 1964 805 dixit:

376 836 574 890 Omnes
625 848 750 893 ante
794 848 843 895 te
891 843 1159 911 propheta:
1212 841 1576 912 εδδ-229
1627 841 1769 910 capti
1818 850 1963 896 sunt.

377 928 610 996 (heram
640 933 806 1002 igitur
832 935 981 997 dato,
1010 935 1163 998 Iesu,
1194 934 1277 1004 fili
1321 938 1573 999 hominis,
1607 952 1670 991 ne
1706 937 1961 1002 capiaris,

370 1022 463 1074 sed
500 1024 741 1079 nuntiato
773 1027 910 1080 hunc
942 1043 1231 1081 sermonem
1254 1028 1554 1081 hominibus
1581 1036 1631 1081 et
1663 1028 1963 1081 renuntiato

368 1115 479 1168 illis
514 1132 633 1186 qua
655 1128 776 1171 sunt
803 1120 973 1187 patris
1002 1131 1052 1174 et
1079 1137 1197 1191 qua'
1223 1130 1345 1175 sunt
1374 1120 1536 1184 Boni,
1568 1130 1619 1175 et
1644 1118 1865 1175 ascende
1890 1120 1962 1173 ad

369 1206 580 1263 Bonum
609 1222 656 1264 et
682 1213 944 1266 considite
974 1214 1086 1267 illic
1115 1228 1233 1267 cum
1262 1214 1495 1272 omnium
1517 1223 1759 1267 nostrum
1798 1211 1961 1267 Patre

370 1297 608 1355 Eloltitn.
643 1302 709 1355 Et
741 1302 947 1357 obediit
995 1303 1187 1374 angelo
1232 1302 1391 1359 Jesus
1424 1302 1566 1357 latus
1592 1320 1605 1356 :
1635 1301 1680 1356 0
1713 1301 1956 1363 Domine.

369 1388 570 1460 faciam
602 1394 801 1459 omnia,
838 1404 891 1448 et
940 1396 1291 1450 renuntiavit.
1331 1395 1589 1465 Decipere
1619 1396 1782 1467 igitur
1814 1396 1958 1453 Naas

369 1484 537 1536 etiam
566 1483 711 1540 hunc
734 1486 926 1552 voluit,
962 1485 1079 1559 [sed
1107 1487 1269 1543 Jesus
1298 1489 1523 1549 obedire
1560 1491 1609 1544 ei
1644 1488 1864 1562 noluit],
1894 1489 1958 1543 li-

370 1576 509 1631 delis
532 1580 677 1632 enim
712 1580 913 1634 mansit
938 1579 1172 1636 Baruch.
1204 1580 1379 1636 Iratus
1409 1583 1571 1652 igitur
1594 1582 1760 1645 Naas.
1810 1582 1954 1652 quod

369 1684 493 1723 eum
525 1670 777 1738 decipere
806 1689 910 1726 non
942 1678 1141 1744 potuit,
1176 1674 1301 1729 fecit
1326 1683 1383 1728 ut
1417 1676 1467 1728 in
1497 1690 1711 1730 crucem
1740 1674 1955 1745 sumse-

370 1772 541 1817 rvtur.
590 1763 688 1819 Ille
722 1775 928 1830 autem,
961 1766 1148 1821 relicto
1183 1783 1413 1836 corpore
1460 1768 1623 1823 Edem
1666 1769 1718 1823 in
1765 1785 1949 1835 cruce,

368 1856 615 1910 ascendit
645 1857 710 1911 ad
755 1858 980 1915 Bonum.
1014 1858 1210 1914 Dicens
1252 1872 1433 1916 autem
1474 1862 1542 1916 ad
1573 1860 1776 1916 Etlem:
1826 1860 1953 1915 Mu-

370 1947 492 2013 lier,
530 1949 692 2004 habet
725 1962 871 2006 tuum
909 1953 1006 2005 tibi
1036 1953 1228 2019 ﬁlium,
1262 1953 1365 2007 hoc
1393 1964 1479 2009 est
1513 1954 1807 2009 animalem
1847 1956 1952 2012 ho-

364 2041 570 2097 minem
620 2055 673 2097 et
708 2046 994 2111 choicum;
1030 2047 1143 2115 ipse
1168 2060 1350 2102 autem
1384 2048 1627 2115 deposito
1658 2047 1710 2100 iu
1760 2062 1952 2101 manus

364 2135 540 2203 patris
571 2136 763 2206 spiritu
797 2140 1044 2192 ascendit
1079 2141 1145 2193 ad
1176 2138 1405 2193 Bonum.
1437 2140 1618 2196 Bonus
1658 2150 1839 2195 autem
1866 2148 1953 2194 est

363 2224 614 2297 Priapus,
664 2229 711 2284 is
764 2230 854 2300 qui
906 2239 1194 2299 antequam
1246 2232 1539 2302 quidquam
1596 2242 1737 2287 esset
1798 2232 1950 2288 fecit.

362 2317 596 2390 Propter
652 2320 753 2375 hoc
781 2332 1006 2375 vocatur
1041 2321 1295 2393 Priapus,
1344 2326 1600 2394 quoniam
1634 2325 1784 2394 prius
1818 2324 1952 2380 fecit

360 2413 562 2468 omnia.
619 2412 938 2483 Proliterea,
980 2416 1174 2486 inquit,
1228 2417 1280 2471 in
1322 2418 1469 2472 omni
1506 2417 1707 2485 templo
1755 2418 1950 2471 statui-

363 2513 475 2567 tur,
523 2506 593 2559 ah
622 2506 767 2560 omni
822 2517 1018 2562 natura
1056 2508 1359 2564 honoratus
1401 2516 1455 2562 et
1494 2509 1546 2562 in
1585 2509 1687 2563 viis
1727 2519 1951 2579 portans

359 2595 571 2652 fructus
614 2598 962 2654 autumnales
992 2616 1019 2653 a
1053 2615 1111 2654 se
1140 2616 1433 2670 suspensas
1454 2642 1468 2665 ,
1496 2602 1597 2657 hoc
1627 2610 1710 2656 est
1744 2600 1950 2656 fructus

360 2699 647 2752 creaturae,
686 2707 917 2761 quorum
971 2703 1163 2750 auctor
1218 2695 1451 2763 exstitit,
1488 2696 1744 2767 quoniam
1798 2697 1949 2766 prius

356 2783 816 2837 l'e-itcreaturam
853 2797 1012 2839 antea
1055 2802 1162 2841 non
1209 2786 1588 2842 exsisteutem.
1625 2787 1729 2843 Uhi
1777 2788 1947 2857 igitur

360 2874 618 2937 audietis,
651 2875 853 2944 inquit,
895 2873 1138 2930 dicentes
1176 2876 1425 2931 homines
1464 2892 1697 2947 cygnum
1734 2878 1951 2932 venisse

357 2966 425 3018 ad
478 2964 679 3019 Ledam
712 2975 765 3020 et
796 2982 1088 3037 generasse
1124 2982 1188 3022 ex
1242 2983 1329 3033 ea,
1361 2983 1569 3039 cygnus
1618 2980 1703 3023 est
1734 2968 1946 3023 Elohim

355 3069 410 3108 et
453 3054 595 3109 Leda
632 3054 820 3111 Edent.
881 3058 943 3112 Et
994 3074 1115 3112 cum
1170 3057 1362 3113 dicunt
1408 3060 1658 3115 homines
1707 3062 1943 3131 aquilam
1973 3078 2019 3139 ο

354 3148 575 3204 Venisse
605 3149 672 3207 ad
703 3149 1099 3218 Ganymedem,
1131 3152 1314 3220 aquila
1344 3161 1429 3206 est
1467 3152 1631 3216 Naas,
1667 3150 1943 3223 Ganyme-

358 3245 455 3297 des
486 3251 665 3296 autem
713 3243 907 3307 Adam,
943 3253 1001 3298 et
1029 3243 1117 3298 ubi
1153 3244 1343 3299 dicunt
1376 3261 1570 3299 aurum
1623 3246 1841 3301 venisse
1876 3247 1943 3302 ad

360 3332 602 3386 Danaam
653 3344 707 3389 et
757 3349 1051 3402 generasse
1088 3350 1155 3390 ex
1202 3351 1288 3400 ea,
1330 3352 1522 3392 aurum
1572 3347 1658 3394 est
1709 3340 1939 3405 Elohim,

354 3421 542 3485 ulnae
589 3436 769 3482 autem
807 3437 894 3482 est
931 3426 1120 3483 Edem.
1160 3427 1424 3485 Similiter
1463 3440 1643 3486 autem
1692 3434 1745 3488 in
1792 3448 1945 3488 eum-

357 3518 478 3568 dem
535 3517 751 3570 modum
790 3533 981 3573 omnes
1020 3519 1158 3575 tales
1203 3536 1507 3585 sermones,
1561 3521 1777 3580 fabulas
1806 3540 1943 3579 cou-

356 3608 564 3664 Similes
610 3608 761 3676 juxta
817 3620 1103 3678 ponentes,
1179 3614 1423 3667 tradunt.
1495 3614 1722 3681 Quando
1778 3617 1945 3689 igitur

354 3702 635 3769 prOpheta'
663 3702 843 3755 dicunt
878 3720 892 3757 :
924 3703 1063 3755 Audi
1089 3704 1277 3757 caelum
1300 3713 1351 3758 et
1378 3721 1531 3760 aures
1554 3710 1748 3777 arrige,
1776 3718 1942 3771 terra,

355 3790 613 3844 Dominus
648 3791 854 3846 locutus
880 3802 978 3858 est,
1018 3795 1218 3848 cadum
1266 3796 1419 3862 dicit,
1452 3797 1649 3867 inquit,
1691 3800 1942 3868 spiritum

354 3885 446 3951 qui
487 3894 571 3938 est
613 3885 663 3938 in
711 3886 928 3940 homine
960 3887 1029 3940 ah
1074 3887 1306 3953 Elohim,
1344 3896 1546 3942 terram
1591 3901 1773 3946 autem
1820 3892 1941 3947 ani-

355 3990 501 4028 mam
534 3990 653 4042 quze
711 3987 800 4031 est
845 3977 898 4030 iu
951 3978 1172 4033 homine
1222 3993 1342 4033 cum
1393 3982 1605 4049 spiritu,
1654 3982 1940 4040 Dowiuum

354 4076 535 4121 autem
570 4067 806 4132 Baruch,
836 4068 999 4125 Israel
1033 4078 1212 4124 autem
1246 4072 1435 4127 Edem.
1474 4072 1636 4129 Edem
1670 4075 1814 4129 euim
1847 4092 1944 4131 νο-

357 4166 519 4214 catur
562 4172 617 4213 et
647 4158 814 4215 Israel
848 4159 1043 4228 conjux
1096 4158 1331 4216 Elohim.
1385 4160 1510 4216 Non
1549 4166 1789 4233 cognovit
1838 4184 1939 4233 me,

354 4252 555 4319 inquit,
591 4251 804 4317 Israel;
834 4254 881 4307 si
915 4254 1054 4307 enim
1085 4255 1405 4323 cognouisset
1456 4273 1538 4310 me
1562 4258 1705 4324 apud
1732 4256 1941 4313 Bonum

352 4360 487 4407 esse,
550 4363 654 4398 non
714 4347 1000 4414 puniturus
1063 4346 1419 4425 230—231
1486 4359 1601 4404 erat
1669 4352 1937 4419 spiritum,

353 4438 445 4506 qui
478 4451 552 4493 est
585 4440 641 4492 in
667 4440 965 4494 hominibus
991 4424 1381 4509 peripaternum
1414 4442 1793 4511 ignorantiam.

2066 755 2179 807 τῶν
2205 772 2340 826 πονη
2351 756 2480 826 ρῶν.
2512 755 2699 809 Ταῦτά
2722 756 2841 807 ἐστι
2864 753 2934 807 τά
2961 751 3172 807 δώδεκα
3192 747 3331 805 ἆθλα
3357 750 3450 804 τοῦ
3488 751 3656 821 Ἦρα-

2066 847 2286 911 κλέους.
2328 848 2364 903 ἃ
2402 846 2819 917 κατηγωνίσατο
2846 847 2876 899 6
2911 843 3190 915 Ἡρακλῆς
3216 846 3283 915 τῇ
3321 842 3506 908 τάξει,
3539 842 3654 896 άπὸ

2063 937 2161 992 τοῦ
2218 936 2439 1008 πρώτου
2504 936 2609 999 ἕως
2655 935 2909 1006 ἐσχάτου,
2950 934 3141 988 λέοντα
3190 933 3283 987 καὶ
3331 932 3493 1004 ὕδραν
3556 932 3650 985 καὶ

2063 1027 2279 1098 κάπρον
2305 1028 2401 1081 καὶ
2443 1027 2511 1081 τὰ
2537 1025 2687 1096 ἐξῆς.
2721 1025 2843 1078 Τῶν
2873 1023 3044 1078 ἐθνῶν
3069 1022 3180 1095 γὰρ
3211 1018 3353 1076 εἶναι
3377 1020 3555 1075 ταῦτα
3584 1021 3655 1073 τὰ

2060 1120 2323 1192 ὀνόματα,
2356 1120 2395 1175 ἃ
2422 1121 2863 1192 μετωνόμασται,
2892 1118 3077 1189 φασὶν,
3108 1117 3215 1172 ἀπὸ
3242 1120 3342 1188 τῆς
3368 1114 3655 1188 ἐνεργείας

2059 1214 2168 1269 τῶν
2205 1213 2490 1286 μητρικῶν
2529 1213 2797 1282 ἀγγέλων.
2841 1212 2931 1276 Ὧς
2959 1211 3005 1265 δ’
3034 1212 3079 1243 ⁸⁸
3114 1210 3292 1264 ἐδόκει
3332 1207 3652 1278 κατηγωνί-

2061 1308 2211 1372 σθαι,
2254 1308 2663 1378 προσπλέκεται
2690 1305 2841 1377 αὐτῷ
2865 1308 2900 1378 ή
2942 1302 3214 1376 Ὀμφάλη,
3248 1304 3371 1373 ἥτις
3391 1303 3507 1355 ἐστὶ
3540 1302 3653 1355 Βά-

2059 1401 2155 1455 σελ
2182 1402 2216 1472 ἢ
2249 1402 2295 1435 ’⁸
2333 1402 2647 1473 Ἀφροδίτη,
2686 1402 2782 1455 καὶ
2806 1400 3074 1471 ύποσύρει
3102 1398 3195 1451 τὸν
3233 1396 3506 1467 Ἠρακλέα
3552 1397 3654 1450 καὶ

2057 1491 2405 1547 ἀποδιδύσκει
2428 1492 2529 1563 τὴν
2560 1490 2791 1560 δύναμιν
2818 1488 3007 1556 αὑτοῦ,
3043 1487 3141 1553 τὰς
3166 1487 3382 1550 ἐντολάς
3411 1485 3503 1538 τοῦ
3542 1484 3653 1537 Βα-

2059 1588 2212 1659 ροὺχ,
2245 1586 2310 1651 ἃς
2340 1586 2643 1640 ἐνετείλατο
2674 1585 2937 1656 Ἑλωεὶμ,
2970 1582 3066 1637 καὶ
3102 1580 3501 1653 μετενδιδύσκει
3546 1579 3654 1640 τὴν

2059 1681 2195 1735 ίδίαν
2223 1681 2393 1751 αὐτῆς
2421 1680 2633 1750 στολὴν,
2666 1679 2913 1734 τουτέστι
2931 1677 3030 1748 τὴν
3062 1676 3289 1745 δύναμιν
3314 1674 3411 1743 τῆς
3457 1672 3648 1742 Ἐδὲμ,

2052 1773 2153 1842 τῆς
2203 1774 2352 1826 κάτω
2393 1772 2698 1841 δυνάμεως,
2746 1771 2840 1825 καὶ
2868 1770 3043 1833 οὕτως
3078 1766 3271 1837 ἀτελής
3306 1766 3523 1834 ἐγένετο
3549 1766 3651 1819 τοῦ

2066 1860 2399 1935 Ἡρακλέους
2428 1864 2461 1934 ή
2491 1863 2797 1934 προφητεία
2841 1861 2937 1916 καὶ
2972 1862 3040 1915 τά
3080 1859 3218 1932 ἔργα
3249 1858 3435 1913 αὐτοῦ.
3469 1859 3547 1911 Τὸ
3593 1858 3652 1911 δὲ

2050 1956 2359 2009 τελευταῖον
2380 1957 2437 2009 ἐν
2456 1959 2575 2021 ταῖς
2599 1955 2836 2026 ἡμέραις
2850 1953 3089 2025 Ἡρώδου
3107 1953 3201 2006 τοῦ
3216 1951 3481 2023 βασιλέωῖ
3500 1950 3653 2021 πέμ·

2053 2064 2216 2101 πεται
2240 2049 2268 2101 6
2297 2047 2531 2119 Βαροὺχ,
2570 2045 2990 2116 καταπεμφθεὶς
3019 2042 3182 2096 πάλιν
3205 2041 3310 2096 ὑπὸ
3336 2039 3431 2095 τοῦ
3476 2039 3651 2093 Ἐλωο

2052 2140 2168 2209 εὶμ,
2205 2140 2303 2193 καὶ
2329 2138 2502 2191 ἐλθὼν
2550 2140 2631 2201 εἰς
2668 2136 2923 2207 Ναζαρὲτ
2956 2129 3083 2207 εὗρε
3121 2135 3214 2189 τὸν
3256 2132 3492 2203 Ἰησοῦν,
3525 2132 3652 2186 υίδν

2050 2230 2148 2285 τοῦ
2193 2228 2387 2301 Ἰωσὴφ
2416 2229 2511 2283 καὶ
2540 2228 2797 2300 Μαρίας,
2833 2227 3095 2297 βόσκοντα
3128 2225 3410 2297 πρόϐατα,
3449 2224 3651 2277 παιδά-

2054 2340 2168 2393 ριον
2212 2316 2579 2385 δυωδεκαετές
2602 2363 2617 2387 ,
2648 2322 2745 2375 καὶ
2800 2320 3126 2390 ἀναγγέλλει
3158 2316 3309 2387 αὺτῷ
3338 2318 3435 2370 ἀπ’
3467 2316 3651 2388 ἀρχῆς

2051 2415 2233 2469 πάντα
2269 2416 2373 2469 ὃσα
2400 2414 2617 2483 ἐγένετο
2641 2413 2751 2467 ἀπὸ
2775 2412 2874 2483 τῆς
2911 2412 3072 2483 Ἐδέμ
3102 2412 3182 2483 [ρ.
3212 2408 3517 2481 156—158]
3546 2408 3651 2463 καὶ

2049 2508 2145 2562 τοῦ
2183 2506 2416 2577 Ἐλωεὶμ
2439 2506 2535 2559 καὶ
2558 2505 2626 2558 τά
2648 2504 2698 2536 ⁷ο
2720 2505 2860 2575 μετὰ
2886 2504 3067 2559 ταῦτα
3095 2504 3348 2573 ἐσόμενα,
3374 2502 3472 2556 καὶ
3494 2498 3643 2553 εἷπε·

2051 2599 2283 2665 Πάντες
2338 2600 2393 2652 οὶ
2445 2597 2561 2666 πρὸ
2603 2596 2720 2651 σοῦ
2769 2595 3069 2665 προφῆται
3124 2595 3529 2662 ὑπεσύρησαν
3571 2592 3644 2646 τί.

2050 2690 2365 2759 Πειράθητι
2396 2684 2530 2755 οὖν,
2574 2687 2779 2755 Ἰησοῦ
2798 2729 2813 2752 ,
2844 2686 2938 2741 vis
2982 2684 3298 2755 ἀνθρώπου
3328 2725 3344 2749 ,
3377 2683 3467 2753 μὴ
3497 2686 3649 2738 ὐπο-

2054 2781 2318 2849 συρῆναι
2338 2820 2353 2845 ,
2384 2780 2548 2834 ἀλλὰ
2573 2778 2842 2848 κήρυξον
2884 2777 3101 2833 τοῦτον
3130 2778 3240 2831 τὸν
3283 2777 3475 2845 λόγον
3518 2773 3649 2839 τοῖς

2049 2873 2381 2941 ἀνθρώποις
2433 2871 2530 2925 καὶ
2570 2871 2930 2941 dmin-sutor
2981 2867 3189 2936 αὐτοῖς
3238 2870 3312 2922 τὰ
3351 2867 3493 2935 περὶ
3532 2864 3645 2920 τοῦ

2050 2964 2277 3033 πατρὸς
2306 2964 2404 3018 καὶ
2442 2964 2517 3017 τὰ
2548 2962 2681 3031 περὶ
2714 2962 2821 3017 τοῦ
2864 2960 3146 3030 Ἀγαθοῦ.
3203 2960 3302 3014 καί
3352 2958 3649 3014 ἀνάϐαινε

2049 3056 2201 3124 πρὸς
2226 3054 2336 3109 τὸν
2380 3055 2620 3125 Ἀγαθὸν
2650 3053 2749 3107 καί
2779 3053 2967 3109 κάθου
2998 3052 3128 3107 ἐκεῖ
3147 3051 3299 3121 μετὰ
3338 3050 3448 3105 τοῦ
3488 3049 3643 3102 πᾶν·

2051 3163 2171 3199 των
2224 3145 2395 3215 ἡμῶν
2438 3145 2663 3212 πατρὸς
2728 3145 2999 3214 Ἑλωείμ.
3055 3144 3167 3198 Καὶ
3220 3144 3514 3212 ὑπήκουσε
3565 3140 3646 3210 τῷ

2054 3242 2126 3308 ἀγ
2158 3240 2168 3309 |
2201 3240 2343 3310 γέλῳ
2357 3242 2385 3292 ὁ
2409 3238 2615 3310 Ἰησοῦς
2633 3236 2828 3301 εἰπὼν,
2843 3238 2927 3290 ὅτι
2946 3237 3144 3305 Κύριε,
3162 3234 3399 3303 ποιήσω
3418 3232 3641 3287 κάτειπ’

2051 3334 2147 3386 καὶ
2191 3331 2478 3402 ἐκήρυξεν.
2542 3329 2845 3400 ’Υποσύραι
2893 3323 2987 3382 οὖν
3028 3329 3057 3380 6
3099 3328 3257 3389 Νάας
3297 3326 3399 3380 καὶ
3451 3324 3647 3379 τοῦτον

2052 3424 2290 3496 ἠθέλησε
2318 3426 2382 3479 ⁷³.
2411 3467 2424 3479 .
2458 3464 2473 3477 .
2504 3467 2518 3480 .
2551 3422 2743 3485 πιστὸς
2772 3420 2881 3492 γὰρ
2908 3422 3093 3491 ἔμεινε
3128 3419 3206 3488 τῷ
3232 3417 3477 3489 Βαρούχ.
3523 3419 3644 3489 ’ορ-

2052 3518 2264 3587 γισθεὶς
2295 3513 2387 3571 οὖν
2432 3519 2461 3570 6
2499 3516 2687 3580 Νάας,
2722 3515 2804 3567 ὅτι
2844 3513 3009 3568 αὐτὸν
3056 3515 3329 3582 ὑποσῠραι
3377 3511 3486 3563 οὐκ
3514 3510 3643 3579 ἠδυ-

2050 3610 2213 3682 νήθη,
2249 3610 2504 3678 ἐποίησεν
2524 3608 2686 3663 αὑτὸν
2711 3606 3113 3679 σταυρωθῆναι.
3151 3605 3208 3660 Ὀ
3231 3604 3291 3658 δέ
3314 3602 3640 3658 καταλιπὼν

2049 3702 2112 3755 τὸ
2146 3701 2305 3772 σῶμα
2330 3701 2432 3772 τῆς
2477 3700 2640 3770 Ἐδὲμ
2683 3699 2818 3771 πρὸς
2856 3698 2918 3752 τὸ
2961 3697 3139 3763 ξύλον,
3165 3696 3335 3768 άνὲὗη
3370 3696 3517 3768 πρὸς
3551 3694 3642 3748 τὸν

2063 3794 2315 3863 Ἀγαθόν.
2366 3791 2554 3846 Εἰπὼν
2605 3792 2663 3845 δὲ
2720 3794 2785 3862 τῇ
2862 3791 3056 3860 Ἐδέμ·
3110 3790 3345 3853 Γύναι,
3389 3787 3643 3857 ἀπέχεις

2050 3902 2169 3940 σου
2218 3887 2326 3939 τὸν
2369 3884 2502 3939 υἱὸν
2524 3885 2590 3945 ⁷³,
2645 3884 2889 3937 τουτέστι
2936 3882 3028 3936 τὸν
3067 3881 3294 3953 ψυχικὸν
3348 3880 3643 3950 ἄνθρωπον

2051 3984 2146 4037 καὶ
2184 3984 2276 4036 τὸν
2301 3982 2506 4053 χοῖκδν,
2547 3981 2709 4044 αὐτὸς
2734 3980 2789 4033 δέ
2818 3981 2899 4044 είς
2933 3982 3120 4049 χεῖρας
3160 3977 3555 4048 παραθέμενος
3583 3976 3645 4032 τὸ

2051 4077 2269 4146 πνεῦμα
2323 4076 2417 4129 τοῦ
2482 4075 2720 4146 πατρὸς,
2770 4073 2973 4144 ἀνῆλθε
3027 4072 3165 4145 πρὸς
3217 4072 3311 4126 τὸν
3384 4071 3640 4141 ’Δγαθόν.

2060 4170 2119 4223 Ὀ
2155 4171 2211 4223 δὲ
2251 4168 2485 4238 Ἀγαθός
2521 4169 2637 4221 ἐστι
2675 4166 2956 4238 Πρίαπος,
2997 4167 3027 4220 6
3055 4165 3185 4235 πρίν
3215 4182 3270 4218 τι
3309 4159 3457 4218 εἶναι
3490 4165 3645 4233 ποιή-

2050 4277 2168 4325 σαςσ
2216 4262 2303 4315 διὰ
2331 4260 2492 4315 τοῦτο
2535 4261 2781 4314 καλεῖται
2824 4259 3105 4330 Πρίαπος,
3144 4258 3225 4310 ὅτι
3273 4258 3643 4327 ἐπριοποίησε

2047 4355 2116 4407 τὰ
2160 4355 2357 4408 πάντα.
2391 4352 2490 4406 Διὰ
2529 4351 2711 4411 τοῦτο.
2749 4352 2935 4435 φησιν,
2986 4351 3068 4414 εἰς
3104 4348 3283 4403 πάντα
3309 4348 3446 4403 ναὸν
3490 4349 3642 4402 ἵστα-

1972 4440 2174 4511 Βται,
2232 4446 2339 4499 ὑπὸ
2397 4444 2578 4513 πάσης
2624 4444 2724 4515 τῆς
2769 4444 3003 4505 κτίσεως
3061 4441 3375 4513 τιμώμενος
3429 4443 3535 4496 καὶ
3587 4442 3643 4495 ἐν

352 4534 474 4595 ταῖς
526 4532 667 4597 ὁδοῖς
714 4533 1001 4604 βαστάζων
1064 4539 1163 4603 τὰς
1217 4539 1441 4609 ὀπώρας
1487 4540 1673 4595 ἐπάνω
1742 4542 1943 4609 αὐτοῦ,
1983 4546 2229 4598 τουτέστι
2257 4543 2385 4607 τοὺς
2410 4543 2657 4613 καρποὺς
2701 4542 2797 4612 τῆς
2860 4541 3119 4604 κτίσεως,
3161 4532 3238 4593 ὧν
3304 4539 3489 4601 αῐτιος
3520 4540 3642 4609 ἐγέο

351 4640 504 4689 νετο,
534 4628 902 4697 πριοποιήσας
929 4630 1030 4700 τήν
1055 4631 1233 4685 κτίσιν
1262 4632 1529 4703 πρότερον
1552 4633 1600 4664 ⁷⁵
1627 4634 1728 4687 ούκ
1760 4630 1948 4689 οὖσαν.
1993 4635 2162 4690 Ὅταν
2213 4630 2330 4701 οὖν,
2378 4634 2563 4704 φησιν,
2631 4631 2902 4702 ἀκούσητε
2984 4630 3249 4699 λεγόντων
3300 4628 3638 4699 ἀνθμῦπων.

352 4717 435 4768 ὅτι
467 4717 666 4782 κύκνος
696 4720 792 4773 ἐπὶ
823 4720 924 4792 τήν
952 4722 1138 4792 Λήδαν
1167 4720 1297 4796 ἦ).οε
1320 4725 1415 4779 καὶ
1438 4726 1856 4796 ἐτεκνοποίησεν
1880 4724 1940 4791 ἐξ
1977 4728 2183 4799 αὐτῆς,
2220 4728 2249 4780 6
2279 4725 2477 4790 κύκνος
2508 4725 2658 4779 ἐστὶν
2685 4726 2713 4777 6
2788 4724 3042 4794 Ἐλωεὶμ,
3106 4725 3139 4794 ή
3172 4722 3318 4793 Λήδα
3358 4723 3394 4792 ή
3453 4722 3636 4792 Ἐδέμ-

354 4808 465 4861 Καὶ
493 4810 621 4862 ὅταν
644 4810 879 4879 λέγωσιν
904 4814 953 4866 οἱ
981 4814 1262 4886 ἄνθρωποι
1284 4857 1298 4879 ,
1336 4819 1419 4870 ὅτι
1452 4818 1612 4885 ἀετὸς
1641 4814 1804 4889 ἦλθεν
1842 4820 1936 4872 ἐπὶ
2005 4820 2097 4874 τὸν
2142 4819 2469 4891 Γανυμήδην
2494 4820 2541 4851 ⁷⁸
2563 4861 2579 4886 ,
2606 4819 2634 4871 6
2663 4818 2821 4881 άετός
2862 4819 3010 4871 ἐστιν
3084 4816 3113 4869 6
3150 4815 3303 4878 Νάας
3327 4854 3344 4877 .
3380 4818 3410 4868 6
3441 4815 3504 4869 δὲ
3539 4817 3640 4869 Γα-

355 4905 597 4975 νυμήδης
637 4908 666 4959 6
718 4906 910 4978 Ἀδάμο
961 4910 1056 4963 καὶ
1088 4912 1217 4965 ὅταν
1255 4912 1508 4980 λέγωσιν,
1542 4915 1627 4968 ὄτι
1672 4916 1701 4968 6
1741 4915 1943 4986 χρυσὸς
1976 4910 2142 4985 ἦλθεν
2171 4916 2267 4969 ἐπὶ
2293 4916 2394 4987 τὴν
2418 4914 2634 4985 Δανάην
2672 4915 2767 4967 καὶ
2828 4911 3252 4981 ἐπαιδοποίησεν
3291 4910 3354 4975 ἐξ
3425 4912 3635 4983 αὐτῆς,

350 4994 379 5044 ὀ
416 4993 618 5061 χρυσός
645 4994 794 5050 ἐστιν
828 4998 857 5048 6
900 4996 1134 5067 Ἐλωεὶμ
1160 5038 1175 5061 ,
1215 5002 1395 5070 Δανάη
1427 5001 1485 5054 δέ
1514 5002 1662 5055 ἐστιν
1687 5005 1719 5076 ἡ
1758 5004 1939 5075 Ἐδέμ.
1995 5005 2226 5076 Ὁμοίως
2254 5005 2312 5060 δὲ
2334 5006 2477 5059 κατὰ
2498 5004 2587 5058 τὸν
2611 5004 2773 5058 αὐτὸν
2792 5004 2995 5075 τρόπον
3049 5003 3255 5067 πάντας
3315 5003 3447 5065 τοὺς
3470 5004 3641 5058 τοιού-

348 5102 478 5147 τους
502 5084 691 5154 λόγους
730 5085 935 5156 μύθους
964 5090 1225 5160 ἐμφερεῖς
1248 5092 1409 5156 όντας
1434 5094 1482 5125 ⁸³⁸
1511 5095 1941 5166 παρατιθέμενοι
1977 5095 2344 5151 διδάσκουσιν.
2371 5097 2541 5152 Ὅταν
2561 5093 2655 5152 οὖν
2712 5097 2987 5169 προφῆται
3016 5094 3274 5164 ’λέγωσιν
3291 5094 3361 5126 ⁷⁷·
3389 5095 3639 5155 Ἄκουε,

352 5177 572 5247 οὐρανὲ
594 5178 663 5241 ⁷⁸,
691 5179 789 5233 καὶ
820 5180 1120 5247 ἐνωτίζου,
1160 5183 1198 5249 ἡ
1229 5183 1339 5253 γῆ,
1377 5185 1593 5254 Κύριος
1648 5186 1980 5256 ἐλάλησεν,
2026 5187 2255 5259 οὐρανὸν
2305 5188 2492 5258 λέγει,
2548 5187 2559 5258 Ι
2616 5190 2771 5260 φησι,
2820 5188 2883 5241 τὸ
2929 5184 3148 5257 πνεῦμα
3194 5184 3257 5239 τὺ
3298 5184 3361 5238 ἐν
3403 5184 3492 5255 τῷ
3546 5186 3641 5237 ἀν-

1637 5341 1871 5397 VARle
1910 5341 2321 5399 LECTIONES.

476 5426 521 5458 “
550 5423 832 5507 δλςιιιιιορ,
987 5499 999 5507 _
1047 5428 1095 5507 θξ
1120 5429 1236 5507 ἠχῇ
1272 5430 1333 5484 C.
1384 5430 1454 5507 Ill.
1498 5434 1577 5507 _"°
1610 5435 1822 5507 ,καὶγτάί
1848 5434 2088 5507 οιιιηλϐ.
2156 5436 2208 5507 γῗίί
2242 5434 2601 5507 ᾲέπεσύρη-σαν
2637 5432 2820 5507 Q.___"
2838 5430 2967 5507 Post
2986 5429 3253 5507 ﬁlii-£11163
3271 5429 3643 5507 l'o_rt._adden-

340 5499 480 5575 filum
507 5514 543 5575 :_
565 5495 702 5549 ἀλλὰ
745 5494 952 5575 Ἰησοῦς
976 5494 1532 5575 ἀκολοξυθῆσαιῌαύτῷ
1570 5504 1672 5557 οὐκ
1711 5504 1945 5575 ἠθέλησε
1969 5494 2039 5560 Μ.
2146 5504 2306 5575 ν’ξϐΐ.
2354 5494 2447 5559 Εν’.
2482 5494 2638 5559 Ίοοη.
2662 5501 2805 5575 XIX,
2835 5502 2906 5558 26
2932 5494 3174 5575 ξ-Γύναιξ
3197 5499 3333 5575 Δτδεό
3360 5500 3479 5562 υἱός
3517 5519 3635 5575 cog.

341 5564 1071 5646 ιτε’ῖιρότε.ροεδ..πρῶτονιςὶ,
1110 5568 1207 5646 ML
1235 5564 1324 5646 ’.ξ’
1355 5564 1711 5646 Γαννύμήδην
1736 5564 1825 5646 his
1852 5564 1914 5629 Ο.
2000 5644 2014 5646 _
2053 5576 2099 5607 "
2138 5574 2353 5638 Μύοους
2400 5576 2659 5645 ἐμφερεῖς
2710 5564 2889 5636 ὄντας.
2930 5564 3544 5646 ΜύοουςἽ-ἐμφέρωζξᾳς
3577 5572 3639 5636 Ε,

362 5633 551 5717 μύθοις
600 5635 939 5704 ἐμφέροντας
983 5636 1053 5690 Μ.
1164 5640 1207 5670 ⁷⁷
1248 5639 1497 5717 λέγουσιν
1525 5633 1607 5699 (λ’
1665 5633 1738 5679 ’⁷⁸
1776 5645 1881 5713 l_sa.
1909 5661 1948 5712 t,
1988 5644 2064 5712 ἓξ
2100 5633 2349 5715 ’Λκουεξ
2381 5633 2599 5711 ούοανέ,
2639 5633 2761 5710 ’καὶ
2812 5633 3094 5709 ἐνωτίζου,
3129 5633 3239 5711 γῆξ
3279 5633 3371 5695 δτί
3425 5633 3643 5713 Κύριος

359 5714 638 5776 ελαλησεν.
1333 5714 1338 5723 ‘
