  <div class='ocr_page' id='page_1' title='image "/cluster/home/n/w/nwhite01/storage/ocr_20150623/16 pt.3/nnc1.0046978674/421.png"; bbox 0 0 3804 6220; ppageno 0'>
   <div class='ocr_carea' id='block_1_1' title="bbox 356 339 502 407">
    <p class='ocr_par' dir='ltr' id='par_1_1' title="bbox 356 339 502 407">
     <span class='ocr_line' id='line_1_1' title="bbox 356 339 502 407; baseline -0.014 0"><span class='ocrx_word' id='word_1_1' title='bbox 356 339 502 407; x_wconf 73' lang='lat'><strong>2205</strong></span> 
     </span>
    </p>
   </div>
   <div class='ocr_carea' id='block_1_2' title="bbox 1823 340 2189 401">
    <p class='ocr_par' dir='ltr' id='par_1_2' title="bbox 1823 340 2189 401">
     <span class='ocr_line' id='line_1_2' title="bbox 1823 340 2189 401; baseline -0.005 0"><span class='ocrx_word' id='word_1_2' title='bbox 1823 340 2111 401; x_wconf 82' lang='lat' dir='ltr'><strong>ORIGEN</strong></span> <span class='ocrx_word' id='word_1_3' title='bbox 2120 340 2189 399; x_wconf 92' lang='lat' dir='ltr'><strong>IS</strong></span> 
     </span>
    </p>
   </div>
   <div class='ocr_carea' id='block_1_3' title="bbox 3476 328 3633 401">
    <p class='ocr_par' dir='ltr' id='par_1_3' title="bbox 3476 328 3633 401">
     <span class='ocr_line' id='line_1_3' title="bbox 3476 328 3633 401; baseline 0 -1"><span class='ocrx_word' id='word_1_4' title='bbox 3476 328 3633 401; x_wconf 55' lang='lat'><strong>$5116</strong></span> 
     </span>
    </p>
   </div>
   <div class='ocr_carea' id='block_1_4' title="bbox 363 452 1968 530">
    <p class='ocr_par' dir='ltr' id='par_1_4' title="bbox 363 452 1938 527">
     <span class='ocr_line' id='line_1_4' title="bbox 363 452 1938 527; baseline 0 -17"><span class='ocrx_word' id='word_1_5' title='bbox 363 458 593 511; x_wconf 88' lang='lat' dir='ltr'><strong>itiantur</strong></span> <span class='ocrx_word' id='word_1_6' title='bbox 624 454 1017 525; x_wconf 79' lang='lat' dir='ltr'><strong>imprudentes.</strong></span> <span class='ocrx_word' id='word_1_7' title='bbox 1056 452 1347 509; x_wconf 78' lang='lat' dir='ltr'><strong>Videamus</strong></span> <span class='ocrx_word' id='word_1_8' title='bbox 1402 454 1567 526; x_wconf 91' lang='lat' dir='ltr'><strong>igitur</strong></span> <span class='ocrx_word' id='word_1_9' title='bbox 1608 455 1741 527; x_wconf 87' lang='lat' dir='ltr'><strong>quid</strong></span> <span class='ocrx_word' id='word_1_10' title='bbox 1774 456 1938 512; x_wconf 88' lang='lat' dir='ltr'><strong>etiam</strong></span> 
     </span>
    </p>
   </div>
   <div class='ocr_carea' id='block_1_5' title="bbox 2106 452 3634 530">
    <p class='ocr_par' dir='ltr' id='par_1_5' title="bbox 2106 455 3634 530">
     <span class='ocr_line' id='line_1_5' title="bbox 2106 455 3634 530; baseline 0.001 -21"><span class='ocrx_word' id='word_1_11' title='bbox 2106 460 2289 528; x_wconf 57' lang='lat' dir='ltr'><strong>sputa,</strong></span> <span class='ocrx_word' id='word_1_12' title='bbox 2341 457 2377 511; x_wconf 77' lang='grc' dir='ltr'><strong>ἀ</strong></span> <span class='ocrx_word' id='word_1_13' title='bbox 2435 458 2593 528; x_wconf 80' lang='grc' dir='ltr'>μόλις-</span> <span class='ocrx_word' id='word_1_14' title='bbox 2641 458 2780 530; x_wconf 82' lang='grc' dir='ltr'>μετὰ</span> <span class='ocrx_word' id='word_1_15' title='bbox 2812 457 3008 511; x_wconf 87' lang='grc' dir='ltr'>πολλοῦ</span> <span class='ocrx_word' id='word_1_16' title='bbox 3049 458 3211 510; x_wconf 80' lang='grc' dir='ltr'>πόνου</span> <span class='ocrx_word' id='word_1_17' title='bbox 3243 455 3507 527; x_wconf 74' lang='grc' dir='ltr'><strong>μυοῦνται</strong></span> <span class='ocrx_word' id='word_1_18' title='bbox 3531 458 3553 489; x_wconf 73' lang='grc'>⁸</span> <span class='ocrx_word' id='word_1_19' title='bbox 3578 473 3634 511; x_wconf 73' lang='grc' dir='ltr'><strong>οε</strong></span> 
     </span>
    </p>
   </div>
   <div class='ocr_carea' id='block_1_6' title="bbox 364 546 749 602">
    <p class='ocr_par' dir='ltr' id='par_1_6' title="bbox 364 546 749 602">
     <span class='ocr_line' id='line_1_6' title="bbox 364 546 749 602; baseline -0.005 -1"><span class='ocrx_word' id='word_1_20' title='bbox 364 548 553 601; x_wconf 83' lang='lat' dir='ltr'><strong>Simon</strong></span> <span class='ocrx_word' id='word_1_21' title='bbox 584 546 749 602; x_wconf 86' lang='lat' dir='ltr'><strong>dicat.</strong></span> 
     </span>
    </p>
   </div>
   <div class='ocr_carea' id='block_1_7' title="bbox 2052 545 3393 621">
    <p class='ocr_par' dir='ltr' id='par_1_7' title="bbox 2052 545 3393 621">
     <span class='ocr_line' id='line_1_7' title="bbox 2052 545 3393 621; baseline -0.004 -16"><span class='ocrx_word' id='word_1_22' title='bbox 2052 549 2310 621; x_wconf 73' lang='grc' dir='ltr'>ἄφρονες.</span> <span class='ocrx_word' id='word_1_23' title='bbox 2356 548 2587 621; x_wconf 85' lang='grc' dir='ltr'>Ἷδωμεν</span> <span class='ocrx_word' id='word_1_24' title='bbox 2638 545 2734 604; x_wconf 83' lang='grc' dir='ltr'><strong>οὖν</strong></span> <span class='ocrx_word' id='word_1_25' title='bbox 2789 548 2843 603; x_wconf 85' lang='grc' dir='ltr'><strong>τί</strong></span> <span class='ocrx_word' id='word_1_26' title='bbox 2892 548 2986 604; x_wconf 74' lang='grc' dir='ltr'><strong>καὶ</strong></span> <span class='ocrx_word' id='word_1_27' title='bbox 3014 548 3197 618; x_wconf 87' lang='grc' dir='ltr'>Σίμων</span> <span class='ocrx_word' id='word_1_28' title='bbox 3224 549 3393 619; x_wconf 83' lang='grc' dir='ltr'>λέγει.</span> 
     </span>
    </p>
   </div>
   <div class='ocr_carea' id='block_1_8' title="bbox 510 956 3477 1078">
    <p class='ocr_par' dir='ltr' id='par_1_8' title="bbox 510 956 3477 1078">
     <span class='ocr_line' id='line_1_8' title="bbox 510 956 3477 1078; baseline 0 -5"><span class='ocrx_word' id='word_1_29' title='bbox 510 960 812 1075; x_wconf 89' lang='grc' dir='ltr'><strong>ΤΟΥ</strong></span> <span class='ocrx_word' id='word_1_30' title='bbox 868 961 1287 1074; x_wconf 89' lang='grc' dir='ltr'><strong>ΚΑΤΑ</strong></span> <span class='ocrx_word' id='word_1_31' title='bbox 1346 960 1865 1075; x_wconf 86' lang='grc' dir='ltr'>ΠΑΣΩΝ</span> <span class='ocrx_word' id='word_1_32' title='bbox 1941 961 2687 1078; x_wconf 86' lang='grc' dir='ltr'><strong>ΑΙΡΕΣΕΩΝ</strong></span> <span class='ocrx_word' id='word_1_33' title='bbox 2764 956 3477 1078; x_wconf 87' lang='grc' dir='ltr'>ΕΛΕΓΧΟΥ</span> 
     </span>
    </p>
   </div>
   <div class='ocr_carea' id='block_1_9' title="bbox 1658 1173 2337 1283">
    <p class='ocr_par' dir='ltr' id='par_1_9' title="bbox 1658 1173 2337 1283">
     <span class='ocr_line' id='line_1_9' title="bbox 1658 1173 2337 1283; baseline -0.007 -18"><span class='ocrx_word' id='word_1_34' title='bbox 1658 1180 2099 1267; x_wconf 87' lang='grc' dir='ltr'><strong>ΒΙΒΛΙΟΝ</strong></span> <span class='ocrx_word' id='word_1_35' title='bbox 2172 1173 2337 1283; x_wconf 72' lang='grc' dir='ltr'>εἶ’.</span> 
     </span>
    </p>
   </div>
   <div class='ocr_carea' id='block_1_10' title="bbox 708 1551 3282 1676">
    <p class='ocr_par' dir='ltr' id='par_1_10' title="bbox 708 1551 3282 1676">
     <span class='ocr_line' id='line_1_10' title="bbox 708 1551 3282 1676; baseline 0.004 -14"><span class='ocrx_word' id='word_1_36' title='bbox 708 1551 967 1666; x_wconf 83' lang='lat' dir='ltr'><strong>BEF</strong></span> <span class='ocrx_word' id='word_1_37' title='bbox 988 1554 1766 1670; x_wconf 88' lang='lat' dir='ltr'><strong>UTATIONIS</strong></span> <span class='ocrx_word' id='word_1_38' title='bbox 1854 1557 2431 1674; x_wconf 91' lang='lat' dir='ltr'><strong>OMNIUM</strong></span> <span class='ocrx_word' id='word_1_39' title='bbox 2512 1556 3282 1676; x_wconf 84' lang='lat' dir='ltr'><strong>H/ERESIUM</strong></span> 
     </span>
    </p>
   </div>
   <div class='ocr_carea' id='block_1_11' title="bbox 1545 1800 2471 1891">
    <p class='ocr_par' dir='ltr' id='par_1_11' title="bbox 1545 1800 2471 1891">
     <span class='ocr_line' id='line_1_11' title="bbox 1545 1800 2471 1891; baseline 0.003 -5"><span class='ocrx_word' id='word_1_40' title='bbox 1545 1801 1894 1888; x_wconf 80' lang='lat' dir='ltr'><strong>LIBER</strong></span> <span class='ocrx_word' id='word_1_41' title='bbox 1974 1800 2471 1891; x_wconf 79' lang='lat' dir='ltr'><strong>SEXTUS.</strong></span> 
     </span>
    </p>
   </div>
   <div class='ocr_carea' id='block_1_12' title="bbox 3630 1632 3642 1667">
    <p class='ocr_par' dir='ltr' id='par_1_12' title="bbox 3630 1632 3642 1667">
     <span class='ocr_line' id='line_1_12' title="bbox 3630 1632 3642 1667; baseline 0 0"><span class='ocrx_word' id='word_1_42' title='bbox 3630 1632 3642 1667; x_wconf 67' lang='grc' dir='ltr'>ἰ</span> 
     </span>
    </p>
   </div>
   <div class='ocr_carea' id='block_1_13' title="bbox 450 2164 1968 2245">
    <p class='ocr_par' dir='ltr' id='par_1_13' title="bbox 450 2168 1951 2226">
     <span class='ocr_line' id='line_1_13' title="bbox 450 2168 1951 2226; baseline -0.003 -1"><span class='ocrx_word' id='word_1_43' title='bbox 450 2168 504 2225; x_wconf 74' lang='grc'>1.</span> <span class='ocrx_word' id='word_1_44' title='bbox 541 2168 664 2225; x_wconf 68' lang='lat' dir='ltr'><strong>Haec</strong></span> <span class='ocrx_word' id='word_1_45' title='bbox 694 2171 879 2224; x_wconf 87' lang='lat' dir='ltr'><strong>insunt</strong></span> <span class='ocrx_word' id='word_1_46' title='bbox 904 2171 958 2224; x_wconf 89' lang='lat' dir='ltr'><strong>in</strong></span> <span class='ocrx_word' id='word_1_47' title='bbox 986 2178 1144 2225; x_wconf 73' lang='lat' dir='ltr'><strong>sexto</strong></span> <span class='ocrx_word' id='word_1_48' title='bbox 1174 2169 1312 2225; x_wconf 91' lang='lat' dir='ltr'><strong>libro</strong></span> <span class='ocrx_word' id='word_1_49' title='bbox 1340 2169 1684 2226; x_wconf 76' lang='lat' dir='ltr'><strong>rel‘utatiouis</strong></span> <span class='ocrx_word' id='word_1_50' title='bbox 1710 2171 1951 2226; x_wconf 88' lang='lat' dir='ltr'><strong>omnium</strong></span> 
     </span>
    </p>
   </div>
   <div class='ocr_carea' id='block_1_14' title="bbox 2106 2164 3642 2245">
    <p class='ocr_par' dir='ltr' id='par_1_14' title="bbox 2129 2164 3642 2245">
     <span class='ocr_line' id='line_1_14' title="bbox 2129 2164 3642 2245; baseline -0.003 -23"><span class='ocrx_word' id='word_1_51' title='bbox 2129 2174 2198 2223; x_wconf 86' lang='grc' dir='ltr'>α’.</span> <span class='ocrx_word' id='word_1_52' title='bbox 2227 2168 2366 2223; x_wconf 81' lang='grc' dir='ltr'>Τάδε</span> <span class='ocrx_word' id='word_1_53' title='bbox 2389 2169 2600 2223; x_wconf 78' lang='grc' dir='ltr'>ἔνεστιν</span> <span class='ocrx_word' id='word_1_54' title='bbox 2627 2169 2688 2223; x_wconf 81' lang='grc' dir='ltr'><strong>ἐν</strong></span> <span class='ocrx_word' id='word_1_55' title='bbox 2712 2170 2779 2240; x_wconf 76' lang='grc' dir='ltr'>τῇ</span> <span class='ocrx_word' id='word_1_56' title='bbox 2810 2166 2945 2241; x_wconf 73' lang='grc' dir='ltr'>ἕκτῃ</span> <span class='ocrx_word' id='word_1_57' title='bbox 2962 2166 3059 2222; x_wconf 78' lang='grc' dir='ltr'>τοῦ</span> <span class='ocrx_word' id='word_1_58' title='bbox 3093 2165 3234 2221; x_wconf 79' lang='grc' dir='ltr'>κατὰ</span> <span class='ocrx_word' id='word_1_59' title='bbox 3263 2164 3459 2245; x_wconf 83' lang='grc' dir='ltr'>πασῶν</span> <span class='ocrx_word' id='word_1_60' title='bbox 3479 2164 3642 2237; x_wconf 82' lang='grc' dir='ltr'>αἱρέ-</span> 
     </span>
    </p>
   </div>
   <div class='ocr_carea' id='block_1_15' title="bbox 380 2259 688 2314">
    <p class='ocr_par' dir='ltr' id='par_1_15' title="bbox 380 2259 688 2314">
     <span class='ocr_line' id='line_1_15' title="bbox 380 2259 688 2314; baseline 0.003 -1"><span class='ocrx_word' id='word_1_61' title='bbox 380 2259 688 2314; x_wconf 70' lang='grc' dir='ltr'>ιιεετεείιιιη.</span> 
     </span>
    </p>
   </div>
   <div class='ocr_carea' id='block_1_16' title="bbox 448 2346 1956 2421">
    <p class='ocr_par' dir='ltr' id='par_1_16' title="bbox 448 2346 1956 2421">
     <span class='ocr_line' id='line_1_16' title="bbox 448 2346 1956 2421; baseline 0.003 -21"><span class='ocrx_word' id='word_1_62' title='bbox 448 2347 505 2401; x_wconf 70' lang='grc'>2.</span> <span class='ocrx_word' id='word_1_63' title='bbox 534 2347 789 2414; x_wconf 65' lang='lat' dir='ltr'><strong>Quanam</strong></span> <span class='ocrx_word' id='word_1_64' title='bbox 813 2346 924 2402; x_wconf 90' lang='lat' dir='ltr'><strong>sint</strong></span> <span class='ocrx_word' id='word_1_65' title='bbox 951 2348 1187 2403; x_wconf 82' lang='lat' dir='ltr'><strong>Simonis</strong></span> <span class='ocrx_word' id='word_1_66' title='bbox 1214 2350 1522 2417; x_wconf 79' lang='lat' dir='ltr'><strong>conamina,</strong></span> <span class='ocrx_word' id='word_1_67' title='bbox 1551 2360 1607 2405; x_wconf 92' lang='lat' dir='ltr'><strong>et</strong></span> <span class='ocrx_word' id='word_1_68' title='bbox 1627 2349 1743 2419; x_wconf 87' lang='lat' dir='ltr'><strong>ejus</strong></span> <span class='ocrx_word' id='word_1_69' title='bbox 1766 2351 1956 2421; x_wconf 89' lang='lat' dir='ltr'><strong>dogma</strong></span> 
     </span>
    </p>
   </div>
   <div class='ocr_carea' id='block_1_17' title="bbox 381 2438 1441 2506">
    <p class='ocr_par' dir='ltr' id='par_1_17' title="bbox 381 2438 1441 2506">
     <span class='ocr_line' id='line_1_17' title="bbox 381 2438 1441 2506; baseline 0.004 -15"><span class='ocrx_word' id='word_1_70' title='bbox 381 2452 446 2491; x_wconf 79' lang='lat' dir='ltr'><strong>ex</strong></span> <span class='ocrx_word' id='word_1_71' title='bbox 482 2438 707 2506; x_wconf 79' lang='lat' dir='ltr'><strong>magicis</strong></span> <span class='ocrx_word' id='word_1_72' title='bbox 736 2447 792 2491; x_wconf 91' lang='lat' dir='ltr'><strong>et</strong></span> <span class='ocrx_word' id='word_1_73' title='bbox 814 2439 1042 2506; x_wconf 88' lang='lat' dir='ltr'><strong>poeticis</strong></span> <span class='ocrx_word' id='word_1_74' title='bbox 1075 2442 1181 2493; x_wconf 80' lang='lat' dir='ltr'><strong>vim</strong></span> <span class='ocrx_word' id='word_1_75' title='bbox 1218 2440 1441 2495; x_wconf 88' lang='lat' dir='ltr'><strong>habere.</strong></span> 
     </span>
    </p>
   </div>
   <div class='ocr_carea' id='block_1_18' title="bbox 452 2527 1957 2602">
    <p class='ocr_par' dir='ltr' id='par_1_18' title="bbox 452 2527 1957 2602">
     <span class='ocr_line' id='line_1_18' title="bbox 452 2527 1957 2602; baseline 0.003 -21"><span class='ocrx_word' id='word_1_76' title='bbox 452 2528 506 2582; x_wconf 76' lang='lat'><strong>3.</strong></span> <span class='ocrx_word' id='word_1_77' title='bbox 539 2530 795 2594; x_wconf 67' lang='lat' dir='ltr'><strong>Quaenam</strong></span> <span class='ocrx_word' id='word_1_78' title='bbox 825 2527 1140 2586; x_wconf 80' lang='lat' dir='ltr'><strong>Valentinus</strong></span> <span class='ocrx_word' id='word_1_79' title='bbox 1178 2531 1389 2596; x_wconf 83' lang='lat' dir='ltr'><strong>doceat,</strong></span> <span class='ocrx_word' id='word_1_80' title='bbox 1430 2531 1584 2601; x_wconf 84' lang='lat' dir='ltr'><strong>cujus</strong></span> <span class='ocrx_word' id='word_1_81' title='bbox 1621 2532 1812 2602; x_wconf 88' lang='lat' dir='ltr'><strong>dogma</strong></span> <span class='ocrx_word' id='word_1_82' title='bbox 1850 2548 1957 2587; x_wconf 87' lang='lat' dir='ltr'><strong>non</strong></span> 
     </span>
    </p>
   </div>
   <div class='ocr_carea' id='block_1_19' title="bbox 381 2620 1963 2695">
    <p class='ocr_par' dir='ltr' id='par_1_19' title="bbox 381 2620 1963 2695">
     <span class='ocr_line' id='line_1_19' title="bbox 381 2620 1963 2695; baseline 0.004 -22"><span class='ocrx_word' id='word_1_83' title='bbox 381 2630 635 2674; x_wconf 84' lang='lat' dir='ltr'><strong>constare</strong></span> <span class='ocrx_word' id='word_1_84' title='bbox 662 2636 726 2675; x_wconf 81' lang='lat' dir='ltr'><strong>ex</strong></span> <span class='ocrx_word' id='word_1_85' title='bbox 770 2620 1092 2689; x_wconf 89' lang='lat' dir='ltr'><strong>Scripturis,</strong></span> <span class='ocrx_word' id='word_1_86' title='bbox 1138 2623 1230 2677; x_wconf 88' lang='lat' dir='ltr'><strong>sed</strong></span> <span class='ocrx_word' id='word_1_87' title='bbox 1254 2637 1320 2677; x_wconf 77' lang='lat' dir='ltr'><strong>ex</strong></span> <span class='ocrx_word' id='word_1_88' title='bbox 1354 2622 1653 2679; x_wconf 89' lang='lat' dir='ltr'><strong>Platonicis</strong></span> <span class='ocrx_word' id='word_1_89' title='bbox 1681 2634 1736 2679; x_wconf 89' lang='lat' dir='ltr'><strong>et</strong></span> <span class='ocrx_word' id='word_1_90' title='bbox 1762 2624 1963 2695; x_wconf 87' lang='lat' dir='ltr'><strong>Pytha-</strong></span> 
     </span>
    </p>
   </div>
   <div class='ocr_carea' id='block_1_20' title="bbox 383 2711 837 2780">
    <p class='ocr_par' dir='ltr' id='par_1_20' title="bbox 383 2711 837 2780">
     <span class='ocr_line' id='line_1_20' title="bbox 383 2711 837 2780; baseline 0.007 -18"><span class='ocrx_word' id='word_1_91' title='bbox 383 2711 567 2778; x_wconf 86' lang='lat' dir='ltr'><strong>goreis</strong></span> <span class='ocrx_word' id='word_1_92' title='bbox 601 2711 837 2780; x_wconf 82' lang='lat' dir='ltr'><strong>placitis.</strong></span> 
     </span>
    </p>
   </div>
   <div class='ocr_carea' id='block_1_21' title="bbox 453 2801 1961 2872">
    <p class='ocr_par' dir='ltr' id='par_1_21' title="bbox 453 2801 1961 2872">
     <span class='ocr_line' id='line_1_21' title="bbox 453 2801 1961 2872; baseline 0.006 -18"><span class='ocrx_word' id='word_1_93' title='bbox 453 2803 508 2854; x_wconf 72' lang='grc'>4.</span> <span class='ocrx_word' id='word_1_94' title='bbox 544 2801 609 2854; x_wconf 85' lang='grc' dir='ltr'>Ει</span> <span class='ocrx_word' id='word_1_95' title='bbox 656 2816 905 2869; x_wconf 67' lang='lat' dir='ltr'><strong>quaenam</strong></span> <span class='ocrx_word' id='word_1_96' title='bbox 951 2802 1253 2872; x_wconf 84' lang='lat' dir='ltr'><strong>placuerint</strong></span> <span class='ocrx_word' id='word_1_97' title='bbox 1286 2805 1538 2861; x_wconf 82' lang='lat' dir='ltr'><strong>Secundo</strong></span> <span class='ocrx_word' id='word_1_98' title='bbox 1570 2817 1625 2863; x_wconf 88' lang='lat' dir='ltr'><strong>et</strong></span> <span class='ocrx_word' id='word_1_99' title='bbox 1672 2808 1961 2864; x_wconf 73' lang='lat' dir='ltr'><strong>Ptolemzeo</strong></span> 
     </span>
    </p>
   </div>
   <div class='ocr_carea' id='block_1_22' title="bbox 381 2891 1960 2968">
    <p class='ocr_par' dir='ltr' id='par_1_22' title="bbox 381 2891 1960 2968">
     <span class='ocr_line' id='line_1_22' title="bbox 381 2891 1960 2968; baseline 0.006 -23"><span class='ocrx_word' id='word_1_100' title='bbox 381 2902 439 2945; x_wconf 88' lang='lat' dir='ltr'><strong>et</strong></span> <span class='ocrx_word' id='word_1_101' title='bbox 474 2891 814 2957; x_wconf 88' lang='lat' dir='ltr'><strong>Heracleoni,</strong></span> <span class='ocrx_word' id='word_1_102' title='bbox 863 2903 921 2947; x_wconf 92' lang='lat' dir='ltr'><strong>ut</strong></span> <span class='ocrx_word' id='word_1_103' title='bbox 960 2904 1015 2949; x_wconf 92' lang='lat' dir='ltr'><strong>et</strong></span> <span class='ocrx_word' id='word_1_104' title='bbox 1054 2895 1156 2965; x_wconf 86' lang='lat' dir='ltr'><strong>ipsi</strong></span> <span class='ocrx_word' id='word_1_105' title='bbox 1189 2898 1376 2951; x_wconf 87' lang='lat' dir='ltr'><strong>iisdem</strong></span> <span class='ocrx_word' id='word_1_106' title='bbox 1424 2900 1618 2968; x_wconf 88' lang='lat' dir='ltr'><strong>quibus</strong></span> <span class='ocrx_word' id='word_1_107' title='bbox 1645 2900 1960 2957; x_wconf 67' lang='lat' dir='ltr'><strong>Graecorum</strong></span> 
     </span>
    </p>
   </div>
   <div class='ocr_carea' id='block_1_23' title="bbox 383 2983 1492 3053">
    <p class='ocr_par' dir='ltr' id='par_1_23' title="bbox 383 2983 1492 3053">
     <span class='ocr_line' id='line_1_23' title="bbox 383 2983 1492 3053; baseline 0.008 -18"><span class='ocrx_word' id='word_1_108' title='bbox 383 2983 687 3053; x_wconf 85' lang='lat' dir='ltr'><strong>philosophi</strong></span> <span class='ocrx_word' id='word_1_109' title='bbox 722 2986 801 3039; x_wconf 91' lang='lat' dir='ltr'><strong>usi</strong></span> <span class='ocrx_word' id='word_1_110' title='bbox 844 2984 975 3048; x_wconf 87' lang='lat' dir='ltr'><strong>sint,</strong></span> <span class='ocrx_word' id='word_1_111' title='bbox 1009 2987 1101 3039; x_wconf 89' lang='lat' dir='ltr'><strong>sed</strong></span> <span class='ocrx_word' id='word_1_112' title='bbox 1131 2986 1252 3041; x_wconf 86' lang='lat' dir='ltr'><strong>aliis</strong></span> <span class='ocrx_word' id='word_1_113' title='bbox 1294 2989 1492 3045; x_wconf 85' lang='lat' dir='ltr'><strong>verbis.</strong></span> 
     </span>
    </p>
   </div>
   <div class='ocr_carea' id='block_1_24' title="bbox 458 3075 1959 3150">
    <p class='ocr_par' dir='ltr' id='par_1_24' title="bbox 458 3075 1959 3150">
     <span class='ocr_line' id='line_1_24' title="bbox 458 3075 1959 3150; baseline 0.005 -21"><span class='ocrx_word' id='word_1_114' title='bbox 458 3075 515 3130; x_wconf 88' lang='lat'><strong>5.</strong></span> <span class='ocrx_word' id='word_1_115' title='bbox 552 3076 808 3142; x_wconf 74' lang='lat' dir='ltr'><strong>Quaenam</strong></span> <span class='ocrx_word' id='word_1_116' title='bbox 849 3076 1012 3131; x_wconf 79' lang='lat' dir='ltr'><strong>Marci</strong></span> <span class='ocrx_word' id='word_1_117' title='bbox 1055 3088 1109 3132; x_wconf 89' lang='lat' dir='ltr'><strong>et</strong></span> <span class='ocrx_word' id='word_1_118' title='bbox 1145 3079 1422 3135; x_wconf 73' lang='lat' dir='ltr'><strong>C0|ztrb35i</strong></span> <span class='ocrx_word' id='word_1_119' title='bbox 1466 3084 1682 3138; x_wconf 89' lang='lat' dir='ltr'><strong>decreta</strong></span> <span class='ocrx_word' id='word_1_120' title='bbox 1736 3083 1959 3150; x_wconf 85' lang='lat' dir='ltr'><strong>fuerint,</strong></span> 
     </span>
    </p>
   </div>
   <div class='ocr_carea' id='block_1_25' title="bbox 384 3171 1962 3242">
    <p class='ocr_par' dir='ltr' id='par_1_25' title="bbox 384 3171 1962 3242">
     <span class='ocr_line' id='line_1_25' title="bbox 384 3171 1962 3242; baseline 0.006 -21"><span class='ocrx_word' id='word_1_121' title='bbox 384 3177 443 3221; x_wconf 90' lang='lat' dir='ltr'><strong>et</strong></span> <span class='ocrx_word' id='word_1_122' title='bbox 483 3172 743 3238; x_wconf 77' lang='lat' dir='ltr'><strong>quosdam</strong></span> <span class='ocrx_word' id='word_1_123' title='bbox 791 3185 979 3223; x_wconf 86' lang='lat' dir='ltr'><strong>eorum</strong></span> <span class='ocrx_word' id='word_1_124' title='bbox 1022 3171 1088 3224; x_wconf 85' lang='lat' dir='ltr'><strong>ad</strong></span> <span class='ocrx_word' id='word_1_125' title='bbox 1132 3174 1372 3242; x_wconf 84' lang='lat' dir='ltr'><strong>magicas</strong></span> <span class='ocrx_word' id='word_1_126' title='bbox 1417 3184 1561 3230; x_wconf 85' lang='lat' dir='ltr'><strong>artes</strong></span> <span class='ocrx_word' id='word_1_127' title='bbox 1606 3188 1661 3230; x_wconf 91' lang='lat' dir='ltr'><strong>et</strong></span> <span class='ocrx_word' id='word_1_128' title='bbox 1709 3191 1962 3231; x_wconf 88' lang='lat' dir='ltr'><strong>numeros</strong></span> 
     </span>
    </p>
   </div>
   <div class='ocr_carea' id='block_1_26' title="bbox 386 3258 1275 3332">
    <p class='ocr_par' dir='ltr' id='par_1_26' title="bbox 386 3258 1275 3332">
     <span class='ocr_line' id='line_1_26' title="bbox 386 3258 1275 3332; baseline 0.004 -18"><span class='ocrx_word' id='word_1_129' title='bbox 386 3258 753 3330; x_wconf 82' lang='lat' dir='ltr'><strong>Pythagoreos</strong></span> <span class='ocrx_word' id='word_1_130' title='bbox 778 3276 896 3315; x_wconf 91' lang='lat' dir='ltr'><strong>sese</strong></span> <span class='ocrx_word' id='word_1_131' title='bbox 931 3263 1275 3332; x_wconf 75' lang='lat' dir='ltr'><strong>applicuisse.</strong></span> 
     </span>
    </p>
   </div>
   <div class='ocr_carea' id='block_1_27' title="bbox 463 3352 1963 3432">
    <p class='ocr_par' dir='ltr' id='par_1_27' title="bbox 463 3352 1963 3432">
     <span class='ocr_line' id='line_1_27' title="bbox 463 3352 1963 3432; baseline 0.007 -27"><span class='ocrx_word' id='word_1_132' title='bbox 463 3352 524 3408; x_wconf 87' lang='lat'><strong>6.</strong></span> <span class='ocrx_word' id='word_1_133' title='bbox 556 3355 826 3422; x_wconf 81' lang='lat' dir='ltr'><strong>Quotquot</strong></span> <span class='ocrx_word' id='word_1_134' title='bbox 875 3355 1036 3424; x_wconf 77' lang='lat' dir='ltr'><strong>igitur</strong></span> <span class='ocrx_word' id='word_1_135' title='bbox 1078 3358 1358 3411; x_wconf 65' lang='lat' dir='ltr'><strong>sententiae</strong></span> <span class='ocrx_word' id='word_1_136' title='bbox 1395 3360 1694 3427; x_wconf 81' lang='lat' dir='ltr'><strong>placuerint</strong></span> <span class='ocrx_word' id='word_1_137' title='bbox 1727 3361 1793 3415; x_wconf 91' lang='lat' dir='ltr'><strong>iis</strong></span> <span class='ocrx_word' id='word_1_138' title='bbox 1817 3402 1833 3428; x_wconf 90' lang='lat'><strong>,</strong></span> <span class='ocrx_word' id='word_1_139' title='bbox 1872 3361 1963 3432; x_wconf 90' lang='lat' dir='ltr'><strong>qui</strong></span> 
     </span>
    </p>
   </div>
   <div class='ocr_carea' id='block_1_28' title="bbox 388 3446 1965 3521">
    <p class='ocr_par' dir='ltr' id='par_1_28' title="bbox 388 3446 1965 3521">
     <span class='ocr_line' id='line_1_28' title="bbox 388 3446 1965 3521; baseline 0.008 -26"><span class='ocrx_word' id='word_1_140' title='bbox 388 3458 419 3494; x_wconf 84' lang='lat' dir='ltr'><strong>a</strong></span> <span class='ocrx_word' id='word_1_141' title='bbox 472 3454 724 3512; x_wconf 84' lang='lat' dir='ltr'><strong>serpente</strong></span> <span class='ocrx_word' id='word_1_142' title='bbox 775 3446 924 3499; x_wconf 86' lang='lat' dir='ltr'><strong>initia</strong></span> <span class='ocrx_word' id='word_1_143' title='bbox 975 3447 1237 3503; x_wconf 65' lang='lat' dir='ltr'><strong>doctrinae</strong></span> <span class='ocrx_word' id='word_1_144' title='bbox 1287 3466 1397 3504; x_wconf 81' lang='lat' dir='ltr'><strong>suae</strong></span> <span class='ocrx_word' id='word_1_145' title='bbox 1450 3462 1861 3521; x_wconf 87' lang='lat' dir='ltr'><strong>assumpserunt</strong></span> <span class='ocrx_word' id='word_1_146' title='bbox 1911 3461 1965 3507; x_wconf 90' lang='lat' dir='ltr'><strong>et</strong></span> 
     </span>
    </p>
   </div>
   <div class='ocr_carea' id='block_1_29' title="bbox 390 3536 1963 3606">
    <p class='ocr_par' dir='ltr' id='par_1_29' title="bbox 390 3536 1963 3606">
     <span class='ocr_line' id='line_1_29' title="bbox 390 3536 1963 3606; baseline 0.007 -21"><span class='ocrx_word' id='word_1_147' title='bbox 390 3548 689 3602; x_wconf 64' lang='lat' dir='ltr'><strong>progressu»</strong></span> <span class='ocrx_word' id='word_1_148' title='bbox 740 3542 1039 3603; x_wconf 89' lang='lat' dir='ltr'><strong>temporum</strong></span> <span class='ocrx_word' id='word_1_149' title='bbox 1100 3536 1153 3590; x_wconf 89' lang='lat' dir='ltr'><strong>in</strong></span> <span class='ocrx_word' id='word_1_150' title='bbox 1207 3550 1452 3606; x_wconf 87' lang='lat' dir='ltr'><strong>apertum</strong></span> <span class='ocrx_word' id='word_1_151' title='bbox 1506 3552 1812 3595; x_wconf 87' lang='lat' dir='ltr'><strong>commenta</strong></span> <span class='ocrx_word' id='word_1_152' title='bbox 1868 3557 1963 3596; x_wconf 87' lang='lat' dir='ltr'><strong>sua</strong></span> 
     </span>
    </p>
   </div>
   <div class='ocr_carea' id='block_1_30' title="bbox 389 3625 1966 3701">
    <p class='ocr_par' dir='ltr' id='par_1_30' title="bbox 389 3625 1966 3701">
     <span class='ocr_line' id='line_1_30' title="bbox 389 3625 1966 3701; baseline 0.004 -22"><span class='ocrx_word' id='word_1_153' title='bbox 389 3633 583 3694; x_wconf 84' lang='lat' dir='ltr'><strong>sponte</strong></span> <span class='ocrx_word' id='word_1_154' title='bbox 606 3625 979 3694; x_wconf 88' lang='lat' dir='ltr'><strong>prodiderunt,</strong></span> <span class='ocrx_word' id='word_1_155' title='bbox 1025 3628 1076 3681; x_wconf 93' lang='lat' dir='ltr'><strong>in</strong></span> <span class='ocrx_word' id='word_1_156' title='bbox 1107 3644 1173 3681; x_wconf 93' lang='lat' dir='ltr'><strong>eo</strong></span> <span class='ocrx_word' id='word_1_157' title='bbox 1207 3630 1373 3694; x_wconf 89' lang='lat' dir='ltr'><strong>libro,</strong></span> <span class='ocrx_word' id='word_1_158' title='bbox 1415 3633 1505 3699; x_wconf 88' lang='lat' dir='ltr'><strong>qui</strong></span> <span class='ocrx_word' id='word_1_159' title='bbox 1540 3633 1681 3687; x_wconf 88' lang='lat' dir='ltr'><strong>hunc</strong></span> <span class='ocrx_word' id='word_1_160' title='bbox 1712 3635 1966 3701; x_wconf 67' lang='lat' dir='ltr'><strong>praecedit</strong></span> 
     </span>
    </p>
   </div>
   <div class='ocr_carea' id='block_1_31' title="bbox 393 3715 1963 3793">
    <p class='ocr_par' dir='ltr' id='par_1_31' title="bbox 393 3715 1963 3793">
     <span class='ocr_line' id='line_1_31' title="bbox 393 3715 1963 3793; baseline 0.004 -22"><span class='ocrx_word' id='word_1_161' title='bbox 393 3717 547 3786; x_wconf 88' lang='lat' dir='ltr'><strong>isque</strong></span> <span class='ocrx_word' id='word_1_162' title='bbox 574 3715 914 3770; x_wconf 77' lang='lat' dir='ltr'><strong>refutationis</strong></span> <span class='ocrx_word' id='word_1_163' title='bbox 956 3716 1240 3772; x_wconf 67' lang='lat' dir='ltr'><strong>baeresium</strong></span> <span class='ocrx_word' id='word_1_164' title='bbox 1286 3721 1506 3789; x_wconf 90' lang='lat' dir='ltr'><strong>quintus</strong></span> <span class='ocrx_word' id='word_1_165' title='bbox 1534 3732 1616 3776; x_wconf 89' lang='lat' dir='ltr'><strong>est</strong></span> <span class='ocrx_word' id='word_1_166' title='bbox 1642 3755 1661 3788; x_wconf 22' lang='grc'><strong>,⁸</strong></span> <span class='ocrx_word' id='word_1_167' title='bbox 1716 3724 1963 3793; x_wconf 80' lang='lat' dir='ltr'><strong>exposui.</strong></span> 
     </span>
    </p>
   </div>
   <div class='ocr_carea' id='block_1_32' title="bbox 390 3809 1969 3881">
    <p class='ocr_par' dir='ltr' id='par_1_32' title="bbox 390 3809 1969 3881">
     <span class='ocr_line' id='line_1_32' title="bbox 390 3809 1969 3881; baseline 0.003 -18"><span class='ocrx_word' id='word_1_168' title='bbox 390 3809 509 3863; x_wconf 81' lang='lat' dir='ltr'><strong>Jam</strong></span> <span class='ocrx_word' id='word_1_169' title='bbox 544 3822 672 3860; x_wconf 77' lang='lat' dir='ltr'><strong>vero</strong></span> <span class='ocrx_word' id='word_1_170' title='bbox 697 3822 764 3861; x_wconf 90' lang='lat' dir='ltr'><strong>ne</strong></span> <span class='ocrx_word' id='word_1_171' title='bbox 789 3822 977 3861; x_wconf 91' lang='lat' dir='ltr'><strong>eorum</strong></span> <span class='ocrx_word' id='word_1_172' title='bbox 1013 3809 1229 3879; x_wconf 88' lang='lat' dir='ltr'><strong>quidem</strong></span> <span class='ocrx_word' id='word_1_173' title='bbox 1260 3812 1349 3881; x_wconf 87' lang='lat' dir='ltr'><strong>qui</strong></span> <span class='ocrx_word' id='word_1_174' title='bbox 1381 3814 1652 3867; x_wconf 87' lang='lat' dir='ltr'><strong>subsecuti</strong></span> <span class='ocrx_word' id='word_1_175' title='bbox 1689 3825 1817 3868; x_wconf 91' lang='lat' dir='ltr'><strong>sunt</strong></span> <span class='ocrx_word' id='word_1_176' title='bbox 1843 3828 1969 3870; x_wconf 82' lang='lat' dir='ltr'><strong>sen-</strong></span> 
     </span>
    </p>
   </div>
   <div class='ocr_carea' id='block_1_33' title="bbox 394 3900 1967 3974">
    <p class='ocr_par' dir='ltr' id='par_1_33' title="bbox 394 3900 1967 3974">
     <span class='ocr_line' id='line_1_33' title="bbox 394 3900 1967 3974; baseline 0.006 -20"><span class='ocrx_word' id='word_1_177' title='bbox 394 3912 591 3958; x_wconf 75' lang='lat' dir='ltr'><strong>tentias</strong></span> <span class='ocrx_word' id='word_1_178' title='bbox 619 3900 829 3966; x_wconf 87' lang='lat' dir='ltr'><strong>silebo,</strong></span> <span class='ocrx_word' id='word_1_179' title='bbox 885 3903 979 3956; x_wconf 81' lang='lat' dir='ltr'><strong>sed</strong></span> <span class='ocrx_word' id='word_1_180' title='bbox 1036 3918 1101 3956; x_wconf 92' lang='lat' dir='ltr'><strong>ne</strong></span> <span class='ocrx_word' id='word_1_181' title='bbox 1154 3919 1314 3957; x_wconf 91' lang='lat' dir='ltr'><strong>uuam</strong></span> <span class='ocrx_word' id='word_1_182' title='bbox 1362 3906 1578 3974; x_wconf 89' lang='lat' dir='ltr'><strong>quidem</strong></span> <span class='ocrx_word' id='word_1_183' title='bbox 1631 3906 1967 3963; x_wconf 77' lang='lat' dir='ltr'><strong>irrelutatam</strong></span> 
     </span>
    </p>
   </div>
   <div class='ocr_carea' id='block_1_34' title="bbox 393 3992 1971 4064">
    <p class='ocr_par' dir='ltr' id='par_1_34' title="bbox 393 3992 1971 4064">
     <span class='ocr_line' id='line_1_34' title="bbox 393 3992 1971 4064; baseline 0.004 -17"><span class='ocrx_word' id='word_1_184' title='bbox 393 3993 676 4056; x_wconf 89' lang='lat' dir='ltr'><strong>omittam,</strong></span> <span class='ocrx_word' id='word_1_185' title='bbox 738 3992 782 4046; x_wconf 90' lang='lat' dir='ltr'><strong>si</strong></span> <span class='ocrx_word' id='word_1_186' title='bbox 834 3994 1049 4060; x_wconf 90' lang='lat' dir='ltr'><strong>quidem</strong></span> <span class='ocrx_word' id='word_1_187' title='bbox 1085 3994 1199 4048; x_wconf 79' lang='lat' dir='ltr'><strong>ﬁeri</strong></span> <span class='ocrx_word' id='word_1_188' title='bbox 1248 4004 1460 4064; x_wconf 87' lang='lat' dir='ltr'><strong>potest,</strong></span> <span class='ocrx_word' id='word_1_189' title='bbox 1518 4005 1576 4049; x_wconf 92' lang='lat' dir='ltr'><strong>ut</strong></span> <span class='ocrx_word' id='word_1_190' title='bbox 1604 4011 1793 4052; x_wconf 87' lang='lat' dir='ltr'><strong>omnes</strong></span> <span class='ocrx_word' id='word_1_191' title='bbox 1821 4014 1971 4054; x_wconf 89' lang='lat' dir='ltr'><strong>com-</strong></span> 
     </span>
    </p>
   </div>
   <div class='ocr_carea' id='block_1_35' title="bbox 397 4086 1971 4157">
    <p class='ocr_par' dir='ltr' id='par_1_35' title="bbox 397 4086 1971 4157">
     <span class='ocr_line' id='line_1_35' title="bbox 397 4086 1971 4157; baseline 0.004 -21"><span class='ocrx_word' id='word_1_192' title='bbox 397 4099 690 4139; x_wconf 86' lang='lat' dir='ltr'><strong>memorem</strong></span> <span class='ocrx_word' id='word_1_193' title='bbox 713 4099 1009 4152; x_wconf 89' lang='lat' dir='ltr'><strong>eorumque</strong></span> <span class='ocrx_word' id='word_1_194' title='bbox 1043 4100 1240 4140; x_wconf 90' lang='lat' dir='ltr'><strong>arcana</strong></span> <span class='ocrx_word' id='word_1_195' title='bbox 1280 4086 1455 4156; x_wconf 80' lang='lat' dir='ltr'><strong>orgia,</strong></span> <span class='ocrx_word' id='word_1_196' title='bbox 1504 4102 1625 4157; x_wconf 65' lang='lat' dir='ltr'><strong>quae</strong></span> <span class='ocrx_word' id='word_1_197' title='bbox 1657 4088 1850 4143; x_wconf 88' lang='lat' dir='ltr'><strong>merito</strong></span> <span class='ocrx_word' id='word_1_198' title='bbox 1879 4105 1971 4143; x_wconf 91' lang='lat' dir='ltr'><strong>or-</strong></span> 
     </span>
    </p>
   </div>
   <div class='ocr_carea' id='block_1_36' title="bbox 396 4174 1971 4253">
    <p class='ocr_par' dir='ltr' id='par_1_36' title="bbox 396 4174 1971 4253">
     <span class='ocr_line' id='line_1_36' title="bbox 396 4174 1971 4253; baseline 0.004 -26"><span class='ocrx_word' id='word_1_199' title='bbox 396 4176 483 4243; x_wconf 81' lang='lat' dir='ltr'><strong>gia</strong></span> <span class='ocrx_word' id='word_1_200' title='bbox 533 4174 845 4243; x_wconf 87' lang='lat' dir='ltr'><strong>appellanda</strong></span> <span class='ocrx_word' id='word_1_201' title='bbox 900 4186 1066 4242; x_wconf 88' lang='lat' dir='ltr'><strong>sunt;</strong></span> <span class='ocrx_word' id='word_1_202' title='bbox 1134 4193 1239 4233; x_wconf 90' lang='lat' dir='ltr'><strong>non</strong></span> <span class='ocrx_word' id='word_1_203' title='bbox 1296 4181 1439 4232; x_wconf 89' lang='lat' dir='ltr'><strong>enim</strong></span> <span class='ocrx_word' id='word_1_204' title='bbox 1495 4179 1733 4248; x_wconf 82' lang='lat' dir='ltr'><strong>profecto</strong></span> <span class='ocrx_word' id='word_1_205' title='bbox 1782 4180 1971 4253; x_wconf 70' lang='grc'><strong>234-</strong></span> 
     </span>
    </p>
   </div>
   <div class='ocr_carea' id='block_1_37' title="bbox 396 4264 1971 4340">
    <p class='ocr_par' dir='ltr' id='par_1_37' title="bbox 396 4264 1971 4340">
     <span class='ocr_line' id='line_1_37' title="bbox 396 4264 1971 4340; baseline 0.006 -22"><span class='ocrx_word' id='word_1_206' title='bbox 396 4264 558 4334; x_wconf 76' lang='lat'><strong>235</strong></span> <span class='ocrx_word' id='word_1_207' title='bbox 590 4265 747 4335; x_wconf 82' lang='lat' dir='ltr'><strong>longe</strong></span> <span class='ocrx_word' id='word_1_208' title='bbox 778 4265 973 4321; x_wconf 88' lang='lat' dir='ltr'><strong>absunt</strong></span> <span class='ocrx_word' id='word_1_209' title='bbox 1001 4268 1069 4322; x_wconf 90' lang='lat' dir='ltr'><strong>ab</strong></span> <span class='ocrx_word' id='word_1_210' title='bbox 1108 4270 1185 4321; x_wconf 88' lang='lat' dir='ltr'><strong>ira</strong></span> <span class='ocrx_word' id='word_1_211' title='bbox 1233 4270 1461 4340; x_wconf 86' lang='lat' dir='ltr'><strong>(divina)</strong></span> <span class='ocrx_word' id='word_1_212' title='bbox 1490 4269 1580 4340; x_wconf 89' lang='lat' dir='ltr'><strong>qui</strong></span> <span class='ocrx_word' id='word_1_213' title='bbox 1614 4270 1743 4325; x_wconf 87' lang='lat' dir='ltr'><strong>talia</strong></span> <span class='ocrx_word' id='word_1_214' title='bbox 1790 4274 1971 4329; x_wconf 78' lang='lat' dir='ltr'><strong>conati</strong></span> 
     </span>
    </p>
   </div>
   <div class='ocr_carea' id='block_1_38' title="bbox 396 4355 1333 4425">
    <p class='ocr_par' dir='ltr' id='par_1_38' title="bbox 396 4355 1333 4425">
     <span class='ocr_line' id='line_1_38' title="bbox 396 4355 1333 4425; baseline 0.004 -19"><span class='ocrx_word' id='word_1_215' title='bbox 396 4366 548 4414; x_wconf 87' lang='lat' dir='ltr'><strong>sunt,</strong></span> <span class='ocrx_word' id='word_1_216' title='bbox 576 4364 634 4406; x_wconf 92' lang='lat' dir='ltr'><strong>ut</strong></span> <span class='ocrx_word' id='word_1_217' title='bbox 667 4355 833 4409; x_wconf 89' lang='lat' dir='ltr'><strong>etiam</strong></span> <span class='ocrx_word' id='word_1_218' title='bbox 866 4356 1166 4425; x_wconf 85' lang='lat' dir='ltr'><strong>veriloquio</strong></span> <span class='ocrx_word' id='word_1_219' title='bbox 1193 4368 1333 4411; x_wconf 88' lang='lat' dir='ltr'><strong>utar.</strong></span> 
     </span>
    </p>
   </div>
   <div class='ocr_carea' id='block_1_39' title="bbox 470 4444 1973 4525">
    <p class='ocr_par' dir='ltr' id='par_1_39' title="bbox 470 4444 1973 4525">
     <span class='ocr_line' id='line_1_39' title="bbox 470 4444 1973 4525; baseline 0.009 -30"><span class='ocrx_word' id='word_1_220' title='bbox 470 4444 525 4498; x_wconf 88' lang='lat'><strong>7.</strong></span> <span class='ocrx_word' id='word_1_221' title='bbox 564 4444 746 4498; x_wconf 82' lang='lat' dir='ltr'><strong>Placet</strong></span> <span class='ocrx_word' id='word_1_222' title='bbox 785 4445 947 4515; x_wconf 87' lang='lat' dir='ltr'><strong>igitur</strong></span> <span class='ocrx_word' id='word_1_223' title='bbox 974 4448 1135 4501; x_wconf 88' lang='lat' dir='ltr'><strong>etiam</strong></span> <span class='ocrx_word' id='word_1_224' title='bbox 1172 4448 1411 4505; x_wconf 87' lang='lat' dir='ltr'><strong>Simonis</strong></span> <span class='ocrx_word' id='word_1_225' title='bbox 1452 4450 1788 4509; x_wconf 89' lang='lat' dir='ltr'><strong>Gittenensis</strong></span> <span class='ocrx_word' id='word_1_226' title='bbox 1815 4492 1830 4518; x_wconf 90' lang='lat'><strong>,</strong></span> <span class='ocrx_word' id='word_1_227' title='bbox 1878 4453 1973 4525; x_wconf 89' lang='lat' dir='ltr'><strong>qui</strong></span> 
     </span>
    </p>
   </div>
   <div class='ocr_carea' id='block_1_40' title="bbox 399 4535 1973 4613">
    <p class='ocr_par' dir='ltr' id='par_1_40' title="bbox 399 4535 1973 4613">
     <span class='ocr_line' id='line_1_40' title="bbox 399 4535 1973 4613; baseline 0.008 -26"><span class='ocrx_word' id='word_1_228' title='bbox 399 4535 549 4589; x_wconf 82' lang='lat' dir='ltr'><strong>vicus</strong></span> <span class='ocrx_word' id='word_1_229' title='bbox 574 4544 658 4589; x_wconf 91' lang='lat' dir='ltr'><strong>est</strong></span> <span class='ocrx_word' id='word_1_230' title='bbox 689 4535 947 4591; x_wconf 73' lang='lat' dir='ltr'><strong>Samaria:</strong></span> <span class='ocrx_word' id='word_1_231' title='bbox 966 4578 982 4599; x_wconf 84' lang='lat'><strong>,</strong></span> <span class='ocrx_word' id='word_1_232' title='bbox 1043 4554 1183 4593; x_wconf 90' lang='lat' dir='ltr'><strong>nunc</strong></span> <span class='ocrx_word' id='word_1_233' title='bbox 1212 4555 1482 4608; x_wconf 85' lang='lat' dir='ltr'><strong>exponere</strong></span> <span class='ocrx_word' id='word_1_234' title='bbox 1514 4544 1707 4611; x_wconf 88' lang='lat' dir='ltr'><strong>placita</strong></span> <span class='ocrx_word' id='word_1_235' title='bbox 1730 4585 1746 4610; x_wconf 91' lang='lat'><strong>,</strong></span> <span class='ocrx_word' id='word_1_236' title='bbox 1807 4560 1838 4599; x_wconf 93' lang='lat' dir='ltr'><strong>a</strong></span> <span class='ocrx_word' id='word_1_237' title='bbox 1866 4560 1973 4613; x_wconf 92' lang='lat' dir='ltr'><strong>quo</strong></span> 
     </span>
    </p>
   </div>
   <div class='ocr_carea' id='block_1_41' title="bbox 398 4630 1973 4705">
    <p class='ocr_par' dir='ltr' id='par_1_41' title="bbox 398 4630 1973 4705">
     <span class='ocr_line' id='line_1_41' title="bbox 398 4630 1973 4705; baseline 0.007 -25"><span class='ocrx_word' id='word_1_238' title='bbox 398 4630 562 4682; x_wconf 85' lang='lat' dir='ltr'><strong>etiam</strong></span> <span class='ocrx_word' id='word_1_239' title='bbox 615 4637 911 4684; x_wconf 86' lang='lat' dir='ltr'><strong>sectatores</strong></span> <span class='ocrx_word' id='word_1_240' title='bbox 970 4632 1461 4687; x_wconf 82' lang='lat' dir='ltr'><strong>demonstrabimus</strong></span> <span class='ocrx_word' id='word_1_241' title='bbox 1518 4635 1685 4690; x_wconf 87' lang='lat' dir='ltr'><strong>initiis</strong></span> <span class='ocrx_word' id='word_1_242' title='bbox 1743 4638 1973 4705; x_wconf 89' lang='lat' dir='ltr'><strong>sumptis</strong></span> 
     </span>
    </p>
   </div>
   <div class='ocr_carea' id='block_1_42' title="bbox 400 4719 1972 4781">
    <p class='ocr_par' dir='ltr' id='par_1_42' title="bbox 400 4719 1972 4781">
     <span class='ocr_line' id='line_1_42' title="bbox 400 4719 1972 4781; baseline 0.006 -9"><span class='ocrx_word' id='word_1_243' title='bbox 400 4719 526 4775; x_wconf 87' lang='lat' dir='ltr'><strong>aliis</strong></span> <span class='ocrx_word' id='word_1_244' title='bbox 560 4720 868 4776; x_wconf 85' lang='lat' dir='ltr'><strong>nominibus</strong></span> <span class='ocrx_word' id='word_1_245' title='bbox 900 4723 1202 4777; x_wconf 87' lang='lat' dir='ltr'><strong>consimilia</strong></span> <span class='ocrx_word' id='word_1_246' title='bbox 1237 4733 1461 4778; x_wconf 85' lang='lat' dir='ltr'><strong>conatos</strong></span> <span class='ocrx_word' id='word_1_247' title='bbox 1488 4740 1629 4779; x_wconf 90' lang='lat' dir='ltr'><strong>esse.</strong></span> <span class='ocrx_word' id='word_1_248' title='bbox 1657 4725 1755 4781; x_wconf 89' lang='lat' dir='ltr'><strong>llic</strong></span> <span class='ocrx_word' id='word_1_249' title='bbox 1785 4726 1972 4781; x_wconf 89' lang='lat' dir='ltr'><strong>Simon</strong></span> 
     </span>
    </p>
   </div>
   <div class='ocr_carea' id='block_1_43' title="bbox 2060 2259 2485 2329">
    <p class='ocr_par' dir='ltr' id='par_1_43' title="bbox 2060 2259 2485 2329">
     <span class='ocr_line' id='line_1_43' title="bbox 2060 2259 2485 2329; baseline 0.007 -19"><span class='ocrx_word' id='word_1_250' title='bbox 2060 2274 2199 2311; x_wconf 88' lang='grc' dir='ltr'>σεων</span> <span class='ocrx_word' id='word_1_251' title='bbox 2238 2259 2485 2329; x_wconf 80' lang='grc' dir='ltr'><strong>ἐλέγχου.</strong></span> 
     </span>
    </p>
   </div>
   <div class='ocr_carea' id='block_1_44' title="bbox 2132 2344 3642 2420">
    <p class='ocr_par' dir='ltr' id='par_1_44' title="bbox 2132 2344 3642 2420">
     <span class='ocr_line' id='line_1_44' title="bbox 2132 2344 3642 2420; baseline -0.004 -16"><span class='ocrx_word' id='word_1_252' title='bbox 2132 2350 2197 2420; x_wconf 82' lang='grc' dir='ltr'><strong>β’.</strong></span> <span class='ocrx_word' id='word_1_253' title='bbox 2238 2351 2373 2404; x_wconf 92' lang='grc' dir='ltr'>Τίνα</span> <span class='ocrx_word' id='word_1_254' title='bbox 2397 2350 2467 2404; x_wconf 83' lang='grc' dir='ltr'>τὰ</span> <span class='ocrx_word' id='word_1_255' title='bbox 2500 2351 2705 2420; x_wconf 87' lang='grc' dir='ltr'>Σίμωνι</span> <span class='ocrx_word' id='word_1_256' title='bbox 2753 2347 3152 2420; x_wconf 76' lang='grc' dir='ltr'><strong>τετολμημένα,</strong></span> <span class='ocrx_word' id='word_1_257' title='bbox 3181 2346 3274 2401; x_wconf 75' lang='grc' dir='ltr'>καὶ</span> <span class='ocrx_word' id='word_1_258' title='bbox 3303 2346 3387 2400; x_wconf 81' lang='grc' dir='ltr'>ὅτι</span> <span class='ocrx_word' id='word_1_259' title='bbox 3413 2344 3482 2399; x_wconf 83' lang='grc' dir='ltr'><strong>ἐκ</strong></span> <span class='ocrx_word' id='word_1_260' title='bbox 3532 2362 3642 2416; x_wconf 78' lang='grc' dir='ltr'>μα-</span> 
     </span>
    </p>
   </div>
   <div class='ocr_carea' id='block_1_45' title="bbox 2057 2438 3276 2513">
    <p class='ocr_par' dir='ltr' id='par_1_45' title="bbox 2057 2438 3276 2513">
     <span class='ocr_line' id='line_1_45' title="bbox 2057 2438 3276 2513; baseline 0 -19"><span class='ocrx_word' id='word_1_261' title='bbox 2057 2442 2231 2510; x_wconf 84' lang='grc' dir='ltr'>γικῶν</span> <span class='ocrx_word' id='word_1_262' title='bbox 2260 2444 2355 2496; x_wconf 85' lang='grc' dir='ltr'><strong>καὶ</strong></span> <span class='ocrx_word' id='word_1_263' title='bbox 2378 2442 2678 2513; x_wconf 84' lang='grc' dir='ltr'><strong>ποιητικῶν</strong></span> <span class='ocrx_word' id='word_1_264' title='bbox 2708 2440 2768 2494; x_wconf 77' lang='grc' dir='ltr'>τὸ</span> <span class='ocrx_word' id='word_1_265' title='bbox 2795 2442 2971 2509; x_wconf 82' lang='grc' dir='ltr'><strong>δόγμα</strong></span> <span class='ocrx_word' id='word_1_266' title='bbox 2998 2438 3276 2511; x_wconf 77' lang='grc' dir='ltr'><strong>κρατύνει.</strong></span> 
     </span>
    </p>
   </div>
   <div class='ocr_carea' id='block_1_46' title="bbox 2130 2528 3642 2604">
    <p class='ocr_par' dir='ltr' id='par_1_46' title="bbox 2130 2528 3642 2604">
     <span class='ocr_line' id='line_1_46' title="bbox 2130 2528 3642 2604; baseline -0.007 -14"><span class='ocrx_word' id='word_1_267' title='bbox 2130 2534 2201 2604; x_wconf 85' lang='grc' dir='ltr'>γ’.</span> <span class='ocrx_word' id='word_1_268' title='bbox 2239 2536 2374 2589; x_wconf 90' lang='grc' dir='ltr'>Τίνα</span> <span class='ocrx_word' id='word_1_269' title='bbox 2426 2537 2455 2588; x_wconf 90' lang='grc' dir='ltr'><strong>ό</strong></span> <span class='ocrx_word' id='word_1_270' title='bbox 2504 2535 2857 2597; x_wconf 84' lang='grc' dir='ltr'>Οὐαλεντῖνος</span> <span class='ocrx_word' id='word_1_271' title='bbox 2903 2531 3240 2603; x_wconf 80' lang='grc' dir='ltr'>δογματίζει,</span> <span class='ocrx_word' id='word_1_272' title='bbox 3289 2529 3385 2584; x_wconf 72' lang='grc' dir='ltr'>καὶ</span> <span class='ocrx_word' id='word_1_273' title='bbox 3433 2529 3519 2582; x_wconf 80' lang='grc' dir='ltr'>ὅτι</span> <span class='ocrx_word' id='word_1_274' title='bbox 3574 2528 3642 2580; x_wconf 80' lang='grc' dir='ltr'><strong>ἐκ</strong></span> 
     </span>
    </p>
   </div>
   <div class='ocr_carea' id='block_1_47' title="bbox 2058 2618 3643 2697">
    <p class='ocr_par' dir='ltr' id='par_1_47' title="bbox 2058 2618 3643 2697">
     <span class='ocr_line' id='line_1_47' title="bbox 2058 2618 3643 2697; baseline -0.005 -18"><span class='ocrx_word' id='word_1_275' title='bbox 2058 2625 2291 2697; x_wconf 81' lang='grc' dir='ltr'>Γραφῶν</span> <span class='ocrx_word' id='word_1_276' title='bbox 2318 2625 2379 2679; x_wconf 84' lang='grc' dir='ltr'><strong>οὐ</strong></span> <span class='ocrx_word' id='word_1_277' title='bbox 2411 2625 2729 2678; x_wconf 87' lang='grc' dir='ltr'>συνίσταται</span> <span class='ocrx_word' id='word_1_278' title='bbox 2765 2623 2930 2678; x_wconf 81' lang='grc' dir='ltr'>αὑτοῦ</span> <span class='ocrx_word' id='word_1_279' title='bbox 2960 2625 3020 2677; x_wconf 84' lang='grc' dir='ltr'><strong>τὸ</strong></span> <span class='ocrx_word' id='word_1_280' title='bbox 3043 2623 3238 2693; x_wconf 85' lang='grc' dir='ltr'><strong>δόγμα,</strong></span> <span class='ocrx_word' id='word_1_281' title='bbox 3263 2619 3405 2676; x_wconf 82' lang='grc' dir='ltr'>ἀλλὰ</span> <span class='ocrx_word' id='word_1_282' title='bbox 3429 2620 3497 2673; x_wconf 82' lang='grc' dir='ltr'><strong>ἐκ</strong></span> <span class='ocrx_word' id='word_1_283' title='bbox 3528 2618 3643 2672; x_wconf 84' lang='grc' dir='ltr'><strong>τῶν</strong></span> 
     </span>
    </p>
   </div>
   <div class='ocr_carea' id='block_1_48' title="bbox 2060 2716 3302 2786">
    <p class='ocr_par' dir='ltr' id='par_1_48' title="bbox 2060 2716 3302 2786">
     <span class='ocr_line' id='line_1_48' title="bbox 2060 2716 3302 2786; baseline -0.002 -15"><span class='ocrx_word' id='word_1_284' title='bbox 2060 2718 2419 2772; x_wconf 82' lang='grc' dir='ltr'>Πλατωνικῶν</span> <span class='ocrx_word' id='word_1_285' title='bbox 2450 2719 2543 2771; x_wconf 79' lang='grc' dir='ltr'>καὶ</span> <span class='ocrx_word' id='word_1_286' title='bbox 2574 2716 2966 2786; x_wconf 82' lang='grc' dir='ltr'>Πυθαγορικῶν</span> <span class='ocrx_word' id='word_1_287' title='bbox 2996 2716 3302 2786; x_wconf 82' lang='grc' dir='ltr'>δογμάτων.</span> 
     </span>
    </p>
   </div>
   <div class='ocr_carea' id='block_1_49' title="bbox 2128 2802 3642 2879">
    <p class='ocr_par' dir='ltr' id='par_1_49' title="bbox 2128 2802 3642 2879">
     <span class='ocr_line' id='line_1_49' title="bbox 2128 2802 3642 2879; baseline -0.005 -17"><span class='ocrx_word' id='word_1_288' title='bbox 2128 2810 2191 2864; x_wconf 84' lang='grc' dir='ltr'>δ’.</span> <span class='ocrx_word' id='word_1_289' title='bbox 2244 2809 2353 2861; x_wconf 77' lang='grc' dir='ltr'><strong>Καὶ</strong></span> <span class='ocrx_word' id='word_1_290' title='bbox 2402 2810 2525 2863; x_wconf 84' lang='grc' dir='ltr'>τίνα</span> <span class='ocrx_word' id='word_1_291' title='bbox 2577 2810 2645 2862; x_wconf 81' lang='grc' dir='ltr'>τὰ</span> <span class='ocrx_word' id='word_1_292' title='bbox 2692 2808 2972 2879; x_wconf 82' lang='grc' dir='ltr'>Σεκούνδῳ</span> <span class='ocrx_word' id='word_1_293' title='bbox 3025 2809 3121 2861; x_wconf 73' lang='grc' dir='ltr'><strong>καὶ</strong></span> <span class='ocrx_word' id='word_1_294' title='bbox 3167 2803 3494 2874; x_wconf 72' lang='grc' dir='ltr'>Πτολεμαίῳ</span> <span class='ocrx_word' id='word_1_295' title='bbox 3537 2802 3642 2857; x_wconf 79' lang='grc' dir='ltr'>καὶ</span> 
     </span>
    </p>
   </div>
   <div class='ocr_carea' id='block_1_50' title="bbox 2073 2887 3647 2975">
    <p class='ocr_par' dir='ltr' id='par_1_50' title="bbox 2073 2887 3647 2975">
     <span class='ocr_line' id='line_1_50' title="bbox 2073 2887 3647 2975; baseline -0.008 -16"><span class='ocrx_word' id='word_1_296' title='bbox 2073 2902 2409 2975; x_wconf 81' lang='grc' dir='ltr'>Ἠρακλέωνι</span> <span class='ocrx_word' id='word_1_297' title='bbox 2444 2902 2725 2965; x_wconf 81' lang='grc' dir='ltr'>δοκοῦντα,</span> <span class='ocrx_word' id='word_1_298' title='bbox 2753 2902 2830 2964; x_wconf 88' lang='grc' dir='ltr'>ὼς</span> <span class='ocrx_word' id='word_1_299' title='bbox 2860 2900 2954 2955; x_wconf 75' lang='grc' dir='ltr'><strong>καὶ</strong></span> <span class='ocrx_word' id='word_1_300' title='bbox 2984 2899 3138 2953; x_wconf 71' lang='grc' dir='ltr'>αὐτοὶ</span> <span class='ocrx_word' id='word_1_301' title='bbox 3172 2899 3287 2959; x_wconf 80' lang='grc' dir='ltr'>τοῖς</span> <span class='ocrx_word' id='word_1_302' title='bbox 3318 2896 3531 2961; x_wconf 80' lang='grc' dir='ltr'>αὐτοῖς,</span> <span class='ocrx_word' id='word_1_303' title='bbox 3562 2887 3647 2956; x_wconf 77' lang='grc' dir='ltr'>οἷς</span> 
     </span>
    </p>
   </div>
   <div class='ocr_carea' id='block_1_51' title="bbox 2061 2988 3478 3064">
    <p class='ocr_par' dir='ltr' id='par_1_51' title="bbox 2061 2988 3478 3064">
     <span class='ocr_line' id='line_1_51' title="bbox 2061 2988 3478 3064; baseline -0.005 -17"><span class='ocrx_word' id='word_1_304' title='bbox 2061 2996 2109 3048; x_wconf 81' lang='grc' dir='ltr'><strong>οί</strong></span> <span class='ocrx_word' id='word_1_305' title='bbox 2151 2994 2412 3064; x_wconf 83' lang='grc' dir='ltr'>’Έλληνες</span> <span class='ocrx_word' id='word_1_306' title='bbox 2443 2997 2616 3061; x_wconf 78' lang='grc' dir='ltr'>σοφοὶ,</span> <span class='ocrx_word' id='word_1_307' title='bbox 2652 2992 2955 3061; x_wconf 87' lang='grc' dir='ltr'>ἐχρήσαντο</span> <span class='ocrx_word' id='word_1_308' title='bbox 2976 2989 3156 3052; x_wconf 79' lang='grc' dir='ltr'>ἄλλοις</span> <span class='ocrx_word' id='word_1_309' title='bbox 3184 2989 3205 3020; x_wconf 82' lang='grc'>⁸</span> <span class='ocrx_word' id='word_1_310' title='bbox 3239 2988 3478 3058; x_wconf 78' lang='grc' dir='ltr'>ῥήμασι.</span> 
     </span>
    </p>
   </div>
   <div class='ocr_carea' id='block_1_52' title="bbox 2133 3075 3648 3152">
    <p class='ocr_par' dir='ltr' id='par_1_52' title="bbox 2133 3075 3648 3152">
     <span class='ocr_line' id='line_1_52' title="bbox 2133 3075 3648 3152; baseline -0.006 -15"><span class='ocrx_word' id='word_1_311' title='bbox 2133 3090 2194 3138; x_wconf 79' lang='grc' dir='ltr'>ε’.</span> <span class='ocrx_word' id='word_1_312' title='bbox 2236 3084 2369 3136; x_wconf 82' lang='grc' dir='ltr'>Τίνα</span> <span class='ocrx_word' id='word_1_313' title='bbox 2397 3082 2465 3136; x_wconf 74' lang='grc' dir='ltr'>τὰ</span> <span class='ocrx_word' id='word_1_314' title='bbox 2520 3082 2738 3152; x_wconf 75' lang='grc' dir='ltr'>Μάρκῳ</span> <span class='ocrx_word' id='word_1_315' title='bbox 2787 3080 2879 3133; x_wconf 76' lang='grc' dir='ltr'>καὶ</span> <span class='ocrx_word' id='word_1_316' title='bbox 2914 3079 3253 3150; x_wconf 79' lang='grc' dir='ltr'>Κολαρόἀσῳ</span> <span class='ocrx_word' id='word_1_317' title='bbox 3288 3075 3648 3147; x_wconf 82' lang='grc' dir='ltr'>νομισθέντα,</span> 
     </span>
    </p>
   </div>
   <div class='ocr_carea' id='block_1_53' title="bbox 2063 3167 3648 3243">
    <p class='ocr_par' dir='ltr' id='par_1_53' title="bbox 2063 3167 3648 3243">
     <span class='ocr_line' id='line_1_53' title="bbox 2063 3167 3648 3243; baseline -0.006 -14"><span class='ocrx_word' id='word_1_318' title='bbox 2063 3177 2158 3230; x_wconf 75' lang='grc' dir='ltr'><strong>καὶ</strong></span> <span class='ocrx_word' id='word_1_319' title='bbox 2187 3177 2266 3229; x_wconf 79' lang='grc' dir='ltr'><strong>ὅτι</strong></span> <span class='ocrx_word' id='word_1_320' title='bbox 2303 3174 2447 3237; x_wconf 83' lang='grc' dir='ltr'>τινὲς</span> <span class='ocrx_word' id='word_1_321' title='bbox 2503 3172 2684 3227; x_wconf 85' lang='grc' dir='ltr'>αὐτῶν</span> <span class='ocrx_word' id='word_1_322' title='bbox 2742 3171 2994 3243; x_wconf 64' lang='grc' dir='ltr'>μαγείαις</span> <span class='ocrx_word' id='word_1_323' title='bbox 3026 3172 3120 3224; x_wconf 78' lang='grc' dir='ltr'>καὶ</span> <span class='ocrx_word' id='word_1_324' title='bbox 3152 3169 3409 3241; x_wconf 82' lang='grc' dir='ltr'>ἀριθμοῖς</span> <span class='ocrx_word' id='word_1_325' title='bbox 3461 3167 3648 3221; x_wconf 87' lang='grc' dir='ltr'>Πυθα-</span> 
     </span>
    </p>
   </div>
   <div class='ocr_carea' id='block_1_54' title="bbox 2063 3266 2526 3339">
    <p class='ocr_par' dir='ltr' id='par_1_54' title="bbox 2063 3266 2526 3339">
     <span class='ocr_line' id='line_1_54' title="bbox 2063 3266 2526 3339; baseline -0.006 -18"><span class='ocrx_word' id='word_1_326' title='bbox 2063 3268 2298 3339; x_wconf 87' lang='grc' dir='ltr'>γορείοις</span> <span class='ocrx_word' id='word_1_327' title='bbox 2324 3266 2482 3335; x_wconf 77' lang='grc' dir='ltr'>ἐσχον</span> <span class='ocrx_word' id='word_1_328' title='bbox 2511 3284 2526 3302; x_wconf 70' lang='grc' dir='ltr'><em>κ</em></span> 
     </span>
    </p>
   </div>
   <div class='ocr_carea' id='block_1_55' title="bbox 2136 3349 3651 3426">
    <p class='ocr_par' dir='ltr' id='par_1_55' title="bbox 2136 3349 3651 3426">
     <span class='ocr_line' id='line_1_55' title="bbox 2136 3349 3651 3426; baseline -0.017 -9"><span class='ocrx_word' id='word_1_329' title='bbox 2136 3365 2209 3423; x_wconf 85' lang='grc' dir='ltr'><strong>ς’.</strong></span> <span class='ocrx_word' id='word_1_330' title='bbox 2247 3358 2389 3410; x_wconf 81' lang='grc' dir='ltr'>Ὅσα</span> <span class='ocrx_word' id='word_1_331' title='bbox 2434 3356 2532 3426; x_wconf 80' lang='grc' dir='ltr'>μὲν</span> <span class='ocrx_word' id='word_1_332' title='bbox 2565 3354 2658 3408; x_wconf 77' lang='grc' dir='ltr'><strong>οὖν</strong></span> <span class='ocrx_word' id='word_1_333' title='bbox 2687 3353 2862 3407; x_wconf 86' lang='grc' dir='ltr'>ἐδόκει</span> <span class='ocrx_word' id='word_1_334' title='bbox 2908 3355 3021 3415; x_wconf 83' lang='grc' dir='ltr'>τοῖς</span> <span class='ocrx_word' id='word_1_335' title='bbox 3054 3350 3162 3405; x_wconf 75' lang='grc' dir='ltr'><strong>ἀπὸ</strong></span> <span class='ocrx_word' id='word_1_336' title='bbox 3198 3349 3295 3405; x_wconf 77' lang='grc' dir='ltr'>τοῦ</span> <span class='ocrx_word' id='word_1_337' title='bbox 3339 3350 3522 3419; x_wconf 74' lang='grc' dir='ltr'>ὄφεως</span> <span class='ocrx_word' id='word_1_338' title='bbox 3551 3351 3651 3414; x_wconf 64' lang='grc' dir='ltr'>τὰς</span> 
     </span>
    </p>
   </div>
   <div class='ocr_carea' id='block_1_56' title="bbox 2065 3444 3652 3519">
    <p class='ocr_par' dir='ltr' id='par_1_56' title="bbox 2065 3444 3652 3519">
     <span class='ocr_line' id='line_1_56' title="bbox 2065 3444 3652 3519; baseline -0.003 -17"><span class='ocrx_word' id='word_1_339' title='bbox 2065 3449 2241 3519; x_wconf 74' lang='grc' dir='ltr'>ἀρχὰς</span> <span class='ocrx_word' id='word_1_340' title='bbox 2274 3447 2636 3519; x_wconf 81' lang='grc' dir='ltr'>παρειληφόσι</span> <span class='ocrx_word' id='word_1_341' title='bbox 2664 3446 2683 3476; x_wconf 91' lang='grc'><strong>⁷</strong></span> <span class='ocrx_word' id='word_1_342' title='bbox 2708 3446 2804 3498; x_wconf 79' lang='grc' dir='ltr'>καὶ</span> <span class='ocrx_word' id='word_1_343' title='bbox 2828 3444 2969 3498; x_wconf 85' lang='grc' dir='ltr'>κατὰ</span> <span class='ocrx_word' id='word_1_344' title='bbox 2997 3444 3276 3497; x_wconf 80' lang='grc' dir='ltr'>τελείωσιν</span> <span class='ocrx_word' id='word_1_345' title='bbox 3302 3444 3416 3497; x_wconf 86' lang='grc' dir='ltr'><strong>τῶν</strong></span> <span class='ocrx_word' id='word_1_346' title='bbox 3440 3444 3652 3515; x_wconf 80' lang='grc' dir='ltr'>χρόνων</span> 
     </span>
    </p>
   </div>
   <div class='ocr_carea' id='block_1_57' title="bbox 2072 3533 3653 3610">
    <p class='ocr_par' dir='ltr' id='par_1_57' title="bbox 2072 3533 3653 3610">
     <span class='ocr_line' id='line_1_57' title="bbox 2072 3533 3653 3610; baseline -0.004 -17"><span class='ocrx_word' id='word_1_347' title='bbox 2072 3543 2152 3604; x_wconf 84' lang='grc' dir='ltr'>εἰς</span> <span class='ocrx_word' id='word_1_348' title='bbox 2181 3540 2414 3610; x_wconf 83' lang='grc' dir='ltr'>φανερὸν</span> <span class='ocrx_word' id='word_1_349' title='bbox 2478 3538 2578 3602; x_wconf 77' lang='grc' dir='ltr'>τὰς</span> <span class='ocrx_word' id='word_1_350' title='bbox 2620 3538 2778 3604; x_wconf 77' lang='grc' dir='ltr'>δόξας</span> <span class='ocrx_word' id='word_1_351' title='bbox 2854 3533 3160 3599; x_wconf 83' lang='grc' dir='ltr'>ἐκουσίως⁸</span> <span class='ocrx_word' id='word_1_352' title='bbox 3230 3536 3653 3606; x_wconf 80' lang='grc' dir='ltr'>προενεγκαμέ-</span> 
     </span>
    </p>
   </div>
   <div class='ocr_carea' id='block_1_58' title="bbox 2072 3624 3651 3701">
    <p class='ocr_par' dir='ltr' id='par_1_58' title="bbox 2072 3624 3651 3701">
     <span class='ocr_line' id='line_1_58' title="bbox 2072 3624 3651 3701; baseline -0.004 -17"><span class='ocrx_word' id='word_1_353' title='bbox 2072 3649 2182 3693; x_wconf 79' lang='grc' dir='ltr'>νοις</span> <span class='ocrx_word' id='word_1_354' title='bbox 2204 3634 2248 3697; x_wconf 83' lang='grc'>⁹,</span> <span class='ocrx_word' id='word_1_355' title='bbox 2288 3631 2347 3684; x_wconf 84' lang='grc' dir='ltr'><strong>ἐν</strong></span> <span class='ocrx_word' id='word_1_356' title='bbox 2396 3632 2461 3699; x_wconf 80' lang='grc' dir='ltr'><strong>τῇ</strong></span> <span class='ocrx_word' id='word_1_357' title='bbox 2490 3628 2595 3701; x_wconf 80' lang='grc' dir='ltr'>πρὸ</span> <span class='ocrx_word' id='word_1_358' title='bbox 2655 3627 2860 3696; x_wconf 87' lang='grc' dir='ltr'>ταύτης</span> <span class='ocrx_word' id='word_1_359' title='bbox 2907 3625 3073 3696; x_wconf 82' lang='grc' dir='ltr'>βίϐλῳ</span> <span class='ocrx_word' id='word_1_360' title='bbox 3109 3624 3245 3696; x_wconf 77' lang='grc' dir='ltr'>οὔσῃ</span> <span class='ocrx_word' id='word_1_361' title='bbox 3292 3627 3529 3696; x_wconf 78' lang='grc' dir='ltr'>πέμπτῃ</span> <span class='ocrx_word' id='word_1_362' title='bbox 3556 3626 3651 3679; x_wconf 75' lang='grc' dir='ltr'><strong>τοῦ</strong></span> 
     </span>
    </p>
   </div>
   <div class='ocr_carea' id='block_1_59' title="bbox 2074 3717 3655 3793">
    <p class='ocr_par' dir='ltr' id='par_1_59' title="bbox 2074 3717 3655 3793">
     <span class='ocr_line' id='line_1_59' title="bbox 2074 3717 3655 3793; baseline -0.003 -18"><span class='ocrx_word' id='word_1_363' title='bbox 2074 3723 2297 3793; x_wconf 82' lang='grc' dir='ltr'><strong>ἐλέγχου</strong></span> <span class='ocrx_word' id='word_1_364' title='bbox 2324 3723 2368 3754; x_wconf 83' lang='grc'><strong>¹⁶</strong></span> <span class='ocrx_word' id='word_1_365' title='bbox 2390 3721 2502 3775; x_wconf 88' lang='grc' dir='ltr'><strong>τῶν</strong></span> <span class='ocrx_word' id='word_1_366' title='bbox 2530 3719 2796 3791; x_wconf 80' lang='grc' dir='ltr'>αἱρέσεων</span> <span class='ocrx_word' id='word_1_367' title='bbox 2836 3718 3123 3789; x_wconf 79' lang='grc' dir='ltr'>ἐξεθὲμην.</span> <span class='ocrx_word' id='word_1_368' title='bbox 3156 3718 3294 3770; x_wconf 82' lang='grc' dir='ltr'>Νυνὶ</span> <span class='ocrx_word' id='word_1_369' title='bbox 3319 3717 3380 3770; x_wconf 76' lang='grc' dir='ltr'>δὲ</span> <span class='ocrx_word' id='word_1_370' title='bbox 3409 3719 3511 3771; x_wconf 74' lang='grc' dir='ltr'>καὶ</span> <span class='ocrx_word' id='word_1_371' title='bbox 3546 3717 3655 3771; x_wconf 77' lang='grc' dir='ltr'><strong>τῶν</strong></span> 
     </span>
    </p>
   </div>
   <div class='ocr_carea' id='block_1_60' title="bbox 2073 3810 3656 3884">
    <p class='ocr_par' dir='ltr' id='par_1_60' title="bbox 2073 3810 3656 3884">
     <span class='ocr_line' id='line_1_60' title="bbox 2073 3810 3656 3884; baseline -0.003 -16"><span class='ocrx_word' id='word_1_372' title='bbox 2073 3815 2379 3869; x_wconf 85' lang='grc' dir='ltr'>ἀκολούθων</span> <span class='ocrx_word' id='word_1_373' title='bbox 2403 3814 2502 3877; x_wconf 79' lang='grc' dir='ltr'>τὰς</span> <span class='ocrx_word' id='word_1_374' title='bbox 2529 3812 2832 3884; x_wconf 82' lang='grc' dir='ltr'>γνώμαςοὺ</span> <span class='ocrx_word' id='word_1_375' title='bbox 2865 3812 2875 3883; x_wconf 93' lang='lat'><strong><em>|</em></strong></span> <span class='ocrx_word' id='word_1_376' title='bbox 2908 3812 3193 3882; x_wconf 86' lang='grc' dir='ltr'>σιωπήσω,</span> <span class='ocrx_word' id='word_1_377' title='bbox 3223 3810 3345 3864; x_wconf 77' lang='grc' dir='ltr'>ἀλλ’</span> <span class='ocrx_word' id='word_1_378' title='bbox 3371 3811 3502 3865; x_wconf 75' lang='grc' dir='ltr'>οὐδὲ</span> <span class='ocrx_word' id='word_1_379' title='bbox 3528 3810 3656 3881; x_wconf 81' lang='grc' dir='ltr'>μίαν</span> 
     </span>
    </p>
   </div>
   <div class='ocr_carea' id='block_1_61' title="bbox 2075 3903 3658 3977">
    <p class='ocr_par' dir='ltr' id='par_1_61' title="bbox 2075 3903 3658 3977">
     <span class='ocr_line' id='line_1_61' title="bbox 2075 3903 3658 3977; baseline -0.004 -16"><span class='ocrx_word' id='word_1_380' title='bbox 2075 3909 2395 3977; x_wconf 77' lang='grc' dir='ltr'>ἀνέλεγκτον</span> <span class='ocrx_word' id='word_1_381' title='bbox 2429 3906 2760 3975; x_wconf 83' lang='grc' dir='ltr'>καταλείψω,</span> <span class='ocrx_word' id='word_1_382' title='bbox 2790 3905 2904 3973; x_wconf 78' lang='grc' dir='ltr'>εἴγε</span> <span class='ocrx_word' id='word_1_383' title='bbox 2944 3904 3168 3957; x_wconf 80' lang='grc' dir='ltr'>δυνατὸν</span> <span class='ocrx_word' id='word_1_384' title='bbox 3195 3903 3385 3967; x_wconf 84' lang='grc' dir='ltr'>πάσας</span> <span class='ocrx_word' id='word_1_385' title='bbox 3413 3904 3658 3973; x_wconf 76' lang='grc' dir='ltr'>ἀπομνη-</span> 
     </span>
    </p>
   </div>
   <div class='ocr_carea' id='block_1_62' title="bbox 2080 3992 3657 4067">
    <p class='ocr_par' dir='ltr' id='par_1_62' title="bbox 2080 3992 3657 4067">
     <span class='ocr_line' id='line_1_62' title="bbox 2080 3992 3657 4067; baseline -0.003 -16"><span class='ocrx_word' id='word_1_386' title='bbox 2080 3998 2336 4067; x_wconf 82' lang='grc' dir='ltr'>μονεῦσαι</span> <span class='ocrx_word' id='word_1_387' title='bbox 2366 3998 2463 4050; x_wconf 79' lang='grc' dir='ltr'>καῖ</span> <span class='ocrx_word' id='word_1_388' title='bbox 2492 3996 2561 4050; x_wconf 78' lang='grc' dir='ltr'>τὰ</span> <span class='ocrx_word' id='word_1_389' title='bbox 2582 3995 2790 4050; x_wconf 89' lang='grc' dir='ltr'>τούτων</span> <span class='ocrx_word' id='word_1_390' title='bbox 2822 3996 3111 4067; x_wconf 79' lang='grc' dir='ltr'>ἀπόρρητα</span> <span class='ocrx_word' id='word_1_391' title='bbox 3137 3994 3324 4065; x_wconf 77' lang='grc' dir='ltr'>ὄργια,</span> <span class='ocrx_word' id='word_1_392' title='bbox 3362 3993 3400 4047; x_wconf 79' lang='grc' dir='ltr'>ἃ.</span> <span class='ocrx_word' id='word_1_393' title='bbox 3431 3992 3657 4055; x_wconf 74' lang='grc' dir='ltr'>δικαίως</span> 
     </span>
    </p>
   </div>
   <div class='ocr_carea' id='block_1_63' title="bbox 2075 4084 3656 4161">
    <p class='ocr_par' dir='ltr' id='par_1_63' title="bbox 2075 4084 3656 4161">
     <span class='ocr_line' id='line_1_63' title="bbox 2075 4084 3656 4161; baseline -0.003 -20"><span class='ocrx_word' id='word_1_394' title='bbox 2075 4090 2235 4161; x_wconf 77' lang='grc' dir='ltr'>ὄργια</span> <span class='ocrx_word' id='word_1_395' title='bbox 2253 4088 2499 4160; x_wconf 82' lang='grc' dir='ltr'>κλητέον,</span> <span class='ocrx_word' id='word_1_396' title='bbox 2520 4088 2582 4141; x_wconf 83' lang='grc' dir='ltr'>οὺ</span> <span class='ocrx_word' id='word_1_397' title='bbox 2601 4086 2710 4159; x_wconf 84' lang='grc' dir='ltr'>γὰρ</span> <span class='ocrx_word' id='word_1_398' title='bbox 2728 4086 2805 4158; x_wconf 89' lang='lat' dir='ltr'><strong>[p.</strong></span> <span class='ocrx_word' id='word_1_399' title='bbox 2823 4085 3087 4157; x_wconf 72' lang='grc'><strong>161-162]</strong></span> <span class='ocrx_word' id='word_1_400' title='bbox 3110 4084 3332 4155; x_wconf 76' lang='grc' dir='ltr'>μακρὰν</span> <span class='ocrx_word' id='word_1_401' title='bbox 3351 4085 3656 4155; x_wconf 80' lang='grc' dir='ltr'>ἀπέχουσιν</span> 
     </span>
    </p>
   </div>
   <div class='ocr_carea' id='block_1_64' title="bbox 2075 4176 3640 4249">
    <p class='ocr_par' dir='ltr' id='par_1_64' title="bbox 2075 4176 3640 4249">
     <span class='ocr_line' id='line_1_64' title="bbox 2075 4176 3640 4249; baseline -0.002 -19"><span class='ocrx_word' id='word_1_402' title='bbox 2075 4178 2247 4249; x_wconf 82' lang='grc' dir='ltr'>ὀργῆς</span> <span class='ocrx_word' id='word_1_403' title='bbox 2273 4176 2498 4231; x_wconf 79' lang='grc' dir='ltr'>τοιαῦτα</span> <span class='ocrx_word' id='word_1_404' title='bbox 2524 4176 2941 4248; x_wconf 83' lang='grc' dir='ltr'>τετολμηκότες,</span> <span class='ocrx_word' id='word_1_405' title='bbox 2961 4176 3050 4229; x_wconf 85' lang='grc' dir='ltr'><strong>ἴνα</strong></span> <span class='ocrx_word' id='word_1_406' title='bbox 3078 4176 3171 4229; x_wconf 82' lang='grc' dir='ltr'>καὶ</span> <span class='ocrx_word' id='word_1_407' title='bbox 3199 4178 3266 4247; x_wconf 82' lang='grc' dir='ltr'>τῇ</span> <span class='ocrx_word' id='word_1_408' title='bbox 3304 4176 3640 4248; x_wconf 71' lang='grc' dir='ltr'>ἐτυμολογία</span> 
     </span>
    </p>
   </div>
   <div class='ocr_carea' id='block_1_65' title="bbox 2078 4267 2391 4339">
    <p class='ocr_par' dir='ltr' id='par_1_65' title="bbox 2078 4267 2391 4339">
     <span class='ocr_line' id='line_1_65' title="bbox 2078 4267 2391 4339; baseline 0 -20"><span class='ocrx_word' id='word_1_409' title='bbox 2078 4267 2391 4339; x_wconf 77' lang='grc' dir='ltr'>χρήσωμαι.</span> 
     </span>
    </p>
   </div>
   <div class='ocr_carea' id='block_1_66' title="bbox 2150 4442 3653 4517">
    <p class='ocr_par' dir='ltr' id='par_1_66' title="bbox 2150 4442 3653 4517">
     <span class='ocr_line' id='line_1_66' title="bbox 2150 4442 3653 4517; baseline -0.01 -12"><span class='ocrx_word' id='word_1_410' title='bbox 2150 4451 2214 4515; x_wconf 79' lang='grc' dir='ltr'><strong>ξ’.</strong></span> <span class='ocrx_word' id='word_1_411' title='bbox 2247 4450 2405 4503; x_wconf 83' lang='grc' dir='ltr'>Δοκεῖ</span> <span class='ocrx_word' id='word_1_412' title='bbox 2448 4442 2543 4502; x_wconf 77' lang='grc' dir='ltr'><strong>οὖν</strong></span> <span class='ocrx_word' id='word_1_413' title='bbox 2601 4446 2698 4501; x_wconf 73' lang='grc' dir='ltr'>καὶ</span> <span class='ocrx_word' id='word_1_414' title='bbox 2748 4445 2818 4501; x_wconf 80' lang='grc' dir='ltr'>τὰ</span> <span class='ocrx_word' id='word_1_415' title='bbox 2850 4445 3095 4517; x_wconf 85' lang='grc' dir='ltr'>Σίμωνος</span> <span class='ocrx_word' id='word_1_416' title='bbox 3147 4443 3244 4498; x_wconf 80' lang='grc' dir='ltr'>τοῦ</span> <span class='ocrx_word' id='word_1_417' title='bbox 3294 4444 3653 4515; x_wconf 75' lang='grc' dir='ltr'>Γιττηνοῡίί,</span> 
     </span>
    </p>
   </div>
   <div class='ocr_carea' id='block_1_67' title="bbox 2081 4531 3658 4612">
    <p class='ocr_par' dir='ltr' id='par_1_67' title="bbox 2081 4531 3658 4612">
     <span class='ocr_line' id='line_1_67' title="bbox 2081 4531 3658 4612; baseline -0.004 -17"><span class='ocrx_word' id='word_1_418' title='bbox 2081 4541 2274 4612; x_wconf 75' lang='grc' dir='ltr'>κώμης</span> <span class='ocrx_word' id='word_1_419' title='bbox 2299 4542 2399 4610; x_wconf 84' lang='grc' dir='ltr'>τῆς</span> <span class='ocrx_word' id='word_1_420' title='bbox 2458 4538 2791 4610; x_wconf 82' lang='grc' dir='ltr'>Σαμαρείας,</span> <span class='ocrx_word' id='word_1_421' title='bbox 2846 4537 2943 4592; x_wconf 82' lang='grc' dir='ltr'>νῦν</span> <span class='ocrx_word' id='word_1_422' title='bbox 2984 4535 3259 4599; x_wconf 75' lang='grc' dir='ltr'>ἐκθέσθαι,</span> <span class='ocrx_word' id='word_1_423' title='bbox 3297 4537 3440 4607; x_wconf 77' lang='grc' dir='ltr'>παρ’</span> <span class='ocrx_word' id='word_1_424' title='bbox 3464 4531 3530 4591; x_wconf 71' lang='grc' dir='ltr'><strong>οὗ</strong></span> <span class='ocrx_word' id='word_1_425' title='bbox 3572 4536 3658 4588; x_wconf 74' lang='grc' dir='ltr'>καὶ</span> 
     </span>
    </p>
   </div>
   <div class='ocr_carea' id='block_1_68' title="bbox 2079 4626 3657 4700">
    <p class='ocr_par' dir='ltr' id='par_1_68' title="bbox 2079 4626 3657 4700">
     <span class='ocr_line' id='line_1_68' title="bbox 2079 4626 3657 4700; baseline -0.004 -14"><span class='ocrx_word' id='word_1_426' title='bbox 2079 4634 2207 4697; x_wconf 82' lang='grc' dir='ltr'>τοὺς</span> <span class='ocrx_word' id='word_1_427' title='bbox 2240 4630 2563 4693; x_wconf 82' lang='grc' dir='ltr'>ἀκολούθους</span> <span class='ocrx_word' id='word_1_428' title='bbox 2584 4628 2831 4700; x_wconf 80' lang='grc' dir='ltr'>δείξομεν</span> <span class='ocrx_word' id='word_1_429' title='bbox 2876 4628 3130 4699; x_wconf 82' lang='grc' dir='ltr'>ἀφορμὰς</span> <span class='ocrx_word' id='word_1_430' title='bbox 3161 4626 3433 4688; x_wconf 73' lang='grc' dir='ltr'>λαϐόντας</span> <span class='ocrx_word' id='word_1_431' title='bbox 3457 4626 3657 4699; x_wconf 76' lang='grc' dir='ltr'>ἑτέροις</span> 
     </span>
    </p>
   </div>
   <div class='ocr_carea' id='block_1_69' title="bbox 2080 4712 3657 4792">
    <p class='ocr_par' dir='ltr' id='par_1_69' title="bbox 2080 4712 3657 4792">
     <span class='ocr_line' id='line_1_69' title="bbox 2080 4712 3657 4792; baseline -0.006 -15"><span class='ocrx_word' id='word_1_432' title='bbox 2080 4724 2338 4792; x_wconf 86' lang='grc' dir='ltr'>ὀνόμασιν</span> <span class='ocrx_word' id='word_1_433' title='bbox 2376 4722 2535 4790; x_wconf 85' lang='grc' dir='ltr'>ὅμοια</span> <span class='ocrx_word' id='word_1_434' title='bbox 2579 4718 2995 4790; x_wconf 82' lang='grc' dir='ltr'>τετολμηκέναι.</span> <span class='ocrx_word' id='word_1_435' title='bbox 3047 4712 3213 4779; x_wconf 79' lang='grc' dir='ltr'>Οὗτος</span> <span class='ocrx_word' id='word_1_436' title='bbox 3244 4718 3273 4769; x_wconf 86' lang='grc' dir='ltr'><strong>ό</strong></span> <span class='ocrx_word' id='word_1_437' title='bbox 3331 4716 3528 4786; x_wconf 86' lang='grc' dir='ltr'>Σίμων</span> <span class='ocrx_word' id='word_1_438' title='bbox 3566 4733 3657 4786; x_wconf 69' lang='grc' dir='ltr'>μαμ-</span> 
     </span>
    </p>
   </div>
   <div class='ocr_carea' id='block_1_70' title="bbox 402 4808 1968 4914">
    <p class='ocr_par' dir='ltr' id='par_1_70' title="bbox 402 4811 1968 4887">
     <span class='ocr_line' id='line_1_70' title="bbox 402 4811 1968 4887; baseline 0.006 -23"><span class='ocrx_word' id='word_1_439' title='bbox 402 4811 623 4881; x_wconf 69' lang='lat' dir='ltr'><strong>magicaa</strong></span> <span class='ocrx_word' id='word_1_440' title='bbox 660 4812 792 4867; x_wconf 89' lang='lat' dir='ltr'><strong>artis</strong></span> <span class='ocrx_word' id='word_1_441' title='bbox 822 4814 1029 4881; x_wconf 88' lang='lat' dir='ltr'><strong>peritus</strong></span> <span class='ocrx_word' id='word_1_442' title='bbox 1075 4823 1131 4868; x_wconf 93' lang='lat' dir='ltr'><strong>et</strong></span> <span class='ocrx_word' id='word_1_443' title='bbox 1187 4816 1384 4884; x_wconf 87' lang='lat' dir='ltr'><strong>partim</strong></span> <span class='ocrx_word' id='word_1_444' title='bbox 1439 4816 1637 4872; x_wconf 87' lang='lat' dir='ltr'><strong>multos</strong></span> <span class='ocrx_word' id='word_1_445' title='bbox 1695 4818 1968 4887; x_wconf 84' lang='lat' dir='ltr'><strong>decipiens</strong></span> 
     </span>
    </p>
   </div>
   <div class='ocr_carea' id='block_1_71' title="bbox 2106 4808 3659 4914">
    <p class='ocr_par' dir='ltr' id='par_1_71' title="bbox 2106 4808 3659 4914">
     <span class='ocr_line' id='line_1_71' title="bbox 2106 4808 3659 4914; baseline 0.006 -46"><span class='ocrx_word' id='word_1_446' title='bbox 2106 4816 2301 4879; x_wconf 75' lang='grc' dir='ltr'><strong>ἐίαςη</strong></span> <span class='ocrx_word' id='word_1_447' title='bbox 2352 4814 2613 4883; x_wconf 76' lang='grc' dir='ltr'>ἔμπειρος</span> <span class='ocrx_word' id='word_1_448' title='bbox 2636 4812 2711 4865; x_wconf 85' lang='grc' dir='ltr'>ὣν</span> <span class='ocrx_word' id='word_1_449' title='bbox 2758 4813 2852 4866; x_wconf 54' lang='grc' dir='ltr'><strong>καὶ⁵</strong></span> <span class='ocrx_word' id='word_1_450' title='bbox 2910 4810 2979 4863; x_wconf 78' lang='grc' dir='ltr'>τὰ</span> <span class='ocrx_word' id='word_1_451' title='bbox 3027 4811 3125 4880; x_wconf 78' lang='grc' dir='ltr'>μὲν</span> <span class='ocrx_word' id='word_1_452' title='bbox 3158 4809 3359 4872; x_wconf 78' lang='grc' dir='ltr'>παίξας</span> <span class='ocrx_word' id='word_1_453' title='bbox 3427 4808 3659 4914; x_wconf 65' lang='grc' dir='ltr'><strong>πολλοδξ</strong></span> 
     </span>
    </p>
   </div>
   <div class='ocr_carea' id='block_1_72' title="bbox 402 4899 1972 4975">
    <p class='ocr_par' dir='ltr' id='par_1_72' title="bbox 402 4899 1972 4975">
     <span class='ocr_line' id='line_1_72' title="bbox 402 4899 1972 4975; baseline 0.006 -22"><span class='ocrx_word' id='word_1_454' title='bbox 402 4899 789 4971; x_wconf 82' lang='lat' dir='ltr'><strong>Thrasytnedis</strong></span> <span class='ocrx_word' id='word_1_455' title='bbox 842 4912 999 4969; x_wconf 85' lang='lat' dir='ltr'><strong>arte,</strong></span> <span class='ocrx_word' id='word_1_456' title='bbox 1055 4904 1327 4973; x_wconf 88' lang='lat' dir='ltr'><strong>quomodo</strong></span> <span class='ocrx_word' id='word_1_457' title='bbox 1385 4920 1552 4975; x_wconf 90' lang='lat' dir='ltr'><strong>supra</strong></span> <span class='ocrx_word' id='word_1_458' title='bbox 1600 4908 1972 4975; x_wconf 79' lang='lat' dir='ltr'><strong>exposuimus,</strong></span> 
     </span>
    </p>
   </div>
   <div class='ocr_carea' id='block_1_73' title="bbox 404 4990 1978 5062">
    <p class='ocr_par' dir='ltr' id='par_1_73' title="bbox 404 4990 1978 5062">
     <span class='ocr_line' id='line_1_73' title="bbox 404 4990 1978 5062; baseline 0.006 -20"><span class='ocrx_word' id='word_1_459' title='bbox 404 4990 604 5058; x_wconf 85' lang='lat' dir='ltr'><strong>partim</strong></span> <span class='ocrx_word' id='word_1_460' title='bbox 642 4992 805 5044; x_wconf 90' lang='lat' dir='ltr'><strong>etiam</strong></span> <span class='ocrx_word' id='word_1_461' title='bbox 830 5007 936 5062; x_wconf 91' lang='lat' dir='ltr'><strong>ope</strong></span> <span class='ocrx_word' id='word_1_462' title='bbox 967 4994 1270 5048; x_wconf 75' lang='lat' dir='ltr'><strong>daemonum</strong></span> <span class='ocrx_word' id='word_1_463' title='bbox 1302 4994 1440 5049; x_wconf 88' lang='lat' dir='ltr'><strong>mala</strong></span> <span class='ocrx_word' id='word_1_464' title='bbox 1491 4997 1832 5052; x_wconf 88' lang='lat' dir='ltr'><strong>machinatus</strong></span> <span class='ocrx_word' id='word_1_465' title='bbox 1864 4999 1978 5051; x_wconf 91' lang='lat' dir='ltr'><strong>dei-</strong></span> 
     </span>
    </p>
   </div>
   <div class='ocr_carea' id='block_1_74' title="bbox 406 5080 1977 5159">
    <p class='ocr_par' dir='ltr' id='par_1_74' title="bbox 406 5080 1977 5159">
     <span class='ocr_line' id='line_1_74' title="bbox 406 5080 1977 5159; baseline 0.008 -27"><span class='ocrx_word' id='word_1_466' title='bbox 406 5080 571 5135; x_wconf 83' lang='lat' dir='ltr'><strong>iicare</strong></span> <span class='ocrx_word' id='word_1_467' title='bbox 596 5092 768 5136; x_wconf 86' lang='lat' dir='ltr'><strong>semet</strong></span> <span class='ocrx_word' id='word_1_468' title='bbox 795 5082 1032 5138; x_wconf 92' lang='lat' dir='ltr'><strong>instituit</strong></span> <span class='ocrx_word' id='word_1_469' title='bbox 1061 5122 1076 5148; x_wconf 88' lang='lat'><strong>,</strong></span> <span class='ocrx_word' id='word_1_470' title='bbox 1124 5084 1285 5139; x_wconf 90' lang='lat' dir='ltr'><strong>homo</strong></span> <span class='ocrx_word' id='word_1_471' title='bbox 1319 5087 1680 5155; x_wconf 68' lang='lat' dir='ltr'><strong>pnnstigiator</strong></span> <span class='ocrx_word' id='word_1_472' title='bbox 1703 5098 1757 5142; x_wconf 93' lang='lat' dir='ltr'><strong>et</strong></span> <span class='ocrx_word' id='word_1_473' title='bbox 1784 5089 1977 5159; x_wconf 90' lang='lat' dir='ltr'><strong>plenus</strong></span> 
     </span>
    </p>
   </div>
   <div class='ocr_carea' id='block_1_75' title="bbox 406 5174 1982 5246">
    <p class='ocr_par' dir='ltr' id='par_1_75' title="bbox 406 5174 1982 5246">
     <span class='ocr_line' id='line_1_75' title="bbox 406 5174 1982 5246; baseline 0.002 -15"><span class='ocrx_word' id='word_1_474' title='bbox 406 5174 733 5244; x_wconf 84' lang='lat' dir='ltr'><strong>ineptiarum</strong></span> <span class='ocrx_word' id='word_1_475' title='bbox 764 5215 781 5243; x_wconf 88' lang='lat'><strong>,</strong></span> <span class='ocrx_word' id='word_1_476' title='bbox 835 5190 995 5246; x_wconf 89' lang='lat' dir='ltr'><strong>quem</strong></span> <span class='ocrx_word' id='word_1_477' title='bbox 1045 5175 1099 5231; x_wconf 92' lang='lat' dir='ltr'><strong>in</strong></span> <span class='ocrx_word' id='word_1_478' title='bbox 1133 5176 1284 5232; x_wconf 87' lang='lat' dir='ltr'><strong>Actis</strong></span> <span class='ocrx_word' id='word_1_479' title='bbox 1335 5178 1561 5246; x_wconf 84' lang='lat' dir='ltr'><strong>apostoli</strong></span> <span class='ocrx_word' id='word_1_480' title='bbox 1609 5180 1982 5246; x_wconf 84' lang='lat' dir='ltr'><strong>convicerunt,</strong></span> 
     </span>
    </p>
   </div>
   <div class='ocr_carea' id='block_1_76' title="bbox 2082 4897 3661 4977">
    <p class='ocr_par' dir='ltr' id='par_1_76' title="bbox 2082 4897 3661 4977">
     <span class='ocr_line' id='line_1_76' title="bbox 2082 4897 3661 4977; baseline -0.006 -15"><span class='ocrx_word' id='word_1_481' title='bbox 2082 4909 2224 4962; x_wconf 82' lang='grc' dir='ltr'>κατὰ</span> <span class='ocrx_word' id='word_1_482' title='bbox 2246 4908 2344 4977; x_wconf 83' lang='grc' dir='ltr'>τὴν</span> <span class='ocrx_word' id='word_1_483' title='bbox 2379 4904 2775 4976; x_wconf 84' lang='grc' dir='ltr'>Θρασυμήδους</span> <span class='ocrx_word' id='word_1_484' title='bbox 2820 4903 3040 4974; x_wconf 84' lang='grc' dir='ltr'>τέχνην,</span> <span class='ocrx_word' id='word_1_485' title='bbox 3070 4897 3113 4969; x_wconf 83' lang='grc' dir='ltr'>ᾧ</span> <span class='ocrx_word' id='word_1_486' title='bbox 3142 4901 3335 4972; x_wconf 84' lang='grc' dir='ltr'>τρόπῳ</span> <span class='ocrx_word' id='word_1_487' title='bbox 3370 4900 3588 4954; x_wconf 75' lang='grc' dir='ltr'>ἄνωθεν</span> <span class='ocrx_word' id='word_1_488' title='bbox 3615 4898 3661 4930; x_wconf 74' lang='grc'><strong>⁸³</strong></span> 
     </span>
    </p>
   </div>
   <div class='ocr_carea' id='block_1_77' title="bbox 2076 4992 3659 5068">
    <p class='ocr_par' dir='ltr' id='par_1_77' title="bbox 2076 4992 3659 5068">
     <span class='ocr_line' id='line_1_77' title="bbox 2076 4992 3659 5068; baseline -0.004 -17"><span class='ocrx_word' id='word_1_489' title='bbox 2076 4998 2394 5068; x_wconf 78' lang='grc' dir='ltr'>ἐξεθέμεθα,</span> <span class='ocrx_word' id='word_1_490' title='bbox 2444 4996 2515 5049; x_wconf 81' lang='grc' dir='ltr'>τὰ</span> <span class='ocrx_word' id='word_1_491' title='bbox 2547 4996 2605 5049; x_wconf 86' lang='grc' dir='ltr'>δὲ</span> <span class='ocrx_word' id='word_1_492' title='bbox 2635 4996 2729 5049; x_wconf 72' lang='grc' dir='ltr'>καὶ</span> <span class='ocrx_word' id='word_1_493' title='bbox 2782 4994 2870 5048; x_wconf 84' lang='grc' dir='ltr'>διὰ</span> <span class='ocrx_word' id='word_1_494' title='bbox 2922 4994 3192 5065; x_wconf 88' lang='grc' dir='ltr'>δαιμόνων</span> <span class='ocrx_word' id='word_1_495' title='bbox 3238 4992 3659 5062; x_wconf 73' lang='grc' dir='ltr'>κακουργήσας,</span> 
     </span>
    </p>
   </div>
   <div class='ocr_carea' id='block_1_78' title="bbox 2079 5084 3659 5159">
    <p class='ocr_par' dir='ltr' id='par_1_78' title="bbox 2079 5084 3659 5159">
     <span class='ocr_line' id='line_1_78' title="bbox 2079 5084 3659 5159; baseline -0.007 -13"><span class='ocrx_word' id='word_1_496' title='bbox 2079 5091 2399 5159; x_wconf 84' lang='grc' dir='ltr'>θεοποιῆσαι</span> <span class='ocrx_word' id='word_1_497' title='bbox 2458 5088 2653 5143; x_wconf 77' lang='grc' dir='ltr'>ἐαυτὸν</span> <span class='ocrx_word' id='word_1_498' title='bbox 2692 5087 3053 5158; x_wconf 79' lang='grc' dir='ltr'>ἐπεχείρησεν</span> <span class='ocrx_word' id='word_1_499' title='bbox 3089 5087 3153 5151; x_wconf 71' lang='grc'>¹⁵,</span> <span class='ocrx_word' id='word_1_500' title='bbox 3194 5084 3491 5156; x_wconf 79' lang='grc' dir='ltr'>ἅνθρωπος</span> <span class='ocrx_word' id='word_1_501' title='bbox 3525 5084 3659 5153; x_wconf 83' lang='grc' dir='ltr'>γόης</span> 
     </span>
    </p>
   </div>
   <div class='ocr_carea' id='block_1_79' title="bbox 2081 5174 3664 5251">
    <p class='ocr_par' dir='ltr' id='par_1_79' title="bbox 2081 5174 3664 5251">
     <span class='ocr_line' id='line_1_79' title="bbox 2081 5174 3664 5251; baseline -0.004 -17"><span class='ocrx_word' id='word_1_502' title='bbox 2081 5182 2177 5235; x_wconf 75' lang='grc' dir='ltr'><strong>καὶ</strong></span> <span class='ocrx_word' id='word_1_503' title='bbox 2227 5179 2421 5251; x_wconf 69' lang='grc' dir='ltr'>μεστὸς</span> <span class='ocrx_word' id='word_1_504' title='bbox 2468 5178 2748 5243; x_wconf 82' lang='grc' dir='ltr'>ἀπονοίας,</span> <span class='ocrx_word' id='word_1_505' title='bbox 2779 5177 2839 5231; x_wconf 83' lang='grc' dir='ltr'>ὃν</span> <span class='ocrx_word' id='word_1_506' title='bbox 2873 5179 2931 5231; x_wconf 88' lang='grc' dir='ltr'><strong>ἐν</strong></span> <span class='ocrx_word' id='word_1_507' title='bbox 2977 5180 3098 5242; x_wconf 82' lang='grc' dir='ltr'>ταῖς</span> <span class='ocrx_word' id='word_1_508' title='bbox 3134 5175 3405 5249; x_wconf 80' lang='grc' dir='ltr'>Πράξεσιν</span> <span class='ocrx_word' id='word_1_509' title='bbox 3437 5177 3493 5229; x_wconf 73' lang='grc' dir='ltr'>οἱ</span> <span class='ocrx_word' id='word_1_510' title='bbox 3524 5174 3664 5229; x_wconf 78' lang='grc' dir='ltr'>ἀπό-</span> 
     </span>
    </p>
   </div>
   <div class='ocr_carea' id='block_1_80' title="bbox 1671 5352 2352 5409">
    <p class='ocr_par' dir='ltr' id='par_1_80' title="bbox 1671 5352 2352 5409">
     <span class='ocr_line' id='line_1_80' title="bbox 1671 5352 2352 5409; baseline 0.003 -2"><span class='ocrx_word' id='word_1_511' title='bbox 1671 5353 1907 5409; x_wconf 68' lang='lat' dir='ltr'><strong>VARIAE</strong></span> <span class='ocrx_word' id='word_1_512' title='bbox 1945 5352 2352 5409; x_wconf 82' lang='lat' dir='ltr'><strong>LECTIONES.</strong></span> 
     </span>
    </p>
   </div>
   <div class='ocr_carea' id='block_1_81' title="bbox 479 5462 869 5532">
    <p class='ocr_par' dir='ltr' id='par_1_81' title="bbox 479 5462 869 5532">
     <span class='ocr_line' id='line_1_81' title="bbox 479 5462 869 5532; baseline 0.005 -19"><span class='ocrx_word' id='word_1_513' title='bbox 479 5462 503 5494; x_wconf 69' lang='grc'><strong><em>⁵</em></strong></span> <span class='ocrx_word' id='word_1_514' title='bbox 547 5462 773 5532; x_wconf 87' lang='grc' dir='ltr'>μύονται</span> <span class='ocrx_word' id='word_1_515' title='bbox 805 5462 869 5515; x_wconf 83' lang='lat' dir='ltr'><strong>C.</strong></span> 
     </span>
    </p>
   </div>
   <div class='ocr_carea' id='block_1_82' title="bbox 409 5531 1865 5608">
    <p class='ocr_par' dir='ltr' id='par_1_82' title="bbox 409 5531 1865 5608">
     <span class='ocr_line' id='line_1_82' title="bbox 409 5531 1865 5608; baseline 0.003 -24"><span class='ocrx_word' id='word_1_516' title='bbox 409 5531 432 5608; x_wconf 80' lang='lat'><strong>&#39;_</strong></span> <span class='ocrx_word' id='word_1_517' title='bbox 459 5531 671 5608; x_wconf 40' lang='lat' dir='ltr'><strong>£61m);</strong></span> <span class='ocrx_word' id='word_1_518' title='bbox 727 5532 955 5608; x_wconf 66' lang='grc' dir='ltr'>ἐνέσχον</span> <span class='ocrx_word' id='word_1_519' title='bbox 968 5534 1055 5608; x_wconf 55' lang='grc' dir='ltr'>γε]</span> <span class='ocrx_word' id='word_1_520' title='bbox 1088 5535 1377 5608; x_wconf 77' lang='grc' dir='ltr'>ἐσχόλαζον</span> <span class='ocrx_word' id='word_1_521' title='bbox 1407 5535 1478 5589; x_wconf 85' lang='grc' dir='ltr'>Μ.</span> <span class='ocrx_word' id='word_1_522' title='bbox 1522 5531 1865 5608; x_wconf 61' lang='grc' dir='ltr'>προσέσχονἺ</span> 
     </span>
    </p>
   </div>
   <div class='ocr_carea' id='block_1_83' title="bbox 413 5601 1103 5670">
    <p class='ocr_par' dir='ltr' id='par_1_83' title="bbox 413 5601 1103 5670">
     <span class='ocr_line' id='line_1_83' title="bbox 413 5601 1103 5670; baseline 0.004 -17"><span class='ocrx_word' id='word_1_523' title='bbox 413 5604 492 5653; x_wconf 72' lang='lat' dir='ltr'><strong>his</strong></span> <span class='ocrx_word' id='word_1_524' title='bbox 520 5619 613 5665; x_wconf 87' lang='lat' dir='ltr'><strong>aqe</strong></span> <span class='ocrx_word' id='word_1_525' title='bbox 641 5601 695 5655; x_wconf 75' lang='grc'>2.</span> <span class='ocrx_word' id='word_1_526' title='bbox 721 5602 805 5655; x_wconf 87' lang='lat' dir='ltr'><strong>ed.</strong></span> <span class='ocrx_word' id='word_1_527' title='bbox 836 5602 889 5663; x_wconf 72' lang='grc'>1,</span> <span class='ocrx_word' id='word_1_528' title='bbox 927 5602 1055 5670; x_wconf 72' lang='grc'><strong>⁸550)</strong></span> <span class='ocrx_word' id='word_1_529' title='bbox 1090 5620 1103 5655; x_wconf 87' lang='lat'><strong>:</strong></span> 
     </span>
    </p>
   </div>
   <div class='ocr_carea' id='block_1_84' title="bbox 975 5463 3650 5539">
    <p class='ocr_par' dir='ltr' id='par_1_84' title="bbox 975 5463 3650 5539">
     <span class='ocr_line' id='line_1_84' title="bbox 975 5463 3650 5539; baseline 0.003 -23"><span class='ocrx_word' id='word_1_530' title='bbox 975 5464 995 5495; x_wconf 85' lang='grc'><strong><em>⁵</em></strong></span> <span class='ocrx_word' id='word_1_531' title='bbox 1034 5463 1236 5539; x_wconf 67' lang='grc' dir='ltr'>ᾇλλοις.</span> <span class='ocrx_word' id='word_1_532' title='bbox 1266 5464 1383 5539; x_wconf 65' lang='grc' dir='ltr'>αλλ’</span> <span class='ocrx_word' id='word_1_533' title='bbox 1407 5466 1642 5539; x_wconf 48' lang='grc' dir='ltr'><strong>Δδἰλλοιςῖ</strong></span> <span class='ocrx_word' id='word_1_534' title='bbox 1668 5483 1972 5539; x_wconf 76' lang='lat' dir='ltr'><strong>quanquam</strong></span> <span class='ocrx_word' id='word_1_535' title='bbox 1995 5470 2260 5539; x_wconf 84' lang='lat' dir='ltr'><strong>sententia</strong></span> <span class='ocrx_word' id='word_1_536' title='bbox 2295 5472 2473 5538; x_wconf 85' lang='lat' dir='ltr'><strong>potius</strong></span> <span class='ocrx_word' id='word_1_537' title='bbox 2504 5472 2780 5539; x_wconf 88' lang='lat' dir='ltr'><strong>requirere</strong></span> <span class='ocrx_word' id='word_1_538' title='bbox 2815 5469 3027 5523; x_wconf 73' lang='lat' dir='ltr'><strong>videtur</strong></span> <span class='ocrx_word' id='word_1_539' title='bbox 3060 5485 3073 5521; x_wconf 88' lang='lat'><strong>:</strong></span> <span class='ocrx_word' id='word_1_540' title='bbox 3112 5466 3415 5539; x_wconf 54' lang='lat' dir='ltr'><strong>dilfﬁkh;</strong></span> <span class='ocrx_word' id='word_1_541' title='bbox 3459 5470 3650 5537; x_wconf 78' lang='grc' dir='ltr'>ἄλλοις</span> 
     </span>
    </p>
   </div>
   <div class='ocr_carea' id='block_1_85' title="bbox 1953 5537 3671 5610">
    <p class='ocr_par' dir='ltr' id='par_1_85' title="bbox 1953 5537 3671 5610">
     <span class='ocr_line' id='line_1_85' title="bbox 1953 5537 3671 5610; baseline 0.004 -21"><span class='ocrx_word' id='word_1_542' title='bbox 1953 5538 1972 5568; x_wconf 89' lang='grc'><strong>⁷</strong></span> <span class='ocrx_word' id='word_1_543' title='bbox 2014 5538 2367 5610; x_wconf 71' lang='grc' dir='ltr'>περειληιρόσι</span> <span class='ocrx_word' id='word_1_544' title='bbox 2397 5542 2458 5595; x_wconf 88' lang='lat' dir='ltr'><strong>C.</strong></span> <span class='ocrx_word' id='word_1_545' title='bbox 2491 5537 2778 5610; x_wconf 78' lang='grc' dir='ltr'>τελείωσιν</span> <span class='ocrx_word' id='word_1_546' title='bbox 2822 5539 3119 5592; x_wconf 82' lang='lat' dir='ltr'><strong>Bunsenius</strong></span> <span class='ocrx_word' id='word_1_547' title='bbox 3176 5537 3523 5609; x_wconf 75' lang='lat' dir='ltr'><strong>(Hippolytus</strong></span> <span class='ocrx_word' id='word_1_548' title='bbox 3562 5544 3671 5596; x_wconf 66' lang='lat' dir='ltr'><strong>and</strong></span> 
     </span>
    </p>
   </div>
   <div class='ocr_carea' id='block_1_86' title="bbox 1147 5606 3669 5679">
    <p class='ocr_par' dir='ltr' id='par_1_86' title="bbox 1147 5606 3669 5679">
     <span class='ocr_line' id='line_1_86' title="bbox 1147 5606 3669 5679; baseline 0.003 -22"><span class='ocrx_word' id='word_1_549' title='bbox 1147 5606 1372 5679; x_wconf 67' lang='grc' dir='ltr'>μείωσιν</span> <span class='ocrx_word' id='word_1_550' title='bbox 1401 5606 1589 5679; x_wconf 45' lang='lat' dir='ltr'><strong>C.__M.</strong></span> <span class='ocrx_word' id='word_1_551' title='bbox 1616 5609 1701 5662; x_wconf 66' lang='lat' dir='ltr'><strong>lii.</strong></span> <span class='ocrx_word' id='word_1_552' title='bbox 1750 5609 2034 5679; x_wconf 81' lang='grc' dir='ltr'>ἑκουσίως.</span> <span class='ocrx_word' id='word_1_553' title='bbox 2061 5606 2313 5679; x_wconf 57' lang='lat' dir='ltr'><strong>avom;</strong></span> <span class='ocrx_word' id='word_1_554' title='bbox 2360 5611 2654 5664; x_wconf 77' lang='lat' dir='ltr'><strong>Buuseuius</strong></span> <span class='ocrx_word' id='word_1_555' title='bbox 2684 5612 2725 5662; x_wconf 96' lang='lat' dir='ltr'><strong>l.</strong></span> <span class='ocrx_word' id='word_1_556' title='bbox 2765 5608 2817 5679; x_wconf 70' lang='grc' dir='ltr'>Ι.</span> <span class='ocrx_word' id='word_1_557' title='bbox 2870 5611 2900 5679; x_wconf 59' lang='grc' dir='ltr'><strong>ξ</strong></span> <span class='ocrx_word' id='word_1_558' title='bbox 2931 5606 3463 5679; x_wconf 13' lang='grc' dir='ltr'>πρεσεᾷνεγκαμένοις</span> <span class='ocrx_word' id='word_1_559' title='bbox 3490 5610 3559 5675; x_wconf 87' lang='lat' dir='ltr'><strong>C,</strong></span> <span class='ocrx_word' id='word_1_560' title='bbox 3592 5614 3669 5665; x_wconf 75' lang='grc' dir='ltr'>Μ.</span> 
     </span>
    </p>
   </div>
   <div class='ocr_carea' id='block_1_87' title="bbox 338 5670 3669 5749">
    <p class='ocr_par' dir='ltr' id='par_1_87' title="bbox 338 5670 3669 5749">
     <span class='ocr_line' id='line_1_87' title="bbox 338 5670 3669 5749; baseline 0.001 -18"><span class='ocrx_word' id='word_1_561' title='bbox 338 5694 341 5699; x_wconf 92' lang='grc'>·</span> <span class='ocrx_word' id='word_1_562' title='bbox 416 5670 616 5749; x_wconf 47' lang='grc' dir='ltr'><strong>’⁸,τ2ὺς</strong></span> <span class='ocrx_word' id='word_1_563' title='bbox 647 5670 901 5749; x_wconf 58' lang='grc' dir='ltr'>ἐλέγχους</span> <span class='ocrx_word' id='word_1_564' title='bbox 925 5672 987 5732; x_wconf 66' lang='grc'><strong>(3,</strong></span> <span class='ocrx_word' id='word_1_565' title='bbox 1014 5674 1089 5749; x_wconf 69' lang='grc' dir='ltr'>Μ.</span> <span class='ocrx_word' id='word_1_566' title='bbox 1148 5670 1519 5749; x_wconf 44' lang='lat' dir='ltr'><strong>&quot;inmunia.</strong></span> <span class='ocrx_word' id='word_1_567' title='bbox 1554 5678 1838 5749; x_wconf 80' lang='grc' dir='ltr'>Γειττηνοῦ</span> <span class='ocrx_word' id='word_1_568' title='bbox 1877 5694 2018 5749; x_wconf 74' lang='lat' dir='ltr'><strong>corr.</strong></span> <span class='ocrx_word' id='word_1_569' title='bbox 2044 5678 2108 5742; x_wconf 90' lang='lat' dir='ltr'><strong>C,</strong></span> <span class='ocrx_word' id='word_1_570' title='bbox 2135 5680 2207 5732; x_wconf 86' lang='lat' dir='ltr'><strong>M.</strong></span> <span class='ocrx_word' id='word_1_571' title='bbox 2239 5670 2509 5732; x_wconf 78' lang='grc' dir='ltr'>Γειττινοῦ</span> <span class='ocrx_word' id='word_1_572' title='bbox 2553 5696 2634 5745; x_wconf 86' lang='lat' dir='ltr'><strong>pr.</strong></span> <span class='ocrx_word' id='word_1_573' title='bbox 2666 5678 2724 5734; x_wconf 90' lang='lat' dir='ltr'><strong>C.</strong></span> <span class='ocrx_word' id='word_1_574' title='bbox 2748 5678 2835 5749; x_wconf 67' lang='grc' dir='ltr'>ιὶτ.</span> <span class='ocrx_word' id='word_1_575' title='bbox 2864 5670 3049 5749; x_wconf 71' lang='lat' dir='ltr'><strong>Steph.</strong></span> <span class='ocrx_word' id='word_1_576' title='bbox 3074 5670 3213 5749; x_wconf 36' lang='lat' dir='ltr'><strong>AByi.</strong></span> <span class='ocrx_word' id='word_1_577' title='bbox 3255 5670 3309 5730; x_wconf 73' lang='grc' dir='ltr'><strong>εἰ</strong></span> <span class='ocrx_word' id='word_1_578' title='bbox 3340 5670 3669 5736; x_wconf 45' lang='grc' dir='ltr'>Ιοίίζιέτίε.</span> 
     </span>
    </p>
   </div>
   <div class='ocr_carea' id='block_1_88' title="bbox 420 5736 1251 5812">
    <p class='ocr_par' dir='ltr' id='par_1_88' title="bbox 420 5736 1251 5812">
     <span class='ocr_line' id='line_1_88' title="bbox 420 5736 1251 5812; baseline 0.01 -23"><span class='ocrx_word' id='word_1_579' title='bbox 420 5739 488 5790; x_wconf 81' lang='lat' dir='ltr'><strong>ad</strong></span> <span class='ocrx_word' id='word_1_580' title='bbox 515 5736 817 5794; x_wconf 69' lang='lat' dir='ltr'><strong>Constituti.</strong></span> <span class='ocrx_word' id='word_1_581' title='bbox 842 5741 1062 5807; x_wconf 71' lang='lat' dir='ltr'><strong>apostol.</strong></span> <span class='ocrx_word' id='word_1_582' title='bbox 1095 5743 1251 5812; x_wconf 47' lang='grc' dir='ltr'>νιητ.</span> 
     </span>
    </p>
   </div>
   <div class='ocr_carea' id='block_1_89' title="bbox 1356 5746 2916 5819">
    <p class='ocr_par' dir='ltr' id='par_1_89' title="bbox 1356 5746 2916 5819">
     <span class='ocr_line' id='line_1_89' title="bbox 1356 5746 2916 5819; baseline 0.001 -18"><span class='ocrx_word' id='word_1_583' title='bbox 1356 5746 1396 5778; x_wconf 83' lang='grc'><strong>¹¹</strong></span> <span class='ocrx_word' id='word_1_584' title='bbox 1429 5748 1659 5815; x_wconf 75' lang='grc' dir='ltr'>μαγείαν</span> <span class='ocrx_word' id='word_1_585' title='bbox 1684 5746 1744 5803; x_wconf 69' lang='lat' dir='ltr'><strong>tl.</strong></span> <span class='ocrx_word' id='word_1_586' title='bbox 1828 5749 1868 5779; x_wconf 71' lang='grc'><strong>’³</strong></span> <span class='ocrx_word' id='word_1_587' title='bbox 1896 5747 1977 5803; x_wconf 86' lang='lat' dir='ltr'><strong>Cf.</strong></span> <span class='ocrx_word' id='word_1_588' title='bbox 2010 5764 2169 5816; x_wconf 85' lang='lat' dir='ltr'><strong>supra</strong></span> <span class='ocrx_word' id='word_1_589' title='bbox 2197 5749 2235 5803; x_wconf 87' lang='grc' dir='ltr'>Ι.</span> <span class='ocrx_word' id='word_1_590' title='bbox 2272 5765 2343 5817; x_wconf 80' lang='grc' dir='ltr'><strong>ιν,</strong></span> <span class='ocrx_word' id='word_1_591' title='bbox 2369 5750 2600 5818; x_wconf 69' lang='grc'><strong>28-41,</strong></span> <span class='ocrx_word' id='word_1_592' title='bbox 2621 5766 2672 5819; x_wconf 89' lang='lat' dir='ltr'><strong>p.</strong></span> <span class='ocrx_word' id='word_1_593' title='bbox 2702 5748 2767 5806; x_wconf 85' lang='lat'><strong>89</strong></span> <span class='ocrx_word' id='word_1_594' title='bbox 2796 5764 2916 5817; x_wconf 85' lang='lat' dir='ltr'><strong>sqq.</strong></span> 
     </span>
    </p>
   </div>
   <div class='ocr_carea' id='block_1_90' title="bbox 2995 5746 3669 5805">
    <p class='ocr_par' dir='ltr' id='par_1_90' title="bbox 2995 5746 3669 5805">
     <span class='ocr_line' id='line_1_90' title="bbox 2995 5746 3669 5805; baseline 0.003 -3"><span class='ocrx_word' id='word_1_595' title='bbox 2995 5748 3037 5779; x_wconf 75' lang='lat'>“</span> <span class='ocrx_word' id='word_1_596' title='bbox 3062 5746 3144 5803; x_wconf 70' lang='lat' dir='ltr'><strong>Cl‘.</strong></span> <span class='ocrx_word' id='word_1_597' title='bbox 3177 5750 3295 5803; x_wconf 76' lang='lat' dir='ltr'><strong>Act.</strong></span> <span class='ocrx_word' id='word_1_598' title='bbox 3320 5763 3437 5803; x_wconf 78' lang='lat' dir='ltr'><strong>tim.</strong></span> <span class='ocrx_word' id='word_1_599' title='bbox 3466 5750 3669 5805; x_wconf 64' lang='lat'><strong>9—23.</strong></span> 
     </span>
    </p>
   </div>
  </div>
