3804 6220
418 283 559 351 3213

1857 277 2225 339 ORIGENIS

3539 286 3677 349 321i

421 401 702 469 adspicere
739 404 791 452 et
820 411 1003 451 curam
1043 410 1231 467 gerere
1260 393 1545 463 comparis,
1576 402 1777 449 terram
1816 402 1988 446 autem

2102 390 2200 459 τὴν
2231 389 2287 442 δὲ
2304 391 2407 460 γῆν
2431 390 2780 460 ὑποδέχεσθαι
2801 391 2845 423 ⁸⁸³
2868 393 3018 446 κάτω
3036 391 3161 455 τοὺς
3186 392 3291 446 ἀπὸ
3324 392 3420 446 τοῦ
3444 396 3677 467 οὐρανοῦ

419 492 661 559 recipere
683 486 817 541 infra
844 488 935 557 qui
960 503 988 540 a
1015 487 1151 540 cmlo
1186 486 1474 539 rationales
1502 486 1813 539 deferantur
1842 495 1997 538 teme

419 589 674 649 cognatos
741 578 967 633 fructus.
1024 577 1173 631 Hanc
1216 580 1286 631 ob
1338 592 1592 641 causam,
1660 577 1853 645 inquit,
1908 575 2000 629 de-

417 684 667 741 spectans
705 686 1076 738 sa‘penmnero
1124 671 1272 740 logns
1315 668 1380 722 ad
1432 683 1516 731 ea,
1548 683 1666 738 qua:
1707 676 2001 721 nascuntur

416 776 479 813 cx
514 771 691 813 mente
737 771 791 814 et
832 761 1204 827 intelligentia,
1238 760 1338 812 hoc
1364 770 1444 813 est
1482 773 1544 811 ex
1588 758 1718 812 caelo
1751 767 1801 811 et
1832 767 1997 821 terra,

415 852 548 905 dicit
574 865 589 903 :
615 852 826 915 Audite,
850 851 983 915 caeli,
1004 860 1051 903 et
1085 851 1302 903 auribus
1327 852 1550 916 percipe,
1572 849 1997 919 terra,quoniam

419 941 674 995 Dominus
723 942 925 995 locutus
971 951 1093 995 est:
1141 940 1311 993 Filios
1366 942 1605 1009 generavi
1652 950 1699 992 et
1745 938 1994 1003 excitavi,

416 1031 518 1100 ipsi
543 1040 719 1084 autem
751 1041 1052 1099 spreverunt
1080 1048 1179 1084 me.
1218 1031 1318 1096 Qui
1355 1043 1531 1081 autem
1572 1030 1683 1082 haec
1711 1028 1860 1089 dicit,
1897 1028 1995 1091 ait,

416 1123 643 1191 septima
671 1132 909 1190 potestas
936 1134 1042 1189 est,
1070 1126 1113 1177 is
1149 1124 1239 1191 qui
1272 1131 1397 1183 stat,
1422 1122 1589 1181 stetit.
1636 1122 1800 1175 stabit
1831 1138 1843 1186 ;
1885 1122 1997 1187 ipse

416 1213 560 1268 cnim
602 1225 791 1267 auctor
824 1214 1015 1267 horum
1064 1213 1347 1279 bonorum,
1379 1228 1498 1282 qua:
1549 1212 1782 1265 laudavit
1818 1213 1998 1265 Moses

416 1314 471 1354 et
502 1302 635 1356 dixit
670 1304 824 1356 valde
883 1304 1040 1358 bona.
1079 1302 1192 1355 Vox
1238 1314 1415 1355 autem
1460 1312 1513 1353 et
1570 1314 1762 1353 nomen
1814 1301 1891 1353 sol
1942 1309 1993 1352 ul

420 1390 567 1446 luna.
603 1392 968 1446 Ratiocinatio
996 1405 1173 1447 autem
1215 1404 1269 1446 et
1312 1393 1568 1463 cogitatio
1606 1406 1701 1444 aer
1733 1400 1788 1445 et
1832 1406 1991 1461 aqua.

419 1480 473 1534 In
496 1483 577 1535 his
600 1494 776 1536 autem
809 1484 1056 1537 omnibus
1096 1484 1329 1538 immista
1369 1492 1424 1536 et
1460 1491 1755 1551 temperata
1804 1491 1907 1548 est,
1939 1492 1996 1535 ut

417 1574 548 1636 dixi,
584 1589 775 1643 magna
802 1574 887 1626 illa
919 1585 1161 1643 potestas
1196 1574 1426 1637 infinita,
1462 1583 1633 1627 stans.

487 1664 573 1716 N.
607 1663 737 1718 Cum
764 1664 937 1720 Muses
966 1666 1126 1733 igitur
1164 1665 1359 1719 dixerit
1387 1686 1398 1719 :
1433 1662 1539 1718 Sed:
1572 1663 1757 1718 diebus
1789 1665 1844 1718 in
1874 1666 1994 1735 qui-

2101 482 2322 552 νοεροὺς
2352 485 2832 552 καταφερομένους
2870 486 2938 555 τῇ
2976 486 3047 555 γῇ
3085 486 3368 552 συγγενεῖς
3410 489 3675 557 καρποὺς.

2100 572 2201 625 Διά
2224 573 2402 637 τοῦτο,
2434 574 2616 644 φησιν,
2652 575 2979 629 ἀποϐλέπων
3005 575 3265 638 πολλάκις
3296 579 3324 630 6
3347 577 3510 645 λόγος
3548 581 3679 649 πρὸς

2098 663 2167 714 τά
2200 664 2265 715 ὲκ
2307 662 2428 726 νοὸς
2474 663 2571 716 καὶ
2613 664 2914 728 ὲπινοίας⁸⁹
2955 666 3361 735 γεγεννημένα,
3399 666 3679 718 τουτέστιν

2100 752 2161 818 ἐξ
2193 754 2423 825 οὐρανοῦ
2458 755 2551 807 καὶ
2594 755 2716 824 γῆς,
2749 748 2929 824 λέγει·
2972 756 3211 820 Ἀκουε,
3246 755 3558 825 οὐρανὲεθ,
3586 756 3679 809 καὶ

2098 844 2404 910 ἐνωτίζου,
2440 842 2515 913 γῆ
2536 884 2550 906 ,
2578 845 2668 897 ὅτι
2700 845 2916 912 Κύριος
2946 843 3272 912 ἐλάλησεν.
3308 845 3493 912 Υἱοὺς
3520 844 3679 913 ἑγένσ

2097 951 2262 1003 νησα
2301 936 2398 990 καὶ
2441 935 2695 1003 ὕψωσα,
2743 935 2915 988 αὐτοὶ
2942 934 3009 989 δέ
3040 952 3114 1004 με
3147 937 3477 1003 ἠθέτησαν.
3534 936 3596 989 Ὀ
3629 935 3680 987 δὲ

2100 1025 2271 1093 λέγων
2292 1026 2488 1085 ταῦτα,
2514 1027 2699 1096 φησὶν,
2726 1029 2758 1096 ἡ
2791 1025 2991 1097 ἑϐδόμη
3016 1026 3240 1098 δύναμίς
3264 1029 3433 1093 ἐστιν,
3468 1030 3501 1081 6
3519 1027 3569 1058 ⁸¹
3601 1028 3681 1079 έσ-

2097 1116 2237 1182 τὼς,
2276 1118 2433 1183 στὰς,
2485 1118 2816 1187 στησόμενος
2843 1134 2856 1147 ·
2900 1119 3062 1182 αὐτὸς
3102 1119 3209 1189 γὰρ
3254 1118 3432 1183 αἴτιος
3472 1120 3678 1173 τούτων

2096 1209 2206 1260 τῶν
2245 1209 2460 1273 καλῶν,
2509 1204 2585 1263 ὧν
2627 1209 2859 1280 ἐπῄνεσε
2906 1211 3116 1282 Μωσῆς
3150 1211 3196 1241 ⁵³
3225 1212 3319 1264 καὶ
3368 1207 3498 1263 εἷπε
3546 1210 3682 1264 καλὲ

2096 1300 2237 1353 λίαν.
2277 1302 2340 1353 Ἠ
2386 1301 2441 1353 δὲ
2486 1300 2636 1371 φωνὴ
2668 1302 2762 1353 καὶ
2794 1302 2856 1354 τὸ
2887 1302 3058 1371 ὄνομα
3079 1342 3094 1367 ,
3142 1303 3293 1371 ἥλιος
3326 1303 3421 1356 καὶ
3454 1304 3678 1375 σελήνη.

2110 1389 2170 1442 '0
2194 1388 2252 1441 δὲ
2280 1387 2539 1457 λογισμὸς
2568 1390 2661 1441 καὶ
2690 1390 2723 1459 ἡ
2754 1389 3071 1460 ἐνθύμησις,
3109 1391 3218 1460 ἀὴρ
3250 1392 3344 1443 καὶ
3372 1390 3548 1461 ὕδωρ.
3600 1393 3681 1445 Ἐν

2094 1478 2152 1531 δὲ
2204 1478 2415 1542 τούτοις
2465 1478 2667 1533 ἅπασιν
2714 1479 3057 1549 ἐμμέμικται
3108 1480 3202 1533 καὶ
3247 1480 3556 1552 κέκραται,
3605 1481 3678 1545 ὡς

2095 1570 2248 1641 ἔφην,
2278 1573 2310 1641 ἡ
2348 1572 2558 1641 μεγάλη
2586 1571 2815 1641 δύναμις
2841 1573 2873 1641 ἡ
2907 1572 3212 1642 ἀπέραντος
3232 1612 3247 1636 ,
3278 1574 3306 1625 6
3336 1573 3536 1635 ἑστὼς.

2169 1664 2250 1717 ιδ’.
2278 1665 2521 1727 Μωσέως
2540 1660 2631 1717 οὖν
2660 1665 2940 1734 εἰρηκότος
2960 1681 2973 1695 '
3006 1665 3114 1728 “EE
3138 1663 3443 1733 ἠμέραις⁵⁸
3474 1666 3550 1718 ἐν
3577 1663 3693 1731 αἷς(

415 1755 509 1807 bus
532 1755 669 1807 Deus
689 1756 812 1824 fecit
835 1757 1018 1809 caelum
1044 1766 1093 1808 et
1112 1770 1327 1820 terram,
1345 1765 1391 1809 et
1407 1757 1621 1821 septimo
1640 1757 1720 1809 die
1746 1758 1988 1824 requievit

2099 1758 2126 1810 ό
2162 1755 2307 1822 Θεὸς
2339 1755 2349 1825 |
2378 1756 2629 1822 ἐποίησε
2668 1755 2776 1808 τὸν
2800 1754 3061 1822 οὐρανὸν
3102 1756 3199 1807 καὶ
3232 1754 3348 1823 τὴν
3380 1754 3536 1824 γῆν,
3579 1756 3679 1809 καὶ

414 1846 478 1899 ab
518 1846 754 1899 omnibus
779 1848 1018 1914 aperibus
1039 1849 1171 1907 suis,
1199 1862 1262 1899 eo
1298 1862 1405 1914 quo
1430 1847 1667 1901 diximus
1697 1848 1853 1901 modo
1878 1849 1992 1901 hac

415 1937 602 1991 Simon
653 1938 804 1990 aliter
845 1938 1209 2006 dispensanda
1255 1948 1428 1993 semet
1481 1938 1714 1992 deiﬁcat.
1766 1939 1991 2004 Quando

413 2030 575 2101 igitur
602 2032 784 2085 dicunt
810 2030 1157 2101 (Simoniani)
1194 2041 1302 2084 tres
1333 2045 1455 2085 esse
1487 2031 1601 2085 dies
1649 2043 1773 2085 ante
1822 2033 1989 2087 solem

411 2131 467 2176 et
492 2122 669 2175 lunam
702 2133 874 2188 natos,
903 2123 1190 2191 indigitaut
1215 2134 1444 2176 mentem
1475 2134 1524 2177 et
1559 2124 1987 2192 intelligentiam,

415 2214 515 2267 hoc
545 2224 627 2267 est
652 2214 850 2267 cmlnm
890 2224 944 2266 et
987 2222 1208 2276 terram,
1250 2223 1302 2266 et
1336 2215 1616 2282 septimam
1661 2223 1989 2285 potestatem

413 2304 676 2356 inﬁnitam
714 2305 879 2358 illam.
917 2305 1005 2359 lla:
1034 2308 1178 2359 enim
1212 2317 1321 2358 tres
1363 2316 1656 2375 potestates
1702 2317 1831 2362 sunt
1860 2320 1988 2365 ante

413 2396 646 2462 reliquas
694 2410 883 2449 omnes
926 2406 1081 2449 natae.
1116 2396 1341 2462 Quando
1375 2408 1555 2451 autem
1589 2399 1777 2454 dicunt
1808 2418 1823 2454 :
1859 2400 1993 2453 Ante

411 2484 586 2536 ontnia
620 2484 814 2537 stecula
865 2497 1075 2553 generat
1136 2503 1236 2550 me,
1270 2488 1335 2541 de
1378 2488 1630 2556 septima,
1668 2490 1863 2558 inquit,
1898 2506 1992 2558 po-

411 2586 606 2630 testate
666 2579 778 2631 ha‘c
843 2580 1090 2632 dicuntur
1123 2580 1324 2634 valere.
1357 2580 1594 2650 Septima
1648 2590 1827 2636 autem
1879 2583 1994 2637 [uec

412 2677 672 2734 potestas,
727 2684 847 2737 qua:
884 2678 1004 2723 erat
1042 2680 1281 2739 potestas
1338 2672 1607 2726 exsistens
1672 2673 1725 2727 in
1784 2674 1992 2728 inﬁnita

415 2758 500 2811 illa
537 2768 831 2827 pmestate,
872 2776 990 2828 quae
1028 2762 1241 2829 quidem
1276 2762 1480 2816 exstitit
1518 2774 1642 2815 ante
1682 2765 1862 2817 omnia
1894 2780 1994 2818 sa:-

412 2852 555 2909 cuia.
590 2851 720 2917 hare,
761 2853 955 2919 inquit,
986 2862 1071 2907 cst
1113 2854 1337 2922 septima
1380 2853 1463 2907 illa
1500 2865 1757 2919 potestas,
1793 2859 1858 2909 de
1888 2871 1992 2924 qua

413 2940 542 2992 dicit
573 2939 745 2995 Moses
773 2956 786 2994 :
820 2940 889 2994 Et
918 2940 1148 3009 Spiritus
1191 2944 1285 2995 Dei
1315 2943 1579 3012 ferebatur
1610 2962 1765 3015 super
1802 2962 1992 3015 aquas,

2091 1846 2166 1916 τῇ
2226 1847 2446 1917 ἐϐδόμῃ
2483 1847 2861 1901 κατέπαυσεν
2900 1847 3018 1901 ἀπὸ
3047 1847 3294 1921 ,πάντων
3329 1846 3446 1901 τῶν
3487 1849 3679 1916 ἔργων

2093 1940 2302 2004 αὐτοῦ,
2346 1940 2438 1992 τὸν
2473 1940 2763 2010 εἰρημένον
2791 1938 2991 2010 τρόπον
3030 1940 3503 2009 μετοικονομήσας
3540 1942 3568 1992 6
3596 1939 3678 1991 Σί-

2097 2048 2213 2101 μων
2250 2031 2442 2084 ἑαυτὸν
2490 2030 2748 2083 Θεοποιεῖ.
2792 2031 2965 2083 Ὅταν
3011 2025 3104 2083 οὖν
3141 2030 3404 2098 λέγωσιν,
3437 2032 3525 2083 ὅτι
3568 2031 3679 2083 εἰσὶ

2092 2125 2240 2189 τρεῖς
2294 2123 2498 2193 ἡμέραι
2546 2122 2653 2193 πρὸ
2689 2121 2839 2193 ἡλίου
2875 2122 2968 2174 καὶ
3007 2124 3236 2193 σελήνης
3273 2123 3676 2193 γεγενημέναι,

2093 2215 2424 2268 αἱνίσσονται
2444 2214 2566 2268 νοῦν
2589 2215 2681 2267 καὶ
2712 2214 2985 2278 ἐπίνοιαν,
3014 2215 3290 2267 τουτέστιν
3318 2216 3551 2286 οὐρανὸν
3579 2217 3679 2268 καὶ

2093 2306 2227 2377 γῆν,
2263 2307 2357 2359 καὶ
2387 2307 2485 2376 τὴν
2530 2306 2765 2377 ἑϐδόμην
2801 2306 3030 2376 δύναμιν
3059 2308 3157 2378 τὴν
3194 2308 3523 2379 ἀπέραντον.
3572 2303 3677 2363 Αὖ-

2093 2413 2183 2448 ται
2201 2397 2310 2466 γάρ
2334 2398 2389 2449 at
2407 2399 2555 2467 τρεῖς
2584 2395 2841 2463 δυνάμεις
2872 2397 2979 2449 εἰσὶ
3011 2398 3114 2468 πρὸ
3145 2400 3333 2451 πασῶν
3362 2399 3471 2451 τῶν
3496 2399 3677 2452 ἄλλων

2094 2489 2401 2559 γενόμεναι.
2423 2490 2591 2542 Ὅταν
2607 2490 2663 2541 δὲ
2681 2488 2879 2554 λέγωσι
2897 2504 2910 2517 °
2937 2490 3056 2556 Πρὸ
3082 2491 3321 2543 πάντων
3332 2490 3379 2521 ⁸⁸
3396 2490 3521 2543 τῶν
3542 2490 3677 2543 οἰώ-

2094 2599 2217 2635 νων
2245 2580 2429 2651 γεννᾷ
2442 2598 2539 2649 με,
2564 2581 2689 2648 περὶ
2720 2580 2818 2649 τῆς
2845 2579 3097 2651 ἑϐδόμης,
3130 2582 3285 2650 φησι,
3306 2581 3593 2649 δυνάμεως
3611 2584 3677 2635 τὰ

2094 2671 2321 2725 τοιαῦτα
2350 2670 2565 2739 λέγεται
2595 2667 2755 2724 εἶναι.
2788 2673 3023 2743 Ἑϐδόμη
3051 2672 3105 2724 δὲ
3124 2671 3262 2740 αὕτη
3280 2672 3536 2739 δύναμις,
3555 2674 3675 2742 ἣτις

2092 2757 2161 2831 ἦν
2190 2760 2415 2830 δύναμις
2446 2763 2766 2831 ὑπάρχουσα
2789 2765 2845 2815 ὲν
2874 2768 2938 2834 τῇ
2965 2764 3254 2833 ἀπεράντῳ
3275 2761 3527 2831 δυνάμει,
3554 2764 3676 2832 ἣτις

2094 2854 2284 2919 γέγονε
2312 2852 2414 2922 πρὸ
2440 2853 2657 2921 πάντων
2694 2852 2803 2905 τῶν
2829 2856 3059 2915 αἰώνων,
3090 2853 3227 2921 αὓτη
3260 2853 3397 2912 ἐστὶ,
3419 2852 3617 2920 φησὶν,
3641 2854 3674 2924 ἡ

2096 2943 2295 3013 ἑϐδόμη
2330 2944 2576 3014 δύναμις,
2610 2947 2736 3016 περὶ¹
2756 2940 2823 3017 ἧς
2850 2946 2995 3015 λέγει
3027 2945 3263 3015 Μωσῆςο
3290 2943 3400 2997 Καὶ
3425 2944 3676 3013 Πνεῦμα

415 3028 515 3080 hoc
540 3038 641 3093 est,
669 3029 859 3097 inquit,
887 3030 1119 3098 Spiritus
1161 3033 1367 3086 habens
1404 3032 1453 3084 in
1482 3048 1541 3087 se
1580 3030 1784 3096 oumia,
1816 3035 1988 3097 imago

2099 3035 2300 3087 68013“
2340 3035 2656 3104 ἐπεφέρετο
2698 3037 2900 3090 ἐπάνω
2933 3035 3040 3090 τοῦ
3084 3035 3302 3101 ὕδατος
3325 3054 3337 3066 ·
3376 3036 3672 3099 τουτέστι,

412 3118 635 3174 inﬁnita:
661 3120 801 3175 illius
826 3125 1127 3191 potestatis,
1147 3124 1212 3175 de
1234 3139 1336 3191 qua
1371 3123 1554 3178 Simon
1590 3126 1724 3179 dicit
1751 3142 1765 3178 :
1803 3125 1988 3191 Imago

2099 3128 2248 3197 φησὶ,
2276 3129 2334 3179 τὸ
2357 3128 2581 3197 Πνεῦμα
2601 3130 2660 3180 τὸ
2692 3128 2869 3181 πάντα
2886 3128 3007 3198 ἔχον
3025 3128 3070 3159 ⁵⁸
3088 3128 3146 3179 ὲν
3170 3126 3366 3195 ἑαυτῷ,
3380 3125 3559 3178 εἰκὼν
3575 3127 3675 3194 τῆς

410 3225 476 3263 ea:
506 3210 807 3279 incorrupta
834 3211 1027 3280 forma,
1049 3212 1161 3266 sola
1192 3214 1443 3268 ordinans
1472 3217 1670 3267 omnia.
1702 3214 1823 3268 ΙΙωο
1845 3216 1987 3267 enim

411 3310 669 3370 potestas,
710 3320 830 3372 qua:
862 3306 1034 3359 fertur
1086 3319 1249 3373 super
1296 3321 1483 3375 aquas,
1534 3322 1598 3360 ex
1654 3309 1987 3374 incorrupta,

413 3391 608 3459 inquit,
639 3402 765 3447 nata
796 3392 965 3446 forma
1000 3393 1112 3447 sola
1158 3394 1375 3448 ordinat
1408 3396 1610 3449 onmia.
1641 3395 1773 3451 Cum
1827 3396 1991 3465 igitur

414 3483 535 3537 talis
559 3485 801 3551 quaedam
832 3494 885 3539 et
920 3485 1216 3540 consimilis
1244 3485 1447 3541 fabrica
1478 3487 1659 3539 mundi
1686 3486 1791 3541 illis
1820 3488 1991 3543 exstio

413 3576 560 3639 terit,
593 3576 765 3641 tinxit,
798 3577 988 3645 inquit,
1028 3577 1166 3631 Deus
1203 3577 1477 3631 hominem
1522 3578 1649 3630 limo
1678 3587 1892 3647 sumpto
1924 3579 1990 3632 de

410 3676 576 3730 terra,
612 3664 767 3721 ﬁnxit
812 3676 989 3721 autem
1025 3682 1130 3721 non
1173 3668 1470 3737 simplicem
1505 3668 1599 3721 sed
1627 3668 1889 3737 duplicem
1920 3670 1987 3723 ad

412 3754 703 3825 imaginem
747 3764 803 3809 et
853 3755 1283 3812 similitudinem.
1314 3758 1492 3826 Imago
1535 3768 1713 3812 autem
1747 3768 1833 3814 est
1877 3758 1990 3828 spi-

412 3847 551 3901 ritus
584 3848 674 3915 qui
705 3846 876 3901 fertur
908 3863 1072 3919 super
1112 3864 1305 3918 aquas,
1331 3851 1420 3918 qui
1466 3849 1552 3902 ubi
1584 3864 1686 3902 non
1724 3848 1987 3918 etligiatns

410 3939 538 4004 erit,
586 3952 707 3992 cum
771 3940 973 3994 mundo
1021 3942 1236 4008 peribit,
1287 3955 1411 3994 cum
1466 3950 1733 4010 potestate
1783 3951 1985 3995 tantum

412 4039 629 4084 maneat
665 4039 718 4086 et
749 4030 1100 4103 244-245
1129 4048 1231 4085 non
1262 4032 1543 4087 eﬂicientia
1581 4034 1826 4089 exsistat.
1853 4034 1983 4099 Hoc,

412 4122 610 4191 inquit,
651 4131 735 4178 est
770 4124 900 4177 illud
953 4125 1095 4191 quod
1147 4125 1347 4179 dictum
1409 4134 1528 4179 est:
1562 4122 1647 4178 Ne
1706 4140 1815 4177 una
1866 4142 1985 4179 cum

411 4217 607 4270 mundo
663 4222 1083 4271 condemnemur.
1142 4215 1239 4272 Ubi
1305 4226 1481 4271 autem
1544 4216 1866 4287 eﬂigiabitur
1932 4229 1987 4273 et

410 4308 636 4362 exsistet
668 4323 696 4360 a
736 4320 935 4377 puncto
985 4309 1236 4375 indiviso,
1279 4309 1436 4364 sicuti
1476 4310 1734 4379 scriptum
1789 4317 1873 4364 est
1930 4310 1981 4363 in

2090 3218 2396 3287 ἀπεράντου
2420 3220 2719 3288 δυνάμεως,
2740 3224 2869 3289 περὶ
2886 3216 2953 3290 ἧς
2966 3221 2995 3270 6
3010 3218 3192 3287 Σίμων
3214 3218 3378 3285 λέγει·
3390 3218 3591 3271 Εικών
3606 3218 3672 3283 ἐξ

2090 3308 2396 3377 ἀφθάρτου
2424 3309 2687 3378 μορφῆς,
2720 3310 3039 3379 κοσμοῦσα
3058 3312 3215 3380 μόνη
3258 3310 3475 3365 πάντα.
3517 3309 3669 3381 Δῦτη

2090 3401 2198 3471 γάρ
2230 3405 2262 3471 ἡ
2286 3402 2512 3472 δύναμις
2533 3444 2546 3468 ,
2581 3405 2614 3474 ἡ
2653 3403 3022 3475 ἐπιφερομένη
3060 3404 3243 3457 ἐπάνω
3270 3402 3363 3455 τοῦ
3388 3402 3589 3466 ὓδατος
3613 3403 3670 3469 ἒξ

2089 3492 2367 3563 ἀφθάρτου
2388 3532 2403 3554 ,
2438 3494 2610 3564 φησὶ,
2643 3495 2989 3564 γεγενημένη
3040 3494 3254 3565 μορφῆς
3297 3496 3500 3563 κοσμεῖ
3533 3496 3668 3565 μόνη

2089 3582 2288 3637 πάντα.
2351 3585 2622 3653 Τοιαύτης
2675 3583 2770 3638 οὗν
2802 3603 2950 3649 τινος
2999 3586 3093 3639 καὶ
3139 3585 3524 3656 παραπλησίου
3571 3589 3670 3655 τῆς

2089 3675 2433 3747 κατασκευῆς
2490 3676 2584 3728 τοῦ
2634 3677 2843 3746 κόσμου
2898 3677 3198 3747 γενομένης
3247 3677 3383 3748 παρ’
3440 3677 3665 3741 αὐτοῖς,

2088 3765 2288 3819 ἔπλασε
2303 3768 2370 3831 ⁸⁷,
2404 3766 2589 3838 φησὶν,
2615 3770 2643 3821 6
2673 3768 2807 3832 Θεὸς
2839 3768 2931 3823 τὸν
2956 3767 3240 3839 ἄνθρωπον
3270 3766 3404 3837 χοῦν
3438 3768 3553 3820 ἀπὺ
3575 3768 3670 3834 τῆς

2086 3855 2190 3925 γῆς
2237 3854 2446 3908 λαϐὡνο
2488 3855 2690 3908 ἔπλασε
2732 3856 2789 3909 δὲ
2821 3858 2918 3926 οὐχ
2957 3855 3194 3919 ἁπλοῦν,
3250 3856 3389 3909 ἀλλά
3443 3855 3670 3910 διπλοῦν

2086 3944 2209 3998 κατ’
2240 3944 2424 3998 εἰκόνα
2454 3945 2549 3998 καὶ
2572 3943 2649 4016 [p.
2682 3944 2984 4017 167—169]
3015 3945 3137 3997 καθ’
3169 3945 3457 4015 ὁμοίωσιν.
3490 3944 3669 3998 Είκὼν

2085 4037 2141 4090 δέ
2188 4040 2303 4090 ἐστι
2362 4035 2422 4089 τὸ
2472 4037 2688 4107 πνεῦμα
2721 4037 2779 4090 τὸ
2814 4039 3205 4108 ἐπιφερόμενον
3224 4037 3270 4073 ⁸³
3327 4038 3523 4090 ἐπάνω
3570 4035 3664 4090 τοῦ

2087 4124 2306 4190 ὕδατος,
2350 4125 2379 4177 ὃ
2429 4126 2524 4178 ἐὰν
2572 4127 2645 4196 μὴ
2692 4126 3059 4195 ὲξεικονισοῇ,
3111 4127 3245 4196 μετὰ
3306 4125 3403 4179 τοῦ
3461 4128 3665 4195 κόσμου

2085 4216 2401 4283 ἀπολεῖται,
2437 4217 2665 4286 δυνάμει
2705 4220 2893 4286 μεῖναν
2949 4218 3108 4285 μόνον
3147 4218 3243 4270 καὶ
3291 4220 3368 4287 μὴ
3414 4219 3666 4289 ἐνεργείᾳ

2084 4309 2393 4377 γενόμενον.
2430 4308 2595 4362 Τοῦτό
2654 4312 2808 4373 ἐστι,
2856 4309 3024 4379 φησὶ,
3075 4308 3135 4362 τὸ
3175 4311 3504 4382 εἰρημένον·
3537 4313 3664 4365 ἰνα

414 4397 786 4464 Revelatione,
828 4414 1052 4469 parvutn
1096 4401 1283 4454 evadet
1317 4413 1589 4469 magnum.
1617 4398 1864 4468 Magnum
1897 4416 1988 4452 au-

2099 4399 2173 4469 μὴ
2195 4400 2241 4433 ⁸⁸
2266 4399 2389 4453 σὺν
2422 4398 2501 4464 τῷ
2534 4390 2738 4469 κόσμῳ
2764 4400 3222 4470 κατακριθῶμεν.
3270 4401 3402 4454 Ἐάν
3435 4402 3497 4455 δὲ
3531 4402 3663 4468 ἐξει-

412 4496 518 4542 tem
538 4488 664 4542 illud
687 4490 791 4543 erit
823 4490 875 4543 in
902 4505 1061 4545 omne
1098 4506 1269 4544 aevum
1300 4500 1354 4543 et
1397 4489 1760 4553 immutatum,
1801 4497 1985 4557 utpote

411 4582 551 4649 quod
580 4580 809 4651 amplius
836 4596 940 4636 non
976 4582 1064 4636 ﬁat
1137 4582 1238 4648 Qui
1287 4574 1445 4652 igitUr
1480 4590 1534 4634 et
1577 4582 1866 4649 quomodo,
1900 4580 1985 4633 in-

411 4672 552 4741 quit,
582 4673 735 4743 lingit
763 4674 1038 4729 hominem
1070 4673 1247 4727 Deus?
1275 4674 1329 4727 In
1362 4674 1634 4743 paradiso,
1654 4673 1732 4726 sic
1760 4674 1902 4726 enim
1933 4672 1983 4726 ei

412 4763 608 4833 placet.
645 4765 797 4832 Esto,
846 4765 1042 4833 inquit,
1084 4765 1367 4834 paradisus
1406 4774 1611 4828 uterus,
1664 4764 1821 4833 idque
1864 4779 1984 4818 esse

414 4870 600 4910 verum
643 4855 922 4927 Scriptura
970 4858 1201 4923 docebit,
1237 4857 1449 4926 quando
1498 4857 1628 4911 dicit
1661 4873 1677 4910 :
1718 4856 1830 4927 Ego
1866 4873 1985 4910 sum

412 4950 501 5019 qui
534 4948 704 5017 formo
741 4951 868 5003 tein
901 4959 1047 5003 utero
1099 4949 1281 5003 matris
1334 4958 1457 5003 tua’.
1503 4947 1709 5002 Etenim
1762 4949 1863 5002 hoc
1913 4949 1983 5000 ita

411 5040 674 5109 scriptum
729 5040 862 5097 vult.
915 5038 1253 5105 Paradisum,
1285 5040 1479 5109 inquit,
1526 5053 1623 5125 per
1674 5038 1982 5109 allegoriam

2092 4494 2312 4565 κονισθῇ
2357 4494 2451 4547 καὶ⁵
2488 4492 2713 4564 γένηται
2758 4492 2867 4547 ἀπὸ
2909 4493 3145 4563 στιγμῆς
3194 4494 3538 4561 ἀμερίστου,
3594 4492 3663 4555 ὡς

2091 4587 2400 4657 γέγραπται
2440 4586 2499 4638 ὲν
2534 4587 2601 4655 τῇ
2643 4587 2652 4652 |
2694 4585 2990 4653 ’Δποφάσει
3012 4625 3026 4648 ,
3075 4584 3136 4637 τὸ
3166 4584 3361 4655 μικρὸν
3395 4586 3546 4653 μέγα
3580 4602 3663 4652 γε-

2090 4679 2332 4747 νήσεται.
2373 4676 2446 4728 Τὸ
2486 4674 2543 4728 δὲ
2589 4675 2732 4746 μέγα
2768 4675 2922 4729 ἔσται
2962 4678 3041 4739 εἰς
3075 4676 3166 4728 τὸν
3214 4677 3451 4746 ἄπειρον
3500 4676 3659 4730 αἰῶνα

2091 4769 2185 4820 καὶ
2217 4765 2632 4836 ἀπαράλλακτον
2649 4766 2694 4797 ⁵⁸
2732 4767 2793 4818 τὸ
2829 4766 3025 4837 μηκέτι
3066 4765 3372 4835 γινόμενον.
3409 4765 3540 4828 Πῶς
3578 4761 3659 4817 οὖν

2090 4860 2187 4911 καὶ
2220 4858 2344 4910 τίνα
2374 4858 2606 4928 τρόπον,
2650 4858 2812 4929 φησὶ,
2851 4858 3142 4911 πλάσσει⁸¹
3187 4856 3276 4909 τὸν
3321 4856 3659 4929 ἄνθρωπονό

2090 4947 2257 5014 Θεός;
2289 4947 2377 5001 Ἐν
2404 4948 2735 5019 παραδείσῳ,
2760 4947 2932 5011 οὕτως
2958 4949 3066 5019 γάρ
3086 4947 3233 5016 αὐτῷ
3258 4948 3431 5001 δοκεῖ.
3466 4950 3657 5011 Ἔστω,

2094 5038 2250 5107 φησὶν
2281 5038 2605 5107 παράδεισος
2638 5039 2673 5109 ἡ
2706 5040 2909 5111 μήτρα,
2937 5039 3031 5091 καὶ
3059 5040 3139 5091 ὅτι
3164 5036 3325 5090 τοῦτό
3354 5039 3514 5092 ἐστιν
3540 5040 3658 5109 άλη-

1679 5166 1919 5222 νΑΒΙᾸΕ
1959 5165 2375 5222 LECTIONES.

514 5284 910 5356 ’δέ-ὑποδέχεται
947 5284 1011 5339 C.
1124 5282 1169 5317 "
1200 5282 1483 5356 επιννοίας

1672 5281 1717 5311 ⁸ο
1749 5278 1853 5333 lsa.
1882 5280 1918 5343 l,
1958 5278 2014 5332 2.

2121 5278 2166 5310 ⁵¹
2193 5280 2221 5332 ὁ
2249 5290 2373 5332 ante
2414 5280 2584 5343 ἑστώς
2626 5298 2736 5336 om.
2770 5280 2833 5343 C,
2864 5278 2934 5333 Μ.
3047 5280 3092 5312 “
3125 5278 3209 5335 Cf.
3245 5278 3263 5332 l
3308 5280 3450 5334 Mos.
3490 5298 3541 5347 I,
3578 5282 3658 5335 δι.

410 5356 457 5435 ξ’
486 5348 859 5435 1.5108953}
887 5355 998 5435 Καλ
1029 5354 1368 5435 συνετέλεσεν
1390 5351 1583 5435 6.856;
1606 5352 1662 5403 ὲν
1687 5352 1754 5419 τῇ
1790 5348 2238 5435 ημέᾔρᾳττῇςέκτῃ
2268 5352 2337 5402 τὰ
2366 5349 2699 5435 ἕργαιαίέτοῡ
2720 5391 2735 5414 ,
2764 5350 2799 5404 ἃ
2825 5350 3227 5435 ἐποιίησεμκαὶ,
3252 5351 3577 5435 κατέπαυσε
3599 5353 3658 5420 τῇ

410 5426 594 5547 ἡμέρᾳ
620 5425 686 5493 τῇ
720 5424 925 5498 ἑϐδόμῃ
969 5424 1075 5478 ἀπὸ
1122 5424 1340 5477 πάντων
1373 5422 1481 5473 τῶν
1528 5420 1704 5500 ἔργων
1732 5418 2050 5500 ⁷αὑτοῦ,“⁸ὧν
2076 5418 2319 5490 ἐποίησε,
2353 5418 2476 5473 coll.
2510 5418 2549 5471 ιι
2583 5420 2713 5473 Mos.
2748 5436 2842 5480 xx,
2881 5420 2939 5472 H
2972 5418 3001 5471 V:
3052 5420 3140 5472 ’Ev
3167 5420 3277 5488 γὰρ
3327 5420 3389 5484 ἓξ
3432 5418 3663 5490 ἡμέραις

411 5496 512 5547 tm
534 5509 633 5547 ησε
675 5493 875 5547 Κύριος
912 5495 1002 5547 τὸν
1029 5494 1255 5547 οὐρανὸν
1286 5493 1378 5546 καὶ
1397 5491 1494 5547 τὴν
1520 5508 1624 5547 γην
1655 5490 1747 5543 καὶ
1781 5490 1878 5547 τὴν
1909 5489 2181 5542 Θαλασσαν
2210 5492 2302 5542 καὶ
2330 5490 2506 5544 πάντα
2526 5489 2595 5541 τά
2623 5492 2680 5542 ὲν
2698 5491 2899 5547 αὐτοῖς.
2930 5489 3022 5541 καὶ⁸
3043 5489 3359 5543 κατέπαυσε
3380 5494 3451 5547 τῆ
3488 5492 3663 5547 ἡμέρα.

411 5489 633 5563 ἐποίησε
660 5489 875 5563 Κύριος
894 5489 1002 5548 ’τὸν
1029 5494 1255 5563 οὐρανὸν
1286 5493 1378 5546 καὶ
1397 5491 1497 5563 τὴν
1520 5489 1624 5560 γῆν
1655 5490 1747 5543 καὶ
1781 5490 1878 5563 την
1900 5489 2302 5563 ’Θάλασσαν-καὶ
2330 5490 2506 5563 πάντα
2526 5489 2601 5563 τάξ
2623 5492 2681 5563 ἐν
2698 5491 2899 5563 αὐτοῖς,
2930 5489 3022 5563 καὶ
3043 5489 3359 5563 κατέπαυσε
3380 5489 3465 5563 τῇ
3482 5489 3663 5563 ἡμέρα.

411 5528 633 5562 ισοῡυιιιυῡ
675 5528 873 5563 Ιιυμιυι,
921 5528 1002 5548 υνν
1030 5528 1089 5547 υυ
1131 5528 1255 5549 ψνυν
1288 5528 1378 5546 “WB
1408 5528 1491 5560 ’σιν
1532 5528 1621 5560 ιΙΙΙ
1657 5528 1747 5543 πω*
1792 5528 1829 5541 'l
1861 5528 1876 5539 ν
1911 5528 1986 5541 vv.-

410 5566 476 5664 τῇ
492 5562 714 5632 ἑϐδόμῃ.
788 5564 1002 5618 “Fort.
1034 5580 1065 5618 e
1091 5528 1381 5617 Froverbb.
1408 5561 1611 5615 Salom.
1645 5576 1759 5626 vnt,
1790 5528 1986 5637 26-235,

412 5633 433 5662 ⁸
485 5630 555 5664 l‘f
609 5630 646 5664 ΙΙ
683 5631 790 5664 “ne
851 5648 888 5664 II
937 5634 993 5664 ’7-
1037 5634 1137 5664 ηΛΙΙ
1202 5650 1214 5664 ι
1244 5632 1350 5664 “ne
1413 5647 1426 5664 I
1487 5630 1557 5664 tu:
1581 5630 1649 5664 Q7
1781 5629 1827 5661 ⁸⁸
1854 5632 1986 5664 η’νηιξ

412 5630 569 5685 ιτα.
606 5630 649 5681 ιι
668 5630 813 5685 Μος.
851 5648 911 5701 tt,
937 5634 995 5700 7;
1037 5634 1161 5690 coll.
1200 5632 1374 5687 tMos.
1413 5647 1452 5697 t,
1487 5630 1671 5697 26,37.

410 5699 455 5732 ⁸¹
485 5699 705 5761 πλάσεις
731 5701 794 5755 C.

1781 5629 1827 5661 ⁸⁸
1854 5629 1947 5680 τοῦ
1974 5631 2371 5698 ἐπιφερομένου
2394 5629 2458 5683 C.

2064 5559 2110 5589 ⁸⁵
2139 5560 2157 5613 Ι
2189 5559 2323 5613 Mus.
2362 5574 2401 5622 1,
2423 5559 2478 5613 ‘2.
2528 5584 2531 5587 λ
2558 5560 2605 5630 δέ
2637 5560 2701 5630 1:6
2722 5559 3079 5630 «dvra'ﬁxov.
3213 5562 3398 5612 πάντα
3431 5559 3577 5630 ἔχειν

2555 5629 2601 5662 ⁸³
2624 5631 2643 5683 Ι
2666 5628 2793 5685 Cor.
2822 5644 2883 5695 tt,
2914 5628 3001 5684 32.
3101 5628 3146 5660 ‘°
3171 5628 3575 5701 ἁπαράλακτον
3603 5629 3661 5685 C.
