3804 6220
194 276 341 345 3215

1332 269 1628 332 CONTRA
1664 265 2031 329 H/ERESES
2066 263 2210 325 LIB.
2248 260 2347 324 VI.

3325 248 3466 313 3216

198 394 293 456 θὲς
317 390 353 462 ἡ
376 385 569 459 Γραφὴ
587 383 789 452 διδάξει
816 382 907 437 ὅτε
936 381 1088 451 λέγει
1105 397 1119 412 ·
1156 380 1299 451 Ἐγώ
1319 383 1435 450 ειμι
1454 381 1499 413 ⁸³
1523 382 1557 434 ὁ
1580 378 1777 433 πλάσ-

1917 376 2056 431 Ioses
2088 383 2301 429 uterum
2328 371 2484 438 dixit,
2516 369 2781 440 siquidem
2813 367 2939 423 licet
2967 367 3089 436 logo
3119 364 3362 441 credere.
3409 364 3469 421 bi

197 457 394 543 σωκ-⁸³
422 457 501 532 6'8
551 476 622 531 ἐν
661 474 861 546 μήτρᾳ
893 474 1121 543 μητρός
1150 486 1288 525 σου.
1332 472 1445 525 Καὶ
1481 470 1640 523 τοῦτο
1672 468 1780 539 γὰρ

1918 482 2012 521 ero
2034 464 2234 519 furniat
2261 463 2401 518 Deus
2433 462 2485 516 in
2518 469 2675 516 utero
2705 460 2893 514 matris
2919 458 3218 523 hominem,
3251 457 3355 513 hoc
3385 465 3471 511 est

199 573 347 627 οὕτω
373 570 516 625 ϐέλει
541 567 877 638 γεγράφθαι.
902 566 1006 619 Τὸν
1032 564 1380 634 παράδεισον,
1406 563 1593 633 φησὶν.
1617 562 1784 630 ἀλλη-

1917 576 1936 612 1
2004 557 2276 628 paradiso,
2329 565 2387 610 ut
2436 554 2701 619 dicebam,
2753 561 2872 608 esto
2929 550 3213 620 paradisus
3253 558 3467 611 uterus,

201 665 383 735 γορῶν
414 666 442 717 6
704 636 803 728 τὴν
846 661 1058 729 μήτραν
1094 656 1349 727 εἴρηκεν,
1392 654 1552 725 εἴπερ
1585 653 1666 707 δεῖ
1706 652 1786 723 τῷ

1917 645 2047 701 idem
2076 654 2253 700 autem
2292 643 2439 713 regio
2480 642 2589 705 illa,
2624 640 2817 693 ﬂuvius
2868 639 3150 710 egrediens
3189 651 3254 692 ex
3300 636 3467 691 Edem

202 757 353 825 λόγῳ
384 751 682 807 πιστεύειν.
714 752 778 803 Et
806 750 864 803 δέ
899 748 1129 803 πλάσσει
1163 749 1192 799 ὁ
1220 747 1353 810 Θεὸς
1372 747 1431 798 ἐν
1466 747 1649 817 μήτρᾳ
1684 762 1788 815 μη‹

204 848 339 920 τρὸς
382 844 473 898 τὸν
526 842 848 914 ἄνθρωπον,
904 840 1183 893 τουτέστιν
1227 840 1286 891 ὲν
1330 837 1674 909 παραδείσῳ,
1712 836 1788 898 ὡς

209 939 351 1008 ἔφην
372 977 387 1002 ,
429 936 568 989 έστω
606 934 935 1004 παράδεισος
972 935 1005 1003 ὴ
1051 933 1235 1002 μήτρα
1255 971 1271 995 ,
1317 930 1477 1000 Ἐδέμ
1505 929 1562 981 δέ
1592 929 1652 982 :6
1683 945 1791 997 χω-

214 1027 353 1098 ρίον,
404 1023 670 1092 ποταμὸς
701 1019 1238 1089 ἐκπορευόμενος-⁸⁸
1282 1020 1352 1083 ἐξ
1413 1017 1582 1087 Ἐδέμ
1629 1015 1790 1069 ποτί-

213 1116 335 1176 ζειν
354 1115 399 1145 ⁸⁵
432 1112 539 1166 τόν
583 1110 952 1178 παράδεισον
988 1109 1016 1160 6
1054 1106 1318 1177 ὀμφαλός.
1350 1100 1515 1166 Οὗτος
1538 1144 1553 1166 ,
1588 1105 1752 1171 φησὶν
1774 1141 1790 1164 ,

212 1203 533 1274 ἀφορίζεται
557 1203 584 1253 ὁ
612 1199 854 1270 ὀμφαλὸς
887 1201 967 1261 είς
999 1197 1269 1267 τέσσαρας
1290 1195 1486 1267 ἀρχὰς,
1520 1193 1792 1262 ἑκατέρω-

214 1294 310 1347 θεν
345 1295 452 1363 γὰρ
485 1291 578 1345 τοῦ
610 1289 859 1361 ὀμφαλοῦ
888 1288 981 1342 δύο
1021 1288 1157 1341 εἰσίν
1184 1287 1446 1357 ἀρτηρίαι
1484 1300 1795 1355 παρατετα-

219 1382 442 1452 μένω-⁸⁸
464 1422 480 1448 ,
514 1380 692 1451 ὀχετοὶ
732 1378 1040 1448 πνεύματος
1059 1419 1074 1443 ,
1106 1378 1200 1430 καὶ
1232 1376 1326 1429 δύο
1353 1376 1582 1445 φλέϐες,
1616 1375 1796 1446 ὀχετοὶ

214 1474 469 1545 αἵματος.
515 1470 764 1523 Ἐπειδὰν
783 1470 827 1500 ⁸⁷
866 1468 922 1523 δὲ
944 1509 959 1534 ,
990 1468 1156 1537 φησὶν
1176 1509 1191 1534 ,
1233 1467 1341 1520 ἀπὸ
1368 1466 1462 1519 τοῦ
1503 1466 1661 1535 Ἐδέμ
1692 1484 1797 1535 χω-

219 1568 341 1637 ρίου
382 1563 813 1635 ἐκπορευόμενος
851 1564 879 1615 6
916 1560 1159 1630 ὀμφαλὸς
1192 1560 1373 1629 ἐμφυῇ
1411 1556 1489 1628 τῷ
1522 1556 1798 1627 γενομένῳ

220 1656 363 1711 κατά
403 1657 463 1708 τὸ
493 1654 879 1723 ἐπιγάστριον,
924 1651 984 1704 ὃν
1022 1648 1219 1713 κοινῶς
1266 1649 1467 1711 πάντες
1517 1662 1797 1716 προσαγο-

221 1754 473 1827 ρεύουσιν
504 1751 748 1822 ὀμφαλὸν
778 1751 915 1804 ⁸⁸η..

1887 741 1951 794 ad
1998 738 2333 807 irrigaudum
2384 735 2692 804 paradisum
2735 730 3039 785 umbilicus.
3094 730 3217 795 Hic,
3273 727 3466 796 inquit,

1888 832 2141 888 dividitur
2186 828 2468 883 umbilicus
2512 827 2564 881 in
2606 834 2836 895 quatuor
2873 823 3069 893 capita.
3108 822 3188 875 Ab
3245 830 3473 887 utraque

1893 924 2037 978 enim
2069 933 2221 990 parte
2248 918 2489 974 umbilici
2533 933 2653 987 quae
2685 924 2812 971 sunt
2846 913 3064 968 arteriae
3103 913 3259 983 juxta
3286 922 3472 976 tensae,

1891 1015 2107 1071 canales
2151 1013 2393 1083 spiritus,
2431 1021 2485 1066 et
2533 1011 2649 1065 duae
2692 1024 2863 1071 venze,
2906 1004 3125 1061 canales
3171 1001 3473 1071 sanguinis.

1894 1109 1996 1163 Ubi
2040 1117 2241 1171 autem,
2277 1104 2470 1172 inquit,
2507 1118 2571 1155 ex
2604 1101 2767 1154 Edem
2798 1099 3017 1168 regione
3042 1095 3324 1165 egrediens
3354 1109 3462 1145 um-

1895 1198 2086 1252 bilicus
2133 1198 2398 1250 iucrescet
2436 1193 2674 1246 nascenti
2711 1190 2855 1245 circa
2904 1177 3276 1258 epigaSIriuiu,
3316 1199 3475 1253 quem

1896 1288 2167 1342 communi
2201 1303 2296 1340 usu
2327 1285 2561 1338 universi
2606 1282 2877 1352 appellant
2924 1279 3236 1333 umbilicum
3278 1316 3292 1331 .
3337 1313 3352 1330 .
3397 1315 3412 1330 .
3460 1314 3475 1327 .

1897 1384 2014 1437 dum
2046 1394 2225 1436 autem
2252 1382 2354 1434 illa:
2402 1395 2569 1443 vente,
2600 1394 2696 1446 per
2736 1393 2869 1444 quas
2918 1374 3034 1428 ﬂuit
3090 1383 3144 1426 et
3200 1372 3370 1425 fertur
3410 1368 3479 1423 ab

1896 1473 2062 1528 Edem
2115 1474 2330 1541 regione
2383 1472 2599 1540 sanguis
2651 1484 2744 1538 per
2796 1476 3000 1537 portas,
3052 1478 3170 1533 quas
3225 1463 3478 1515 dicuntur
3562 1488 3569 1497 ι

1900 1564 2130 1632 liepatis,
2164 1579 2283 1632 quze
2332 1577 2560 1616 nascens
2612 1560 2803 1625 alunt;
2856 1557 3072 1611 arteria:
3123 1564 3301 1609 autem
3349 1552 3474 1615 illa',

1898 1671 2037 1725 quas
2084 1656 2317 1708 diximus
2363 1652 2576 1706 canales
2616 1665 2738 1705 esse
2785 1649 3081 1718 sanguinis,
3133 1647 3199 1699 ab
3247 1652 3478 1708 utraque

953 1750 1010 1803 αί
1042 1748 1099 1801 δὲ
1129 1748 1222 1801 δύο
1253 1747 1468 1817 φλέϐες,
1501 1746 1567 1800 δι’
1606 1740 1681 1798 ὧν
1712 1746 1798 1814 ῥεῖ

1917 1757 2051 1801 iarte
2077 1746 2334 1815 amplexae
2360 1746 2593 1800 vesicam
2626 1744 2771 1796 circa
2824 1742 3014 1811 pelvim
3052 1751 3300 1807 magnam
3332 1746 3482 1788 arte-

219 1855 319 1908 xat‘l.
344 1853 564 1924 φέρεται
587 1851 693 1905 ἀπὸ
711 1850 804 1904 τοῦ
845 1849 1006 1919 Ἐδὲμ
1032 1847 1124 1901 τοῦ
1158 1848 1360 1919 χωρίου
1391 1847 1452 1899 :6
1486 1841 1625 1917 αἷμα
1651 1846 1797 1900 κατά

1917 1838 2030 1894 iam
2059 1838 2395 1907 contingunt,
2424 1838 2524 1890 hoc
2574 1844 2656 1889 est
2700 1848 2819 1903 quae
2851 1847 2946 1900 per
2971 1832 3186 1883 dorsum
3246 1835 3478 1881 vocatur

219 1943 322 2005 τὰς
357 1939 698 2011 καλουμένας
730 1937 906 2000 πύλας
948 1936 1042 1989 τοῦ
1071 1936 1309 2006 ἥπατος,
1349 1935 1550 1996 αἵτινες
1578 1933 1639 1987 :6
1673 1952 1798 2004 γεν-

221 2034 463 2103 νώμενον
501 2031 788 2103 τρέφουσιν
810 2044 824 2059 ο
856 2028 913 2080 αί
940 2027 996 2079 δέ
1022 2026 1313 2097 ἀρτηρίαι,
1339 2024 1401 2087 6.;
1427 2024 1637 2096 ἔφημεν
1673 2027 1797 2096 όχε-

1898 1942 2124 1997 aortam,
2160 1939 2212 1985 et
2253 1930 2327 1984 ita
2379 1944 2475 1999 per
2517 1928 2652 1982 ostia
2706 1926 2759 1980 in
2808 1940 2903 1980 cor
2938 1934 3220 1993 permeans
3257 1917 3484 1987 spiritus

1901 2032 2101 2078 motum
2134 2022 2296 2077 ellicit
2342 2018 2694 2074 uteriuorum.
2736 2017 2866 2070 Dum
2902 2013 3046 2069 enim
3099 2011 3361 2064 formatur
3403 2006 3481 2058 in-

220 2099 350 2188 τούς
391 2099 871 2191 εἶναι’πνεύματος
892 2159 907 2183 ,
940 2118 1281 2188 ἑκατέρωθεν
1330 2118 1719 2189 περιλαϐοῦσαι
1747 2118 1793 2150 ⁶⁹

1917 2116 2020 2171 'ans
2080 2116 2130 2170 in
2178 2114 2448 2185 paradiso,
2501 2126 2673 2180 neque
2728 2124 2821 2163 ore
2877 2106 3191 2161 alimentum
3255 2099 3479 2168 accipit,

222 2218 326 2288 τὴν
372 2215 561 2269 κύστιν
592 2214 732 2267 κατὰ
769 2213 830 2266 :6
866 2212 1037 2264 πλατὺ
1067 2210 1293 2273 ὀστοῦν,
1325 2210 1461 2279 πρὸς
1492 2210 1591 2279 τὴν
1632 2209 1800 2280 μεγά-

222 2307 328 2377 λην
363 2304 723 2358 συνάπτουσιν
756 2302 1022 2373 ἀρτηρίαν
1048 2341 1062 2364 ,
1094 2300 1195 2371 τὴν
1236 2300 1379 2352 κατὰ
1415 2300 1571 2369 ῥάχιν
1606 2299 1801 2352 καλου-

228 2397 399 2466 μένην
430 2394 664 2465 ἀορτήν,
697 2392 792 2445 καὶ
829 2392 1001 2453 οὓτως
1043 2390 1131 2442 διὰ
1162 2387 1271 2441 τῶν
1324 2387 1659 2459 παραθύρων
1706 2387 1799 2440 ἐπὶ

224 2485 329 2557 τὴν
361 2485 587 2554 καρδίαν
634 2481 858 2536 όδεῦσαν
888 2480 950 2533 :6
991 2479 1208 2549 πνεῦμα
1255 2479 1471 2550 κίνησιν
1510 2478 1802 2547 ἐργάζεται

225 2575 340 2629 τῶν
370 2572 644 2645 ἐμϐρύων.
697 2570 1073 2641 Πλαττόμενον
1115 2568 1224 2640 γὰρ
1270 2569 1331 2621 :6
1371 2568 1569 2637 βρέφος
1619 2571 1675 2622 ἐν
1727 2568 1804 2639 τῷ

227 2666 549 2738 παραδείσῳ
577 2663 700 2717 οὔτε
727 2662 805 2733 τῷ
831 2662 1059 2732 στόματι
1084 2659 1290 2732 τροφὴν
1322 2660 1331 2727 1
1362 2659 1645 2730 λαμϐάνει,
1680 2659 1801 2713 οὔτε

225 2760 351 2821 ταῖς
387 2758 529 2827 ρισὶν
558 2755 815 2809 ἀναπνέει
839 2771 852 2785 ·
892 2755 950 2807 έν
978 2752 1165 2823 ὑγροῖς
1192 2753 1301 2821 γὰρ
1330 2751 1627 2822 ὑπάρχοντι
1656 2751 1804 2823 αὐτῷ

1910 2225 2085 2278 neque
2128 2209 2349 2262 naribus
2394 2207 2661 2275 respirat;
2708 2202 2760 2256 in
2795 2199 3026 2255 humidis
3066 2195 3210 2250 enim
3241 2188 3483 2247 versanti

1903 2311 2020 2355 erat
2088 2300 2136 2354 ei
2187 2311 2313 2353 ante
2365 2297 2527 2365 pedes
2585 2310 2730 2349 mors
2783 2292 2828 2348 si
2885 2288 3196 2359 respira'ret,
3235 2283 3485 2339 duxisset

1905 2394 2047 2447 enim
2076 2406 2139 2445 ex
2176 2390 2410 2444 humidis
2453 2397 2509 2442 et
2551 2394 2858 2457 peremptus
2902 2390 3065 2437 esset.
3107 2376 3484 2432 Verumenim-

1905 2495 2033 2535 vero
2091 2480 2516 2535 circumvolutus
2565 2488 2645 2531 est
2698 2486 2841 2530 totus
2900 2471 3101 2535 tunica,
3157 2483 3278 2539 quae
3338 2464 3484 2519 dici-

1907 2582 1993 2627 tur
2041 2572 2304 2635 amnium,
2348 2570 2513 2623 alitur
2569 2578 2748 2622 autem
2796 2581 2890 2635 per
2936 2562 3274 2623 umbilicum,
3300 2564 3356 2611 et
3384 2569 3484 2624 per

1909 2662 2289 2729 dorsalem,ut
2335 2663 2600 2728 dicebam,
2633 2660 2886 2715 arteriam
2932 2657 3152 2726 spiritus
3199 2648 3485 2706 rssentiam

1908 2755 2125 2826 accipit.

227 2853 386 2925 παρά
416 2852 581 2917 πόδας
618 2846 687 2923 ἦν
733 2852 762 2903 6
799 2849 1026 2911 Θάνατος
1066 2849 1115 2901 εί
1153 2847 1484 2900 ἀνέπνευσεν
1506 2862 1519 2875 ⁸
1556 2848 1903 2902 ἐπεσπάσατο
1955 2851 2063 2922 γὰρ
2095 2851 2162 2905 ἂν
2218 2849 2327 2904 ἀπὸ
2385 2848 2494 2902 τῶν
2529 2846 2710 2919 ὑγρῶν
2778 2844 2873 2899 καὶ
2906 2841 3138 2912 ἐφθάρη.
3179 2835 3340 2890 Ἀλλὰ
3374 2832 3485 2903 γὰρ

227 2949 354 3003 ὅλον
403 2945 822 3015 περιέσφιγκται
864 2941 942 3013 τῷ
990 2940 1311 3010 καλουμένῳ
1360 2938 1546 3009 χιτῶνι
1584 2940 1798 3011 ἁμνίῳ,
1837 2942 2095 3014 τρέφεται
2158 2943 2216 2997 δὲ
2238 2942 2305 2997 δι’
2343 2940 2588 3012 ὀμφαλοῦ
2617 2939 2710 2993 καὶ
2733 2938 2823 2990 διὰ
2890 2936 2989 3005 τῆς
3020 2931 3160 2987 κατά
3191 2929 3383 3001 ῥάχιν,
3409 2925 3485 2977 ὼς

228 3039 393 3111 ἔφην,
423 3038 522 3108 τὴν
546 3036 641 3089 τοῦ
671 3035 981 3105 πνεύματος
1010 3034 1197 3087 ούσίαν
1223 3033 1505 3103 λαμϐάνει.

306 3151 384 3225 [β.
422 3150 540 3206 169.
575 3147 721 3221 170]
757 3148 838 3203 ιε’.
887 3147 944 3200 Ὀ
982 3143 1075 3201 οῦν
1108 3147 1383 3217 ποταμὸς,
1432 3147 1595 3218 φησὶν
1617 3186 1631 3211 ,
1659 3147 1687 3199 6
1720 3148 1806 3199 ἐκ-

1982 3144 2338 3218 246ο247
2375 3144 2463 3198 15.
2502 3143 2721 3198 Fluvius
2748 3140 2942 3208 igitur,
2975 3138 3169 3206 inqmt,
3202 3132 3488 3204 egrediens

231 3246 603 3318 πορευόμενος
634 3242 696 3306 ἐξ
736 3240 898 3312 Ἐδέμ
935 3240 1014 3303 είς
1052 3239 1328 3311 τέσσαρας
1366 3238 1686 3308 ἀφορίζεται
1714 3238 1812 3304 ἀρ-

230 3335 359 3406 χὰς,
384 3334 603 3405 ὀχετοὺς
643 3334 946 3405 τέσσαρας,
991 3331 1271 3385 τουτέστιν
1304 3332 1383 3394 είς
1426 3333 1701 3400 τέσσαρας
1725 3329 1818 3396 ξαί-

236 3424 463 3495 σθήσεις
486 3423 581 3477 τοῦ
607 3424 966 3493 γεννωμένου,
989 3424 1200 3494 ὅρασιν,
1233 3422 1492 3494 dum-qv",
1522 3421 1814 3493 ὄσφρησιν,

235 3515 431 3584 γεῦσιν
464 3515 561 3570 καὶ
593 3516 760 3587 ἁφήν.
789 3514 1003 3577 Ταύτας
1025 3515 1132 3584 γὰρ
1161 3514 1273 3584 ἔχει
1308 3514 1474 3583 μόνας
1499 3513 1595 3575 τὰς
1626 3511 1819 3582 αἰσθή-

238 3620 359 3667 σεις
392 3605 450 3656 ἐν
482 3603 559 3674 τῷ
592 3603 902 3674 παραδείσῳ
934 3602 1309 3671 πλασσόμενον
1344 3602 1403 3655 :6
1436 3602 1666 3656 παιδίον.
1711 3594 1817 3654 Οὖ-

235 3714 369 3765 τος,
423 3698 626 3769 φησὶν,
676 3698 823 3751 ἐστὶν
866 3699 893 3751 6
926 3697 1117 3767 νόμος,
1159 3696 1219 3749 ὃν
1249 3696 1411 3767 ἔθηκε
1456 3696 1692 3767 Μωσῆς,
1726 3697 1818 3750 καὶ

242 3790 388 3860 πρὸς
416 3789 608 3842 τοῦτον
634 3789 796 3841 αὑτὸν
817 3790 907 3842 τὸν
937 3790 1100 3860 νόμον
1124 3788 1435 3859 γέγραπται
1462 3788 1570 3840 τῶν
1602 3788 1819 3858 βιϐλίων

241 3880 509 3943 ἕκαστον,
560 3881 636 3943 ὡς
679 3882 735 3933 αί
776 3880 818 3911 τί
862 3881 1167 3951 ἐπιγραφαὶ
1210 3878 1451 3949 δηλοῦσι.
1492 3878 1565 3931 T6
1604 3878 1820 3948 πρῶτον

244 3969 451 4040 βιϐλίον
480 3970 725 4033 Γένεσιςο
759 3970 943 4041 ἤρκει,
970 3972 1124 4042 φησὶ,
1154 3970 1292 4039 πρὸς
1325 3969 1527 4038 γνῶσιν
1557 3969 1662 4021 τῶν
1684 3969 1821 4021 ὅλων

241 4060 281 4130 ἠ
313 4059 591 4131 ἐπιγραφὴ
629 4059 725 4113 τοῦ
759 4061 984 4129 βιϐλίου.
1028 4060 1175 4130 Δῦτη
1204 4059 1344 4130 γὰρ,
1385 4059 1581 4129 φησὶν,
1615 4057 1818 4127 ἐστὶνή

240 4148 466 4214 Γένεσις
498 4151 718 4222 ὅρασις,
752 4154 830 4215 είς
871 4152 937 4221 ἢν
970 4149 1287 4221 ἀφορίζεται
1342 4150 1590 4222 ποταμοῦ
1646 4149 1822 4221 σχίσις

239 4245 276 4313 ἡ
335 4242 450 4314 μία.
486 4243 715 4314 Ἐθεάθη
754 4245 861 4316 γὰρ
903 4247 932 4297 6
976 4244 1179 4313 κόσμος
1222 4245 1279 4298 ἐν
1330 4244 1540 4313 ὁράσει.
1594 4244 1657 4297 Ἠ
1701 4246 1821 4297 ἐπι-

240 4334 436 4406 γραφὴ
454 4334 499 4366 ⁷³
531 4334 733 4405 βιϐλίου
759 4335 1012 4407 δευτέρου
1040 4335 1281 4402 Ἔξοδος.
1318 4335 1464 4388 Ἔδει
1486 4334 1595 4406 γὰρ
1623 4335 1683 4388 :6
1701 4352 1825 4402 γενε-

242 4424 444 4497 νηθὲν,
474 4426 575 4497 τὴν
612 4425 880 4497 Ἐρυθρὰν
910 4425 1187 4479 διοδεῦσαν
1227 4425 1504 4479 Θάλασσαν
1529 4425 1575 4459 ⁷³
1597 4463 1613 4488 ,
1647 4424 1824 4476 ἐλῡεῖν

1916 3250 1981 3291 ex
2012 3238 2175 3291 Edem
2218 3237 2473 3291 dividitur
2514 3235 2572 3289 in
2602 3242 2833 3302 quatuor
2870 3230 3066 3297 capita,
3101 3225 3318 3280 canales
3348 3239 3487 3292 qua-

1915 3337 2059 3393 tuor,
2097 3329 2201 3383 hoc
2237 3336 2321 3383 est
2351 3328 2403 3381 in
2432 3336 2668 3397 quatuor
2698 3338 2891 3379 sensus
2922 3320 3066 3384 nati,
3098 3319 3270 3371 visum
3290 3357 3306 3381 ,
3335 3316 3490 3369 audi-

1917 3434 2053 3491 tum,
2095 3423 2350 3478 olfactum
2383 3461 2398 3485 ,
2434 3430 2647 3489 gustum
2672 3426 2727 3472 et
2766 3425 2988 3470 tactum.
3023 3413 3132 3466 llos
3168 3410 3310 3466 enim
3343 3410 3490 3463 solos

1917 3516 2081 3572 habet
2115 3529 2309 3569 sensus
2343 3513 2394 3567 in
2419 3508 2961 3582 paradiso'liguratus
2988 3502 3183 3558 infans.
3228 3499 3353 3555 Haec
3382 3510 3486 3567 est,

1918 3603 2113 3675 inquit,
2147 3602 2228 3656 lex
2263 3617 2423 3670 quam
2458 3599 2633 3669 posuit
2658 3596 2832 3651 Moses
2864 3602 2918 3648 et
2952 3592 3018 3647 ad
3053 3592 3191 3646 hanc
3218 3590 3386 3659 ipsam
3416 3590 3491 3643 le-

1920 3713 2040 3767 gem
2077 3694 2265 3763 scripti
2305 3703 2429 3749 sunt
2464 3690 2661 3759 singuli
2692 3687 2813 3742 libri
2836 3725 2853 3749 ,
2885 3695 2940 3739 ut
2984 3682 3365 3750 inscriptiones
3391 3679 3492 3732 de.

1918 3788 2149 3843 clarant.
2184 3784 2395 3840 Primus
2418 3782 2553 3837 liber
2570 3780 2814 3836 Genesis.
2842 3775 3171 3841 Sulliciebat,
3198 3772 3392 3840 inquit,
3424 3770 3493 3824 ad

1920 3878 2280 3948 cognitionem
2307 3875 2569 3928 universa:
2596 3870 2671 3924 rei
2701 3867 2978 3936 inscriptio
2999 3864 3142 3918 libri.
3170 3861 3292 3916 liene
3320 3863 3490 3921 enim,

1924 3970 2118 4039 inquit,
2152 3978 2234 4022 est
2267 3964 2494 4020 Genesis
2532 3962 2709 4025 visus,
2756 3960 2808 4013 in
2842 3974 3000 4027 quem
3038 3955 3295 4009 dividitur
3344 3952 3493 4006 ﬂuvii

1922 4059 2093 4115 sectio
2131 4073 2253 4109 una.
2282 4055 2613 4121 Conspectus
2647 4049 2789 4103 enim
2813 4057 2894 4101 est
2920 4046 3153 4098 muudus
3181 4058 3275 4110 per
3296 4041 3491 4094 visum.

1924 4148 2216 4218 Inscriptio
2257 4160 2442 4199 rursus
2490 4141 2712 4196 alterius
2770 4138 2888 4192 libri
2932 4136 3168 4191 Exodus.
3201 4130 3499 4199 Oportebat

1924 4240 2066 4295 enim
2095 4238 2144 4290 id
2166 4235 2306 4305 quod
2325 4243 2508 4286 natum
2542 4238 2660 4285 erat
2689 4238 2966 4299 permeato
2996 4224 3136 4278 mari
3162 4220 3347 4275 Rubro
3373 4234 3498 4288 per-

1925 4330 2111 4385 venire
2147 4329 2200 4383 in
2232 4328 2499 4380 desertum
2536 4314 2707 4393 (mare
2734 4318 2974 4373 Rubrum
3003 4311 3495 4380 autem,inquiuut,

1926 4424 2058 4479 dicit
2079 4416 2434 4490 sanguinem)
2460 4424 2514 4469 et
2538 4424 2753 4483 gustare
2781 4424 3020 4465 amaram
3046 4419 3262 4475 aquam.
3298 4402 3496 4455 Amara

240 4493 348 4574 ἐπὶ
369 4519 467 4591 τὴν
497 4493 699 4590 ἔρημον
722 4493 1019 4591 (Ἐρυθρὰν
1047 4519 1104 4573 δὲ
1134 4520 1316 4589 λέγει,
1347 4520 1481 4589 φασὶ
1499 4559 1514 4584 ,
1545 4518 1607 4570 τὸ
1635 4511 1806 4587 αἷμα).

1921 4517 2086 4579 enim,
2123 4511 2314 4579 inquit.
2348 4519 2432 4563 est
2456 4521 2619 4575 aqua,
2642 4518 2763 4573 qua:
2794 4511 2876 4557 est
2906 4508 3027 4569 post
3056 4510 3206 4552 mare
3229 4493 3496 4557 Rubrum,

242 4611 348 4665 καὶ
367 4610 661 4678 γεύσασθαι
696 4611 891 4681 πικρὸν
915 4609 1079 4681 ὕδωρ.
1108 4610 1309 4682 Πικρὸν
1332 4610 1460 4682 γὰρ,
1491 4609 1673 4679 φησὶν,
1703 4609 1819 4661 ἐστὶ

241 4698 311 4753 :6
342 4696 485 4768 ὕδωρ
507 4698 570 4751 τὸ
600 4698 737 4769 μετὰ
769 4701 869 4771 τὴν
910 4698 1179 4770 Ἐρυθρὰν
1211 4698 1515 4765 θάλασσαν,
1544 4700 1683 4770 ὅπερ
1726 4700 1818 4751 ἐσ-

241 4792 337 4844 τὶν
364 4788 478 4853 ὁδὸς
512 4790 610 4861 τῆς
641 4790 784 4845 κατά
822 4792 914 4844 τὸν
954 4790 1067 4860 βίον
1098 4790 1350 4859 γνώσεως
1393 4791 1501 4844 τῶν
1544 4790 1819 4844 ἐπιπόνων

242 4882 544 4953 ὁδευομένη
575 4883 687 4953 ικαὶ
739 4883 971 4953 πικρῶν.
1008 4882 1253 4954 Στραφέν
1280 4881 1337 4935 δέ
1380 4881 1485 4934 ὑπὸ
1535 4881 1777 4943 Μωσέως
1801 4919 1817 4945 ,

1925 4622 2046 4677 quae
2083 4605 2300 4674 quidem
2342 4614 2421 4657 est
2457 4599 2598 4669 quod
2626 4595 2910 4653 coniicitur
2945 4593 3046 4646 iter
3085 4603 3180 4658 per
3210 4586 3375 4640 vitam
3406 4594 3501 4637 co‘

1925 4695 2183 4765 gnitionis
2220 4704 2664 4747 aerumnosorum
2711 4695 2765 4740 et
2792 4697 3126 4738 amarorum.
3156 4679 3492 4733 Conversum

1926 4796 2104 4842 autem
2138 4801 2166 4838 a
2193 4785 2357 4847 Mess,
2388 4783 2488 4837 hoc
2514 4788 2598 4836 est
2644 4794 2673 4831 a
2702 4778 2841 4846 logo,
2876 4788 3117 4830 amarum
3148 4769 3278 4824 illud
3304 4766 3494 4823 evadet

1928 4880 2104 4934 dulce.
2139 4876 2209 4931 Et
2237 4876 2350 4931 hmc
2377 4875 2450 4930 ita
2477 4889 2538 4929 se
2567 4872 2770 4927 habere
2796 4868 2953 4938 vulgo
2979 4866 3103 4921 licet
3135 4862 3204 4918 ab
3233 4858 3501 4916 universis

1523 5074 1758 5133 VARIAS
1798 5072 2094 5130 LECTION
2103 5071 2209 5128 ES.

333 5241 376 5275 ⁶¹
397 5240 545 5296 Fort.
577 5239 673 5295 cl'r.
700 5238 899 5295 Jerem.
927 5255 967 5304 ι,
1001 5237 1035 5292 5
1064 5255 1077 5292 :
1111 5237 1226 5307 Πρὸ
1248 5235 1343 5290 τοῦ
1371 5252 1438 5307 με
1459 5234 1662 5307 πλάσαι
1699 5251 1759 5288 σε
1785 5234 1843 5307 ἐν
1872 5232 2088 5307 κοιλίᾳ.-
2133 5228 2557 5307 θδόειλάσωνμῦ.
2582 5295 2594 5307 _
2629 5225 2676 5257 “
2700 5225 2784 5280 Cl‘.
2810 5222 2994 5307 I.MOS'.
3029 5237 3093 5285 ιι,
3254 5217 3505 5307 Ποεαμὲς

250 5312 315 5366 δὲ
344 5288 783 5381 ιὶάήἕέῡὲῖάίέἐ
1006 5288 1271 5381 ⁷ποτίζειν
1290 5288 1392 5360 *τὸν
1402 5288 1746 5381 παράδεισον
1769 5321 1783 5335 ο
1816 5288 2042 5381 ἐκεῖθεν.
2065 5299 2383 5381 ἀφορίζεται
2429 5300 2509 5362 είς
2537 5295 2805 5381 τέσσαρας

3132 5291 3177 5323 ⁸⁸
3204 5286 3417 5352 ποτίζει
3437 5289 3501 5342 C.

244 5383 305 5449 f‘
337 5360 817 5450 παρατεταγμένάι
842 5360 905 5442 C,
924 5360 1009 5445 7M,
1086 5360 1755 5450 στξῌπειταῖ-ἐμφύεται
1785 5360 2594 5450 signalacunas.oniisstisu'sp.‘
2613 5360 2819 5450 Christ.
2849 5360 3124 5450 [δοιοί-59η,
3148 5360 3270 5443 coll:
3296 5360 3503 5450 Galerio

259 5454 320 5504 in
355 5445 608 5519 Hippocr.
632 5445 719 5503 ὀε
754 5449 1016 5520 Alimenta
1040 5465 1095 5520 p.
1123 5446 1230 5520 390
1254 5449 1340 5520 ed.
1368 5445 1662 5520 Chart._v1_,

1701 5461 1754 5513 p.
1784 5433 1885 5499 58⁵1
1916 5442 2097 5513 Ralm.
2133 5456 2260 5513 xv.__
2299 5437 2344 5470 “
2376 5433 2998 5513 §igitavimus_lacunani
3021 5433 3132 5513 hoc
3154 5433 3503 5513 potiusnloeo

1259 5497 1339 5548 vi?"
1358 5497 1894 5589 1:59:1d606'qgttapiév
1913 5508 2283 5589 la6o§aat__C,
2314 5497 2675 5589 συλλᾷϐοῦσαι
2700 5504 2773 5589 Μ’,
2808 5497 3209 5589 μεταλμϐοῦσαι
3239 5499 3302 5554 R.
3345 5497 3502 5589 Scot:

249 5566 376 5681 ⁵ίίιε.
412 5566 821 5681 ητῗὶροιεηᾶυηι
843 5566 1253 5658 Γτίικᾶὴνξίιῖὲει
1283 5566 1629 5656 sequentibus
1670 5566 1873 5654 liquido
1912 5566 2157 5653 apparet.
2188 5580 2233 5633 M
2259 5566 2283 5646 ;’
2313 5579 2455 5647 quod
2504 5591 2660 5630 secus
2685 5566 2785 5629 est.
2808 5566 2821 5575 ’
2859 5575 2902 5605 ⁷⁸
2936 5575 2992 5626 αί
3018 5582 3142 5625 ante
3192 5566 3502 5641 ἐπιγραφαὶ

270 5672 358 5681 ΑΜ
651 5659 697 5681 ιη
732 5660 794 5681 ιη
825 5657 1099 5681 x-.-.-..-_1.
1157 5652 1219 5681 ιε
1250 5655 1431 5681 -.-...-Δ.
1454 5655 1493 5681 ρ
1556 5651 1621 5681 Ax
1648 5655 1922 5681 ι-...,....-.ι.
2135 5649 2179 5681 u
2283 5649 2328 5681 ἠ
2362 5647 2430 5681 ΙΤ
2473 5661 2594 5681 num
2635 5646 2715 5681 hic
2746 5644 2782 5681 ll
2816 5642 2928 5681 “nn
2981 5658 3067 5681 vv-
3104 5640 3296 5681 9.9.9ﬂ

252 5640 384 5722 ῗέἱιὶι.
412 5658 477 5725 c,
507 5640 1433 5729 ti."'1'i"'nsmpaeq.asypth
1454 5655 1517 5721 c,
1546 5651 1622 5709 Αῡ
1647 5640 1925 5724 ἐπίγραφὴ
1946 5640 2100 5721 's'usp.
2134 5649 2203 5703 Μ.
2260 5640 2444 5702 πει.
2473 5661 2595 5702 cum
2635 5646 2716 5701 his
2745 5644 2784 5731 ιι
2815 5642 2949 5700 Mos.
2981 5658 3071 5708 xv,
3104 5640 3301 5695 22—26.
