3804 6220
154 226 271 300 3219

1219 237 1520 295 CONTRA
1560 234 1919 295 HIERESES
1957 237 2100 295 LIB.
2141 237 2239 296 VI.

3187 217 3325 294 3220

154 333 452 415 ἐξεικονισθῇ.
489 345 649 415 Τρεῖς
677 345 817 414 γὰρ,
856 325 1049 414 φησὶν,
1085 345 1221 398 εἰσὶν
1266 345 1498 408 ἑστῶτες
1520 385 1534 408 ,
1568 345 1663 397 καὶ

1787 346 1929 399 ιίιιιτ.
1970 346 2106 400 Tres
2132 345 2274 400 enim
2309 351 2434 398 sunt
2456 381 2471 407 ,
2515 343 2709 413 inquit,
2741 343 2830 412 qui
2855 352 3019 409 stant,
3050 359 3167 408 nee,
3197 346 3328 414 quin

152 438 260 489 ἄνευ
283 435 362 488 τοῦ
388 438 529 505 τρεῖς
571 432 710 489 εἶναι
760 435 1001 499 ἑστῶτας
1044 435 1245 499 αἰῶνας
1277 436 1337 488 οὐ
1380 437 1664 506 κοσμεῖται

1787 437 1870 491 sint
1927 447 2037 494 tres
2074 450 2251 492 aeones
2279 435 2370 505 qui
2404 443 2548 490 stant
2572 477 2587 500 ,
2622 437 2916 489 adornatur
2941 445 3226 504 generatus
3261 437 3330 499 is,

149 530 174 582 ὁ
200 527 411 598 γέννητος
429 529 474 561 ⁸⁸
500 530 529 580 ὁ
569 529 690 581 κατ’
729 529 927 591 αὐτοὺς
953 527 1046 580 ἐπὶ¹
1075 527 1172 580 τοῦ
1205 526 1394 590 ὓδατος
1428 527 1663 597 φερόμε-

147 637 250 684 νος,
278 623 302 676 ὁ
323 621 427 674 καθ’
451 619 711 690 ὁμοίωσιν
736 620 1227 691 ἀναπεπλασμένος
1255 620 1460 684 τέλειος
1481 619 1666 691 ἐπ[ου-

146 711 354 784 ράνιοςι,
391 714 506 765 κατ’
555 712 811 781 οὐδεμίαν
827 710 871 743 ⁸⁷
919 713 1160 765 ἐπίνοιαν
1200 711 1537 781 ἐνδεέστερος
1569 710 1668 780 τῆς

145 802 396 872 ἁγεννήτου
424 801 706 872 δυνάμεως
755 802 1065 872 γενόμενος,
1105 801 1382 854 τουτέστιν
1429 801 1457 854 ὃ
1489 803 1668 868 λέγου-

144 911 220 947 σιν
239 910 252 922 '
283 893 404 962 Ἐγὼ
426 894 521 948 καὶ
547 896 611 948 σὺ
639 894 717 959 ἓν,
745 895 851 966 πρὸ
873 894 1008 966 ἐμοῦ
1034 895 1121 958 σὺ,
1142 895 1203 946 τὸ
1217 895 1262 926 ⁸⁸
1290 886 1427 963 μετὰ
1453 895 1510 946 σὲ
1537 892 1666 961 ἐγώ.

141 979 300 1053 Αὕτη,
341 985 530 1056 φησὶν,
576 986 695 1038 ἐστὶ
735 985 963 1056 δύναμις
1010 986 1136 1057 μία,
1189 985 1489 1058 διῃρημένη
1521 985 1668 1047 ἄνω,

140 1075 293 1142 κάτω,
336 1076 492 1146 αὐτὴν
530 1075 798 1144 γεννῶσα,
835 1076 1003 1146 αὐτὴν
1039 1075 1297 1140 αὔξουσα,
1358 1075 1526 1144 eum
1577 1072 1673 1141 ζη-

138 1169 305 1233 τοῦσα,
331 1168 489 1238 αὐτὴν
515 1167 862 1238 εὐρίσκουσα,
891 1167 1062 1234 αὐτῆς
1102 1168 1282 1237 μήτηρ
1317 1161 1471 1230 οὖσα,
1503 1165 1673 1233 αὐτῆς

138 1259 318 1332 πατὴρ,
351 1260 510 1330 αὐτῆς
543 1259 771 1329 ἀδελφὴ,
805 1251 972 1328 αὐτῆς
1009 1257 1258 1325 σύζυγος,
1303 1256 1474 1324 αὐτῆς
1511 1255 1676 1322 θυγά-

134 1371 250 1423 τηρ,
273 1352 422 1423 αὐτῆς
451 1351 589 1418 υἱὸς,
615 1353 823 1423 μήτηρ,
857 1350 1060 1421 πατὴρ,
1085 1349 1161 1414 ἐν,
1193 1345 1326 1402 οὖσα
1345 1348 1392 1378 θ’
1422 1347 1546 1419 ῥίζα
1571 1347 1676 1400 τῶν

133 1444 275 1498 ὅλων.

199 1536 296 1588 Καὶ
318 1535 425 1598 ὅτι,
455 1535 621 1605 φησὶν
642 1577 655 1597 ,
695 1533 807 1586 ἀπὸ
838 1533 1008 1602 πυρὸς
1039 1533 1072 1602 ἡ
1101 1531 1246 1602 ἀρχὴ
1277 1533 1375 1602 τῆς
1412 1531 1678 1599 γενέσεώς

128 1627 242 1678 ἐστι
275 1624 371 1677 τῶν
404 1623 478 1696 [ῃ.
513 1622 836 1692 PII—175.]
886 1620 1271 1692 γεννωμένων,
1307 1621 1549 1676 τοιοῦτον
1588 1638 1679 1675 κα-

1765 529 1858 598 qni
1889 529 2181 582 secundum
2211 527 2332 582 illos
2362 542 2523 597 super
2549 543 2742 597 aquam
2765 527 2956 594 fertur,
2983 536 3237 597 tanquam
3263 521 3331 582 ad

1766 620 2172 676 similitudinem
2199 618 2422 676 relictus
2448 619 2720 688 perfectus
2752 620 3024 682 ccelestis,
3063 621 3157 689 qui
3189 621 3331 675 nulla

1769 711 1980 765 ratione
2009 710 2234 766 inferior
2263 725 2422 779 quam
2452 725 2556 764 non
2599 719 2851 780 generata
2884 711 3333 781 potestas-factus

1771 812 1874 856 est.
1904 802 2016 856 lloc
2042 812 2125 857 est
2154 804 2296 871 quod
2332 802 2484 856 aiunt
2511 821 2522 856 :
2557 803 2665 872 Ego
2693 811 2749 856 et
2789 815 2842 858 tu
2876 817 3062 866 unum,
3097 817 3221 859 ante
3250 807 3335 860 me

1773 896 1850 958 tu,
1881 895 1934 948 id
1972 894 2117 963 quod
2162 902 2281 960 post
2319 903 2370 949 te
2403 909 2522 962 ego.
2556 894 2702 960 Haec,
2737 895 2907 965 inquit
2935 935 2952 962 ,
2985 907 3068 952 est
3099 906 3337 966 potestas

1773 1002 1902 1052 una,
1929 985 2124 1050 divisa,
2156 999 2406 1054 superne,
2443 985 2669 1052 inferne,
2697 993 2868 1042 semet
2897 989 3142 1060 gignens,
3167 997 3338 1045 semet

1774 1079 1949 1144 alens,
1973 1089 2144 1133 semet
2171 1094 2442 1148 quaerens,
2486 1088 2660 1134 semet
2706 1079 2978 1148 reperiens
3002 1122 3017 1145 ,
3053 1083 3134 1136 sui
3171 1083 3339 1152 ipsius

1776 1177 1967 1234 mater,
1997 1171 2081 1224 sui
2120 1170 2288 1238 ipsius
2316 1179 2488 1239 pater,
2527 1172 2608 1224 sui
2643 1172 2811 1238 ipsius
2839 1187 3017 1237 soror,
3057 1173 3139 1228 sui
3173 1175 3339 1244 ipsius

1775 1259 1991 1328 conjux,
2027 1260 2110 1314 sui
2141 1258 2309 1335 ipsius
2337 1257 2466 1324 ﬁlia,
2502 1260 2585 1313 sui
2618 1261 2784 1329 ipsius
2812 1259 2974 1328 ﬁlius,
3015 1272 3213 1332 mater,
3245 1279 3340 1335 pa-

1778 1361 1880 1417 ter,
1910 1367 2096 1418 unum,
2134 1334 2254 1405 cum
2281 1351 2352 1406 sit
2397 1351 2546 1406 radix
2579 1352 2840 1408 omnium.

1849 1530 1916 1586 Et
1945 1547 2012 1586 ex
2058 1532 2179 1603 igne
2223 1533 2353 1588 oriri
2395 1533 2711 1602 principium
2761 1537 3123 1604 generationis
3153 1543 3341 1596 eorum

1780 1635 1899 1693 qua
1918 1634 2244 1693 generantur
2265 1622 2610 1694 250-251
2643 1627 2694 1679 in
2726 1626 2866 1682 hunc
2889 1625 3002 1682 fere
3025 1628 3211 1686 deﬁnit
3228 1649 3344 1686 mo-

123 1716 347 1769 τανόει⁹⁶
377 1717 496 1770 τινὰ
523 1715 726 1787 τρόπον
789 1715 1046 1779 Πάντων,
1080 1715 1221 1768 ὅσων
1250 1714 1465 1782 γένεσίς
1503 1716 1675 1780 ἐστιν,

1787 1717 1936 1769 dum:
1965 1715 2241 1779 Omnium,
2272 1732 2713 1786 quorumcunque
2743 1720 3016 1789 generatio
3051 1732 3247 1787 exstat,
3279 1724 3345 1778 ab

125 1807 232 1860 ἀπὸ
260 1808 412 1877 πυρὸς
437 1808 470 1874 ή
497 1807 640 1879 ἀρχὴ
673 1807 772 1876 τῆς
799 1805 1094 1876 ἐπιθυμίας
1116 1807 1216 1873 τῆς
1237 1805 1503 1873 γενέσεως
1523 1806 1563 1836 ³³
1592 1804 1677 1872 γί-

121 1916 283 1954 vetat;
317 1899 611 1970 Τοιγαροῦν
660 1898 966 1970 πυροῦσθαι
1005 1899 1064 1952 τὸ
1093 1897 1103 1968 Ι
1134 1898 1424 1968 ἐπιθυμεῖν
1451 1897 1548 1967 τῆς
1583 1915 1678 1968 με-

121 1991 379 2062 ταϐλητῆς
408 1991 676 2060 γενέσεως
712 1988 1060 2060 ὀνομάζεται.
1106 1988 1204 2044 Ἒν
1241 1989 1298 2044 δὲ
1319 1989 1438 2042 ὃν⁹¹
1468 1988 1530 2042 τὸ
1567 1989 1677 2060 πῦρ

118 2084 321 2153 τροπὰς
366 2082 652 2153 στρέφεται
686 2077 778 2134 δύο
801 2081 868 2136 ⁸³.
903 2081 1204 2151 Στρέφεται
1244 2081 1373 2152 γὰρ,
1405 2079 1590 2150 φησὶν,
1621 2081 1679 2133 ἐν

116 2174 195 2244 τῷ
223 2174 366 2245 ἀνδρὶ
398 2175 458 2226 τὸ
497 2170 668 2243 αἷμα,
718 2173 812 2226 καὶ
842 2172 1044 2242 θερμὸν
1093 2172 1186 2225 καὶ
1224 2172 1416 2238 ξανθὸν
1445 2173 1520 2236 ὡς
1568 2172 1678 2242 πῦρ

115 2267 475 2335 τυπούμενον,
514 2267 593 2328 εἰς
642 2264 885 2334 σπέρμα,
925 2265 984 2317 ἐν
1015 2264 1072 2316 δὲ
1099 2267 1166 2335 τῇ
1206 2264 1427 2331 γυναικὶ
1457 2264 1518 2316 τὸ
1548 2264 1678 2316 αὐτὸ

111 2354 269 2410 τοῦτο
299 2351 431 2426 αἷμα
473 2357 553 2416 εἰς
592 2355 754 2423 γάλα.
810 2356 920 2408 Καὶ
959 2355 1171 2423 γίνεται
1219 2356 1254 2426 ἡ
1309 2354 1403 2407 τοῦ
1451 2354 1679 2426 ἄρρενος

111 2450 286 2521 τροπὴ
316 2451 526 2519 γένεσις
544 2449 626 2513 ⁸⁸,
656 2450 692 2519 ὴ
729 2448 787 2502 δὲ
825 2447 924 2519 τῆς
961 2441 1184 2518 θηλείας
1220 2447 1396 2519 τροπὴ
1440 2447 1615 2518 τροφὴ
1634 2449 1680 2480 u

108 2540 190 2611 τῷ
217 2541 556 2612 γεννωμένῳ.
590 2539 761 2610 Αὕτη,
796 2540 984 2608 φησὶν,
1013 2539 1160 2591 ἐστὶν
1190 2539 1228 2606 ἡ
1259 2539 1518 2607 salarii-11
1544 2541 1684 2606 ῥομ-

105 2631 318 2701 φαίάθθ
357 2632 393 2698 ἡ
442 2629 816 2700 στρεφομένη
850 2628 1199 2698 φυλάσσειν
1241 2628 1355 2696 τὴν
1401 2628 1546 2682 ὁδὸν
1576 2628 1683 2682 τοῦ

105 2726 300 2788 ξύλου
321 2723 430 2792 τῆς
449 2723 618 2793 ζωῆς.
647 2722 947 2794 Στρέφεται
974 2721 1083 2791 γὰρ
1106 2722 1165 2773 τὸ
1189 2715 1332 2791 αἷμα
1357 2723 1436 2785 εἰς
1463 2721 1684 2791 σπέρμα

103 2817 202 2868 καὶ
234 2815 392 2883 γάλα,
443 2815 535 2868 καὶ
579 2815 788 2882 γίνεται
827 2815 860 2883 ἡ
899 2811 1129 2881 δύναμις
1167 2810 1305 2882 αὐτη
1353 2813 1536 2883 μήτηρ
1590 2806 1684 2864 καὶ

101 2905 313 2979 πατὴρ,
367 2904 549 2977 πατὴρ
582 2903 690 2958 τῶν
709 2906 753 2935 ³⁷
789 2900 1122 2972 γινομένων,
1165 2902 1260 2955 καὶ
1316 2900 1544 2973 αὔξησις
1576 2902 1698 2955 τῶν,

97 2996 480 3069 τρεφομένων,
521 2995 847 3067 ἀπροσδεὴς,
894 2993 1200 3063 αὐτάρκης.
1238 2991 1574 3045 Φυλάσσεται
1605 2991 1681 3056 δὲ,

98 3091 265 3161 φησὶ,
300 3090 361 3161 τὸ
394 3089 551 3154 Ξύλον
587 3088 689 3157 τῆς
727 3085 874 3155 ζωῆς
903 3084 993 3138 διὰ
1015 3084 1116 3152 τῆς
1151 3082 1524 3153 στρεφομένης
1555 3082 1681 3152 φλο-

94 3160 265 3254 γίνης
301 3160 598 3254 ῥομφαίας,
629 3177 704 3242 ὡς
731 3181 1052 3248 εἰρήκαμεν,
1088 3177 1119 3243 ἠ
1159 3174 1388 3243 δύναμις
1416 3175 1448 3242 ἡ
1481 3173 1682 3242 ἑϐδόμη

88 3281 130 3348 ἡ
159 3277 224 3342 ἐξ
254 3273 450 3345 αὐτῆς,
485 3276 517 3344 ή
553 3274 758 3334 πάντας
793 3270 1009 3340 ἔχουσα,
1105 3269 1163 3319 ἐν
1186 3269 1309 3329 ταῖς
1343 3265 1403 3328 ἒξ
1439 3282 1685 3318 κατακει-

92 3367 243 3438 μένη
277 3363 594 3434 δυνάμεσιν.
647 3361 772 3415 Ἐὰν
801 3359 909 3430 γὰρ
944 3357 1017 3428 μὴ
1054 3355 1354 3426 στρέφηται
1384 3357 1416 3424 ἡ
1456 3354 1680 3423 φλογίνη

88 3454 373 3526 ῥομφαία,
407 3451 747 3521 φθαρήσεται
777 3450 870 3501 καὶ
897 3448 1174 3500 ἀπολεῖται
1207 3446 1268 3497 τὸ
1304 3443 1467 3496 καλὸν
1505 3445 1684 3495 έκεῖνο

88 3544 290 3608 ξύλον·
324 3541 424 3595 ἐὰν
461 3541 518 3593 δὲ
560 3537 920 3609 στρέφηταιθθ
967 3538 1046 3598 εἰς
1079 3534 1304 3605 σπέρμα
1343 3534 1436 3584 καὶ
1475 3532 1629 3600 γάλα,
1656 3534 1684 3584 ὁ

87 3635 331 3706 δυνάμει
369 3635 430 3685 ἐν
455 3631 666 3693 τούτοις
704 3629 1097 3697 κατακείμενος
1123 3626 1283 3695 λόγου
1305 3626 1350 3656 θ’
1383 3623 1476 3677 τοῦ
1519 3641 1684 3694 προσ-

87 3726 327 3793 ήκοντος
375 3721 470 3772 καὶ
527 3713 692 3770 τόπου
744 3716 974 3786 Κυρίου,
1015 3717 1074 3767 ὲν
1107 3709 1152 3783 ᾧ
1207 3715 1463 3782 γεννᾶται
1504 3712 1681 3780 λόγος,

87 3811 339 3882 τυχὼνι,
388 3807 698 3882 ἀρξάμενος
737 3809 848 3871 ὡς’
881 3807 989 3861 ἀπο
1028 3807 1323 3876 σπινθῆρος
1371 3805 1680 3876 ἐλαχίστου,

87 3901 390 3965 παντελῶς
446 3898 918 3970 μεγαλυνθήσεται
966 3899 1062 3952 καὶ
1115 3900 1341 3968 αὐξήσει
1395 3901 1490 3952 καὶ
1533 3899 1684 3953 ἔσται

87 3995 333 4064 δύναμις
374 3993 710 4062 ἀπέραντος,
754 3991 1169 4061 ἀπαράλλακτος
1189 4031 1203 4055 ,
1230 3989 1249 4062 [
1257 3991 1344 4061 ἴση
1375 3994 1470 4044 καὶ
1500 3989 1682 4060 ὁμοία]

87 4087 254 4140 ιὶῶνι
305 4083 766 4155 ἀπαραλλάκτιρ³
794 4083 991 4154 μηκέτι
1029 4084 1296 4153 γινομένῳ
1331 4085 1410 4145 εἰς
1432 4084 1526 4136 τὸν
1560 4083 1686 4134 ἁπέ-

87 4194 294 4232 >αντον
321 4177 524 4231 αἰῶνα.

151 4277 254 4340 ιη’.
298 4268 538 4336 Γέγονεν
586 4263 682 4322 οὖν
719 4263 1165 4336 ὁμολογουμένως
1197 4265 1337 4318 κατὰ
1374 4264 1561 4318 τοῦτον
1595 4264 1685 4316 τὸν

88 4362 248 4431 νόγον
275 4362 401 4424 τοῖς
424 4361 672 4428 ἀνοήτοις
708 4357 889 4428 Σίμων
914 4355 1050 4420 θεὸς,
1076 4353 1265 4426 ὥσπερ
1293 4357 1321 4407 ὁ
1347 4353 1514 4418 Λίϐυς
1538 4356 1684 4409 ἐκεῖ-

93 4471 165 4516 ος
199 4455 234 4506 ὁ
259 4452 366 4505 καὶ
402 4449 660 4518 Ἀψεθος,
690 4445 950 4515 γεννητὸς
986 4445 1085 4515 μὲν
1113 4446 1210 4498 καὶ
1237 4444 1500 4514 παθητὸς,
1521 4445 1684 4498 ὃτανδ

88 4575 90 4614 ,
142 4546 212 4597 ἐν
246 4541 518 4612 δυνάμει,
554 4538 780 4608 ἀπαθὴς
818 4537 874 4588 δὲ
907 4538 971 4588 ἐκ
1004 4534 1297 4604 γεννητοῦ,
1329 4536 1456 4588 ὅταν
1485 4535 1688 4601 ἐξεικο-

89 4634 242 4704 ισθῇ
276 4634 382 4687 καὶ
413 4631 541 4700 γενό
572 4632 583 4697 ι
617 4644 782 4701 μενος
810 4626 1013 4688 τέλειος
1045 4624 1236 4696 ἐξέλθῃ
1270 4624 1375 4678 τῶν
1401 4625 1684 4695 δυνάμεων

87 4724 177 4778 ὦν
216 4722 479 4792 πρώτων
507 4721 622 4783 δύο,
656 4717 942 4773 τουτέστιν
971 4715 1201 4784 οὐρανοῦ
1232 4716 1326 4768 καὶ
1364 4717 1486 4787 γῆς.
1522 4716 1684 4785 Λέγει

91 4819 179 4887 ἀρ
222 4816 433 4885 Σίμων
460 4813 758 4887 διαρρήδην
792 4809 926 4879 περὶ
964 4808 1152 4860 τούτου
1183 4809 1240 4860 ἐν
1277 4810 1343 4878 τῇ
1391 4808 1684 4876 Ἀποφάσει

87 4909 291 4970 Ξτως·
375 4904 540 4974 Ὑμῖν
584 4901 697 4960 οὖν
755 4903 914 4972 λέγω
966 4899 1004 4952 ἃ
1060 4899 1212 4967 λέγω
1263 4901 1360 4953 καὶ
1401 4899 1603 4969 πράξω
1650 4898 1688 4952 ἅ

1779 1806 1901 1873 igne
1980 1807 2300 1875 principium
2351 1808 2622 1877 cupidinis
2681 1811 3050 1879 generationis
3108 1815 3342 1870 exsistit.

1779 1897 1987 1967 Quippe
2035 1899 2159 1968 igne
2202 1899 2400 1968 corripi
2437 1900 2736 1969 appellatur
2763 1901 2816 1956 id
2855 1903 2994 1971 quod
3023 1914 3105 1960 est
3141 1921 3346 1964 concu-

1781 1991 1990 2058 piscere
2015 1991 2450 2044 commutabilem
2471 1992 2794 2062 genituram.
2825 1993 3000 2050 Unum
3026 2007 3204 2053 autem
3221 2013 3345 2054 cum

1780 2080 1850 2132 sit
1889 2079 2064 2148 ignis,
2099 2074 2482 2134 conversiones
2527 2082 2757 2136 vertitur
2792 2083 2946 2137 duas.
3005 2085 3349 2144 Convertitnr

1780 2171 1946 2234 enim,
1979 2172 2184 2239 inquit,
2213 2171 2263 2224 iu
2298 2171 2413 2222 viro
2455 2174 2676 2243 sanguis
2701 2213 2716 2236 ,
2749 2185 2802 2226 et
2833 2176 3040 2232 calidus
3068 2188 3122 2232 et
3149 2178 3344 2244 fulvus,

1782 2269 1840 2310 nt
1869 2259 2003 2328 ignis
2028 2258 2321 2328 el'ligiatus,
2351 2260 2400 2312 in
2418 2275 2624 2326 semen,
2649 2263 2702 2316 in
2734 2266 2957 2318 muliere
2983 2277 3167 2319 contra
3204 2269 3344 2324 idem

1784 2350 1871 2404 hic
1899 2350 2118 2416 sanguis
2159 2350 2210 2403 in
2243 2351 2340 2404 lac.
2375 2350 2442 2404 Et
2467 2351 2528 2405 ﬁt
2557 2355 2778 2407 masculi
2807 2358 3092 2412 conversio
3119 2371 3346 2428 genera-

1787 2441 1882 2506 tio,
1918 2439 2131 2494 l'eminm
2175 2450 2354 2495 autem
2400 2443 2683 2498 conversio
2731 2447 2954 2502 nutritio
2989 2448 3038 2502 ei
3066 2451 3210 2518 quod
3259 2467 3352 2522 ge-

1785 2540 2026 2604 neratur.
2068 2531 2165 2586 llic
2190 2572 2206 2596 ,
2243 2533 2439 2601 inquit,
2466 2543 2548 2586 est
2577 2536 2851 2603 ﬂammeus
2878 2541 3038 2612 ensis,
3066 2539 3159 2611 qui
3183 2543 3353 2600 vibra-
3409 2553 3415 2562 '

1787 2633 1874 2677 tur
1921 2625 1990 2676 ad
2042 2625 2437 2678 custodiendam
2489 2627 2627 2679 riam
2660 2626 2789 2697 ligni
2829 2630 2963 2684 vim.
3007 2631 3354 2688 Convertitur

1783 2716 1926 2769 enim
1956 2716 2179 2785 sanguis
2208 2716 2260 2770 in
2293 2731 2477 2772 semen
2530 2726 2584 2771 et
2641 2718 2726 2774 lac
2771 2728 2826 2774 et
2878 2721 2938 2776 ﬁt
2966 2722 3081 2778 haec
3111 2719 3356 2794 potestas

1787 2817 1957 2859 mater
1986 2818 2040 2859 et
2070 2815 2244 2875 pater,
2286 2817 2439 2876 pater
2463 2821 2651 2863 eorum
2681 2825 2802 2878 quae
2827 2818 3143 2882 nascuntur,
3176 2827 3230 2871 et
3253 2817 3355 2869 ali-

1789 2907 1908 2951 tnra
1943 2912 2128 2952 eorum
2181 2913 2302 2966 quae
2351 2901 2701 2965 nutriuntur,
2764 2903 2964 2959 nullius
2996 2903 3217 2975 indiga,
3269 2909 3354 2964 sui

1787 3001 2026 3056 compos.
2060 2987 2373 3042 Custoditur
2401 2998 2607 3054 autem,
2640 2989 2832 3060 inquit,
2861 2991 3063 3060 lignum
3109 2994 3232 3051 vitae
3260 3011 3356 3066 per

1791 3079 2055 3132 vibratum
2088 3078 2400 3134 ﬂammeum
2425 3094 2632 3148 ensem,
2667 3081 2809 3136 sicut
2834 3083 3089 3150 diximus,
3116 3096 3356 3156 potestas

1790 3169 2040 3239 septima,
2071 3185 2191 3240 quae
2219 3177 2302 3226 eat
2326 3186 2392 3226 ex
2427 3184 2600 3227 seruet
2643 3184 2901 3244 prognata
2927 3214 2944 3242 ,
3001 3191 3120 3245 quae
3166 3185 3356 3234 Omnes

1789 3261 2049 3328 continet,
2081 3275 2200 3331 qua:
2234 3261 2287 3316 in
2318 3276 2413 3317 sex
2437 3263 2668 3332 reposita
2704 3274 2786 3320 est
2823 3269 3195 3334 potestatibus.
3219 3269 3356 3326 Nam

1789 3368 1911 3407 eum
1944 3369 2046 3408 non
2076 3355 2375 3409 vibra‘bitur
2425 3355 2702 3412 ﬂammeus
2726 3360 2896 3424 ensis,
2920 3363 3356 3430 pessumdabitur

1790 3453 1842 3498 et
1863 3443 2103 3499 interibit
2128 3446 2410 3514 pulchrum
2435 3446 2560 3500 illud
2593 3446 2825 3516 lignum;
2858 3465 2980 3506 eum
3012 3461 3192 3509 autem
3221 3469 3355 3510 con-

1790 3541 2034 3587 Vertetnr
2066 3535 2118 3587 in
2151 3549 2335 3589 semen
2383 3547 2438 3590 et
2483 3537 2582 3602 lac,
2625 3537 2717 3608 qui
2762 3541 3117 3608 potestatein
3157 3543 3242 3598 his
3270 3559 3356 3599 re-

1791 3627 2000 3692 positus
2016 3635 2117 3691 est,
2138 3626 2573 3683 informationem
2596 3629 2841 3684 idoneam
2862 3640 2916 3686 et
2936 3631 3113 3687 locum
3127 3634 3354 3704 justum,

1794 3718 1845 3772 iu
1883 3733 1988 3788 quo
2014 3728 2303 3788 generatur
2331 3720 2575 3786 verbum,
2615 3731 2828 3788 nactus,
2851 3733 3004 3780 ortus
3035 3734 3291 3796 tanquam
3323 3746 3354 3782 ιι

1791 3802 2026 3864 scintilla
2053 3811 2373 3866 tenuissima
2403 3828 2623 3881 prorsus
2648 3816 2962 3884 grandescet
3007 3826 3063 3872 et
3107 3831 3357 3888 augescet

1791 3909 1847 3954 et
1875 3900 1981 3955 erit
2008 3909 2246 3968 potestas
2268 3901 2476 3956 inﬁnita
2503 3903 2870 3971 immutabilis,
2890 3905 3120 3977 [similis
3137 3916 3192 3963 et
3211 3925 3357 3964 com-

1793 3989 1925 4060 par]
1957 4007 2072 4044 zevo
2106 3991 2462 4059 immutabili,
2491 3995 2634 4064 quod
2663 3995 2892 4066 amplius
2919 4014 3024 4054 non
3057 3999 3118 4054 ﬁt
3143 4001 3199 4055 in
3228 4001 3355 4057 inii-

1791 4089 1961 4130 mlum
1988 4093 2180 4134 tevnm.

1864 4255 1950 4310 18.
1988 4254 2208 4309 Exstitit
2239 4255 2400 4326 igitur
2417 4257 2557 4311 haud
2584 4258 2742 4314 dubie
2768 4263 3064 4318 secundum
3098 4264 3237 4322 hanc
3266 4283 3356 4322 ηδ

1794 4348 1993 4402 tionem
2045 4347 2224 4402 stultis
2280 4347 2465 4403 Simon
2517 4350 2649 4405 deus
2693 4352 2832 4408 sicut
2859 4351 3024 4425 Libys
3054 4355 3182 4424 ille,
3233 4359 3356 4414 dico

1789 4442 2106 4510 Apsetbum,
2147 4452 2434 4511 generatus
2478 4444 2694 4512 quidem
2744 4454 2799 4500 et
2832 4448 3066 4516 patibilis
3093 4489 3110 4515 ,
3140 4451 3356 4520 quando

1787 4543 1871 4588 est
1901 4533 1955 4587 in
1990 4543 2295 4602 potestate,
2360 4535 2673 4606 impatibilis
2727 4541 2908 4594 autem
2959 4553 3025 4594 ex
3071 4553 3352 4613 generato,-

1789 4625 2006 4695 quando
2037 4624 2296 4695 eﬂigiatns
2324 4637 2408 4683 est
2430 4635 2484 4682 et
2508 4627 2680 4684 factus
2705 4631 2974 4699 perfectus
2996 4646 3246 4702 egressus
3273 4645 3357 4688 est

1786 4724 2083 4786 potestates
2113 4717 2315 4784 primas
2347 4718 2483 4773 duas
2503 4758 2519 4783 ,
2551 4720 2651 4774 hoc
2680 4730 2763 4776 est
2790 4722 2984 4776 coelum
3028 4731 3083 4778 et
3133 4734 3352 4779 terram.

1788 4807 1878 4860 Ait
1905 4809 2047 4861 enim
2066 4805 2250 4862 Simon
2275 4808 2408 4877 ipsis
2425 4809 2604 4864 verbis
2634 4811 2699 4864 de
2724 4812 2823 4866 hac
2852 4829 2908 4867 re
2940 4814 2989 4866 iu
3011 4813 3356 4870 Revelatione

1797 4899 1848 4950 in
1870 4897 2013 4951 hunc
2032 4900 2245 4952 modum
2266 4917 2280 4953 :
2311 4886 2467 4952 Vobis
2490 4902 2650 4969 igitur
2670 4902 2808 4967 dico,
2828 4917 2942 4974 qua:
2966 4907 3083 4961 dico
3098 4921 3144 4962 et
3161 4909 3354 4975 scribo,

1381 5034 1613 5089 νΑιιιιΕ
1651 5033 2056 5091 LECTlONE'S.

107 5167 168 5199 ⁸⁸
196 5167 235 5218 ὁ
261 5165 629 5236 γέννητος.μὸ
659 5162 1045 5236 ἀγέννητοςρ,
1079 5160 1148 5236 5i.
1181 5158 1262 5215 Cf.
1290 5157 1702 5236 sttpra'p._j2£2,
1733 5158 1923 5236 75-85.
1997 5156 2042 5189 "
2073 5157 2195 5236 κατ’
2224 5155 2514 5236 οὐδεμίανί·
2536 5157 2762 5236 κατὰ-’δὲ

333 5236 386 5266 ⁸⁸
421 5226 504 5300 ἓν,
529 5226 925 5290 ὀῦσα.’ἐνοῦ’σα
963 5231 1026 5286 C.
1101 5233 1148 5264 ’°
1174 5229 1429 5300 κατανοεῖ
1551 5227 1675 5300 "ff:

1787 5244 1921 5288 σεως
1953 5240 2096 5281 corr.
2129 5226 2192 5300 C_.

87 5236 241 5308 pc.

2850 5159 2932 5210 ίαν
2961 5157 3022 5222 C,
3053 5157 3125 5212 Μ.
3198 5158 3247 5191 ’⁸
3274 5160 3352 5213 τό.
3386 5177 3400 5225 ,·

2268 5225 2330 5298 ⁸1
2351 5226 2446 5278 Ἓν
2470 5225 2526 5298 δὲ.
2560 5227 2636 5280 δν.
2678 5225 2884 5281 Ἐνδέον
2914 5227 2977 5289 C,
3013 5228 3083 5280 M.
3109 5229 3206 5298 7”"
3233 5246 3360 5298 τρο..

87 5295 160 5386 is
206 5295 542 5386 ετξρέςετέιι
571 5306 919 5386 Mimas
950 5301 1237 5386 τρέ.φεῖαιο
1268 5297 1443 5386 Θιὲὲλν
1476 5299 1568 5386 Ma
1608 5298 1656 5386 ἐ

1787 5315 1926 5386 verit;
1968 5312 2111 5350 corr.
2149 5297 2219 5386 (3.1
2284 5295 2332 5328 ”
2361 5297 2557 5386 rpoipﬁ.
2607 5298 2891 5386 τρυὶφὴηςξ.
2969 5297 3237 5386 "italos.
3269 5295 3357 5378 ιιι.

87 5380 105 5431 i
141 5365 162 5430 Ξ
209 5365 347 5429 Keil
374 5365 542 5455 ξταξε
566 5375 635 5428 τὰ
661 5365 941 5455 Χερουϐὶμ
977 5365 1090 5454 καί
1105 5373 1205 5455 τὴν
1227 5367 1493 5455 (ρλργίνηχΙ
1517 5365 1791 5452 ῥομφαίαν
1818 5366 1914 5455 τὴν
1949 5365 2908 5455 στρεερρμένηνΙφυλάισσειιμτῂιν’ὁδὸν
2937 5367 3030 5420 τοῦ
3060 5368 3216 5455 ἷύλρυ
3229 5368 3352 5455 prii";

88 5448 238 5516 υῆς.
375 5445 431 5516 ιτ
465 5438 648 5514 riam
669 5438 799 5516 τῷν.
842 5438 1136 5516 πάράητῶι
1166 5440 1242 5516 ορ.
1268 5438 1339 5491 M-

87 5516 320 5584 τυχῶν.

88 5587 217 5638 amt
251 5587 478 5655 ἀπαρα

99 5670 170 5708 τε
212 5655 296 5709 ἂν
327 5656 407 5711 C.

483 5751 756 5811 Ριτιιοι..
801 5749 916 5812 (λιι.
967 5745 1132 5809 λης

1450 5438 1494 5468 9⁸
1529 5440 1815 5468 κ-Λιεηρ-ΑΙΙ
1850 5439 1889 5468 l‘

375 5445 431 5478 ⁸⁷
465 5439 648 5514 πατὴρ
669 5439 799 5496 τῶν.
842 5439 998 5514 παρὰ
1025 5443 1133 5492 τῶν
1166 5440 1227 5501 C,
1268 5439 1339 5491 Μ.
1450 5439 1494 5468 ³⁸
1529 5440 1820 5507 στρέφεται
1850 5439 1912 5491 C.
2011 5439 2055 5467 ”
2082 5439 2260 5502 λόγου.
2299 5439 2453 5515 λόγος
2483 5439 2544 5498 (ὲ,
2576 5439 2647 5491 Μ.
2678 5439 2760 5490 Cl'.
2796 5453 2957 5505 supra
2984 5452 3038 5504 p.
3072 5439 3198 5499 248,
3225 5439 3277 5496 5,
3303 5439 3358 5490 6.

360 5515 562 5585 ψυχῶν
589 5517 652 5577 C,
679 5514 748 5567 M.
824 5516 844 5545 ³
875 5515 949 5577 ὡς
993 5512 1070 5585 (av
1098 5510 1160 5574 C,
1197 5510 1264 5563 Μ.
1304 5509 1367 5585 ⁸-³
1396 5508 1831 5585 ἀπαράλλακτος,
1861 5505 1948 5585 ἴση
1983 5505 2092 5585 κα)...
2118 5503 2283 5575 ὁμοία
2310 5506 2474 5585 αἰῶνι
2496 5505 2932 5585 άπαιραλλάκτῳ.
2981 5507 3362 5585 άπαράλ-ακτος

482 5573 662 5656 λάκτῴ
690 5586 752 5653 C,
791 5573 1214 5655 ἀπαράλλακτος
1263 5580 1419 5634 αἰῶνι
1453 5573 1674 5648 deum

1787 5593 1860 5647 τῳ
1891 5573 1962 5630 Μ.
2021 5574 2104 5631 ΟΥ.
2139 5573 2300 5645 Supra
2332 5588 2385 5643 p.
2443 5573 2573 5642 Ήὸ,
2614 5573 2665 5645 9,
2699 5577 2785 5646 10,
2818 5573 2952 5648 ρι’ρ.
2984 5573 3112 5642 ΞΗ,
3140 5577 3235 5642 93,
3263 5576 3356 5630 94:

2011 5433 2055 5467 ⁵³
2082 5433 2260 5505 λύγου.
2279 5433 2453 5505 λόγος
2483 5438 2544 5498 (ὲ,
2576 5433 2647 5491 M.
2678 5433 2760 5490 Cl'.
2796 5453 2957 5505 supra
2984 5452 3038 5504 p.
3072 5437 3198 5499 248,
3225 5436 3277 5496 5,
3303 5433 3358 5490 6.

2946 5738 2967 5798 i.
2981 5738 3052 5798 ΟΞ
