3804 6220
401 322 543 390 3229

1840 324 2217 386 ORIGK‘IIS.

3519 327 3669 392 3230

404 453 688 510 corporum
719 436 1064 509 principium,
1113 445 1172 492 ut
1223 452 1410 493 monas
1449 437 1885 511 intelligibilium.
1919 438 1982 492 Et

2104 437 2360 508 πωμάτων
2391 438 2556 510 ἀρχὴ,
2581 439 2656 503 ὥς
2680 439 2715 511 ἡ
2747 437 2915 510 μονὰς
2942 438 3052 492 τῶν
3074 438 3298 511 νοητῶν.
3333 438 3458 492 Ὅτι
3488 439 3546 494 δὲ
3572 443 3667 494 καὶ

405 533 807 601 quaternarium
835 540 1010 583 autem
1037 546 1318 600 generare,
1354 531 1710 602 262-263
1734 532 1836 596 ait,
1863 545 1984 598 pcr-

401 624 600 678 l'ectum
631 638 935 682 numerum,
961 630 1016 673 ut
1040 621 1091 674 iu
1117 621 1540 690 intelligibilihus
1565 623 1870 685 monadem,
1894 622 1982 675 de-

398 719 635 780 narium,
668 715 865 770 docent
896 715 995 768 hoc
1030 714 1188 768 modo
1220 713 1312 769 :Si
1339 714 1462 784 quis
1502 714 1764 783 incipiens
1801 729 1983 767 nume-

402 822 524 861 rare
557 806 689 860 dicit
719 821 732 857 :
764 822 950 870 ununt,
990 815 1042 858 et
1078 804 1227 858 addit
1270 805 1396 869 duo,
1426 815 1538 858 tum
1594 805 1799 873 pariter
1851 803 1979 868 tria,

399 909 557 954 erunt
586 897 704 952 haec
726 912 838 960 sex,
887 897 951 951 ad
996 897 1112 950 haec
1149 909 1326 952 autem
1367 896 1527 950 etiam
1584 905 1831 966 quatuor,
1877 897 1986 951 erit

402 991 607 1059 pariter
643 996 813 1042 totum
838 987 1032 1040 decem.
1059 986 1234 1040 Unum
1263 988 1429 1052 enim,
1460 988 1583 1052 duo,
1614 987 1738 1053 tria,
1757 997 1983 1056 quatuor

406 1083 539 1134 liunt
571 1080 876 1148 decem,qni
906 1087 990 1132 est
1020 1077 1289 1144 perfectus
1319 1092 1598 1132 numerus.
1627 1075 1740 1140 Sic,
1769 1078 1862 1140 ait,
1890 1091 1985 1143 per

403 1168 586 1223 omnia
613 1167 858 1222 imitatus
897 1176 976 1222 est
1021 1167 1400 1235 quaternarius
1447 1167 1834 1236 intelligibilem
1871 1149 1991 1219 mo?

404 1261 622 1323 natlem,
654 1259 956 1328 perfectum
986 1273 1274 1312 numerum
1302 1272 1564 1326 generare
1588 1258 1877 1312 valentem.

475 1351 564 1404 24.
592 1348 706 1404 Duo
731 1351 892 1418 igitur
922 1349 1214 1404 secundum
1243 1348 1601 1418 Pythagoram
1621 1360 1748 1404 sunt
1780 1350 1988 1416 mundi,

404 1441 542 1496 alter
574 1440 945 1511 intelligibilis,
993 1439 1085 1510 qui
1111 1442 1395 1495 monadem
1429 1441 1592 1495 habet
1639 1441 1992 1511 principium,

406 1533 546 1588 alter
569 1541 748 1587 autem
781 1533 1078 1596 sensibilis,
1102 1532 1262 1602 hujus
1289 1543 1464 1592 autem
1495 1540 1578 1586 est
1606 1532 1989 1602 quaternarius

408 1623 614 1678 habens
644 1621 776 1688 iota,
812 1639 972 1677 uuam
1020 1623 1304 1693 virgulam,
1332 1638 1615 1676 numerum
1654 1623 1990 1690 perfectum;

406 1724 461 1768 et
502 1723 585 1770 est
634 1715 928 1770 secundum
964 1713 1332 1786 Pythagoreos
1363 1732 1381 1766 ι
1417 1715 1565 1777 illud,
1606 1730 1726 1783 quae
1760 1727 1842 1769 est
1882 1732 1985 1770 una

409 1805 637 1874 virgula,
695 1807 863 1876 prima
919 1817 973 1859 et
1031 1806 1302 1876 praecipua
1333 1815 1389 1860 et
1447 1806 1860 1876 intelligibilium
1896 1821 1985 1862 es-
2021 1791 2061 1846 Β

408 1909 1984 1957 sentio..‘.......................

409 1991 708 2046 accidentia
743 1991 1062 2059 incorporea
1100 2005 1314 2055 novem,
1342 2006 1462 2060 qua:
1497 2007 1739 2045 seorsum
1790 1999 1859 2046 ab
1899 2007 1989 2046 es.-

409 2087 580 2141 sentia
609 2101 729 2142 esse
759 2094 1052 2155 nequeunt,
1073 2084 1228 2154 quale
1245 2093 1570 2152 etquantum
1600 2093 1654 2138 et
1683 2085 1752 2136 ad
1781 2085 1907 2148 quid
1937 2094 1990 2138 et

409 2178 499 2230 ubi
527 2189 581 2232 et
601 2178 813 2247 quando
840 2187 895 2230 et
919 2177 1076 2230 situm
1107 2185 1284 2230 esseet
1304 2176 1493 2230 habere
1523 2185 1576 2230 et
1602 2193 1756 2244 agere
1783 2186 1835 2228 et
1856 2178 1985 2240 pati.

410 2269 549 2323 Sunt
577 2270 949 2337 igituruovem
997 2267 1314 2334 accidentia,
1357 2283 1477 2336 quae
1519 2268 1768 2322 essentia:
1818 2271 1989 2320 atllttl-

415 2371 620 2416 inerata
669 2362 952 2414 continent
1011 2358 1306 2426 perfectum
1359 2374 1641 2413 numerum
1684 2359 1985 2412 denarium.

410 2456 753 2521 Quapropter
797 2451 969 2504 diviso
1022 2449 1296 2514 universo,
1327 2458 1386 2502 ut
1423 2448 1676 2512 diximus,
1702 2449 1752 2503 in
1779 2449 1992 2502 intelli-

411 2544 622 2614 gibilem
663 2551 719 2597 et
767 2541 1072 2597 sensibilem
1106 2540 1360 2595 mundum
1398 2540 1656 2595 habemus
1700 2540 1861 2594 etiam
1893 2557 1990 2593 nos

412 2636 480 2690 ab
507 2631 826 2702 intelligibili
854 2633 1223 2696 rationem,ut
1252 2631 1459 2685 ratione
1493 2629 1902 2699 intelligibilium
1938 2639 1990 2684 et

415 2727 856 2795 incorporeorum
888 2722 1266 2778 etdivinorum
1296 2733 1636 2790 aspectemus
1671 2723 1987 2782 essentiam,

415 2834 608 2877 sensus
637 2828 840 2880 autem,
875 2817 1073 2886 inquit,
1108 2816 1366 2870 habemus
1399 2815 1666 2883 quinque:
1699 2814 1985 2880 olfactum,

416 2911 616 2977 visum,
645 2911 910 2970 auditum,
934 2919 1147 2978 gustum
1183 2915 1236 2961 et
1261 2914 1486 2974 tactum,
1509 2911 1701 2974 quibus
1741 2908 1792 2961 in
1819 2909 1993 2962 sensi-

417 3001 602 3056 bilium
651 2998 994 3069 pervenimus
1041 2996 1399 3066 cognitionem
1425 3011 1440 3060 ;
1466 3007 1521 3050 et
1555 2997 1624 3048 ita
1656 2997 1856 3051 divisus
1889 3009 1990 3062 est,

417 3093 613 3163 inquit,
638 3090 909 3146 sensibilis
955 3089 1024 3144 ab
1067 3087 1388 3158 intelligibili
1433 3091 1651 3157 mundo.
1686 3088 1752 3142 Et
1798 3090 1994 3143 habere

417 3200 518 3238 nos
563 3180 887 3252 cognitionis
922 3180 1336 3234 instrumentum
1385 3179 1449 3232 ad
1496 3180 1758 3233 utrumvis
1810 3195 1993 3232 eorum

421 3275 548 3330 hinc
582 3270 1146 3346 perspicimus.Nihil,
1173 3273 1267 3334 ait,
1293 3269 1706 3339 intelligibilium
1731 3270 1785 3324 in
1816 3268 2000 3339 cogni-

425 3370 622 3426 tionem
677 3376 918 3423 nostram
972 3363 1166 3420 cadere
1222 3372 1400 3432 potest
1439 3378 1534 3432 per
1581 3377 1834 3426 sensum;
1871 3360 1999 3414 illud

421 3462 566 3519 enim
594 3475 766 3530 neque
795 3458 982 3514 oculus
1008 3456 1237 3526 aspexit,
1270 3470 1446 3524 neque
1475 3455 1622 3509 auris
1652 3454 1874 3520 audivit,
1907 3467 2000 3507 ne-

421 3569 530 3625 que
559 3551 815 3621 percepit,
845 3550 945 3615 ait,
976 3547 1302 3616 reliquorum
1329 3560 1585 3600 sensuum
1615 3546 1857 3614 quilibet.
1889 3543 2002 3599 Nec

423 3659 616 3702 rursus
650 3643 859 3698 ratione
909 3641 975 3695 ad
1027 3639 1386 3707 cognitionem
1431 3637 1796 3706 cujuscunque
1831 3637 2003 3691 sensi-

425 3738 612 3794 bilium
652 3734 920 3805 perveniri
951 3743 1148 3803 potest,
1181 3731 1275 3786 sed
1315 3739 1528 3797 oportet
1577 3729 1760 3783 videre
1801 3729 2001 3798 aliquid

427 3831 608 3884 album
636 3841 758 3882 esse
803 3833 859 3881 et
899 3834 1116 3894 gustare
1157 3836 1280 3876 esse
1329 3821 1484 3874 dulce
1511 3830 1567 3874 et
1595 3833 1848 3875 sonorum
1885 3832 2005 3872 esse

427 3930 519 3973 aut
557 3922 867 3973 insonorum
909 3913 1094 3969 auditu
1126 3927 1480 3980 cognoscere,
1525 3921 1581 3964 et
1634 3921 1812 3964 utrum
1872 3909 2001 3979 quid

426 4009 655 4062 odorum
691 4006 767 4062 sit
799 4003 1120 4059 suaveolens
1147 4019 1214 4056 an
1241 4002 1484 4066 insuave,
1513 3999 1745 4056 olfactus
1768 4010 1873 4066 est,
1898 4016 2001 4055 non

433 4095 677 4150 rationis.
699 4094 847 4150 Idem
878 4093 1022 4147 cadit
1056 4092 1108 4144 in
1145 4099 1367 4146 tactum.
1399 4089 1599 4144 Durum
1633 4090 1780 4146 enim
1807 4099 1899 4144 aut
1929 4099 2007 4142 te.-

430 4200 643 4247 net-um,
676 4183 760 4238 vel
810 4179 1160 4253 264-265
1197 4181 1432 4236 calidqu
1469 4191 1562 4234 aut
1592 4181 1844 4251 frigidum
1889 4181 2005 4236 ﬁeri

431 4293 536 4332 non
565 4285 744 4346 potest
767 4285 824 4330 ut
847 4276 1028 4333 auditu
1069 4275 1358 4343 percipias,
1399 4275 1491 4328 sed
1524 4273 1708 4328 talium
1742 4273 2006 4344 judiciqu

429 4383 512 4428 ρει
543 4382 740 4426 tactus.
789 4368 915 4425 Hzec
942 4385 1062 4424 cum
1098 4369 1170 4422 ita
1205 4377 1513 4438 comparata
1564 4370 1694 4436 sint,
1726 4372 2008 4426 adornatio

2086 533 2120 600 ἡ
2156 531 2458 601 τετρακτὺς
2488 534 2676 604 γεννᾷ,
2708 535 2842 600 φησὶ
2865 570 2882 594 ,
2915 532 3009 584 τὸν
3040 532 3247 584 τέλειον
3295 532 3554 602 ἀριθμὸν,
3582 534 3659 594 ὼς

2087 625 2146 676 ἐν
2170 625 2284 686 τοῖς
2307 627 2518 694 νοητοῖς
2543 624 2561 696 [
2588 625 2623 694 ἡ
2655 622 2868 695 μονὰς],
2895 624 2940 655 ⁶⁹
2967 623 3060 677 τὸν
3087 623 3242 686 δέκα,
3273 623 3350 695 [p.
3380 625 3506 679 I79.
3536 622 3664 698 189]

2085 713 2430 768 διδάσκουσιν
2459 713 2633 780 οὕτως
2650 733 2666 748 ο
2690 717 2753 768 Εἰ
2786 715 3094 786 ἀρξάμενος
3117 715 3372 785 ἀριθμεῖν
3396 716 3550 785 λέγει
3573 736 3657 780 τις

2086 805 2190 859 ὃτμ
2210 806 2298 870 ἒν,
2317 804 2412 860 καὶ
2429 804 2828 875 ὲπιφέρειδύο,
2847 805 3036 859 ἔπειτα
3057 805 3259 876 ὁμοίως
3279 807 3432 874 τρία,
3446 806 3665 865 ἔσονται

2085 894 2256 948 ταῦτα
2282 895 2372 958 ἕξο
2401 895 2540 966 πρὸς
2559 895 2616 948 δὲ
2644 893 2854 958 τούτοις
2880 893 2962 948 ἔτι
2980 893 3266 963 τέσσαρα,
3288 895 3439 949 ἔσται
3464 898 3667 967 ὁμοίιος

2087 988 2148 1038 τὸ
2170 989 2276 1040 πᾶν
2301 986 2466 1040 δέκα.
2491 987 2566 1040 Τὸ
2595 987 2703 1058 γὰρ
2722 985 2810 1052 ἓν,
2833 985 2964 1052 δύο,
2982 987 3135 1054 τρία,
3161 986 3429 1056 τέσσαρα
3456 987 3668 1056 γίνεται

2086 1076 2236 1131 δέκα
2251 1078 2320 1142 "°,
2347 1078 2377 1130 ὁ
2399 1077 2606 1140 τέλειος
2627 1077 2881 1149 ἀριθμός.
2912 1076 3120 1141 Οὕτως,
3136 1078 3291 1148 φησὶ,
3314 1077 3458 1131 κατά
3485 1079 3670 1131 πάντα

2089 1171 2403 1240 ἐμιμήσατο
2438 1170 2474 1239 η
2505 1168 2810 1240 τετρακτὺς
2842 1168 2943 1240 τὴν
2968 1167 3178 1241 νοητὴν.
3193 1169 3420 1240 μονάδα,
3458 1169 3667 1224 τέλειον

2091 1262 2328 1333 ἀριθμὸν
2352 1263 2617 1332 γεννῆσαι
2646 1262 2993 1332 δυνηθεῖσαν.

2161 1355 2259 1409 κδ.
2290 1354 2395 1408 Δύο
2430 1349 2523 1410 οὖν
2550 1355 2697 1408 κατά
2729 1355 2828 1408 τὸν.
2848 1355 3171 1424 Πυθαγόραν
3195 1355 3300 1409 εῖσί
3329 1355 3552 1426 κόσμοι,
3587 1349 3672 1419 εἷς

2094 1446 2193 1515 μὲν
2227 1447 2436 1512 νοητὸς,
2459 1445 2520 1508 ὃς
2543 1445 2658 1514 ἔχει
2687 1444 2786 1516 τὴν
2819 1445 3024 1515 μονάδα
3055 1446 3251 1516 ἀρχὴν,
3280 1440 3360 1508 εἷς
3384 1446 3444 1499 δὲ
3471 1447 3670 1517 αἰσθη-

2090 1537 2203 1602 τὸς,
2231 1537 2420 1589 τούτου
2453 1537 2497 1568 τί
2522 1536 2579 1590 δέ
2613 1539 2729 1590 ἐστι
2775 1538 3078 1608 τετρακτὺς
3125 1538 3324 1608 ἔχουσα
3375 1539 3537 1607 ἰῶτα,
3570 1540 3676 1611 τὴν.

2096 1630 2223 1700 μίαν
2271 1629 2502 1699 κεραίαν
2537 1631 2605 1686 τ’.
2655 1629 2886 1700 ἀριθμὸν
2939 1630 3177 1683 τέλειον·
3227 1633 3321 1683 καὶ
3358 1631 3474 1684 ἔστι
3528 1632 3674 1684 κατὰ

2091 1727 2217 1786 τοὺς
2261 1724 2670 1794 Πυθαγορικοὺς
2705 1725 2766 1776 τὸ
2802 1730 2853 1784 ι’,
2895 1724 2929 1792 ἡ
2963 1723 3061 1792 μία
3096 1723 3314 1793 κεραία,
3352 1723 3552 1793 πρώτη
3577 1725 3674 1776 καὶ

2097 1816 2414 1886 κυριωτάτη
2446 1816 2492 1846 ⁷³
2535 1816 2630 1868 καὶ
2660 1815 2769 1866 τῶν
2796 1815 2851 1846 ⁷⁸
2893 1813 3102 1883 νοητῶν
3131 1815 3288 1867 ούσία
3332 1815 3544 1883 νοητῶς
3579 1815 3676 1866 καὶ

2096 1909 2374 1978 αἰσθητῶς
2431 1907 2821 1979 λαμϐανομένη
2865 1907 2950 1940 ⁷⁵·
3005 1907 3392 1978 συμϐεϐηκότα
3445 1909 3583 1977 γένη
3627 1905 3680 1938 η

2095 1999 2370 2069 ἀσώματα
2402 2000 2578 2065 ὲννέα,
2611 1999 2646 2053 ἂ
2673 1998 2844 2070 χωρὶς
2867 1994 3010 2052 εἷναι
3045 1997 3149 2068 τῆς
3179 1998 3367 2062 οὐσίας
3401 1999 3466 2052 οὐ
3509 1998 3672 2051 δύνα-

2096 2109 2208 2156 ται,
2265 2091 2442 2145 ποιὸν
2472 2092 2566 2144 καὶ
2609 2090 2807 2144 ποσὸν
2846 2091 2942 2143 καὶ¹
2972 2091 3123 2158 πρός
3163 2107 3217 2144 τι
3267 2091 3362 2144 καὶ
3411 2088 3533 2144 ποῦ
3583 2091 3681 2143 καὶ

2097 2188 2242 2238 πότε
2259 2185 2350 2237 καὶ
2369 2184 2599 2236 κεῖσθαι
2627 2184 2720 2236 καὶ
2747 2182 2911 2251 ἔχειν
2933 2184 3026 2236 καὶ
3055 2181 3245 2235 ποιεῖν
3268 2183 3362 2235 καὶ
3384 2182 3676 2250 πάσχειν.

2102 2279 2288 2328 Ἔστιν
2345 2272 2437 2328 οὖν
2488 2276 2648 2327 ἐννέα
2698 2275 2765 2327 τὰ
2803 2274 3186 2344 συμϐεϐηκότα
3237 2277 3302 2344 τῇ
3360 2274 3544 2344 οὐσίᾳ.
3595 2267 3678 2336 οἷς

2098 2369 2476 2439 ἀριθμουμένη
2509 2367 2552 2397 ⁷⁷
2598 2365 2810 2436 συνέχει
2850 2365 2941 2417 τὸν
2965 2365 3168 2417 τέλειον
3197 2364 3454 2434 ἀριθμὸν,
3485 2365 3582 2417 τὸν
3620 2371 3671 2420 ι’.

2099 2463 2296 2532 Διόπερ
2351 2460 2689 2530 διῃρημένου
2723 2461 2733 2527 Ι
2762 2459 2858 2512 τοῦ
2912 2458 3135 2522 παντὸς,
3168 2457 3243 2522 ὡς
3292 2458 3548 2528 εἴπομεν,
3598 2461 3678 2520 εἰς

2100 2553 2287 2621 νοητὸν
2319 2551 2414 2604 καὶ
2449 2548 2708 2620 αἰσθητὸν
2751 2549 2980 2617 κόσμον,
3013 2546 3208 2616 ἔχομεν
3242 2546 3336 2600 καὶ
3368 2549 3537 2617 ἡμεῖς
3571 2548 3678 2600 ἀπὸ

2095 2645 2192 2700 τοῦ
2233 2642 2428 2714 νοητοῦ
2457 2641 2549 2694 τὸν
2574 2641 2756 2709 λόγον,
2791 2639 2880 2694 ἵνα
2912 2637 2990 2708 τῷ
3020 2637 3164 2708 λόγῳ
3193 2637 3291 2708 τὴν
3325 2637 3436 2691 τῶν
3458 2639 3680 2710 νοητῶν-

2099 2737 2195 2791 καὶ⁸
2219 2735 2532 2805 ἀσωμάτων
2573 2733 2666 2786 καὶ
2715 2731 2876 2785 θείων
2927 2732 3317 2801 ὲττοπτεύωμεν
3367 2732 3414 2762 ’⁸
3459 2732 3676 2792 οὐσίαν,

2099 2829 2383 2899 αἰσθήσεις
2433 2827 2509 2888 δὲ,
2549 2827 2737 2896 φησὶν,
2776 2823 2974 2894 ἔχομεν
3007 2824 3187 2887 πέντε,
3221 2824 3514 2892 δσφρησιν.
3549 2824 3678 2892 ὅρα-

2102 2939 2208 2984 σιν,
2235 2920 2428 2989 ἀκοὴν,
2463 2916 2652 2985 γεῦσιν
2678 2917 2772 2968 καὶ
2810 2914 2975 2984 ἁφὴν,
3019 2915 3077 2966 ἐν
3127 2907 3208 2976 οἷς
3238 2913 3348 2966 τῶν
3394 2913 3680 2983 αἰσθητῶν

2100 3009 2376 3084 ἐρχόμεθα
2407 3009 2486 3070 εἰς
2514 3006 2719 3076 γνῶσιν
2743 3022 2757 3036 ⁸
2797 3007 2893 3059 καὶ
2916 3004 3080 3070 οὕτω,
3121 3005 3306 3075 φησὶν,
3337 3003 3460 3057 ἐστὶ
3491 3004 3684 3077 διῃρη-

2105 3104 2265 3174 μένος
2310 3103 2340 3154 ό
2396 3098 2653 3169 αἰσθητὸς
2685 3099 2730 3129 ⁷ν
2766 3097 2874 3150 ἀπὸ
2934 3097 3026 3150 τοῦ
3071 3096 3263 3167 νοητοῦ
3298 3096 3537 3166 κόσμου.
3572 3094 3682 3148 Καὶ

2100 3194 2184 3248 ὅτι
2214 3191 2410 3261 ἔχομεν
2459 3188 2716 3258 γνώσεως
2748 3187 2981 3259 ὄργανον
3015 3188 3147 3257 πρὸς
3180 3186 3444 3258 ἑκάτερον
3474 3186 3682 3246 αὐτῶν.

2101 3283 2358 3337 ἐντεῦθεν
2415 3279 2798 3350 κατανοῶμεν..
2845 3279 3033 3343 Οὐδὲν,
3086 3279 3242 3349 φησὶ,
3295 3278 3408 3332 τῶν
3471 3279 3681 3348 νοητῶν

2100 3372 2342 3443 γνωστὸν
2358 3373 2493 3442 ἡμῖν
2515 3369 2737 3422 δύναται
2765 3367 3025 3436 γενέσθαι
3046 3367 3112 3420 δι’
3134 3365 3475 3436 αἰσθήσεως·
3501 3367 3682 3420 ὲκεῖνο

2100 3466 2210 3538 γὰρ
2258 3463 2382 3518 οὔτε
2423 3460 2701 3532 ὀφθαλμὸς
2751 3456 2914 3524 εἶδεν,
2952 3458 3078 3513 οὔτε
3133 3457 3227 3523 οὖς
3270 3461 3536 3531 ἡκουσεν,
3568 3457 3680 3512 οὔτ’

2104 3557 2266 3626 ἔγνω,
2293 3556 2452 3628 φησὶ,
2480 3555 2590 3608 τῶν
2611 3553 2793 3608 ἄλλων
2820 3552 3134 3623 αἰσθήσεων
3161 3550 3534 3621 οἰαδητισοῦν.
3559 3549 3680 3602 Οὐδ’

2103 3643 2172 3700 αὖ
2205 3645 2366 3699 πάλιν
2394 3644 2473 3715 τῷ
2499 3645 2643 3714 λόγῳ
2669 3646 2749 3708 εἰς
2776 3645 2978 3712 γνῶσιν
3001 3642 3108 3695 τῶν
3137 3641 3414 3711 αἰσθητῶν
3441 3644 3546 3711 οὐχ
3573 3636 3682 3694 οἷόν

2103 3755 2163 3790 τε
2192 3736 2364 3790 ἐλθεῖν
2401 3753 2566 3799 τινος,
2605 3735 2741 3789 ἀλλά
2773 3735 2853 3787 δεῖ
2877 3736 2959 3788 ὅτι
2997 3734 3189 3787 λευκόν
3219 3734 3366 3785 ἐστιν
3399 3734 3554 3798 ἰδεῖν,
3589 3735 3680 3786 καί

2106 3825 2408 3894 γεύσασθαι
2442 3825 2524 3877 ὃτι
2554 3823 2754 3891 γλυκὺ,
2794 3825 2886 3877 καὶ
2923 3824 3005 3876 ὅτι
3043 3821 3291 3893 ᾠδικὸνῆ
3323 3821 3604 3892 ἀπῳδικδν
3638 3821 3684 3849 ⁸⁸

2107 3915 2452 3977 ἀκούσαντας
2482 3914 2702 3971 εἰδέναι.
2739 3915 2835 3966 καὶ
2857 3915 2910 3966 εῖ
2934 3931 2986 3966 τι
3015 3914 3122 3966 τῶν
3144 3912 3328 3982 ὀσμῶν
3352 3913 3506 3965 ἐστιν
3543 3911 3683 3964 εὐῶ-

2107 4010 2196 4072 δες
2220 4008 2254 4078 ἢ
2289 4006 2478 4078 ἀηδὲς,
2506 4006 2826 4077 ὀσφρήσεως
2860 4005 3042 4076 ἔργον,
3073 4005 3134 4058 ού
3173 4004 3356 4074 λόγου.
3406 4005 3686 4069 Ὡσαύτως

2109 4101 2168 4154 δὲ
2206 4100 2322 4171 ἔχει
2348 4098 2443 4152 καὶ
2472 4097 2543 4151 τὰ
2574 4099 2672 4168 τῆς
2710 4097 2857 4167 ἁφῆς
2871 4110 2888 4138 ἐ
2925 4096 3161 4168 σκληρὸν
3195 4097 3303 4167 γὰρ
3333 4095 3366 4167 ἢ
3393 4097 3708 4167 ἁπαλὸν.ἦ.

2109 4190 2336 4262 θερμὸν,
2371 4189 2404 4259 ἢ
2443 4187 2651 4259 ψυχρὸν
2673 4187 2771 4258 οὐχ
2801 4181 2915 4240 οἷόν
2951 4187 3011 4240 τέ
3038 4190 3187 4241 ἐστιν
3211 4187 3526 4242 ἀκούσαντα
3556 4189 3687 4242 εἰδέα

2109 4301 2219 4347 ναι,
2250 4281 2388 4335 ἀλλά
2415 4281 2525 4352 γὰρ
2559 4280 2669 4334 τῶν
2707 4280 2968 4333 τοιούτων
2993 4281 3110 4334 ἐστὶ
3130 4279 3209 4351 [p.
3241 4278 3364 4334 180.
3407 4279 3538 4352 181]
3562 4281 3684 4351 κρί-

2113 4389 2198 4435 σις
2235 4373 2268 4443 ὴ
2304 4373 2442 4443 ἁφή.
2492 4371 2712 4425 Τούτων
2746 4370 2918 4434 οὕτως
2957 4370 3361 4442 ὑφεστηκότων,
3391 4372 3428 4441 ἡ
3461 4370 3683 4424 διακόσ-

430 4479 640 4528 eorum,
673 4477 794 4533 qum
837 4461 978 4516 facta
1010 4470 1135 4517 sunt
1158 4477 1384 4532 quaeque
1434 4463 1588 4526 ﬁunt,
1628 4471 1881 4533 tanquam
1913 4481 1992 4535 pel

2118 4483 2284 4538 μησις
2328 4465 2435 4518 τῶν
2489 4465 2792 4532 γεγονότων
2836 4463 2934 4517 καὶ
2963 4462 3262 4533 γινομένων
3299 4461 3685 4532 ἀριθμητικῶς

436 4571 685 4611 numeros
707 4556 846 4612 facta
880 4555 1214 4625 intelligitur.
1247 4555 1382 4610 Nam
1405 4557 1548 4612 sicut
1575 4574 1604 4609 a
1640 4559 1867 4612 mouade
1893 4560 2002 4613 orsi

433 4649 731 4702 secundum
785 4649 1178 4718 appositionem
1227 4649 1516 4701 ntonadum
1559 4650 1641 4702 vel
1685 4651 1917 4704 triadum
1953 4661 2006 4706 et

435 4739 687 4810 deinceps
737 4738 1105 4794 coniectorum
1165 4753 1510 4792 numerorum
1555 4756 1716 4792 unum
1793 4739 2006 4810 aliquod

435 4837 668 4898 systema
705 4827 928 4882 facimus
953 4826 1246 4879 maximum
1282 4828 1510 4890 muneri,
1539 4827 1734 4882 deinde
1766 4843 1954 4882 rursus
1979 4845 2009 4882 a

435 4934 662 4974 numero
701 4933 767 4972 ex
803 4919 1191 4988 compositione
1229 4920 1473 4972 eoul'ecto
1516 4921 1880 4976 subtractione
1907 4921 2008 4974 ali-

435 5020 542 5078 qua
569 5018 623 5062 et
647 5007 994 5062 reiteratione
1043 5005 1364 5060 solutionem
1407 5009 2009 5077 contpositorumaritb-

2110 4556 2370 4624 γικομένη
2418 4553 2726 4624 θεωρεῖται.
2772 4555 2870 4606 Ὃν
2903 4553 3012 4622 γὰρ
3048 4551 3246 4621 τρόπον
3290 4551 3400 4605 ἀπὸ
3456 4549 3685 4620 μονάδος

2112 4650 2410 4720 ἀρξάμενοι
2448 4646 2590 4699 κατά
2625 4643 2945 4716 προσθήκην
2992 4643 3235 4715 μονάδων
3269 4643 3304 4713 ἢ
3329 4642 3566 4712 τριάδων
3591 4643 3689 4696 καὶ

2112 4740 2219 4793 τῶν
2261 4737 2389 4806 ἑξῆς
2429 4735 2838 4808 ἀθροιζομένων
2891 4734 3143 4805 ἀριθμῶν
3202 4732 3262 4785 ἒν
3313 4749 3366 4785 τι
3425 4732 3683 4804 σύστημα

2115 4827 2381 4900 ποιοῦμεν
2443 4827 2700 4897 μέγιστον
2751 4824 3027 4897 ἀριθμοῦ,
3071 4819 3189 4877 εἶτα
3238 4822 3403 4876 πάλιν
3456 4825 3688 4880 ἀπὸτοῦ

2115 4921 2256 4976 κατὰ
2291 4919 2390 4989 τὴν
2446 4917 2695 4970 σύνθεσιν
2734 4915 3114 4988 ἀθροισθέντος
3159 4913 3447 4984 ἀφαιρέσει
3479 4916 3526 4948 ⁸¹
3581 4919 3690 4971 qua

2117 5014 2212 5067 καὶ
2239 5009 2596 5080 ἀναποδισμῷ
2633 5011 2677 5042 δ’
2726 5008 2882 5062 λύσιν
2912 5008 3021 5061 τῶν
3050 5005 3400 5061 συνεστώτων
3449 5009 3689 5081 ἀριθμηρ

1716 5130 1952 5187 ΥΑΒΙίΕ
1985 5133 2392 5190 LECTIONES.

541 5249 585 5279 θ’
617 5248 652 5316 ἡ
685 5246 850 5318 μονὰς
883 5264 995 5304 om.
1027 5249 1089 5305 C.
1188 5252 1235 5283 7°
1263 5251 1414 5306 δέκα.
1444 5252 1506 5306 δὲ
1558 5253 1654 5305 καὶ
1699 5253 1761 5306 C.

442 5317 508 5370 18
546 5329 600 5372 et
639 5317 778 5375 Iretl.
802 5320 937 5376 Adv.
968 5322 1100 5378 liter.
1135 5323 1182 5385 1.
1213 5323 1267 5386 5,
1306 5321 1341 5374 ‘2
1370 5323 1601 5376 Massuet
1649 5341 1668 5378 :

1855 5258 1898 5287 '”
1939 5255 2096 5308 τοῦτο
2120 5253 2184 5319 C,
2212 5253 2280 5307 Μ.
2383 5255 2430 5286 τ’
2460 5253 2613 5316 ἰῶτα,
2647 5251 2744 5322 τὴν
2795 5253 2923 5322 μίαν
2971 5253 3194 5320 κεραίαν
3256 5249 3351 5322 Cf.
3413 5248 3607 5301 Matth.
3640 5264 3694 5308 τ,

1721 5325 1830 5377 Καὶ
1876 5329 2001 5388 τοὺς
2029 5326 2159 5378 δέκα
2199 5324 2402 5388 αἰῶνας
2432 5321 2803 5386 ὡσαύτωςίδιὰ
2831 5321 2926 5376 τοῦ
2976 5322 3107 5374 ἰῶτα
3161 5321 3487 5391 γράμματος
3677 5358 3692 5372 .

439 5387 784 5472 σημαίνουσι,
821 5390 1077 5472 λέγεσθαι
1102 5411 1117 5424 -
1171 5392 1402 5472 καὶ-διά
1455 5392 1634 5472 τοῦτο.
1672 5395 1951 5472 εἰρηκέναι
1984 5387 2100 5448 ίτὸν
2135 5387 2391 5472 Σωτῇρα,
2417 5394 2572 5448 ’ἰῶτα
2603 5393 2684 5472 ἓν,
2747 5393 2779 5464 ἢ
2834 5393 2949 5472 μία.
2991 5387 3184 5472 κεραία
3201 5387 3695 5472 continuato-€163:

441 5457 546 5531 ἕως
595 5457 660 5531 ἂν
718 5457 905 5514 πάντα
943 5462 1186 5531 γένηται.

440 5527 571 5598 τῶν.
631 5529 664 5594 ἡ
730 5531 837 5581 τῶν
897 5527 1189 5598 Roeperus.

1279 5465 1326 5494 ⁷³
1359 5465 1411 5516 lu
1468 5466 1566 5516 hoc
1622 5461 1738 5517 loco
1783 5461 2039 5528 una-dant
2101 5461 2366 5518 excidisse
2421 5461 3016 5519 sententiarumseries
3061 5464 3216 5514 tidem
3289 5461 3441 5512 facit.

1285 5535 1330 5564 ⁷⁸
1353 5535 1760 5606 λαμϐανομένη.
1791 5537 2174 5604 λαμϐανομένη
2197 5552 2211 5566 ⁸
2273 5531 2430 5606 ᾗ-Μ,
2462 5533 2846 5606 λαμϐανομένη
2873 5548 2885 5560 ⁸
2940 5533 3032 5606 καὶ
3086 5531 3381 5606 ιίρρρετηε.

3517 5458 3565 5489 τι
3601 5445 3697 5510 κει

2277 5530 2303 5547 ‘I’

3458 5529 3502 5557 ⁷⁸
3531 5529 3696 5595 γέννη

443 5596 504 5656 (λι
532 5595 586 5675 δὲ
622 5598 751 5664 γένη
771 5601 914 5675 13h":
933 5595 1206 5675 l’clcrsctt.
1284 5606 1328 5634 ⁷⁷
1358 5605 1394 5657 ἂ
1419 5595 1483 5673 τῇ
1519 5595 1673 5674 οὐσίᾳ
1727 5595 2246 5675 συναριθμούμεναῖ
2279 5595 2377 5666 ὀἷς
2420 5595 2910 5675 συναριθμουμένη
2979 5601 3090 5669 ἔχει
3123 5595 3423 5675 “deponis.
3498 5598 3548 5628 "
3581 5601 3692 5675 έπε-

446 5665 733 5744 -Ξτεύωμεν
899 5673 1005 5744 ἠ’-ὁ
1047 5674 1322 5744 αἰσθητός.
1378 5662 1633 5742 αἰσθητὸς
1650 5663 1723 5728 ’(3.
1801 5662 2135 5744 δυῷδίκὸνῆ
2173 5662 2468 5742 ἀπῳδικόν.
2514 5662 2718 5726 δίκαιον

1329 5747 1375 5779 ⁸³
1417 5747 1769 5811 ἀναποὸισμῶ
1821 5749 2116 5811 Rncpet'us,
2168 5745 2517 5813 ἀναλογισμῷ
2547 5745 2606 5813 C,
2636 5744 2703 5800 Μ.

450 5729 742 5802 Roepci'us,
770 5739 1041 5806 ἀναιρέσει
1083 5743 1144 5807 C,
1182 5729 1250 5795 Si.

2843 5672 3024 5726 ἄδικον
3065 5673 3128 5730 (3.
3164 5671 3231 5724 Μ.

3312 5672 3355 5701 ⁸⁸
3408 5668 3697 5740 ἀφαιρέσει
