3804 6220
232 335 377 398 3239

1336 328 1632 390 CONTRA
1667 328 2016 391 H/ERESIS
2051 332 2197 393 LIB.
2240 334 2339 395 VI.

3341 338 3493 402 3240‘

235 447 335 498 καὶ
372 442 471 512 τῆς
503 440 678 511 Ζωῆς,
730 432 812 503 οἷς
842 438 1019 492 ταῦτα
1056 437 1127 491 τά
1170 435 1410 507 ὀνόματα
1463 436 1806 509 χαρίζονται·

1920 449 2021 496 tem
2055 442 2160 497 illis
2193 442 2542 501 duodecimus
2574 454 2629 501 et
2677 455 2802 501 natu
2854 449 3365 506 minimusomnium
3398 454 3481 508 vi-

237 536 595 607 Παράκλητος
644 534 739 585 καὶ
790 532 1000 595 Πίστις,
1051 528 1395 599 Πατρικὸς⁶⁰
1448 531 1544 583 καὶ
1596 529 1805 595 Ἐλπὶς,

234 626 523 697 Μητρικδς
540 626 583 655 ⁶¹
621 624 715 676 καί
774 622 1007 693 Ἀγάπη,
1072 620 1306 683 Ἀείνους
1332 621 1377 652 “
1412 621 1506 674 καὶ
1555 621 1803 684 Σύνεσις,

247 716 736 786 Ἐκκλησιαστικὺς
795 715 888 767 καὶ
934 713 1291 783 Μακαριότης
1318 714 1384 778 ⁸³,
1441 713 1675 784 Θελητὸς
1714 713 1809 767 καὶ

235 810 431 878 Σοφία.
472 809 603 861 Ἀπὸ
627 808 684 859 δὲ
709 806 819 859 τῶν
847 804 1071 858 δεκαδύο
1098 807 1127 858 6
1151 805 1447 869 δωδέκατος
1472 806 1569 859 καὶ
1601 804 1807 858 νεώτα-

236 920 333 963 τος
374 901 599 954 πάντων
625 899 731 951 τῶν
761 898 1083 952 εἰκοσιοκτὼ
1136 898 1368 960 αἰώνων,
1406 898 1571 967 θῆλυς
1608 896 1683 949 ὣν
1715 898 1811 951 καὶ

239 992 578 1062 καλούμενος
627 991 817 1060 Σοφία,
870 992 1167 1062 κατενόησε
1222 991 1283 1044 τὸ
1316 990 1520 1060 πλῆθος
1575 990 1671 1043 καὶ
1709 990 1811 1061 τὴν

237 1082 478 1153 δύναμιν
528 1081 637 1134 τῶν
693 1082 1099 1152 γεγεννηκότων
1124 1081 1183 1121 ⁸⁵·
1218 1081 1430 1136 αἰώνων
1460 1081 1555 1133 καὶ
1582 1081 1809 1152 ἀνέδρα-

241 1192 349 1245 μεν
379 1175 461 1237 εἰς
492 1172 556 1227 τὸ
590 1172 753 1243 βάθος
780 1172 839 1224 τὸ
861 1172 952 1225 τοῦ
984 1172 1222 1242 Πατρδς,
1258 1172 1353 1225 καὶ
1382 1171 1622 1241 ἐνόησεν,
1654 1172 1734 1225 ὅτι
1760 1172 1809 1224 οἰ

242 1266 345 1336 μὲν
390 1265 541 1320 ἄλλοι
570 1264 772 1325 πάντες
800 1262 995 1326 αἰῶνες
1023 1264 1275 1334 γεννητοί
1304 1263 1642 1333 ὑπάρχοντες
1672 1263 1812 1316 κατά

243 1357 511 1425 συζυγίαν
539 1355 824 1423 γεννῶσιν,
858 1355 885 1406 6
914 1354 969 1408 δὲ
1000 1354 1190 1426 Πατὴρ
1228 1356 1387 1424 μόνος
1419 1355 1619 1423 ἄζυγος
1652 1354 1810 1423 ἐγέν-

239 1466 428 1519 νησεν.
468 1448 727 1518 Ἦθέλησε
751 1449 794 1480 ⁸⁸
826 1448 1171 1518 μιμήσασθαι
1194 1448 1287 1500 τὸν
1316 1447 1537 1518 Πατέρα
1566 1448 1659 1500 καί
1688 1465 1812 1515 γεν-

241 1538 409 1606 νῆσαι
431 1537 479 1569 ⁸⁸
500 1538 621 1592 καθ’
644 1540 843 1610 ἑαυτὴν
863 1540 984 1609 δίχα
1009 1538 1102 1592 τοῦ
1125 1538 1379 1605 συζύγου,
1407 1539 1490 1591 ἴνα
1516 1539 1679 1608 μηδὲν
1768 1540 1809 1569 ⁸⁷

242 1630 407 1700 ἔργον
425 1630 812 1702 ὑποδεέστερον
831 1632 922 1684 τοῦ
941 1631 1151 1701 Πατρδς
1169 1632 1524 1701 εἰργασμένη,
1548 1631 1812 1697 ἀγνοοῦσα

242 1720 328 1772 ὃτι
377 1721 406 1773 6
438 1721 536 1791 μὲν
575 1721 887 1789 ἀγέννητος,
930 1720 1189 1791 ὑπάρχων
1210 1719 1351 1791 ἀρχὴ
1401 1720 1508 1773 τῶν
1559 1720 1693 1774 ὅλων
1718 1722 1811 1775 καὶ

1914 535 2046 604 ginti
2080 546 2203 589 octo
2232 552 2465 602 agonum,
2501 538 2590 607 qui
2619 537 2904 595 femininus
2929 551 3009 596 est
3053 553 3107 596 et
3140 544 3354 597 nomine
3388 558 3481 598 vo-

1915 638 2065 683 catus
2100 628 2319 697 Sophia,
2354 631 2745 699 centemplatus
2786 635 3176 691 multitudinem
3210 646 3264 690 et
3316 646 3481 705 pote-

1915 726 2103 771 statem
2128 734 2358 786 montum,
2404 721 2495 789 qui
2523 736 2870 791 generavcre,
2911 727 3136 780 recurrit
3165 726 3216 779 in
3260 725 3489 795 profun-

1916 807 2135 862 ditatem
2173 807 2376 875 Patris,
2429 819 2485 865 et
2530 812 2700 866 sensit
2760 812 2995 882 reliquos
3046 830 3234 869 omnes
3281 830 3480 878 aaones,

1916 909 2097 968 utpote
2128 910 2430 967 generatos,
2470 917 2565 971 per
2606 905 3032 974 conjngationem
3075 921 3350 973 generare,
3385 922 3483 975 pa-

1919 998 2051 1044 trem
2106 1003 2285 1045 autem
2340 994 2509 1047 solum
2566 996 2802 1063 injngmn
2875 998 3237 1067 generavisse.
3304 997 3487 1053 Voluit

1918 1082 2078 1151 igitur
2118 1083 2314 1137 imitari
2339 1083 2552 1139 Patrem
2585 1098 2639 1140 et
2678 1103 2937 1157 generare
2973 1104 3067 1159 per
3099 1103 3157 1143 se
3182 1105 3422 1145 seorsum
3451 1105 3481 1144 a

1916 1172 2161 1241 conjuge,
2209 1186 2267 1229 ut
2296 1190 2362 1229 ne
2392 1176 2518 1245 quid
2546 1177 2767 1233 inferius
2795 1180 2957 1235 Patre
2980 1196 3115 1248 opus
3148 1180 3482 1250 perfecisset,

1916 1267 2111 1336 quippe
2137 1267 2411 1336 ignorans,
2436 1284 2542 1322 non
2573 1282 2886 1339 generatum
2921 1274 3089 1337 illum,
3118 1288 3237 1327 cum
3259 1272 3489 1327 exsistat

1918 1357 2237 1426 principium
2280 1359 2648 1414 universorum
2684 1370 2737 1413 et
2788 1362 2939 1415 radix
2971 1372 3025 1417 ct
3066 1362 3403 1431 profunditas
3431 1372 3493 1417 et'

1919 1450 2105 1515 imum,
2132 1465 2286 1518 posse
2308 1465 2569 1520 generare
2593 1469 2688 1522 per
2705 1470 2761 1506 se
2785 1455 2977 1521 ipsum,
3005 1454 3259 1524 Sephiam
3283 1467 3482 1515 autem,

1919 1556 2037 1609 qua:
2070 1542 2140 1594 sit
2168 1552 2415 1610 generata
2447 1551 2500 1596 et
2546 1553 2665 1611 post
2712 1544 2890 1611 plures
2917 1555 3034 1598 orta
3059 1585 3074 1609 ,
3106 1560 3211 1597 non
3245 1545 3483 1613 generati

1920 1645 2236 1704 potestatem
2262 1637 2458 1691 habere
2483 1653 2586 1691 non
2616 1655 2794 1708 posse.
2824 1638 2878 1692 In
2907 1656 3008 1693 non
3043 1648 3298 1708 generato
3315 1640 3483 1703 enim,

1920 1725 2115 1795 inquit,
2149 1737 2274 1781 sunt
2303 1728 2482 1783 omnia
2510 1730 2689 1795 simul,
2730 1730 2779 1783 in
2818 1731 3086 1801 generatis
3113 1740 3291 1783 autem
3330 1730 3483 1784 femi-
3521 1718 3540 1829 ³)

245 1810 380 1881 ῥίζα.
407 1812 502 1864 καὶ
543 1811 705 1882 βάθος
749 1812 843 1865 καὶ
905 1811 1085 1881 βυθὸς,
1127 1812 1365 1876 δυνατῶς
1411 1811 1522 1882 ἔχει
1556 1814 1810 1882 γεννῆσαι

1920 1819 2100 1871 ninum
2135 1828 2216 1873 est
2242 1821 2489 1875 essentia:
2518 1822 2911 1891 projecticinm,
2954 1822 3247 1877 masculum
3298 1831 3477 1875 autem

245 1901 434 1970 μόνος,
454 1903 685 1973 γεννητὴ
704 1903 750 1934 ⁸⁸
776 1903 832 1956 δὲ
860 1899 994 1956 οὖσα
1020 1903 1235 1973 ήΣοφία
1260 1903 1355 1957 καὶ
1382 1904 1519 1974 μετά
1539 1904 1818 1969 πλείοντας

240 1994 537 2064 γενομένη,
582 1996 681 2064 τὴν
728 1994 821 2046 τοῦ
875 1995 1170 2064 ἀγεννήτου
1210 1994 1438 2064 δύναμιν
1476 1996 1536 2047 οὐ
1591 1995 1815 2050 δύναται

240 2086 413 2156 ἔχειν.
469 2089 557 2141 Ἐν
615 2088 713 2157 μὲν
761 2088 867 2158 γάρ
922 2086 999 2157 τῷ
1048 2089 1413 2157 ἀγεννήτῳεν,
1460 2088 1643 2157 φησὶν,
1703 2088 1818 2143 ἔστι

243 2182 425 2233 πάντα
446 2180 600 2251 ὁμοῦ,
633 2183 690 2233 ἐν
716 2180 771 2232 δὲ
794 2183 902 2242 τοῖς
923 2182 1198 2249 γεννητοῖς
1224 2180 1267 2209 ⁷⁰
1295 2180 1354 2232 τὸ
1385 2179 1484 2249 μὲν
1508 2180 1639 2249 θῆλύ
1668 2182 1817 2233 ἐστιν

239 2275 432 2338 οὐσίας
478 2274 863 2345 προϐλητικὸν,
912 2274 973 2326 τὺ
1019 2273 1075 2325 δὲ
1109 2273 1279 2344 ἄρρεν
1327 2275 1669 2343 μορφωτικὸν
1722 2276 1817 2344 τῆς

241 2367 351 2420 ὑπὸ
386 2366 475 2420 τοῦ
506 2366 708 2429 θέλεως
738 2365 1177 2436 προϐαλλομένης
1214 2364 1420 2427 οὐσίας.
1454 2366 1757 2435 Προέϐαλεν
1775 2368 1817 2397 τι

240 2456 336 2514 οὖν
392 2461 427 2530 ή
471 2460 632 2528 σοφία
683 2458 840 2510 τοῦτο
898 2457 1055 2527 μόνον
1112 2457 1247 2525 ὅπερ
1280 2453 1290 2526 |
1320 2456 1569 2525 ἠδύνατο,
1631 2458 1816 2510 οὐσίαν

242 2550 491 2621 ἄμορφον
508 2551 575 2613 ⁷⁸,
608 2550 700 2602 καὶ
732 2547 1209 2600 ἀκατασκεύαστον
1241 2547 1306 2599 ⁷³.
1343 2548 1451 2599 Καὶ
1488 2547 1643 2598 τοῦτό
1664 2534 1810 2610 εστι,

1922 1909 2261 1965 formativum
2293 1913 2540 1967 essentia:
2591 1929 2619 1966 a
2675 1913 2911 1967 femineo
2948 1913 3216 1982 proiectae.
3255 1912 3487 1982 Projecit

1921 2004 2084 2070 igitur
2112 2003 2312 2072 Sophia
2359 2006 2459 2059 hoc
2495 1996 2667 2059 solum
2698 2009 2836 2073 quod
2870 2006 3061 2075 potuit,
3089 2006 3374 2059 essentiam
3407 2005 3489 2056 in-

1919 2093 2143 2148 formem
2172 2106 2224 2149 et
2247 2096 2593 2149 inconditam.
2630 2094 2695 2148 Et
2728 2098 2827 2149 hoc
2854 2106 2952 2158 est,
2984 2095 3190 2163 inquit,
3231 2092 3372 2162 quod
3414 2092 3488 2145 ait

1920 2183 2142 2237 Moses:
2199 2184 2360 2238 Terra
2415 2194 2589 2239 autem
2635 2198 2745 2239 erat
2784 2186 3055 2239 invisibilis
3102 2196 3147 2238 et
3196 2183 3485 2238 incondita.

1924 2274 2067 2337 llaec,
2099 2276 2292 2344 inquit,
2332 2288 2412 2331 est
2452 2279 2587 2331 bona
2614 2277 2699 2330 illa
2735 2286 2788 2329 et
2818 2278 3052 2331 caalestis
3081 2274 3400 2336 Jerusalem,
3433 2272 3484 2324 in

1918 2383 2076 2434 quam
2104 2368 2350 2436 promisit
2393 2368 2531 2423 Deus
2569 2383 2627 2423 se
2671 2370 3096 2423 introductnrum
3142 2368 3281 2420 filios
3324 2362 3487 2417 Israel

1917 2458 2102 2511 dicens
2130 2476 2143 2511 :
2177 2458 2437 2513 Inducam
2463 2477 2548 2514 vos
2572 2461 2626 2513 in
2648 2469 2841 2513 terram
2864 2461 3049 2513 bonam
3065 2460 3309 2527 ﬂuentem
3339 2453 3489 2507 melle

1913 2560 1959 2601 et
1995 2549 2148 2603 lacte.

243 2642 432 2713 φησὶν,
461 2643 489 2695 ὃ
516 2643 662 2711 λέγει
694 2642 951 2707 Μωῦσῆςο
992 2641 1145 2693 Ἡδὲ
1176 2639 1249 2709 γῆ
1271 2642 1317 2671 ⁷⁵
1346 2638 1423 2709 ἦν
1471 2642 1723 2709 ἀόρατος
1782 2641 1880 2696 καὶ
1920 2645 2471 2714 ἀκατασκεύαστος.
2513 2649 2660 2720 Αὕτη
2718 2650 2855 2711 ἐστὶ,
2906 2648 3089 2717 φησὶν,
3145 2648 3178 2716 ἡ
3224 2646 3422 2715 ἀγαθὴ,
3452 2647 3487 2715 ἡ

242 2736 567 2805 ἐπουράνιος
629 2734 1013 2805 Ἰερουσαλὴμ,
1050 2737 1129 2797 εἰς
1181 2736 1248 2804 ἢν
1286 2736 1651 2806 ἐπηγγείλατο
1686 2740 1713 2790 ὁ
1741 2737 1873 2802 Θεὸς
1908 2742 2222 2810 εἰσαγαγεῖν
2265 2744 2390 2806 τοὺς
2446 2744 2594 2809 υἱοὺς
2662 2743 2914 2815 Ἰσραὴλ,
2978 2742 3181 2809 λέγων·
3252 2737 3494 2803 Εἰσάξω

239 2829 401 2901 ὑμᾶς
420 2831 466 2863 ⁷⁸
496 2833 582 2896 εἰς
614 2829 731 2899 γῆν
756 2831 987 2898 ἀγαθὴν
1003 2830 1272 2897 ῥέουσαν
1297 2832 1433 2900 μέλι
1464 2831 1562 2884 καί
1590 2830 1763 2900 γάλα.

315 2922 415 2977 λα’.
441 2922 743 2991 Γενομένης
761 2917 854 2975 οῦν
878 2922 1026 2984 ἐντὸς
1048 2921 1413 2992 πληρώματος
1439 2924 1657 2991 ἀγνοίας
1675 2925 1815 2977 κατά

239 3014 342 3087 τὴν
365 3014 557 3082 σοφίαν
581 3013 675 3067 καὶ
690 3014 965 3084 ἀμορφίας
988 3013 1127 3067 κατά
1148 3015 1207 3066 τὸ
1229 3013 1472 3084 γέννημα
1488 3015 1585 3084 τῆς
1602 3015 1814 3084 σοφίας,

1992 2923 2080 2977 51.
2133 2920 2260 2977 Orta
2315 2922 2476 2991 igitur
2530 2922 2674 2977 intus
2736 2922 2790 2976 in
2836 2921 3133 2991 pleromate
3188 2919 3487 2988 ignorantia

1921 3015 2065 3069 circa
2114 3014 2367 3084 Sophiam
2429 3023 2483 3068 et
2536 3013 2866 3068 informitate
2930 3013 3074 3067 circa
3124 3023 3332 3081 partum
3390 3014 3490 3069 So-

243 3084 329 3179 [p.
360 3105 487 3159 188.
523 3104 650 3176 189]
715 3104 939 3176 θόρυϐος
975 3106 1190 3172 ἐγένετο
1219 3107 1275 3158 ὲν
1312 3106 1390 3176 τῷ
1428 3106 1749 3178 πληρώματι
1771 3109 1810 3139 ⁷⁸

1920 3106 2094 3175 phiae,
2155 3104 2409 3158 tumultus
2454 3105 2662 3159 exstitit
2714 3105 2765 3158 in
2828 3104 2993 3174 276
3031 3133 3058 3144 -
3095 3104 3257 3173 277
3313 3106 3491 3174 plero-

242 3196 318 3268 [οἰ
348 3196 543 3259 αἰῶνες
572 3196 621 3248 οἰ
651 3194 956 3267 γενόμενοι]
977 3236 993 3262 ,
1026 3197 1109 3249 ὅτι
1150 3196 1542 3265 παραπλησίως
1592 3197 1817 3268 ἄμορφα

238 3286 338 3338 καὶ
368 3285 530 3356 ἀτελῆ
577 3284 866 3354 γενήσεται
892 3284 1002 3336 τῶν
1045 3283 1253 3336 αἰώνων
1275 3284 1343 3337 τὰ
1375 3286 1689 3356 γεννήματα
1722 3287 1815 3339 καὶ

238 3375 421 3447 φθορά
466 3393 552 3438 τις
592 3374 961 3445 καταλήψεται
1009 3376 1110 3428 οὐκ
1138 3377 1218 3439 εἰς
1253 3376 1470 3446 μακράν
1512 3393 1641 3428 ποτε
1685 3377 1813 3441 τοὺς

239 3466 466 3529 αἰῶνας.
497 3466 824 3533 Κατέφυγον
854 3459 947 3518 οὖν
978 3465 1177 3528 πάντες
1211 3467 1258 3518 οἰ
1291 3466 1481 3529 αἰῶνες
1512 3467 1602 3518 ὲπί
1629 3467 1812 3536 δέησιν

239 3559 338 3611 τοῦ
363 3558 598 3628 Πατρδς,
635 3557 722 3609 ἵνα
747 3555 1091 3627 λυπουμένην
1124 3558 1223 3627 τὴν
1254 3557 1454 3626 Σοφίαν
1486 3557 1773 3629 ἀναπαύσῃ
1794 3575 1807 3588 ·

241 3651 429 3705 ἔκλαιε
451 3650 507 3718 ⁷ἰ
538 3649 649 3719 γὰρ
698 3649 794 3702 καὶ
846 3647 1190 3719 κατωδύρετο
1236 3650 1328 3700 ὲπί
1360 3648 1437 3719 τῷ
1467 3648 1821 3719 γεγενημένῳ

242 3743 337 3797 ὑπ’
362 3741 532 3812 αὐτῆς
554 3741 872 3811 ἐκτρώματι
896 3756 907 3770 ·
938 3738 1081 3793 οὕτω
1106 3739 1212 3809 γὰρ
1236 3740 1509 3792 καλοῦσιν.
1555 3740 1811 3810 Ἐλεήσας

241 3829 336 3887 οὖν
363 3834 392 3884 ὁ
426 3831 617 3902 Πατὴρ
664 3832 734 3885 τὰ
765 3832 977 3903 δάκρυα
1014 3832 1115 3900 τῆς
1153 3832 1350 3901 Σοφίας
1378 3832 1471 3885 καὶ
1513 3832 1811 3901 προσδεξά-

1920 3205 2107 3258 mate,
2165 3210 2232 3249 ne
2281 3195 2484 3262 pariter
2531 3194 2779 3247 informia
2851 3205 2905 3246 et
2954 3194 3265 3262 imperfecta
3292 3195 3491 3249 evade-

1920 3291 2039 3335 rent
2066 3297 2148 3345 ea,
2177 3296 2294 3350 quae
2317 3283 2384 3336 ab
2414 3282 2656 3336 monibus
2676 3289 2829 3336 erant
2850 3291 3125 3350 generata,
3161 3292 3214 3335 et
3238 3284 3489 3339 interitus

1917 3373 2113 3443 aliquis
2131 3374 2426 3443 corriperet
2448 3380 2569 3442 post
2588 3389 2690 3428 non
2717 3372 2941 3426 multum
2966 3385 3175 3442 tempus
3198 3374 3489 3443 aliquando

1917 3482 2113 3521 aeones.
2148 3466 2518 3537 Confttgerunt
2556 3466 2716 3536 igitur
2753 3481 2945 3520 omnes
2971 3480 3149 3521 mones
3190 3467 3255 3519 ad
3300 3481 3486 3533 preca-

1919 3558 2113 3612 tionem
2166 3557 2376 3625 Patris,
2429 3566 2485 3611 ut
2531 3565 2847 3612 maerentem
2906 3556 3163 3626 Sophiam
3229 3558 3484 3625 placaret.

1916 3648 2167 3703 l'lorabat
2194 3650 2333 3704 enim
2363 3659 2417 3702 et
2448 3648 2752 3717 ingemebat
2785 3657 3001 3716 prepter
3027 3648 3327 3701 abortivum
3357 3663 3387 3700 a
3428 3664 3497 3703 se-

1916 3751 2228 3809 generatum
2253 3757 2268 3806 ;
2300 3740 2378 3795 sic
2399 3740 2541 3793 enim
2568 3739 2855 3809 appellant.
2883 3738 3165 3793 Miseratus
3197 3739 3358 3807 igitur
3380 3737 3485 3791 Pa-

1920 3839 2001 3884 ter
2053 3828 2316 3900 lacrymas
2352 3828 2564 3896 SOphite
2620 3838 2839 3897 accepta
2893 3820 3200 3898 precatione
3275 3844 3487 3883 monum

244 3939 406 3994 μενος
424 3923 535 3977 τῶν
562 3923 775 3976 αἰώνων
802 3923 900 3993 τὴν
924 3922 1127 3989 δέησιν,
1156 3922 1542 3993 ἐπιπροϐαλεῖν
1568 3922 1806 3974 κελεύει’

1920 3920 2137 3989 insuper
2164 3920 2429 3990 projicere
2452 3920 2621 3989 jnhet.
2652 3918 2767 3973 Non
2799 3921 2941 3974 enim
2974 3922 3107 3990 ipse,
3135 3921 3328 3990 inquit,
3361 3936 3488 3989 pro-

240 4015 306 4068 ού
335 4013 444 4085 γὰρ
477 4014 662 4078 αὐτὸς,
706 4012 859 4083 φησί,
895 4013 1213 4084 προέϐαλεν,
1253 4012 1387 4065 άλλά
1408 4014 1435 4065 6
1464 4012 1606 4074 Νοῦς
1652 4012 1743 4064 καί
1776 4014 1809 4083 ἡ

1920 4012 2063 4080 iecit,
2098 4013 2192 4066 sed
2224 4010 2373 4067 Mens
2393 4022 2446 4067 et
2472 4010 2682 4066 Veritas
2704 4010 2975 4066 Christum
3002 4021 3057 4066 et
3080 4012 3338 4082 Spiritmn
3366 4028 3489 4067 san-

254 4105 529 4177 Ἀλήθεια,
568 4107 805 4177 Χριστὸν
846 4106 941 4158 καὶ
970 4104 1195 4174 Πνεῦμα
1234 4102 1387 4172 ἅγιον
1416 4104 1496 4166 εἰς
1533 4104 1809 4174 μόρφωσιν

1920 4113 2059 4159 ctum
2110 4104 2164 4157 in
2213 4102 2584 4159 formationem
2634 4113 2689 4157 et
2735 4102 3114 4158 discretionem
3158 4104 3383 4156 abortivi
3434 4112 3490 4157 et

241 4197 343 4251 καὶ
384 4196 647 4268 διαίρεσιν
685 4195 778 4250 τοῦ
822 4194 1172 4265 ὲκτρώματος
1206 4195 1299 4247 καὶ
1339 4194 1691 4265 παραμυθίαν
1719 4194 1810 4247 καὶ

1920 4193 2331 4248 consolationem
2376 4204 2430 4247 et
2455 4194 2808 4263 placationem
2854 4193 3068 4263 Sophia:
3103 4193 3481 4249 lamentorum.

240 4286 604 4340 διανάπαυσιν
634 4286 743 4339 τῶν
765 4287 863 4356 τῆς
888 4285 1088 4354 Σοφίας
1119 4285 1459 4354 στεναγμῶν.
1491 4285 1598 4338 Καὶ
1630 4284 1809 4352 γίνον-

1920 4283 1980 4337 Et
2006 4285 2276 4339 exsistunt
2322 4285 2538 4355 triginta
2576 4300 2755 4340 mones
2803 4300 2923 4339 cum
2958 4286 3172 4340 Christo
3196 4294 3250 4339 et
3280 4282 3487 4353 Spiritu

241 4396 335 4431 ται
382 4376 677 4447 τριάκοντα
726 4377 919 4440 αἰῶνες
972 4376 1110 4448 μετά
1156 4377 1251 4431 τοῦ
1286 4377 1520 4447 Χριστοῦ
1566 4378 1661 4431 καὶ
1714 4377 1809 4431 τοῦ

1920 4387 2123 4432 Sancto.
2158 4374 2275 4430 .lam
2304 4377 2520 4445 quidam
2548 4391 2735 4432 eorum
2788 4377 2930 4431 hanc
2973 4392 3093 4431 esse
3142 4376 3324 4430 volunt
3356 4376 3489 4429 tria-

244 4469 404 4537 ἁγίου
434 4468 770 4539 Πνεύματος.
799 4470 953 4532 Τινὲς
987 4470 1083 4540 μὲν
1116 4463 1209 4523 οὖν
1232 4469 1408 4523 αὐτῶν
1435 4470 1639 4541 ταύτην
1669 4467 1808 4524 εἰναι

1920 4469 2194 4523 contadem
2221 4483 2455 4532 aeonum,
2483 4468 2574 4523 alii
2601 4478 2779 4523 autem
2810 4484 2913 4523 una
2944 4468 3210 4523 exsistere
3230 4484 3351 4523 cum
3384 4466 3495 4521 Pa-

245 4562 462 4615 θέλουσι
496 4563 596 4632 τὴν
632 4562 991 4630 τριακοντάδα
1019 4561 1129 4614 τῶν
1160 4561 1389 4629 αἰώνων,
1418 4564 1562 4627 τινὲς
1589 4563 1645 4615 δὲ
1683 4580 1810 4617 συν-

1920 4568 2002 4613 tre
2032 4559 2192 4629 Sigen
2238 4574 2361 4614 cum
2409 4560 2581 4630 iisque
2614 4561 2912 4630 computari
2942 4575 3122 4614 :eones
3150 4559 3351 4614 volunt.
3394 4559 3488 4614 ln-

244 4654 514 4725 υπάρχειν
538 4653 618 4724 τῷ
652 4654 827 4723 Πατρί
858 4653 1023 4723 Σιγὴν
1046 4651 1166 4685 ἰδ-⁷³
1202 4655 1295 4707 καὶ
1330 4654 1428 4707 σὺν
1469 4654 1650 4717 αὐτοῖς
1678 4672 1810 4708 κατ-

1920 4664 2075 4719 super
2102 4650 2370 4720 proiectus
2398 4651 2562 4722 igitur
2604 4668 2635 4706 a
2667 4651 2840 4707 Mente
2870 4660 2925 4708 et
2967 4652 3205 4707 Veritate
3234 4651 3489 4706 Christus

243 4746 597 4817 αριθμεῖσθαι
643 4747 768 4809 τοὺς
811 4744 1012 4809 αἰῶνας
1051 4745 1316 4800 θέλουσιν.
1363 4746 1810 4817 Ἐπιπροὸληθείς

1920 4750 1969 4796 et
1993 4741 2227 4811 Spiritus
2250 4751 2468 4799 sanctus
2488 4744 2675 4800 statim
2699 4745 3000 4799 abortivum
3027 4743 3309 4798 informem
3339 4744 3487 4799 hunc

245 4832 342 4891 οὖν
370 4837 399 4889 6
425 4837 659 4907 Χριστὸς
696 4837 792 4891 καὶ
816 4837 875 4889 τὸ
902 4836 1055 4905 ἅγιον
1082 4837 1304 4905 Πνεῦμα
1337 4820 1442 4889 ὑπὸ
1463 4836 1556 4890 τοῦ
1582 4835 1693 4889 Νοῦ
1721 4836 1810 4889 καί

1920 4831 2130 4903 SOphiae
2162 4848 2191 4887 a
2226 4848 2284 4888 se
2316 4834 2429 4889 sola
2458 4843 2513 4889 et
2542 4851 2784 4891 seorsum
2816 4851 2847 4890 a
2874 4834 3100 4905 conjuge
3129 4834 3364 4905 genitum
3394 4849 3484 4889 se-

242 4928 347 4999 τῆς
384 4928 684 4999 Ἀληθείας,
709 4927 911 4992 εὐθέως
932 4926 999 4981 τὸ
1022 4926 1281 4998 ἐκτρωμα
1306 4927 1365 4981 τὸ
1390 4927 1635 4999 ἄμορφον
1655 4927 1810 4980 τοῦτο

1920 4935 2103 4996 gregat
2132 4928 2199 4982 ab
2220 4928 2489 4984 universis
2514 4930 2774 4995 monibus,
2793 4943 2859 4984 ne
2884 4935 3168 4984 cernentes
3197 4925 3348 4983 illum
3371 4941 3487 4998 per-

1514 5097 1749 5155 VARIIE
1785 5096 2185 5155 LECTIONES.

319 5257 367 5290 “
400 5255 678 5326 πατρικῶς
738 5256 803 5321 C,
846 5254 918 5311 M.
979 5254 1092 5311 Cfr.
1150 5255 1289 5311 Iren.
1353 5254 1389 5311 Ι.
1443 5255 1481 5308 1.
1618 5256 1661 5287 ⁶¹
1706 5255 1985 5356 μητρικῶς
2046 5254 2109 5322 C,
2167 5255 2239 5311 M.
2286 5255 2369 5310 Cf.
2420 5253 2562 5311 Iren.
2620 5256 2656 5311 Ι.
2703 5256 2741 5309 l.
2892 5256 2933 5288 ¹²
2987 5253 3220 5318 ἀεινοῦς.
3286 5252 3485 5315 αἰῶνος

371 5326 414 5356 II
501 5327 571 5356 ΡΙ
640 5327 755 5356 Ι-ηη
843 5325 855 5356 Ι
939 5326 952 5356 1
1074 5325 1119 5356 8³
1153 5324 1481 5356 ιιηυηλιρσιλι
1540 5324 1581 5356 l'
1658 5324 1703 5356 Μ
1832 5329 1851 5356 ι
1878 5326 2251 5356 υρυριι-υᾹι-..ιη
2280 5326 2319 5356 Ρ
2440 5327 2485 5356 BI
2526 5326 2783 5356 ’ΠΩλῚ-..ορ
2815 5324 2909 5356 ἣν
2946 5340 3010 5356 nn
3050 5323 3305 5356 ἠαέὶυιρρ
3338 5320 3481 5356 AI“,

245 5327 313 5391 ε,
370 5326 440 5380 Μ.
501 5323 584 5383 Cf.
617 5327 778 5397 ilren.
842 5325 878 5380 Ι.
937 5326 974 5397 1.
1034 5396 1041 5397 7
1074 5325 1119 5357 "
1151 5324 1482 5397 μακαριστὸς
1540 5323 1729 5397 (ΣῌΜ.
1762 5323 1777 5397 κ’
1805 5323 1851 5397 ‘3
1878 5326 2251 5397 γεγενηκότων
2280 5326 2342 5397 (3.
2440 5327 2485 5397 ξ’
2526 5326 2784 5396 Ἦθέλησε
2814 5324 2909 5397 δεῖ)
2944 5340 3011 5397 an
3050 5323 3481 5397 ’HOékqasuo'Sv?

246 5390 579 5483 ⁶⁶ίγεννῆσαι
612 5396 918 5483 Boepergs,
954 5390 1210 5483 ἐγέννησε
1236 5390 1314 5483 9,
1340 5395 1419 5483 Al.
1484 5390 1596 5483 "'7;
1619 5390 1707 5465 ἦν.
1747 5390 1902 5481 6C."
1956 5390 2021 5428 ’⁸⁸
2058 5390 2257 5482 γενῃτὴ
2298 5396 2392 5483 fl.»
2435 5396 2480 5428 ‘9
2520 5390 2768 5483 ἀγενήτῳ
2804 5394 2867 5449 C.
2944 5395 2989 5426 ¹⁷⁹
3021 5390 3358 5483 γενητοίξιϐ.
3380 5395 3481 5483 n’:

247 5463 583 5537 προσέϐαλεν
610 5466 672 5527 C,
698 5466 768 5519 M.
842 5466 889 5497 "
924 5463 1195 5536 εὔμορφον
1235 5468 1299 5524 C.
1337 5463 1407 5518 M.
1484 5465 1530 5497 ⁷⁸
1570 5463 2077 5519 ἀκατασκεύαστον.
2118 5463 2546 5519 εὐκατάσϐεστον
2589 5467 2651 5533 C,
2675 5463 3204 5519 ἐῦκατασκεύαστον
3235 5464 3304 5518 Μ.
3380 5463 3477 5518 ⁷⁸1

247 5537 384 5590 Mos.
416 5552 453 5600 ι,
486 5538 540 5591 2.
614 5538 660 5569 ⁷⁸
688 5536 728 5590 ll
757 5535 892 5590 Mos.
934 5551 1130 5605 xxxnl,
1161 5535 1195 5589 5
1224 5552 1237 5589 :
1274 5536 1383 5589 Καὶ
1404 5534 1604 5605 εἰσάξω
1638 5552 1696 5588 σε
1720 5537 1799 5599 εἰς
1824 5539 1927 5605 γῆν
1955 5537 2182 5605 ῥέουσαν
2209 5537 2349 5602 γάλα
2374 5536 2467 5589 καὶ
2496 5536 2638 5604 μέλι,
2667 5537 2789 5591 coll.
2830 5552 2948 5601 cap.
2980 5550 3061 5605 tu,
3094 5535 3165 5589 8:
3196 5536 3302 5589 Καὶ
3324 5534 3476 5587 εἰσαο

247 5608 447 5674 γαγεῖν
478 5607 673 5672 αρτοὺς
706 5608 786 5670 είς
820 5606 924 5675 γῆν
956 5604 1174 5676 ἀγαθὴν
1202 5605 1297 5658 καὶ
1332 5604 1549 5675 πολλὴν,
1582 5607 1659 5667 εἰς
1689 5607 1790 5676 γῆν
1841 5604 2070 5675 ῥέουσαν
2101 5606 2241 5673 γάλα
2282 5606 2375 5659 καὶ
2425 5605 2565 5674 μέλι,
2593 5625 2647 5659 κ.
2682 5626 2732 5660 τ.
2781 5606 2830 5659 λ.
2885 5607 2947 5676 7⁷⁸
2981 5604 3315 5676 Seclnsimus
3356 5618 3481 5672 qua:

251 5678 319 5749 ad
351 5674 1080 5749 explicandumvocabulum
1122 5674 1506 5749 πλῄρωμαηκ
1547 5674 1791 5749 margine
1828 5674 2113 5749 irrepsisse
2160 5676 2443 5749 videntnr_:
2485 5676 2806 5749 ζξῖφοϐοῦντο
2834 5675 2941 5749 γάρ
2974 5677 3023 5730 οἱ
3052 5676 3242 5739 αἰῶνες
3270 5674 3320 5727 οἰ
3347 5689 3472 5745 γενι-

251 5743 485 5817 νώμενοι
511 5748 596 5804 vel
624 5746 797 5804 simile
825 5746 951 5816 quid
983 5759 1131 5815 susp.
1167 5743 1248 5798 Mf
1316 5746 1359 5778 ⁷⁷
1400 5745 1579 5799 ἔκλεαι
1618 5746 1678 5800 C.
1753 5746 1870 5779 ""79
1903 5747 2086 5815 Σιγήν.
2134 5747 2211 5809 εἰς
2246 5745 2348 5815 γῆν
2386 5744 2455 5810 C,
2482 5745 2550 5802 Μ.
