3804 6220
166 365 315 431 3259

1253 368 1551 428 CONTIU
1590 366 1953 427 HERESES
1973 368 2127 437 ,LIB.
2158 368 2259 430 VI.

3284 369 3426 433 3260

173 479 274 531 καὶ
307 474 645 546 ἐπαναχέων,
677 475 1043 545 ἀναλυομένου
1085 476 1125 505 ⁸⁷
1162 476 1255 529 τοῦ
1304 480 1597 551 φαρμάκου
1650 478 1755 533 ὑπὸ

1870 488 2142 549 postquam
2178 442 2451 547 sublevit:
2475 478 2636 548 idque
2666 487 2919 547 tanquam
2950 479 3084 536 nihil
3108 480 3238 535 insit
3266 496 3422 537 mon-

174 573 279 638 τῆς
309 567 405 621 τοῦ
437 566 605 637 ὑγροῦ
630 567 852 637 μίξεως,
878 567 1029 631 ὄντος
1058 566 1336 636 φυσώδους
1362 610 1377 634 ,
1412 570 1752 642 πλεονασμὸς

173 660 271 714 τοῦ
308 660 652 732 κεράσματος
688 661 903 728 ἐγίνετο
944 660 1040 714 καὶ
1077 661 1172 714 ἐπὶ
1203 661 1458 715 τοσοῦτον
1500 662 1751 734 ηὔξανεν,

174 752 235 812 ἐς
280 751 403 803 ὅσον
448 752 918 820 ἐπαναχυνόμενον
967 752 1230 815 ἐκινεῖτο,
1283 752 1539 821 τοιαύτης
1586 753 1753 824 οὔσης

176 843 279 910 τῆς
306 841 396 893 τοῦ
432 843 720 912 φαρμάκου
758 843 993 911 φύσεωςο
1021 842 1050 895 ὃ
1084 846 1133 896 εί
1156 844 1410 898 ἀπόθοιτό
1439 846 1484 877 ⁸⁸
1506 863 1591 909 τις
1615 846 1752 916 πλη-

175 933 375 1000 ρωθὲν,
409 933 525 1003 μετ’
551 933 613 985 οὺ
644 934 777 987 πολὺ
804 936 893 997 ἐἰς
921 933 980 986 τὸ
1013 934 1155 988 κατά
1179 935 1339 1004 φύσιν
1367 937 1563 1008 μέτρον
1593 938 1755 992 πάλιν

175 1026 543 1094 τραπήσεται,
563 1026 664 1096 τῆς
686 1026 779 1079 τοῦ
804 1028 1098 1098 φαρμάκου
1124 1028 1407 1099 δυνάμεως
1436 1030 1755 1101 σϐεσθείσης

176 1120 245 1186 τῇ
271 1116 364 1169 τοῦ
398 1117 566 1188 ὑγροῦ
596 1122 913 1190 παραμονῇ.
946 1119 1038 1173 Διὸ
1073 1120 1212 1190 μετά
1241 1121 1477 1192 σπουδῆς
1505 1124 1619 1185 τοῖς
1652 1139 1757 1174 πα-

180 1206 339 1277 ροῦσι
367 1209 681 1279 προσεδίδου
720 1210 913 1274 πίνειν,
961 1213 1009 1263 οί
1053 1212 1110 1264 δέ
1138 1210 1214 1274 ὡς
1248 1212 1391 1267 θεῖόν
1425 1231 1477 1267 τι
1524 1216 1619 1267 καὶ
1648 1214 1755 1285 θεῷ

174 1301 623 1372 μεμελετημένον
647 1302 966 1373 φρίσσοντες
988 1303 1104 1374 ἅμα
1142 1306 1236 1358 καὶ
1273 1305 1595 1369 σπεύδοντες
1633 1306 1754 1359 ἐπι-

176 1408 292 1445 νον.

253 1481 334 1555 [ρ.
370 1481 657 1555 τοι-εοδ]
683 1490 793 1554 μα’.
812 1486 1051 1540 Τοιαῦτα
1066 1486 1122 1539 δὲ
1143 1488 1237 1541 καὶ⁸
1258 1488 1423 1559 ἕτερα
1457 1489 1754 1559 ἐπεχείρει,

175 1579 208 1629 ὁ
236 1575 437 1639 πλάνος
463 1580 655 1630 ποιεῖν’
680 1577 760 1631 διὸ
791 1577 896 1630 ύπδ
914 1578 1025 1631 τῶν
1052 1579 1430 1651 ἀπατωμένων
1453 1580 1755 1646 ἐδοξάζετο,

179 1668 278 1719 καὶ
328 1669 457 1721 ποτὲ
485 1669 529 1700 δ’
568 1669 731 1732 αὐτὸς
768 1670 1051 1741 ἐνομίζετο
1084 1672 1472 1742 προφητεύειν,
1519 1673 1650 1726 ποτέ
1699 1674 1756 1727 δὲ

180 1760 280 1813 καὶ
308 1760 523 1831 ἐτέρους
552 1761 726 1814 ἐποίει
746 1801 762 1823 ,
799 1764 887 1816 ὅτε
928 1762 1025 1833 μὲν
1056 1765 1148 1817 καὶ
1174 1764 1263 1818 διὰ
1286 1742 1556 1836 δαιιλόνων
1586 1765 1758 1820 ταῦτα

1858 572 2072 637 Stravit,
2103 581 2159 625 et
2197 569 2390 626 aﬂ‘udit
2416 584 2483 624 ex
2528 570 2740 625 minore
2770 580 2826 626 et
2862 586 3051 627 rursus
3083 570 3295 637 alludit,
3332 588 3422 626 re-

1859 660 2035 713 soluto
2071 675 2167 728 per
2214 660 2494 714 misturatn
2553 659 2762 714 humidi
2813 661 3215 717 medicamento
3238 671 3427 731 utpote

1857 750 2131 807 llatuoso:
2182 751 2478 806 abundavit
2522 751 2751 806 mistura
2776 764 2833 806 et
2880 752 2931 805 iu
2972 763 3177 806 tantum
3228 754 3424 815 crevit,

1859 844 1912 895 in
1935 853 2194 911 quantum
2226 842 2280 897 id
2311 842 2456 913 quod
2491 841 2724 898 aﬂ‘usum
2757 854 2843 898 est
2874 848 3239 909 movebatur,
3277 860 3426 912 quo-

1858 935 2004 991 niam
2038 934 2143 991 ista
2192 944 2279 991 est
2334 935 2717 991 medicamenti
2762 944 2974 990 natura.
3020 935 3177 1003 Quod
3213 937 3257 990 si
3305 936 3430 1007 quis

1857 1038 2105 1095 sepouat,
2148 1044 2256 1085 non
2301 1028 2471 1083 multo
2502 1037 2624 1098 post
2666 1028 2721 1082 in
2758 1028 3061 1082 naturalem
3115 1043 3426 1083 mensuram

1859 1133 2047 1173 rursus
2071 1118 2263 1186 abibit,
2288 1119 2669 1174 medicamenti
2712 1118 2765 1172 vi
2794 1120 3061 1174 exstincta
3096 1119 3303 1173 humidi
3347 1136 3431 1173 re-

1859 1209 2160 1265 mansione.
2203 1210 2329 1265 Ideo
2360 1220 2721 1280 properanter
2758 1210 2827 1266 iis
2850 1212 2941 1279 qui
2971 1210 3206 1265 aderant
3226 1211 3431 1280 praebe-

1859 1298 1952 1353 bat
1974 1310 2183 1369 potum,
2220 1301 2295 1355 illi
2318 1310 2496 1355 autem
2537 1310 2794 1369 tanquam
2821 1300 3064 1356 divinum
3090 1302 3346 1371 quiddam
3380 1313 3433 1355 ct

1858 1390 1969 1447 Deo
1993 1395 2309 1449 meditatum
2337 1394 2625 1448 horrentes
2645 1393 2877 1449 simulet
2897 1405 3122 1450 aventes
3148 1394 3422 1447 bibebant.

1927 1481 2273 1553 δοῦ-30],
2331 1485 2422 1537 41.
2474 1482 2625 1537 Talia
2690 1497 2820 1537 vero
2873 1491 2928 1537 et
2980 1484 3084 1537 alia
3135 1485 3435 1536 conabatur

1857 1575 2220 1645 praestigiator
2255 1573 2343 1628 ille
2394 1575 2594 1639 facere,
2636 1586 2970 1646 quapmpter
3004 1575 3056 1629 iu
3082 1589 3270 1629 eorum
3300 1589 3437 1645 quos

1856 1667 2068 1735 decepit
2100 1664 2464 1720 admiratione
2497 1676 2636 1732 erat,
2679 1677 2735 1720 et
2763 1667 3056 1738 aliquando
3101 1666 3216 1735 ipse
3248 1665 3438 1721 crede-

1858 1758 2022 1812 batur
2064 1757 2371 1821 vaticinari,
2430 1757 2721 1827 aliquando
2770 1768 2951 1812 autem
2996 1766 3051 1812 et
3097 1756 3232 1811 alios
3277 1754 3437 1810 iusti-

180 1851 448 1920 ἐνεργῶν,
492 1852 581 1905 ὅτε
628 1853 685 1905 δὲ
736 1854 829 1907 καὶ
882 1852 1149 1918 κυϐεύων,
1208 1854 1219 1925 |
1290 1854 1365 1918 ὼς
1402 1855 1756 1926 προείπομεν.

1870 1850 2071 1916 luebat,
2138 1864 2262 1905 cum
2318 1859 2430 1905 tum
2482 1865 2579 1919 per
2625 1849 2898 1906 daemones
2949 1851 3063 1904 haec
3128 1848 3437 1920 peragebat,

179 1941 421 2006 Πολλοὺς
450 1944 498 1975 ⁸⁸
527 1944 703 1998 τοίνυν
730 1945 1083 2015 ἐξαφανίσας,
1106 1947 1203 2000 καὶ
1232 1946 1460 2010 πολλοὺς
1487 1946 1761 2012 τοιούτους

184 2034 438 2105 μαθητὰς
503 2037 667 2089 αὑτοῦ
720 2038 1045 2107 γενομένους
1098 2036 1459 2108 προεϐίϐασεν
1507 2038 1763 2104 εὐκόλους

182 2125 289 2195 μὲν
322 2122 462 2179 εἷναι
503 2126 718 2191 διδάξας
748 2129 883 2198 πρὸς
932 2129 991 2182 τὸ
1034 2130 1392 2201 ἁμαρτάνειν,
1446 2130 1763 2195 ἀκινδύνους

178 2220 242 2273 δὲ
273 2219 363 2271 διὰ
391 2219 454 2272 τὸ
475 2216 610 2273 εἶναι
632 2220 677 2251 ⁸⁸
708 2220 810 2290 τῆς
839 2221 1053 2284 τελείας
1081 2221 1363 2293 δυνάμεως
1387 2222 1482 2275 καὶ
1519 2223 1763 2293 μετέχειν

179 2310 286 2379 τῆς
315 2310 632 2381 ἀνεννοήτου
669 2310 948 2375 ἐξουσίας·
988 2305 1069 2375 οἷς
1098 2306 1194 2365 καὶ
1225 2313 1362 2381 μετά
1386 2311 1450 2364 τὸ
1481 2311 1764 2381 βάπτισμα

179 2401 375 2470 ἕτερον
421 2399 875 2468 ἐπαγγέλλονται,
929 2401 957 2453 δ
1008 2402 1262 2456 καλοῦσιν
1320 2403 1760 2470 ἀπολύτρωσιν,

184 2496 284 2545 καὶ
302 2495 359 2546 ἐν
388 2492 561 2562 τούτῳ
588 2493 1018 2562 ἀναστρέφοντες
1053 2494 1239 2557 κακῶς
1266 2495 1393 2557 τοὺς
1434 2494 1616 2556 αὐτοῖς
1656 2511 1761 2547 πα-

188 2585 522 2655 ραμένοντας
553 2584 640 2637 ἐπ’
669 2584 845 2637 ἐλπίδι
882 2585 979 2655 τῆς
1006 2585 1460 2656 ἀπολυτρώσεως,
1490 2586 1567 2650 ὼς
1590 2588 1633 2618 ⁵¹
1672 2588 1763 2641 δυ-

182 2677 457 2745 ναμένους
506 2678 644 2747 μετὰ
674 2678 735 2731 τὸ
763 2677 911 2743 ἀπαξ
958 2677 1353 2747 βαπτισθέντας
1394 2678 1556 2733 πάλιν
1586 2679 1632 2711 ⁸⁸
1670 2697 1764 2733 τυ-

183 2770 305 2837 χεῖν
351 2769 617 2834 ἀφέσεως,
668 2768 757 2822 διὰ
802 2768 897 2822 τοῦ
922 2770 969 2801 ⁸⁸
1015 2769 1259 2822 τοιούτου
1305 2772 1766 2842 πανουργήματος

186 2857 435 2926 συνέχειν
465 2857 679 2911 δοκοῦσι
710 2860 836 2923 τοὺς
866 2861 1140 2930 ἀκροατὰς
1160 2901 1173 2923 ,
1204 2859 1295 2923 οὒς
1332 2860 1469 2913 ἐπὰν
1504 2862 1767 2932 νομίσωσι

183 2947 573 3017 δεδοκιμάσθαι
604 2949 699 3003 καὶ
725 2949 984 3003 δύνασθαι
1029 2950 1325 3020 φυλάσσειν
1362 2950 1544 3014 αὐτοῖς
1576 2949 1646 3003 τά
1678 2967 1767 3003 πι-

187 3040 318 3105 στά,
345 3040 465 3093 τότε
496 3041 590 3094 ἐπὶ
617 3040 775 3096 τοῦτο
798 3043 990 3112 άγουσι
1020 3044 1153 3114 μηδὲ
1179 3044 1352 3115 τούτῳ
1380 3044 1527 3115 μόνῳ
1565 3042 1766 3113 ἀρκού-

184 3148 369 3201 μενοι,
399 3131 537 3185 ἀλλά
560 3133 653 3185 καὶ
691 3132 877 3203 ἔτερόν
901 3150 955 3187 τι
984 3134 1444 3205 ἐπαγγελλόμενοι
1470 3135 1518 3167 ⁸⁸
1546 3134 1684 3205 πρὸς
1707 3134 1767 3186 τὸ
1792 3181 1836 3237 c

184 3223 523 3292 συγκρατεῖν
553 3224 749 3285 αὐτοὺς
788 3228 855 3295 τῇ
894 3224 1100 3288 ἐλπίδι,
1132 3227 1279 3289 ὅπως
1320 3226 1612 3298 ἀχώριστοι
1641 3221 1764 3281 ὦσι.

185 3315 426 3383 Λέγουσι
455 3317 563 3385 γάρ
588 3334 641 3368 τι
671 3319 821 3387 φωνῇ
854 3317 1106 3388 ἀρρήτῳ,
1136 3318 1468 3382 ἐπιτιθέντες
1506 3321 1663 3390 χεῖρα
1691 3320 1768 3390 τῷ

183 3406 290 3475 τὴν
319 3406 694 3476 ἀπολύτρωσιν
723 3407 962 3473 λαϐόντι,
1005 3410 1033 3461 δ
1072 3412 1376 3477 φάσκουσιν
1400 3410 1634 3474 ἐξειπεῖν
1676 3411 1769 3463 εύ-

188 3496 366 3559 κόλως
405 3497 478 3567 μὴ
522 3497 818 3564 δύνασθαι,
850 3502 898 3551 εί
934 3500 1007 3571 μή
1051 3518 1134 3562 τις
1166 3502 1251 3572 εἵη
1299 3502 1699 3573 ὑπερδόκιμος,
1734 3500 1769 3572 ἢ

185 3589 281 3641 ὅτε
328 3590 552 3660 τελευτᾷ
594 3590 729 3658 πρὸς
759 3591 821 3644 τὸ
858 3587 950 3654 οὖς
992 3592 1163 3645 ἐλθὼν
1202 3593 1409 3662 λέγειὸ
1449 3595 1767 3657 ἐπίσκοπος.

191 3679 306 3731 Καὶ
342 3680 498 3733 τοῦτο
526 3682 583 3734 δὲ
616 3682 983 3754 πανούργημα
1022 3684 1160 3755 πρὸς
1207 3684 1267 3737 τὸ
1309 3684 1397 3737 ἀεὶ
1436 3686 1773 3756 παραμένειν

187 3773 321 3833 τοὺς
367 3771 615 3842 μαθητὰς
648 3773 725 3844 τῷ
756 3775 1061 3846 ἐπισκόπῳ,
1096 3776 1453 3845 γλιχομένους
1484 3777 1674 3847 μαθεῖν
1709 3778 1773 3831 τὸ

188 3864 242 3915 τί
295 3879 428 3915 ποτε
468 3864 551 3934 εἴη
598 3864 757 3918 τοῦτο
821 3867 908 3919 ἐπ’
947 3868 1191 3937 ἐσχάτων
1240 3866 1556 3937 λεγόμενον,
1603 3868 1672 3921 δι’
1710 3862 1772 3923 οὗ

189 3954 351 4027 [τῶν]
383 3957 429 3987 ⁸⁸
458 3957 678 4010 τελείων
722 3958 875 4011 ἔσται
908 3960 937 4011 ὁ
972 3959 1278 4030 μανθάνων’
1319 3958 1356 4012 ἀ
1382 3958 1574 4011 τούτου
1613 3959 1773 4030 χάριν

188 4044 500 4115 ἐσιώπησα,
535 4050 608 4117 μή
644 4049 775 4100 ποτέ
808 4066 893 4111 τις
937 4047 1361 4119 κακοηθίζεσθαί
1384 4050 1428 4080 ⁸⁵⁷
1473 4066 1542 4120 με
1576 4049 1772 4112 αὐτοὺς

186 4139 394 4211 νομίσῃ
413 4178 427 4200 ,
456 4140 548 4191 καὶ
578 4141 686 4210 γὰρ
718 4142 778 4192 ού
810 4140 969 4194 τοῦτο
992 4143 1124 4212 ἡμῖν
1151 4141 1469 4214 πρόκειται,
1506 4141 1620 4195 ἀλλ’
1649 4142 1682 4212 ἢ
1714 4141 1775 4193 τὸ

185 4231 398 4296 δεῖξαι,
429 4231 550 4285 ὅθεν
571 4232 667 4296 τὰς
693 4234 948 4304 ἀφορμὰς
974 4233 1229 4297 λαϐόντες
1253 4235 1435 4297 αὐτοῖς
1457 4234 1524 4287 τὰ
1551 4234 1775 4300 δόξαντα

190 4323 563 4394 ἐνεστήσαντο
591 4324 657 4377 ⁸⁸.

259 4502 367 4573 λβ¹.
403 4504 515 4557 Καὶ
556 4504 664 4573 γὰρ
698 4504 793 4555 καὶ
819 4504 848 4556 ὁ
881 4503 1149 4574 μακάριος
1192 4504 1562 4576 πρεσϐύτερος
1604 4504 1770 4577 Εἰρη-

1866 1953 1978 1997 tum
2030 1956 2161 1997 vero
2210 1950 2267 1995 et
2312 1942 2626 2012 praestigiis,
2695 1951 2753 1996 ut
2812 1942 3181 2010 praediximus.
3245 1939 3439 1994 Ilultos

1864 2034 2047 2102 igitur,
2082 2047 2219 2102 quos
2248 2034 2556 2103 deceperat,
2582 2034 2896 2104 multosque
2915 2034 3006 2104 qui
3028 2033 3164 2089 tales
3187 2032 3438 2103 discipuli

1862 2126 1983 2195 ejus
2025 2126 2378 2190 exstiterunt,
2423 2127 2776 2195 promovebat
2806 2140 3007 2197 pronos
3057 2140 3179 2181 esse
3211 2125 3278 2180 ad
3313 2139 3439 2194 pec-

1864 2218 2095 2270 candum
2141 2218 2397 2281 edocens,
2452 2218 2724 2273 immunes
2774 2226 2953 2274 autem
3007 2217 3256 2288 periculi,
3310 2217 3436 2286 quia

1863 2309 2249 2378 proﬁterentur
2280 2308 2570 2378 perfectam
2620 2311 2876 2364 virtutem
2914 2318 2971 2365 et
3021 2309 3312 2379 participes
3345 2324 3437 2363 es-

1865 2411 1987 2456 sent
2042 2402 2610 2472 incomprehensibilis
2654 2403 2962 2473 potestatis.
3013 2402 3221 2470 Quibus
3274 2400 3437 2455 etiam

1866 2501 1987 2562 post
2032 2493 2357 2564 baptismum
2395 2493 2623 2548 alterum
2660 2494 3006 2564 pollicentur,
3035 2508 3196 2564 quam
3243 2500 3442 2545 vocant

1866 2583 2290 2651 redemptionem,
2318 2593 2372 2640 et
2397 2585 2451 2639 in
2479 2587 2581 2641 hoc
2603 2585 2742 2641 male
2769 2595 3181 2657 corrumpentes
3209 2600 3325 2648 eos,
3346 2584 3438 2653 qui

1866 2675 2008 2744 apud
2058 2689 2119 2729 se
2171 2687 2551 2732 remanserunt
2596 2692 2691 2747 spe
2735 2678 3141 2747 redemptionis,
3188 2686 3437 2746 tanquam

1866 2767 1959 2835 qui
1994 2766 2164 2821 semel
2197 2767 2459 2837 baptizati
2492 2769 2545 2823 in
2569 2780 2856 2839 peccatum
2889 2771 3085 2839 relapsi
3117 2771 3293 2825 denuo
3321 2783 3442 2839 pos-

1867 2860 1981 2913 sint
2013 2860 2213 2914 absolvi
2257 2879 2271 2914 :
2308 2861 2400 2915 tali
2460 2861 2652 2917 fraude
2712 2862 2941 2917 attinere
2992 2861 3244 2916 videntur
3291 2860 3443 2915 audi-

1870 2959 2015 3003 tores
2074 2965 2224 3015 suos,
2273 2966 2412 3020 quos
2461 2951 2556 3006 ubi
2615 2954 2959 3007 arbitrantur
3011 2953 3267 3022 probatos
3322 2966 3444 3008 esse

1867 3055 2137 3110 posseque
2170 3041 2303 3111 ipsis
2354 3057 2550 3096 arcana
2606 3058 2701 3096 sua
2744 3042 3047 3106 custodire,
3075 3054 3187 3096 tum
3236 3055 3302 3097 eo
3351 3042 3445 3097 ud-

1873 3132 2096 3197 ducunt,
2127 3141 2181 3185 et
2207 3148 2271 3186 ne
2297 3134 2349 3186 in
2375 3148 2441 3187 eo
2462 3134 2679 3203 quidem
2702 3135 3143 3203 acquiescentes,
3164 3136 3256 3189 sed
3280 3134 3442 3188 etiam

1871 3222 2012 3277 aliud
2036 3224 2289 3291 quiddam
2323 3224 2639 3293 pollicentes
2683 3226 2749 3279 ad
2795 3225 2914 3281 illus
2959 3241 3053 3296 spe
3103 3226 3441 3297 tulul'cendos,

1864 3321 1930 3368 ut
1960 3316 2015 3368 in
2047 3327 2363 3384 perpetuum
2421 3316 2748 3370 vinciantur.
2798 3316 3125 3387 Loquuntur
3166 3319 3310 3371 enim
3345 3316 3444 3370 ali-

1868 3409 1997 3476 quid
2029 3424 2158 3461 voce
2198 3423 2400 3463 arcana
2435 3402 2595 3461 manu
2624 3408 2875 3477 imposita
2908 3411 2955 3463 ei
2992 3409 3085 3479 qui
3118 3409 3443 3478 redemptio-

1870 3516 1991 3554 nem
2013 3502 2246 3567 act-epit,
2272 3500 2413 3569 quod
2437 3502 2590 3555 aiunt
2618 3516 2677 3555 se
2707 3500 2865 3556 facile
2900 3502 3082 3571 eloqui
3124 3517 3229 3557 non
3264 3516 3442 3572 posse,

1870 3592 1973 3645 nisi
2002 3592 2046 3645 si
2072 3593 2192 3659 quis
2244 3592 2318 3646 sit
2366 3592 2737 3662 maximopere
2791 3593 3071 3662 probatus,
3102 3602 3197 3647 aut
3226 3595 3444 3662 quando

1874 3684 2155 3749 moriatur,
2186 3684 2237 3737 in
2277 3699 2462 3739 aurem
2515 3684 2821 3740 insusurret
2882 3685 3188 3756 episcopus.
3233 3684 3300 3739 Et
3331 3687 3446 3741 haec

1872 3789 2001 3829 vero
2032 3774 2181 3828 fraus
2224 3789 2290 3829 eo
2327 3784 2558 3844 spectat,
2606 3786 2666 3831 ut
2695 3788 2955 3846 perpetuo
2999 3786 3317 3831 remaneant
3361 3776 3447 3831 di-

1872 3868 2063 3936 scipuli
2095 3867 2234 3937 apud
2278 3867 2614 3938 episcopum,
2649 3880 2873 3923 aventes
2898 3869 3132 3935 discere,
3169 3869 3296 3938 quid
3322 3879 3443 3923 tau-

1874 3962 1993 4013 dem
2026 3959 2098 4013 sit
2131 3959 2259 4013 illud
2296 3960 2439 4030 quod
2492 3960 2545 4014 in
2584 3970 2829 4014 extremo
2872 3961 3153 4030 prodatur,
3180 3976 3288 4031 quo
3322 3975 3449 4031 per-

1874 4060 2031 4119 cepto
2063 4050 2114 4104 in
2149 4051 2394 4105 ordinem
2431 4051 2796 4121 perlecturum
2832 4053 3095 4107 eveltatur
3129 4053 3446 4121 discipulus.

1875 4141 2006 4206 Quze
2028 4157 2146 4195 eam
2175 4143 2244 4196 ob
2270 4158 2492 4197 causam
2544 4144 2776 4209 tramisi,
2807 4160 2873 4198 ne
2907 4145 3031 4214 quis
3074 4160 3163 4200 me
3205 4144 3310 4201 illis
3349 4148 3450 4201 ob-

1880 4241 2114 4286 trectare
2139 4231 2474 4297 arbitretur;
2504 4234 2705 4286 etenim
2750 4250 2852 4287 uou
2903 4235 3008 4289 hoc
3055 4234 3211 4291 nobis
3253 4250 3451 4305 propo-

1877 4325 2039 4378 situm
2091 4336 2196 4388 est,
2248 4336 2607 4394 praeterquam
2662 4328 2965 4391 ostendere,
3024 4326 3169 4383 unde
3225 4327 3449 4398 proiecti

1880 4416 2078 4483 placita
2104 4432 2200 4471 sua
2227 4417 2589 4471 condiderint.

1953 4505 2046 4560 42.
2070 4506 2279 4561 Etenim
2325 4518 2378 4561 et
2413 4508 2605 4561 beatus
2651 4510 2934 4578 presbyter
2962 4507 3200 4565 lrenaaus
3231 4509 3453 4567 liberius

192 4602 345 4659 ναῖος
389 4596 850 4667 παρρησιαίτερον
897 4593 976 4665 τῷ
1011 4595 1218 4665 ἐλέγχῳ
1263 4596 1647 4665 προσενεχθεὶς
1701 4596 1758 4649 τὰ

1881 4612 2178 4666 coarguere
2223 4598 2343 4652 illos
2389 4613 2677 4668 aggressus
2735 4599 2868 4654 tales
2916 4599 3215 4655 lavationes
3253 4611 3308 4657 et
3366 4617 3440 4657 re-

189 4690 418 4746 τοιαῦτα
445 4688 722 4757 λούσματα
750 4687 845 4740 καὶ
864 4684 1267 4757 ἀπολυτρώσεις
1287 4686 1501 4753 ἐξέθετο
1521 4688 1589 4754 ⁸⁸,
1614 4688 1771 4759 ἀδρο-

189 4785 527 4856 μερέστερον
556 4778 724 4833 εἰπὼν
767 4778 802 4832 ἀ
847 4779 1204 4848 πράσσουσιν,
1244 4772 1325 4841 οἷς
1362 4778 1680 4847 ἐντυχόντες
1720 4779 1766 4810 ⁸ο

182 4876 341 4938 τινὲς
374 4873 553 4928 αὐτῶν
599 4874 769 4944 ἦρνην
801 4872 811 4939 |
840 4888 933 4922 ται
982 4868 1156 4933 οὕτως
1199 4869 1635 4940 παρειληφέναι,
1681 4870 1768 4923 ἀεὶ

184 4964 476 5036 ἀρνεῖσθαι
510 4964 889 5034 μανθάνοντες.
918 4963 1008 5013 Διὸ
1052 4961 1273 5031 φροντὶς
1315 4961 1448 5031 ἡμῖν
1476 4960 1766 5029 γεγένηται

185 5056 581 5130 ἀκριϐέστερον
602 5054 930 5125 ἐπιζητῆσαι
959 5055 1053 5106 καὶ
1088 5055 1340 5125 ἀνευρεῖν
1372 5053 1726 5126 λεπτομερῶς
1748 5091 1762 5115 ,

185 5148 227 5203 ἃ
251 5148 349 5202 καὶ
374 5148 432 5201 ἐν
459 5144 539 5218 τῷ
565 5144 767 5217 πρώτῳ
803 5142 1014 5213 λουτρῷ
1045 5143 1437 5213 παραδιδόασι,
1474 5144 1533 5196 τὸ
1557 5142 1766 5197 τοιοῦτο

1883 4690 2227 4758 demptiones
2259 4692 2530 4757 exposuit,
2582 4691 2754 4759 magis
2801 4693 3033 4746 strictim
3069 4692 3316 4749 elocutus
3338 4710 3451 4765 qua

1877 4789 2111 4849 patrant,
2169 4782 2367 4848 quibus
2396 4795 2517 4833 cum
2565 4781 2883 4835 incidissent
2939 4782 3178 4836 nonnulli
3234 4797 3446 4847 eorum,

1875 4870 2099 4924 iuticiati
2141 4879 2268 4923 sunt
2297 4870 2369 4923 ita
2401 4884 2525 4925 esse
2563 4872 2857 4940 recepisse,
2885 4872 3086 4941 quippe
3114 4873 3206 4941 qui
3232 4888 3448 4943 semper

1873 4962 2170 5014 doceantur
2229 4961 2481 5017 inliciari.
2520 4960 2880 5027 Quamobrem
2938 4962 3092 5017 nobis
3124 4963 3314 5018 oborta
3365 4977 3451 5024 eSt

1870 5069 1999 5107 cura
2041 5057 2349 5110 accuratius
2410 5055 2765 5123 investigandi
2815 5064 2869 5109 et
2916 5055 3207 5126 indagandi
3265 5056 3447 5128 singu-

1873 5145 2044 5211 latim,
2079 5162 2200 5214 quae
2240 5156 2293 5197 ct
2346 5146 2397 5198 in
2458 5149 2629 5213 primo
2660 5149 2878 5200 lavacro
2916 5147 3155 5211 tradunt,
3184 5147 3324 5216 quod
3376 5148 3448 5202 ita

1476 5320 1706 5376 VABUE
1744 5320 2145 5376 LECTIONES.

267 5490 313 5520 ⁵⁷
352 5488 717 5555 ἀναλυομένου
751 5486 1047 5554 Rueperus,
1069 5487 1236 5539 ἀναδυ

1241 5485 1435 5608 οξένου
1465 5484 1621 5546 C,‘M.
1701 5483 1744 5515 “'
1774 5483 2055 5537 ἁποίθοιτο
2082 5483 2142 5537 (3.
2184 5484 2228 5515 δ’
2268 5484 2420 5536 ποτέ.
2449 5484 2579 5538 ποτὲ
2600 5485 2700 5555 μέν
2725 5483 2794 5540 Μ.
2875 5487 2919 5518 ⁵⁰
2951 5486 3159 5551 Πολλὰς
3195 5488 3256 5543 C.
3332 5489 3379 5521 ’ί
3418 5506 3451 5545 τ

1303 5554 1715 5608 πολυτοώσεως.
1747 5553 1823 5608 ὡς
1846 5554 2145 5608 Roeoerus.
2174 5553 2607 5608 ἀπολυτρώσεως
2636 5557 2698 5608 (ἰ.
2739 5556 2808 5608 Μ.
2890 5558 2935 5587 ⁵³
2965 5555 3111 5608 Fort.
3142 5558 3436 5608 Βαπτισθέν

194 5558 427 5627 κυρίους
460 5553 598 5612 εἶναι
630 5575 781 5625 susp.
822 5560 1111 5627 ltoeperus.
1182 5553 1715 5627 f’idrzolurptbssoig,
1747 5553 1823 5627 ώς
1846 5554 2160 5627 Βοψειυῆ
2168 5553 2612 5627 ἀπολυτρώσεως
2636 5557 2698 5627 (ἰ,
2739 5556 2808 5609 Μ.

2890 5558 2943 5629 ’ξ
2965 5555 3111 5629 Fort.
3140 5558 3436 5629 βαπτισθέν

200 5624 301 5690 τας
347 5631 531 5681 πεσεῖν
560 5624 741 5691 πάλιν,
775 5627 843 5680 Μ.
922 5628 967 5658 ⁵⁵
992 5626 1083 5678 διὰ
1114 5624 1212 5679 τοῦ
1232 5624 1532 5695 Βοσιιοιτιέ,
1558 5626 1653 5677 καὶ
1682 5624 1771 5677 διὰ
1792 5624 1969 5695 τοῦνϋ,
2003 5624 2071 5676 Μ’.
2140 5624 2185 5695 '_'
2208 5624 2720 5695 inqnaldpevosc.
2792 5627 2841 5658 ⁸⁹
2873 5625 2981 5679 τῶν
3002 5628 3124 5682 add.
3140 5624 3227 5683 ⁷η.
3302 5629 3348 5662 ⁵*
3367 5646 3450 5684 κα·

206 5698 593 5775 κοηθιείζεσθαι
623 5701 685 5775 (ὲ.
763 5699 809 5728 ⁸⁸
841 5698 1239 5775 συνεστήσαντο
1262 5710 1412 5775 suSp.
1448 5694 1744 5762 Bueperus.
1821 5695 1866 5727 ⁸⁸
1894 5694 2031 5749 lrcu.
2073 5710 2117 5745 ε.
2145 5692 2274 5748 ha'r.
2303 5694 2341 5761 Ι,
2372 5695 2461 5749 21.
2488 5691 2498 5695 ’
2540 5696 2585 5727 ⁶⁶
2609 5691 2688 5759 οἷς
2718 5698 3051 5767 ἐντυχόντες.
3084 5700 3130 5751 οί
3154 5700 3455 5771 ἐντυχόντες

204 5770 274 5825 C.
315 5767 385 5823 Μ.
411 5773 501 5823 oui
526 5772 570 5821 εί
604 5769 697 5821 καὶ
732 5779 848 5821 nost
879 5771 987 5820 ἐντ.
1023 5767 1365 5822 inserentiqu
1400 5777 1600 5819 censet.
