3808 6220
204 273 349 330 3299

1263 241 1589 337 CONTRA
1633 280 2000 344 HERESES
2039 286 2185 349 LIB.
2228 289 2365 349 v11.

3327 301 3465 362 3300

200 382 415 431 τούτων
446 378 820 452 παραπλήσια.
857 380 1071 436 Τούτων
1119 382 1174 436 δὲ
1218 382 1273 435 ἓν
1310 369 1451 435 αυτδ
1488 386 1616 439 καθ’
1645 388 1779 440 αὐτὸ

1894 392 2132 457 licimur,
2166 404 2223 448 ut
2256 397 2387 458 albi,
2422 396 2590 460 cmsii,
2620 397 2780 467 nigri,
2807 397 2961 467 justi,
2992 401 3201 472 iniusti,
3234 404 3464 457 modesti

202 470 470 524 ἀδύνατόν
493 473 535 504 ⁸¹
562 473 677 525 ἐστι
722 474 993 543 γενέσθαι,
1039 476 1174 528 ἀλλὰ
1227 477 1304 528 δεῖ
1354 476 1417 528 ’ἐν
1460 492 1567 531 τινι
1617 476 1777 533 εἶναι.

204 563 273 615 Εἰ
300 563 359 615 δὲ
391 561 515 615 οὔτε
542 564 605 616 τὸ
640 564 796 627 ζῶον,
836 566 863 617 ὃ
908 568 1049 619 κατὰ
1080 567 1297 620 πάντων
1340 569 1485 636 λέγω
1516 569 1625 623 τῶν
1658 570 1780 623 καθ’

203 654 416 707 ἕκαστα
449 656 623 720 ζώων,
663 655 787 710 οὕτε
828 660 897 710 τά
930 659 973 689 ⁸³
1006 659 1415 731 συμϐεϐηκότα,
1456 660 1491 714 ἃ
1524 662 1582 713 ἐν
1620 664 1783 716 πᾶσιν

206 742 296 811 οἷς
328 748 672 819 συμϐέϐηκεν
712 750 1044 821 εὑρίσκεται,
1071 753 1294 807 δυνατὸν
1321 756 1458 809 αὐτὰ
1488 757 1611 810 καθ’
1646 759 1785 811 αὐτὰ

203 839 482 907 γενέσθαι,
515 842 577 893 ἐκ
620 841 821 894 τούτων
850 842 907 896 δὲ
935 844 1349 914 συμπληροῦται
1380 847 1449 899 τὰ
1484 848 1684 917 ἄτομα,
1708 852 1773 902 ὲκ

206 930 322 983 τῶν
352 931 398 962 ⁸³
426 932 527 985 οὐκ
572 932 742 985 ὄντων
772 932 1107 1004 καθέστηκεν
1138 933 1183 964 ’δ
1228 937 1260 1007 ή
1313 937 1474 1006 τριχῆ
1496 938 1541 968 ⁸⁸
1598 938 1785 1008 διῃρη-

212 1022 352 1093 μένη
382 1023 538 1077 οὐσία
558 1024 656 1076 οὐκ
686 1025 743 1091 ἐξ
768 1025 942 1079 ἄλλων
966 1028 1299 1081 συνεστῶσα.
1338 1030 1576 1099 Πρώτως
1598 1032 1643 1061 ⁸⁸
1677 1032 1785 1100 ἄρα

208 1116 310 1168 καὶ
355 1115 665 1187 κυριώτατα
693 1117 736 1148 ⁸⁷
788 1119 883 1170 καὶ
946 1118 1181 1187 μάλιστα
1220 1121 1486 1192 λεγομένη
1537 1122 1693 1174 οὐσία
1736 1125 1786 1174 εί

209 1205 280 1257 ὲκ
301 1205 347 1237 ⁸⁸
379 1206 583 1259 τούτων
624 1207 881 1279 ὑπάρχει,
912 1208 971 1272 ἐξ
1003 1210 1101 1262 οὐκ
1133 1210 1302 1264 ὄντων
1331 1211 1473 1265 κατὰ
1503 1210 1592 1263 τὸν
1633 1212 1785 1283 Ἀρι-

212 1295 473 1368 στοτέλην
506 1296 675 1352 ἐστίν.

288 1563 370 1617 ιθ’.
424 1565 581 1620 Ἀλλὰ
626 1567 754 1639 περὶ
790 1567 886 1637 μὲν
918 1568 1016 1636 τῆς
1047 1567 1233 1628 οὐσίας
1262 1569 1485 1640 ἀρκέσει
1517 1569 1585 1622 τὰ
1614 1569 1773 1638 λεγό-

212 1671 353 1725 μενα
382 1656 493 1710 νῦν.
518 1657 591 1711 Οὐ
616 1658 774 1727 μόνον
805 1659 911 1727 δὲή
936 1659 1092 1713 οὐσία
1122 1660 1366 1712 καλεῖται
1408 1663 1560 1728 γένος
1590 1662 1633 1693 θ’
1657 1701 1670 1725 ,
1704 1658 1785 1714 εἴ·

208 1745 303 1809 δος
324 1786 339 1810 ,
372 1748 572 1817 ἄτομον
592 1788 607 1809 ,
638 1750 773 1803 ἀλλὰ
804 1751 895 1803 καὶ
926 1750 1023 1823 ὖλη
1061 1753 1153 1804 καὶ
1181 1747 1321 1813 εἶδος
1370 1752 1463 1804 καὶ
1496 1753 1777 1822 στέρησις.
1814 1741 1857 1795 Β

209 1840 470 1911 Διαφέρει
492 1842 607 1893 τοδὲ
630 1843 839 1895 ούδὲν⁷¹
867 1845 924 1896 ἐν
948 1843 1158 1907 τούτοις
1189 1844 1456 1914 μενούσης
1476 1846 1575 1912 τῆς
1594 1848 1787 1916 τομῆς.

210 1932 485 2005 Τοιαύτης
516 1934 572 1987 δὲ
608 1933 779 2006 οὔσης
826 1937 924 2007 τῆς
953 1937 1160 2001 οὐσίας,
1191 1936 1337 1991 ἔστιν
1372 1940 1404 2008 ἡ
1456 1937 1549 1990 τοῦ
1583 1938 1788 2009 κόσμου

206 2024 443 2093 διαταγὴ
485 2028 827 2099 γεγενημένη
876 2030 997 2082 κατ’
1032 2030 1193 2082 αὐτὸν
1239 2028 1479 2081 τοιοῦτόν
1508 2047 1628 2082 τινα
1670 2030 1792 2102 τρό-

208 2134 335 2172 πον.
388 2119 446 2171 ὐ
475 2120 676 2188 κόσμος
709 2121 825 2173 ἐστὶ
871 2121 1013 2174 κατὰ
1052 2122 1428 2192 Ἀριστοτέλην
1466 2122 1791 2193 διῃρημένος

210 2212 296 2274 εἰς
345 2212 483 2283 μέρη
538 2213 757 2267 πλείονα
808 2215 903 2267 καὶ
952 2214 1245 2286 [διάφορα·
1297 2216 1409 2287 καὶ]
1453 2218 1499 2248 "
1532 2216 1650 2269 ἔστι
1696 2216 1789 2270 τοῦ

211 2303 424 2375 κόσμου
461 2305 625 2375 μέρος
662 2306 829 2371 τοῦθ’,
870 2309 1005 2380 ὅπερ
1033 2309 1181 2361 ἐστὶν
1214 2310 1322 2362 ἀπὸ
1362 2311 1463 2381 τῆς
1490 2311 1593 2381 γῆς
1629 2309 1790 2381 μέχρι

210 2396 316 2465 τῆς
348 2396 607 2467 σελήνης,
640 2400 992 2469 ἀπρονόητον,
1029 2401 1417 2472 ἀκυϐέρνητον,
1453 2402 1791 2473 ἀρκούμενον

216 2490 358 2559 μόνῃ
388 2491 453 2557 τῇ
505 2488 664 2559 φύσει
699 2493 763 2561 τῇ
800 2491 993 2544 ἑαυτοῦ
1015 2532 1029 2553 ,
1058 2491 1119 2545 τὸ
1163 2492 1220 2546 δὲ
1257 2493 1395 2563 μετὰ
1432 2494 1529 2564 τὴν
1561 2495 1791 2565 σελήνην

213 2582 279 2633 ὲν
324 2580 475 2651 πάσῃ
504 2580 651 2645 τάξει
687 2584 780 2636 καὶ
818 2584 1046 2654 προνοίᾳ
1082 2584 1181 2637 καὶ
1225 2584 1553 2657 κυϐερνήσει
1591 2602 1790 2652 τεταγ-

219 2673 382 2743 μένον
410 2674 478 2736 ⁷³,
527 2674 691 2745 μέχρι
729 2675 827 2744 τῆς
859 2675 1181 2744 ἐπιφανείας
1226 2675 1320 2729 τοῦ
1366 2675 1598 2746 οὐρανοῦ
1622 2696 1634 2708 θ
1668 2678 1701 2747 ή
1735 2677 1791 2729 δὲ

214 2766 531 2835 ἐπιφάνεια,
579 2767 801 2838 πέμπτη
829 2785 912 2831 τις
941 2767 1017 2840 [p.
1051 2769 1157 2823 9.28
1177 2810 1192 2834 ,
1218 2768 1372 2840 9.29.]
1409 2766 1545 2821 οὖσα
1594 2769 1749 2821 οὐσία
1775 2809 1791 2832 ,

217 2858 472 2927 φυσικῶν
507 2858 901 2928 ἀπηλλαγμένη
940 2860 1216 2929 στοιχείων
1246 2859 1463 2913 πάντων
1485 2897 1499 2919 ,
1536 2858 1630 2926 ἀφ’
1658 2851 1731 2909 ὧν
1763 2858 1792 2910 ό

214 2950 424 3021 κόσμος
469 2951 568 3017 τὴν
618 2950 876 3003 σύστασιν
906 2950 1019 3021 ἔχει
1046 2992 1062 3017 ,
1098 2952 1192 3005 καὶ
1230 2952 1377 3004 ἐστιν
1428 2950 1566 3022 αὕτη
1618 2968 1704 3014 τις
1757 2952 1790 3021 ἡ

217 3043 449 3113 πέμπτη
481 3043 621 3096 κατὰ
651 3041 742 3095 τὸν
788 3043 1166 3114 Ἀριστοτέλην
1212 3044 1369 3098 οὐσία
1390 3083 1404 3106 ,
1437 3043 1600 3097 οἱονεὶ
1637 3043 1792 3097 οὐσία

216 3149 307 3196 ’τις
338 3133 730 3203 ὑπερκόσμιος.
772 3133 884 3185 Καὶ
910 3133 1131 3201 γέγονεν
1165 3133 1314 3203 αὐτῷ
1355 3134 1493 3187 κατὰ
1524 3134 1623 3202 τὴν
1651 3132 1792 3186 διαί-

222 3239 376 3293 ρεσιν
400 3222 494 3276 τοῦ
528 3224 734 3293 κόσμου
767 3224 862 3277 καὶ
912 3226 939 3277 ό
966 3225 1065 3294 τῆς
1108 3224 1427 3293 φιλοσοψίας
1456 3225 1791 3297 διῃρημένος

215 3313 395 3382 λόγος.
428 3313 663 3381 Φυσικὴ
693 3314 802 3384 γάρ
838 3331 920 3377 τις
956 3314 1245 3382 ἀκρόασις
1270 3316 1418 3387 αὐτῷ
1444 3317 1687 3385 γέγονεν,
1735 3319 1792 3369 ἐν

218 3400 257 3478 ᾖ
289 3405 591 3476 πεπόνηται
616 3406 662 3436 ⁷⁸
695 3405 821 3475 περὶ
853 3405 961 3457 τῶν
992 3405 1152 3473 φύσει
1181 3408 1277 3460 καὶ
1313 3408 1373 3459 οὐ
1415 3407 1640 3479 προνοίᾳ
1666 3408 1795 3460 διοι-

218 3497 500 3568 κουμένων
532 3498 640 3550 ἀπὸ
672 3499 770 3567 τῆς
793 3497 897 3566 γῆς
930 3498 1089 3569 μέχρι
1120 3498 1220 3569 τῆς
1249 3499 1478 3569 σελήνης
1528 3501 1793 3569 πραγμά-

217 3607 351 3644 των.
380 3588 575 3656 Γέγονε
610 3590 667 3642 δὲ
688 3588 837 3659 αὐτῷ
867 3589 961 3642 καὶ
1015 3589 1151 3658 μετὰ
1179 3589 1246 3642 τὰ
1281 3590 1485 3657 φυσικὰ
1523 3590 1651 3659 περὶ
1682 3589 1793 3641 τῶν

221 3678 365 3750 μετὰ
412 3680 641 3749 σελήνην
679 3679 782 3731 ἰδία
830 3697 914 3742 τις
960 3678 1092 3748 ἄλλη
1144 3679 1319 3742 οὕτως
1377 3678 1792 3750 ἐπιγραφομένη

217 3771 577 3842 πραγματεία
609 3769 781 3836 λόγων
804 3785 817 3798 '
846 3769 1035 3837 γέγονε
1071 3768 1128 3820 δὲ
1160 3768 1309 3839 αύτῷ
1357 3769 1496 3835 Περὶ
1520 3768 1795 3838 πέμπτης

216 3862 440 3927 οὐσίας
480 3860 612 3924 ῐδιος
660 3860 840 3928 λόγος,
881 3861 937 3923 ὅς
984 3862 1131 3912 ὲστιν
1166 3860 1312 3929 αὑτῷ
1357 3859 1792 3931 θεολογούμενος.

216 3952 456 4021 Τοιαύτη
500 3970 586 4015 τις
637 3952 796 4021 καὶὴ
847 3952 1114 4021 διαίρεσις
1162 3951 1271 4005 τῶν
1310 3951 1472 4015 ὅλων,
1515 3951 1590 4014 ὡς
1637 3952 1793 4021 τύπῳ

217 4044 564 4115 περιλαῦεἰν,
596 4043 713 4115 [καὶ
743 4042 865 4114 τῆς]
892 4044 936 4074 ⁷⁵
974 4042 1116 4095 κατὰ
1163 4042 1543 4112 Ἀριστοτέλην
1579 4041 1795 4110 φιλοσο-

216 4138 354 4207 φίας
381 4137 519 4190 ".‘0
546 4138 603 4190 δὲ
629 4136 765 4203 Περὶ
786 4134 991 4204 ψυχῆς
1011 4135 1161 4204 αύτῷ
1189 4135 1345 4204 λόγος
1374 4136 1521 4187 ἐστὶν
1550 4135 1787 4203 ἀσαφής.

231 4229 326 4283 Ἐν
359 4229 512 4299 τρισὶ
544 4228 653 4297 γὰρ
690 4228 1116 4298 συγγράμμασιν
1145 4226 1288 4288 ὅλοις
1320 4226 1420 4278 οὐκ
1452 4225 1597 4277 ἔστιν
1623 4227 1795 4278 εἰπεῖν

216 4318 434 4390 σαφῶς,
458 4319 487 4371 ὃ
510 4337 560 4372 τι
588 4321 778 4387 φρονεί
807 4319 934 4389 περὶ
963 4318 1143 4388 ψυχῆς
1174 4318 1184 4387 |
1230 4317 1733 4389 Ἀριστοτέλης.’”ον
1748 4317 1795 4349 ⁷⁷

211 4407 333 4477 γάρ
368 4405 656 4459 ἀποδίδωσι
701 4407 799 4476 τῆς
832 4407 1003 4477 ψυχῆς
1035 4409 1158 4477 ὅρον
1185 4408 1336 4459 ἐστὶν
1372 4409 1549 4459 εἰπεῖν
1586 4406 1787 4478 ῥᾴδιον,
1824 4437 1868 4491 D

210 4497 281 4551 τὸ
316 4496 375 4549 δὲ
402 4496 505 4548 ὑπὸ
533 4496 659 4566 ὅρου
692 4497 1056 4567 δεδηλωμένον
1097 4497 1214 4549 ἐστὶ
1244 4496 1591 4567 δυσεύρετον.
1630 4498 1788 4551 Ἔστι

212 4589 333 4659 γὰρ
361 4587 430 4654 ⁷⁸,
458 4587 612 4657 φησὶ,
644 4588 790 4659 ψυχὴ
824 4587 1057 4657 φυσικοῦ
1090 4586 1339 4658 σώματος
1368 4587 1662 4659 ὀργανικοῦ
1706 4590 1795 4640 ὲν-

208 4679 488 4748 τελέχεια,
521 4680 640 4750 ἥτις
662 4680 709 4711 τ’
739 4680 870 4733 ποτέ
902 4682 1040 4740 ἐστι,
1070 4678 1245 4747 λόγων
1283 4677 1446 4749 [πάνυ
1477 4678 1713 4751 πολλῶν]
1744 4680 1791 4710 ⁸ο

208 4774 395 4828 δεῖται
421 4775 517 4827 καὶ¹
549 4773 791 4844 μεγάλης
818 4772 1118 4845 ζητήσεως.
1151 4775 1210 4827 'U
1242 4774 1297 4826 δὲ
1323 4774 1476 4837 Θεὸς,
1511 4776 1539 4828 ό
1576 4775 1793 4828 πάντων

210 4865 428 4920 ’τούτων
456 4866 563 4919 τῶν
594 4866 762 4920 ὄντων
796 4867 979 4919 καλῶν
1032 4866 1223 4930 αἴτιος,
1266 4862 1422 4929 οὗτος
1463 4868 1561 4937 τῆς
1614 4869 1792 4937 ψυχῆς

1886 492 1940 535 et
1980 499 2102 551 qua:
2149 495 2279 539 sunt
2330 487 2520 541 horum
2556 490 2781 544 similia.
2836 491 3037 546 Horum
3085 504 3265 547 autem
3298 510 3463 548 unum

1884 575 2098 644 aliquod
2140 592 2238 646 per
2266 591 2327 631 se
2367 588 2587 633 exstare
2621 582 2828 648 nequit,
2867 584 2961 637 sed
3005 592 3223 653 Oportet
3274 586 3326 638 in
3359 586 3463 639 ali-

1884 682 1991 735 quo
2021 684 2161 721 esse.
2211 668 2265 723 Si
2309 679 2485 723 autem
2539 686 2715 738 neque
2759 673 2982 739 animal,
3024 676 3165 742 quod
3202 677 3268 728 de
3297 674 3464 729 omni-

1885 757 1986 811 bus
2027 758 2150 812 dico
2180 773 2300 828 qua:
2346 760 2555 829 singula
2594 762 2862 816 exsistunt
2911 763 3255 827 animalibus,
3291 779 3464 833 neque

1885 849 2211 909 accidentia,
2254 864 2373 918 qme
2418 851 2470 903 in
2516 851 2788 915 omnibus,
2819 855 3013 922 quibus
3062 855 3337 918 accidunt,
3379 870 3464 909 re-

1886 938 2190 1006 periuntur,
2241 950 2467 1007 possunt
2510 943 2623 1009 ipsa
2675 958 2771 1011 per
2822 959 2882 997 se
2938 945 3223 1005 exsistere.
3276 960 3341 999 ex
3381 947 3464 999 his

1886 1040 2067 1083 autem
2135 1034 2378 1086 c0nliunt
2446 1034 2717 1088 individua
2769 1052 2875 1089 εει
2933 1053 3037 1090 non
3077 1037 3466 1092 exsislcutibus

1886 1131 2098 1176 constat
2135 1122 2401 1177 trifariam
2449 1126 2622 1180 divisa
2677 1129 3010 1194 substantia,
3061 1142 3181 1195 qua!
3233 1143 3339 1182 non
3395 1142 3463 1183 ex

1884 1212 2006 1266 aliis
2037 1212 2261 1267 conﬂata
2294 1227 2394 1268 est.
2432 1216 2571 1285 Ergo
2597 1218 2640 1271 si
2679 1218 2933 1286 primitus
2971 1227 3025 1271 et
3066 1220 3301 1272 maxime
3337 1234 3463 1285 pru-

1886 1306 2000 1374 prie
2057 1317 2113 1360 et
2161 1309 2506 1376 potissimum
2562 1311 2833 1378 appellata
2887 1312 3195 1365 substantia
3250 1326 3315 1364 ex
3380 1310 3466 1363 his

1885 1410 2083 1463 exstat,
2118 1416 2183 1453 ex
2230 1415 2335 1454 non
2386 1403 2799 1471 exsistentibus,
2847 1405 2893 1459 si
2928 1404 3276 1460 Aristotelem
3318 1405 3467 1459 audi-

1889 1505 2032 1553 mus,
2070 1500 2174 1548 εει.

1956 1582 2041 1636 ll).
2083 1582 2188 1637 Sed
2233 1583 2297 1636 de
2342 1586 2645 1640 substantia
2694 1586 2915 1656 quidem
2964 1590 3100 1644 satis
3139 1598 3318 1652 erunt,
3351 1602 3469 1651 quae

1888 1688 2031 1728 nunc
2062 1675 2316 1729 diximus.
2348 1676 2670 1732 Substantia
2704 1689 2883 1732 autem
2924 1696 3029 1734 non
3058 1680 3231 1735 solum
3267 1695 3465 1748 genus,

1891 1766 2123 1833 species,
2156 1769 2486 1822 individuum
2532 1771 2860 1839 appellatur,
2903 1771 2999 1826 sed
3035 1773 3199 1827 etiam
3239 1773 3467 1826 materia

1893 1868 1948 1912 et
1992 1861 2202 1926 species
2254 1869 2307 1915 et
2368 1861 2618 1929 privatio.
2669 1859 2857 1916 Diliert
2914 1870 3095 1916 autem
3146 1861 3304 1925 nihil,
3346 1874 3467 1913 cum

1894 1955 2111 2002 maneat
2165 1950 2217 2003 in
2266 1950 2350 2005 his
2384 1949 2598 2004 divisio.
2633 1948 2781 2005 Talis
2825 1961 3003 2005 autem
3048 1966 3169 2005 cum
3220 1950 3291 2003 sit
3338 1950 3469 2003 sub-

1891 2038 2116 2100 stantia,
2165 2039 2345 2092 tnundi
2382 2039 2677 2109 descriptio
2710 2039 2848 2094 facta
2894 2049 2975 2093 est
3014 2038 3308 2093 secundum
3345 2051 3469 2091 cum

1894 2125 1946 2180 iu
1980 2128 2121 2181 hunc
2165 2128 2278 2182 fere
2322 2131 2563 2182 modum.
2600 2129 2831 2183 Mundus
2870 2130 3166 2183 secundum
3201 2127 3470 2180 Aristote-

1893 2221 1995 2275 lem
2039 2221 2243 2277 divisus
2283 2231 2365 2276 est
2409 2222 2461 2275 in
2513 2232 2694 2291 partes
2741 2221 3047 2289 complures
3097 2229 3151 2274 et
3202 2219 3469 2279 diversas,

1892 2320 2080 2378 estque
2126 2310 2307 2363 mundi
2359 2325 2507 2378 pars,
2537 2325 2655 2377 qua:
2692 2319 2777 2363 est
2803 2324 2833 2363 a
2874 2318 3015 2362 terra
3052 2321 3226 2376 usque
3274 2306 3342 2358 ad
3381 2306 3468 2357 lu-

1891 2417 2041 2466 nam,
2094 2416 2287 2456 carens
2337 2402 2701 2470 providentia,
2755 2399 3166 2470 gubernatione,
3217 2405 3469 2451 contenta

1893 2492 2003 2545 sola
2049 2502 2240 2545 natura
2270 2506 2399 2555 sua;
2456 2490 2542 2543 illa
2575 2500 2774 2554 autem,
2819 2505 2938 2559 qua:
2988 2499 3071 2543 est
3103 2497 3223 2557 post
3259 2487 3469 2547 lttnam,

1894 2582 1946 2635 in
1974 2583 2120 2636 omni
2152 2581 2341 2635 ordine
2378 2588 2431 2635 et
2468 2582 2809 2649 providentia
2839 2590 2892 2633 et
2924 2580 3313 2650 gubernatione
3343 2592 3472 2631 con-

1895 2676 2089 2729 stituta
2125 2688 2293 2743 usque
2338 2674 2404 2727 ad
2451 2674 2790 2741 superliciem
2826 2673 2983 2738 cceli;
3027 2671 3340 2743 superlieies
3369 2686 3463 2723 au-

1898 2774 2024 2829 tem,
2054 2779 2173 2834 quae
2202 2773 2286 2818 est
2320 2764 2506 2833 quittta
2542 2762 2895 2834 354-355
2929 2764 3173 2833 qttmdam
3219 2762 3473 2816 substan-

1897 2855 1991 2921 tia,
2037 2872 2067 2909 a
2121 2856 2462 2910 naturalibus
2509 2855 2796 2909 eletuentis
2842 2856 3016 2910 soluta
3066 2864 3150 2911 εει
3195 2854 3470 2916 omnibus,

1895 2946 2037 3001 unde
2061 2947 2289 3001 mundus
2314 2948 2571 3000 fabricam
2596 2946 2778 3009 habet,
2810 2958 3001 3015 estque
3032 2946 3147 3000 haec
3170 2946 3471 2999 subStantia

1844 3077 1862 3094 π
1896 3039 2142 3108 quaedam
2191 3038 2488 3093 secundum
2537 3038 2884 3093 Aristotelem
2932 3038 3155 3107 quinta,
3219 3046 3472 3105 tanquam

1844 3116 1864 3134 ²
1894 3130 2196 3185 substantia
2258 3133 2503 3200 quaedam
2551 3132 3007 3195 super-mundana.
3061 3134 3238 3199 Atque
3289 3141 3371 3184 est
3422 3132 3471 3184 ei

1890 3227 2186 3279 secundum
2236 3222 2557 3275 divisionem
2594 3222 2775 3274 mundi
2811 3232 2865 3275 et
2912 3221 3266 3290 philosophia:
3297 3237 3473 3275 sermo

1896 3316 2123 3369 divisus.
2174 3311 2401 3381 Physica
2436 3312 2579 3367 enim
2616 3315 2859 3381 quaadam
2898 3313 3222 3367 auscultatio
3268 3315 3335 3368 ab
3382 3314 3475 3367 illo

1892 3407 2164 3461 elaborata
2207 3417 2314 3468 est,
2353 3406 2405 3459 in
2441 3421 2545 3474 qua
2581 3415 2836 3459 accurate
2879 3405 2992 3475 egit
3028 3405 3094 3459 de
3130 3405 3310 3471 rebus,
3354 3423 3473 3475 qua:

1897 3511 2083 3555 natura
2133 3511 2187 3555 et
2238 3516 2341 3554 non
2393 3499 2727 3568 providentia
2771 3499 3216 3552 administrentur
3258 3515 3285 3551 a
3325 3508 3468 3553 terra

1894 3608 2067 3661 usque
2119 3594 2184 3645 ad
2239 3592 2442 3646 lunam.
2498 3591 2877 3658 Conscriptum
2929 3600 3110 3645 autem
3158 3600 3242 3645 est
3287 3593 3354 3644 ab
3408 3607 3474 3645 eo

1891 3687 2051 3740 etiam
2090 3697 2211 3755 post
2251 3685 2473 3755 physica
2508 3684 2651 3737 aliud
2702 3682 2975 3752 quoddam
3036 3684 3308 3752 peculiare
3340 3698 3473 3750 opus

1894 3775 1961 3829 de
1991 3776 2078 3839 iis,
2111 3791 2229 3843 quae
2253 3785 2378 3827 sunt
2410 3783 2531 3843 post
2558 3774 2763 3836 lunam,
2796 3774 2939 3842 quod
2971 3773 3165 3827 exinde
3201 3772 3470 3843 .lletapltg-

1900 3867 2137 3919 sitorum
2182 3881 2379 3920 nomen
2413 3867 2640 3934 accepit.
2686 3864 3043 3932 Couscriptns
3074 3874 3254 3918 autem
3294 3874 3376 3919 est
3407 3865 3476 3918 ab

1894 3974 1959 4012 en
1996 3959 2060 4011 de
2101 3960 2286 4029 quinta
2338 3960 2637 4010 substantia
2670 3956 2961 4024 peculiatis
2994 3956 3146 4018 liber,
3180 3957 3269 4024 qui
3311 3968 3396 4009 εει
3423 3955 3473 4010 ei

1894 4048 2030 4102 liber
2075 4048 2141 4102 de
2174 4048 2283 4102 Deo
2332 4047 2599 4114 rebusque
2651 4047 2867 4100 divinis.
2908 4044 3054 4100 Talis
3096 4046 3340 4115 quaedam
3388 4056 3475 4101 εει

1894 4148 1949 4192 et
1975 4139 2270 4206 descriptio
2300 4140 2699 4202 universorum,
2754 4148 2812 4191 ιιι
2854 4140 3106 4192 universe
3143 4138 3474 4207 complecta-

1897 4246 2037 4295 tnur,
2065 4239 2119 4285 et
2157 4230 2510 4301 philosophia:
2539 4229 2919 4282 Aristotelicum.
2960 4230 3259 4298 Disputatio
3293 4239 3477 4283 autem

1896 4321 2013 4389 ejus
2044 4320 2106 4373 de
2146 4321 2322 4373 anima
2360 4320 2591 4385 obscura
2622 4328 2724 4372 est.
2764 4318 2820 4371 In
2864 4320 3035 4372 tribus
3070 4320 3214 4372 enim
3249 4319 3476 4388 integris

1897 4410 2067 4475 libris,
2112 4428 2215 4464 non
2264 4412 2391 4465 licet
2452 4419 2635 4479 aperte
2696 4412 2898 4471 dicere,
2954 4410 3082 4479 quid
3140 4411 3354 4464 tandem
3407 4411 3475 4464 de

1899 4502 2075 4556 anima
2109 4503 2310 4555 sentiat
2353 4502 2702 4558 Aristoteles.
2750 4501 2886 4556 Nam
2924 4518 3083 4572 quam
3118 4505 3307 4559 reddat
3338 4505 3473 4558 deli-

1898 4595 2157 4649 nitioncm
2188 4595 2402 4657 animae,
2439 4592 2595 4647 lacile
2622 4605 2707 4649 est
2734 4596 2935 4657 dicere,
2964 4594 3096 4662 quid
3120 4605 3299 4648 autem
3337 4594 3473 4649 deli-

1898 4687 2105 4741 nitione
2134 4685 2221 4739 illa
2252 4686 2613 4754 signiﬁcatum
2645 4687 2735 4749 sit,
2768 4688 2997 4741 arduum
3025 4695 3106 4741 est
3174 4685 3475 4755 requirere.

1900 4778 1995 4833 Est
2028 4779 2193 4838 enim,
2226 4776 2421 4845 inquit,
2458 4776 2636 4830 anima
2669 4779 2931 4831 naturalis
2956 4778 3199 4846 corporis
3228 4777 3479 4846 organici

1898 4868 2219 4933 entelechia,
2271 4883 2389 4939 qua:
2424 4867 2557 4937 quid
2604 4869 2821 4923 tandem
2871 4869 2972 4923 sibi
3026 4867 3175 4933 velit,
3225 4868 3473 4937 disputa-

1521 5040 1751 5095 VAlllE
1783 5038 2186 5096 LECTIONES.

294 5202 337 5231 "
380 5198 508 5250 αὐτὸ
538 5198 613 5267 τῷ
658 5196 879 5249 δυνατόν
907 5194 969 5249 C.
1056 5195 1098 5225 "
1133 5194 1255 5248 οὔτε
1299 5194 1547 5267 τάμοῦτε
1588 5196 1650 5249 C.
1688 5194 1754 5249 M.

212 5271 313 5334 qui
343 5269 434 5320 καὶ
471 5266 749 5320 delendum
778 5281 899 5318 esse
923 5275 1124 5318 ιιειιερι.
1202 5267 1245 5296 ⁸⁸
1275 5266 1434 5335 τριχῆ
1468 5267 1528 5319 G.

216 5342 271 5371 ⁸⁸
304 5340 354 5391 εί
387 5340 450 5389 ὲκ
482 5337 773 5405 Rueperus,
821 5337 884 5387 ὲκ
913 5335 974 5396 G,
1022 5336 1090 5390 Μ.
1170 5335 1215 5366 ⁶⁹
1253 5336 1425 5401 γένος.
1454 5338 1515 5387 τὸ
1548 5337 1701 5402 γένος
1734 5335 1795 5389 (1.

229 5410 299 5469 (ἶ,
326 5407 395 5463 Μ.
472 5408 517 5438 ⁷¹
547 5406 817 5461 Lacunam
856 5407 908 5459 iu
937 5407 978 5459 Ο
1003 5408 1231 5474 explevit
1253 5405 1323 5462 Μ,

212 5480 323 5543 ’τῆς
380 5478 670 5543 Ηοειιειυε,
709 5494 817 5529 om.
847 5476 910 5537 C,
944 5477 1011 5531 Μ.

1831 5196 1875 5228 ⁸³
1906 5198 1970 5250 ὲκ
1996 5198 2120 5249 τῶν.
2154 5196 2259 5250 τῶν
2290 5196 2351 5257 C,
2380 5195 2453 5251 Μ.

1604 5267 1649 5297 ⁶⁶
1696 5266 1952 5337 Ιιρὼτως.
1998 5267 2191 5338 Πρώτη
2223 5268 2284 5326 C.

1873 5338 1919 5367 ⁷ο
1953 5333 2229 5408 Διαφέρει.
2405 5333 2651 5405 διαφέρει
2692 5336 2986 5408 ιὶιιειιιξνιιε.
3025 5333 3031 5335 ⁷
3064 5334 3107 5408 ⁷]
3140 5333 3473 5408 ο-ύδέν.“ούδ.ὲ

1399 5406 1444 5436 ⁷³
1467 5408 1819 5475 τεταγμένον.
1852 5403 2159 5476 τεταγμένη
2187 5408 2247 5461 C.
2321 5404 2371 5476 ff
2409 5403 2729 5474 πεπόνηται.
2754 5404 3045 5476 πεποίηται
3070 5403 3129 5462 C.
3162 5404 3230 5455 Μ.

1087 5479 1132 5508 ⁷⁸
1160 5474 1792 5547 φιλοσοφίαςβιιιιιιειιιε,
1826 5474 2184 5547 φιλοσοφῆσαι
2218 5478 2277 5539 (Ι,
2320 5474 2394 5538 Μ,
2428 5478 2519 5542 qui
2548 5476 2691 5547 conj.
2733 5474 3190 5547 φιλοσοφήσαντα.

2531 5196 2575 5226 ⁸⁸
2614 5194 2973 5263 καθέστηκεν.
3004 5194 3095 5246 καὶ
3128 5192 3274 5246 ἔστιν
3293 5191 3355 5257 C,
3400 5191 3472 5248 Μ.

2478 5267 2519 5297 ⁸⁷
2566 5264 2896 5335 κυριώτατα.
2948 5264 3258 5335 κυριῳτέιτη
3292 5267 3353 5323 (ὲ,

3304 5403 3349 5433 ⁷⁸
3378 5402 3471 5453 καὶ

3265 5470 3308 5501 ’17
3347 5472 3463 5526 νυν.

210 5540 334 5600 Ἷίν
370 5540 559 5617 ρης.
636 5549 682 5579 ⁷⁸
712 5547 847 5602 Vide
888 5547 1110 5617 Aristut.
1159 5540 1232 5617 Qe
1267 5540 1442 5597 animo
1472 5543 1534 5608 ll,
1566 5540 1697 5599 c.'l.
1726 5540 1850 5617 ΑΜᾞ
1890 5549 1937 5577 ⁷³
1965 5540 2131 5617 ﬁci}.
2174 5547 2399 5617 ﬁngi),
2447 5540 2503 5575 ⁷⁸⁰
2549 5540 2720 5617 λόγιον
2747 5540 2894 5595 πάνυ
2935 5540 3161 5594 πολλῶν.
3197 5540 3465 5617 multo,

212 5609 401 5684 λόγων
438 5615 507 5681 Μ,
536 5618 917 5685 redintegravit
959 5616 1128 5671 locum
1167 5614 1462 5684 Roeperus,
1492 5631 1610 5669 cum
1666 5615 1806 5668 πάνυ
1860 5609 2068 5669 πολλῶν
2106 5632 2165 5671 ολ
2197 5609 2244 5669 ἰ.
2276 5609 2349 5670 748
2392 5616 2496 5669 huc
2530 5609 2848 5669 retrahenda
2879 5629 2997 5669 esse
3028 5612 3317 5683 perspexit.
3355 5609 3472 5667 Nos

211 5689 462 5757 ἐλέγχων
491 5690 909 5756 conjeccramus.
