3808 6220
162 302 305 365 3307

1223 254 1558 355 coﬁTRA
1601 292 1969 355 HzERESES
2009 293 2154 353 LIB.
2199 292 2328 353 v11.

3297 289 3440 351 3308

157 415 229 469 δι’
269 411 577 485 ὑπερϐολὴν
616 411 843 477 κάλλους
885 412 980 466 xui
1025 410 1339 483 ὡραιότητος
1392 400 1556 462 ’πᾶσα
1586 412 1657 481 ιρύ

1937 426 1972 463 :r
2018 404 2456 477 exsuperantiam
2505 401 2923 474 pulchritudinis
2971 410 3027 457 et
3085 400 3441 456 formositats

159 502 434 573 ὀρέγεται,
469 500 603 570 ἄλλη
626 500 684 554 δὲ
718 500 912 564 ἄλλως.
957 502 1023 554 Ἦ
1070 501 1126 554 δὲ
1158 502 1628 574 παχυμερεστέρα
1668 503 1750 556 ἔτι

164 595 406 662 μένουσα
456 594 514 645 ὲν
542 591 619 662 τῷ
664 593 963 663 σπέρματι,
1008 593 1277 664 μιμητική
1306 609 1390 655 τις
1424 585 1584 658 οὖσα,
1620 595 1751 647 ἀνα·-

159 685 393 753 δραμείν
425 683 524 753 μὲν
548 685 650 736 οὐκ
675 684 913 754 ἠδυνήθη
940 701 953 715 ο
996 686 1128 737 πολὺ
1157 684 1265 756 γάρ
1299 686 1623 756 ἐνδεεστέρα
1652 690 1752 756 τῆς

160 773 560 844 λεπτομερεῐας
580 775 625 805 ⁵⁸
649 770 717 845 ἦς
747 771 943 846 εἷχενή
984 774 1050 827 δι’
1081 776 1251 846 αὐτῆς
1286 777 1469 848 υἱότης
1515 778 1751 849 ἀναδρα-

162 865 345 934 μοῦσα
368 865 436 929 ⁸¹,
499 865 851 922 ἀπελείπετο.
940 867 1286 937 Ἐπτέρωσεν
1340 865 1434 922 οῦν
1488 870 1657 940 αὐτὴν
1717 871 1751 941 ἡ

160 956 353 1025 υίότης
384 957 418 1023 ἡ
440 956 899 1027 παχυμερεστέρα
928 959 1155 1029 τοιούτῳ
1185 959 1294 1011 τινὶ
1338 960 1544 1030 πτερῷ,
1577 961 1751 1029 ὁποίῳ

159 1046 484 1108 διδάσκαλος
532 1046 666 1099 ὣν⁸²
733 1048 959 1101 Πλάτων
1047 1049 1455 1119 Ἀριστοτέλους
1510 1052 1568 1102 ἐν
1625 1051 1754 1103 Φαί-

159 1139 278 1210 δρῳ
300 1139 346 1170 ⁵⁸
394 1139 495 1207 τὴν
554 1138 735 1211 ψυχὴν
791 1143 1002 1212 πτεροί,
1034 1142 1046 1210 |
1078 1142 1173 1194 xui
1222 1142 1377 1196 καλεῖ
1431 1142 1493 1194 τὸ
1541 1142 1754 1195 τοιοῦτο

162 1230 487 1298 Βασιλείδης
530 1231 592 1283 οὐ
622 1232 841 1303 πτερὸν,
877 1232 1012 1286 ἀλλά
1052 1232 1278 1303 Πνεῦμα
1324 1233 1499 1303 ἅγιον,
1542 1235 1568 1287 ὃ
1595 1235 1753 1305 εὐερ-

162 1324 321 1390 γετεί
353 1324 385 1393 ἡ
417 1322 603 1392 υἱὸτης
636 1322 976 1393 ὲνδυσαμένη
1003 1326 1097 1377 xui
1140 1326 1539 1396 εύεργετείται.
1582 1329 1754 1400 Εὐερ-

162 1415 319 1479 γετεῖ
339 1412 383 1442 ⁵⁸
416 1412 534 1482 μὲν,
565 1414 647 1465 ὅτι
680 1412 936 1483 καθάπερ
966 1413 1180 1485 ὄρνιθος
1212 1415 1413 1486 πτερὸν
1460 1417 1591 1469 αὐτὸ
1630 1416 1754 1472 κατ’

164 1502 304 1556 αὐτὸ
362 1502 457 1555 τοῦ
516 1503 732 1574 ὄρνιθος
777 1503 1203 1575 ἀπηλλαγμένον
1265 1508 1368 1560 οὐκ
1420 1507 1487 1560 ἂν
1541 1508 1754 1577 γένοιτὸ

165 1611 304 1647 ποτε
342 1594 544 1663 ὑψηλὸν
574 1594 705 1662 ⁸οὐδὲ
754 1596 1068 1666 μετάρσιον,
1096 1597 1205 1649 οὐδ’
1255 1594 1321 1651 αὖ
1361 1599 1510 1668 ὅρνις
1554 1600 1753 1652 ἀπολε-

164 1685 402 1755 λυμένος
438 1686 533 1740 τοῦ
597 1686 797 1758 πτεροῦ
852 1690 953 1741 οὐκ
998 1690 1063 1743 ἄν
1112 1706 1242 1742 ποτε
1294 1692 1503 1758 γένοιτο
1550 1690 1754 1760 ὑψηλὸς

165 1779 295 1832 οὐδὲ
346 1780 660 1850 μετάρσιος.
720 1780 973 1834 Τοιοῦτόν
1016 1799 1140 1835 τινα
1191 1782 1282 1835 τὸν
1331 1783 1489 1851 λόγον
1529 1782 1688 1853 ἔσχεν
1722 1786 1756 1853 ἡ
1789 1769 1830 1823 Β

166 1872 358 1940 υἱότης
382 1872 517 1941 πρὸς
549 1872 609 1924 τὸ
634 1872 860 1943 Πνεῦμα
896 1873 955 1926 τὸ
980 1874 1136 1943 ἅγιον
1166 1876 1258 1928 xui
1275 1876 1338 1928 τὸ
1370 1874 1598 1945 Πνεῦμα
1622 1876 1757 1946 πρὸς

164 1963 271 2033 τὴν
301 1963 546 2033 υἱότητα.
582 1963 991 2035 Ἀναφερομένη
1018 1965 1125 2037 γὰρ
1158 1966 1264 2019 ὑπὸ
1283 1967 1329 1998 ⁸⁸
1379 1966 1475 2021 τοῦ
1507 1966 1759 2037 Πνεύμα-

166 2072 264 2117 τος
299 2056 335 2125 η
388 2055 576 2125 υἱότης
611 2054 687 2117 ὡς
737 2055 843 2107 ὑπὸ
896 2058 1097 2127 πτεροῦ
1128 2058 1397 2129 ἀναφέρει
1441 2059 1501 2111 τὸ
1536 2057 1757 2128 πτερὸν,

167 2147 423 2200 τουτέστι
467 2146 530 2199 τὸ
574 2146 821 2217 Πνεῦμα,
880 2148 975 2200 xui
1026 2148 1255 2219 πλησίον
1322 2151 1593 2219 γενομένη
1662 2150 1761 2217 τῆς

168 2238 548 2311 λεπτομεροῦς
576 2240 826 2310 υίότητος
861 2242 956 2294 xui
994 2240 1089 2293 τοῦ
1121 2241 1257 2295 Θεοῦ
1305 2242 1399 2295 τοῦ
1435 2243 1535 2294 ούκ
1552 2242 1700 2305 ὄντος
1715 2241 1762 2271 ⁸⁸

168 2335 271 2388 καὶ
296 2333 799 2404 δημιουργήσαντος
834 2332 893 2398 ἐξ
922 2333 1023 2385 οὐκ
1062 2333 1256 2401 ὄντων,
1299 2332 1447 2403 ἔχειν
1501 2334 1601 2404 μὲν
1627 2331 1760 2386 αὐτὸ

174 2426 298 2497 μετ’
339 2425 510 2495 αὐτῆς
559 2426 660 2479 οὐκ
714 2425 981 2494 ἠδύνατοο
1034 2420 1102 2495 ἦν
1150 2425 1260 2496 γὰρ
1298 2427 1397 2496 οὐχ
1441 2424 1758 2494 ὁμοούσιον,

168 2516 300 2570 οὐδὲ
318 2517 360 2548 ⁵⁷
395 2515 557 2585 φύσιν
586 2513 698 2586 εἶχε
736 2516 930 2587 μετά⁸⁸
962 2516 1061 2587 τῆς
1089 2519 1334 2588 υίότητος
1360 2535 1375 2549 ·
1404 2516 1541 2570 ἀλλά
1572 2515 1761 2587 ὥσπερ

172 2610 298 2662 ἐστὶ
356 2608 509 2679 παρά
561 2609 724 2676 φύσιν
772 2611 867 2662 xui
921 2609 1163 2679 ὀλέθριος
1224 2612 1336 2673 τοῖς
1385 2608 1596 2679 ἰχθύσιν
1652 2609 1762 2679 ἀὴρ

170 2700 420 2773 καθαρὸς
458 2704 551 2754 xui
576 2700 759 2771 ξηρὸς,
785 2699 928 2754 οὕτω
975 2702 1054 2772 τῷ
1104 2701 1384 2773 Πνεύματι
1421 2701 1500 2772 τῷ
1534 2701 1675 2771 ἁγίῳ
1696 2696 1763 2771 ἦν

170 2791 337 2858 παρὰ
370 2790 533 2859 φύσιν
577 2794 752 2844 ἐκεῖνο
787 2791 850 2845 τὸ
884 2794 1141 2864 ἀρρήτων
1159 2792 1205 2824 ⁵⁹
1254 2792 1626 2864 ἁρῤητότερον
1670 2794 1764 2845 xui

170 2884 401 2938 πάντων
423 2882 694 2953 ἀνώτερον
724 2884 1001 2954 ὀνομάτων
1023 2883 1118 2937 τοῦ
1152 2886 1253 2937 οὐκ
1290 2884 1441 2947 (ivro;
1462 2883 1597 2953 ὁμοῦ
1628 2882 1763 2937 Θεοῦ

171 2975 439 3047 χωρίον⁶⁰
467 2974 561 3027 xui
588 2976 686 3045 τῆς
725 2975 990 3045 υἱότητος.
1042 2976 1348 3029 Κατέλιπεν
1372 2974 1450 3047 [ιι.
1489 2976 1615 3030 254.
1638 2976 1764 3047 (255]

172 3062 277 3121 οὖν
308 3066 442 3121 αὐτὸ
472 3065 701 3137 πλησίον
734 3067 767 3135 ῄ
819 3066 1004 3137 υἱότης
1023 3066 1065 3098 ⁶¹
1108 3067 1316 3119 ἐκείνου
1366 3065 1459 3119 τοῦ
1491 3065 1764 3137 μακαρίου

174 3159 278 3212 xui
302 3124 581 3229 νοηθῆναι.
603 3157 678 3227 μὴ
698 3124 1000 3227 δυ’ναμένοῦ
1038 3157 1173 3227 μηδὲ
1182 3156 1237 3226 ,⁸³
1265 3124 1767 3227 χαρακτηρισθῆναί
1796 3124 1837 3180 C

172 3266 291 3302 τινι
316 3247 460 3318 λόγῳ
484 3246 684 3316 χωρίου
714 3248 775 3299 οὐ
804 3248 1149 3299 παντάπασιν
1190 3246 1398 3317 ἔρημον
1435 3246 1555 3299 οὐδὲ
1590 3245 1769 3316 ἀπηλ-

176 3338 458 3409 λαγμένον
507 3337 604 3406 τῆς
639 3337 885 3403 υίότητος
905 3354 917 3367 ·
948 3338 1084 3390 ἀλλά
1124 3337 1232 3407 γὰρ
1262 3336 1451 3405 ὥσπερ
1481 3338 1558 3399 εἰς
1600 3336 1769 3404 ἄγγος

178 3430 461 3503 ὲμσληθὲν
501 3432 670 3503 μύρον
694 3431 739 3461 ⁸⁸
782 3428 1147 3483 εὐωδέστατον
1177 3429 1225 3480 εί
1278 3428 1374 3480 xui
1418 3427 1500 3479 ὅτι
1537 3425 1770 3496 μάλιστα

179 3524 467 3596 ἐπιμελῶς
494 3523 850 3592 ὲκκενωθεὶη,
880 3522 1028 3592 ὅμως
1058 3521 1200 3592 ὀσμή
1234 3537 1318 3583 τις
1354 3520 1435 3571 ἔτι
1482 3521 1633 3589 μένει
1668 3516 1764 3571 τοῦ

184 3615 367 3687 μύρου
418 3616 515 3668 xui
562 3614 974 3678 καταλείπεται,
1027 3610 1130 3665 κᾶν
1178 3609 1645 3685 ᾖκεχωρισμένον
1674 3610 1770 3661 τοῦ

181 3706 437 3775 ἀγγείου,
458 3706 553 3759 xui
588 3705 761 3776 μύρου
803 3705 980 3775 ὀσμὴν
1012 3704 1072 3757 τὸ
1104 3704 1327 3772 ἀγγεῖον
1354 3706 1493 3775 ἔχει,
1526 3706 1576 3756 εἰ
1601 3704 1645 3736 ⁸³
1678 3704 1772 3757 xui.

186 3803 270 3873 μὴ
307 3801 477 3872 μύρον
524 3801 592 3865 ⁸⁸,
642 3799 814 3861 οὕτως
868 3797 931 3851 τὸ
989 3794 1214 3865 Πνεῦμα
1269 3796 1330 3849 τὸ
1393 3798 1549 3865 ἆγιον
1608 3796 1774 3865 μεμέ-

182 3911 325 3963 νηκε
358 3894 457 3962 τῆς
487 3891 499 3963 1
531 3893 776 3962 υίότητος
800 3890 1027 3960 ἄμοιρον
1056 3892 1152 3943 xui
1179 3889 1622 3959 ἀπηλλαγμένον,
1659 3889 1773 3957 ἔχει

182 3986 246 4039 δὲ
286 3986 346 4037 ὲν
381 3984 560 4054 ἐαυτῷ
592 3983 763 4054 μύρου
806 3981 1205 4053 παραπλησίως
1245 3981 1343 4051 τὴν
1375 3981 1622 4049 δύναμιν,
1653 3980 1775 4052 [τῆς

183 4075 465 4148 υἱότητος]
512 4076 557 4107 ⁸⁸
586 4076 797 4147 ὀσμήν’
846 4076 941 4127 xui
991 4074 1149 4127 τοῦτό
1188 4073 1392 4126 ὲστιτδ
1445 4073 1771 4143 λεγόμενον’

194 4171 290 4235 Ὡς
323 4170 520 4237 μύρον
556 4167 655 4221 ἐπὶ
697 4165 971 4235 κεφαλῆς
1012 4167 1077 4220 τὸ
1125 4166 1488 4220 καταϐαῖνον
1524 4166 1624 4218 ἐπὶ
1668 4166 1775 4219 τὸν

182 4262 442 4331 πώγωνα
465 4261 570 4315 τοῦ
611 4259 835 4327 Ἀαρὼν
853 4260 921 4322 ⁸⁷,
973 4260 1006 4327 ή
1037 4259 1142 4312 ἀπὸ
1183 4257 1277 4311 τοῦ
1327 4257 1642 4326 Πνεύματος
1678 4256 1774 4309 τοῦ

183 4353 351 4423 ἁγίου
384 4351 662 4422 φερομένη
686 4349 830 4420 ὀσμὴ
862 4349 1066 4403 ἄνωθεν
1095 4349 1245 4402 κάτω
1274 4348 1438 4419 μέχρι
1469 4352 1570 4418 τῆς
1599 4348 1774 4418 ἀμορ-

1853 503 2031 559 omnis
2077 510 2276 555 natura
2324 497 2550 566 expetit,
2594 494 2698 548 alia
2736 504 2918 548 autem
2966 494 3146 550 aliter.
3193 493 3445 548 Crassior

1855 605 2034 649 autem
2071 593 2159 647 illa
2196 591 2371 645 adhuc
2415 603 2637 643 manens
2679 588 2730 642 in
2783 588 3011 653 semine,
3047 597 3232 655 utpote
3272 587 3445 638 imitu-

1860 688 1985 743 bilis
2016 685 2283 755 qnazdam.
2316 683 2610 737 escendere
2648 680 2864 748 quidem
2896 694 3001 733 non
3032 681 3239 747 potuit;
3274 678 3443 730 multo

1866 781 2010 835 enim
2053 778 2277 832 inferior
2310 775 2628 837 subtilitate,
2659 788 2819 841 quam
2865 772 3049 825 habuit
3081 771 3295 834 lilietas,
3326 786 3446 838 qua!

1864 887 1958 927 sua
1992 886 2093 940 ope
2123 868 2388 934 escendit,
2415 866 2599 921 relicta
2634 874 2740 919 est.
2782 865 3039 917 Instruxit
3062 864 3223 933 igitur
3250 863 3445 916 lilietas

1855 964 2095 1020 crassior
2126 962 2325 1017 talibus
2350 976 2470 1014 sesc
2492 960 2809 1029 quibusdam
2835 957 2959 1020 alis,
2990 955 3240 1025 qualibus
3268 955 3443 1019 Plato,

1855 1060 1903 1113 is
1939 1057 2029 1126 qui
2058 1056 2317 1126 magister
2348 1061 2468 1107 erat
2507 1050 2838 1112 Aristotelis,
2866 1049 2919 1102 in
2949 1047 3180 1102 Phwdro
3207 1048 3444 1101 animam

1857 1150 2137 1213 instruxit,
2181 1157 2235 1203 et
2264 1153 2422 1199 vocat
2452 1145 2557 1198 tale
2592 1143 2854 1197 Basilides
2893 1156 3000 1195 non
3032 1141 3166 1205 alas,
3196 1142 3288 1195 sed
3321 1139 3447 1208 Spi-

1856 1243 2014 1297 ritum
2047 1250 2319 1301 sanctum,
2351 1252 2511 1308 quem
2544 1237 2731 1289 induta
2765 1234 3030 1289 benellcio
3058 1232 3221 1287 allicit
3253 1232 3447 1286 lilietas

1854 1345 1905 1388 et
1963 1335 2201 1389 vicissim
2271 1332 2538 1387 beneﬁcio
2594 1328 2846 1383 allicitnr.
2905 1328 3115 1397 Quippe
3179 1326 3448 1381 beneﬁcio

1856 1432 2043 1496 allicit,
2077 1431 2296 1502 quando
2328 1430 2490 1482 veluti
2542 1428 2657 1481 avis
2689 1427 2786 1481 alae
2822 1427 2950 1494 ipsae
2986 1441 3081 1494 per
3115 1438 3198 1488 se,
3226 1430 3448 1476 remoue

1856 1526 1923 1577 ab
1956 1524 2066 1588 avi,
2097 1537 2202 1575 non
2237 1521 2395 1575 facile
2421 1512 2471 1573 in
2523 1519 2755 1573 sublime
2804 1518 3100 1579 ferrentur,
3130 1528 3231 1568 nec
3256 1525 3448 1566 rursus

1858 1617 1995 1679 avis,
2024 1623 2230 1669 remota
2266 1613 2333 1666 ab
2384 1612 2505 1675 alis,
2553 1626 2657 1663 non
2698 1609 2859 1663 facile
2901 1607 3136 1661 ferretur
3164 1606 3215 1658 in
3254 1604 3444 1657 altum.

1862 1705 2050 1761 Talem
2084 1708 2373 1774 quamdam
2404 1702 2667 1755 rationem
2704 1699 2937 1753 habebat
2968 1698 3161 1751 lilietas
3182 1695 3246 1749 ad
3276 1693 3449 1763 Spirl‘

1863 1809 1974 1854 tum
2006 1808 2255 1851 sanctum
2299 1805 2353 1849 et
2376 1793 2614 1863 Spiritus
2634 1793 2700 1847 ad
2732 1791 3031 1845 lilietatem.
3060 1788 3283 1843 Sublata
3302 1787 3446 1841 enim

1862 1909 1890 1947 a
1931 1890 2136 1960 Spiritu
2180 1888 2372 1942 lilietas
2421 1897 2676 1955 tanquam
2728 1884 2796 1939 ab
2834 1884 2937 1937 alis
2991 1880 3130 1936 tollit
3162 1881 3297 1943 alas,
3334 1878 3441 1932 hoc

1863 1993 1950 2037 est
1980 1981 2266 2051 Spiritum.
2300 1988 2355 2031 et
2377 1979 2466 2031 ubi
2498 1973 2951 2046 appropinquavit
3005 1973 3186 2029 subtili
3218 1968 3445 2024 liilietati

1864 2083 1920 2129 et
1950 2073 2057 2127 Deo
2084 2070 2332 2125 non-enti
2363 2079 2417 2122 et
2443 2067 2533 2137 qui
2562 2066 2932 2121 labricavitex
2963 2064 3337 2125 non—entibus,
3358 2068 3444 2114 at-

1865 2166 2039 2219 tinere
2074 2162 2293 2231 quidem
2325 2161 2473 2214 illum
2504 2174 2687 2212 secmn
2718 2173 2822 2212 non
2856 2164 3106 2226 poterat;
3143 2165 3264 2208 erat
3295 2153 3442 2208 enim

1866 2270 1970 2309 n0n
2026 2250 2537 2315 consubstantialis,
2580 2264 2679 2305 nec
2746 2260 2993 2303 naturam
3053 2247 3285 2300 habebat
3323 2260 3445 2296 cum

1866 2346 2117 2409 lilietate;
2148 2344 2241 2398 sed
2280 2341 2438 2396 sicuti
2466 2350 2655 2394 contra
2707 2348 2953 2392 naturam
2995 2347 3078 2391 est
3115 2335 3358 2405 piscibus
3392 2341 3447 2385 et

1867 2438 2202 2507 perniciosus
2228 2450 2322 2489 aer
2358 2449 2524 2503 purus
2558 2443 2613 2486 et
2642 2431 2851 2491 aridus,
2890 2432 2965 2484 ita
2997 2428 3225 2498 Spiritui
3252 2438 3444 2481 sancto

1868 2537 1990 2582 erat
2019 2536 2218 2582 contra
2255 2536 2506 2579 naturam
2540 2522 2627 2576 ille
2654 2520 3016 2575 inellabilibus
3049 2519 3371 2575 inell‘ahilior
3395 2532 3451 2574 et

1865 2620 2116 2675 omnibus
2164 2619 2414 2686 superior
2466 2614 2775 2669 nominibus
2820 2614 3107 2667 non-entis
3155 2613 3239 2667 dei
3289 2612 3449 2665 simul

1869 2713 2021 2767 locus
2052 2718 2106 2765 et
2142 2708 2401 2763 lilietatis.
2432 2706 2679 2775 Reliquit
2700 2705 2874 2774 igitur
2902 2720 3024 2757 ettm
3069 2703 3264 2756 lilietas
3285 2716 3450 2771 prope

1870 2802 2044 2856 locmn
2098 2799 2245 2852 illum
2303 2799 2518 2852 beatum
2573 2807 2628 2849 et
2673 2795 2765 2862 qui
2836 2806 3015 2847 mente
3065 2792 3448 2862 comprehendi

1869 2889 2233 2963 36h-365
2266 2890 2518 2959 aliquove
2549 2887 2716 2941 verbo
2747 2886 3020 2955 designari
3052 2896 3303 2953 nequeat,
3342 2898 3447 2937 non

1873 2985 2085 3051 penitus
2112 2988 2383 3035 desertum
2410 2995 2507 3033 nec
2533 2978 2835 3045 sejunctum
2866 2992 2895 3030 a
2928 2977 3184 3043 lilietate;
3211 2978 3303 3030 sed
3336 2975 3451 3029 vel-

1873 3075 1948 3129 uti
1996 3074 2049 3127 in
2093 3074 2376 3127 vasculum
2409 3069 2647 3124 infusum
2695 3078 3026 3139 unguentum
3078 3067 3450 3135 fragrantissi-

1873 3183 2018 3222 mum
2056 3166 2099 3220 si
2136 3164 2215 3218 vel
2250 3162 2666 3232 diligentissima
2697 3175 2827 3214 cura
2861 3159 3239 3223 evacuabitur,
3266 3169 3446 3212 tamen

1870 3260 2006 3312 odor
2033 3258 2251 3325 quidam
2286 3254 2545 3323 unguenti
2575 3254 2856 3306 etiamtum
2894 3265 3075 3305 manet
3102 3257 3156 3304 et
3188 3251 3447 3320 relinqui-

1872 3360 1980 3413 tur,
2026 3348 2242 3401 etiamsi
2279 3363 2308 3399 a
2363 3344 2585 3399 vasculo
2622 3354 2929 3413 separatum
2965 3342 3036 3395 sit
3086 3354 3141 3395 et
3188 3341 3446 3409 unguenti

1870 3443 2091 3495 odorem
2125 3438 2320 3492 retinet
2352 3453 2467 3502 vas,
2504 3436 2604 3489 etsi
2656 3452 2760 3488 non
2808 3443 3138 3504 unguentum
3172 3450 3184 3485 :
3223 3433 3293 3485 ita
3328 3431 3450 3500 Spi-

1872 3532 2009 3586 ritus
2038 3538 2259 3585 snnctns
2292 3528 2553 3580 remansit
2586 3544 2615 3581 a
2649 3526 2869 3579 lilietate
2901 3534 3140 3577 remotus
3172 3534 3226 3576 et
3270 3521 3450 3590 sejun-

1873 3634 2014 3687 ctns,
2071 3622 2237 3675 habet
2287 3629 2464 3673 autem
2503 3620 2555 3672 in
2619 3633 2678 3671 se
2735 3616 2994 3682 unguenti
3047 3615 3302 3669 similiter
3339 3615 3447 3668 vim

1873 3726 2050 3775 suam,
2089 3708 2328 3762 lilietatis
2378 3715 2623 3772 odorem,
2659 3718 2710 3760 et
2767 3708 2869 3759 hoc
2903 3714 3009 3770 est,
3051 3710 3192 3774 quod
3243 3705 3447 3759 dictum

1873 3812 1956 3855 est
1984 3820 1997 3855 :
2027 3799 2171 3855 Sicut
2214 3811 2533 3869 unguentum
2572 3801 2624 3851 in
2672 3814 2864 3867 capue,
2908 3800 3048 3868 quod
3101 3800 3367 3851 descendit
3397 3799 3450 3851 in

1875 3890 2092 3943 barbam
2132 3890 2335 3954 Aaron,
2370 3907 2398 3943 a
2463 3891 2667 3959 Spiritu
2722 3902 2910 3944 sancto
2956 3891 3167 3945 delatus
3215 3894 3348 3945 odor
3384 3907 3451 3944 ex

1877 3983 1986 4036 alto
2018 3983 2071 4034 in
2128 3983 2290 4035 imum
2326 3998 2498 4051 usque
2551 3984 2615 4037 ad
2670 3983 3060 4038 inlormitatem
3119 3993 3172 4037 et
3222 3984 3450 4054 gradum

1878 4087 2147 4137 nostrum,
2182 4076 2323 4127 unde
2371 4086 2612 4142 cmperat
2652 4090 2877 4145 surgere
2932 4076 3148 4142 lilietas,
3194 4086 3449 4144 tanquam

1878 4167 1931 4220 in
1963 4167 2067 4221 alis
2101 4167 2315 4235 aquilae,
2353 4168 2547 4235 inquit,
2576 4168 2797 4237 ejusque
2818 4170 2979 4222 dorso
3006 4168 3236 4222 sublata.
3260 4167 3453 4220 Nitun-

1884 4268 1972 4311 tur
2019 4258 2163 4312 enim
2196 4259 2374 4312 omnia
2398 4300 2412 4321 ,
2446 4259 2654 4327 inquit,
2684 4252 2761 4313 ex‘
2783 4260 2891 4313 imo
2922 4260 2973 4312 in
3005 4261 3209 4325 altum,
3242 4276 3270 4313 a
3302 4262 3453 4313 dete-

1879 4352 2117 4405 riorihns
2148 4352 2200 4403 in
2233 4352 2491 4404 meliora:
2526 4349 2660 4402 nihil
2710 4357 2890 4402 autem
2924 4350 3059 4403 adeo
3095 4349 3333 4416 ineptum
3366 4360 3452 4403 est

183 4446 321 4517 φίας
376 4446 471 4498 καὶ
518 4442 614 4496 τοῦ
657 4442 1025 4514 διαστήματος
1093 4441 1188 4493 τοῦ
1264 4440 1387 4493 καθ’
1417 4441 1598 4509 ἡμᾶς,
1650 4439 1687 4491 ὂι

1946 4458 2087 4505 rum,
2122 4456 2241 4510 quae
2280 4442 2332 4495 in
2374 4440 2688 4496 melioribus
2714 4450 2860 4516 sunt,
2894 4450 2953 4494 ut
2982 4456 3052 4495 ne
3083 4441 3372 4494 descendat
3399 4441 3448 4492 in

182 4540 397 4610 ἤρξατο
453 4534 772 4604 ἀνελθεῖνή
839 4534 1024 4603 υίότης
1104 4533 1267 4585 οἱονεὶ
1334 4533 1426 4584 ἐπὶ
1479 4531 1768 4602 πτερύγων

182 4630 353 4687 ἀετοῦ
371 4631 437 4695 ⁸³,
489 4629 644 4699 φησὶ,
704 4628 800 4681 καὶ
848 4625 959 4678 τῶν
1029 4625 1385 4695 μεταφρένων
1462 4624 1766 4692 ἐνεχθεῖσα.

182 4722 419 4777 Σπεύδει
460 4721 589 4791 γὰρ,
632 4722 788 4790 φησὶ,
830 4720 1011 4773 πάντα
1054 4716 1305 4770 κάτωθεν
1340 4717 1476 4777 ἄνω,
1525 4715 1635 4769 ἀπὸ
1662 4715 1771 4768 τῶν

181 4812 451 4885 χειρόνων
492 4814 586 4866 ἐπὶ
621 4812 690 4865 τὰ
728 4811 1051 4882 κρείττονα·
1098 4807 1249 4861 οὐδὲν
1287 4808 1345 4863 δὲ
1392 4806 1562 4869 οὕτως
1605 4805 1770 4876 ἀνόη-

1876 4536 2043 4589 itnum
2079 4535 2204 4601 (hoc
2248 4541 2348 4597 est,
2405 4549 2513 4587 non
2571 4534 2852 4588 descendit
2907 4534 3201 4603 quidquam
3238 4548 3450 4597 eorum,

1876 4639 1995 4692 qum
2018 4624 2072 4676 in
2104 4624 2212 4677 alto
2239 4633 2384 4688 sunt,
2419 4625 2470 4675 in
2514 4621 2727 4691 imum).
2779 4621 2964 4676 Tertia
3020 4634 3200 4677 autem
3233 4621 3449 4684 lilietas,

1878 4715 2074 4783 inquit,
2100 4730 2161 4768 ea
2194 4730 2315 4785 qua:
2353 4715 2675 4785 purgatione
2704 4726 2847 4783 eget,
2880 4715 3158 4769 immansit
3180 4715 3231 4768 in
3259 4731 3452 4780 magno

1879 4807 2258 4860 universorum
2290 4808 2558 4861 seminum
2595 4822 2791 4862 acervo
2825 4808 3084 4862 beneﬁcia
3114 4816 3168 4862 et
3199 4806 3369 4860 edens
3397 4818 3453 4858 ct

1510 4960 1749 5017 νΑιιιΑΞ
1789 4958 2191 5016 LECTIONES.

262 5110 307 5140 '°
324 5109 689 5180 λεπτομερίας
707 5108 767 5163 (Ζ.
844 5107 884 5180 ‘l
915 5107 1321 5180 ἀναδραμοῦσα.
1349 5107 1759 5180 ἀναδραμοῦσα,
1785 5105 2171 5180 ἀναδραμτζῦσα
2198 5107 2252 5159 δὲ
2270 5106 2594 5180 Bernaysius
2616 5117 2667 5180 et
2694 5106 3056 5180 BltttSenlttS.”
3087 5106 3132 5137 "
3162 5102 3254 5161 ὧν.
3276 5102 3320 5159 ὦ
3345 5108 3405 5170 C.
3426 5110 3456 5162 ὁ

182 5178 265 5265 Η,
298 5177 620 5265 βιιρεθιιὶυὲ.
643 5251 655 5265 ⁹
694 5179 1001 5265 ’ξψαίδριγλ
1027 5177 1260 5265 (ξιαίδωνι
1283 5178 1357 5265 (Ι.
1392 5177 1460 5265 ill.

1558 5176 2010 5261 "Lé6sp75taifut;
2041 5176 2128 5261 C._
2155 5180 2225 5258 ,⁵⁵
2251 5177 2359 5261 γάρ

2405 5178 2527 5230 ὑπό.
2578 5178 2688 5248 γάρ
2742 5178 2849 5230 ἀπὸ
2902 5180 2959 5235 (Σ,
2995 5176 3081 5248 Μ.
3128 5178 3449 5232 Bnnsenins.

186 5252 236 5281 “
264 5252 364 5302 οὐκ
384 5250 558 5311 ὄντος.
608 5246 992 5311 οίκοῦντοςὈ,
1032 5249 1361 5310 διοικοῦντος
1407 5247 1547 5312 conj.
1583 5246 1654 5302 M.
1698 5246 1950 5301 Correxit
1985 5246 2255 5302 Jacohins.
2332 5249 2377 5279 ⁵⁷
2404 5248 2547 5304 οὐδὲ.
2579 5246 2677 5300 οὐσ
2710 5250 2835 5315 (sic)
2872 5248 2928 5301 δὲ
2972 5247 3032 5313 C,
3068 5247 3257 5311 οὐσίας
3286 5248 3339 5301 δὲ
3380 5248 3449 5301 Μ.

183 5320 448 5374 Cerrexit
484 5318 762 5374 Jacobins.
834 5320 881 5350 ⁵⁸
916 5319 1075 5389 μετά.
1106 5319 1277 5387 αὐτῆς
1316 5318 1665 5389 Bunseniusa
1712 5318 1757 5389 [θ
1784 5319 2059 5389 ἀρρήτων.
2086 5318 2326 5389 ἄρρητον
2355 5317 2418 5379 G,
2448 5317 2520 5380 Μ,
2552 5317 2795 5389 Correxit
2826 5317 3011 5371 lat-oh.
3050 5319 3134 5389 ﬁ“
3166 5318 3455 5389 θεοχωρέον

186 5393 254 5441 υ.
284 5389 328 5419 ⁶¹

185 5458 257 5511 C.
334 5460 378 5489 “
410 5458 507 5528 τῆς
540 5456 949 5529 υἱότητοςοόύ.
976 5456 1313 5511 υιιιιὶοτηῑυέ
1347 5458 1468 5509 coll.
1506 5456 1543 5511 ι.
1574 5457 1666 5509 46.
1695 5457 1764 5509 47
1795 5467 1849 5509 et
1880 5473 1933 5525 p.
1964 5456 2087 5519 521,
2118 5458 2153 5509 “2.
2185 5458 2269 5511 ctl.
2315 5460 2373 5513 0:

186 5528 285 5582 nui
319 5544 413 5582 nro
443 5529 616 5582 ὀσμὴν
645 5528 925 5582 leaendum
961 5542 1081 5581 esse
1108 5537 1297 5581 censet
1338 5525 1536 5582 ὀσμῆς.
1612 5526 1654 5556 ⁸⁷
1687 5525 1769 5581 Cl‘.
1805 5528 1937 5582 nsal.
1969 5541 2175 5582 cxxxn.
2218 5529 2271 5582 9..
2313 5529 2373 5582 Ὠ

1714 5529 1769 5579 ll.
1805 5529 1937 5595 psal.
1969 5541 2175 5587 cxxxn,
2218 5529 2271 5583 9..
2313 5529 2403 5590 Ὠς

186 5528 285 5595 qui
318 5544 413 5595 pro
443 5525 616 5597 ὀσμὴν
645 5525 925 5597 legendum
961 5542 1081 5597 esse
1108 5537 1297 5597 censet
1338 5525 1536 5596 ὀσμῆς.

360 5392 391 5489 τι
430 5390 635 5491 uidi-qi.
664 5386 987 5458 υίότητοςὈ.
1020 5388 1089 5440 Μ.
1167 5389 1211 5418 ⁸³
1233 5386 1397 5468 μηδὲ.
1428 5387 1503 5456 μὴ
1528 5388 1600 5455 μὴ
1625 5386 1679 5439 δὲ
1708 5387 1767 5440 C.
1824 5386 1892 5417 ’⁸³
1922 5387 2091 5491 μῦρον
2116 5386 2179 5441 (Σ.
2221 5386 2300 5419 ’⁸⁵
2320 5388 2433 5457 ἔχει
2456 5390 2525 5443 εί.
2555 5390 2602 5441 εί
2636 5389 2699 5450 (1,
2726 5388 2834 5458 ἔχει
2868 5390 3009 5457 conj.
3049 5388 3116 5443 Μ.

410 5475 507 5491 ρ...-
540 5476 568 5491 ..
626 5475 787 5491 -..ηρ
827 5461 927 5491 ...ω
976 5456 1311 5491 ultimm...”
1347 5458 1445 5491 ...ιιι
1509 5456 1519 5491 I
1578 5457 1643 5491 λη
1698 5457 1764 5491 n
1795 5467 1843 5491 ι..
1880 5473 1911 5491 η
1964 5458 1994 5491 τ
2043 5458 2056 5491 ι
2118 5458 2151 5491 ε.)
2185 5458 2247 5491 ...ι
2315 5460 2391 5491 η..
2446 5476 2460 5489 .
2504 5474 2589 5491 η...
2646 5458 2686 5491 ρ
2743 5459 2784 5491 tu

3196 5392 3240 5422 ’θ’
3281 5391 3378 5442 μῦί

2043 5408 2091 5439 ον
2116 5408 2179 5441 ι..
2255 5408 2300 5419 "
2320 5408 2433 5457 εχει
2456 5408 2525 5443 ει.
2555 5408 2602 5441 ει
2636 5408 2699 5450 υ,
2726 5408 2834 5458 εχει
2868 5408 3009 5457 con].
3049 5408 3116 5443 [ιι.
3196 5408 3240 5422 π’
3279 5408 3453 5460 μυρον

2043 5458 2087 5519 l,
2118 5458 2153 5509 “2.
2185 5458 2269 5511 etl.
2315 5460 2417 5513 ΟΧ.
2446 5476 2460 5513 τ
2503 5474 2613 5512 om.
2646 5458 2710 5518 C.
2741 5459 2807 5519 Μ,
2844 5458 3145 5513 Bnnst-nins
3178 5460 3452 5520 Μυρίνης,

2446 5528 2615 5600 μύρον
2660 5530 3037 5603 ninguit;
3080 5528 3366 5603 [κεφαλῆς]
3396 5532 3455 5584 τὸ

186 5594 519 5676 aea-aquae»;
546 5594 641 5676 sit}
675 5594 928 5676 πώγωνα,
958 5596 1048 5676 τρν
1078 5595 1319 5664 πώγωνα
1358 5594 1731 5676 ’τὸνςΑοιρὼνι
1774 5613 1828 5648 κ.
1864 5613 1914 5650 τ.
1952 5596 2003 5649 λ.
2081 5598 2125 5629 ⁸⁸
2169 5600 2252 5652 (Il‘.
2284 5598 2324 5652 ν
2354 5594 2484 5654 Mos.
2523 5594 2695 5666 ixxn,
2730 5601 2816 5652 ll.
2860 5594 2953 5662 Ὡς
2978 5594 3136 5664 uati};
3180 5594 3453 5654 ὃκετίεἰσαι

186 5668 412 5747 νρσξιάν
439 5666 654 5747 ἑαυτοῦ,
690 5664 783 5747 xui
802 5668 897 5747 ἐπὶ
918 5669 1030 5729 τοῖς
1059 5670 1299 5747 νεοσσοῖς
1325 5664 1861 5747 αύτρῦηὲηπεπόθησε,
1888 5667 2021 5728 διεὶς
2053 5668 2152 5731 τὰς
2194 5670 2470 5740 πτέρυγας
2494 5670 2660 5724 αὑτοῦ
2681 5664 2687 5666 ⁷
2706 5669 2921 5734 ἐδέξατο
2964 5671 3176 5737 αὐτοὺς,
3218 5674 3312 5725 xui
3357 5674 3455 5723 ἀν-

186 5736 385 5796 έλαϐεν
418 5738 611 5799 αὐτοὺς
639 5738 730 5791 ἐπὶ
756 5736 869 5792 τῶν
900 5737 1249 5807 μεταφρὲνων
1281 5735 1466 5790 αὐτοῦ.
1497 5735 1581 5789 Cl.
1616 5735 1658 5789 ll
1684 5737 1821 5791 Mos.
1857 5752 1969 5801 nx,
1992 5737 2045 5792 ά.
