3808 6220
172 354 316 418 3339

1273 340 1572 399 CONTRA
1604 338 1950 397 HERESES
1990 339 2136 398 LIB.
2173 338 2306 399 VII.

3291 340 3430 404 3340

169 466 508 528 ἀποστόλων,
541 462 766 524 τούτους
810 458 873 515 δὲ
906 455 1049 511 κατὰ
1088 453 1255 525 μηδὲν
1288 454 1333 487 ⁵⁸
1362 451 1750 505 ἀπολείπεσθαι

1858 450 2027 515 stolis,
2062 452 2161 507 hos
2188 462 2367 505 autem
2398 465 2426 503 a
2460 449 2599 503 nulla
2622 458 2775 520 parte
2810 451 3092 510 inferiores
3120 469 3240 510 esse
3276 452 3423 511 Jesu.

171 557 253 629 [p.
291 555 418 610 E55.
453 552 608 624 256.]
629 550 724 604 τοῦ
760 546 960 619 Ἰησοῦ.
1006 546 1118 609 Τὰς
1142 545 1199 597 δὲ
1231 544 1407 614 ψυχὰς
1457 542 1636 597 αὑτῶν
1675 542 1742 593 ἐκ

170 650 275 718 τῆς
301 646 704 719 ὑπερκειμένης
723 640 973 709 ἐξουσίας
1008 637 1310 709 παρούσας,
1347 636 1442 688 καὶ
1474 634 1560 687 διὰ
1589 633 1749 687 τοῦτο

170 738 435 802 ὡσαύτως
486 735 937 805 καταφρονούσας
960 733 1006 764 ⁶⁰
1065 731 1174 783 τῶν
1233 726 1582 798 κοσμοποιῶν
1607 726 1722 797 ⁶¹,Ι

171 830 277 900 τῆς
315 830 486 900 αὐτῆς
514 826 783 899 ἠξιῶσθαι
806 824 1090 895 δυνάμεως
1127 820 1223 874 καὶ
1252 815 1409 881 αὖθις
1432 819 1512 881 εἰς
1533 817 1595 869 τὸ
1617 815 1749 869 αὑτὸ

174 921 457 992 χωρῆσαι·
496 919 543 970 εἰ
587 917 645 970 δέ
694 932 778 978 τις
814 915 1023 968 ἐκείνου
1065 912 1227 965 πλέον
1282 910 1750 980 καταφρονήσειεν

175 1013 286 1064 τῶν
305 1010 559 1073 ἐνταῦθα,
577 1006 841 1061 δύνασθαι
858 1004 1259 1077 διαφορώτερον
1274 1000 1439 1055 αὑτοῦ
1454 1001 1746 1070 ὑπάρχειν.

174 1104 385 1172 Τέχνας
414 1099 508 1156 οὖν
556 1103 795 1172 μαγικὰς
847 1095 1299 1169 ὲξεργάζονται⁶¹
1349 1095 1443 1146 καὶ
1469 1092 1747 1156 ἐπαοιδὰς,

174 1193 377 1264 φίλτρα
415 1210 474 1246 τε
502 1193 598 1245 καὶ
628 1191 924 1262 χαριτήσια
944 1188 1013 1251 ⁸³,
1074 1186 1380 1256 παρέδρους
1408 1202 1469 1237 τε
1492 1184 1588 1236 καὶ
1612 1184 1750 1236 ὀνει-

175 1283 495 1353 ροπόμπους
525 1281 619 1333 καὶ
645 1280 716 1332 τὰ
756 1278 917 1331 λοιπὰ
951 1276 1408 1347 κακουργήματα,
1448 1273 1750 1343 φάσκοντες

175 1374 430 1437 ἐξουσίαν
454 1372 599 1441 ἔχειν
630 1370 767 1437 πρὸς
795 1370 854 1422 τὸ
884 1368 1161 1439 κυριεύειν
1193 1368 1295 1438 ἥδη
1334 1367 1443 1418 τῶν
1474 1365 1750 1434 ἀρχόντων

176 1464 273 1518 καὶ
295 1464 536 1535 ποιητῶν
559 1463 714 1515 τουδε
745 1460 841 1514 τοῦ
873 1461 1102 1529 κόσμου,
1127 1458 1186 1511 οὑ
1226 1458 1331 1529 μὴν
1358 1457 1493 1510 ἀλλὰ
1522 1457 1617 1510 κα)⁸
1642 1456 1751 1509 τῶν

176 1556 237 1607 ὲν
269 1554 417 1624 αὐτῷ
443 1553 770 1624 ποιημάτων
822 1553 1079 1605 ἁπάντων
1104 1567 1118 1582 ·
1156 1549 1353 1611 οἵτινες
1378 1550 1471 1602 καὶ
1500 1549 1652 1601 αὑτοὶ
1672 1550 1752 1611 εἰς

175 1644 431 1715 διαϐολὴν
455 1644 550 1700 τοῦ
590 1643 738 1699 θείου
765 1643 864 1714 τῆς
892 1642 1191 1712 ἐκκλησίας
1236 1640 1501 1710 ὀνόματος
1527 1639 1661 1711 πρὸς
1683 1641 1753 1692 τά

178 1731 309 1799 ἔθνη
340 1732 446 1785 ὑπὸ
472 1732 562 1785 τοῦ
593 1734 809 1786 Σατανᾶ
838 1732 1278 1803 προεϐλήθησαν,
1314 1730 1402 1784 ἵνα
1438 1731 1558 1783 κατ’
1588 1731 1746 1785 ἄλλον

1853 543 2079 597 Animas
2118 552 2294 596 autem
2328 541 2685 613 402-503
2735 556 2923 597 eorum
2961 560 3027 599 ex
3058 547 3431 616 superjacente

1856 641 2125 703 potestate
2163 645 2333 698 ortas,
2387 642 2441 685 et
2490 634 2610 687 ideo
2659 649 2813 703 aeque
2859 637 3217 704 despicientes
3245 638 3428 690 mundi

1854 723 2062 790 fabros,
2118 724 2308 792 dignas
2362 723 2580 777 habitas
2630 738 2753 777 esse
2801 726 2988 780 eadem
3044 737 3311 795 potestate
3376 736 3432 779 ct

1854 830 2049 869 rursus
2067 816 2119 868 in
2146 816 2284 868 idem
2322 815 2573 870 transire.
2606 814 2661 869 Si
2689 817 2811 884 quis
2849 824 3031 870 autem
3062 817 3233 887 magis
3265 833 3431 886 quam

1855 906 1950 961 ille
1998 906 2298 974 despiceret
2336 919 2422 959 res
2479 914 2743 971 terrenas,
2779 921 2936 973 posse
2990 921 3112 962 eum
3165 918 3428 976 praestan-

1857 999 2048 1051 tiorem
2080 997 2310 1051 evadere
2352 1010 2513 1065 quam
2543 996 2712 1050 illum.
2764 1000 2922 1051 Artes
2973 996 3139 1058 igitur
3192 1000 3431 1063 magicas

1857 1099 2120 1159 usurpant
2157 1098 2211 1144 et
2255 1091 2649 1146 incantationes
2698 1090 3002 1159 philtraque
3037 1102 3087 1143 et
3138 1090 3433 1147 charitesia

1856 1184 2219 1251 paretlrosque
2274 1188 2329 1235 et
2388 1182 2721 1236 somniorum
2806 1192 3055 1238 auctores
3116 1182 3430 1251 reliquaque

1859 1269 2143 1334 maleﬁcia,
2172 1270 2483 1337 profitentes
2525 1283 2645 1323 sese
2688 1277 3012 1337 potestatem
3066 1269 3286 1331 habere,
3323 1285 3427 1337 qua

1852 1360 1961 1429 jam
1996 1360 2308 1429 superiores
2337 1362 2566 1415 evadant
2612 1360 3018 1414 dominantibus
3049 1369 3104 1415 et
3134 1361 3432 1414 conditori-

1856 1452 1956 1505 bus
1989 1452 2145 1521 hujus
2182 1452 2386 1513 mundi,
2413 1452 2519 1508 imo
2551 1467 2679 1506 vero
2714 1453 2796 1505 vel
2831 1452 3085 1519 operibus
3113 1452 3166 1505 in
3198 1468 3262 1505 eo
3308 1453 3431 1506 uni-

1858 1543 2073 1598 versis:
2106 1559 2227 1597 cum
2272 1544 2489 1613 quidem
2536 1552 2593 1599 et
2640 1542 2742 1613 ipsi
2788 1545 2853 1597 ad
2888 1542 3308 1597 diﬂ'amationem
3347 1544 3433 1596 di-

1861 1634 1968 1688 vini
1995 1635 2248 1690 Ecclesiae
2273 1636 2507 1690 nominis
2531 1650 2715 1690 coram
2738 1634 2989 1705 gentibus
3015 1650 3044 1688 a
3072 1635 3275 1691 Salana
3301 1652 3432 1704 pro-

1859 1727 2024 1795 geniti
2052 1726 2181 1791 sint,
2209 1737 2267 1779 ut
2303 1726 2553 1781 homines
2577 1726 2628 1780 in
2653 1725 2795 1780 hunc
2822 1735 2985 1795 atque
3023 1724 3172 1779 illum
3215 1729 3430 1779 modum

176 1820 274 1873 καὶ
298 1819 455 1872 ἄλλον
503 1820 705 1891 τρόπον
731 1820 802 1872 τὰ
854 1819 1078 1872 ἐκείνων
1120 1816 1410 1879 ἀκούοντες
1454 1815 1750 1889 ἄνθρωποι,

1858 1828 2123 1887 praecepta
2190 1818 2404 1872 illorqu
2458 1819 2763 1883 audientes,
2819 1819 3033 1886 ratique
3094 1833 3195 1872 nos
3241 1832 3432 1871 omnes

177 1909 275 1961 καὶ
324 1907 612 1972 δοκοῦντες
660 1910 807 1976 ἡμᾶς
870 1910 1079 1970 πάντας
1145 1907 1424 1970 τοιούτους
1484 1908 1751 1977 ὑπάρχειν

177 1997 565 2068 άποστρέφωσι
582 2000 681 2061 τὰς
703 1999 873 2060 ἀκοὰς
892 1996 1072 2053 αὑτῶν
1111 1997 1221 2050 ἀπὸ
1240 1996 1334 2049 τοῦ
1369 1996 1468 2066 τῆς
1491 1997 1750 2065 ἀληθείας

178 2089 559 2160 κηρύγματος,
606 2089 639 2161 ἢ
682 2090 773 2142 καὶ
796 2087 843 2120 ⁸⁸
890 2087 1179 2158 βλέποντες
1207 2087 1275 2141 τὰ
1321 2088 1546 2141 ἐκείνων
1578 2090 1753 2142 ἄπαν-

181 2196 285 2243 τας
301 2181 345 2212 ⁸⁸
383 2182 533 2250 ἡμᾶς
568 2179 959 2251 βλασφημῶσιν
981 2180 1047 2235 ⁸⁸.
1079 2181 1174 2243 Εἰς
1199 2180 1453 2233 τοσοῦτον
1475 2182 1517 2212 ⁸*
1546 2181 1603 2233 δὲ
1627 2198 1755 2250 μετ-

182 2268 633 2339 ενσωματοῦσθαι
670 2271 939 2337 φάσκουσι
983 2270 1084 2332 τὰς
1124 2268 1325 2339 ψυχὰς,
1358 2270 1482 2322 ὅσον
1504 2271 1546 2301 ⁸ο
1575 2272 1754 2323 πάντα

178 2360 252 2415 τὰ
282 2362 656 2432 ἁμαρτήματα
706 2362 1069 2433 πληρώσωσιν
1098 2378 1112 2391 ·
1145 2363 1271 2416 ὅταν
1299 2364 1354 2415 δὲ
1380 2363 1543 2433 μηδὲν
1571 2364 1750 2434 λείπῃ,

180 2453 307 2504 τότε
354 2452 878 2522 ἐλευθερωθεῖσαν⁷⁶
926 2454 1309 2523 ἀπαλλαγῆναι
1366 2455 1503 2524 πρὸς
1548 2458 1755 2508 ἐκεῖνον

181 2542 277 2595 τὸν
322 2544 577 2615 ὑπεράνω
629 2545 737 2598 τῶν
793 2546 1140 2616 κοσμοποιῶν
1177 2546 1427 2615 ἀγγέλων
1469 2546 1622 2611 Θεὸν,
1657 2548 1754 2599 καὶ

180 2631 361 2697 οὕτως
405 2634 745 2707 σωθήσεσθαι
801 2637 982 2700 πάσας
1031 2636 1132 2699 τὰς
1176 2636 1376 2707 ψυχάς.
1432 2638 1591 2701 Τινὲς
1622 2639 1662 2669 ⁷¹
1696 2639 1754 2692 δὲ

184 2725 468 2794 φθάσασαι
516 2730 573 2780 ὲν
626 2729 724 2799 μιᾷ
778 2728 1053 2799 παρουσίᾳ
1098 2730 1435 2800 ἀναμιγῆναι
1460 2732 1505 2763 ⁷²
1552 2733 1758 2796 πάσαις

184 2815 264 2888 [p.
299 2816 426 2871 256.
452 2818 605 2890 257.]
645 2820 943 2890 ἁμαρτίαις
972 2820 1152 2873 οὐκέτι
1186 2823 1753 2893 μετενσωματοῦνται,

182 2908 322 2961 ἀλλὰ
369 2913 548 2965 πάντα
590 2912 726 2983 ὁμοῦ
775 2912 1068 2968 ἀποδοῦσαι
1098 2915 1166 2968 τὰ
1197 2915 1488 2986 ὀφλήματα
1539 2916 1756 2969 ἐλευθε-

186 2998 527 3069 ρωθήσονται
561 3000 657 3054 τοῦ
708 3003 907 3071 μηκέτι
946 3003 1199 3069 γενέσθαι
1230 3006 1287 3057 ὲν
1344 3004 1576 3069 σώματι.
1619 3007 1758 3059 Τού-

182 3107 295 3143 των
321 3092 466 3151 τινὲς
486 3092 580 3144 καὶ
606 3095 1034 3163 καυτηριάζουσι
1070 3095 1197 3157 τοὺς
1220 3094 1384 3159 ἰδίους
1419 3097 1666 3166 μαθητὰς
1697 3100 1755 3150 ὲν

1854 1910 1987 1964 tales
2018 1925 2155 1975 esse,
2185 1916 2433 1965 avertant
2461 1925 2621 1964 aures
2650 1924 2779 1965 suas
2800 1926 2829 1962 a
2855 1911 3127 1978 praaconio
3158 1910 3428 1971 veritatis,

1851 2003 1935 2056 vel
1961 2004 2124 2056 etiam
2162 2003 2438 2056 intuentes
2468 2016 2587 2071 qua:
2633 2010 2760 2055 sunt
2785 2000 2998 2056 illorum
3049 2002 3302 2056 omnibus
3335 2015 3436 2053 no-

1851 2092 1934 2147 bis
1973 2092 2316 2147 maledicant.
2365 2092 2423 2144 In
2454 2100 2660 2144 tantum
2702 2101 2879 2144 autem
2924 2091 3077 2144 aiunt
3117 2091 3349 2158 migrare
3378 2091 3430 2142 in

1853 2199 2075 2253 corpora
2136 2184 2366 2245 animas,
2418 2182 2592 2237 donec
2635 2183 2819 2238 omnia
2875 2191 3094 2251 peccata
3134 2182 3427 2251 impleant;

1852 2274 1940 2327 ubi
1972 2284 2152 2327 autem
2183 2272 2313 2326 nihil
2344 2272 2535 2341 reliqui
2576 2273 2668 2334 sit,
2702 2282 2829 2325 tunc
2870 2273 3151 2326 liberatam
3179 2273 3277 2339 (sc.
3308 2272 3431 2325 ani-

1856 2364 2018 2433 mam)
2047 2363 2337 2418 abscedere
2378 2364 2442 2415 ad
2488 2364 2657 2424 illum,
2693 2364 2782 2430 qui
2815 2365 2998 2416 mundi
3029 2358 3197 2418 fabris
3230 2362 3433 2432 angelis

1853 2457 2100 2525 superior
2129 2456 2329 2514 sedeat,
2363 2453 2553 2518 Deum,
2580 2453 2934 2526 Αοῇοωε
2978 2464 3030 2507 et
3061 2455 3113 2506 in
3147 2456 3286 2507 hunc
3319 2469 3433 2506 mo-

1854 2544 1980 2599 dum
2010 2559 2199 2599 omnes
2232 2544 2498 2599 salvatum
2537 2546 2610 2605 ,iri
2646 2546 2878 2598 animas.
2923 2546 3177 2610 Quaedam
3226 2554 3427 2606 autem,

1855 2644 2241 2704 praevertentes
2304 2636 2358 2689 in
2412 2650 2518 2688 una
2567 2636 2854 2703 przesentia
2925 2635 3119 2704 repleri
3178 2636 3430 2689 omnibus

1856 2722 2119 2790 peccatis,
2146 2736 2253 2775 non
2297 2722 2408 2791 jam
2453 2730 2986 2788 transcorporantur,
3023 2723 3116 2776 sed
3145 2724 3326 2777 omnia
3358 2724 3434 2777 si-

1856 2814 2280 2869 mulreddentes
2309 2815 2489 2870 debita
2520 2814 2912 2875 liberabuntur,
2958 2823 3016 2868 ut
3063 2813 3174 2882 jam
3224 2831 3328 2869 non
3374 2816 3434 2869 in

1856 2920 2082 2975 corpora
2140 2916 2437 2960 transeant.
2495 2906 2695 2960 Horum
2747 2907 2964 2975 quidam
2998 2907 3163 2960 etiam
3206 2907 3433 2961 inurunt

1859 2997 2158 3067 discipulos
2188 3014 2314 3053 suos
2344 3000 2393 3051 in
2415 2999 2714 3066 posteriore
2740 3007 2892 3066 parte
2915 2998 3119 3052 dextrae
3148 2998 3428 3053 auriculae.

1859 3089 1925 3143 Et
1977 3090 2239 3156 imagines
2295 3090 2457 3143 etiam
2515 3089 2810 3143 coniiciunt
2860 3089 3087 3156 Christi,
3132 3090 3432 3144 dicentesa

180 3185 301 3244 τοῖς
338 3183 514 3237 ὀπίσω
560 3186 753 3255 μέρεσι
771 3154 1066 3239 ’τουτλοϐοὖ
1101 3154 1195 3239 τού
1218 3154 1395 3251 δεξιού
1419 3154 1595 3252 ’ὠτός
1642 3154 1750 3241 kat

1860 3178 2033 3234 Pilato
2060 3180 2151 3235 illo
2182 3191 2423 3250 tempore
2452 3179 2627 3234 factas
2659 3194 2795 3235 esse.

183 3273 401 3337 εἰκόνας
428 3276 484 3329 δὲ
514 3277 985 3340 κατασκευάζουσι
1010 3277 1105 3330 τοῦ
1126 3279 1169 3331 Χ
1177 3278 1361 3348 ριστοῦ
1379 3279 1629 3348 λέγοντες
1651 3279 1753 3334 ὑπὸ

184 3363 422 3418 Πιλάτου
451 3364 530 3436 τῷ
558 3367 735 3439 καιρῴ
761 3368 954 3436 ἐκείνῳ
986 3366 1260 3436 γενέσθαι.

1762 3503 1831 3519 ᾔ

183 3566 389 3643 λοιπῶν
430 3569 742 3643 άποστόλων
786 3571 1012 3643 έαυτοὺς
1059 3571 1570 3643 ὑπερφερεστέρους
1606 3567 1748 3627 εἶναι

185 3639 280 3713 διὰ
306 3641 404 3713 τὴν
434 3640 737 3713 ὑπερϐολὴν
762 3642 859 3713 τῆς
885 3642 1139 3713 γνώσεως
1162 3639 1257 3695 καὶ
1277 3639 1340 3695 τὸ
1364 3639 1750 3713 περισσότερον

187 3710 292 3792 τῇς
320 3709 661 3792 διαπράξεως
694 3709 967 3792 διαφόρων
999 3712 1276 3792 διεξόδων
1483 3713 1539 3792 δὲ
1571 3714 1628 3792 ἐξ
1659 3709 1752 3792 ἆ-ὑ-

183 3780 298 3854 τῶν
322 3780 585 3854 φάσκουσι
623 3780 788 3854 μηδὲν
828 3780 1194 3854 διενηνοχέναι
1234 3782 1327 3854 τοὺ
1360 3784 1564 3854 Κυρίου
1596 3786 1752 3854 ἡμῶν

200 3848 377 3924 Ἰησφῦ
414 3848 769 3924 Χριστρῦςλέ
805 3851 915 3922 γὰρ
959 3848 1216 3924 Maii!
1254 3848 1553 3924 insciti]:
1600 3848 1754 3924 τὶέρι-

186 3922 363 3988 φορᾶς
388 3922 494 3990 είσι
522 3920 615 3972 καὶ
647 3920 847 3989 ὁμοίως
885 3920 1030 3973 κατὰ
1062 3920 1160 3990 τὴν
1191 3923 1287 3974 τοῦ
1312 3920 1754 3990 ίἹησοῦπάντων

1860 3575 2044 3632 tem'in
2069 3573 2214 3629 nullo
2228 3575 2346 3629 dem
2365 3573 2563 3629 inorari
2585 3591 2611 3627 a
2628 3573 2772 3629 Jesu.
2796 3572 3018 3627 Animas
3030 3575 3167 3628 enim
3193 3574 3430 3643 ipsorum

1854 3662 1917 3700 ex
1950 3648 2135 3700 eadem
2169 3645 2576 3698 circumlatione
2625 3646 2988 3705 devenientes,
3025 3653 3080 3697 et
3113 3645 3231 3697 ide-0
3278 3646 3430 3697 simi-

1856 3716 1981 3771 liter
2011 3724 2417 3768 contemnentes
2463 3714 2645 3767 mnndi
2704 3714 3077 3774 fabricatores.
3109 3716 3293 3767 eadem
3344 3716 3431 3767 di-

1896 3801 1990 3839 nas
2029 3785 2240 3839 habitas
2269 3798 2388 3838 esse
2412 3786 2627 3846 virtute,
2656 3793 2710 3837 et
2741 3799 2927 3837 rursus
2969 3784 3021 3835 in
3068 3784 3204 3836 idem
3254 3785 3425 3840 abire.

1904 3857 1915 3908 i
1944 3857 2067 3924 quis
2108 3863 2285 3907 autem
2318 3856 2433 3924 plus
2463 3870 2624 3921 quam
2664 3853 2751 3905 ille
2789 3855 3172 3919 contempserit
3200 3868 3283 3916 ea,
3309 3869 3429 3923 qua:

1860 3923 1983 3979 Sunt
2009 3926 2116 3985 hic,
2145 3939 2297 3991 p05se
2329 3923 2599 3975 melinrem
2632 3938 2789 3991 quam
2817 3924 2961 3973 illum
2997 3936 3137 3991 esse.

187 3967 595 4109 καταφρόνησιν
649 3967 1036 4059 ποιησάμεναι.
1089 3967 1199 4043 Καὶ
1232 3993 1286 4043 αξ
1344 3967 1535 4049 πάσαι.
1588 3994 1739 4059 φασὶ.
1778 3991 1948 4064 ψυχαὶ
2012 3967 2116 4060 τῆξ
2145 3967 2325 4061 1αὐτῆς
2387 3967 2665 4059 δυνάμεωέ
2710 3990 3039 4061 ηξιιέλθησαν,
3089 3987 3156 4063 ἦς
3188 3992 3283 4045 καὶ
3327 3990 3423 4045 τοῦ

198 4058 377 4109 Ἰησοῦ
407 4057 474 4109 ‘hE
498 4075 668 4109 ωται’
704 4059 783 4109 διὸ
807 4061 900 4109 καὶ
943 4059 1144 4109 ταῦτά(
1176 4078 1306 4109 φασι.
1363 4064 1558 4109 νωρεῖν
1595 4065 1683 4109 διὰ
1726 4064 1905 4109 πάσης
1946 4062 2228 4109 πράξεως-
2269 4061 2519 4109 καθάπερ
2566 4061 2757 4109 ἀμέλει
2818 4063 2911 4109 καὶ
2941 4063 2971 4109 'h
2998 4060 3091 4109 τοῦ
3133 4060 3303 4109 Ἰησοῦ
3343 4063 3423 4109 δι-

198 4058 377 4132 Ἰησού
407 4057 668 4132 ἠξίωταιο
704 4057 787 4132 διδ
807 4057 900 4113 καὶ
943 4059 1144 4132 ταύτάς
1176 4078 1306 4132 φασι
1363 4064 1558 4132 χωρεῖν
1595 4057 1683 4115 διὰ
1726 4057 1905 4132 πάσης
1946 4057 2228 4132 πράξεως,
2269 4057 2533 4129 καθάπερ
2566 4057 2757 4132 ἀμέλει
2818 4057 2911 4132 καῖ
2941 4063 2972 4129 η
2998 4057 3303 4132 τοῦ”Ιησοῦ
3343 4063 3423 4116 δι-

202 4075 233 4110 -ι
284 4075 377 4109 σου
407 4075 668 4126 ηςιωταιο
704 4075 783 4112 οιο
807 4075 900 4113 και
943 4078 1144 4123 ταυτας
1176 4078 1306 4127 φασι
1363 4075 1558 4129 χωρεῖν
1595 4075 1683 4115 δια
1726 4075 1905 4143 πάσης
1946 4075 2197 4132 πράξεως
2215 4075 2519 4143 ,-καυαπερ
2566 4075 2757 4128 αμελει
2818 4075 2911 4113 και
2941 4075 2972 4129 η
2998 4078 3091 4112 του
3137 4075 3203 4142 ρη

185 4075 467 4197 εὐῂυθεν.
510 4130 574 4181 El
601 4128 656 4182 δὲ
696 4130 788 4182 καί
811 4147 894 4194 τις
934 4130 1095 4182 πάλιν
1135 4131 1389 4200 δυνηθείη
1421 4131 1561 4202 ὑπὲρ
1582 4132 1672 4184 τὸν
1715 4133 1920 4202 Ἰησουν
1950 4149 2382 4202 καταφρονησαι,
2406 4130 2805 4201 διαφορώτερος
2831 4130 2981 4184 ἐσται
3001 4132 3187 4185 αὐτου.

259 4221 316 4295 5.
340 4222 499 4275 Artes
525 4224 668 4276 enim
704 4224 941 4295 magicas
973 4236 1267 4291 operantur
1311 4238 1367 4279 et
1411 4226 1509 4294 ipsi
1556 4239 1607 4281 et
1639 4226 2055 4291 incantationes,
2089 4228 2284 4293 philtra
2318 4241 2530 4294 quoque
2563 4236 2617 4278 et
2658 4226 2951 4279 charitesia
2982 4236 3035 4281 et
3069 4228 3325 4295 paredros
3369 4240 3425 4284 et

187 4292 662 4366 oni_ropomposet
697 4292 931 4366 reliquas
963 4295 1395 4366 malignationes,
1427 4292 1670 4350 dicentes
1711 4311 1771 4350 se
1804 4292 2127 4366 potesmtein
2170 4292 2368 4349 habere
2404 4292 2467 4348 ad
2503 4298 2887 4348 dominamlum
2928 4296 3037 4366 jam
3070 4292 3428 4366 principibus

189 4372 240 4434 et
272 4361 689 4434 fabricatoribus
714 4361 871 4434 hujus
897 4361 1117 4434 mundi;
1151 4381 1255 4417 non
1287 4365 1461 4418 solum
1492 4377 1690 4426 autem.
1718 4361 1816 4419 sed
1834 4379 1887 4421 et
1920 4367 2003 4419 his
2021 4367 2295 4427 oninibus,
2328 4382 2447 4432 qum
2476 4366 2525 4417 in
2558 4381 2621 4417 eo
2657 4373 2785 4416 sunt
2816 4361 2975 4418 facta.
2998 4364 3098 4430 Qui
3135 4376 3186 4420 et
3225 4361 3327 4434 ipsi
3357 4372 3423 4422 ad

190 4431 582 4503 detractionem
630 4433 794 4485 divini
829 4433 1083 4488 Ecclesiae
1119 4436 1368 4493 nominis,
1402 4436 1853 4503 quennnlmodum
1892 4446 1946 4490 et
1986 4446 2173 4503 gentes
2209 4451 2237 4487 a
2295 4431 2494 4488 satana
2543 4436 2806 4502 praemissi
2834 4444 2979 4496 sunt,
3016 4437 3090 4488 uti
3132 4431 3428 4491 secundum

190 4501 360 4552 alium
392 4511 445 4554 et
477 4499 639 4553 alium
684 4503 901 4555 modum
946 4520 1067 4570 qua:
1098 4514 1221 4557 aunt
1258 4499 1468 4558 ilioruiu
1500 4506 1780 4559 audientes
1826 4499 2091 4569 homines,
2131 4516 2183 4558 et
2217 4515 2471 4572 putantes
2505 4499 2695 4557 omnes
2725 4518 2824 4557 nos
2852 4504 2985 4558 tales
3010 4520 3149 4567 esse,
3176 4515 3424 4560 avertant

190 4584 354 4623 aures
384 4585 510 4646 suas
539 4586 568 4622 a
602 4572 874 4638 praeconio
914 4574 1183 4639 veritatis,
1214 4585 1307 4628 aut
1332 4587 1386 4627 et
1418 4576 1681 4639 videntes,
1716 4590 1837 4646 qua:
1868 4585 1994 4630 sunt
2036 4576 2271 4640 illorum,
2301 4589 2491 4628 onmes
2537 4590 2635 4628 nos
2679 4574 3051 4644 blasphement
3085 4577 3134 4627 in
3181 4576 3324 4629 nullo
3347 4580 3426 4630 eis

189 4640 658 4693 communicantes
689 4651 793 4695 cet.

258 4709 312 4762 4.
344 4708 409 4762 Ει
442 4711 492 4763 id
532 4711 672 4782 quod
715 4711 837 4764 ait':
867 4708 990 4764 Non
1021 4711 1171 4782 aries,
1196 4712 1339 4777 inde,
1372 4713 1709 4782 quoadusque
1757 4714 2093 4768 novissimum
2136 4710 2479 4782 quadrantem
2531 4713 2738 4774 reddas,
2773 4713 3219 4781 interpretantur,
3261 4716 3417 4782 quasi

197 4793 303 4831 non
338 4789 496 4833 exeat
529 4780 650 4852 quis
677 4796 703 4830 a
732 4789 996 4847 potestate
1020 4781 1333 4852 angelorum
1360 4800 1546 4835 eorum
1580 4780 1668 4850 qui
1697 4785 1954 4838 mundum
1980 4780 2421 4848 fabricaverunt;
2450 4782 2529 4835 sic
2555 4782 2650 4851 (al.
2684 4785 2774 4835 sed
2807 4784 2898 4851 sit)
2924 4780 3426 4852 'transcorporattiiii

194 4861 428 4921 semper,
457 4850 807 4921 quoadusque
835 4852 885 4903 in
912 4850 1065 4921 omni
1102 4853 1321 4921 omnino
1354 4854 1692 4921 Operatione,
1722 4869 1840 4915 quae
1872 4854 1923 4906 in
1966 4855 2189 4915 mundo,
2212 4862 2296 4904 cst
2332 4854 2444 4915 liat,
2476 4863 2530 4903 et
2560 4868 2681 4906 cum
2714 4852 2840 4905 nihil
2864 4850 3094 4905 defuerit
3122 4850 3194 4917 ei,
3217 4864 3326 4906 tum
3368 4855 3428 4908 li-

194 4916 438 4970 beratam
465 4916 582 4983 ejus
608 4916 845 4991 animam
876 4918 1075 4973 elevari
1117 4920 1211 4990 (al.
1241 4916 1517 4991 eliberari)
1554 4924 1619 4975 ad
1651 4922 1798 4975 illum
1822 4924 2004 4987 deum,
2028 4922 2116 4990 qui
2149 4931 2233 4974 est
2263 4937 2421 4987 supra
2457 4923 2677 4989 angelos
2720 4922 2898 4974 mutuli
2929 4916 3308 4976 fabricatures.
3340 4921 3433 4978 Sic

192 5001 410 5060 quoque
448 4988 644 5060 Salvari
684 4996 739 5041 et
773 5002 962 5043 omnes
989 4988 1224 5060 animas,
1254 4992 1365 5045 sive
1396 4988 1521 5060 ipsa}:
1559 5000 1994 5058 przeoccupantes
2020 4988 2068 5044 in
2108 5007 2214 5044 uno
2251 4995 2479 5044 adventu
2514 4988 2566 5044 in
2600 4991 2852 5043 omnibus
2883 4992 3212 5045 misceantur
3241 5008 3434 5056 opera-

191 5058 455 5130 tionibus,
482 5058 597 5130 sive
624 5060 691 5130 de
715 5073 945 5130 corpore
984 5058 1037 5112 in
1070 5075 1266 5129 corpus
1293 5058 1763 5130 transmigrantes,
1785 5062 1867 5115 vel
1901 5062 2157 5115 immissae
2185 5062 2236 5114 in
2272 5076 2593 5130 unaquaque
2621 5062 2801 5129 specie
2832 5060 2952 5114 vita:
2987 5062 3342 5129 adimplentes
3376 5074 3431 5118 et

194 5126 486 5181 reddentes
517 5127 696 5182 debita
730 5127 976 5195 liberari,
1012 5131 1087 5183 uti
1109 5126 1220 5200 jaiu
1254 5146 1358 5183 non
1392 5126 1591 5184 faciant
1614 5131 1707 5201 (al.
1733 5131 1887 5199 ﬁant)
1919 5131 1973 5185 in
1999 5146 2249 5201 corpore.

1447 5258 1683 5314 VARIIE
1723 5260 2130 5317 LECTIONES.

258 5398 305 5429 ⁸⁸
337 5397 521 5467 μηδέν.
568 5399 772 5469 μηδένα
801 5401 861 5465 C,
893 5402 960 5455 Μ.

186 5470 534 5538 κοσμοποιῶν
555 5470 642 5520 διὰ
663 5472 723 5521 τὸ
762 5472 836 5523 Μ.

187 5537 302 5592 om.
329 5538 393 5599 (ὲ,
428 5537 497 5589 Μ.

187 5608 591 5682 supposuimus.
737 5614 964 5682 plllllﬂllis
996 5608 1157 5666 etiam
1184 5608 1561 5682 Epipnatiintn.

186 5676 336 5744 sust).
379 5676 446 5730 Μ.
546 5677 588 5707 "
623 5678 797 5741 Τινές.
852 5681 918 5732 Εἴ
952 5699 1094 5744 τινες
1151 5676 1331 5749 (Σ,’Μ.

186 5748 409 5801 London
444 5746 592 5801 1854.
651 5765 699 5801 n.
730 5750 853 5801 572.

233 5764 409 5801 οηαοη
444 5764 592 5807 1604,
651 5765 699 5817 ι).
730 5764 853 5806 012..

1068 5405 1113 5435 ⁶⁰
1147 5404 1612 5475 καταφρονούσας.
1660 5408 2035 5475 ,καταφρονεῖν
2092 5404 2154 5469 C,
2189 5404 2259 5457 M.

944 5473 989 5503 θ’
1010 5472 1413 5543 ἐξεργάζονται.
1447 5472 1875 5545 ἐξεργαζόμενον
1914 5477 1978 5541 C,
2008 5474 2425 5545 ἐξεργαζόμενοι
2456 5472 2525 5545 Μ.

588 5539 908 5615 ⁸⁸ηᾷπαντας
934 5539 1221 5611 Sauppius,
1253 5545 1469 5597 ἅπαντα
1497 5539 1560 5610 tl,
1588 5539 1660 5598 Μ.
1699 5539 1743 5615 ⁶ξ⁶
1775 5539 2186 5615 βλασφημοῦσιν
2220 5539 2288 5598 (ἐξ
2386 5544 2427 5573 ⁸⁷

1685 5612 1731 5645 ⁸⁸
1760 5612 1804 5646 ⁸⁸
1834 5612 2005 5667 ὅσον.”
2036 5615 2139 5676 ἓως
2192 5615 2257 5666 ἂν
2301 5628 2449 5680 susp.
2495 5613 2781 5680 Stttlppith‘.

1437 5686 1480 5715 ⁷²
1515 5684 1873 5757 ἀναμιγῆναι.
1928 5685 2269 5754 ἀνεμίχθησαν
2306 5682 2605 5738 Bunsenius
2643 5686 2692 5737 in
2725 5680 3042 5750 Uippolylus
3072 5680 3177 5735 and
3203 5683 3282 5734 his
3313 5697 3430 5741 αρε.

2365 5404 2403 5434 τ’
2431 5401 2795 5472 κοσμοποιῶν.
2853 5398 3333 5472 κοσμοποιῶνῌδιὰ
3365 5400 3427 5461 (2,

2629 5472 2676 5503 ⁸³
2706 5473 3016 5541 χαρητήσια
3041 5469 3103 5524 C.
3196 5469 3242 5501 “
3268 5470 3301 5539 ἢ
3339 5472 3432 5521 καὶ

2461 5541 2646 5595 lrentei
2681 5540 2979 5595 versionem
3005 5553 3236 5593 veterem
3264 5540 3433 5592 tenui

2883 5611 2928 5681 ⁷9
2978 5608 3433 5681 ὲλευθερωθείσας
