  <div class='ocr_page' id='page_1' title='image "/cluster/home/n/w/nwhite01/storage/ocr_20150623/16 pt.3/nnc1.0046978674/491.png"; bbox 0 0 3808 6220; ppageno 0'>
   <div class='ocr_carea' id='block_1_1' title="bbox 321 288 466 355">
    <p class='ocr_par' dir='ltr' id='par_1_1' title="bbox 321 288 466 355">
     <span class='ocr_line' id='line_1_1' title="bbox 321 288 466 355; baseline 0.014 -2"><span class='ocrx_word' id='word_1_1' title='bbox 321 288 466 355; x_wconf 76' lang='grc'>3345</span> 
     </span>
    </p>
   </div>
   <div class='ocr_carea' id='block_1_2' title="bbox 1812 287 2180 350">
    <p class='ocr_par' dir='ltr' id='par_1_2' title="bbox 1812 287 2180 350">
     <span class='ocr_line' id='line_1_2' title="bbox 1812 287 2180 350; baseline -0.008 0"><span class='ocrx_word' id='word_1_2' title='bbox 1812 289 1995 350; x_wconf 84' lang='lat' dir='ltr'>ORIG</span> <span class='ocrx_word' id='word_1_3' title='bbox 2004 287 2180 349; x_wconf 82' lang='lat' dir='ltr'><strong>ENIS</strong></span> 
     </span>
    </p>
   </div>
   <div class='ocr_carea' id='block_1_3' title="bbox 3437 280 3611 350">
    <p class='ocr_par' dir='ltr' id='par_1_3' title="bbox 3437 280 3611 350">
     <span class='ocr_line' id='line_1_3' title="bbox 3437 280 3611 350; baseline 0 -55"><span class='ocrx_word' id='word_1_4' title='bbox 3437 280 3611 350; x_wconf 56' lang='lat' dir='ltr'><strong>33w.</strong></span> 
     </span>
    </p>
   </div>
   <div class='ocr_carea' id='block_1_4' title="bbox 320 398 1907 478">
    <p class='ocr_par' dir='ltr' id='par_1_4' title="bbox 320 406 1905 478">
     <span class='ocr_line' id='line_1_4' title="bbox 320 406 1905 478; baseline 0.001 -20"><span class='ocrx_word' id='word_1_5' title='bbox 320 407 412 477; x_wconf 89' lang='lat' dir='ltr'><strong>qui</strong></span> <span class='ocrx_word' id='word_1_6' title='bbox 467 414 522 462; x_wconf 89' lang='lat' dir='ltr'><strong>et</strong></span> <span class='ocrx_word' id='word_1_7' title='bbox 553 406 1045 478; x_wconf 87' lang='lat' dir='ltr'><strong>contrapositiones</strong></span> <span class='ocrx_word' id='word_1_8' title='bbox 1100 407 1400 462; x_wconf 79' lang='lat' dir='ltr'><strong>conabatur</strong></span> <span class='ocrx_word' id='word_1_9' title='bbox 1458 415 1514 462; x_wconf 90' lang='lat' dir='ltr'><strong>et</strong></span> <span class='ocrx_word' id='word_1_10' title='bbox 1568 420 1905 476; x_wconf 65' lang='lat' dir='ltr'><strong>quaecunque</strong></span> 
     </span>
    </p>
   </div>
   <div class='ocr_carea' id='block_1_5' title="bbox 2024 398 3578 478">
    <p class='ocr_par' dir='ltr' id='par_1_5' title="bbox 2024 398 3578 472">
     <span class='ocr_line' id='line_1_5' title="bbox 2024 398 3578 472; baseline -0.003 -16"><span class='ocrx_word' id='word_1_11' title='bbox 2024 404 2182 472; x_wconf 72' lang='grc' dir='ltr'>ἱὸγμα</span> <span class='ocrx_word' id='word_1_12' title='bbox 2221 401 2486 471; x_wconf 75' lang='grc' dir='ltr'><strong>ἐκράτυνε</strong></span> <span class='ocrx_word' id='word_1_13' title='bbox 2523 403 2811 472; x_wconf 83' lang='grc' dir='ltr'>Μαρκίων,</span> <span class='ocrx_word' id='word_1_14' title='bbox 2867 402 2964 466; x_wconf 82' lang='grc' dir='ltr'><strong>τάς</strong></span> <span class='ocrx_word' id='word_1_15' title='bbox 3009 418 3069 455; x_wconf 87' lang='grc' dir='ltr'><strong>τε</strong></span> <span class='ocrx_word' id='word_1_16' title='bbox 3114 398 3578 469; x_wconf 83' lang='grc' dir='ltr'>ἀντιπαραθέσεις</span> 
     </span>
    </p>
   </div>
   <div class='ocr_carea' id='block_1_6' title="bbox 320 497 1904 570">
    <p class='ocr_par' dir='ltr' id='par_1_6' title="bbox 320 497 1904 570">
     <span class='ocr_line' id='line_1_6' title="bbox 320 497 1904 570; baseline 0 -16"><span class='ocrx_word' id='word_1_17' title='bbox 320 497 697 570; x_wconf 56' lang='lat' dir='ltr'><strong>ﬁla-4],]</strong></span> <span class='ocrx_word' id='word_1_18' title='bbox 725 499 1009 568; x_wconf 87' lang='lat' dir='ltr'><strong>placebant</strong></span> <span class='ocrx_word' id='word_1_19' title='bbox 1038 512 1230 556; x_wconf 90' lang='lat' dir='ltr'><strong>contra</strong></span> <span class='ocrx_word' id='word_1_20' title='bbox 1258 501 1639 556; x_wconf 81' lang='lat' dir='ltr'><strong>fabricatorem</strong></span> <span class='ocrx_word' id='word_1_21' title='bbox 1665 500 1904 554; x_wconf 78' lang='lat' dir='ltr'><strong>universi</strong></span> 
     </span>
    </p>
   </div>
   <div class='ocr_carea' id='block_1_7' title="bbox 322 590 1908 657">
    <p class='ocr_par' dir='ltr' id='par_1_7' title="bbox 322 590 1908 657">
     <span class='ocr_line' id='line_1_7' title="bbox 322 590 1908 657; baseline 0.004 -16"><span class='ocrx_word' id='word_1_22' title='bbox 322 590 653 645; x_wconf 65' lang='lat' dir='ltr'><strong>dmamabat.</strong></span> <span class='ocrx_word' id='word_1_23' title='bbox 684 592 1052 648; x_wconf 74' lang='lat' dir='ltr'><strong>Consimiliter</strong></span> <span class='ocrx_word' id='word_1_24' title='bbox 1083 603 1263 647; x_wconf 90' lang='lat' dir='ltr'><strong>autem</strong></span> <span class='ocrx_word' id='word_1_25' title='bbox 1292 593 1457 648; x_wconf 92' lang='lat' dir='ltr'><strong>etiam</strong></span> <span class='ocrx_word' id='word_1_26' title='bbox 1489 591 1784 657; x_wconf 87' lang='lat' dir='ltr'><strong>Lucianus,</strong></span> <span class='ocrx_word' id='word_1_27' title='bbox 1816 592 1908 647; x_wconf 88' lang='lat' dir='ltr'><strong>Ilu-</strong></span> 
     </span>
    </p>
   </div>
   <div class='ocr_carea' id='block_1_8' title="bbox 320 681 753 749">
    <p class='ocr_par' dir='ltr' id='par_1_8' title="bbox 320 681 753 749">
     <span class='ocr_line' id='line_1_8' title="bbox 320 681 753 749; baseline 0.007 -18"><span class='ocrx_word' id='word_1_28' title='bbox 320 681 405 749; x_wconf 82' lang='lat' dir='ltr'><strong>jus</strong></span> <span class='ocrx_word' id='word_1_29' title='bbox 435 681 753 748; x_wconf 83' lang='lat' dir='ltr'><strong>discipulus.</strong></span> 
     </span>
    </p>
   </div>
   <div class='ocr_carea' id='block_1_9' title="bbox 395 772 1907 841">
    <p class='ocr_par' dir='ltr' id='par_1_9' title="bbox 395 772 1907 841">
     <span class='ocr_line' id='line_1_9' title="bbox 395 772 1907 841; baseline 0.003 -17"><span class='ocrx_word' id='word_1_30' title='bbox 395 772 487 826; x_wconf 79' lang='lat'><strong>58.</strong></span> <span class='ocrx_word' id='word_1_31' title='bbox 523 773 775 841; x_wconf 84' lang='lat' dir='ltr'><strong>Appelles</strong></span> <span class='ocrx_word' id='word_1_32' title='bbox 808 782 988 827; x_wconf 89' lang='lat' dir='ltr'><strong>autem</strong></span> <span class='ocrx_word' id='word_1_33' title='bbox 1024 775 1092 827; x_wconf 88' lang='lat' dir='ltr'><strong>ab</strong></span> <span class='ocrx_word' id='word_1_34' title='bbox 1120 774 1207 829; x_wconf 87' lang='lat' dir='ltr'><strong>his</strong></span> <span class='ocrx_word' id='word_1_35' title='bbox 1245 784 1400 829; x_wconf 89' lang='lat' dir='ltr'><strong>ortus</strong></span> <span class='ocrx_word' id='word_1_36' title='bbox 1434 775 1510 829; x_wconf 93' lang='lat' dir='ltr'><strong>ait</strong></span> <span class='ocrx_word' id='word_1_37' title='bbox 1537 776 1589 829; x_wconf 90' lang='lat' dir='ltr'><strong>in</strong></span> <span class='ocrx_word' id='word_1_38' title='bbox 1622 774 1763 829; x_wconf 91' lang='lat' dir='ltr'><strong>hunc</strong></span> <span class='ocrx_word' id='word_1_39' title='bbox 1792 789 1907 828; x_wconf 90' lang='lat' dir='ltr'><strong>mo-</strong></span> 
     </span>
    </p>
   </div>
   <div class='ocr_carea' id='block_1_10' title="bbox 326 860 1896 933">
    <p class='ocr_par' dir='ltr' id='par_1_10' title="bbox 326 860 1896 933">
     <span class='ocr_line' id='line_1_10' title="bbox 326 860 1896 933; baseline 0.003 -21"><span class='ocrx_word' id='word_1_40' title='bbox 326 860 451 913; x_wconf 87' lang='lat' dir='ltr'><strong>dum</strong></span> <span class='ocrx_word' id='word_1_41' title='bbox 502 878 622 916; x_wconf 88' lang='lat' dir='ltr'><strong>esse</strong></span> <span class='ocrx_word' id='word_1_42' title='bbox 666 862 833 916; x_wconf 89' lang='lat' dir='ltr'><strong>Deum</strong></span> <span class='ocrx_word' id='word_1_43' title='bbox 877 866 1163 933; x_wconf 81' lang='lat' dir='ltr'><strong>quemdam</strong></span> <span class='ocrx_word' id='word_1_44' title='bbox 1213 864 1458 930; x_wconf 86' lang='lat' dir='ltr'><strong>bonum,</strong></span> <span class='ocrx_word' id='word_1_45' title='bbox 1516 864 1675 919; x_wconf 87' lang='lat' dir='ltr'><strong>siculi</strong></span> <span class='ocrx_word' id='word_1_46' title='bbox 1733 864 1896 918; x_wconf 85' lang='lat' dir='ltr'><strong>etiam</strong></span> 
     </span>
    </p>
   </div>
   <div class='ocr_carea' id='block_1_11' title="bbox 326 952 1910 1025">
    <p class='ocr_par' dir='ltr' id='par_1_11' title="bbox 326 952 1910 1025">
     <span class='ocr_line' id='line_1_11' title="bbox 326 952 1910 1025; baseline 0.001 -18"><span class='ocrx_word' id='word_1_47' title='bbox 326 952 566 1009; x_wconf 83' lang='lat' dir='ltr'><strong>Marcion</strong></span> <span class='ocrx_word' id='word_1_48' title='bbox 600 957 957 1025; x_wconf 81' lang='lat' dir='ltr'><strong>supponebat,</strong></span> <span class='ocrx_word' id='word_1_49' title='bbox 981 971 1103 1010; x_wconf 90' lang='lat' dir='ltr'><strong>eum</strong></span> <span class='ocrx_word' id='word_1_50' title='bbox 1129 965 1335 1021; x_wconf 85' lang='lat' dir='ltr'><strong>autem,</strong></span> <span class='ocrx_word' id='word_1_51' title='bbox 1364 956 1453 1025; x_wconf 90' lang='lat' dir='ltr'><strong>qui</strong></span> <span class='ocrx_word' id='word_1_52' title='bbox 1486 957 1737 1010; x_wconf 84' lang='lat' dir='ltr'><strong>universa</strong></span> <span class='ocrx_word' id='word_1_53' title='bbox 1760 970 1910 1009; x_wconf 89' lang='lat' dir='ltr'><strong>crea-</strong></span> 
     </span>
    </p>
   </div>
   <div class='ocr_carea' id='block_1_12' title="bbox 326 1044 1909 1115">
    <p class='ocr_par' dir='ltr' id='par_1_12' title="bbox 326 1044 1909 1115">
     <span class='ocr_line' id='line_1_12' title="bbox 326 1044 1909 1115; baseline 0.003 -19"><span class='ocrx_word' id='word_1_54' title='bbox 326 1045 465 1098; x_wconf 82' lang='lat' dir='ltr'><strong>verit</strong></span> <span class='ocrx_word' id='word_1_55' title='bbox 500 1044 841 1111; x_wconf 85' lang='lat' dir='ltr'><strong>esscjuslum</strong></span> <span class='ocrx_word' id='word_1_56' title='bbox 864 1088 879 1111; x_wconf 90' lang='lat'><strong>,</strong></span> <span class='ocrx_word' id='word_1_57' title='bbox 915 1048 1004 1115; x_wconf 88' lang='lat' dir='ltr'><strong>qui</strong></span> <span class='ocrx_word' id='word_1_58' title='bbox 1039 1046 1333 1101; x_wconf 84' lang='lat' dir='ltr'><strong>fabricatus</strong></span> <span class='ocrx_word' id='word_1_59' title='bbox 1373 1048 1443 1102; x_wconf 91' lang='lat' dir='ltr'><strong>sit</strong></span> <span class='ocrx_word' id='word_1_60' title='bbox 1484 1062 1546 1101; x_wconf 91' lang='lat' dir='ltr'><strong>ea</strong></span> <span class='ocrx_word' id='word_1_61' title='bbox 1576 1087 1592 1108; x_wconf 87' lang='lat'><strong>.</strong></span> <span class='ocrx_word' id='word_1_62' title='bbox 1621 1063 1742 1115; x_wconf 62' lang='lat' dir='ltr'><strong>qua</strong></span> <span class='ocrx_word' id='word_1_63' title='bbox 1770 1046 1909 1100; x_wconf 79' lang='lat' dir='ltr'><strong>facta</strong></span> 
     </span>
    </p>
   </div>
   <div class='ocr_carea' id='block_1_13' title="bbox 328 1138 1912 1209">
    <p class='ocr_par' dir='ltr' id='par_1_13' title="bbox 328 1138 1912 1209">
     <span class='ocr_line' id='line_1_13' title="bbox 328 1138 1912 1209; baseline 0.002 -19"><span class='ocrx_word' id='word_1_64' title='bbox 328 1146 491 1199; x_wconf 86' lang='lat' dir='ltr'><strong>sunt,</strong></span> <span class='ocrx_word' id='word_1_65' title='bbox 544 1146 599 1192; x_wconf 89' lang='lat' dir='ltr'><strong>et</strong></span> <span class='ocrx_word' id='word_1_66' title='bbox 648 1140 866 1192; x_wconf 83' lang='lat' dir='ltr'><strong>tertium</strong></span> <span class='ocrx_word' id='word_1_67' title='bbox 898 1154 1020 1193; x_wconf 89' lang='lat' dir='ltr'><strong>esse</strong></span> <span class='ocrx_word' id='word_1_68' title='bbox 1050 1180 1065 1205; x_wconf 93' lang='lat'><strong>,</strong></span> <span class='ocrx_word' id='word_1_69' title='bbox 1112 1140 1203 1209; x_wconf 87' lang='lat' dir='ltr'><strong>qui</strong></span> <span class='ocrx_word' id='word_1_70' title='bbox 1235 1154 1357 1195; x_wconf 91' lang='lat' dir='ltr'><strong>cum</strong></span> <span class='ocrx_word' id='word_1_71' title='bbox 1391 1138 1538 1195; x_wconf 80' lang='lat' dir='ltr'><strong>Mose</strong></span> <span class='ocrx_word' id='word_1_72' title='bbox 1565 1140 1774 1193; x_wconf 88' lang='lat' dir='ltr'><strong>locutus</strong></span> <span class='ocrx_word' id='word_1_73' title='bbox 1820 1140 1912 1205; x_wconf 81' lang='lat' dir='ltr'><strong>sit,</strong></span> 
     </span>
    </p>
   </div>
   <div class='ocr_carea' id='block_1_14' title="bbox 328 1228 1909 1301">
    <p class='ocr_par' dir='ltr' id='par_1_14' title="bbox 328 1228 1909 1301">
     <span class='ocr_line' id='line_1_14' title="bbox 328 1228 1909 1301; baseline 0.001 -18"><span class='ocrx_word' id='word_1_74' title='bbox 328 1228 475 1283; x_wconf 87' lang='lat' dir='ltr'><strong>hunc</strong></span> <span class='ocrx_word' id='word_1_75' title='bbox 500 1240 677 1284; x_wconf 90' lang='lat' dir='ltr'><strong>autem</strong></span> <span class='ocrx_word' id='word_1_76' title='bbox 710 1245 833 1285; x_wconf 89' lang='lat' dir='ltr'><strong>esse</strong></span> <span class='ocrx_word' id='word_1_77' title='bbox 862 1231 1075 1301; x_wconf 83' lang='lat' dir='ltr'><strong>igneum</strong></span> <span class='ocrx_word' id='word_1_78' title='bbox 1104 1273 1120 1297; x_wconf 95' lang='lat'><strong>,</strong></span> <span class='ocrx_word' id='word_1_79' title='bbox 1176 1246 1298 1285; x_wconf 89' lang='lat' dir='ltr'><strong>esse</strong></span> <span class='ocrx_word' id='word_1_80' title='bbox 1326 1240 1504 1286; x_wconf 90' lang='lat' dir='ltr'><strong>autem</strong></span> <span class='ocrx_word' id='word_1_81' title='bbox 1537 1234 1701 1285; x_wconf 88' lang='lat' dir='ltr'><strong>etiam</strong></span> <span class='ocrx_word' id='word_1_82' title='bbox 1749 1232 1909 1285; x_wconf 88' lang='lat' dir='ltr'><strong>alium</strong></span> 
     </span>
    </p>
   </div>
   <div class='ocr_carea' id='block_1_15' title="bbox 330 1323 1914 1394">
    <p class='ocr_par' dir='ltr' id='par_1_15' title="bbox 330 1323 1914 1394">
     <span class='ocr_line' id='line_1_15' title="bbox 330 1323 1914 1394; baseline 0.003 -22"><span class='ocrx_word' id='word_1_83' title='bbox 330 1334 623 1389; x_wconf 86' lang='lat' dir='ltr'><strong>quartum,</strong></span> <span class='ocrx_word' id='word_1_84' title='bbox 657 1323 917 1376; x_wconf 88' lang='lat' dir='ltr'><strong>malorum</strong></span> <span class='ocrx_word' id='word_1_85' title='bbox 969 1334 1284 1386; x_wconf 89' lang='lat' dir='ltr'><strong>auctorem;</strong></span> <span class='ocrx_word' id='word_1_86' title='bbox 1324 1323 1421 1377; x_wconf 90' lang='lat' dir='ltr'><strong>hos</strong></span> <span class='ocrx_word' id='word_1_87' title='bbox 1470 1332 1649 1377; x_wconf 88' lang='lat' dir='ltr'><strong>autem</strong></span> <span class='ocrx_word' id='word_1_88' title='bbox 1694 1323 1914 1394; x_wconf 61' lang='lat' dir='ltr'><strong>angi-los</strong></span> 
     </span>
    </p>
   </div>
   <div class='ocr_carea' id='block_1_16' title="bbox 331 1410 1913 1485">
    <p class='ocr_par' dir='ltr' id='par_1_16' title="bbox 331 1410 1913 1485">
     <span class='ocr_line' id='line_1_16' title="bbox 331 1410 1913 1485; baseline 0.003 -23"><span class='ocrx_word' id='word_1_89' title='bbox 331 1411 598 1464; x_wconf 79' lang='lat' dir='ltr'><strong>nominat.</strong></span> <span class='ocrx_word' id='word_1_90' title='bbox 626 1410 824 1480; x_wconf 86' lang='lat' dir='ltr'><strong>Legem</strong></span> <span class='ocrx_word' id='word_1_91' title='bbox 852 1424 1028 1467; x_wconf 85' lang='lat' dir='ltr'><strong>autem</strong></span> <span class='ocrx_word' id='word_1_92' title='bbox 1057 1423 1108 1469; x_wconf 90' lang='lat' dir='ltr'><strong>et</strong></span> <span class='ocrx_word' id='word_1_93' title='bbox 1138 1414 1427 1483; x_wconf 86' lang='lat' dir='ltr'><strong>prophetas</strong></span> <span class='ocrx_word' id='word_1_94' title='bbox 1455 1416 1765 1485; x_wconf 87' lang='lat' dir='ltr'><strong>proscindit,</strong></span> <span class='ocrx_word' id='word_1_95' title='bbox 1791 1429 1913 1469; x_wconf 91' lang='lat' dir='ltr'><strong>cum</strong></span> 
     </span>
    </p>
   </div>
   <div class='ocr_carea' id='block_1_17' title="bbox 334 1501 1912 1574">
    <p class='ocr_par' dir='ltr' id='par_1_17' title="bbox 334 1501 1912 1574">
     <span class='ocr_line' id='line_1_17' title="bbox 334 1501 1912 1574; baseline 0.004 -22"><span class='ocrx_word' id='word_1_96' title='bbox 334 1501 564 1555; x_wconf 86' lang='lat' dir='ltr'><strong>humana</strong></span> <span class='ocrx_word' id='word_1_97' title='bbox 616 1512 670 1555; x_wconf 90' lang='lat' dir='ltr'><strong>et</strong></span> <span class='ocrx_word' id='word_1_98' title='bbox 717 1504 993 1559; x_wconf 86' lang='lat' dir='ltr'><strong>mendacia</strong></span> <span class='ocrx_word' id='word_1_99' title='bbox 1040 1505 1186 1559; x_wconf 83' lang='lat' dir='ltr'><strong>dicat</strong></span> <span class='ocrx_word' id='word_1_100' title='bbox 1222 1520 1343 1559; x_wconf 77' lang='lat' dir='ltr'><strong>esse</strong></span> <span class='ocrx_word' id='word_1_101' title='bbox 1375 1520 1494 1573; x_wconf 65' lang='lat' dir='ltr'><strong>quae</strong></span> <span class='ocrx_word' id='word_1_102' title='bbox 1527 1506 1729 1574; x_wconf 88' lang='lat' dir='ltr'><strong>scripta</strong></span> <span class='ocrx_word' id='word_1_103' title='bbox 1768 1513 1912 1567; x_wconf 86' lang='lat' dir='ltr'><strong>sunt.</strong></span> 
     </span>
    </p>
   </div>
   <div class='ocr_carea' id='block_1_18' title="bbox 332 1592 1919 1665">
    <p class='ocr_par' dir='ltr' id='par_1_18' title="bbox 332 1592 1919 1665">
     <span class='ocr_line' id='line_1_18' title="bbox 332 1592 1919 1665; baseline 0.003 -20"><span class='ocrx_word' id='word_1_104' title='bbox 332 1607 398 1645; x_wconf 79' lang='lat' dir='ltr'><strong>ex</strong></span> <span class='ocrx_word' id='word_1_105' title='bbox 436 1592 742 1662; x_wconf 74' lang='lat' dir='ltr'><strong>Evangeliis</strong></span> <span class='ocrx_word' id='word_1_106' title='bbox 776 1605 957 1649; x_wconf 89' lang='lat' dir='ltr'><strong>autem</strong></span> <span class='ocrx_word' id='word_1_107' title='bbox 992 1595 1074 1650; x_wconf 86' lang='lat' dir='ltr'><strong>vel</strong></span> <span class='ocrx_word' id='word_1_108' title='bbox 1119 1595 1377 1664; x_wconf 83' lang='lat' dir='ltr'><strong>Apostolo</strong></span> <span class='ocrx_word' id='word_1_109' title='bbox 1421 1612 1541 1665; x_wconf 61' lang='lat' dir='ltr'><strong>quas</strong></span> <span class='ocrx_word' id='word_1_110' title='bbox 1593 1596 1692 1664; x_wconf 85' lang='lat' dir='ltr'><strong>ipsi</strong></span> <span class='ocrx_word' id='word_1_111' title='bbox 1741 1595 1919 1663; x_wconf 85' lang='lat' dir='ltr'><strong>placet</strong></span> 
     </span>
    </p>
   </div>
   <div class='ocr_carea' id='block_1_19' title="bbox 331 1681 1918 1754">
    <p class='ocr_par' dir='ltr' id='par_1_19' title="bbox 331 1681 1918 1754">
     <span class='ocr_line' id='line_1_19' title="bbox 331 1681 1918 1754; baseline 0.003 -19"><span class='ocrx_word' id='word_1_112' title='bbox 331 1681 431 1735; x_wconf 86' lang='lat' dir='ltr'><strong>sibi</strong></span> <span class='ocrx_word' id='word_1_113' title='bbox 464 1682 633 1752; x_wconf 71' lang='lat' dir='ltr'><strong>eligit.</strong></span> <span class='ocrx_word' id='word_1_114' title='bbox 680 1683 1014 1739; x_wconf 65' lang='lat' dir='ltr'><strong>Philumena:</strong></span> <span class='ocrx_word' id='word_1_115' title='bbox 1046 1696 1224 1740; x_wconf 88' lang='lat' dir='ltr'><strong>autem</strong></span> <span class='ocrx_word' id='word_1_116' title='bbox 1262 1686 1542 1754; x_wconf 89' lang='lat' dir='ltr'><strong>cujusdam</strong></span> <span class='ocrx_word' id='word_1_117' title='bbox 1576 1686 1918 1741; x_wconf 87' lang='lat' dir='ltr'><strong>sermonibus</strong></span> 
     </span>
    </p>
   </div>
   <div class='ocr_carea' id='block_1_20' title="bbox 2007 490 3578 564">
    <p class='ocr_par' dir='ltr' id='par_1_20' title="bbox 2007 490 3578 564">
     <span class='ocr_line' id='line_1_20' title="bbox 2007 490 3578 564; baseline -0.002 -19"><span class='ocrx_word' id='word_1_118' title='bbox 2007 494 2391 564; x_wconf 86' lang='grc' dir='ltr'>ἐπιχειρήσας,</span> <span class='ocrx_word' id='word_1_119' title='bbox 2451 495 2547 547; x_wconf 76' lang='grc' dir='ltr'><strong>καὶ</strong></span> <span class='ocrx_word' id='word_1_120' title='bbox 2595 494 2697 547; x_wconf 80' lang='grc' dir='ltr'>ὅσα</span> <span class='ocrx_word' id='word_1_121' title='bbox 2744 492 2896 563; x_wconf 78' lang='grc' dir='ltr'>αὐτῷ</span> <span class='ocrx_word' id='word_1_122' title='bbox 2954 492 3132 559; x_wconf 72' lang='grc' dir='ltr'>ἔδοξεν</span> <span class='ocrx_word' id='word_1_123' title='bbox 3207 493 3289 556; x_wconf 76' lang='grc' dir='ltr'><strong>εἰς</strong></span> <span class='ocrx_word' id='word_1_124' title='bbox 3337 492 3429 544; x_wconf 77' lang='grc' dir='ltr'><strong>τὸν</strong></span> <span class='ocrx_word' id='word_1_125' title='bbox 3468 490 3578 542; x_wconf 82' lang='grc' dir='ltr'><strong>τῶν</strong></span> 
     </span>
    </p>
   </div>
   <div class='ocr_carea' id='block_1_21' title="bbox 2008 582 3577 657">
    <p class='ocr_par' dir='ltr' id='par_1_21' title="bbox 2008 582 3577 657">
     <span class='ocr_line' id='line_1_21' title="bbox 2008 582 3577 657; baseline -0.003 -17"><span class='ocrx_word' id='word_1_126' title='bbox 2008 586 2271 640; x_wconf 83' lang='grc' dir='ltr'>ἁπάντων</span> <span class='ocrx_word' id='word_1_127' title='bbox 2316 585 2646 657; x_wconf 80' lang='grc' dir='ltr'>δημιουργὸν</span> <span class='ocrx_word' id='word_1_128' title='bbox 2682 584 2760 657; x_wconf 66' lang='grc' dir='ltr'><strong>[φ.</strong></span> <span class='ocrx_word' id='word_1_129' title='bbox 2792 584 2919 639; x_wconf 73' lang='grc' dir='ltr'><strong>Ξ59.</strong></span> <span class='ocrx_word' id='word_1_130' title='bbox 2943 582 3098 655; x_wconf 73' lang='lat'><strong>260.]</strong></span> <span class='ocrx_word' id='word_1_131' title='bbox 3148 582 3511 654; x_wconf 80' lang='grc' dir='ltr'>δυσφημήσας</span> <span class='ocrx_word' id='word_1_132' title='bbox 3533 583 3577 635; x_wconf 85' lang='grc'><strong>⁸.</strong></span> 
     </span>
    </p>
   </div>
   <div class='ocr_carea' id='block_1_22' title="bbox 2018 674 3448 748">
    <p class='ocr_par' dir='ltr' id='par_1_22' title="bbox 2018 674 3448 748">
     <span class='ocr_line' id='line_1_22' title="bbox 2018 674 3448 748; baseline -0.003 -16"><span class='ocrx_word' id='word_1_133' title='bbox 2018 678 2253 748; x_wconf 84' lang='grc' dir='ltr'>Ὁμοίως</span> <span class='ocrx_word' id='word_1_134' title='bbox 2286 678 2344 731; x_wconf 79' lang='grc' dir='ltr'><strong>δὲ</strong></span> <span class='ocrx_word' id='word_1_135' title='bbox 2392 680 2482 733; x_wconf 72' lang='grc' dir='ltr'><strong>καὶ</strong></span> <span class='ocrx_word' id='word_1_136' title='bbox 2506 681 2527 711; x_wconf 74' lang='grc'><strong>⁸</strong></span> <span class='ocrx_word' id='word_1_137' title='bbox 2559 679 2871 738; x_wconf 75' lang='grc' dir='ltr'>’Λουκιανὸς</span> <span class='ocrx_word' id='word_1_138' title='bbox 2901 678 2929 730; x_wconf 87' lang='grc' dir='ltr'>ὁ</span> <span class='ocrx_word' id='word_1_139' title='bbox 2956 675 3146 731; x_wconf 85' lang='grc' dir='ltr'>τούτου</span> <span class='ocrx_word' id='word_1_140' title='bbox 3180 674 3448 745; x_wconf 83' lang='grc' dir='ltr'>μαθητής.</span> 
     </span>
    </p>
   </div>
   <div class='ocr_carea' id='block_1_23' title="bbox 2078 764 3584 840">
    <p class='ocr_par' dir='ltr' id='par_1_23' title="bbox 2078 764 3584 840">
     <span class='ocr_line' id='line_1_23' title="bbox 2078 764 3584 840; baseline -0.003 -18"><span class='ocrx_word' id='word_1_141' title='bbox 2078 770 2181 840; x_wconf 86' lang='grc' dir='ltr'>λη’.</span> <span class='ocrx_word' id='word_1_142' title='bbox 2212 770 2255 799; x_wconf 82' lang='grc'><strong>¹⁰</strong></span> <span class='ocrx_word' id='word_1_143' title='bbox 2290 770 2551 838; x_wconf 79' lang='grc' dir='ltr'><strong>Ἀπελλῆς</strong></span> <span class='ocrx_word' id='word_1_144' title='bbox 2578 772 2618 801; x_wconf 86' lang='grc'>²¹</span> <span class='ocrx_word' id='word_1_145' title='bbox 2664 770 2721 822; x_wconf 82' lang='grc' dir='ltr'><strong>δὲ</strong></span> <span class='ocrx_word' id='word_1_146' title='bbox 2768 771 2832 822; x_wconf 84' lang='grc' dir='ltr'><strong>ἐκ</strong></span> <span class='ocrx_word' id='word_1_147' title='bbox 2858 766 3061 821; x_wconf 79' lang='grc' dir='ltr'>τούτων</span> <span class='ocrx_word' id='word_1_148' title='bbox 3101 766 3393 837; x_wconf 81' lang='grc' dir='ltr'>γενόμενος</span> <span class='ocrx_word' id='word_1_149' title='bbox 3411 764 3584 828; x_wconf 74' lang='grc' dir='ltr'>οὕτως</span> 
     </span>
    </p>
   </div>
   <div class='ocr_carea' id='block_1_24' title="bbox 2008 856 3586 929">
    <p class='ocr_par' dir='ltr' id='par_1_24' title="bbox 2008 856 3586 929">
     <span class='ocr_line' id='line_1_24' title="bbox 2008 856 3586 929; baseline -0.003 -16"><span class='ocrx_word' id='word_1_150' title='bbox 2008 860 2159 929; x_wconf 87' lang='grc' dir='ltr'>λέγει</span> <span class='ocrx_word' id='word_1_151' title='bbox 2184 877 2198 890; x_wconf 89' lang='grc'><strong>·</strong></span> <span class='ocrx_word' id='word_1_152' title='bbox 2233 857 2389 915; x_wconf 82' lang='grc' dir='ltr'>Εἶναί</span> <span class='ocrx_word' id='word_1_153' title='bbox 2420 878 2541 913; x_wconf 88' lang='grc' dir='ltr'>τινα</span> <span class='ocrx_word' id='word_1_154' title='bbox 2575 860 2706 914; x_wconf 83' lang='grc' dir='ltr'>Θεὸν</span> <span class='ocrx_word' id='word_1_155' title='bbox 2736 860 2959 929; x_wconf 81' lang='grc' dir='ltr'>ἀγαθὸν,</span> <span class='ocrx_word' id='word_1_156' title='bbox 2992 857 3175 920; x_wconf 87' lang='grc' dir='ltr'>καθὼς</span> <span class='ocrx_word' id='word_1_157' title='bbox 3202 857 3298 910; x_wconf 72' lang='grc' dir='ltr'><strong>καὶ</strong></span> <span class='ocrx_word' id='word_1_158' title='bbox 3320 856 3586 926; x_wconf 77' lang='grc' dir='ltr'><strong>Μαρκίων</strong></span> 
     </span>
    </p>
   </div>
   <div class='ocr_carea' id='block_1_25' title="bbox 2011 946 3587 1018">
    <p class='ocr_par' dir='ltr' id='par_1_25' title="bbox 2011 946 3587 1018">
     <span class='ocr_line' id='line_1_25' title="bbox 2011 946 3587 1018; baseline -0.004 -12"><span class='ocrx_word' id='word_1_159' title='bbox 2011 953 2265 1018; x_wconf 82' lang='grc' dir='ltr'>ὑπέθετο,</span> <span class='ocrx_word' id='word_1_160' title='bbox 2318 952 2410 1005; x_wconf 82' lang='grc' dir='ltr'><strong>τὸν</strong></span> <span class='ocrx_word' id='word_1_161' title='bbox 2443 953 2500 1006; x_wconf 80' lang='grc' dir='ltr'><strong>δὲ</strong></span> <span class='ocrx_word' id='word_1_162' title='bbox 2552 953 2729 1006; x_wconf 74' lang='grc' dir='ltr'>πάντα</span> <span class='ocrx_word' id='word_1_163' title='bbox 2782 952 3042 1005; x_wconf 79' lang='grc' dir='ltr'><strong>κτίσαντα</strong></span> <span class='ocrx_word' id='word_1_164' title='bbox 3075 946 3215 1003; x_wconf 77' lang='grc' dir='ltr'>εἶναι</span> <span class='ocrx_word' id='word_1_165' title='bbox 3267 949 3499 1011; x_wconf 82' lang='grc' dir='ltr'>δίκαιον,</span> <span class='ocrx_word' id='word_1_166' title='bbox 3527 948 3587 1009; x_wconf 78' lang='grc' dir='ltr'>ὃς</span> 
     </span>
    </p>
   </div>
   <div class='ocr_carea' id='block_1_26' title="bbox 2011 1038 3589 1114">
    <p class='ocr_par' dir='ltr' id='par_1_26' title="bbox 2011 1038 3589 1114">
     <span class='ocr_line' id='line_1_26' title="bbox 2011 1038 3589 1114; baseline -0.004 -17"><span class='ocrx_word' id='word_1_167' title='bbox 2011 1043 2080 1097; x_wconf 85' lang='grc' dir='ltr'>τὰ</span> <span class='ocrx_word' id='word_1_168' title='bbox 2114 1045 2384 1114; x_wconf 81' lang='grc' dir='ltr'>γενόμενα</span> <span class='ocrx_word' id='word_1_169' title='bbox 2430 1044 2854 1114; x_wconf 75' lang='grc' dir='ltr'><strong>ἐδημιούργησε,</strong></span> <span class='ocrx_word' id='word_1_170' title='bbox 2898 1042 2990 1095; x_wconf 75' lang='grc' dir='ltr'><strong>καὶ</strong></span> <span class='ocrx_word' id='word_1_171' title='bbox 3037 1042 3220 1111; x_wconf 87' lang='grc' dir='ltr'>τρίτον</span> <span class='ocrx_word' id='word_1_172' title='bbox 3249 1038 3342 1092; x_wconf 70' lang='grc' dir='ltr'>τὸν</span> <span class='ocrx_word' id='word_1_173' title='bbox 3395 1040 3589 1092; x_wconf 86' lang='grc' dir='ltr'>Μωσεῖ</span> 
     </span>
    </p>
   </div>
   <div class='ocr_carea' id='block_1_27' title="bbox 2011 1127 3588 1206">
    <p class='ocr_par' dir='ltr' id='par_1_27' title="bbox 2011 1127 3588 1206">
     <span class='ocr_line' id='line_1_27' title="bbox 2011 1127 3588 1206; baseline -0.004 -19"><span class='ocrx_word' id='word_1_174' title='bbox 2011 1134 2345 1206; x_wconf 81' lang='grc' dir='ltr'>λαλήσαντα,</span> <span class='ocrx_word' id='word_1_175' title='bbox 2392 1133 2619 1205; x_wconf 82' lang='grc' dir='ltr'>πύρινον</span> <span class='ocrx_word' id='word_1_176' title='bbox 2660 1134 2717 1187; x_wconf 82' lang='grc' dir='ltr'><strong>δὲ</strong></span> <span class='ocrx_word' id='word_1_177' title='bbox 2762 1132 2952 1186; x_wconf 85' lang='grc' dir='ltr'>τοῦτον</span> <span class='ocrx_word' id='word_1_178' title='bbox 2976 1127 3137 1194; x_wconf 77' lang='grc' dir='ltr'>εἶναι,</span> <span class='ocrx_word' id='word_1_179' title='bbox 3178 1128 3315 1184; x_wconf 73' lang='grc' dir='ltr'>εἶναι</span> <span class='ocrx_word' id='word_1_180' title='bbox 3340 1130 3399 1183; x_wconf 79' lang='grc' dir='ltr'><strong>δὲ</strong></span> <span class='ocrx_word' id='word_1_181' title='bbox 3428 1130 3588 1183; x_wconf 64' lang='lat' dir='ltr'><strong>xui“</strong></span> 
     </span>
    </p>
   </div>
   <div class='ocr_carea' id='block_1_28' title="bbox 2013 1221 3592 1297">
    <p class='ocr_par' dir='ltr' id='par_1_28' title="bbox 2013 1221 3592 1297">
     <span class='ocr_line' id='line_1_28' title="bbox 2013 1221 3592 1297; baseline -0.003 -18"><span class='ocrx_word' id='word_1_182' title='bbox 2013 1227 2273 1297; x_wconf 81' lang='grc' dir='ltr'>τέταρτον</span> <span class='ocrx_word' id='word_1_183' title='bbox 2299 1226 2507 1297; x_wconf 75' lang='grc' dir='ltr'>ἓτερον,</span> <span class='ocrx_word' id='word_1_184' title='bbox 2530 1225 2716 1279; x_wconf 83' lang='grc' dir='ltr'><strong>κακῶν</strong></span> <span class='ocrx_word' id='word_1_185' title='bbox 2745 1227 2917 1279; x_wconf 87' lang='grc' dir='ltr'>αῐτιον</span> <span class='ocrx_word' id='word_1_186' title='bbox 2934 1240 2949 1256; x_wconf 75' lang='grc' dir='ltr'>ο</span> <span class='ocrx_word' id='word_1_187' title='bbox 2982 1223 3207 1287; x_wconf 78' lang='grc' dir='ltr'><strong>τούτους</strong></span> <span class='ocrx_word' id='word_1_188' title='bbox 3234 1222 3291 1275; x_wconf 78' lang='grc' dir='ltr'><strong>δὲ</strong></span> <span class='ocrx_word' id='word_1_189' title='bbox 3322 1221 3592 1291; x_wconf 79' lang='grc' dir='ltr'>ἀγγέλους</span> 
     </span>
    </p>
   </div>
   <div class='ocr_carea' id='block_1_29' title="bbox 2014 1312 3591 1389">
    <p class='ocr_par' dir='ltr' id='par_1_29' title="bbox 2014 1312 3591 1389">
     <span class='ocr_line' id='line_1_29' title="bbox 2014 1312 3591 1389; baseline -0.003 -18"><span class='ocrx_word' id='word_1_190' title='bbox 2014 1319 2294 1389; x_wconf 76' lang='grc' dir='ltr'><strong>ὀνομάζει.</strong></span> <span class='ocrx_word' id='word_1_191' title='bbox 2333 1320 2516 1389; x_wconf 86' lang='grc' dir='ltr'>Νόμον</span> <span class='ocrx_word' id='word_1_192' title='bbox 2548 1318 2604 1371; x_wconf 81' lang='grc' dir='ltr'><strong>δὲ</strong></span> <span class='ocrx_word' id='word_1_193' title='bbox 2631 1318 2725 1371; x_wconf 76' lang='grc' dir='ltr'><strong>καὶ</strong></span> <span class='ocrx_word' id='word_1_194' title='bbox 2753 1318 3036 1389; x_wconf 69' lang='grc' dir='ltr'>προφήτας</span> <span class='ocrx_word' id='word_1_195' title='bbox 3056 1316 3354 1384; x_wconf 79' lang='grc' dir='ltr'>δυσφημεῐ,</span> <span class='ocrx_word' id='word_1_196' title='bbox 3380 1312 3591 1385; x_wconf 78' lang='grc' dir='ltr'>ἀνθρὼ-</span> 
     </span>
    </p>
   </div>
   <div class='ocr_carea' id='block_1_30' title="bbox 2016 1391 3595 1483">
    <p class='ocr_par' dir='ltr' id='par_1_30' title="bbox 2016 1391 3595 1483">
     <span class='ocr_line' id='line_1_30' title="bbox 2016 1391 3595 1483; baseline -0.005 -18"><span class='ocrx_word' id='word_1_197' title='bbox 2016 1430 2147 1465; x_wconf 83' lang='grc' dir='ltr'>πινα</span> <span class='ocrx_word' id='word_1_198' title='bbox 2182 1413 2278 1466; x_wconf 74' lang='grc' dir='ltr'><strong>καὶ</strong></span> <span class='ocrx_word' id='word_1_199' title='bbox 2314 1412 2482 1483; x_wconf 78' lang='grc' dir='ltr'>ψευδῆ</span> <span class='ocrx_word' id='word_1_200' title='bbox 2522 1413 2747 1481; x_wconf 82' lang='grc' dir='ltr'>φάσκων</span> <span class='ocrx_word' id='word_1_201' title='bbox 2784 1406 3025 1464; x_wconf 77' lang='grc' dir='ltr'>εἶναιτὰ</span> <span class='ocrx_word' id='word_1_202' title='bbox 3072 1391 3459 1481; x_wconf 72' lang='grc' dir='ltr'>γεγραμμένα,</span> <span class='ocrx_word' id='word_1_203' title='bbox 3486 1406 3595 1459; x_wconf 82' lang='grc' dir='ltr'><strong>τῶν</strong></span> 
     </span>
    </p>
   </div>
   <div class='ocr_carea' id='block_1_31' title="bbox 2015 1497 3597 1575">
    <p class='ocr_par' dir='ltr' id='par_1_31' title="bbox 2015 1497 3597 1575">
     <span class='ocr_line' id='line_1_31' title="bbox 2015 1497 3597 1575; baseline -0.004 -16"><span class='ocrx_word' id='word_1_204' title='bbox 2015 1506 2071 1559; x_wconf 82' lang='grc' dir='ltr'><strong>δὲ</strong></span> <span class='ocrx_word' id='word_1_205' title='bbox 2096 1505 2445 1573; x_wconf 80' lang='grc' dir='ltr'>Εὑαγγελίων</span> <span class='ocrx_word' id='word_1_206' title='bbox 2478 1505 2510 1575; x_wconf 82' lang='grc' dir='ltr'>ἢ</span> <span class='ocrx_word' id='word_1_207' title='bbox 2535 1504 2627 1557; x_wconf 89' lang='grc' dir='ltr'><strong>τοῦ</strong></span> <span class='ocrx_word' id='word_1_208' title='bbox 2665 1502 2989 1557; x_wconf 81' lang='grc' dir='ltr'>Ἀποστόλου</span> <span class='ocrx_word' id='word_1_209' title='bbox 3020 1503 3089 1556; x_wconf 77' lang='grc' dir='ltr'>τὰ</span> <span class='ocrx_word' id='word_1_210' title='bbox 3114 1502 3419 1574; x_wconf 81' lang='grc' dir='ltr'>ἀρέσκοντα</span> <span class='ocrx_word' id='word_1_211' title='bbox 3446 1497 3597 1569; x_wconf 80' lang='grc' dir='ltr'>αὐτῷ</span> 
     </span>
    </p>
   </div>
   <div class='ocr_carea' id='block_1_32' title="bbox 2017 1591 3598 1668">
    <p class='ocr_par' dir='ltr' id='par_1_32' title="bbox 2017 1591 3598 1668">
     <span class='ocr_line' id='line_1_32' title="bbox 2017 1591 3598 1668; baseline -0.004 -17"><span class='ocrx_word' id='word_1_212' title='bbox 2017 1600 2279 1668; x_wconf 76' lang='grc' dir='ltr'><strong>αἱρεῖται.</strong></span> <span class='ocrx_word' id='word_1_213' title='bbox 2324 1597 2661 1667; x_wconf 80' lang='grc' dir='ltr'>Φιλουμένης</span> <span class='ocrx_word' id='word_1_214' title='bbox 2702 1596 2759 1649; x_wconf 88' lang='grc' dir='ltr'>δέ</span> <span class='ocrx_word' id='word_1_215' title='bbox 2802 1612 2949 1657; x_wconf 87' lang='grc' dir='ltr'>τινος</span> <span class='ocrx_word' id='word_1_216' title='bbox 2988 1594 3165 1660; x_wconf 86' lang='grc' dir='ltr'>λόγοις</span> <span class='ocrx_word' id='word_1_217' title='bbox 3214 1593 3477 1664; x_wconf 80' lang='grc' dir='ltr'>προσέχει</span> <span class='ocrx_word' id='word_1_218' title='bbox 3521 1591 3598 1655; x_wconf 86' lang='grc' dir='ltr'>ὼς</span> 
     </span>
    </p>
   </div>
   <div class='ocr_carea' id='block_1_33' title="bbox 2022 1684 3601 1761">
    <p class='ocr_par' dir='ltr' id='par_1_33' title="bbox 2022 1684 3601 1761">
     <span class='ocr_line' id='line_1_33' title="bbox 2022 1684 3601 1761; baseline -0.005 -16"><span class='ocrx_word' id='word_1_219' title='bbox 2022 1692 2354 1761; x_wconf 78' lang='grc' dir='ltr'>προφήτιδος</span> <span class='ocrx_word' id='word_1_220' title='bbox 2402 1686 2831 1759; x_wconf 80' lang='grc' dir='ltr'>φανερώσεσι¹³.</span> <span class='ocrx_word' id='word_1_221' title='bbox 2874 1687 2976 1740; x_wconf 73' lang='grc' dir='ltr'><strong>Τὸν</strong></span> <span class='ocrx_word' id='word_1_222' title='bbox 3028 1687 3085 1740; x_wconf 82' lang='grc' dir='ltr'><strong>δέ</strong></span> <span class='ocrx_word' id='word_1_223' title='bbox 3143 1684 3380 1757; x_wconf 85' lang='grc' dir='ltr'>Χριστὸν</span> <span class='ocrx_word' id='word_1_224' title='bbox 3403 1684 3469 1737; x_wconf 89' lang='grc' dir='ltr'><strong>ἐκ</strong></span> <span class='ocrx_word' id='word_1_225' title='bbox 3499 1684 3601 1753; x_wconf 82' lang='grc' dir='ltr'><strong>τῆς</strong></span> 
     </span>
    </p>
   </div>
   <div class='ocr_carea' id='block_1_34' title="bbox 333 1775 1907 1856">
    <p class='ocr_par' dir='ltr' id='par_1_34' title="bbox 333 1775 1907 1846">
     <span class='ocr_line' id='line_1_34' title="bbox 333 1775 1907 1846; baseline 0.001 -19"><span class='ocrx_word' id='word_1_226' title='bbox 333 1788 452 1827; x_wconf 82' lang='lat' dir='ltr'><strong>sese</strong></span> <span class='ocrx_word' id='word_1_227' title='bbox 498 1775 731 1843; x_wconf 75' lang='lat' dir='ltr'><strong>applicat</strong></span> <span class='ocrx_word' id='word_1_228' title='bbox 762 1785 1020 1846; x_wconf 85' lang='lat' dir='ltr'><strong>tanquam</strong></span> <span class='ocrx_word' id='word_1_229' title='bbox 1057 1778 1419 1846; x_wconf 65' lang='lat' dir='ltr'><strong>prophetissae</strong></span> <span class='ocrx_word' id='word_1_230' title='bbox 1468 1775 1907 1831; x_wconf 87' lang='lat' dir='ltr'><strong>revelationibus.</strong></span> 
     </span>
    </p>
   </div>
   <div class='ocr_carea' id='block_1_35' title="bbox 2024 1775 3603 1856">
    <p class='ocr_par' dir='ltr' id='par_1_35' title="bbox 2024 1776 3603 1856">
     <span class='ocr_line' id='line_1_35' title="bbox 2024 1776 3603 1856; baseline -0.004 -19"><span class='ocrx_word' id='word_1_231' title='bbox 2024 1784 2251 1856; x_wconf 78' lang='grc' dir='ltr'>ὗπερθεν</span> <span class='ocrx_word' id='word_1_232' title='bbox 2270 1783 2555 1851; x_wconf 76' lang='grc' dir='ltr'>δυνάμεως</span> <span class='ocrx_word' id='word_1_233' title='bbox 2583 1780 3031 1851; x_wconf 81' lang='grc' dir='ltr'>κατεληλυθέναι,</span> <span class='ocrx_word' id='word_1_234' title='bbox 3058 1779 3305 1833; x_wconf 77' lang='grc' dir='ltr'>τουτέστι</span> <span class='ocrx_word' id='word_1_235' title='bbox 3336 1776 3434 1831; x_wconf 88' lang='grc' dir='ltr'><strong>τοῦ</strong></span> <span class='ocrx_word' id='word_1_236' title='bbox 3464 1778 3603 1845; x_wconf 81' lang='grc' dir='ltr'>ἀγα-</span> 
     </span>
    </p>
   </div>
   <div class='ocr_carea' id='block_1_36' title="bbox 332 1863 1915 1938">
    <p class='ocr_par' dir='ltr' id='par_1_36' title="bbox 332 1863 1915 1938">
     <span class='ocr_line' id='line_1_36' title="bbox 332 1863 1915 1938; baseline 0.001 -19"><span class='ocrx_word' id='word_1_237' title='bbox 332 1863 611 1919; x_wconf 83' lang='lat' dir='ltr'><strong>Christum</strong></span> <span class='ocrx_word' id='word_1_238' title='bbox 660 1875 838 1921; x_wconf 90' lang='lat' dir='ltr'><strong>autem</strong></span> <span class='ocrx_word' id='word_1_239' title='bbox 882 1883 912 1921; x_wconf 88' lang='lat' dir='ltr'><strong>a</strong></span> <span class='ocrx_word' id='word_1_240' title='bbox 956 1882 1192 1936; x_wconf 88' lang='lat' dir='ltr'><strong>superna</strong></span> <span class='ocrx_word' id='word_1_241' title='bbox 1235 1876 1506 1938; x_wconf 85' lang='lat' dir='ltr'><strong>potestate</strong></span> <span class='ocrx_word' id='word_1_242' title='bbox 1549 1868 1915 1935; x_wconf 84' lang='lat' dir='ltr'><strong>descendisse,</strong></span> 
     </span>
    </p>
   </div>
   <div class='ocr_carea' id='block_1_37' title="bbox 335 1956 1919 2027">
    <p class='ocr_par' dir='ltr' id='par_1_37' title="bbox 335 1956 1919 2027">
     <span class='ocr_line' id='line_1_37' title="bbox 335 1956 1919 2027; baseline 0.003 -18"><span class='ocrx_word' id='word_1_243' title='bbox 335 1956 439 2011; x_wconf 91' lang='lat' dir='ltr'><strong>hoc</strong></span> <span class='ocrx_word' id='word_1_244' title='bbox 465 1968 549 2011; x_wconf 87' lang='lat' dir='ltr'><strong>est</strong></span> <span class='ocrx_word' id='word_1_245' title='bbox 595 1972 624 2011; x_wconf 84' lang='lat' dir='ltr'><strong>a</strong></span> <span class='ocrx_word' id='word_1_246' title='bbox 653 1956 816 2021; x_wconf 84' lang='lat' dir='ltr'><strong>bono,</strong></span> <span class='ocrx_word' id='word_1_247' title='bbox 852 1958 1105 2027; x_wconf 86' lang='lat' dir='ltr'><strong>illiusque</strong></span> <span class='ocrx_word' id='word_1_248' title='bbox 1140 1957 1315 2026; x_wconf 82' lang='lat' dir='ltr'><strong>ipsum</strong></span> <span class='ocrx_word' id='word_1_249' title='bbox 1348 1973 1470 2014; x_wconf 87' lang='lat' dir='ltr'><strong>esse</strong></span> <span class='ocrx_word' id='word_1_250' title='bbox 1517 1956 1684 2013; x_wconf 84' lang='lat' dir='ltr'><strong>tilium</strong></span> <span class='ocrx_word' id='word_1_251' title='bbox 1717 1996 1734 2025; x_wconf 94' lang='lat'><strong>,</strong></span> <span class='ocrx_word' id='word_1_252' title='bbox 1775 1959 1919 2013; x_wconf 92' lang='lat' dir='ltr'><strong>bunc</strong></span> 
     </span>
    </p>
   </div>
   <div class='ocr_carea' id='block_1_38' title="bbox 335 2049 1921 2121">
    <p class='ocr_par' dir='ltr' id='par_1_38' title="bbox 335 2049 1921 2121">
     <span class='ocr_line' id='line_1_38' title="bbox 335 2049 1921 2121; baseline 0.003 -21"><span class='ocrx_word' id='word_1_253' title='bbox 335 2059 517 2103; x_wconf 86' lang='lat' dir='ltr'><strong>autem</strong></span> <span class='ocrx_word' id='word_1_254' title='bbox 549 2067 654 2103; x_wconf 88' lang='lat' dir='ltr'><strong>non</strong></span> <span class='ocrx_word' id='word_1_255' title='bbox 687 2066 758 2103; x_wconf 78' lang='lat' dir='ltr'><strong>ex</strong></span> <span class='ocrx_word' id='word_1_256' title='bbox 790 2049 1001 2121; x_wconf 80' lang='lat' dir='ltr'><strong>virgine</strong></span> <span class='ocrx_word' id='word_1_257' title='bbox 1034 2064 1157 2104; x_wconf 84' lang='lat' dir='ltr'><strong>esse</strong></span> <span class='ocrx_word' id='word_1_258' title='bbox 1190 2060 1396 2115; x_wconf 89' lang='lat' dir='ltr'><strong>natum,</strong></span> <span class='ocrx_word' id='word_1_259' title='bbox 1427 2065 1603 2119; x_wconf 86' lang='lat' dir='ltr'><strong>neque</strong></span> <span class='ocrx_word' id='word_1_260' title='bbox 1632 2066 1793 2107; x_wconf 87' lang='lat' dir='ltr'><strong>carne</strong></span> <span class='ocrx_word' id='word_1_261' title='bbox 1830 2065 1921 2105; x_wconf 87' lang='lat' dir='ltr'><strong>ca-</strong></span> 
     </span>
    </p>
   </div>
   <div class='ocr_carea' id='block_1_39' title="bbox 337 2142 1921 2212">
    <p class='ocr_par' dir='ltr' id='par_1_39' title="bbox 337 2142 1921 2212">
     <span class='ocr_line' id='line_1_39' title="bbox 337 2142 1921 2212; baseline 0.002 -17"><span class='ocrx_word' id='word_1_262' title='bbox 337 2142 515 2196; x_wconf 82' lang='lat' dir='ltr'><strong>ruisse</strong></span> <span class='ocrx_word' id='word_1_263' title='bbox 548 2157 670 2195; x_wconf 85' lang='lat' dir='ltr'><strong>eum</strong></span> <span class='ocrx_word' id='word_1_264' title='bbox 700 2142 791 2211; x_wconf 92' lang='lat' dir='ltr'><strong>qui</strong></span> <span class='ocrx_word' id='word_1_265' title='bbox 837 2142 1151 2212; x_wconf 87' lang='lat' dir='ltr'><strong>apparuerit</strong></span> <span class='ocrx_word' id='word_1_266' title='bbox 1193 2143 1311 2207; x_wconf 86' lang='lat' dir='ltr'><strong>ait,</strong></span> <span class='ocrx_word' id='word_1_267' title='bbox 1371 2145 1463 2197; x_wconf 88' lang='lat' dir='ltr'><strong>sed</strong></span> <span class='ocrx_word' id='word_1_268' title='bbox 1512 2156 1578 2197; x_wconf 81' lang='lat' dir='ltr'><strong>ex</strong></span> <span class='ocrx_word' id='word_1_269' title='bbox 1621 2144 1921 2198; x_wconf 87' lang='lat' dir='ltr'><strong>substantia</strong></span> 
     </span>
    </p>
   </div>
   <div class='ocr_carea' id='block_1_40' title="bbox 339 2234 1919 2304">
    <p class='ocr_par' dir='ltr' id='par_1_40' title="bbox 339 2234 1919 2304">
     <span class='ocr_line' id='line_1_40' title="bbox 339 2234 1919 2304; baseline 0.003 -19"><span class='ocrx_word' id='word_1_270' title='bbox 339 2235 579 2288; x_wconf 84' lang='lat' dir='ltr'><strong>universi</strong></span> <span class='ocrx_word' id='word_1_271' title='bbox 605 2250 726 2286; x_wconf 77' lang='lat' dir='ltr'><strong>cum</strong></span> <span class='ocrx_word' id='word_1_272' title='bbox 762 2246 940 2303; x_wconf 84' lang='lat' dir='ltr'><strong>partes</strong></span> <span class='ocrx_word' id='word_1_273' title='bbox 982 2236 1187 2304; x_wconf 86' lang='lat' dir='ltr'><strong>ceperit</strong></span> <span class='ocrx_word' id='word_1_274' title='bbox 1230 2250 1429 2303; x_wconf 73' lang='lat' dir='ltr'><strong>corpus</strong></span> <span class='ocrx_word' id='word_1_275' title='bbox 1456 2236 1557 2289; x_wconf 88' lang='lat' dir='ltr'><strong>sibi</strong></span> <span class='ocrx_word' id='word_1_276' title='bbox 1599 2234 1919 2302; x_wconf 80' lang='lat' dir='ltr'><strong>confecisse,</strong></span> 
     </span>
    </p>
   </div>
   <div class='ocr_carea' id='block_1_41' title="bbox 339 2324 1920 2394">
    <p class='ocr_par' dir='ltr' id='par_1_41' title="bbox 339 2324 1920 2394">
     <span class='ocr_line' id='line_1_41' title="bbox 339 2324 1920 2394; baseline 0.001 -16"><span class='ocrx_word' id='word_1_277' title='bbox 339 2326 443 2379; x_wconf 91' lang='lat' dir='ltr'><strong>hoc</strong></span> <span class='ocrx_word' id='word_1_278' title='bbox 469 2335 553 2379; x_wconf 92' lang='lat' dir='ltr'><strong>est</strong></span> <span class='ocrx_word' id='word_1_279' title='bbox 585 2326 745 2379; x_wconf 83' lang='lat' dir='ltr'><strong>calidi</strong></span> <span class='ocrx_word' id='word_1_280' title='bbox 788 2335 842 2378; x_wconf 90' lang='lat' dir='ltr'><strong>et</strong></span> <span class='ocrx_word' id='word_1_281' title='bbox 882 2324 1063 2394; x_wconf 61' lang='lat' dir='ltr'><strong>frigidi</strong></span> <span class='ocrx_word' id='word_1_282' title='bbox 1105 2334 1158 2379; x_wconf 92' lang='lat' dir='ltr'><strong>et</strong></span> <span class='ocrx_word' id='word_1_283' title='bbox 1200 2327 1403 2378; x_wconf 85' lang='lat' dir='ltr'><strong>humidi</strong></span> <span class='ocrx_word' id='word_1_284' title='bbox 1440 2337 1492 2380; x_wconf 88' lang='lat' dir='ltr'><strong>et</strong></span> <span class='ocrx_word' id='word_1_285' title='bbox 1544 2327 1711 2391; x_wconf 90' lang='lat' dir='ltr'><strong>sicci,</strong></span> <span class='ocrx_word' id='word_1_286' title='bbox 1770 2338 1824 2381; x_wconf 92' lang='lat' dir='ltr'><strong>et</strong></span> <span class='ocrx_word' id='word_1_287' title='bbox 1867 2328 1920 2381; x_wconf 95' lang='lat' dir='ltr'><strong>in</strong></span> 
     </span>
    </p>
   </div>
   <div class='ocr_carea' id='block_1_42' title="bbox 340 2414 1923 2485">
    <p class='ocr_par' dir='ltr' id='par_1_42' title="bbox 340 2414 1923 2485">
     <span class='ocr_line' id='line_1_42' title="bbox 340 2414 1923 2485; baseline 0.003 -18"><span class='ocrx_word' id='word_1_288' title='bbox 340 2414 444 2468; x_wconf 86' lang='lat' dir='ltr'><strong>hoc</strong></span> <span class='ocrx_word' id='word_1_289' title='bbox 486 2430 715 2481; x_wconf 84' lang='lat' dir='ltr'><strong>corpore</strong></span> <span class='ocrx_word' id='word_1_290' title='bbox 746 2415 996 2470; x_wconf 73' lang='lat' dir='ltr'><strong>latentem</strong></span> <span class='ocrx_word' id='word_1_291' title='bbox 1030 2417 1325 2470; x_wconf 86' lang='lat' dir='ltr'><strong>mundanas</strong></span> <span class='ocrx_word' id='word_1_292' title='bbox 1377 2426 1672 2485; x_wconf 84' lang='lat' dir='ltr'><strong>potestates</strong></span> <span class='ocrx_word' id='word_1_293' title='bbox 1722 2418 1923 2472; x_wconf 75' lang='lat' dir='ltr'><strong>vixisse</strong></span> 
     </span>
    </p>
   </div>
   <div class='ocr_carea' id='block_1_43' title="bbox 341 2507 1924 2576">
    <p class='ocr_par' dir='ltr' id='par_1_43' title="bbox 341 2507 1924 2576">
     <span class='ocr_line' id='line_1_43' title="bbox 341 2507 1924 2576; baseline 0.003 -16"><span class='ocrx_word' id='word_1_294' title='bbox 341 2516 571 2573; x_wconf 77' lang='lat' dir='ltr'><strong>tempus,</strong></span> <span class='ocrx_word' id='word_1_295' title='bbox 605 2508 747 2576; x_wconf 90' lang='lat' dir='ltr'><strong>quod</strong></span> <span class='ocrx_word' id='word_1_296' title='bbox 786 2507 982 2561; x_wconf 78' lang='lat' dir='ltr'><strong>vixerit</strong></span> <span class='ocrx_word' id='word_1_297' title='bbox 1034 2508 1085 2561; x_wconf 92' lang='lat' dir='ltr'><strong>in</strong></span> <span class='ocrx_word' id='word_1_298' title='bbox 1133 2509 1335 2563; x_wconf 89' lang='lat' dir='ltr'><strong>mundo</strong></span> <span class='ocrx_word' id='word_1_299' title='bbox 1370 2524 1383 2572; x_wconf 94' lang='lat'>;</span> <span class='ocrx_word' id='word_1_300' title='bbox 1438 2524 1625 2562; x_wconf 85' lang='lat' dir='ltr'><strong>rursus</strong></span> <span class='ocrx_word' id='word_1_301' title='bbox 1662 2520 1841 2563; x_wconf 85' lang='lat' dir='ltr'><strong>autem</strong></span> <span class='ocrx_word' id='word_1_302' title='bbox 1893 2525 1924 2564; x_wconf 87' lang='lat' dir='ltr'><strong>a</strong></span> 
     </span>
    </p>
   </div>
   <div class='ocr_carea' id='block_1_44' title="bbox 339 2595 1925 2669">
    <p class='ocr_par' dir='ltr' id='par_1_44' title="bbox 339 2595 1925 2669">
     <span class='ocr_line' id='line_1_44' title="bbox 339 2595 1925 2669; baseline 0.004 -18"><span class='ocrx_word' id='word_1_303' title='bbox 339 2595 541 2653; x_wconf 68' lang='lat' dir='ltr'><strong>Judaeis</strong></span> <span class='ocrx_word' id='word_1_304' title='bbox 580 2601 903 2652; x_wconf 77' lang='lat' dir='ltr'><strong>cruciﬁxum</strong></span> <span class='ocrx_word' id='word_1_305' title='bbox 934 2614 1057 2653; x_wconf 89' lang='lat' dir='ltr'><strong>eum</strong></span> <span class='ocrx_word' id='word_1_306' title='bbox 1106 2610 1378 2653; x_wconf 90' lang='lat' dir='ltr'><strong>mortuum</strong></span> <span class='ocrx_word' id='word_1_307' title='bbox 1413 2615 1552 2665; x_wconf 81' lang='lat' dir='ltr'><strong>esse,</strong></span> <span class='ocrx_word' id='word_1_308' title='bbox 1586 2613 1639 2655; x_wconf 89' lang='lat' dir='ltr'><strong>et</strong></span> <span class='ocrx_word' id='word_1_309' title='bbox 1673 2613 1789 2669; x_wconf 81' lang='lat' dir='ltr'><strong>p05t</strong></span> <span class='ocrx_word' id='word_1_310' title='bbox 1816 2612 1925 2658; x_wconf 85' lang='lat' dir='ltr'><strong>tres</strong></span> 
     </span>
    </p>
   </div>
   <div class='ocr_carea' id='block_1_45' title="bbox 342 2690 1923 2759">
    <p class='ocr_par' dir='ltr' id='par_1_45' title="bbox 342 2690 1923 2759">
     <span class='ocr_line' id='line_1_45' title="bbox 342 2690 1923 2759; baseline 0.002 -15"><span class='ocrx_word' id='word_1_311' title='bbox 342 2690 460 2744; x_wconf 89' lang='lat' dir='ltr'><strong>dies</strong></span> <span class='ocrx_word' id='word_1_312' title='bbox 491 2692 864 2744; x_wconf 85' lang='lat' dir='ltr'><strong>resuscitatum</strong></span> <span class='ocrx_word' id='word_1_313' title='bbox 890 2692 1206 2759; x_wconf 86' lang='lat' dir='ltr'><strong>apparuisse</strong></span> <span class='ocrx_word' id='word_1_314' title='bbox 1233 2693 1531 2759; x_wconf 79' lang='lat' dir='ltr'><strong>discipulis,</strong></span> <span class='ocrx_word' id='word_1_315' title='bbox 1553 2703 1605 2747; x_wconf 87' lang='lat' dir='ltr'><strong>et</strong></span> <span class='ocrx_word' id='word_1_316' title='bbox 1626 2705 1923 2748; x_wconf 85' lang='lat' dir='ltr'><strong>monstrata</strong></span> 
     </span>
    </p>
   </div>
   <div class='ocr_carea' id='block_1_46' title="bbox 344 2779 1926 2850">
    <p class='ocr_par' dir='ltr' id='par_1_46' title="bbox 344 2779 1926 2850">
     <span class='ocr_line' id='line_1_46' title="bbox 344 2779 1926 2850; baseline 0.004 -18"><span class='ocrx_word' id='word_1_317' title='bbox 344 2779 514 2849; x_wconf 80' lang='lat' dir='ltr'><strong>ﬁgura</strong></span> <span class='ocrx_word' id='word_1_318' title='bbox 545 2779 822 2832; x_wconf 76' lang='lat' dir='ltr'><strong>clavorum</strong></span> <span class='ocrx_word' id='word_1_319' title='bbox 853 2789 908 2832; x_wconf 90' lang='lat' dir='ltr'><strong>et</strong></span> <span class='ocrx_word' id='word_1_320' title='bbox 939 2780 1125 2833; x_wconf 79' lang='lat' dir='ltr'><strong>lateris</strong></span> <span class='ocrx_word' id='word_1_321' title='bbox 1148 2780 1234 2834; x_wconf 83' lang='lat' dir='ltr'><strong>sui</strong></span> <span class='ocrx_word' id='word_1_322' title='bbox 1270 2784 1608 2850; x_wconf 81' lang='lat' dir='ltr'><strong>persuasisse</strong></span> <span class='ocrx_word' id='word_1_323' title='bbox 1636 2783 1701 2836; x_wconf 91' lang='lat' dir='ltr'><strong>iis</strong></span> <span class='ocrx_word' id='word_1_324' title='bbox 1729 2794 1926 2838; x_wconf 87' lang='lat' dir='ltr'><strong>semet-</strong></span> 
     </span>
    </p>
   </div>
   <div class='ocr_carea' id='block_1_47' title="bbox 344 2870 1928 2941">
    <p class='ocr_par' dir='ltr' id='par_1_47' title="bbox 344 2870 1928 2941">
     <span class='ocr_line' id='line_1_47' title="bbox 344 2870 1928 2941; baseline 0.004 -17"><span class='ocrx_word' id='word_1_325' title='bbox 344 2870 521 2941; x_wconf 86' lang='lat' dir='ltr'><strong>ipsum</strong></span> <span class='ocrx_word' id='word_1_326' title='bbox 554 2886 676 2926; x_wconf 87' lang='lat' dir='ltr'><strong>esse</strong></span> <span class='ocrx_word' id='word_1_327' title='bbox 728 2882 783 2926; x_wconf 89' lang='lat' dir='ltr'><strong>et</strong></span> <span class='ocrx_word' id='word_1_328' title='bbox 840 2886 943 2926; x_wconf 92' lang='lat' dir='ltr'><strong>non</strong></span> <span class='ocrx_word' id='word_1_329' title='bbox 990 2876 1311 2940; x_wconf 80' lang='lat' dir='ltr'><strong>phantasma</strong></span> <span class='ocrx_word' id='word_1_330' title='bbox 1347 2914 1362 2938; x_wconf 92' lang='lat'><strong>,</strong></span> <span class='ocrx_word' id='word_1_331' title='bbox 1419 2875 1511 2928; x_wconf 84' lang='lat' dir='ltr'><strong>sed</strong></span> <span class='ocrx_word' id='word_1_332' title='bbox 1544 2890 1762 2929; x_wconf 87' lang='lat' dir='ltr'><strong>carnem</strong></span> <span class='ocrx_word' id='word_1_333' title='bbox 1807 2891 1928 2930; x_wconf 83' lang='lat' dir='ltr'><strong>sese</strong></span> 
     </span>
    </p>
   </div>
   <div class='ocr_carea' id='block_1_48' title="bbox 346 2962 1929 3036">
    <p class='ocr_par' dir='ltr' id='par_1_48' title="bbox 346 2962 1929 3036">
     <span class='ocr_line' id='line_1_48' title="bbox 346 2962 1929 3036; baseline 0.004 -19"><span class='ocrx_word' id='word_1_334' title='bbox 346 2962 562 3018; x_wconf 87' lang='lat' dir='ltr'><strong>habere.</strong></span> <span class='ocrx_word' id='word_1_335' title='bbox 601 2962 857 3029; x_wconf 82' lang='lat' dir='ltr'><strong>Carnem,</strong></span> <span class='ocrx_word' id='word_1_336' title='bbox 892 2965 1107 3035; x_wconf 91' lang='lat' dir='ltr'><strong>inquit,</strong></span> <span class='ocrx_word' id='word_1_337' title='bbox 1143 2975 1425 3036; x_wconf 87' lang='lat' dir='ltr'><strong>postquam</strong></span> <span class='ocrx_word' id='word_1_338' title='bbox 1454 2969 1774 3022; x_wconf 80' lang='lat' dir='ltr'><strong>monstravit</strong></span> <span class='ocrx_word' id='word_1_339' title='bbox 1808 2970 1929 3023; x_wconf 88' lang='lat' dir='ltr'><strong>red-</strong></span> 
     </span>
    </p>
   </div>
   <div class='ocr_carea' id='block_1_49' title="bbox 347 3054 1927 3124">
    <p class='ocr_par' dir='ltr' id='par_1_49' title="bbox 347 3054 1927 3124">
     <span class='ocr_line' id='line_1_49' title="bbox 347 3054 1927 3124; baseline 0.006 -19"><span class='ocrx_word' id='word_1_340' title='bbox 347 3054 485 3108; x_wconf 90' lang='lat' dir='ltr'><strong>didit</strong></span> <span class='ocrx_word' id='word_1_341' title='bbox 510 3062 669 3108; x_wconf 62' lang='grc' dir='ltr'>ωτι-αξ</span> <span class='ocrx_word' id='word_1_342' title='bbox 692 3094 708 3118; x_wconf 97' lang='grc'><strong>,</strong></span> <span class='ocrx_word' id='word_1_343' title='bbox 739 3071 842 3124; x_wconf 82' lang='lat' dir='ltr'><strong>qua</strong></span> <span class='ocrx_word' id='word_1_344' title='bbox 875 3072 941 3109; x_wconf 84' lang='lat' dir='ltr'><strong>ex</strong></span> <span class='ocrx_word' id='word_1_345' title='bbox 975 3056 1277 3112; x_wconf 86' lang='lat' dir='ltr'><strong>substantia</strong></span> <span class='ocrx_word' id='word_1_346' title='bbox 1309 3068 1446 3124; x_wconf 86' lang='lat' dir='ltr'><strong>erat,</strong></span> <span class='ocrx_word' id='word_1_347' title='bbox 1478 3059 1613 3112; x_wconf 88' lang='lat' dir='ltr'><strong>nihil</strong></span> <span class='ocrx_word' id='word_1_348' title='bbox 1640 3059 1798 3114; x_wconf 83' lang='lat' dir='ltr'><strong>alieni</strong></span> <span class='ocrx_word' id='word_1_349' title='bbox 1828 3076 1927 3115; x_wconf 68' lang='lat' dir='ltr'><strong>au~</strong></span> 
     </span>
    </p>
   </div>
   <div class='ocr_carea' id='block_1_50' title="bbox 346 3137 1995 3221">
    <p class='ocr_par' dir='ltr' id='par_1_50' title="bbox 346 3137 1995 3221">
     <span class='ocr_line' id='line_1_50' title="bbox 346 3137 1995 3221; baseline 0.004 -21"><span class='ocrx_word' id='word_1_350' title='bbox 346 3154 593 3215; x_wconf 85' lang='lat' dir='ltr'><strong>cupatus,</strong></span> <span class='ocrx_word' id='word_1_351' title='bbox 630 3150 723 3201; x_wconf 85' lang='lat' dir='ltr'><strong>sed</strong></span> <span class='ocrx_word' id='word_1_352' title='bbox 750 3149 815 3203; x_wconf 88' lang='lat' dir='ltr'><strong>ad</strong></span> <span class='ocrx_word' id='word_1_353' title='bbox 851 3159 1059 3219; x_wconf 78' lang='lat' dir='ltr'><strong>tempus</strong></span> <span class='ocrx_word' id='word_1_354' title='bbox 1088 3167 1216 3205; x_wconf 89' lang='lat' dir='ltr'><strong>usus</strong></span> <span class='ocrx_word' id='word_1_355' title='bbox 1259 3150 1486 3221; x_wconf 80' lang='lat' dir='ltr'><strong>singulis</strong></span> <span class='ocrx_word' id='word_1_356' title='bbox 1546 3166 1640 3205; x_wconf 84' lang='lat' dir='ltr'><strong>sua</strong></span> <span class='ocrx_word' id='word_1_357' title='bbox 1670 3154 1923 3219; x_wconf 80' lang='lat' dir='ltr'><strong>reddidit,</strong></span> <span class='ocrx_word' id='word_1_358' title='bbox 1952 3137 1995 3195; x_wconf 71' lang='grc' dir='ltr'>ο</span> 
     </span>
    </p>
   </div>
   <div class='ocr_carea' id='block_1_51' title="bbox 352 3240 1927 3313">
    <p class='ocr_par' dir='ltr' id='par_1_51' title="bbox 352 3240 1927 3313">
     <span class='ocr_line' id='line_1_51' title="bbox 352 3240 1927 3313; baseline 0.004 -22"><span class='ocrx_word' id='word_1_359' title='bbox 352 3240 627 3293; x_wconf 65' lang='lat' dir='ltr'><strong>vinculum</strong></span> <span class='ocrx_word' id='word_1_360' title='bbox 658 3244 906 3308; x_wconf 83' lang='lat' dir='ltr'><strong>corporis</strong></span> <span class='ocrx_word' id='word_1_361' title='bbox 937 3242 1152 3298; x_wconf 80' lang='lat' dir='ltr'><strong>solvens</strong></span> <span class='ocrx_word' id='word_1_362' title='bbox 1177 3282 1193 3308; x_wconf 95' lang='lat'><strong>,</strong></span> <span class='ocrx_word' id='word_1_363' title='bbox 1222 3242 1399 3297; x_wconf 91' lang='lat' dir='ltr'><strong>calido</strong></span> <span class='ocrx_word' id='word_1_364' title='bbox 1434 3243 1703 3307; x_wconf 84' lang='lat' dir='ltr'><strong>calidum,</strong></span> <span class='ocrx_word' id='word_1_365' title='bbox 1735 3245 1927 3313; x_wconf 71' lang='lat' dir='ltr'><strong>frigido</strong></span> 
     </span>
    </p>
   </div>
   <div class='ocr_carea' id='block_1_52' title="bbox 347 3327 1927 3399">
    <p class='ocr_par' dir='ltr' id='par_1_52' title="bbox 347 3327 1927 3399">
     <span class='ocr_line' id='line_1_52' title="bbox 347 3327 1927 3399; baseline 0.003 -15"><span class='ocrx_word' id='word_1_366' title='bbox 347 3327 627 3397; x_wconf 70' lang='lat' dir='ltr'><strong>frigidum,</strong></span> <span class='ocrx_word' id='word_1_367' title='bbox 671 3330 893 3384; x_wconf 87' lang='lat' dir='ltr'><strong>humido</strong></span> <span class='ocrx_word' id='word_1_368' title='bbox 924 3332 1200 3385; x_wconf 89' lang='lat' dir='ltr'><strong>humidum</strong></span> <span class='ocrx_word' id='word_1_369' title='bbox 1222 3372 1238 3398; x_wconf 94' lang='lat'><strong>,</strong></span> <span class='ocrx_word' id='word_1_370' title='bbox 1271 3331 1417 3385; x_wconf 88' lang='lat' dir='ltr'><strong>sicco</strong></span> <span class='ocrx_word' id='word_1_371' title='bbox 1453 3331 1656 3385; x_wconf 84' lang='lat' dir='ltr'><strong>siccum</strong></span> <span class='ocrx_word' id='word_1_372' title='bbox 1683 3373 1699 3399; x_wconf 94' lang='lat'><strong>,</strong></span> <span class='ocrx_word' id='word_1_373' title='bbox 1756 3346 1811 3388; x_wconf 90' lang='lat' dir='ltr'><strong>et</strong></span> <span class='ocrx_word' id='word_1_374' title='bbox 1855 3338 1927 3389; x_wconf 85' lang='lat' dir='ltr'><strong>ita</strong></span> 
     </span>
    </p>
   </div>
   <div class='ocr_carea' id='block_1_53' title="bbox 351 3422 1943 3490">
    <p class='ocr_par' dir='ltr' id='par_1_53' title="bbox 351 3422 1943 3490">
     <span class='ocr_line' id='line_1_53' title="bbox 351 3422 1943 3490; baseline 0.005 -16"><span class='ocrx_word' id='word_1_375' title='bbox 351 3423 484 3475; x_wconf 91' lang='lat' dir='ltr'><strong>abiit</strong></span> <span class='ocrx_word' id='word_1_376' title='bbox 508 3422 573 3474; x_wconf 90' lang='lat' dir='ltr'><strong>ad</strong></span> <span class='ocrx_word' id='word_1_377' title='bbox 610 3424 808 3476; x_wconf 90' lang='lat' dir='ltr'><strong>bonum</strong></span> <span class='ocrx_word' id='word_1_378' title='bbox 835 3432 1041 3490; x_wconf 86' lang='lat' dir='ltr'><strong>patrem</strong></span> <span class='ocrx_word' id='word_1_379' title='bbox 1070 3424 1257 3478; x_wconf 89' lang='lat' dir='ltr'><strong>relicto</strong></span> <span class='ocrx_word' id='word_1_380' title='bbox 1274 3423 1482 3479; x_wconf 90' lang='lat' dir='ltr'><strong>semine</strong></span> <span class='ocrx_word' id='word_1_381' title='bbox 1502 3424 1625 3478; x_wconf 71' lang='lat' dir='ltr'><strong>vita:</strong></span> <span class='ocrx_word' id='word_1_382' title='bbox 1648 3425 1701 3479; x_wconf 91' lang='lat' dir='ltr'><strong>in</strong></span> <span class='ocrx_word' id='word_1_383' title='bbox 1730 3428 1943 3482; x_wconf 68' lang='lat' dir='ltr'><strong>muudO‘</strong></span> 
     </span>
    </p>
   </div>
   <div class='ocr_carea' id='block_1_54' title="bbox 348 3515 1183 3584">
    <p class='ocr_par' dir='ltr' id='par_1_54' title="bbox 348 3515 1183 3584">
     <span class='ocr_line' id='line_1_54' title="bbox 348 3515 1183 3584; baseline 0.002 -15"><span class='ocrx_word' id='word_1_384' title='bbox 348 3530 448 3584; x_wconf 84' lang='lat' dir='ltr'><strong>per</strong></span> <span class='ocrx_word' id='word_1_385' title='bbox 491 3515 783 3582; x_wconf 85' lang='lat' dir='ltr'><strong>discipulos</strong></span> <span class='ocrx_word' id='word_1_386' title='bbox 814 3515 1183 3570; x_wconf 82' lang='lat' dir='ltr'><strong>credentibus.</strong></span> 
     </span>
    </p>
   </div>
   <div class='ocr_carea' id='block_1_55' title="bbox 419 3604 1926 3681">
    <p class='ocr_par' dir='ltr' id='par_1_55' title="bbox 419 3604 1926 3681">
     <span class='ocr_line' id='line_1_55' title="bbox 419 3604 1926 3681; baseline 0.004 -20"><span class='ocrx_word' id='word_1_387' title='bbox 419 3607 510 3664; x_wconf 80' lang='grc'><strong>59.</strong></span> <span class='ocrx_word' id='word_1_388' title='bbox 546 3604 802 3661; x_wconf 82' lang='lat' dir='ltr'><strong>Videmur</strong></span> <span class='ocrx_word' id='word_1_389' title='bbox 830 3608 985 3662; x_wconf 91' lang='lat' dir='ltr'><strong>nobis</strong></span> <span class='ocrx_word' id='word_1_390' title='bbox 1023 3619 1077 3661; x_wconf 89' lang='lat' dir='ltr'><strong>et</strong></span> <span class='ocrx_word' id='word_1_391' title='bbox 1109 3610 1222 3662; x_wconf 66' lang='lat' dir='ltr'><strong>haec</strong></span> <span class='ocrx_word' id='word_1_392' title='bbox 1258 3610 1389 3663; x_wconf 89' lang='lat' dir='ltr'><strong>satis</strong></span> <span class='ocrx_word' id='word_1_393' title='bbox 1414 3611 1760 3679; x_wconf 78' lang='lat' dir='ltr'><strong>exposuisse;</strong></span> <span class='ocrx_word' id='word_1_394' title='bbox 1793 3627 1926 3681; x_wconf 87' lang='lat' dir='ltr'><strong>quo-</strong></span> 
     </span>
    </p>
   </div>
   <div class='ocr_carea' id='block_1_56' title="bbox 350 3698 1929 3770">
    <p class='ocr_par' dir='ltr' id='par_1_56' title="bbox 350 3698 1929 3770">
     <span class='ocr_line' id='line_1_56' title="bbox 350 3698 1929 3770; baseline 0.004 -18"><span class='ocrx_word' id='word_1_395' title='bbox 350 3698 498 3753; x_wconf 85' lang='lat' dir='ltr'><strong>niam</strong></span> <span class='ocrx_word' id='word_1_396' title='bbox 530 3708 705 3752; x_wconf 85' lang='lat' dir='ltr'><strong>autem</strong></span> <span class='ocrx_word' id='word_1_397' title='bbox 740 3698 873 3752; x_wconf 86' lang='lat' dir='ltr'><strong>nihil</strong></span> <span class='ocrx_word' id='word_1_398' title='bbox 928 3699 1268 3751; x_wconf 80' lang='lat' dir='ltr'><strong>irrefutatum</strong></span> <span class='ocrx_word' id='word_1_399' title='bbox 1302 3703 1714 3770; x_wconf 80' lang='lat' dir='ltr'><strong>pra:termittere</strong></span> <span class='ocrx_word' id='word_1_400' title='bbox 1743 3705 1929 3758; x_wconf 75' lang='lat' dir='ltr'><strong>decre-</strong></span> 
     </span>
    </p>
   </div>
   <div class='ocr_carea' id='block_1_57' title="bbox 350 3789 1925 3861">
    <p class='ocr_par' dir='ltr' id='par_1_57' title="bbox 350 3789 1925 3861">
     <span class='ocr_line' id='line_1_57' title="bbox 350 3789 1925 3861; baseline 0.005 -20"><span class='ocrx_word' id='word_1_401' title='bbox 350 3789 527 3843; x_wconf 82' lang='lat' dir='ltr'><strong>vimus</strong></span> <span class='ocrx_word' id='word_1_402' title='bbox 576 3801 760 3841; x_wconf 81' lang='lat' dir='ltr'><strong>eorum</strong></span> <span class='ocrx_word' id='word_1_403' title='bbox 788 3826 805 3853; x_wconf 91' lang='lat'><strong>,</strong></span> <span class='ocrx_word' id='word_1_404' title='bbox 856 3804 977 3857; x_wconf 73' lang='lat' dir='ltr'><strong>qua:</strong></span> <span class='ocrx_word' id='word_1_405' title='bbox 1024 3804 1052 3841; x_wconf 73' lang='grc' dir='ltr'><strong>ει</strong></span> <span class='ocrx_word' id='word_1_406' title='bbox 1097 3791 1508 3861; x_wconf 89' lang='lat' dir='ltr'><strong>quibuscuuque</strong></span> <span class='ocrx_word' id='word_1_407' title='bbox 1576 3795 1731 3847; x_wconf 83' lang='lat' dir='ltr'><strong>docta</strong></span> <span class='ocrx_word' id='word_1_408' title='bbox 1780 3804 1925 3858; x_wconf 88' lang='lat' dir='ltr'><strong>sunt,</strong></span> 
     </span>
    </p>
   </div>
   <div class='ocr_carea' id='block_1_58' title="bbox 351 3880 1784 3951">
    <p class='ocr_par' dir='ltr' id='par_1_58' title="bbox 351 3880 1784 3951">
     <span class='ocr_line' id='line_1_58' title="bbox 351 3880 1784 3951; baseline 0.005 -18"><span class='ocrx_word' id='word_1_409' title='bbox 351 3881 629 3934; x_wconf 83' lang='lat' dir='ltr'><strong>videamus</strong></span> <span class='ocrx_word' id='word_1_410' title='bbox 677 3880 806 3951; x_wconf 90' lang='lat' dir='ltr'><strong>quid</strong></span> <span class='ocrx_word' id='word_1_411' title='bbox 846 3881 1009 3934; x_wconf 89' lang='lat' dir='ltr'><strong>etiam</strong></span> <span class='ocrx_word' id='word_1_412' title='bbox 1045 3898 1075 3935; x_wconf 88' lang='lat' dir='ltr'><strong>a</strong></span> <span class='ocrx_word' id='word_1_413' title='bbox 1106 3881 1322 3937; x_wconf 85' lang='lat' dir='ltr'><strong>Docetis</strong></span> <span class='ocrx_word' id='word_1_414' title='bbox 1355 3883 1636 3939; x_wconf 87' lang='lat' dir='ltr'><strong>inventum</strong></span> <span class='ocrx_word' id='word_1_415' title='bbox 1692 3888 1784 3940; x_wconf 89' lang='lat' dir='ltr'><strong>sit.</strong></span> 
     </span>
    </p>
   </div>
   <div class='ocr_carea' id='block_1_59' title="bbox 2022 1865 3603 1942">
    <p class='ocr_par' dir='ltr' id='par_1_59' title="bbox 2022 1865 3603 1942">
     <span class='ocr_line' id='line_1_59' title="bbox 2022 1865 3603 1942; baseline -0.007 -11"><span class='ocrx_word' id='word_1_416' title='bbox 2022 1876 2139 1942; x_wconf 88' lang='grc' dir='ltr'>θοῦ,</span> <span class='ocrx_word' id='word_1_417' title='bbox 2175 1875 2437 1929; x_wconf 81' lang='grc' dir='ltr'>κάκείνου</span> <span class='ocrx_word' id='word_1_418' title='bbox 2481 1874 2644 1926; x_wconf 81' lang='grc' dir='ltr'>αὐτὸν</span> <span class='ocrx_word' id='word_1_419' title='bbox 2694 1865 2991 1937; x_wconf 77' lang='grc' dir='ltr'>εἴναιυίὸν,</span> <span class='ocrx_word' id='word_1_420' title='bbox 3048 1870 3238 1923; x_wconf 88' lang='grc' dir='ltr'>τοῦτον</span> <span class='ocrx_word' id='word_1_421' title='bbox 3288 1868 3347 1929; x_wconf 82' lang='grc' dir='ltr'><strong>δὲ</strong></span> <span class='ocrx_word' id='word_1_422' title='bbox 3397 1868 3499 1922; x_wconf 77' lang='grc' dir='ltr'><strong>οὐκ</strong></span> <span class='ocrx_word' id='word_1_423' title='bbox 3538 1868 3603 1921; x_wconf 86' lang='grc' dir='ltr'><strong>ἐκ</strong></span> 
     </span>
    </p>
   </div>
   <div class='ocr_carea' id='block_1_60' title="bbox 2018 1955 3602 2039">
    <p class='ocr_par' dir='ltr' id='par_1_60' title="bbox 2018 1955 3602 2039">
     <span class='ocr_line' id='line_1_60' title="bbox 2018 1955 3602 2039; baseline -0.006 -18"><span class='ocrx_word' id='word_1_424' title='bbox 2018 1965 2287 2039; x_wconf 70' lang='grc' dir='ltr'>παρθένου</span> <span class='ocrx_word' id='word_1_425' title='bbox 2323 1963 2705 2034; x_wconf 77' lang='grc' dir='ltr'>γεγεννῆσθαι,</span> <span class='ocrx_word' id='word_1_426' title='bbox 2746 1962 2867 2016; x_wconf 85' lang='grc' dir='ltr'><strong>ούδέ</strong></span> <span class='ocrx_word' id='word_1_427' title='bbox 2910 1962 3150 2030; x_wconf 82' lang='grc' dir='ltr'>ἇσαρκον</span> <span class='ocrx_word' id='word_1_428' title='bbox 3204 1955 3345 2013; x_wconf 74' lang='grc' dir='ltr'>εἶναι</span> <span class='ocrx_word' id='word_1_429' title='bbox 3372 1958 3465 2011; x_wconf 81' lang='grc' dir='ltr'><strong>τὸν</strong></span> <span class='ocrx_word' id='word_1_430' title='bbox 3497 1975 3602 2027; x_wconf 76' lang='grc' dir='ltr'><strong>φα·</strong></span> 
     </span>
    </p>
   </div>
   <div class='ocr_carea' id='block_1_61' title="bbox 2019 2051 3606 2125">
    <p class='ocr_par' dir='ltr' id='par_1_61' title="bbox 2019 2051 3606 2125">
     <span class='ocr_line' id='line_1_61' title="bbox 2019 2051 3606 2125; baseline -0.006 -14"><span class='ocrx_word' id='word_1_431' title='bbox 2019 2058 2181 2112; x_wconf 89' lang='grc' dir='ltr'>νέντα</span> <span class='ocrx_word' id='word_1_432' title='bbox 2205 2056 2250 2088; x_wconf 70' lang='grc'><strong>¹⁸</strong></span> <span class='ocrx_word' id='word_1_433' title='bbox 2272 2057 2447 2125; x_wconf 83' lang='grc' dir='ltr'>λέγει,</span> <span class='ocrx_word' id='word_1_434' title='bbox 2486 2054 2599 2108; x_wconf 78' lang='grc' dir='ltr'>ἀλλ’</span> <span class='ocrx_word' id='word_1_435' title='bbox 2626 2057 2689 2107; x_wconf 82' lang='grc' dir='ltr'>ὲκ</span> <span class='ocrx_word' id='word_1_436' title='bbox 2726 2054 2827 2123; x_wconf 84' lang='grc' dir='ltr'><strong>τῆς</strong></span> <span class='ocrx_word' id='word_1_437' title='bbox 2855 2051 2947 2106; x_wconf 87' lang='grc' dir='ltr'><strong>τοῦ</strong></span> <span class='ocrx_word' id='word_1_438' title='bbox 2980 2051 3183 2116; x_wconf 78' lang='grc' dir='ltr'>παντὸς</span> <span class='ocrx_word' id='word_1_439' title='bbox 3213 2051 3407 2112; x_wconf 78' lang='grc' dir='ltr'>οὐσίας</span> <span class='ocrx_word' id='word_1_440' title='bbox 3434 2068 3606 2119; x_wconf 87' lang='grc' dir='ltr'>μετα-</span> 
     </span>
    </p>
   </div>
   <div class='ocr_carea' id='block_1_62' title="bbox 2020 2138 3606 2219">
    <p class='ocr_par' dir='ltr' id='par_1_62' title="bbox 2020 2138 3606 2219">
     <span class='ocr_line' id='line_1_62' title="bbox 2020 2138 3606 2219; baseline -0.008 -16"><span class='ocrx_word' id='word_1_441' title='bbox 2020 2149 2253 2203; x_wconf 77' lang='grc' dir='ltr'>λαϐόντα</span> <span class='ocrx_word' id='word_1_442' title='bbox 2287 2148 2469 2219; x_wconf 85' lang='grc' dir='ltr'>μερῶν</span> <span class='ocrx_word' id='word_1_443' title='bbox 2501 2146 2661 2216; x_wconf 92' lang='grc' dir='ltr'>σῶμα</span> <span class='ocrx_word' id='word_1_444' title='bbox 2693 2144 3073 2215; x_wconf 83' lang='grc' dir='ltr'>πεποιηκέναι,</span> <span class='ocrx_word' id='word_1_445' title='bbox 3112 2142 3362 2196; x_wconf 81' lang='grc' dir='ltr'>τουτέστι</span> <span class='ocrx_word' id='word_1_446' title='bbox 3395 2138 3606 2211; x_wconf 89' lang='grc' dir='ltr'>θερμοῦ</span> 
     </span>
    </p>
   </div>
   <div class='ocr_carea' id='block_1_63' title="bbox 2023 2231 3608 2309">
    <p class='ocr_par' dir='ltr' id='par_1_63' title="bbox 2023 2231 3608 2309">
     <span class='ocr_line' id='line_1_63' title="bbox 2023 2231 3608 2309; baseline -0.006 -16"><span class='ocrx_word' id='word_1_447' title='bbox 2023 2242 2115 2294; x_wconf 71' lang='grc' dir='ltr'>καὶ</span> <span class='ocrx_word' id='word_1_448' title='bbox 2140 2239 2353 2309; x_wconf 77' lang='grc' dir='ltr'>ψυχροῦ</span> <span class='ocrx_word' id='word_1_449' title='bbox 2390 2239 2484 2291; x_wconf 71' lang='grc' dir='ltr'>καὶ</span> <span class='ocrx_word' id='word_1_450' title='bbox 2516 2236 2685 2307; x_wconf 81' lang='grc' dir='ltr'>ὑγροῦ</span> <span class='ocrx_word' id='word_1_451' title='bbox 2724 2236 2819 2289; x_wconf 73' lang='grc' dir='ltr'>καὶ</span> <span class='ocrx_word' id='word_1_452' title='bbox 2865 2234 3052 2305; x_wconf 82' lang='grc' dir='ltr'>ξηροῦ,</span> <span class='ocrx_word' id='word_1_453' title='bbox 3089 2234 3184 2287; x_wconf 73' lang='lat' dir='ltr'><strong>mi.</strong></span> <span class='ocrx_word' id='word_1_454' title='bbox 3224 2234 3283 2286; x_wconf 89' lang='grc' dir='ltr'><strong>ἐν</strong></span> <span class='ocrx_word' id='word_1_455' title='bbox 3319 2233 3501 2301; x_wconf 84' lang='grc' dir='ltr'>τούτῳ</span> <span class='ocrx_word' id='word_1_456' title='bbox 3532 2231 3608 2301; x_wconf 81' lang='grc' dir='ltr'>τῷ</span> 
     </span>
    </p>
   </div>
   <div class='ocr_carea' id='block_1_64' title="bbox 2026 2323 3607 2400">
    <p class='ocr_par' dir='ltr' id='par_1_64' title="bbox 2026 2323 3607 2400">
     <span class='ocr_line' id='line_1_64' title="bbox 2026 2323 3607 2400; baseline -0.006 -17"><span class='ocrx_word' id='word_1_457' title='bbox 2026 2329 2236 2400; x_wconf 86' lang='grc' dir='ltr'>σώματι</span> <span class='ocrx_word' id='word_1_458' title='bbox 2260 2328 2493 2382; x_wconf 79' lang='grc' dir='ltr'>λαθόντα</span> <span class='ocrx_word' id='word_1_459' title='bbox 2517 2328 2559 2358; x_wconf 76' lang='grc'>⁸⁸</span> <span class='ocrx_word' id='word_1_460' title='bbox 2582 2326 2679 2389; x_wconf 81' lang='grc' dir='ltr'><strong>τὰς</strong></span> <span class='ocrx_word' id='word_1_461' title='bbox 2702 2327 2971 2394; x_wconf 77' lang='grc' dir='ltr'>κοσμικὰς</span> <span class='ocrx_word' id='word_1_462' title='bbox 2996 2325 3242 2388; x_wconf 75' lang='grc' dir='ltr'>ἐξουσίας</span> <span class='ocrx_word' id='word_1_463' title='bbox 3274 2323 3607 2393; x_wconf 79' lang='grc' dir='ltr'>βεδιωκέναι</span> 
     </span>
    </p>
   </div>
   <div class='ocr_carea' id='block_1_65' title="bbox 2022 2413 3608 2491">
    <p class='ocr_par' dir='ltr' id='par_1_65' title="bbox 2022 2413 3608 2491">
     <span class='ocr_line' id='line_1_65' title="bbox 2022 2413 3608 2491; baseline -0.006 -15"><span class='ocrx_word' id='word_1_464' title='bbox 2022 2424 2081 2476; x_wconf 83' lang='grc' dir='ltr'>ὃν</span> <span class='ocrx_word' id='word_1_465' title='bbox 2109 2424 2303 2475; x_wconf 76' lang='grc' dir='ltr'>ἐϐίωσε</span> <span class='ocrx_word' id='word_1_466' title='bbox 2332 2421 2523 2491; x_wconf 79' lang='grc' dir='ltr'>χρόνον</span> <span class='ocrx_word' id='word_1_467' title='bbox 2557 2421 2614 2473; x_wconf 84' lang='grc' dir='ltr'><strong>ἐν</strong></span> <span class='ocrx_word' id='word_1_468' title='bbox 2638 2419 2829 2489; x_wconf 82' lang='grc' dir='ltr'>κόσμῳ</span> <span class='ocrx_word' id='word_1_469' title='bbox 2855 2433 2869 2447; x_wconf 72' lang='grc'><strong><em>⁸</em></strong></span> <span class='ocrx_word' id='word_1_470' title='bbox 2913 2413 3069 2480; x_wconf 81' lang='grc' dir='ltr'>αὖθις</span> <span class='ocrx_word' id='word_1_471' title='bbox 3103 2417 3159 2469; x_wconf 73' lang='grc' dir='ltr'>δὲ</span> <span class='ocrx_word' id='word_1_472' title='bbox 3191 2417 3295 2468; x_wconf 75' lang='grc' dir='ltr'><strong>ὑπὸ</strong></span> <span class='ocrx_word' id='word_1_473' title='bbox 3328 2414 3608 2468; x_wconf 77' lang='grc' dir='ltr'>Ἰουδαίων</span> 
     </span>
    </p>
   </div>
   <div class='ocr_carea' id='block_1_66' title="bbox 2024 2507 3607 2578">
    <p class='ocr_par' dir='ltr' id='par_1_66' title="bbox 2024 2507 3607 2578">
     <span class='ocr_line' id='line_1_66' title="bbox 2024 2507 3607 2578; baseline -0.008 -9"><span class='ocrx_word' id='word_1_474' title='bbox 2024 2511 2559 2569; x_wconf 85' lang='grc' dir='ltr'>ἀνασκολοπισθέντα</span> <span class='ocrx_word' id='word_1_475' title='bbox 2611 2510 2817 2574; x_wconf 85' lang='grc' dir='ltr'>θανεῖν,</span> <span class='ocrx_word' id='word_1_476' title='bbox 2884 2510 2979 2562; x_wconf 72' lang='grc' dir='ltr'><strong>καὶ</strong></span> <span class='ocrx_word' id='word_1_477' title='bbox 3014 2507 3151 2578; x_wconf 84' lang='grc' dir='ltr'><strong>μετὰ</strong></span> <span class='ocrx_word' id='word_1_478' title='bbox 3184 2510 3333 2577; x_wconf 80' lang='grc' dir='ltr'>τρεῖς</span> <span class='ocrx_word' id='word_1_479' title='bbox 3385 2507 3607 2577; x_wconf 78' lang='grc' dir='ltr'>ἡμέρας</span> 
     </span>
    </p>
   </div>
   <div class='ocr_carea' id='block_1_67' title="bbox 2026 2600 3611 2679">
    <p class='ocr_par' dir='ltr' id='par_1_67' title="bbox 2026 2600 3611 2679">
     <span class='ocr_line' id='line_1_67' title="bbox 2026 2600 3611 2679; baseline -0.004 -19"><span class='ocrx_word' id='word_1_480' title='bbox 2026 2608 2320 2679; x_wconf 75' lang='grc' dir='ltr'>ἐγερθέντα</span> <span class='ocrx_word' id='word_1_481' title='bbox 2378 2604 2613 2674; x_wconf 83' lang='grc' dir='ltr'>φανῆναι</span> <span class='ocrx_word' id='word_1_482' title='bbox 2668 2606 2778 2667; x_wconf 88' lang='grc' dir='ltr'>τοῖς</span> <span class='ocrx_word' id='word_1_483' title='bbox 2833 2603 3124 2673; x_wconf 85' lang='grc' dir='ltr'>μαθηταῖς,</span> <span class='ocrx_word' id='word_1_484' title='bbox 3173 2600 3428 2666; x_wconf 80' lang='grc' dir='ltr'>δείξαντα</span> <span class='ocrx_word' id='word_1_485' title='bbox 3482 2600 3611 2661; x_wconf 75' lang='grc' dir='ltr'>τοὺς</span> 
     </span>
    </p>
   </div>
   <div class='ocr_carea' id='block_1_68' title="bbox 2025 2692 3612 2766">
    <p class='ocr_par' dir='ltr' id='par_1_68' title="bbox 2025 2692 3612 2766">
     <span class='ocr_line' id='line_1_68' title="bbox 2025 2692 3612 2766; baseline -0.006 -12"><span class='ocrx_word' id='word_1_486' title='bbox 2025 2702 2230 2762; x_wconf 83' lang='grc' dir='ltr'>τύπους</span> <span class='ocrx_word' id='word_1_487' title='bbox 2254 2701 2297 2730; x_wconf 78' lang='grc'>³⁸</span> <span class='ocrx_word' id='word_1_488' title='bbox 2326 2699 2434 2751; x_wconf 89' lang='grc' dir='ltr'><strong>τῶν</strong></span> <span class='ocrx_word' id='word_1_489' title='bbox 2458 2698 2617 2766; x_wconf 69' lang='grc' dir='ltr'><strong>1ἥλων</strong></span> <span class='ocrx_word' id='word_1_490' title='bbox 2646 2697 2740 2750; x_wconf 74' lang='grc' dir='ltr'><strong>καὶ</strong></span> <span class='ocrx_word' id='word_1_491' title='bbox 2771 2696 2872 2765; x_wconf 81' lang='grc' dir='ltr'>τῆς</span> <span class='ocrx_word' id='word_1_492' title='bbox 2905 2696 2915 2765; x_wconf 95' lang='lat'><em>|</em></span> <span class='ocrx_word' id='word_1_493' title='bbox 2947 2694 3208 2765; x_wconf 79' lang='grc' dir='ltr'>πλευρᾶς,</span> <span class='ocrx_word' id='word_1_494' title='bbox 3236 2693 3505 2745; x_wconf 85' lang='grc' dir='ltr'>πείθοντα</span> <span class='ocrx_word' id='word_1_495' title='bbox 3532 2692 3612 2744; x_wconf 77' lang='grc' dir='ltr'><strong>ὅτι</strong></span> 
     </span>
    </p>
   </div>
   <div class='ocr_carea' id='block_1_69' title="bbox 2027 2780 3609 2861">
    <p class='ocr_par' dir='ltr' id='par_1_69' title="bbox 2027 2780 3609 2861">
     <span class='ocr_line' id='line_1_69' title="bbox 2027 2780 3609 2861; baseline -0.003 -17"><span class='ocrx_word' id='word_1_496' title='bbox 2027 2792 2191 2855; x_wconf 74' lang='grc' dir='ltr'>αὐτὸς</span> <span class='ocrx_word' id='word_1_497' title='bbox 2243 2792 2328 2861; x_wconf 87' lang='grc' dir='ltr'><strong>εῐη</strong></span> <span class='ocrx_word' id='word_1_498' title='bbox 2378 2791 2474 2844; x_wconf 73' lang='grc' dir='ltr'>καὶ</span> <span class='ocrx_word' id='word_1_499' title='bbox 2519 2791 2578 2843; x_wconf 85' lang='grc' dir='ltr'><strong>οὐ</strong></span> <span class='ocrx_word' id='word_1_500' title='bbox 2634 2789 2947 2859; x_wconf 79' lang='grc' dir='ltr'>φάντασμα,</span> <span class='ocrx_word' id='word_1_501' title='bbox 2983 2786 3120 2841; x_wconf 83' lang='grc' dir='ltr'>ἀλλά</span> <span class='ocrx_word' id='word_1_502' title='bbox 3182 2787 3454 2857; x_wconf 78' lang='grc' dir='ltr'>ἐνσαρκος</span> <span class='ocrx_word' id='word_1_503' title='bbox 3521 2780 3609 2855; x_wconf 77' lang='grc' dir='ltr'><strong>ἦν.</strong></span> 
     </span>
    </p>
   </div>
   <div class='ocr_carea' id='block_1_70' title="bbox 2027 2872 3615 2953">
    <p class='ocr_par' dir='ltr' id='par_1_70' title="bbox 2027 2872 3615 2953">
     <span class='ocr_line' id='line_1_70' title="bbox 2027 2872 3615 2953; baseline -0.006 -16"><span class='ocrx_word' id='word_1_504' title='bbox 2027 2883 2238 2953; x_wconf 76' lang='grc' dir='ltr'>Σάρκα,</span> <span class='ocrx_word' id='word_1_505' title='bbox 2279 2882 2434 2951; x_wconf 58' lang='grc' dir='ltr'>φησὶ,</span> <span class='ocrx_word' id='word_1_506' title='bbox 2466 2880 2647 2946; x_wconf 83' lang='grc' dir='ltr'>δείξας</span> <span class='ocrx_word' id='word_1_507' title='bbox 2678 2880 2928 2934; x_wconf 84' lang='grc' dir='ltr'>ἀπέδωκε</span> <span class='ocrx_word' id='word_1_508' title='bbox 2960 2881 3055 2949; x_wconf 77' lang='grc' dir='ltr'>γῇ,</span> <span class='ocrx_word' id='word_1_509' title='bbox 3102 2877 3159 2944; x_wconf 80' lang='grc' dir='ltr'>ἐξ</span> <span class='ocrx_word' id='word_1_510' title='bbox 3190 2873 3375 2949; x_wconf 80' lang='grc' dir='ltr'>ἧσπερ</span> <span class='ocrx_word' id='word_1_511' title='bbox 3409 2872 3482 2946; x_wconf 79' lang='grc' dir='ltr'>ἦν</span> <span class='ocrx_word' id='word_1_512' title='bbox 3522 2877 3615 2928; x_wconf 78' lang='grc' dir='ltr'>ού-</span> 
     </span>
    </p>
   </div>
   <div class='ocr_carea' id='block_1_71' title="bbox 2031 2967 3615 3045">
    <p class='ocr_par' dir='ltr' id='par_1_71' title="bbox 2031 2967 3615 3045">
     <span class='ocr_line' id='line_1_71' title="bbox 2031 2967 3615 3045; baseline -0.003 -18"><span class='ocrx_word' id='word_1_513' title='bbox 2031 2975 2177 3038; x_wconf 87' lang='grc' dir='ltr'>σίας,</span> <span class='ocrx_word' id='word_1_514' title='bbox 2225 2974 2391 3045; x_wconf 82' lang='grc' dir='ltr'>μηδὲν</span> <span class='ocrx_word' id='word_1_515' title='bbox 2446 2972 2785 3045; x_wconf 86' lang='grc' dir='ltr'>ἀλλότριον¹¹¹</span> <span class='ocrx_word' id='word_1_516' title='bbox 2854 2970 3212 3034; x_wconf 80' lang='grc' dir='ltr'>πλεονεκτῶν,</span> <span class='ocrx_word' id='word_1_517' title='bbox 3283 2967 3424 3023; x_wconf 75' lang='grc' dir='ltr'>ἀλλὰ</span> <span class='ocrx_word' id='word_1_518' title='bbox 3474 2968 3615 3038; x_wconf 77' lang='grc' dir='ltr'>πρὸς</span> 
     </span>
    </p>
   </div>
   <div class='ocr_carea' id='block_1_72' title="bbox 2030 3058 3618 3136">
    <p class='ocr_par' dir='ltr' id='par_1_72' title="bbox 2030 3058 3618 3136">
     <span class='ocr_line' id='line_1_72' title="bbox 2030 3058 3618 3136; baseline -0.006 -17"><span class='ocrx_word' id='word_1_519' title='bbox 2030 3064 2221 3136; x_wconf 84' lang='grc' dir='ltr'>καιρὸν</span> <span class='ocrx_word' id='word_1_520' title='bbox 2255 3064 2623 3135; x_wconf 85' lang='grc' dir='ltr'>χρησάμενος,</span> <span class='ocrx_word' id='word_1_521' title='bbox 2672 3062 2923 3125; x_wconf 81' lang='grc' dir='ltr'>ἑκάστοις</span> <span class='ocrx_word' id='word_1_522' title='bbox 2958 3062 3025 3114; x_wconf 81' lang='grc' dir='ltr'>τὰ</span> <span class='ocrx_word' id='word_1_523' title='bbox 3072 3060 3175 3113; x_wconf 78' lang='grc' dir='ltr'>ίδια</span> <span class='ocrx_word' id='word_1_524' title='bbox 3208 3058 3491 3122; x_wconf 82' lang='grc' dir='ltr'>ἀπέδωκε,</span> <span class='ocrx_word' id='word_1_525' title='bbox 3526 3058 3618 3110; x_wconf 81' lang='grc' dir='ltr'>λύ-</span> 
     </span>
    </p>
   </div>
   <div class='ocr_carea' id='block_1_73' title="bbox 2034 3149 3615 3228">
    <p class='ocr_par' dir='ltr' id='par_1_73' title="bbox 2034 3149 3615 3228">
     <span class='ocr_line' id='line_1_73' title="bbox 2034 3149 3615 3228; baseline -0.007 -17"><span class='ocrx_word' id='word_1_526' title='bbox 2034 3176 2132 3223; x_wconf 90' lang='grc' dir='ltr'><strong>σας</strong></span> <span class='ocrx_word' id='word_1_527' title='bbox 2150 3158 2312 3212; x_wconf 80' lang='grc' dir='ltr'>πάλιν</span> <span class='ocrx_word' id='word_1_528' title='bbox 2341 3156 2432 3211; x_wconf 84' lang='grc' dir='ltr'><strong>τὸν</strong></span> <span class='ocrx_word' id='word_1_529' title='bbox 2449 3156 2651 3228; x_wconf 79' lang='grc' dir='ltr'>δεσμὸν</span> <span class='ocrx_word' id='word_1_530' title='bbox 2675 3154 2768 3209; x_wconf 88' lang='grc' dir='ltr'><strong>τοῦ</strong></span> <span class='ocrx_word' id='word_1_531' title='bbox 2788 3153 3059 3225; x_wconf 85' lang='grc' dir='ltr'>σώματος,</span> <span class='ocrx_word' id='word_1_532' title='bbox 3090 3151 3278 3222; x_wconf 84' lang='grc' dir='ltr'>θερμῷ</span> <span class='ocrx_word' id='word_1_533' title='bbox 3293 3150 3356 3203; x_wconf 81' lang='grc' dir='ltr'><strong>τὸ</strong></span> <span class='ocrx_word' id='word_1_534' title='bbox 3383 3149 3615 3220; x_wconf 73' lang='grc' dir='ltr'>θερμὸν,</span> 
     </span>
    </p>
   </div>
   <div class='ocr_carea' id='block_1_74' title="bbox 2028 3242 3616 3323">
    <p class='ocr_par' dir='ltr' id='par_1_74' title="bbox 2028 3242 3616 3323">
     <span class='ocr_line' id='line_1_74' title="bbox 2028 3242 3616 3323; baseline -0.004 -3"><span class='ocrx_word' id='word_1_535' title='bbox 2028 3250 2224 3323; x_wconf 74' lang='grc' dir='ltr'>ψυχρῷ</span> <span class='ocrx_word' id='word_1_536' title='bbox 2252 3251 2314 3303; x_wconf 85' lang='grc' dir='ltr'><strong>τδ</strong></span> <span class='ocrx_word' id='word_1_537' title='bbox 2352 3248 2581 3322; x_wconf 60' lang='grc' dir='ltr'>ψυχρὸν.</span> <span class='ocrx_word' id='word_1_538' title='bbox 2623 3247 2776 3320; x_wconf 75' lang='grc' dir='ltr'>ὑγρῷ</span> <span class='ocrx_word' id='word_1_539' title='bbox 2820 3247 2881 3300; x_wconf 84' lang='grc' dir='ltr'><strong>τδ</strong></span> <span class='ocrx_word' id='word_1_540' title='bbox 2909 3246 3095 3317; x_wconf 67' lang='grc' dir='ltr'>ὑγρὸν.</span> <span class='ocrx_word' id='word_1_541' title='bbox 3144 3243 3295 3315; x_wconf 77' lang='grc' dir='ltr'>ξηρῷ</span> <span class='ocrx_word' id='word_1_542' title='bbox 3322 3242 3386 3298; x_wconf 77' lang='grc' dir='ltr'><strong>τὸ</strong></span> <span class='ocrx_word' id='word_1_543' title='bbox 3421 3242 3616 3313; x_wconf 69' lang='grc' dir='ltr'>ξηρδνο</span> 
     </span>
    </p>
   </div>
   <div class='ocr_carea' id='block_1_75' title="bbox 2033 3336 3617 3412">
    <p class='ocr_par' dir='ltr' id='par_1_75' title="bbox 2033 3336 3617 3412">
     <span class='ocr_line' id='line_1_75' title="bbox 2033 3336 3617 3412; baseline -0.006 -16"><span class='ocrx_word' id='word_1_544' title='bbox 2033 3344 2127 3397; x_wconf 54' lang='grc' dir='ltr'><strong>καὶ⁵</strong></span> <span class='ocrx_word' id='word_1_545' title='bbox 2146 3342 2320 3405; x_wconf 87' lang='grc' dir='ltr'>οῦτως</span> <span class='ocrx_word' id='word_1_546' title='bbox 2352 3342 2625 3412; x_wconf 80' lang='grc' dir='ltr'>ἐπορεύθη</span> <span class='ocrx_word' id='word_1_547' title='bbox 2653 3340 2788 3410; x_wconf 76' lang='grc' dir='ltr'>πρὸς</span> <span class='ocrx_word' id='word_1_548' title='bbox 2808 3338 2899 3392; x_wconf 80' lang='grc' dir='ltr'><strong>τὸν</strong></span> <span class='ocrx_word' id='word_1_549' title='bbox 2933 3336 3138 3406; x_wconf 80' lang='grc' dir='ltr'>ἀγαθὸν</span> <span class='ocrx_word' id='word_1_550' title='bbox 3164 3338 3404 3407; x_wconf 83' lang='grc' dir='ltr'>πατέρα,</span> <span class='ocrx_word' id='word_1_551' title='bbox 3439 3352 3617 3387; x_wconf 83' lang='grc' dir='ltr'>κατα-</span> 
     </span>
    </p>
   </div>
   <div class='ocr_carea' id='block_1_76' title="bbox 2031 3427 3616 3503">
    <p class='ocr_par' dir='ltr' id='par_1_76' title="bbox 2031 3427 3616 3503">
     <span class='ocr_line' id='line_1_76' title="bbox 2031 3427 3616 3503; baseline -0.006 -16"><span class='ocrx_word' id='word_1_552' title='bbox 2031 3433 2205 3487; x_wconf 86' lang='grc' dir='ltr'>λιπὼν</span> <span class='ocrx_word' id='word_1_553' title='bbox 2236 3434 2296 3487; x_wconf 83' lang='grc' dir='ltr'><strong>τὸ</strong></span> <span class='ocrx_word' id='word_1_554' title='bbox 2317 3435 2416 3503; x_wconf 80' lang='grc' dir='ltr'>τῆς</span> <span class='ocrx_word' id='word_1_555' title='bbox 2452 3433 2594 3503; x_wconf 78' lang='grc' dir='ltr'>ζωῆς</span> <span class='ocrx_word' id='word_1_556' title='bbox 2647 3433 2869 3502; x_wconf 80' lang='grc' dir='ltr'>σπέρμα</span> <span class='ocrx_word' id='word_1_557' title='bbox 2897 3431 2975 3494; x_wconf 86' lang='grc' dir='ltr'><strong>εἰς</strong></span> <span class='ocrx_word' id='word_1_558' title='bbox 3013 3428 3104 3482; x_wconf 76' lang='grc' dir='ltr'>τὸν</span> <span class='ocrx_word' id='word_1_559' title='bbox 3138 3428 3345 3499; x_wconf 70' lang='grc' dir='ltr'>κόσμον</span> <span class='ocrx_word' id='word_1_560' title='bbox 3375 3427 3468 3480; x_wconf 68' lang='grc' dir='ltr'>διὰ</span> <span class='ocrx_word' id='word_1_561' title='bbox 3507 3427 3616 3479; x_wconf 86' lang='grc' dir='ltr'><strong>τῶν</strong></span> 
     </span>
    </p>
   </div>
   <div class='ocr_carea' id='block_1_77' title="bbox 2037 3524 2801 3597">
    <p class='ocr_par' dir='ltr' id='par_1_77' title="bbox 2037 3524 2801 3597">
     <span class='ocr_line' id='line_1_77' title="bbox 2037 3524 2801 3597; baseline -0.001 -20"><span class='ocrx_word' id='word_1_562' title='bbox 2037 3524 2295 3597; x_wconf 86' lang='grc' dir='ltr'>μαθητῶν</span> <span class='ocrx_word' id='word_1_563' title='bbox 2324 3528 2437 3587; x_wconf 90' lang='grc' dir='ltr'>τοῖς</span> <span class='ocrx_word' id='word_1_564' title='bbox 2467 3526 2801 3579; x_wconf 79' lang='grc' dir='ltr'>πιστεύουσι.</span> 
     </span>
    </p>
   </div>
   <div class='ocr_carea' id='block_1_78' title="bbox 2105 3612 3615 3687">
    <p class='ocr_par' dir='ltr' id='par_1_78' title="bbox 2105 3612 3615 3687">
     <span class='ocr_line' id='line_1_78' title="bbox 2105 3612 3615 3687; baseline -0.004 -17"><span class='ocrx_word' id='word_1_565' title='bbox 2105 3618 2205 3671; x_wconf 86' lang='grc' dir='ltr'><strong>λο¹.</strong></span> <span class='ocrx_word' id='word_1_566' title='bbox 2243 3620 2399 3671; x_wconf 87' lang='grc' dir='ltr'>Δοκεῖ</span> <span class='ocrx_word' id='word_1_567' title='bbox 2428 3619 2559 3687; x_wconf 83' lang='grc' dir='ltr'>ἡμῖν</span> <span class='ocrx_word' id='word_1_568' title='bbox 2604 3619 2700 3669; x_wconf 73' lang='grc' dir='ltr'>καὶ</span> <span class='ocrx_word' id='word_1_569' title='bbox 2748 3616 2921 3670; x_wconf 88' lang='grc' dir='ltr'>ταῦτα</span> <span class='ocrx_word' id='word_1_570' title='bbox 2970 3614 3167 3678; x_wconf 85' lang='grc' dir='ltr'>ἱκανῶς</span> <span class='ocrx_word' id='word_1_571' title='bbox 3218 3612 3571 3665; x_wconf 84' lang='grc' dir='ltr'>ἐκτεθεῖσθαι</span> <span class='ocrx_word' id='word_1_572' title='bbox 3597 3627 3615 3643; x_wconf 66' lang='grc' dir='ltr'>θ</span> 
     </span>
    </p>
   </div>
   <div class='ocr_carea' id='block_1_79' title="bbox 2034 3704 3621 3779">
    <p class='ocr_par' dir='ltr' id='par_1_79' title="bbox 2034 3704 3621 3779">
     <span class='ocr_line' id='line_1_79' title="bbox 2034 3704 3621 3779; baseline -0.004 -17"><span class='ocrx_word' id='word_1_573' title='bbox 2034 3709 2150 3762; x_wconf 77' lang='grc' dir='ltr'>ἀλλ’</span> <span class='ocrx_word' id='word_1_574' title='bbox 2198 3709 2321 3761; x_wconf 72' lang='grc' dir='ltr'>ἐπεὶ</span> <span class='ocrx_word' id='word_1_575' title='bbox 2356 3708 2519 3779; x_wconf 82' lang='grc' dir='ltr'>μηδὲν</span> <span class='ocrx_word' id='word_1_576' title='bbox 2571 3708 2901 3779; x_wconf 84' lang='grc' dir='ltr'>παραλιπεῖν</span> <span class='ocrx_word' id='word_1_577' title='bbox 2946 3708 3272 3773; x_wconf 81' lang='grc' dir='ltr'>ἀνέλεγκτον</span> <span class='ocrx_word' id='word_1_578' title='bbox 3314 3704 3621 3775; x_wconf 78' lang='grc' dir='ltr'>ἐκρίναμεν</span> 
     </span>
    </p>
   </div>
   <div class='ocr_carea' id='block_1_80' title="bbox 2034 3797 3621 3871">
    <p class='ocr_par' dir='ltr' id='par_1_80' title="bbox 2034 3797 3621 3871">
     <span class='ocr_line' id='line_1_80' title="bbox 2034 3797 3621 3871; baseline -0.003 -17"><span class='ocrx_word' id='word_1_579' title='bbox 2034 3803 2145 3855; x_wconf 83' lang='grc' dir='ltr'><strong>τῶν</strong></span> <span class='ocrx_word' id='word_1_580' title='bbox 2174 3802 2280 3854; x_wconf 80' lang='grc' dir='ltr'>ὑπό</span> <span class='ocrx_word' id='word_1_581' title='bbox 2309 3819 2469 3854; x_wconf 87' lang='grc' dir='ltr'>τινων</span> <span class='ocrx_word' id='word_1_582' title='bbox 2516 3800 3051 3871; x_wconf 81' lang='grc' dir='ltr'>δεδογματισμένων,</span> <span class='ocrx_word' id='word_1_583' title='bbox 3083 3798 3287 3869; x_wconf 81' lang='grc' dir='ltr'>ῐδωμεν</span> <span class='ocrx_word' id='word_1_584' title='bbox 3322 3798 3380 3851; x_wconf 84' lang='grc' dir='ltr'><strong>τί</strong></span> <span class='ocrx_word' id='word_1_585' title='bbox 3418 3797 3518 3852; x_wconf 76' lang='grc' dir='ltr'>καὶ</span> <span class='ocrx_word' id='word_1_586' title='bbox 3558 3797 3621 3850; x_wconf 84' lang='grc' dir='ltr'>τὸ</span> 
     </span>
    </p>
   </div>
   <div class='ocr_carea' id='block_1_81' title="bbox 2036 3878 3006 3961">
    <p class='ocr_par' dir='ltr' id='par_1_81' title="bbox 2036 3878 3006 3961">
     <span class='ocr_line' id='line_1_81' title="bbox 2036 3878 3006 3961; baseline 0.001 -18"><span class='ocrx_word' id='word_1_587' title='bbox 2036 3893 2147 3955; x_wconf 84' lang='grc' dir='ltr'>τοῖς</span> <span class='ocrx_word' id='word_1_588' title='bbox 2188 3888 2231 3922; x_wconf 80' lang='grc'>⁸⁸</span> <span class='ocrx_word' id='word_1_589' title='bbox 2257 3890 2524 3961; x_wconf 78' lang='grc' dir='ltr'>Δοκήταις</span> <span class='ocrx_word' id='word_1_590' title='bbox 2565 3878 3006 3960; x_wconf 77' lang='grc' dir='ltr'>ἐπινενοημένον.</span> 
     </span>
    </p>
   </div>
   <div class='ocr_carea' id='block_1_82' title="bbox 1594 4061 2262 4121">
    <p class='ocr_par' dir='ltr' id='par_1_82' title="bbox 1594 4061 2262 4121">
     <span class='ocr_line' id='line_1_82' title="bbox 1594 4061 2262 4121; baseline 0.01 -7"><span class='ocrx_word' id='word_1_591' title='bbox 1594 4061 1824 4118; x_wconf 67' lang='lat' dir='ltr'><strong>Vitlile</strong></span> <span class='ocrx_word' id='word_1_592' title='bbox 1857 4064 2151 4121; x_wconf 78' lang='lat' dir='ltr'><strong>LECTlON</strong></span> <span class='ocrx_word' id='word_1_593' title='bbox 2161 4066 2262 4121; x_wconf 89' lang='lat' dir='ltr'><strong>ES.</strong></span> 
     </span>
    </p>
   </div>
   <div class='ocr_carea' id='block_1_83' title="bbox 424 4208 1658 4278">
    <p class='ocr_par' dir='ltr' id='par_1_83' title="bbox 424 4208 1658 4278">
     <span class='ocr_line' id='line_1_83' title="bbox 424 4208 1658 4278; baseline 0.005 -18"><span class='ocrx_word' id='word_1_594' title='bbox 424 4208 447 4241; x_wconf 86' lang='grc'><strong><em>⁸</em></strong></span> <span class='ocrx_word' id='word_1_595' title='bbox 474 4208 819 4278; x_wconf 65' lang='grc' dir='ltr'>δυσφημίσας</span> <span class='ocrx_word' id='word_1_596' title='bbox 848 4210 909 4265; x_wconf 87' lang='lat' dir='ltr'><strong>C.</strong></span> <span class='ocrx_word' id='word_1_597' title='bbox 1010 4211 1032 4244; x_wconf 81' lang='grc'><strong>⁹</strong></span> <span class='ocrx_word' id='word_1_598' title='bbox 1061 4210 1117 4265; x_wconf 75' lang='grc' dir='ltr'><strong>δὲ</strong></span> <span class='ocrx_word' id='word_1_599' title='bbox 1143 4210 1255 4264; x_wconf 89' lang='grc' dir='ltr'>καί.</span> <span class='ocrx_word' id='word_1_600' title='bbox 1288 4228 1346 4264; x_wconf 83' lang='grc' dir='ltr'><strong>τε</strong></span> <span class='ocrx_word' id='word_1_601' title='bbox 1374 4211 1469 4265; x_wconf 74' lang='grc' dir='ltr'>καὶ</span> <span class='ocrx_word' id='word_1_602' title='bbox 1492 4212 1554 4266; x_wconf 84' lang='lat' dir='ltr'><strong>C.</strong></span> <span class='ocrx_word' id='word_1_603' title='bbox 1590 4211 1658 4266; x_wconf 87' lang='lat' dir='ltr'><strong>M.</strong></span> 
     </span>
    </p>
   </div>
   <div class='ocr_carea' id='block_1_84' title="bbox 355 4350 1607 4422">
    <p class='ocr_par' dir='ltr' id='par_1_84' title="bbox 355 4350 1607 4422">
     <span class='ocr_line' id='line_1_84' title="bbox 355 4350 1607 4422; baseline 0.004 -23"><span class='ocrx_word' id='word_1_604' title='bbox 355 4350 413 4400; x_wconf 79' lang='grc' dir='ltr'><strong>τέ</strong></span> <span class='ocrx_word' id='word_1_605' title='bbox 437 4353 526 4422; x_wconf 84' lang='grc' dir='ltr'><strong>καί</strong></span> <span class='ocrx_word' id='word_1_606' title='bbox 551 4352 613 4407; x_wconf 72' lang='lat'><strong>(1.</strong></span> <span class='ocrx_word' id='word_1_607' title='bbox 641 4420 657 4422; x_wconf 14' lang='grc' dir='ltr'><em>ῃ</em></span> <span class='ocrx_word' id='word_1_608' title='bbox 718 4352 757 4382; x_wconf 78' lang='grc'>⁸⁸</span> <span class='ocrx_word' id='word_1_609' title='bbox 782 4350 1144 4421; x_wconf 84' lang='grc' dir='ltr'>φανερώσεσι.</span> <span class='ocrx_word' id='word_1_610' title='bbox 1176 4351 1425 4422; x_wconf 70' lang='grc' dir='ltr'>φανερῶς</span> <span class='ocrx_word' id='word_1_611' title='bbox 1446 4354 1504 4412; x_wconf 80' lang='lat' dir='ltr'><strong>C,</strong></span> <span class='ocrx_word' id='word_1_612' title='bbox 1540 4354 1607 4405; x_wconf 86' lang='lat' dir='ltr'><strong>M.</strong></span> 
     </span>
    </p>
   </div>
   <div class='ocr_carea' id='block_1_85' title="bbox 667 4216 3622 4290">
    <p class='ocr_par' dir='ltr' id='par_1_85' title="bbox 667 4216 3622 4290">
     <span class='ocr_line' id='line_1_85' title="bbox 667 4216 3622 4290; baseline 0.005 -29"><span class='ocrx_word' id='word_1_613' title='bbox 667 4216 819 4290; x_wconf 55' lang='lat' dir='ltr'><strong>atas;</strong></span> <span class='ocrx_word' id='word_1_614' title='bbox 848 4216 909 4265; x_wconf 72' lang='grc' dir='ltr'><strong>(Ξ.</strong></span> <span class='ocrx_word' id='word_1_615' title='bbox 1143 4216 1255 4290; x_wconf 72' lang='grc' dir='ltr'>καί.</span> <span class='ocrx_word' id='word_1_616' title='bbox 1288 4228 1346 4290; x_wconf 73' lang='grc' dir='ltr'><strong>τε</strong></span> <span class='ocrx_word' id='word_1_617' title='bbox 1374 4216 1469 4290; x_wconf 45' lang='grc' dir='ltr'><strong>καὶ</strong></span> <span class='ocrx_word' id='word_1_618' title='bbox 1492 4216 1658 4290; x_wconf 44' lang='lat' dir='ltr'><strong>CLM.</strong></span> <span class='ocrx_word' id='word_1_619' title='bbox 1828 4216 2519 4290; x_wconf 47' lang='lat' dir='ltr'><strong>CfLPseudo-Tertullian.</strong></span> <span class='ocrx_word' id='word_1_620' title='bbox 2561 4224 2679 4277; x_wconf 80' lang='lat' dir='ltr'><strong>adv.</strong></span> <span class='ocrx_word' id='word_1_621' title='bbox 2739 4236 2914 4275; x_wconf 82' lang='lat' dir='ltr'><strong>omnes</strong></span> <span class='ocrx_word' id='word_1_622' title='bbox 2990 4222 3121 4275; x_wconf 79' lang='lat' dir='ltr'><strong>Iurr.</strong></span> <span class='ocrx_word' id='word_1_623' title='bbox 3155 4236 3202 4272; x_wconf 92' lang='lat' dir='ltr'><strong>c.</strong></span> <span class='ocrx_word' id='word_1_624' title='bbox 3272 4220 3328 4275; x_wconf 84' lang='lat'><strong>6.</strong></span> <span class='ocrx_word' id='word_1_625' title='bbox 3386 4221 3622 4278; x_wconf 86' lang='lat' dir='ltr'><strong>Tertull.</strong></span> 
     </span>
    </p>
   </div>
   <div class='ocr_carea' id='block_1_86' title="bbox 354 4278 2724 4358">
    <p class='ocr_par' dir='ltr' id='par_1_86' title="bbox 354 4278 2724 4358">
     <span class='ocr_line' id='line_1_86' title="bbox 354 4278 2724 4358; baseline 0.007 -28"><span class='ocrx_word' id='word_1_626' title='bbox 354 4278 433 4358; x_wconf 73' lang='lat' dir='ltr'><strong>I)_e</strong></span> <span class='ocrx_word' id='word_1_627' title='bbox 458 4284 756 4358; x_wconf 53' lang='grc' dir='ltr'><strong>μηιιίξιςνιμςἰ</strong></span> <span class='ocrx_word' id='word_1_628' title='bbox 778 4289 987 4358; x_wconf 77' lang='lat' dir='ltr'><strong>hmret._</strong></span> <span class='ocrx_word' id='word_1_629' title='bbox 1017 4284 1105 4335; x_wconf 80' lang='grc'><strong>50.</strong></span> <span class='ocrx_word' id='word_1_630' title='bbox 1172 4282 1383 4358; x_wconf 53' lang='grc' dir='ltr'><strong>Ειιειθιιζ</strong></span> <span class='ocrx_word' id='word_1_631' title='bbox 1626 4300 1675 4349; x_wconf 89' lang='lat' dir='ltr'><strong>v,</strong></span> <span class='ocrx_word' id='word_1_632' title='bbox 1736 4286 1830 4358; x_wconf 14' lang='lat' dir='ltr'><strong>A15.</strong></span> <span class='ocrx_word' id='word_1_633' title='bbox 1896 4286 2218 4345; x_wconf 82' lang='lat' dir='ltr'><strong>Theodoret.</strong></span> <span class='ocrx_word' id='word_1_634' title='bbox 2250 4288 2399 4345; x_wconf 79' lang='lat' dir='ltr'><strong>ﬂwr.</strong></span> <span class='ocrx_word' id='word_1_635' title='bbox 2432 4294 2540 4358; x_wconf 75' lang='grc' dir='ltr'>[ιιὺ.</span> <span class='ocrx_word' id='word_1_636' title='bbox 2577 4293 2724 4352; x_wconf 70' lang='grc' dir='ltr'><strong>ι.25.</strong></span> 
     </span>
    </p>
   </div>
   <div class='ocr_carea' id='block_1_87' title="bbox 2825 4290 3624 4361">
    <p class='ocr_par' dir='ltr' id='par_1_87' title="bbox 2825 4290 3624 4361">
     <span class='ocr_line' id='line_1_87' title="bbox 2825 4290 3624 4361; baseline -0.001 -16"><span class='ocrx_word' id='word_1_637' title='bbox 2825 4292 2865 4322; x_wconf 82' lang='grc'>¹²</span> <span class='ocrx_word' id='word_1_638' title='bbox 2910 4292 3141 4361; x_wconf 82' lang='grc' dir='ltr'>’Δπελὴς</span> <span class='ocrx_word' id='word_1_639' title='bbox 3179 4290 3242 4344; x_wconf 81' lang='lat' dir='ltr'><strong>C.</strong></span> <span class='ocrx_word' id='word_1_640' title='bbox 3348 4294 3391 4323; x_wconf 79' lang='lat'>&quot;</span> <span class='ocrx_word' id='word_1_641' title='bbox 3421 4294 3477 4346; x_wconf 80' lang='grc' dir='ltr'><strong>δὲ</strong></span> <span class='ocrx_word' id='word_1_642' title='bbox 3507 4296 3624 4345; x_wconf 80' lang='grc' dir='ltr'>καί.</span> 
     </span>
    </p>
   </div>
   <div class='ocr_carea' id='block_1_88' title="bbox 1710 4356 1907 4430">
    <p class='ocr_par' dir='ltr' id='par_1_88' title="bbox 1710 4356 1888 4412">
     <span class='ocr_line' id='line_1_88' title="bbox 1710 4356 1888 4412; baseline 0 -1"><span class='ocrx_word' id='word_1_643' title='bbox 1710 4356 1752 4387; x_wconf 65' lang='grc'><strong>⁸³</strong></span> <span class='ocrx_word' id='word_1_644' title='bbox 1803 4358 1888 4412; x_wconf 77' lang='lat' dir='ltr'><strong>Cf.</strong></span> 
     </span>
    </p>
   </div>
   <div class='ocr_carea' id='block_1_89' title="bbox 2024 4356 3625 4430">
    <p class='ocr_par' dir='ltr' id='par_1_89' title="bbox 2026 4356 3625 4430">
     <span class='ocr_line' id='line_1_89' title="bbox 2026 4356 3625 4430; baseline 0.003 -19"><span class='ocrx_word' id='word_1_645' title='bbox 2026 4364 2087 4411; x_wconf 88' lang='lat' dir='ltr'><strong>&#39;ra</strong></span> <span class='ocrx_word' id='word_1_646' title='bbox 2140 4362 2173 4412; x_wconf 91' lang='lat' dir='ltr'><strong>I.</strong></span> <span class='ocrx_word' id='word_1_647' title='bbox 2242 4376 2297 4423; x_wconf 76' lang='grc' dir='ltr'>ι,</span> <span class='ocrx_word' id='word_1_648' title='bbox 2340 4380 2388 4416; x_wconf 92' lang='lat' dir='ltr'><strong>c.</strong></span> <span class='ocrx_word' id='word_1_649' title='bbox 2426 4356 2512 4416; x_wconf 68' lang='grc' dir='ltr'><strong>ΞΟ.</strong></span> <span class='ocrx_word' id='word_1_650' title='bbox 2582 4380 2633 4429; x_wconf 87' lang='lat' dir='ltr'><strong>p.</strong></span> <span class='ocrx_word' id='word_1_651' title='bbox 2666 4363 2790 4417; x_wconf 75' lang='lat'><strong>527.</strong></span> <span class='ocrx_word' id='word_1_652' title='bbox 2824 4363 2910 4418; x_wconf 91' lang='lat' dir='ltr'><strong>ed.</strong></span> <span class='ocrx_word' id='word_1_653' title='bbox 2946 4362 3051 4416; x_wconf 68' lang='lat' dir='ltr'><strong>Ox.</strong></span> <span class='ocrx_word' id='word_1_654' title='bbox 3099 4356 3179 4415; x_wconf 73' lang='grc' dir='ltr'><strong><em>Ἠ</em></strong></span> <span class='ocrx_word' id='word_1_655' title='bbox 3208 4362 3301 4413; x_wconf 74' lang='grc' dir='ltr'>τὸν</span> <span class='ocrx_word' id='word_1_656' title='bbox 3361 4366 3625 4430; x_wconf 76' lang='grc' dir='ltr'>φανέντα.</span> 
     </span>
    </p>
   </div>
   <div class='ocr_carea' id='block_1_90' title="bbox 359 4420 1907 4505">
    <p class='ocr_par' dir='ltr' id='par_1_90' title="bbox 359 4420 1898 4505">
     <span class='ocr_line' id='line_1_90' title="bbox 359 4420 1898 4505; baseline 0.008 -37"><span class='ocrx_word' id='word_1_657' title='bbox 359 4420 593 4505; x_wconf 43' lang='lat' dir='ltr'><strong>ausura</strong></span> <span class='ocrx_word' id='word_1_658' title='bbox 621 4420 683 4502; x_wconf 65' lang='grc' dir='ltr'><strong>(ξ,</strong></span> <span class='ocrx_word' id='word_1_659' title='bbox 857 4421 901 4453; x_wconf 72' lang='grc'><strong>’⁵</strong></span> <span class='ocrx_word' id='word_1_660' title='bbox 926 4420 1184 4475; x_wconf 82' lang='grc' dir='ltr'>λαθόντα.</span> <span class='ocrx_word' id='word_1_661' title='bbox 1216 4420 1447 4476; x_wconf 69' lang='grc' dir='ltr'>λαϐόντα</span> <span class='ocrx_word' id='word_1_662' title='bbox 1483 4422 1552 4476; x_wconf 78' lang='grc' dir='ltr'><strong>Μ.</strong></span> <span class='ocrx_word' id='word_1_663' title='bbox 1633 4423 1676 4453; x_wconf 78' lang='grc'><strong>⁸⁸</strong></span> <span class='ocrx_word' id='word_1_664' title='bbox 1694 4426 1776 4481; x_wconf 81' lang='lat' dir='ltr'><strong>Cf.</strong></span> <span class='ocrx_word' id='word_1_665' title='bbox 1803 4429 1898 4482; x_wconf 79' lang='lat' dir='ltr'><strong>Ev.</strong></span> 
     </span>
    </p>
   </div>
   <div class='ocr_carea' id='block_1_91' title="bbox 2024 4420 3629 4505">
    <p class='ocr_par' dir='ltr' id='par_1_91' title="bbox 2024 4420 3629 4505">
     <span class='ocr_line' id='line_1_91' title="bbox 2024 4420 3629 4505; baseline 0.004 -22"><span class='ocrx_word' id='word_1_666' title='bbox 2024 4447 2089 4483; x_wconf 71' lang='lat' dir='ltr'><strong>illo</strong></span> <span class='ocrx_word' id='word_1_667' title='bbox 2117 4446 2204 4499; x_wconf 78' lang='lat' dir='ltr'><strong>xx,</strong></span> <span class='ocrx_word' id='word_1_668' title='bbox 2229 4420 2300 4485; x_wconf 68' lang='grc'>25</span> <span class='ocrx_word' id='word_1_669' title='bbox 2327 4444 2380 4487; x_wconf 80' lang='lat' dir='ltr'><strong>et</strong></span> <span class='ocrx_word' id='word_1_670' title='bbox 2410 4432 2538 4487; x_wconf 83' lang='lat' dir='ltr'><strong>Luc.</strong></span> <span class='ocrx_word' id='word_1_671' title='bbox 2572 4420 2718 4499; x_wconf 57' lang='lat' dir='ltr'><strong>inv,</strong></span> <span class='ocrx_word' id='word_1_672' title='bbox 2745 4434 2832 4489; x_wconf 78' lang='lat'><strong>39.</strong></span> <span class='ocrx_word' id='word_1_673' title='bbox 2913 4433 2956 4464; x_wconf 74' lang='lat'><strong>&#39;7</strong></span> <span class='ocrx_word' id='word_1_674' title='bbox 2978 4433 3280 4486; x_wconf 71' lang='grc' dir='ltr'>ἀλλότριον.</span> <span class='ocrx_word' id='word_1_675' title='bbox 3308 4420 3531 4505; x_wconf 72' lang='grc' dir='ltr'>ἅλ’τριον</span> <span class='ocrx_word' id='word_1_676' title='bbox 3563 4434 3629 4489; x_wconf 68' lang='lat' dir='ltr'><strong>tl.</strong></span> 
     </span>
    </p>
   </div>
   <div class='ocr_carea' id='block_1_92' title="bbox 362 4489 801 4562">
    <p class='ocr_par' dir='ltr' id='par_1_92' title="bbox 362 4489 801 4562">
     <span class='ocr_line' id='line_1_92' title="bbox 362 4489 801 4562; baseline 0.014 -21"><span class='ocrx_word' id='word_1_677' title='bbox 362 4489 406 4521; x_wconf 80' lang='grc'>⁸⁸</span> <span class='ocrx_word' id='word_1_678' title='bbox 437 4494 567 4552; x_wconf 87' lang='grc' dir='ltr'>τοῖς.</span> <span class='ocrx_word' id='word_1_679' title='bbox 604 4492 702 4562; x_wconf 83' lang='grc' dir='ltr'><strong>τῆς</strong></span> <span class='ocrx_word' id='word_1_680' title='bbox 738 4491 801 4547; x_wconf 82' lang='lat' dir='ltr'><strong>C.</strong></span> 
     </span>
    </p>
   </div>
  </div>
