3808 6220
403 268 544 330 3353

1882 254 2248 315 ORIGENIS

3504 250 3646 314 3354

402 395 596 437 versus
615 394 706 434 aer
732 378 969 433 tenebris
991 376 1323 448 subiacens),
1353 374 1514 445 βάτον
1553 381 1756 438 autem,
1787 371 1975 441 inquit,

2098 366 2201 424 Ἕν
2246 368 2403 436 ἀρχῇ
2449 367 2742 433 ἐποίησεν
2790 368 2823 420 ό
2885 366 3029 432 Θεὸς
3076 347 3182 419 τάν
3232 366 3492 434 οὐρανόν
3544 371 3646 419 καὶ

404 472 537 524 dixit
556 469 752 533 Moses,
777 470 901 539 quia
927 471 1155 538 desuper
1186 467 1439 521 deorsum
1462 480 1653 519 omnes
1692 474 1973 533 pertrans-

406 564 583 616 ierunt
632 562 768 617 lucis
792 562 1023 629 species,
1055 560 1249 631 quibus
1281 575 1375 612 aer
1407 553 1975 628 permeabiliswatég)

405 663 505 706 est.
533 653 645 706 Non
695 664 874 705 autem
912 652 1090 704 minus
1119 653 1283 703 etiam
1319 649 1474 703 nobis
1517 650 1737 701 verbum
1782 661 1811 699 a
1841 646 1975 698 rubo

407 754 590 794 notum
618 743 697 807 lit,
734 756 844 821 vox‘
881 744 1049 805 enim,
1099 741 1409 810 siguilicans
1452 739 1700 804 verbum,
1752 746 1837 791 est
1882 751 1976 790 aer

405 833 669 901 pulsatus,
704 850 813 903 quo
866 834 1083 902 dempto
1116 833 1334 886 verbum
1372 833 1661 885 humanum
1716 844 1823 883 non
1886 843 1979 881 co-

406 926 708 991 gnoscitur.
747 924 861 978 Non
890 927 1062 978 solum
1092 935 1273 987 autem
1304 924 1523 976 verbum
1575 920 1731 975 nobis
1762 936 1790 973 ιι
1821 919 1976 982 rubo,

407 1018 507 1066 hoc
539 1024 625 1067 est
655 1014 723 1067 ab
749 1029 872 1067 aere
906 1014 1050 1083 leges
1081 1013 1175 1066 dat
1204 1022 1256 1065 et
1289 1012 1571 1065 nobiscum
1601 1020 1865 1070 versatur,
1883 1008 1976 1061 sed

406 1104 548 1155 enim
578 1113 632 1156 et
659 1106 854 1157 odores
884 1112 937 1157 et
961 1105 1169 1158 colores
1194 1117 1289 1171 per
1324 1116 1501 1156 aerem
1550 1100 1703 1154 nobis
1749 1098 1976 1153 faculta-

409 1205 486 1247 tes
507 1212 631 1249 suas
657 1195 1024 1253 manifestam.

2080 460 2196 528 τὴν
2243 458 2379 528 γῆν.
2433 457 2635 510 Τοῦτον
2672 457 2819 525 λέγει
2868 454 3112 524 Μωῦσῆς
3143 455 3188 487 ⁷⁸
3238 456 3461 527 πύρινον
3514 456 3651 510 Θεὸν

2081 550 2189 605 ἀπὸ
2218 549 2311 602 τοῦ
2352 548 2514 618 βάτου
2548 548 2884 619 λαλήσαντα,
2921 547 3196 599 τουτέστιν
3232 546 3339 599 ἀπὸ
3378 546 3475 599 τοῦ
3523 564 3650 600 σκο-

2080 642 2259 696 τεινοῦ
2286 643 2445 712 ἀέρος
2467 658 2479 671 ’
2508 641 2667 711 βάτος
2701 642 2806 713 γάρ
2841 642 2956 693 ἐστι
2996 641 3105 703 πᾶς
3153 641 3182 693 6
3222 642 3401 693 σκότει
3433 640 3651 693 ὑποκεί-

2088 750 2246 803 μενος
2309 733 2455 801 ἀήρ·
2512 731 2671 801 βάτον
2720 733 2777 786 δὲ
2806 772 2821 795 ,
2864 733 3065 801 φησὶν,
3112 731 3305 803 εἴρηκε
3365 732 3648 802 Μωῡσῆς,

2083 826 2166 879 ὅτι
2225 822 2434 878 ἄνωθεν
2492 826 2642 875 κάτω
2698 825 2871 877 πᾶσαι
2928 822 3184 893 διέϐησαν
3235 822 3327 876 τοῦ
3384 822 3570 891 φωτὸς
3597 824 3654 876 αἰ

2086 915 2223 968 ἰδέαι
2253 912 2414 983 βάτον
2434 914 2481 945 ⁷⁸
2510 913 2730 983 ἔχουσαι
2764 913 2852 965 τὸν
2879 912 3036 983 άέρα.
3074 913 3242 967 Οὐδὲν
3270 912 3327 965 δὲ
3353 908 3520 983 ἦττον
3557 914 3654 966 καὶ

2080 1008 2213 1076 ἡμῖν
2239 1008 2268 1058 ὁ
2299 1004 2458 1073 λόγος
2491 1004 2599 1056 ἀπὸ
2629 1001 2723 1057 τοῦ
2773 1003 2936 1072 βάτου
2970 1004 3321 1074 γνωρίζεται·
3356 1009 3515 1071 φωνὴ
3544 1004 3652 1074 γάρ

2081 1096 2197 1147 ἐστι
2228 1093 2540 1164 σημαντικὴ
2560 1092 2654 1146 τοῦ
2684 1093 2843 1162 λόγου
2869 1094 3245 1165 πλησσόμενος
3271 1094 3403 1167 ἀὴρ,
3438 1088 3501 1147 οὗ
3529 1095 3653 1162 δίχα

2080 1186 2238 1255 λόγος
2267 1185 2609 1256 ἀνθρώπινος
2634 1186 2694 1239 ού
2720 1185 3072 1257 γνωρίζεται.
3112 1188 3186 1239 οὐ
3216 1187 3378 1257 μόνον
3405 1187 3463 1241 δὲ
3496 1188 3526 1237 6
3558 1188 3649 1240 λό-

406 1304 499 1355 γος
530 1291 660 1360 ἡμῖν
686 1291 792 1344 ἀπὸ
818 1290 911 1343 τοῦ
944 1290 1105 1361 βάτου
1127 1330 1143 1354 ,
1169 1290 1450 1343 τουτέστιν
1475 1289 1657 1359 άερὸς,
1684 1286 1969 1358 νομοθετεί
2025 1283 2122 1337 καὶ
2168 1280 2652 1351 συμπολιτεύεται,
2678 1279 2817 1334 ἀλλὰ
2863 1279 2974 1352 γὰρ
3003 1280 3098 1334 καὶ
3137 1280 3304 1351 ὀσμαὶ
3376 1280 3474 1333 καὶ
3504 1278 3653 1351 χρώ-

408 1397 553 1449 ματα
580 1382 667 1435 διὰ
710 1381 804 1434 τοῦ
840 1384 998 1453 ἀέρος
1040 1384 1170 1453 ἡμῖν
1223 1383 1320 1446 τάς
1358 1382 1614 1451 δυνάμεις
1648 1396 1746 1442 τας
1773 1377 1966 1431 εαυτοῦ
2004 1375 2421 1446 ἐμφανίζουσιν.

475 1473 561 1526 ll).
603 1472 703 1525 Hie
732 1473 893 1542 igitur
920 1476 1048 1527 deus
1074 1475 1281 1543 igneus,
1310 1474 1401 1541 qui
1458 1472 1595 1541 ignis
1644 1488 1673 1522 ιι
1724 1470 1841 1523 luce
1875 1484 1970 1522 ex-

2152 1463 2205 1519 t'.
2242 1458 2411 1527 Οὗτος
2437 1459 2532 1517 οῦν
2557 1464 2585 1517 6
2609 1462 2898 1535 πυροειδὴς
2927 1461 3047 1526 Θεὸς
3066 1462 3133 1527 ⁷⁷,
3163 1462 3191 1514 6
3213 1461 3321 1535 πῦρ
3347 1463 3459 1516 ἀπὸ
3478 1464 3656 1532 φωτὸς

406 1561 563 1623 stitit,
605 1562 861 1613 mundum
888 1561 1015 1614 fecit
1047 1563 1118 1614 ita
1148 1572 1205 1614 ut
1236 1560 1412 1614 Moses
1438 1561 1535 1623 ait,
1562 1559 1677 1628 ipse
1713 1574 1834 1611 cum
1864 1572 1969 1611 non

2081 1556 2364 1625 γενόμενος
2430 1554 2696 1625 πεποίηκε
2750 1556 2842 1607 τὸν
2898 1555 3100 1625 κόσμον
3146 1553 3356 1618 οὓτως,
3400 1554 3477 1617 ὥς
3522 1573 3657 1625 φησι

405 1651 665 1705 subsistat
689 1651 927 1704 tenebris
953 1662 1204 1720 tanquam
1239 1651 1541 1705 substantia
1585 1661 1762 1713 utens,
1790 1664 1975 1719 perpe-

2081 1649 2323 1715 Μωῦσῆς
2347 1686 2361 1710 ,
2394 1646 2556 1709 αὐτὸς
2600 1645 2674 1699 ὢν
2704 1646 3079 1709 ἀνυπόστατος
3103 1684 3118 1707 ,
3150 1647 3341 1708 σκότος
3383 1646 3527 1716 ἔχων
3556 1647 3657 1717 τὴν

407 1751 499 1794 tuo
526 1742 869 1795 contumeliis
902 1740 1139 1797 alliciens
1182 1752 1417 1797 aeternas
1466 1743 1583 1795 illas
1631 1743 1863 1807 desuper
1892 1741 1977 1794 in-

406 1829 561 1886 ferne
582 1843 859 1901 susceptas
888 1834 1029 1887 lucis
1061 1844 1236 1888 notas.
1269 1832 1454 1904 Usque
1494 1832 1849 1904 420-421
1879 1832 1980 1901 igi-

404 1933 493 1976 tur
524 1923 590 1975 ad
651 1922 945 1979 Salvatoris
978 1925 1368 1995 apparitionem
1415 1940 1443 1977 a
1480 1926 1580 1979 deo
1618 1926 1751 1978 lucis
1784 1927 1975 1991 igneae,

404 2012 707 2081 demiurgo,
741 2015 909 2066 multa
944 2014 1192 2083 quaedam
1219 2021 1338 2068 erat
1387 2014 1589 2068 erratio
1632 2013 1975 2078 animarum;

406 2100 601 2155 anima:
641 2102 853 2174 (ψυχαί)
878 2105 1019 2157 enim
1052 2104 1183 2157 idea:
1214 2103 1575 2173 appellantur,
1602 2109 1725 2171 quia
1753 2104 1979 2171 refrige-

404 2204 538 2244 rata'
569 2207 598 2245 a
628 2194 880 2262 supernis
911 2196 962 2247 in
999 2196 1237 2249 tenebris
1259 2204 1544 2263 peragunt,
1607 2203 1979 2248 transmutata:

406 2301 436 2335 e
463 2286 787 2353 corporibus
813 2286 865 2339 in
892 2300 1123 2354 corpora
1166 2302 1195 2339 a
1227 2286 1507 2353 demiurgo
1534 2286 1828 2339 custodita.
1853 2283 1979 2338 llaec

408 2384 586 2428 autem
622 2374 693 2427 ita
728 2389 869 2439 esse,
918 2373 1121 2442 inquit,
1163 2374 1290 2428 licet
1340 2375 1509 2428 etiam
1554 2388 1620 2427 ex
1649 2371 1750 2427 Job
1783 2373 1979 2427 intelli-

413 2481 561 2533 gere,
584 2482 707 2519 cum
734 2466 865 2520 dicit
890 2484 903 2520 :
936 2464 1007 2519 Et
1032 2483 1124 2535 ego
1153 2483 1267 2520 sum
1303 2482 1421 2520 erro
1445 2476 1493 2519 et
1529 2465 1583 2519 in
1605 2466 1775 2517 locum
1801 2481 1828 2518 e
1849 2466 1977 2520 locis

406 2558 670 2610 transiens
701 2567 749 2610 et
784 2560 837 2612 in
882 2558 1095 2611 domum
1151 2574 1215 2611 ea:
1241 2558 1419 2622 domo,
1472 2565 1526 2611 et
1558 2572 1679 2611 cum
1723 2556 1977 2612 Salvator

407 2650 539 2701 dicit
570 2667 584 2701 :
628 2647 693 2699 Et
735 2649 779 2699 si
804 2647 961 2700 vultis
991 2648 1240 2717 recipere,
1266 2648 1375 2718 ipse
1397 2656 1471 2701 est
1513 2646 1695 2713 Elian,
1737 2650 1825 2717 qui
1855 2664 1977 2702 ven-

406 2748 555 2793 turus
585 2751 685 2793 est.
738 2741 841 2804 Qui
893 2741 1046 2794 habet
1104 2756 1259 2795 aures
1306 2741 1558 2793 audiendi
1606 2741 1817 2794 audiat.
1852 2740 1977 2796 Inde

407 2842 589 2885 autem
648 2847 678 2885 a
723 2830 1005 2887 Salvatore
1056 2832 1310 2902 migratio
1362 2834 1664 2886 animarum
1719 2836 1977 2898 cessavit,

2077 1739 2288 1803 οὐσίαν,
2324 1737 2628 1809 ἐνυϐρίζων
2668 1738 2754 1790 ἀεὶ
2794 1740 2909 1800 τοῖς
2946 1736 3410 1807 κατειλημμένοις
3448 1737 3659 1790 ἄνωθεν

2076 1832 2228 1885 κάτω
2249 1829 2345 1882 τοῦ
2379 1831 2391 1897 |
2421 1830 2599 1899 φωτὸς
2621 1828 2859 1893 αἰωνίοις
2881 1827 2957 1899 [p.
2978 1828 3105 1893 266,
3128 1828 3256 1901 267]
3283 1830 3657 1900 χαρακτῆρσι.

2076 1924 2253 1993 Μέχρι
2278 1922 2376 1993 μὲν
2400 1919 2494 1975 οὖν
2520 1924 2618 1993 τῆς
2648 1922 2741 1974 τοῦ
2768 1922 3016 1991 Σωτῆρος
3044 1923 3405 1992 φανερώσεως
3430 1922 3541 1975 ὑπὸ
3566 1922 3658 1974 τοῦ

2076 2014 2212 2067 Θεοῦ
2256 2014 2347 2068 τοῦ
2390 2016 2568 2084 φωτὸς
2610 2014 2704 2066 τοῦ
2753 2013 3071 2084 πυρώδους,
3128 2012 3222 2066 τοῦ
3277 2014 3655 2084 δημιουργοῦ,

2076 2106 2243 2176 πολλή
2276 2123 2358 2169 τις
2407 2102 2474 2176 ἦν
2507 2105 2681 2175 πλάνη
2713 2104 2820 2158 τῶν
2841 2104 3056 2174 ψυχῶνο
3076 2104 3244 2175 ψυχαὶ
3273 2106 3386 2173 γὰρ
3420 2108 3477 2159 αἰ
3523 2107 3659 2161 ἰδέαι

2076 2196 2407 2262 καλοῦνται,
2443 2198 2524 2249 ὅτι
2559 2196 2925 2265 άποψυγεῖσαι
2960 2196 3071 2249 τῶν
3097 2195 3207 2248 ἄνω
3234 2198 3292 2248 ἐν
3324 2196 3512 2250 σκότει
3539 2197 3658 2251 δια·

2075 2287 2310 2350 τελοῦσι,
2362 2286 2835 2357 μεταϐαλλόμεναι
2866 2287 2931 2338 ὲκ
2971 2287 3237 2357 σωμάτων
3278 2289 3359 2350 εἰς
3390 2287 3657 2357 σώματα,

2077 2377 2184 2430 ὑπὸ
2224 2376 2320 2431 τοῦ
2370 2376 2709 2447 δημιουργοῦ
2750 2375 3158 2447 φρουρούμενα.
3220 2377 3345 2429 Ὅτι
3396 2378 3456 2429 δὲ
3506 2378 3655 2430 τοῦθ’

2077 2466 2248 2530 οὕτως
2278 2466 2414 2538 ἔχει,
2452 2468 2640 2539 φησὶν,
2668 2466 2877 2521 ἔνεστιν
2902 2468 2949 2499 ⁷⁵
2972 2467 3067 2521 καὶ
3100 2469 3164 2521 ὲκ
3190 2467 3284 2521 τοῦ
3325 2467 3451 2521 ’1ὼὸ
3484 2487 3659 2522 κατα-

2077 2560 2266 2629 νοῆσαι
2291 2558 2566 2627 λέγοντος·
2596 2557 2705 2612 Καί
2728 2557 2843 2628 ἐγὼ
2870 2558 2911 2590 ’⁷⁸
2942 2558 3237 2627 πλανῆτις
3267 2558 3316 2590 ⁸⁸
3334 2560 3437 2611 καί
3467 2561 3663 2614 τόπον

2076 2651 2144 2704 ἐκ
2184 2652 2383 2704 τόπων
2436 2651 2888 2720 μεταϐαίνουσα
2930 2652 3032 2705 καί
3062 2653 3258 2705 οἰκίαν
3301 2652 3373 2715 ἐξ
3411 2653 3655 2719 οἰκίας,

2080 2742 2175 2795 καὶ
2201 2741 2292 2794 τοῦ
2319 2741 2577 2812 Σωτῆρος
2613 2741 2864 2810 λέγοντος
2884 2759 2898 2773 ο
2937 2743 3049 2797 Καί
3082 2746 3136 2796 εἰ
3160 2742 3364 2799 θέλετε
3396 2744 3443 2776 ⁸⁸
3475 2744 3659 2811 δέξα-

2078 2834 2239 2894 σθαι,
2268 2832 2448 2897 αὐτός
2476 2833 2650 2885 ἐστιν
2692 2832 2889 2898 Ἠλίας
2924 2832 3213 2902 ὀμέλλων
3236 2834 3556 2903 ἔρχεσθαι.
3598 2836 3660 2890 '0

405 2926 540 2978 tides
572 2939 701 2978 vero
731 2926 1053 2993 pra-dicatur
1083 2925 1149 2977 ad
1186 2924 1560 2979 remissionem
1605 2936 1975 2994 peccatorum.

2081 2924 2237 2992 ἔχων
2258 2918 2379 2977 ὦτα
2428 2924 2673 2977 ἀκούειν
2700 2924 2984 2978 ἀκουέτω.
3037 2924 3169 2978 Ἀπὸ
3198 2924 3253 2978 δὲ
3280 2924 3375 2979 τοῦ
3404 2927 3663 2999 Σωτῆρος

405 3014 521 3069 'l‘uli
549 3018 781 3084 quodam
824 3018 983 3071 modo
1033 3017 1346 3085 unigenitus
1399 3016 1541 3071 ﬁlius
1572 3017 1680 3082 ille,
1718 3033 1840 3071 cum
1868 3031 1973 3071 teo-

405 3126 555 3176 umn,
598 3110 688 3179 qui
724 3124 883 3179 supra
915 3119 1063 3174 sunt,
1099 3109 1249 3161 ideas
1278 3108 1486 3161 videret
1524 3113 1753 3178 desuper
1791 3116 1971 3162 trans-

404 3213 642 3257 mutatas
703 3202 755 3255 iu
813 3201 1164 3255 tenebricosis
1211 3199 1549 3269 corporibus,
1594 3200 1826 3255 liberare
1879 3216 1972 3255 eas

406 3295 740 3349 descendens
772 3291 957 3346 voluit.
993 3291 1127 3347 Cum
1160 3301 1339 3345 autem
1398 3292 1582 3357 sciret,
1631 3301 1688 3345 ut
1733 3292 1974 3362 pleroma

415 3385 790 3439 universorum
822 3398 1031 3437 aaonum
1072 3381 1231 3437 simul
1258 3382 1526 3445 viderent,
1560 3397 1628 3436 ne
1660 3397 1841 3437 zeoues
1864 3385 1977 3451 qui-

407 3474 527 3529 dem
588 3474 791 3537 valere,
866 3473 959 3526 sed
1013 3482 1394 3526 consternatos
1455 3486 1549 3527 eos
1594 3472 1976 3540 corruptibiles

404 3567 806 3635 corruptionem
883 3565 1036 3634 pati,
1114 3562 1489 3632 magnitudine
1562 3573 1617 3618 et
1669 3562 1976 3644 _splendore

402 3658 688 3726 potestatis
739 3667 1016 3725 correptos
1058 3674 1072 3711 :
1126 3656 1306 3726 coegit
1359 3670 1420 3710 se
1493 3665 1746 3725 tanquam
1794 3655 1974 3725 fulgur

402 3752 700 3804 maximum
729 3750 781 3804 in
826 3749 1048 3804 minimo
1088 3763 1342 3816 corpore,
1393 3748 1502 3802 imo
1554 3763 1683 3803 vero
1711 3759 1971 3818 tauquam

403 3842 583 3896 lumen
626 3840 767 3896 oculi
825 3841 928 3895 sub
984 3838 1256 3910 palpebris
1318 3848 1589 3904 coactum,
1628 3851 1681 3895 et
1729 3840 1975 3908 pervenit

402 3949 573 4002 usque
599 3934 665 3987 ad
687 3932 906 3998 coelum,
938 3932 1239 4000 stellisque,
1275 3947 1395 4002 qua:
1422 3932 1491 3987 ibi
1521 3941 1669 3994 sunt,
1702 3930 1975 3987 contactis

404 4040 592 4080 rursus
623 4038 684 4079 se
731 4025 876 4094 cogit
934 4023 1035 4078 sub
1090 4023 1362 4093 palpebris
1403 4022 1544 4078 oculi
1593 4023 1812 4091 quando
1838 4021 1971 4076 vult.

405 4118 658 4185 Idemque
701 4131 824 4170 cum
878 4114 1009 4169 facit
1052 4113 1234 4170 lumen
1287 4114 1454 4178 oculi,
1496 4098 1639 4183 quad
1684 4124 1740 4168 et
1774 4115 1974 4185 ubique

402 4208 617 4263 exsistit
656 4216 709 4262 et
749 4205 966 4271 omnia,
1005 4205 1160 4260 nobis
1214 4215 1299 4260 est
1350 4206 1644 4272 occultum,
1700 4207 1975 4262 cernimus

2086 3012 2578 3082 μετενσωμάτωσις
2617 3011 2932 3077 πέπαυται,
2982 3014 3167 3077 πίστις
3218 3014 3274 3068 δὲ
3311 3017 3660 3087 κηρύσσεται

2080 3105 2161 3165 εἰς
2206 3104 2398 3172 ἄφεσιν
2436 3103 2737 3175 ἁμαρτιῶν.
2785 3104 3036 3158 Τοιοῦτόν
3061 3121 3181 3159 τινα
3212 3107 3417 3179 τρόπον
3446 3112 3476 3163 6
3502 3127 3655 3181 μονοο

2081 3195 2244 3263 γενὴς
2276 3194 2403 3257 Υἱὸς
2433 3196 2663 3259 ἐκεῖνος,
2697 3197 2725 3249 6
2752 3196 2862 3249 τῶν
2891 3195 3104 3251 αἰώνων
3143 3199 3349 3253 ἄνωθεν
3382 3201 3487 3264 τὰς
3520 3201 3662 3263 ἰδέας

2084 3284 2298 3354 βλέπων
2336 3285 2434 3349 τὰς
2458 3286 2662 3339 ἀνωθεν
2691 3286 3166 3358 μεταδαλλομένας
3198 3291 3256 3342 ὲν
3289 3292 3408 3355 τοῖς
3450 3309 3663 3346 σκοτει-

2081 3379 2190 3441 νοῖς
2221 3376 2474 3447 σώμασι,
2529 3376 2794 3450 ῥύσασθαι
2834 3378 3110 3432 κατελθών
3155 3380 3452 3452 ἠθέλησεν.
3489 3383 3662 3446 Εἰδὼς

2082 3468 2161 3535 δὲ,
2194 3468 2276 3521 ὅτι
2315 3468 2375 3521 τὸ
2427 3467 2703 3539 πλήρωμα
2728 3469 2839 3523 τῶν
2870 3470 3010 3524 ὅλων
3039 3471 3251 3526 αἰώνων
3284 3473 3411 3527 οὐδὲ
3449 3476 3502 3529 οἰ
3529 3475 3663 3528 αἰώ-

2080 3578 2170 3625 νες
2194 3561 2388 3633 ἀθρόον
2408 3562 2453 3595 ⁸⁸
2485 3562 2614 3616 ἰδεῖν
2636 3563 3017 3635 ὑπομένουσιν,
3045 3566 3181 3621 ἀλλὰ
3210 3569 3663 3637 καταπλαγέντες

2081 3654 2132 3706 οἰ
2164 3654 2211 3685 ⁸³
2248 3653 2478 3725 φθαρτοὶ
2501 3654 2708 3726 φθοράν
2738 3657 3071 3727 ὑπομένουσι
3098 3696 3115 3724 ,
3151 3660 3377 3729 μεγέθει
3410 3664 3508 3715 καὶ
3537 3663 3664 3734 δόξῃ

2080 3745 2363 3816 δυνάμεως
2428 3747 2896 3817 κατειλημμένοι,
2957 3750 3241 3815 συστείλας
3315 3753 3515 3807 ἑαυτὸν
3586 3754 3664 3819 ὡς

2080 3838 2370 3913 ἀστραπὴν
2403 3837 2667 3908 μεγίστην
2702 3841 2759 3891 έν
2797 3839 3067 3913 ἐλαχίστῳ
3099 3841 3332 3914 σώματι,
3368 3845 3579 3913 μᾶλλον
3606 3847 3663 3899 δὲ

2081 3928 2159 3992 ὡς
2198 3930 2313 3998 φῶς
2356 3928 2532 3995 ὅψεως
2572 3929 2675 3982 ὑπὸ
2719 3933 2832 3993 τοῖς
2880 3932 3168 4002 βλεφάροις
3207 3936 3662 4008 συνεσταλμένον,

2080 4018 2370 4083 ἐξικνεῖται
2411 4019 2608 4089 μέχρις
2639 4020 2896 4092 οὐρανοῦ,
2948 4026 3045 4079 καὶ
3088 4026 3197 4079 τῶν
3234 4026 3489 4098 ἀστέρων
3536 4029 3661 4082 ἑπι-

2079 4109 2297 4178 ψαύσας
2322 4111 2431 4165 τῶν
2459 4112 2507 4145 ⁸⁸
2539 4115 2658 4165 ἐκεῖ
2686 4112 2848 4167 πάλιν
2874 4114 3069 4169 ἑαυτὸν
3100 4116 3385 4169 συστέλλει
3416 4117 3527 4170 ὑπὸ
3549 4122 3663 4177 τοῖς

2080 4202 2369 4274 βλεφάροις
2421 4203 2521 4272 τῆς
2598 4205 2774 4275 ὅψεως
2822 4206 2911 4260 ὅτε
2958 4206 3225 4279 βούλεται.
3279 4208 3393 4263 Καὶ
3427 4210 3661 4265 τοῦτου

405 4309 585 4352 autem
623 4312 724 4352 nos
752 4298 827 4351 nil
852 4296 957 4351 nisi
990 4296 1131 4351 oculi
1176 4296 1481 4366 palpebras,
1517 4295 1746 4364 angulos
1785 4297 1973 4351 candi-

2083 4294 2271 4349 ποιοῦν
2314 4295 2374 4348 τὸ
2418 4296 2535 4365 φῶς
2566 4298 2665 4368 τῆς
2712 4297 2889 4367 ὅψεως
2911 4338 2926 4363 ,
2956 4300 3052 4353 καὶ
3081 4301 3327 4371 πανταχῆ
3372 4305 3660 4372 γινόμενον

409 4388 526 4454 dos,
565 4386 933 4442 membranam
958 4384 1160 4451 laxam,
1190 4386 1490 4452 sinuosam,
1535 4399 1811 4449 vettosatn,
1836 4389 1977 4442 tuni-

410 4494 529 4533 cam
558 4491 835 4545 corneam,
863 4478 963 4531 sub
992 4492 1056 4533 ea
1108 4488 1284 4531 autem
1321 4478 1577 4548 pupillam
1618 4493 1975 4544 racemosam,

414 4568 783 4632 reticulatam,
828 4568 1223 4634 orbiculatam,
1262 4569 1381 4623 etsi
1426 4584 1545 4637 quze
1599 4568 1719 4621 alite
1756 4568 1974 4622 luminis

406 4663 549 4717 oculi
580 4670 705 4717 sunt
737 4662 958 4724 tunicae,
989 4660 1187 4730 quibus
1218 4659 1474 4712 vestitum
1509 4658 1836 4712 occultatum
1866 4670 1970 4714 est.

403 4756 504 4819 lta,
534 4753 740 4822 inquit,
795 4752 1103 4822 unigenitus
1148 4750 1290 4804 illius
1324 4765 1557 4819 superne
1585 4759 1842 4816 aeternus,
1876 4766 1971 4804 su-

403 4845 717 4914 perindutus
750 4842 1048 4897 secundum
1080 4840 1323 4911 singulos
1358 4855 1599 4908 quosque
1635 4841 1779 4895 tertii
1804 4841 1969 4896 zonis

401 4951 599 5001 moues,
634 4951 758 4990 cum
787 4934 995 4990 exstitit
1027 4934 1082 4988 iu
1126 4935 1461 4987 triaeoutade
1510 4948 1746 4997 aeonum,
1796 4934 1971 4987 intro.

2089 4387 2185 4440 καὶ
2234 4386 2447 4452 πάντα,
2494 4389 2628 4457 ἡμῖν
2667 4389 2816 4443 ὲστιν
2862 4390 3072 4458 ἀφανὲς
3096 4430 3110 4455 ,
3146 4392 3308 4461 μόνον
3348 4393 3408 4445 δὲ
3438 4394 3658 4464 ὁρῶμεν

2082 4476 2246 4545 ἡμεῖς
2273 4474 2449 4544 ὅψεως
2486 4476 2751 4548 βλέφαρα,
2792 4478 3025 4541 κανθοὺς
3056 4477 3284 4543 λευκοὺς
3307 4519 3321 4541 ,
3356 4482 3539 4551 ὑμένα
3567 4484 3660 4536 εὑ-

2084 4570 2181 4638 ρὺν
2216 4569 2261 4600 ⁸⁸
2296 4568 2639 4638 πολύπτυχον
2683 4570 3053 4641 πολυκτηδόνα
3097 4572 3165 4637 ⁸⁷,
3198 4573 3401 4642 χιτῶνα
3430 4592 3659 4645 κερατοο

2080 4659 2232 4729 ειδῆ,
2303 4661 2410 4714 ὑπὸ
2458 4660 2515 4714 δὲ
2572 4663 2757 4717 τοῦτον
2811 4665 2981 4736 κόρην
3031 4667 3318 4739 ραγοειδῆ,
3372 4670 3656 4740 άμφιὸλη-

2082 4752 2351 4822 στροειδῆ,
2378 4752 2673 4825 δισκοειδῆ,
2706 4756 2801 4810 καὶ
2827 4756 3035 4821 εῐτινες
3062 4759 3210 4812 ἄλλοι
3236 4757 3329 4812 τοῦ
3355 4761 3536 4829 φωτὸς
3559 4761 3656 4829 τῆς

2079 4840 2254 4910 ὄψεώς
2300 4844 2407 4896 εἰσι
2458 4844 2724 4914 χιτῶνες,
2772 4845 2867 4910 οὓς
2917 4848 3273 4919 ὲστολισμένη
3323 4850 3654 4921 κέκρυπται.

2079 4932 2267 4996 οὕτως
2293 4975 2309 4998 ,
2355 4937 2521 5005 φησιν
2547 4976 2562 5002 ,
2592 4938 2621 4989 6
2666 4938 2959 5009 μονογενὴς
3005 4941 3135 5003 παῖς
3184 4938 3394 4995 ἄνωθεν
3440 4944 3658 5005 αἰώνιος

1662 5083 1899 5138 νΑιιιΑῖ
1935 5082 2339 5141 LECTIONES.

473 5226 518 5257 "
551 5224 631 5278 Cl.
662 5223 883 5299 lldblos.
926 5237 1007 5287 Ill,
1040 5221 1093 5276 2.
1130 5223 1177 5254 ⁷⁸
1201 5221 1392 5299 βατόν.-
1415 5221 1574 5299 βάτον
1594 5221 1659 5282 C,
1687 5220 1866 5289 Μ,ᾳυί
1886 5217 2000 5299 jam
2034 5219 2708 5299 observavityocetasbic
2731 5226 2785 5281 in
2818 5227 3018 5282 verbali
3048 5228 3210 5299 βατόν
3231 5229 3453 5289 ludere:
3489 5234 3662 5286 πάτον

402 5298 445 5351 si
483 5312 587 5349 non
627 5296 989 5353 scribeudmn,
1021 5304 1072 5342 at
1100 5288 1244 5344 certe
1273 5288 1593 5346 audiendum
1625 5307 1745 5346 esse
1776 5288 1923 5354 putat
1954 5288 2251 5356 Roeperus.

400 5369 542 5437 quia:
574 5379 641 5437 ap

406 5428 658 5506 μένηκαί
680 5432 863 5506 οἰκίαν
876 5431 942 5506 te
972 5431 1165 5506 οἰκίας,
1200 5448 1252 5482 κ.
1278 5447 1344 5506 μτ.
1375 5430 1425 5484 λ.
1453 5431 1546 5506 --³ο
1568 5430 1861 5506 Δπλςινῇτιςε,
1894 5429 2172 5506 πλένήτης
2202 5428 2264 5485 (λ
2339 5432 2360 5462 ι

647 5373 856 5430 parent.
892 5361 961 5450 Il.
1036 5358 1083 5391 ⁷⁸
1115 5361 1289 5413 ἔνεστι
1314 5362 1374 5415 C.
1451 5363 1495 5394 "
1526 5361 1646 5414 Job.
1686 5376 1744 5441 II,
1769 5362 1822 5415 9.
1856 5398 1869 5411 .
1904 5399 1918 5413 .
1953 5361 2045 5411 καὶ
2074 5359 2185 5425 ἐγὼ
2212 5362 2470 5463 πλανητις
2514 5366 2610 5418 καὶ
2638 5358 2825 5438 λάτρις
2882 5358 3046 5422 τόπον
3074 5371 3140 5422 ὲκ
3168 5358 3339 5422 τόπου
3366 5387 3527 5441 περιε
3641 5402 3662 5413 -

647 5432 942 5516 ιοίκίανῖὲς
972 5431 1165 5495 οἰκίας,
1200 5448 1252 5482 κ.
1278 5447 1344 5510 .τ.
1375 5430 1425 5484 λ.
1501 5431 1546 5462 '°
1567 5432 1861 5517 ’πλανητις
1894 5429 2172 5498 πλανήτης
2202 5428 2264 5485 C.
2339 5432 2360 5462 ⁸
2418 5433 2603 5488 Matth.
2638 5451 2714 5499 xl,
2747 5438 2834 5501 M,
2862 5438 2952 5519 15.
3030 5438 3078 5470 ⁸⁸
3110 5437 3331 5510 ἀθρόον.
3375 5441 3429 5495 οἰ
3460 5389 3662 5563 dogs

647 5503 773 5563 lp60t
826 5504 958 5554 (λιιι.
1021 5500 1378 5555 Petet-senius.
1451 5498 1498 5530 ⁸³
1534 5518 1601 5553 οι.
1634 5502 1749 5563 ωςῖ
1785 5502 1912 5552 Llir.
1951 5496 2323 5554 Petersentus.
2398 5502 2445 5533 “
2477 5504 2786 5563 ἐπιψαύσας
2821 5524 2952 5562 των.
2987 5507 3417 5563 ὲπιιίααυσάντων
3443 5508 3513 5563 C.
3568 5526 3662 5563 1n-

2353 5294 2397 5324 "
2435 5292 2565 5349 νοις.
2596 5296 2731 5360 Θεὸς
2768 5313 3023 5361 exesum,
3048 5292 3159 5354 'sed
3195 5314 3314 5353 com

3321 5303 3501 5369 pendii
3534 5307 3661 5357 reli—

2418 5433 2603 5510 lllatth.
2638 5451 2714 5510 x_t,
2742 5433 2834 5501 14,
2862 5438 2952 5510 15.
2995 5509 2999 5510 ί
3030 5438 3078 5470 ⁸⁸
3099 5437 3331 5510 Αάθρόον.
3375 5433 3531 5510 σι’άο

3631 5461 3663 5494 ν

400 5496 465 5568 (ἰ,
506 5496 804 5578 όίὰθρόοι.
826 5502 958 5578 Clt_r_.
1021 5500 1393 5578 ἰξιξιιιιόιξιι-ίιιξι.⁸
1451 5498 1601 5578 ⁸³Δοὶ.
1634 5496 1753 5578 dif?
1785 5501 1915 5578 (ὶίιιιἶ
1951 5496 2323 5578 Pe_tér_§entu_s.
2373 5502 2445 5578 _“
2471 5496 2786 5578 inﬂatius;
2821 5496 2952 5562 τῶν.
2987 5496 3417 5578 ἒπιψαιῖσάντων
3443 5496 3664 5577 (3,311-

404 5568 725 5649 φαυσάντων
900 5570 945 5600 ⁸⁸
971 5570 1147 5622 τοῦτο.
1190 5571 1396 5649 ἱαὺτόζ
1501 5571 1547 5602 ⁸⁸
1576 5571 1750 5640 ὑμένα
1789 5568 1972 5639 εὐρύν.
2005 5569 2217 5649 ,ὑμένας
2245 5572 2330 5640 ριν
2364 5572 2429 5649 ρ’,
2461 5568 2635 5644 ὑμένα
2682 5568 2935 5649 σάρκινον
2991 5568 3294 5647 Roéperus.

3407 5578 3667 5635 "mlu-

412 5638 662 5710 κτηδὰνα.
716 5640 1045 5707 πολύκτηνον
1084 5656 1167 5708 pr.
1197 5640 1261 5704 C,
1297 5640 1487 5696 eadem
1514 5638 1674 5695 manu
1710 5638 1973 5696 mutatum
2005 5638 2057 5694 iu
2082 5638 2504 5712 πολυκτηνδόνα.
