3808 6220
168 334 311 405 3359

1238 345 1533 405 CONTRA
1578 346 1943 407 HERESES
1980 350 2128 409 LIB.
2168 350 2331 411 VIII.

3280 350 3422 415 336i)

243 460 329 521 ιγ’.
368 455 555 507 Ἔστιν
609 447 723 520 οὖν,
765 454 954 525 φησὶν,
1084 457 1272 528 μονὰς,
1300 462 1333 528 η
1373 460 1468 529 μία
1525 459 1743 530 κεραία,

1921 461 2009 515 15.
2054 462 2146 516 Est
2193 462 2378 529 igitur,
2430 460 2623 529 inquit,
2661 475 2870 527 monas,
2902 475 3038 531 apex
3067 477 3227 529 unus,
3260 464 3422 517 etiam

166 542 266 598 καὶ
307 543 471 605 δεκάς
544 542 773 613 δύναμις
816 544 926 615 γάρ
952 546 1091 617 αὐτῇ
1125 546 1185 599 τὸ
1215 555 1245 600 ι’
1275 548 1322 579 ³⁸
1348 549 1446 619 τῆς
1477 551 1605 619 μιᾶς
1651 566 1744 602 κε-

174 634 355 703 ραίας,
388 634 479 687 καὶ
508 634 659 698 δυάς,
690 636 785 688 καὶ
817 637 994 706 τριὰς,
1026 644 1118 691 καὶ
1144 639 1362 709 τετρὰς,
1394 643 1487 694 καὶ
1523 640 1743 705 πεντὰς,

171 724 267 776 καὶ
300 724 445 790 ἑξὰς,
481 725 574 776 καί
610 726 798 789 ἐπτάς,
835 728 926 780 καὶ
960 729 1169 795 ὀγδοὰς,
1204 731 1299 782 καί
1336 731 1521 793 ἐννεὰς
1547 732 1613 797 ³⁵,
1650 732 1745 801 μὲ-

171 832 264 885 χρι
314 816 420 867 τῶν
460 816 592 869 δέκα
615 834 628 847 ·
672 814 816 871 οὗτοι
865 819 994 890 γὰρ,
1028 821 1213 890 φησὶν,
1244 824 1379 875 εἰσὶν
1411 825 1459 876 οἰ
1491 824 1747 893 πολυσχι-

166 905 279 966 δεῖς
324 906 369 936 ³⁸
399 905 622 977 ἀριθμοὶ
655 909 711 960 ἐν
737 909 923 982 ἐκείνῃ
955 911 1338 975 κατοικοῦντες
1364 915 1430 983 τῇ
1476 913 1619 984 ἁπλῇ
1653 914 1748 966 καὶ

169 994 450 1066 ἀσυνθέτῳ
478 997 572 1050 τοῦ
609 998 741 1051 ἰῶτα
771 1002 969 1072 κεραίᾳ
996 1005 1092 1073 μιᾷ
1114 1004 1179 1058 ⁸⁷.
1211 1006 1320 1057 Καὶ
1343 1005 1502 1058 τοῦτό
1526 1008 1641 1059 ἐστι
1685 1006 1747 1059 τὸ

167 1087 480 1156 εἰρημένον.
543 1089 664 1143 Ὅτι
698 1090 820 1145 πᾶν
845 1092 891 1125 ³⁸
923 1095 990 1146 τὸ
1012 1095 1054 1127 ⁸⁹
1105 1094 1394 1166 πλήρωμα
1441 1096 1748 1165 ηὺδόκησε

167 1180 526 1249 κατοικῆσαι
574 1182 673 1235 ἐπὶ
722 1183 830 1237 τόν
871 1188 1008 1239 flor
1046 1190 1152 1241 τοῦ
1202 1188 1519 1257 ἀνθρώπου
1547 1205 1747 1260 σωμα-

167 1271 348 1338 τικῶς
371 1290 385 1305 ·
435 1274 491 1327 αί
524 1275 633 1346 γὰρ
673 1276 919 1330 τοιαῦται
956 1278 1064 1332 τῶν
1096 1279 1345 1350 ἀριθμῶν
1385 1281 1663 1345 συνθέσεις
1691 1283 1749 1348 ἐξ

171 1362 352 1433 ἁπλῆς
395 1365 491 1418 καὶ
550 1367 849 1421 ἀσυνθέτου
898 1370 996 1439 τῆς
1029 1373 1158 1440 μιᾶς
1214 1372 1458 1443 κεραίας
1489 1372 1581 1427 τοῦ
1616 1374 1747 1427 ἰῶτα

174 1456 494 1524 σωματικαὶ
546 1458 830 1527 γεγόνασι,
878 1462 1064 1530 φησὶν,
1118 1463 1467 1527 ὑποστάσεις.
1520 1465 1749 1534 Γέγονεν

167 1540 282 1607 οὖν,
320 1547 504 1615 φησὶν,
543 1548 652 1601 ἀπὸ
696 1548 790 1601 τοῦ
839 1550 1047 1604 τελείου
1087 1552 1376 1623 ἀνθρώπου
1408 1556 1435 1607 6
1487 1555 1614 1621 Υἱὸς
1651 1556 1746 1611 τοῦ

167 1636 482 1706 ἀνθρώπου,
509 1639 567 1693 ὃν
599 1639 837 1708 ἔγνωκεν
872 1642 1066 1707 οὐδεὶς,
1096 1646 1427 1713 φαντάζεται
1456 1646 1532 1713 δὲ,
1560 1650 1745 1720 φησὶν,

168 1726 250 1789 ὡς
273 1726 319 1758 ⁸⁰
363 1728 610 1800 γέννημα
629 1730 673 1762 ¹⁵¹
722 1732 943 1802 θηλείας
989 1737 1021 1804 ή
1076 1737 1252 1800 κτίσις
1308 1741 1460 1793 πᾶσα
1512 1740 1603 1794 τὸν
1634 1741 1748 1795 υἰδν

1849 553 2032 617 decas,
2077 554 2191 607 haec
2240 552 2383 606 enim
2440 553 2676 621 potentia
2724 554 2863 607 inest
2913 552 3106 608 littera:
3137 553 3243 607 iota
3287 593 3302 609 .
3347 591 3363 607 .
3407 593 3422 607 .

1848 642 2007 697 unius
2039 642 2209 712 apicis
2250 650 2305 696 et
2331 642 2465 713 dyas
2499 652 2554 695 et
2590 643 2719 696 trias
2761 652 2816 695 et
2856 651 3023 696 tetras
3059 650 3112 696 et
3144 650 3330 708 pentas
3371 651 3427 694 et

1850 734 2017 791 hexas
2045 743 2100 790 et
2134 735 2325 803 heptas
2355 742 2409 788 et
2454 735 2655 801 ogdoas
2695 743 2750 788 et
2790 748 2990 787 enneas
3025 748 3194 802 usque
3224 733 3289 786 ad
3327 733 3416 786 de-

1848 840 1998 890 cem;
2032 823 2086 877 hi
2115 824 2281 886 enim,
2312 822 2506 891 inqttit,
2552 831 2676 876 sunt
2706 822 2951 876 multiﬁdi
2982 823 3213 887 numeri,
3244 824 3334 889 qtti
3367 823 3420 875 in

1848 916 2091 986 simplice
2132 915 2225 970 illo
2277 925 2332 970 et
2374 930 2479 968 non
2529 914 2830 985 composito
2871 915 3175 969 inhabitant
3229 916 3424 969 littera:

1848 1007 1957 1062 iota
1991 1008 2144 1075 apice
2177 1021 2304 1060 uno.
2346 1006 2412 1060 Et
2450 1006 2552 1061 hoc
2596 1015 2678 1061 est
2708 1006 2850 1075 quod
2893 1006 3093 1060 dictum
3128 1015 3209 1062 est
3239 1025 3252 1060 :
3284 1006 3423 1071 Quia

1849 1116 2052 1155 omnem
2094 1099 2472 1168 plenitudinem
2512 1098 2829 1167 complacuit
2862 1099 3113 1163 ,Itabitare
3157 1100 3211 1152 in
3250 1097 3423 1165 ﬁlium

1848 1194 2072 1248 hominis
2107 1192 2473 1262 corporaliter.
2511 1191 2670 1246 Tales
2707 1190 2848 1243 enim
2895 1205 3241 1244 numerorum
3276 1204 3427 1244 com-

1849 1285 2143 1351 positiones
2187 1298 2253 1337 ex
2287 1282 2532 1351 simplice
2583 1291 2637 1335 et
2684 1297 2789 1334 non
2840 1282 3143 1348 composito
3184 1279 3276 1334 illo
3318 1294 3424 1331 uno

1848 1376 2001 1445 apice
2027 1375 2221 1429 littera:
2252 1374 2357 1428 iota
2383 1372 2692 1442 corporales
2719 1374 3063 1438 exstiterunt,
3102 1373 3293 1441 inquit,
3325 1386 3426 1425 na-

1852 1476 2004 1520 turae.
2053 1466 2218 1521 Ortus
2262 1465 2426 1535 igitur
2466 1473 2572 1529 est,
2616 1465 2811 1536 inquit,
2862 1480 2890 1518 a
2933 1464 3174 1533 perfecto
3210 1466 3425 1518 homine

1851 1557 1992 1612 ﬁlius
2021 1556 2272 1618 hominis,
2302 1572 2460 1625 quem
2493 1557 2639 1610 novit
2683 1571 2870 1622 nemo;
2902 1557 3055 1626 lingit
3088 1566 3265 1609 autem
3297 1554 3422 1617 sibi,

1851 1647 2043 1716 inquit,
2089 1657 2343 1716 tanquam
2378 1656 2589 1714 partum
2642 1645 2851 1700 femina:
2894 1657 3144 1700 creatura
3173 1645 3423 1699 universa

1851 1736 2039 1801 ﬁlium,
2069 1751 2224 1805 quem
2271 1736 2501 1804 ignorat,
2534 1734 2687 1803 cujus
2717 1735 2807 1789 ﬁlii
2845 1735 2980 1789 radii
3017 1734 3172 1789 valde
3208 1734 3424 1789 obscuri

166 1819 466 1886 ἀγνοοῦσα,
517 1817 578 1877 οὗ
609 1823 726 1877 υἰοῢ
757 1825 974 1889 ἀκτῖνες
1000 1830 1045 1859 ⁵¹
1078 1829 1320 1901 ἀμυδραὶ
1374 1832 1515 1886 πάνυ
1570 1835 1746 1904 ἐμπε-

1851 1828 2170 1883 accedentes
2206 1829 2334 1884 huic
2380 1826 2578 1883 mundo
2606 1828 2882 1883 continent
2911 1836 2964 1882 et
3003 1827 3258 1881 cohibent
3294 1840 3425 1879 con-

167 1908 428 1973 λάζουσαι
458 1912 594 1983 τῷδε
620 1914 696 1985 τῷ
730 1917 920 1987 κόσμῳ
942 1917 1223 1989 συνέχουσι
1254 1923 1347 1974 καὶ
1378 1924 1745 1994 συγκρατοῦσι

167 1996 273 2069 τὴν
307 2000 635 2072 μεταϐολὴν,
694 2005 795 2074 τὴν
848 2006 1081 2072 γένεσιν.
1116 2007 1189 2060 Τὸ
1223 2009 1280 2061 δὲ
1314 2010 1509 2074 κάλλος
1538 2013 1746 2067 ἐκείνου

166 2088 266 2142 τοῦ
298 2091 415 2144 υίοῦ
459 2092 555 2144 τοῦ
591 2094 879 2165 ἀνθρώπου
914 2098 1078 2167 μέχρι
1117 2097 1212 2151 νύν
1239 2100 1405 2153 πᾶσίν
1437 2103 1586 2155 ἐστιν
1615 2105 1748 2157 ἀκα-

168 2181 449 2252 τάληπτον
498 2185 823 2256 ἀνθρώποις,
873 2190 989 2243 ὅσοι
1024 2192 1153 2261 περὶ
1199 2192 1262 2245 τὸ
1297 2195 1544 2265 γέννημα
1567 2195 1614 2226 ⁸³
1648 2197 1747 2267 τῆς

169 2275 396 2347 θηλείας
431 2280 539 2331 εἰσὶ
565 2281 994 2353 πεπλανημένοι.
1028 2286 1255 2352 Γέγονεν
1286 2284 1398 2353 οὖν,
1430 2289 1613 2357 φησὶν,
1640 2290 1748 2343 ἀπὸ

168 2367 266 2420 τοῦ
297 2369 586 2441 ἀνθρώπου
633 2375 845 2427 ἐκείνου
879 2376 1030 2429 οὐδὲν
1074 2378 1181 2429 τῶν
1205 2379 1411 2442 ἐνθάδε,
1444 2379 1566 2432 οὐδὲ
1595 2380 1747 2434 ἔσται

169 2459 417 2525 πώποτε,
463 2463 532 2516 τὰ
560 2462 616 2516 δὲ
656 2466 920 2534 γεγονότα
956 2470 1132 2521 πάντα
1159 2470 1258 2522 οὐκ
1288 2470 1397 2523 ἀπὸ
1429 2470 1572 2529 ὅλου.
1613 2470 1747 2525 ἀλλά

168 2550 284 2604 ἀπὸ
344 2552 542 2624 μέρους
587 2556 730 2620 τινὸς
778 2558 971 2627 γέγονε
1000 2559 1095 2613 τοῦ
1127 2561 1259 2613 Υἰού
1302 2560 1397 2614 τοῦ
1436 2561 1744 2632 ἀνθρώπου.

171 2642 335 2695 Ἐστι
372 2642 502 2713 γὰρ,
554 2647 740 2717 φησὶν,
789 2649 818 2701 6
869 2648 994 2711 Υἱὸς
1030 2648 1124 2702 τοῦ
1156 2649 1444 2721 ἀνθρώπου
1501 2649 1632 2704 ἰῶτα
1664 2650 1744 2715 ἓν,

172 2731 273 2803 μία
295 2735 513 2805 κεραία,
562 2739 754 2807 ῥυεῖσα
787 2736 861 2811 [ρ.
891 2740 995 2795 270
1009 2740 1222 2813 —279..]
1277 2741 1483 2796 ἀνωθεν
1510 2741 1557 2773 ⁸⁸
1611 2742 1749 2813 πλή-

170 2842 278 2896 ρης
304 2826 372 2891 ⁸⁸,
406 2828 801 2901 ἀποπληροῦσα
833 2832 1059 2895 πάντας,
1100 2832 1296 2903 ἔχουσα
1329 2834 1387 2887 ὲν
1428 2834 1617 2905 ἑαυτῇ,
1648 2835 1747 2888 ὃσα

169 2919 271 2970 καὶ
319 2921 346 2971 ό
395 2918 681 2991 ἄνθρωπος
725 2922 861 2994 ἔχει,
914 2925 942 2977 6
976 2924 1166 2995 Πατὴρ
1218 2924 1313 2978 τοῦ
1360 2924 1493 2979 Υἱοῦ
1526 2924 1621 2979 τοῦ
1655 2926 1747 2981 ἀν-

172 3006 420 3078 θρώπου.

248 3100 328 3154 ιδ’.
362 3103 587 3171 Γέγονεν
615 3097 708 3158 οὖν
734 3105 936 3175 κόσμος
958 3106 1024 3172 ⁸⁸,
1056 3106 1131 3172 ῶς
1158 3127 1290 3181 φησι
1316 3110 1578 3182 Μωῦσῆς,
1605 3111 1662 3164 ὲν
1688 3110 1747 3176 ἓξ

1848 1920 2173 1985 versionem,
2214 1921 2638 1989 generationem.
2675 1918 3024 1973 Pulchritudo
3067 1927 3245 1971 autem
3281 1917 3423 1971 illius

1850 2012 1943 2068 ﬁlii
1972 2014 2203 2068 hominis
2244 2013 2423 2068 adhuc
2455 2014 2707 2069 omnibus
2748 2009 3311 2080 incomprehensibilis
3339 2020 3426 2063 est

1848 2106 2175 2172 hominibus,
2207 2115 2470 2176 quotquot
2507 2106 2650 2160 circa
2686 2114 2899 2175 partum
2925 2103 3175 2157 femineae
3201 2102 3424 2156 aberra-

1848 2207 2059 2253 verunt.
2096 2196 2318 2253 Factum
2363 2207 2448 2252 est
2499 2198 2678 2269 igitur,
2732 2196 2923 2265 inquit,
2974 2196 3041 2249 ab
3072 2194 3288 2249 homine
3330 2192 3423 2246 illo

1850 2289 1983 2344 nihil
2032 2304 2240 2355 eorum,
2289 2304 2408 2359 quae
2454 2289 2543 2344 hic
2596 2299 2742 2356 sunt,
2786 2302 2960 2355 neque
3015 2286 3106 2340 ﬁet
3156 2299 3417 2354 unquam.

1848 2380 1977 2447 Qnte
2020 2390 2198 2435 autem
2243 2380 2382 2435 facta
2414 2390 2538 2435 sunt
2583 2380 2830 2434 universa
2862 2395 2968 2433 non
3012 2393 3043 2433 a
3072 2386 3204 2441 toto,
3254 2377 3347 2431 sed
3391 2391 3420 2431 a

1848 2478 2005 2539 parte
2047 2472 2275 2539 quadam
2332 2470 2469 2523 facta
2520 2476 2647 2523 sunt
2679 2468 2770 2523 ﬁlii
2826 2468 3084 2523 hominis.
3128 2466 3225 2521 Est
3254 2467 3422 2530 enim,

1848 2560 2043 2629 inquit,
2094 2561 2235 2615 ﬁlius
2284 2560 2520 2616 hominis
2569 2561 2674 2613 iota
2711 2574 2897 2625 unum,
2936 2574 3076 2614 unus
3122 2572 3282 2627 apex,
3328 2557 3420 2627 qui

1849 2654 2112 2723 processit
2166 2668 2419 2722 superne,
2468 2650 2832 2724 428-529
2877 2651 3088 2722 plenus,
3146 2650 3423 2718 complens

1848 2759 2072 2811 omnes,
2138 2745 2344 2799 habens
2394 2746 2447 2798 in
2501 2746 2824 2813 semetipso,
2872 2757 3207 2813 qumeunque
3259 2742 3422 2796 etiam

1850 2833 2012 2890 homo
2040 2834 2220 2901 habet,
2251 2844 2404 2904 pater
2436 2833 2531 2888 lilii
2572 2834 2827 2889 hominis.

1924 3096 2011 3151 14.
2053 3095 2252 3150 Factus
2300 3093 2463 3165 igitur
2493 3103 2578 3149 est
2616 3094 2873 3158 mundus,
2909 3101 2968 3147 ut
3008 3092 3182 3163 inquit
3223 3091 3419 3158 Moses,

169 3190 432 3261 ἡμέραις,
468 3192 478 3262 |
508 3195 783 3248 τουτέστιν
813 3199 873 3250 ὲν
917 3197 977 3263 ἒξ
1018 3198 1280 3269 δυνάμεσι
1308 3204 1428 3265 ταῖς
1460 3203 1519 3255 ὲν
1550 3205 1614 3273 τῇ
1648 3205 1745 3274 μιᾷ

1851 3203 1941 3243 sex
1983 3188 2191 3251 diebus,
2236 3187 2335 3241 hoc
2373 3195 2457 3241 est
2504 3200 2601 3240 sex
2641 3185 3023 3255 potestatibus,
3052 3199 3173 3253 qua:
3223 3186 3275 3237 in
3317 3199 3422 3239 uno

170 3298 237 3333 κε
248 3285 373 3353 ραία
386 3284 479 3337 τοῦ
503 3286 655 3339 ἰῶτα·
689 3287 890 3359 έϐδόμη
921 3290 1261 3355 κατάπαυσις
1274 3294 1369 3346 καὶ
1385 3292 1659 3350 Σάϐϐατόν
1679 3294 1747 3327 ⁸⁸·

169 3375 283 3429 ἀπὸ
324 3378 423 3446 τῆς
457 3377 751 3448 ἑϐδομάδος
797 3381 987 3449 γέγονε
1019 3383 1116 3454 τῆς
1173 3385 1290 3436 ὲκεῖ
1315 3384 1452 3440 ⁸⁷η..
1507 3389 1611 3458 γῆς
1652 3389 1748 3441 καί⁹

173 3466 369 3530 ὓδατος
414 3468 507 3521 καὶ
547 3470 742 3540 πυρὸς,
789 3473 885 3525 καί⁹
918 3473 1100 3544 ἀέρος,
1132 3475 1191 3539 ἐξ
1218 3469 1292 3529 ὧν
1322 3478 1351 3529 6
1387 3478 1591 3548 κόσμος
1640 3479 1747 3532 ἀπὸ

170 3559 275 3626 τῆς
310 3560 537 3630 κεραίας
568 3562 759 3631 γέγονε
807 3564 907 3631 τῆς
955 3567 1109 3634 μιᾶς.
1154 3566 1221 3618 Οἵ
1262 3583 1321 3620 τε
1350 3567 1460 3639 γὰρ
1489 3568 1533 3599 ⁸⁸
1566 3567 1745 3634 κύϐοι,

172 3655 270 3705 καὶ
308 3654 375 3706 τὰ
406 3654 673 3723 ὀκτάεδρα
704 3656 797 3708 καὶ
825 3657 881 3708 αἱ
906 3655 949 3688 ⁸³
982 3657 1302 3726 πυραμίδες,
1334 3659 1426 3711 καὶ
1477 3660 1652 3712 πάντα
1682 3659 1751 3714 τὰ

171 3742 385 3806 τούτοις
410 3746 767 3816 παραπλήσια
791 3748 1066 3817 σχήματα,
1094 3749 1153 3815 ἐξ
1181 3746 1256 3802 ὧν
1285 3749 1584 3819 συνέστηκε
1614 3751 1744 3823 πῦρ,

173 3835 304 3903 ἀὴρ,
343 3834 506 3905 ὕδωρ,
540 3837 633 3907 γῆ,
664 3838 772 3890 ἀπὸ
796 3838 902 3890 τῶν
928 3838 1177 3909 ἀριθμῶν
1208 3840 1461 3907 γεγόνασι
1479 3842 1586 3894 τῶν
1618 3859 1750 3895 κατ-

174 3926 525 3995 ειλημμένων
572 3930 629 3981 έν
663 3930 847 4002 ἐκείνῃ
898 3933 966 4001 τῇ
1016 3932 1157 4003 ἁπλῇ
1195 3932 1289 3985 τοῦ
1338 3934 1474 3987 ἰῶτα
1516 3936 1739 4006 κεραίᾳ,

172 4018 297 4086 ἥτις
354 4020 502 4071 ἐστὶν
554 4021 673 4084 Υἱὸς
721 4021 1009 4093 ἀνθρώπου
1060 4024 1268 4077 τελείου
1314 4025 1541 4088 τέλειος.
1584 4027 1750 4080 Ὅταν

173 4106 295 4170 οὖν,
347 4112 530 4181 φησὶν,
585 4113 778 4182 ῥάϐδον
812 4116 858 4145 ⁵⁸
906 4115 1039 4189 λέγῃ
1077 4115 1320 4183 Μωῦσῆς
1378 4119 1751 4185 στρεφομένην

176 4199 440 4263 ποικίλως
464 4203 545 4264 εἰς
570 4203 638 4256 τὰ
669 4202 814 4275 πάθη
862 4205 931 4257 τὰ
960 4206 1099 4257 κατὰ
1125 4206 1224 4272 τὴν
1248 4204 1543 4267 Αἴγυπτον,
1570 4204 1747 4272 ἅτινα,

176 4292 364 4360 φησὶν,
400 4293 513 4345 ἐστὶ
540 4293 640 4363 τῆς
673 4296 903 4357 κτίσεως
932 4295 1377 4368 ἀλληγορούμενα
1400 4297 1442 4327 ⁶¹
1482 4295 1747 4366 σύμϐολα,

174 4382 279 4433 οὐκ
326 4384 405 4445 εἰς
439 4384 658 4439 πλείονα
700 4387 845 4458 πάθη
880 4391 989 4440 τῶν
1042 4389 1173 4441 δέκα
1201 4390 1246 4420 ³¹
1296 4389 1622 4461 σχηματίζει
1651 4390 1750 4459 τὴν

181 4472 379 4544 ῥάϐδον
406 4475 469 4540 ⁵³,
501 4477 622 4546 ἥτις
654 4480 803 4531 ἐστὶν
832 4480 863 4549 ἡ
902 4480 1001 4549 μία
1028 4480 1076 4511 ⁵⁸
1117 4480 1333 4550 κεραία.
1387 4480 1579 4548 Διπλῆ,
1635 4497 1751 4533 ποι-

1850 3281 2001 3350 apice
2038 3278 2229 3334 litteras
2264 3278 2372 3333 iota
2408 3280 2625 3345 insunt;
2660 3277 2908 3345 septima,
2938 3277 3151 3344 requies
3181 3285 3237 3329 et
3281 3276 3422 3331 Sab-

1848 3373 2053 3439 bntum,
2081 3374 2146 3426 ab
2163 3372 2517 3437 hebdomade,
2540 3386 2659 3440 qua:
2683 3370 2790 3424 illic
2806 3378 2908 3435 est,
2932 3368 3070 3423 facta
3097 3376 3181 3423 est
3225 3407 3238 3423 .
3283 3408 3298 3422 .
3342 3405 3359 3422 .
3404 3405 3421 3421 .

1848 3473 2007 3519 terra:
2045 3472 2098 3519 et
2127 3478 2280 3534 aquae
2315 3472 2369 3517 et
2404 3464 2541 3533 ignis
2571 3472 2627 3517 et
2671 3463 2833 3528 aeris,
2865 3477 2931 3517 ex
2955 3462 3150 3531 quibus
3188 3461 3421 3516 mundus

1848 3558 1915 3611 ab
1948 3558 2098 3627 apice
2126 3556 2332 3610 exstitit
2356 3570 2479 3611 uno.
2512 3555 2723 3610 Etenim
2755 3564 2809 3610 et
2839 3554 2960 3609 cubi
2998 3564 3052 3609 et
3083 3553 3336 3609 octaedra
3367 3564 3422 3608 et

1849 3651 2157 3721 pyramides
2204 3658 2259 3703 et
2310 3664 2498 3703 omnes
2532 3650 2678 3703 hisce
2738 3647 3046 3703 consimiles
3088 3646 3309 3710 formae,
3352 3660 3421 3700 ex

1850 3740 2044 3809 quibus
2075 3748 2290 3793 constat
2323 3738 2482 3807 ignis,
2520 3752 2637 3801 aer,
2684 3752 2846 3806 aqua,
2886 3747 3050 3802 terra,
3083 3752 3112 3790 a
3157 3737 3417 3797 numeris,

1850 3832 1953 3887 orti
1988 3842 2113 3887 sunt
2148 3830 2553 3899 comprehensis
2581 3830 2632 3882 in
2677 3828 2768 3882 illo
2794 3828 3037 3897 simplice
3082 3828 3275 3880 littera:
3310 3826 3421 3879 iota

1850 3924 2036 3994 apice,
2094 3923 2183 3991 qui
2233 3932 2318 3977 est
2373 3921 2516 3975 ﬁlius
2568 3920 2801 3975 hominis
2854 3917 3078 3987 perfecti
3129 3916 3419 3986 perfectus.

1851 4017 2073 4082 Quando
2104 4015 2288 4084 igitur,
2326 4015 2519 4083 inquit,
2561 4013 2765 4079 virgam
2798 4011 2931 4064 dicit
2961 4008 3137 4064 Moses
3166 4008 3313 4061 varie
3347 4008 3426 4060 ri-

1850 4110 2059 4163 bratatn
2103 4106 2168 4159 ad
2198 4105 2379 4175 plagas
2412 4103 2776 4174 Egyptiacas,
2800 4116 2919 4172 quae
2952 4101 3192 4170 quidem,
3228 4100 3419 4168 inquit.

1850 4208 1976 4254 sunt
2002 4209 2265 4253 creatura:
2293 4212 2387 4265 per
2413 4195 2724 4263 allegoriam
2757 4194 2898 4248 dicta
2923 4192 3187 4263 symbola,
3220 4208 3323 4246 non
3356 4192 3422 4243 ad

1850 4293 2029 4361 plures
2060 4306 2219 4359 qttam
2255 4289 2439 4342 decem
2470 4287 2651 4356 plagas
2685 4286 2887 4340 format
2924 4286 3157 4353 virgam,
3196 4299 3317 4352 qua:
3343 4294 3425 4337 est

1852 4400 1990 4438 unus
2034 4383 2124 4436 ille
2154 4395 2309 4449 apex.
2343 4378 2575 4448 Duplex,
2618 4378 2767 4432 varia
2800 4380 2933 4445 haec,
2984 4378 3179 4446 inquit,
3215 4384 3300 4430 est
3327 4375 3424 4428 de-

1851 4476 2142 4546 cuplagus,
2195 4473 2468 4526 mundana
2519 4482 2786 4525 creatura.
2847 4468 3037 4525 Omnia
3102 4467 3247 4522 enim
3298 4482 3421 4520 cu'n

177 4564 307 4635 κίλη
334 4564 493 4636 αὕτη.
538 4569 722 4638 φησὶν,
769 4548 915 4625 ἐστὶν
963 4548 1388 4641 ήδεκάπληγος,
1436 4574 1467 4641 ἡ
1509 4571 1746 4641 κοσμικὴ

1853 4565 2223 4636 percutiuntur
2270 4570 2596 4631 generantur
2639 4568 2694 4615 et
2748 4559 2982 4614 iructum
3034 4556 3218 4612 ferunt
3258 4554 3421 4607 veluti

179 4659 378 4722 κτίσις.
412 4660 595 4714 Πάντα
633 4662 742 4733 γάρ
770 4662 1117 4735 πλησσόμενα
1134 4664 1179 4695 ⁸⁵
1206 4664 1461 4732 γεννᾶται
1488 4663 1579 4715 καὶ
1614 4679 1681 4715 κα
1694 4679 1750 4731 ρ·-

1825 4658 2012 4710 ~vites.
2055 4652 2228 4707 llomo
2260 4666 2325 4706 ex
2356 4651 2573 4706 homine
2614 4650 2871 4720 erumpit,
2899 4650 3094 4720 inquit,
3128 4661 3182 4707 et
3216 4646 3425 4706 divelli-

1507 4777 1741 4832 VAllle
1782 4770 2179 4832 LECTIONES.

293 4869 340 4900 “
375 4869 510 4944 αὐτῇ
565 4870 686 4944 τδι.
736 4871 874 4941 αὕτη
923 4872 1001 4944 τῷ
1048 4875 1098 4927 t?
1136 4873 1273 4943 αὕτη
1325 4873 1464 4927 τοῦι
1505 4887 1651 4939 susp.
1709 4869 1997 4944 Sauppius,
2055 4861 2121 4944 αὖ
2179 4862 2393 4944 τούτου.
2424 4863 2516 4916 τοῦ
2546 4865 2627 4944 ,ιζ
2656 4862 3202 4944 Ch_r.__Pete_r_senit_ts.
3267 4869 3418 4924 Fort.

183 4951 323 5012 ante
360 4939 457 5012 τῆς
485 4932 662 5012 "uti;
687 4932 926 5012 ἐκεραίας
967 4932 1165 5012 aliquid
1215 4932 1430 4998 eicitlit.
1510 4944 1553 4974 ³⁵
1601 4932 1835 5012 ἒννεάςς
1862 4932 2024 5012 ’ένὰς-
2059 4935 2118 4990 C.
2147 5007 2170 5012 _
2197 4936 2241 4966 ³⁸
2288 4932 2650 5012 ,πολυσχεδεῖς
2704 4938 2767 4998 (ἔν
2801 4933 2872 4988 Μ·

2965 4935 3007 4965 ³⁷
3052 4938 3187 5009 μιᾷ,
3235 4940 3332 5009 μία
3358 4942 3419 4995 C.

185 5010 233 5041 ⁸⁸
276 5002 580 5083 μοιρεεμίι,
644 5010 710 5083 19
822 5002 943 5065 Ὅτι
1000 5002 1070 5065 ἐν’
1118 5013 1266 5083 αὐτῷ
1328 5014 1613 5082 εὐδόκησεν
1680 5010 2025 5083 (ηὐδόκησεν)
2096 5007 2203 5058 πᾶν
2254 5004 2313 5056 τὸ
2368 5002 2639 5083 πλῄρῳμα
2665 5002 3246 5083 ’κατοικῆσαιζκὲοιιξ
3303 5010 3449 5083 Col,

184 5094 247 5152 il»,
271 5078 343 5152 9_:
370 5079 497 5152 _"U'ct.
531 5081 588 5130 ὲν
618 5080 785 5152 ᾲαύτῷ
849 5086 1092 5135 κατοικεῖ
1144 5073 1250 5135 πᾶν
1302 5084 1360 5136 τὸ
1391 5073 1661 5152 πλήρωμα
1701 5073 1820 5152 ᾼτῆς
1865 5073 2116 5148 θεότητος
2168 5074 2502 5152 σωμᾳεεκᾶλξ
2533 5073 2635 5152 (EE;
2662 5074 2736 5152 δν,
2760 5074 3049 5152 ερδόξεησεν
3078 5075 3222 5152 ait?"
3259 5080 3414 5152 (πᾷἶξ)

181 5150 253 5223 E6
282 5149 554 5223 πλῄρωμα
578 5150 677 5220 τῆς
709 5142 958 5223 θεότητος
993 5156 1312 5223 κατοικῆσαι
1334 5142 1658 5221 σωματικῶς
1688 5142 1859 5219 Orig.)
2001 5142 2185 5223 "supra
2211 5142 2261 5212 p.
2292 5143 2415 5222 17.8,
2439 5142 2612 5223 ξιοςθὲ
2638 5146 2924 5223 etini'rirl:
2956 5160 3079 5223 κερ.
3112 5148 3198 5223 10,
3224 5142 3419 5223 p.515,

184 5217 280 5293 56,
312 5213 492 5293 sua;
523 5213 697 5293 Qxfet
724 5213 907 5293 qttaa'l.
941 5213 1269 5293 'Bernaysins
1292 5225 1355 5275 de
1388 5213 1473 5276 his
1508 5213 1649 5275 locis,
1672 5213 1967 5293 disputavit
2000 5218 2050 5271 in
2089 5215 2407 5293 ξρὶειλρνίιι.
2442 5214 2475 5264 Ι.
2515 5214 2632 5293 [Ρ.
2670 5213 3033 5293 δικηριὸκυ
3061 5218 3167 5293 πᾷν
3192 5213 3253 5270 τὸ
3281 5236 3421 5293 παν-ι

182 5288 367 5362 τὸς-(Σ.
421 5287 493 5362 ﬂ“
655 5287 812 5362 είςίΟ.
842 5293 910 5346 Μ.
986 5294 1027 5324 *ί
1068 5287 1199 5362 γένη

1211 5310 1285 5362 μα
1320 5292 1381 5346 C.
1458 5292 1503 5322 "
1532 5279 1773 5362 ἀκτῖνεςί
1799 5290 2072 5362 καί-τινες
2234 5279 2621 5362 “:yévquag.
2698 5283 2744 5315 “
2769 5284 2911 5362 ἰῶτα
2929 5282 3028 5362 Αέν,

3069 5286 3169 5363 Pist
3199 5292 3416 5363 κεραίαν

188 5360 383 5433 ῥυεῖσα
412 5358 637 5433 ἀνωθεν.
700 5360 831 5433 ἰῶτα
863 5366 920 5416 ἐν
951 5364 1047 5433 μιᾷ
1078 5352 1292 5432 κεραίᾳ,
1326 5362 1514 5433 ῥυείσῃ
1548 5361 1753 5433 ἄνῳθεν
1784 5361 1848 5425 C,
1886 5359 1954 5411 Μ.
1992 5355 2498 5433 Chiufranhlmg.
2530 5352 2616 5406 17.
2662 5353 2893 5433 2.32.5,
2927 5355 3028 5433 29,
3192 5352 3276 5411 ed.
3311 5352 3419 5433 Ox.

187 5420 234 5458 “
262 5426 496 5499 πλήρης.
526 5428 756 5498 πλήρεις
782 5432 843 5486 C.
922 5420 967 5468 ἰδ
996 5420 1079 5486 Cf.
1112 5420 1154 5486 Ι.’
1187 5420 1427 5499 χ,’(ἑ.’17,
1461 5420 1514 5499 ρτ
1546 5432 1669 5492 525,
1705 5431 1775 5484 25
1793 5420 1913 5499 sqq.
1940 5431 2026 5481 ed.
2060 5426 2163 5499 Ox.
2240 5422 2624 5499 “:_Xd55a_'cpv.
2662 5423 2939 5499 Σαϐϐάτου
2964 5425 3021 5478 C.
3066 5425 3107 5457 "
3134 5428 3277 5481 Inter
3306 5431 3420 5483 έκει

189 5493 655 5579 et‘zﬁérlacutnuii
686 5500 1043 5579 signavimus,
1084 5519 1203 5555 cum
1225 5493 1234 5499 ’
1259 5493 1435 5579 major
1456 5493 1579 5571 pars
1607 5493 2090 5579 argttttteiLtatiOIILs
2142 5494 2735 5579 interi‘isseuvli‘deatur.
2889 5509 2976 5579 Et},
3012 5510 3133 5579 (μείς
3167 5513 3330 5565 supra
3356 5515 3392 5579 Β

190 5564 320 5639 {26,
350 5564 815 5639 36-58ilegnntur,
841 5589 961 5627 cum
999 5564 1088 5635 iis,
1120 5588 1237 5639 qua:
1264 5564 1398 5625 infra
1425 5564 1468 5626 Ι.’
1493 5590 1546 5639 x,
1580 5588 1629 5626 c.
1662 5564 1749 5631 ΓΙ.
1778 5588 1808 5638 p

194 5637 235 5687 (3
269 5650 388 5704 sqq.
490 5637 535 5669 ⁴⁹
574 5640 669 5691 καὶ
694 5642 770 5697 αἱ.
800 5644 892 5697 καὶ
920 5645 980 5703 C,
1009 5644 1076 5698 Μ.
1109 5637 1195 5697 Ci'.
1225 5645 1360 5703 infra
1392 5642 1425 5696 l.
1461 5643 1493 5695 I.

1815 5611 1828 5624 .
1857 5570 1980 5634 5'25,
2014 5568 2080 5621 19
2106 5572 2343 5636 exstant.
2422 5560 2468 5593 ⁸⁸
2495 5561 2577 5616 Cf.
2610 5578 2729 5617 cum
2764 5565 2846 5619 his
2887 5560 3205 5636 PlatoTim.
3234 5560 3300 5636 'p.
3353 5560 3420 5622 55

1608 5644 1654 5674 ⁸ο
1687 5633 1881 5713 ῥὰύδον
1907 5640 1967 5693 C.
2008 5636 2090 5691 (Si.
2132 5651 2252 5689 cum
2284 5633 2367 5688 his
2396 5642 2450 5687 et
2483 5648 2601 5700 quae
2637 5644 2936 5701 sequuntur
2960 5634 3005 5688 ll
3030 5633 3161 5705 Mys.
3200 5633 3270 5691 νιί
3298 5653 3356 5704 sq
3403 5676 3420 5691 .

1608 5731 1656 5765 ια
1696 5717 1755 5765 (J.
1794 5712 1861 5765 Μ.
1907 5711 1952 5742 ⁵³
1982 5704 2290 5765 σγηματίζη
2316 5703 2413 5765 τὴν
2442 5702 2633 5765 ράυδον
2658 5702 2719 5760 C.
2761 5706 2806 5737 “
2839 5705 2871 5765 ἠ
2907 5704 3022 5765 μία.
3082 5727 3097 5761 ι
3132 5706 3229 5765 μία
3259 5656 3419 5765 ΟΛἸ.

197 5705 249 5793 :1-
271 5702 729 5793 ἀλληγορούμενα.
768 5714 1068 5785 ἀλληγόρου
1095 5712 1153 5769 C.
1199 5714 1244 5745 "
1269 5702 1418 5767 δέκα.
1452 5712 1656 5767 δώδεκα
1688 5702 1755 5780 It),
1794 5712 1861 5766 Μ.
1907 5711 1952 5742 ⁵³
1982 5704 2290 5793 σχηματίξη
2316 5703 2413 5776 τὴν
2442 5702 2633 5773 ράυδον
2658 5702 2719 5760 C-
2761 5706 2806 5737 "
2839 5705 2871 5775 ἡ
2907 5704 3022 5775 μία·
3072 5702 3105 5761 ἶ
3132 5706 3229 5775 μία
3259 5707 3326 5776 C2

204 5774 249 5807 ⁵⁵
283 5774 635 5847 πλεισσόμενα
667 5778 728 5834 C.
752 5794 757 5799 '
