3808 6220
379 259 513 331 3381

1824 254 2200 318 ORIGENIS

3524 256 3670 321 3382

380 373 667 445 conspexit
700 371 915 435 herum,
943 382 1065 424 cum
1107 376 1249 426 esset
1303 366 1357 423 in
1398 368 1525 427 navi
1566 376 1728 439 atque
1762 381 1945 439 cogno‘

2104 368 2222 432 ιέως
2247 365 2627 439 βραδύνοντος,
2655 366 2779 422 ἰδὼν
2812 367 3096 442 πόρρωθεν
3117 368 3165 401 ⁷⁸
3186 368 3216 422 ό
3248 367 3547 431 Κάλλιστος
3574 371 3669 421 τὸν

380 469 552 523 visset
584 480 643 521 se
666 479 787 519 esse
815 473 1055 533 captum,
1079 460 1243 515 vitam
1275 461 1474 532 abjecit
1501 472 1558 516 et
1580 461 1694 516 haec
1721 470 1968 515 extrema

378 573 502 614 esse
551 566 744 628 putans
794 569 854 611 se
903 555 956 610 in
1007 568 1157 608 mare
1202 554 1579 624 prmeipitavit.
1612 551 1971 625 555-555

378 650 567 705 Nauta:
603 660 783 703 autem
836 655 1121 716 postquam
1155 645 1208 699 in
1241 646 1473 714 scaphas
1501 645 1858 707 desiluerunt,
1892 646 1945 699 in

380 746 550 799 vitum
586 757 711 797 eum
744 741 1079 810 eripuerunt,
1111 736 1239 791 dum
1274 736 1332 803 ii,
1360 736 1450 805 qui
1503 736 1554 789 in
1606 745 1748 790 terra
1792 744 1969 798 erant,

381 850 578 904 magna
626 847 761 887 voce
809 831 1158 887 clamabant:
1197 838 1252 885 et
1296 829 1348 883 in
1385 830 1527 883 hunc
1575 828 1795 881 modum
1840 826 1976 881 hero

383 929 616 982 traditus
645 925 871 979 Romam
896 923 1151 978 reductus
1182 931 1288 987 est,
1329 935 1489 990 quem
1521 921 1685 976 herus
1711 919 1762 973 in
1789 917 1978 989 pistri-

383 1036 511 1072 num
539 1019 705 1072 dedit.
735 1015 1003 1087 Tempore
1044 1023 1226 1070 autem
1278 1013 1482 1083 elapso,
1514 1022 1572 1065 ut
1602 1010 1743 1065 forte
1775 1009 1975 1075 evenit,

383 1112 584 1165 fratres
614 1109 934 1163 accedentes
960 1106 1373 1177 Carpophorum
1431 1106 1883 1169 adhortabantur,
1919 1112 1979 1160 ut

386 1216 560 1271 preme
580 1201 844 1254 eximeret
875 1198 1183 1269 fugitivum,
1210 1198 1459 1251 dicentes
1487 1195 1731 1250 conﬁteri
1765 1209 1887 1250 eum
1919 1208 1979 1251 se

386 1293 669 1386 pecuniam
716 1292 855 1361 apud
898 1290 1160 1360 quosdam
1210 1288 1483 1344 conditam
1516 1288 1735 1342 habere.
1769 1286 1974 1356 Carpo-

2070 460 2364 533 δεσπότην,
2392 459 2470 516 ὣν
2508 462 2565 515 ἐν
2597 461 2677 533 τῷ
2720 461 2890 533 πλοίῳ
2938 464 3035 516 καὶ
3065 463 3231 531 γνοὺς
3263 462 3454 516 ἑαυτὸν
3484 479 3668 517 συνει-

2070 554 2377 627 λῆφθαιιη,
2440 553 2516 627 [μ.
2566 552 2878 627 286-287]
2937 555 3202 625 ἡφείδησε
3250 554 3345 608 τοῦ
3395 554 3517 627 ζῇν,
3570 558 3667 609 καὶ

2072 643 2280 715 ἐσχατα
2318 642 2493 699 ταῦτα
2524 643 2887 715 λογισάμενος
2931 643 3160 716 ἔρριψεν
3203 646 3396 700 ἑαυτὸν
3448 648 3528 709 εἰς
3563 646 3668 717 τὴν

2074 735 2370 793 Θάλασσαν.
2396 737 2460 791 Οἱ
2481 736 2539 791 δὲ
2554 736 2751 790 ναῦται
2769 737 3261 808 καταπηδήσαντες
3281 738 3362 801 εἰς
3382 737 3450 792 τὰ
3476 740 3659 810 σκάφη

2074 830 2278 886 ἄκοντα
2310 830 2473 883 αὑτὸν
2502 829 2777 885 ἀνείλοντο
2797 873 2812 895 ,
2841 829 2953 882 τῶν
2995 828 3053 882 δὲ
3080 829 3126 859 ⁷⁸
3160 828 3269 883 ἀπὸ
3300 829 3400 897 τῆς
3425 833 3531 901 γῆς
3563 849 3662 900 με·

2074 922 2218 992 γάλα
2248 920 2515 992 βοώντωνο
2548 921 2645 975 καὶ
2674 919 2851 984 οὕτως
2878 921 2922 952 ⁷³
2950 920 3030 991 τῷ
3068 920 3308 993 δεσπότῃ
3342 921 3670 993 παραδοθεὶς

2077 1012 2364 1085 ἐπανήχθη
2393 1013 2475 1076 είς
2498 1012 2597 1083 τὴν
2640 1011 2883 1083 Ῥώμην,
2915 1011 2973 1065 δν
2990 1012 3027 1065 δ
3047 1011 3316 1083 δεσπότης
3345 1012 3427 1075 είς
3455 1012 3671 1082 πίστριο

2079 1123 2171 1160 νον
2198 1105 2246 1137 ⁷⁸
2277 1104 2559 1161 κατέθετο.
2594 1104 2805 1177 Χρόνου
2830 1106 2887 1159 δὲ
2916 1102 3249 1167 διελθόντος,
3276 1101 3353 1167 ώξ
3385 1105 3671 1174 συμϐαίνει

2076 1197 2367 1268 γίνεσθαι,
2419 1197 2821 1269 προσελθόντες
2887 1196 3113 1266 ἀδελφοὶ
3168 1196 3527 1265 παρεκάλουν
3583 1199 3673 1252 τδν

2080 1290 2472 1362 Καρποφόρον,
2502 1291 2653 1354 ὅπως
2692 1289 2941 1360 ἐξαγάγῃ
2969 1290 3071 1359 τῆς
3100 1289 3381 1352 κολάσεως
3412 1289 3510 1342 τὸν
3542 1289 3672 1359 δρα-

385 1385 589 1455 pltorus
632 1379 835 1447 autem,
871 1392 1056 1453 utpote
1088 1383 1230 1452 pius,
1260 1396 1415 1436 suam
1467 1394 1578 1434 rem
1625 1395 1685 1436 se
1729 1380 1945 1435 otnitter

2104 1380 2275 1453 πέτην,
2324 1380 2629 1451 φάσκοντες
2672 1380 2835 1435 αὐτὸν
2866 1380 3152 1452 ὁμολογεῖν
3182 1379 3327 1450 ἔχειν
3371 1380 3531 1450 παρά
3566 1398 3673 1433 τισι

386 1474 547 1539 dixit,
576 1473 822 1543 deposita
866 1478 1049 1526 autem
1076 1470 1177 1526 sibi
1206 1486 1353 1526 curm
1388 1484 1510 1525 esse
1540 1499 1611 1511 -—
1641 1469 1793 1525 multi
1835 1470 1941 1526 enit

2104 1474 2275 1544 [ρῆμα
2305 1471 2694 1542 ἀποκείμενον.
2743 1472 2803 1525 '0
2834 1472 2892 1525 δὲ
2949 1474 2961 1540 ι
3028 1473 3435 1543 καρποφόρος,
3468 1471 3547 1535 ὡς
3592 1472 3676 1524 εὑ.

384 1562 575 1619 ﬂentes
620 1564 672 1619 ei
728 1562 1004 1629 dicebant,
1058 1577 1119 1619 se
1172 1562 1293 1630 ejus
1361 1571 1622 1631 praetextu
1693 1562 1945 1618 concredi

2104 1564 2293 1637 ιαϐὴς,
2324 1563 2420 1618 τοῦ
2458 1565 2554 1637 μὲν
2608 1564 2739 1619 ίδίου
2769 1564 2957 1633 ἔλεγεν
3000 1565 3269 1633 ἀφειδεῖν,
3318 1564 3431 1617 τῶν
3462 1564 3519 1617 δὲ
3577 1582 3677 1618 πα-

387 1659 536 1711 disse
560 1655 781 1711 Callisto
810 1671 931 1726 qua:
958 1658 1355 1710 concrederant
1393 1685 1461 1697 —
1489 1656 1845 1727 precibusque
1876 1671 1945 1711 ιιι(

2104 1654 2344 1727 »αθηκών
2379 1655 2685 1727 φροντίζειν
2746 1654 2977 1725 (πολλοὶ
3000 1655 3109 1724 γάρ
3145 1653 3292 1725 αὐτῷ
3314 1654 3679 1709 ἀπεκλαίοντο

392 1758 482 1804 tus
516 1748 677 1818 jussit
707 1724 842 1804 eum'
866 1748 1043 1804 educi.
1089 1746 1184 1802 Ille
1219 1756 1397 1803 autem
1428 1724 1552 1803 cum
1583 1749 1716 1803 nihil
1758 1724 1945 1805 haben

2104 1749 2340 1819 ιέγοντες
2362 1788 2376 1812 ,
2426 1750 2507 1803 ὃτι
2544 1747 2624 1819 τῷ
2659 1748 2824 1802 αὑτοῦ
2847 1749 2893 1780 ⁷⁸
2944 1748 3297 1819 προσχήματι
3344 1748 3678 1801 ἐπίστευσαν

389 1839 533 1908 quod
561 1841 889 1904 restitueret,
914 1846 970 1892 et
998 1839 1190 1893 iterum
1219 1837 1480 1908 aufugere
1508 1856 1611 1893 non
1633 1850 1836 1909 posset,
1859 1841 1984 1909 quia

389 1930 813 1992 custodiebatur,
844 1929 1137 1983 artilicium
1188 1932 1380 1985 mortis
1427 1942 1772 1986 commentus
1798 1943 1905 1999 est,
1932 1943 1988 1988 et

390 2024 631 2077 Sabbato
661 2022 922 2077 simulans
951 2037 1011 2077 se
1044 2022 1110 2076 ad
1146 2023 1421 2079 debitores
1455 2024 1555 2089 ire,
1602 2024 1712 2079 ruit
1747 2026 1815 2080 ad
1854 2042 1986 2082 cou-

389 2125 609 2172 ventum
662 2113 971 2171 Iudaeorum
1000 2125 1477 2185 congregatorum,
1520 2126 1575 2171 et
1621 2126 1811 2173 astans
1865 2128 1985 2172 tur-

387 2207 514 2262 ham
543 2206 685 2261 inter
712 2221 806 2262 eos
828 2206 1080 2262 faciebat.
1116 2204 1195 2261 llli
1223 2216 1404 2262 autem
1435 2208 1637 2263 turbati
1672 2210 1741 2267 ab
1770 2222 1837 2265 eo
1860 2224 1987 2267 cou-

390 2298 633 2354 tumeliis
677 2299 1104 2371 verberibusque
1145 2314 1271 2355 eum
1319 2299 1572 2357 aﬂ‘ectum
1605 2311 1885 2359 truserunt
1916 2303 1987 2359 ad

391 2392 741 2459 Fuscianum,
765 2390 1078 2461 praefectum
1125 2392 1301 2448 urbis.
1334 2393 1751 2464 Responderunt
1798 2406 1984 2451 autem

395 2486 616 2540 haecce:
641 2483 865 2538 Romani
895 2482 1050 2539 nobis
1067 2494 1455 2540 concesserunt
1481 2486 1687 2555 patrias
1711 2487 1859 2558 leges
1887 2503 1988 2559 pu-

392 2575 532 2631 blice
559 2575 902 2641 recitandae;
937 2574 1040 2630 iste
1069 2590 1197 2631 vero
1228 2577 1294 2630 ad
1336 2591 1436 2633 nos
1485 2577 1767 2647 ingressus
1808 2580 1988 2651 impe-

394 2666 576 2721 diebat
602 2681 701 2721 nos
727 2667 1053 2730 obturbans,
1081 2666 1339 2723 dictitans
1365 2684 1426 2723 se
1451 2684 1574 2725 esse
1591 2670 1984 2729 Christianum.

395 2756 697 2813 Fuscianus
749 2766 929 2813 autem
980 2773 1107 2813 cum
1169 2774 1268 2829 pro
1322 2760 1575 2816 tribunali
1608 2772 1775 2830 esset,
1804 2776 1859 2819 et
1890 2781 1988 2836 per

391 2864 480 2915 ea,
514 2863 636 2919 quze
668 2863 699 2902 a
730 2846 931 2904 Iudaeis
964 2849 1306 2917 dicebantur,
1346 2853 1400 2907 in
1454 2853 1733 2912 Callistum
1781 2858 1984 2914 irasce-

394 2951 569 3007 retur,
594 2956 704 2997 non
735 2940 906 2996 deluit
945 2941 1036 3012 qui
1068 2942 1422 3014 Carpophoro
1452 2961 1539 3002 res
1568 2958 1750 3015 gestas
1785 2966 1987 3006 renuo-

394 3034 578 3090 tiaret.
601 3034 655 3091 1s
678 3043 861 3090 autem
898 3035 978 3091 ad
1016 3036 1254 3091 tribunal
1297 3037 1537 3108 praefecti
1577 3039 1846 3098 festinavit
1879 3045 1990 3100 cla-

396 3124 677 3195 mavitque
709 3144 723 3179 :
751 3123 905 3192 Peto,
944 3124 1164 3181 domine
1211 3125 1500 3193 Fusciane,
1540 3144 1610 3185 ne
1653 3140 1709 3186 tu
1738 3132 1787 3186 ei
1827 3133 1985 3188 fidem

394 3215 622 3282 habeas,
657 3231 763 3271 non
789 3217 935 3272 enim
964 3216 1311 3273 Christianus
1331 3228 1435 3285 est,
1466 3234 1655 3275 ansam
1685 3236 1813 3275 vero
1844 3238 1989 3277 mor-

398 3310 471 3364 tis
502 3309 717 3379 quzerit,
754 3318 1053 3380 postquam
1096 3310 1378 3379 pecuniam
1411 3312 1543 3367 mihi
1581 3329 1832 3384 magnam
1867 3330 1990 3385 per-

396 3405 553 3469 didit,
577 3404 735 3460 sicuti
760 3404 1021 3475 probabo.
1049 3402 1221 3461 Judaei
1249 3415 1434 3461 autem
1459 3421 1581 3461 cum
1613 3408 1716 3463 hoc
1740 3406 1987 3464 fraudem

394 3510 520 3552 esse
542 3496 964 3560 arbitrarentur,
996 3497 1151 3566 quasi
1184 3495 1570 3567 Carpophorus
1586 3498 1691 3553 hoc
1723 3510 1989 3569 praetextu

398 3601 524 3641 eum
552 3585 786 3640 liberare
813 3586 1075 3650 studeret,
1105 3584 1357 3642 infestius
1381 3588 1549 3642 etiam
1576 3587 1889 3657 praefectum
1915 3590 1991 3645 in-

399 3678 727 3735 clamabant.
782 3674 832 3731 Is
882 3685 1064 3731 autem
1104 3680 1186 3732 ab
1235 3678 1304 3733 iis
1351 3688 1551 3747 mOtus,
1592 3678 1821 3751 ﬂagellis
1865 3698 1989 3738 eum

396 3785 599 3826 caesum
640 3770 863 3825 tradidit
892 3770 946 3824 in
977 3769 1253 3825 metallum
1281 3768 1569 3829 Sardiniae.
1595 3772 1863 3843 Tempore
1890 3792 1990 3830 au-

400 3873 511 3917 tem
538 3863 744 3933 elapso,
773 3878 896 3919 cum
941 3862 1032 3917 alii
1082 3862 1193 3918 illic
1238 3872 1421 3920 essent
1469 3874 1759 3938 martyres,
1789 3867 1990 3924 Marcia

400 3955 589 4011 volens
622 3956 834 4011 facinus
882 3955 1098 4026 aliquod
1148 3959 1346 4011 bonum
1389 3958 1588 4028 facere,
1621 3961 1821 4031 quippe
1871 3976 1992 4031 quae

400 4046 686 4103 Commodi
716 4058 835 4103 erat
870 4048 1044 4117 pellex
1097 4048 1181 4104 dei
1219 4064 1425 4113 amans,
1466 4050 1748 4106 arcessivit
1778 4053 1989 4108 beatum

402 4137 702 4205 Victorem,
733 4139 824 4211 qui
857 4140 947 4194 illo
974 4148 1217 4210 tempore
1241 4142 1526 4210 episcopus
1554 4143 1815 4199 Ecclesia:
1846 4152 1990 4211 erat,

402 4243 460 4288 et
484 4232 862 4288 sciscitabatur
880 4233 1118 4303 .quinam
1164 4234 1218 4289 in
1244 4233 1603 4308 ᾆδε-457
1631 4236 1883 4292 Sardinia
1905 4252 1994 4295 es-

403 4336 525 4380 sent
563 4334 853 4396 martyres.
881 4324 934 4380 ls
951 4336 1143 4381 autem
1178 4342 1301 4383 cum
1341 4329 1582 4384 omnium
1620 4328 1837 4386 nomina
1876 4338 1990 4385 tra-

2086 1842 2163 1913 τῷ
2211 1841 2533 1912 Καλλίστῳ,
2589 1839 2625 1894 ἂ
2698 1838 3199 1909 πεπιστεύκεισαν),
3266 1841 3362 1892 καὶ
3433 1839 3678 1903 πεισθεὶς

2087 1932 2374 1988 ἐκέλευσεν
2400 1931 2692 2002 ἐξαγαγεῖν
2725 1931 2908 1986 αὐτόν.
2945 1931 3003 1983 Ὀ
3028 1930 3087 1983 δὲ
3114 1930 3281 2001 μηδὲν
3314 1929 3460 2001 ἔχων
3490 1930 3676 1983 ἀποδι-

2085 2025 2258 2090 δόναι,
2294 2027 2389 2079 καὶ
2418 2024 2579 2078 πάλιν
2609 2022 3028 2093 ἀποδιδράσκειν
3061 2024 3135 2093 μὴ
3166 2022 3473 2092 δυνάμενος
3499 2022 3590 2075 διὰ
3619 2022 3675 2074 τὸ

2086 2115 2441 2186 φρουρεῖσθαι
2466 2115 2510 2147 ⁷⁸
2530 2156 2546 2180 ,
2577 2114 2774 2185 τέχνην
2820 2112 3055 2166 θανάτου
3090 2112 3378 2181 ἐπενόησε,
3414 2110 3516 2163 καὶ
3546 2111 3674 2164 Σαδα

2087 2208 2237 2279 ϐάτῳ
2268 2209 2619 2279 σκηψάμενος
2645 2206 2692 2238 ⁷⁷
2725 2206 2947 2259 ἀπιέναι
2977 2204 3052 2268 ώς
3083 2205 3176 2257 ἐπὶ
3206 2203 3500 2276 χρεώστας
3519 2245 3537 2271 ,
3568 2203 3678 2273 ὥρ-

2090 2318 2265 2373 μησεν
2308 2302 2402 2355 ἐπὶ
2428 2300 2529 2372 τὴν
2564 2297 2890 2369 συναγωγὴν
2925 2296 3032 2352 τῶν
3086 2296 3359 2350 Ἰουδαίων
3410 2296 3682 2367 συνηγμέ-

2086 2413 2214 2461 νων,
2249 2396 2344 2449 καὶ
2372 2394 2504 2459 στὰς
2530 2395 2577 2427 ⁷⁸
2613 2392 3045 2455 κατεστασίαζεν
3080 2390 3281 2445 αὐτῶν.
3321 2392 3387 2444 ΟΞ
3421 2390 3485 2443 δέ
3514 2407 3682 2444 κατα-

2087 2488 2507 2551 στασιασθέντες
2552 2487 2644 2545 ὑπ’
2699 2483 2903 2549 αὐτοῦ,
2945 2483 3329 2555 ἐνυϐρίσαντες
3376 2482 3545 2536 αὐτὸν
3592 2482 3682 2535 καὶ

2086 2580 2305 2652 πληγάς
2354 2582 2773 2651 ἐμφορήσαντες
2819 2576 3013 2649 ἔσυρον
3067 2576 3159 2628 ἐπὶ
3208 2575 3299 2627 τὸν
3348 2575 3681 2627 Φουσκιανδν

2088 2674 2327 2746 ἔπαρχον
2371 2673 2500 2726 δντα
2545 2674 2644 2743 τῆς
2696 2671 2924 2733 πόλεως.
2990 2667 3382 2739 Ἀπεκρίναντο
3423 2666 3483 2720 δὲ
3534 2666 3679 2719 τάδε·

2097 2769 2359 2839 Ῥωμαῖοι
2389 2765 2782 2837 συνεχώρησαν
2814 2765 2944 2834 ἡμῖν
2976 2764 3104 2825 τοὺς
3139 2759 3434 2832 πατρῴους
3483 2761 3683 2829 νόμους

2086 2860 2327 2932 δημοσίᾳ
2358 2859 2779 2927 ἀναγινώσκειν,
2814 2850 2965 2918 οὗτος
3012 2854 3068 2907 δὲ
3103 2852 3443 2907 ἐπεισελθὼν
3481 2852 3685 2906 ἐκώλυε

2089 2950 2545 3013 καταστασιάζων
2569 2949 2748 3019 ήμῶν,
2775 2949 3001 3017 φάσκων
3022 2942 3163 3000 εἶναι
3187 2947 3230 2999 Χ
3239 2947 3542 3016 ριστιανός.
3577 2943 3683 2997 Τοῦ

2014 3073 2056 3131 C
2088 3042 2144 3094 δὲ
2176 3038 2510 3094 Φουσκιανοῦ
2536 3040 2581 3070 ⁷³
2608 3038 2714 3110 πρὸ
2743 3038 2987 3108 βήματος
3022 3036 3410 3106 τυγχάνοντος,
3444 3036 3543 3088 καὶ
3572 3038 3685 3097 τοῖς

2091 3133 2181 3186 ὑπ’
2217 3132 2488 3185 Ἰουδαίων
2514 3130 2832 3200 λεγομένοις
2861 3129 3003 3182 κατά
3048 3127 3143 3181 τοῦ
3178 3126 3494 3180 [tantsz
3516 3130 3687 3196 ἀγαν-

2090 3225 2387 3289 ακτοῦντος
2411 3264 2427 3289 ,
2490 3228 2591 3279 οὐκ
2629 3224 2813 3277 ἔλιπεν
2856 3225 2884 3277 ὁ
2914 3222 3256 3292 ἀπαγγείλας
3276 3222 3320 3253 ⁸ο
3347 3221 3429 3293 τῷ
3455 3223 3686 3292 Καρπο-

2091 3317 2244 3389 φόρῳ
2289 3316 2359 3369 τὰ.
2397 3314 2775 3385 πρασσόμενα.
2830 3312 2890 3367 '0
2916 3312 2973 3367 δὲ
3010 3310 3255 3376 σπεύσας
3284 3310 3382 3363 ἐπὶ
3422 3310 3488 3364 τὸ
3530 3311 3685 3382 βῆμα

2087 3407 2185 3463 τοῦ
2229 3406 2473 3478 ἐπάρχου
2512 3404 2675 3457 ἐϐόα*
2724 3403 2959 3474 Δέομαι,
3002 3401 3158 3475 κύριε
3202 3403 3554 3467 Φουσκιανέ,
3608 3404 3685 3473 μὴ

2091 3502 2158 3556 σὺ
2186 3499 2336 3571 αὐτῷ
2359 3500 2404 3531 ⁸³
2437 3497 2686 3562 πίστευε,
2719 3498 2780 3551 οὑ
2815 3498 2925 3569 γάρ
2956 3498 3075 3551 ἐστι
3107 3497 3461 3569 Χριστιανὸς,
3505 3498 3683 3568 ἀφορ-

2094 3591 2201 3663 μὴν
2225 3591 2283 3644 δὲ
2315 3590 2469 3661 ζητεί
2493 3589 2723 3644 θανάτου
2750 3589 3011 3660 χρήματά
3040 3606 3146 3657 μου
3171 3587 3345 3641 πολλὰ
3370 3589 3647 3657 ἀφανίσας
3666 3627 3683 3652 ,

2089 3683 2166 3747 ώς
2195 3682 2483 3748 ἀποδείξω.
2519 3681 2642 3735 Τῶν
2682 3681 2740 3735 δὲ
2790 3681 3063 3736 Ἰουδαίων
3091 3680 3368 3752 ὑποϐολήν
3397 3682 3565 3735 τοῦτο
3599 3699 3686 3735 νο·

2094 3777 2390 3848 μισάντων,
2433 3772 2512 3838 ώς
2558 3772 2849 3845 ζητοῦντος
2877 3773 2973 3828 τοῦ
3009 3773 3383 3844 Καρποφόρου
3410 3774 3594 3849 ταύτῃ
3620 3778 3682 3845 τῇ

2092 3867 2366 3939 προφάσει
2391 3866 2671 3931 ἐξελέσθαι
2716 3865 2901 3931 αὐτὸν,
2935 3865 3135 3937 μᾶλλον
3175 3865 3497 3935 ἐπιφθόνως
3555 3884 3685 3921 κατ-

2092 3958 2268 4012 εὸόων
2292 3956 2387 4011 τοῦ
2415 3958 2683 4028 ἐπάρχου.
2701 3956 2759 4010 '0
2783 3956 2840 4010 δὲ
2868 3955 3111 4027 κινηθεὶς
3140 3957 3231 4009 ὑπ’
3254 3956 3465 4022 αὐτῶν,
3498 3974 3689 4029 μαστι-

2091 4050 2277 4122 γώσας
2327 4048 2487 4105 αὑτὸν
2523 4049 2729 4103 ἔδωκεν
2761 4050 2842 4113 είς
2874 4048 3138 4119 μέταλλον
3167 4049 3491 4121 Σαρδονίας.
3537 4049 3685 4104 Μετά

2092 4142 2284 4214 χρόνον
2315 4141 2372 4193 δὲ
2394 4140 2439 4173 ⁸³
2471 4139 2677 4211 ἐτέρων
2704 4140 2822 4192 ἐκεῖ
2847 4140 3015 4193 δντων
3051 4139 3370 4211 μαρτύρων,
3407 4138 3685 4211 θελήσασα

2092 4235 2127 4305 ἡ
2157 4236 2383 4304 Μαρκῖο.
2414 4232 2577 4304 ἔργον
2608 4250 2663 4285 τι
2709 4232 2914 4301 ἀγαθὸν
2948 4234 3319 4303 ἐργάσασθαι,
3352 4228 3499 4287 οὖσα
3540 4232 3685 4302 φιλό-

2092 4324 2221 4389 θεος
2264 4324 2516 4395 παλλακὴ
2550 4324 2598 4356 ⁸⁸
2646 4323 2893 4394 Κομόδου
2929 4324 2998 4389 ⁸⁸,
3047 4324 3554 4396 προσκαλεσαμένη
3599 4324 3683 4377 τὸν

404 4421 578 4484 deret,
605 4417 817 4473 Callisti
849 4433 955 4473 non
994 4418 1164 4485 dedit,
1204 4421 1332 4492 quia
1376 4425 1530 4478 novit
1575 4422 1696 4494 ejus
1748 4433 1944 4481 conatu

2111 4417 2381 4488 μακάριον
2413 4417 2424 4487 |
2456 4417 2751 4489 Οὑῖκτορα,
2779 4416 2909 4469 δντα
2939 4416 3238 4469 ἐπίσκοπον
3259 4416 3361 4485 τῆς
3385 4416 3685 4486 ἐκκλησίας

403 4509 603 4565 Marcia
627 4510 790 4580 igitur
814 4524 1034 4580 compos
1062 4510 1204 4566 facta
1252 4511 1335 4567 sui
1375 4513 1482 4568 voti
1513 4528 1607 4583 per
1627 4513 1994 4571 Commodum

405 4603 740 4660 dimissionis
770 4601 980 4663 litteras
1010 4603 1099 4657 dat
1132 4601 1459 4675 Hyacintho,
1502 4604 1729 4675 spadoni
1777 4607 1993 4662 cuidam

406 4695 745 4767 presbytero,
779 4692 873 4764 qui
900 4694 1140 4763 acceptis
1163 4694 1361 4750 litteris
1382 4694 1434 4749 in
1468 4693 1777 4750 Sardiniam
1816 4706 1995 4751 trans-

405 4785 701 4857 navigavit,
729 4793 785 4840 et
815 4793 1099 4855 postquam
1138 4799 1232 4841 eas
1272 4784 1371 4849 illi,
1421 4786 1515 4856 qui
1564 4794 1695 4843 tunc
1735 4787 1996 4857 temporis

398 4878 456 4932 ei
488 4886 645 4931 terra:
674 4884 922 4947 praeerat,
959 4875 1201 4939 tradidit.
1227 4876 1435 4932 dimisit
1464 4887 1733 4950 martyres
1763 4887 1997 4948 excepto

405 4971 652 5025 Callisto.
674 4969 725 5024 ls
753 4980 935 5025 autem
962 4983 1137 5039 genua
1161 4968 1383 5025 flectens
1414 4968 1832 5042 lacrymansqne
1858 4985 1993 5041 sup-

2099 4508 2220 4562 κατ’
2260 4511 2437 4562 ἐκεῖνο
2474 4508 2696 4578 καιροῦ,
2742 4507 3039 4578 ἐπηρώτα.
3092 4508 3240 4570 τίνες
3288 4506 3368 4579 [ιι.
3413 4508 3526 4562 288
3562 4506 3683 4578 9.33]

2099 4593 2211 4652 εἷεν
2256 4601 2313 4651 ἐν
2343 4599 2608 4671 Σαρδονίᾳ
2654 4600 2951 4670 μάρτυρες.
3010 4600 3066 4653 Ὀ
3108 4598 3165 4650 δὲ
3202 4600 3425 4653 πάντων
3456 4599 3684 4660 ἀναδοὺς

2100 4692 2170 4745 τὰ
2208 4691 2467 4763 ὀνόματα,
2502 4692 2563 4745 τὸ
2597 4691 2691 4745 τοῦ
2718 4691 3020 4745 Καλλίστου
3052 4691 3152 4744 οὐκ
3179 4690 3401 4751 ἔδωκεν,
3433 4690 3595 4754 εἰδὼς
3620 4691 3687 4743 τε

2100 4784 2483 4856 τετολμημένα
2508 4784 2552 4816 ⁸⁸
2586 4785 2715 4857 παρ’
2746 4783 2934 4838 αὑτοῦ.
2988 4783 3240 4854 Τιδχοῦσα
3267 4780 3361 4838 οὖν
3394 4783 3497 4853 τῆς
3530 4785 3686 4850 ἀξιώ-

2104 4895 2244 4941 σεως
2272 4880 2305 4949 ὴ
2350 4877 2577 4949 Μαρκία
2606 4877 2758 4946 παρὰ
2788 4876 2884 4930 τοῦ
2910 4877 3177 4947 Κομόδου,
3200 4876 3389 4930 δίδωσι
3422 4877 3527 4947 τὴν
3550 4879 3683 4931 ἀπο-

2102 4968 2331 5041 λύσιμον
2369 4971 2413 5002 ⁸⁸
2463 4969 2751 5041 ἐπιστολὴν
2792 4970 3068 5044 Ὑακίνθῳ
3106 4971 3214 5025 τιν)⁸
3247 4972 3507 5026 σπάδοντι
3558 4988 3685 5041 πρι-

1688 5124 1924 5181 ἾᾹΒΙΛΕ
1970 5124 2264 5183 LECTION
2274 5126 2376 5182 ES.

501 5271 549 5345 το
587 5264 953 5345 τιόάροθενιρἰ
1020 5265 1097 5345 “ﬂ
1119 5261 1495 5345 συνειλῇφθαι.
1547 5261 1899 5345 συχηλείφθαι
1931 5262 2030 5345 C_,_
2053 5264 2124 5345 Μζ
2199 5266 2245 5345 ζ’
2268 5267 2377 5345 τῷν
2410 5266 2489 5345 δέ.
2514 5268 2625 5345 τῶν
2654 5284 2815 5345 susp1
2870 5267 3166 5345 Sauppins:
3236 5263 3289 5298 "
3321 5264 3687 5345 obtulimu-

409 5342 616 5400 senius,
639 5331 791 5402 οὗτος
817 5338 881 5401 C,
906 5334 978 5408 bl.
1054 5334 1105 5408 ’ζξ
1131 5331 1412 5408 πιστρῖνον
1440 5349 1592 5408 ειιει)ἶ
1616 5331 1907 5408 sauppius.
1983 5335 2134 5408 "56:3
2158 5336 2347 5390 αὐτοῦ.
2371 5337 2450 5406 τῷ
2479 5338 2630 5408 αὑτῷ
2656 5339 2717 5393 C.
2759 5331 2773 5339 ’
2795 5339 2841 5377 ⁷⁸
2869 5331 3246 5408 φρουρεῖσθαι.
3278 5336 3604 5408 φθορείσθαι
3624 5337 3682 5390 C.

410 5410 457 5481 ’ξ
512 5410 855 5481 σκεψάμενος
900 5407 964 5461 C.

1062 5405 1109 5439 ⁷⁸
1146 5404 1295 5466 στάς.
1321 5404 1595 5467 ἐπιστάςῖ
1689 5404 1734 5437 ⁷⁸
1766 5404 2064 5473 φοσκιανοῦ
2108 5404 2178 5461 Ε.

418 5473 748 5534 Βυηεθῐίἱιίδ.
779 5478 865 5533 Cf.
894 5492 1055 5546 supra
1095 5492 1151 5548 ρ.
1182 5475 1307 5548 455,
1548 5475 1594 5506 ⁸¹
1624 5473 1688 5526 σὺ
1716 5474 1884 5548 αὐτῷ.
1913 5476 2096 5548 ἐαυτῴ
2124 5478 2201 5545 C.‘
2266 5479 2312 5511 ⁸³
2343 5478 2429 5532 Cf.
2458 5473 2583 5534 cum
2614 5480 2700 5533 his
2732 5481 2826 5533 [)io

2275 5408 2321 5439 ⁸ο
2362 5407 2703 5477 ἀπαγγείλας
2762 5407 3070 5477 Roeperus,
3114 5408 3446 5477 ἐπαγγείλας
3496 5407 3563 5471 (Ι,
3620 5408 3686 5468 Μ.

2908 5494 3017 5533 ass.
3053 5481 3091 5533 l.
3119 5495 3287 5544 Lxxtt,
3319 5494 3369 5533 c.
3394 5476 3427 5529 ιι
3463 5494 3479 5529 :
3527 5478 3689 5530 Ἰστο-

412 5553 594 5671 ρςείται
615 5550 672 5603 δέ
694 5548 832 5621 αὕτη
855 5542 1026 5601 πολλά
1043 5542 1268 5613 τέὺπέρ
1290 5544 1399 5597 τῶν
1431 5545 1778 5629 Χριστιανῶν
1810 5542 2112 5600 σπουδάσαι
2139 5542 2231 5601 καὶ
2258 5548 2429 5602 πολλά
2450 5552 2651 5614 αὐτοὺς
2682 5551 3130 5621 εὐηργετηκέναι,
3162 5542 3397 5603 άτεκαλ⁵
3419 5551 3584 5651 παρὰ
3615 5548 3689 5615 τῷ

471 5619 691 5671 antidoto
718 5621 826 5671 πᾶν
855 5617 1149 5671 δυναμένη.
1227 5616 1272 5647 ⁸³
1302 5615 1519 5671 παλακη
1542 5615 1604 5671 C.
1679 5615 1724 5647 ⁸⁸
1748 5618 2018 5671 Κομόδου.
2059 5619 2348 5671 Κομαόδου
2372 5621 2398 5671 2
2481 5621 2527 5654 ⁸⁵
2558 5620 2792 5671 tmolum
2804 5623 2956 5671 uéva.
2994 5620 3309 5671 τολιιτιιιένα
3337 5620 3400 5671 C.
3478 5619 3501 5650 ‘-
3554 5625 3688 5671 απο-

3554 5637 3585 5671 2
3593 5632 3688 5671 πο·

416 5687 430 5697 δ

408 5684 677 5758 λύσιμονᾷ
699 5684 1041 5761 ἀπολυσίμην
1072 5684 1136 5757 C,
1185 5684 1261 5754 Μ,
1274 5684 1627 5743 εΒιιιιεειιίυε.

471 5619 691 5693 ομμόδῳ
712 5615 831 5693 πᾶν
855 5617 1149 5693 δυναμένη.
1185 5615 1519 5693 ηδ’-παλακὴ
1542 5615 1604 5671 C.
1679 5615 1724 5647 ⁸⁸
1748 5618 2018 5689 Κομόδου.
2059 5619 2348 5691 Κομμόδου
2371 5621 2398 5676 2
2481 5621 2527 5654 ⁸⁵
2558 5615 2956 5693 τετολμημέναζ
2994 5620 3309 5693 τολμημένα
3337 5620 3400 5676 C.
3478 5619 3501 5650 ε
