3808 6220
336 388 481 456 3389

1832 382 2205 443 ORIGENIS

3474 360 3624 429 3390

334 517 450 568 eos,
481 499 573 569 qui
603 496 752 553 omni
788 495 1024 552 lasciviae
1058 506 1115 551 et
1167 494 1521 550 immunditim
1546 502 1601 547 et
1622 492 1919 548 sceleribus

2088 492 2197 562 r1",
2218 490 2682 563 ἐιντισσιτρέψανταδι
2704 488 2796 541 καὶ
2811 485 2906 558 τῆς
2928 482 3109 556 βίϐλου
3133 476 3550 535 κατακούσαντα
3575 476 3623 504 ³⁸

333 591 562 649 immisti
594 590 704 643 sint
730 631 743 651 ,
778 589 989 643 etiamsi
1030 588 1205 643 lidelis
1262 588 1353 651 sit,
1394 586 1487 641 ubi
1519 586 1590 640 sit
1621 599 1923 641 conversus

333 693 389 739 et
417 681 799 754 ιϐιδ-465
829 681 969 735 libro
992 680 1291 736 ohediverit
1319 689 1373 734 et
1399 678 1712 743 crediderit,
1734 677 1924 732 delinit

332 784 393 828 ut
430 775 705 843 baptismo
728 774 960 841 accipiat
994 772 1373 827 remissionem
1411 780 1781 841 peccatorum.
1816 767 1925 824 Hos

335 875 518 921 autem
552 866 704 922 dolos
738 876 958 920 nectere
978 875 1208 921 conatus
1234 874 1337 929 est,
1366 864 1709 917 occasionem
1734 871 1924 917 nactus

335 967 365 1006 a
404 952 588 1008 schola
627 962 786 1008 antea
818 954 983 1018 dicta,
1016 955 1100 1007 cui
1147 955 1359 1021 pnel'uit
1393 953 1672 1008 Callistus.
1732 952 1926 1007 Multos

334 1044 482 1098 enim
524 1060 647 1099 cum
699 1044 1146 1099 animadverterit
1190 1045 1279 1099 tali
1326 1045 1685 1113 promissione
1716 1056 1925 1114 captos,

335 1145 699 1206 opportunum
717 1136 1014 1191 arbitratus
1034 1146 1117 1190 est
1149 1152 1261 1191 rem
1286 1137 1526 1207 aggredi.
1564 1137 1626 1190 Et
1650 1152 1746 1192 nos
1771 1152 1921 1199 vero,

335 1226 429 1295 qui
478 1227 603 1280 huic
659 1226 994 1291 restitimus,
1046 1241 1152 1280 non
1204 1227 1432 1281 sivimus
1487 1227 1691 1281 diutius
1740 1227 1925 1282 seduci

334 1318 558 1383 multos,
591 1332 715 1373 cum
741 1333 1190 1389 coargueremus,
1226 1334 1345 1373 esse
1373 1319 1477 1374 hoc
1507 1320 1729 1389 spiritus
1757 1320 1927 1389 spurii

337 1411 633 1466 ellicaciam
670 1422 1147 1482 commentumque
1193 1412 1374 1467 cordis
1425 1412 1617 1475 inﬂati,
1656 1413 1929 1483 istnmque

336 1503 513 1557 instar
560 1501 672 1572 lupi
722 1503 1021 1557 excitatum
1049 1516 1169 1557 esse
1215 1504 1475 1559 adversus
1522 1519 1651 1558 oves
1678 1517 1928 1560 errantes

337 1592 581 1659 multas,
634 1610 771 1665 quas
829 1595 1142 1651 seducendo
1188 1594 1446 1665 dispersit
1485 1595 1764 1651 Callistus.
1822 1594 1927 1650 Sed

337 1684 594 1751 quoniam
628 1684 839 1740 initiqu
871 1684 1133 1751 fecimus,
1171 1702 1348 1755 neque
1380 1687 1539 1755 hujus
1573 1687 1773 1758 placita
1805 1687 1931 1743 sile-

338 1776 563 1855 bimus;
609 1786 663 1833 et
691 1778 782 1832 ubi
820 1779 969 1849 prius
997 1779 1123 1833 vitae
1151 1781 1412 1833 rationem
1448 1781 1498 1835 in
1536 1780 1708 1836 lucem
1739 1790 1927 1851 protu-

2029 583 2124 635 καὶ
2152 583 2543 642 πιστεύσαντα,
2576 580 2749 652 ὁρίζει
2770 579 2816 610 ⁵³
2844 576 2924 648 [ρ.
2948 570 3258 642 292-294]
3282 567 3622 640 βαπτίσματι

2027 673 2329 744 λαμϐάνειν
2361 674 2556 743 ἄφεσιν
2598 673 2646 704 ⁸⁵
2685 668 2994 742 ἁμαρτιῶν.
3026 665 3212 718 Ταῦτα
3252 663 3310 716 δέ
3351 660 3621 729 ἐτόλμησε

2026 767 2290 837 τεχνάσαι
2333 768 2404 820 τά
2442 766 2882 835 πανουργήματα
2919 759 3027 814 ἀπὸ
3064 756 3162 810 τοῦ
3213 751 3621 825 προειρημένου

2026 858 2295 929 δόγματος
2330 856 2583 928 ἀφορμὴν
2628 854 2844 918 λαϐὼν,
2874 846 2935 907 οὗ
2969 850 3346 933 προεστήσατο
3381 845 3432 876 ⁸⁵
3472 842 3624 897 Κάλ-

2028 950 2230 1013 λιστος.
2290 950 2612 1020 Ἠδομένους
2643 949 2655 1020 ι
2686 948 2796 1018 γάρ
2850 938 3483 1013 κατανοήσαςπολλοίις
3525 936 3625 989 ἐπὶ

2027 1045 2251 1117 τοιαύτῃ
2280 1043 2583 1113 ἐπαγγελίᾳ
2614 1042 2887 1112 εὐκαίρως
2920 1038 3169 1108 ἐνόμισεν
3198 1034 3247 1065 ⁸⁸
3290 1033 3619 1102 ἐπιχειρεῖν.

2028 1138 2141 1191 Καὶ
2177 1136 2352 1206 τούτῳ
2382 1136 2439 1188 δὲ
2468 1137 2629 1207 ἡμεῖς
2666 1131 3019 1193 ἀντιστάντες
3066 1128 3166 1181 οὐκ
3199 1125 3466 1194 εἰάσαμεν
3498 1124 3624 1173 ἐπι-

2030 1230 2167 1285 πολὺ
2187 1228 2527 1300 πλανηθῆναι
2551 1227 2777 1289 πολλοίις
2795 1225 2863 1288 ⁵⁷,
2888 1222 3209 1292 ἐλέγξαντες
3230 1220 3276 1251 ⁸⁸
3293 1213 3434 1271 εῖναι
3460 1215 3625 1269 τοῦτο

2029 1323 2344 1394 πνεύματος
2379 1322 2537 1374 νόθου
2585 1319 2870 1390 ἐνέργειαν
2909 1317 3006 1370 καὶ
3056 1313 3301 1367 ἐπίνοιαν
3338 1325 3625 1379 πεφυσιωο

2034 1417 2203 1489 μένης
2233 1416 2486 1487 καρδίας,
2523 1415 2619 1469 καὶ
2646 1412 2834 1466 τοῦτον
2855 1411 3020 1464 λύκου
3048 1409 3206 1477 δίκην
3231 1401 3623 1475 ὲπεγηγερμέ-

2029 1526 2119 1561 νον
2148 1507 2523 1582 πλανωμένοις
2548 1505 2845 1576 προϐάτοις
2872 1502 3112 1564 πολλοῖς,
3142 1499 3178 1553 ά
3208 1494 3545 1553 άποπλανῶν
3576 1492 3623 1524 ⁸⁸

2028 1600 2411 1672 διεσκόρπισεν
2441 1602 2470 1653 ὁ
2503 1598 2825 1661 Κάλλιστος.
2868 1593 3010 1650 Ἀλλ’
3032 1593 3156 1646 ἐπεὶ
3179 1588 3496 1662 ἠρξάμεθα,
3526 1586 3623 1639 καὶ

2028 1693 2098 1747 τά
2125 1693 2316 1746 τούτου
2341 1692 2587 1763 δόγματα
2612 1692 2673 1744 ού
2707 1689 3079 1760 σιωπήσομεν
3114 1685 3193 1748 είς
3219 1682 3454 1752 φανερόν
3484 1696 3543 1731 τε
3574 1679 3622 1709 ⁸⁸

2031 1786 2329 1855 ἀγαγόντες
2369 1784 2636 1856 πρότερον
2668 1782 2761 1836 τὸν
2807 1780 2921 1851 βίον
2945 1820 2959 1842 ,
2992 1777 3085 1830 καὶ
3115 1775 3388 1839 δείξαντες
3433 1771 3481 1803 ⁸¹
3522 1770 3625 1840 τὴν

338 1869 569 1925 lerimus
620 1871 1131 1940 ostenderimusque
1184 1872 1421 1927 studium
1473 1872 1728 1941 pietatis,
1784 1874 1926 1943 quod

2088 1876 2396 1949 ιμιζομένην
2426 1876 2661 1947 ἄσκησιν
2688 1870 3061 1946 προσποιητὴν
3094 1870 3469 1938 ὑπάρχουσαν,
3514 1860 3581 1917 αὖ
3599 1892 3623 1902 -

340 1970 567 2028 putatur
602 1976 727 2017 esse
748 1962 1081 2029 simulatum,
1105 1979 1299 2018 rursus
1329 1965 1492 2019 etiam
1512 1966 1778 2021 dictorum
1810 1965 1929 2035 ejus

339 2052 612 2121 praecipua
649 2053 827 2124 capita
859 2054 1016 2121 juxta
1066 2071 1296 2125 ponam,
1346 2065 1403 2109 ut
1453 2057 1504 2110 in
1541 2058 1660 2125 ejus
1710 2056 1929 2126 scriptis

338 2141 515 2197 lector
547 2142 720 2198 oculis
751 2142 946 2199 dellxis
1004 2155 1339 2213 cognoscat,
1378 2162 1498 2216 quae
1546 2156 1599 2202 et
1639 2148 1817 2217 qualis
1860 2148 1933 2203 sit

340 2234 567 2289 haeresis
594 2234 663 2289 ab
693 2234 794 2290 hoc
820 2245 1047 2291 tentata.

424 2326 512 2384 Η.
552 2325 651 2381 llic
693 2327 827 2398 legis
856 2329 1203 2401 disciplinam
1246 2330 1532 2401 praetendit
1575 2330 1930 2387 blandimenti

343 2421 539 2489 gratia,
575 2421 830 2476 dictitans
856 2434 1110 2491 oportere
1143 2423 1458 2478 circumcidi
1507 2434 1561 2478 et
1591 2424 1692 2493 legi
1729 2440 1932 2481 conve-

343 2513 560 2568 nienter
580 2513 762 2568 vivere
782 2528 898 2579 eos,
929 2514 1019 2582 qui
1046 2514 1401 2578 crediderint,
1420 2515 1655 2568 avellens
1681 2516 1932 2570 nonnulla

344 2620 414 2659 ex
444 2604 745 2659 haeresibus
774 2621 935 2674 supra
964 2606 1142 2660 dictis.
1183 2605 1458 2660 Christum
1493 2622 1622 2661 vero
1652 2610 1726 2662 ait
1760 2609 1933 2664 homi-

343 2713 472 2753 nem
507 2700 697 2753 eodem
746 2699 908 2753 modo
960 2712 1069 2767 quo
1120 2698 1408 2755 universos
1442 2698 1690 2755 homines
1730 2700 1932 2756 factum

347 2807 473 2847 esse
503 2832 518 2857 ,
548 2793 695 2847 hunc
725 2800 906 2845 autem
952 2808 1055 2845 non
1098 2807 1243 2846 nunc
1286 2793 1460 2862 primo
1495 2807 1526 2846 e
1559 2790 1773 2861 Virgine
1814 2808 1936 2848 esse

347 2891 562 2947 natum,
588 2884 684 2937 sed
711 2882 873 2938 etiam
894 2882 1060 2951 prius,
1082 2890 1139 2937 et
1164 2896 1352 2937 rursus
1371 2881 1579 2951 pluries
1596 2892 1781 2936 natum
1812 2898 1933 2936 eum

348 2983 408 3027 et
436 2982 751 3029 nascentem
772 2974 1090 3044 apparuisse
1114 2981 1168 3028 et
1201 2974 1489 3039 exsistere,
1511 2984 1933 3029 commutantem

350 3067 632 3137 genituras
651 3076 704 3121 et
738 3066 790 3120 in
820 3065 926 3120 alia
960 3081 1189 3136 corpora
1223 3066 1568 3135 migrantem,
1599 3065 1937 3137 Pythagoreo

350 3162 445 3216 illo
470 3161 718 3232 dogmate
748 3175 897 3216 usus.
938 3161 1016 3215 Eo
1042 3169 1224 3215 autem
1255 3160 1524 3230 superbiae
1558 3169 1853 3226 venerunt,
1878 3170 1937 3213 nt

350 3260 407 3305 et
440 3250 605 3305 futuri
651 3251 907 3323 prmscios
940 3266 1060 3306 sese
1095 3250 1299 3316 dicant,
1332 3250 1542 3306 scilicet
1572 3250 1802 3306 modulis
1834 3266 1934 3304 nu-

354 3342 627 3408 merisque
668 3341 804 3396 artis
860 3343 1022 3395 modo
1075 3341 1234 3395 dicta:
1284 3340 1632 3411 Pythagorea:
1682 3351 1937 3410 tanquam

353 3433 709 3486 fundamento
743 3432 846 3487 usi.
889 3431 954 3485 lli
983 3432 1147 3488 etiam
1193 3431 1593 3487 mathematicis
1627 3440 1680 3486 et
1713 3431 1942 3487 astrolo-

356 3527 495 3595 gicis
525 3536 581 3580 et
613 3524 838 3593 magicis
868 3539 990 3581 sese
1016 3525 1295 3595 applicant
1327 3524 1475 3579 velut
1523 3524 1711 3590 certis,
1746 3524 1942 3593 quibus

357 3621 441 3673 usi
485 3620 855 3687 imprudentes
887 3619 1229 3688 perturbant,
1261 3604 1323 3672 ut
1357 3618 1500 3687 ipsos
1529 3617 1678 3671 verbi
1711 3618 1944 3686 potentis

356 3702 639 3779 compotes
671 3725 790 3766 esse
807 3711 1144 3765 arbitrentur
1168 3728 1184 3778 ;
1218 3711 1724 3778 incantationesque
1751 3718 1804 3765 et
1831 3709 1946 3775 epi-

357 3798 510 3865 logos
546 3798 809 3865 quosdam
844 3798 1039 3852 docent
1069 3798 1135 3851 ad
1164 3813 1259 3853 eos
1285 3840 1302 3864 ,
1342 3799 1435 3866 qui
1465 3813 1494 3850 a
1523 3799 1748 3852 canibus
1779 3796 1946 3851 morsi

358 3900 506 3952 sunt,
542 3900 597 3943 et
617 3889 684 3943 ad
710 3891 1072 3946 daemoniacos
1101 3892 1332 3959 aliisque
1363 3891 1564 3945 morbis
1583 3891 1943 3957 conllictatos,

360 3995 592 4049 quorum
623 3995 689 4033 ne
723 3981 837 4035 haec
864 3981 1080 4049 quidem
1124 3979 1427 4035 silebimus.
1459 3979 1749 4050 Postquam
1782 3982 1947 4052 igitur

361 4073 496 4127 satis
523 4071 760 4139 origines
791 4085 980 4125 eorum
1011 4073 1239 4141 exposui
1271 4086 1579 4139 causasque
1627 4083 1948 4137 conatuum,

360 4175 639 4217 transeam
676 4162 858 4216 adhuc
889 4173 1244 4217 enarraturus
1272 4163 1472 4231 scripta
1494 4204 1509 4227 ,
1558 4179 1655 4231 per
1687 4179 1807 4232 qua:
1854 4179 1948 4217 co-

362 4262 633 4323 gnoscent
684 4252 918 4307 lectores
955 4262 1010 4306 et
1062 4268 1233 4323 nugas
1272 4252 1390 4307 illas
1443 4262 1497 4307 et
1546 4254 1710 4322 impia
1761 4268 1951 4309 eorum

362 4345 667 4400 molimina.

435 4435 635 4508 466-
654 4434 817 4508 467
859 4435 947 4489 15.
968 4435 1300 4504 Baptismum
1322 4435 1487 4506 igitur
1501 4436 1811 4506 gregalibus
1841 4436 1953 4491 suis

2033 1970 2118 2034 θις
2147 1971 2243 2023 καὶ
2270 1970 2380 2023 τῶν
2411 1968 2592 2039 ῥητῶν
2624 1966 2897 2037 κεφάλαια
2931 1961 3352 2034 παραθήσομαν
3385 1960 3479 2012 ἵνα
3510 1960 3625 2020 τοῖς

2031 2062 2199 2118 αὐτοῦ
2230 2063 2530 2134 ἐγγράφοις
2558 2063 2587 2115 ό
2612 2059 2959 2129 ἐντυγχάνων
2988 2054 3302 2117 ἐνατενίσας
3340 2051 3622 2121 ἐπιγνοίη,

2030 2155 2113 2219 τίς
2141 2156 2237 2210 καὶ
2261 2154 2421 2209 ὁποία
2450 2153 2537 2224 είη
2561 2155 2595 2223 ἡ
2627 2153 2801 2222 τούτῳ
2829 2146 3211 2220 τετολμημένη
3241 2146 3479 2217 αἵρεσις.

2106 2336 2186 2388 ιδ’.
2221 2328 2389 2398 Οὗτος
2414 2332 2580 2402 νόμου
2611 2330 2890 2386 πολιτείαν
2920 2326 3288 2401 προϐάλλεται
3312 2322 3627 2390 δελεάσμα-

2032 2447 2123 2492 τος
2156 2429 2347 2497 δίκην,
2397 2426 2625 2496 φάσκων
2671 2424 2782 2478 δεῖν
2847 2419 3271 2495 περιτέμνεσθαι
3324 2418 3421 2471 καὶ
3482 2414 3627 2468 κατὰ

2032 2524 2197 2594 νόμον
2232 2521 2331 2591 ζῇν
2375 2519 2502 2581 τοὺς
2537 2516 2971 2578 πεπιστευκότας
2985 2519 3008 2574 ⁸,
3054 2512 3318 2567 ἀποσπῶν
3355 2527 3480 2563 τινα
3519 2510 3627 2561 τῶν

2034 2611 2454 2684 προειρημένων
2500 2607 2789 2678 αἱρέσεων.
2830 2605 2934 2659 Τὸν
2965 2604 3201 2674 Χριστὸν
3240 2601 3296 2654 δέ
3334 2600 3492 2668 λέγει
3528 2601 3630 2653 ἆν-

2036 2706 2255 2778 θρωπον
2280 2701 2473 2764 κοινῶς
2498 2701 2633 2754 πᾶσι
2660 2698 2968 2767 γεγονέναι,
2991 2696 3179 2751 τοῦτον
3201 2694 3258 2747 δὲ
3281 2694 3344 2747 οὐ
3365 2693 3464 2746 νῦν
3483 2690 3631 2762 πρώ-

2034 2814 2140 2859 τως
2170 2796 2234 2847 ἐκ
2263 2791 2542 2864 Παρθένου
2566 2787 2931 2859 γεγεννῆσθαι
2962 2788 3031 2850 ⁵’,
3060 2784 3193 2839 ἀλλὰ
3216 2783 3311 2837 καὶ
3336 2782 3630 2852 πρότερον,

2036 2888 2131 2942 καὶ
2162 2881 2317 2947 αὖθις
2349 2882 2608 2945 πολλάκις
2641 2881 2974 2953 γεννηθέντα
3008 2880 3102 2933 καὶ
3144 2874 3491 2946 γεννώμενον
3530 2890 3635 2925 πε-

2039 2978 2269 3051 φηνέναι
2334 2976 2428 3029 καὶ
2487 2974 2752 3044 φύεσθαι,
2819 2973 3159 3026 ἁλλάσσοντα
3221 2968 3472 3036 γενέσεις
3535 2966 3638 3017 καὶ

2042 3067 2656 3142 μετενσωματούμενον,
2683 3065 2877 3135 ἐκείνῳ
2906 3063 2983 3135 τῷ
3011 3060 3369 3131 Πυθαγορείῳ
3393 3059 3634 3127 δόγματι

2040 3161 2343 3231 χρώμενος.
2374 3156 2640 3212 Τοσοῦτον
2663 3157 2721 3210 δὲ
2737 3155 3133 3226 πεφυσίωνται,
3160 3152 3237 3217 ὼς
3265 3153 3365 3205 καὶ
3389 3168 3641 3224 προγνω-

2044 3254 2262 3314 στικοὺς
2290 3252 2515 3315 ἑαυτοὺς
2543 3252 2747 3320 λέγειν,
2774 3250 3018 3320 δηλονότι
3044 3250 3091 3281 ⁸³
3120 3246 3343 3319 μέτροις
3392 3247 3492 3300 καὶ
3521 3248 3644 3318 ἀρι-

2043 3349 2069 3402 θ
2082 3350 2202 3419 μοῖς
2234 3347 2334 3416 τῆς
2380 3344 2787 3417 προειρημένης
2812 3341 3185 3413 Πυθαγορείου
3220 3341 3425 3411 τέχνης
3464 3341 3641 3411 ἀφορ-

2046 3441 2173 3510 μαῖς
2207 3437 2255 3469 ⁵⁵
2315 3436 2655 3508 χρωμένους.
2711 3428 2873 3488 Οὗτοι
2922 3432 3019 3486 καὶ
3080 3431 3490 3503 μαθηματικοῖς
3546 3431 3643 3483 καὶ

2043 3527 2450 3597 άστρολογικοῖς
2481 3525 2575 3578 καὶ
2607 3524 2859 3595 μαγικοῖς
2891 3520 3254 3593 προσέχουσιν
3281 3520 3359 3584 ὡς
3387 3517 3641 3589 ἀληθέσι,

2044 3622 2141 3675 καὶ
2166 3618 2376 3680 τούτοις
2412 3615 2682 3687 χρώμενοι
2706 3615 3041 3685 ταράσσουσι
3059 3613 3183 3675 τοὺς
3206 3612 3456 3683 ἄφρονας
3486 3611 3641 3679 νομί-

2047 3712 2161 3776 ζειν
2190 3711 2235 3744 ⁵⁸
2267 3709 2465 3771 αὐτοὺς
2498 3706 2658 3775 λόγου
2701 3702 2929 3758 δυνατοῦ
2969 3702 3241 3773 μετ-ἔχειν’
3280 3700 3545 3761 ὲπαοιδάς
3585 3715 3644 3749 τε

2046 3810 2142 3859 καὶ
2173 3806 2183 3874 |
2214 3803 2499 3872 ἐπιλόγους
2520 3801 2672 3862 τινάς
2696 3799 3007 3853 διδάσκουσι
3037 3796 3172 3868 πρός
3190 3811 3250 3847 τε
3275 3793 3645 3863 κυνοδήκτους

2048 3898 2145 3950 καὶ
2177 3894 2574 3965 δαιμονιῶντας
2609 3891 2703 3946 καὶ
2748 3890 2965 3962 ἑτέραις
2994 3889 3173 3951 νόσοις
3206 3885 3642 3955 κατεχομένους,

2049 3981 2125 4041 ὧν
2154 3986 2275 4040 ούδέ
2304 3985 2477 4038 ταῦτα
2518 3984 2893 4054 σιωπήσομεν.
2938 3981 3162 4044 ’ἱκανῶς
3192 3974 3287 4033 οὗν
3321 3980 3426 4039 τὰς
3471 3978 3645 4046 ἀρχάς

2050 4080 2230 4135 αὐτῶν
2253 4078 2655 4149 διηγησάμενος
2689 4077 2788 4140 τάς
2817 4094 2877 4129 τε
2907 4075 3087 4137 αἰτίας
3109 4073 3214 4127 τῶν
3248 4070 3642 4143 τολμημάτων,

2053 4169 2467 4241 παρελεύσομαι
2515 4167 3008 4237 ἐπιδιηγησόμενος
3028 4165 3074 4201 ⁸⁸
3129 4163 3197 4217 τά
3246 4162 3532 4234 ἕγγραφα,
3583 4160 3647 4212 δι’

2053 4256 2130 4315 ὧν
2161 4262 2407 4315 εἴσονται
2450 4261 2501 4314 οἱ
2543 4260 2963 4329 ἐντυγχάνοντες
3004 4256 3096 4310 τόν
3127 4273 3186 4309 τε
3238 4255 3415 4326 λῆρον
3446 4255 3547 4306 καὶ
3583 4252 3651 4304 τά

2052 4353 2191 4407 ἄθεα
2225 4353 2407 4406 αὐτῶν
2436 4352 2863 4422 ἐπιχειρήματα.

2129 4442 2217 4516 [ιι.
2257 4443 2383 4499 294.
2416 4441 2556 4513 295]
2588 4449 2670 4499 ιε’.
2700 4442 2773 4495 Τὸ
2807 4442 2904 4512 μὲν
2945 4435 3040 4493 οὖν
3074 4438 3363 4509 βάπτισμα
3396 4439 3517 4500 τοῖς
3559 4434 3649 4489 ἀπ’

366 4528 423 4581 in
454 4530 593 4582 [tunc
611 4530 825 4581 modum
849 4527 1031 4591 tradit,
1052 4527 1177 4581 talia
1200 4530 1445 4596 quzedam
1471 4529 1655 4583 dicens
1675 4530 1941 4585 seductis:

2088 4534 2178 4586 εὖτ’
2361 4532 2502 4597 ένοις
2554 4533 2598 4563 ⁵⁷
2628 4530 2804 4595 οὕτως
2844 4530 3213 4603 παραδίδωσι,
3248 4530 3434 4582 τοιάδε
3482 4528 3651 4595 λέγων

370 4620 430 4674 Si
464 4620 581 4691 quia
608 4620 790 4689 igitur,
822 4619 946 4687 ﬁlii,
976 4619 1127 4672 coivil
1158 4636 1277 4672 cum
1308 4620 1661 4690 qualicunque
1686 4622 1851 4675 bestia
1876 4622 1953 4675 vel

366 4711 607 4766 masculo
634 4712 712 4765 vel
736 4728 916 4766 sorore
950 4712 1026 4765 vel
1051 4712 1170 4778 ﬁlia
1190 4751 1205 4776 ,
1253 4712 1328 4764 vel
1362 4713 1675 4768 ad'ulteravil
1704 4714 1779 4769 rel
1811 4731 1956 4768 scor—

372 4814 515 4857 tatu:
542 4813 615 4857 est
640 4844 656 4868 ,
700 4804 908 4874 vultque
946 4804 1305 4858 remissionem
1330 4815 1659 4872 peccatorum
1702 4807 1956 4873 nancisci,

2059 4630 2175 4691 τοῖς
2198 4627 2601 4697 ἀπατωμένοις·
2625 4627 2698 4678 ΕΖ
2727 4643 2817 4691 τις
2856 4623 2988 4687 οὖν,
3023 4626 3235 4684 τέκνα,
3266 4622 3653 4687 ἐπλησίασεν

2064 4715 2394 4784 οίῳδιὶποτε
2410 4715 2456 4747 ⁸⁸
2477 4712 2612 4781 ζώω,
2638 4713 2676 4783 ἣ
2699 4715 2923 4784 ἇρῤενι,
2954 4714 2992 4782 ἢ
3022 4710 3281 4780 ἀδελφῇ,
3314 4711 3354 4779 ἢ
3387 4709 3648 4780 θυγατρί.

2066 4809 2105 4878 ἢ
2132 4808 2494 4878 ἐμοίχευσεν
2520 4806 2559 4876 ἡ
2589 4806 2942 4876 ἐπόρνευσε,
2973 4806 3074 4860 καὶ
3102 4804 3264 4860 θέλει
3291 4802 3521 4872 ἄφεσιν
3548 4806 3649 4856 .la—

1685 4982 1924 5039 VAlllE.
1958 4982 2370 5040 LECTIONES.

447 5135 494 5210 Ψ
518 5138 567 5189 εἰ
590 5138 686 5210 καὶ
716 5139 907 5210 πιστὸς
938 5139 1051 5210 εἴη.
1076 5139 1240 5195 Vocis
1261 5139 1451 5203 πιστὸς
1485 5140 1698 5210 litteras
1725 5158 1818 5194 στο
1849 5144 1901 5196 in
1929 5139 1970 5195 C
1998 5155 2192 5195 exesas
2217 5156 2339 5195 esse
2367 5140 2499 5195 dicit
2528 5139 2601 5203 Μ,
2626 5140 2715 5208 qni
2743 5137 3045 5193 addendum
3075 5148 3413 5210 _i_-ensetz_t;;
3440 5134 3519 5196 ὡς
3568 5150 3657 5210 πι-

384 5209 546 5296 στοὺς
575 5204 737 5296 εἶιναι,
767 5204 1217 5296 και-Βιιιιεθιιίιιε,
1253 5210 1306 5261 εἴ
1335 5228 1418 5293 τις
1451 5209 1935 5296 πιστὸςθεῖηθειιερ.
1972 5210 2264 5296 διξιιιρρίιιξ.
2340 5213 2385 5242 δι
2416 5204 2843 5293 ἐπιστρέψαντα.
2870 5207 3269 5296 τιέςιιειτριέιξλανεξξτ.
3298 5206 3363 5269 C,
3396 5204 3655 5288 ἐπιστρέ-

372 5278 590 5347 ψαντας
623 5279 833 5333 Ritschl
871 5281 906 5334 l.
939 5280 976 5334 Ι.

375 5348 573 5419 ὁρίζει.
598 5350 1002 5412 πιστεύσαντας
1029 5350 1261 5405 Ritschl.

376 5420 441 5473 C.
478 5418 548 5473 M.
659 5418 707 5451 “
740 5421 1006 5473 ένόμησεν
1030 5421 1093 5473 C.
1168 5420 1214 5453 ‘7
1243 5440 1261 5473 τ

377 5460 509 5543 νῶν,
562 5458 988 5555 ἀποπλανῶ-νη),
1020 5491 1348 5546 Bnnsenins.

377 5576 469 5621 τες
503 5561 600 5613 καὶ
619 5558 682 5626 C,
707 5560 1028 5615 Bnnsenins.

1139 5562 1187 5593 "
1219 5562 1549 5631 γεγενῆσθαι
1579 5563 1641 5617 C.

379 5644 531 5681 τοι-ι’.
573 5629 637 5684 C.

1092 5280 1137 5311 ³⁵³
1163 5281 1611 5337 κατακούσαντα.
1644 5278 1959 5335 ἀκούσαντα
1994 5278 2302 5334 Bunscnius
2322 5321 2337 5347 ,
2369 5278 2823 5344 κατακούσαντας
2870 5278 3101 5333 Ritschl.

1374 5352 1666 5421 “ageam.
1702 5351 1895 5420 ἄφεσιν
1942 5352 2141 5421 ἄφεσιν
2174 5351 2238 5407 C.

659 5418 1093 5492 δθμένόμησενγϐ.
1168 5420 1214 5453 ⁸⁷
1243 5415 1583 5491 πλανηθῆναι
1615 5415 1866 5486 πολλούς.
1910 5415 2266 5492 πλανηθῆναι,
2302 5415 2534 5483 πολλοῦς
2563 5421 2625 5475 C.
2675 5415 2741 5453 ’⁸⁸
2760 5417 3219 5492 ἐλλέγξαντεςᾲᾷζ
3280 5415 3385 5470 ηδ
3408 5415 3661 5492 ἀποπλα-

825 5491 891 5542 ῶν
924 5491 988 5555 C,
1020 5491 1348 5546 Bnnsenins.
1432 5492 1479 5523 ⁵ο
1512 5493 1743 5562 ςανερὸν
1776 5493 1831 5546 τί
1859 5492 1922 5551 C.
1947 5491 2179 5564 φανερὸν
2209 5492 2266 5546 δὲ
2310 5509 2461 5562 susp.
2494 5493 2786 5561 Sauppius.

826 5561 1028 5615 senius.
1139 5562 1187 5593 “
1219 5562 1549 5618 γεγενῆσθαι
1579 5563 1641 5617 C.
1717 5563 1764 5595 ⁸³
1789 5564 2052 5618 δηλονότι.
2087 5562 2249 5618 δῆλον
2276 5562 2339 5618 C.
2451 5564 2499 5594 ⁸⁸
2531 5564 2786 5618 ἀφορμαί.

712 5580 1028 5615 nunsenins.
1139 5580 1187 5593 υ·
1219 5580 1549 5631 γεγενησυαι
1579 5580 1641 5617 ιλ.
1717 5580 1764 5595 ’⁸
1789 5580 2052 5631 οηλονοτι.
2087 5580 2249 5632 οηΑον
2276 5580 2339 5618 C.
2451 5580 2499 5594 υ*
2531 5580 2829 5632 αφορμαις.
2864 5580 2897 5613 α

712 5630 759 5661 ⁸⁸
791 5630 1065 5703 νομίζειν,
1090 5630 1172 5684 An
1213 5633 1288 5703 ὡς
1320 5634 1586 5701 νομίζειν,
1629 5634 1818 5701 ntjain
1848 5634 1895 5686 Μ
1928 5635 2203 5703 conjecit?
2300 5635 2347 5666 ⁸⁸
2385 5632 2897 5702 ἐπιδιηγησόμενος.

3205 5276 3253 5308 ⁸³
3282 5275 3657 5328 πιστεύσαντα

2353 5352 2398 5383 ⁸⁸
2445 5355 2829 5422 προεστήσατο
2870 5349 3197 5422 Bnnsenius,
3261 5347 3655 5422 παρεστήσατο

2896 5485 2941 5522 ⁵⁸
2984 5489 3081 5543 καὶ
3107 5488 3417 5566 δείξαντες..
3447 5485 3661 5566 δείξας).

2451 5564 2505 5641 δῖ
2531 5557 2829 5641 ἀφὸρμαῖςο
2864 5560 3119 5641 ἀφρρμξῖς
3162 5557 3339 5641 1"an
3395 5559 3658 5641 ἀφῖηρμέε

2948 5625 3284 5707 ἐπιδιηγησά
3293 5643 3452 5697 μενος
3480 5625 3547 5707 β,
3587 5631 3656 5707 at:

383 5699 434 5773 ξζ
460 5698 554 5773 ἀπ’
583 5698 825 5773 αὐτ......
857 5696 1020 5773 ένοις.
1047 5702 1143 5753 ὑπ’
1170 5702 1338 5754 αὑτοῦ
1367 5696 1738 5773 ἀπαγομένοις
1772 5704 1839 5757 Β.
1868 5696 2111 5773 Sgottus,
2141 5703 2232 5756 ὑπ’
2275 5704 2471 5757 ἐαυτοῦ
2512 5696 2806 5773 ἀγομένοις
2853 5705 2934 5773 vel
2973 5702 3071 5773 ἀπ’
3096 5696 3260 5773 αίυτού
3291 5696 3660 5773 γενομένζοιςῗ

386 5766 436 5852 ζ’
461 5763 579 5852 οιῖνἑ
608 5767 795 5849 τέκνα,
810 5770 1130 5852 ,πληςίασεν
1157 5773 1460 5852 omnem;
1495 5763 1567 5824 ll:
1595 5763 1836 5852 Sputtns,
1866 5770 1961 5852 ρῦν
1983 5763 2153 5827 τέκνα
2184 5774 2499 5847 πλησιάσει,
2534 5763 2870 5848 οίοδήποτε
2892 5771 2933 5829 C
2984 5767 3079 5825 οὖν
3103 5763 3652 5841 τεκνὲιρπλησιὰσει,

386 5832 426 5904 ἢ
453 5836 599 5905 οἰῳδ.
632 5832 787 5908 conj.
808 5839 879 5907 M,
903 5832 998 5895 οὖν
1034 5842 1208 5913 τέκνῳ
1225 5832 1594 5913 ἐπλησίασεν,
1627 5844 1659 5916 ἢ
1691 5832 1836 5917 οίῳδζ
1864 5844 2165 5916 lloeperus.
