3808 6220
394 232 535 297 3409
1884 236 1962 297 Ol

2078 234 2255 293 ENIS
3525 232 3672 300 3410

395 356 646 402 amantes
689 354 839 413 sunt,
886 345 1169 402 Sadducmi
1210 354 1394 401 autem
1440 346 1524 402 sui
1567 347 1826 415 ipsorum.
1863 349 1962 402 ILei

2089 345 2424 415 φιλάλληλοι,
2474 347 2522 398 οξ
2552 346 2609 399 δὲ
2641 344 2988 398 Σαδδουκαῖοι
3014 343 3282 413 φίλαυτοι.
3330 344 3479 415 Δῦτη
3511 349 3546 417 ἡ
3579 348 3671 401 αῖ-

395 452 545 496 secta
580 440 632 494 in
668 439 913 494 Samaria
943 439 1233 495 admodum
1262 438 1567 509 praevaluit.
1616 438 1683 491 Et
1718 439 1817 507 ipsi
1856 455 1962 493 veri

2096 457 2243 511 ρεσις
2298 439 2426 509 περὶ
2468 439 2565 507 τὴν
2600 438 2918 508 Σαμάρειαν
2962 438 3161 507 μᾶλλον
3192 438 3520 510 ἐκρατύνθη.
3557 441 3671 494 Kal.

394 533 465 589 ad
516 532 653 604 legis
703 549 883 588 mores
930 547 989 588 se
1041 532 1363 602 applicant,
1425 533 1670 586 dicentes
1734 544 1962 596 oportert

2091 528 2245 582 αὐτοὶ
2274 528 2331 580 δὲ
2381 530 2492 590 τοῖς
2523 527 2617 581 τοῦ
2645 527 2812 597 νόμου
2838 526 2989 580 ἔθεσι
3023 527 3371 597 προσέχουσι,
3408 528 3667 596 λέγοντες

394 639 669 695 quemque
714 625 790 679 ita
842 624 1048 689 vivere,
1091 634 1149 677 ut
1197 624 1423 693 pulchre
1454 624 1599 677 vivat
1634 634 1687 676 et
1734 622 1874 677 ﬁlios
1929 624 1962 676 il

2088 620 2200 674 δεῖν
2221 618 2363 671 οὕτω
2396 618 2516 689 ζῇν,
2552 619 2641 673 ἴνα
2664 619 2845 681 καλῶς
2868 618 3043 690 βιώσῃ
3076 621 3165 672 καὶ
3196 622 3206 688 |
3238 619 3404 672 τέκνα
3433 621 3527 673 ἐπὶ
3559 621 3667 689 γῆς

399 726 543 770 terra
587 715 885 784 relinquat.
924 717 1003 771 Ad
1030 716 1323 786 prophetas
1349 724 1533 770 autem
1582 730 1689 769 non
1723 729 1782 769 se
1814 713 1962 783 appli'

2091 711 2417 781 καταλείπῃ.
2463 712 2775 781 Προφήταις
2806 711 2862 763 δὲ
2900 710 2959 763 ού
2990 710 3369 781 προσέχουσιν,
3400 709 3514 763 ἀλλ’
3546 711 3666 764 οὐδὲ

395 822 548 873 cant,
574 826 754 879 neque
784 811 850 863 ad
892 810 1028 865 ullos
1054 810 1191 865 alios
1221 808 1515 879 sapientes,
1564 809 1667 863 nisi
1709 808 1878 864 solum
1914 824 1962 861 at

2090 804 2298 874 ἑτέροις
2342 805 2455 857 τισὶ
2504 807 2711 872 σοφοῖς,
2763 802 2904 875 πλὴν
2954 803 3101 875 μόνῳ
3149 802 3229 873 τῷ
3279 802 3367 856 διὰ
3420 803 3666 865 Μωσέως

394 903 562 960 Musis
592 904 788 975 legem,
821 904 956 957 nihil
1001 905 1445 974 interpretantes.
1493 904 1617 958 Hac
1643 904 1805 973 igitur
1831 912 1962 957 sunt

2089 897 2260 967 νόμῳ,
2290 898 2455 968 μηδὲν
2481 896 2898 967 ἑρμηνεύοντες.
2928 896 3111 949 Ταῦτα
3136 896 3238 967 μὲν
3264 892 3382 962 οῦν,
3426 896 3464 950 ἀ
3496 899 3593 951 καὶ
3615 898 3664 950 οῖ

393 1013 513 1065 qua:
547 1006 601 1050 et
632 995 911 1050 Saddncaai
944 996 1191 1065 diligunt.

396 1126 401 1129 η
464 1087 557 1141 30.
599 1086 865 1153 Quoniam
920 1086 1082 1156 igitur
1128 1097 1181 1143 et
1236 1103 1356 1158 qua:
1408 1088 1551 1143 inter
1595 1086 1806 1144 Iudaeos
1852 1100 1979 1146 sunt

393 1176 732 1233 differentias
756 1179 1125 1246 exposuimus,
1158 1192 1467 1249 congruens
1509 1180 1641 1234 mihi
1669 1194 1793 1235 esse
1823 1182 1977 1237 vide-

396 1278 503 1333 tur,
534 1269 695 1324 etiam
725 1268 926 1323 cultum
955 1283 1144 1322 eorum
1176 1268 1421 1323 divinum
1456 1270 1676 1324 silentio
1704 1286 1810 1326 non
1839 1287 1977 1341 pra:-

394 1363 716 1417 ternnittere.
761 1363 861 1417 Est
900 1362 1066 1429 igitur
1112 1362 1255 1431 apud
1294 1360 1513 1417 Iudaeos
1561 1362 1615 1417 in
1660 1364 1973 1419 universum

392 1452 638 1506 doctrina
684 1449 754 1505 de
798 1449 943 1505 cultu
1003 1451 1189 1505 divino
1233 1451 1611 1521 quadruplex:
1647 1452 1971 1522 theologica,

389 1542 674 1608 naturalis,
733 1542 981 1604 moralis,
1046 1542 1372 1612 hierurgica.
1426 1543 1497 1598 Et
1554 1545 1713 1601 deum
1754 1549 1973 1617 quidem

386 1650 556 1691 unum
586 1650 706 1691 esse
727 1636 902 1700 aiunt,
937 1645 993 1690 et
1013 1635 1261 1703 opiﬁcem
1294 1636 1535 1692 universi
1570 1648 1627 1693 et
1662 1638 1971 1702 Dominum,

2087 989 2437 1043 Σαδδουκαῖοι
2463 989 2849 1061 αίρετίζουσιν.

2156 1082 2219 1136 λ’.
2260 1084 2414 1137 Ἐπεὶ
2439 1084 2621 1136 τοίνυν
2648 1082 2861 1146 καὶτὰς
2889 1082 3039 1152 παρὰ
3079 1081 3358 1145 Ἰουδαίοις
3398 1080 3665 1151 διαφορὰς

2086 1176 2445 1247 ἐκτεθείμεθα
2464 1178 2533 1242 ⁸²,
2575 1175 2794 1245 εύλογον
2835 1177 2983 1230 δοκεῖ
3020 1178 3114 1229 καὶ
3147 1176 3245 1247 τὴν
3279 1176 3514 1245 ἄσκησιν
3567 1177 3666 1245 τῆς

2084 1269 2289 1323 τούτων
2326 1270 2637 1332 θεοσεϐείας
2670 1270 2745 1341 μὴ
2771 1270 3155 1340 παρασιωπᾷν.
3193 1270 3351 1321 Ἔστι
3377 1268 3477 1339 μὲν
3512 1264 3663 1338 οὖνὴ

2084 1362 2226 1417 κατά
2265 1363 2473 1427 πάντας
2532 1364 2820 1426 Ἰουδαίους
2858 1363 3001 1416 κατά
3028 1364 3128 1433 τὴν
3162 1362 3478 1416 θεοσέϐειαν
3515 1379 3663 1432 πρα-

2082 1454 2317 1525 γματεία
2342 1458 2600 1527 τετραχῆ,
2637 1455 2945 1524 θεολογική,
2976 1455 3205 1525 φυσικὴ,
3229 1453 3418 1524 ἠθικὴ,
3447 1455 3664 1522 ἱερουρο

2082 1548 2233 1618 γική.
2265 1547 2375 1600 Καὶ
2393 1547 2483 1601 τὸν
2505 1547 2603 1617 μέν
2622 1547 2753 1601 Θεὸν
2774 1547 2871 1601 ’ένα
2897 1543 3036 1599 εἶναι
3067 1546 3303 1615 λέγουσι,
3326 1545 3663 1616 δημιουργόν

2081 1654 2141 1689 τε
2184 1637 2279 1691 τοῦ
2319 1637 2520 1701 παντὸς
2552 1638 2647 1691 καὶ
2675 1636 2930 1709 Κ[ύριον]
2953 1638 3021 1701 ⁸³,
3064 1638 3368 1708 ποιήσαντα
3384 1637 3568 1690 πάντα
3600 1636 3660 1687 οὖ

389 1729 480 1798 qui
504 1728 695 1783 fecerit
722 1728 997 1794 universa,
1028 1743 1152 1781 cum
1198 1738 1358 1783 antea
1399 1743 1509 1784 non
1555 1729 1760 1784 fuerint
1799 1745 1962 1799 neque

2077 1727 2342 1798 πρότερον
2385 1725 2565 1799 ϐ[ντα]
2586 1727 2652 1786 ⁸⁸,
2681 1727 2801 1779 οὐδὲ
2832 1725 2895 1779 ἐκ
2934 1742 3079 1789 τινος
3128 1724 3501 1795 ὑποκειμένης
3530 1739 3661 1788 συγ·

389 1836 461 1875 ex
488 1818 804 1888 subjacente
823 1821 1058 1889 quadam
1080 1820 1384 1875 substantia
1414 1836 1618 1887 coaeva,
1651 1822 1745 1877 sed
1780 1822 1971 1877 volens

390 1923 449 1969 et
483 1927 699 1976 creans,
736 1919 792 1965 et
836 1926 963 1968 esse
991 1912 1212 1982 angelos
1249 1928 1451 1982 eosque
1493 1913 1666 1970 factos
1715 1914 1782 1969 ad
1811 1915 1974 1970 mini-

388 2003 672 2060 strandum
714 2003 877 2057 rebus
903 2003 1129 2068 creatis,
1160 2016 1345 2057 verum
1367 2018 1491 2059 esse
1526 2004 1689 2059 etiam
1722 2005 1973 2073 spiritum

389 2102 678 2171 quemdam
710 2109 991 2170 potentem
1022 2100 1089 2153 ad
1118 2097 1506 2153 celebrandum
1541 2107 1599 2151 et
1645 2096 1971 2151 laudandum

389 2194 530 2263 apud
560 2192 727 2247 Deum
764 2206 978 2261 semper
1008 2200 1413 2260 permanentem
1439 2205 1455 2254 ;
1480 2187 1664 2242 omnia
1709 2200 1891 2244 autem
1920 2190 1972 2242 in

388 2287 554 2342 rebus
600 2286 802 2340 creatis
839 2300 1057 2339 sensum
1112 2282 1336 2347 habere,
1394 2281 1640 2351 nihilque
1686 2294 1809 2335 esse
1855 2281 1975 2334 ina-

388 2375 555 2430 nime.
608 2374 674 2428 Et
726 2373 971 2427 moribus
1028 2371 1249 2426 student
1295 2370 1541 2425 honestis
1607 2370 1973 2437 modestzeque

389 2464 535 2529 vitae,
565 2464 724 2519 sicuti
753 2478 820 2516 ex
850 2463 1061 2531 legibus
1085 2476 1417 2529 cognoscere
1454 2461 1600 2516 licet.
1636 2459 1761 2514 llaec
1790 2470 1968 2514 autem

384 2557 513 2611 olim
560 2567 816 2612 accurate
857 2556 1077 2610 delinita
1116 2564 1275 2610 erant
1310 2554 1453 2623 apud
1490 2555 1656 2623 ipsos,
1702 2553 1791 2623 qni
1835 2553 1974 2606 anti-

385 2650 593 2716 quitus,
640 2664 748 2701 non
798 2662 970 2716 nuper
1012 2646 1183 2715 legem
1224 2646 1481 2699 traditam
1513 2653 1859 2713 acceperunt,
1895 2645 1969 2697 ita

386 2750 447 2793 ut
486 2740 656 2793 lector
694 2745 972 2807 stupescat
1015 2738 1067 2791 in
1105 2747 1254 2791 tanta
1307 2738 1569 2791 modestia
1612 2744 1667 2790 et
1713 2745 1969 2789 accurata

386 2832 664 2902 diligentia
693 2846 906 2885 morum
943 2829 1147 2883 homini
1180 2830 1297 2896 lege
1321 2836 1661 2883 sanctorum.
1688 2826 1970 2895 Hierurgi-

386 2941 510 2979 cum
553 2935 734 2979 autem
783 2923 1146 2977 ministerium
1176 2934 1521 2990 summopere
1570 2922 1845 2975 excultum
1886 2929 1971 2975 est

386 3015 527 3085 apud
570 3030 690 3080 eos,
724 3014 985 3068 decenter
1016 3012 1229 3067 numini
1256 3012 1442 3067 divino
1477 3013 1967 3075 accommodatum,

383 3108 545 3163 sicuti
576 3107 643 3161 iis
664 3106 755 3175 qui
780 3105 989 3169 volunt,
1018 3105 1063 3160 si
1087 3104 1307 3169 librum,
1331 3104 1425 3174 qui
1451 3105 1517 3159 de
1543 3105 1627 3161 bis
1650 3106 1811 3161 rebus
1835 3107 1967 3177 agit,

384 3199 591 3270 legunt,
622 3196 977 3270 592-593
1007 3195 1166 3250 facile
1198 3205 1284 3251 est
1313 3197 1556 3264 cognitu,
1590 3211 1753 3265 qnam
1802 3197 1972 3252 hone-

386 3300 469 3347 ste
491 3300 545 3345 et
574 3290 825 3358 religiose
848 3288 956 3343 Deo
982 3286 1277 3343 oﬂ‘erentes
1302 3287 1573 3356 primitias
1603 3302 1813 3353 eorum,
1848 3302 1993 3357 qua!

384 3383 455 3438 ab
495 3382 614 3452 ipso
658 3381 709 3435 in
768 3396 924 3434 usum
966 3389 1022 3435 et
1062 3382 1404 3434 commodum
1451 3380 1730 3434 hominum
1769 3381 1967 3434 donata

388 3484 537 3540 sunt,
567 3472 685 3539 eius
718 3472 870 3541 jussu
899 3471 1148 3525 ordinate
1177 3481 1234 3525 et
1267 3471 1485 3525 assidue
1511 3470 1962 3525 ministraverint.

388 3562 590 3619 Horum
621 3573 800 3617 autem
836 3562 1014 3630 aliqua
1042 3560 1323 3616 Sadduaei
1351 3570 1583 3630 negant;
1613 3562 1800 3615 uolunt
1820 3561 1965 3615 enim

384 3657 607 3725 angelos
645 3655 729 3709 vel
774 3655 998 3723 spiritus
1038 3664 1278 3709 exstare.
1329 3654 1530 3709 Omnes
1578 3665 1759 3709 autem
1802 3652 1966 3709 simili

387 3748 549 3803 modo
592 3747 866 3802 Christum
917 3754 1255 3816 exspectant,
1305 3761 1430 3799 cum
1474 3746 1559 3800 lex
1606 3755 1660 3801 et
1691 3748 1967 3815 prophetae

388 3843 746 3894 adventurum
778 3840 1283 3909 pranuntiaverint,
1326 3837 1494 3894 Judaei
1531 3850 1710 3895 autem
1752 3849 1965 3910 tempus

385 3929 504 3995 ejus
549 3929 815 3983 adventus
874 3944 978 3982 non
1028 3930 1383 4000 agnoverint,
1440 3932 1512 3983 ita
1569 3940 1628 3983 ut
1687 3944 1966 3987 remaneat

384 4019 622 4088 suspicio
657 4019 991 4087 putantibus,
1021 4034 1106 4083 ea,
1144 4034 1265 4089 qua:
1300 4020 1367 4075 de
1405 4021 1640 4075 adventu
1676 4020 1797 4087 ejus
1822 4021 1964 4076 dicta

384 4118 532 4171 sunt,
574 4124 681 4161 non
713 4124 836 4163 esse
868 4109 1109 4179 impleta,
1145 4119 1471 4179 exspectent
1513 4110 1827 4178 autemjam
1870 4112 1965 4165 ad-

384 4208 671 4253 venturnm
726 4199 1027 4264 Christum,
1079 4201 1207 4271 quia
1250 4216 1371 4255 eum
1423 4217 1544 4254 cum
1592 4202 1809 4256 advenit
1857 4218 1962 4257 non

380 4385 627 4437 videntes
652 4382 1038 4451 perturbentur
1069 4394 1125 4439 et
1166 4386 1364 4452 pudeat
1406 4400 1501 4439 eos
1544 4386 1789 4441 conﬁteri
1833 4404 1955 4442 eum

377 4474 614 4535 venisse,
659 4474 919 4542 quoniam
976 4475 1091 4527 suis
1143 4475 1396 4530 manibus
1441 4491 1565 4529 eum
1619 4480 1953 4542 necaverint,

379 4566 639 4635 indignati
671 4580 791 4618 cum
840 4566 907 4619 ab
951 4580 1018 4618 eo
1048 4568 1530 4635 convincerentur,
1567 4570 1709 4637 quod
1751 4570 1956 4640 legibus

379 4670 484 4709 non
510 4655 898 4709 ohedivisseut.
933 4655 997 4709 Et
1029 4670 1177 4721 eum,
1206 4657 1296 4724 qui
1324 4658 1394 4711 ila
1423 4658 1622 4713 missus
1651 4668 1734 4713 est
1759 4673 1789 4712 a
1819 4660 1947 4724 Deo,

1978 4806 2047 4819 —

2075 1816 2269 1888 χρόνου
2328 1816 2551 1880 οὐσίας,
2611 1814 2771 1886 ama:
2826 1813 3158 1886 θ]ελήσαντα
3201 1814 3297 1866 καὶ
3356 1811 3659 1875 κτίσαντα,

2078 1904 2219 1960 εἷναί
2242 1925 2301 1959 τε
2325 1907 2613 1976 ἀγγέλους,
2645 1908 2743 1960 καὶ
2778 1906 3005 1970 τούτους
3035 1906 3361 1976 γενομένους
3382 1904 3521 1974 πρὸς
3544 1904 3659 1956 λει-

2073 2000 2337 2071 τουργίαν
2370 1999 2472 2068 τῆς
2495 2000 2749 2062 κτίσεως,
2780 1998 2918 2051 ἀλλά
2938 1998 3032 2052 καὶ
3064 1998 3280 2069 πνεῦμα
3311 1996 3657 2062 ἐξουσιαστιο

2073 2094 2167 2146 κὸν
2198 2094 2335 2163 πρὸς
2355 2091 2511 2158 δόξαν
2554 2095 2650 2147 καὶ
2677 2088 2825 2147 αἶνον
2854 2093 2973 2164 Θεῷ
3005 2094 3092 2147 ἀεὶ
3126 2091 3445 2162 παραμένον
3471 2091 3541 2122 ⁸⁵⁸
3581 2090 3651 2141 τὰ

2075 2184 2253 2238 πάντα
2286 2184 2343 2237 δὲ
2367 2186 2424 2236 ἐν
2446 2187 2511 2255 τῇ
2546 2184 2720 2237 κτίσει
2750 2184 3005 2254 αἴσθησιν
3021 2184 3166 2254 ἔχειν
3190 2183 3288 2236 καὶ
3319 2183 3485 2252 μηδὲν
3511 2176 3659 2234 εἶναι

2072 2274 2302 2344 ἄψυχον.
2344 2274 2547 2337 Ἤθους
2587 2292 2646 2327 τε
2697 2274 3102 2328 ἀντιποιοῦνται
3152 2272 3357 2344 σεμνοῦ
3397 2273 3493 2327 καὶ
3546 2271 3657 2325 σώ-

2073 2383 2269 2437 φρονος
2303 2366 2438 2436 βίου,
2471 2366 2657 2430 καθὼς
2684 2366 2834 2421 ἔστιν
2866 2368 2931 2419 ἐκ
2969 2366 3077 2419 τῶν
3110 2366 3292 2435 νόμων
3326 2365 3652 2433 ἐπιγνῶναι.

2071 2458 2256 2511 Ταῦτα
2286 2459 2343 2512 δὲ
2369 2460 2538 2512 πάλαι
2558 2459 2967 2530 ἀκριϐαζόμενα
2998 2454 3065 2528 ἦν
3091 2460 3220 2530 παρ’
3242 2459 3451 2521 αὐτοῖς,
3486 2457 3656 2527 ἀρχῆ·

2071 2551 2185 2616 θεν,
2216 2548 2325 2622 [ού]
2357 2553 2554 2605 νεωστὶ
2583 2553 2629 2584 ⁸⁸
2669 2554 2759 2606 τὸν
2787 2552 2953 2622 νόμον
2985 2551 3407 2623 παρειληφόσιν,
3448 2549 3523 2611 ὡς
3563 2550 3655 2601 τὸν

2070 2642 2469 2712 ἐντυγχάνοντα
2490 2644 2913 2714 καταπλαγῆναι
2940 2644 3033 2697 ἐπὶ
3060 2642 3301 2716 τοσαύτῃ
3324 2641 3655 2715 σωφροσύνῃ

2069 2735 2161 2787 καὶ
2188 2736 2479 2808 ἐπιμελείᾳ.
2506 2736 2601 2789 τοῦ
2633 2737 2763 2807 περ)⁵
2796 2737 2887 2789 τὸν
2916 2737 3204 2807 ἄνθρωπον
3254 2733 3655 2805 νομοθετουμέ-

2068 2845 2160 2882 νου
2179 2829 2367 2898 ἧθους.
2401 2830 2570 2900 Ἰερου
2580 2830 2741 2900 ργικὴ
2758 2829 2814 2882 δέ
2832 2830 3145 2900 λειτουργία
3162 2830 3349 2898 ἄκρως
3381 2828 3653 2897 ἐξήσκητο

2071 2920 2199 2991 παρ’
2222 2922 2405 2984 αὐτοῖς
2427 2921 2777 2991 εὐσχημόνως
2799 2922 2934 2992 πρὸς
2956 2921 3016 2973 τὸ
3027 2922 3180 2973 Θεῖον
3203 2919 3650 2991 προσφερομένη,

2070 3014 2255 3079 καθὼς
2294 3019 2407 3080 τοῖς
2446 3015 2791 3086 βουλομένοις
2836 3014 3019 3087 ῥᾴδιόν
3061 3016 3210 3067 ἐστιν
3240 3014 3527 3083 ἐντυχοῦσι
3585 3015 3651 3083 τῇ

2072 3108 2201 3179 περὶ
2233 3107 2436 3161 τούτων
2458 3107 2854 3179 ἐξαγορευούσῃ
2892 3108 3058 3178 βίϐλῳ
3087 3108 3297 3177 μαθεῖν,
3334 3108 3413 3170 ὡς
3440 3107 3651 3177 σεμνῶς

2073 3198 2153 3271 [ρ.
2192 3200 2500 3271 507—509]
2541 3202 2635 3255 καὶ
2673 3202 2833 3265 ὁσίως
2864 3200 2941 3272 τῷ
2970 3202 3090 3272 Θεῷ
3137 3202 3516 3271 ἀπαρχόμενοι
3542 3201 3649 3253 τῶν

2070 3296 2204 3365 παρ’
2252 3294 2417 3347 αὑτοῦ
2448 3294 2841 3366 δεδωρημένων
2871 3297 2951 3359 εἰς
2983 3296 3179 3365 χρῆσιν
3219 3294 3318 3348 καὶ
3348 3294 3650 3347 ἀπόλαυσιν

2069 3384 2414 3456 ἀνθρώπων,
2455 3387 2801 3457 κελευόμενοι
2852 3388 3134 3451 εὐτάκτως
3176 3388 3274 3439 καὶ
3313 3387 3649 3457 παραμόνως

2068 3475 2467 3546 ἐλειτούργουν.
2507 3477 2725 3532 Τούτων
2757 3478 2814 3532 δέ
2856 3496 2979 3531 τινα
3028 3481 3079 3531 οἱ
3133 3479 3485 3531 Σαδδουκαῖοι
3540 3479 3646 3530 ἀπ-

2068 3566 2458 3636 αγορεύουσιν·
2489 3568 2550 3621 ού
2571 3568 2682 3639 γὰρ
2714 3568 2993 3638 βούλονται
3025 3570 3068 3601 ⁸⁷
3096 3569 3367 3637 ἀγγέλους
3398 3571 3433 3640 ἢ
3482 3570 3644 3622 πνεύ-

2071 3674 2218 3727 ματα
2248 3658 2535 3730 ὑπάρχειν.
2564 3662 2628 3712 Οί
2673 3660 2731 3714 δὲ
2762 3662 2963 3724 πάντες
2987 3662 3187 3732 ὁμοίως
3209 3663 3447 3732 Χριστὸν
3478 3679 3643 3732 προα-

2065 3746 2330 3816 δέχονται,
2382 3747 2480 3801 τοῦ
2532 3752 2633 3819 μὲν
2691 3750 2860 3819 νόμου
2944 3752 3041 3805 καὶ
3090 3753 3201 3805 τῶν
3252 3753 3554 3823 προφητῶν
3598 3752 3643 3785 ⁸⁸

2069 3840 2447 3909 παρεσόμενον
2493 3842 2978 3914 προκηρυξάντων,
3017 3843 3127 3898 τῶν
3175 3846 3221 3877 ⁸⁸
3261 3845 3319 3897 δὲ
3378 3846 3642 3900 Ἰουδαίων

2065 3930 2155 3982 τὸν
2199 3931 2389 4002 καιρὸν
2422 3935 2520 4003 τῆς
2569 3935 2875 4005 παρουσίας
2930 3936 3003 4007 μὴ
3036 3937 3394 4005 ἐπιγνόντωνς
3436 3938 3555 4010 [ὡς]
3596 3940 3637 3970 θ’

2068 4023 2354 4092 ἐπιμένειν
2374 4025 2473 4093 τὴν
2494 4025 2747 4080 ὑπόνοιαν
2773 4027 2865 4080 τοῦ
2888 4028 3065 4082 δοκεῖν
3084 4030 3157 4098 μὴ
3179 4029 3247 4082 τὰ
3264 4030 3576 4103 εί[ρημένα]
3594 4031 3639 4063 ⁸⁸

2067 4115 2197 4185 περὶ
2228 4116 2328 4186 τῆς
2371 4119 2678 4189 παρουσίας
2708 4120 3056 4187 τετελέσθαι,
3086 4124 3400 4194 προσδοκᾷν
3451 4124 3509 4176 δὲ
3541 4124 3635 4194 ήδη

2068 4205 2307 4275 Χριστὸν
2340 4208 2716 4279 παρεσόμενον
2745 4209 2834 4263 διά
2862 4211 2922 4264 τὸ
2951 4212 3193 4281 παρόντα
3220 4214 3265 4243 ⁹¹
3294 4214 3372 4282 μὴ
3404 4215 3637 4282 ἐπεγνω-

270 4318 283 4329 -
382 4292 725 4361 agnoverint,
776 4303 830 4346 et
869 4292 1025 4362 signa
1053 4302 1363 4362 temporum
1398 4293 1540 4362 quod
1571 4292 1682 4361 jam
1730 4293 1961 4349 adfuerit

2074 4295 2237 4362 κέναι,
2260 4299 2437 4351 καὶτὰ
2469 4299 2712 4369 σύμϐολα
2728 4302 2837 4354 τῶν
2865 4302 3073 4373 καιρῶν
3094 4302 3187 4356 τοῦ
3205 4304 3306 4375 ήδη
3330 4323 3635 4376 παραγεγο-

2064 4387 2211 4443 νέναι
2244 4390 2489 4461 ὁρῶντας
2528 4394 2889 4463 ταράττεσθαι
2922 4436 2937 4460 ,
2961 4396 3227 4449 αίδεῖσθαί
3250 4415 3308 4450 τε
3358 4399 3634 4468 ὁμολογεῖν

2063 4478 2387 4550 ἐληλυθέναι
2414 4484 2480 4549 ’³,
2511 4486 2633 4538 ἐπεὶ
2663 4486 2708 4517 ⁸⁸
2742 4487 3057 4558 αὐτόχειρες
3099 4488 3265 4543 αὑτοῦ
3294 4492 3628 4560 γεγένηνται.

2063 4572 2494 4639 ἀγανακτοῦντες
2523 4576 2867 4647 ἐλεγχόμενοι
2885 4580 2976 4631 ὑπ’
2998 4578 3186 4642 αὐτοῦ,
3207 4580 3289 4632 ὅτι
3313 4584 3427 4643 τοῖς
3458 4582 3632 4651 νόμοις

2061 4662 2137 4733 μὴ
2168 4663 2503 4733 ὑπήκουσαν.
2539 4668 2650 4719 Καὶ
2681 4668 2772 4720 τὸν
2800 4669 2899 4739 μὲν
2930 4667 3102 4732 οὕτως
3126 4669 3506 4724 ἀποσταλέντα
3539 4670 3631 4723 ὑπο

378 4880 1805 4977 δὲωκαληπρὸςὶάλλήλους.
1825 4894 1889 4977 to
1916 4895 2038 4977 ἔθος
2064 4897 2428 4977 ἀγριώτερον,
2458 4904 2518 4955 αῖ
2540 4920 2599 4977 τε
2626 4904 2898 4977 ἐπιμιξίαι
2933 4906 3069 4977 πρὸς
3095 4907 3221 4969 τοὺς
3248 4906 3473 4976 ὁμοίους
3499 4908 3630 4971 ἀπη-

376 4953 508 5015 νεῖς,
540 4953 615 5014 ὡς
643 4953 780 5025 πρὸς
809 4955 1148 5026 ἀλλοτρίους.
1187 4953 1425 5012 Τοιαῦτα
1449 4963 1547 5031 μὲν
1576 4953 1704 5037 περὶ
1737 4953 1848 5017 τῶν
1874 4969 1931 5020 ἐν
1972 4953 2243 5032 Ἰουδαίοις

1662 5114 1899 5169 γΑιιιΑε
1936 5116 2227 5173 LECTION
2238 5122 2335 5175 lis.

476 5236 522 5267 ³¹
550 5238 899 5311 ἐκτεθήμεθκ

374 5317 551 5360 ratum
580 5306 746 5360 fuisse
783 5319 933 5377 putat
964 5308 1033 5362 Μ.

372 5377 578 5440 αὐτοῖς,
604 5378 637 5428 ἀ

371 5447 509 5515 ϐρει.
592 5444 968 5518 ⁸⁷’βούλονται.
1000 5444 1387 5518 βούλοινταιῖῗ.

372 5532 442 5585 κη
453 5518 743 5585 ρυξάντων.
769 5517 887 5571 Τῶν
914 5519 976 5582 C,
1002 5517 1088 5572 Μ.

1128 5241 1184 5342 5.:
1218 5243 1455 5342 lllﬁptolv.
1504 5248 1728 5318 κτίστην
1786 5265 1962 5342 snsp.‘

2074 5253 2310 5342 Scit-ntus,
2373 5256 2583 5342 κόσμον
2633 5258 2966 5342 ‘llocperus':
3004 5261 3097 5312 καὶ
3129 5260 3364 5342 fortasse
3397 5259 3483 5342 liis
3503 5276 3620 5314 era-

1218 5312 1366 5367 δντα.
1395 5318 1663 5370 Lacunam
1684 5312 1927 5384 explevit
1956 5321 1962 5373 l

2124 5324 2169 5355 ⁸⁵
2208 5312 2545 5384 παραμένόν·
2588 5329 2677 5382 τὰ.
2729 5312 3135 5384 παραμένοντα·
3172 5332 3233 5384 (Ζ.
3268 5312 3359 5383 M:
3418 5312 3465 5361 ‘7‘
3502 5312 3621 5384 παρ’

2124 5324 2169 5355 ⁸⁵
2208 5324 2545 5400 παραμένον·
2588 5329 2677 5382 τὰ.
2729 5324 3135 5400 παραμένοντα’
3172 5332 3233 5394 (Ζ,
3268 5330 3339 5383 Μ.
3418 5329 3465 5361 ⁸⁸

645 5378 864 5469 ρίχῆσθεν,
888 5380 950 5431 ού
976 5382 1170 5469 νιεωοστὶ
1200 5384 1508 5469 Snuppius,_
1527 5392 1675 5458 παρὰ
1701 5378 1815 5452 τοῖς
1852 5392 1961 5461 ἀρχ

2074 5412 2093 5445 ν
2114 5378 2302 5469 vacat":
2322 5378 2488 5469 βίω,
2513 5400 2602 5467 qui
2638 5402 2687 5453 in
2725 5378 3007 5453 hoc-rvain
3041 5378 3546 5469 Ιιιιετθέυερίιτιιιιτ
3571 5378 3623 5450 ἓν

1464 5457 1509 5487 δ’
1533 5457 1847 5541 προφητῶν.
1881 5457 2177 5541 προφητῶν
2208 5466 2341 5541 τὸν-ξ
2375 5457 2661 5541 Sauppius.
2739 5472 2784 5502 ³⁸
2817 5457 3479 5541 προκηρυξὺτωνέτῶν,
3507 5487 3623 5539 προ-

1188 5523 1757 5611 νξιὲπιγνόὶντωνηὶὺς.
1802 5523 1962 5611 ἐπιγν

2074 5553 2140 5611 »ν
2198 5523 2744 5611 (ὶ,ᾼΜ,ηέπῖγνόντων
2762 5583 2778 5605 ,
2841 5523 3059 5607 ε’γένέτο
3084 5523 3101 5534 ”
3122 5543 3268 5608 conj.
3302 5523 3617 5611 'Ruuperu'n.

372 5589 416 5683 ξι
457 5588 684 5683 ‘S‘yllalne
715 5592 925 5683 ρημένα
958 5593 1169 5683 ablatae.
1209 5592 1279 5650 M.
1308 5588 1384 5683 "i
1412 5597 1472 5649 τὸ
1505 5588 1768 5680 παρόντα,
1798 5588 1962 5683 τόποι

2074 5588 2287 5683 ῬόΥταῘῩ
2313 5678 2322 5683 _
2348 5588 2407 5683 ⁷⁸1
2440 5588 2778 5681 Sciipsimus
2801 5588 3138 5683 ἐληλυθέναι.
3170 5588 3330 5667 Initio
3354 5588 3552 5665 laetitia:
3572 5608 3621 5674 ὲ,

401 5676 429 5707 n
462 5658 565 5710 tine
596 5673 673 5720 αι,
702 5658 945 5726 etpaqu
980 5673 1107 5717 ante
1136 5674 1392 5719 accentus
1438 5658 1789 5739 conspicitur.
1830 5670 1899 5723 Μ.

2074 5658 2201 5728 επεὶ.
2220 5658 2223 5659 ν
2240 5658 2334 5731 ἐπὶ
2365 5678 2427 5734 C.
