3808 6220
171 218 353 286 3423

1333 225 1631 287 CONTRA
1667 228 2031 293 H/ERESES
2063 232 2210 293 LIB.
2237 233 2311 292 X.

3318 235 3455 300 3l2i

175 338 457 396 σκότους,
487 335 625 405 ὅπερ
651 332 768 387 ἐστὶ
800 334 950 387 κάτω
970 373 985 397 ,
1011 336 1105 388 καὶ
1128 334 1220 388 τοῦ
1248 338 1447 407 φωτὸς,
1471 338 1610 409 ὅπερ
1634 338 1679 390 ὲ(

1952 351 2031 396 ter
2069 345 2344 410 tenebras,
2383 360 2505 415 quas
2536 356 2664 401 sunt
2692 363 2854 412 tn.ra,
2888 357 2939 402 et
2981 346 3176 412 lucem,
3221 364 3341 419 qua:
3371 363 3456 405 εει

172 424 648 493 ἅνω,⁸λέγουσιν,
684 425 783 477 οὐκ
828 426 944 478 ἐστι
981 426 1203 496 πνεῦμα
1234 428 1309 491 ὡς
1338 428 1541 499 ἀνέμου
1577 429 1710 501 ῥιπὴ
1735 431 1781 462 ⁸³

173 516 217 587 ἢ
265 518 441 588 λεπτή
473 535 556 580 τις
588 512 731 588 αὖρα
761 517 1017 587 νοηθῆναι
1050 519 1344 592 δυναμένη,
1371 521 1486 574 ἀλλ’
1512 522 1673 575 οἱονεί
1697 538 1781 586 τις

172 610 349 679 ὀσμὴ
379 610 551 680 μύρου
584 609 617 680 ἢ
650 608 996 679 θυμιάματος
1022 610 1084 662 ὲκ
1111 610 1416 675 συνθέσεως
1439 629 1783 667 κατασκευα-

175 700 434 772 ζομένου
479 702 682 771 λεπτὴ,
723 701 1034 755 διοδεύουσα
1080 702 1127 734 ⁸⁹
1175 703 1406 773 δύναμις
1441 705 1782 775 ἀνεπινοήτιρ

176 793 310 845 τινὶ
339 793 434 845 καὶ
465 792 735 862 κρείττονι
755 791 914 858 λόγου
944 792 1085 862 φορᾷ
1112 792 1158 823 ⁸ο
1190 790 1440 856 εὐωδίας.
1486 791 1638 844 Ἐπεὶ
1671 792 1781 845 τοί-

175 899 298 935 νυν
324 882 471 935 ἐστὶν
497 882 610 935 ἀνω
631 882 689 935 τὸ
717 883 833 951 φῶς
861 883 956 935 καὶ
979 883 1128 935 κάτω
1153 882 1214 934 τὸ
1242 883 1431 948 σκότος
1461 881 1782 938 καὶτούτων

182 975 372 1041 μέσον
409 972 470 1025 τὸ
515 972 759 1043 πνεῦμα,
804 972 866 1025 τὸ
908 973 964 1026 δὲ
1008 974 1126 1041 φῶς
1180 972 1301 1047 [ὡς]
1329 976 1372 1007 ⁹¹
1419 975 1579 1038 ἀκτὶς
1628 975 1780 1046 ἡλίου

176 1064 408 1117 ἄνωθεν
443 1064 792 1136 ὲλλάμπουσα
813 1068 861 1098 ⁹²
898 1067 981 1130 είς
1012 1066 1075 1119 τὸ
1113 1067 1472 1137 ὑποκείμενον
1502 1068 1711 1133 σκότος,
1744 1069 1778 1129 ἠ

174 1155 254 1207 δὲ
288 1155 384 1208 τοῦ
411 1155 719 1227 πνεύματος
748 1157 946 1211 εὐωδία
967 1158 1192 1229 φέρεται
1217 1159 1386 1229 μέσην
1412 1159 1609 1229 ἔχουσα
1626 1160 1781 1226 τάξιν

177 1248 297 1300 καὶ
323 1246 615 1313 ἐξικνεῖται
635 1288 650 1312 ,
686 1247 877 1319 ὥσπερ
907 1249 939 1319 ή
978 1248 1086 1303 τῶν
1123 1249 1482 1320 θυμιαμάτων
1513 1249 1658 1321 ὀσμὴ
1687 1251 1782 1303 ἐπὶ

179 1339 281 1409 τῷ
312 1342 448 1411 πυρὶ
478 1340 740 1412 φέρεται,
771 1340 1028 1412 τοιαύτης
1056 1340 1114 1394 δὲ
1159 1339 1327 1412 οὔσης
1364 1341 1462 1412 τῆς
1498 1341 1782 1412 δυνάμεως

177 1429 311 1483 τῶν
344 1431 688 1502 διῃρημένων
712 1430 935 1502 τριχῶς,
966 1429 1061 1483 τοῦ
1090 1430 1399 1500 πνεύματος
1426 1430 1521 1484 καὶ
1549 1430 1642 1484 τοῦ
1671 1448 1782 1500 φω-

177 1518 286 1582 τὸς
309 1519 447 1589 ὁμοῦ
474 1522 589 1574 ἐστι
613 1520 762 1574 κάτω
788 1522 821 1590 ἡ
843 1519 1072 1590 δύναμις
1094 1521 1152 1572 ὲν
1173 1518 1251 1590 τῷ
1272 1520 1452 1573 σκότει
1480 1519 1555 1590 τῷ
1584 1520 1777 1573 ὑποτεν

174 1614 476 1683 ταγμένῳ.
500 1612 573 1665 Τὸ
594 1612 651 1666 δὲ
674 1613 865 1676 σκότος
902 1611 1048 1684 ὕδωρ
1078 1607 1218 1667 εἷναί
1247 1629 1382 1681 φασι
1412 1612 1666 1683 φοδερὸν,
1699 1613 1780 1676 είς

1883 448 2077 503 supra,
2109 434 2291 501 aiunt,
2328 452 2432 490 non
2465 445 2548 491 est
2576 439 2801 509 spiritus
2830 449 2886 494 ut
2935 438 3077 495 venti
3114 438 3197 495 vis
3247 450 3339 495 aut
3373 449 3455 495 te-

1883 527 2005 582 nnis
2051 528 2296 597 quaedam
2324 545 2480 595 aura,
2502 545 2622 600 qua:
2637 533 2825 588 sentiri
2853 542 3053 602 potest,
3080 532 3172 588 sed
3197 543 3454 604 tanquam

1882 619 2017 672 odor
2045 618 2263 687 quidam
2294 622 2552 690 unguenti
2597 623 2679 678 vel
2709 623 2997 680 sulllmenti
3023 641 3089 680 ex
3120 626 3347 681 mistura
3370 624 3453 679 l'a-

1883 706 2077 762 bricati
2119 708 2325 773 tenuis,
2362 724 2650 780 permeans
2705 724 2942 782 potestas
2978 715 3277 771 insensibili
3305 730 3452 786 qua-

1882 798 2005 853 dam
2029 807 2083 853 et
2103 801 2511 867 vehementiori,
2552 820 2713 873 quam
2739 823 2859 876 qua:
2887 807 3067 862 verbis
3096 808 3450 876 exprimatur,

1881 888 1932 942 vi
1972 888 2329 945 odoramenti.
2360 891 2624 959 Quoniam
2661 894 2822 964 igitur
2850 910 3007 965 supra
3042 906 3125 951 est
3160 896 3249 951 lux
3286 907 3342 952 et
3371 898 3453 951 in-

1882 980 1965 1033 l'ra
2003 979 2239 1036 tenebra:
2259 990 2315 1035 et
2340 982 2531 1035 harum
2564 982 2923 1041 intermedius
2961 987 3205 1056 spiritus,
3244 988 3329 1041 lux
3359 1002 3455 1040 au-

1883 1080 1990 1125 tem
2024 1079 2090 1126 ut
2120 1072 2303 1127 radius
2330 1073 2456 1129 solis
2482 1075 2714 1144 desuper
2740 1078 3059 1133 illucescens
3102 1079 3154 1133 in
3183 1078 3454 1147 subiectas

1884 1165 2154 1225 tenebras,
2189 1162 2412 1231 spiritus
2450 1175 2626 1220 autem
2665 1168 3077 1222 odoramentum
3110 1183 3229 1223 sese
3258 1166 3454 1223 diﬂ'un-

1880 1253 1961 1307 dit
1986 1252 2222 1307 medium
2256 1264 2444 1309 tenens
2477 1256 2651 1311 locum
2685 1267 2740 1313 et
2769 1258 3084 1330 porrigitur,
3113 1259 3269 1314 sicuti
3300 1257 3452 1313 sutil-

1882 1354 2184 1398 mentorum
2236 1345 2370 1400 odor
2396 1362 2562 1418 super
2604 1350 2712 1420 igni
2757 1334 2876 1406 sese
2916 1349 3200 1417 diffundit;
3231 1379 3303 1391 —
3330 1364 3451 1404 cum

1880 1434 1995 1489 haec
2020 1435 2183 1505 igitur
2208 1435 2280 1491 sit
2306 1448 2548 1507 potestas
2577 1441 2841 1496 trifariam
2868 1442 3163 1498 divisorum
3192 1466 3204 1497 ;
3233 1441 3453 1513 spiritus

1878 1532 1932 1575 et
1964 1521 2098 1576 lucis
2136 1524 2299 1578 simul
2335 1537 2419 1580 est
2462 1527 2601 1583 infra
2637 1538 2877 1599 potestas
2911 1530 2966 1585 in
3005 1530 3242 1587 tenebris
3268 1530 3449 1599 subje-

1880 1612 2005 1666 ctis.
2039 1611 2313 1670 Tenebras
2352 1630 2530 1673 autem
2563 1635 2761 1690 aquam
2805 1636 2925 1679 esse
2953 1623 3103 1677 aiunt
3128 1622 3447 1684 terribilem,

174 1700 211 1753 δ
250 1704 627 1758 κατέσπασται
658 1701 745 1776 [p.
779 1701 1093 1775 516-518]
1133 1702 1348 1776 [1:31]"
1382 1704 1678 1775 μετενήνεκ

1942 1702 2267 1777 08-509
2318 1709 2372 1762 in
2411 1724 2571 1779 quam
2620 1711 2841 1781 derepta
2887 1712 2959 1766 sit
3004 1723 3059 1767 et
3091 1713 3354 1767 translata
3396 1715 3446 1765 in

177 1795 278 1858 εἰς
326 1795 584 1867 τοιαύτην
628 1797 792 1865 φύσιν
847 1796 987 1867 μετά
1027 1794 1122 1849 τοῦ
1170 1795 1485 1865 πνεύματος
1526 1795 1588 1848 τὸ
1635 1795 1770 1864 φῶς.

174 1886 464 1957 Φρόνιμον
502 1884 596 1942 οὖν
628 1887 689 1942 τὸ
737 1888 927 1950 σκότος
956 1888 967 1956 |
997 1886 1057 1941 ὃν
1091 1887 1187 1940 καὶ
1218 1887 1517 1955 γινῶσκον,
1549 1888 1629 1941 ὅτι
1654 1928 1668 1953 ,
1708 1887 1776 1943 ἂν

175 1976 420 2050 ἀπαρθῇ
447 1978 542 2032 ἀπ’
563 1979 731 2033 αὑτοῦ
752 1977 813 2032 τὸ
836 1978 971 2048 φῶς,
1001 1976 1152 2049 μένει
1173 1978 1218 2010 ’θ
1236 1976 1298 2030 τὸ
1328 1976 1516 2041 σκότος
1544 1977 1773 2049 ἔρημον,

178 2070 433 2140 ἀφανὲς,
476 2071 750 2143 ἀλαμπὲς,
801 2070 1108 2140 ἀδύναμον,
1153 2070 1472 2141 ἄπρακτον,
1510 2070 1773 2139 ἀσθενὲς,

175 2162 332 2232 τῷδε
352 2163 397 2195 ⁹⁸
419 2164 569 2237 πάσῃ
601 2164 813 2217 συνέσει
840 2162 936 2216 καὶ
959 2163 1221 2234 φρονήσει
1252 2161 1497 2231 βιάζεται
1518 2162 1775 2233 κατέχειν

176 2256 273 2317 εἰς
305 2254 469 2308 ἑαυτὸ
489 2254 585 2326 τὴν
605 2254 926 2326 λαμπηδόνα
949 2255 1045 2309 καὶ
1067 2255 1160 2309 τὸν
1180 2253 1455 2325 σπινθῆρα
1475 2254 1570 2308 τοῦ
1597 2256 1774 2325 φωτὸς

181 2345 339 2415 μετὰ
389 2344 490 2415 τῆς
530 2345 622 2399 τοῦ
674 2346 989 2418 πνεύματος
1030 2345 1281 2409 εὐωδίας.
1336 2344 1536 2399 Είκόνα
1580 2346 1773 2400 τούτου

175 2435 401 2507 ταύτην
435 2438 854 2509 παρεισάγουσι,
886 2438 1155 2507 λέγοντεςο
1189 2437 1404 2510 Ὥσπερ
1440 2439 1473 2507 ἡ
1502 2438 1641 2509 κόρη
1677 2438 1772 2492 τοῦ

175 2527 475 2599 ὀφθαλμοῦ
524 2528 677 2601 [ὑπὸ]
733 2529 1113 2600 ὑποκειμένων
1158 2530 1205 2561 ⁹⁶
1259 2529 1472 2583 ὑδάτων
1518 2531 1771 2601 σκοτεινὴ

177 2618 474 2687 φαίνεται,
514 2620 810 2689 φωτίζεται
846 2620 903 2673 δὲ
950 2618 1057 2673 ὑπὸ
1089 2619 1184 2673 τοῦ
1221 2620 1563 2691 πνεύματος,
1599 2620 1773 2683 οὕτως

176 2710 555 2764 ἀντιποιεῖται
585 2711 646 2765 τὸ
678 2711 872 2776 σκότος
903 2710 999 2765 τοῦ
1030 2711 1341 2782 πνεύματος
1361 2752 1376 2777 ,
1405 2711 1519 2783 ἔχει
1550 2712 1607 2766 δὲ
1641 2713 1772 2783 παρ’

178 2800 373 2872 ἐαυτῷ
408 2803 591 2885 πάσας
629 2802 729 2867 τὰς
766 2803 1031 2874 δυνάμεις
1070 2803 1402 2874 βουλομένας
1439 2804 1771 2873 ἀφίστασθαι

178 2893 286 2947 καὶ
316 2894 548 2949 ἀνιέναι.
578 2895 701 2948 Εἰσὶ
730 2894 788 2948 δὲ
819 2889 980 2949 αὗται
1007 2896 1303 2966 ἀπειράκις
1334 2895 1550 2967 ἄπειροι
1569 2934 1585 2958 ,
1614 2896 1672 2961 ἐξ
1698 2889 1771 2948 ὧν

177 2985 257 3038 τὰ
281 2986 460 3039 πάντα
491 2986 756 3040 τυπυῠται
786 2988 833 3019 ’⁷
863 2987 958 3041 καὶ
986 2986 1198 3056 γίνεται
1225 2988 1672 3057 ὲπιμιγνυμένων
1695 2988 1772 3040 δί-

1878 1790 2038 1845 talem
2071 1803 2315 1848 naturam
2371 1812 2493 1851 cum
2540 1799 2729 1867 spiritu
2762 1800 2874 1857 lux.
2908 1800 3086 1858 Mente
3113 1811 3292 1857 autem
3323 1819 3444 1857 cum

1877 1880 2112 1947 praeditas
2155 1883 2265 1936 sint
2300 1886 2534 1940 tenebrae
2562 1897 2617 1941 et
2648 1897 2977 1958 cognoscant
3002 1929 3017 1954 ,
3044 1888 3133 1944 ubi
3161 1888 3444 1943 abstraha-

1876 1977 1965 2024 tur
1990 1970 2122 2040 ipsis
2150 1971 2262 2041 lux,
2293 1991 2514 2031 manere
2548 1978 2794 2033 tenebras
2828 1979 3121 2045 desolatas,
3152 1980 3272 2035 sine
3304 1979 3447 2045 luce,

1875 2060 1993 2116 sine
2013 2062 2319 2132 splendore,
2344 2067 2461 2121 sine
2492 2068 2566 2135 vi,
2605 2070 2724 2123 sine
2751 2070 3009 2138 efﬁcacia,
3050 2070 3253 2126 debiles
3280 2089 3295 2126 :
3328 2069 3449 2124 ideo

1874 2154 2022 2209 omni
2052 2157 2260 2212 ratione
2308 2168 2363 2214 et
2407 2161 2735 2230 c0gitatione
2778 2162 3026 2217 nituntur
3067 2162 3346 2217 continere
3392 2162 3444 2214 in

1874 2261 1994 2301 sese
2039 2248 2376 2318 splendorem
2432 2260 2484 2305 et
2540 2252 2826 2307 scintillam
2886 2253 3019 2308 lucis
3068 2270 3189 2309 cum
3225 2254 3449 2323 spiritus

1874 2338 2245 2395 odoramento.
2275 2340 2441 2411 Hujus
2481 2342 2767 2413 imaginem
2799 2344 2937 2399 hanc
2965 2346 3329 2409 introducunt,
3366 2344 3449 2396 di-

1874 2440 2059 2485 centes
2089 2450 2104 2487 :
2137 2432 2295 2487 sicuti
2323 2433 2522 2503 pupilla
2567 2435 2707 2489 oculi
2741 2436 2841 2490 sub
2866 2436 3264 2503 subiacentibus
3292 2438 3448 2505 aquis

1877 2521 2157 2577 tenebrosa
2190 2535 2450 2593 apparet,
2498 2525 2802 2580 illustratur
2859 2537 3039 2582 autem
3082 2526 3271 2598 spiritu
3300 2568 3315 2593 ,
3370 2527 3442 2579 ita

1873 2626 2152 2670 sectantur
2185 2620 2419 2671 tenebrae
2447 2619 2717 2686 spiritum,
2752 2619 2953 2673 habent
2991 2628 3171 2673 autem
3208 2619 3347 2689 apud
3388 2635 3446 2671 sc

1872 2724 2060 2764 omnes
2102 2718 2396 2777 potestates
2427 2750 2442 2773 ,
2485 2726 2604 2779 quae
2636 2711 2823 2765 volunt
2874 2711 3129 2765 recedere
3159 2720 3213 2765 et
3247 2712 3442 2765 redire.

1876 2798 2012 2853 Sunt
2041 2810 2220 2854 autem
2249 2801 2377 2871 ipsae
2407 2800 2923 2867 inlinitiesinlinitze,
2950 2817 3014 2856 ex
3042 2802 3239 2872 quibus
3265 2804 3444 2856 omnia

1874 2891 2173 2960 ﬁgurantur
2196 2901 2250 2946 et
2280 2901 2592 2948 nascuntur.
2623 2908 2745 2947 cum
2781 2893 2950 2946 instar
2981 2892 3279 2961 sigillorum
3312 2907 3443 2943 ron-

1876 2982 2103 3052 tingant.
2135 2980 2302 3037 Sicuti
2319 2983 2462 3037 enim
2480 2984 2715 3053 sigillum
2733 2999 2857 3039 cera
2891 2992 3197 3037 contactum
3218 2980 3442 3049 elligiem

178 3094 295 3148 κην
318 3078 651 3149 σφραγίδων.
679 3079 892 3150 ’Ὠσπερ
917 3079 1025 3149 γὰρ
1045 3078 1280 3149 σφραγὶς
1298 3078 1682 3149 ἐπικοινωνήσο

1938 3072 2073 3138 licit,
2107 3073 2279 3144 ipsum
2314 3088 2414 3144 per
2448 3089 2509 3130 se
2547 3089 2772 3130 manens
2827 3074 3115 3143 quodquod
3173 3073 3273 3126 fuit
3303 3112 3319 3136 ,
3372 3073 3442 3125 ita

178 3169 348 3243 κηρῷ
369 3171 417 3205 ’⁸
445 3170 538 3225 τὸν
564 3170 735 3225 τύπον
751 3172 1006 3242 ἐποίησεν
1035 3170 1174 3239 αὐτὴ
1196 3172 1241 3203 ⁹⁹
1268 3170 1397 3242 παρ’
1433 3172 1597 3242 ἑαυτῇ
1617 3172 1771 3243 ήτισ-

178 3260 283 3314 οὖν
456 3262 472 3292 ¹
516 3262 776 3332 μένουσα,
825 3262 999 3324 οὕτως
1054 3264 1149 3315 καὶ
1179 3263 1236 3315 αἰ
1270 3262 1531 3332 δυνάμεις
1562 3264 1771 3316 ἐπικοι-

178 3354 331 3424 νωνή
342 3370 501 3407 σασαι
518 3354 587 3406 τά
600 3353 777 3407 πάντα
792 3353 1199 3425 ἀπεργάζονται
1217 3353 1350 3422 γένη
1374 3352 1526 3418 ζώων
1545 3353 1671 3407 ἄπει
1680 3371 1770 3425 ρα.

179 3443 480 3510 Γεγονὲναι
503 3446 522 3475 ¹
538 3440 631 3497 οὖν
654 3444 762 3496 ἀπὸ
786 3445 885 3515 τῆς
903 3443 1131 3515 πρώτης
1154 3444 1461 3515 συνδρομῆς
1478 3445 1586 3497 τῶν
1603 3444 1772 3515 τριῶν

178 3535 373 3605 ἀρχῶν
400 3536 647 3606 μεγάλης
677 3537 974 3607 σφραγῖδος
999 3536 1149 3591 ίδέαν
1173 3536 1215 3598 ³,
1239 3536 1469 3606 οὐρανὸν
1487 3537 1583 3590 καὶ
1604 3537 1706 3606 γῆν
1727 3538 1768 3601 ⁸,

179 3621 330 3690 εἶδος
360 3626 590 3697 ἔχουσαν
616 3627 1000 3699 παραπλήσιον
1028 3629 1048 3659 ⁸
1080 3628 1264 3698 μήτρᾳ
1295 3626 1539 3697 ὀμφαλόν
1571 3627 1770 3700 ἐχούσῃ

182 3717 381 3786 μέσον.
430 3718 618 3780 Οὕτως
651 3719 708 3771 δὲ
744 3718 840 3770 καὶ
892 3716 993 3779 τὰς
1040 3716 1232 3779 λοιπὰς
1278 3717 1616 3781 ὲκτυπώσεις
1660 3717 1770 3771 τῶν

180 3807 406 3860 πάντων
427 3808 836 3862 ὲκτετυπῶσθαι
855 3807 1045 3878 ὥσπερ
1064 3809 1293 3879 οὐρανὸν
1324 3809 1418 3862 καὶ
1442 3809 1547 3877 γῆν
1578 3809 1766 3880 μήτρᾳ

180 3895 626 3966 παραπλησίους.
688 3897 784 3949 Ἐκ
827 3896 884 3950 δὲ
931 3896 1026 3949 τοῦ
1075 3896 1266 3960 ὓδατος
1306 3897 1587 3965 γεγονέναι
1634 3898 1768 3966 φασὶ

179 3985 532 4054 πρωτόγονον
556 3984 753 4057 ἀρχὴν,
778 3985 978 4055 ἄνεμον
1006 3986 1237 4055 σφοδρὸν
1263 3987 1282 4017 ⁸
1312 3986 1409 4040 καὶ
1438 3987 1638 4057 λάϐρον
1668 3987 1764 4041 καὶ

1875 3178 2088 3233 quoque
2122 3172 2420 3234 potestates
2468 3164 2792 3233 contagione
2843 3179 2938 3218 sua
2993 3163 3233 3218 efﬁciunt
3260 3162 3441 3217 omnia

1873 3271 2065 3323 genera
2097 3255 2409 3310 animalium
2449 3255 2678 3310 inﬁnita.
2721 3254 2855 3310 Nata
2890 3256 3052 3324 igitur
3078 3269 3199 3310 esse
3235 3270 3301 3311 ex
3331 3256 3441 3323 pri-

1875 3361 1962 3399 mo
1991 3361 2256 3401 concursu
2288 3346 2449 3400 trium
2494 3346 2883 3416 principiorum
2923 3345 3100 3415 magni
3130 3346 3286 3414 sigilli
3322 3360 3444 3414 spe.-

1872 3436 2033 3502 ciem,
2074 3434 2269 3489 caelum
2300 3444 2357 3489 et
2405 3444 2602 3489 terram
2630 3476 2644 3498 ,
2680 3434 2907 3490 formam
2944 3435 3225 3490 habentem
3264 3437 3445 3490 consi-

1872 3527 2049 3583 milem
2082 3537 2234 3584 utero
2264 3527 2575 3582 umbilicum
2608 3527 2824 3582 habenti
2857 3527 3112 3581 medium.
3150 3526 3223 3580 Ita
3263 3536 3441 3580 autem

1870 3628 1925 3675 et
1956 3619 2197 3689 reliquas
2242 3618 2443 3687 ﬁguras
2471 3619 2848 3673 universorum
2877 3616 3183 3688 etiiguratas
3213 3632 3332 3671 esse
3367 3617 3444 3669 si-

1869 3712 1979 3767 cuti
2013 3711 2209 3766 cmlnm
2252 3720 2307 3765 et
2353 3719 2553 3765 terram
2590 3720 2744 3765 utero
2797 3709 3130 3765 consimiles.
3179 3709 3258 3763 Ex
3303 3722 3441 3777 aqua

1869 3815 2047 3860 autem
2074 3814 2256 3859 natum
2287 3819 2406 3858 esse
2436 3803 2814 3873 primigenium
2851 3802 3193 3872 principium,
3224 3812 3441 3855 ventum

1867 3908 2086 3964 gravem
2109 3903 2163 3948 et
2188 3894 2554 3947 vehementem
2586 3903 2641 3945 et
2667 3892 2844 3945 omnis
2864 3890 3227 3960 generationis
3256 3901 3444 3945 aucto-

1867 4001 2002 4051 rem,
2023 3984 2288 4041 fervorem
2311 3986 2598 4054 quemdam
2618 3995 2673 4038 et
2699 3994 2901 4039 motum
2933 3984 3253 4038 ellicientem
3290 3998 3442 4036 mun-

180 4072 372 4143 πάσης
406 4075 674 4141 γενέσεως
706 4073 879 4128 αἴτιον
903 4076 956 4140 ⁷,
992 4075 1238 4145 βρασμόν
1270 4093 1393 4131 τινα
1426 4078 1521 4131 καὶ
1552 4079 1684 4148 κίνηι

1932 4104 1935 4121 ›
1972 4092 2039 4131 ex
2067 4093 2330 4147 aquarum
2366 4087 2536 4131 motu.
2573 4074 2729 4130 Hune
2757 4084 2933 4129 autem
2965 4075 3223 4143 perlicere
3250 4110 3264 4124 .
3293 4112 3307 4127 .
3336 4110 3352 4124 .
3378 4111 3393 4125 .
3422 4110 3436 4125 .

182 4165 561 4234 ἐργαζόμενον
583 4167 660 4236 τῷ
690 4167 881 4237 κόσμῳ
901 4169 964 4220 ἐκ
988 4168 1086 4239 τῆς
1108 4169 1216 4222 τῶν
1243 4170 1450 4224 ὑδάτων
1472 4173 1686 4241 κινήσεο

1937 4168 2025 4223 »ἰΙο
2052 4169 2321 4237 serpentis
2347 4166 2680 4222 consimilem
2702 4166 2851 4232 alati,
2876 4167 2927 4221 in
2948 4182 3110 4236 quem
3140 4165 3441 4234 suspiciens

180 4256 212 4311 Ἰ
231 4254 390 4314 λῦτον
432 4256 488 4308 δὲ
520 4258 786 4310 ἐπιτελεῖν
818 4253 958 4321 εἶδος
999 4260 1297 4331 συρίγματι
1329 4261 1350 4293 ⁸
1379 4260 1559 4336 όφεως
1585 4278 1684 4332 παι

1928 4260 2097 4315 undus
2127 4261 2192 4313 ad
2214 4259 2616 4329 generationem
2646 4258 2757 4312 ruit
2785 4259 3033 4314 intensus
3053 4260 3211 4313 sicuti
3232 4267 3432 4317 uterus,

178 4348 437 4418 πλήσιον,
488 4348 670 4419 φέρων
718 4349 840 4402 ὅθεν
868 4345 935 4419 ἦν
973 4352 1001 4403 ὁ
1045 4352 1225 4422 φορῶν
1252 4352 1272 4383 ⁹
1320 4354 1349 4406 ό
1386 4353 1590 4423 κόσμος
1625 4370 1682 4424 πι

1943 4352 2067 4405 hinc
2090 4350 2278 4405 volunt
2299 4359 2549 4407 manﬁse
2567 4352 2940 4408 universorum
2968 4354 3255 4421 originem.
3283 4350 3435 4404 Hunc

178 4439 398 4504 γένεσιν
414 4440 560 4510 ὁρμᾷ
578 4440 715 4509 ὀργή
725 4457 823 4503 σας
843 4441 918 4504 ὡς
937 4442 1141 4513 μήτρα,
1168 4444 1262 4497 καὶ
1279 4442 1527 4497 ἐντεῦθεν
1545 4443 1682 4497 θέλοι

1928 4452 2043 4496 item
2073 4457 2196 4497 esse
2240 4442 2491 4512 spiritum
2526 4444 2671 4498 venti
2712 4446 2899 4499 dicunt
2932 4444 3229 4514 perlectum
3267 4444 3432 4495 Deum

179 4528 536 4583 συνίστασθαι
568 4529 666 4600 τὴν
694 4531 802 4583 τῶν
833 4530 843 4601 |
873 4530 1011 4585 ὅλων
1040 4533 1274 4599 γένεσιν.
1303 4534 1505 4589 Τοῦτον
1532 4535 1590 4589 δὲ
1616 4530 1683 4588 sit

1969 4547 2230 4603 aquarum
2256 4542 2312 4587 et
2358 4533 2578 4603 spiritus
2612 4533 2964 4591 odoratnento
2994 4542 3045 4589 et
3089 4533 3223 4587 lucis
3251 4530 3436 4601 splen-

177 4620 404 4689 πνεῦμα
433 4619 636 4690 ἀνέμου
682 4621 726 4654 ιο
756 4621 974 4690 λέγουσι
1013 4622 1217 4678 τέλειον
1244 4625 1378 4679 Θεὸν
1414 4628 1480 4680 ὲκ
1509 4626 1611 4698 τῆς
1646 4644 1677 4679 τ

1937 4640 1993 4680 re
2024 4634 2206 4679 natum
2233 4638 2373 4692 esse,
2423 4634 2478 4679 et
2504 4639 2626 4681 esse
2662 4641 2986 4696 generamen
3017 4626 3245 4682 femellae
3284 4638 3440 4677 men-

1455 4776 1685 4833 nam
1718 4776 2102 4855 Lacrimas

246 4931 548 5013 “Agvépou
609 4936 767 5006 ῥιπὴ.
820 4936 1019 5013 ἄνεμος
1075 4938 1297 5013 ᾒμριπὴί
1340 4939 1425 5007 C,

174 5001 266 5069 ϐ,
319 4999 401 5083 _M;
447 4999 523 5060 cf.
577 4999 741 5087 supra
796 5022 862 5087 [ι.-
1083 4999 1170 5063 ἸΞῙ
1276 4999 1326 5087 '"f
1368 4999 1531 5087 φορᾷ.
1580 5026 1678 5079 φορ

1953 5013 2004 5087 ’ἶ
2036 5010 2150 5081 φῶς
2199 5010 2296 5074 ὡς’
2510 5011 2679 5087 C-__M.
2734 5013 2904 5087 _Sjcuti
2955 4999 3058 5069 n'osv
3104 4999 3430 5087 έιίὲιὶίιῇὲξτῖ

176 5077 404 5160 rntysius
453 5077 710 5160 correxit.
816 5077 862 5108 "
888 5077 1261 5160 ἐλλάμπουσα.
1304 5077 1680 5160 ἐκλάμπουσαλ

1945 5081 2019 5160 et.
2048 5077 2236 5160 'supra
2286 5077 2503 5147 p.900,
2556 5081 2642 5135 76.
2670 5082 2917 5160 __”_:_cat‘t
2948 5085 3158 5160 o_m.,_C_.
3254 5088 3301 5160 ἑξ
3333 5090 3430 5160 μίξ-

174 5158 283 5196 νει.
334 5146 485 5222 μενεῖ
538 5143 831 5213 Roeperus,
876 5148 966 5214 qui
1022 5143 1093 5203 ita
1124 5150 1286 5203 etiam
1315 5143 1476 5218 supra
1506 5164 1558 5215 p.
1586 5149 1712 5213 200,
1742 5143 1810 5204 86
1834 5143 2211 5222 corrigendum
2244 5143 2364 5204 esse
2392 5143 2593 5204 censet.
2670 5150 2716 5182 "
2748 5152 2907 5220 τῷδε.
2933 5153 3009 5224 τῷ
3034 5155 3091 5208 δὲ
3119 5157 3182 5223 C,
3211 5143 3429 5225 τόδέΜ,

174 5211 273 5264 ἐπὶ
296 5212 432 5272 τῳδε
465 5213 763 5272 Roeperus.
802 5214 947 5268 οὕτω
984 5216 1047 5272 δὴ
1095 5218 1441 5272 Bernavsius.
1468 5213 1612 5272 ὧδεῖ
1645 5217 1932 5272 Saunnius.
2034 5220 2080 5251 ⁹⁶
2109 5219 2214 5272 ὑπὸ
2258 5219 2635 5272 ὑποκειμένων
2669 5220 3017 5272 Bernavsins-
3053 5226 3429 5272 ὑποκειμένων

176 5218 273 5264 ἐπὶ
296 5218 432 5281 τῷδε
465 5218 763 5293 Roepe-rus,
802 5218 947 5268 οὕτω
984 5218 1047 5300 δή
1095 5218 1441 5299 Bernaysius,
1468 5218 1612 5274 ὧδεῖ
1645 5218 1964 5301 Sauppius.‘
1985 5218 2007 5222 ⁷
2034 5220 2080 5251 ⁹⁶
2109 5219 2214 5273 ὑπὸ
2258 5219 2635 5303 ὑποκειμένων
2669 5218 3017 5307 Betaiaysius,
3053 5218 3431 5298 ὑποκειμένων

176 5280 1725 5377 E1.“..':..-i.1.."”"3”.EEEP?I9?’§'."§‘-“”,Z“°"."€‘:.C?Ma.
1750 5288 1797 5377 ’θ
1819 5306 1994 5377 1919”:-
2036 5289 2350 5377 ’ἔλθρξεῖ
2393 5289 2622 5377 imii-
2653 5291 2792 5370 αὺτῖι
2822 5291 2911 5377 La
2963 5290 3241 5377 ’.ἦνλοπιο
3270 5297 3430 5377 οῑΜν

177 5350 528 5437 {ternaysi‘us
607 5355 627 5385 ³
657 5350 1214 5437 Γεγονέναιξρέγο-νεν
1239 5358 1327 5437 (_3._
1376 5360 1398 5390 ³
1430 5358 1593 5412 ίδέαν.
1620 5358 1795 5437 εἰδέαν
2008 5350 2254 5437 ούρανδὶ
2266 5358 2520 5437 καὶὲγῆν.
2553 5350 2800 5437 ούρανούί
2826 5362 2922 5437 x9!-
2947 5350 3428 5437 γῆὲιιεέήέίέίιῖέξ

177 5420 199 5450 ⁸
233 5420 635 5505 παραπλήσιον.
673 5420 1193 5505 παραπλησίανο.-
1238 5429 1265 5505 _‘
1296 5427 1493 5505 ἄνεμον
1521 5428 1769 5505 σφοδρόν.
1819 5420 2186 5505 ἀνεμόφθόρον
2213 5428 2262 5505 ρ
2280 5444 2294 5491 ;
2327 5420 2593 5505 cf.:sttpra
2703 5431 2829 5493 εοι,
3006 5420 3070 5465 ’⁷⁷
3107 5420 3429 5505 αἴτιον.ἀῇ

178 5491 329 5578 tam
358 5491 441 5578 Cy;
464 5491 535 5547 cl'.
557 5508 737 5578 supra;
756 5491 860 5578 l..l.
922 5491 934 5495 ’
966 5496 1002 5577 ξ
1022 5491 1456 5578 ἑπιτελεῖνιεῖδος
1482 5491 1682 5578 συρίγμ

1926 5491 2149 5578 ’τέλειον
2183 5494 2324 5578 εἶδος
2359 5491 2593 5568 σύρματι
2620 5491 2972 5578 Bernaysins.
3071 5506 3091 5537 '
3134 5491 3430 5578 «upon-1}]-

184 5557 775 5649 fefespéptoxiidéu
803 5565 832 5617 ό
861 5564 1076 5649 φορῶν..
1097 5557 1496 5649 παραπλήσιον,
1518 5557 1709 5649 ξρἐρὼν
1736 5571 1859 5649 ὅθεν
1891 5566 1979 5649 ἦν,
2003 5570 2035 5649 δ
2069 5568 2269 5649 φορῷν,
2289 5557 2584 5649 Ιὶοθρέιυε,
2636 5557 3018 5649 παραπλήσιον
3047 5557 3426 5649 μορφωθῆναί,

182 5628 212 5679 ὃ
244 5628 467 5700 ἀφορῶν
489 5628 837 5701 Bernavsius,
866 5628 1242 5710 παραπλήσιον
1268 5628 1567 5709 πτερω-δοῦ,
1597 5628 1654 5702 ἐς
1683 5664 1686 5682 ι

1683 5640 1741 5692 ὃν
1772 5628 2024 5695 δυοοίὒνῖ)
2080 5628 2151 5672 ’ω’
2176 5628 2629 5711 ἀνέμου.’ἄνεμον
2646 5628 2804 5707 Ε,’Μ.
2834 5628 3180 5714 Bérnaysitis:

1620 4939 1969 5015 Bernaxsius.
2086 4942 2150 5015 ξ’
2203 4941 2787 5015 λεπτὴμδιοδεύουσαελ
2821 4944 3059 5015 λεπτῆς,
3118 4970 3124 4995 4

1929 4955 1969 5015 ι.
2086 4942 2150 5015 _"
2203 4941 2787 5015 hemhﬁtod‘eﬁopca.“
2821 4944 3059 5015 λεπτῆς,
3118 4947 3433 5005 διοδεύσασα
