3808 6220
162 297 303 364 342³1

1297 305 1599 366 CONTRA
1637 304 2002 365 H/ERESES
2040 307 2186 401 [ιιι.
2227 308 2300 366 X.

3279 284 3418 367 3428

162 417 258 470 καὶ
297 417 607 489 ἀπεράντου
653 418 935 491 δυνάμεως
957 434 971 448 ⁸
1018 419 1113 474 ἐὰν
1147 418 1203 472 δὲ
1249 420 1406 491 μείνῃ
1435 420 1664 489 δυνάμει
1695 420 1740 451 ⁸ο

1854 432 1998 490 parte
2030 422 2256 478 inferior
2290 436 2452 492 quam
2491 436 2595 476 non
2623 430 2878 492 generata
2916 420 3005 476 illa
3029 430 3083 476 et
3112 420 3419 476 immutabi-

166 505 328 574 μόνον
349 508 407 559 ὲν
434 508 553 571 ταῖς
573 507 633 572 ἒξ
655 507 917 578 δυνάμεσι
940 509 1037 561 καὶ
1061 507 1135 579 μὴ
1160 507 1520 578 ὲξεικονισθῇ,
1548 509 1742 576 ἀφανί-

162 596 337 662 ζεται,
373 599 540 670 φησὶ,
575 602 671 654 καὶ
695 600 993 655 ἀπόλλυται
1021 601 1194 665 οὕτως
1243 602 1318 666 ώς
1366 603 1399 672 η
1442 601 1670 671 δύναμις
1707 604 1740 670 ἡ

163 691 528 761 γραμματικὴ
568 692 601 763 ἢ
643 693 992 764 γεωμετρικὴ
1040 692 1142 765 [ὲν]
1181 693 1225 724 ⁸¹
1269 692 1561 763 ἀνθρώπου
1595 693 1739 763 ψυχῇ

164 783 456 853 ὑπάρξασα
476 784 520 815 ⁸³
584 786 659 855 μὴ
715 786 1099 855 προσλαϐοῦσα
1148 786 1399 856 τεχνίτην
1455 787 1547 854 τδν
1596 786 1743 838 διδά-

165 872 331 936 ξαντα
352 876 420 929 ⁸³.
448 876 616 930 Αὑτὸν
638 875 684 908 ⁸⁸
700 877 755 930 δὲ
780 872 918 931 εἶναι
939 879 966 930 ὁ
988 878 1169 947 Σίμων
1196 877 1344 945 λέγει
1372 877 1463 929 τὸν
1494 875 1731 938 ἑστῶτα,

166 963 394 1027 στάντα,
410 966 757 1037 στησόμενον,
776 965 904 1018 ὄντα
927 965 1157 1036 δύναμιν
1177 965 1277 1036 τὴν
1298 966 1437 1037 ὑπὲρ
1457 965 1524 1018 τὰ
1543 964 1740 1018 πάντα.

164 1054 355 1108 Ταῦτα
382 1056 562 1110 τοίνυν
591 1058 684 1110 καὶ
715 1059 744 1110 ὁ
771 1058 976 1129 Σίμων.

240 1235 329 1296 ιγ’.
372 1229 432 1282 ’0
465 1229 522 1283 δὲ
557 1230 909 1292 Οὐαλεντῖνος
958 1230 1004 1261 ⁵⁵
1035 1230 1128 1282 καὶ
1180 1229 1228 1280 oi
1262 1229 1369 1281 ἀπὸ
1418 1228 1520 1298 τῆς
1551 1230 1742 1283 τούτου

168 1322 367 1391 σχολῆς
391 1318 531 1374 εἶναι
562 1322 782 1389 λέγουσι
812 1320 909 1392 τὴν
938 1322 1031 1373 τοῦ
1064 1321 1265 1383 παντὸς
1293 1322 1468 1391 ἀρχὴν
1501 1322 1743 1393 Πατέρα,

168 1411 263 1462 καὶ
292 1409 508 1479 ἐναντίᾳ
538 1410 592 1461 δὲ
628 1409 754 1480 δόξῃ
786 1410 1211 1480 προσφέρονται.
1249 1411 1312 1462 Οί
1373 1410 1471 1479 μὲν
1500 1411 1611 1480 γὰρ
1647 1412 1743 1462 αὺ-

164 1500 277 1553 τῶν
334 1500 493 1569 μόνον
524 1496 661 1553 εἷναι
721 1500 817 1553 καὶ
849 1500 1189 1571 γεννητικὸν,
1244 1502 1293 1553 οἱ
1345 1500 1401 1554 δὲ
1465 1501 1745 1565 ἀδυνάτως

167 1588 314 1658 ἐχειν
342 1591 537 1660 γεννᾷν
564 1591 692 1644 ἄνευ
730 1590 950 1660 θηλείας
971 1591 1063 1643 καὶ
1091 1590 1283 1644 τούτου
1318 1591 1551 1659 σύζυγον
1576 1609 1746 1662 προσ-

166 1682 380 1734 τιθέασι
415 1682 605 1753 Σιγὴν,
646 1683 818 1735 Βυθὸν
848 1683 1011 1736 αὑτὸν
1058 1684 1449 1753 ὀνομάσαντες.
1496 1684 1591 1737 Ἐκ
1618 1683 1744 1737 τοὺ-

166 1789 264 1824 του
295 1773 437 1836 τινὲς
480 1774 578 1827 καὶ
616 1774 716 1843 τῆς
751 1773 988 1841 συζύγου
1022 1774 1290 1844 προϐολὰς
1344 1774 1629 1842 γεγονέναι
1663 1775 1741 1838 ἓξ,
1777 1783 1817 1837 Β

166 1864 316 1917 Νοῦν
347 1865 443 1919 καὶ
485 1864 792 1935 Ἀλήθειαν,
844 1866 1019 1934 Λόγον
1068 1868 1163 1920 καὶ
1219 1867 1394 1937 Ζωὴν,
1424 1865 1745 1936 ’Ἄνθρωπον

168 1957 270 2008 καὶ
314 1956 660 2034 Ἐκκλησίαν,
686 1958 783 2010 καὶ
817 1953 957 2010 εἶναι
987 1956 1193 2026 ταύτην
1228 1956 1326 2025 τὴν
1351 1956 1580 2025 ὀγδοὰδα
1604 1976 1749 2028 πρω-

164 2046 573 2117 τογενέτειραν·
618 2049 719 2111 τάς
773 2065 832 2100 τε
867 2049 1017 2111 ἐντὸς
1070 2048 1160 2101 τοῦ
1200 2049 1368 2120 Ὅρου
1400 2050 1445 2081 ⁸⁸
1478 2049 1747 2121 προϐολὰς

166 2138 542 2208 γεγενημένας
582 2140 746 2192 πάλιν
790 2140 1068 2195 καλεῖσθαι
1100 2141 1251 2205 ἐντὸς
1283 2142 1327 2173 ⁸⁷
1354 2141 1743 2213 πληρώματος,

164 2224 398 2297 δεύτερα
442 2228 499 2281 δὲ
531 2226 600 2280 τὰ
626 2229 782 2291 ἐκτὸς
819 2228 1209 2300 πληρώματος,
1252 2232 1346 2283 καὶ
1384 2230 1541 2302 τρίτα
1587 2232 1632 2263 ⁸³
1679 2231 1747 2284 τὰ

166 2320 327 2385 ἐκτὸς
342 2321 436 2375 τοῦ
450 2323 641 2393 ’Ὀρου,
662 2317 737 2376 ὧν
770 2325 799 2393 ἡ
825 2323 1076 2393 γέννησις
1096 2324 1155 2376 τὸ
1182 2324 1381 2393 ὑστέρη
1393 2342 1466 2394 μα
1486 2324 1741 2393 ὑπάρχει.

166 2414 245 2467 Τὸ
295 2415 352 2468 δὲ
396 2415 556 2468 ἓκτου
614 2416 672 2469 ἐν
722 2417 1066 2486 ὑστερήματι
1118 2416 1516 2486 προϐληθέντος
1551 2416 1745 2479 αἰῶνος

168 2508 453 2573 γεγονέναι
493 2508 559 2565 ⁸⁸,
600 2509 694 2561 καὶ
724 2508 916 2561 τοῦτον
941 2505 1081 2561 εῖναι
1110 2509 1442 2579 δημιουργὸν
1472 2510 1640 2576 λέγει,
1672 2510 1746 2579 μὴ

169 2597 497 2668 βουλόμενος
535 2598 582 2630 ⁵ο
617 2599 781 2651 αὑτὸν
815 2598 1034 2669 πρῶτον
1083 2598 1224 2653 εἶναι
1254 2601 1396 2661 θεὸν,
1445 2600 1581 2653 ἀλλὰ
1620 2600 1747 2653 δυσ-

167 2689 371 2759 φημῶν
401 2706 457 2741 τε
491 2691 535 2722 “
576 2690 740 2743 αὐτὸν
790 2690 886 2744 καὶ
934 2691 1002 2744 τὰ
1032 2692 1124 2743 ὑπ’
1164 2690 1330 2744 αὑτοῦ
1373 2692 1743 2760 γεγενημένα,

164 2780 261 2833 τὸν
289 2780 347 2833 δὲ
378 2780 615 2851 Χριστὸν
662 2783 727 2835 ὲκ
756 2781 851 2834 τοῦ
882 2782 1033 2845 ἐντὸς
1063 2781 1432 2852 πληρώματος
1457 2782 1749 2852 κατεληλυ-

170 2872 327 2926 θέναι
355 2873 449 2926 ἐπὶ
482 2875 727 2945 σωτηρίᾳ
757 2874 852 2927 τοῦ
889 2873 1372 2944 ἀποπλανηθέντος
1415 2873 1745 2944 πνεύματος,

168 2964 201 3018 ὃ
234 2966 480 3018 κατοικεῖ
516 2966 561 2997 δ’
604 2968 661 3018 ἐν
698 2965 777 3036 τῷ
810 2965 917 3019 ἔσω
969 2966 1131 3036 ἡμῶν
1157 2964 1452 3034 ἀνθρώπῳ,
1489 2964 1547 3016 ὃν
1578 2964 1747 3029 σωζό-

171 3055 338 3127 μενόν
377 3073 511 3124 φασι
555 3057 750 3110 τούτου
798 3058 959 3127 χάριν
988 3058 1082 3110 τοῦ
1126 3056 1482 3119 ἐνοικοῦντος.
1538 3056 1648 3126 Τὴν
1689 3056 1747 3109 δὲ

170 3145 356 3215 σάρκα
388 3147 463 3215 μὴ
496 3144 765 3210 σώζεσθαι
815 3147 979 3211 θέλει,
1013 3147 1339 3217 δερμάτινον
1369 3146 1571 3215 χιτῶνα
1607 3148 1743 3199 ἀπο-

168 3237 354 3292 λαλῶν
373 3239 467 3290 καὶ
490 3238 782 3308 ἄνθρωπον
816 3238 1195 3309 φθειρόμενον.
1220 3237 1407 3292 Ταῦτα
1434 3240 1490 3290 ὲν
1512 3239 1746 3309 ἐπιτομῇ

170 3326 255 3399 [ρ.
285 3327 410 3384 520.
458 3330 587 3402 3‘21]
630 3330 869 3395 ἐξεῖπον,
935 3331 1137 3402 πολλῆς
1195 3330 1328 3401 ὕλης
1383 3331 1503 3384 κατ’
1553 3331 1749 3394 αὐτοὺς

167 3420 547 3490 τυγχανούσης
602 3424 697 3475 καὶ
765 3423 1042 3494 διαφόρων
1099 3423 1356 3494 γνωμῶν.
1413 3422 1601 3485 Οὕτως
1656 3418 1751 3477 οὖν

170 3513 324 3566 δοκεῖ
355 3515 450 3567 καὶ
479 3517 545 3586 τῇ
573 3515 928 3568 Οὐαλεντίνου
966 3515 1153 3585 σχολῇ.

252 3606 333 3660 ιδ’.
364 3606 682 3676 Βασιλείδης
706 3606 763 3659 δὲ
784 3607 831 3639 ⁸³
861 3606 957 3660 καὶ
984 3607 1145 3670 αὐτὸς
1181 3606 1229 3639 ⁵⁵
1271 3607 1416 3674 λέγει
1451 3601 1588 3659 εἶναι
1618 3605 1750 3659 Θεὸν

169 3698 276 3750 οὐκ
304 3697 469 3763 ὄντα,
520 3699 887 3769 πεποιημένον
936 3699 1142 3769 κόσμον
1190 3699 1250 3763 ἐξ
1284 3700 1383 3751 οὐκ
1439 3700 1607 3751 ὅντων
1652 3699 1753 3752 οὐκ

169 3788 306 3841 ὄντα
326 3788 394 3854 ³⁸,
430 3790 531 3842 οὐκ
566 3788 625 3843 ὃν
656 3790 1134 3859 καταϐαλλόμενόν
1165 3790 1212 3821 ⁸⁸
1245 3808 1298 3843 τι
1343 3789 1586 3861 σπέρμα,
1621 3788 1753 3841 ὡσεὶ

170 3880 373 3933 κόκκον
414 3881 688 3945 σινάπεως
730 3882 775 3913 ⁸⁷
817 3881 1010 3952 ἔχοντα
1041 3882 1100 3935 ὲν
1148 3881 1329 3951 ἑαυτῴ
1375 3882 1439 3932 τὸ
1485 3880 1744 3951 πρέμνον,

167 3972 245 4025 τὰ
277 3971 472 4041 φύλλα,
500 3974 627 4036 τοὺς
650 3974 901 4037 κλάδους,
924 3974 1016 4029 τὸν
1042 3974 1276 4043 καρπὸν,
1311 3973 1343 4044 ἢ
1376 3974 1450 4036 ώς
1482 3973 1586 4025 ώὸν
1610 3972 1743 4025 ταοῦ

168 4066 295 4133 ἕχον
324 4064 371 4096 ⁸⁸
411 4064 470 4117 ἐν
504 4065 684 4135 ἑαυτῷ
709 4066 808 4137 τὴν
833 4066 943 4119 τῶν
972 4066 1279 4137 χρωμάτων
1312 4065 1566 4135 ποικίλην
1607 4065 1746 4133 πλη-

169 4156 274 4210 θύν
298 4170 313 4186 °
341 4156 618 4209 καὶτοῦτο
652 4151 793 4210 εἷναί
816 4174 950 4225 φασι
973 4157 1020 4190 ⁸⁸
1053 4157 1116 4209 τὸ
1142 4157 1237 4209 τοῦ
1265 4157 1470 4226 κόσμου
1502 4155 1744 4225 σπέρμα,

167 4249 235 4313 ἐξ
264 4242 325 4302 οὗ
356 4249 426 4303 τὰ
463 4249 641 4304 πάντα
674 4249 919 4318 γέγονεν.
978 4249 1163 4319 Ἐχειν
1195 4249 1303 4319 γὰρ
1348 4250 1405 4300 ὲν
1454 4248 1631 4317 ἐαυτῷ
1681 4246 1750 4300 τὰ

168 4342 355 4397 πάντα
384 4338 497 4396 οἷον
520 4343 620 4395 οὐκ
652 4341 782 4395 ὄντα
814 4343 859 4376 ⁸ο
895 4343 999 4395 ὑπό
1025 4341 1133 4413 [τε]
1169 4344 1263 4395 τοῦ
1288 4344 1389 4397 οὐκ
1427 4342 1580 4404 ὄντος
1609 4340 1744 4393 Θεοῦ

1848 514 1914 570 lis
1947 524 2001 568 et
2041 515 2245 568 infinita
2301 527 2577 583 potestas;
2615 517 2695 569 sin
2730 529 2858 565 vero
2903 514 3143 567 manebit
3173 513 3284 566 sola
3317 528 3417 581 po-

1850 616 2041 660 testate
2076 607 2127 658 in
2158 620 2247 659 sex
2296 607 2651 676 potestatibus
2683 614 2735 657 et
2770 620 2874 656 non
2906 602 3228 671 elligiabitur
3249 642 3265 666 ,
3291 617 3418 656 eva-

1849 699 2040 763 nescit,
2083 700 2289 766 inquit,
2324 709 2378 753 ct
2418 700 2557 767 perit
2588 699 2657 751 ita
2695 708 2751 750 ut
2791 707 3026 765 potestas
3062 695 3416 765 grammatica

1851 787 1930 841 vel
1968 790 2294 856 geometrica
2356 788 2407 842 in
2464 788 2644 841 animo
2706 787 2940 841 hominis
2996 795 3256 851 exstaus,
3311 800 3418 839 non

1850 880 2040 948 adepta
2082 879 2341 933 artiﬁcem
2380 879 2468 946 qui
2506 879 2718 933 doceat.
2764 878 2833 931 Se
2865 878 3037 946 ipsum
3069 884 3245 930 autem
3299 889 3420 930 esse

1850 971 2034 1024 Simon
2068 970 2199 1025 dicit
2244 987 2363 1024 eum
2400 971 2488 1039 qui
2548 978 2695 1036 stat,
2731 969 2920 1032 stetit,
2955 967 3152 1032 stabit,
3199 980 3319 1021 cum
3349 966 3423 1021 sit

1849 1072 2090 1128 potestas
2122 1061 2206 1115 illa
2260 1076 2376 1129 qua:
2431 1070 2516 1115 est
2563 1076 2727 1129 super
2756 1060 2958 1114 omnia.
3008 1057 3132 1112 Haec
3181 1058 3342 1127 igitur
3367 1066 3424 1113 et

1853 1153 2060 1207 Simon.

1923 1244 2007 1297 15.
2050 1242 2364 1299 Valentinus
2410 1252 2590 1297 autem
2633 1253 2688 1296 et
2720 1243 2809 1311 qui
2845 1257 2965 1296 eum
2996 1250 3274 1297 sectantur
3303 1255 3427 1298 esse

1850 1337 2035 1389 (iii'llill
2076 1336 2446 1389 universarum
2496 1349 2674 1387 rerum
2722 1334 3047 1402 principium
3081 1333 3320 1396 Patrem,
3368 1334 3422 1387 in

1849 1429 2149 1481 contrarias
2180 1437 2356 1480 autem
2383 1425 2678 1479 sententias
2701 1423 2918 1478 abeunt.
2942 1424 3045 1478 Alii
3066 1424 3208 1478 enim
3235 1437 3423 1478 eorum

1850 1516 2021 1569 solum
2049 1530 2168 1570 esse
2190 1527 2239 1569 et
2266 1513 2548 1584 genitalem
2574 1511 2676 1582 (sc.
2707 1525 2828 1564 eum
2860 1511 3093 1581 putant),
3120 1511 3212 1566 alii
3243 1521 3421 1565 autem

1851 1624 1953 1660 non
1983 1622 2141 1675 posse
2175 1621 2435 1675 generare
2468 1604 2586 1658 sine
2632 1603 2851 1668 femina,
2882 1603 3107 1673 ejusque
3142 1604 3422 1673 conjugetn

1852 1700 2054 1752 addunt
2090 1697 2271 1767 Sigen,
2307 1698 2533 1767 Bythum
2573 1696 2744 1765 ipsmn
2787 1695 3138 1763 appellantes.
3182 1693 3261 1747 Ex
3308 1694 3426 1762 ipso

1851 1791 2062 1858 quidam
2098 1792 2320 1860 ejusque
2342 1789 2565 1858 conjuge
2592 1789 2952 1859 projectiones
2982 1787 3153 1841 factas
3176 1801 3297 1841 esse
3330 1800 3423 1840 sex

1852 1883 2081 1937 Mentem
2107 1892 2159 1937 et
2187 1883 2501 1947 Veritatem,
2529 1880 2735 1949 Logutn
2793 1888 2847 1933 et
2892 1875 3094 1941 Vitam,
3139 1875 3423 1931 Hominem

1849 1986 1901 2030 et
1948 1975 2259 2038 Ecclesium,
2296 1983 2351 2026 ct
2391 1988 2511 2025 esse
2563 1974 2698 2025 hanc
2747 1969 3040 2037 ogdoadem
3093 1966 3424 2036 primogeni-

1852 2069 2075 2134 tricem;
2128 2076 2185 2121 et
2239 2080 2355 2129 eas,
2401 2081 2519 2134 qua:
2554 2065 2694 2117 intra
2735 2062 3044 2117 Terminum
3105 2062 3426 2116 exstiterunt

1848 2158 2230 2229 projectiones,
2265 2173 2453 2212 rursus
2504 2154 2788 2225 appellari,
2821 2169 2883 2208 ea
2911 2169 3030 2225 qua:
3057 2153 3201 2206 intus
3230 2152 3281 2205 in
3315 2150 3426 2219 ple-

1850 2262 2056 2305 romate
2106 2260 2251 2311 sunt,
2292 2251 2527 2304 secunda
2592 2261 2794 2310 autem,
2844 2263 2904 2299 ea
2937 2262 3055 2315 quze
3107 2255 3255 2300 extra
3308 2243 3424 2313 ple-

1849 2350 2111 2407 roma;et
2136 2342 2312 2402 tertia,
2342 2355 2403 2394 ea
2435 2356 2552 2408 quae
2608 2350 2758 2393 extra
2814 2336 3146 2399 Terminum,
3196 2350 3422 2403 quorum

1849 2434 2122 2503 generatio
2149 2434 2453 2504 hysterema
2482 2442 2659 2486 exstat
2699 2473 2713 2486 .
2759 2470 2773 2483 .
2813 2471 2827 2483 .
2873 2469 2888 2483 .
2933 2470 2948 2483 .
2994 2472 3006 2484 .
3054 2466 3068 2481 .
3113 2469 3125 2481 .
3170 2467 3186 2482 .
3230 2466 3245 2481 .
3285 2469 3299 2481 .
3345 2466 3359 2480 .
3405 2463 3422 2479 .

1848 2534 1901 2579 et
1935 2527 2073 2579 hunc
2106 2539 2225 2580 esse
2259 2525 2594 2591 demiurgum
2626 2524 2775 2586 dicit,
2811 2521 2995 2573 nolens
3034 2535 3155 2572 eum
3192 2518 3421 2587 primum

1847 2632 1967 2671 esse
2000 2617 2180 2680 deum,
2223 2617 2316 2668 sed
2354 2613 2682 2667 maledicens
2726 2622 2779 2666 et
2825 2612 2872 2666 ci
2905 2623 2957 2664 et
2981 2611 3065 2674 iis,
3106 2626 3226 2679 qua:
3251 2608 3320 2663 ab
3354 2624 3420 2663 eo

1848 2707 1988 2761 facta
2024 2718 2195 2772 sunt;
2229 2707 2503 2760 Christum
2553 2716 2731 2759 autem
2786 2721 2851 2758 ex
2902 2705 2988 2769 iis,
3021 2717 3142 2773 qua:
3186 2702 3329 2755 intus
3370 2702 3422 2754 in

1848 2800 2143 2870 pleromate
2195 2807 2342 2863 sunt,
2375 2798 2719 2852 descendisse
2771 2798 2835 2851 ad
2888 2796 3201 2851 salvandum
3262 2792 3426 2860 spiri-

1850 2900 1984 2951 tum,
2014 2890 2105 2957 qui
2140 2889 2434 2953 aberravit,
2461 2889 2551 2956 qui
2593 2888 2799 2941 habitat
2852 2887 2903 2939 in
2953 2884 3196 2940 interiori
3244 2890 3429 2936 nostro

1848 2982 2089 3047 homine,
2120 2995 2276 3047 quem
2324 2979 2519 3033 salvari
2563 2978 2749 3032 dicunt
2803 2976 3025 3045 lmjuscc
3053 2991 3172 3029 eum
3208 2972 3426 3028 inhabi-

1844 3072 2015 3126 tantis
2042 3071 2237 3141 gratia.
2274 3069 2504 3124 Carnem
2539 3078 2716 3122 autem
2744 3082 2848 3120 non
2877 3066 3072 3121 saIVari
3103 3065 3234 3127 vult,
3268 3062 3425 3130 pelli-

1851 3164 1990 3218 ciam
2047 3162 2282 3215 tunicam
2314 3176 2432 3214 eam
2481 3161 2833 3214 denominans
2869 3169 2923 3213 et
2984 3158 3257 3211 hominem
3306 3170 3428 3223 pcr-

1850 3260 2090 3307 eunteut.
2126 3250 2249 3304 ﬂare
2294 3249 2603 3304 summatim
2654 3248 2844 3303 eﬂ‘atus
2902 3264 3044 3309 sum,
3080 3264 3197 3298 rum
3237 3259 3424 3315 magna

1851 3342 2205 3415 515—515
2236 3344 2308 3397 sit
2346 3344 2603 3397 doctrina:
2647 3356 2833 3396 eorum
2886 3339 3108 3394 materia
3156 3338 3428 3406 varizeque

1852 3436 2146 3490 sententiae.
2186 3434 2276 3489 Sic
2309 3434 2470 3504 igitur
2497 3434 2673 3503 placet
2705 3442 2754 3487 et
2794 3432 3058 3487 Valentini
3086 3429 3315 3485 Scholac.

1923 3613 2010 3668 14.
2041 3612 2305 3668 Basilides
2332 3622 2511 3666 autem
2548 3621 2600 3664 et
2631 3610 2745 3678 ipse
2780 3610 2908 3665 dicit
2936 3625 3058 3664 esse
3087 3607 3255 3661 Deum
3289 3624 3427 3662 non-

1851 3716 2053 3771 cutem,
2110 3707 2202 3775 qui
2252 3706 2351 3760 sibi
2402 3707 2654 3759 mundum
2712 3704 2899 3758 fecerit
2950 3718 3018 3756 ex
3074 3702 3430 3764 nou-cutibus

1854 3805 2191 3859 non-entem,
2225 3811 2345 3850 cum
2382 3794 2890 3863 nou-ensdejecerit
2918 3807 3100 3849 semen
3129 3794 3426 3862 quoddam,

1852 3886 2016 3939 veluti
2048 3899 2273 3953 granum
2318 3886 2573 3953 siuapeos
2608 3885 2811 3937 habens
2842 3882 2893 3936 in
2928 3897 2986 3937 se
3025 3884 3139 3948 ipso
3184 3883 3427 3949 stirpem,

1855 3981 2000 4044 folia,
2040 3993 2241 4044 ramos,
2275 3978 2527 4041 fructum,
2561 3977 2639 4032 vel
2684 3977 2839 4030 sicuti
2884 3992 3042 4029 ovum
3074 3974 3298 4043 pavonis
3336 3974 3433 4025 ha-

1854 4070 1985 4123 bens
2018 4070 2070 4122 in
2104 4082 2162 4122 se
2189 4070 2303 4137 ipso
2329 4068 2569 4121 colorum
2596 4068 2798 4119 variam
2828 4069 3061 4135 cupiam,
3095 4075 3147 4120 et
3175 4066 3277 4118 hoc
3306 4079 3434 4119 esse

1854 4162 2037 4216 dicunt
2090 4160 2271 4214 nmndi
2314 4174 2522 4221 semen,
2556 4174 2620 4212 ex
2654 4173 2789 4226 quos
2828 4173 2916 4211 res
2966 4157 3233 4211 universa:
3264 4155 3432 4209 exsti-

1852 4261 2050 4307 terunt.
2095 4251 2304 4305 Habere
2338 4250 2481 4304 enim
2521 4250 2573 4303 in
2617 4264 2676 4303 se
2722 4249 2838 4317 ipso
2886 4248 3135 4302 universa
3170 4256 3427 4317 tanquam

1853 4346 2137 4399 nou-entia
2168 4353 2223 4398 et
2252 4359 2278 4395 a
2310 4351 2571 4398 non-ente
2606 4344 2707 4395 deo
2733 4350 2788 4394 ut
2817 4341 3007 4394 ﬁerent
3037 4340 3429 4409 prtemeditata.

165 4433 424 4502 γενέσθαι
467 4433 977 4503 προϐεϐουλευμένα
1041 4430 1150 4485 Ἦν
1185 4429 1298 4495 οὖν,
1338 4432 1525 4501 φασιν,
1581 4431 1649 4492 δί,
1688 4430 1743 4481 ἐν

1854 4436 1977 4490 Fuit
2012 4435 2194 4505 igitur,
2219 4433 2490 4502 inquiunt,
2523 4433 2574 4485 in
2610 4432 2726 4501 ipso
2752 4432 2957 4486 semine
3004 4430 3196 4483 lilietas
3240 4429 3433 4497 triper-

166 4524 326 4596 αὑτῷ
359 4526 404 4558 ⁸³
434 4524 515 4596 τῷ
556 4525 831 4595 σπέρματι
855 4526 1040 4595 υίότης
1070 4525 1359 4597 τριμερὴς,
1398 4524 1542 4578 κατὰ
1572 4522 1751 4575 πάντα

1862 4522 1978 4586 tita,
2007 4536 2103 4590 per
2137 4524 2317 4575 omnia
2366 4520 2613 4573 non-enti
2657 4520 2766 4573 Deo
2798 4516 3297 4580 consubstantialis,
3333 4532 3428 4587 ge-

1451 4700 1690 4757 VARIE
1731 4699 2149 4755 LECTIONES.

244 4833 590 4906 fo‘auyapgg,
659 4834 890 4906 δύναμις
946 4836 1009 4896 C,
1067 4835 1137 4892 M.
1204 4837 1287 4890 (If.
1343 4852 1502 4903 supra
1562 4854 1614 4906 p.
1674 4837 1800 4905 240,
1859 4838 1949 4892 44.

2068 4837 2111 4868 ⁸¹
2153 4838 2211 4888 ὲν
2255 4850 2364 4889 0m.
2404 4833 2465 4889 C.
2578 4834 2621 4865 “
2654 4831 3237 4904 ὑπάρξασαηῦπάρξαι
3264 4832 3323 4896 C,
3356 4830 3428 4893 Μ,

172 4904 272 4972 qui
312 4903 416 4958 hoc
448 4903 965 4971 vocabulmu,‘qtmd
996 4921 1154 4969 supra
1186 4922 1288 4959 non
1323 4903 1829 4967 legatur.'nostruin
1862 4909 2039 4961 locum
2073 4908 2290 4959 turbare
2331 4912 2529 4958 monet.
2572 4904 2617 4936 “
2643 4903 2947 4971 διδάξαντα.
2975 4903 3252 4969 διδάξοντα
3281 4918 3426 4971 susp.

170 4973 471 5039 Roeperus.
547 4973 592 5004 “‘
621 4975 811 5028 Αὐτόν.
840 4975 1010 5027 Αὑτὸν
1040 4976 1102 5041 C,
1132 4975 1198 5029 M.

169 5043 383 5116 quibus
401 5060 524 5116 vero
550 5059 645 5116 ea_,
685 5061 801 5111 qua:
832 5045 919 5098 hic
958 5046 1209 5115 leguntur
1230 5087 1243 5109 ,
1275 5043 1560 5100 admodum
1592 5043 1923 5116 discrepant.

1198 5116 1242 5186 f7
1283 5116 1454 5176 ἐντός.
1493 5116 1562 5167 τά
1590 5117 1739 5180 ἐντὸς
1777 5134 1926 5186 susp.
1960 5117 2028 5172 M.

172 5127 277 5166 nos
315 5114 475 5165 etiam
505 5114 565 5165 lt.
599 5114 814 5167 Scottus
847 5114 1102 5169 θοι-τοκῆι.

1306 4977 1351 5049 "F
1383 4976 1464 5030 Cf.
1495 4977 1968 5049 qmellippolytus
2003 4992 2160 5049 supra
2197 4991 2248 5049 p.
2275 4975 2392 5049 ατο
2410 4991 2529 5049 sqq.
2562 4973 3358 5049 tle‘Valentinianis__ex_posuit.
3401 4989 3431 5049 a

2027 5042 2079 5078 ‘5
2111 5045 2261 5107 ἐντὸς
2302 5044 2394 5097 τοῦ
2435 5047 2580 5114 ὅρου.
2623 5044 2738 5105 ἐνὸς
2770 5045 2861 5096 τοῦ
2888 5044 3020 5114 ,ὅρου
3050 5044 3113 5103 (Σ,
3150 5044 3214 5095 Μ.
3263 5042 3430 5095 Sicuti

2105 5116 2149 5146 ⁸⁵⁵
2186 5116 2345 5184 τρίτα
2368 5132 2381 5144 ·
2414 5112 2539 5183 τρία
2568 5116 2629 5166 (3.
2707 5115 2749 5144 λθ
2789 5115 2860 5165 Τὸ
2880 5112 2935 5166 δὲ
2975 5115 3134 5166 ἕκτου
3172 5144 3241 5152 -—
3270 5128 3434 5179 γεγο-

170 5181 346 5256 νέναι,
381 5182 453 5235 Ἰο
475 5183 728 5256 δὲγὲκτον
752 5215 822 5222 —
849 5186 1128 5251 γεγονέναι
1163 5184 1231 5250 Μ,
1266 5186 1371 5238 Τοῦ
1401 5186 1456 5237 δὲ
1503 5187 1661 5249 ἐκτὸς
1684 5218 1754 5226 -
1777 5181 2054 5256 γεγονέναι
2089 5185 2152 5238 Β.
2208 5181 2717 5256 Βροιιιιεζιιιινιξ-Τὸ
2749 5185 2815 5256 *δὲ
2849 5196 2908 5256 et
2955 5184 3285 5256 Zéxmu,_pro
3329 5199 3437 5247 Quo

173 5254 303 5320 furI'.
331 5253 393 5303 ὲκ
421 5252 513 5305 τοῦ
549 5255 825 5320 lugendum
862 5265 975 5313 cst,
1014 5256 1201 5310 lacnna
1245 5272 1366 5309 esse
1395 5256 1626 5307 videtur.

175 5319 300 5393 μῶν
323 5338 402 5393 τε.
434 5319 713 5393 δύσφημόν
738 5340 795 5374 τε
825 5321 887 5385 C,
917 5324 983 5380 M.
1006 5324 1395 5393 δυσφημοῦντα
1419 5322 1485 5379 R.
1521 5324 1761 5381 Scottus.

1704 5258 1751 5289 ⁸⁰
1784 5252 2121 5328 βουλόμενος.
2147 5256 2572 5328 βουλόμενονμιδιξ
2603 5253 2641 5306 C
2669 5253 2813 5328 et‘Rr,
2837 5252 3078 5328 Scottus.

3159 5252 3435 5320 1⁵ίδυσφη-

1872 5331 1917 5361 ⁸⁸
1945 5322 2207 5379 κατοικεῖ.
2264 5322 2490 5389 κατομεῖ
2535 5322 2596 5378 C.
2703 5324 2748 5354 ⁵³
2777 5324 2857 5377 (λε’.
2901 5338 3059 5389 supra
3094 5338 3141 5386 p.
3175 5322 3280 5375 55b
3312 5336 3430 5388 sqq.

172 5392 229 5465 ’ξ
262 5392 358 5465 καὶ
388 5392 566 5465 αὑτός,
602 5393 695 5465 καὶ
724 5393 837 5453 υίὸς
866 5393 1065 5465 autem
1121 5391 1263 5458 “ea
1304 5396 1404 5447 οὐκ
1437 5393 1604 5447 ὄντων
1644 5398 1742 5450 οὐκ
1769 5399 1924 5465 ὄντα,
1970 5398 2070 5449 οὐκ
2110 5395 2465 5465 ὂν--σπέρμα
2506 5392 2836 5446 Uhlhornius
2880 5395 2912 5446 Ι.
2952 5392 3196 5465 Lego».
3237 5391 3430 5465 ὄντων,

172 5461 278 5533 οῷκ
316 5460 464 5533 ὄντα,
493 5464 591 5513 οὐκ
612 5460 1016 5533 γώνπ-σπέρμα
1042 5466 1101 5523 C.
1128 5465 1197 5519 M.
1227 5467 1296 5519 cf.
1332 5480 1492 5530 supra
1528 5482 1581 5531 p.
1607 5467 1731 5528 558,
1764 5470 1818 5533 6,
1852 5460 2019 5529 7,’Μ,

1370 5535 1418 5606 δέ
1438 5536 1587 5606 φασί.
1619 5539 1925 5606 φησὶ-ευδν.
1972 5539 2040 5590 Μ.

174 5531 221 5603 ξτ
260 5532 648 5603 Ασυνάπεωςμϐ.
745 5533 790 5603 ’ξε
817 5531 957 5601 ἕχον.
991 5534 1181 5603 ἔχοντα
1210 5536 1270 5587 (1.

2217 5465 2271 5531 δέ
2296 5464 2753 5531 καταϐαλόμενον.
2776 5462 3253 5531 ,καταϐαλλόμενον
3279 5462 3338 5531 0,
3365 5462 3432 5512 Μ.

2142 5536 2186 5566 ⁵ο
2215 5529 2327 5587 οἷον
2355 5535 2452 5585 οὐκ
2484 5529 2633 5591 ὄντα,
2669 5563 2736 5570 —
2770 5530 2877 5584 Ἤν
2902 5531 3014 5587 οὖν.
3043 5529 3132 5584 τον
3170 5532 3269 5585 οὐκ
3304 5530 3437 5583 ὅντα.

175 5600 286 5677 {me
314 5600 408 5677 τοῦ
432 5601 532 5677 ιζόκ
561 5601 712 5677 ὅλη-ος
746 5599 877 5677 Geo-3
903 5599 1727 5677 γενέσθαικῌροὸεὸουλευμένα
1756 5604 1824 5677 ἦν
1850 5599 1945 5664 οὖν
1978 5609 2039 5667 (Σ,
2078 5605 2169 5658 τὸν
2194 5605 2293 5657 οὐκ
2330 5603 2459 5677 ὄντα
2482 5602 2587 5677 ὑπὸ
2612 5602 2830 5677 τοῦῌοὺκ
2869 5603 2918 5658 ὅ.
3030 5620 3089 5677 Δγ.
3126 5599 3434 5674 Προὸεϐου-

176 5671 417 5741 λευμένη
444 5665 511 5740 ἦν
544 5667 637 5724 οὖν
669 5671 737 5724 Μ.
776 5673 856 5727 Cf.
894 5665 1052 5742 supra
1087 5691 1136 5744 p.
1177 5665 1302 5740 560,
1339 5676 1430 5742 48,
1475 5676 1562 5731 49.
1589 5665 1602 5677 ’
1658 5679 1698 5708 δ’
1751 5665 1932 5747 (βασίν.
1969 5665 2134 5747 φησιν
2173 5690 2322 5744 susp.
2359 5672 2429 5727 M.
2507 5674 2550 5704 ⁸³
2591 5672 2757 5743 αὐτῷ.
2805 5673 2983 5745 ἑαυτῷ
3019 5665 3081 5728 C.
