3808 6220
196 293 341 358 3435

1304 298 1600 360 CONTRA
1640 302 2005 367 H/ERESES
2038 308 2182 369 LIB.
2222 310 2293 370 X.

3309 313 3448 380 3436

200 401 415 472 ’Λραὸἀ
448 416 611 470 φασιν
660 399 798 456 εἰναι
827 402 927 472 τὴν
966 402 1059 456 τοῦ
1095 404 1293 467 παντὸς
1338 409 1515 478 ἀρχὴν
1563 412 1739 481 πρῶτε

1883 429 2184 483 sectantur,
2223 420 2377 474 aiunt
2405 434 2528 476 esse
2572 423 2947 481 universorum
2986 425 3307 496 principium
3341 428 3442 483 ho-

192 492 480 563 ἆνθρωπον
509 492 603 545 καὶ
638 493 754 545 υἰὸν
781 493 1091 565 ἀνθρώπου,
1125 496 1221 547 καὶ
1248 496 1317 549 τὰ
1344 500 1635 570 γενόμενα,
1670 519 1772 555 κα-

190 584 301 648 θὼς
336 584 576 654 Μωῦσῆς
596 584 638 615 ⁸⁸
666 585 834 653 λέγει,
872 587 946 658 μὴ
975 588 1080 640 ὑπὸ
1105 588 1200 641 τοῦ
1231 589 1449 660 πρώτου
1482 593 1772 664 ἀνθρώπου

190 676 510 745 γεγονέναι,
546 677 681 730 ἀλλὰ
734 679 838 731 ὑπὸ
872 679 967 732 τοῦ
1004 680 1122 733 υἱοῦ
1160 680 1256 734 τοῦ
1296 682 1586 754 ἀνθρώπου
1608 724 1623 748 ,
1673 686 1772 755 οὐχ

190 769 317 821 ὅλου
338 808 353 831 ,
386 768 500 821 ἀλλ’
534 769 600 821 ὲκ
632 768 833 839 μέρους
878 771 1067 825 αὑτοῦ.
1109 768 1264 825 Εἶναι
1308 773 1367 826 δὲ
1402 776 1493 827 τὸν
1523 776 1638 829 υἰὺν
1675 778 1771 831 τοῦ

190 857 479 930 ἁνθρώπυυ
514 857 677 923 ἰῶτα,
709 861 737 913 ὅ
761 862 879 914 ἐστι
902 861 1066 925 δεκὰς
1090 904 1103 925 ,
1134 863 1324 935 κύριος
1356 866 1613 937 ἀριθμὸς,
1643 871 1703 921 ὲν
1727 863 1772 937 ᾧ

191 947 342 999 ἐστιν
378 948 412 1017 ἡ
445 946 539 999 τοῦ
574 948 775 1011 παντὸς
819 950 1056 1022 ἀριθμοῦ
1084 952 1415 1017 ὑπόστασις,
1459 954 1525 1007 δι’
1558 950 1619 1009 οὗ
1662 959 1771 1021 πᾶς

126 1042 135 1047 ⁷“
188 1037 421 1109 ἀριθμὸς
448 1040 768 1110 συνέστηκε.
798 1043 894 1094 καὶ
932 1043 966 1113 ἡ
996 1042 1090 1095 τοῦ
1130 1044 1333 1107 παντὸς
1362 1047 1599 1113 γένεσις,
1634 1047 1766 1119 πῦρ,

186 1131 299 1201 ἀὴρ
324 1170 339 1193 ,
374 1129 551 1201 ὕδωρ.
603 1132 682 1202 τῆ.
730 1132 933 1186 Τούτου
979 1135 1037 1187 δὲ
1070 1136 1223 1199 ὄντος
1266 1136 1399 1191 ἰῶτα
1426 1138 1471 1168 ³³
1500 1137 1558 1190 ἓν
1584 1140 1628 1170 ³³
1673 1139 1769 1192 καὶ

186 1220 386 1291 κεραία
416 1221 533 1291 μία,
574 1224 785 1276 τέλειαν
809 1227 874 1278 ὲκ
903 1225 1140 1293 τελείου,
1185 1230 1377 1296 ῥυεῖσα
1403 1230 1601 1300 κεραία
1630 1231 1769 1284 ἄνω-

186 1310 300 1377 θεν,
348 1315 527 1366 πάντα
556 1314 757 1384 ἔχουσα
788 1318 889 1370 ὅσα
918 1319 1009 1372 καὶ
1048 1320 1187 1391 αὑτὴ
1212 1321 1279 1384 ³⁸,
1319 1323 1418 1375 ὅσα
1467 1322 1563 1377 καὶ
1595 1324 1624 1374 6
1671 1323 1765 1376 ἄν·

186 1404 407 1476 θρωπος
436 1406 570 1477 ἔχει,
600 1410 627 1461 6
658 1409 842 1481 πατὴρ
871 1410 964 1462 τοῦ
995 1410 1110 1463 υἱοῦ
1136 1412 1229 1463 τοῦ
1260 1413 1556 1484 ἀνθρόπου,
1576 1406 1767 1481 -’γε-

184 1499 396 1566 γονέναι
426 1496 518 1552 οὖν
547 1516 678 1568 φησι
704 1500 792 1553 τὸν
820 1502 1022 1572 κόσμον
1063 1503 1308 1573 Μωῦσῆς
1338 1505 1395 1557 ὲν
1424 1504 1482 1571 ἒξ
1510 1506 1762 1575 ἡμέραις,

181 1589 459 1643 τουτέστιν
495 1594 551 1642 ὲν
580 1591 638 1656 ἒξ
663 1592 980 1663 δυνάμεσιν,
1010 1594 1068 1660 ἐξ
1112 1590 1186 1648 ὧν
1214 1595 1243 1647 6
1277 1596 1481 1665 κόσμος
1527 1597 1634 1649 ἀπὸ
1665 1596 1765 1666 τῆς

180 1680 413 1750 κεραίας
454 1680 648 1749 γέγονε
690 1683 791 1751 τῆς
839 1685 989 1751 μιᾶς.
1036 1685 1104 1736 Οἵ
1131 1701 1191 1736 τε
1225 1686 1334 1756 γὰρ
1367 1685 1526 1738 κύὸοι
1567 1688 1661 1739 καὶ
1698 1687 1765 1739 τὰ

1876 507 2079 562 minem
2116 509 2349 577 primum
2387 520 2442 563 et
2478 510 2646 565 tilium
2674 512 2927 579 hominis,
2954 524 3010 570 et
3044 530 3129 582 ea,
3165 531 3284 585 qua:
3306 518 3443 573 facta

1874 602 2021 657 sunt,
2056 596 2215 650 sicuti
2239 596 2415 651 Moses
2447 598 2599 663 dicit,
2630 615 2735 655 non
2782 617 2812 655 a
2856 604 3031 672 primo
3078 605 3295 662 homine
3324 617 3443 663 orta

1873 698 2016 747 esse,
2052 685 2146 739 sed
2180 700 2209 739 a
2242 685 2351 740 lilio
2381 687 2639 751 hominis,
2662 706 2767 744 non
2794 702 2905 747 toto
2936 694 3045 759 illo,
3077 696 3169 750 sed
3198 712 3263 750 ex
3292 707 3445 765 parte

1873 775 2008 844 ejus.
2046 774 2179 831 Esse
2206 788 2386 831 autem
2416 778 2583 833 lilium
2620 782 2854 837 hominis
2883 784 3118 839 litteram
3160 787 3291 854 iota,
3322 804 3445 858 qua:

1872 875 1957 925 est
1986 865 2171 930 decas,
2204 867 2517 936 principalis
2544 886 2825 935 numerus,
2863 875 2914 928 in
2950 890 3056 944 quo
3088 885 3171 931 est
3203 877 3439 933 universi

1872 956 2085 1009 numeri
2127 957 2460 1023 substantia,
2517 974 2612 1029 per
2667 976 2833 1030 quem
2898 966 3129 1035 quisque
3182 984 3444 1023 numerus

1870 1054 2086 1101 constat
2120 1057 2175 1102 et
2204 1049 2440 1104 universi
2468 1052 2643 1120 origo,
2689 1053 2827 1123 ignis
2852 1095 2868 1119 ,
2902 1070 3015 1121 aer,
3054 1071 3214 1124 aqua,
3276 1067 3440 1114 terra.

1870 1136 1973 1191 Hic
2004 1148 2188 1192 autem
2218 1154 2341 1193 cum
2370 1140 2442 1195 sit
2471 1141 2581 1195 iota
2636 1158 2799 1197 unum
2844 1154 2899 1199 et
2955 1162 3089 1217 apex
3130 1165 3288 1213 unus,
3320 1166 3443 1220 per-

1870 1228 2069 1283 fectum
2123 1246 2190 1285 ex
2245 1234 2505 1301 perfecto,
2552 1250 2712 1305 apex,
2745 1238 2834 1306 qui
2877 1240 3141 1306 processit
3185 1257 3441 1311 superne,

1867 1325 2049 1379 omnia
2074 1325 2279 1380 habens
2316 1328 2368 1380 in
2403 1330 2712 1399 semetipso,
2740 1346 3072 1401 quaecunque
3099 1335 3259 1387 etiam
3284 1334 3442 1387 homo

1870 1414 2052 1479 habet,
2088 1428 2243 1484 pater
2273 1418 2366 1470 ﬁlii
2400 1419 2669 1483 hominis;
2698 1451 2769 1459 —
2791 1421 2994 1476 factum
3040 1425 3203 1492 igitur
3231 1440 3349 1479 esse
3367 1426 3443 1479 ait

1868 1506 2124 1559 llllllldum
2150 1508 2333 1563 Moses
2369 1524 2458 1562 sex
2492 1510 2705 1574 diebus,
2760 1512 2862 1565 hoc
2909 1524 2992 1566 est
3043 1530 3135 1567 sex
3164 1516 3442 1584 potestati-

1868 1597 1990 1661 bus,
2015 1614 2082 1651 ex
2126 1600 2323 1667 quibus
2364 1603 2597 1656 mundus
2643 1604 2711 1656 ab
2740 1604 2891 1671 apice
2951 1606 3039 1659 illo
3083 1607 3437 1661 exatilituno.

1867 1687 2079 1741 Etenim
2110 1698 2164 1743 et
2196 1690 2317 1743 cubi
2354 1701 2406 1743 et
2435 1692 2688 1745 octaedra
2721 1702 2775 1746 et
2800 1695 3107 1760 pyramides
3150 1705 3202 1746 et
3252 1710 3440 1749 onmcs

179 1770 448 1842 όκτὰεδρα
486 1772 580 1824 καὶ
622 1774 678 1824 αἱ
726 1773 1032 1843 πυραμίδες
1075 1776 1167 1826 καὶ
1214 1777 1391 1827 πάντα
1439 1776 1506 1827 τὰ
1551 1776 1739 1830 τούτοις

1868 1778 2016 1831 hisce
2051 1779 2362 1832 consimiles
2392 1778 2580 1833 furtiue
2628 1783 2963 1849 comparium
3008 1784 3437 1850 superliciernm,

178 1863 538 1933 παραπλήσια
578 1864 833 1934 σχήματα
879 1866 1170 1936 ἰσεπιφανῆ
1193 1867 1269 1932 ³⁵,
1304 1866 1363 1933 ἐξ
1393 1860 1468 1920 ὧν
1502 1868 1762 1939 συνέστη-

177 1972 243 2009 κε
298 1958 309 2025 |
368 1955 500 2027 πῦρ,
539 1955 668 2027 ἀὴρ,
710 1955 888 2028 ὕδωρ,
926 1958 1027 2027 γῆ,
1059 1959 1166 2010 ἀπὸ
1210 1959 1319 2011 τῶν
1370 1960 1617 2031 ἀριθμῶν
1668 1979 1763 2029 γε-

174 2048 370 2117 γόνασι
393 2048 501 2101 τῶν
539 2050 994 2121 κατειλημμένων
1025 2054 1083 2104 ἐν
1110 2051 1294 2123 ἐκείνῃ
1326 2056 1392 2124 τῇ
1429 2054 1573 2125 ἁπλῇ
1597 2056 1641 2086 ³⁸
1666 2056 1760 2108 τοῦ

177 2142 317 2197 ἰῶτα
360 2140 578 2213 κεραίᾳ,
618 2144 740 2214 ἥτις
772 2146 916 2196 ἐστὶν
947 2145 1057 2208 υίὸς
1093 2145 1402 2216 ἀνθρώπου.
1442 2147 1610 2200 Ὅταν
1645 2144 1760 2213 οὗν,

173 2237 335 2307 φησὶ,
368 2236 561 2307 ῥάϐδον
582 2234 719 2308 λέγῃ
740 2238 781 2267 ³⁷
810 2236 1051 2302 Μωῦσῆς
1079 2238 1456 2309 στρεφομένην
1483 2239 1563 2301 εἰς
1593 2238 1760 2305 Δίγυ-

174 2342 314 2380 πτον
338 2326 407 2380 τὰ
432 2325 603 2396 πάθη,
634 2325 929 2394 καταλέγει
950 2327 1041 2378 τὸν
1072 2327 1274 2397 κόσμον
1299 2327 1396 2380 τοῦ
1430 2327 1564 2381 ἰῶτα
1595 2328 1762 2399 ἀλλη-

171 2419 521 2490 γορουμένως
539 2417 606 2480 ³⁸,
638 2418 759 2471 οὐδὲ
782 2418 1002 2471 πλείονα
1029 2420 1135 2471 τῶν
1163 2419 1295 2472 δέκα
1318 2421 1361 2451 ³³
1389 2419 1578 2473 παθῶν
1604 2422 1762 2491 ἐσχη.

175 2510 427 2580 μάτισεν.
470 2512 531 2564 Εἰ
574 2511 630 2564 δὲ
656 2549 671 2575 ,
701 2512 854 2581 φησι,
887 2511 1060 2574 θέλεις
1091 2512 1391 2579 ἐπιγνῶναι
1431 2512 1493 2565 τὸ
1540 2514 1670 2577 πᾶν,
1702 2514 1760 2566 ὲν

172 2601 391 2671 σεαυτῷ
412 2602 647 2673 ζήτησον
679 2603 764 2665 τίς
792 2602 819 2653 ό
849 2602 1024 2670 λέγων
1050 2617 1065 2632 ·
1106 2603 1171 2654 Ἡ
1209 2604 1354 2673 ψυχή
1391 2620 1492 2673 μου
1518 2644 1531 2661 .
1557 2605 1589 2673 ή
1624 2603 1759 2673 σάρξ

172 2708 302 2762 μου,
334 2694 365 2747 6
399 2692 524 2757 νοῦς
558 2710 681 2763 μου,
723 2696 819 2747 καὶ
864 2692 923 2745 ἓν
952 2694 1183 2747 ἕκαστον
1225 2692 1759 2763 κατιδιοποιούμενος

168 2772 255 2847 ὡς
288 2783 474 2855 ’ἑτερος
515 2784 695 2853 αὐτῷ’
742 2784 932 2837 τοῦτον
981 2786 1090 2837 νόει
1138 2785 1342 2837 τέλειον
1392 2786 1456 2836 ἐκ
1516 2784 1756 2847 τελείου,

170 2875 355 2929 πάντα
386 2875 491 2929 ῐδια
521 2862 820 2947 ἡγούμενον
848 2877 949 2929 οὐκ
978 2875 1107 2929 ὄντα
1132 2876 1201 2929 τὰ
1223 2876 1536 2946 καλούμενα
1563 2876 1656 2928 καὶ
1689 2876 1758 2929 τὰ

169 2967 353 3022 πάντα
380 2966 528 3021 ὄντα.
564 2968 749 3021 Ταῦτα
787 2967 884 3037 μὲν
910 2964 1004 3020 οὖν
1039 2968 1133 3020 καὶ
1173 2969 1433 3037 Μονοῖμῳ
1461 2968 1626 3022 δοκεῖ.

246 3058 341 3129 ιη’.
391 3058 653 3121 Τατιανὸς
684 3057 733 3089 ⁸⁰
762 3058 820 3111 δὲ
857 3058 1258 3128 παραπλησίως
1302 3056 1378 3127 τῷ
1420 3056 1756 3127 Οὑαλεντίνῳ

1869 1881 1935 1919 ex
1963 1868 2159 1935 quibus
2191 1878 2405 1922 constat
2433 1868 2593 1937 ignis,
2621 1884 2734 1935 aer,
2760 1886 2920 1940 aqua,
2946 1881 3108 1937 terra,
3144 1888 3171 1925 a
3202 1875 3440 1927 numeris

1863 1970 1998 2011 ortae
2029 1968 2155 2013 sunt
2190 1960 2598 2030 comprehensis
2628 1962 2678 2015 in
2714 1962 2804 2017 illo
2827 1964 3071 2032 simplice
3115 1965 3307 2019 litterae
3331 1966 3435 2020 iom

1864 2050 2040 2116 apice,
2077 2051 2167 2119 qni
2199 2063 2283 2105 est
2313 2050 2457 2105 tilias
2480 2053 2739 2107 hominis.
2773 2054 2999 2120 Quando
3028 2056 3213 2123 igitur.
3242 2058 3435 2125 inquit,

1865 2140 2069 2207 virgam
2098 2142 2229 2194 dicit
2264 2140 2440 2196 Moses
2462 2142 2725 2198 vibratam
2754 2148 2819 2198 ad
2850 2146 3035 2215 plagas
3065 2147 3432 2218 Egyptiacas,

1864 2242 2113 2284 recenset
2171 2233 2426 2285 mundum
2468 2232 2664 2287 littera:
2725 2234 2835 2287 iota
2885 2233 3196 2303 allegorice,
3256 2252 3431 2303 neque

1862 2323 2043 2392 plures
2068 2337 2227 2390 quam
2268 2325 2454 2377 decem
2508 2324 2690 2393 plagas
2722 2324 2998 2391 formavit,
3032 2325 3126 2380 Sin
3175 2342 3322 2392 vero,
3352 2329 3434 2381 iu-

1860 2414 1996 2481 quit,
2021 2415 2104 2468 vis
2134 2429 2461 2484 cognoscere
2478 2416 2747 2482 universa,
2782 2416 2835 2471 in
2860 2424 2913 2472 te
2942 2418 3059 2487 ipso
3087 2434 3269 2487 qumre
3291 2422 3434 2489 quis-

1862 2520 1986 2557 nam
2029 2505 2121 2565 sit,
2167 2506 2258 2574 qui
2308 2506 2384 2559 ait
2434 2524 2447 2559 :
2500 2508 2680 2561 anima
2729 2524 2871 2574 mea,
2923 2524 3053 2564 caro
3083 2526 3220 2574 mea,
3280 2526 3433 2565 "tells

1861 2611 2001 2662 mea,
2030 2606 2080 2651 et
2109 2600 2199 2666 qui
2232 2599 2654 2669 unumquodque
2702 2599 2803 2654 sibi
2862 2601 2963 2669 ipsi
3027 2612 3240 2671 arrogat
3274 2604 3428 2671 quasi

1859 2688 2002 2742 alius
2034 2692 2177 2758 quis.
2214 2690 2366 2745 lluuc
2410 2690 2647 2762 intellige
2699 2706 2819 2747 esse
2872 2692 3164 2761 perfectum
3197 2709 3261 2747 ex
3306 2710 3430 2763 per-

1857 2777 2019 2846 fecto,
2060 2782 2242 2833 omnia
2291 2797 2385 2835 sua
2442 2782 2661 2851 propria
2714 2783 3121 2837 existimantem
3151 2787 3427 2839 nou-entia

1857 2884 1975 2937 quze
2015 2879 2275 2924 vocantur
2304 2871 2595 2941 omniaque
2617 2873 2784 2927 entia.
2836 2870 2962 2927 Haec
3014 2872 3178 2943 igitur
3206 2884 3262 2929 et
3306 2874 3421 2929 Μο-

1858 2961 2040 3011 ιιοίιιιο
2066 2961 2300 3025 placent.

1928 3049 2015 3113 18,
2038 3048 2311 3105 Tatianus
2342 3060 2521 3107 autem
2567 3055 2924 3110 consimiliter
2955 3056 3240 3113 Valentino
3265 3068 3425 3115 eane-

166 3150 265 3202 καὶ
281 3151 393 3212 τοῖς
413 3149 621 3219 ἑτέροις
645 3148 812 3219 φησὶν
835 3148 1037 3210 αἰῶνας
1057 3146 1195 3201 εἷναί
1216 3165 1371 3210 τινας
1394 3147 1660 3217 ἁορὰτους
1681 3146 1739 3211 ⁸¹,

1864 3142 2039 3205 risque
2070 3143 2147 3196 ait
2179 3158 2358 3197 amnes
2389 3159 2514 3198 esse
2540 3148 2800 3213 quosdam
2828 3147 3166 3216 iinvisibiles,
3207 3165 3273 3204 ex
3300 3153 3423 3222 qui-

166 3237 233 3305 ὲξ
260 3232 335 3293 ὧν
359 3240 405 3273 ⁸³
438 3240 543 3293 ὑπό
571 3257 714 3303 τινος
737 3241 889 3294 κάτω
909 3240 956 3272 ⁸³
981 3240 1075 3293 τὸν
1120 3239 1324 3309 κόσμον
1351 3239 1748 3308 δεδημιουργῆ-

168 3330 296 3383 σθαι
330 3329 514 3383 καὶτὰ
544 3330 692 3384 ὄντα.
724 3331 1089 3400 Κυνικωτέρῳ
1133 3328 1211 3400 [p.
1246 3330 1372 3383 526.
1405 3327 1530 3398 5‘27]
1565 3329 1621 3380 δὲ
1648 3328 1747 3397 βίῳ

164 3422 419 3474 ἀσκεῖται
448 3421 492 3452 ⁸⁸
523 3423 618 3475 καὶ
654 3422 840 3491 σχεδὸν
869 3422 1020 3475 οὐδὲν
1050 3422 1374 3492 Μαρκίωνος
1408 3423 1511 3473 ἀπε
1523 3420 1745 3490 μφαίνει

166 3513 308 3584 πρός
330 3528 389 3566 τε
414 3514 511 3577 τὰς
543 3513 851 3585 δυσφημίας
867 3514 913 3545 ⁸⁸
951 3515 1045 3567 καὶ
1072 3514 1171 3576 τὰς
1201 3514 1333 3584 περὶ
1356 3514 1549 3583 γάμων
1577 3528 1738 3582 νομο-

164 3604 374 3667 θεσίας.

242 3683 328 3749 ιθ’.
367 3695 632 3766 Μαρκίων
663 3696 721 3749 δὲ
744 3696 789 3728 ⁸⁸
813 3697 843 3749 6
880 3697 1140 3761 Ποντικὸς
1178 3697 1271 3750 καὶ
1303 3697 1521 3766 Κέρδων
1550 3696 1579 3747 6
1618 3693 1740 3747 τοὺ-

159 3803 262 3840 του
305 3787 619 3852 διδάσκαλος
649 3790 742 3841 καὶ
780 3789 933 3843 αὐτοὶ
968 3789 1243 3861 ὁρίζουσιν
1280 3787 1421 3841 εἶναι
1451 3789 1598 3857 τρεῖς
1638 3787 1735 3849 τὰς

158 3878 262 3932 τοῦ
285 3880 482 3941 παντὸς
500 3879 543 3911 ⁸⁷
572 3881 765 3950 ἀρχὰς,
810 3881 1010 3949 ἀγαθὸν
1038 3880 1263 3941 δίκαιον,
1294 3878 1445 3948 ὓλην·
1495 3878 1637 3939 τινὲς
1677 3876 1737 3928 δὲ

158 3968 368 4023 τούτων
403 3971 644 4042 μαθηταὶ
688 3972 1040 4043 προστιθέασι
1077 3972 1139 4044 [δ’
1153 3972 1221 4043 ⁸⁸]
1244 3972 1489 4039 λέγοντες
1510 3969 1734 4037 ἀγαθὸν,

157 4063 391 4127 δίκαιον,
418 4062 673 4134 πονηρὸν,
699 4063 849 4134 ὕλην.
874 4064 937 4117 Oi
961 4064 1017 4117 δὲ
1049 4064 1250 4126 πάντες
1288 4062 1333 4093 ⁸⁸
1360 4062 1446 4113 τὸν
1475 4061 1573 4130 μὲν
1600 4062 1739 4128 ἁγα-

160 4153 258 4207 θδν
290 4152 441 4207 οὐδὲν
468 4154 605 4217 ὅλως
627 4154 674 4186 ⁸ο
706 4154 1087 4226 πεποιηκέναι,
1124 4155 1215 4207 τὸν
1244 4154 1301 4206 δὲ
1327 4153 1533 4205 δίκαιον
1559 4152 1607 4203 οἰ
1634 4152 1731 4221 μὲν

155 4245 255 4298 τὸν
284 4244 520 4317 πονηρὸν
537 4245 603 4311 ⁸¹,
631 4247 681 4300 οἰ
719 4246 777 4300 δὲ
822 4247 981 4317 μόνον
1018 4247 1226 4299 δίκαιον
1259 4244 1603 4315 ὀνομάζουσι,
1635 4259 1736 4294 πε-

155 4335 453 4407 ποιηκέναι
486 4335 544 4389 δὲ
584 4338 651 4389 τὰ
679 4338 855 4392 πάντα
885 4338 1185 4392 φάσκουσιν
1215 4339 1279 4405 ἐκ
1316 4337 1411 4406 τῆς
1449 4334 1746 4405 ὑποκειμέ-

1853 3231 1954 3285 bns
1985 3246 2013 3285 a
2050 3234 2283 3301 quodam
2318 3232 2574 3289 inferiore
2605 3238 2860 3292 mundum
2888 3254 3009 3293 esse
3027 3240 3347 3295 fabricatum
3370 3255 3425 3298 et

1850 3338 1912 3377 ea
1939 3338 2058 3392 quae
2084 3334 2231 3379 sunt.
2264 3326 2397 3380 Vitae
2423 3338 2602 3380 autem
2635 3328 2921 3384 admodum
2950 3329 3308 3403 524-525
3330 3349 3423 3405 cy-

1853 3416 1988 3469 nicac
2019 3417 2202 3471 studet
2225 3426 2280 3470 et
2329 3417 2475 3472 nullo
2529 3415 2646 3474 fere
2689 3422 2852 3476 modo
2878 3437 2908 3475 a
2944 3422 3216 3479 Marciane
3244 3425 3423 3480 diﬂert

1847 3510 1988 3577 quod
2013 3519 2068 3563 et
2094 3509 2161 3563 ad
2184 3508 2589 3568 ditfamationes
2635 3512 2834 3568 attinet
2855 3522 2910 3568 et
2936 3515 3003 3569 ad
3044 3515 3188 3585 leges
3217 3518 3282 3571 de
3316 3534 3418 3570 nn-

1848 3602 1972 3671 ptiis
1997 3601 2155 3656 latas.

1919 3693 2005 3757 19,
2036 3692 2273 3749 Marcion
2304 3703 2483 3748 autem
2511 3694 2773 3751 Ponticus
2806 3696 3089 3767 Cerdoque
3118 3700 3276 3777 hujus
3304 3718 3419 3754 ma-

1844 3784 2012 3852 gister
2039 3793 2094 3836 et
2128 3783 2223 3852 ipsi
2264 3783 2525 3838 deﬁniunt
2551 3800 2672 3839 esse
2703 3786 2802 3838 tria
2855 3788 3089 3843 universi
3118 3786 3410 3859 principia:

1844 3875 2067 3938 bonum,
2095 3874 2322 3942 justum,
2378 3877 2702 3943 materiam;
2742 3879 2958 3946 quidam
3000 3888 3177 3934 autem
3225 3895 3411 3935 eorum

1843 3965 2089 4035 discipuli
2109 3967 2309 4019 addunt
2334 3963 2638 4038 [quartum]
2658 3968 2922 4033 dicentes,
2942 3969 3163 4039 bonum,
3182 3971 3412 4039 justum,

1843 4059 2065 4126 malum,
2091 4061 2396 4113 materiam.
2431 4058 2621 4115 Cuncti
2647 4068 2825 4114 autem
2851 4061 2948 4131 (se.
2980 4063 3187 4135 dicunt)
3214 4066 3412 4120 bonum

1845 4151 2067 4205 omnino
2104 4150 2236 4205 nihil
2268 4149 2712 4219 fecisse,justum
2743 4162 2922 4205 autem
2945 4153 3035 4207 alii
3069 4155 3293 4220 malum,
3320 4156 3409 4211 alii

1844 4252 2025 4297 autem
2054 4242 2226 4297 solum
2251 4242 2459 4309 justum
2494 4243 2798 4311 nominant,
2831 4243 3025 4301 fecisse
3068 4258 3248 4302 autem
3284 4249 3405 4302 uui«

1856 4349 2011 4389 versa
2042 4333 2295 4388 dictitant
2321 4348 2386 4389 ex
2443 4332 2755 4402 subjacente
2804 4336 3067 4405 materia;
3123 4354 3230 4395 non
3261 4339 3408 4395 enim

1433 4508 1672 4566 VARUE
1714 4508 2098 4565 LECTIONES

723 4646 769 4679 ³⁸
810 4647 944 4701 ἰῶτα
977 4647 1035 4699 ἓν
1062 4648 1155 4700 καὶ
1190 4647 1385 4717 κεραῐα

231 4652 274 4687 ιι
309 4646 515 4716 Μωσῆς
559 4645 624 4701 C.

155 4722 252 4787 49,
274 4717 453 4802 nhil}.
674 4715 806 4771 ἰῶτα
833 4719 889 4769 ὲν
916 4719 1016 4802 μιᾷ
1038 4717 1256 4802 κεραίᾳ.

152 4801 321 4845 nuata
345 4786 425 4842 sic
446 4786 692 4856 oratione
720 4805 733 4839 :
765 4786 1066 4856 γεγονέναι,
1094 4786 1168 4848 ὥς
1202 4786 1335 4856 φησι
1374 4786 1638 4856 Μωῦσῆς,
1686 4786 1777 4839 τὸν
1808 4786 2030 4856 κόσμον.

922 4859 964 4889 ³⁵
1011 4857 1301 4925 ἰσεπιφανῆ
1357 4858 1648 4926 lioeperns,
1689 4856 1777 4909 ἴσα

147 4860 238 4917 Cl.
272 4869 435 4925 supra
471 4871 523 4922 p.
566 4855 695 4920 428,
734 4858 824 4913 50.

1420 4647 1537 4721 μία,
1589 4646 1721 4721 ἰῶτα
1768 4646 1826 4699 ὲν
1854 4643 2060 4721 κεραίᾳ.¹
2080 4644 2179 4714 μιᾷ
2208 4643 2643 4721 legendumesse
2679 4657 2863 4701 censet
3018 4648 3143 4703 coll.
3178 4664 3232 4719 p.
3276 4651 3405 4721 426,

1332 4718 1378 4748 ³³
1422 4713 1592 4787 Verba
1630 4717 1763 4787 ἰῶτα
1786 4749 1869 4787 -ί
1889 4713 2180 4787 ἀνθρώπου
2205 4715 2553 4787 parenthesin
2582 4732 2699 4771 esse
2725 4727 2875 4783 putat
2898 4713 3199 4787 Boeperus,
3229 4713 3405 4777 conti;

2126 4784 2170 4813 ³⁸
2202 4784 2400 4862 ἔχουσά
2432 4785 2531 4837 ὅσα
2560 4786 2653 4862 καὶ
2692 4788 2846 4862 ἀυτὴ.
2891 4784 3171 4862 ἔχουσα-έν
3196 4792 3405 4862 ἐαυτῇῒ

1818 4852 1886 4925 ἦν
2045 4852 2116 4925 Μ,
2168 4843 2435 4925 qn'ilhaac
2462 4857 2621 4907 verba
2659 4857 2781 4910 coll.
2916 4843 3043 4920 3‘28,
3088 4859 3155 4913 58
3194 4843 3405 4917 uncinis

151 4922 397 5012 inclusit.
435 4997 450 5012 ι
471 4926 516 5012 ξθ
550 4925 720 4997 ἁπλῇ.
764 4927 1017 5012 διπλῇηϐ.
1050 4927 1132 4980 Cl.
1174 4922 1342 5012 supra
1365 4970 1379 4991 ,
1410 4922 1623 5010 [1.1%,
1658 4926 1745 4980 59.
1780 4922 1865 5012 ,ἢ
1883 4923 2323 5012 ξλέγῃξκνλξέγειῄϐἒ
2381 4922 2439 5012 ".8
2468 4922 2868 5012 signAfyurrt-ov
2896 4959 2971 5012 ——-.
2999 4928 3403 5012 ἀλληγορουμέ-

148 5018 283 5063 νως,
317 5000 397 5059 εἰς
422 4992 718 5063 Αιγυπτον,
749 4999 818 5049 τὰ
851 4992 996 5067 πᾶθη
1030 4992 1337 5072 καταλέγει
1360 4992 1451 5048 τοῦ
1494 4997 1700 5072 κόσμου
1737 4995 1815 5072 τῷ
1854 4992 2159 5072 ἰῶτα-ἀλλ’.
2203 4992 2427 5072 conjan
2457 5006 2523 5072 et.
2547 4992 2890 5072 Bernaysius,
2926 5000 3003 5060 είς
3034 4992 3269 5072 τάκατά
3302 4992 3403 5072 τὴν

146 5062 626 5137 Αιγυπτον-πάθη,
651 5084 774 5120 κατ.
808 5083 860 5121 τ.
892 5085 943 5120 κ.
977 5062 1027 5124 τ,
1068 5069 1101 5119 ἰ.
1138 5062 1269 5119 ἀλλ’.
1303 5062 1608 5137 Roeperus,
1633 5069 1711 5128 εἰς
1740 5062 1811 5118 τὰ
1834 5067 1951 5137 κατ’
1974 5064 2249 5137 Αἴγυπτον
2272 5062 2439 5137 πάθη,
2469 5064 2616 5137 λέγει
2644 5062 2737 5117 τὸν
2768 5067 2971 5137 κόσμον
2995 5068 3089 5121 τοῦ
3120 5070 3251 5122 ἰῶτα
3279 5062 3395 5125 ἀλλ.

144 5133 311 5213 susp.
330 5136 394 5189 Β.
426 5133 674 5213 Scottus,
693 5138 775 5213 εἰς
800 5138 869 5190 τὰ
898 5137 1040 5189 κατὰ
1064 5137 1163 5213 τὴν
1180 5137 1459 5213 ᾼῖ-ίυπς-ον
1485 5136 1653 5213 πάθη,
1683 5136 1831 5213 λέγει
1864 5135 1983 5213 τὸν-
2004 5135 2207 5213 κόσμον
2236 5133 2336 5213 τῷ.
2370 5134 2502 5213 ἰῶτα
2539 5133 3022 5213 ἀλληγ-ορουμξένως
3038 5180 3049 5191 -
3083 5140 3158 5213 ᾡς
3238 5141 3400 5213 ᾀλλη-

140 5204 1003 5334 ἧθεθεὲῒιῇῗιῖιἹξξϊξίῖιιὲἷἰῗ¹¹ἑ³‹ξι²ἶ.
1020 5207 1447 5334 ΡὸΫιίξὲΫὲἑῨίέ

144 5291 201 5334 le
240 5291 435 5333 enaum
468 5291 586 5329 esse
651 5291 766 5329 utat
794 5291 840 5328 Μ
882 5291 1003 5331 con.
1056 5291 1109 5345 p.
1139 5291 1267 5338 αδ,
1295 5291 1358 5329 oo

143 5295 235 5405 (HS.
260 5360 419 5416 supra
439 5360 504 5427 _p.
535 5291 658 5427 4.5;,
983 5346 1025 5375 “
1062 5346 1358 5427 ἀοράτους..

142 5419 213 5481 C,
245 5426 299 5472 et
329 5414 503 5468 \erba
552 5414 736 5467 lrenmi
769 5417 873 5469 illic
916 5417 1081 5469 tenui
1138 5414 1439 5484 Supposita.

145 5488 200 5521 ⁸⁸
220 5486 470 5540 ἀσκεῖται
496 5484 609 5538 καί.
650 5485 936 5539 ἀσκεῖσθαι
977 5487 1039 5548 C,
1085 5485 1154 5539 Μ.

142 5572 311 5627 supra
340 5553 655 5627 p_._582_-594
680 5555 746 5627 de
770 5554 848 5607 Ma
860 5558 1042 5609 rcione
1077 5566 1125 5607 et

143 5623 294 5690 rent,
330 5623 348 5647 ‘
368 5625 413 5656 ⁸⁷
439 5623 534 5677 τοῦ
565 5626 782 5687 παντός.
820 5627 947 5688 τοὺς
988 5626 1188 5689 παντὸς
1212 5626 1273 5680 G.

1268 5486 1314 5556 ⁸⁸
1349 5489 1447 5545 τὰς
1484 5485 1815 5556 δυσφημίας.
1844 5488 1942 5555 τῆς
1966 5485 2126 5552 δυσφ.
2154 5482 2217 5536 C.

1166 5571 1217 5623 p.
1258 5555 1362 5610 408
1390 5570 1469 5623 sq:
1510 5556 1574 5609 de
1596 5552 1839 5610 lje'rdone
1882 5552 2133 5624 scripsit._
2175 5552 2330 5624 valde
2364 5554 2431 5624 ab
2468 5555 2552 5619 iis,
2602 5571 2719 5623 quae
2773 5559 2861 5611 hic
2888 5552 3155 5624 leguntur,
3195 5562 3394 5616 abhor-

1371 5624 1415 5657 ⁸⁸
1442 5622 1487 5678 δ’
1528 5626 1815 5695 Sauppius,
1839 5643 1949 5681 0m.
1988 5626 2050 5685 (ὲ,
2088 5622 2158 5695 Μ.
2188 5694 2199 5695 7
2235 5622 2279 5695 ‘f
2306 5623 2525 5687 πάντες.
2580 5622 2759 5681 πάντα
2796 5628 2858 5683 C.
2937 5622 2982 5660 ⁸ο
3020 5628 3176 5693 ὅλως.
3217 5630 3393 5695 ἄλλως

1559 5203 1865 5259 ³⁹“πλείονα
1917 5204 2026 5255 τῶν
2078 5204 2230 5257 δέκα.
2280 5203 2539 5256 πλειόνων
2573 5205 2629 5257 δὲ
2675 5203 2755 5265 (ἐξ
2776 5203 2997 5261 πλείονα
3039 5209 3148 5262 τῶν
3191 5203 3400 5264 δώδεκά

1056 5291 1109 5345 p.
1139 5276 1267 5338 428,
1295 5276 1383 5331 65.
1420 5276 1588 5362 Sicuti
1607 5274 2272 5362 ‘nosnetiamnlfernaysius
2302 5278 2561 5362 correxit;
2635 5276 2680 5362 ἰς
2706 5277 3396 5362 ςΓατιανρς-ηνομοοησίας.

983 5346 1025 5375 ⁸¹
1057 5344 1346 5415 ίὰοράτους.
1381 5346 1512 5399 ποτὲ
1541 5348 1665 5408 τοὺς
1706 5346 1768 5408 C,
1810 5347 1879 5401 Μ.
1918 5344 2004 5398 Cf.
2040 5360 2199 5410 supra
2245 5358 2296 5408 p.
2338 5344 2461 5399 452.
2499 5344 2587 5407 24,
2630 5347 2716 5400 ubi
2783 5349 2935 5417 παρὰ
2966 5349 3090 5411 τοὺς
3109 5344 3310 5417 legitur
3341 5353 3394 5405 in

983 5417 1081 5468 ttui
1146 5417 1439 5471 subposita.
1552 5415 1680 5471 ⁸¹ὲξ
1709 5410 1801 5471 ὧν.
1862 5420 1927 5469 ὲκ
1962 5414 2071 5466 τῶν
2116 5418 2175 5471 (Σ,
2234 5413 2302 5465 Μ.
2416 5413 2461 5443 ⁸³
2491 5417 2661 5469 κάτω.
2708 5417 2819 5470 τῶν
2869 5418 3058 5471 κόιτωῖ
3104 5420 3392 5471 Saunoius-

1652 5448 1680 5479 ξ
1709 5448 1801 5471 ων,
1862 5448 1927 5469 ιη
1973 5448 2069 5466 νων
2116 5448 2175 5472 ιι,
2234 5448 2302 5465 ul.

2416 5413 2461 5488 ’:3
2491 5417 2661 5488 κάτω.
2685 5417 2819 5488 Ατῶν
2867 5413 3076 5488 κάτωῖίν
3104 5413 3392 5488 Sauppius.

2308 5483 2353 5513 ⁸⁶
2384 5484 2651 5555 Μαρκίων
2679 5484 2760 5550 δὲ,
2792 5506 2845 5541 κ.
2874 5507 2925 5544 τ.
2955 5490 3004 5541 λ.
3050 5487 3179 5555 Qua:
3211 5483 3397 5546 noster

144 5698 213 5759 C,
245 5697 316 5752 Μ.
389 5697 434 5727 ⁸³
469 5693 562 5747 τὸν
599 5695 852 5765 πονηρόν.
893 5695 985 5749 καὶ
1023 5699 1115 5749 τὸν
1149 5698 1315 5753 πον.ἷδ
1348 5692 1853 5766 διιυρρίυείμόνον.
1888 5696 2049 5766 μόνον
2077 5693 2206 5745 τόνῖ
2244 5692 2530 5763 Sauppius.
