3808 6220
406 274 551 345 3437

1887 282 2259 345 ORIGENIS

3512 278 3645 345 3438

412 397 546 450 bene
575 393 788 461 fecisse,
819 393 915 448 sed
939 392 1409 462 irrationabiliter,
1435 407 1657 450 necesse
1684 392 1828 449 enim
1864 408 1965 448 esse

2086 410 2183 460 νης
2211 391 2343 463 ὕλης
2362 408 2375 420 ·
2409 386 2766 461 πεποιηκέναι
2792 390 2898 460 γάρ
2932 390 2991 443 οὐ
3020 388 3199 452 καλῶς
3220 428 3236 453 ,
3260 389 3374 442 ἀλλ’
3402 388 3637 458 ἀλόγως·

407 495 469 540 ιιι
499 501 583 551 ea,
610 500 731 555 quae
781 494 901 539 orta
960 486 1088 549 sint,
1133 485 1332 541 similia
1364 486 1472 540 sint
1520 486 1592 551 ei,
1618 486 1709 555 qui
1766 484 1978 540 fecerit.

408 576 745 644 Quapropter
762 576 928 629 etiam
950 577 1221 645 parabolis
1246 578 1572 646 evangelicis
1600 576 1651 630 in
1681 577 1822 631 hunc
1868 590 1983 630 mo-

406 671 531 721 tltun
570 677 792 722 utuntur
825 668 1103 723 dicentes:
1142 668 1265 722 Non
1298 681 1461 738 potest
1514 669 1675 722 arbor
1703 670 1841 722 bona
1866 669 1981 737 [ruv

403 771 517 813 ctus
541 758 708 813 malos
734 760 931 828 facere,
966 770 1019 814 et
1044 776 1163 830 qua:
1195 776 1515 830 sequuntur,
1565 761 1633 815 ad
1687 763 1787 816 hoc
1821 761 1979 816 dicti-

407 866 524 906 tans
554 853 913 921 pronuntiata
938 867 1079 917 esse,
1110 869 1228 921 qua:
1259 864 1327 906 ab
1353 859 1469 923 ipso
1498 853 1635 906 male
1663 864 1975 906 censentur.

402 941 678 995 Christum
714 951 894 996 autem
931 942 1095 995 ﬁlium
1139 957 1262 997 esse
1292 943 1416 996 boni
1446 951 1499 996 et
1531 942 1599 997 ab
1645 956 1711 996 eo
1751 942 1975 995 missum

402 1050 523 1088 esse
555 1034 623 1088 ad
659 1035 975 1089 salvandum
1008 1035 1240 1099 animas,
1270 1049 1428 1102 quem
1458 1035 1774 1089 interiorem
1798 1036 1976 1089 homi-

403 1139 525 1179 nem
562 1137 738 1191 vocat,
772 1125 957 1179 «licens
992 1140 1114 1179 eum
1174 1136 1430 1193 tanquam
1492 1126 1763 1179 hominem
1810 1140 1976 1194 appa-

403 1216 595 1279 ruisse,
625 1232 746 1271 cum
781 1232 885 1269 non
915 1218 983 1270 sit
1009 1217 1190 1279 homo,
1222 1227 1276 1270 et
1310 1226 1563 1285 tauquam
1620 1230 1837 1269 carnem
1877 1218 1976 1270 ha-

402 1306 637 1371 bentem,
669 1321 791 1359 cum
816 1321 921 1359 non
960 1308 1154 1359 habent
1189 1321 1432 1370 carnem,
1470 1308 1558 1375 qui
1598 1309 1778 1377 specie
1812 1324 1976 1377 appa-

404 1396 757 1463 rueritneque
779 1395 1084 1465 genituram
1108 1396 1620 1465 sustinueritneque
1644 1398 1973 1466 passionem,

398 1502 587 1541 verum
640 1490 820 1557 specie
852 1497 1081 1541 tantum.
1144 1488 1374 1544 Carnem
1411 1501 1591 1543 autem
1622 1507 1725 1544 non
1759 1491 1868 1543 vult
1894 1509 1971 1545 re-

398 1595 643 1649 surgere,
676 1582 1077 1637 matrimonium
1110 1591 1287 1635 anteiit
1318 1581 1616 1649 perniciem
1644 1598 1765 1637 esse
1786 1584 1973 1638 dicens

2084 484 2298 554 ἀνάγκη
2324 482 2433 554 γάρ
2456 482 2525 535 τὰ
2552 483 2818 552 γενόμενα
2844 483 3005 553 ὅμοια
3029 478 3167 535 εἶναι
3199 480 3281 552 τῷ
3304 483 3641 550 πεποιηκότι.

2084 577 2174 628 Διὸ
2210 576 2303 629 καὶ
2344 578 2465 639 ταῖς
2508 574 2847 645 παραδολαῖς
2888 576 3008 636 ταῖς
3047 572 3432 641 εύαγγελικαίς
3478 572 3645 635 οὕτως

2081 667 2319 737 χρῶνται
2335 666 2603 734 λέγοντες·
2624 668 2703 719 Οὺ
2726 666 2972 718 δύναται
2994 664 3242 734 δένδρον
3252 665 3298 696 ⁸¹
3311 664 3505 719 καλὸν
3522 680 3647 730 καί-

2081 756 2235 821 ποὺς
2267 755 2572 822 πονηροὺς
2600 755 2813 820 ποιεῖν,
2845 756 3029 809 καὶτὰ
3058 755 3205 824 ἑξῆς,
3250 756 3331 818 εἰς
3365 755 3525 806 τοῦτο
3548 756 3643 821 φά-

2083 864 2229 899 σκων
2262 846 2270 917 Ι
2302 848 2553 917 εἰρῆσθαι
2576 848 2641 900 τὰ
2666 848 2755 901 ὑπ’
2774 847 2935 899 αὑτοῦ
2958 848 3144 910 κακῶς
3166 847 3521 917 νομιζόμενα.
3547 846 3645 895 Tim

2078 938 2134 990 δὲ
2163 939 2399 1009 Χριστὸν
2424 940 2538 993 υἱὸν
2570 934 2711 991 εἶναι
2740 938 2834 991 τοῦ
2863 939 3069 1007 ἀγαθοῦ
3104 940 3199 991 καὶ
3229 940 3320 991 ὑπ’
3361 938 3529 990 αὐτοῦ
3559 954 3645 989 πε-

2080 1029 2326 1099 πέμφθαι
2352 1032 2441 1083 ἐπὶ
2464 1032 2706 1102 σωτηρίᾳ
2726 1031 2833 1083 τῶν
2851 1032 3058 1100 ψυχῶν,
3080 1031 3139 1084 ὃν
3160 1031 3205 1062 ⁵³
3222 1030 3334 1083 ἔσω
3362 1030 3644 1100 ἄνθρωπον

2078 1121 2251 1185 καλεῖ,
2265 1121 2340 1184 ὡς
2357 1122 2453 1175 ἀνθ
2463 1139 2640 1192 ρωπον
2656 1124 2888 1191 φανέντα
2901 1123 3070 1192 λέγων
3082 1124 3181 1176 οὐκ
3195 1123 3325 1177 ὄντα
3339 1122 3643 1191 ἄνθρωπον,

2077 1217 2169 1266 καὶ
2183 1214 2259 1274 ὡς
2280 1214 2544 1285 ἕνσαρκον
2558 1218 2656 1268 οὐκ
2674 1217 2957 1287 ἕνσαρκον,
2976 1214 3645 1286 δοκήσειπεφηνότα,οὗτε

2076 1308 2291 1375 γένεσιν
2313 1308 2683 1379 ὑπομείναντα
2710 1307 2832 1360 οὔτε
2862 1309 3031 1370 πάθος
3052 1346 3067 1372 ,
3094 1308 3228 1361 ἀλλά
3252 1308 3299 1338 ⁸³
3324 1307 3405 1377 τῷ
3448 1308 3642 1359 δοκεῖν.

2076 1401 2264 1471 Σάρκα
2310 1398 2367 1452 δὲ
2423 1400 2485 1453 οὐ
2510 1399 2653 1452 θέλει
2709 1398 3063 1463 ἀνίστασθαι,
3113 1400 3290 1469 γάμον
3333 1396 3393 1452 δὲ
3444 1398 3646 1469 φθοράν

2075 1486 2215 1544 εἶναι
2240 1490 2412 1559 λέγων
2446 1493 2794 1561 κυνικωτέρῳ
2820 1491 2920 1562 βίῳ
2951 1491 3218 1562 προσάγει
3237 1492 3288 1523 ⁸⁸
3314 1492 3446 1553 τοὺς
3474 1489 3647 1559 μαθη-

2074 1584 2193 1646 τάς,
2227 1584 2283 1637 ὲν
2324 1582 2534 1646 τούτοις
2570 1584 2804 1653 νομίζων
2842 1584 3030 1636 λυπεῖν
3070 1582 3161 1636 τδν
3202 1582 3561 1654 δημιουργὸν,
3601 1582 3646 1634 εἰ

394 1672 460 1723 ad
485 1671 646 1724 vitam
681 1673 967 1725 admodum
1011 1674 1257 1745 cynicam
1284 1674 1504 1727 adducit
1555 1674 1871 1742 discipulos,
1917 1676 1965 1727 iu

2075 1673 2183 1727 τῶν
2212 1675 2306 1726 ὑπ’
2334 1674 2498 1728 αὐτοῦ
2529 1678 2826 1745 γεγονότων
2851 1677 2884 1749 ἢ
2909 1676 3229 1747 ὡρισμένων
3256 1677 3545 1747 ἀπέχοιτο.

399 1761 483 1815 his
512 1772 707 1831 putans
736 1779 794 1818 se
827 1778 971 1832 argre
1009 1763 1190 1819 facere
1227 1766 1524 1832 demiurgo,
1559 1767 1602 1819 si
1640 1766 1724 1830 iis,
1753 1780 1872 1834 qua:
1903 1766 1970 1819 ah
2002 1746 2046 1801 Β

395 1852 484 1904 illo
522 1852 658 1907 lacta
690 1862 817 1907 sunt
847 1854 929 1907 vel
956 1855 1274 1919 constituta,
1309 1870 1368 1910 se
1397 1856 1686 1910 abstineat.

460 1942 553 1997 2t).
617 1942 832 2012 Apelles
894 1954 1097 2007 autem,
1140 1944 1299 2012 hujus
1357 1945 1675 2013 discipulus,
1717 1960 1837 1999 cum
1870 1945 1969 2015 ipsi

394 2033 833 2104 improharcntur
857 2050 977 2103 qua:
1038 2050 1068 2088 a
1109 2035 1374 2105 tnagistro
1433 2037 1572 2089 dicta
1621 2044 1766 2103 sunt,
1812 2036 1969 2091 sicuti

391 2137 551 2179 antea
604 2125 886 2190 diximus,
932 2141 1071 2181 nova
1121 2128 1364 2181 doctrina
1410 2129 1687 2197 supposuit
1740 2138 1971 2197 quatuor

390 2228 512 2269 esse
546 2230 699 2278 neos,
725 2230 957 2284 quorum
990 2231 1153 2269 unum
1187 2217 1318 2274 dicit
1353 2218 1576 2281 bonum,
1601 2233 1763 2289 quem
1797 2234 1971 2288 neque

392 2307 668 2375 prophetas
700 2310 1079 2377 cognoverint,
1116 2308 1271 2377 cujus
1303 2323 1423 2364 esse
1453 2310 1620 2363 lilium
1651 2310 1967 2378 Christum;

392 2398 557 2451 alium
590 2408 771 2453 autem
825 2399 1075 2469 Opiﬁcem
1125 2400 1389 2466 universi,
1450 2416 1611 2471 quem
1650 2416 1755 2455 nou
1809 2402 1967 2456 deum

388 2506 508 2545 esse
540 2490 685 2554 vult,
742 2490 905 2544 alium
958 2502 1138 2545 autem
1185 2492 1441 2561 igneum,
1491 2493 1582 2561 qui
1631 2493 1965 2561 apparuerit,

389 2582 551 2636 alium
590 2592 771 2638 autem
819 2584 1043 2649 malum,
1073 2600 1211 2653 quos
1261 2585 1484 2656 angelos
1535 2596 1711 2649 vocat,
1764 2586 1967 2639 addens

389 2688 516 2729 vero
553 2673 829 2729 Christum
856 2684 911 2731 et
933 2676 1177 2743 quintum
1210 2678 1376 2731 dicet.
1421 2676 1553 2731 Sese
1577 2685 1757 2730 autem
1797 2676 1967 2745 appli-

387 2773 473 2818 cal
501 2765 672 2832 libro,
717 2780 875 2834 quem
928 2766 1305 2822 llevelationes
1355 2767 1587 2837 appellat
1632 2765 1967 2819 Philumena:

387 2860 690 2928 cujusdam,
717 2873 878 2928 quam
908 2859 1304 2928 prophetissam
1334 2872 1455 2913 esse
1493 2858 1809 2913 arbitratur.
1834 2856 1965 2910 Car-

391 2967 512 3005 nem
556 2961 736 3005 autem
772 2949 1048 3006 Christum
1090 2966 1197 3005 non
1251 2966 1318 3007 ex
1361 2949 1580 3020 Virgine
1630 2950 1705 3002 ait
1752 2963 1966 3003 assum-

387 3042 582 3111 psisse,
614 3042 709 3098 sed
743 3054 809 3095 ex
837 3042 1125 3113 adjacente
1150 3043 1336 3096 mundi
1375 3041 1703 3097 substantia.
1741 3039 1796 3094 In
1821 3040 1964 3094 hunc

388 3108 611 3187 inodum
637 3142 825 3187 contra
854 3108 1000 3203 leges
1032 3141 1087 3186 et
1109 3131 1462 3203 526-527
1485 3131 1777 3202 prophetas
1797 3146 1960 3201 opera
1988 3108 2031 3167 θ

330 3224 753 3289 ~concinnavit,
804 3223 1099 3280 dissolvere
1172 3240 1266 3279 eos
1292 3235 1559 3287 conatus,
1641 3224 1795 3293 quasi
1870 3223 1959 3293 qui

388 3314 667 3371 mendacia
716 3314 876 3370 locuti
958 3316 1069 3369 sint
1114 3329 1289 3385 neque
1345 3315 1514 3368 Deum
1572 3314 1960 3386 cognoverint;

386 3422 688 3476 carnesque
712 3407 887 3475 perire
911 3408 1268 3462 consimiliter
1307 3406 1569 3461 Marcioni
1598 3406 1748 3461 dicit.

454 3500 547 3566 21,
574 3500 862 3555 Cerintlms
901 3509 1102 3567 autem,
1150 3500 1265 3569 ipse
1308 3500 1361 3554 iu
1418 3497 1653 3570 Egypto
1690 3497 1960 3564 excultus,

388 3607 492 3646 non
521 3605 552 3645 a
583 3593 762 3661 primo
786 3596 886 3645 deo
910 3590 1112 3645 factum
1142 3605 1263 3646 esse
1292 3592 1546 3645 mundum
1590 3590 1779 3655 voluit,
1804 3592 1897 3645 sed
1928 3605 1961 3644 ει

384 3683 585 3738 virtute
621 3682 852 3753 quadam
881 3682 1123 3754 angelica
1155 3681 1311 3753 longe
1336 3692 1585 3753 separata
1626 3693 1681 3738 et
1720 3683 1961 3737 distante

385 3777 455 3831 ab
503 3791 567 3831 ea
624 3776 1044 3846 principalitate,
1090 3791 1210 3845 quae
1243 3784 1329 3830 est
1372 3790 1534 3844 super
1584 3776 1858 3840 universa,
1908 3784 1963 3830 et

387 3869 672 3936 ignorante
704 3870 885 3929 deum,
917 3869 1007 3936 qui
1038 3878 1119 3920 est
1148 3881 1311 3935 super
1336 3866 1540 3920 omnia.
1565 3863 1747 3919 Jesutn
1778 3876 1957 3921 autem

384 3959 515 4014 dicit
550 3976 653 4015 non
686 3976 751 4013 ex
786 3958 1001 4029 Virgine
1036 3975 1156 4014 esse
1185 3968 1525 4029 generatum,
1560 3968 1742 4012 natum
1773 3970 1956 4013 autem

384 4065 506 4106 esse
532 4066 655 4105 eum
702 4068 765 4105 ex
810 4051 1049 4121 Joscpho
1096 4060 1149 4105 et
1196 4050 1361 4104 Maria
1406 4051 1572 4104 lilium
1607 4051 1963 4105 consimiliter

389 4141 613 4209 reliquis
647 4142 979 4206 hominibus,
1019 4152 1074 4196 et
1121 4142 1441 4196 cXcelluisse
1480 4141 1687 4211 justitia
1734 4150 1791 4195 et
1830 4157 1960 4210 pru-

395 4236 579 4290 dentia
612 4245 661 4287 et
688 4235 1041 4304 intelligentia
1070 4248 1233 4305 supra
1258 4249 1450 4289 omnes
1474 4232 1729 4298 reliquos.
1756 4230 1820 4286 Et
1844 4241 1963 4301 post

386 4324 718 4394 baptismum
746 4324 1030 4380 devenisse
1066 4326 1117 4379 in
1150 4340 1273 4379 eum
1323 4326 1390 4379 ab
1432 4339 1494 4379 ea
1541 4324 1959 4393 principalitate,

391 4432 512 4486 quas
545 4424 628 4471 est
653 4430 816 4486 super
847 4418 1055 4481 omnia,
1080 4416 1357 4471 Christum
1390 4416 1442 4469 in
1478 4416 1649 4486 ligura
1674 4416 1957 4477 columbae,

2146 1948 2215 1995 κ’.
2279 1942 2544 2011 Ἀπελλῆς
2569 1943 2614 1974 ⁸⁵
2644 1944 2701 1997 δὲ
2746 1945 2774 1996 ὁ
2806 1942 2993 1997 τούτου
3031 1942 3281 2013 μαθητὴς
3311 1942 3647 2013 ἀπαρεσθέκ

2072 2036 2187 2097 τοῖς
2232 2034 2337 2086 ὑπὸ
2369 2034 2463 2088 τοῦ
2503 2035 2821 2088 διδασκάλου
2866 2035 3205 2105 εἰρημένοις,
3259 2034 3407 2087 καθά
3461 2035 3647 2105 προεί-

2075 2144 2271 2196 πομεν,
2322 2128 2462 2193 ἄλλῳ
2501 2128 2644 2197 λόγῳ
2686 2127 2918 2182 ὑπέθετο
2962 2129 3235 2198 τέσσαρας
3276 2123 3417 2182 εἶναι
3467 2128 3646 2193 θεοὺς,

2070 2213 2146 2273 ὧν
2188 2219 2285 2272 ἕνα
2334 2219 2533 2289 φάσκει
2582 2217 2832 2290 [ἀγαθὸν]
2861 2220 2930 2283 ⁵⁷,
2976 2218 3036 2273 ὃν
3082 2219 3208 2272 οὔτε
3255 2220 3305 2272 οἱ
3360 2221 3646 2291 προφῆται

2071 2310 2332 2379 ἔγνωσαν,
2366 2306 2427 2365 οὗ
2458 2308 2599 2363 εἶναι
2631 2310 2747 2363 υἱὸν
2795 2311 2888 2364 τὸν
2917 2310 3170 2380 Χριστόν*
3217 2310 3407 2381 ἕτερον
3451 2312 3515 2365 δὲ
3556 2316 3645 2366 τὸν

2068 2402 2402 2472 δημιουργὸν
2434 2402 2528 2455 τοῦ
2568 2402 2787 2466 παντὸς,
2817 2401 2877 2454 ὃν
2904 2402 2964 2454 οὐ
2992 2401 3111 2454 θεὸν
3138 2396 3278 2454 εἶναι
3312 2401 3460 2455 θέλει
3478 2442 3497 2466 ,
3528 2402 3642 2455 ἓτε-

2073 2510 2164 2564 ρον
2192 2494 2248 2546 δὲ
2286 2494 2509 2565 πύρινον
2535 2494 2627 2546 τὸν
2666 2496 2918 2562 φανέντα,
2952 2494 3136 2565 ἕτερον
3165 2494 3221 2546 δὲ
3261 2496 3528 2566 πονηρὸν,
3555 2495 3643 2559 οὓς

2068 2586 2332 2653 ἀγγέλους
2362 2584 2549 2651 καλεῖ,
2581 2576 2839 2654 προσθεὶς
2868 2586 2924 2637 δὲ
2954 2586 3047 2638 τὸν
3078 2586 3313 2654 Χριστὸν
3364 2586 3463 2640 καὶ
3501 2589 3616 2657 πέμ

2068 2695 2201 2729 πτον
2249 2678 2385 2746 ἐρεῖ.
2436 2677 2699 2747 Προσέχει
2743 2676 2799 2728 δὲ
2850 2676 3051 2747 βίϐλῳ,
3100 2678 3166 2747 ἣν
3204 2676 3252 2708 ⁸⁸
3300 2676 3644 2749 Φανερὼσεις

2067 2764 2225 2815 καλεῖ
2252 2764 2583 2834 Φιλουμένης
2609 2764 2774 2826 τινὸς,
2798 2764 2864 2835 ἣν
2896 2767 3165 2834 προφῆτιν
3187 2766 3232 2798 ⁸⁹
3263 2767 3500 2836 νομίζει.
3534 2763 3642 2838 Τὴν

2065 2852 2122 2905 δὲ
2170 2856 2349 2923 σάρκα
2397 2855 2489 2907 τὸν
2521 2855 2755 2925 Χριστὸν
2800 2856 2900 2909 οὐκ
2931 2858 2994 2909 ἐκ
3040 2859 3139 2928 τῆς
3182 2858 3464 2929 Παρθένου
3499 2860 3644 2929 λέγει

2066 2943 2528 3012 προσειληφέναι,
2567 2942 2685 2996 ἀλλ’
2718 2946 2782 2996 ὲκ
2820 2945 2920 3012 τῆς
2958 2946 3376 3016 παρακειμένης
3407 2946 3505 3000 τοῦ
3549 2948 3643 3000 κό-

2068 3050 2207 3102 σμου
2238 3034 2448 3097 οὐσίας.
2492 3033 2571 3105 [p.
2612 3034 2734 3088 527.
2779 3034 2905 3106 528]
2949 3033 3137 3098 Οὕτως
3165 3037 3307 3089 κατὰ
3343 3037 3443 3091 τοῦ
3478 3038 3642 3108 νόμου

2065 3125 2159 3178 καὶ
2183 3126 2290 3178 τῶν
2320 3127 2611 3197 προφητῶν
2632 3127 2984 3197 συντάγματα
3006 3130 3229 3198 ἐποίησε
3255 3130 3322 3189 ⁸⁸,
3347 3130 3643 3184 καταλύειν

2065 3216 2267 3280 αὐτοὺς
2290 3217 2584 3286 ἐπιχειρῶν
2608 3216 2683 3280 ὡς
2705 3216 2873 3287 ψευδῆ
2902 3215 3263 3289 λελαλὶμιὸτας
3287 3220 3387 3273 καὶ
3418 3221 3541 3273 θεὸν
3570 3223 3642 3293 μὴ

2063 3306 2389 3374 ἐγνωκότας
2423 3307 2631 3377 σάρκας
2656 3308 2698 3339 ⁶¹
2733 3324 2791 3360 τε
2821 3306 3156 3361 ἀπόλλυσθαι
3187 3310 3231 3340 ⁶²
3256 3310 3465 3380 ὁμοίως
3496 3311 3641 3383 hisp.

2062 3396 2218 3451 κίωνι
2247 3397 2413 3467 λέγει.

2133 3488 2241 3542 κα’.
2285 3489 2553 3559 Κήρινθος
2594 3489 2653 3541 δὲ
2693 3490 2759 3549 ⁸³.
2798 3493 2827 3542 ό
2869 3490 2928 3542 ὲν
2975 3491 3040 3559 τῇ
3080 3488 3341 3561 Αἰγύπτῳ
3380 3491 3641 3561 ἀσκηθεὶς

2062 3581 2245 3645 αὐτὸς,
2282 3581 2380 3651 οὐχ
2408 3581 2513 3633 ὑπὸ
2545 3581 2641 3634 τοῦ
2677 3581 2894 3651 πρώτου
2932 3581 3055 3634 θεοῦ
3094 3582 3185 3635 τὸν
3235 3584 3448 3653 κόσμον
3483 3602 3641 3651 γεγο-

2062 3671 2214 3725 νέναι
2246 3671 2535 3743 ἠθέλησεν,
2566 3674 2680 3727 ἀλλ’
2707 3674 2812 3726 ὑπὸ
2838 3673 3119 3743 δυνάμεώς
3142 3692 3287 3737 τινος
3314 3674 3636 3745 ἀγγελικῆς,

2062 3761 2197 3816 πολὺ
2239 3762 2654 3834 κεχωρισμένης
2686 3764 2779 3817 καὶ
2804 3763 3101 3833 διεστώσης
3135 3765 3235 3834 τῆς
3272 3766 3414 3835 ὑπὲρ
3448 3765 3522 3819 τὰ
3552 3769 3641 3819 ὅλα

2063 3852 2353 3917 αὑθεντὶας
2404 3855 2499 3907 καὶ
2540 3854 2840 3924 ἀγνοούσης
2886 3854 2895 3925 1
2933 3854 3026 3909 τὸν
3077 3856 3218 3925 ὑπὲρ
3266 3857 3447 3911 πάντα
3499 3857 3639 3911 θεόν.

2065 3944 2168 3995 Τὸν
2188 3943 2244 3996 δὲ
2287 3944 2492 4015 Ἰησοῦν
2519 3945 2666 4013 λέγει
2699 3946 2773 4017 μὴ
2805 3948 2869 3998 ὲκ
2901 3946 3176 4016 Παρθένου
3208 3946 3544 4018 γεγενῆσθαι
3573 3948 3638 4010 ⁸⁵,

2062 4034 2346 4103 γεγονέναι
2398 4036 2454 4090 δὲ
2505 4038 2668 4090 αὑτὸν
2719 4038 2778 4103 ἐξ
2847 4038 3048 4109 Ἰωσὴφ
3103 4041 3197 4092 καὶ
3250 4040 3464 4109 Μαρίας
3528 4042 3640 4092 υἱὸν

2064 4128 2261 4197 ὁμοίως
2294 4130 2339 4160 ⁸⁸
2365 4132 2479 4191 τοῖς
2520 4130 2725 4193 λοιποῖς
2762 4130 3070 4202 ἀνθρώποις
3092 4172 3106 4195 ,
3138 4134 3232 4185 καὶ
3270 4132 3647 4201 διενηνοχέναι

2064 4221 2122 4273 ἐν
2152 4220 2467 4295 δικαιοσύνῃ
2491 4223 2585 4275 καὶ
2614 4223 2938 4295 σωφροσύνῃ
2965 4225 3057 4277 καὶ
3092 4224 3305 4277 συνέσει
3333 4225 3477 4293 ὑπὲρ
3506 4227 3643 4279 πάνυ

2063 4329 2161 4377 τας
2195 4316 2321 4377 τοὺς
2363 4310 2603 4380 λοιπούς.
2646 4317 2753 4369 Καὶ
2798 4318 2937 4387 μετά
2979 4317 3037 4370 τὸ
3081 4317 3366 4387 βάπτισμα
3407 4317 3644 4387 κατελη-

2064 4404 2284 4459 λυθέναι
2311 4409 2390 4469 εἰς
2418 4408 2580 4461 αὑτὸν
2618 4410 2683 4462 ὲκ
2711 4409 2809 4478 τῆς
2844 4408 2984 4480 ὑπὲρ
3018 4410 3084 4462 τά
3115 4409 3211 4462 ὅλα
3241 4407 3533 4465 αὑθεντέας
3551 4409 3642 4461 τὸν

390 4517 446 4561 et
477 4518 590 4561 tum
643 4507 977 4562 nuntiavisse
1014 4510 1343 4577 incognitum
1386 4520 1594 4576 patrem
1638 4517 1692 4561 et
1734 4508 1961 4561 virtutes

2075 4496 2301 4566 Χριστὸν
2341 4498 2399 4551 ἐν
2448 4498 2580 4551 εῖδει
2612 4500 2976 4570 περιστερᾶς,
3022 4498 3117 4553 καὶ¹
3151 4498 3275 4552 τότε
3310 4500 3356 4531 ⁸⁸
3402 4498 3644 4569 κηρῦξαι

389 4596 725 4666 perfecisse,
768 4596 871 4651 sub
934 4595 1094 4651 linem
1165 4608 1344 4650 autem
1402 4596 1669 4666 passionis
1716 4596 1961 4649 avolsusse

388 4685 662 4739 Christum
707 4699 735 4737 a
774 4682 939 4745 Jesu;
992 4698 1209 4751 passmn
1248 4698 1369 4737 esse
1411 4683 1615 4749 Jesuui,
1685 4683 1962 4738 Christum

391 4788 574 4831 autem
602 4793 627 4828 ιι
664 4774 919 4842 patiendo
948 4775 1175 4829 liberum
1207 4775 1495 4837 mansisse,
1526 4791 1647 4829 cum
1679 4774 1961 4836 essetSpi-

391 4868 523 4922 ritus
551 4866 788 4921 Domini.

2065 4586 2159 4640 τὸν
2207 4588 2485 4655 ἄγνωστον
2527 4589 2740 4661 πατέρα
2782 4591 2878 4645 καὶ
2902 4592 2945 4623 ⁸⁷
2991 4590 3248 4662 δυνάμεις
3290 4590 3643 4654 ἐπιτελέσαι,

2066 4679 2203 4751 πρὸς
2232 4680 2291 4733 δὲ
2313 4680 2392 4750 τῷ
2420 4681 2564 4735 τέλει
2585 4682 2681 4735 τοῦ
2705 4683 2910 4746 πάθους
2938 4684 3253 4755 ἀποπτῆναι
3284 4684 3375 4736 τὸν
3401 4685 3643 4753 Χριστὸν

2067 4771 2175 4824 ἀπὺ
2206 4770 2301 4823 τοῦ
2348 4772 2525 4842 Ἰησοῦ
2552 4774 2616 4805 ⁸⁸·
2648 4774 2970 4829 πεπονθέναι
3010 4775 3103 4829 τὸν
3161 4775 3391 4844 Ἰησοῦν,
3436 4776 3538 4829 τὸν
3588 4776 3642 4827 δὲ

2070 4861 2308 4933 Χριστὸν
2340 4864 2529 4935 ἀπαθῆ
2557 4867 2947 4938 μεμενηκέναι,
2978 4866 3205 4938 Πνεῦμα
3230 4867 3438 4939 Κυρίου
3472 4867 3644 4936 ὑπάρ-

2062 4970 2245 5021 χοντα.

1691 5105 1925 5162 VARUE
1976 5109 2384 5169 LEC'I‘IUNES.

652 5313 661 5320 _
676 5239 1025 5320 ﬂatili."vtt,
1064 5241 1150 5320 l8.
1189 5239 1525 5320 Ot't__66vatat
1558 5240 1772 5310 δένδρον
1800 5241 2024 5320 ἀγαθονῌ
2060 5248 2307 5320 καρποῦς
2356 5250 2639 5320 πονηροὺς
2692 5251 2867 5303 ποιεῖν
2909 5266 2963 5303 κ.
2997 5265 3049 5303 τ.
3082 5249 3135 5302 λ.
3208 5248 3255 5279 ⁸³
3283 5248 3372 5320 ὃν.
3414 5244 3475 5320 ὃν
3522 5245 3641 5320 etis?

389 5310 437 5341 "
458 5310 614 5364 ἀλλὰ.
640 5311 755 5363 ἀλλ’

783 5311 853 5380 ἢῖ
896 5313 1184 5381 Sauppius.
1259 5311 1306 5342 ”
1347 5312 1635 5381 προσάγει.
1669 5313 1965 5381 προσάγων
1985 5314 2047 5368 C.

2151 5317 2173 5347 ⁸
2220 5314 2573 5389 ’ᾼπελλῆςίὲ-
2591 5320 2847 5389 Χριστόν.
2882 5319 2963 5374 Cf.
3000 5333 3157 5387 supra
3182 5334 3234 5383 p.
3276 5318 3404 5389 Ml),
3442 5314 3638 5389 5—28.

465 5379 563 5461 ἕνα
588 5382 784 5461 φάσκει
805 5378 1057 5461 ἀγαθόν.
1087 5382 1184 5434 ἕνα
1214 5378 1439 5461 adniti):
1466 5382 1527 5439 C.
1560 5380 1631 5461 Μ,
1668 5378 1764 5433 ἕνα.
1797 5378 1934 5436 εἶναι
1960 5386 2198 5461 ,φάσκων
2228 5378 2553 5461 Roeper'us:_
2606 5378 2653 5461 δέ
2679 5391 2940 5461 Προσέχει
2964 5419 3033 5427 -
3064 5378 3153 5457 ἦν.
3184 5378 3490 5461 ροσέλειν
3514 5414 3585 5423 -

389 5447 451 5521 ρ,
496 5450 790 5521 Προσέχειν
924 5453 990 5521 ἧν
1024 5468 1169 5521 susp.
1212 5447 1285 5503 Μ.

391 5516 437 5548 ⁸³
481 5516 781 5569 ἀπόλυσθαι
809 5519 867 5573 C.
947 5516 1024 5551 ’⁸³
1061 5516 1143 5575 Cl.
1213 5537 1372 5587 supra
1410 5516 1648 5589 ip.'484',
1694 5516 1885 5577 59-5l.

394 5600 426 5649 p
474 5585 599 5648 404,
628 5587 714 5641 44.
834 5590 877 5619 ⁸⁸
906 5590 1048 5642 τότε.
1096 5590 1326 5643 τοῦτονῖ
1359 5592 1661 5649 Sauppius;
1704 5596 1796 5645 sed
1843 5599 1885 5648 cl

394 5666 555 5719 supra
584 5671 634 5720 p.
676 5656 801 5719 404,
828 5655 917 5709 48.

1378 5452 1423 5483 ⁵³
1452 5452 1745 5521 προφῆτιν.
1796 5456 2083 5524 προφήτην
2106 5456 2166 5510 C.
2295 5452 2461 5511 “‘Cl'.

1378 5530 1477 5596 _ip.
1522 5522 1648 5596 484,
1694 5522 1885 5577 59-51.
1992 5524 2031 5555 ⁶¹⁸
2073 5526 2401 5596 γεγενῆσθαι
2429 5529 2470 5583 C

834 5590 877 5619 θ.
906 5590 1024 5625 φέφει
1096 5571 1326 5625 anhelus",
1360 5571 1658 5625 ςοιῖιιιηίηέυο
1705 5596 1796 5625 κοιΙ
1844 5571 1901 5625 η...
1951 5571 2493 5625 ο..η-Ῐ.-.ί-ῖῦ.ί“ίην’

906 5590 1048 5642 τότε.
1096 5590 1326 5643 τοῦτονῖ
1359 5592 1661 5668 Sauppius;
1704 5596 1796 5645 sed
1843 5596 1915 5648 cf.
1950 5590 2109 5665 supra
2138 5590 2187 5662 p.
2217 5590 2344 5658 484,
2369 5599 2459 5652 47.
2553 5601 2595 5632 ⁸⁷
2630 5590 2743 5653 καὶ.
2772 5590 2867 5653 καλ⁸
2910 5590 3048 5662 τάςῖ
3079 5598 3380 5668 Sauppius;
3420 5612 3470 5649 se

906 5697 917 5709 .
1014 5659 1059 5690 ⁸⁸
1096 5660 1290 5727 Ἰησοῦ.
1323 5661 1438 5712 υἱου
1468 5660 1529 5715 C.
1559 5658 1629 5714 Μ.
1663 5661 1829 5717 Sicuti
1880 5680 1980 5720 nos
2018 5666 2180 5721 etiam
2222 5666 2287 5722 ll.
2326 5667 2541 5725 Scottus
2579 5671 2837 5728 correxit.
2867 5669 2950 5727 Cf.
2977 5684 3140 5741 supra
3175 5685 3222 5739 p.
3250 5665 3375 5733 404,
3399 5666 3470 5721 49

2862 5407 2940 5459 χει
2964 5419 3033 5427 -
3064 5390 3153 5457 ῆν.
3193 5387 3490 5482 [lpos-ﬁxas
3514 5414 3585 5423 —
3608 5387 3644 5495 η

2862 5461 2947 5513 17.
3062 5461 3104 5490 ⁸⁸
3135 5460 3380 5526 εσάρκα..
3419 5471 3639 5523 σαρκο..

2773 5531 2885 5592 ίως.
2932 5530 3116 5599 ὅμοιον
3153 5530 3217 5590 C,
3244 5527 3314 5580 Μ.
3345 5525 3434 5580 Cf.
3478 5540 3644 5599 supra

2295 5458 2338 5487 ⁸³
2378 5459 2461 5511 Cf.
2510 5458 2699 5512 Matth.
2731 5458 2802 5521 'v,

2295 5526 2397 5561 sn...
2429 5529 2469 5561 [Ἰ
2587 5532 2631 5561 οι
2665 5531 2802 5561 Ima}.

2587 5532 2631 5561 ⁸⁸
2665 5532 2885 5600 ὁμοίως.
2932 5532 3116 5599 ὅμοιον
3153 5532 3217 5590 C,
3244 5532 3314 5580 Μ.
3345 5532 3434 5580 Cl.
3478 5540 3643 5595 supra

2553 5601 2595 5632 ⁸⁷
2630 5600 2743 5653 καί.
2772 5603 2867 5653 καὶ
2910 5600 3048 5662 τάςῖ
3079 5598 3380 5668 Sauppius;
3415 5599 3520 5668 sed
3569 5597 3643 5651 cf.
