3808 6220
193 292 335 356 3439

1326 292 1623 355 CONTRA
1659 292 2021 352 HIERESES
2059 293 2202 354 LIB.
2238 294 2309 353 Χ.

3302 300 3442 366 3440

269 398 372 454 κδ’.
413 398 457 431 ⁸⁸
494 398 793 453 Ἐδιωναῖοι
824 398 868 429 ⁷⁰
930 396 985 450 δὲ
1029 396 1120 450 τὸν
1163 396 1263 469 μὲν
1304 398 1639 482 κόσμον¹χὺπὸ
1677 397 1774 451 τοῦ

1951 397 2042 462 22,
2074 399 2313 453 Εῒιὶοηαιῑ
2348 407 2527 453 autem
2556 401 2812 457 mundum
2853 404 3069 473 quidem
3114 408 3181 462 ab
3220 423 3306 474 eo,
3348 414 3439 482 qui

196 493 367 555 ὅντως
387 491 433 522 τί
481 490 617 544 Θεοῦ
668 491 951 559 γεγονέναι
994 460 1253 558 λέγουσι⁹
1307 460 1767 565 τὸνδὲλχριστὸν

196 584 397 654 ὁμοίως
427 582 704 653 Κηρίνθῳ.
736 583 878 636 Ζῶσι
904 581 961 634 δὲ
1008 583 1187 636 πάντα
1230 583 1371 636 κατὰ
1397 582 1562 653 νόμον
1602 584 1768 636 Μωῦ-

200 676 295 729 σοῦ
325 677 397 742 τ’,
424 675 565 728 οὕτω
594 675 894 743 φάσκοντες
921 673 1283 727 δικαιοῦσθαι.

270 856 374 917 κγ’.
415 849 664 910 Θεόδοτος
690 848 743 900 δὲ
768 850 795 899 ό
818 847 1108 910 Βυζάντιος
1131 846 1466 917 εἰσηγήσατο
1490 847 1536 877 ⁷³
1556 848 1769 918 αἵρεσιν

198 941 406 993 τοιάνδε
432 980 445 1001 ,
484 942 704 1008 φάσκων
732 939 798 991 τὰ
839 940 935 1008 μὲν
969 939 1067 991 ὅλα
1108 938 1212 991 ὑπὸ
1241 938 1335 990 τοῦ
1366 937 1534 1002 ὅντως
1563 940 1611 971 ⁷⁸
1634 940 1768 993 Θεοῦ

196 1030 504 1100 γεγονέναι.
533 1030 621 1081 τὸν
644 1029 699 1080 δὲ
728 1029 960 1098 Χριστὸν
981 1028 1182 1098 ὁμοίιος
1211 1030 1321 1092 τοῖς
1353 1029 1772 1099 προειρημένοις

197 1119 523 1187 γνωστικοίς
569 1117 767 1185 φάσκει
812 1117 1041 1186 τοιούτῳ
1074 1117 1181 1170 τινὶ
1229 1118 1416 1188 τρόπῳ
1452 1120 1772 1189 πεφηνέναιο

199 1209 343 1264 εἶναι
377 1210 433 1262 δὲ
461 1210 554 1262 τὸν
583 1208 815 1280 Χριστὸν
852 1207 1075 1282 κῘοιν]δν
1108 1210 1148 1240 ’⁸
1182 1209 1467 1279 ἄνθρωπον
1498 1211 1544 1242 ’⁷⁵
1585 1216 1771 1276 πέσιν,

199 1304 258 1354 ὲν
287 1302 345 1354 δὲ
383 1299 555 1369 τούτῳ
583 1301 881 1371 διαφέρειν,
910 1302 993 1353 ὅτι
1040 1300 1180 1352 κατὰ
1216 1299 1409 1370 βουλὴν
1447 1301 1580 1354 Θεοῦ
1612 1303 1775 1371 γεγέ-

199 1410 360 1465 νηται
395 1394 459 1445 ὲκ
494 1390 768 1461 Παρθένου
789 1430 802 1452 ,
836 1390 1255 1454 ὲπισκιάσαντος
1281 1391 1374 1444 τοῦ
1410 1393 1565 1461 ἁγίου
1612 1394 1779 1446 Πνεύ-

203 1504 396 1557 ματος,
420 1487 519 1537 οὐκ
549 1487 605 1538 ἐν
636 1487 702 1555 τῇ
738 1484 1000 1554 Παρθένῳ
1049 1483 1433 1555 σαρκωθέντα’
1467 1485 1590 1538 ὒστε
1603 1504 1690 1558 ρον
1719 1487 1777 1539 δὲ

200 1580 294 1631 ἐπὶ
321 1578 414 1630 τοῦ
446 1577 824 1646 βαπτίσματος
852 1575 1277 1647 κατεληλυθέναι
1306 1576 1398 1630 τὸν
1424 1574 1778 1648 Χριστὸνὲπὶ

200 1670 292 1722 τὸν
333 1669 535 1738 Ἰησοῦν
576 1671 632 1719 ὲν
664 1669 794 1720 εἴδει
830 1670 1195 1739 περιστερᾶς,
1237 1669 1357 1722 ὅθεν
1387 1671 1518 1740 φασὶ
1549 1671 1622 1741 μὴ
1649 1672 1779 1742 πρό-

1873 503 2063 543 revera
2089 486 2233 543 Deus
2263 500 2366 555 est,
2409 490 2609 546 factum
2659 500 2779 549 eSse
2803 496 3007 561 dicunt,
3038 498 3312 554 Christum
3345 520 3443 556 an-

1873 589 1976 631 tem
2008 580 2369 635 consimiliter
2402 582 2682 639 Cerintho.
2723 584 2895 639 Vitam
2925 599 3106 643 autem
3148 604 3317 658 agunt
3351 608 3448 661 per

1868 670 2049 722 omnia
2076 671 2373 725 secundum
2424 672 2595 744 legem
2631 675 2815 742 Mosis,
2866 678 2938 732 ita
2991 680 3300 737 dictitantes
3326 699 3446 739 sese

1862 758 2168 827 justiticari.

1941 850 2031 912 “2'5,
2083 850 2396 906 Theodotus
2446 864 2625 907 autem
2662 856 2953 927 Byzantius
2994 860 3290 918 introduxit
3334 865 3445 920 hae-

1875 944 2015 995 resin
2046 943 2439 1011 hujuscemodi,
2482 948 2672 1003 dicens
2702 951 2954 1005 universa
3000 954 3218 1014 quidem
3260 959 3324 1010 ab
3354 974 3441 1023 eo,

1874 1034 1963 1102 qui
1994 1050 2179 1088 revera
2213 1034 2354 1091 Deus
2381 1047 2483 1103 est,
2509 1040 2749 1109 profecta
2773 1059 2916 1106 esse,
2960 1044 3234 1101 Christum
3265 1063 3442 1104 autem

1873 1128 2232 1183 consimiliter
2255 1146 2417 1200 supra
2473 1132 2636 1185 dictis
2680 1135 2937 1200 gnnsticis
2982 1137 3055 1189 ait
3094 1139 3181 1191 tali
3214 1142 3443 1207 quodam

1879 1223 2036 1273 modo
2069 1224 2388 1290 apparuisse
2436 1241 2450 1277 :
2503 1239 2622 1276 esse
2670 1235 2846 1278 autem
2884 1226 3153 1281 Christum
3204 1231 3443 1299 ejusdem

1878 1311 2090 1377 generis
2120 1322 2281 1379 atque
2309 1328 2495 1366 omnes
2528 1314 2795 1375 homines,
2826 1314 2923 1368 hac
2944 1332 2999 1370 re
3025 1329 3203 1372 autem
3224 1335 3342 1374 esse
3366 1323 3449 1376 di-

1880 1415 2118 1468 versum,
2149 1404 2289 1471 quod
2329 1405 2624 1457 secundum
2656 1406 2940 1460 consilium
2982 1408 3159 1463 Patris
3193 1422 3353 1467 natus
3378 1414 3448 1467 sit

1878 1506 1945 1545 ex
1980 1493 2218 1562 Virgine,
2247 1494 2331 1548 cui
2359 1497 2771 1552 obumbraverit
2799 1498 3038 1567 Spiritus
3068 1516 3305 1570 sanctus,
3342 1521 3445 1559 non

1882 1582 1933 1635 in
1974 1580 2193 1652 Virgine
2220 1586 2601 1652 incarnatum;
2648 1598 2838 1656 postea
2894 1605 3021 1645 vero
3078 1596 3128 1645 in
3178 1595 3447 1663 baptismo

1880 1673 2155 1742 delapsum
2184 1690 2301 1729 esse
2327 1676 2600 1731 Christum
2634 1693 2797 1747 super
2825 1678 3007 1734 Jesum
3058 1682 3112 1735 in
3147 1686 3327 1751 specie
3352 1701 3447 1740 co-

202 1778 358 1831 τερον
388 1761 482 1823 τὰς
516 1760 775 1829 δυνάμεις
815 1759 966 1829 αὐτῷ
998 1760 1380 1831 ὲνεργηθῆναι.
1433 1762 1568 1814 Θεὸν
1595 1762 1653 1814 δὲ
1682 1763 1776 1816 οὐκ

1892 1766 2097 1831 lumine,
2150 1778 2481 1837 quapropter
2537 1771 2692 1824 aiunt
2725 1788 2829 1825 non
2885 1774 3032 1841 prius
3073 1785 3365 1843 potestates
3394 1779 3446 1832 in

203 1844 344 1904 εἶναι
376 1850 467 1903 τὸν
494 1850 727 1920 Χριστὸν
760 1849 929 1905 θέλει.
964 1850 1073 1903 Καὶ
1102 1850 1329 1904 τοιαῦτα
1364 1851 1635 1917 Θεόδοτος.

280 2024 377 2078 κδ’.
439 2024 660 2095 Ἕτεροι
713 2022 770 2076 δὲ
814 2023 857 2053 ⁷⁷
921 2024 1016 2075 καὶ
1054 2022 1313 2086 ὡσαύτως
1341 2024 1385 2055 Ἠ
1449 2024 1624 2077 πάντα
1670 2025 1781 2087 τοῖς

205 2115 626 2184 προειρημένοις
675 2110 749 2183 [p.
794 2112 1096 2184 528—350]
1142 2114 1388 2179 λέγουσιν
1411 2117 1477 2175 ⁷³,
1528 2115 1585 2167 ἓν
1625 2116 1782 2183 μόνον

205 2205 643 2270 ἐνδιαλλάξαντες
673 2206 731 2256 ὲν
774 2204 851 2273 τῷ
879 2206 970 2258 τὸν
1000 2206 1171 2275 Μελχι
1203 2209 1211 2275 |
1248 2208 1404 2259 σεδὲκ
1444 2209 1518 2270 ὼς
1555 2208 1781 2279 δύναμίν

203 2313 328 2348 τινα
354 2296 399 2327 ⁸⁸
450 2297 834 2367 ὑπειληφέναι,
869 2297 1170 2361 φάσκοντες
1214 2298 1375 2350 αὐτὸν
1426 2299 1562 2369 ὑπὲρ
1604 2301 1782 2353 πᾶσαν

202 2386 437 2459 δύναμιν
481 2388 767 2459 ὑπάρχειν,
797 2382 857 2442 οὗ
888 2390 1004 2440 κατ’
1032 2389 1217 2440 εἰκόνα
1242 2389 1283 2418 ⁸¹
1332 2387 1431 2459 [δὲ]
1462 2392 1505 2420 ⁸³
1529 2384 1668 2441 εἷναι
1692 2389 1783 2443 τὸν

206 2479 441 2551 Χριστὸν
477 2479 744 2533 θέλουσιν.

280 2570 382 2626 κε’.
424 2573 484 2623 0i.
532 2571 589 2623 δὲ
638 2569 850 2641 Φρύγες
890 2571 936 2601 ⁸³
988 2571 1051 2621 ἐκ
1095 2571 1371 2623 Μοντανοῦ
1416 2571 1467 2602 ⁸⁷⁵
1516 2588 1657 2634 τινος
1692 2575 1784 2625 καὶ

205 2661 543 2731 Πρισκίλλης
569 2662 662 2713 καὶ
694 2660 1044 2730 Μαξιμίλλης
1071 2658 1170 2721 τὰς
1194 2660 1367 2729 ἀρχὰς
1392 2660 1489 2729 τῆς
1522 2660 1785 2729 αίρέσεως

203 2754 503 2815 λαϐόντες,
550 2753 900 2823 προφήτιδας
959 2752 1030 2804 τὰ
1076 2750 1277 2819 γύναια
1325 2753 1634 2823 νομίζοντες
1691 2752 1785 2805 καὶ

205 2848 496 2917 προφήτην
534 2844 625 2897 τὸν
666 2845 944 2898 Μοντᾶνον
978 2845 1054 2910 ⁸⁸,
1106 2845 1175 2897 τὰ
1218 2845 1275 2897 δὲ
1305 2845 1350 2875 ⁸⁸
1389 2845 1519 2915 περὶ
1560 2846 1658 2915 τῆς
1691 2844 1783 2898 τοῦ

206 2937 412 2998 παντὸς
444 2937 619 3007 ἀρχῆς
671 2936 766 2988 καὶ
797 2936 1161 3007 δημιουργίας
1206 2936 1384 3006 ὀρθῶς
1420 2936 1603 3025 λέγειν
1631 2936 1785 3005 νομί-

206 3028 364 3092 ζουσι
385 3028 450 3092 ⁸⁷,
502 3030 599 3080 καὶ
643 3028 712 3080 τά
755 3029 886 3094 ’περί⁵
931 3028 1023 3080 τὸν
1064 3028 1298 3097 Χριστὸν
1341 3028 1441 3080 οὐκ
1489 3026 1783 3096 ἀλλοτρίως

1879 1873 1943 1909 eo
1977 1858 2234 1927 viguisst‘.
2280 1859 2444 1913 Deum
2492 1871 2669 1916 autem
2715 1879 2821 1917 non
2858 1880 2979 1920 esse
3008 1865 3281 1922 Chrismm
3314 1869 3445 1934 vult,

1880 1947 1949 2000 Et
1977 1949 2098 2000 talia
2136 1948 2467 2004 Theodotus.

1950 2038 2041 2090 24.
2074 2037 2175 2090 Alii
2215 2047 2392 2092 autem
2432 2040 2594 2093 etiam
2619 2041 2799 2096 omnia
2828 2044 3014 2098 eodem
3054 2047 3232 2114 modo,
3255 2062 3361 2116 quo
3389 2049 3448 2116 ii,

1881 2126 2239 2197 528-529
2265 2129 2353 2196 qui
2404 2138 2562 2184 antea
2593 2131 2721 2186 dicti
2772 2145 2918 2197 sunt,
2978 2136 3293 2207 loquuntur,
3343 2156 3447 2195 una

1882 2226 2089 2272 tantum
2123 2235 2179 2274 re
2208 2218 2542 2285 diﬂ'erentes,
2572 2223 2716 2291 quod
2746 2225 3144 2283 Melchisedech
3188 2242 3445 2302 tanquam

1882 2324 1978 2379 pro
2009 2318 2277 2379 potestate
2334 2314 2564 2380 quadam
2614 2312 2899 2388 [maxima]
2946 2318 3162 2381 habent,
3210 2322 3449 2377 dicentes

1879 2414 2000 2452 eum
2048 2414 2212 2467 supra
2257 2414 2532 2470 quamque
2576 2414 2894 2473 potestatem
2944 2423 3087 2477 esse,
3120 2412 3270 2479 cujus
3312 2414 3451 2466 ima-

1881 2487 2059 2557 ginem
2098 2486 2301 2543 referre
2341 2490 2613 2543 Christum
2649 2494 2858 2549 volunt.

1952 2578 2046 2633 25.
2088 2577 2328 2651 Phryges
2367 2591 2545 2635 autem
2587 2600 2652 2635 ex
2697 2583 2952 2641 Montano
2987 2588 3217 2653 quodam
3241 2600 3296 2645 et
3330 2590 3451 2645 Pri-

1883 2668 2034 2722 scilla
2076 2668 2476 2743 Maximillaque
2504 2678 2656 2729 initia
2706 2678 2933 2733 haeresis
2968 2698 3077 2737 suae
3118 2688 3281 2750 nacti,
3324 2702 3450 2754 pro-

1884 2757 2155 2823 phetissae
2194 2774 2314 2814 esse
2346 2763 2691 2819 mulierculas
2734 2768 2854 2821 illas
2876 2781 3129 2838 putantes
3155 2780 3456 2845 etprOphe-

1888 2856 1994 2898 tam
2029 2848 2339 2905 Montanum
2370 2892 2385 2917 ,
2432 2864 2487 2907 et
2521 2872 2641 2925 qua:
2677 2860 2743 2911 ad
2796 2862 3031 2916 universi
3089 2866 3348 2935 originem
3401 2880 3454 2924 et

1884 2936 2145 2992 fabricam
2193 2941 2443 3010 attinent,
2478 2959 2625 3000 recte
2661 2949 2841 3004 dicere
2887 2952 3090 3019 solent,
3126 2967 3181 3009 et
3234 2972 3352 3026 quae
3388 2964 3453 3013 ad

1885 3030 2182 3099 Christum,
2217 3050 2320 3089 non
2350 3038 2526 3107 inepte
2554 3042 2784 3108 amplexi
2804 3054 2952 3098 sunt.
2990 3044 3249 3102 falluntur
3274 3059 3454 3106 autem

208 3120 662 3190 προσειλήφασιν,
688 3119 784 3172 σὺν
807 3119 853 3150 ⁸⁸
870 3118 928 3171 δὲ
951 3120 1061 3180 τοῖς
1085 3119 1501 3190 προειρημένοις
1522 3117 1776 3186 σφάλλον‹

1892 3138 2009 3175 cum
2045 3138 2205 3192 supra
2242 3127 2421 3191 dictis,
2456 3130 2522 3182 ad
2555 3145 2785 3199 quorum
2807 3134 2971 3189 verba
3004 3139 3176 3208 magis
3206 3156 3366 3209 quam
3386 3145 3453 3199 ad

205 3228 323 3277 ται,
349 3204 425 3263 ὧν
448 3213 560 3273 τοῖς
581 3211 760 3279 λόγοις
801 3210 938 3279 ὑπὲρ
970 3210 1038 3262 τὰ
1070 3210 1377 3277 Εὑαγγέλια
1421 3211 1783 3280 προσέχοντες

209 3301 553 3369 πλανῶνται,
612 3305 862 3372 νηστείας
917 3300 1110 3364 καινάς
1141 3299 1184 3333 ⁵⁸
1228 3300 1325 3354 καὶ
1365 3302 1700 3372 παραδόξους
1738 3302 1784 3335 ⁸ο

206 3390 511 3462 ὁρίζοντες.

286 3487 399 3544 κς.
443 3481 662 3549 Ἕτεροι
694 3480 750 3532 δὲ
793 3480 834 3510 ⁹¹
872 3480 1051 3534 αὐτῶν
1083 3483 1150 3552 τῇ
1185 3480 1294 3533 τῶν
1340 3481 1657 3553 Νοητιανῶν
1699 3482 1787 3533 αἱ·

218 3572 369 3642 ρέσει
415 3571 803 3641 προσκείμενοι
836 3574 905 3625 τὰ
953 3573 1051 3643 μὲν
1098 3572 1226 3638 περὶ
1263 3571 1333 3624 τά
1379 3573 1576 3641 γύναια
1620 3572 1713 3625 καὶ
1742 3574 1785 3604 ⁹²

211 3663 494 3716 Μοντᾶνον
522 3662 567 3693 ⁸³
594 3660 792 3731 ὁμοίως
817 3661 1053 3725 δοκοῦσι,
1090 3662 1159 3715 τὰ
1190 3658 1245 3714 δὲ
1282 3662 1410 3732 περὶ
1442 3660 1574 3733 [τὸν]
1602 3662 1709 3716 τῶν
1741 3662 1786 3693 ⁹’⁶

211 3754 355 3807 ὅλων
403 3752 622 3821 Πατέρα
677 3752 1074 3821 δυσφημοῦσιν,
1114 3754 1272 3806 αὑτὸν
1321 3751 1460 3806 εἶναι
1514 3755 1641 3808 Υίδν
1693 3756 1786 3807 καὶ

214 3850 436 3917 Πατέρα
489 3847 766 3915 λέγοντες,
817 3848 1007 3918 ὁρατὸν
1067 3849 1160 3901 καὶ
1208 3849 1471 3919 ἀόρατον,
1528 3851 1784 3918 γεννητὸν

214 3938 317 3991 καὶ
339 3938 651 4006 ἀγέννητον,
679 3936 868 4005 θνητὸν
892 3937 981 3989 καὶ
1005 3936 1295 3990 ἀθάνατον·
1326 3934 1470 3992 οὗτοι
1498 3938 1595 4000 τὰς
1622 3940 1786 4010 ἀφορ-

218 4029 331 4097 μὰς
364 4026 470 4077 ἀπὸ
503 4025 713 4094 Νογιτοῦ
746 4042 887 4087 τινος
919 4024 1193 4087 λαϐόντες.

292 4113 394 4179 κζ’.
438 4116 662 4185 Ὁμοίως
689 4115 746 4167 δὲ
780 4115 823 4147 ⁸⁸
870 4115 962 4167 καὶ
999 4115 1239 4186 Νοητὸς,
1274 4115 1353 4185 τῷ
1398 4116 1493 4184 μὲν
1533 4116 1678 4182 γένει
1708 4114 1781 4169 ὢν

215 4207 543 4276 Σμυρναῖος,
593 4206 732 4276 ἀνὴρ
774 4204 1139 4275 ἀκριτόμυθος
1172 4206 1263 4258 καὶ
1299 4205 1544 4270 ποικίλος
1570 4208 1638 4270 ³⁸,
1675 4211 1789 4260 είσ-

214 4302 467 4369 ηγήσατο
486 4298 692 4351 τοιάνδε
718 4298 946 4370 αἵρεσιν,
966 4298 1320 4367 ἐξἙπιγόνου
1351 4300 1493 4362 τινὸς
1514 4302 1593 4363 είς
1619 4300 1785 4353 Κλεο-

221 4392 396 4462 μένην
425 4394 774 4461 χωρήσασαν,
810 4392 903 4460 καὶ
932 4388 1101 4452 οὕτως
1133 4388 1235 4451 ἕως
1267 4388 1361 4441 νῦν
1393 4391 1484 4442 ἐπὶ
1502 4392 1636 4452 τοὺς
1666 4391 1786 4444 δια-

1889 3213 2178 3282 Evangelia
2210 3231 2329 3271 sese
2364 3220 2699 3288 applicantes
2746 3234 2958 3292 errant,
2986 3226 3189 3297 jejunia
3232 3247 3371 3289 nova
3400 3247 3457 3292 et

1889 3315 2233 3357 monstruosa
2269 3308 2604 3366 deﬁnientes.

1957 3476 2047 3530 26.
2084 3476 2185 3530 Alii
2223 3488 2399 3531 autem
2441 3482 2627 3536 eorum
2673 3482 3062 3545 Noetianorum
3102 3491 3298 3549 haeresi
3339 3504 3457 3550 stu-

1888 3568 2077 3623 dentes
2105 3584 2189 3633 ea,
2215 3583 2334 3638 qua:
2358 3571 2424 3623 ad
2453 3574 2797 3633 mulierculas
2817 3579 2934 3634 illas
2962 3592 3125 3651 atque
3144 3583 3472 3641 Montanoru-

1892 3661 2202 3729 pertinent,
2254 3664 2615 3721 consimiliter
2673 3671 2936 3737 sentiunt,
2993 3690 3113 3744 qua:
3163 3687 3341 3732 autem
3385 3683 3452 3735 ad

1894 3750 2268 3804 universorum
2297 3752 2531 3821 Patrem,
2558 3755 2853 3827 diﬂ‘amant,
2890 3762 3062 3831 ipsum
3106 3780 3223 3820 esse
3257 3767 3452 3823 Filium

1887 3852 1939 3893 et
1972 3840 2183 3896 l’atrcm
2215 3844 2465 3899 diCOlllOa
2524 3848 2787 3905 visibilem
2817 3863 2872 3907 et
2914 3855 3258 3923 invisibilem,
3293 3875 3456 3928 gene-

1892 3942 2064 3985 ratum
2094 3945 2147 3987 ct
2176 3951 2280 3991 non
2304 3951 2642 4007 generatum,
2668 3944 2946 4001 mortalem
2983 3958 3035 4003 et
3058 3951 3412 4009 immortalem
3437 3972 3453 4010 :

1891 4023 1941 4075 hi
1972 4040 2001 4076 a
2024 4022 2193 4079 Noeto
2222 4030 2452 4096 quodam
2504 4032 2751 4098 profecti.

1960 4114 2051 4170 27.
2082 4117 2451 4175 Consnnilitcr
2480 4134 2655 4177 autem
2681 4136 2733 4179 et
2757 4126 2983 4196 Noctns,
3020 4147 3215 4201 genere
3240 4134 3456 4204 quidem

1892 4207 2221 4278 Smyrnaeus,
2269 4213 2347 4264 vir
2384 4229 2559 4283 nugax
2608 4227 2662 4271 et
2713 4219 2880 4285 Valer,
2909 4223 3206 4278 introduxit
3253 4226 3458 4281 hancce

1891 4298 2141 4365 haeresin,
2173 4318 2291 4371 qua:
2336 4306 2401 4357 ad
2456 4306 2696 4378 Epigono
2732 4318 2962 4381 quodam
3005 4316 3070 4369 ad
3115 4316 3456 4373 Cleomenem

1894 4392 2037 4444 venit
2061 4402 2114 4445 et
2147 4394 2225 4447 sic
2255 4412 2420 4464 usque
2460 4400 2637 4454 adhuc
2663 4402 2716 4455 in
2758 4418 3101 4461 successores
3132 4410 3448 4477 permansit,

216 4483 410 4552 δόχους
443 4480 816 4550 διαμείναςαν,
850 4481 1020 4549 λέγων
1046 4479 1141 4532 ἕνα
1170 4480 1259 4531 τὸν
1291 4480 1505 4551 Πατέρα
1540 4481 1632 4533 καὶ
1654 4481 1776 4534 Θεὸν

1894 4482 2076 4537 dicens
2099 4500 2258 4538 unmn
2286 4502 2406 4542 esse
2462 4488 2681 4547 Patrem
2716 4504 2772 4549 et
2827 4494 2995 4551 Deum
3053 4500 3457 4567 universorum;

215 4573 332 4626 τῶν
363 4572 518 4625 ὅλων·
551 4572 739 4625 τοῦτον
769 4572 943 4625 πάντα
975 4571 1309 4642 πεποιηκότα
1336 4573 1513 4642 ἀφανῆ
1551 4574 1648 4642 μὲν
1671 4577 1784 4638 τοῖς

216 4660 345 4719 οὖσι
381 4665 659 4733 γεγονέναι
696 4666 784 4718 ὅτε
815 4665 1107 4734 ἢὸούλετο,
1160 4664 1389 4735 φανῆναι
1434 4666 1489 4719 δὲ
1534 4668 1655 4720 τότε
1698 4669 1787 4721 ὅτε

217 4755 479 4827 ἠθέλησε’
516 4756 611 4809 καὶ
634 4754 820 4810 τοῦτον
860 4751 1000 4809 εἶναι
1038 4756 1290 4825 ἀόρατον,
1333 4758 1420 4811 ὅτε
1453 4758 1528 4829 μὴ
1558 4759 1751 4830 ὁρᾶται
1772 4803 1787 4828 ,

1898 4577 2058 4638 hunc.
2101 4582 2188 4647 qui
2239 4585 2416 4637 omnia
2468 4585 2681 4655 fecerit,
2727 4591 2997 4647 occultqu
3048 4596 3209 4650 rebus
3261 4596 3460 4651 creatis

1902 4670 2168 4725 redditum
2205 4688 2345 4742 esse,
2376 4677 2595 4744 quando
2647 4682 2895 4749 voluerit,
2941 4688 3252 4756 apparuisse
3281 4697 3459 4743 autem

1900 4770 2033 4826 tum,
2052 4778 2171 4817 cum
2197 4767 2423 4821 voluerit
2445 4785 2461 4835 ;
2486 4784 2720 4842 emnque
2748 4790 2867 4831 esse
2885 4777 3230 4847 invisibilem,
3249 4782 3463 4851 quando

1515 4912 1600 4965 VA
1613 4913 1751 4968 ΒΙιιΕ
1788 4915 2188 4974 LECTIONES.

297 5057 343 5089 ον
365 5057 449 5112 cr.
485 5073 644 5125 supra
689 5057 812 5120 406,
848 5058 1037 5112 52-61.

214 5130 269 5162 ⁴¹²
298 5128 552 5198 Μωῦσοῦ.
596 5129 800 5198 Μωῦσῇ
856 5129 916 5191 C,
978 5126 1163 5198 M.7Ct'.
1197 5142 1377 5198 supra.

223 5199 262 5253 Ι.
290 5199 326 5251 l.
414 5198 479 5257 ,⁷⁵
525 5196 713 5259 ὅντως.
759 5181 1099 5260 όῖιτοςϐίΜ.

218 5269 269 5302 ⁷⁷
302 5266 384 5323 Cf.
415 5283 574 5335 supra
612 5284 663 5335 p.
707 5266 830 5330 406,
884 5268 1105 5331 76-408,
1139 5266 1227 5320 83.

221 5406 439 5461 uncinis
468 5411 780 5461 inclusimus
811 5411 1066 5460 Sua'lente
1093 5406 1157 5460 Β.
1186 5408 1389 5459 St-otto.

220 5550 366 5613 pius,
397 5548 454 5598 ὲν
504 5545 566 5607 C,
592 5545 662 5599 M.
771 5548 815 5579 ⁸⁸
846 5549 1054 5609 καινὰς.
1088 5549 1247 5607 κενὰς
1274 5545 1335 5607 C,
1377 5545 1448 5599 M.

219 5617 269 5647 θ’
297 5614 410 5669 καί.
457 5621 601 5668 κατα
630 5631 776 5684 susp.
803 5617 872 5673 Μ.
972 5618 1019 5649 ³³
1045 5617 1338 5669 Μοντᾶνον.
1375 5617 1693 5674 Μοντανόνῖ

219 5686 297 5739 22
319 5700 436 5753 sqq.
462 5698 515 5740 et
542 5703 593 5756 p.
617 5685 746 5750 448,
766 5688 826 5741 41
862 5702 982 5755 sqq.
1056 5687 1103 5717 "
1134 5684 1372 5748 ποικῖλος
1398 5687 1458 5741 C.

1124 5058 1171 5088 '°
1211 5056 1528 5111 Ἐϐιωναῖοι.
1560 5058 1900 5115 Εὐιαιωναῖοι
1924 5063 1986 5118 (ἶ.

1415 5143 1466 5194 p.
1499 5128 1625 5194 406,
1657 5130 1847 5185 62-75.

1204 5197 1249 5227 ⁷⁵
1282 5197 1479 5271 κοινόν.
1531 5196 1746 5271 Litterae
1789 5216 1868 5252 οιν
1925 5196 2451 5271 prorsus'evanidm.

1335 5267 1379 5298 ⁷⁸
1403 5266 1663 5343 shadow:
1694 5266 1942 5343 ξειμρῖιιςζ
1974 5274 2033 5338 ἐξ
2065 5276 2244 5329 αὐτῶν
2272 5280 2330 5343 c,
2356 5278 2426 5334 M.

217 5338 453 5407 δύναμίν
484 5355 605 5389 τινα
636 5337 939 5406 μεγίστηνῖ
978 5340 1061 5391 Ci.
1103 5354 1262 5403 supra
1296 5351 1347 5404 p.
1388 5336 1515 5393 406.
1547 5336 1631 5391 78-
1710 5339 1752 5372 ⁸³
1785 5339 1847 5398 οὗ
1878 5336 1997 5395 κατ’
2018 5336 2208 5399 νείκόνα
2239 5336 2579 5411 [ζίὸνοῑῑιιε.
2610 5336 2686 5403 ου’
2707 5355 2827 5405 κατ’
2852 5336 3038 5408 εί-κόνα

221 5408 439 5461 “lminis
468 5411 780 5461 iucmsmms
811 5411 1066 5460 ⁵³⁸³48³³1⁸
1093 5406 1157 5460 Β·
1186 5408 1389 5459 5⁴’⁴’“⁰’
1488 5406 1532 5438 ﬂ
1561 5406 1645 5461 (π-
1681 5427 1841 5472 δηβΐει
1873 5430 1925 5472 Ι).
1951 5414 2075 5472 456.
2110 5416 2300 5472 65·8Ο.
2403 5420 2447 5449 ⁸*
2486 5422 2787 5472 Μοντανοῦ.
2828 5426 3108 5472 Μοντὰνου
3149 5429 3190 5472 Μ
3216 5446 3229 5457 -

221 5427 439 5461 uncuus
468 5427 780 5461 Iuciustmus
811 5427 1066 5460 suadente
1093 5427 1157 5460 [ι.
1186 5427 1389 5459 δι-υιιυ.
1488 5427 1532 5438 ν*
1561 5427 1645 5461 ω.
1681 5427 1841 5478 supra
1873 5430 1925 5479 p.
1951 5427 2075 5476 460',
2110 5427 2300 5472 65-80.
2403 5427 2447 5449 ⁸⁸
2486 5427 2787 5478 Μοντανοῦ.
2828 5427 2973 5477 Μοντ

219 5492 385 5544 supra
412 5476 446 5531 Ι.
477 5478 510 5530 Ι.
586 5476 630 5507 ⁸⁸
661 5477 953 5530 Μοντᾶνον.
987 5476 1295 5529 Μοντανόνῖ
1387 5476 1431 5507 ⁸⁸
1459 5475 1528 5531 τὰ
1559 5477 1636 5532 δέ.
1677 5481 1746 5533 τά
1773 5487 1871 5538 te?
1960 5485 2002 5515 ⁸⁷
2034 5485 2335 5554 νομίζουσι.
2362 5488 2673 5557 νομίζονται
2724 5510 2872 5562 susp.
2909 5495 2976 5549 Μ.

220 5550 343 5579 ιιίιιρ
399 5548 454 5579 Eu
504 5545 543 5579 Γ
594 5545 639 5579 ἢ]
771 5548 815 5579 89
846 5549 1035 5579 vnn-IL-
1088 5549 1247 5579 ueu‘b—
1274 5545 1311 5579 Γ
1379 5545 1424 5579 Il
1540 5547 1586 5579 Ιο
1616 5552 1949 5579 ~---R.’C-..-
2005 5555 2329 5579 .__-_§"_-_-
2359 5560 2400 5579 ιτ
2454 5559 2493 5579 ιι
2627 5562 2667 5579 οι
2707 5562 2774 5579 με.

1616 5555 1967 5625 παραδόξους.
2003 5555 2329 5623 παραδόσεις
2358 5555 2519 5620 ΟζΜ.
2627 5562 2669 5592 ⁹¹
2705 5564 2757 5615 Cl

1616 5621 1693 5674 »v?
1799 5626 1845 5657 “
1881 5625 1972 5678 τὸν
1998 5624 2103 5677 τῶν
2133 5625 2421 5696 Sauppius,
2459 5630 2567 5682 τῶν
2591 5632 2652 5697 C,
2687 5631 2757 5685 M.

2085 5068 2129 5101 ⁷¹
2159 5067 2348 5147 ὅντως.
2389 5070 2539 5147 ὄντρς
2572 5073 2634 5147 C,
2673 5073 2743 5127 M.
2774 5074 3081 5147 βίη-διψῶ
3108 5093 3164 5147 p.
3196 5077 3328 5143 406,
3368 5080 3460 5134 55.

1961 5134 2006 5165 τι
2029 5137 2378 5222 εἰσηγήσατο.
2436 5134 2741 5264 ὲξἨήσαίξῖ
2769 5144 2831 5206 C,
2870 5145 2940 5210 M,
2973 5134 3278 5234 εἰσήγαγεν
3298 5134 3461 5218 supra

1966 5221 2148 5260 rorsus
2193 5215 2451 5263 evanidm.
2575 5253 2589 5266 .
2765 5214 3069 5273 ἄνθρωπον.
3109 5219 3464 5273 ανθρωποιςῖ

2529 5232 2589 5266 ιι.
2693 5232 2733 5243 ’ν
2765 5232 2861 5267 avo
2903 5233 3069 5270 ωπον.
3109 5232 3457 5288 ανυρωποιςι

2529 5282 2575 5312 ⁷³
2604 5280 2818 5351 λέγουσι
2989 5286 3035 5317 ⁸⁸
3061 5286 3289 5351 δύναμίν
3312 5306 3457 5344 τινα.

2403 5362 2579 5411 ultus,
2610 5362 2670 5403 ου
2707 5362 2827 5405 κατ’
2852 5362 3038 5408 εἰκόνα
3067 5362 3130 5418 C.
3163 5362 3233 5414 M.
3323 5362 3370 5392 ⁵³
3400 5362 3460 5414 δὲ

2403 5420 2447 5449 ⁸*
2477 5422 2787 5494 ΔΜοντανοῦ.
2828 5426 3108 5479 Μοντὰνου
3145 5429 3229 5494 Μ;
3267 5429 3361 5482 sed
3384 5430 3457 5485 cf.

3082 5498 3127 5529 ⁸⁸
3157 5500 3253 5551 σὺν
3284 5499 3461 5566 Saup-

2627 5562 2669 5592 ⁹¹
2705 5562 2789 5616 Cf.
2829 5580 2987 5629 supra
3026 5584 3077 5634 p.
3115 5568 3237 5627 456,
3269 5562 3457 5624 80-88.

2627 5636 2652 5697 ι,
2687 5631 2757 5685 Μ.
2862 5636 2907 5665 ⁹⁵
2936 5636 3017 5689 Cl.
3042 5656 3199 5706 supra
3233 5655 3284 5709 p.
3329 5641 3458 5707 440,
