3808 6220
270 5344 277 5352 ,
369 5286 415 5316 ³⁸
449 5282 532 5337 Cf.
567 5299 727 5349 supra
772 5282 825 5350 p;
854 5284 980 5345 462,
1022 5284 1087 5336 47

351 276 481 338 3441

1842 271 2211 333 ORIGENIS

3490 278 3631 341 3442

350 416 460 458 non
491 402 759 469 videatur,
810 403 1085 461 visibilem
1132 413 1340 470 autem,
1386 404 1605 474 quando
1652 404 1935 468 videatur;

2096 409 2240 461 ›ατὸν
2274 407 2364 477 δὲ,,
2392 409 2521 464 ὅταν
2554 411 2767 479 cpitur
2799 410 3095 482 ἀγέννητον
3119 412 3197 476 δὲ,
3229 413 3361 466 ὅταν
3391 412 3467 484 μὴ
3503 430 3629 481 γεν-

354 510 463 550 non
496 496 738 566 genitum
772 507 979 562 autem,
1008 498 1225 568 quando
1258 512 1365 551 non
1393 498 1667 566 gignatur,
1695 497 1937 566 genitum

351 598 558 655 autem,
593 592 811 660 quando
860 592 1113 661 gignatur
1154 606 1219 645 ex
1269 591 1523 661 Virgine;
1550 590 1936 659 impassibilem

351 692 408 737 et
442 682 827 748 inmortalem,
881 686 1101 754 quando
1147 699 1257 738 non
1301 685 1539 754 patiatur
1580 693 1636 737 et
1678 699 1781 737 non
1825 700 1941 736 m0-

353 774 550 839 riatur,
578 774 669 830 ubi
696 786 877 830 autem
908 778 1192 845 passiones
1224 776 1508 838 subivcrit,
1556 775 1663 843 pati
1695 783 1750 829 et
1779 776 1939 830 mOri.

351 863 510 919 llunc
540 863 756 920 Patrem
813 867 986 936 ipsum
1048 864 1243 920 Filium
1290 867 1624 921 arbitrantur
1670 880 1769 935 pro
1803 874 1940 920 tem-

350 956 573 1025 poribus
602 958 787 1013 vocari
821 961 1123 1013 secundum
1155 957 1481 1012 accidentia.

420 1066 623 1123 Horum
658 1070 888 1125 haeresin
924 1072 1319 1126 corroborabat
1350 1070 1645 1135 Callistus,
1680 1070 1834 1139 cujus
1864 1073 1940 1123 vi-

353 1172 463 1217 tam
514 1167 863 1235 exposuimus
920 1166 1230 1235 diligenter,
1283 1166 1373 1234 qui
1430 1177 1483 1218 ct
1531 1166 1645 1234 ipse
1704 1167 1938 1221 liaaresin

352 1258 599 1325 peperit;
630 1275 657 1310 a
694 1258 897 1326 quibus
932 1259 1082 1311 initia
1116 1255 1466 1327 530-531
1508 1270 1699 1313 nni-tus
1734 1270 1791 1313 et
1825 1260 1940 1329 ipse

353 1348 610 1413 proﬁtens
663 1364 827 1401 unum
872 1363 991 1402 esse
1034 1346 1254 1400 Patrem
1309 1361 1365 1401 et
1421 1348 1610 1413 Deum,
1661 1349 1802 1401 hunc
1831 1349 1941 1417 upi-

355 1439 511 1491 licem
554 1441 764 1505 mundi,
804 1441 946 1493 hunc
984 1456 1115 1493 vero
1154 1454 1276 1494 esse
1321 1438 1517 1492 Filium
1571 1440 1794 1493 nomine
1820 1442 1939 1509 qui-

357 1532 477 1583 dem
514 1531 719 1584 dictum
750 1540 805 1584 et
851 1532 1208 1597 nominatum,
1249 1547 1305 1585 re
1348 1542 1530 1586 autem
1578 1530 1793 1603 [unum]
1818 1548 1940 1586 esse

351 1620 685 1693 Spiritum];
740 1624 980 1693 Spiritus
1006 1624 1177 1691 enim,
1207 1625 1406 1694 inquit,
1448 1623 1593 1679 Deus
1640 1642 1746 1679 non
1798 1627 1940 1680 alius

350 1724 437 1767 est
472 1730 634 1784 quam
665 1714 865 1785 Logus,
897 1716 977 1770 vel
1010 1716 1188 1785 Logus
1224 1734 1383 1786 quam
1414 1716 1577 1771 Deus.
1619 1718 1735 1773 Una
1776 1719 1939 1787 igitur

354 1814 469 1862 haec
492 1822 725 1877 persona
753 1808 974 1862 nomine
1005 1810 1224 1875 quidem
1281 1809 1476 1873 divisa,
1522 1826 1622 1864 nec
1682 1826 1809 1865 vero
1857 1827 1933 1865 re.

353 1898 510 1953 llunc
540 1899 723 1969 logum
767 1916 931 1954 unum
974 1916 1095 1955 esse
1135 1902 1300 1955 Deum
1330 1902 1627 1954 arbitratur
1672 1913 1726 1955 et
1759 1904 1939 1956 incar-

352 2001 539 2045 natum
568 2009 687 2046 esse
725 1994 878 2045 dicit.
904 1992 971 2046 Et
1018 2007 1141 2047 eum
1172 1995 1427 2062 quidem,
1483 1995 1573 2063 qui
1638 2000 1934 2049 secundum

350 2097 571 2137 carnem
619 2084 767 2138 visus
820 2096 904 2139 est
962 2096 1017 2137 et
1060 2086 1507 2156 comprehensus,
1559 2086 1754 2141 Filium
1810 2102 1935 2141 esse

350 2178 487 2242 vult,
515 2193 636 2232 eum
668 2190 872 2245 autem,
900 2180 991 2248 qui
1040 2179 1329 2241 inhabitat,
1384 2179 1624 2248 Patrem,
1671 2190 1779 2234 tmn
1813 2182 1936 2250 qui-

350 2271 476 2323 dem
531 2270 600 2324 ad
646 2269 799 2325 Noeti
845 2271 1149 2325 doctrinam
1212 2270 1483 2340 delapsus,
1521 2281 1631 2326 tum
1688 2287 1815 2327 vero
1869 2276 1937 2327 ad

353 2358 640 2426 Theodoti,
671 2360 801 2415 nihil
849 2360 989 2415 ﬁrmi
1042 2373 1252 2416 tenens.
1304 2362 1433 2416 Haec
1468 2362 1633 2433 igitur
1655 2360 1877 2418 Callistu
1916 2402 1933 2418 .

420 2540 512 2593 28.
557 2537 925 2609 Hermogenes
951 2552 1131 2593 autem
1164 2541 1385 2609 quidam
1410 2550 1462 2592 et
1490 2540 1604 2608 ipse
1628 2556 1749 2594 cum
1778 2542 1939 2595 Vellet

351 2636 555 2705 aliquid
599 2640 815 2702 dicere,
865 2638 1001 2689 dixit
1052 2635 1221 2689 Deum
1265 2651 1328 2689 ex
1380 2636 1606 2689 materia
1659 2650 1838 2689 coaeva
1882 2645 1940 2689 et

350 2728 664 2796 subjaceute
696 2730 944 2782 universa
993 2727 1225 2792 fecisse;
1263 2726 1376 2782 ﬁeri
1413 2728 1560 2781 enim
1606 2742 1716 2781 non
1744 2744 1931 2797 posse,

353 2823 497 2875 Deus
538 2834 603 2874 ex
631 2821 851 2876 cutibus
885 2822 1050 2873 faciat
1072 2834 1134 2873 ea
1169 2835 1289 2888 qua:
1315 2818 1460 2875 facta
1496 2829 1648 2875 sunt.

424 2912 517 2967 99.
558 2913 663 2967 Alii
690 2924 871 2967 autem
907 2913 1126 2980 quidam
1151 2912 1307 2981 quasi
1332 2927 1529 2966 novum
1564 2912 1780 2981 aliquod
1811 2914 1939 2968 sub-

358 3008 773 3062 introduccntes
804 3023 867 3058 ex
908 3007 1164 3060 omnibus
1212 3006 1521 3060 liwresibus
1566 3018 1935 3075 corrogatum,

2042 501 2236 566 νᾶται,
2291 503 2549 572 γεννητὸν
2587 503 2679 569 δὲ,
2728 503 2859 557 ὅταν
2893 507 3150 573 γεννᾶται
3199 506 3264 557 ὲκ
3315 504 3628 574 Παρθένου⁸

2040 591 2227 661 ἀπαθῆ
2260 593 2353 644 καὶ
2385 593 2674 658 ἀθάνατον,
2698 595 2789 647 ὅτε
2811 595 2855 627 ’⁷
2891 596 2968 667 μὴ
2999 596 3183 667 πάσχῃ
3217 597 3357 667 μήτε
3389 595 3627 668 θνῄσκῃ,

2040 683 2179 735 ἐπὰν
2208 684 2265 737 δὲ
2293 686 2441 755 πάθη
2468 686 2740 757 προσέλθῃ
2761 728 2775 752 ,
2803 689 3033 757 πάσχειν
3060 690 3154 741 καὶ
3189 688 3471 760 θνήσκειν.
3499 688 3631 741 Τοῦ-

2039 792 2132 827 τον
2149 778 2193 805 ’⁸
2227 776 2320 829 τὸν
2358 778 2575 847 Πατέρα
2606 779 2767 831 αὐτὸν
2788 781 2832 813 ⁹⁹
2870 780 2998 833 Υίὸν
3024 780 3311 851 νομίζουσι
3338 782 3482 835 κατά
3510 800 3631 835 και-

2043 868 2173 937 ροὺς
2195 870 2530 941 καλούμενον
2564 871 2698 943 πρὸς
2729 872 2796 925 τά
2825 873 3210 941 συμὸαίνοντα.

2112 1072 2332 1125 Τούτων
2369 1072 2471 1142 τὴν
2512 1070 2725 1143 αἵρεσιν
2750 1074 2765 1104 ¹
2797 1076 3063 1145 ἐκράτυνε
3103 1073 3428 1137 Κάλλιστος,
3452 1065 3516 1126 οῦ
3545 1073 3633 1126 τὸν

2043 1165 2158 1235 βίον
2201 1164 2562 1235 ἑκτεθείμεθα
2612 1166 2871 1234 ἀσφαλῶς
2897 1168 2938 1230 ⁸,
2981 1166 3039 1229 ὃς
3075 1167 3167 1219 καὶ
3212 1166 3377 1230 αὐτὸς
3425 1167 3635 1238 αἵρεσιν

2040 1258 2434 1328 ἀπεγέννησεν·
2486 1258 2545 1325 ἐξ
2594 1252 2668 1311 ὧν
2699 1257 2778 1330 [p.
2826 1258 2954 1314 550.
2992 1259 3120 1330 551]
3169 1259 3429 1329 ἀφορμὰς
3458 1259 3635 1313 λαϐὼν

2041 1350 2136 1402 καὶ
2168 1350 2330 1413 αὐτὸς
2368 1350 2647 1418 ὁμολογῶν
2678 1352 2772 1403 ἕνα
2804 1345 2947 1404 εἶναι
2975 1350 3066 1405 τὸν
3095 1352 3314 1422 Πατέρα
3345 1352 3476 1404 καὶ³
3504 1352 3635 1406 Θεὸν

2040 1442 2231 1495 τοῦτον
2258 1443 2281 1473 ⁸
2327 1443 2661 1513 δημιουργὸν
2712 1443 2806 1496 τοῦ
2868 1442 3101 1507 παντὸς,
3154 1444 3343 1496 τοῦτον
3396 1444 3455 1496 δὲ
3501 1440 3635 1497 εἶναι

2042 1535 2171 1588 Υἰὸν
2226 1535 2453 1605 ὀνόματι
2514 1536 2611 1605 μὲν
2676 1535 2965 1606 λεγόμενον
3049 1536 3145 1588 καὶ
3203 1536 3633 1606 ὀνομαζόμενον,

2040 1627 2199 1698 οὐσίᾳ
2233 1626 2288 1679 δὲ
2318 1625 2423 1699 [ἓν]
2456 1627 2477 1657 ⁸
2502 1622 2642 1680 εἶναι
2669 1625 2940 1697 [Πνεῦμα]
2965 1628 3007 1690 ⁸,
3034 1626 3260 1697 Πνεῦμα
3285 1628 3418 1697 γὰρ,
3451 1629 3633 1697 φησὶν,

2039 1721 2068 1771 ὁ
2096 1720 2226 1782 Θεὸς
2270 1722 2367 1789 οὺχ
2401 1718 2586 1789 ἕτερόν
2615 1720 2730 1771 ἐστι
2771 1720 2923 1789 παρὰ
2957 1719 3049 1771 τὸν
3076 1720 3272 1787 Λόγον,
3318 1720 3349 1789 ἢ
3410 1722 3440 1772 ό
3464 1720 3635 1787 Λόγος

2041 1812 2193 1882 παρὰ
2235 1811 2327 1865 τὸν
2374 1811 2528 1864 Θεόν.
2583 1812 2679 1863 ’Ἑν
2729 1805 2821 1863 οῦν
2870 1810 3027 1863 τοῦτο
3059 1811 3371 1880 πρόσωπον,
3408 1811 3635 1880 ὀνόματι

2042 1904 2143 1975 μὲν
2179 1902 2555 1975 μεριζόμενον,
2610 1903 2768 1973 οὐσίᾳ
2811 1902 2867 1955 δὲ
2916 1901 3001 1955 οὗ.
3056 1904 3257 1955 Τοῦτον
3325 1903 3419 1955 τὸν
3459 1904 3637 1970 Λόγον

2038 1997 2136 2050 ἕνα
2170 1992 2311 2047 εἶναι
2338 1994 2473 2048 Θεὸν
2501 1992 2757 2065 ὀνομάζει
2781 1994 2876 2047 καὶ
2906 1994 3289 2065 σεσαρκῶσϐαι
3320 1994 3490 2062 λέγει.
3521 1994 3636 2046 Καὶ

2039 2088 2131 2141 τὸν
2180 2087 2279 2156 μὲν
2326 2084 2472 2139 κατὰ
2517 2085 2698 2151 σάρκα
2746 2084 3021 2154 ὁρώμενον
3066 2086 3161 2138 xal.
3207 2083 3635 2156 κρατούμενοντ

2040 2182 2167 2234 Υἰὸν
2208 2176 2348 2232 εἶναι
2379 2178 2521 2231 θέλει
2544 2178 2586 2238 ⁸,
2631 2177 2720 2228 τὸν
2763 2176 2821 2229 δὲ
2870 2176 3182 2230 ἐνοικοῦντα
3210 2160 3429 2247 Πατέρα
3450 2215 3465 2238 ,
3500 2178 3638 2229 ποτὲ

2041 2274 2139 2344 μὲν
2168 2272 2245 2344 τῷ
2280 2271 2490 2341 Νοητοῦ
2517 2272 2537 2302 9
2567 2269 2802 2339 δόγματι
2836 2268 3348 2339 περιρρηγνύμενος
3396 2268 3459 2333 ¹⁰,
3498 2270 3639 2321 ποτὲ

2037 2364 2094 2417 δὲ
2160 2362 2239 2433 τῷ
2290 2362 2576 2424 Θεοδότου,
2650 2358 2818 2430 μηδὲν
2869 2360 3107 2428 ἀσφαλὲς
3155 2359 3396 2430 κρατῶν.
3442 2358 3643 2414 Ταῦτα

2036 2454 2218 2509 τοίνυν
2241 2452 2563 2514 Κάλλιστος.
3446 2468 3449 2471 ·

2108 2553 2218 2617 κη’.
2271 2546 2607 2615 Ἑρμογένης
2644 2544 2703 2598 δέ
2744 2562 2831 2609 τις
2863 2545 2905 2576 ¹¹
2956 2542 3053 2597 καὶ
3100 2542 3264 2607 αὐτὸς
3305 2542 3549 2612 Θελήσεις
3586 2561 3641 2595 τι

2038 2640 2241 2708 λέγειν,
2286 2639 2391 2709 ἔφη
2420 2639 2511 2691 τὸν
2540 2637 2675 2690 Θεὸν
2707 2638 2765 2704 ἐξ
2792 2637 2926 2708 ὕλης
2958 2636 3261 2707 συγχρόνου
3288 2636 3380 2689 καὶ
3402 2636 3636 2689 ὑποκει-

2042 2733 2211 2802 μένης
2255 2730 2323 2783 τὰ
2353 2732 2533 2784 πάντα
2584 2730 2969 2802 πεποιηκέναι·
3022 2728 3302 2791 ἀδυνάτως
3339 2727 3447 2799 γάρ
3480 2728 3642 2799 ἔχειν

2037 2824 2128 2877 τὸν
2171 2823 2303 2876 Θεὸν
2336 2823 2413 2891 μὴ
2447 2823 2567 2893 οὐχὶ
2591 2823 2652 2888 ἐξ
2682 2823 2851 2876 όντων
2877 2823 2949 2875 τά
2980 2823 3252 2893 γενόμενα
3280 2822 3473 2875 ποιεῖν.

2111 2912 2216 2968 xli’.
2263 2915 2482 2983 Ἔτεροι
2512 2914 2570 2966 δέ
2604 2930 2749 2976 τινες
2783 2914 2825 2943 ¹²
2851 2912 2928 2977 ὡς
2955 2913 3141 2966 καινόν
3175 2930 3227 2965 τι
3259 2913 3641 2983 παρεισάγον-

2038 3024 2130 3071 τες
2160 3010 2225 3060 ὲκ
2263 3007 2452 3061 πασῶν
2500 3009 2768 3077 αἱρέσεων
2798 3007 3184 3078 ἐρανισάμενοι
3204 3047 3220 3073 ,
3251 3005 3404 3076 ξένην
3442 3005 3643 3074 βίϐλον

355 3100 595 3155 mirabili
628 3098 770 3153 libro
801 3098 1051 3151 confecto
1087 3112 1152 3151 ex
1177 3095 1427 3151 Elcbasai
1482 3099 1716 3166 quodam
1764 3101 1937 3151 nomi-

2096 3100 2412 3163 ιευὰσαντες
2455 3100 2721 3170 Ἦλχασαῖ
2750 3116 2896 3162 τινος
2942 3098 3442 3169 ἐπονομαζομένην,
3479 3094 3641 3153 οὗτοι

355 3202 503 3260 nato,
536 3193 587 3245 lii
620 3193 882 3260 principia
918 3191 1158 3244 universi
1223 3188 1585 3244 consimiliter
1618 3190 1940 3258 proﬁtentur

353 3304 383 3341 a
414 3287 521 3343 Deo
551 3286 849 3349 exstitisse,
888 3283 1168 3337 Christum
1219 3298 1351 3337 vero
1406 3299 1571 3337 unum
1605 3299 1709 3337 non
1770 3283 1938 3353 proﬁ-

358 3391 559 3447 tentur,
591 3379 685 3434 sed
709 3394 828 3433 esse
853 3379 1188 3445 superiorem
1225 3377 1444 3445 quidem
1476 3392 1663 3441 unum,
1689 3377 1937 3430 eumdem

354 3489 486 3528 vero
513 3470 819 3527 transfundi
862 3476 911 3523 m
952 3484 1183 3536 corpora
1219 3468 1388 3521 multa
1450 3483 1843 3537 smpenumero,
1887 3478 1943 3523 et

356 3583 499 3623 nunc
530 3583 657 3622 vero
688 3568 740 3620 in
768 3564 932 3631 Jesu;
978 3563 1333 3618 consimiliter
1355 3573 1466 3615 tum
1494 3563 1709 3631 quidem
1737 3578 1802 3616 ex
1829 3562 1939 3618 Deo

356 3674 479 3713 eum
508 3666 694 3712 natum
714 3672 857 3723 esse,
884 3666 993 3710 tum
1019 3667 1197 3709 autem
1224 3656 1475 3724 spiritum
1498 3656 1795 3721 exstitisse,
1827 3666 1937 3708 tum

358 3764 542 3807 autem
574 3769 640 3807 ex
683 3750 930 3822 Virgine,
977 3758 1092 3803 tum
1141 3760 1322 3804 autem
1360 3764 1505 3817 non;
1545 3759 1601 3803 et
1630 3750 1773 3803 hunc
1809 3762 1942 3800 vero

358 3856 544 3917 postea
573 3861 790 3916 semper
819 3847 872 3900 in
912 3860 1142 3913 corpora
1204 3842 1509 3897 transfundi
1554 3850 1608 3897 et
1657 3842 1710 3895 in
1757 3841 1943 3897 multis

361 3952 458 4008 per
482 3946 724 4007 tempora
756 3951 1044 4006 apparere.
1076 3936 1318 3991 Utuntur
1351 3943 1530 3988 autem
1555 3933 1943 3988 incantationi-

360 4032 463 4084 bus
498 4041 553 4085 et
594 4030 903 4101 baptismis,
933 4031 986 4083 in
1035 4029 1237 4099 quibus
1287 4026 1557 4081 elementa
1598 4026 1939 4096 profitentur.

360 4121 698 4192 Superbiunt
726 4133 905 4176 autem
948 4120 1241 4190 astrologia
1269 4130 1322 4173 et
1358 4120 1588 4173 mathesi
1625 4130 1677 4173 et
1720 4119 1944 4189 magicis

360 4216 591 4271 artibus.
618 4214 809 4270 Futuri
844 4224 1024 4269 autem
1054 4217 1312 4286 praascios
1335 4229 1457 4268 sese
1484 4214 1690 4267 dicunt.

431 4327 523 4383 30.
555 4369 570 4383 .
608 4368 622 4382 .
659 4366 675 4381 .
712 4368 727 4382 .
765 4366 781 4381 .
816 4367 831 4383 .
873 4367 889 4382 .
930 4368 945 4382 .
988 4370 1001 4383 .
1036 4326 1337 4401 [Abraham
1362 4327 1527 4401 juSsi]
1585 4328 1677 4382 Dei
1712 4327 1941 4383 commi-

360 4433 480 4494 grat
510 4436 576 4477 ex
602 4420 1010 4492 Mesopotamiae
1042 4422 1175 4475 urbe
1203 4421 1382 4473 llaran
1420 4422 1471 4473 in
1506 4420 1775 4487 regionem
1803 4432 1944 4472 nunc
1978 4458 2019 4511 υ

361 4517 581 4588 quidem
615 4515 961 4571 Palmstinam
993 4512 1347 4585 532-533
1397 4522 1449 4567 et
1477 4510 1716 4566 Judatam
1753 4510 1940 4580 appel-

2040 3198 2139 3259 τὰς
2178 3193 2276 3264 μὲν
2308 3193 2481 3265 ἀρχὰς
2514 3193 2610 3246 τοῦ
2659 3193 2862 3255 παντὸς
2899 3192 3102 3263 ὁμοίως
3134 3190 3484 3261 ὁμολογοῦσιν
3527 3191 3644 3243 ὑπὸ

2040 3287 2136 3341 τοῦ
2166 3287 2300 3341 Θεοῦ
2329 3286 2636 3356 γεγονέναι,
2662 3286 2899 3356 Χριστὸν
2920 3285 2975 3337 δὲ
2998 3284 3095 3338 ἕνα
3120 3286 3220 3353 οὐχ
3245 3282 3639 3354 ὁμολογοῦσιν,

2041 3381 2155 3434 ἀλλ’
2188 3376 2329 3433 εἶναι
2351 3381 2442 3434 τὸν
2467 3380 2567 3449 μὲν
2596 3379 2708 3434 ἄνω
2737 3378 2834 3431 ἕνα
2856 3421 2871 3445 ,
2896 3378 3059 3433 αὑτὸν
3081 3378 3137 3431 δὲ
3163 3376 3641 3448 μεταγγιζόμενον

2043 3475 2101 3527 ἐν
2131 3472 2349 3543 σώμασι
2388 3474 2604 3534 πολλοῖς
2633 3473 2677 3503 ¹³
2730 3471 2996 3535 πολλάκις
3020 3510 3036 3532 ,
3092 3472 3185 3524 καὶ
3233 3470 3325 3522 νῦν
3358 3471 3416 3522 δὲ
3451 3471 3514 3521 ὲν
3558 3469 3640 3539 τῷ

2054 3564 2264 3634 Ἰησοῦ,
2294 3563 2496 3632 ὁμοίως
2529 3561 2706 3633 [πιοτὲ
2739 3563 2837 3632 μὲν
2868 3565 2933 3615 ὲκ
2976 3562 3071 3614 τοῦ
3102 3560 3238 3613 Θεοῦ
3272 3559 3636 3629 γεγενῆσθαι,

2043 3657 2176 3710 ποτὲ
2201 3657 2258 3709 δὲ
2298 3673 2522 3727 πνευμα
2570 3654 2854 3723 γεγονέναι
2878 3693 2893 3719 ,
2936 3654 3069 3705 ποτὲ
3100 3653 3155 3705 δὲ
3199 3654 3264 3705 ὲκ
3310 3652 3634 3723 Παρθένου,

2043 3749 2175 3801 ποτὲ
2206 3748 2263 3801 δὲ
2295 3747 2356 3800 οὔ
2378 3764 2391 3779 ο
2424 3748 2521 3800 καὶ
2556 3746 2746 3799 τοῦτον
2772 3745 2829 3797 δὲ
2862 3744 3155 3815 μετέπειτα
3200 3744 3287 3802 ἀεὶ
3318 3745 3375 3795 ἐν
3409 3742 3636 3813 σώμασι

2047 3838 2479 3911 μεταγγίζεσθαι
2510 3837 2607 3891 καὶ
2648 3838 2707 3889 ὲν
2751 3836 2964 3899 πολλοῖς
2993 3835 3135 3889 κατὰ
3164 3837 3389 3903 καιροὺς
3418 3835 3637 3886 δείκνυ-

2046 3932 2189 3986 σθαι.
2226 3932 2481 4004 Χρῶνται
2514 3930 2571 3983 δὲ
2619 3928 2951 4001 ὲπα[οι]δαῖς
2983 3928 3079 3981 καὶ
3123 3927 3504 3997 βαπτίσμασιν
3541 3927 3637 3981 ἐπὶ

2042 4027 2110 4095 τῇ
2163 4024 2272 4077 τῶν
2333 4023 2615 4093 στοιχείων
2670 4021 2949 4094 ὁμολογίᾳ.
3005 4020 3333 4091 Σεσόϐηνται
3383 4020 3442 4073 δὲ
3502 4020 3641 4090 περὶ

2045 4116 2406 4187 ἀστρολογίαν
2437 4115 2481 4146 ¹¹⁵
2531 4114 2627 4169 καὶ
2681 4112 3095 4184 μαθηματικὴν,
3131 4112 3229 4165 καὶ
3269 4113 3533 4183 μαγικοίς
3571 4113 3637 4164 η.

2047 4209 2500 4279 Προγνωστικοὸς
2529 4207 2587 4259 δὲ
2614 4207 2842 4268 ἑαυτοὺς
2870 4203 3142 4272 λέγουσιν.

2116 4322 2181 4376 λ’.
2224 4364 2237 4376 .
2272 4294 2298 4378 Ν.
2344 4364 2357 4376 .
2407 4362 2421 4376 .
2455 4362 2467 4375 .
2504 4362 2518 4376 .
2565 4362 2578 4376 .
2617 4362 2630 4374 .
2679 4322 2722 4353 ¹⁶
2752 4320 2847 4373 τοῦ
2895 4319 3031 4372 Θεοῦ
3056 4320 3098 4351 ⁸⁷
3141 4286 3387 4388 μέτοικεῖ
3422 4316 3465 4350 ⁸⁸
3494 4318 3565 4371 ὲκ
3593 4319 3636 4352 ’⁸

2048 4414 2475 4484 Μεσοποταμίας
2503 4413 2711 4476 πόλεως
2739 4412 2966 4483 Χαρρὰν
3001 4412 3079 4474 είς
3109 4409 3207 4480 τὴν
3246 4410 3344 4463 νῦν
3381 4410 3482 4481 μὲν
3516 4408 3635 4462 Πα-

2050 4506 2335 4577 λαιστίνην
2364 4507 2457 4559 καὶ
2488 4505 2563 4577 [p.
2595 4506 2719 4559 55L
2762 4502 2888 4576 552]
2919 4504 3185 4557 Ἰουδαίαν
3221 4518 3636 4572 προσαγορευο-

1637 4685 1873 4742 ἻΑΒΙᾹΞ
1914 4683 2319 4741 LECTIONES.

438 4858 482 4891 9"
515 4858 625 4911 ὅτε.
655 4857 822 4911 ὅτανῖ
853 4859 1140 4931 Sauppius.
1220 4860 1267 4892 ’9
1300 4858 1575 4929 θνήσκειν.
1604 4856 1807 4909 Τοῦτον
1828 4855 2168 4931 τὸνλπατέρα
2188 4854 2876 4931 Διιὸτόν.-Θλιήσκεινρτοῦτον
2897 4852 3242 4931 τὸν-πατέρα·
3276 4854 3441 4931 αὐτὸν
3471 4851 3538 4931 (‘1‘,
3562 4848 3629 4904 Il.

364 4930 409 4961 ⁹⁹
444 4930 627 4982 αὐτόν.
663 4929 823 4982 αὑτὸν
858 4923 1322 4999 xum-Sauppius.
1387 4923 1416 4959 ’ί
1460 4929 1545 4983 Cf.
1577 4943 1736 4993 supra
1768 4942 1820 4994 p.
1847 4924 1953 4977 450
1983 4923 2114 4993 ειμι.
2186 4927 2206 4955 ’
2238 4923 2516 4999 ἀσφαλῶς]
2555 4927 2741 4999 σαφῶς
2781 4941 2928 4993 susp.
2964 4923 3032 4977 M.
3112 4924 3133 4953 ⁸
3172 4924 3281 4977 Hoc
3307 4927 3426 4978 loco
3453 4924 3631 4999 aliqua

365 5001 635 5054 excidisse
653 5015 714 5052 ex
741 5004 1097 5070 sequentibus
1123 4991 1220 5055 liii.
1247 4998 1411 5060 4—7,
1439 5001 1599 5070 sicuti
1632 4991 1696 5050 ex
1732 4991 1830 5070 iis,
1858 4991 2164 5070 quiesupra
2202 5012 2252 5070 ρ.
2286 4997 2426 5070 λιεὶδ,
2451 4997 2521 5070 ξι)
2558 4991 2677 5063 sqq.
2696 4991 2978 5070 leguntur,
3008 5004 3249 5070 apparet,
3276 5010 3399 5070 cuin
3431 4993 3527 5070 τοῦ

368 5089 467 5140 γου
492 5072 693 5125 mentio
725 5065 1199 5127 hic-desideretur.
1278 5070 1299 5102 ⁸
1329 5070 1450 5122 Θεὸν
1485 5069 1694 5140 τοῦτον.
1729 5065 1851 5119 Θεὸν
1873 5065 2003 5117 τὸνῗ
2033 5066 2327 5140 §auppius.

972 5143 990 5173 ⁷
1020 5142 1416 5212 κρατούμενον.
1450 5139 1815 5212 σταυρόμενον
1843 5152 1999 5212 susp.
2033 5135 2099 5189 Β.
2128 5136 2365 5212 Scottus.

366 5158 527 5211 supra
562 5158 612 5208 p.
646 5141 769 5203 458,
807 5140 896 5197 81.

368 5205 983 5283 ’θ’περιρρηγνύμενος.
1032 5205 1508 5283 περιρηγ...μενος
1534 5250 1547 5272 ,
1590 5205 1798 5283 duabus
1842 5208 2037 5283 litteris
2071 5207 2336 5268 evanidis,
2379 5206 2440 5259 C.

1325 5273 1368 5314 ³⁵
1413 5280 1571 5333 Vocis
1606 5279 1822 5330 πολλοῖς
1852 5278 2076 5345 Vestigia
2108 5291 2362 5341 exstant,
2414 5280 2504 5329 sed
2546 5293 2649 5328 non
2687 5286 3109 5345 prorsusgcerta.
3145 5273 3212 5325 M.

1599 5350 1642 5379 "
1678 5350 1805 5401 l’ost
1832 5342 2085 5417 μαγικόῖς
2110 5351 2378 5401 excidisse
2408 5348 2701 5414 ἐπτόηνται
2734 5362 2883 5414 susp.
2909 5342 2957 5395 Μ
2985 5362 2997 5396 :
3036 5345 3279 5417 μαγικήν
3298 5344 3323 5396 ?
3346 5342 3631 5412 Sauppius.

370 5300 415 5316 ³·
449 5300 532 5337 ιιι.
567 5300 727 5349 supra
772 5300 825 5350 p.
854 5300 980 5345 402,
1022 5300 1082 5336 ει
1125 5300 1245 5351 sqq.
1326 5300 1368 5314 ὐ
1419 5300 1519 5333 vuc

370 5355 518 5432 y‘tanv.
562 5352 951 5432 Litteraiﬁdcrp
975 5356 1133 5432 plane
1159 5356 1419 5432 exanidae.
1449 5348 1521 5402 M.

369 5426 414 5457 “
454 5424 583 5477 Post
619 5424 710 5474 liti.
756 5424 848 5485 ‘28,

376 5496 623 5547 turbatus
653 5508 758 5557 est,
786 5483 917 5548 cuni
941 5495 1034 5548 fol.
1063 5494 1199 5559 157;
1235 5495 1321 5545 hic
1356 5492 1697 5545 iuserendmn
1728 5489 1817 5549 sit,
1848 5483 1991 5556 quod
2020 5488 2182 5559 infra,
2208 5505 2259 5553 ιι.
2288 5489 2413 5551 555,
2568 5487 2657 5537 fol.
2687 5486 2837 5559 .l'53,_
2853 5483 3072 5559 escipit.

2407 5067 2428 5096 ³
2453 5064 2509 5116 ἓν
2536 5060 2657 5117 add.
2694 5060 2783 5118 ΜῘ
2842 5066 2862 5094 ⁸
2890 5060 3025 5117 εἶναι
3051 5064 3287 5132 πνεῦμα.
3313 5060 3455 5116 εἶναι
3473 5062 3538 5117 C.
3566 5061 3631 5114 Μ.

2444 5136 2465 5166 ⁸
2496 5136 2658 5187 θέλει.
2693 5136 2866 5187 θέλειν
2898 5138 2957 5186 (2.
3035 5135 3054 5161 '
3084 5134 3315 5203 Νοητοῦ.
3344 5132 3545 5203 Νόητῴ
3572 5133 3632 5185 L'.

2662 5209 2699 5235 ¹¹
2748 5206 2832 5259 (1f.
2883 5220 3040 5271 supra
3086 5220 3136 5270 p.
3196 5204 3323 5262 452,
3385 5204 3457 5257 is
3513 5220 3631 5270 sqq.

3297 5275 3339 5304 “
3380 5274 3634 5343 ἀστρολο-

882 5416 989 5492 qita
1026 5422 1118 5477 fol.
1156 5424 1258 5475 152
1293 5428 1413 5476 cod.
1453 5421 1809 5492 terminatur,
1836 5416 2030 5492 aliqua
2088 5420 2225 5492 folia
2282 5418 2967 5492 iinei‘c‘ii‘teriiiitprdoque
3013 5416 3632 5492 feliQHOIElll‘_[0iiUFUIII

3154 5485 3195 5514 "’
3212 5483 3296 5537 Cf.
3326 5485 3633 5537 Chrunimn

372 5562 658 5633 Hippolyto
700 5552 980 5630 tributum,
1022 5567 1163 5626 quod
1188 5552 1345 5633 'typis
1373 5558 1602 5633 describi
1635 5562 1761 5633 fecit
1788 5552 1879 5612 Jo.
2062 5552 2365 5633 Fabricius,
2407 5560 2455 5633 in
2490 5559 2629 5633 edit.
2651 5572 2774 5625 opp.
2806 5554 2863 5608 S.
2902 5552 3376 5633 “ipptiiyli.l1:0lll.
3413 5554 3451 5619 Ι,
3481 5572 3535 5619 p.
3568 5554 3633 5603 L9

372 5650 494 5701 Sqq.
521 5644 656 5686 sect.
682 5634 735 5697 9,
768 5652 820 5703 p.
845 5636 931 5688 55.

1014 5633 1053 5663 ³⁸
1089 5633 1163 5685 De
1191 5626 1499 5687 Abraliaino
1532 5630 1623 5682 Dei
1646 5632 1796 5698 jUssu
1824 5644 1891 5682 ex
1922 5628 2301 5695 Mesopotamia
2337 5630 2387 5680 in
2425 5626 2760 5698 Ρηὶίυθιίιιειιη
2796 5636 3184 5698 coniungi-ante
3207 5626 3291 5680 hic
3326 5640 3633 5679 SCI'IIIOIH'III

370 5694 783 5770 liériscquentid
818 5715 1001 5773 aperte
1035 5706 1426 5758 demonstrant.
1508 5702 1549 5731 ”
1588 5694 1671 5754 ἐκ]
1694 5704 1769 5762 εἰς
1804 5700 1867 5765 C,
1911 5698 1981 5764 Μ,
2021 5694 2114 5768 qui
2152 5715 2248 5768 pro
2278 5700 2483 5761 πόλεως
2519 5700 2610 5751 liii.
2642 5696 2730 5763 30,
2767 5711 2918 5766 susp.
2963 5694 3135 5748 πόλιν.
