3808 6220
381 328 523 393 2449
1829 325 2200 388 ORIGENIS
3520 322 3657 386 3450

384 462 448 500 ex
482 459 618 513 aqua
649 457 828 497 autem
854 441 1109 496 animalia
1151 442 1391 495 natantia
1433 455 1555 495 esse
1594 441 1714 494 volo
1750 450 1803 495 et
1836 455 1969 507 pen-

2083 440 2269 505 ύδατος
2302 440 2357 495 δέ
2389 439 2502 505 ζῶα
2548 440 2724 513 νηκτὰ
2764 436 2902 495 εἶναι
2935 440 3075 494 θέλω
3098 439 3143 471 ⁸¹
3178 441 3274 494 καὶ
3314 455 3515 508 πτηνά,
3562 439 3658 509 ἀρ-

386 546 535 602 nata,
562 535 799 590 mascula
832 543 889 590 et
920 533 1194 597 feminea;
1222 533 1301 588 sic
1334 534 1477 589 enim
1506 533 1673 604 jussit
1706 533 1850 588 Dens
1876 533 1968 603 qui

2083 549 2209 587 σενα
2252 534 2347 587 καὶ
2398 533 2604 604 θήλεα⁴
2658 533 2801 588 οὕτω
2839 532 2948 603 γὰρ
2989 531 3286 587 ἐκέλευσεν
3338 532 3369 584 6
3427 528 3658 601 θελήσας

383 629 553 683 voluit
576 630 867 699 genitalem
895 640 1015 682 esse
1051 626 1330 681 humidam
1356 625 1739 680 substantiam.
1780 623 1973 679 Consi-

386 720 587 775 militer
626 735 692 775 ex
728 729 867 774 terra
906 718 1117 789 reptilia
1149 728 1205 773 et
1246 717 1450 773 bestias
1489 717 1845 786 omniumque
1881 729 1976 785 ge-

389 827 579 867 nerum
620 812 937 867 animalium
998 810 1235 864 mascula
1284 818 1340 863 et
1379 808 1610 863 feminea
1643 825 1657 863 :
1695 809 1775 863 sic
1826 806 1973 860 enim

388 907 709 961 admittebat
768 920 948 960 rermn
1005 903 1271 959 factarum
1336 911 1554 957 natura.
1623 900 1975 969 Quaecunque

386 1000 533 1054 enim
577 999 767 1062 voluit,
800 995 1217 1052 faciebatDeus.
1279 994 1405 1051 ﬂxae
1449 1010 1545 1065 per
1572 993 1776 1064 Logum
1806 993 1976 1048 fabri-

390 1092 801 1160 vabantur,qua3
818 1090 976 1145 aliter
993 1090 1109 1144 ﬁeri
1125 1104 1228 1144 non
1247 1099 1471 1160 possunt
1487 1097 1649 1159 atque
1670 1087 1811 1143 faeta
1827 1097 1975 1143 sunt.

392 1184 624 1249 Quando
658 1194 838 1238 autem
866 1182 1025 1238 sicuti
1051 1182 1223 1237 voluit
1261 1181 1425 1236 etiam
1457 1181 1584 1236 fecit
1607 1195 1670 1234 ea
1696 1220 1711 1238 .
1760 1181 1980 1235 nomine

392 1276 639 1331 vocando
667 1273 1015 1345 signiﬁcavit.
1060 1272 1237 1342 Super
1268 1273 1382 1328 hate
1422 1273 1795 1327 universorum
1828 1272 1978 1339 prin-

393 1369 568 1438 cipem
612 1367 887 1421 fahricans
921 1380 987 1421 ex
1019 1366 1270 1420 omnibus
1314 1365 1632 1433 compositis
1658 1362 1979 1417 substantiis

396 1460 666 1523 confecit;
706 1473 810 1513 non
838 1458 1003 1511 Dt-um
1042 1455 1420 1529 διο-541
1470 1456 1658 1509 volens
1694 1456 1873 1507 facere
1904 1453 1981 1506 fe-

397 1552 565 1617 fcliil,
620 1564 797 1619 neque
834 1548 1082 1620 angelum
1137 1549 1241 1617 (ne
1296 1547 1493 1618 erra),
1545 1550 1639 1602 sed
1685 1545 1977 1601 hominem.

398 1643 533 1697 Nam
565 1642 609 1697 si
657 1642 824 1697 Deum
869 1650 921 1695 te
971 1639 1230 1695 voluisset
1261 1638 1475 1706 facere,
1531 1647 1778 1707 poterat;
1818 1636 1983 1690 habes

396 1733 526 1803 Lagi
556 1734 892 1803 exemplum;
925 1731 1198 1787 hominem
1227 1731 1429 1791 volens,
1448 1731 1720 1785 hominem
1748 1740 1797 1783 te
1824 1728 1979 1793 fecit;

2075 624 2211 687 Θεὸς
2244 626 2469 696 γόνιμον
2508 621 2651 679 εἶναι
2684 625 2786 695 τὴν
2838 624 3016 697 ὑγρὰν
3055 622 3269 679 οὐσίαν.
3317 620 3555 693 Ὁμοίως
3597 622 3658 675 ὲκ

2077 717 2183 787 γῆς
2215 718 2422 789 ἑρπετά
2452 718 2549 772 καὶ
2574 717 2739 790 θηρία
2766 718 2863 773 καὶ
2888 715 3253 773 παντοδαπῶν
3274 713 3430 779 ζὼων
3456 716 3655 785 ἄρσενα

2080 810 2175 862 καὶ
2204 808 2375 878 θήλεα
2400 824 2413 837 '
2450 808 2628 872 οὕτως
2666 808 2777 879 γὰρ
2816 808 3098 878 ἐνεδέχετο
3138 809 3173 878 η
3205 806 3315 859 τῶν
3350 804 3651 874 γεγονότων

2079 898 2265 969 φύσις.
2306 900 2451 953 Ὅσα
2503 899 2613 970 γὰρ
2639 899 2913 970 ἠθέλησεν
2937 937 2952 964 ,
2998 897 3176 951 ἐποίει
3207 897 3237 949 6
3288 896 3445 957 Θεός.
3479 894 3660 948 Ταῦτα

2081 992 2243 1063 Λόγῳ
2269 991 2649 1064 ἐδημιούργει,
2682 991 2887 1063 ἑτέρως
2916 990 3173 1059 γενέσθαι
3199 988 3275 1060 μὴ
3300 987 3600 1057 δυνάμενα,
3624 986 3657 1057 ἦ

2079 1084 2156 1147 ὡς
2178 1083 2414 1154 ἐγένετο.
2452 1086 2581 1139 Ὅτε
2599 1084 2659 1141 δέ
2683 1084 2730 1117 ⁸³
2759 1085 2838 1148 ὡς
2867 1083 3105 1155 ἠθέλησε
3135 1082 3231 1137 καὶ
3264 1081 3516 1151 ἐποίησε,
3540 1079 3657 1133 δνό-

2084 1194 2217 1249 ματι
2247 1177 2485 1241 καλέσας
2516 1177 2884 1249 ἐσήμηνεν,⁸⁸.
2921 1177 3045 1231 Ἐπὶ
3068 1175 3279 1239 τούτοις
3311 1174 3405 1228 τὸν
3438 1173 3660 1228 ⁴πάντων

2081 1270 2323 1342 ἄρχοντα
2353 1268 2704 1340 δημιουργῶν
2731 1268 2778 1301 ⁸⁵
2826 1270 2891 1321 ἐκ
2918 1266 3110 1321 πασῶν
3155 1264 3426 1321 συνθέτων
3468 1262 3661 1318 etiaqu

2082 1362 2403 1416 ἐσκεύασεν’
2448 1362 2509 1415 ού
2542 1361 2677 1415 Θεὸν
2706 1361 2881 1415 θέλων
2917 1359 2997 1432 [p.
3025 1357 3362 1429 355—357.]
3420 1358 3597 1411 ποιεῖν
3626 1356 3639 1427 |

2082 1452 2339 1523 ἔσφηλεν,
2377 1454 2500 1507 οὐδὲ
2533 1452 2765 1522 ἄγγελον
2790 1452 2892 1523 (μὴ
2922 1451 3157 1521 πλανῶ),
3200 1451 3315 1505 ἀλλ’
3344 1449 3655 1521 ἄνθρωπον.

2082 1547 2147 1600 Ei
2184 1547 2295 1619 γὰρ
2329 1546 2464 1600 Θεόν
2515 1564 2575 1599 σε
2622 1546 2856 1616 ⁴ἠθέλησε
2906 1546 3129 1616 ποιῆσαι
3155 1585 3171 1610 ,
3212 1542 3475 1598 ἐδύνατο·
3522 1542 3666 1611 ἔχεις

2083 1641 2177 1696 τοῦ
2204 1642 2381 1711 Λόγου
2415 1643 2477 1695 τὸ
2500 1641 2873 1713 παράδειγμα·
2903 1640 3192 1711 ἄνθρωπον
3222 1637 3417 1703 θέλων,
3453 1635 3664 1706 ἄνθρω-

2084 1735 2187 1787 πόν
2222 1752 2281 1787 σε
2334 1734 2621 1805 ἐττοίησενθ
2678 1735 2727 1787 εἰ
2755 1733 2813 1787 δέ
2844 1733 3016 1796 Θέλεις
3060 1732 3154 1785 καὶ
3200 1730 3337 1791 Θεὸς
3387 1730 3663 1797 γενέσθαι,

397 1828 478 1881 sin
519 1841 648 1880 vero
677 1825 757 1879 vis
787 1834 841 1878 et
875 1823 1018 1879 Deus
1052 1824 1211 1889 ﬁeri,
1267 1823 1426 1878 obedi
1460 1822 1509 1878 ei
1536 1862 1551 1885 ,
1612 1822 1703 1892 qui
1738 1832 1787 1876 te
1832 1819 1976 1883 fecit,

2087 1826 2332 1880 ὑπάκουε
2356 1828 2435 1897 τῷ
2464 1804 2816 1895 πεποιηκότι,
2860 1826 2956 1878 καὶ
2988 1825 3064 1894 μὴ
3107 1822 3390 1879 ἀντίϐαινε
3419 1822 3541 1882 νῦν,
3579 1822 3664 1876 ῖνα

402 1932 577 1986 neque
612 1917 859 1971 ohnitere
910 1930 1053 1971 nunc
1079 1954 1094 1979 ,
1152 1925 1211 1969 ut
1248 1929 1411 1983 super
1452 1929 1676 1982 parvum
1710 1912 1851 1967 ﬁdeli
1887 1912 1979 1965 tihi

400 2019 614 2078 reperto
647 2023 900 2079 magnum
931 2007 1094 2062 etiam
1119 2007 1372 2062 concredi
1400 2006 1590 2074 possit.
1621 2003 1788 2075 Hujus
1804 2003 1983 2072 Logus

398 2100 545 2155 solus
562 2116 627 2156 ex
650 2104 807 2171 ipso;
842 2100 964 2154 ideo
989 2107 1045 2153 et
1076 2096 1238 2160 Deus,
1267 2096 1569 2151 substantia
1600 2110 1723 2149 cum
1752 2096 1821 2149 sit
1852 2094 1981 2157 Dei;

399 2194 628 2245 mnmlns
655 2202 835 2245 autem
874 2206 939 2246 ex
980 2190 1191 2257 nihilo;
1232 2191 1355 2244 ideo
1388 2204 1492 2243 non
1528 2185 1671 2243 Deus
1705 2203 1719 2251 ;
1760 2186 1850 2241 hic
1882 2186 1973 2239 ad-

400 2284 563 2337 mittit
590 2284 753 2339 etiant
792 2284 1137 2349 solutionem,
1164 2283 1383 2352 quando
1408 2282 1524 2337 vult
1551 2281 1641 2349 qtti
1668 2294 1790 2335 eum
1824 2293 1980 2332 crea-

397 2378 493 2431 vit.
533 2376 673 2431 Deus
722 2386 927 2439 autem,
977 2377 1067 2444 qui
1098 2374 1322 2439 creavit,
1356 2373 1556 2429 malum
1600 2388 1703 2426 non
1749 2368 1984 2423 faciebat

398 2484 575 2540 neque
608 2467 781 2534 facit;
836 2466 1045 2540 [facit]
1099 2469 1383 2522 honestum
1422 2474 1477 2521 et
1519 2464 1753 2526 bonum,
1810 2461 1981 2514 bonus

393 2563 537 2614 enim
572 2561 663 2629 qui
716 2560 865 2615 facit.
902 2558 1003 2625 Qui
1041 2567 1221 2613 autem
1261 2558 1436 2611 fat-tus
1464 2565 1547 2611 est
1589 2556 1752 2609 homo
1781 2550 1978 2607 animal

396 2666 507 2706 suae
523 2651 807 2721 potestatis
826 2660 964 2716 erat,
984 2666 1089 2705 non
1105 2651 1467 2704 dominantem
1489 2656 1723 2702 mentem
1752 2644 1979 2707 habens,

397 2760 501 2797 non
532 2742 764 2798 consilio
782 2753 839 2797 et
859 2742 1087 2813 imperio
1106 2752 1156 2796 et
1180 2750 1445 2811 potestate
1466 2740 1649 2793 omnia
1687 2750 1977 2805 superans,

396 2836 490 2890 sed
528 2852 742 2891 servum
774 2844 829 2890 et
864 2835 1046 2890 omnia
1100 2834 1307 2890 habens
1343 2834 1654 2888 adversaria
1685 2848 1700 2895 ;
1736 2830 1826 2899 qui
1857 2845 1977 2883 cum

395 2942 505 2980 sua:
537 2927 823 2995 potestatis
852 2928 945 2990 sit,
990 2924 1191 2979 malum
1226 2924 1539 2993 adgenerat,
1567 2922 1709 2991 quod
1739 2936 1803 2974 ex
1837 2919 1980 2973 acci-

394 3019 541 3071 denti
572 3016 848 3087 perﬁcitur
874 3056 889 3081 ,
940 3030 1065 3071 cum
1099 3014 1171 3070 sit
1216 3014 1391 3078 nihil,
1431 3013 1534 3068 nisi
1589 3011 1796 3072 facias;
1850 3011 1977 3064 dum

392 3111 536 3165 enim
574 3111 823 3165 volumus
845 3122 900 3164 ct
923 3110 1255 3163 arbitramur
1284 3107 1498 3177 aliquod
1521 3106 1749 3167 malum,
1779 3102 1977 3157 malum

395 3204 721 3265 nominatur,
750 3202 891 3271 quod
914 3216 1025 3256 non
1050 3211 1135 3257 est
1157 3216 1186 3253 a
1216 3200 1501 3270 principio,
1527 3201 1621 3253 sed
1641 3196 1973 3251 atinascitur.

392 3294 494 3361 Qui
527 3310 646 3346 ctttn
677 3309 785 3347 sua:
825 3291 1107 3362 potestatis
1139 3291 1247 3355 sit,
1294 3289 1379 3343 lex
1414 3304 1443 3342 a
1477 3287 1587 3343 Deo
1617 3286 1978 3342 deﬁniebatur

395 3386 535 3439 haud
589 3385 829 3450 frustra;
876 3400 996 3437 nam
1044 3384 1089 3437 si
1142 3398 1248 3436 non
1296 3390 1475 3451 posset
1518 3381 1679 3435 homo
1730 3378 1864 3433 velle
1923 3388 1979 3433 et

395 3477 558 3541 nolle,
605 3492 702 3529 cur
736 3474 898 3528 etiam
930 3474 1018 3529 lex
1044 3472 1408 3527 deﬁniretttr?
1439 3471 1545 3525 Lex
1578 3472 1723 3524 enim
1758 3469 1977 3523 animali

395 3568 619 3621 rationis
646 3567 851 3634 experti
896 3582 999 3619 tton
1039 3565 1327 3617 deﬁnietur
1352 3602 1366 3625 ,
1402 3564 1495 3616 sed
1551 3564 1760 3615 frenum
1790 3570 1844 3613 et
1883 3558 1980 3613 ﬁa~

392 3658 611 3729 gelluut,
655 3658 856 3711 ltotnini
903 3671 1032 3711 vero
1079 3665 1404 3724 prmt'eptttut
1444 3663 1498 3705 et
1546 3668 1698 3721 pmna
1741 3650 1973 3705 faciendi

394 3750 535 3818 quod
571 3751 781 3820 jnssnm
814 3758 898 3803 est
926 3756 979 3801 rt
1026 3763 1134 3801 non
1169 3744 1423 3799 faciendi.
1461 3742 1599 3798 lluic
1639 3745 1720 3797 lex
1757 3743 1974 3798 deﬁnita

392 3850 479 3895 est
516 3856 612 3910 per
634 3840 809 3909 justos
842 3840 986 3893 viros
1041 3838 1382 3905 antiquitus;
1434 3836 1654 3905 prepius
1708 3851 1739 3888 a
1792 3844 1974 3888 nostra

393 3943 554 3988 aetate
583 3948 678 4002 per
704 3941 829 3987 ante
856 3932 1060 3985 dictum
1084 3929 1305 3994 Mosem,
1336 3930 1512 3983 virum
1544 3930 1692 3998 pium
1720 3937 1777 3982 et
1807 3942 1835 3980 a
1868 3926 1976 3981 Deo

392 4026 670 4090 dilectum,
691 4026 775 4079 lex
802 4025 1162 4080 deﬁniebatnr
1190 4022 1345 4089 plena
1374 4022 1643 4093 gravitate
1665 4030 1718 4075 et
1743 4018 1975 4088 jnstitia.

391 4117 600 4172 Cuncta
640 4127 819 4170 autem
851 4116 989 4187 regit
1022 4114 1200 4186 Logns
1229 4114 1348 4179 Dei,
1378 4114 1773 4184 primogenitus
1796 4111 1976 4166 Patris

392 4224 527 4283 puer
551 4252 567 4278 ,
613 4225 715 4264 vox
773 4209 964 4265 lucifer
986 4249 1002 4274 ,
1067 4226 1188 4280 qua:
1217 4219 1344 4264 ante
1373 4208 1582 4263 stellam
1620 4208 1843 4263 Veneris
1870 4215 1974 4261 est.

392 4302 587 4357 Postea
631 4301 756 4355 ‘usti
787 4302 886 4355 viri
919 4301 1249 4358 exstiterunt
1290 4301 1448 4355 amici
1479 4300 1572 4354 Dei
1598 4316 1611 4327 ·
1652 4300 1704 4352 hi
1741 4300 1974 4368 prophe-

2086 1922 2180 1973 ἐπὶ
2208 1920 2287 1990 τῷ
2320 1919 2503 1991 μικρῷ
2532 1918 2723 1981 πιστὸς
2757 1918 3004 1990 εὑρεθεὶς
3044 1918 3137 1971 καὶ
3171 1917 3231 1970 τὸ
3262 1916 3409 1986 μέγα
3441 1931 3666 1969 πιστευ-

2085 2010 2244 2080 θῆναι
2270 2008 2503 2080 δυνηθῇς
2534 2009 2601 2062 ⁸⁸⁸.
2632 2006 2836 2061 Τούτου
2875 2007 2919 2039 ⁸⁷
2941 2009 2970 2059 6
2988 2008 3158 2074 Λόγος
3189 2006 3350 2077 μόνος
3381 2004 3446 2069 ἐξ
3467 2002 3631 2058 αὑτοῦ
3651 2019 3664 2032 ·

2083 2102 2164 2156 διὸ
2200 2104 2300 2156 καὶ
2325 2101 2457 2164 Θεὸς
2482 2141 2498 2163 ,
2530 2100 2688 2155 οὐσία
2721 2100 2982 2170 ύπάρχων
3020 2098 3155 2151 Θεοῦ
3183 2114 3196 2129 ·
3220 2100 3249 2151 6
3283 2097 3342 2150 δὲ
3368 2097 3579 2166 κόσμος
3607 2094 3663 2159 ἐξ

2083 2196 2300 2259 οὐδενός
2326 2213 2342 2228 ο
2393 2195 2475 2248 διὸ
2506 2194 2568 2249 ού
2603 2193 2737 2258 Θεός
2758 2210 2772 2225 ·
2817 2188 2972 2257 οὗτος
3007 2191 3317 2262 ἐπιδέχεται
3356 2190 3456 2243 καὶ
3492 2188 3664 2249 λύσιν.

2083 2291 2173 2343 ὅτε
2210 2287 2459 2359 βούλεται
2487 2289 2516 2340 6
2549 2286 2764 2348 κτίσας.
2804 2284 2865 2337 Ὀ
2894 2284 2952 2337 δὲ
2974 2284 3162 2345 κτίσας
3195 2282 3331 2345 Θεὸς
3358 2281 3536 2335 κακὸν
3568 2280 3667 2333 οὐκ

2084 2381 2261 2437 ἐποίει
2291 2380 2413 2433 οὐδὲ
2444 2381 2621 2432 ποιεῖ·
2661 2376 2849 2450 [ποιεῖ]
2887 2376 3051 2429 καλὸν
3074 2376 3121 2407 ⁸⁸
3144 2375 3238 2428 καὶ
3261 2374 3494 2441 ἀγαθὸν,
3519 2373 3662 2439 ἀγα-

2087 2476 2178 2539 θὸς
2209 2474 2319 2543 γὰρ
2352 2474 2380 2526 6
2424 2471 2618 2526 ποιῶν.
2679 2469 2739 2525 Ὀ
2781 2470 2839 2523 δὲ
2867 2469 3158 2539 γενόμενος
3188 2466 3483 2538 ἄνθρωπος
3532 2466 3667 2530 ζῶον

2084 2566 2432 2633 αὐτεξούσιον
2459 2559 2549 2635 ἦν,
2583 2564 2685 2617 οὐκ
2714 2563 2954 2634 ἄρχοντα
2992 2559 3120 2613 νοῦν
3150 2560 3196 2591 ⁸⁸
3229 2558 3376 2629 ἕχον,
3408 2559 3514 2613 οὐκ
3548 2560 3667 2611 ἐπι-

2084 2658 2205 2729 νοίᾳ
2251 2657 2349 2712 καὶ
2393 2656 2617 2727 ἐξουσίᾳ⁵
2660 2658 2757 2708 καὶ
2801 2654 3029 2723 δυνάμει
3063 2653 3282 2706 πάντων
3320 2650 3569 2721 κρατοῦν
3594 2651 3659 2711 ⁸⁸,

2084 2749 2222 2804 ἀλλὰ
2270 2748 2456 2802 δοῦλον
2487 2748 2581 2802 καὶ
2626 2748 2806 2801 πάντα
2856 2745 2976 2816 ἕχον
3020 2745 3087 2799 τὰ
3116 2746 3159 2779 ⁸³
3198 2744 3454 2797 ἐναντία·
3502 2743 3566 2807 ὃς
3592 2742 3668 2812 τῷ

2084 2843 2436 2907 αὐτεξούσιον
2463 2842 2730 2911 ὑπάρχειν
2777 2838 2840 2893 τὸ
2874 2839 3043 2893 κακὸν
3072 2839 3369 2907 ἐπιγεννᾷ,
3408 2837 3479 2890 ἐκ
3532 2853 3669 2905 συμ-

2085 2935 2382 3006 ϐεϐηκότος
2410 2932 2862 3002 ἀποτελούμενον,
2895 2930 3000 3004 [ὸν]
3042 2930 3141 3001 μὲν
3173 2929 3325 2982 οὐδὲν
3351 2929 3422 2992 ⁹¹,
3459 2927 3559 2983 ἐὰν
3589 2928 3664 2998 μὴ

2086 3029 2246 3097 ποιῇς
2273 3042 2288 3058 ’
2321 3028 2379 3078 ἐν
2414 3024 2525 3094 γὰρ
2567 3022 2646 3094 τῷ
2677 3022 2853 3075 θέλειν
2887 3023 2981 3075 καὶ
3019 3019 3266 3092 νομίζειν
3310 3036 3362 3072 τι
3402 3020 3581 3075 κακὸν
3612 3018 3671 3070 τὸ

2086 3112 2261 3167 κακὸν
2286 3108 2639 3182 ὀνομάζεται.
2682 3110 2785 3163 οὐκ
2818 3109 2878 3164 ὃν
2907 3110 3003 3163 ἀπ’
3047 3108 3248 3181 ἀρχῆς,
3273 3108 3392 3161 ἀλλ’
3424 3107 3665 3176 ἐπιγινό-

2090 3220 2250 3272 μενον
2275 3201 2344 3257 ⁸³.
2383 3196 2460 3256 Ui)
2494 3202 2543 3234 ’⁸
2586 3200 2942 3267 αὐτεξουσίου
2978 3200 3131 3264 ὄντος
3180 3200 3347 3271 νόμος
3377 3200 3487 3254 ὑπὸ
3529 3198 3664 3252 Θεοῦ

2085 3293 2319 3365 ὡρίζετο
2338 3294 2401 3347 ού
2433 3293 2613 3365 μάτην
2640 3311 2654 3325 ·
2686 3294 2737 3347 εἰ
2758 3292 2868 3364 γὰρ
2900 3291 2975 3363 μὴ
2996 3293 3045 3325 ³⁸
3067 3287 3216 3362 εἶχεν
3239 3294 3267 3347 6
3298 3291 3593 3364 ἅνθρωπος
3610 3290 3668 3343 τὸ

2080 3387 2264 3441 θέλειν
2294 3388 2390 3441 καὶ
2439 3386 2502 3441 τὸ
2530 3387 2609 3459 μὴ
2643 3386 2843 3449 θέλειν,
2877 3387 2933 3439 τί
2972 3386 3068 3439 καὶ
3111 3385 3275 3456 νόμος
3318 3386 3563 3456 ὡρίζετο
3585 3385 3667 3449 ⁹⁶;

2096 3480 2156 3531 Ὀ
2210 3479 2376 3549 νόμος
2422 3478 2532 3550 γὰρ
2565 3478 2747 3548 ἀλόγῳ
2807 3477 2932 3547 ζὼῳ
2967 3476 3064 3547 οὐχ
3104 3474 3483 3547 ὁρισθήσεται,
3532 3475 3666 3528 ἀλλὰ

2084 3572 2299 3641 χαλινὸς
2332 3571 2427 3625 καὶ
2468 3569 2667 3641 μάστιξ
2687 3570 2754 3632 ³⁷,
2784 3568 3057 3641 ἀνθρώπῳ
3078 3568 3135 3621 δὲ
3171 3568 3361 3639 ἐντολὴ
3386 3568 3484 3621 καὶ
3502 3568 3667 3639 πρόσ-

2080 3676 2240 3728 τιμον
2285 3658 2381 3712 τοῦ
2428 3662 2607 3713 ποιεῖν
2634 3658 2697 3711 τὸ
2728 3656 3204 3728 προστεταγμένον
3230 3657 3326 3710 καὶ
3359 3656 3439 3728 μὴ
3467 3659 3659 3711 ποιεῖν.

2084 3751 2273 3817 Τούτῳ
2306 3750 2470 3821 νόμος
2499 3748 2714 3821 ὡρίσθη
2745 3748 2837 3803 διὰ
2857 3749 3088 3803 δικαίων
3121 3748 3333 3818 ἀνδρῶν
3356 3747 3663 3811 ἐπάνωθεν,

2082 3840 2267 3909 ἔγγιον
2316 3840 2475 3910 ἡμῶν
2525 3840 2614 3894 διὰ
2650 3841 2696 3873 ⁸⁸
2739 3839 2835 3893 τοῦ
2886 3838 3287 3910 προειρημένου
3347 3837 3661 3901 Μωῦσὲως,

2082 3932 2275 3997 ἀνδρὸς
2328 3929 2633 3995 εύλαὸοῦς,
2692 3931 2789 3986 καὶ
2852 3929 3169 4000 θεοφιλοῦς,
3207 3930 3376 3998 νόμος
3429 3928 3663 4001 ὡρίζετο

2081 4019 2298 4091 πλήρης
2356 4020 2690 4091 σεμνότητος
2720 4021 2817 4075 καὶ
2868 4018 3233 4090 δικαιοσύνης.
3265 4019 3348 4072 Τὰ
3386 4018 3447 4072 δὲ
3488 4019 3664 4073 πάντα

2078 4113 2273 4167 διοικεῖ
2338 4114 2368 4165 ό
2438 4112 2612 4181 Λόγος
2661 4112 2691 4164 6
2743 4111 2917 4177 Θεοῦ,
2972 4115 3002 4166 6
3035 4112 3380 4185 πρωτόγονος
3445 4113 3663 4183 Πατρὸς

2079 4206 2253 4271 Παῖς,
2311 4208 2345 4275 ἡ
2409 4205 2517 4277 πρὸ
2560 4205 2840 4276 έωσφόρου
2899 4205 3187 4276 φωσφόρος
3220 4206 3374 4274 φωνή
3405 4206 3475 4258 ’⁸.
3529 4206 3659 4258 Ἐπ-

2078 4312 2198 4349 ειτα
2252 4296 2264 4365 |
2313 4296 2514 4350 δίκαιοι
2579 4295 2771 4367 ἄνδρες
2820 4296 2838 4330 ⁸
2882 4296 3205 4366 γεγένηνται
3278 4297 3423 4366 φίλοι
3483 4296 3656 4351 Θεοῦ·

1698 4476 1934 4533 VARIE
1967 4474 2262 4533 LECTION
2273 4475 2375 4531 ES.

461 4660 507 4692 “
536 4659 695 4713 θέλω.
728 4658 898 4712 θέλων
926 4657 989 4723 (Σ,
1021 4658 1093 4721 Μ,
1123 4658 1269 4727 λέγω
1297 4674 1447 4729 susp.
1471 4660 1772 4728 Roeperus.
1801 4657 1973 4713 Sicuti
2004 4672 2103 4713 nos
2131 4661 2295 4714 etiam
2327 4661 2631 4716 Bunsenins
2646 4671 2905 4717 correm.
2980 4663 3026 4695 ⁸³
3056 4664 3184 4717 Ὅτε
3216 4661 3515 4716 6έέοτεᾶ
3538 4662 3572 4729 ἢ
3598 4660 3654 4716 C.

390 4730 437 4803 ξι
470 4732 567 4801 ἐσή
577 4747 767 4803 μηνεν.
787 4729 1241 4803 Ἐπὶτ-ἄρχονςτα.
1264 4730 1540 4803 ἐσήμηνεν
1558 4729 1964 4803 ἐπὶ-ἄρχοντα
1985 4729 2053 4803 ὃν
2065 4729 2405 4803 Bunsenins.
2475 4731 2521 4762 ⁸⁸
2542 4732 2890 4803 δημιουργῶν
2911 4731 3206 4801 Roeperus,
3242 4733 3563 4803 Btttrsenius,
3596 4731 3651 4785 Β.

392 4796 991 4882 ξοι)ιιίι”ξ,’δημιουργὸν
1115 4799 1185 4853 Μ.
1238 4800 1307 4882 ξς
1333 4796 1648 4882 (ΪΙξΜοίιΙι.
1679 4796 1990 4882 χινζᾙ-οῑ
2026 4799 2098 4882 εξ
2122 4796 2267 4882 :mEt'S,
2298 4800 2451 4882 δοῦλε
2484 4796 2800 4882 ᾁγαθὲῇκαῖ
2824 4804 3007 4868 πιστέ,
3028 4796 3132 4882 ’ἐπὶ
3146 4803 3314 4882 ῥλίγα
3339 4798 3410 4871 ἧς
3436 4803 3650 4882 πιστὸς,

390 4873 485 4925 ἐπὶ
517 4867 740 4925 πολλῶν
768 4887 827 4923 σε
853 4867 1208 4941 καταστήσω.
1235 4867 1319 4925 Cf.
1357 4872 1520 4925 etiam
1556 4871 1686 4926 Luc.
1714 4886 1831 4941 xu,
1864 4868 1951 4923 17.

2050 4870 2095 4901 ⁸⁷
2116 4870 2378 4947 Τούτους-
2406 4872 2625 4947 τούτων
2655 4873 2957 4947 Roeperus.

3063 4875 3112 4907 ⁸⁸
3138 4874 3272 4927 Οὐδὲ
3311 4874 3489 4925 ποιεῖ·
3522 4877 3651 4927 ⁴ποιεῖ

388 4942 554 4996 καλὸν
586 4941 891 4995 Bunsenins
918 4940 1180 4995 suadente
1214 4941 1667 5011 Wordsvvorthio.
1697 4940 1817 4993 οὐδὲ
1846 4942 2011 4992 ποιεῖ·
2040 4942 2206 4994 καλὸν
2232 4942 2297 5000 C.
2332 4940 2401 5005 M,
2430 4940 2525 5010 'qui
2558 4953 2680 5011 post
2723 4940 2869 4997 ποιεῖ
2908 4946 3254 4999 inserendum
3286 4957 3409 4996 esse
3436 4945 3652 5011 putatsi

434 5013 468 5084 ὴ
499 5013 580 5066 vel
605 5011 823 5086 ﬂ,_066§
850 5014 1019 5086 ποιεῖ,
1033 5011 1183 5086 ’ἀλλὰ
1212 5011 1377 5086 καλὸν
1412 5010 1719 5086 lioepertts,
1744 5010 1900 5086 ούδέν
1922 5026 1935 5039 °
1964 5014 2113 5086 ποιεῖ
2136 5013 2193 5066 δὲ
2225 5012 2390 5086 καλὸν
2418 5012 2483 5086 Βζ
2518 5010 2767 5086 Scottus.
2831 5016 2877 5086 εξ
2912 5015 3149 5086 ἄρχοντα
3181 5012 3307 5086 νοῦν
3331 5010 3649 5086 Bunsenins,

429 5080 578 5153 ρ’χον,
627 5080 861 5153 ού-νοῦν
900 5082 961 5153 C,
1002 5082 1072 5146 Μ,
1113 5083 1280 5153 ἄρχον
1313 5081 1395 5146 ὃν,
1442 5080 1568 5134 νοῦν
1600 5080 2101 5153 _WordsWorthius.

2207 5084 2254 5157 ἑο
2281 5083 2539 5157 κρατοῦν.
2592 5085 2811 5157 κρατῶν
2951 5083 2961 5086 ⁷
2987 5083 3047 5117 ³³
3086 5084 3208 5157 ἕχον
3377 5083 3570 5157 ἔχον-εει
3595 5084 3648 5137 (λ-

387 5149 439 5187 ¹¹’
461 5149 920 5226 ἀποτελούμενον,
941 5151 1000 5226 ὸν
1031 5152 1129 5222 μὲν
1153 5149 1330 5210 οὗδέν.
1350 5150 1782 5226 ἀποτελούμενον
1803 5153 1903 5222 μὲν
1933 5152 2085 5205 οὐδέν
2104 5151 2167 5226 C,
2190 5149 2647 5226 ἀποτελούμενον,
2674 5154 2733 5209 ὃν
2761 5156 2917 5208 οὐδὲν
2946 5171 3094 5224 susp.
3117 5149 3192 5210 Μ.
3271 5155 3318 5226 ’7³
3334 5149 3646 5226 ἐπιγινόμε-

388 5241 498 5276 νον.
535 5223 926 5292 ἐπιγενόμενον
949 5222 1274 5278 Bunsenins.

1377 5223 1425 5255 ⁸⁵
1454 5222 1567 5276 Vox
1600 5217 1674 5276 Οῦ
1712 5217 1937 5291 prorsus
1965 5224 2211 5278 evanida.
2244 5224 2313 5278 M.

388 5293 687 5367 lioeperns.
762 5293 813 5367 _"
842 5292 1041 5367 θέλειν,
1063 5293 1115 5367 τί
1137 5294 1232 5367 καὶ
1261 5294 1425 5367 νόμος
1446 5293 1695 5367 ὡρίζετο.
1733 5291 1909 5367 θέλειν
1943 5310 2016 5367 τι,
2052 5296 2147 5367 καὶ
2180 5294 2340 5365 νόμος
2371 5291 2604 5367 ὡρίζετο
2635 5291 2855 5367 Ο,’Μ.η
2877 5296 2920 5367 ’ἶ
2963 5291 3197 5364 μῖάστίγξ
3227 5298 3289 5350 C.

2421 5227 2467 5257 ⁸⁸
2490 5227 2539 5277 εί
2565 5226 2675 5293 γὰρ
2701 5228 2797 5297 μή.
2829 5226 2891 5278 ού
2916 5226 3023 5297 γὰρ
3054 5227 3128 5297 μὴ
3156 5227 3219 5289 C,
3247 5225 3310 5278 ού
3356 5225 3469 5295 γὰρ
3500 5228 3550 5278 εί
3587 5227 3650 5295 μὴ

2424 5296 2604 5350 οίζετο
2635 5296 2696 5350 C.
2724 5297 2800 5350 M.
2877 5296 2920 5328 ”
2963 5296 3197 5350 μάστιγέ
3227 5298 3289 5350 C.
3370 5296 3418 5328 ⁸⁸
3448 5297 3650 5350 ἐπάνω-

388 5362 721 5432 Οεν,ίέγγιον
751 5363 909 5433 ἡμῶν
938 5363 1028 5416 διά
1082 5362 1361 5434 ἐπάνωθεν
1388 5362 1745 5434 κινουμένων,
1775 5363 1849 5426 ὡς
1876 5362 2009 5434 διάῗ
2082 5365 2150 5396 ⁹⁸⁹
2191 5362 2453 5428 Μωῦσέος
2483 5367 2546 5420 C.
2623 5367 2668 5399 θ’
2702 5367 2783 5421 Cf.
2814 5366 2857 5419 ΙΙ
2894 5362 3034 5420 Petr.
3078 5383 3115 5427 t,
3144 5362 3237 5428 ‘18,
3274 5366 3363 5421 19.
3395 5367 3510 5419 Καὶ
3534 5366 3651 5419 nit-

386 5436 609 5522 αξη-δ’τὴν
639 5432 824 5522 φωνην
855 5435 1017 5504 ἡμεῖς
1046 5433 1363 5522 ἠκούσαμεν
1398 5435 1455 5522 ἐς
1480 5432 1712 5522 ούρανοῦ
1744 5432 2056 5519 ἐνεχθεῖσαν
2090 5438 2187 5522 σὺν
2222 5438 2371 5522 αύτὼ
2399 5437 2553 5501 ὄντες
2584 5440 2642 5491 ἐν
2662 5438 2741 5508 τῷ
2768 5438 2884 5507 δρει
2914 5436 2991 5506 τῷ
3030 5437 3187 5508 ἁγίῳ,
3219 5438 3313 5490 καὶ
3341 5439 3542 5522 ἔχομεν

387 5500 671 5591 ὀξὶιότέρον
698 5500 792 5591 τὸν
842 5500 1183 5591 προφητικὸν
1207 5500 1386 5591 λόγον,
1492 5500 1672 5591 καλῶς
1702 5500 1908 5591 ποιεῖτε
1946 5500 2419 5591 προσέχοντεςηὼς
2443 5500 2622 5591 λύχνιρ
2675 5500 2918 5579 φαίνοντι
2951 5500 3010 5559 ἐν
3038 5500 3310 5578 αύχμηρῷ

3414 5454 3542 5577 :2:
3558 5436 3652 5567 ες

387 5571 449 5629 οὒ
484 5571 668 5646 ἡμέρα
693 5571 1084 5649 διαυγάσῃκαι
1116 5571 1407 5649 φωσφόρος
1431 5571 1689 5647 ἆνατείλῃ
1717 5576 1773 5626 ἐν
1798 5576 1919 5649 ταῖς
1952 5571 2204 5649 καρδίαις
2227 5578 2411 5649 ὑμῶν,
2436 5596 2489 5632 κ.
2512 5571 2659 5649 ’τ.’λ.
2687 5571 2699 5579 ’
2736 5580 2750 5609 ¹
2782 5579 2867 5632 (Σί.
2894 5571 3649 5649 ctutirhis'l‘lt'ppolytigijbruin

390 5654 457 5716 de
494 5644 715 5716 Chrism
748 5655 803 5699 et
834 5644 1223 5716 Antichristo§

1252 5648 1287 5698 2
1318 5644 1433 5712 (ed.
1471 5649 1618 5701 Paul.
1648 5644 1850 5700 Anton.
1884 5646 1951 5699 de
1978 5644 2243 5714 Lagartle,

2295 5666 2348 5719 p.
2391 5648 2460 5714 2;
2510 5652 2596 5703 ed.
2638 5648 2725 5703 Jo.
2775 5644 3162 5719 Alb._Fabric.
3193 5644 3391 5719 p—.'5)':
3439 5644 3650 5719 Ἐπειδὴ

389 5715 498 5791 γάρ
520 5715 570 5766 oi.
605 5717 864 5791 μακάριοι
884 5717 1169 5791 ’προξρῆται
1194 5715 1466 5791 ὀφθαλμοὶ
1488 5716 1645 5788 ἡμῶν
1678 5715 1945 5791 ἐγένοντο,
1976 5715 2319 5791 προορῶντες
2367 5719 2455 5773 διὰ
2486 5720 2721 5783 πίστεως
2748 5718 2820 5773 τὰ
2850 5716 2944 5791 τοῦ
2983 5717 3159 5791 Λόγου
3197 5715 3477 5791 μυστήρια
3498 5735 3516 5749 ·
3537 5717 3649 5791 τι.νᾲ

402 5760 462 5779 ,η
526 5760 570 5766 --
684 5760 753 5769 η..
798 5760 864 5767 ---
899 5760 928 5765 --
986 5760 995 5764 -
1049 5760 1168 5768 .-η
1200 5760 1220 5767 -
1279 5760 1368 5769 .-..
1417 5760 1505 5770 ν..
1572 5760 1640 5768 η.
1678 5760 1703 5768 ν
1746 5760 1945 5775 -.----,
1983 5760 2017 5767 --
2058 5760 2111 5770 --
2151 5760 2285 5771 ν..-
2368 5760 2455 5773 ν...
2494 5760 2641 5773 ........
2758 5760 2820 5773 ...
2862 5760 2942 5772 η.-
2983 5760 3060 5771 .-ν
3100 5760 3159 5771 η
3245 5760 3359 5771 η..
3421 5760 3477 5772 ..-
3552 5760 3647 5769 ..--

392 5760 573 5857 (άῖινα
602 5760 787 5856 {Sed};
812 5784 906 5839 καὶ
927 5760 1045 5846 ταῖς
1065 5760 1567 5859 Ιμεταγενεσττέραίίς
1600 5760 1812 5856 γενειαῖς
1837 5760 2185 5858 διηκόνιησιῦι,
2208 5790 2270 5843 ού
2290 5760 2468 5859 ’μόνον
2496 5791 2565 5844 τὰ
2598 5760 2968 5862 παρῳχηκότα
2998 5760 3267 5854 εἰπόντὲς,
3462 5788 3561 5842 καὶ
3590 5787 3647 5838 τὰ
