3808 6220
220 331 360 397 3451

1365 334 1662 395 CONTRA
1701 333 2067 395 HERESES
2103 333 2249 393 LIB.
2286 334 2358 396 X.

3358 311 3517 389 3452'

221 440 371 499 οὗτοι
404 443 681 516 προφῆται
701 442 1000 517 κέκληνται
1027 444 1089 498 τὸ
1111 443 1201 498 διὰ
1224 444 1552 517 προφαίνειν
1577 445 1647 499 τὰ
1682 463 1725 516 μη

2021 448 2192 501 vocati
2226 456 2372 510 sum,
2416 446 2541 514 quia
2584 450 3009 515 prmmonstrant
3054 441 3255 494 futura.
3297 437 3500 505 Quibus

228 553 409 595 Αοντα.
438 536 515 609 [p.
546 538 672 593 557.
704 536 857 609 558.]
887 535 984 602 Οἷς
1006 538 1107 609 οὐχ
1138 538 1260 602 ἐνὸς
1283 539 1477 611 καιροῦ
1505 538 1664 607 λόγος
1686 538 1813 606 ἐγέ-

234 647 369 696 νετο,
399 630 534 685 ἀλλὰ
562 630 651 684 διὰ
682 631 872 685 πασῶν
903 629 1107 700 γενεῶν
1156 632 1215 685 αί
1250 632 1362 684 τῶν
1395 632 1813 702 προλεγομένων

231 723 408 791 φωναὶ
452 722 832 777 εὐαπόδεικτοι
884 724 1250 795 παρίσταντο*
1306 723 1407 777 οὐκ
1458 725 1577 777 ἐκεῖ
1628 724 1811 794 μόνον,

154 880 161 887 _
236 814 392 884 ἡνίκα
428 818 540 878 τοῖς
573 816 843 887 παροῦσιν
871 816 1262 887 ἀπεκρίναντο,
1294 815 1431 869 ἀλλά
1461 816 1558 868 καὶ
1582 815 1669 869 διὰ
1702 832 1810 870 πα-

231 903 342 956 σῶν
367 903 571 973 γενεῶν
597 904 666 959 τά
697 906 933 975 ἐσόμενα
972 906 1378 977 προεφήναντοο
1416 904 1505 958 ὁτὲ
1532 906 1552 936 ⁸
1585 906 1685 977 μέν
1707 904 1814 958 τά³

231 997 607 1067 παρῳχημένα
650 997 903 1065 λέγοντες
946 998 1371 1069 ὑπεμίμνησκον
1397 999 1497 1069 τὴν
1529 999 1811 1069 ἀνθρωπό-

232 1104 399 1159 τητα·
426 1089 495 1143 τά
523 1090 581 1143 δὲ
602 1089 876 1144 ἐνεστῶτα
897 1089 1224 1154 δεικνύντες,
1259 1089 1333 1162 μὴ
1364 1090 1631 1162 ῥᾳθυμεῖν
1660 1090 1814 1145 ἐπει-

228 1179 326 1234 θον
345 1197 358 1210 ·
386 1181 456 1235 τὰ
480 1181 537 1235 δὲ
561 1180 823 1252 μέλλοντα
846 1180 1226 1253 προλέγοντες,
1250 1182 1342 1235 τὸν
1368 1181 1513 1236 κατά
1528 1181 1626 1235 ἐνα
1654 1182 1812 1253 ἡμῶν

230 1271 482 1342 ὁρῶντας
532 1274 639 1345 πρὸ
689 1272 889 1327 πολλοῦ
942 1273 1318 1346 προειρημένα
1365 1273 1643 1344 ἐμφόὸους
1680 1272 1814 1329 καθ-

234 1363 401 1419 ίστων
416 1364 459 1429 ’⁵,
490 1365 909 1437 προσδοκῶντας
942 1366 1037 1420 καὶ
1068 1366 1139 1419 τὰ
1193 1365 1479 1437 μέλλοντα.
1514 1366 1755 1437 Τοιαύτη
1777 1367 1812 1437 ἡ

229 1456 357 1511 καθ’
390 1459 538 1528 ἡμᾶς
588 1457 795 1526 πίστις,
845 1451 892 1513 ὦ
926 1458 1128 1521 πάντες
1175 1458 1475 1531 ἄνθρωποι,
1523 1458 1586 1512 οὐ
1636 1461 1812 1522 κενοῖς

235 1554 443 1625 ῥήμασι
474 1553 833 1623 πειθομένων,
858 1554 978 1607 οὐδὲ
1018 1552 1381 1624 σχεδιάσμασι
1422 1553 1648 1620 καρδίας
1689 1569 1813 1605 συν-

238 1644 666 1720 αρπαζομένων,
692 1646 811 1699 οὐδὲ
834 1645 1156 1716 πιθανότητι
1185 1645 1441 1708 εὐεπείας
1460 1644 1636 1713 λόγων
1693 1643 1813 1697 θελ-

231 1739 514 1808 γομένων,
556 1738 694 1793 ἀλλὰ
739 1738 969 1808 δυνάμει
1012 1737 1133 1808 θείᾳ
1179 1736 1363 1807 λόγοις
1417 1736 1810 1807 λελαλημένοις

1916 552 2020 589 ιιοη
2069 534 2230 607 542
2252 566 2277 577 -
2297 533 2458 608 543
2489 549 2592 588 una
2621 544 2782 589 mtate
2814 547 2995 589 sermo
3028 531 3202 587 factus
3233 540 3353 594 est,
3406 530 3501 583 sed

1915 645 2012 699 per
2045 645 2237 683 unmes
2272 628 2651 698 generationes
2680 638 2807 682 ante
2856 626 3124 681 dictorum
3169 638 3333 677 voces
3374 638 3505 677 cun-

1915 723 2118 790 spicuaa
2144 722 2376 775 aderant
2406 738 2419 773 :
2453 735 2559 773 non
2596 731 2706 773 tum
2760 717 2934 773 solum
2962 756 2977 781 ,
3013 716 3232 786 quando
3266 728 3506 784 praesen-

1916 812 2061 866 tibus
2107 810 2544 881 respondebant,
2579 810 2674 865 sed
2720 811 2885 864 etiam
2928 823 3026 880 per
3058 822 3248 863 omnes
3273 820 3506 876 genera-

1919 906 2096 959 tiones
2122 904 2298 957 futura
2332 914 2742 973 prmmonstrata
2785 911 2909 957 sunt
2937 917 2953 954 :
2982 910 3096 955 tum
3120 899 3334 967 quidem
3363 911 3504 958 prae-

1920 997 2075 1052 terita
2101 997 2343 1052 dicentes
2371 998 2422 1051 in
2458 997 2779 1051 memoriam
2815 1009 3005 1050 eorum
3050 993 3385 1048 reducebant
3414 1005 3507 1060 ge—

1916 1107 2020 1146 nus
2051 1093 2394 1146 humanum:
2446 1089 2736 1160 praesentia
2785 1098 2965 1142 autem
3015 1093 3388 1140 monstrantes
3437 1097 3507 1137 ne

1917 1182 2175 1239 incuriosi
2207 1190 2391 1236 essent
2416 1181 2739 1247 suadebant,
2776 1180 2957 1235 futura
2993 1187 3175 1234 autem
3202 1175 3506 1247 praedicen-

1918 1283 1998 1329 tes
2024 1273 2265 1344 singulos
2299 1282 2543 1328 nostrum
2580 1272 2754 1328 oculis
2780 1282 3068 1327 cernentes
3100 1285 3185 1335 ea,
3216 1284 3337 1339 quae
3364 1267 3503 1323 mul-

1918 1374 1974 1419 to
2015 1373 2258 1435 tempore
2294 1372 2420 1420 ante
2450 1363 2709 1433 praedicta
2742 1371 2909 1429 sunt,
2955 1361 3279 1432 perterritos
3317 1360 3507 1415 redde-

1918 1460 2073 1523 bant,
2111 1466 2493 1527 exspectautes
2513 1466 2568 1511 et
2586 1456 2787 1512 futura.
2831 1454 2980 1509 Talis
3013 1464 3195 1509 nostra
3228 1463 3310 1509 est
3350 1453 3505 1518 fides,

1917 1566 1950 1598 ο
1980 1548 2229 1602 homines
2269 1546 2548 1614 universi,
2606 1547 2700 1617 qui
2745 1562 2849 1601 non
2905 1545 3060 1600 vanis
3114 1545 3296 1601 verbis
3346 1545 3506 1599 fidem

1918 1642 2205 1704 habemus,
2224 1655 2399 1711 neque
2416 1640 2697 1696 subitariis
2717 1639 2897 1694 cordis
2925 1640 3162 1695 motibus
3189 1638 3507 1708 abripimur,

1920 1749 2097 1802 neque
2152 1733 2432 1788 blanditiis
2485 1733 2751 1787 facundia:
2806 1748 3125 1788 sermonum
3184 1732 3507 1800 mnlremnr,

230 1834 338 1886 οὐκ
386 1831 781 1887 ἀπειθούντων.
818 1831 928 1884 Καὶ
971 1830 1146 1884 ταῦτα
1182 1829 1318 1894 Θεὸς
1366 1829 1586 1883 ἐκέλευε
1630 1827 1734 1896 Λόγ

2001 1826 2090 1879 Ivi
2132 1825 2310 1879 divina
2344 1825 2525 1878 verbis
2559 1824 2720 1879 dictis
2777 1824 2934 1879 fidem
2985 1839 3090 1879 non
3152 1825 3505 1894 denegamus.

243 1923 303 1977 '0
332 1923 387 1977 δέ
412 1924 583 1993 Λόγος
622 1922 919 1993 ἐφθέγγετο
951 1922 1144 1989 Λέγων,
1188 1920 1255 1973 δι’
1289 1920 1469 1974 αὐτῶν
1494 1919 1515 1950 ⁵
1551 1917 1811 1989 ἐπιστρέ-

232 2032 352 2084 φων
405 2015 497 2067 τὸν
546 2013 834 2085 ἄνθρωπον
880 2015 944 2065 ἐκ
995 2013 1303 2083 παρακοῆς,
1343 2010 1407 2062 οὐ
1437 2010 1529 2081 βία
1566 2009 1814 2077 ἀνάγκης

233 2104 625 2175 δουλαγωγῶν,
655 2106 770 2158 ἀλλ’
800 2105 887 2158 ἐπ’
916 2103 1235 2174 ἐλευθερίαν
1264 2103 1499 2173 ἑκουσίῳ
1547 2101 1813 2172 προαιρέ-

231 2200 354 2250 σει⁶
388 2196 592 2253 καλῶν.
628 2196 831 2249 Τοῦτον
856 2196 946 2249 τὸν
971 2195 1144 2263 Λόγον
1173 2196 1232 2247 ὲν
1264 2193 1514 2264 ὑστέροις
1549 2191 1815 2246 ἀπέστελ-

230 2288 325 2343 λεν
352 2290 381 2343 6
431 2288 641 2359 Πατὴρ,
677 2288 862 2342 οὐκέτι
911 2287 998 2341 διὰ
1023 2287 1306 2357 προφήτου
1358 2285 1560 2351 λαλεῖν,
1589 2284 1651 2339 οὐ
1681 2301 1813 2338 σκο-

227 2381 423 2446 τεινῶς
451 2381 862 2453 κηρυσσόμενον
918 2378 1267 2433 ὑπονοεῖσθαι
1302 2377 1493 2442 θέλων,
1531 2376 1652 2430 ἀλλ’
1684 2376 1815 2431 αὑτ-

228 2475 355 2544 οψεὶ
390 2474 768 2545 φανερωθῆναι
798 2473 988 2527 τοῦτον
1025 2472 1223 2540 λέγων,
1254 2472 1341 2524 ίνα
1363 2472 1383 2503 ⁷
1420 2470 1629 2540 κόσμος
1670 2469 1815 2541 ὁρῶν

226 2567 533 2638 δυσωπηθῇ
564 2567 666 2620 οὐκ
700 2566 1084 2638 ἐντελλόμενον
1121 2566 1212 2619 διὰ
1251 2563 1550 2636 προσώπου
1594 2581 1814 2635 προφη-

232 2659 368 2722 τῶν,
415 2660 536 2713 οὐδέ
570 2659 640 2712 δι’
669 2658 905 2727 ἀγγέλου
948 2656 1219 2726 φοϐοῦντα
1256 2656 1457 2727 ψυχὴν,
1499 2654 1616 2708 ἀλλ’
1651 2654 1815 2708 αὑτὸν

230 2752 482 2824 παρόντα
526 2752 617 2805 τὸν
654 2751 1012 2822 λελαληκότα.
1054 2749 1257 2803 Τοῦτον
1304 2747 1551 2819 ἔγνωμεν
1573 2749 1637 2800 ἐκ
1668 2747 1816 2817 Παρ-

230 2845 391 2901 θένου
426 2844 587 2916 σῶμα
627 2844 961 2915 ἀνειληφότα
1012 2844 1107 2897 καὶ
1137 2842 1229 2895 τὸν
1264 2840 1492 2895 παλαιὸν
1526 2838 1815 2910 ἄνθρωπον

236 2937 330 2990 διὰ
353 2939 546 3007 καινῆς
568 2935 819 2998 πλάσεως
842 2934 1197 3004 πεφορηκότα
1222 2932 1267 2998 ⁸,
1298 2934 1356 2985 ἐν
1392 2930 1492 3001 βίῳ
1515 2929 1605 2983 διὰ
1631 2930 1816 3000 πάσης

228 3027 450 3100 ἡλικίας
478 3026 797 3098 ἐληλυθότα,
830 3025 918 3079 ἵνα
946 3026 1098 3097 πάσῃ
1126 3023 1313 3094 ἡλικίᾳ
1340 3022 1501 3084 αὐτὸς
1525 3021 1688 3091 νόμος
1720 3037 1816 3089 γε-

224 3121 365 3193 νηθῇ
400 3121 496 3175 καὶ
530 3120 732 3173 σκοπὸν
782 3119 878 3173 τὸν
911 3120 1041 3172 ἴδιον
1074 3117 1364 3188 ἄνθρωπον
1402 3116 1569 3168 πᾶσιν
1597 3111 1814 3184 ἀνθρώ-

1916 1917 1987 1971 Ει
2033 1916 2148 1970 baec
2186 1915 2324 1969 Deus
2358 1913 2508 1984 Logo
2542 1914 2862 1983 imperabat.
2898 1913 3076 1985 Logns
3105 1926 3286 1969 autem
3324 1915 3512 1982 loque-

1916 2008 2100 2073 batur,
2126 2023 2223 2078 per
2255 2008 2418 2063 verba
2447 2016 2775 2063 convertens
2800 2008 3073 2063 hominem
3095 2007 3163 2063 ab
3186 2008 3511 2063 inohedicn-

1918 2103 2032 2166 tia,
2086 2114 2191 2155 non
2252 2101 2304 2155 vl
2361 2100 2709 2155 necessitatis
2753 2102 2805 2155 iu
2852 2103 3173 2155 servitutem
3237 2101 3509 2168 redigens,

1915 2193 2009 2247 sed
2040 2194 2107 2247 ad
2137 2192 2443 2247 libertatem
2476 2192 2785 2247 voluntario
2832 2193 3057 2249 consilio
3084 2208 3308 2247 vocans.
3359 2192 3512 2247 llnnc

1919 2285 2126 2357 Logum
2189 2285 2586 2355 posterioribus
2645 2283 2983 2355 temporibus
3047 2286 3292 2338 mittebat
3328 2282 3509 2351 Pater,

1918 2393 2025 2433 non
2068 2377 2302 2448 amplius
2347 2392 2445 2447 per
2476 2377 2796 2446 prophetam
2854 2376 2996 2444 loqui
3053 2391 3228 2445 neque
3278 2376 3512 2431 obscure

1918 2469 2268 2538 praedicatum
2319 2467 2646 2539 subintelligi
2687 2483 2811 2522 eum
2845 2467 3031 2522 volens
3056 2506 3071 2531 ,
3104 2469 3195 2523 secl
3246 2470 3361 2537 ipso
3393 2470 3509 2523 visu

1916 2559 2236 2628 apparuisse
2268 2558 2411 2613 hunc
2443 2558 2587 2624 dico,
2630 2568 2688 2612 ttt
2717 2556 2952 2611 mundus
2983 2573 3106 2610 eum
3136 2558 3324 2614 videns
3357 2575 3514 2612 reve-

1920 2662 2138 2709 reretur
2195 2667 2303 2708 non
2348 2667 2448 2722 per
2501 2652 2799 2724 prophetas
2838 2652 3241 2721 praecipientem
3270 2692 3287 2717 ,
3336 2668 3513 2719 neque

1919 2758 2015 2814 per
2048 2742 2298 2813 angelum
2355 2752 2651 2799 terrentem
2708 2742 2986 2807 animum,
3023 2744 3117 2799 sed
3151 2744 3325 2811 ipsum
3373 2759 3509 2811 prm-

1918 2844 2129 2889 sentem
2164 2834 2257 2904 qui
2290 2834 2504 2891 locutus
2533 2843 2639 2889 est.
2676 2833 2833 2890 Hunc
2887 2835 3241 2903 cOgnovimns
3272 2851 3338 2890 ex
3387 2834 3513 2888 Vir-

1917 2929 2045 2999 gine
2072 2941 2273 2996 corpus
2302 2927 2666 2995 assumpsisse
2704 2936 2760 2980 et
2802 2938 3043 2981 veterem
3092 2926 3366 2981 hominem
3418 2943 3516 2997 ιιι-ι’

1918 3034 2111 3074 novam
2152 3019 2530 3075 formationem
2579 3029 2825 3090 gestasse
2850 3059 2865 3084 ,
2901 3020 2954 3073 in
2988 3020 3092 3072 vita
3126 3034 3223 3089 per
3243 3034 3516 3090 quamque

1918 3123 2138 3168 aetatem
2190 3113 2441 3174 venisse,
2497 3122 2557 3166 ut
2607 3110 2804 3181 cuique
2852 3112 2997 3167 aetati
3056 3112 3173 3181 ipse
3210 3110 3294 3167 lex
3336 3112 3512 3178 ﬁeret,

386 3173 630 3285 ἐπιδείξῃ
661 3212 874 3283 παρὼν,
910 3211 1005 3264 καὶ
1030 3209 1096 3264 δι’
1117 3173 1285 3262 ανέτοῦ
1316 3206 1533 3279 ἐλέγξῃ,
1556 3206 1640 3260 ὅτι
1675 3173 1728 3275 μίτ

2009 3220 2192 3275 amque
2216 3220 2375 3260 suum
2403 3203 2681 3275 proprium
2714 3173 3000 3260 Ibominem
3051 3173 3304 3258 omnibus
3332 3173 3513 3258 homi;

224 3306 483 3377 ἐποίησεν
529 3306 558 3358 6
584 3306 719 3366 Θεὸς
748 3303 1011 3374 πονηρὸν,
1060 3301 1156 3355 καὶ
1184 3301 1260 3364 ὡς
1291 3297 1520 3365 αὑτεξού
1539 3314 1654 3360 σιος
1681 3300 1709 3350 ὁ
1730 3296 1817 3350 ἄν-

227 3399 257 3451 0
264 3415 447 3472 ρωπος
468 3396 607 3468 ἔχων
622 3397 643 3429 ⁹
668 3395 731 3449 τὸ
751 3395 924 3449 θέλειν
949 3393 1042 3448 καὶ
1064 3394 1125 3446 τὸ
1158 3393 1233 3463 μὴ
1264 3390 1461 3456 θέλειν,
1483 3389 1713 3453 δυνατὸς
1736 3387 1814 3441 ὢν

223 3494 285 3545 ἐν
310 3491 669 3561 ἀμφοτέροις·
704 3487 895 3541 τοῦτον
923 3486 1214 3558 ἄνθρωπον
1239 3484 1281 3516 ¹⁰
1311 3484 1470 3552 ῐσμεν
1499 3480 1610 3554 [ἐκ]
1646 3481 1742 3535 τοῦ
1770 3482 1810 3513 ¹¹

222 3582 350 3637 καθ’
387 3583 535 3652 ἡμᾶς
580 3581 905 3651 φυράματος
961 3577 1246 3646 γεγονέναι
1272 3577 1335 3628 ίί.
1388 3575 1451 3627 Εἰ
1495 3574 1607 3646 γὰρ
1639 3574 1714 3644 μὴ
1748 3574 1814 3626 ἐκ

219 3674 320 3727 τοῦ
376 3672 543 3744 αὑτοῦ
590 3670 825 3743 ὑπῆρξε,
876 3670 1056 3741 μάτην
1116 3668 1401 3740 νομοθετεῖ
1432 3666 1475 3698 ²³
1524 3664 1813 3738 μιμεῖσθαι

223 3769 317 3820 τὸν
360 3766 701 3821 διδάσκαλον.
742 3764 805 3818 El
836 3764 946 3834 γάρ
980 3765 1186 3825 ἐκεῖνος
1217 3764 1245 3814 6
1293 3759 1583 3832 ἅνθρωπος
1616 3758 1814 3830 ἐτέρας

222 3860 525 3929 ἐτύγχανεν
573 3856 783 3921 οὐσίας,
838 3854 891 3908 τί
954 3853 1024 3907 τὰ
1071 3855 1236 3924 ὃμοια
1295 3852 1514 3905 κελεύει
1550 3850 1677 3921 ἐμοὶ
1732 3848 1813 3920 τῷ

222 3951 444 4005 ἀσθενεῖ
495 3948 785 4018 πεφυκότι,
838 3947 934 4000 καὶ
971 3945 1089 4008 πῶς
1138 3938 1296 4005 οὗτος
1340 3940 1547 4008 ἀγαθὸς
1603 3940 1699 3993 καὶ
1731 3939 1812 3991 δί-

223 4059 416 4107 natae;
464 4042 579 4095 Ἵνα
604 4040 661 4093 δὲ
698 4039 775 4110 μὴ
816 4038 1004 4111 ἔτερος
1050 4039 1182 4111 παρ’
1226 4039 1379 4108 ἡμᾶς
1419 4037 1681 4109 νομισθῇ,
1716 4037 1813 4091 καὶ

223 4133 303 4207 [p.
340 4133 465 4188 358.
503 4130 652 4203 539.]
685 4132 934 4202 κάματον
983 4132 1268 4203 ὑπέμεινε,
1310 4131 1407 4185 καὶ
1449 4134 1644 4202 πεινῇν
1678 4129 1809 4201 ἠθέ-

223 4230 379 4298 λησε,
405 4226 503 4280 καὶ
527 4226 686 4297 διψῇν
704 4227 749 4258 ιδ
778 4226 877 4279 οὐκ
899 4225 1200 4296 ἠρνήσατο,
1234 4223 1329 4277 καὶ
1357 4222 1511 4293 ὕπνῳ
1532 4222 1807 4293 ἠρέμησε,

1916 3299 2079 3353 nibus
2117 3298 2431 3353 ostenderet
2462 3311 2729 3368 praesens,
2783 3306 2839 3353 et
2875 3310 2971 3367 per
3017 3295 3379 3367 semetipsum
3414 3312 3508 3349 ar-

1919 3399 2117 3457 gueret
2153 3387 2288 3442 nihil
2334 3386 2531 3443 fecisse
2578 3388 2746 3442 Deum
2782 3387 2948 3453 mali,
2989 3401 3047 3442 et
3079 3402 3192 3442 suae
3225 3390 3513 3459 potestatis

1914 3496 2040 3538 esse
2072 3481 2369 3545 hominem,
2429 3480 2521 3549 qui
2577 3481 2752 3551 possit
2791 3479 2930 3534 velle
2980 3490 3037 3536 et
3079 3479 3255 3545 nolle,
3287 3497 3412 3536 cum
3443 3483 3511 3537 ad

1917 3580 2207 3640 utrumque
2254 3571 2467 3637 valeat;
2521 3571 2665 3626 hunc
2701 3571 2976 3626 hominem
3007 3571 3211 3626 scimus
3237 3588 3303 3627 ex
3327 3580 3511 3627 nostra

1918 3680 2096 3718 massa
2128 3665 2332 3718 factum
2364 3679 2507 3720 esse.
2562 3663 2676 3720 Nisi
2720 3665 2865 3719 enim
2912 3679 2981 3719 ex
3034 3666 3224 3721 eadem
3277 3667 3509 3731 exstitit,

1916 3755 2115 3808 frustra
2148 3754 2321 3824 legem
2357 3754 2465 3808 fert
2502 3753 2749 3811 imitandi
2799 3762 3211 3824 praeceptorem.
3258 3754 3314 3809 Si
3362 3756 3510 3808 enim

1917 3844 2007 3901 ille
2039 3845 2203 3901 homo
2231 3845 2372 3902 alius
2419 3844 2558 3901 forte
2604 3852 2727 3901 erat
2772 3846 3133 3910 substantiae,
3179 3860 3278 3900 cur
3313 3845 3510 3900 similia

1916 3936 2153 4007 imperat
2183 3937 2316 3992 mihi
2351 3937 2514 3993 debili
2553 3946 2702 4003 nato,
2752 3946 2807 3992 et
2842 3940 3114 4007 quomodo
3141 3937 3230 3992 hic
3254 3937 3430 3992 bonus
3456 3948 3512 3992 et

1909 4028 2127 4099 justus?
2151 4028 2230 4083 Ne
2248 4038 2432 4083 autem
2459 4020 2711 4084 diverSus
2739 4044 2768 4082 a
2795 4029 2954 4084 nobis
2977 4039 3318 4095 censeretur,
3344 4030 3510 4084 etiam

1915 4122 2155 4177 laborem
2189 4121 2451 4177 sustinuit
2479 4130 2535 4176 et
2558 4119 2764 4194 544-
2788 4121 2951 4194 545
3001 4124 3213 4178 esurire
3244 4122 3415 4177 voluit
3454 4135 3512 4177 et

1915 4214 2071 4269 sitire
2106 4230 2210 4267 nou
2242 4212 2514 4268 recusavit
2550 4222 2606 4266 et
2659 4228 2851 4267 somno
2900 4214 3110 4284 quievit
3159 4225 3216 4269 et
3270 4214 3508 4285 passioui

224 4321 327 4374 καὶ
376 4318 541 4374 πάθει
574 4320 676 4372 οὐκ
707 4319 954 4379 ἀντεῖπε,
985 4318 1080 4370 καὶ
1110 4316 1328 4387 θανάτῳ
1363 4316 1668 4386 ὑπήκουσε,
1714 4332 1728 4368 1

2008 4326 2021 4362 ι
2042 4306 2363 4376 repugnavit
2384 4315 2438 4360 et
2463 4306 2622 4359 morti
2648 4306 3047 4376 obtemperavit
3068 4316 3120 4361 et
3154 4308 3510 4363 resurrectio-

220 4411 521 4467 ἀνάστασιν
546 4409 916 4481 ἐφανέρωσεν,
942 4408 1331 4481 ἀπαρξάμενος
1352 4407 1411 4460 ὲν
1436 4408 1571 4460 πᾶσι
1600 4406 1724 4460 τούτ

2002 4416 2038 4453 ιι
2099 4398 2512 4463 manifestavit,
2563 4408 2822 4468 tanquam
2860 4400 3133 4469 primitias
3164 4399 3400 4457 offerens
3452 4400 3506 4456 in

220 4507 319 4559 τὸν
381 4504 512 4557 ίδιον
568 4504 879 4575 ἄνθρωπον,
933 4502 1023 4555 ἵνα
1059 4503 1123 4555 σὺ
1184 4501 1410 4571 πάσχων
1447 4500 1522 4571 μὴ
1570 4500 1724 4570 ἁθυμι

2025 4492 2281 4546 omnibus
2298 4489 2579 4561 proprium
2600 4506 2758 4546 suum
2792 4491 3091 4557 hominem,
3117 4501 3176 4546 ut
3203 4502 3260 4547 tu
3291 4492 3509 4561 patiens

217 4594 341 4651 ἀλλ’
393 4594 678 4665 ἄνθρωπον
699 4595 743 4625 ¹⁸
798 4592 1024 4645 σεαυτὸν
1070 4591 1372 4662 ὁμολογῶν,
1429 4588 1721 4661 ποοσδοκᾷς

2019 4585 2261 4637 animum
2293 4584 2632 4651 despondeas
2656 4624 2672 4648 ,
2707 4584 2804 4640 sed
2839 4584 3115 4640 hominem
3163 4585 3508 4656 temetipsum

221 4686 323 4740 καὶ
348 4685 412 4739 σὺ
440 4684 469 4738 6
496 4684 673 4739 τούτω
700 4686 979 4754 παρέσχες
1001 4684 1066 4739 ’⁷.

1922 4678 2185 4749 prolitens
2222 4687 2510 4747 exspectes
2540 4686 2597 4731 et
2628 4687 2707 4745 tu,
2753 4693 2876 4748 quae
2905 4679 3032 4734 huic
3051 4677 3365 4734 exhibuisti.

1513 4855 1750 4913 VARIIE
1788 4855 2195 4912 LECTIONES.

224 5036 504 5110 ἐνεστῶτα
534 5036 636 5110 καὶ,
661 5038 730 5089 τὰ
764 5036 1033 5110 μέλλοντα
1049 5034 1495 5110 ἀπαγγείλαντες
1520 5031 1794 5110 (εἷπον-
1816 5036 2165 5110 ἀπήγγειλαν
2198 5032 2507 5110 (ξιιίιιαηυῃ)
2538 5038 2843 5110 tusc.),_.va
2873 5038 2950 5110 μὴ
2981 5039 3142 5110 μόνον
3171 5040 3509 5110 πρόσκαιρος

220 5103 370 5163 εἶναι
397 5103 980 5188 όῌπροίφῄτςηςςδειχθῇ,
1010 5107 1150 5188 ἀλλά
1177 5107 1273 5188 καί
1300 5107 1507 5188 πάσαις
1532 5103 1751 5188 γενεαῖς
1771 5103 2054 5188 προλέγων
2070 5106 2143 5188 ςεά
2166 5105 2431 5188 μέλλοντα
2451 5103 2792 5188 ἀληθῶς’(,ὼς
2822 5103 3016 5188 ιοὸόξιξ)
3046 5103 3334 5188 προφῄὶτης
3362 5103 3504 5166 εἶναί

222 5175 518 5248 νομισθῖμ
561 5175 798 5232 ’ότέἨ.
835 5175 1076 5241 smnus,
1111 5177 1194 5230 ὅτι
1227 5178 1289 5241 C,
1322 5175 1397 5233 Μ.
1439 5177 1771 5238 Bnnseuius,
1807 5175 1888 5229 ἔτι
1915 5175 2406 5231 Wordsworthius.
2484 5178 2505 5208 ³
2535 5177 2635 5247 μὲν
2660 5177 2748 5229 τά.
2776 5176 2846 5230 τὰ
2888 5175 3004 5247 μὲν
3024 5175 3178 5246 susp;
3202 5175 3502 5250 Roeperns.

225 5251 247 5282 ⁸
273 5247 547 5302 καθιστῶν
572 5248 633 5303 C.
710 5250 732 5280 ⁸
757 5249 952 5314 λέγων,
986 5248 1056 5300 δι’
1090 5247 1291 5301 αὐτῶν.
1322 5247 1391 5298 δι’
1426 5247 1607 5300 αὐτῶν
1634 5246 1743 5300 τῶν
1771 5246 1946 5314 λόγων
1991 5246 2316 5302 Bunsenius.
2339 5246 2513 5313 λέγων
2538 5288 2552 5310 ,
2581 5247 2671 5301 διὰ
2698 5246 2871 5314 λόγων
2890 5250 2915 5302 ?
3017 5250 3038 5282 °
3072 5250 3161 5303 ἐπ’
3192 5251 3502 5314 ἐλευθερίαν

225 5263 247 5282 ⁸
273 5263 547 5302 καυιστων
572 5263 633 5303 υ.
710 5263 732 5280 υ
758 5263 952 5317 Λεγων,
986 5263 1056 5300 or."
1090 5263 1291 5301 αυτων.
1322 5263 1389 5298 οιν
1426 5263 1607 5300 αυτων
1634 5264 1743 5300 των
1772 5263 1946 5314 Λογων
1991 5263 2316 5302 υιιιιδθηιιιε.
2340 5263 2513 5313 Αεγων
2538 5288 2552 5310 ,
2581 5263 2671 5301 οια
2698 5263 2871 5315 Αογων
2892 5263 2915 5302 ι
3017 5263 3038 5282 υ
3072 5263 3161 5303 επ
3192 5263 3508 5323 ἐλευθερίαν

222 5318 459 5388 ἑκουσίῳ
486 5319 806 5391 προαιρέσει
857 5318 956 5391 lia
988 5320 1230 5391 Scottus,
1258 5333 1417 5386 quem
1473 5328 1690 5391 secutus
1724 5330 1811 5391 cst
1849 5318 2151 5391 But-senius
2173 5316 2309 5391 ,ᾐέπξ
2356 5317 2639 5391 ἐλευθερία
2671 5318 2925 5391 ἑκουσίῳ,
2961 5322 3283 5391 προαιρέσει
3325 5321 3385 5385 C.
3431 5324 3503 5377 M.

221 5393 241 5422 ’
280 5386 669 5468 φανερωθῆναι
693 5389 882 5468 τοῦτον
902 5389 1098 5468 λέγων,
1136 5389 1245 5468 ἵνα.
1264 5388 1693 5468 ,φανερωθῆναιο
1720 5389 1927 5451 τοῦτον,
1966 5388 2127 5468 λέγω,
2147 5386 2533 5468 λάπέστελλεν
2552 5388 2587 5468 J‘
2611 5388 2696 5441 ἵνα
2734 5386 3043 5468 [ξυηέθιιὶυέ
3078 5386 3227 5468 (εςιι.
3246 5390 3502 5468 __Scot_tus,

220 5457 611 5531 φανερωθῆναι
642 5459 829 5513 τοῦτον
862 5460 1027 5528 λέγω,
1060 5459 1189 5512 't'va?
1263 5458 1285 5490 ⁸
1311 5457 1685 5528 πεφορηκότα.
1714 5458 2109 5530 πεφυρηκόταῗ
2145 5457 2434 5525 sauppius.
2509 5460 2529 5489 ν
2553 5457 2722 5528 έχων.
2756 5458 2855 5530 έχῃ
2902 5476 3051 5531 susp.
3091 5461 3163 5516 Μ.
3243 5463 3287 5493 ¹⁰
3312 5462 3506 5517 τοῦτον

220 5529 534 5587 ἄνθρωπον.
562 5525 623 5585 οὗ
648 5531 739 5583 τὸν
759 5530 1048 5587 ἄνθρωπον
1081 5531 1143 5587 C.
1173 5529 1336 5583 αὑτὸν
1368 5528 1655 5587 ἄνθρωπον
1704 5531 2004 5587 Roeuerus.
2052 5529 2170 5581 υἱὸν
2221 5526 2511 5587 ἀνθρώπου
2555 5530 2699 5587 coni.
2736 5528 2802 5583 Β.
2831 5531 3051 5586 Scottus
3175 5531 3215 5563 “
3250 5534 3413 5587 ῖσμεν
3440 5537 3506 5587 ἐκ

219 5529 534 5599 ἄνθρωπον.
562 5529 623 5585 οὗ
648 5531 739 5583 τὸν
759 5530 1048 5599 ἄνθρωπον
1081 5531 1143 5593 C,
1173 5529 1336 5583 αὑτὸν
1368 5529 1655 5608 ἄνθρωπον
1704 5529 2004 5600 Roeperus,
2052 5529 2170 5581 υἱὸν
2221 5529 2511 5598 ἀνθρώπου
2555 5530 2699 5599 conj.
2736 5529 2802 5583 Β.
2831 5529 3051 5586 Scottus
3175 5531 3215 5563 “
3250 5534 3413 5604 ῖσμεν
3440 5537 3508 5588 ἐκ

218 5600 325 5655 τοῦ
361 5600 689 5672 Bnnseuius,
718 5604 798 5665 εἰς
828 5602 927 5672 μὲν
954 5599 1047 5653 τοῦ
1071 5601 1133 5663 C,
1166 5604 1230 5672 ἐκ
1264 5599 1371 5672 μὲν
1386 5616 1479 5651 του
1513 5598 1585 5672 Μ,
1616 5600 1934 5672 lioeperns._
1994 5600 2036 5632 ¹²
2064 5597 2378 5672 γεγονέναι.
2405 5597 2764 5672 Latinismus,
2788 5600 2899 5672 nisi
2921 5603 3117 5658 scriba:
3146 5600 3376 5658 debetur
3408 5621 3506 5669 pro

217 5670 513 5756 γεγονότα.
548 5667 870 5756 βιιηεοηὶμὲ.
1032 5667 1331 5756 νομοθετεξ
1357 5670 1689 5756 ἐνομοθέτει.
1703 5667 1848 5756 susp.
2060 5668 2308 5755 “'Sttlaﬁv.
2339 5667 2514 5756 διψεῖν
2543 5670 2605 5725 C.
2662 5740 2675 5756 '
2714 5672 2757 5701 ’³
2788 5670 3096 5756 ἄνθρωπον.
3128 5667 3505 5756 ἁμάνθρωπον

218 5739 372 5808 conj.
413 5739 893 5863 gordsworthius.
971 5743 1015 5774 ¹⁶
1053 5739 1381 5813 προσδοκᾷς.
1413 5739 1729 5810 προσδοκῶν
1757 5741 1817 5795 (Σ.
1898 5742 1940 5772 ¹⁷
1983 5740 2280 5809 παρέσχες.
2317 5740 2501 5810 πατὴρ
2532 5740 2809 5813 παρέσχεν
2850 5739 3187 5812 Bnnseuius,
3234 5739 3503 5817 παρέστω

220 5827 382 5879 susp.
460 5827 711 5881 ocpcrns.
