4078 6312
497 337 561 390 EG
568 337 629 389 [ll

1629 334 1857 389 CUDEX
1900 323 2690 388 SYIilACO-llEXAI’LARIS.

3612 332 3760 387 2692

941 725 1468 854 CODEX
1532 713 3314 855 SYRIACO-HEXAPLARIS

1500 1002 2736 1070 AMBROSIANO-MEDIOLANENSIS.

1376 1371 2080 1466 PROPHETIA
2133 1330 2884 1461 HEZEClELlS.

2075 1613 2150 1631 ι’.-

566 1771 696 1840 Cap.
735 1765 851 1835 1,1.
877 1767 945 1821 Ει
964 1765 1168 1821 factum
1188 1766 1338 1822 estin
1359 1783 1502 1822 anno
1520 1767 1801 1837 trigesimo
1821 1767 1873 1820 in
1893 1779 2080 1820 mense
2110 1769 2156 1826 Α
2184 1780 2316 1821 ecce
2347 1777 2465 1822 rota
2508 1784 2614 1822 una
2655 1783 2820 1838 super
2869 1776 3032 1834 terra,
3085 1763 3385 1837 propinqua
3428 1768 3755 1824 animalibus

497 1873 712 1934 quarto.
743 1860 935 1930 quinto
967 1858 1192 1923 mensis,
1225 1857 1300 1930 (ιι)
1339 1867 1392 1912 et
1431 1873 1533 1929 ego
1568 1873 1637 1913 αξη
1664 1873 1783 1914 sum
1823 1858 1845 1927 1
1886 1855 1964 1912 fui
2017 1857 2070 1909 in

495 1953 673 2008 medio
706 1949 1036 2019 captivitatis
1068 1963 1230 2017 super
1259 1948 1482 2002 fluvium
1526 1948 1766 2012 Chobar,
1799 1960 1851 2002 et
1893 1948 2070 2016 aperti

494 2025 623 2097 sunt
650 2042 795 2103 cet-li,
829 2049 884 2094 et
914 2039 1024 2092 vidi
1066 2039 1304 2093 visiones
1337 2037 1457 2099 Dei.
1487 2038 1544 2092 2.
1575 2039 1767 2108 quinto
1819 2038 2022 2093 mensis
2055 2057 2068 2092 :

495 2135 584 2187 hic
638 2146 813 2186 annus
866 2130 1092 2200 quintus
1138 2129 1472 2199 captivitatis
1515 2130 1659 2200 regis
1709 2129 1960 2184 Joacim:
2017 2138 2072 2183 et

497 2225 698 2279 factum
740 2233 823 2278 est
865 2221 1097 2276 verbum
1137 2220 1356 2274 Domini
1391 2221 1457 2274 ad
1504 2219 1840 2276 llezecielem
1900 2222 2070 2274 lilium

495 2315 648 2379 Buzi,
685 2312 1022 2368 sacerdotem
1060 2309 1114 2364 in
1167 2317 1308 2363 terra
1339 2308 1720 2364 Chaldaeorum
1768 2324 1934 2378 super
1966 2307 2070 2363 llu-

494 2409 642 2459 vium
693 2403 931 2459 Chobar.
969 2403 1024 2456 5.
1073 2400 1140 2455 Et
1184 2399 1324 2455 facta
1373 2406 1457 2454 est
1506 2414 1669 2469 super
1711 2415 1797 2453 me
1834 2402 1901 2467 χ(
1934 2400 2005 2454 ibi
2045 2400 2067 2469 1

495 2514 692 2554 manus
719 2496 957 2558 Domini,
983 2495 1038 2548 4.
1076 2492 1149 2563 (b)
1180 2500 1234 2546 et
1264 2491 1397 2554 vidi,
1418 2500 1474 2546 et
1495 2505 1622 2545 ecce
1645 2491 1869 2560 spiritus
1904 2493 1973 2560 )t(
1997 2491 2070 2561 (c)

499 2589 711 2645 Domini
753 2589 776 2658 1
822 2586 1016 2640 tollens
1060 2583 1314 2640 veniebat
1361 2583 1430 2637 ab
1473 2582 1760 2652 aquilone,
1810 2592 1865 2636 et
1897 2583 2072 2636 nubes

497 2697 692 2752 magna
723 2681 776 2733 in
804 2694 890 2744 eo,
923 2686 977 2732 et
1012 2673 1272 2744 splendor
1316 2674 1465 2728 circa
1495 2688 1642 2736 eunt,
1697 2679 1750 2727 et
1788 2671 1929 2741 ignis
1965 2671 2070 2726 ful-

495 2789 750 2845 gurans:
787 2779 839 2824 et
892 2772 947 2823 ih
1006 2767 1186 2822 medio
1237 2766 1358 2836 ejus
1394 2764 1551 2835 quasi
1598 2763 1735 2818 visio
1780 2762 1967 2818 electri
2015 2761 2071 2815 in

495 2864 678 2919 medio
713 2861 888 2932 ignis,
934 2868 989 2914 et
1034 2856 1290 2927 splendor
1341 2856 1395 2909 in
1435 2870 1520 2910 eo.
1573 2854 1624 2910 5.
1676 2853 1744 2907 Et
1795 2853 1849 2906 in
1892 2853 2073 2908 medio

496 2957 654 3026 quasi
691 2951 994 3008 similitudo
1019 2959 1260 3022 quatuor
1293 2949 1650 3003 animalium:
1683 2958 1738 3002 et
1785 2948 1901 3002 haac
1930 2946 2072 3001 visio

497 3064 712 3112 eorum,
746 3047 888 3102 sicut
929 3043 1232 3100 similitudo
1281 3040 1516 3096 hominis
1563 3056 1726 3111 super
1769 3040 1869 3094 eis.
1913 3039 1965 3094 6.
2007 3037 2074 3093 Et

2180 1867 2418 1927 quatuor
2445 1859 2596 1929 ipsis.
2630 1861 2714 1914 16.
2747 1859 2812 1914 Et
2835 1859 3125 1928 adspectus
3156 1868 3421 1925 rotarum,
3446 1862 3514 1930 ῖς(
3538 1869 3589 1914 et
3617 1875 3758 1930 opus

2179 1964 2367 2003 earum
2409 1952 2431 2020 1
2477 1953 2615 2006 sicut
2662 1951 2950 2021 adspectus
3000 1951 3063 2022 (ἱ)
3097 1951 3318 2016 tharsis,
3361 1961 3414 2006 et
3454 1953 3759 2006 similitudo

2180 2056 2286 2093 una
2337 2052 2571 2110 quatuor
2619 2043 2792 2112 ipsis:
2828 2046 2974 2112 κει
3000 2043 3140 2098 visio
3184 2058 3370 2098 earum
3421 2044 3468 2113 1,
3509 2053 3565 2098 et
3615 2059 3760 2112 opus

2177 2147 2367 2186 earum
2409 2143 2545 2197 erat,
2595 2133 2754 2204 quasi
2796 2143 2941 2189 esset
3003 2143 3120 2187 rota
3176 2134 3230 2188 in
3272 2143 3409 2188 rota.
3449 2135 3534 2188 17.
3574 2133 3758 2205 Super

2179 2232 2417 2293 quatuor
2443 2235 2623 2294 partes
2653 2240 2866 2290 eorum,
2905 2226 2968 2292 )af
3007 2241 3131 2279 cum
3160 2226 3302 2279 ircut
3333 2227 3380 2294 1,
3413 2225 3559 2281 ibant
3591 2245 3604 2280 :
3642 2243 3758 2281 non

2179 2316 2610 2382 revertebantur,
2646 2331 2768 2371 cum
2798 2316 2962 2380 irent,
2999 2317 3086 2371 18.
3129 2332 3306 2386 neque
3335 2317 3498 2372 dorsa
3539 2333 3757 2383 earum,

2179 2403 2253 2476 (Ic)
2287 2414 2339 2459 et
2378 2405 2608 2460 altitudo
2640 2415 2759 2460 erat
2786 2407 2886 2461 eis.
2920 2405 2987 2460 Et
3015 2406 3122 2460 vidi
3152 2421 3244 2472 ea,
3281 2417 3334 2462 et
3368 2408 3529 2462 dorsa
3561 2424 3756 2464 earutn

2178 2495 2340 2564 plena
2381 2497 2552 2551 oculis
2577 2497 2933 2553 circumcirca
2963 2507 3198 2568 quatuor
3228 2499 3381 2569 ipsis.
3414 2500 3502 2555 19.
3531 2500 3596 2553 Et
3626 2515 3757 2554 cum

2181 2588 2324 2641 irent
2360 2588 2642 2653 animalia,
2680 2589 2831 2643 ibant
2863 2599 2994 2644 rotae
3017 2589 3172 2658 juxta
3207 2605 3270 2644 ea
3298 2612 3310 2646 :
3345 2601 3399 2646 et
3428 2607 3552 2646 cum
3575 2593 3760 2647 eleva-

2179 2689 2370 2732 rentur
2396 2679 2654 2732 animalia
2697 2678 2764 2733 de
2797 2688 2961 2745 terra,
2986 2680 3338 2734 elevabantur
3365 2690 3517 2736 rotae.
3547 2683 3637 2735 20.
3677 2682 3743 2751 (ι)

2182 2769 2528 2840 Ubicumque
2574 2782 2692 2825 erat
2735 2771 2928 2833 nubes,
2977 2771 3108 2826 illuc
3140 2772 3252 2825 ibat
3286 2773 3554 2841 spiritus:
3602 2773 3757 2826 ibant

2179 2863 2460 2927 animalia,
2495 2871 2549 2918 et
2597 2873 2764 2930 rotaa,
2825 2873 2879 2918 et
2908 2864 3265 2918 elevabantur
3294 2880 3419 2920 cum
3456 2864 3578 2932 eis;
3623 2867 3753 2936 quia

2181 2954 2408 3024 spiritus
2445 2956 2565 3010 vitae
2602 2955 2658 3009 in
2695 2956 2852 3010 rotis.
2877 2956 2967 3010 21.
2994 2955 3130 3012 Cum
3160 2957 3322 3022 irent,
3353 2957 3522 3021 ibant,
3552 2968 3753 3013 etcum

2181 3051 2408 3108 starent,
2441 3045 2678 3109 stabant,
2712 3054 2766 3099 et
2799 3060 2924 3100 cum
2954 3045 3301 3100 elevarentur
3329 3047 3396 3102 de
3445 3055 3610 3114 terra,
3637 3048 3753 3102 elc-

497 3150 735 3211 quatuor
753 3138 928 3194 facies
958 3137 1072 3200 uni,
1099 3143 1153 3188 et
1171 3146 1411 3205 quatuor
1442 3134 1540 3188 alte
1573 3134 1664 3188 uni
1691 3135 1759 3202 Ἀ(
1798 3146 1864 3187 ex
1891 3131 1970 3186 eis
2003 3130 2026 3198 1
2053 3149 2067 3185 :
2104 3123 2150 3184 Β
2181 3136 2451 3190 vabantur
2483 3139 2551 3205 Χ
2597 3145 2732 3191 rotae
2764 3137 2787 3204 1
2849 3152 2974 3191 cum
3012 3138 3092 3192 eis
3120 3156 3134 3204 ;
3189 3139 3315 3208 quia
3350 3139 3573 3208 spiritus
3630 3141 3755 3196 vita

499 3233 547 3286 7.
579 3241 627 3286 cl
662 3245 823 3286 crura
857 3243 1046 3283 eorum
1076 3229 1140 3293 >ε<
1172 3240 1332 3281 crura
1361 3224 1382 3292 1
1415 3231 1585 3286 recta,
1611 3230 1665 3276 et
1694 3221 1855 3290 pedes
1885 3235 2072 3276 eorum

495 3326 644 3390 alati,
671 3328 738 3392 χ(
763 3324 906 3377 sicut
931 3319 1148 3390 ungula:
1173 3317 1312 3372 tauri
1347 3318 1394 3385 1,
1426 3315 1504 3386 (ά)
1537 3324 1591 3369 et
1619 3312 1886 3379 scintillae,
1916 3310 2072 3382 quasi

494 3431 570 3469 aes
622 3416 941 3481 fulgurans;
995 3420 1050 3465 et
1083 3410 1242 3464 leves
1283 3407 1383 3462 alae
1434 3421 1642 3470 eorum,
1679 3403 1734 3459 8.
1780 3413 1835 3458 et
1877 3417 2076 3457 manus

496 3507 736 3562 hominis
765 3505 868 3560 sub
901 3504 1003 3556 alis
1029 3515 1220 3557 eorum
1269 3513 1433 3567 super
1461 3505 1696 3566 quatuor
1749 3505 1933 3564 partes
1977 3509 2074 3549 eo-

498 3613 657 3650 rum:
689 3594 934 3648 etfacies
975 3606 1188 3653 eorum,
1227 3592 1295 3657 χ(
1322 3599 1374 3643 et
1401 3589 1499 3642 ala:
1543 3601 1732 3642 eorum
1775 3588 1798 3656 1
1841 3595 2076 3656 quatuor

498 3689 742 3756 ipsorum
775 3685 828 3738 9.
867 3682 1186 3751 propinqua:
1205 3695 1323 3732 una
1353 3678 1530 3744 alteri,
1559 3682 1625 3746 κ(
1657 3676 1728 3748 (c)
1754 3687 1807 3732 et
1836 3678 1934 3732 ala:
1977 3692 2072 3733 eo-

497 3793 621 3832 rum
661 3775 684 3843 1
725 3790 832 3827 non
872 3771 1304 3836 revertebantur,
1334 3784 1459 3823 cum
1492 3769 1842 3824 incederent:
1875 3785 2075 3824 unum-

495 3869 755 3939 quodque
811 3881 876 3918 ει
919 3863 998 3917 eis
1050 3871 1177 3916 ante
1212 3859 1405 3914 faciem
1459 3875 1614 3915 suam
1662 3859 1832 3914 ibant.
1885 3859 1972 3915 10.
2006 3860 2074 3914 Ει

497 3959 800 4015 similitudo
820 3955 1082 4010 facierum
1107 3969 1319 4018 eorum,
1344 3951 1509 4008 facies
1537 3954 1796 4020 hominis,
1825 3964 1878 4010 et
1905 3954 2072 4010 facies

497 4053 674 4108 leonis
707 4067 737 4106 a
771 4051 961 4104 dextra
1010 4055 1246 4118 quatuor
1281 4045 1368 4108 iis,
1401 4055 1456 4100 et
1501 4044 1667 4100 facies
1703 4047 1842 4100 tauri
1873 4063 1904 4100 a
1938 4048 2074 4102 sini-

495 4161 607 4202 stra
639 4155 876 4216 quatuor
907 4143 996 4208 iis,
1039 4151 1096 4196 et
1122 4140 1289 4195 facies
1321 4139 1516 4206 aquilae.
1573 4147 1809 4208 quatuor
1864 4139 1950 4193 iis.
1982 4139 2068 4193 11.

498 4243 566 4310 (Ῑ)
601 4238 667 4290 Ει
698 4237 864 4290 facies
896 4249 1110 4298 eorum,
1138 4241 1193 4288 et
1220 4231 1319 4286 ala:
1347 4246 1533 4286 eorum
1558 4240 1796 4284 extensa:
1839 4231 2071 4298 desuper

495 4339 732 4400 quatuor
759 4327 845 4393 iis;
876 4325 1171 4395 unicuique
1199 4323 1322 4377 duae
1347 4320 1510 4376 simul
1536 4319 1740 4390 juncta:
1787 4318 1854 4373 ad
1894 4334 1954 4374 se
1986 4319 2072 4372 in-

497 4423 698 4483 vicem,
723 4427 777 4472 et
804 4419 925 4471 duae
957 4417 1209 4485 tegebant
1242 4427 1407 4483 super
1430 4426 1632 4480 corpus
1659 4425 1873 4476 eorum,
1905 4411 1993 4463 12.
2015 4418 2071 4464 et

496 4473 933 4578 unumquodque
959 4473 1135 4560 caveis
1169 4473 1356 4559 coram
1386 4501 1525 4557 facie
1557 4515 1655 4558 sua
1713 4501 1823 4555 ibat
1851 4519 1864 4554 :
1926 4515 2068 4570 quo-
2097 4473 2142 4534 ο

493 4617 728 4672 cumque
759 4601 870 4654 ibat
897 4598 1143 4666 spiritus,
1171 4597 1344 4660 ibant,
1386 4602 1442 4647 et
1476 4608 1582 4647 non
1641 4593 2066 4658 revertebantur,

494 4701 562 4764 Χ
588 4711 714 4751 cum
764 4694 905 4746 irent
936 4689 1101 4759 1.13.
1143 4687 1207 4741 Et
1241 4688 1295 4740 in
1347 4685 1525 4740 medio
1569 4685 1888 4738 animalium
1935 4685 2071 4738 visio

493 4789 650 4858 quasi
700 4784 1002 4840 carbonum
1055 4779 1196 4850 ignis
1237 4776 1568 4839 ardentium,
1611 4777 1685 4846 (g)
1721 4777 1880 4845 quasi
1931 4776 2069 4830 visio

495 4879 803 4950 lampadum
851 4878 919 4942 )t(
952 4882 1035 4927 est
1085 4871 1108 4938 1
1154 4885 1213 4924 se
1242 4869 1730 4938 circumagentium
1785 4868 1838 4921 in
1890 4868 2070 4922 medio

493 4971 838 5034 animalium,
868 4975 923 5021 et
953 4962 1214 5036 splendor
1242 4960 1404 5030 ignis,
1449 4968 1503 5014 et
1537 4974 1605 5013 ex
1645 4962 1768 5030 igne
1823 4959 2066 5028 egredie-

491 5066 650 5121 batur
680 5063 819 5116 sicut
856 5059 1075 5128 fulgur:
1119 5054 1206 5108 14.
1242 5057 1310 5122 χ(
1359 5060 1413 5106 et
1445 5051 1704 5106 animalia
1745 5050 2061 5114 currebant,

490 5168 544 5214 et
570 5157 838 5215 redibant,
869 5151 944 5222 (h)
975 5149 1118 5205 sicut
1162 5147 1302 5202 visio
1346 5145 1518 5201 Bezec
1553 5144 1602 5213 1.
1642 5145 1728 5198 15.
1759 5145 1822 5198 Ει
1847 5144 1977 5211 vidi,
2015 5154 2068 5202 et

2179 3235 2294 3280 erat
2334 3226 2388 3279 in
2423 3226 2579 3280 rotis.
2613 3225 2703 3278 22.
2739 3224 2804 3278 Ει
2826 3225 3126 3280 similitudo
3151 3243 3315 3295 super
3340 3228 3603 3296 eaputeis
3633 3228 3756 3281 ani-

2177 3318 2406 3373 malium
2439 3317 2598 3388 quasi
2629 3317 3058 3381 firmamentum,
3093 3317 3250 3386 quasi
3287 3317 3580 3386 adSpectus
3624 3332 3747 3388 cry-

2177 3409 2322 3463 stalli
2357 3408 2638 3471 terribilis,
2671 3417 2952 3462 extensum
3005 3423 3169 3476 super
3209 3409 3324 3462 alas
3364 3423 3554 3463 eorum
3584 3409 3751 3464 desu-

2177 3515 2310 3569 per:
2352 3499 2443 3553 23.
2495 3508 2550 3552 et
2576 3500 2678 3553 suh
2727 3499 3072 3552 ﬁrmamento
3111 3497 3210 3552 alae
3257 3512 3448 3552 eorum
3489 3508 3749 3566 extensae,

2177 3588 2427 3643 volantes
2451 3588 2619 3642 altera
2647 3586 2803 3642 alteri
2831 3605 2842 3640 :
2870 3587 3164 3658 unicuique
3191 3587 3312 3643 dua:
3361 3589 3526 3644 simul
3555 3590 3749 3644 obvol-

2175 3691 2386 3744 ventes,
2417 3673 2768 3734 obvolventes
2811 3693 3043 3748 corpora
3076 3695 3286 3746 eorum,
3322 3682 3392 3750 λ(
3419 3690 3475 3735 et
3500 3681 3621 3737 duae
3666 3693 3751 3738 te--

2175 3781 2362 3844 gentes
2412 3770 2519 3826 sibi
2562 3784 2792 3838 corpora
2839 3785 2937 3824 sua
2977 3769 3023 3836 1.
3067 3770 3156 3825 21.
3205 3769 3273 3825 Ει
3319 3773 3501 3827 audivi
3555 3788 3748 3830 vocem

2175 3865 2384 3919 alarum
2417 3877 2633 3926 eorum,
2687 3861 2842 3931 quasi
2893 3876 3078 3915 vocem
3132 3877 3288 3932 aqua:
3323 3865 3527 3929 multae,
3585 3867 3744 3935 quasi

2173 3971 2364 4010 vocem
2390 3954 2488 4026 (nt)
2538 3953 2896 4008 sufﬁcientis:
2946 3968 3068 4007 eum
3117 3954 3277 4019 irent,
3327 3971 3431 4010 vox
3477 3959 3750 4013 sermonis

2175 4047 2333 4118 quasi
2377 4061 2483 4100 vox
2539 4053 2871 4108 castrorum,
2914 4053 2967 4096 et
2998 4059 3120 4097 cum
3168 4055 3401 4112 starent,
3455 4050 3745 4104 cessabant

2173 4139 2274 4192 ala:
2305 4152 2518 4192 eorum.
2559 4135 2651 4189 25.
2692 4137 2770 4206 (η)
2804 4130 2869 4184 El
2923 4146 3050 4186 ecce
3085 4147 3185 4187 vox
3238 4153 3400 4209 super
3435 4141 3749 4196 firmamen-

2174 4236 2314 4293 tum,
2345 4227 2488 4298 quod
2517 4236 2634 4283 erat
2663 4241 2826 4296 super
2849 4246 3010 4303 caput
3035 4247 3248 4295 eorum,
3272 4235 3339 4301 χ(
3364 4247 3489 4286 eum
3515 4244 3743 4296 starent,

2173 4323 2468 4376 cessabant
2509 4321 2612 4375 alae.
2647 4337 2860 4387 eorum,
2896 4324 2987 4382 26.
3037 4336 3090 4380 et
3121 4340 3286 4394 super
3317 4324 3743 4389 firmamentum,

2175 4414 2320 4484 quod
2353 4429 2517 4484 super
2535 4425 2701 4484 caput
2729 4431 2917 4470 eorum
2946 4419 2991 4487 1,
3025 4417 3184 4487 quasi
3225 4416 3514 4485 adspectus
3551 4416 3747 4484 lapidis

2174 4507 2405 4575 saphiri,
2448 4507 2754 4561 similitudo
2783 4509 2961 4563 throni
2990 4525 3154 4578 super
3184 4524 3269 4574 eo,
3302 4519 3355 4563 et
3395 4524 3558 4578 super
3591 4509 3746 4562 simi-

2169 4597 2400 4651 litudine
2439 4599 2618 4652 throni
2651 4600 2951 4654 similitudo
2982 4602 3138 4670 quasi
3171 4601 3461 4670 adspectus
3504 4601 3741 4654 hominis

2169 4687 2420 4757 desuper.
2457 4687 2548 4740 2'7.
2609 4688 2672 4741 Et
2722 4689 2828 4742 vidi
2865 4691 3020 4758 quasi
3057 4691 3369 4759 adspeetum
3419 4691 3624 4754 electri,
3677 4693 3744 4758 χ

2171 4780 2328 4848 quasi
2355 4779 2674 4848 adspeetum
2722 4781 2863 4850 ignis
2896 4783 2962 4848 Βι(
2999 4781 3329 4836 intrinsecus
3359 4783 3476 4851 ejus
3505 4773 3747 4838 Circum-

2171 4869 2316 4924 circa
2357 4869 2381 4938 1
2431 4885 2460 4924 a
2511 4871 2719 4924 visione
2775 4872 2966 4935 lumbi,
3011 4883 3062 4926 et
3111 4888 3316 4941 supra:
3357 4882 3416 4926 et
3455 4890 3485 4926 a
3533 4874 3746 4928 visione

2175 4960 2366 5026 lumbi,
2415 4971 2470 5016 et
2517 4977 2690 5032 usque
2724 4963 2980 5018 deorsum
3017 4964 3124 5018 vidi
3184 4963 3448 5018 visionem
3498 4964 3660 5034 ignis,
3693 4974 3747 5020 et

2173 5054 2428 5124 splendor
2459 5054 2577 5123 ejus
2619 5055 2997 5116 circumcirca,
3035 5057 3123 5110 28.
3184 5058 3325 5112 sicut
3369 5057 3506 5110 visio
3558 5071 3742 5122 arcus,

2177 5145 2396 5216 quando
2446 5145 2612 5200 fuerit
2673 5147 2724 5200 in
2757 5149 2903 5201 nube
2955 5150 3007 5200 in
3049 5149 3136 5202 die
3196 5149 3407 5217 pluvia),
3457 5148 3536 5202 sic
3583 5149 3746 5202 statio
3799 5211 3804 5219 ι

562 5272 638 5340 (a)
713 5270 798 5332 8.,
833 5283 956 5340 cum
991 5280 1168 5340 essem
1202 5265 1255 5317 in
1285 5261 1694 5340 demigratione.
1739 5260 1815 5330 (b)
1843 5261 1928 5340 8.,
1968 5263 2078 5316 vidi
2110 5279 2243 5340 vero
2269 5264 2412 5340 sicut
2432 5263 2629 5340 Illatum
2659 5265 3042 5332 procellosum.
3077 5265 3151 5340 (ej
3192 5262 3324 5317 Heb.
3370 5263 3611 5340 Domini.
3660 5264 3740 5333 (τι)

491 5332 580 5403 δ.;
607 5332 659 5394 et
700 5339 1066 5410 lulgurabant,
1109 5337 1249 5410 sicut
1278 5340 1536 5410 aspectus
1569 5332 1782 5410 lamina:
1825 5333 2004 5401 polita:
2035 5334 2178 5388 aeris.
2205 5334 2293 5410 _(e)
2333 5343 2401 5410 et_
2427 5334 2592 5410 facies
2627 5351 2817 5410 eorum
2853 5346 3090 5410 quatuor
3133 5332 3511 5410 ipsorunnlﬂ
3553 5333 3643 5410 S.,_
3673 5332 3744 5388 et

491 5401 680 5464 eontra
714 5401 882 5463 facies
915 5423 1104 5462 eorum
1139 5407 1237 5460 alie
1266 5418 1480 5465 eorum,
1519 5404 1593 5472 (g)
1618 5401 1704 5463 S.,
1727 5413 1844 5455 erat
1880 5412 2059 5456 autem
2096 5413 2150 5457 et
2174 5404 2315 5457 sicut
2355 5404 2494 5458 visio
2528 5405 2837 5474 lampadum
2871 5401 2988 5459 lucc
3019 5401 3308 5474 transiens.
3363 5401 3558 5474 ([ιγδ..
3600 5405 3744 5458 sicut

491 5487 632 5534 \‘lSlO
657 5479 965 5548 splendoris
994 5475 1421 5548 fulguris._L:_mtt
1468 5474 1805 5548 inspicerem,
1831 5483 2012 5548 ahtttem
2047 5474 2322 5548 animalia,
2372 5477 2488 5548 visa
2527 5473 2779 5548 es_t_'rota
2817 5490 2922 5548 una
2953 5476 3008 5548 in
3050 5483 3209 5548 terra
3245 5473 3400 5548 juxta
3453 5474 3738 5536 animalia,

493 5540 700 5604 habens
722 5558 960 5618 quatuor
992 5540 1174 5599 facies.
1216 5546 1275 5613 (i)
1408 5543 1702 5618 hyacinthi.
1742 5540 1813 5609 (k)
1841 5541 1923 5618 S._,
1961 5553 2015 5596 et
2063 5545 2224 5618 statio
2258 5545 2744 5618 erat_animalibu_s,
2782 5555 2835 5618 et
2871 5545 3122 5618 altitudo.
3167 5540 3742 5618 (l)’S.,__quocumque

492 5621 700 5672 ferebat
729 5613 955 5686 spiritus
988 5617 1244 5686 impetum
1274 5616 1338 5666 ad
1362 5617 1624 5686 eundum,
1648 5628 1713 5666 eo
1746 5628 1869 5686 cum
1901 5614 2004 5665 iret
2039 5613 2285 5679 spiritus.
2309 5615 2473 5686 etiam
2499 5623 2628 5666 rota:
2655 5614 2817 5668 simul
2845 5615 3194 5686 elevabantur
3229 5614 3479 5667 similiter
3507 5616 3609 5668 eis.
3642 5615 3739 5682 (ιη)

493 5683 772 5752 ΣΛΔΔΑΓξ
811 5686 978 5752 Sadjo
1009 5684 1263 5753 potentis.
1313 5689 1384 5749 tu)
1422 5683 1503 5744 5.,
1547 5692 1594 5735 et
1629 5697 1748 5734 cum
1783 5683 1930 5734 fieret
1959 5696 2060 5732 vox
2111 5697 2274 5748 super
2306 5684 2738 5747 lirtnatneuluin,
2772 5685 2912 5753 quod
2963 5696 3076 5737 erat
3127 5699 3288 5749 super
3317 5694 3478 5752 caput
3525 5699 3736 5748 eorum,

495 5761 731 5816 stabant.
772 5766 819 5810 et
853 5753 1136 5807 cessabant
1168 5753 1264 5804 alie
1293 5767 1503 5804 eorum.
