4078 6312
283 367 424 424 2693

1570 369 1972 428 IIEZECIELIS
1998 373 2228 429 CAPUT
2252 375 2342 432 ιν.

3401 389 3542 447 2691

280 480 596 551 splendoris
634 481 1011 536 circumcirca.
1049 478 1173 535 llaec
1205 481 1342 536 visio
1394 483 1770 541 similitudinis
1809 494 1863 541 et
1891 490 1938 544 A
1966 497 2144 556 tuum,
2179 500 2234 546 et
2265 494 2494 549 auribus
2523 495 2630 550 tuis
2656 496 2822 552 audi:
2856 500 2944 553 11.
2983 509 3047 554 et'
3064 503 3218 570 vade,
3252 505 3540 575 ingredere

277 574 468 644 gloriae
492 574 711 628 Domini
737 592 749 627 :
779 584 832 628 et
855 574 986 636 vidi,
1009 585 1063 630 et
1085 575 1222 631 cado
1245 591 1410 646 super
1432 574 1626 632 faciem
1661 594 1859 643 meam,

276 673 328 716 et
358 664 543 716 audivi
579 679 767 718 vocem
803 664 1095 734 loquentis.

350 757 486 826 Cap.
524 755 602 823 ll,
638 759 690 810 1.
724 755 791 811 Ει
835 758 974 811 dixit
1025 758 1092 813 ad
1137 774 1262 814 me:
1310 758 1412 814 Fili
1464 761 1724 828 hominis,
1778 774 1859 819 sta

279 861 446 915 super
479 845 646 915 pedes
695 856 840 913 tuos,
873 848 947 918 (ο)
995 859 1049 903 et
1081 849 1274 919 loquar
1301 851 1367 906 ad
1417 860 1487 906 te.
1521 853 1576 906 2.
1616 853 1683 908 Et
1718 857 1863 912 venit

283 953 451 1007 super
492 954 579 993 me
601 939 850 1008 spiritus,
879 949 933 995 et
963 943 1226 998 assumsit
1255 959 1360 1009 me,
1395 952 1450 1000 et
1476 945 1708 1002 elevavit
1750 965 1857 1013 me,

279 1041 333 1085 et
360 1031 558 1085 statuit
595 1047 680 1086 me
710 1047 876 1102 super
907 1035 1071 1102 pedes
1106 1050 1280 1097 meos,
1312 1047 1364 1091 et
1398 1039 1685 1093 audiebam
1732 1057 1856 1095 eum

281 1123 591 1192 loquentem
626 1125 692 1177 ad
722 1139 826 1178 me.
862 1124 916 1179 5.
953 1127 1016 1179 Et
1043 1126 1182 1181 dixit
1207 1129 1272 1182 ad
1302 1145 1427 1185 me:
1464 1129 1560 1183 Fili
1597 1133 1853 1199 hominis,

279 1215 435 1267 mitto
464 1227 516 1267 te
541 1229 642 1284 ego
676 1215 743 1268 ad
774 1217 996 1270 domum
1023 1217 1260 1284 Israclis,
1311 1224 1699 1279 exacerbautes
1747 1215 1860 1291 me,

283 1305 372 1374 qui
403 1306 807 1360 exaeerbaruut
837 1323 944 1371 me,
982 1309 1084 1376 ipsi
1121 1321 1175 1364 et
1204 1321 1382 1380 patres
1411 1329 1602 1369 eorum
1631 1319 1701 1384 Χ
1731 1334 1856 1387 per-

283 1396 385 1450 ﬁde
411 1406 644 1466 egerunt
665 1399 718 1452 in
755 1413 842 1453 me
898 1401 920 1468 1
963 1416 1137 1471 usque
1181 1403 1248 1458 ad
1310 1405 1453 1460 diem
1506 1407 1852 1469 hodiernum.

277 1487 330 1540 4.
364 1489 434 1554 »ζ
481 1486 548 1540 Ει
595 1489 690 1542 lilii
737 1491 862 1544 duri
915 1491 1076 1559 facie,
1121 1505 1174 1548 et
1225 1497 1346 1550 duri
1399 1501 1601 1556 corde:
1636 1517 1741 1572 ego
1776 1506 1852 1575 (μ)

276 1575 433 1630 mitto
465 1588 517 1632 te
551 1579 617 1632 ad
667 1594 762 1634 eos
792 1581 839 1649 1.
885 1580 950 1636 Et
978 1583 1131 1638 dices
1159 1587 1225 1639 ad
1259 1603 1388 1642 eos:
1431 1589 1552 1645 llzec
1585 1593 1719 1648 dicit
1746 1595 1854 1650 Do-

281 1672 482 1726 minus.
527 1672 580 1726 5.
611 1671 684 1742 (q)
721 1671 777 1726 Si
811 1672 950 1728 forte
987 1677 1234 1743 audiant,
1283 1689 1376 1734 aut
1424 1693 1676 1751 paveant,
1725 1688 1852 1757 quia

277 1764 474 1818 domus
509 1765 734 1821 irritans
765 1776 867 1832 est,
896 1777 948 1821 et
977 1769 1170 1834 scient,
1203 1772 1347 1839 quod
1395 1775 1657 1844 propheta
1701 1794 1759 1834 es
1793 1791 1848 1834 tu

276 1857 326 1910 in
363 1857 548 1911 medio
577 1873 790 1915 eorum.
822 1858 874 1913 6.
902 1859 966 1914 Et
1003 1871 1079 1927 tu,
1127 1862 1200 1916 fili
1249 1863 1508 1934 hominis,
1543 1885 1610 1923 ne
1655 1870 1850 1927 timeas

272 1965 389 2015 eos,
418 1959 473 2004 et
503 1967 532 2004 a
565 1950 702 2006 faeie
728 1967 918 2007 eorum
953 1971 1018 2008 ne
1051 1957 1406 2026 obstupescas
1437 1977 1451 2026 ;
1494 1959 1564 2031 (r)
1598 1962 1727 2032 quia
1762 1981 1855 2020 ve—

276 2044 428 2098 nient
478 2043 534 2097 in
574 2045 779 2113 impetu
814 2061 937 2100 cum
981 2047 1190 2103 insania
1215 2090 1229 2115 ,
1265 2063 1318 2105 et
1365 2052 1648 2124 insurgent
1690 2073 1857 2128 super

272 2146 324 2189 te
351 2136 736 2200 circumcirca,
776 2146 829 2191 et
855 2137 907 2190 in
933 2140 1113 2192 medio
1143 2143 1495 2211 scorpionum
1519 2156 1573 2200 tu
1603 2147 1851 2206 habitas:

273 2226 435 2280 verba
471 2240 664 2279 eorum
701 2241 768 2280 ne
804 2225 1028 2291 timeas,
1064 2237 1117 2282 et
1151 2243 1180 2282 a
1235 2229 1372 2285 facie
1408 2247 1598 2287 eorum
1645 2251 1714 2291 ne
1753 2237 1854 2292 ob-

274 2327 560 2387 stupescas
585 2334 600 2381 ;
630 2317 756 2387 quia
783 2319 979 2374 domus
1011 2319 1234 2376 irritans
1281 2331 1382 2377 est.
1417 2323 1466 2376 7.
1499 2325 1566 2379 Et
1615 2327 1855 2397 loqueris

273 2409 438 2464 verba
472 2423 596 2462 mea
625 2408 691 2462 ad
723 2423 838 2471 eos,
872 2408 916 2463 si
943 2408 1082 2465 forte
1121 2411 1368 2476 audiant,
1419 2423 1513 2468 aut
1544 2418 1853 2486 trepident;

273 2502 398 2570 quia
425 2499 626 2555 domus
658 2500 880 2556 irritans
901 2512 1006 2557 est.
1031 2502 1085 2556 8.
1126 2502 1193 2556 Et
1222 2514 1298 2566 tu,
1327 2505 1399 2560 fili
1433 2507 1695 2574 hominis,
1723 2513 1852 2568 audi

275 2591 587 2660 loquentem
619 2590 686 2643 ad
720 2598 806 2644 te:
841 2606 908 2646 ne
945 2593 1022 2647 sis
1047 2592 1286 2659 irritans,
1329 2595 1470 2650 sicut
1498 2597 1696 2655 domus
1728 2601 1856 2655 irri-

275 2694 432 2737 tans:
467 2683 617 2752 aperi
661 2697 724 2737 os
758 2692 935 2748 tuum,
966 2693 1018 2738 et
1047 2687 1272 2741 comede
1317 2690 1459 2758 quod
1499 2706 1598 2761 ego
1626 2692 1696 2747 do
1731 2693 1852 2750 tibi.

272 2775 325 2830 9.
362 2774 430 2829 Et
459 2775 594 2840 vidi,
620 2783 670 2829 et
694 2790 819 2830 ecce
851 2791 1046 2831 manus
1069 2784 1294 2834 extensa
1316 2781 1382 2834 ad
1404 2797 1509 2844 me,
1534 2783 1661 2838 etin
1689 2799 1752 2840 ea
1782 2787 1850 2858 (ε)

275 2867 577 2936 capitulum
617 2868 761 2922 libri.
795 2867 884 2921 10.
927 2867 994 2922 Et
1020 2871 1281 2938 expandit
1338 2873 1469 2928 illud
1505 2890 1690 2931 coram
1726 2894 1851 2934 me:

278 2968 330 3014 et
356 2959 410 3013 in
440 2974 510 3014 eo
533 2961 739 3029 scripta
763 2968 919 3015 erant
946 2976 974 3014 a
1003 2960 1182 3018 fronte
1202 2962 1321 3033 ejus
1347 2973 1401 3018 et
1437 2981 1467 3020 a
1499 2975 1654 3038 tergo
1690 2971 1809 3040 ejus
1835 2991 1852 3028 :

275 3061 327 3106 et
355 3052 622 3121 scriptum
658 3061 777 3106 erat
804 3045 863 3107 in
894 3067 961 3107 eo
986 3053 1322 3121 lamentatio,
1352 3065 1405 3112 et
1449 3057 1516 3130 (ι)
1549 3062 1850 3130 canticum,

275 3149 327 3196 et
357 3157 455 3196 vae.

341 3236 474 3305 Cap.
502 3235 598 3298 lll,
630 3236 680 3288 1.
703 3234 762 3290 Et
789 3236 926 3291 dixit
946 3239 1012 3292 ad
1035 3252 1159 3293 me:
1185 3239 1286 3294 Fili
1309 3240 1571 3310 hominis,
1597 3247 1666 3314 3K
1687 3248 1857 3317 quod-

277 3342 512 3397 cumque
540 3327 837 3395 inveneris,
864 3330 963 3384 ede
993 3331 1039 3397 1,
1069 3331 1294 3386 comede
1330 3333 1626 3402 capitulum
1652 3339 1774 3404 hoc,
1805 3351 1858 3396 et

276 3421 432 3482 vade,
473 3428 528 3475 et
566 3423 792 3491 loquere
825 3423 891 3476 ad
931 3423 1070 3477 filios
1117 3424 1352 3479 lsraelis.
1393 3425 1449 3478 2.
1489 3426 1553 3480 Et
1585 3431 1760 3498 aperit
1793 3447 1856 3488 os

277 3527 481 3576 meum,
522 3522 577 3566 et
600 3513 762 3568 edere
791 3513 918 3568 fecit
949 3531 1035 3569 me
1058 3516 1355 3586 capitulum
1390 3519 1513 3575 hoc.
1537 3521 1589 3574 5.
1621 3521 1687 3577 Et
1719 3524 1856 3580 dixit

278 3604 339 3657 ad
375 3621 461 3658 me
489 3623 501 3657 :
533 3603 637 3658 Fili
672 3605 931 3670 hominis,
965 3623 1026 3663 os
1059 3618 1209 3663 tuum
1244 3611 1387 3678 edet,
1414 3624 1467 3667 et
1498 3624 1690 3672 venter
1721 3626 1850 3673 tuus

279 3696 595 3766 implebitur
621 3698 862 3768 capitulo
892 3700 994 3754 hoc
1030 3701 1154 3756 dato
1200 3705 1252 3758 in
1288 3715 1359 3760 te.
1393 3705 1457 3760 Et
1483 3709 1569 3762 edi
1613 3710 1768 3776 illud,
1801 3719 1858 3766 et

279 3788 480 3844 factum
514 3803 598 3846 est
621 3791 674 3844 in
717 3807 813 3846 ore
844 3808 984 3858 meo,
1021 3795 1164 3849 sicut
1189 3797 1293 3850 mel
1325 3797 1503 3853 dulce.
1546 3801 1598 3853 4.
1627 3801 1692 3856 Et
1721 3803 1858 3858 dixit

277 3883 341 3937 ad
392 3898 519 3937 me:
558 3881 658 3937 Fili
700 3884 962 3949 hominis,
1001 3887 1154 3951 vade,
1191 3887 1474 3958 ingredere
1514 3893 1578 3945 ad
1630 3891 1854 3947 domum

277 3973 517 4042 lsraelis,
554 3985 607 4029 et
637 3977 862 4046 loquere
889 3978 1053 4031 verba
1083 3994 1200 4032 mea
1239 3980 1304 4033 ad
1343 3995 1456 4036 eos.
1491 3982 1544 4036 5.
1587 3981 1855 4049 Quoniam

282 4084 384 4123 non
410 4068 476 4122 ad
504 4070 767 4139 populum
803 4070 1133 4140 profundum
1165 4072 1310 4127 labio
1336 4083 1389 4128 et
1424 4092 1641 4146 gravem
1667 4078 1853 4148 lingua

280 4171 333 4215 tu
358 4161 593 4216 mitteris
617 4161 685 4215 ad
717 4161 937 4216 domum
965 4161 1182 4219 lsraelis
1208 4184 1220 4218 :
1251 4165 1306 4219 6.
1335 4181 1511 4236 neque
1536 4169 1600 4222 ad
1626 4171 1858 4238 populos

281 4251 482 4305 multos
515 4252 726 4306 alienos
763 4253 1013 4318 vocibus,
1056 4265 1150 4308 aut
1177 4254 1388 4310 alienos
1426 4257 1634 4326 lingua,
1681 4277 1859 4331 neque

279 4345 369 4412 qui
398 4352 529 4399 sunt
568 4344 836 4398 obfirmati
872 4343 1078 4413 lingua,
1116 4361 1352 4415 quorum
1387 4363 1454 4403 ne
1502 4349 1696 4406 audias
1737 4368 1856 4408 ser-

281 4454 468 4494 mones
497 4452 727 4493 eorum:
762 4447 814 4492 et
847 4438 890 4492 si
919 4438 984 4492 ad
1032 4438 1166 4493 tales
1211 4441 1479 4496 mitterem
1515 4450 1587 4509 te,
1629 4444 1684 4498 hi
1729 4446 1858 4500 obe-

1965 583 2020 637 in
2058 585 2426 655 captivitatem
2461 588 2527 641 ad
2578 587 2719 643 filios
2753 590 2936 659 populi
2972 591 3069 655 tui,
3111 600 3164 646 et
3197 593 3440 661 loqueris
3473 597 3539 650 ad

1962 688 2081 738 eos,
2111 683 2166 729 et
2187 675 2337 730 dices
2367 677 2433 731 ad
2461 691 2556 732 eos
2583 696 2595 731 :
2624 677 2748 732 Hmc
2780 678 2912 733 dicit
2942 679 3202 735 Dominus
3237 681 3537 737 Dominus:

1964 766 2010 819 si
2039 766 2182 822 forte
2205 768 2452 835 audiant,
2495 770 2542 824 si
2573 770 2714 826 forte
2751 773 3072 827 concedant.
3107 774 3194 827 i2.
3225 773 3290 828 Et
3322 791 3540 830 assum-

1963 856 2034 911 sit
2060 872 2145 913 me
2176 858 2424 927 spiritus,
2461 869 2516 915 et
2546 861 2726 915 audivi
2760 876 2789 915 a
2823 870 2976 931 tergo
3004 879 3125 918 meo
3165 879 3352 919 vocem
3390 880 3538 920 com-

1963 949 2482 1021 motionis-magum,
2517 953 2818 1008 dicentium
2855 972 2868 1007 :
2898 955 3187 1010 Benedicta
3227 956 3399 1026 gloria
3434 958 3539 1010 Do-

1961 1040 2093 1094 mini
2137 1041 2206 1096 de
2253 1041 2372 1097 loco
2405 1058 2528 1098 suo.
2573 1044 2658 1099 15.
2711 1044 2777 1099 Et
2813 1045 2923 1099 vidi
2967 1046 3045 1118 (ac)
3093 1061 3278 1101 vocem
3327 1049 3536 1102 alarum

1959 1134 2281 1188 animalium
2309 1137 2608 1192 volantium
2635 1155 2740 1192 una
2773 1139 2840 1193 ad
2884 1140 3132 1205 alteram,
3184 1151 3237 1194 et
3265 1157 3366 1194 vox
3392 1149 3540 1195 rota—

1959 1242 2081 1280 rum
2108 1241 2289 1282 coram
2323 1228 2425 1292 eis,
2477 1240 2530 1283 et
2563 1246 2662 1284 vox
2690 1231 3074 1286 commotionis
3127 1235 3193 1300 )s:
3233 1249 3442 1302 magna:
3486 1233 3541 1302 1.

1961 1317 2048 1370 M.
2084 1318 2147 1372 Et
2182 1319 2409 1388 spiritus
2431 1319 2662 1375 elevavit
2703 1337 2818 1387 me,
2853 1331 2908 1376 et
2940 1323 3162 1376 sustulit
3194 1339 3300 1388 me,
3343 1331 3393 1377 et
3429 1322 3536 1376 abii

1958 1410 2210 1464 sublimis
2246 1425 2370 1464 aere
2399 1412 2452 1465 in
2484 1412 2686 1480 impetu
2717 1413 2946 1482 spiritus
2975 1413 3104 1478 mei,
3149 1414 3226 1483 (ῃ)
3254 1423 3306 1468 et
3340 1430 3532 1468 manus

1957 1498 2170 1554 Domini
2206 1500 2346 1555 facta
2381 1513 2462 1556 est
2489 1518 2653 1572 super
2683 1519 2768 1558 me
2791 1515 3002 1574 potens.
3041 1505 3126 1558 15.
3157 1506 3222 1559 Ει
3258 1506 3536 1575 ingressus

1962 1606 2085 1646 sum
2118 1592 2170 1644 in
2205 1593 2576 1662 captivitatem
2608 1595 2861 1649 sublimis
2894 1611 3040 1660 aere,
3068 1606 3122 1650 et
3166 1597 3394 1651 circuivi
3433 1598 3534 1650 ha-

1955 1683 2196 1738 bitantes
2231 1699 2396 1754 super
2427 1685 2650 1739 fluvium
2684 1685 2922 1753 Chobar,
2957 1702 3052 1742 eos
3089 1689 3181 1756 qui
3210 1697 3368 1742 erant
3418 1687 3530 1740 ibi:

1957 1779 2011 1824 et
2045 1772 2161 1826 sedi
2201 1772 2273 1826 ibi
2317 1781 2521 1842 septem
2562 1775 2699 1840 dies,
2736 1774 2807 1845 (ι)
2861 1792 3193 1830 conversaris
3241 1777 3292 1829 in
3353 1776 3532 1831 medio

1958 1877 2172 1917 eorum.
2206 1847 2308 1918 l6:
2336 1867 2401 1920 Et
2436 1865 2634 1921 factum
2661 1875 2744 1922 est
2772 1877 2892 1936 post
2927 1869 3028 1923 hos
3066 1876 3272 1936 septem
3314 1866 3432 1920 dies
3466 1869 3534 1934 χ(

1957 1962 2011 2007 et
2042 1953 2246 2008 factum
2272 1964 2355 2009 cst
2387 1957 2410 2026 1
2450 1957 2674 2011 verbum
2717 1957 3021 2012 Dominiad
3054 1973 3162 2023 me,
3189 1958 3376 2012 dicens
3402 1976 3418 2011 :
3446 1959 3532 2011 17.

1959 2042 2060 2096 Fili
2091 2044 2351 2110 hominis,
2384 2046 2783 2113 speculatorem
2817 2047 2938 2101 dedi
2972 2055 3022 2100 te
3053 2047 3241 2101 domui
3293 2047 3531 2125 lsraelis,

1955 2143 2009 2188 et
2039 2135 2229 2190 audies
2257 2151 2321 2189 ex
2354 2151 2448 2190 ore
2481 2151 2606 2191 meo
2637 2137 2886 2204 verbum,
2922 2137 2996 2208 (α)
3027 2147 3081 2193 et
3108 2139 3535 2195 comminaberis

1955 2224 2036 2279 eis
2075 2240 2106 2278 a
2133 2227 2349 2291 me,18.
2375 2242 2498 2280 cum
2535 2226 2725 2280 dixero
2760 2227 2990 2296 iniquo:
3031 2226 3203 2282 Morte
3239 2228 3529 2283 morieris:

1956 2327 2012 2373 et
2053 2333 2158 2372 non
2188 2318 2510 2384 distiuxisti,
2553 2333 2728 2387 neque
2759 2318 2976 2375 locutus
3007 2336 3068 2375 es
3096 2321 3163 2374 ad
3195 2320 3536 2390 distinguen-

1955 2411 2085 2465 dum
2121 2411 2340 2482 iniquo,
2377 2421 2437 2464 ut
2486 2420 2788 2466 revertatur
2838 2428 2869 2467 a
2920 2414 3021 2467 viis
3052 2413 3189 2476 suis,
3245 2422 3303 2468 ut
3349 2413 3532 2467 vivat:

1955 2501 2180 2572 iniquus
2214 2503 2303 2557 ille
2352 2503 2424 2572 (b)
2451 2503 2503 2556 iu
2545 2503 2812 2572 iujustitia
2847 2517 2944 2558 sua
2977 2504 3271 2564 morietur,
3320 2511 3376 2557 et
3409 2519 3536 2558 sau-

1957 2593 2178 2662 guinem
2214 2594 2337 2664 ejus
2365 2594 2433 2648 de
2467 2610 2632 2649 manu
2667 2606 2759 2649 tua
2787 2596 3086 2666 requiram.
3135 2595 3221 2650 l9.
3269 2594 3334 2647 Et
3372 2604 3454 2662 tu,
3485 2596 3532 2650 si

1956 2685 2277 2741 distinxeris
2304 2686 2516 2757 iniquo,
2546 2703 2646 2742 nec
2674 2702 2930 2744 reversus
2955 2687 3118 2743 fuerit
3147 2689 3215 2743 ab
3245 2689 3538 2758 iniquitate

1955 2794 2076 2843 sua,
2117 2788 2172 2834 et
2203 2795 2233 2834 a
2262 2781 2349 2835 via
2379 2796 2500 2848 sua,
2533 2783 2755 2852 iniquus
2778 2783 2866 2838 ille
2899 2784 2950 2838 in
2992 2783 3259 2853 iujustitia
3290 2799 3385 2839 sua
3416 2798 3534 2837 mo-

1955 2870 2148 2937 rietur,
2174 2880 2229 2926 et
2259 2879 2318 2926 tu
2350 2873 2590 2928 animam
2620 2883 2766 2929 tuam
2797 2875 3076 2930 liberabis.
3107 2875 3198 2930 20.
3228 2876 3291 2930 Et
3321 2891 3444 2930 cum
3474 2891 3534 2930 se

1955 2963 2215 3017 averterit
2244 2963 2429 3034 justus
2469 2981 2499 3018 a
2525 2965 2759 3036 justitiis
2789 2968 2926 3032 suis,
2950 2975 3004 3021 et
3023 2965 3213 3022 fecerit
3245 2967 3534 3033 delictum,

1959 3054 2123 3109 etiam
2149 3054 2291 3110 dabo
2324 3065 2592 3112 tormenta
2617 3057 2671 3111 in
2707 3057 2900 3112 faciem
2931 3059 3080 3128 ejus:
3106 3058 3221 3128 ipse
3248 3060 3530 3123 morietur,

1881 3174 1925 3233 ε
1960 3149 2097 3218 quia
2120 3163 2229 3202 non
2264 3149 2566 3206 distinxisti
2600 3150 2650 3206 ei
2679 3169 2691 3204 :
2734 3161 2788 3206 et
2836 3151 2891 3204 in
2923 3151 3164 3221 peccatis
3193 3151 3307 3205 suis
3335 3151 3534 3205 morie-

1959 3247 2067 3306 tur,
2109 3241 2236 3311 quia
2289 3257 2398 3296 nou
2439 3243 3019 3298 commemorabuntur
3051 3243 3353 3315 eijustitiaa
3393 3243 3533 3310 ejus,

1958 3347 2097 3403 quas
2133 3333 2280 3400 fecit,
2323 3343 2379 3390 et
2411 3335 2736 3405 sanguinem
2769 3335 2898 3404 ejus
2940 3335 3007 3389 de
3042 3351 3205 3389 manu
3233 3343 3323 3388 tua
3346 3335 3535 3403 requi-

1959 3440 2100 3478 ram.
2125 3424 2220 3480 ‘21.
2257 3425 2330 3495 (c)
2364 3423 2444 3481 Tu
2474 3419 2654 3481 au'tem
2691 3426 2738 3480 si
2784 3427 3105 3482 distinxeris
3133 3427 3304 3496 justo,
3360 3437 3419 3480 ut
3469 3441 3535 3480 ne

1958 3527 2166 3587 peccet,
2197 3526 2250 3572 et
2303 3519 2418 3588 ipse
2449 3535 2555 3572 non
2601 3521 2929 3588 peccaverit,
2981 3519 3162 3588 justus
3215 3519 3323 3572 vita
3369 3519 3535 3582 vivet,

1958 3597 2416 3681 quia-distinxisti
2461 3612 2531 3676 ei,
2583 3620 2638 3666 et
2682 3621 2734 3664 tu
2767 3612 3006 3664 animam
3055 3621 3203 3664 tuam
3255 3609 3532 3664 liberabis.

1956 3704 2047 3757 2:2.
2083 3704 2149 3756 Et
2176 3701 2318 3757 facta
2351 3711 2435 3758 est
2467 3718 2630 3773 super
2675 3718 2760 3758 me
2793 3705 2861 3771 κε
2889 3702 2960 3757 ibi
2992 3701 3014 3771 1
3067 3716 3264 3756 manus
3297 3699 3532 3764 Domini,

1957 3805 2012 3851 et
2035 3796 2172 3850 dixit
2199 3795 2267 3850 ad
2310 3811 2435 3854 me:
2475 3795 2669 3868 Surge,
2707 3807 2762 3850 et
2799 3796 3059 3866 egredere
3091 3795 3143 3848 in
3175 3809 3448 3863 campum,
3483 3800 3536 3846 et

1959 3889 2031 3943 ibi
2073 3889 2335 3944 allocutio
2365 3888 2454 3944 fiet
2483 3889 2549 3943 ad
2585 3898 2655 3943 te.
2691 3888 2780 3941 95.
2823 3887 2890 3940 Et
2920 3887 3156 3950 surrexi,
3199 3894 3260 3940 et'
3282 3900 3537 3956 egressus

1959 3998 2079 4037 sum
2112 3982 2166 4036 in
2199 3998 2452 4052 campum
2481 3999 2493 4035 :
2520 3993 2573 4036 et
2601 3998 2727 4036 ecce
2757 3981 2828 4034 ibi
2861 3979 3029 4050 gloria
3072 3977 3289 4032 Domini
3336 3977 3534 4040 stabat,

1959 4075 2103 4129 sicut
2135 4089 2198 4130 -ε-
2241 4076 2552 4144 adspectus,
2605 4083 2658 4127 et
2702 4072 2848 4127 sicut
2903 4071 2925 4139 1
2980 4071 3172 4140 gloria,
3207 4084 3372 4138 quam
3429 4067 3534 4121 vidi

1961 4181 2124 4232 super
2146 4165 2368 4218 fluvium
2405 4163 2643 4218 Chobar.
2666 4161 2731 4217 Et
2761 4163 2896 4216 cado
2920 4177 3082 4230 super
3105 4160 3298 4214 faciem
3336 4175 3534 4224 meam,

1959 4257 2051 4310 (24.
2086 4267 2139 4310 et
2166 4257 2313 4310 venit
2343 4271 2506 4324 super
2547 4272 2632 4310 me
2663 4255 2909 4325 spiritus,
2941 4262 2994 4309 et
3020 4254 3211 4309 statuit
3246 4268 3333 4307 me
3374 4268 3538 4323 super

1963 4345 2128 4416 pedes
2159 4361 2334 4411 meos,
2367 4355 2420 4399 et
2460 4348 2678 4401 loeutus
2707 4355 2792 4399 est
2840 4345 2905 4398 ad
2942 4360 3048 4406 me,
3084 4353 3140 4398 et
3175 4343 3314 4398 dixit
3357 4344 3488 4397 mihi
3522 4362 3534 4396 ε

1969 4437 2281 4507 Ingredere,
2304 4447 2357 4490 et
2380 4436 2659 4491 includere
2691 4438 2743 4490 iu
2776 4437 2956 4490 medio
2988 4436 3185 4489 domus
3208 4445 3331 4490 tuae.
3351 4436 3442 4488 25.
3474 4435 3540 4488 Et

280 4529 458 4584 direm
506 4531 624 4585 tibi.
669 4531 722 4585 7,
776 4531 983 4588 Domus
1033 4544 1214 4589 autem
1259 4532 1475 4590 lsraelis
1526 4551 1634 4588 non
1675 4537 1858 4591 volent
1890 4514 1934 4568 θ
1967 4539 2046 4595 tu,
2080 4528 2153 4582 ﬁli
2203 4528 2464 4594 hominis,
2504 4544 2630 4583 ecce
2660 4527 2785 4582 data
2829 4537 2957 4582 sunt
2998 4543 3164 4597 super
3200 4535 3251 4581 te
3297 4527 3536 4592 vincula,

281 4625 540 4679 exaudire
583 4633 656 4689 te,
691 4628 817 4696 quia
861 4643 970 4681 non
1009 4628 1201 4682 volunt
1245 4628 1505 4682 exaudire
1554 4644 1674 4695 me;
1730 4629 1858 4699 quia

284 4717 464 4772 omnis
489 4718 689 4774 domus
732 4719 950 4775 lsraelis
1004 4720 1227 4790 litigiosi
1256 4732 1404 4783 sunt,
1434 4729 1489 4776 et
1521 4720 1642 4775 duri
1673 4723 1858 4778 corde.

284 4807 336 4863 8.
366 4810 429 4864 Et
467 4825 597 4866 ecce
626 4812 749 4866 dedi
777 4811 971 4866 faciem
1003 4821 1146 4867 tuam
1170 4821 1445 4883 potentem
1482 4824 1670 4868 contra
1695 4813 1863 4870 facies

283 4912 490 4966 eorum,
525 4907 578 4954 et
600 4902 1004 4956 contentionem
1034 4911 1183 4956 tuam
1209 4902 1580 4958 corroborabo
1601 4903 1864 4960 adversus

285 4992 690 5047 contentionem
740 5008 954 5060 eorum,
994 4995 1049 5050 9.
1077 5002 1133 5048 et
1157 4995 1282 5059 erit,
1324 5010 1537 5065 semper
1578 4995 1855 5052 duriorem

285 5089 429 5150 petra
459 5086 528 5150 χ(
556 5085 680 5140 dedi
717 5085 798 5154 (ιι)
839 5085 1070 5140 frontem
1109 5094 1259 5140 tuam
1295 5085 1316 5153 1
1353 5104 1365 5140 :
1400 5101 1467 5140 ue
1513 5088 1707 5143 timeas
1740 5103 1858 5154 eos,

288 5189 461 5244 neque
492 5193 692 5246 paveas
734 5195 765 5232 a
793 5179 933 5234 facie
965 5194 1176 5244 eorum,
1225 5181 1351 5249 quia
1391 5181 1588 5237 domus
1639 5183 1862 5239 irritans

287 5277 385 5323 est.
419 5269 507 5323 10.
541 5271 603 5325 Et
639 5271 776 5326 dixit
802 5273 867 5327 ad
902 5287 1028 5327 me:
1062 5271 1164 5326 Fili
1212 5272 1471 5338 hominis,
1505 5287 1696 5329 omnes
1746 5291 1863 5329 scr-

290 5373 500 5425 mones,
525 5378 670 5433 QUOS
713 5363 926 5420 lOClllUS
973 5379 1094 5418 sum
1135 5372 1346 5428 tecum,
1396 5379 1617 5419 assume
1653 5366 1707 5419 in
1761 5380 1860 5420 (ΣοΓ

359 5541 435 5612 (ο)
465 5541 609 5610 quod
641 5542 834 5611 loquar
859 5542 924 5595 ad
968 5550 1040 5596 te.
1093 5541 1159 5596 Et
1204 5541 1484 5612 ingressus
1524 5551 1616 5612 est
1671 5541 1725 5596 iu
1782 5541 2018 5596 medium
2074 5541 2178 5595 mei
2223 5539 2468 5612 spiritus.

1296 5611 1366 5681 (r)
1403 5609 1484 5676 8.,
1520 5611 1862 5681 impudentes
1906 5612 2050 5665 enim
2090 5620 2236 5672 sunt,
2278 5619 2327 5662 et
2375 5610 2505 5681 siue
2535 5624 2630 5681 spe
2665 5609 2730 5681 ad
2783 5618 2853 5660 te.

289 5612 414 5665 dum
451 5614 782 5670 audiverint.
818 5613 1210 5681 acquieverint.

291 5682 707 5760 hula_rotunda.
738 5684 806 5750 (ι)
827 5681 919 5760 _S.,
941 5684 1219 5760 planctus.
1250 5686 1328 5750 (η)
1361 5682 1804 5760 contentionem.“
1834 5683 1875 5754 (.1

1957 5682 2028 5746 9.,
2072 5681 2432 5751 pulsationem
2464 5681 2734 5760 simuln(i.
2771 5692 2820 5729 e.
2849 5681 3279 5760 rontplosioncm)
3309 5681 3389 5760 ala

983 5754 1149 5808 omini
1177 5762 1293 5806 erat
1312 5747 1495 5821 super
1523 5767 1628 5806 me.
1655 5754 1728 5822 (ι)
1767 5747 1851 5818 8.,

1957 5772 2016 5815 ι..
2066 5747 2319 5807 habitans
2351 5765 2469 5819 ego.
2520 5751 2595 5820 (τι)
2631 5747 2714 5810 8.,
2749 5759 2803 5801 ct
2843 5751 3138 5822 prmveuies
3180 5750 3425 5804 moucbis
3452 5766 3542 5801 eos

293 5755 365 5821 ty)
399 5753 481 5816 S.,
519 5768 720 5806 manus
753 5753 895 5806 enim

1959 4633 2013 4677 et
2049 4622 2289 4676 vincieut
2338 4632 2388 4676 te
2434 4622 2487 4675 iu
2523 4623 2618 4686 eis,
2669 4633 2721 4676 et
2754 4637 2860 4675 non
2908 4621 3207 4692 egredieris
3248 4620 3318 4675 de
3362 4620 3540 4673 medio

1959 4731 2172 4772 eorum.
2207 4716 2300 4771 26.
2335 4716 2400 4771 Et
2445 4715 2686 4786 linguam
2732 4723 2877 4769 tuam
2925 4715 3092 4769 simul
3144 4714 3323 4784 ligabo
3363 4716 3430 4781 )9:
3470 4713 3534 4765 ad

1963 4819 2148 4879 guttur
2205 4819 2359 4863 tuum
2395 4809 2444 4877 1,
2491 4819 2544 4864 et
2577 4809 3032 4873 obmutesces,et
3068 4823 3174 4883 non
3209 4807 3317 4861 eris
3357 4807 3438 4861 eis
3481 4805 3535 4858 in

1964 4901 2145 4953 virum
2181 4899 2564 4970 objurgautem
2595 4917 2610 4966 ;
2641 4899 2769 4968 quia
2794 4897 2992 4952 domus
3041 4897 3264 4951 irritans
3297 4903 3400 4950 est.
3445 4893 3537 4947 27.

1969 4990 2187 5046 Etcum
2219 4993 2433 5047 locutus
2469 4992 2624 5048 fuero
2661 4992 2728 5046 ad
2768 5001 2838 5056 te,
2883 4990 3120 5060 aperiam
3160 5003 3222 5042 os
3271 4997 3450 5051 tuum,
3487 4993 3541 5036 et

1967 5088 2118 5142 dices
2147 5086 2212 5141 ad
2244 5100 2374 5140 eos:
2423 5083 2545 5139 Haec
2573 5085 2704 5140 dicit
2743 5083 2823 5152 (ά)
2851 5084 3062 5136 Adouai
3093 5080 3386 5136 Dominus:
3436 5077 3541 5144 Qui

1967 5181 2138 5245 audit,
2202 5178 2408 5240 audiat,
2457 5186 2520 5230 et
2563 5177 2656 5246 qui
2705 5176 2922 5231 rebellis
2958 5183 3062 5240 est,
3114 5173 3337 5228 rebellet
3367 5171 3546 5240 ;.quia

1967 5272 2164 5327 domus
2193 5271 2414 5325 irritans
2438 5277 2543 5322 est.

2040 5366 2176 5433 Cap.
2213 5363 2301 5416 IV.
2331 5365 2467 5417 —l.
2501 5362 2564 5415 Et
2600 5371 2676 5426 tu,
2709 5359 2783 5415 ﬁli
2823 5359 3097 5423 hominis,
3143 5373 3298 5412 sume
3336 5357 3431 5410 tibi
3468 5357 3544 5410 la-

2547 5538 2619 5606 (ρ)
2659 5535 2944 5624 Don'tinus‘:
2983 5536 3073 5624 μί)
3111 5536 3155 5624 si
3187 5537 3544 5624 quemadmo-

2929 5608 2996 5675 (s)
3029 5608 3111 5670 8.,
3140 5609 3427 5676 scriptoria
3466 5617 3547 5661 ta-

2072 5681 2432 5751 pulsationem
2464 5677 2734 5751 simulA(i.
2771 5692 2820 5729 e.
2849 5678 3279 5745 rompfosioncm)
3309 5679 3539 5751 alarum.

291 5842 317 5880 a
343 5842 448 5879 me.
479 5823 555 5894 (b)
596 5825 652 5876 iu
686 5823 986 5894 iniquitate.
1017 5823 1087 5896 (r)
1116 5823 1195 5890 S.,
1229 5822 1349 5894 172.,
1383 5826 1427 5880 si
1458 5838 1586 5879 vero
1617 5821 1943 5895 praeverteris
1970 5823 2498 5894 mouuerisjustum,
2532 5833 2585 5876 ut
2610 5837 2674 5875 uc
2697 5828 2900 5890 peccet.
2938 5821 3014 5889 (ιί)
3051 5821 3336 5874 Dominus.
