  <div class='ocr_page' id='page_1' title='image "/cluster/home/n/w/nwhite01/storage/ocr_20150623/16 pt.3/mdp.39015008568431/161.png"; bbox 0 0 4078 6312; ppageno 0'>
   <div class='ocr_carea' id='block_1_1' title="bbox 522 387 3782 451">
    <p class='ocr_par' dir='ltr' id='par_1_1' title="bbox 522 387 3782 451">
     <span class='ocr_line' id='line_1_1' title="bbox 522 387 3782 451; baseline -0.002 -3"><span class='ocrx_word' id='word_1_1' title='bbox 522 391 666 448; x_wconf 66' lang='lat'><strong>2695</strong></span> <span class='ocrx_word' id='word_1_2' title='bbox 1633 391 1858 451; x_wconf 71' lang='lat' dir='ltr'><strong>(ZODEX</strong></span> <span class='ocrx_word' id='word_1_3' title='bbox 1911 388 2676 449; x_wconf 66' lang='lat' dir='ltr'><strong>SYlilACO—llEXAPLARIS</strong></span> <span class='ocrx_word' id='word_1_4' title='bbox 3637 387 3782 443; x_wconf 70' lang='lat'><strong>2696</strong></span> 
     </span>
    </p>
   </div>
   <div class='ocr_carea' id='block_1_2' title="bbox 525 501 3787 577">
    <p class='ocr_par' dir='ltr' id='par_1_2' title="bbox 525 501 3787 577">
     <span class='ocr_line' id='line_1_2' title="bbox 525 501 3787 577; baseline -0.003 -14"><span class='ocrx_word' id='word_1_5' title='bbox 525 519 717 571; x_wconf 87' lang='lat' dir='ltr'><strong>terem,</strong></span> <span class='ocrx_word' id='word_1_6' title='bbox 751 517 806 561; x_wconf 88' lang='lat' dir='ltr'><strong>et</strong></span> <span class='ocrx_word' id='word_1_7' title='bbox 834 522 1002 576; x_wconf 76' lang='lat' dir='ltr'><strong>pones</strong></span> <span class='ocrx_word' id='word_1_8' title='bbox 1031 521 1157 562; x_wconf 88' lang='lat' dir='ltr'><strong>eum</strong></span> <span class='ocrx_word' id='word_1_9' title='bbox 1181 517 1306 562; x_wconf 99' lang='lat' dir='ltr'><strong>ante</strong></span> <span class='ocrx_word' id='word_1_10' title='bbox 1325 507 1518 562; x_wconf 90' lang='lat' dir='ltr'><strong>faciem</strong></span> <span class='ocrx_word' id='word_1_11' title='bbox 1549 520 1717 571; x_wconf 79' lang='lat' dir='ltr'><strong>tuam,</strong></span> <span class='ocrx_word' id='word_1_12' title='bbox 1743 519 1796 564; x_wconf 90' lang='lat' dir='ltr'><strong>et</strong></span> <span class='ocrx_word' id='word_1_13' title='bbox 1815 510 2092 565; x_wconf 84' lang='lat' dir='ltr'><strong>describes</strong></span> <span class='ocrx_word' id='word_1_14' title='bbox 2124 519 2167 571; x_wconf 77' lang='grc' dir='ltr'>Α</span> <span class='ocrx_word' id='word_1_15' title='bbox 2199 509 2373 577; x_wconf 86' lang='lat' dir='ltr'><strong>panis,</strong></span> <span class='ocrx_word' id='word_1_16' title='bbox 2427 517 2483 562; x_wconf 91' lang='lat' dir='ltr'><strong>et</strong></span> <span class='ocrx_word' id='word_1_17' title='bbox 2511 523 2704 575; x_wconf 65' lang='lat' dir='ltr'><strong>aquae:</strong></span> <span class='ocrx_word' id='word_1_18' title='bbox 2741 515 2793 560; x_wconf 91' lang='lat' dir='ltr'><strong>et</strong></span> <span class='ocrx_word' id='word_1_19' title='bbox 2843 513 3224 573; x_wconf 71' lang='lat' dir='ltr'><strong>corrumpetur</strong></span> <span class='ocrx_word' id='word_1_20' title='bbox 3271 503 3455 565; x_wconf 86' lang='lat' dir='ltr'><strong>homo,</strong></span> <span class='ocrx_word' id='word_1_21' title='bbox 3509 509 3561 555; x_wconf 87' lang='lat' dir='ltr'><strong>et</strong></span> <span class='ocrx_word' id='word_1_22' title='bbox 3617 501 3787 556; x_wconf 83' lang='lat' dir='ltr'><strong>frater</strong></span> 
     </span>
    </p>
   </div>
   <div class='ocr_carea' id='block_1_3' title="bbox 522 594 3312 669">
    <p class='ocr_par' dir='ltr' id='par_1_3' title="bbox 522 594 3312 669">
     <span class='ocr_line' id='line_1_3' title="bbox 522 594 3312 669; baseline -0.003 -14"><span class='ocrx_word' id='word_1_23' title='bbox 522 612 689 666; x_wconf 79' lang='lat' dir='ltr'><strong>super</strong></span> <span class='ocrx_word' id='word_1_24' title='bbox 715 612 782 651; x_wconf 90' lang='lat' dir='ltr'><strong>eo</strong></span> <span class='ocrx_word' id='word_1_25' title='bbox 814 598 1002 652; x_wconf 88' lang='lat' dir='ltr'><strong>urbem</strong></span> <span class='ocrx_word' id='word_1_26' title='bbox 1038 595 1343 652; x_wconf 80' lang='lat' dir='ltr'><strong>Jerusalem</strong></span> <span class='ocrx_word' id='word_1_27' title='bbox 1374 618 1386 652; x_wconf 90' lang='lat'>:</span> <span class='ocrx_word' id='word_1_28' title='bbox 1417 599 1471 652; x_wconf 75' lang='lat'><strong>‘2.</strong></span> <span class='ocrx_word' id='word_1_29' title='bbox 1504 608 1559 654; x_wconf 87' lang='lat' dir='ltr'><strong>et</strong></span> <span class='ocrx_word' id='word_1_30' title='bbox 1587 599 1744 652; x_wconf 86' lang='lat' dir='ltr'><strong>dabis</strong></span> <span class='ocrx_word' id='word_1_31' title='bbox 1781 615 1947 667; x_wconf 89' lang='lat' dir='ltr'><strong>super</strong></span> <span class='ocrx_word' id='word_1_32' title='bbox 1973 615 2094 653; x_wconf 81' lang='lat' dir='ltr'><strong>eam</strong></span> <span class='ocrx_word' id='word_1_33' title='bbox 2200 602 2340 669; x_wconf 86' lang='lat' dir='ltr'><strong>ejus,</strong></span> <span class='ocrx_word' id='word_1_34' title='bbox 2370 607 2424 652; x_wconf 89' lang='lat' dir='ltr'><strong>et</strong></span> <span class='ocrx_word' id='word_1_35' title='bbox 2451 598 2752 667; x_wconf 89' lang='lat' dir='ltr'><strong>liquescent</strong></span> <span class='ocrx_word' id='word_1_36' title='bbox 2781 597 2834 651; x_wconf 91' lang='lat' dir='ltr'><strong>in</strong></span> <span class='ocrx_word' id='word_1_37' title='bbox 2863 596 3147 665; x_wconf 92' lang='lat' dir='ltr'><strong>injustitiis</strong></span> <span class='ocrx_word' id='word_1_38' title='bbox 3175 594 3312 649; x_wconf 90' lang='lat' dir='ltr'><strong>suis.</strong></span> 
     </span>
    </p>
   </div>
   <div class='ocr_carea' id='block_1_4' title="bbox 524 683 3781 760">
    <p class='ocr_par' dir='ltr' id='par_1_4' title="bbox 524 683 3781 760">
     <span class='ocr_line' id='line_1_4' title="bbox 524 683 3781 760; baseline -0.002 -16"><span class='ocrx_word' id='word_1_39' title='bbox 524 690 593 758; x_wconf 74' lang='grc' dir='ltr'><strong>(ι)</strong></span> <span class='ocrx_word' id='word_1_40' title='bbox 623 688 1004 753; x_wconf 85' lang='lat' dir='ltr'><strong>inclusiunem,</strong></span> <span class='ocrx_word' id='word_1_41' title='bbox 1039 698 1094 742; x_wconf 82' lang='lat' dir='ltr'><strong>et</strong></span> <span class='ocrx_word' id='word_1_42' title='bbox 1125 689 1419 742; x_wconf 74' lang='lat' dir='ltr'><strong>:edilicabis</strong></span> <span class='ocrx_word' id='word_1_43' title='bbox 1454 704 1618 757; x_wconf 89' lang='lat' dir='ltr'><strong>super</strong></span> <span class='ocrx_word' id='word_1_44' title='bbox 1647 704 1764 742; x_wconf 89' lang='lat' dir='ltr'><strong>eam</strong></span> <span class='ocrx_word' id='word_1_45' title='bbox 1799 689 1863 757; x_wconf 80' lang='lat' dir='ltr'><strong>(f)</strong></span> <span class='ocrx_word' id='word_1_46' title='bbox 1897 705 2098 758; x_wconf 91' lang='lat' dir='ltr'><strong>propu-</strong></span> <span class='ocrx_word' id='word_1_47' title='bbox 2269 691 2404 760; x_wconf 88' lang='lat' dir='ltr'><strong>Cap.</strong></span> <span class='ocrx_word' id='word_1_48' title='bbox 2438 689 2502 743; x_wconf 82' lang='lat' dir='ltr'><strong>V.</strong></span> <span class='ocrx_word' id='word_1_49' title='bbox 2523 691 2673 744; x_wconf 84' lang='lat' dir='ltr'><strong>—Et</strong></span> <span class='ocrx_word' id='word_1_50' title='bbox 2700 699 2780 752; x_wconf 88' lang='lat' dir='ltr'><strong>tu,</strong></span> <span class='ocrx_word' id='word_1_51' title='bbox 2808 690 2881 744; x_wconf 86' lang='lat' dir='ltr'><strong>fili</strong></span> <span class='ocrx_word' id='word_1_52' title='bbox 2927 689 3184 751; x_wconf 83' lang='lat' dir='ltr'><strong>hominis,</strong></span> <span class='ocrx_word' id='word_1_53' title='bbox 3218 702 3374 742; x_wconf 83' lang='lat' dir='ltr'><strong>smne</strong></span> <span class='ocrx_word' id='word_1_54' title='bbox 3414 685 3512 740; x_wconf 83' lang='lat' dir='ltr'><strong>libi</strong></span> <span class='ocrx_word' id='word_1_55' title='bbox 3535 683 3781 754; x_wconf 75' lang='lat' dir='ltr'><strong>gladium</strong></span> 
     </span>
    </p>
   </div>
   <div class='ocr_carea' id='block_1_5' title="bbox 522 776 3789 852">
    <p class='ocr_par' dir='ltr' id='par_1_5' title="bbox 522 776 3789 852">
     <span class='ocr_line' id='line_1_5' title="bbox 522 776 3789 852; baseline -0.002 -18"><span class='ocrx_word' id='word_1_56' title='bbox 522 780 774 852; x_wconf 82' lang='lat' dir='ltr'><strong>gnacula,</strong></span> <span class='ocrx_word' id='word_1_57' title='bbox 798 791 850 832; x_wconf 92' lang='lat' dir='ltr'><strong>ct</strong></span> <span class='ocrx_word' id='word_1_58' title='bbox 875 781 1047 848; x_wconf 85' lang='lat' dir='ltr'><strong>jacies</strong></span> <span class='ocrx_word' id='word_1_59' title='bbox 1077 795 1240 847; x_wconf 84' lang='lat' dir='ltr'><strong>super</strong></span> <span class='ocrx_word' id='word_1_60' title='bbox 1258 796 1376 832; x_wconf 91' lang='lat' dir='ltr'><strong>eam</strong></span> <span class='ocrx_word' id='word_1_61' title='bbox 1414 779 1638 845; x_wconf 86' lang='lat' dir='ltr'><strong>fossam,</strong></span> <span class='ocrx_word' id='word_1_62' title='bbox 1672 789 1726 833; x_wconf 90' lang='lat' dir='ltr'><strong>et</strong></span> <span class='ocrx_word' id='word_1_63' title='bbox 1751 781 1909 834; x_wconf 88' lang='lat' dir='ltr'><strong>dabis</strong></span> <span class='ocrx_word' id='word_1_64' title='bbox 1933 797 2097 850; x_wconf 84' lang='lat' dir='ltr'><strong>super</strong></span> <span class='ocrx_word' id='word_1_65' title='bbox 2199 791 2417 835; x_wconf 89' lang='lat' dir='ltr'><strong>acutum</strong></span> <span class='ocrx_word' id='word_1_66' title='bbox 2469 781 2593 850; x_wconf 89' lang='lat' dir='ltr'><strong>plus</strong></span> <span class='ocrx_word' id='word_1_67' title='bbox 2643 795 2807 849; x_wconf 89' lang='lat' dir='ltr'><strong>quam</strong></span> <span class='ocrx_word' id='word_1_68' title='bbox 2865 779 3132 834; x_wconf 77' lang='lat' dir='ltr'><strong>novacula</strong></span> <span class='ocrx_word' id='word_1_69' title='bbox 3167 776 3430 840; x_wconf 89' lang='lat' dir='ltr'><strong>tonsoris,</strong></span> <span class='ocrx_word' id='word_1_70' title='bbox 3471 786 3522 830; x_wconf 92' lang='lat' dir='ltr'><strong>et</strong></span> <span class='ocrx_word' id='word_1_71' title='bbox 3565 777 3789 846; x_wconf 78' lang='lat' dir='ltr'><strong>posside</strong></span> 
     </span>
    </p>
   </div>
   <div class='ocr_carea' id='block_1_6' title="bbox 521 871 3786 938">
    <p class='ocr_par' dir='ltr' id='par_1_6' title="bbox 521 871 3786 938">
     <span class='ocr_line' id='line_1_6' title="bbox 521 871 3786 938; baseline -0.001 -14"><span class='ocrx_word' id='word_1_72' title='bbox 521 887 639 925; x_wconf 82' lang='lat' dir='ltr'><strong>eam</strong></span> <span class='ocrx_word' id='word_1_73' title='bbox 687 881 889 934; x_wconf 88' lang='lat' dir='ltr'><strong>castra,</strong></span> <span class='ocrx_word' id='word_1_74' title='bbox 927 879 982 924; x_wconf 88' lang='lat' dir='ltr'><strong>et</strong></span> <span class='ocrx_word' id='word_1_75' title='bbox 1027 871 1309 923; x_wconf 85' lang='lat' dir='ltr'><strong>ordinabis</strong></span> <span class='ocrx_word' id='word_1_76' title='bbox 1362 874 1628 927; x_wconf 87' lang='lat' dir='ltr'><strong>stationes</strong></span> <span class='ocrx_word' id='word_1_77' title='bbox 1678 883 1732 926; x_wconf 84' lang='lat' dir='ltr'><strong>et</strong></span> <span class='ocrx_word' id='word_1_78' title='bbox 1788 873 2013 929; x_wconf 91' lang='lat' dir='ltr'><strong>balistas</strong></span> <span class='ocrx_word' id='word_1_79' title='bbox 2042 875 2094 928; x_wconf 94' lang='lat' dir='ltr'><strong>in</strong></span> <span class='ocrx_word' id='word_1_80' title='bbox 2195 888 2320 928; x_wconf 88' lang='lat' dir='ltr'><strong>eum</strong></span> <span class='ocrx_word' id='word_1_81' title='bbox 2349 873 2466 938; x_wconf 85' lang='lat' dir='ltr'><strong>tibi,</strong></span> <span class='ocrx_word' id='word_1_82' title='bbox 2497 883 2550 926; x_wconf 90' lang='lat' dir='ltr'><strong>et</strong></span> <span class='ocrx_word' id='word_1_83' title='bbox 2573 872 2800 926; x_wconf 87' lang='lat' dir='ltr'><strong>inducas</strong></span> <span class='ocrx_word' id='word_1_84' title='bbox 2818 886 2941 925; x_wconf 89' lang='lat' dir='ltr'><strong>eum</strong></span> <span class='ocrx_word' id='word_1_85' title='bbox 2968 885 3130 938; x_wconf 85' lang='lat' dir='ltr'><strong>super</strong></span> <span class='ocrx_word' id='word_1_86' title='bbox 3155 877 3319 937; x_wconf 90' lang='lat' dir='ltr'><strong>caput</strong></span> <span class='ocrx_word' id='word_1_87' title='bbox 3355 877 3786 935; x_wconf 80' lang='lat' dir='ltr'><strong>tuum,etsuper</strong></span> 
     </span>
    </p>
   </div>
   <div class='ocr_carea' id='block_1_7' title="bbox 520 956 3786 1035">
    <p class='ocr_par' dir='ltr' id='par_1_7' title="bbox 520 956 3786 1035">
     <span class='ocr_line' id='line_1_7' title="bbox 520 956 3786 1035; baseline -0.002 -19"><span class='ocrx_word' id='word_1_88' title='bbox 520 979 672 1033; x_wconf 82' lang='lat' dir='ltr'><strong>gyro.</strong></span> <span class='ocrx_word' id='word_1_89' title='bbox 705 964 758 1015; x_wconf 75' lang='grc'><strong>3.</strong></span> <span class='ocrx_word' id='word_1_90' title='bbox 788 962 851 1016; x_wconf 82' lang='grc' dir='ltr'><strong>Ει</strong></span> <span class='ocrx_word' id='word_1_91' title='bbox 879 974 933 1017; x_wconf 94' lang='lat' dir='ltr'><strong>tu</strong></span> <span class='ocrx_word' id='word_1_92' title='bbox 967 979 1122 1018; x_wconf 88' lang='lat' dir='ltr'><strong>sume</strong></span> <span class='ocrx_word' id='word_1_93' title='bbox 1147 963 1242 1016; x_wconf 89' lang='lat' dir='ltr'><strong>tibi</strong></span> <span class='ocrx_word' id='word_1_94' title='bbox 1279 964 1609 1032; x_wconf 86' lang='lat' dir='ltr'><strong>sartaginem</strong></span> <span class='ocrx_word' id='word_1_95' title='bbox 1647 964 1808 1030; x_wconf 77' lang='lat' dir='ltr'><strong>ferri,</strong></span> <span class='ocrx_word' id='word_1_96' title='bbox 1846 977 1898 1020; x_wconf 93' lang='lat' dir='ltr'><strong>et</strong></span> <span class='ocrx_word' id='word_1_97' title='bbox 1924 982 2096 1035; x_wconf 90' lang='lat' dir='ltr'><strong>ponas</strong></span> <span class='ocrx_word' id='word_1_98' title='bbox 2198 963 2421 1018; x_wconf 82' lang='lat' dir='ltr'><strong>barbam</strong></span> <span class='ocrx_word' id='word_1_99' title='bbox 2457 973 2605 1018; x_wconf 91' lang='lat' dir='ltr'><strong>tuam</strong></span> <span class='ocrx_word' id='word_1_100' title='bbox 2635 979 2650 1016; x_wconf 90' lang='lat'><strong>:</strong></span> <span class='ocrx_word' id='word_1_101' title='bbox 2677 973 2731 1016; x_wconf 92' lang='lat' dir='ltr'><strong>et</strong></span> <span class='ocrx_word' id='word_1_102' title='bbox 2760 976 2946 1016; x_wconf 85' lang='lat' dir='ltr'><strong>sumes</strong></span> <span class='ocrx_word' id='word_1_103' title='bbox 2985 962 3051 1026; x_wconf 58' lang='grc' dir='ltr'><strong><em>χ</em></strong></span> <span class='ocrx_word' id='word_1_104' title='bbox 3079 957 3174 1010; x_wconf 85' lang='lat' dir='ltr'><strong>tibi</strong></span> <span class='ocrx_word' id='word_1_105' title='bbox 3216 961 3239 1026; x_wconf 91' lang='lat'><strong>1</strong></span> <span class='ocrx_word' id='word_1_106' title='bbox 3279 966 3537 1011; x_wconf 80' lang='lat' dir='ltr'><strong>stateram</strong></span> <span class='ocrx_word' id='word_1_107' title='bbox 3575 956 3786 1025; x_wconf 88' lang='lat' dir='ltr'><strong>ponde-</strong></span> 
     </span>
    </p>
   </div>
   <div class='ocr_carea' id='block_1_8' title="bbox 519 1047 3784 1128">
    <p class='ocr_par' dir='ltr' id='par_1_8' title="bbox 519 1047 3784 1128">
     <span class='ocr_line' id='line_1_8' title="bbox 519 1047 3784 1128; baseline -0.001 -25"><span class='ocrx_word' id='word_1_108' title='bbox 519 1069 638 1107; x_wconf 72' lang='lat' dir='ltr'><strong>ram</strong></span> <span class='ocrx_word' id='word_1_109' title='bbox 667 1054 927 1122; x_wconf 84' lang='lat' dir='ltr'><strong>parietem</strong></span> <span class='ocrx_word' id='word_1_110' title='bbox 979 1052 1106 1106; x_wconf 86' lang='lat' dir='ltr'><strong>ferri</strong></span> <span class='ocrx_word' id='word_1_111' title='bbox 1143 1054 1283 1108; x_wconf 87' lang='lat' dir='ltr'><strong>inter</strong></span> <span class='ocrx_word' id='word_1_112' title='bbox 1325 1063 1376 1108; x_wconf 91' lang='lat' dir='ltr'><strong>te</strong></span> <span class='ocrx_word' id='word_1_113' title='bbox 1416 1064 1470 1108; x_wconf 91' lang='lat' dir='ltr'><strong>et</strong></span> <span class='ocrx_word' id='word_1_114' title='bbox 1506 1055 1648 1109; x_wconf 88' lang='lat' dir='ltr'><strong>inter</strong></span> <span class='ocrx_word' id='word_1_115' title='bbox 1693 1057 1902 1121; x_wconf 84' lang='lat' dir='ltr'><strong>urbem,</strong></span> <span class='ocrx_word' id='word_1_116' title='bbox 1936 1058 2010 1128; x_wconf 82' lang='lat' dir='ltr'><strong>(g)</strong></span> <span class='ocrx_word' id='word_1_117' title='bbox 2043 1069 2096 1113; x_wconf 86' lang='lat' dir='ltr'><strong>et</strong></span> <span class='ocrx_word' id='word_1_118' title='bbox 2198 1070 2341 1119; x_wconf 87' lang='lat' dir='ltr'><strong>rum,</strong></span> <span class='ocrx_word' id='word_1_119' title='bbox 2371 1064 2424 1108; x_wconf 90' lang='lat' dir='ltr'><strong>et</strong></span> <span class='ocrx_word' id='word_1_120' title='bbox 2451 1052 2661 1108; x_wconf 87' lang='lat' dir='ltr'><strong>divides</strong></span> <span class='ocrx_word' id='word_1_121' title='bbox 2686 1068 2748 1106; x_wconf 90' lang='lat' dir='ltr'><strong>ea</strong></span> <span class='ocrx_word' id='word_1_122' title='bbox 2773 1069 2786 1102; x_wconf 89' lang='lat'><strong>:</strong></span> <span class='ocrx_word' id='word_1_123' title='bbox 2814 1053 2868 1105; x_wconf 75' lang='lat'><strong>2.</strong></span> <span class='ocrx_word' id='word_1_124' title='bbox 2909 1061 3162 1120; x_wconf 81' lang='lat' dir='ltr'><strong>quartam</strong></span> <span class='ocrx_word' id='word_1_125' title='bbox 3204 1059 3413 1118; x_wconf 90' lang='lat' dir='ltr'><strong>partem</strong></span> <span class='ocrx_word' id='word_1_126' title='bbox 3466 1048 3519 1101; x_wconf 90' lang='lat' dir='ltr'><strong>in</strong></span> <span class='ocrx_word' id='word_1_127' title='bbox 3557 1049 3680 1118; x_wconf 89' lang='lat' dir='ltr'><strong>igne</strong></span> <span class='ocrx_word' id='word_1_128' title='bbox 3705 1047 3784 1118; x_wconf 80' lang='grc' dir='ltr'><strong>(ιι)</strong></span> 
     </span>
    </p>
   </div>
   <div class='ocr_carea' id='block_1_9' title="bbox 522 1139 3785 1214">
    <p class='ocr_par' dir='ltr' id='par_1_9' title="bbox 522 1139 3785 1214">
     <span class='ocr_line' id='line_1_9' title="bbox 522 1139 3785 1214; baseline 0 -20"><span class='ocrx_word' id='word_1_129' title='bbox 522 1142 738 1210; x_wconf 90' lang='lat' dir='ltr'><strong>parabis</strong></span> <span class='ocrx_word' id='word_1_130' title='bbox 767 1141 958 1196; x_wconf 87' lang='lat' dir='ltr'><strong>faciem</strong></span> <span class='ocrx_word' id='word_1_131' title='bbox 1001 1151 1153 1198; x_wconf 90' lang='lat' dir='ltr'><strong>tuum</strong></span> <span class='ocrx_word' id='word_1_132' title='bbox 1185 1158 1350 1213; x_wconf 88' lang='lat' dir='ltr'><strong>super</strong></span> <span class='ocrx_word' id='word_1_133' title='bbox 1369 1159 1510 1208; x_wconf 89' lang='lat' dir='ltr'><strong>eam,</strong></span> <span class='ocrx_word' id='word_1_134' title='bbox 1549 1145 1624 1213; x_wconf 77' lang='lat' dir='ltr'><strong>(Ii)</strong></span> <span class='ocrx_word' id='word_1_135' title='bbox 1658 1157 1710 1199; x_wconf 91' lang='lat' dir='ltr'><strong>et</strong></span> <span class='ocrx_word' id='word_1_136' title='bbox 1747 1146 1849 1200; x_wconf 89' lang='lat' dir='ltr'><strong>erit</strong></span> <span class='ocrx_word' id='word_1_137' title='bbox 1880 1147 1931 1199; x_wconf 87' lang='lat' dir='ltr'><strong>in</strong></span> <span class='ocrx_word' id='word_1_138' title='bbox 1966 1163 2096 1201; x_wconf 91' lang='lat' dir='ltr'><strong>con-</strong></span> <span class='ocrx_word' id='word_1_139' title='bbox 2195 1145 2496 1214; x_wconf 90' lang='lat' dir='ltr'><strong>dissipabis</strong></span> <span class='ocrx_word' id='word_1_140' title='bbox 2526 1146 2578 1198; x_wconf 91' lang='lat' dir='ltr'><strong>in</strong></span> <span class='ocrx_word' id='word_1_141' title='bbox 2604 1144 2784 1198; x_wconf 90' lang='lat' dir='ltr'><strong>medio</strong></span> <span class='ocrx_word' id='word_1_142' title='bbox 2811 1143 2982 1200; x_wconf 83' lang='lat' dir='ltr'><strong>urbis.</strong></span> <span class='ocrx_word' id='word_1_143' title='bbox 3031 1140 3110 1210; x_wconf 84' lang='grc' dir='ltr'><strong>(ο)</strong></span> <span class='ocrx_word' id='word_1_144' title='bbox 3158 1139 3316 1209; x_wconf 74' lang='lat' dir='ltr'><strong>juxta</strong></span> <span class='ocrx_word' id='word_1_145' title='bbox 3358 1139 3785 1208; x_wconf 84' lang='lat' dir='ltr'><strong>completionem</strong></span> 
     </span>
    </p>
   </div>
   <div class='ocr_carea' id='block_1_10' title="bbox 517 1232 3784 1302">
    <p class='ocr_par' dir='ltr' id='par_1_10' title="bbox 517 1232 3784 1302">
     <span class='ocr_line' id='line_1_10' title="bbox 517 1232 3784 1302; baseline -0.001 -16"><span class='ocrx_word' id='word_1_146' title='bbox 517 1232 782 1297; x_wconf 86' lang='lat' dir='ltr'><strong>clusione,</strong></span> <span class='ocrx_word' id='word_1_147' title='bbox 831 1244 882 1287; x_wconf 88' lang='lat' dir='ltr'><strong>et</strong></span> <span class='ocrx_word' id='word_1_148' title='bbox 929 1234 1224 1289; x_wconf 89' lang='lat' dir='ltr'><strong>concludes</strong></span> <span class='ocrx_word' id='word_1_149' title='bbox 1265 1250 1384 1289; x_wconf 89' lang='lat' dir='ltr'><strong>eam</strong></span> <span class='ocrx_word' id='word_1_150' title='bbox 1424 1253 1436 1289; x_wconf 93' lang='lat'>:</span> <span class='ocrx_word' id='word_1_151' title='bbox 1469 1237 1686 1302; x_wconf 84' lang='lat' dir='ltr'><strong>signum</strong></span> <span class='ocrx_word' id='word_1_152' title='bbox 1718 1247 1801 1292; x_wconf 88' lang='lat' dir='ltr'><strong>est</strong></span> <span class='ocrx_word' id='word_1_153' title='bbox 1832 1239 1936 1292; x_wconf 90' lang='lat' dir='ltr'><strong>hoc</strong></span> <span class='ocrx_word' id='word_1_154' title='bbox 1967 1240 2094 1295; x_wconf 83' lang='lat' dir='ltr'><strong>filiis</strong></span> <span class='ocrx_word' id='word_1_155' title='bbox 2196 1237 2406 1292; x_wconf 87' lang='lat' dir='ltr'><strong>dierum</strong></span> <span class='ocrx_word' id='word_1_156' title='bbox 2442 1235 2815 1291; x_wconf 87' lang='lat' dir='ltr'><strong>conclusionis</strong></span> <span class='ocrx_word' id='word_1_157' title='bbox 2845 1249 2858 1285; x_wconf 94' lang='lat'><strong>:</strong></span> <span class='ocrx_word' id='word_1_158' title='bbox 2891 1244 2944 1287; x_wconf 92' lang='lat' dir='ltr'><strong>et</strong></span> <span class='ocrx_word' id='word_1_159' title='bbox 2972 1247 3158 1287; x_wconf 88' lang='lat' dir='ltr'><strong>sumes</strong></span> <span class='ocrx_word' id='word_1_160' title='bbox 3189 1241 3438 1300; x_wconf 85' lang='lat' dir='ltr'><strong>quartam</strong></span> <span class='ocrx_word' id='word_1_161' title='bbox 3469 1240 3784 1300; x_wconf 76' lang='lat' dir='ltr'><strong>partem,+</strong></span> 
     </span>
    </p>
   </div>
   <div class='ocr_carea' id='block_1_11' title="bbox 519 1319 3779 1394">
    <p class='ocr_par' dir='ltr' id='par_1_11' title="bbox 519 1319 3779 1394">
     <span class='ocr_line' id='line_1_11' title="bbox 519 1319 3779 1394; baseline 0.001 -23"><span class='ocrx_word' id='word_1_162' title='bbox 519 1319 756 1374; x_wconf 86' lang='lat' dir='ltr'><strong>lsraelis.</strong></span> <span class='ocrx_word' id='word_1_163' title='bbox 788 1319 840 1373; x_wconf 71' lang='grc' dir='ltr'><strong>ι.</strong></span> <span class='ocrx_word' id='word_1_164' title='bbox 877 1319 942 1374; x_wconf 86' lang='grc' dir='ltr'>Ει</span> <span class='ocrx_word' id='word_1_165' title='bbox 984 1331 1042 1376; x_wconf 93' lang='lat' dir='ltr'><strong>tu</strong></span> <span class='ocrx_word' id='word_1_166' title='bbox 1096 1323 1324 1377; x_wconf 90' lang='lat' dir='ltr'><strong>cubabis</strong></span> <span class='ocrx_word' id='word_1_167' title='bbox 1353 1339 1517 1392; x_wconf 89' lang='lat' dir='ltr'><strong>super</strong></span> <span class='ocrx_word' id='word_1_168' title='bbox 1561 1326 1701 1379; x_wconf 87' lang='lat' dir='ltr'><strong>latus</strong></span> <span class='ocrx_word' id='word_1_169' title='bbox 1757 1335 1908 1380; x_wconf 91' lang='lat' dir='ltr'><strong>tuum</strong></span> <span class='ocrx_word' id='word_1_170' title='bbox 1959 1329 2096 1382; x_wconf 78' lang='lat' dir='ltr'><strong>sini—</strong></span> <span class='ocrx_word' id='word_1_171' title='bbox 2194 1338 2250 1383; x_wconf 91' lang='lat' dir='ltr'><strong>et</strong></span> <span class='ocrx_word' id='word_1_172' title='bbox 2278 1330 2700 1383; x_wconf 88' lang='lat' dir='ltr'><strong>combureseam</strong></span> <span class='ocrx_word' id='word_1_173' title='bbox 2726 1327 2778 1380; x_wconf 94' lang='lat' dir='ltr'><strong>in</strong></span> <span class='ocrx_word' id='word_1_174' title='bbox 2802 1324 3112 1394; x_wconf 89' lang='lat' dir='ltr'><strong>medioejus</strong></span> <span class='ocrx_word' id='word_1_175' title='bbox 3137 1332 3489 1392; x_wconf 84' lang='lat' dir='ltr'><strong>:etquartam</strong></span> <span class='ocrx_word' id='word_1_176' title='bbox 3514 1334 3725 1391; x_wconf 88' lang='lat' dir='ltr'><strong>partem</strong></span> <span class='ocrx_word' id='word_1_177' title='bbox 3757 1324 3779 1392; x_wconf 92' lang='lat'><strong>1</strong></span> 
     </span>
    </p>
   </div>
   <div class='ocr_carea' id='block_1_12' title="bbox 517 1413 3782 1486">
    <p class='ocr_par' dir='ltr' id='par_1_12' title="bbox 517 1413 3782 1486">
     <span class='ocr_line' id='line_1_12' title="bbox 517 1413 3782 1486; baseline 0.001 -22"><span class='ocrx_word' id='word_1_178' title='bbox 517 1422 718 1476; x_wconf 75' lang='lat' dir='ltr'><strong>atrum,</strong></span> <span class='ocrx_word' id='word_1_179' title='bbox 737 1421 789 1466; x_wconf 88' lang='lat' dir='ltr'><strong>et</strong></span> <span class='ocrx_word' id='word_1_180' title='bbox 808 1427 980 1481; x_wconf 90' lang='lat' dir='ltr'><strong>pones</strong></span> <span class='ocrx_word' id='word_1_181' title='bbox 1008 1413 1306 1479; x_wconf 88' lang='lat' dir='ltr'><strong>injustitias</strong></span> <span class='ocrx_word' id='word_1_182' title='bbox 1343 1413 1542 1468; x_wconf 83' lang='lat' dir='ltr'><strong>donius</strong></span> <span class='ocrx_word' id='word_1_183' title='bbox 1577 1413 1790 1472; x_wconf 90' lang='lat' dir='ltr'><strong>lsraelis</strong></span> <span class='ocrx_word' id='word_1_184' title='bbox 1816 1433 1980 1485; x_wconf 81' lang='lat' dir='ltr'><strong>super</strong></span> <span class='ocrx_word' id='word_1_185' title='bbox 2005 1434 2091 1486; x_wconf 90' lang='lat' dir='ltr'><strong>eo,</strong></span> <span class='ocrx_word' id='word_1_186' title='bbox 2197 1419 2456 1474; x_wconf 90' lang='lat' dir='ltr'><strong>eoncides</strong></span> <span class='ocrx_word' id='word_1_187' title='bbox 2486 1419 2539 1472; x_wconf 92' lang='lat' dir='ltr'><strong>in</strong></span> <span class='ocrx_word' id='word_1_188' title='bbox 2569 1418 2747 1485; x_wconf 89' lang='lat' dir='ltr'><strong>gladio</strong></span> <span class='ocrx_word' id='word_1_189' title='bbox 2772 1417 2979 1472; x_wconf 85' lang='lat' dir='ltr'><strong>circum</strong></span> <span class='ocrx_word' id='word_1_190' title='bbox 3015 1431 3135 1468; x_wconf 85' lang='lat' dir='ltr'><strong>eam</strong></span> <span class='ocrx_word' id='word_1_191' title='bbox 3163 1433 3176 1469; x_wconf 89' lang='lat'><strong>:</strong></span> <span class='ocrx_word' id='word_1_192' title='bbox 3206 1425 3261 1469; x_wconf 93' lang='lat' dir='ltr'><strong>et</strong></span> <span class='ocrx_word' id='word_1_193' title='bbox 3288 1424 3542 1484; x_wconf 81' lang='lat' dir='ltr'><strong>quartam</strong></span> <span class='ocrx_word' id='word_1_194' title='bbox 3569 1424 3782 1484; x_wconf 87' lang='lat' dir='ltr'><strong>partem</strong></span> 
     </span>
    </p>
   </div>
   <div class='ocr_carea' id='block_1_13' title="bbox 514 1504 3782 1579">
    <p class='ocr_par' dir='ltr' id='par_1_13' title="bbox 514 1504 3782 1579">
     <span class='ocr_line' id='line_1_13' title="bbox 514 1504 3782 1579; baseline 0.001 -22"><span class='ocrx_word' id='word_1_195' title='bbox 514 1504 672 1573; x_wconf 78' lang='lat' dir='ltr'><strong>juxta</strong></span> <span class='ocrx_word' id='word_1_196' title='bbox 709 1521 998 1559; x_wconf 87' lang='lat' dir='ltr'><strong>numerum</strong></span> <span class='ocrx_word' id='word_1_197' title='bbox 1032 1506 1247 1561; x_wconf 86' lang='lat' dir='ltr'><strong>dierum</strong></span> <span class='ocrx_word' id='word_1_198' title='bbox 1281 1521 1342 1561; x_wconf 56' lang='grc' dir='ltr'><strong>-θ-</strong></span> <span class='ocrx_word' id='word_1_199' title='bbox 1380 1507 1674 1576; x_wconf 89' lang='lat' dir='ltr'><strong>nonaginta</strong></span> <span class='ocrx_word' id='word_1_200' title='bbox 1709 1518 1762 1562; x_wconf 92' lang='lat' dir='ltr'><strong>et</strong></span> <span class='ocrx_word' id='word_1_201' title='bbox 1791 1512 2090 1579; x_wconf 88' lang='lat' dir='ltr'><strong>centum1,</strong></span> <span class='ocrx_word' id='word_1_202' title='bbox 2194 1511 2474 1579; x_wconf 90' lang='lat' dir='ltr'><strong>disperges</strong></span> <span class='ocrx_word' id='word_1_203' title='bbox 2517 1519 2682 1563; x_wconf 77' lang='lat' dir='ltr'><strong>vento</strong></span> <span class='ocrx_word' id='word_1_204' title='bbox 2727 1525 2740 1560; x_wconf 92' lang='lat'>:</span> <span class='ocrx_word' id='word_1_205' title='bbox 2809 1515 2864 1562; x_wconf 85' lang='lat' dir='ltr'><strong>et</strong></span> <span class='ocrx_word' id='word_1_206' title='bbox 2909 1507 3148 1578; x_wconf 77' lang='lat' dir='ltr'><strong>gladium</strong></span> <span class='ocrx_word' id='word_1_207' title='bbox 3188 1507 3465 1562; x_wconf 87' lang='lat' dir='ltr'><strong>evacuabo</strong></span> <span class='ocrx_word' id='word_1_208' title='bbox 3495 1517 3618 1575; x_wconf 88' lang='lat' dir='ltr'><strong>post</strong></span> <span class='ocrx_word' id='word_1_209' title='bbox 3662 1521 3782 1562; x_wconf 69' lang='lat' dir='ltr'><strong>eos.</strong></span> 
     </span>
    </p>
   </div>
   <div class='ocr_carea' id='block_1_14' title="bbox 515 1595 3783 1670">
    <p class='ocr_par' dir='ltr' id='par_1_14' title="bbox 515 1595 3783 1670">
     <span class='ocr_line' id='line_1_14' title="bbox 515 1595 3783 1670; baseline 0.001 -22"><span class='ocrx_word' id='word_1_210' title='bbox 515 1609 658 1664; x_wconf 85' lang='lat' dir='ltr'><strong>quos</strong></span> <span class='ocrx_word' id='word_1_211' title='bbox 695 1595 925 1651; x_wconf 87' lang='lat' dir='ltr'><strong>eubabis</strong></span> <span class='ocrx_word' id='word_1_212' title='bbox 960 1611 1123 1664; x_wconf 89' lang='lat' dir='ltr'><strong>super</strong></span> <span class='ocrx_word' id='word_1_213' title='bbox 1169 1613 1255 1661; x_wconf 90' lang='lat' dir='ltr'><strong>eo,</strong></span> <span class='ocrx_word' id='word_1_214' title='bbox 1285 1607 1338 1650; x_wconf 88' lang='lat' dir='ltr'><strong>et</strong></span> <span class='ocrx_word' id='word_1_215' title='bbox 1387 1612 1638 1652; x_wconf 84' lang='lat' dir='ltr'><strong>assumes</strong></span> <span class='ocrx_word' id='word_1_216' title='bbox 1676 1598 1974 1666; x_wconf 88' lang='lat' dir='ltr'><strong>injustitias</strong></span> <span class='ocrx_word' id='word_1_217' title='bbox 2002 1615 2095 1654; x_wconf 84' lang='lat' dir='ltr'><strong>eo-</strong></span> <span class='ocrx_word' id='word_1_218' title='bbox 2194 1603 2246 1656; x_wconf 79' lang='grc'><strong>5.</strong></span> <span class='ocrx_word' id='word_1_219' title='bbox 2276 1601 2341 1656; x_wconf 83' lang='lat' dir='ltr'><strong>Et</strong></span> <span class='ocrx_word' id='word_1_220' title='bbox 2370 1617 2558 1656; x_wconf 89' lang='lat' dir='ltr'><strong>sumes</strong></span> <span class='ocrx_word' id='word_1_221' title='bbox 2585 1601 2710 1655; x_wconf 88' lang='lat' dir='ltr'><strong>inde</strong></span> <span class='ocrx_word' id='word_1_222' title='bbox 2737 1615 2943 1670; x_wconf 74' lang='lat' dir='ltr'><strong>paucos</strong></span> <span class='ocrx_word' id='word_1_223' title='bbox 2965 1601 3018 1654; x_wconf 91' lang='lat' dir='ltr'><strong>in</strong></span> <span class='ocrx_word' id='word_1_224' title='bbox 3048 1615 3299 1661; x_wconf 91' lang='lat' dir='ltr'><strong>numero,</strong></span> <span class='ocrx_word' id='word_1_225' title='bbox 3338 1609 3392 1653; x_wconf 90' lang='lat' dir='ltr'><strong>et</strong></span> <span class='ocrx_word' id='word_1_226' title='bbox 3416 1599 3577 1654; x_wconf 87' lang='lat' dir='ltr'><strong>simul</strong></span> <span class='ocrx_word' id='word_1_227' title='bbox 3604 1599 3783 1656; x_wconf 66' lang='lat' dir='ltr'><strong>invol-</strong></span> 
     </span>
    </p>
   </div>
   <div class='ocr_carea' id='block_1_15' title="bbox 520 1686 3776 1757">
    <p class='ocr_par' dir='ltr' id='par_1_15' title="bbox 520 1686 3776 1757">
     <span class='ocr_line' id='line_1_15' title="bbox 520 1686 3776 1757; baseline 0.003 -20"><span class='ocrx_word' id='word_1_228' title='bbox 520 1703 660 1740; x_wconf 89' lang='lat' dir='ltr'><strong>rum.</strong></span> <span class='ocrx_word' id='word_1_229' title='bbox 695 1686 749 1740; x_wconf 87' lang='lat'><strong>5.</strong></span> <span class='ocrx_word' id='word_1_230' title='bbox 786 1686 851 1739; x_wconf 76' lang='lat' dir='ltr'><strong>Et</strong></span> <span class='ocrx_word' id='word_1_231' title='bbox 877 1703 978 1757; x_wconf 92' lang='lat' dir='ltr'><strong>ego</strong></span> <span class='ocrx_word' id='word_1_232' title='bbox 1016 1687 1138 1741; x_wconf 87' lang='lat' dir='ltr'><strong>dedi</strong></span> <span class='ocrx_word' id='word_1_233' title='bbox 1175 1688 1268 1741; x_wconf 90' lang='lat' dir='ltr'><strong>tibi</strong></span> <span class='ocrx_word' id='word_1_234' title='bbox 1299 1689 1435 1742; x_wconf 89' lang='lat' dir='ltr'><strong>duas</strong></span> <span class='ocrx_word' id='word_1_235' title='bbox 1479 1689 1776 1756; x_wconf 88' lang='lat' dir='ltr'><strong>injustitias</strong></span> <span class='ocrx_word' id='word_1_236' title='bbox 1816 1707 2004 1745; x_wconf 91' lang='lat' dir='ltr'><strong>eorum</strong></span> <span class='ocrx_word' id='word_1_237' title='bbox 2039 1692 2092 1745; x_wconf 91' lang='lat' dir='ltr'><strong>in</strong></span> <span class='ocrx_word' id='word_1_238' title='bbox 2193 1710 2289 1749; x_wconf 81' lang='lat' dir='ltr'><strong>ves</strong></span> <span class='ocrx_word' id='word_1_239' title='bbox 2317 1710 2413 1749; x_wconf 91' lang='lat' dir='ltr'><strong>eos</strong></span> <span class='ocrx_word' id='word_1_240' title='bbox 2443 1693 2762 1748; x_wconf 88' lang='lat' dir='ltr'><strong>indumento</strong></span> <span class='ocrx_word' id='word_1_241' title='bbox 2793 1703 2908 1746; x_wconf 91' lang='lat' dir='ltr'><strong>tuo.</strong></span> <span class='ocrx_word' id='word_1_242' title='bbox 2935 1693 2988 1746; x_wconf 74' lang='grc'><strong>4.</strong></span> <span class='ocrx_word' id='word_1_243' title='bbox 3029 1690 3096 1746; x_wconf 85' lang='grc' dir='ltr'><strong>Ει</strong></span> <span class='ocrx_word' id='word_1_244' title='bbox 3123 1706 3189 1746; x_wconf 79' lang='lat' dir='ltr'><strong>ex</strong></span> <span class='ocrx_word' id='word_1_245' title='bbox 3241 1691 3326 1746; x_wconf 84' lang='lat' dir='ltr'><strong>liis</strong></span> <span class='ocrx_word' id='word_1_246' title='bbox 3358 1707 3543 1746; x_wconf 88' lang='lat' dir='ltr'><strong>sumes</strong></span> <span class='ocrx_word' id='word_1_247' title='bbox 3580 1691 3776 1757; x_wconf 87' lang='lat' dir='ltr'><strong>adhuc,</strong></span> 
     </span>
    </p>
   </div>
   <div class='ocr_carea' id='block_1_16' title="bbox 516 1778 3775 1856">
    <p class='ocr_par' dir='ltr' id='par_1_16' title="bbox 516 1778 3775 1856">
     <span class='ocr_line' id='line_1_16' title="bbox 516 1778 3775 1856; baseline 0.002 -26"><span class='ocrx_word' id='word_1_248' title='bbox 516 1794 802 1832; x_wconf 78' lang='lat' dir='ltr'><strong>nunerum</strong></span> <span class='ocrx_word' id='word_1_249' title='bbox 839 1778 1074 1840; x_wconf 89' lang='lat' dir='ltr'><strong>dierum,</strong></span> <span class='ocrx_word' id='word_1_250' title='bbox 1108 1786 1160 1832; x_wconf 94' lang='lat' dir='ltr'><strong>et</strong></span> <span class='ocrx_word' id='word_1_251' title='bbox 1200 1788 1419 1832; x_wconf 86' lang='lat' dir='ltr'><strong>centum</strong></span> <span class='ocrx_word' id='word_1_252' title='bbox 1449 1779 1586 1845; x_wconf 90' lang='lat' dir='ltr'><strong>dies,</strong></span> <span class='ocrx_word' id='word_1_253' title='bbox 1631 1790 1684 1834; x_wconf 90' lang='lat' dir='ltr'><strong>et</strong></span> <span class='ocrx_word' id='word_1_254' title='bbox 1734 1779 1982 1836; x_wconf 65' lang='lat' dir='ltr'><strong>assum’es</strong></span> <span class='ocrx_word' id='word_1_255' title='bbox 2017 1783 2095 1847; x_wconf 87' lang='lat' dir='ltr'><strong>in_-</strong></span> <span class='ocrx_word' id='word_1_256' title='bbox 2194 1797 2248 1840; x_wconf 90' lang='lat' dir='ltr'><strong>et</strong></span> <span class='ocrx_word' id='word_1_257' title='bbox 2279 1785 2538 1856; x_wconf 87' lang='lat' dir='ltr'><strong>projicies</strong></span> <span class='ocrx_word' id='word_1_258' title='bbox 2569 1799 2632 1838; x_wconf 87' lang='lat' dir='ltr'><strong>ea</strong></span> <span class='ocrx_word' id='word_1_259' title='bbox 2669 1784 2721 1837; x_wconf 91' lang='lat' dir='ltr'><strong>in</strong></span> <span class='ocrx_word' id='word_1_260' title='bbox 2748 1784 2986 1838; x_wconf 90' lang='lat' dir='ltr'><strong>medium</strong></span> <span class='ocrx_word' id='word_1_261' title='bbox 3032 1783 3195 1852; x_wconf 86' lang='lat' dir='ltr'><strong>ignis,</strong></span> <span class='ocrx_word' id='word_1_262' title='bbox 3223 1792 3276 1837; x_wconf 91' lang='lat' dir='ltr'><strong>et</strong></span> <span class='ocrx_word' id='word_1_263' title='bbox 3317 1783 3608 1837; x_wconf 89' lang='lat' dir='ltr'><strong>combures</strong></span> <span class='ocrx_word' id='word_1_264' title='bbox 3637 1799 3697 1837; x_wconf 90' lang='lat' dir='ltr'><strong>ea</strong></span> <span class='ocrx_word' id='word_1_265' title='bbox 3721 1784 3775 1838; x_wconf 92' lang='lat' dir='ltr'><strong>in</strong></span> 
     </span>
    </p>
   </div>
   <div class='ocr_carea' id='block_1_17' title="bbox 509 1861 3777 1946">
    <p class='ocr_par' dir='ltr' id='par_1_17' title="bbox 509 1861 3777 1946">
     <span class='ocr_line' id='line_1_17' title="bbox 509 1861 3777 1946; baseline 0 -22"><span class='ocrx_word' id='word_1_266' title='bbox 509 1870 755 1936; x_wconf 81' lang='lat' dir='ltr'><strong>justitias</strong></span> <span class='ocrx_word' id='word_1_267' title='bbox 785 1871 982 1924; x_wconf 82' lang='lat' dir='ltr'><strong>domus</strong></span> <span class='ocrx_word' id='word_1_268' title='bbox 1008 1870 1244 1926; x_wconf 88' lang='lat' dir='ltr'><strong>lsraelis.</strong></span> <span class='ocrx_word' id='word_1_269' title='bbox 1278 1872 1331 1926; x_wconf 90' lang='lat'><strong>6.</strong></span> <span class='ocrx_word' id='word_1_270' title='bbox 1360 1872 1426 1926; x_wconf 83' lang='lat' dir='ltr'><strong>Et</strong></span> <span class='ocrx_word' id='word_1_271' title='bbox 1447 1874 1860 1928; x_wconf 90' lang='lat' dir='ltr'><strong>consummabis</strong></span> <span class='ocrx_word' id='word_1_272' title='bbox 1889 1875 2003 1929; x_wconf 65' lang='lat' dir='ltr'><strong>hare</strong></span> <span class='ocrx_word' id='word_1_273' title='bbox 2025 1889 2087 1929; x_wconf 77' lang='lat'><em>+</em></span> <span class='ocrx_word' id='word_1_274' title='bbox 2125 1861 2164 1914; x_wconf 77' lang='grc' dir='ltr'><strong>Β</strong></span> <span class='ocrx_word' id='word_1_275' title='bbox 2194 1876 2316 1946; x_wconf 90' lang='lat' dir='ltr'><strong>igne</strong></span> <span class='ocrx_word' id='word_1_276' title='bbox 2351 1894 2364 1929; x_wconf 89' lang='lat'>:</span> <span class='ocrx_word' id='word_1_277' title='bbox 2396 1891 2462 1929; x_wconf 88' lang='lat' dir='ltr'><strong>ex</strong></span> <span class='ocrx_word' id='word_1_278' title='bbox 2517 1889 2580 1930; x_wconf 91' lang='lat' dir='ltr'><strong>ea</strong></span> <span class='ocrx_word' id='word_1_279' title='bbox 2627 1873 2936 1944; x_wconf 80' lang='lat' dir='ltr'><strong>egredietur</strong></span> <span class='ocrx_word' id='word_1_280' title='bbox 2977 1873 3158 1942; x_wconf 86' lang='lat' dir='ltr'><strong>ignis:</strong></span> <span class='ocrx_word' id='word_1_281' title='bbox 3209 1887 3272 1927; x_wconf 57' lang='grc' dir='ltr'><strong>αι-</strong></span> <span class='ocrx_word' id='word_1_282' title='bbox 3302 1881 3354 1926; x_wconf 89' lang='lat' dir='ltr'><strong>et</strong></span> <span class='ocrx_word' id='word_1_283' title='bbox 3389 1871 3590 1939; x_wconf 86' lang='lat' dir='ltr'><strong>dices1</strong></span> <span class='ocrx_word' id='word_1_284' title='bbox 3627 1871 3777 1927; x_wconf 91' lang='lat' dir='ltr'><strong>omni</strong></span> 
     </span>
    </p>
   </div>
   <div class='ocr_carea' id='block_1_18' title="bbox 512 1951 3780 2031">
    <p class='ocr_par' dir='ltr' id='par_1_18' title="bbox 512 1951 3780 2031">
     <span class='ocr_line' id='line_1_18' title="bbox 512 1951 3780 2031; baseline 0.002 -19"><span class='ocrx_word' id='word_1_285' title='bbox 512 1960 696 2016; x_wconf 84' lang='lat' dir='ltr'><strong>omnia</strong></span> <span class='ocrx_word' id='word_1_286' title='bbox 745 1960 766 2028; x_wconf 74' lang='grc' dir='ltr'>ζ</span> <span class='ocrx_word' id='word_1_287' title='bbox 803 2003 817 2025; x_wconf 92' lang='grc'><strong>,</strong></span> <span class='ocrx_word' id='word_1_288' title='bbox 865 1971 918 2014; x_wconf 89' lang='lat' dir='ltr'><strong>et</strong></span> <span class='ocrx_word' id='word_1_289' title='bbox 979 1961 1206 2016; x_wconf 89' lang='lat' dir='ltr'><strong>cubabis</strong></span> <span class='ocrx_word' id='word_1_290' title='bbox 1251 1978 1413 2031; x_wconf 89' lang='lat' dir='ltr'><strong>super</strong></span> <span class='ocrx_word' id='word_1_291' title='bbox 1453 1964 1597 2017; x_wconf 88' lang='lat' dir='ltr'><strong>latus</strong></span> <span class='ocrx_word' id='word_1_292' title='bbox 1639 1976 1790 2018; x_wconf 90' lang='lat' dir='ltr'><strong>tuum</strong></span> <span class='ocrx_word' id='word_1_293' title='bbox 1838 1965 2089 2019; x_wconf 83' lang='lat' dir='ltr'><strong>dextrum</strong></span> <span class='ocrx_word' id='word_1_294' title='bbox 2195 1967 2382 2021; x_wconf 90' lang='lat' dir='ltr'><strong>domui</strong></span> <span class='ocrx_word' id='word_1_295' title='bbox 2422 1951 2677 2021; x_wconf 83' lang='lat' dir='ltr'><strong>lsraelis:</strong></span> <span class='ocrx_word' id='word_1_296' title='bbox 2711 1964 2761 2018; x_wconf 82' lang='lat'><strong>5.</strong></span> <span class='ocrx_word' id='word_1_297' title='bbox 2791 1963 2917 2018; x_wconf 60' lang='lat' dir='ltr'><strong>Haec</strong></span> <span class='ocrx_word' id='word_1_298' title='bbox 2946 1963 3303 2018; x_wconf 85' lang='lat' dir='ltr'><strong>dicitAdunai</strong></span> <span class='ocrx_word' id='word_1_299' title='bbox 3326 1961 3624 2018; x_wconf 87' lang='lat' dir='ltr'><strong>Dominus:</strong></span> <span class='ocrx_word' id='word_1_300' title='bbox 3651 1962 3780 2019; x_wconf 57' lang='lat' dir='ltr'><strong>Haec</strong></span> 
     </span>
    </p>
   </div>
   <div class='ocr_carea' id='block_1_19' title="bbox 512 2052 3784 2127">
    <p class='ocr_par' dir='ltr' id='par_1_19' title="bbox 512 2052 3784 2127">
     <span class='ocr_line' id='line_1_19' title="bbox 512 2052 3784 2127; baseline 0.001 -21"><span class='ocrx_word' id='word_1_301' title='bbox 512 2053 839 2118; x_wconf 57' lang='lat' dir='ltr'><strong>Xsecundo</strong></span> <span class='ocrx_word' id='word_1_302' title='bbox 873 2052 896 2120; x_wconf 90' lang='lat'><strong>1</strong></span> <span class='ocrx_word' id='word_1_303' title='bbox 925 2092 939 2118; x_wconf 88' lang='lat'><strong>,</strong></span> <span class='ocrx_word' id='word_1_304' title='bbox 988 2062 1042 2107; x_wconf 91' lang='lat' dir='ltr'><strong>et</strong></span> <span class='ocrx_word' id='word_1_305' title='bbox 1082 2068 1332 2107; x_wconf 85' lang='lat' dir='ltr'><strong>assumes</strong></span> <span class='ocrx_word' id='word_1_306' title='bbox 1373 2053 1672 2124; x_wconf 90' lang='lat' dir='ltr'><strong>injustitias</strong></span> <span class='ocrx_word' id='word_1_307' title='bbox 1714 2055 1910 2111; x_wconf 91' lang='lat' dir='ltr'><strong>domus</strong></span> <span class='ocrx_word' id='word_1_308' title='bbox 1939 2055 2094 2110; x_wconf 77' lang='lat' dir='ltr'><strong>Judze</strong></span> <span class='ocrx_word' id='word_1_309' title='bbox 2193 2059 2522 2123; x_wconf 81' lang='lat' dir='ltr'><strong>Jerusalem,</strong></span> <span class='ocrx_word' id='word_1_310' title='bbox 2555 2057 2631 2127; x_wconf 88' lang='lat' dir='ltr'><strong>(p)</strong></span> <span class='ocrx_word' id='word_1_311' title='bbox 2665 2057 2719 2110; x_wconf 88' lang='lat' dir='ltr'><strong>in</strong></span> <span class='ocrx_word' id='word_1_312' title='bbox 2753 2057 2932 2110; x_wconf 89' lang='lat' dir='ltr'><strong>medio</strong></span> <span class='ocrx_word' id='word_1_313' title='bbox 2953 2057 3194 2126; x_wconf 89' lang='lat' dir='ltr'><strong>gentium</strong></span> <span class='ocrx_word' id='word_1_314' title='bbox 3224 2057 3380 2124; x_wconf 88' lang='lat' dir='ltr'><strong>posui</strong></span> <span class='ocrx_word' id='word_1_315' title='bbox 3425 2072 3569 2120; x_wconf 91' lang='lat' dir='ltr'><strong>eam,</strong></span> <span class='ocrx_word' id='word_1_316' title='bbox 3598 2066 3654 2112; x_wconf 88' lang='lat' dir='ltr'><strong>et</strong></span> <span class='ocrx_word' id='word_1_317' title='bbox 3691 2073 3784 2110; x_wconf 86' lang='lat' dir='ltr'><strong>re-</strong></span> 
     </span>
    </p>
   </div>
   <div class='ocr_carea' id='block_1_20' title="bbox 509 2141 3782 2220">
    <p class='ocr_par' dir='ltr' id='par_1_20' title="bbox 509 2141 3782 2220">
     <span class='ocr_line' id='line_1_20' title="bbox 509 2141 3782 2220; baseline 0 -23"><span class='ocrx_word' id='word_1_318' title='bbox 509 2141 873 2214; x_wconf 86' lang='lat' dir='ltr'><strong>quadraginta</strong></span> <span class='ocrx_word' id='word_1_319' title='bbox 903 2143 1055 2199; x_wconf 84' lang='lat' dir='ltr'><strong>dies:</strong></span> <span class='ocrx_word' id='word_1_320' title='bbox 1087 2144 1233 2198; x_wconf 91' lang='lat' dir='ltr'><strong>diem</strong></span> <span class='ocrx_word' id='word_1_321' title='bbox 1268 2145 1323 2198; x_wconf 94' lang='lat' dir='ltr'><strong>in</strong></span> <span class='ocrx_word' id='word_1_322' title='bbox 1359 2161 1563 2199; x_wconf 88' lang='lat' dir='ltr'><strong>annum</strong></span> <span class='ocrx_word' id='word_1_323' title='bbox 1601 2148 1759 2216; x_wconf 90' lang='lat' dir='ltr'><strong>posui</strong></span> <span class='ocrx_word' id='word_1_324' title='bbox 1792 2148 1908 2202; x_wconf 92' lang='lat' dir='ltr'><strong>tibi.</strong></span> <span class='ocrx_word' id='word_1_325' title='bbox 1937 2149 1988 2202; x_wconf 93' lang='lat'><strong>7.</strong></span> <span class='ocrx_word' id='word_1_326' title='bbox 2029 2149 2093 2202; x_wconf 84' lang='lat' dir='ltr'><strong>Et</strong></span> <span class='ocrx_word' id='word_1_327' title='bbox 2195 2150 2382 2220; x_wconf 88' lang='lat' dir='ltr'><strong>giones</strong></span> <span class='ocrx_word' id='word_1_328' title='bbox 2405 2164 2525 2218; x_wconf 70' lang='lat' dir='ltr'><strong>qua:</strong></span> <span class='ocrx_word' id='word_1_329' title='bbox 2551 2149 2696 2202; x_wconf 87' lang='lat' dir='ltr'><strong>circa</strong></span> <span class='ocrx_word' id='word_1_330' title='bbox 2725 2161 2870 2201; x_wconf 89' lang='lat' dir='ltr'><strong>eam.</strong></span> <span class='ocrx_word' id='word_1_331' title='bbox 2904 2146 2957 2203; x_wconf 88' lang='lat'><strong>6.</strong></span> <span class='ocrx_word' id='word_1_332' title='bbox 2985 2146 3059 2215; x_wconf 72' lang='grc' dir='ltr'><strong>(ιι)</strong></span> <span class='ocrx_word' id='word_1_333' title='bbox 3113 2145 3179 2199; x_wconf 85' lang='grc' dir='ltr'><strong>Ει</strong></span> <span class='ocrx_word' id='word_1_334' title='bbox 3207 2147 3356 2201; x_wconf 90' lang='lat' dir='ltr'><strong>dices</strong></span> <span class='ocrx_word' id='word_1_335' title='bbox 3380 2147 3443 2218; x_wconf 86' lang='lat'><strong>(&#39;)</strong></span> <span class='ocrx_word' id='word_1_336' title='bbox 3472 2147 3597 2214; x_wconf 87' lang='lat' dir='ltr'><strong>jura</strong></span> <span class='ocrx_word' id='word_1_337' title='bbox 3657 2162 3782 2202; x_wconf 89' lang='lat' dir='ltr'><strong>mea</strong></span> 
     </span>
    </p>
   </div>
   <div class='ocr_carea' id='block_1_21' title="bbox 511 2234 3785 2314">
    <p class='ocr_par' dir='ltr' id='par_1_21' title="bbox 511 2234 3785 2314">
     <span class='ocr_line' id='line_1_21' title="bbox 511 2234 3785 2314; baseline 0 -24"><span class='ocrx_word' id='word_1_338' title='bbox 511 2238 565 2290; x_wconf 87' lang='lat' dir='ltr'><strong>in</strong></span> <span class='ocrx_word' id='word_1_339' title='bbox 603 2237 1019 2292; x_wconf 81' lang='lat' dir='ltr'><strong>conclusmnem</strong></span> <span class='ocrx_word' id='word_1_340' title='bbox 1043 2234 1347 2291; x_wconf 83' lang='lat' dir='ltr'><strong>Jerusalem</strong></span> <span class='ocrx_word' id='word_1_341' title='bbox 1368 2238 1431 2307; x_wconf 79' lang='lat' dir='ltr'><strong>ti)</strong></span> <span class='ocrx_word' id='word_1_342' title='bbox 1450 2239 1669 2307; x_wconf 89' lang='lat' dir='ltr'><strong>parabis</strong></span> <span class='ocrx_word' id='word_1_343' title='bbox 1702 2238 1895 2294; x_wconf 88' lang='lat' dir='ltr'><strong>faciem</strong></span> <span class='ocrx_word' id='word_1_344' title='bbox 1915 2247 2088 2302; x_wconf 89' lang='lat' dir='ltr'><strong>tuam,</strong></span> <span class='ocrx_word' id='word_1_345' title='bbox 2192 2242 2343 2314; x_wconf 79' lang='lat' dir='ltr'><strong>(ipsi)</strong></span> <span class='ocrx_word' id='word_1_346' title='bbox 2371 2243 2556 2312; x_wconf 90' lang='lat' dir='ltr'><strong>inique</strong></span> <span class='ocrx_word' id='word_1_347' title='bbox 2587 2257 2653 2295; x_wconf 84' lang='lat' dir='ltr'><strong>ex</strong></span> <span class='ocrx_word' id='word_1_348' title='bbox 2683 2239 2955 2312; x_wconf 85' lang='lat' dir='ltr'><strong>gentibus,</strong></span> <span class='ocrx_word' id='word_1_349' title='bbox 2988 2249 3042 2293; x_wconf 88' lang='lat' dir='ltr'><strong>et</strong></span> <span class='ocrx_word' id='word_1_350' title='bbox 3070 2239 3312 2307; x_wconf 88' lang='lat' dir='ltr'><strong>legitima</strong></span> <span class='ocrx_word' id='word_1_351' title='bbox 3341 2253 3459 2292; x_wconf 88' lang='lat' dir='ltr'><strong>mea</strong></span> <span class='ocrx_word' id='word_1_352' title='bbox 3494 2252 3559 2292; x_wconf 79' lang='lat' dir='ltr'><strong>ex</strong></span> <span class='ocrx_word' id='word_1_353' title='bbox 3602 2238 3785 2307; x_wconf 85' lang='lat' dir='ltr'><strong>regio-</strong></span> 
     </span>
    </p>
   </div>
   <div class='ocr_carea' id='block_1_22' title="bbox 509 2328 3781 2403">
    <p class='ocr_par' dir='ltr' id='par_1_22' title="bbox 509 2328 3781 2403">
     <span class='ocr_line' id='line_1_22' title="bbox 509 2328 3781 2403; baseline 0.001 -25"><span class='ocrx_word' id='word_1_354' title='bbox 509 2338 562 2383; x_wconf 70' lang='lat' dir='ltr'><strong>rt</strong></span> <span class='ocrx_word' id='word_1_355' title='bbox 597 2328 881 2384; x_wconf 83' lang='lat' dir='ltr'><strong>brachium</strong></span> <span class='ocrx_word' id='word_1_356' title='bbox 913 2338 1064 2382; x_wconf 91' lang='lat' dir='ltr'><strong>tuum</strong></span> <span class='ocrx_word' id='word_1_357' title='bbox 1096 2330 1501 2395; x_wconf 87' lang='lat' dir='ltr'><strong>corroborabis,</strong></span> <span class='ocrx_word' id='word_1_358' title='bbox 1535 2343 1589 2386; x_wconf 90' lang='lat' dir='ltr'><strong>et</strong></span> <span class='ocrx_word' id='word_1_359' title='bbox 1623 2331 1973 2401; x_wconf 87' lang='lat' dir='ltr'><strong>propbetabis</strong></span> <span class='ocrx_word' id='word_1_360' title='bbox 2005 2347 2094 2386; x_wconf 89' lang='lat' dir='ltr'><strong>su-</strong></span> <span class='ocrx_word' id='word_1_361' title='bbox 2195 2337 2382 2399; x_wconf 89' lang='lat' dir='ltr'><strong>nibus,</strong></span> <span class='ocrx_word' id='word_1_362' title='bbox 2405 2350 2528 2403; x_wconf 71' lang='lat' dir='ltr'><strong>qua:</strong></span> <span class='ocrx_word' id='word_1_363' title='bbox 2567 2334 2713 2388; x_wconf 75' lang='lat' dir='ltr'><strong>circa</strong></span> <span class='ocrx_word' id='word_1_364' title='bbox 2743 2347 2899 2397; x_wconf 85' lang='lat' dir='ltr'><strong>eam;</strong></span> <span class='ocrx_word' id='word_1_365' title='bbox 2934 2330 3063 2399; x_wconf 87' lang='lat' dir='ltr'><strong>quia</strong></span> <span class='ocrx_word' id='word_1_366' title='bbox 3101 2331 3226 2399; x_wconf 85' lang='lat' dir='ltr'><strong>jura</strong></span> <span class='ocrx_word' id='word_1_367' title='bbox 3275 2345 3393 2384; x_wconf 91' lang='lat' dir='ltr'><strong>mea</strong></span> <span class='ocrx_word' id='word_1_368' title='bbox 3436 2329 3781 2398; x_wconf 84' lang='lat' dir='ltr'><strong>repulerunt,</strong></span> 
     </span>
    </p>
   </div>
   <div class='ocr_carea' id='block_1_23' title="bbox 511 2418 3784 2496">
    <p class='ocr_par' dir='ltr' id='par_1_23' title="bbox 511 2418 3784 2496">
     <span class='ocr_line' id='line_1_23' title="bbox 511 2418 3784 2496; baseline 0 -23"><span class='ocrx_word' id='word_1_369' title='bbox 511 2436 604 2488; x_wconf 87' lang='lat' dir='ltr'><strong>per</strong></span> <span class='ocrx_word' id='word_1_370' title='bbox 629 2435 770 2475; x_wconf 88' lang='lat' dir='ltr'><strong>eam.</strong></span> <span class='ocrx_word' id='word_1_371' title='bbox 805 2421 860 2474; x_wconf 85' lang='lat'><strong>8.</strong></span> <span class='ocrx_word' id='word_1_372' title='bbox 888 2418 953 2475; x_wconf 84' lang='lat' dir='ltr'><strong>Et</strong></span> <span class='ocrx_word' id='word_1_373' title='bbox 973 2437 1074 2490; x_wconf 90' lang='lat' dir='ltr'><strong>ego</strong></span> <span class='ocrx_word' id='word_1_374' title='bbox 1096 2437 1224 2476; x_wconf 90' lang='lat' dir='ltr'><strong>ecce</strong></span> <span class='ocrx_word' id='word_1_375' title='bbox 1251 2421 1376 2476; x_wconf 83' lang='lat' dir='ltr'><strong>dedi</strong></span> <span class='ocrx_word' id='word_1_376' title='bbox 1404 2437 1570 2492; x_wconf 87' lang='lat' dir='ltr'><strong>super</strong></span> <span class='ocrx_word' id='word_1_377' title='bbox 1603 2433 1654 2478; x_wconf 85' lang='lat' dir='ltr'><strong>te</strong></span> <span class='ocrx_word' id='word_1_378' title='bbox 1680 2425 1922 2490; x_wconf 83' lang='lat' dir='ltr'><strong>vincula,</strong></span> <span class='ocrx_word' id='word_1_379' title='bbox 1949 2434 2001 2478; x_wconf 81' lang='lat' dir='ltr'><strong>et</strong></span> <span class='ocrx_word' id='word_1_380' title='bbox 2026 2439 2092 2478; x_wconf 90' lang='lat' dir='ltr'><strong>ne</strong></span> <span class='ocrx_word' id='word_1_381' title='bbox 2193 2437 2246 2481; x_wconf 85' lang='lat' dir='ltr'><strong>et</strong></span> <span class='ocrx_word' id='word_1_382' title='bbox 2272 2427 2325 2480; x_wconf 89' lang='lat' dir='ltr'><strong>in</strong></span> <span class='ocrx_word' id='word_1_383' title='bbox 2356 2425 2564 2496; x_wconf 90' lang='lat' dir='ltr'><strong>legibus</strong></span> <span class='ocrx_word' id='word_1_384' title='bbox 2595 2423 2730 2478; x_wconf 90' lang='lat' dir='ltr'><strong>meis</strong></span> <span class='ocrx_word' id='word_1_385' title='bbox 2757 2439 2864 2477; x_wconf 89' lang='lat' dir='ltr'><strong>non</strong></span> <span class='ocrx_word' id='word_1_386' title='bbox 2893 2422 3248 2476; x_wconf 88' lang='lat' dir='ltr'><strong>ambularunt</strong></span> <span class='ocrx_word' id='word_1_387' title='bbox 3270 2420 3322 2474; x_wconf 90' lang='lat' dir='ltr'><strong>in</strong></span> <span class='ocrx_word' id='word_1_388' title='bbox 3347 2421 3450 2475; x_wconf 92' lang='lat' dir='ltr'><strong>eis.</strong></span> <span class='ocrx_word' id='word_1_389' title='bbox 3471 2419 3524 2474; x_wconf 88' lang='lat'><strong>7.</strong></span> <span class='ocrx_word' id='word_1_390' title='bbox 3551 2421 3784 2490; x_wconf 87' lang='lat' dir='ltr'><strong>Propter</strong></span> 
     </span>
    </p>
   </div>
   <div class='ocr_carea' id='block_1_24' title="bbox 508 2511 3782 2582">
    <p class='ocr_par' dir='ltr' id='par_1_24' title="bbox 508 2511 3782 2582">
     <span class='ocr_line' id='line_1_24' title="bbox 508 2511 3782 2582; baseline 0 -18"><span class='ocrx_word' id='word_1_391' title='bbox 508 2520 802 2565; x_wconf 70' lang='lat' dir='ltr'><strong>convertas</strong></span> <span class='ocrx_word' id='word_1_392' title='bbox 860 2521 912 2566; x_wconf 89' lang='lat' dir='ltr'><strong>te</strong></span> <span class='ocrx_word' id='word_1_393' title='bbox 936 2513 1003 2566; x_wconf 87' lang='lat' dir='ltr'><strong>de</strong></span> <span class='ocrx_word' id='word_1_394' title='bbox 1040 2513 1211 2568; x_wconf 84' lang='lat' dir='ltr'><strong>latere</strong></span> <span class='ocrx_word' id='word_1_395' title='bbox 1272 2524 1366 2568; x_wconf 92' lang='lat' dir='ltr'><strong>tuo</strong></span> <span class='ocrx_word' id='word_1_396' title='bbox 1411 2516 1465 2566; x_wconf 93' lang='lat' dir='ltr'><strong>in</strong></span> <span class='ocrx_word' id='word_1_397' title='bbox 1526 2515 1671 2569; x_wconf 85' lang='lat' dir='ltr'><strong>latus</strong></span> <span class='ocrx_word' id='word_1_398' title='bbox 1715 2525 1889 2580; x_wconf 91' lang='lat' dir='ltr'><strong>tuum,</strong></span> <span class='ocrx_word' id='word_1_399' title='bbox 1919 2516 2093 2570; x_wconf 90' lang='lat' dir='ltr'><strong>donec</strong></span> <span class='ocrx_word' id='word_1_400' title='bbox 2197 2519 2298 2572; x_wconf 91' lang='lat' dir='ltr'><strong>hoc</strong></span> <span class='ocrx_word' id='word_1_401' title='bbox 2329 2517 2441 2571; x_wconf 64' lang='lat' dir='ltr'><strong>haec</strong></span> <span class='ocrx_word' id='word_1_402' title='bbox 2487 2515 2621 2570; x_wconf 88' lang='lat' dir='ltr'><strong>dicit</strong></span> <span class='ocrx_word' id='word_1_403' title='bbox 2654 2515 2864 2570; x_wconf 81' lang='lat' dir='ltr'><strong>Adonai</strong></span> <span class='ocrx_word' id='word_1_404' title='bbox 2913 2514 3182 2569; x_wconf 84' lang='lat' dir='ltr'><strong>Dominus</strong></span> <span class='ocrx_word' id='word_1_405' title='bbox 3219 2529 3232 2565; x_wconf 88' lang='lat'><strong>:</strong></span> <span class='ocrx_word' id='word_1_406' title='bbox 3282 2511 3387 2566; x_wconf 86' lang='lat' dir='ltr'><strong>Pro</strong></span> <span class='ocrx_word' id='word_1_407' title='bbox 3417 2526 3482 2566; x_wconf 91' lang='lat' dir='ltr'><strong>eo</strong></span> <span class='ocrx_word' id='word_1_408' title='bbox 3521 2515 3670 2582; x_wconf 84' lang='lat' dir='ltr'><strong>quod</strong></span> <span class='ocrx_word' id='word_1_409' title='bbox 3707 2513 3782 2582; x_wconf 88' lang='lat' dir='ltr'><strong>(r)</strong></span> 
     </span>
    </p>
   </div>
   <div class='ocr_carea' id='block_1_25' title="bbox 505 2601 3773 2676">
    <p class='ocr_par' dir='ltr' id='par_1_25' title="bbox 505 2601 3773 2676">
     <span class='ocr_line' id='line_1_25' title="bbox 505 2601 3773 2676; baseline -0.001 -18"><span class='ocrx_word' id='word_1_410' title='bbox 505 2603 766 2672; x_wconf 75' lang='lat' dir='ltr'><strong>completi</strong></span> <span class='ocrx_word' id='word_1_411' title='bbox 817 2601 1022 2658; x_wconf 88' lang='lat' dir='ltr'><strong>fuerint</strong></span> <span class='ocrx_word' id='word_1_412' title='bbox 1062 2604 1180 2659; x_wconf 90' lang='lat' dir='ltr'><strong>dies</strong></span> <span class='ocrx_word' id='word_1_413' title='bbox 1240 2604 1615 2660; x_wconf 87' lang='lat' dir='ltr'><strong>conclusionis</strong></span> <span class='ocrx_word' id='word_1_414' title='bbox 1671 2613 1797 2659; x_wconf 79' lang='lat' dir='ltr'><strong>tuze.</strong></span> <span class='ocrx_word' id='word_1_415' title='bbox 1858 2605 1912 2659; x_wconf 86' lang='lat'><strong>9.</strong></span> <span class='ocrx_word' id='word_1_416' title='bbox 1938 2603 2003 2658; x_wconf 87' lang='lat' dir='ltr'><strong>Et</strong></span> <span class='ocrx_word' id='word_1_417' title='bbox 2032 2615 2090 2659; x_wconf 89' lang='lat' dir='ltr'><strong>tu</strong></span> <span class='ocrx_word' id='word_1_418' title='bbox 2193 2608 2411 2664; x_wconf 80' lang='lat' dir='ltr'><strong>occasio</strong></span> <span class='ocrx_word' id='word_1_419' title='bbox 2435 2616 2613 2662; x_wconf 78' lang='lat' dir='ltr'><strong>vestra</strong></span> <span class='ocrx_word' id='word_1_420' title='bbox 2642 2622 2707 2660; x_wconf 79' lang='lat' dir='ltr'><strong>ex</strong></span> <span class='ocrx_word' id='word_1_421' title='bbox 2743 2607 3019 2676; x_wconf 89' lang='lat' dir='ltr'><strong>gentibus,</strong></span> <span class='ocrx_word' id='word_1_422' title='bbox 3066 2620 3189 2676; x_wconf 76' lang='lat' dir='ltr'><strong>qua:</strong></span> <span class='ocrx_word' id='word_1_423' title='bbox 3213 2605 3266 2658; x_wconf 90' lang='lat' dir='ltr'><strong>in</strong></span> <span class='ocrx_word' id='word_1_424' title='bbox 3297 2605 3534 2659; x_wconf 89' lang='lat' dir='ltr'><strong>circuitu</strong></span> <span class='ocrx_word' id='word_1_425' title='bbox 3559 2612 3773 2669; x_wconf 80' lang='lat' dir='ltr'><strong>vestro,</strong></span> 
     </span>
    </p>
   </div>
   <div class='ocr_carea' id='block_1_26' title="bbox 509 2693 3782 2766">
    <p class='ocr_par' dir='ltr' id='par_1_26' title="bbox 509 2693 3782 2766">
     <span class='ocr_line' id='line_1_26' title="bbox 509 2693 3782 2766; baseline -0.001 -17"><span class='ocrx_word' id='word_1_426' title='bbox 509 2710 668 2751; x_wconf 80' lang='lat' dir='ltr'><strong>sume</strong></span> <span class='ocrx_word' id='word_1_427' title='bbox 707 2695 803 2750; x_wconf 88' lang='lat' dir='ltr'><strong>tibi</strong></span> <span class='ocrx_word' id='word_1_428' title='bbox 836 2695 1101 2758; x_wconf 78' lang='lat' dir='ltr'><strong>triticum,</strong></span> <span class='ocrx_word' id='word_1_429' title='bbox 1129 2705 1184 2750; x_wconf 91' lang='lat' dir='ltr'><strong>et</strong></span> <span class='ocrx_word' id='word_1_430' title='bbox 1223 2696 1520 2761; x_wconf 88' lang='lat' dir='ltr'><strong>hordeum,</strong></span> <span class='ocrx_word' id='word_1_431' title='bbox 1543 2707 1595 2750; x_wconf 91' lang='lat' dir='ltr'><strong>et</strong></span> <span class='ocrx_word' id='word_1_432' title='bbox 1618 2696 1790 2760; x_wconf 84' lang='lat' dir='ltr'><strong>fabas,</strong></span> <span class='ocrx_word' id='word_1_433' title='bbox 1822 2705 1876 2750; x_wconf 88' lang='lat' dir='ltr'><strong>et</strong></span> <span class='ocrx_word' id='word_1_434' title='bbox 1898 2696 2088 2758; x_wconf 86' lang='lat' dir='ltr'><strong>lentes,</strong></span> <span class='ocrx_word' id='word_1_435' title='bbox 2192 2697 2324 2752; x_wconf 91' lang='lat' dir='ltr'><strong>etin</strong></span> <span class='ocrx_word' id='word_1_436' title='bbox 2353 2697 2615 2766; x_wconf 84' lang='lat' dir='ltr'><strong>legitimis</strong></span> <span class='ocrx_word' id='word_1_437' title='bbox 2643 2697 2780 2750; x_wconf 87' lang='lat' dir='ltr'><strong>meis</strong></span> <span class='ocrx_word' id='word_1_438' title='bbox 2804 2710 2911 2750; x_wconf 90' lang='lat' dir='ltr'><strong>non</strong></span> <span class='ocrx_word' id='word_1_439' title='bbox 2943 2694 3291 2758; x_wconf 89' lang='lat' dir='ltr'><strong>ambulastis,</strong></span> <span class='ocrx_word' id='word_1_440' title='bbox 3327 2703 3381 2748; x_wconf 92' lang='lat' dir='ltr'><strong>et</strong></span> <span class='ocrx_word' id='word_1_441' title='bbox 3424 2693 3782 2762; x_wconf 87' lang='lat' dir='ltr'><strong>justilicatio-</strong></span> 
     </span>
    </p>
   </div>
   <div class='ocr_carea' id='block_1_27' title="bbox 507 2783 3779 2856">
    <p class='ocr_par' dir='ltr' id='par_1_27' title="bbox 507 2783 3779 2856">
     <span class='ocr_line' id='line_1_27' title="bbox 507 2783 3779 2856; baseline -0.001 -17"><span class='ocrx_word' id='word_1_442' title='bbox 507 2796 564 2840; x_wconf 89' lang='lat' dir='ltr'><strong>et</strong></span> <span class='ocrx_word' id='word_1_443' title='bbox 594 2785 830 2849; x_wconf 84' lang='lat' dir='ltr'><strong>milium,</strong></span> <span class='ocrx_word' id='word_1_444' title='bbox 879 2795 936 2839; x_wconf 81' lang='lat' dir='ltr'><strong>et</strong></span> <span class='ocrx_word' id='word_1_445' title='bbox 981 2785 1235 2854; x_wconf 91' lang='lat' dir='ltr'><strong>speltam,</strong></span> <span class='ocrx_word' id='word_1_446' title='bbox 1281 2795 1336 2840; x_wconf 90' lang='lat' dir='ltr'><strong>et</strong></span> <span class='ocrx_word' id='word_1_447' title='bbox 1379 2788 1562 2841; x_wconf 85' lang='lat' dir='ltr'><strong>mittes</strong></span> <span class='ocrx_word' id='word_1_448' title='bbox 1608 2801 1670 2840; x_wconf 87' lang='lat' dir='ltr'><strong>ea</strong></span> <span class='ocrx_word' id='word_1_449' title='bbox 1701 2787 1756 2839; x_wconf 91' lang='lat' dir='ltr'><strong>in</strong></span> <span class='ocrx_word' id='word_1_450' title='bbox 1792 2801 1889 2841; x_wconf 85' lang='lat' dir='ltr'><strong>vas</strong></span> <span class='ocrx_word' id='word_1_451' title='bbox 1921 2802 2088 2840; x_wconf 88' lang='lat' dir='ltr'><strong>unum</strong></span> <span class='ocrx_word' id='word_1_452' title='bbox 2194 2805 2292 2844; x_wconf 91' lang='lat' dir='ltr'><strong>nes</strong></span> <span class='ocrx_word' id='word_1_453' title='bbox 2317 2805 2466 2843; x_wconf 90' lang='lat' dir='ltr'><strong>meas</strong></span> <span class='ocrx_word' id='word_1_454' title='bbox 2486 2803 2594 2842; x_wconf 92' lang='lat' dir='ltr'><strong>non</strong></span> <span class='ocrx_word' id='word_1_455' title='bbox 2618 2787 2848 2853; x_wconf 89' lang='lat' dir='ltr'><strong>fecistis,</strong></span> <span class='ocrx_word' id='word_1_456' title='bbox 2875 2786 2967 2842; x_wconf 90' lang='lat' dir='ltr'><strong>sed</strong></span> <span class='ocrx_word' id='word_1_457' title='bbox 2991 2783 3779 2856; x_wconf 83' lang='lat' dir='ltr'><strong>nequejuxtajustificationes</strong></span> 
     </span>
    </p>
   </div>
   <div class='ocr_carea' id='block_1_28' title="bbox 513 2873 3780 2949">
    <p class='ocr_par' dir='ltr' id='par_1_28' title="bbox 513 2873 3780 2949">
     <span class='ocr_line' id='line_1_28' title="bbox 513 2873 3780 2949; baseline 0 -22"><span class='ocrx_word' id='word_1_458' title='bbox 513 2888 576 2927; x_wconf 71' lang='grc' dir='ltr'><strong>-ο-</strong></span> <span class='ocrx_word' id='word_1_459' title='bbox 604 2885 902 2931; x_wconf 84' lang='lat' dir='ltr'><strong>testaceum</strong></span> <span class='ocrx_word' id='word_1_460' title='bbox 934 2877 956 2944; x_wconf 89' lang='lat'><strong>1</strong></span> <span class='ocrx_word' id='word_1_461' title='bbox 992 2894 1005 2929; x_wconf 92' lang='lat'>:</span> <span class='ocrx_word' id='word_1_462' title='bbox 1041 2886 1095 2931; x_wconf 92' lang='lat' dir='ltr'><strong>et</strong></span> <span class='ocrx_word' id='word_1_463' title='bbox 1129 2876 1294 2932; x_wconf 88' lang='lat' dir='ltr'><strong>facies</strong></span> <span class='ocrx_word' id='word_1_464' title='bbox 1329 2892 1390 2932; x_wconf 89' lang='lat' dir='ltr'><strong>ea</strong></span> <span class='ocrx_word' id='word_1_465' title='bbox 1423 2877 1518 2931; x_wconf 91' lang='lat' dir='ltr'><strong>tibi</strong></span> <span class='ocrx_word' id='word_1_466' title='bbox 1560 2878 1613 2930; x_wconf 92' lang='lat' dir='ltr'><strong>in</strong></span> <span class='ocrx_word' id='word_1_467' title='bbox 1654 2892 1842 2947; x_wconf 89' lang='lat' dir='ltr'><strong>panes,</strong></span> <span class='ocrx_word' id='word_1_468' title='bbox 1865 2878 2089 2946; x_wconf 79' lang='lat' dir='ltr'><strong>etjuxta</strong></span> <span class='ocrx_word' id='word_1_469' title='bbox 2193 2880 2459 2949; x_wconf 87' lang='lat' dir='ltr'><strong>gentium,</strong></span> <span class='ocrx_word' id='word_1_470' title='bbox 2493 2895 2616 2948; x_wconf 67' lang='lat' dir='ltr'><strong>quae</strong></span> <span class='ocrx_word' id='word_1_471' title='bbox 2647 2881 2701 2932; x_wconf 90' lang='lat' dir='ltr'><strong>in</strong></span> <span class='ocrx_word' id='word_1_472' title='bbox 2741 2878 2975 2933; x_wconf 90' lang='lat' dir='ltr'><strong>circuitu</strong></span> <span class='ocrx_word' id='word_1_473' title='bbox 3030 2886 3232 2943; x_wconf 85' lang='lat' dir='ltr'><strong>vestro,</strong></span> <span class='ocrx_word' id='word_1_474' title='bbox 3270 2875 3477 2930; x_wconf 90' lang='lat' dir='ltr'><strong>fecistis</strong></span> <span class='ocrx_word' id='word_1_475' title='bbox 3511 2893 3523 2927; x_wconf 91' lang='lat'>:</span> <span class='ocrx_word' id='word_1_476' title='bbox 3552 2873 3606 2928; x_wconf 90' lang='lat'><strong>8.</strong></span> <span class='ocrx_word' id='word_1_477' title='bbox 3650 2887 3780 2944; x_wconf 86' lang='lat' dir='ltr'><strong>pro-</strong></span> 
     </span>
    </p>
   </div>
   <div class='ocr_carea' id='block_1_29' title="bbox 509 2967 3780 3044">
    <p class='ocr_par' dir='ltr' id='par_1_29' title="bbox 509 2967 3780 3044">
     <span class='ocr_line' id='line_1_29' title="bbox 509 2967 3780 3044; baseline -0.001 -24"><span class='ocrx_word' id='word_1_478' title='bbox 509 2982 800 3021; x_wconf 88' lang='lat' dir='ltr'><strong>numerum</strong></span> <span class='ocrx_word' id='word_1_479' title='bbox 823 2967 1057 3029; x_wconf 86' lang='lat' dir='ltr'><strong>dierum,</strong></span> <span class='ocrx_word' id='word_1_480' title='bbox 1081 2982 1222 3036; x_wconf 91' lang='lat' dir='ltr'><strong>quos</strong></span> <span class='ocrx_word' id='word_1_481' title='bbox 1246 2979 1300 3022; x_wconf 92' lang='lat' dir='ltr'><strong>tu</strong></span> <span class='ocrx_word' id='word_1_482' title='bbox 1328 2968 1538 3023; x_wconf 89' lang='lat' dir='ltr'><strong>dormis</strong></span> <span class='ocrx_word' id='word_1_483' title='bbox 1563 2984 1728 3039; x_wconf 88' lang='lat' dir='ltr'><strong>super</strong></span> <span class='ocrx_word' id='word_1_484' title='bbox 1773 2969 1941 3022; x_wconf 85' lang='lat' dir='ltr'><strong>latere</strong></span> <span class='ocrx_word' id='word_1_485' title='bbox 1974 2979 2085 3034; x_wconf 92' lang='lat' dir='ltr'><strong>tuo,</strong></span> <span class='ocrx_word' id='word_1_486' title='bbox 2193 2980 2308 3040; x_wconf 90' lang='lat' dir='ltr'><strong>pter</strong></span> <span class='ocrx_word' id='word_1_487' title='bbox 2341 2972 2444 3025; x_wconf 90' lang='lat' dir='ltr'><strong>hoc</strong></span> <span class='ocrx_word' id='word_1_488' title='bbox 2462 2972 2575 3026; x_wconf 72' lang='lat' dir='ltr'><strong>base</strong></span> <span class='ocrx_word' id='word_1_489' title='bbox 2595 2970 2726 3026; x_wconf 85' lang='lat' dir='ltr'><strong>dicit</strong></span> <span class='ocrx_word' id='word_1_490' title='bbox 2757 2969 2968 3024; x_wconf 82' lang='lat' dir='ltr'><strong>Adonai</strong></span> <span class='ocrx_word' id='word_1_491' title='bbox 2991 2968 3257 3044; x_wconf 73' lang='lat' dir='ltr'><strong>Dominus</strong></span> <span class='ocrx_word' id='word_1_492' title='bbox 3290 2984 3304 3020; x_wconf 88' lang='lat'><strong>:</strong></span> <span class='ocrx_word' id='word_1_493' title='bbox 3332 2967 3469 3022; x_wconf 89' lang='lat' dir='ltr'><strong>Ecce</strong></span> <span class='ocrx_word' id='word_1_494' title='bbox 3487 2980 3588 3036; x_wconf 90' lang='lat' dir='ltr'><strong>ego</strong></span> <span class='ocrx_word' id='word_1_495' title='bbox 3609 2979 3780 3034; x_wconf 85' lang='lat' dir='ltr'><strong>super</strong></span> 
     </span>
    </p>
   </div>
   <div class='ocr_carea' id='block_1_30' title="bbox 509 3056 3780 3133">
    <p class='ocr_par' dir='ltr' id='par_1_30' title="bbox 509 3056 3780 3133">
     <span class='ocr_line' id='line_1_30' title="bbox 509 3056 3780 3133; baseline -0.006 -5"><span class='ocrx_word' id='word_1_496' title='bbox 509 3056 806 3127; x_wconf 66' lang='grc' dir='ltr'><strong>ηυηθὶζίηῑδ</strong></span> <span class='ocrx_word' id='word_1_497' title='bbox 833 3065 888 3112; x_wconf 71' lang='grc' dir='ltr'>ει</span> <span class='ocrx_word' id='word_1_498' title='bbox 915 3067 1134 3112; x_wconf 73' lang='lat' dir='ltr'><strong>Centum</strong></span> <span class='ocrx_word' id='word_1_499' title='bbox 1156 3057 1272 3113; x_wconf 88' lang='lat' dir='ltr'><strong>dies</strong></span> <span class='ocrx_word' id='word_1_500' title='bbox 1300 3058 1553 3114; x_wconf 89' lang='lat' dir='ltr'><strong>comedes</strong></span> <span class='ocrx_word' id='word_1_501' title='bbox 1605 3075 1690 3114; x_wconf 87' lang='lat' dir='ltr'><strong>ea.</strong></span> <span class='ocrx_word' id='word_1_502' title='bbox 1731 3057 1815 3114; x_wconf 86' lang='lat' dir='ltr'><strong>l0.</strong></span> <span class='ocrx_word' id='word_1_503' title='bbox 1841 3057 1907 3112; x_wconf 85' lang='lat' dir='ltr'><strong>Et</strong></span> <span class='ocrx_word' id='word_1_504' title='bbox 1934 3059 2089 3114; x_wconf 88' lang='lat' dir='ltr'><strong>cibus</strong></span> <span class='ocrx_word' id='word_1_505' title='bbox 2192 3078 2311 3128; x_wconf 78' lang='lat' dir='ltr'><strong>vos,</strong></span> <span class='ocrx_word' id='word_1_506' title='bbox 2340 3072 2394 3117; x_wconf 89' lang='lat' dir='ltr'><strong>et</strong></span> <span class='ocrx_word' id='word_1_507' title='bbox 2419 3077 2518 3133; x_wconf 92' lang='lat' dir='ltr'><strong>ego</strong></span> <span class='ocrx_word' id='word_1_508' title='bbox 2545 3062 2742 3116; x_wconf 89' lang='lat' dir='ltr'><strong>faciam</strong></span> <span class='ocrx_word' id='word_1_509' title='bbox 2774 3061 2828 3114; x_wconf 92' lang='lat' dir='ltr'><strong>in</strong></span> <span class='ocrx_word' id='word_1_510' title='bbox 2860 3060 3039 3114; x_wconf 89' lang='lat' dir='ltr'><strong>medio</strong></span> <span class='ocrx_word' id='word_1_511' title='bbox 3070 3059 3147 3114; x_wconf 92' lang='lat' dir='ltr'><strong>tui</strong></span> <span class='ocrx_word' id='word_1_512' title='bbox 3185 3059 3390 3128; x_wconf 90' lang='lat' dir='ltr'><strong>judicia</strong></span> <span class='ocrx_word' id='word_1_513' title='bbox 3431 3072 3617 3112; x_wconf 88' lang='lat' dir='ltr'><strong>coram</strong></span> <span class='ocrx_word' id='word_1_514' title='bbox 3644 3073 3780 3127; x_wconf 82' lang='lat' dir='ltr'><strong>gen-</strong></span> 
     </span>
    </p>
   </div>
   <div class='ocr_carea' id='block_1_31' title="bbox 509 3147 3778 3220">
    <p class='ocr_par' dir='ltr' id='par_1_31' title="bbox 509 3147 3778 3220">
     <span class='ocr_line' id='line_1_31' title="bbox 509 3147 3778 3220; baseline -0.001 -17"><span class='ocrx_word' id='word_1_515' title='bbox 509 3155 657 3212; x_wconf 88' lang='lat' dir='ltr'><strong>tuus,</strong></span> <span class='ocrx_word' id='word_1_516' title='bbox 685 3163 852 3218; x_wconf 85' lang='lat' dir='ltr'><strong>quem</strong></span> <span class='ocrx_word' id='word_1_517' title='bbox 881 3147 1162 3214; x_wconf 87' lang='lat' dir='ltr'><strong>comedes,</strong></span> <span class='ocrx_word' id='word_1_518' title='bbox 1194 3149 1248 3202; x_wconf 92' lang='lat' dir='ltr'><strong>in</strong></span> <span class='ocrx_word' id='word_1_519' title='bbox 1278 3149 1518 3218; x_wconf 87' lang='lat' dir='ltr'><strong>pondere</strong></span> <span class='ocrx_word' id='word_1_520' title='bbox 1556 3150 1742 3220; x_wconf 70' lang='lat' dir='ltr'><strong>viginti</strong></span> <span class='ocrx_word' id='word_1_521' title='bbox 1774 3150 1938 3205; x_wconf 89' lang='lat' dir='ltr'><strong>siclos</strong></span> <span class='ocrx_word' id='word_1_522' title='bbox 1961 3151 2083 3203; x_wconf 91' lang='lat' dir='ltr'><strong>die:</strong></span> <span class='ocrx_word' id='word_1_523' title='bbox 2195 3157 2362 3219; x_wconf 71' lang='lat' dir='ltr'><strong>unus,</strong></span> <span class='ocrx_word' id='word_1_524' title='bbox 2390 3155 2444 3209; x_wconf 85' lang='lat'><strong>9.</strong></span> <span class='ocrx_word' id='word_1_525' title='bbox 2475 3165 2527 3208; x_wconf 84' lang='lat' dir='ltr'><strong>et</strong></span> <span class='ocrx_word' id='word_1_526' title='bbox 2552 3153 2747 3208; x_wconf 85' lang='lat' dir='ltr'><strong>faciam</strong></span> <span class='ocrx_word' id='word_1_527' title='bbox 2779 3152 2833 3206; x_wconf 91' lang='lat' dir='ltr'><strong>in</strong></span> <span class='ocrx_word' id='word_1_528' title='bbox 2867 3162 2938 3215; x_wconf 91' lang='lat' dir='ltr'><strong>te,</strong></span> <span class='ocrx_word' id='word_1_529' title='bbox 2973 3165 3094 3220; x_wconf 72' lang='lat' dir='ltr'><strong>quae</strong></span> <span class='ocrx_word' id='word_1_530' title='bbox 3125 3165 3231 3204; x_wconf 88' lang='lat' dir='ltr'><strong>non</strong></span> <span class='ocrx_word' id='word_1_531' title='bbox 3259 3149 3382 3215; x_wconf 86' lang='lat' dir='ltr'><strong>feci,</strong></span> <span class='ocrx_word' id='word_1_532' title='bbox 3417 3162 3472 3203; x_wconf 89' lang='lat' dir='ltr'><strong>et</strong></span> <span class='ocrx_word' id='word_1_533' title='bbox 3503 3163 3624 3217; x_wconf 67' lang='lat' dir='ltr'><strong>qua:</strong></span> <span class='ocrx_word' id='word_1_534' title='bbox 3663 3162 3778 3200; x_wconf 90' lang='lat' dir='ltr'><strong>non</strong></span> 
     </span>
    </p>
   </div>
   <div class='ocr_carea' id='block_1_32' title="bbox 507 3225 3775 3311">
    <p class='ocr_par' dir='ltr' id='par_1_32' title="bbox 507 3225 3775 3311">
     <span class='ocr_line' id='line_1_32' title="bbox 507 3225 3775 3311; baseline -0.005 -2"><span class='ocrx_word' id='word_1_535' title='bbox 507 3255 539 3295; x_wconf 72' lang='grc'><strong>³</strong></span> <span class='ocrx_word' id='word_1_536' title='bbox 563 3248 807 3308; x_wconf 50' lang='lat' dir='ltr'><strong>l“mlum?</strong></span> <span class='ocrx_word' id='word_1_537' title='bbox 837 3253 1012 3308; x_wconf 74' lang='grc' dir='ltr'><strong>υείιυε</strong></span> <span class='ocrx_word' id='word_1_538' title='bbox 1045 3239 1113 3294; x_wconf 63' lang='lat' dir='ltr'><strong>ad</strong></span> <span class='ocrx_word' id='word_1_539' title='bbox 1161 3249 1377 3308; x_wconf 61' lang='lat' dir='ltr'><strong>tempus</strong></span> <span class='ocrx_word' id='word_1_540' title='bbox 1412 3240 1665 3295; x_wconf 87' lang='lat' dir='ltr'><strong>comedes</strong></span> <span class='ocrx_word' id='word_1_541' title='bbox 1689 3257 1774 3296; x_wconf 91' lang='lat' dir='ltr'><strong>ea.</strong></span> <span class='ocrx_word' id='word_1_542' title='bbox 1804 3271 1875 3281; x_wconf 94' lang='lat'><strong>—</strong></span> <span class='ocrx_word' id='word_1_543' title='bbox 1897 3240 1983 3294; x_wconf 91' lang='grc'><strong>11.</strong></span> <span class='ocrx_word' id='word_1_544' title='bbox 2020 3238 2088 3296; x_wconf 90' lang='lat' dir='ltr'><strong>Et</strong></span> <span class='ocrx_word' id='word_1_545' title='bbox 2115 3225 2158 3282; x_wconf 62' lang='grc' dir='ltr'><strong>(ἶ</strong></span> <span class='ocrx_word' id='word_1_546' title='bbox 2195 3247 2392 3301; x_wconf 90' lang='lat' dir='ltr'><strong>faciam</strong></span> <span class='ocrx_word' id='word_1_547' title='bbox 2423 3244 2624 3299; x_wconf 86' lang='lat' dir='ltr'><strong>similia</strong></span> <span class='ocrx_word' id='word_1_548' title='bbox 2657 3245 2738 3297; x_wconf 92' lang='lat' dir='ltr'><strong>eis</strong></span> <span class='ocrx_word' id='word_1_549' title='bbox 2777 3242 3013 3310; x_wconf 89' lang='lat' dir='ltr'><strong>amplius</strong></span> <span class='ocrx_word' id='word_1_550' title='bbox 3053 3242 3211 3311; x_wconf 80' lang='lat' dir='ltr'><strong>juxta</strong></span> <span class='ocrx_word' id='word_1_551' title='bbox 3249 3255 3444 3294; x_wconf 89' lang='lat' dir='ltr'><strong>omnes</strong></span> <span class='ocrx_word' id='word_1_552' title='bbox 3482 3239 3775 3293; x_wconf 86' lang='lat' dir='ltr'><strong>abomina-</strong></span> 
     </span>
    </p>
   </div>
   <div class='ocr_carea' id='block_1_33' title="bbox 505 3329 3777 3404">
    <p class='ocr_par' dir='ltr' id='par_1_33' title="bbox 505 3329 3777 3404">
     <span class='ocr_line' id='line_1_33' title="bbox 505 3329 3777 3404; baseline -0 -18"><span class='ocrx_word' id='word_1_553' title='bbox 505 3346 703 3400; x_wconf 84' lang='lat' dir='ltr'><strong>aquam</strong></span> <span class='ocrx_word' id='word_1_554' title='bbox 741 3331 795 3386; x_wconf 85' lang='lat' dir='ltr'><strong>in</strong></span> <span class='ocrx_word' id='word_1_555' title='bbox 836 3344 1093 3386; x_wconf 86' lang='lat' dir='ltr'><strong>mensura</strong></span> <span class='ocrx_word' id='word_1_556' title='bbox 1122 3329 1296 3394; x_wconf 87' lang='lat' dir='ltr'><strong>bibes,</strong></span> <span class='ocrx_word' id='word_1_557' title='bbox 1335 3339 1543 3386; x_wconf 78' lang='lat' dir='ltr'><strong>sextam</strong></span> <span class='ocrx_word' id='word_1_558' title='bbox 1574 3343 1777 3400; x_wconf 87' lang='lat' dir='ltr'><strong>partem</strong></span> <span class='ocrx_word' id='word_1_559' title='bbox 1807 3330 1862 3386; x_wconf 91' lang='lat' dir='ltr'><strong>ln</strong></span> <span class='ocrx_word' id='word_1_560' title='bbox 1894 3348 1923 3387; x_wconf 89' lang='lat' dir='ltr'><strong>a</strong></span> <span class='ocrx_word' id='word_1_561' title='bbox 1946 3344 2085 3389; x_wconf 89' lang='lat' dir='ltr'><strong>tem-</strong></span> <span class='ocrx_word' id='word_1_562' title='bbox 2195 3339 2374 3392; x_wconf 91' lang='lat' dir='ltr'><strong>tiones</strong></span> <span class='ocrx_word' id='word_1_563' title='bbox 2402 3346 2544 3391; x_wconf 87' lang='lat' dir='ltr'><strong>tuas.</strong></span> <span class='ocrx_word' id='word_1_564' title='bbox 2574 3334 2659 3388; x_wconf 89' lang='grc'><strong>10.</strong></span> <span class='ocrx_word' id='word_1_565' title='bbox 2686 3333 2917 3404; x_wconf 86' lang='lat' dir='ltr'><strong>Pr0pter</strong></span> <span class='ocrx_word' id='word_1_566' title='bbox 2949 3333 3054 3388; x_wconf 87' lang='lat' dir='ltr'><strong>hoc</strong></span> <span class='ocrx_word' id='word_1_567' title='bbox 3083 3343 3264 3403; x_wconf 87' lang='lat' dir='ltr'><strong>patres</strong></span> <span class='ocrx_word' id='word_1_568' title='bbox 3315 3331 3606 3386; x_wconf 89' lang='lat' dir='ltr'><strong>comedent</strong></span> <span class='ocrx_word' id='word_1_569' title='bbox 3631 3330 3777 3385; x_wconf 77' lang='lat' dir='ltr'><strong>filios</strong></span> 
     </span>
    </p>
   </div>
   <div class='ocr_carea' id='block_1_34' title="bbox 505 3421 3774 3495">
    <p class='ocr_par' dir='ltr' id='par_1_34' title="bbox 505 3421 3774 3495">
     <span class='ocr_line' id='line_1_34' title="bbox 505 3421 3774 3495; baseline -0 -19"><span class='ocrx_word' id='word_1_570' title='bbox 505 3437 639 3492; x_wconf 90' lang='lat' dir='ltr'><strong>pore</strong></span> <span class='ocrx_word' id='word_1_571' title='bbox 697 3438 871 3493; x_wconf 89' lang='lat' dir='ltr'><strong>usque</strong></span> <span class='ocrx_word' id='word_1_572' title='bbox 921 3421 988 3489; x_wconf 88' lang='lat' dir='ltr'><strong>ad</strong></span> <span class='ocrx_word' id='word_1_573' title='bbox 1059 3431 1276 3492; x_wconf 88' lang='lat' dir='ltr'><strong>tempus</strong></span> <span class='ocrx_word' id='word_1_574' title='bbox 1334 3422 1513 3478; x_wconf 87' lang='lat' dir='ltr'><strong>bibes.</strong></span> <span class='ocrx_word' id='word_1_575' title='bbox 1574 3423 1661 3478; x_wconf 71' lang='lat'><strong>12.</strong></span> <span class='ocrx_word' id='word_1_576' title='bbox 1695 3423 1760 3478; x_wconf 81' lang='lat' dir='ltr'><strong>Et</strong></span> <span class='ocrx_word' id='word_1_577' title='bbox 1788 3425 1861 3495; x_wconf 76' lang='lat' dir='ltr'><strong>(k)</strong></span> <span class='ocrx_word' id='word_1_578' title='bbox 1893 3441 2083 3494; x_wconf 84' lang='lat' dir='ltr'><strong>panem</strong></span> <span class='ocrx_word' id='word_1_579' title='bbox 2194 3429 2248 3483; x_wconf 92' lang='lat' dir='ltr'><strong>in</strong></span> <span class='ocrx_word' id='word_1_580' title='bbox 2286 3429 2464 3482; x_wconf 89' lang='lat' dir='ltr'><strong>medio</strong></span> <span class='ocrx_word' id='word_1_581' title='bbox 2494 3427 2594 3490; x_wconf 91' lang='lat' dir='ltr'><strong>tui,</strong></span> <span class='ocrx_word' id='word_1_582' title='bbox 2621 3438 2674 3481; x_wconf 87' lang='lat' dir='ltr'><strong>et</strong></span> <span class='ocrx_word' id='word_1_583' title='bbox 2704 3425 2797 3480; x_wconf 87' lang='lat' dir='ltr'><strong>filii</strong></span> <span class='ocrx_word' id='word_1_584' title='bbox 2829 3423 3118 3481; x_wconf 87' lang='lat' dir='ltr'><strong>comedent</strong></span> <span class='ocrx_word' id='word_1_585' title='bbox 3151 3434 3334 3494; x_wconf 90' lang='lat' dir='ltr'><strong>patres</strong></span> <span class='ocrx_word' id='word_1_586' title='bbox 3370 3439 3383 3474; x_wconf 89' lang='lat'>:</span> <span class='ocrx_word' id='word_1_587' title='bbox 3413 3434 3465 3478; x_wconf 92' lang='lat' dir='ltr'><strong>et</strong></span> <span class='ocrx_word' id='word_1_588' title='bbox 3498 3422 3693 3477; x_wconf 85' lang='lat' dir='ltr'><strong>faciam</strong></span> <span class='ocrx_word' id='word_1_589' title='bbox 3717 3423 3774 3476; x_wconf 90' lang='lat' dir='ltr'><strong>in</strong></span> 
     </span>
    </p>
   </div>
   <div class='ocr_carea' id='block_1_35' title="bbox 505 3512 3774 3588">
    <p class='ocr_par' dir='ltr' id='par_1_35' title="bbox 505 3512 3774 3588">
     <span class='ocr_line' id='line_1_35' title="bbox 505 3512 3774 3588; baseline -0 -21"><span class='ocrx_word' id='word_1_590' title='bbox 505 3512 922 3568; x_wconf 75' lang='lat' dir='ltr'><strong>subcineritium</strong></span> <span class='ocrx_word' id='word_1_591' title='bbox 950 3514 1139 3568; x_wconf 84' lang='lat' dir='ltr'><strong>hordei</strong></span> <span class='ocrx_word' id='word_1_592' title='bbox 1163 3514 1417 3568; x_wconf 82' lang='lat' dir='ltr'><strong>comedes</strong></span> <span class='ocrx_word' id='word_1_593' title='bbox 1451 3527 1515 3566; x_wconf 88' lang='lat' dir='ltr'><strong>ea</strong></span> <span class='ocrx_word' id='word_1_594' title='bbox 1550 3531 1562 3566; x_wconf 93' lang='lat'><strong>:</strong></span> <span class='ocrx_word' id='word_1_595' title='bbox 1592 3513 1646 3566; x_wconf 91' lang='lat' dir='ltr'><strong>in</strong></span> <span class='ocrx_word' id='word_1_596' title='bbox 1671 3514 1798 3566; x_wconf 88' lang='lat' dir='ltr'><strong>[imo</strong></span> <span class='ocrx_word' id='word_1_597' title='bbox 1825 3517 2086 3570; x_wconf 86' lang='lat' dir='ltr'><strong>stercoris</strong></span> <span class='ocrx_word' id='word_1_598' title='bbox 2196 3531 2248 3573; x_wconf 89' lang='lat' dir='ltr'><strong>te</strong></span> <span class='ocrx_word' id='word_1_599' title='bbox 2272 3518 2499 3588; x_wconf 81' lang='lat' dir='ltr'><strong>judicia,</strong></span> <span class='ocrx_word' id='word_1_600' title='bbox 2550 3526 2604 3571; x_wconf 72' lang='lat' dir='ltr'><strong>et</strong></span> <span class='ocrx_word' id='word_1_601' title='bbox 2641 3517 2951 3586; x_wconf 83' lang='lat' dir='ltr'><strong>dispergam</strong></span> <span class='ocrx_word' id='word_1_602' title='bbox 3009 3530 3202 3570; x_wconf 90' lang='lat' dir='ltr'><strong>omnes</strong></span> <span class='ocrx_word' id='word_1_603' title='bbox 3255 3513 3504 3569; x_wconf 90' lang='lat' dir='ltr'><strong>residuos</strong></span> <span class='ocrx_word' id='word_1_604' title='bbox 3542 3522 3668 3567; x_wconf 91' lang='lat' dir='ltr'><strong>tuos</strong></span> <span class='ocrx_word' id='word_1_605' title='bbox 3718 3513 3774 3566; x_wconf 91' lang='lat' dir='ltr'><strong>in</strong></span> 
     </span>
    </p>
   </div>
   <div class='ocr_carea' id='block_1_36' title="bbox 506 3603 3780 3679">
    <p class='ocr_par' dir='ltr' id='par_1_36' title="bbox 506 3603 3780 3679">
     <span class='ocr_line' id='line_1_36' title="bbox 506 3603 3780 3679; baseline 0.001 -23"><span class='ocrx_word' id='word_1_606' title='bbox 506 3604 736 3657; x_wconf 83' lang='lat' dir='ltr'><strong>humani</strong></span> <span class='ocrx_word' id='word_1_607' title='bbox 787 3603 1094 3658; x_wconf 87' lang='lat' dir='ltr'><strong>abscondes</strong></span> <span class='ocrx_word' id='word_1_608' title='bbox 1138 3619 1203 3658; x_wconf 89' lang='lat' dir='ltr'><strong>ea</strong></span> <span class='ocrx_word' id='word_1_609' title='bbox 1247 3612 1374 3657; x_wconf 87' lang='lat' dir='ltr'><strong>ante</strong></span> <span class='ocrx_word' id='word_1_610' title='bbox 1416 3603 1604 3657; x_wconf 86' lang='lat' dir='ltr'><strong>oculos</strong></span> <span class='ocrx_word' id='word_1_611' title='bbox 1639 3619 1854 3666; x_wconf 89' lang='lat' dir='ltr'><strong>eorum,</strong></span> <span class='ocrx_word' id='word_1_612' title='bbox 1893 3605 1979 3658; x_wconf 79' lang='grc'><strong>13.</strong></span> <span class='ocrx_word' id='word_1_613' title='bbox 2033 3615 2087 3660; x_wconf 90' lang='lat' dir='ltr'><strong>et</strong></span> <span class='ocrx_word' id='word_1_614' title='bbox 2194 3627 2415 3666; x_wconf 87' lang='lat' dir='ltr'><strong>onmem</strong></span> <span class='ocrx_word' id='word_1_615' title='bbox 2469 3619 2711 3665; x_wconf 80' lang='lat' dir='ltr'><strong>ventum.</strong></span> <span class='ocrx_word' id='word_1_616' title='bbox 2768 3609 2856 3663; x_wconf 87' lang='grc'><strong>11.</strong></span> <span class='ocrx_word' id='word_1_617' title='bbox 2897 3608 3132 3679; x_wconf 87' lang='lat' dir='ltr'><strong>Propter</strong></span> <span class='ocrx_word' id='word_1_618' title='bbox 3189 3607 3293 3662; x_wconf 83' lang='lat' dir='ltr'><strong>hoc</strong></span> <span class='ocrx_word' id='word_1_619' title='bbox 3343 3605 3465 3660; x_wconf 59' lang='lat' dir='ltr'><strong>\‘ivo</strong></span> <span class='ocrx_word' id='word_1_620' title='bbox 3489 3621 3612 3675; x_wconf 88' lang='lat' dir='ltr'><strong>ego,</strong></span> <span class='ocrx_word' id='word_1_621' title='bbox 3643 3604 3780 3658; x_wconf 89' lang='lat' dir='ltr'><strong>dicit</strong></span> 
     </span>
    </p>
   </div>
   <div class='ocr_carea' id='block_1_37' title="bbox 505 3692 3779 3770">
    <p class='ocr_par' dir='ltr' id='par_1_37' title="bbox 505 3692 3779 3770">
     <span class='ocr_line' id='line_1_37' title="bbox 505 3692 3779 3770; baseline -0 -20"><span class='ocrx_word' id='word_1_622' title='bbox 505 3695 694 3750; x_wconf 88' lang='lat' dir='ltr'><strong>dices:</strong></span> <span class='ocrx_word' id='word_1_623' title='bbox 739 3693 862 3749; x_wconf 71' lang='lat' dir='ltr'><strong>llaec</strong></span> <span class='ocrx_word' id='word_1_624' title='bbox 902 3693 1035 3748; x_wconf 90' lang='lat' dir='ltr'><strong>dicit</strong></span> <span class='ocrx_word' id='word_1_625' title='bbox 1076 3693 1341 3747; x_wconf 80' lang='lat' dir='ltr'><strong>Dominus</strong></span> <span class='ocrx_word' id='word_1_626' title='bbox 1368 3707 1428 3749; x_wconf 66' lang='grc' dir='ltr'><strong>αι-</strong></span> <span class='ocrx_word' id='word_1_627' title='bbox 1463 3692 1606 3749; x_wconf 85' lang='lat' dir='ltr'><strong>Dens</strong></span> <span class='ocrx_word' id='word_1_628' title='bbox 1645 3695 1864 3750; x_wconf 86' lang='lat' dir='ltr'><strong>lsraelis</strong></span> <span class='ocrx_word' id='word_1_629' title='bbox 1892 3698 1951 3765; x_wconf 91' lang='lat'><strong>1:</strong></span> <span class='ocrx_word' id='word_1_630' title='bbox 1995 3695 2086 3751; x_wconf 90' lang='lat' dir='ltr'><strong>Sic</strong></span> <span class='ocrx_word' id='word_1_631' title='bbox 2192 3702 2402 3765; x_wconf 81' lang='lat' dir='ltr'><strong>Adonai</strong></span> <span class='ocrx_word' id='word_1_632' title='bbox 2432 3701 2716 3767; x_wconf 87' lang='lat' dir='ltr'><strong>Dominus,</strong></span> <span class='ocrx_word' id='word_1_633' title='bbox 2747 3701 2852 3756; x_wconf 90' lang='lat' dir='ltr'><strong>nisi</strong></span> <span class='ocrx_word' id='word_1_634' title='bbox 2881 3717 2978 3770; x_wconf 92' lang='lat' dir='ltr'><strong>pro</strong></span> <span class='ocrx_word' id='word_1_635' title='bbox 3005 3715 3070 3754; x_wconf 89' lang='lat' dir='ltr'><strong>eo</strong></span> <span class='ocrx_word' id='word_1_636' title='bbox 3097 3699 3240 3770; x_wconf 92' lang='lat' dir='ltr'><strong>quod</strong></span> <span class='ocrx_word' id='word_1_637' title='bbox 3265 3697 3465 3752; x_wconf 88' lang='lat' dir='ltr'><strong>Sancta</strong></span> <span class='ocrx_word' id='word_1_638' title='bbox 3498 3713 3617 3751; x_wconf 83' lang='lat' dir='ltr'><strong>mea</strong></span> <span class='ocrx_word' id='word_1_639' title='bbox 3641 3711 3779 3752; x_wconf 90' lang='lat' dir='ltr'><strong>eon-</strong></span> 
     </span>
    </p>
   </div>
   <div class='ocr_carea' id='block_1_38' title="bbox 507 3783 3775 3860">
    <p class='ocr_par' dir='ltr' id='par_1_38' title="bbox 507 3783 3775 3860">
     <span class='ocr_line' id='line_1_38' title="bbox 507 3783 3775 3860; baseline -0.004 -8"><span class='ocrx_word' id='word_1_640' title='bbox 507 3784 797 3840; x_wconf 68' lang='grc' dir='ltr'><strong>εοηιθάεηι</strong></span> <span class='ocrx_word' id='word_1_641' title='bbox 820 3784 914 3839; x_wconf 67' lang='lat' dir='ltr'><strong>“lii</strong></span> <span class='ocrx_word' id='word_1_642' title='bbox 951 3783 1166 3840; x_wconf 67' lang='lat' dir='ltr'><strong>lsraelis</strong></span> <span class='ocrx_word' id='word_1_643' title='bbox 1193 3787 1261 3852; x_wconf 66' lang='grc' dir='ltr'>Χ</span> <span class='ocrx_word' id='word_1_644' title='bbox 1286 3799 1482 3853; x_wconf 72' lang='lat' dir='ltr'><strong>Panem</strong></span> <span class='ocrx_word' id='word_1_645' title='bbox 1529 3786 1550 3854; x_wconf 70' lang='grc' dir='ltr'>Σ</span> <span class='ocrx_word' id='word_1_646' title='bbox 1585 3801 1745 3841; x_wconf 67' lang='lat' dir='ltr'><strong>suum</strong></span> <span class='ocrx_word' id='word_1_647' title='bbox 1780 3802 1889 3840; x_wconf 77' lang='lat' dir='ltr'><strong>non</strong></span> <span class='ocrx_word' id='word_1_648' title='bbox 1920 3803 2084 3841; x_wconf 86' lang='lat' dir='ltr'><strong>mun-</strong></span> <span class='ocrx_word' id='word_1_649' title='bbox 2193 3793 2561 3848; x_wconf 88' lang='lat' dir='ltr'><strong>taminasti&#39;in</strong></span> <span class='ocrx_word' id='word_1_650' title='bbox 2591 3793 2848 3847; x_wconf 89' lang='lat' dir='ltr'><strong>omnibus</strong></span> <span class='ocrx_word' id='word_1_651' title='bbox 2881 3794 2950 3858; x_wconf 57' lang='grc' dir='ltr'>Χ</span> <span class='ocrx_word' id='word_1_652' title='bbox 2980 3790 3048 3860; x_wconf 73' lang='grc' dir='ltr'><strong>(δ)</strong></span> <span class='ocrx_word' id='word_1_653' title='bbox 3096 3788 3598 3845; x_wconf 86' lang='lat' dir='ltr'><strong>abominationibus</strong></span> <span class='ocrx_word' id='word_1_654' title='bbox 3639 3786 3775 3849; x_wconf 84' lang='lat' dir='ltr'><strong>tuis,</strong></span> 
     </span>
    </p>
   </div>
   <div class='ocr_carea' id='block_1_39' title="bbox 503 3875 3775 3954">
    <p class='ocr_par' dir='ltr' id='par_1_39' title="bbox 503 3875 3775 3954">
     <span class='ocr_line' id='line_1_39' title="bbox 503 3875 3775 3954; baseline 0 -24"><span class='ocrx_word' id='word_1_655' title='bbox 503 3877 635 3931; x_wconf 87' lang='lat' dir='ltr'><strong>dum</strong></span> <span class='ocrx_word' id='word_1_656' title='bbox 663 3875 726 3948; x_wconf 81' lang='grc' dir='ltr'><strong>(ι)</strong></span> <span class='ocrx_word' id='word_1_657' title='bbox 761 3876 814 3930; x_wconf 94' lang='lat' dir='ltr'><strong>in</strong></span> <span class='ocrx_word' id='word_1_658' title='bbox 845 3876 1119 3947; x_wconf 85' lang='lat' dir='ltr'><strong>gentibus,</strong></span> <span class='ocrx_word' id='word_1_659' title='bbox 1139 3892 1250 3947; x_wconf 92' lang='lat' dir='ltr'><strong>quo</strong></span> <span class='ocrx_word' id='word_1_660' title='bbox 1265 3877 1576 3948; x_wconf 85' lang='lat' dir='ltr'><strong>dispergam</strong></span> <span class='ocrx_word' id='word_1_661' title='bbox 1605 3893 1700 3933; x_wconf 88' lang='lat' dir='ltr'><strong>eos</strong></span> <span class='ocrx_word' id='word_1_662' title='bbox 1726 3878 1874 3933; x_wconf 91' lang='lat' dir='ltr'><strong>illuc.</strong></span> <span class='ocrx_word' id='word_1_663' title='bbox 1911 3879 2084 3935; x_wconf 78' lang='lat' dir='ltr'><strong>M.Et</strong></span> <span class='ocrx_word' id='word_1_664' title='bbox 2191 3894 2244 3939; x_wconf 90' lang='lat' dir='ltr'><strong>et</strong></span> <span class='ocrx_word' id='word_1_665' title='bbox 2270 3886 2323 3938; x_wconf 91' lang='lat' dir='ltr'><strong>in</strong></span> <span class='ocrx_word' id='word_1_666' title='bbox 2348 3885 2605 3939; x_wconf 89' lang='lat' dir='ltr'><strong>omnibus</strong></span> <span class='ocrx_word' id='word_1_667' title='bbox 2657 3884 2679 3953; x_wconf 93' lang='lat'><strong>1</strong></span> <span class='ocrx_word' id='word_1_668' title='bbox 2734 3883 3165 3954; x_wconf 89' lang='lat' dir='ltr'><strong>inquinamentis</strong></span> <span class='ocrx_word' id='word_1_669' title='bbox 3196 3883 3326 3948; x_wconf 90' lang='lat' dir='ltr'><strong>tuis,</strong></span> <span class='ocrx_word' id='word_1_670' title='bbox 3367 3881 3532 3936; x_wconf 88' lang='lat' dir='ltr'><strong>etiam</strong></span> <span class='ocrx_word' id='word_1_671' title='bbox 3570 3894 3671 3948; x_wconf 86' lang='lat' dir='ltr'><strong>ego</strong></span> <span class='ocrx_word' id='word_1_672' title='bbox 3706 3877 3775 3950; x_wconf 80' lang='grc' dir='ltr'><strong>(ι)</strong></span> 
     </span>
    </p>
   </div>
   <div class='ocr_carea' id='block_1_40' title="bbox 503 3967 3775 4046">
    <p class='ocr_par' dir='ltr' id='par_1_40' title="bbox 503 3967 3775 4046">
     <span class='ocr_line' id='line_1_40' title="bbox 503 3967 3775 4046; baseline 0.001 -24"><span class='ocrx_word' id='word_1_673' title='bbox 503 3967 619 4022; x_wconf 81' lang='lat' dir='ltr'><strong>dixi</strong></span> <span class='ocrx_word' id='word_1_674' title='bbox 653 3987 666 4021; x_wconf 91' lang='lat'>:</span> <span class='ocrx_word' id='word_1_675' title='bbox 700 3967 1074 4039; x_wconf 83' lang='lat' dir='ltr'><strong>Nequaquam,</strong></span> <span class='ocrx_word' id='word_1_676' title='bbox 1103 3969 1332 4026; x_wconf 90' lang='lat' dir='ltr'><strong>Domine</strong></span> <span class='ocrx_word' id='word_1_677' title='bbox 1369 3969 1513 4026; x_wconf 87' lang='lat' dir='ltr'><strong>Deus</strong></span> <span class='ocrx_word' id='word_1_678' title='bbox 1541 3970 1792 4028; x_wconf 88' lang='lat' dir='ltr'><strong>lsraelis:</strong></span> <span class='ocrx_word' id='word_1_679' title='bbox 1821 3973 1868 4027; x_wconf 88' lang='lat' dir='ltr'><strong>si</strong></span> <span class='ocrx_word' id='word_1_680' title='bbox 1901 3973 2083 4027; x_wconf 90' lang='lat' dir='ltr'><strong>anima</strong></span> <span class='ocrx_word' id='word_1_681' title='bbox 2190 3976 2459 4046; x_wconf 79' lang='lat' dir='ltr'><strong>expellam</strong></span> <span class='ocrx_word' id='word_1_682' title='bbox 2492 3984 2543 4030; x_wconf 90' lang='lat' dir='ltr'><strong>te</strong></span> <span class='ocrx_word' id='word_1_683' title='bbox 2573 3991 2586 4027; x_wconf 88' lang='lat'><strong>:</strong></span> <span class='ocrx_word' id='word_1_684' title='bbox 2623 3990 2729 4029; x_wconf 88' lang='lat' dir='ltr'><strong>non</strong></span> <span class='ocrx_word' id='word_1_685' title='bbox 2762 3985 2947 4044; x_wconf 89' lang='lat' dir='ltr'><strong>parcet</strong></span> <span class='ocrx_word' id='word_1_686' title='bbox 2977 3974 3172 4030; x_wconf 89' lang='lat' dir='ltr'><strong>oculus</strong></span> <span class='ocrx_word' id='word_1_687' title='bbox 3202 3985 3388 4037; x_wconf 88' lang='lat' dir='ltr'><strong>meus,</strong></span> <span class='ocrx_word' id='word_1_688' title='bbox 3433 3981 3487 4026; x_wconf 91' lang='lat' dir='ltr'><strong>et</strong></span> <span class='ocrx_word' id='word_1_689' title='bbox 3515 3987 3616 4042; x_wconf 89' lang='lat' dir='ltr'><strong>ego</strong></span> <span class='ocrx_word' id='word_1_690' title='bbox 3661 3985 3775 4025; x_wconf 89' lang='lat' dir='ltr'><strong>non</strong></span> 
     </span>
    </p>
   </div>
   <div class='ocr_carea' id='block_1_41' title="bbox 502 4061 3775 4136">
    <p class='ocr_par' dir='ltr' id='par_1_41' title="bbox 502 4061 3775 4136">
     <span class='ocr_line' id='line_1_41' title="bbox 502 4061 3775 4136; baseline 0.002 -23"><span class='ocrx_word' id='word_1_691' title='bbox 502 4073 623 4114; x_wconf 78' lang='lat' dir='ltr'><strong>mea</strong></span> <span class='ocrx_word' id='word_1_692' title='bbox 658 4074 766 4114; x_wconf 87' lang='lat' dir='ltr'><strong>non</strong></span> <span class='ocrx_word' id='word_1_693' title='bbox 800 4061 1006 4132; x_wconf 88' lang='lat' dir='ltr'><strong>polluta</strong></span> <span class='ocrx_word' id='word_1_694' title='bbox 1036 4077 1099 4117; x_wconf 72' lang='grc' dir='ltr'><strong>σε-</strong></span> <span class='ocrx_word' id='word_1_695' title='bbox 1132 4063 1184 4116; x_wconf 93' lang='lat' dir='ltr'><strong>in</strong></span> <span class='ocrx_word' id='word_1_696' title='bbox 1235 4062 1678 4132; x_wconf 88' lang='lat' dir='ltr'><strong>immunditia1,</strong></span> <span class='ocrx_word' id='word_1_697' title='bbox 1724 4072 1778 4120; x_wconf 90' lang='lat' dir='ltr'><strong>et</strong></span> <span class='ocrx_word' id='word_1_698' title='bbox 1836 4064 2082 4120; x_wconf 87' lang='lat' dir='ltr'><strong>mortici-</strong></span> <span class='ocrx_word' id='word_1_699' title='bbox 2191 4068 2514 4124; x_wconf 89' lang='lat' dir='ltr'><strong>miserebor.</strong></span> <span class='ocrx_word' id='word_1_700' title='bbox 2553 4068 2640 4122; x_wconf 71' lang='lat'><strong>12.</strong></span> <span class='ocrx_word' id='word_1_701' title='bbox 2677 4068 2880 4135; x_wconf 84' lang='lat' dir='ltr'><strong>Quarta</strong></span> <span class='ocrx_word' id='word_1_702' title='bbox 2908 4081 3037 4136; x_wconf 88' lang='lat' dir='ltr'><strong>pars</strong></span> <span class='ocrx_word' id='word_1_703' title='bbox 3059 4068 3136 4120; x_wconf 89' lang='lat' dir='ltr'><strong>tui</strong></span> <span class='ocrx_word' id='word_1_704' title='bbox 3163 4066 3218 4120; x_wconf 91' lang='lat' dir='ltr'><strong>in</strong></span> <span class='ocrx_word' id='word_1_705' title='bbox 3262 4076 3436 4119; x_wconf 90' lang='lat' dir='ltr'><strong>morte</strong></span> <span class='ocrx_word' id='word_1_706' title='bbox 3477 4078 3775 4119; x_wconf 84' lang='lat' dir='ltr'><strong>consume-</strong></span> 
     </span>
    </p>
   </div>
   <div class='ocr_carea' id='block_1_42' title="bbox 503 4152 3773 4236">
    <p class='ocr_par' dir='ltr' id='par_1_42' title="bbox 503 4152 3773 4236">
     <span class='ocr_line' id='line_1_42' title="bbox 503 4152 3773 4236; baseline 0 -32"><span class='ocrx_word' id='word_1_707' title='bbox 503 4152 676 4216; x_wconf 89' lang='lat' dir='ltr'><strong>nium,</strong></span> <span class='ocrx_word' id='word_1_708' title='bbox 709 4161 765 4206; x_wconf 82' lang='lat' dir='ltr'><strong>et</strong></span> <span class='ocrx_word' id='word_1_709' title='bbox 797 4163 1016 4223; x_wconf 88' lang='lat' dir='ltr'><strong>captum</strong></span> <span class='ocrx_word' id='word_1_710' title='bbox 1051 4169 1079 4208; x_wconf 90' lang='lat' dir='ltr'><strong>a</strong></span> <span class='ocrx_word' id='word_1_711' title='bbox 1125 4154 1254 4209; x_wconf 89' lang='lat' dir='ltr'><strong>feris</strong></span> <span class='ocrx_word' id='word_1_712' title='bbox 1309 4170 1418 4209; x_wconf 92' lang='lat' dir='ltr'><strong>non</strong></span> <span class='ocrx_word' id='word_1_713' title='bbox 1464 4156 1676 4209; x_wconf 87' lang='lat' dir='ltr'><strong>comedi</strong></span> <span class='ocrx_word' id='word_1_714' title='bbox 1735 4171 1765 4210; x_wconf 90' lang='lat' dir='ltr'><strong>a</strong></span> <span class='ocrx_word' id='word_1_715' title='bbox 1801 4156 2083 4212; x_wconf 83' lang='lat' dir='ltr'><strong>nativitate</strong></span> <span class='ocrx_word' id='word_1_716' title='bbox 2192 4168 2316 4214; x_wconf 91' lang='lat' dir='ltr'><strong>tur:</strong></span> <span class='ocrx_word' id='word_1_717' title='bbox 2348 4174 2408 4213; x_wconf 75' lang='grc' dir='ltr'><strong>οι-</strong></span> <span class='ocrx_word' id='word_1_718' title='bbox 2444 4168 2498 4212; x_wconf 89' lang='lat' dir='ltr'><strong>et</strong></span> <span class='ocrx_word' id='word_1_719' title='bbox 2532 4167 2728 4227; x_wconf 88' lang='lat' dir='ltr'><strong>quarta</strong></span> <span class='ocrx_word' id='word_1_720' title='bbox 2766 4172 2896 4227; x_wconf 88' lang='lat' dir='ltr'><strong>pars</strong></span> <span class='ocrx_word' id='word_1_721' title='bbox 2929 4157 3004 4236; x_wconf 77' lang='lat' dir='ltr'><strong>tui</strong></span> <span class='ocrx_word' id='word_1_722' title='bbox 3039 4159 3061 4227; x_wconf 90' lang='lat'><strong>1</strong></span> <span class='ocrx_word' id='word_1_723' title='bbox 3099 4158 3152 4210; x_wconf 91' lang='lat' dir='ltr'><strong>in</strong></span> <span class='ocrx_word' id='word_1_724' title='bbox 3180 4155 3324 4210; x_wconf 85' lang='lat' dir='ltr'><strong>fame</strong></span> <span class='ocrx_word' id='word_1_725' title='bbox 3357 4153 3678 4209; x_wconf 86' lang='lat' dir='ltr'><strong>conficietur</strong></span> <span class='ocrx_word' id='word_1_726' title='bbox 3716 4152 3773 4206; x_wconf 90' lang='lat' dir='ltr'><strong>in</strong></span> 
     </span>
    </p>
   </div>
   <div class='ocr_carea' id='block_1_43' title="bbox 503 4244 3777 4317">
    <p class='ocr_par' dir='ltr' id='par_1_43' title="bbox 503 4244 3777 4317">
     <span class='ocr_line' id='line_1_43' title="bbox 503 4244 3777 4317; baseline 0 -21"><span class='ocrx_word' id='word_1_727' title='bbox 503 4258 622 4296; x_wconf 80' lang='lat' dir='ltr'><strong>iea</strong></span> <span class='ocrx_word' id='word_1_728' title='bbox 650 4259 820 4313; x_wconf 86' lang='lat' dir='ltr'><strong>usque</strong></span> <span class='ocrx_word' id='word_1_729' title='bbox 853 4260 1022 4308; x_wconf 93' lang='lat' dir='ltr'><strong>nunc,</strong></span> <span class='ocrx_word' id='word_1_730' title='bbox 1060 4260 1236 4314; x_wconf 91' lang='lat' dir='ltr'><strong>neque</strong></span> <span class='ocrx_word' id='word_1_731' title='bbox 1270 4245 1554 4316; x_wconf 89' lang='lat' dir='ltr'><strong>ingressus</strong></span> <span class='ocrx_word' id='word_1_732' title='bbox 1583 4256 1666 4302; x_wconf 87' lang='lat' dir='ltr'><strong>est</strong></span> <span class='ocrx_word' id='word_1_733' title='bbox 1709 4247 1759 4300; x_wconf 90' lang='lat' dir='ltr'><strong>in</strong></span> <span class='ocrx_word' id='word_1_734' title='bbox 1797 4263 1860 4304; x_wconf 91' lang='lat' dir='ltr'><strong>os</strong></span> <span class='ocrx_word' id='word_1_735' title='bbox 1896 4264 2079 4304; x_wconf 89' lang='lat' dir='ltr'><strong>meum</strong></span> <span class='ocrx_word' id='word_1_736' title='bbox 2191 4249 2370 4304; x_wconf 89' lang='lat' dir='ltr'><strong>medio</strong></span> <span class='ocrx_word' id='word_1_737' title='bbox 2402 4249 2478 4302; x_wconf 90' lang='lat' dir='ltr'><strong>tui</strong></span> <span class='ocrx_word' id='word_1_738' title='bbox 2506 4268 2519 4302; x_wconf 91' lang='lat'>:</span> <span class='ocrx_word' id='word_1_739' title='bbox 2551 4251 2618 4317; x_wconf 58' lang='grc' dir='ltr'>χ(</span> <span class='ocrx_word' id='word_1_740' title='bbox 2650 4256 2704 4301; x_wconf 93' lang='lat' dir='ltr'><strong>et</strong></span> <span class='ocrx_word' id='word_1_741' title='bbox 2730 4257 2924 4317; x_wconf 86' lang='lat' dir='ltr'><strong>quarta</strong></span> <span class='ocrx_word' id='word_1_742' title='bbox 2976 4262 3105 4315; x_wconf 89' lang='lat' dir='ltr'><strong>pars</strong></span> <span class='ocrx_word' id='word_1_743' title='bbox 3167 4247 3244 4300; x_wconf 93' lang='lat' dir='ltr'><strong>tui</strong></span> <span class='ocrx_word' id='word_1_744' title='bbox 3293 4246 3348 4299; x_wconf 88' lang='lat' dir='ltr'><strong>in</strong></span> <span class='ocrx_word' id='word_1_745' title='bbox 3401 4244 3581 4314; x_wconf 88' lang='lat' dir='ltr'><strong>gladio</strong></span> <span class='ocrx_word' id='word_1_746' title='bbox 3612 4244 3777 4298; x_wconf 78' lang='lat' dir='ltr'><strong>cadet</strong></span> 
     </span>
    </p>
   </div>
   <div class='ocr_carea' id='block_1_44' title="bbox 505 4333 3773 4410">
    <p class='ocr_par' dir='ltr' id='par_1_44' title="bbox 505 4333 3773 4410">
     <span class='ocr_line' id='line_1_44' title="bbox 505 4333 3773 4410; baseline -0 -22"><span class='ocrx_word' id='word_1_747' title='bbox 505 4334 766 4388; x_wconf 74' lang='lat' dir='ltr'><strong>+omnis</strong></span> <span class='ocrx_word' id='word_1_748' title='bbox 817 4333 840 4403; x_wconf 89' lang='lat'><strong>1</strong></span> <span class='ocrx_word' id='word_1_749' title='bbox 896 4350 1028 4390; x_wconf 87' lang='lat' dir='ltr'><strong>caro</strong></span> <span class='ocrx_word' id='word_1_750' title='bbox 1075 4336 1376 4391; x_wconf 80' lang='lat' dir='ltr'><strong>immunda.</strong></span> <span class='ocrx_word' id='word_1_751' title='bbox 1430 4337 1515 4392; x_wconf 78' lang='grc'><strong>15.</strong></span> <span class='ocrx_word' id='word_1_752' title='bbox 1558 4339 1621 4392; x_wconf 77' lang='lat' dir='ltr'><strong>Et</strong></span> <span class='ocrx_word' id='word_1_753' title='bbox 1653 4339 1793 4393; x_wconf 81' lang='lat' dir='ltr'><strong>dixit</strong></span> <span class='ocrx_word' id='word_1_754' title='bbox 1840 4340 1905 4394; x_wconf 90' lang='lat' dir='ltr'><strong>ad</strong></span> <span class='ocrx_word' id='word_1_755' title='bbox 1947 4356 2074 4395; x_wconf 90' lang='lat' dir='ltr'><strong>me:</strong></span> <span class='ocrx_word' id='word_1_756' title='bbox 2189 4341 2334 4395; x_wconf 87' lang='lat' dir='ltr'><strong>circa</strong></span> <span class='ocrx_word' id='word_1_757' title='bbox 2370 4351 2421 4395; x_wconf 93' lang='lat' dir='ltr'><strong>te</strong></span> <span class='ocrx_word' id='word_1_758' title='bbox 2465 4341 2524 4408; x_wconf 92' lang='lat'><strong>1:</strong></span> <span class='ocrx_word' id='word_1_759' title='bbox 2563 4349 2617 4394; x_wconf 87' lang='lat' dir='ltr'><strong>et</strong></span> <span class='ocrx_word' id='word_1_760' title='bbox 2649 4349 2901 4410; x_wconf 88' lang='lat' dir='ltr'><strong>quartam</strong></span> <span class='ocrx_word' id='word_1_761' title='bbox 2930 4347 3142 4408; x_wconf 86' lang='lat' dir='ltr'><strong>partem</strong></span> <span class='ocrx_word' id='word_1_762' title='bbox 3178 4337 3252 4390; x_wconf 94' lang='lat' dir='ltr'><strong>tui</strong></span> <span class='ocrx_word' id='word_1_763' title='bbox 3296 4336 3349 4390; x_wconf 90' lang='lat' dir='ltr'><strong>in</strong></span> <span class='ocrx_word' id='word_1_764' title='bbox 3386 4351 3602 4390; x_wconf 81' lang='lat' dir='ltr'><strong>omnem</strong></span> <span class='ocrx_word' id='word_1_765' title='bbox 3635 4350 3773 4388; x_wconf 83' lang='lat' dir='ltr'><strong>ven-</strong></span> 
     </span>
    </p>
   </div>
   <div class='ocr_carea' id='block_1_45' title="bbox 501 4426 3769 4503">
    <p class='ocr_par' dir='ltr' id='par_1_45' title="bbox 501 4426 3769 4503">
     <span class='ocr_line' id='line_1_45' title="bbox 501 4426 3769 4503; baseline 0 -23"><span class='ocrx_word' id='word_1_766' title='bbox 501 4426 640 4480; x_wconf 84' lang='lat' dir='ltr'><strong>Ecce</strong></span> <span class='ocrx_word' id='word_1_767' title='bbox 670 4427 789 4481; x_wconf 82' lang='lat' dir='ltr'><strong>dedi</strong></span> <span class='ocrx_word' id='word_1_768' title='bbox 831 4428 926 4483; x_wconf 90' lang='lat' dir='ltr'><strong>tibi</strong></span> <span class='ocrx_word' id='word_1_769' title='bbox 958 4433 1026 4498; x_wconf 61' lang='lat' dir='ltr'><strong>)K</strong></span> <span class='ocrx_word' id='word_1_770' title='bbox 1047 4431 1116 4482; x_wconf 78' lang='grc' dir='ltr'><strong>τὰ</strong></span> <span class='ocrx_word' id='word_1_771' title='bbox 1140 4431 1162 4500; x_wconf 95' lang='lat'><strong>1</strong></span> <span class='ocrx_word' id='word_1_772' title='bbox 1190 4439 1428 4486; x_wconf 87' lang='lat' dir='ltr'><strong>stercora</strong></span> <span class='ocrx_word' id='word_1_773' title='bbox 1475 4431 1638 4485; x_wconf 88' lang='lat' dir='ltr'><strong>boum</strong></span> <span class='ocrx_word' id='word_1_774' title='bbox 1681 4447 1778 4502; x_wconf 90' lang='lat' dir='ltr'><strong>pro</strong></span> <span class='ocrx_word' id='word_1_775' title='bbox 1821 4434 2080 4488; x_wconf 88' lang='lat' dir='ltr'><strong>stercori-</strong></span> <span class='ocrx_word' id='word_1_776' title='bbox 2189 4445 2302 4487; x_wconf 91' lang='lat' dir='ltr'><strong>tum</strong></span> <span class='ocrx_word' id='word_1_777' title='bbox 2328 4433 2639 4503; x_wconf 88' lang='lat' dir='ltr'><strong>dispergam</strong></span> <span class='ocrx_word' id='word_1_778' title='bbox 2670 4448 2797 4486; x_wconf 85' lang='lat' dir='ltr'><strong>eos:</strong></span> <span class='ocrx_word' id='word_1_779' title='bbox 2825 4442 2878 4485; x_wconf 91' lang='lat' dir='ltr'><strong>et</strong></span> <span class='ocrx_word' id='word_1_780' title='bbox 2909 4431 3147 4502; x_wconf 89' lang='lat' dir='ltr'><strong>gladium</strong></span> <span class='ocrx_word' id='word_1_781' title='bbox 3179 4430 3458 4485; x_wconf 82' lang='lat' dir='ltr'><strong>evacuabo</strong></span> <span class='ocrx_word' id='word_1_782' title='bbox 3493 4439 3617 4500; x_wconf 90' lang='lat' dir='ltr'><strong>post</strong></span> <span class='ocrx_word' id='word_1_783' title='bbox 3648 4443 3769 4482; x_wconf 88' lang='lat' dir='ltr'><strong>eos.</strong></span> 
     </span>
    </p>
   </div>
   <div class='ocr_carea' id='block_1_46' title="bbox 498 4516 3772 4593">
    <p class='ocr_par' dir='ltr' id='par_1_46' title="bbox 498 4516 3772 4593">
     <span class='ocr_line' id='line_1_46' title="bbox 498 4516 3772 4593; baseline 0.002 -23"><span class='ocrx_word' id='word_1_784' title='bbox 498 4519 602 4571; x_wconf 88' lang='lat' dir='ltr'><strong>bus</strong></span> <span class='ocrx_word' id='word_1_785' title='bbox 633 4516 909 4582; x_wconf 85' lang='lat' dir='ltr'><strong>humanis,</strong></span> <span class='ocrx_word' id='word_1_786' title='bbox 933 4529 988 4573; x_wconf 91' lang='lat' dir='ltr'><strong>et</strong></span> <span class='ocrx_word' id='word_1_787' title='bbox 1014 4519 1178 4574; x_wconf 89' lang='lat' dir='ltr'><strong>facies</strong></span> <span class='ocrx_word' id='word_1_788' title='bbox 1201 4535 1370 4589; x_wconf 91' lang='lat' dir='ltr'><strong>panes</strong></span> <span class='ocrx_word' id='word_1_789' title='bbox 1400 4531 1522 4576; x_wconf 92' lang='lat' dir='ltr'><strong>tuos</strong></span> <span class='ocrx_word' id='word_1_790' title='bbox 1571 4535 1736 4590; x_wconf 74' lang='lat' dir='ltr'><strong>seper</strong></span> <span class='ocrx_word' id='word_1_791' title='bbox 1760 4523 1859 4578; x_wconf 90' lang='lat' dir='ltr'><strong>eis.</strong></span> <span class='ocrx_word' id='word_1_792' title='bbox 1888 4523 1975 4576; x_wconf 80' lang='lat' dir='ltr'><strong>lli.</strong></span> <span class='ocrx_word' id='word_1_793' title='bbox 2013 4522 2080 4576; x_wconf 87' lang='lat' dir='ltr'><strong>Et</strong></span> <span class='ocrx_word' id='word_1_794' title='bbox 2115 4581 2152 4593; x_wconf 39' lang='grc' dir='ltr'>ἢ</span> <span class='ocrx_word' id='word_1_795' title='bbox 2189 4527 2276 4581; x_wconf 81' lang='grc'><strong>15.</strong></span> <span class='ocrx_word' id='word_1_796' title='bbox 2309 4525 2375 4579; x_wconf 81' lang='lat' dir='ltr'><strong>Et</strong></span> <span class='ocrx_word' id='word_1_797' title='bbox 2429 4524 2792 4593; x_wconf 84' lang='lat' dir='ltr'><strong>complebilur</strong></span> <span class='ocrx_word' id='word_1_798' title='bbox 2819 4523 2968 4578; x_wconf 91' lang='lat' dir='ltr'><strong>furor</strong></span> <span class='ocrx_word' id='word_1_799' title='bbox 3002 4540 3179 4592; x_wconf 89' lang='lat' dir='ltr'><strong>meus,</strong></span> <span class='ocrx_word' id='word_1_800' title='bbox 3233 4533 3289 4579; x_wconf 89' lang='lat' dir='ltr'><strong>et</strong></span> <span class='ocrx_word' id='word_1_801' title='bbox 3320 4523 3399 4578; x_wconf 90' lang='lat' dir='ltr'><strong>ira</strong></span> <span class='ocrx_word' id='word_1_802' title='bbox 3453 4539 3572 4577; x_wconf 89' lang='lat' dir='ltr'><strong>mea</strong></span> <span class='ocrx_word' id='word_1_803' title='bbox 3605 4536 3772 4590; x_wconf 85' lang='lat' dir='ltr'><strong>super</strong></span> 
     </span>
    </p>
   </div>
   <div class='ocr_carea' id='block_1_47' title="bbox 496 4581 3772 4688">
    <p class='ocr_par' dir='ltr' id='par_1_47' title="bbox 496 4581 3772 4688">
     <span class='ocr_line' id='line_1_47' title="bbox 496 4581 3772 4688; baseline 0.001 -27"><span class='ocrx_word' id='word_1_804' title='bbox 496 4608 633 4662; x_wconf 78' lang='lat' dir='ltr'><strong>dixit</strong></span> <span class='ocrx_word' id='word_1_805' title='bbox 659 4608 726 4662; x_wconf 89' lang='lat' dir='ltr'><strong>ad</strong></span> <span class='ocrx_word' id='word_1_806' title='bbox 752 4624 869 4662; x_wconf 88' lang='lat' dir='ltr'><strong>me:</strong></span> <span class='ocrx_word' id='word_1_807' title='bbox 909 4609 1012 4664; x_wconf 87' lang='lat' dir='ltr'><strong>Fili</strong></span> <span class='ocrx_word' id='word_1_808' title='bbox 1047 4581 1306 4675; x_wconf 77' lang='lat' dir='ltr'><strong>hominis,</strong></span> <span class='ocrx_word' id='word_1_809' title='bbox 1340 4628 1466 4666; x_wconf 90' lang='lat' dir='ltr'><strong>ecce</strong></span> <span class='ocrx_word' id='word_1_810' title='bbox 1483 4628 1584 4682; x_wconf 87' lang='lat' dir='ltr'><strong>ego</strong></span> <span class='ocrx_word' id='word_1_811' title='bbox 1611 4581 1897 4683; x_wconf 75' lang='lat' dir='ltr'><strong>confringo</strong></span> <span class='ocrx_word' id='word_1_812' title='bbox 1918 4612 2079 4667; x_wconf 88' lang='lat' dir='ltr'><strong>fulci-</strong></span> <span class='ocrx_word' id='word_1_813' title='bbox 2114 4581 2157 4635; x_wconf 66' lang='grc' dir='ltr'><strong>Β</strong></span> <span class='ocrx_word' id='word_1_814' title='bbox 2186 4632 2302 4679; x_wconf 89' lang='lat' dir='ltr'><strong>eos,</strong></span> <span class='ocrx_word' id='word_1_815' title='bbox 2323 4619 2391 4684; x_wconf 63' lang='grc' dir='ltr'><strong>»ζ</strong></span> <span class='ocrx_word' id='word_1_816' title='bbox 2432 4625 2485 4670; x_wconf 86' lang='lat' dir='ltr'><strong>et</strong></span> <span class='ocrx_word' id='word_1_817' title='bbox 2513 4581 2842 4671; x_wconf 79' lang='lat' dir='ltr'><strong>consolabor</strong></span> <span class='ocrx_word' id='word_1_818' title='bbox 2866 4617 2954 4687; x_wconf 79' lang='lat'><strong>(“)</strong></span> <span class='ocrx_word' id='word_1_819' title='bbox 2987 4618 3011 4688; x_wconf 95' lang='lat'><strong>1</strong></span> <span class='ocrx_word' id='word_1_820' title='bbox 3039 4661 3052 4683; x_wconf 90' lang='lat'><strong>,</strong></span> <span class='ocrx_word' id='word_1_821' title='bbox 3077 4626 3132 4672; x_wconf 90' lang='lat' dir='ltr'><strong>et</strong></span> <span class='ocrx_word' id='word_1_822' title='bbox 3162 4581 3481 4687; x_wconf 77' lang='lat' dir='ltr'><strong>cognosces,</strong></span> <span class='ocrx_word' id='word_1_823' title='bbox 3520 4612 3646 4684; x_wconf 88' lang='lat' dir='ltr'><strong>quia</strong></span> <span class='ocrx_word' id='word_1_824' title='bbox 3667 4581 3772 4682; x_wconf 76' lang='lat' dir='ltr'><strong>ego</strong></span> 
     </span>
    </p>
   </div>
   <div class='ocr_carea' id='block_1_48' title="bbox 498 4701 3772 4775">
    <p class='ocr_par' dir='ltr' id='par_1_48' title="bbox 498 4701 3772 4775">
     <span class='ocr_line' id='line_1_48' title="bbox 498 4701 3772 4775; baseline 0.002 -24"><span class='ocrx_word' id='word_1_825' title='bbox 498 4709 740 4754; x_wconf 88' lang='lat' dir='ltr'><strong>mentum</strong></span> <span class='ocrx_word' id='word_1_826' title='bbox 793 4701 950 4770; x_wconf 85' lang='lat' dir='ltr'><strong>panis</strong></span> <span class='ocrx_word' id='word_1_827' title='bbox 986 4701 1040 4755; x_wconf 89' lang='lat' dir='ltr'><strong>in</strong></span> <span class='ocrx_word' id='word_1_828' title='bbox 1090 4701 1416 4770; x_wconf 81' lang='lat' dir='ltr'><strong>Jerusalem,</strong></span> <span class='ocrx_word' id='word_1_829' title='bbox 1471 4713 1524 4758; x_wconf 94' lang='lat' dir='ltr'><strong>ct</strong></span> <span class='ocrx_word' id='word_1_830' title='bbox 1561 4706 1849 4760; x_wconf 90' lang='lat' dir='ltr'><strong>comedent</strong></span> <span class='ocrx_word' id='word_1_831' title='bbox 1880 4721 2076 4775; x_wconf 88' lang='lat' dir='ltr'><strong>panem</strong></span> <span class='ocrx_word' id='word_1_832' title='bbox 2191 4708 2454 4762; x_wconf 89' lang='lat' dir='ltr'><strong>Dominus</strong></span> <span class='ocrx_word' id='word_1_833' title='bbox 2488 4707 2704 4763; x_wconf 87' lang='lat' dir='ltr'><strong>locutus</strong></span> <span class='ocrx_word' id='word_1_834' title='bbox 2736 4724 2856 4763; x_wconf 91' lang='lat' dir='ltr'><strong>sum</strong></span> <span class='ocrx_word' id='word_1_835' title='bbox 2883 4709 2936 4762; x_wconf 91' lang='lat' dir='ltr'><strong>in</strong></span> <span class='ocrx_word' id='word_1_836' title='bbox 2962 4708 3079 4764; x_wconf 84' lang='lat' dir='ltr'><strong>zelo</strong></span> <span class='ocrx_word' id='word_1_837' title='bbox 3106 4723 3260 4772; x_wconf 91' lang='lat' dir='ltr'><strong>meo,</strong></span> <span class='ocrx_word' id='word_1_838' title='bbox 3311 4722 3436 4761; x_wconf 86' lang='lat' dir='ltr'><strong>cum</strong></span> <span class='ocrx_word' id='word_1_839' title='bbox 3474 4706 3772 4774; x_wconf 79' lang='lat' dir='ltr'><strong>implevero</strong></span> 
     </span>
    </p>
   </div>
   <div class='ocr_carea' id='block_1_49' title="bbox 494 4791 3768 4870">
    <p class='ocr_par' dir='ltr' id='par_1_49' title="bbox 494 4791 3768 4870">
     <span class='ocr_line' id='line_1_49' title="bbox 494 4791 3768 4870; baseline 0.002 -24"><span class='ocrx_word' id='word_1_840' title='bbox 494 4791 656 4846; x_wconf 83' lang='lat' dir='ltr'><strong>etiam</strong></span> <span class='ocrx_word' id='word_1_841' title='bbox 689 4793 742 4846; x_wconf 91' lang='lat' dir='ltr'><strong>in</strong></span> <span class='ocrx_word' id='word_1_842' title='bbox 783 4795 1041 4864; x_wconf 87' lang='lat' dir='ltr'><strong>pondere,</strong></span> <span class='ocrx_word' id='word_1_843' title='bbox 1081 4805 1136 4849; x_wconf 87' lang='lat' dir='ltr'><strong>et</strong></span> <span class='ocrx_word' id='word_1_844' title='bbox 1166 4797 1218 4848; x_wconf 90' lang='lat' dir='ltr'><strong>in</strong></span> <span class='ocrx_word' id='word_1_845' title='bbox 1246 4796 1470 4865; x_wconf 88' lang='lat' dir='ltr'><strong>penuria</strong></span> <span class='ocrx_word' id='word_1_846' title='bbox 1498 4813 1512 4851; x_wconf 88' lang='lat'>:</span> <span class='ocrx_word' id='word_1_847' title='bbox 1543 4805 1598 4851; x_wconf 92' lang='lat' dir='ltr'><strong>et</strong></span> <span class='ocrx_word' id='word_1_848' title='bbox 1622 4813 1818 4870; x_wconf 83' lang='lat' dir='ltr'><strong>aquam</strong></span> <span class='ocrx_word' id='word_1_849' title='bbox 1851 4799 1903 4852; x_wconf 90' lang='lat' dir='ltr'><strong>in</strong></span> <span class='ocrx_word' id='word_1_850' title='bbox 1929 4816 2080 4854; x_wconf 86' lang='lat' dir='ltr'><strong>men-</strong></span> <span class='ocrx_word' id='word_1_851' title='bbox 2188 4801 2324 4854; x_wconf 89' lang='lat' dir='ltr'><strong>iram</strong></span> <span class='ocrx_word' id='word_1_852' title='bbox 2358 4816 2532 4854; x_wconf 86' lang='lat' dir='ltr'><strong>meam</strong></span> <span class='ocrx_word' id='word_1_853' title='bbox 2568 4801 2621 4854; x_wconf 90' lang='lat' dir='ltr'><strong>in</strong></span> <span class='ocrx_word' id='word_1_854' title='bbox 2647 4801 2748 4855; x_wconf 87' lang='lat' dir='ltr'><strong>eis.</strong></span> <span class='ocrx_word' id='word_1_855' title='bbox 2782 4801 2866 4856; x_wconf 70' lang='grc'><strong>14.</strong></span> <span class='ocrx_word' id='word_1_856' title='bbox 2899 4799 2965 4854; x_wconf 86' lang='grc' dir='ltr'>Ει</span> <span class='ocrx_word' id='word_1_857' title='bbox 2991 4815 3189 4870; x_wconf 90' lang='lat' dir='ltr'><strong>ponam</strong></span> <span class='ocrx_word' id='word_1_858' title='bbox 3217 4809 3268 4854; x_wconf 91' lang='lat' dir='ltr'><strong>te</strong></span> <span class='ocrx_word' id='word_1_859' title='bbox 3299 4801 3353 4853; x_wconf 91' lang='lat' dir='ltr'><strong>in</strong></span> <span class='ocrx_word' id='word_1_860' title='bbox 3379 4799 3680 4860; x_wconf 89' lang='lat' dir='ltr'><strong>desertum,</strong></span> <span class='ocrx_word' id='word_1_861' title='bbox 3713 4806 3768 4852; x_wconf 83' lang='lat' dir='ltr'><strong>et</strong></span> 
     </span>
    </p>
   </div>
   <div class='ocr_carea' id='block_1_50' title="bbox 495 4887 3768 4963">
    <p class='ocr_par' dir='ltr' id='par_1_50' title="bbox 495 4887 3768 4963">
     <span class='ocr_line' id='line_1_50' title="bbox 495 4887 3768 4963; baseline 0.001 -23"><span class='ocrx_word' id='word_1_862' title='bbox 495 4900 649 4952; x_wconf 76' lang='lat' dir='ltr'><strong>sura,</strong></span> <span class='ocrx_word' id='word_1_863' title='bbox 711 4897 766 4941; x_wconf 88' lang='lat' dir='ltr'><strong>et</strong></span> <span class='ocrx_word' id='word_1_864' title='bbox 812 4887 908 4958; x_wconf 88' lang='lat' dir='ltr'><strong>(m)</strong></span> <span class='ocrx_word' id='word_1_865' title='bbox 964 4887 1018 4942; x_wconf 90' lang='lat' dir='ltr'><strong>in</strong></span> <span class='ocrx_word' id='word_1_866' title='bbox 1080 4888 1249 4942; x_wconf 72' lang='lat' dir='ltr'><strong>exitio</strong></span> <span class='ocrx_word' id='word_1_867' title='bbox 1289 4890 1499 4954; x_wconf 87' lang='lat' dir='ltr'><strong>bibent,</strong></span> <span class='ocrx_word' id='word_1_868' title='bbox 1532 4890 1617 4944; x_wconf 86' lang='grc'><strong>17.</strong></span> <span class='ocrx_word' id='word_1_869' title='bbox 1677 4901 1733 4946; x_wconf 91' lang='lat' dir='ltr'><strong>ut</strong></span> <span class='ocrx_word' id='word_1_870' title='bbox 1764 4891 1920 4962; x_wconf 84' lang='lat' dir='ltr'><strong>egeni</strong></span> <span class='ocrx_word' id='word_1_871' title='bbox 1949 4892 2080 4946; x_wconf 84' lang='lat' dir='ltr'><strong>fiant</strong></span> <span class='ocrx_word' id='word_1_872' title='bbox 2189 4892 2242 4946; x_wconf 94' lang='lat' dir='ltr'><strong>in</strong></span> <span class='ocrx_word' id='word_1_873' title='bbox 2269 4893 2645 4962; x_wconf 87' lang='lat' dir='ltr'><strong>opprobrium,</strong></span> <span class='ocrx_word' id='word_1_874' title='bbox 2675 4895 2742 4960; x_wconf 64' lang='lat' dir='ltr'>x</span> <span class='ocrx_word' id='word_1_875' title='bbox 2769 4891 2822 4946; x_wconf 92' lang='lat' dir='ltr'><strong>in</strong></span> <span class='ocrx_word' id='word_1_876' title='bbox 2858 4892 3131 4963; x_wconf 88' lang='lat' dir='ltr'><strong>gentibus,</strong></span> <span class='ocrx_word' id='word_1_877' title='bbox 3186 4905 3309 4962; x_wconf 68' lang='lat' dir='ltr'><strong>qua:</strong></span> <span class='ocrx_word' id='word_1_878' title='bbox 3359 4889 3503 4946; x_wconf 88' lang='lat' dir='ltr'><strong>circa</strong></span> <span class='ocrx_word' id='word_1_879' title='bbox 3535 4897 3585 4944; x_wconf 90' lang='lat' dir='ltr'><strong>te</strong></span> <span class='ocrx_word' id='word_1_880' title='bbox 3626 4887 3685 4956; x_wconf 89' lang='lat'><strong>1,</strong></span> <span class='ocrx_word' id='word_1_881' title='bbox 3715 4896 3768 4942; x_wconf 86' lang='lat' dir='ltr'><strong>et</strong></span> 
     </span>
    </p>
   </div>
   <div class='ocr_carea' id='block_1_51' title="bbox 591 5197 3743 5273">
    <p class='ocr_par' dir='ltr' id='par_1_51' title="bbox 591 5197 3743 5273">
     <span class='ocr_line' id='line_1_51' title="bbox 591 5197 3743 5273; baseline -0.001 -20"><span class='ocrx_word' id='word_1_882' title='bbox 591 5199 661 5273; x_wconf 59' lang='lat' dir='ltr'><strong>te)</strong></span> <span class='ocrx_word' id='word_1_883' title='bbox 713 5197 798 5263; x_wconf 82' lang='grc'><strong>8.,</strong></span> <span class='ocrx_word' id='word_1_884' title='bbox 833 5199 1119 5273; x_wconf 74' lang='lat' dir='ltr'><strong>ambitum</strong></span> <span class='ocrx_word' id='word_1_885' title='bbox 1178 5199 1444 5273; x_wconf 17' lang='lat' dir='ltr'><strong>bellig(i.</strong></span> <span class='ocrx_word' id='word_1_886' title='bbox 1494 5217 1544 5256; x_wconf 87' lang='lat' dir='ltr'><strong>e.</strong></span> <span class='ocrx_word' id='word_1_887' title='bbox 1603 5202 1993 5273; x_wconf 72' lang='lat' dir='ltr'><strong>obsidionem).</strong></span> <span class='ocrx_word' id='word_1_888' title='bbox 2064 5203 2130 5273; x_wconf 77' lang='lat' dir='ltr'><strong>(r)</strong></span> <span class='ocrx_word' id='word_1_889' title='bbox 2173 5202 2270 5264; x_wconf 85' lang='lat' dir='ltr'><strong>S.,</strong></span> <span class='ocrx_word' id='word_1_890' title='bbox 2339 5203 2736 5258; x_wconf 87' lang='lat' dir='ltr'><strong>munimentum</strong></span> <span class='ocrx_word' id='word_1_891' title='bbox 2821 5202 2986 5258; x_wconf 92' lang='lat' dir='ltr'><strong>muri.</strong></span> <span class='ocrx_word' id='word_1_892' title='bbox 3072 5198 3288 5273; x_wconf 24' lang='lat' dir='ltr'><strong>(g)‘S.,</strong></span> <span class='ocrx_word' id='word_1_893' title='bbox 3344 5209 3398 5253; x_wconf 90' lang='lat' dir='ltr'><strong>et</strong></span> <span class='ocrx_word' id='word_1_894' title='bbox 3445 5208 3743 5273; x_wconf 78' lang='lat' dir='ltr'><strong>convertes</strong></span> 
     </span>
    </p>
   </div>
   <div class='ocr_carea' id='block_1_52' title="bbox 496 5267 3738 5341">
    <p class='ocr_par' dir='ltr' id='par_1_52' title="bbox 496 5267 3738 5341">
     <span class='ocr_line' id='line_1_52' title="bbox 496 5267 3738 5341; baseline 0 -17"><span class='ocrx_word' id='word_1_895' title='bbox 496 5267 681 5340; x_wconf 76' lang='lat' dir='ltr'><strong>(h)S.,</strong></span> <span class='ocrx_word' id='word_1_896' title='bbox 716 5279 774 5323; x_wconf 91' lang='lat' dir='ltr'><strong>ut</strong></span> <span class='ocrx_word' id='word_1_897' title='bbox 799 5271 871 5326; x_wconf 87' lang='lat' dir='ltr'><strong>sit</strong></span> <span class='ocrx_word' id='word_1_898' title='bbox 904 5271 1182 5325; x_wconf 86' lang='lat' dir='ltr'><strong>conclusa.</strong></span> <span class='ocrx_word' id='word_1_899' title='bbox 1216 5271 1276 5340; x_wconf 85' lang='lat' dir='ltr'><strong>(i)</strong></span> <span class='ocrx_word' id='word_1_900' title='bbox 1303 5267 1385 5334; x_wconf 78' lang='lat' dir='ltr'><strong>S.,</strong></span> <span class='ocrx_word' id='word_1_901' title='bbox 1422 5273 1704 5328; x_wconf 86' lang='lat' dir='ltr'><strong>ordinabis</strong></span> <span class='ocrx_word' id='word_1_902' title='bbox 1740 5273 1934 5328; x_wconf 88' lang='lat' dir='ltr'><strong>faciem</strong></span> <span class='ocrx_word' id='word_1_903' title='bbox 1953 5267 2139 5336; x_wconf 51' lang='lat' dir='ltr'><strong>&#39;tuam&#39;,</strong></span> <span class='ocrx_word' id='word_1_904' title='bbox 2167 5286 2222 5329; x_wconf 90' lang='lat' dir='ltr'><strong>et</strong></span> <span class='ocrx_word' id='word_1_905' title='bbox 2252 5274 2535 5328; x_wconf 87' lang='lat' dir='ltr'><strong>brachium</strong></span> <span class='ocrx_word' id='word_1_906' title='bbox 2587 5285 2740 5328; x_wconf 92' lang='lat' dir='ltr'><strong>tuum</strong></span> <span class='ocrx_word' id='word_1_907' title='bbox 2787 5274 3016 5328; x_wconf 87' lang='lat' dir='ltr'><strong>nudum.</strong></span> <span class='ocrx_word' id='word_1_908' title='bbox 3052 5267 3135 5341; x_wconf 66' lang='lat' dir='ltr'><strong>(If)</strong></span> <span class='ocrx_word' id='word_1_909' title='bbox 3161 5269 3247 5336; x_wconf 94' lang='grc'><strong>8.,</strong></span> <span class='ocrx_word' id='word_1_910' title='bbox 3279 5269 3738 5341; x_wconf 82' lang='lat' dir='ltr'><strong>colnplementum</strong></span> 
     </span>
    </p>
   </div>
   <div class='ocr_carea' id='block_1_53' title="bbox 497 5335 3755 5414">
    <p class='ocr_par' dir='ltr' id='par_1_53' title="bbox 497 5335 3755 5414">
     <span class='ocr_line' id='line_1_53' title="bbox 497 5335 3755 5414; baseline -0.002 -20"><span class='ocrx_word' id='word_1_911' title='bbox 497 5335 566 5408; x_wconf 63' lang='lat' dir='ltr'><strong>(fi</strong></span> <span class='ocrx_word' id='word_1_912' title='bbox 600 5341 736 5414; x_wconf 60' lang='grc' dir='ltr'><strong>δυο</strong></span> <span class='ocrx_word' id='word_1_913' title='bbox 767 5351 1023 5414; x_wconf 60' lang='lat' dir='ltr'><strong>contactu</strong></span> <span class='ocrx_word' id='word_1_914' title='bbox 1059 5335 1322 5410; x_wconf 85' lang='lat' dir='ltr'><strong>gentium.</strong></span> <span class='ocrx_word' id='word_1_915' title='bbox 1360 5343 1454 5413; x_wconf 82' lang='grc' dir='ltr'><strong>(ιη)</strong></span> <span class='ocrx_word' id='word_1_916' title='bbox 1484 5342 1566 5406; x_wconf 82' lang='grc'><strong>8.,</strong></span> <span class='ocrx_word' id='word_1_917' title='bbox 1601 5361 1725 5398; x_wconf 92' lang='lat' dir='ltr'><strong>cum</strong></span> <span class='ocrx_word' id='word_1_918' title='bbox 1759 5345 2036 5402; x_wconf 65' lang='lat' dir='ltr'><strong>tiolentia.</strong></span> <span class='ocrx_word' id='word_1_919' title='bbox 2070 5335 2148 5409; x_wconf 10' lang='lat' dir='ltr'><strong>uti,</strong></span> <span class='ocrx_word' id='word_1_920' title='bbox 2191 5360 2316 5397; x_wconf 87' lang='lat' dir='ltr'><strong>rum</strong></span> <span class='ocrx_word' id='word_1_921' title='bbox 2349 5345 2504 5414; x_wconf 82' lang='lat' dir='ltr'><strong>egeni</strong></span> <span class='ocrx_word' id='word_1_922' title='bbox 2530 5353 2659 5398; x_wconf 87' lang='lat' dir='ltr'><strong>sunt</strong></span> <span class='ocrx_word' id='word_1_923' title='bbox 2689 5345 2846 5412; x_wconf 89' lang='lat' dir='ltr'><strong>panis</strong></span> <span class='ocrx_word' id='word_1_924' title='bbox 2879 5354 2934 5398; x_wconf 89' lang='lat' dir='ltr'><strong>et</strong></span> <span class='ocrx_word' id='word_1_925' title='bbox 2961 5335 3148 5414; x_wconf 61' lang='lat' dir='ltr'><strong>aquae,</strong></span> <span class='ocrx_word' id='word_1_926' title='bbox 3202 5335 3507 5394; x_wconf 80' lang='lat' dir='ltr'><strong>cenfractio</strong></span> <span class='ocrx_word' id='word_1_927' title='bbox 3541 5337 3643 5391; x_wconf 89' lang='lat' dir='ltr'><strong>eis.</strong></span> <span class='ocrx_word' id='word_1_928' title='bbox 3677 5335 3755 5406; x_wconf 78' lang='grc' dir='ltr'><strong>(η)</strong></span> 
     </span>
    </p>
   </div>
   <div class='ocr_carea' id='block_1_54' title="bbox 493 5409 3764 5485">
    <p class='ocr_par' dir='ltr' id='par_1_54' title="bbox 493 5409 3764 5485">
     <span class='ocr_line' id='line_1_54' title="bbox 493 5409 3764 5485; baseline -0.002 -21"><span class='ocrx_word' id='word_1_929' title='bbox 493 5411 808 5485; x_wconf 80' lang='lat' dir='ltr'><strong>comburcs.</strong></span> <span class='ocrx_word' id='word_1_930' title='bbox 837 5412 922 5485; x_wconf 61' lang='grc' dir='ltr'><strong>Δ(οι</strong></span> <span class='ocrx_word' id='word_1_931' title='bbox 949 5410 1030 5474; x_wconf 89' lang='grc'><strong>8.,</strong></span> <span class='ocrx_word' id='word_1_932' title='bbox 1064 5409 1187 5466; x_wconf 79' lang='lat' dir='ltr'><strong>cum</strong></span> <span class='ocrx_word' id='word_1_933' title='bbox 1219 5409 1472 5483; x_wconf 82' lang='lat' dir='ltr'><strong>complcti</strong></span> <span class='ocrx_word' id='word_1_934' title='bbox 1506 5415 1706 5469; x_wconf 91' lang='lat' dir='ltr'><strong>fuerint</strong></span> <span class='ocrx_word' id='word_1_935' title='bbox 1735 5416 1874 5470; x_wconf 87' lang='lat' dir='ltr'><strong>dies.</strong></span> <span class='ocrx_word' id='word_1_936' title='bbox 1910 5419 1982 5482; x_wconf 76' lang='grc' dir='ltr'><strong>(ν)</strong></span> <span class='ocrx_word' id='word_1_937' title='bbox 2017 5415 2100 5479; x_wconf 89' lang='grc'><strong>8.,</strong></span> <span class='ocrx_word' id='word_1_938' title='bbox 2133 5425 2252 5470; x_wconf 85' lang='lat' dir='ltr'><strong>erat</strong></span> <span class='ocrx_word' id='word_1_939' title='bbox 2279 5416 2332 5467; x_wconf 92' lang='lat' dir='ltr'><strong>in</strong></span> <span class='ocrx_word' id='word_1_940' title='bbox 2361 5409 2540 5469; x_wconf 77' lang='lat' dir='ltr'><strong>medio</strong></span> <span class='ocrx_word' id='word_1_941' title='bbox 2570 5409 2836 5485; x_wconf 75' lang='lat' dir='ltr'><strong>gentium.</strong></span> <span class='ocrx_word' id='word_1_942' title='bbox 2892 5409 3102 5485; x_wconf 70' lang='lat' dir='ltr'><strong>(q)__§.,</strong></span> <span class='ocrx_word' id='word_1_943' title='bbox 3150 5420 3613 5485; x_wconf 36' lang='lat' dir='ltr'><strong>mutarunthvero</strong></span> <span class='ocrx_word' id='word_1_944' title='bbox 3638 5420 3764 5485; x_wconf 43' lang='lat' dir='ltr'><strong>“pro</strong></span> 
     </span>
    </p>
   </div>
   <div class='ocr_carea' id='block_1_55' title="bbox 488 5478 3766 5556">
    <p class='ocr_par' dir='ltr' id='par_1_55' title="bbox 488 5478 3766 5556">
     <span class='ocr_line' id='line_1_55' title="bbox 488 5478 3766 5556; baseline 0.003 -23"><span class='ocrx_word' id='word_1_945' title='bbox 488 5478 882 5556; x_wconf 73' lang='lat' dir='ltr'><strong>judiciismeis</strong></span> <span class='ocrx_word' id='word_1_946' title='bbox 914 5483 1244 5550; x_wconf 89' lang='lat' dir='ltr'><strong>impietates,</strong></span> <span class='ocrx_word' id='word_1_947' title='bbox 1277 5478 1415 5553; x_wconf 77' lang='lat' dir='ltr'><strong>quas</strong></span> <span class='ocrx_word' id='word_1_948' title='bbox 1447 5501 1474 5537; x_wconf 87' lang='lat' dir='ltr'><strong>a</strong></span> <span class='ocrx_word' id='word_1_949' title='bbox 1504 5487 1779 5553; x_wconf 80' lang='lat' dir='ltr'><strong>gentibus.</strong></span> <span class='ocrx_word' id='word_1_950' title='bbox 1823 5488 1886 5552; x_wconf 63' lang='grc' dir='ltr'><strong>Γ)</strong></span> <span class='ocrx_word' id='word_1_951' title='bbox 1909 5478 2012 5540; x_wconf 81' lang='lat' dir='ltr'><strong>Pro</strong></span> <span class='ocrx_word' id='word_1_952' title='bbox 2039 5478 2216 5548; x_wconf 67' lang='lat' dir='ltr'><strong>&#39;le,</strong></span> <span class='ocrx_word' id='word_1_953' title='bbox 2245 5496 2294 5556; x_wconf 75' lang='lat' dir='ltr'><strong>et</strong></span> <span class='ocrx_word' id='word_1_954' title='bbox 2327 5478 2598 5550; x_wconf 59' lang='lat' dir='ltr'><strong>mutarit:</strong></span> <span class='ocrx_word' id='word_1_955' title='bbox 2638 5485 2886 5554; x_wconf 77' lang='lat' dir='ltr'><strong>legerunt.</strong></span> <span class='ocrx_word' id='word_1_956' title='bbox 2918 5478 3060 5536; x_wconf 67' lang='lat' dir='ltr'><strong>LXX</strong></span> <span class='ocrx_word' id='word_1_957' title='bbox 3089 5492 3306 5556; x_wconf 63' lang='lat' dir='ltr'><strong>“intem,</strong></span> <span class='ocrx_word' id='word_1_958' title='bbox 3343 5491 3392 5534; x_wconf 78' lang='lat' dir='ltr'><strong>ef</strong></span> <span class='ocrx_word' id='word_1_959' title='bbox 3425 5479 3588 5556; x_wconf 60' lang='lat'><strong>45081}-</strong></span> <span class='ocrx_word' id='word_1_960' title='bbox 3619 5478 3766 5556; x_wconf 54' lang='lat'><strong>99??</strong></span> 
     </span>
    </p>
   </div>
   <div class='ocr_carea' id='block_1_56' title="bbox 492 5548 3763 5626">
    <p class='ocr_par' dir='ltr' id='par_1_56' title="bbox 492 5548 3763 5626">
     <span class='ocr_line' id='line_1_56' title="bbox 492 5548 3763 5626; baseline -0.001 -22"><span class='ocrx_word' id='word_1_961' title='bbox 492 5551 656 5626; x_wconf 78' lang='lat' dir='ltr'><strong>lectin</strong></span> <span class='ocrx_word' id='word_1_962' title='bbox 685 5548 1118 5626; x_wconf 54' lang='lat' dir='ltr'><strong>alusui&#39;da._sii‘ut</strong></span> <span class='ocrx_word' id='word_1_963' title='bbox 1141 5565 1195 5607; x_wconf 92' lang='lat' dir='ltr'><strong>et</strong></span> <span class='ocrx_word' id='word_1_964' title='bbox 1230 5548 1443 5624; x_wconf 66' lang='lat' dir='ltr'><strong>eaquae</strong></span> <span class='ocrx_word' id='word_1_965' title='bbox 1472 5548 1796 5626; x_wconf 78' lang='lat' dir='ltr'><strong>sequuntur.</strong></span> <span class='ocrx_word' id='word_1_966' title='bbox 1831 5548 2042 5611; x_wconf 75' lang='lat' dir='ltr'><strong>Sensus</strong></span> <span class='ocrx_word' id='word_1_967' title='bbox 2069 5561 2214 5609; x_wconf 82' lang='lat' dir='ltr'><strong>enim</strong></span> <span class='ocrx_word' id='word_1_968' title='bbox 2243 5555 2406 5626; x_wconf 88' lang='lat' dir='ltr'><strong>llebr.</strong></span> <span class='ocrx_word' id='word_1_969' title='bbox 2437 5548 2828 5610; x_wconf 55' lang='lat' dir='ltr'><strong>t&#39;eritatis&#39;est:</strong></span> <span class='ocrx_word' id='word_1_970' title='bbox 2866 5565 2918 5607; x_wconf 90' lang='lat' dir='ltr'><strong>et</strong></span> <span class='ocrx_word' id='word_1_971' title='bbox 2954 5553 3187 5626; x_wconf 69' lang='lat' dir='ltr'><strong>mutavit</strong></span> <span class='ocrx_word' id='word_1_972' title='bbox 3219 5550 3567 5626; x_wconf 47' lang='lat' dir='ltr'><strong>(Jerusalem)</strong></span> <span class='ocrx_word' id='word_1_973' title='bbox 3611 5548 3763 5626; x_wconf 72' lang='lat' dir='ltr'><strong>judi-</strong></span> 
     </span>
    </p>
   </div>
   <div class='ocr_carea' id='block_1_57' title="bbox 491 5620 3764 5696">
    <p class='ocr_par' dir='ltr' id='par_1_57' title="bbox 491 5620 3764 5696">
     <span class='ocr_line' id='line_1_57' title="bbox 491 5620 3764 5696; baseline -0.007 -2"><span class='ocrx_word' id='word_1_974' title='bbox 491 5622 575 5696; x_wconf 63' lang='lat' dir='ltr'><strong>d‘!</strong></span> <span class='ocrx_word' id='word_1_975' title='bbox 635 5637 754 5696; x_wconf 69' lang='grc' dir='ltr'><strong>¹¹¹ιῗ³</strong></span> <span class='ocrx_word' id='word_1_976' title='bbox 827 5622 881 5696; x_wconf 56' lang='lat'><strong>31&#39;</strong></span> <span class='ocrx_word' id='word_1_977' title='bbox 951 5623 1280 5696; x_wconf 66' lang='grc' dir='ltr'><strong>ίυιβίεῑίιιειιι</strong></span> <span class='ocrx_word' id='word_1_978' title='bbox 1340 5620 1464 5694; x_wconf 60' lang='lat' dir='ltr'><strong>pra:</strong></span> <span class='ocrx_word' id='word_1_979' title='bbox 1532 5620 1803 5696; x_wconf 80' lang='lat' dir='ltr'><strong>gentibus.</strong></span> <span class='ocrx_word' id='word_1_980' title='bbox 1877 5627 2080 5684; x_wconf 69' lang='lat' dir='ltr'><strong>Drucn.</strong></span> <span class='ocrx_word' id='word_1_981' title='bbox 2169 5627 2238 5693; x_wconf 84' lang='lat' dir='ltr'><strong>(r)</strong></span> <span class='ocrx_word' id='word_1_982' title='bbox 2291 5625 2732 5696; x_wconf 18' lang='grc' dir='ltr'><strong>8.,,ιηυ1ιίιυόυ</strong></span> <span class='ocrx_word' id='word_1_983' title='bbox 2789 5634 2970 5686; x_wconf 61' lang='lat' dir='ltr'><strong>vestra</strong></span> <span class='ocrx_word' id='word_1_984' title='bbox 3033 5622 3156 5678; x_wconf 83' lang='lat' dir='ltr'><strong>fuit.</strong></span> <span class='ocrx_word' id='word_1_985' title='bbox 3227 5620 3310 5696; x_wconf 12' lang='lat'><strong>1(3)</strong></span> <span class='ocrx_word' id='word_1_986' title='bbox 3378 5621 3473 5696; x_wconf 88' lang='lat' dir='ltr'><strong>S.,</strong></span> <span class='ocrx_word' id='word_1_987' title='bbox 3539 5620 3764 5689; x_wconf 86' lang='lat' dir='ltr'><strong>pollutis</strong></span> 
     </span>
    </p>
   </div>
   <div class='ocr_carea' id='block_1_58' title="bbox 494 5691 3762 5767">
    <p class='ocr_par' dir='ltr' id='par_1_58' title="bbox 494 5691 3762 5767">
     <span class='ocr_line' id='line_1_58' title="bbox 494 5691 3762 5767; baseline 0.002 -25"><span class='ocrx_word' id='word_1_988' title='bbox 494 5691 622 5767; x_wconf 59' lang='lat' dir='ltr'><strong>tuis:</strong></span> <span class='ocrx_word' id='word_1_989' title='bbox 703 5691 1084 5767; x_wconf 63' lang='lat' dir='ltr'><strong>(“)_Passiye,</strong></span> <span class='ocrx_word' id='word_1_990' title='bbox 1128 5709 1156 5744; x_wconf 88' lang='lat' dir='ltr'><strong>a</strong></span> <span class='ocrx_word' id='word_1_991' title='bbox 1197 5691 1369 5748; x_wconf 73' lang='lat' dir='ltr'><strong>verbo</strong></span> <span class='ocrx_word' id='word_1_992' title='bbox 1396 5691 1610 5767; x_wconf 52' lang='lat' dir='ltr'><strong>causam</strong></span> <span class='ocrx_word' id='word_1_993' title='bbox 1647 5697 1737 5763; x_wconf 85' lang='lat' dir='ltr'><strong>(cf.</strong></span> <span class='ocrx_word' id='word_1_994' title='bbox 1778 5696 2064 5767; x_wconf 76' lang='lat' dir='ltr'><strong>Forcellini</strong></span> <span class='ocrx_word' id='word_1_995' title='bbox 2105 5691 2475 5767; x_wconf 63' lang='lat' dir='ltr'><strong>lesicun).lta</strong></span> <span class='ocrx_word' id='word_1_996' title='bbox 2502 5695 2850 5767; x_wconf 85' lang='lat' dir='ltr'><strong>reposuimus</strong></span> <span class='ocrx_word' id='word_1_997' title='bbox 2899 5705 2957 5750; x_wconf 91' lang='lat' dir='ltr'><strong>ut</strong></span> <span class='ocrx_word' id='word_1_998' title='bbox 3014 5694 3338 5765; x_wconf 82' lang='lat' dir='ltr'><strong>respondeat</strong></span> <span class='ocrx_word' id='word_1_999' title='bbox 3367 5695 3502 5762; x_wconf 77' lang='lat' dir='ltr'><strong>Syro</strong></span> <span class='ocrx_word' id='word_1_1000' title='bbox 3531 5697 3762 5756; x_wconf 61' lang='lat' dir='ltr'><strong>avarum,</strong></span> 
     </span>
    </p>
   </div>
   <div class='ocr_carea' id='block_1_59' title="bbox 489 5759 2238 5836">
    <p class='ocr_par' dir='ltr' id='par_1_59' title="bbox 489 5759 2238 5836">
     <span class='ocr_line' id='line_1_59' title="bbox 489 5759 2238 5836; baseline 0.002 -21"><span class='ocrx_word' id='word_1_1001' title='bbox 489 5771 545 5818; x_wconf 90' lang='lat' dir='ltr'><strong>et</strong></span> <span class='ocrx_word' id='word_1_1002' title='bbox 580 5759 770 5816; x_wconf 60' lang='lat' dir='ltr'><strong>Greco</strong></span> <span class='ocrx_word' id='word_1_1003' title='bbox 801 5760 1203 5828; x_wconf 70' lang='lat' dir='ltr'><strong>Tetraplurum,</strong></span> <span class='ocrx_word' id='word_1_1004' title='bbox 1241 5767 1308 5830; x_wconf 46' lang='grc' dir='ltr'>χ</span> <span class='ocrx_word' id='word_1_1005' title='bbox 1369 5766 1459 5818; x_wconf 64' lang='grc' dir='ltr'><strong>καὶ</strong></span> <span class='ocrx_word' id='word_1_1006' title='bbox 1488 5759 2006 5836; x_wconf 55' lang='grc' dir='ltr'><strong>παρηληθήσομαι.</strong></span> <span class='ocrx_word' id='word_1_1007' title='bbox 2041 5766 2238 5821; x_wconf 68' lang='lat' dir='ltr'><strong>Daacu.</strong></span> 
     </span>
    </p>
   </div>
  </div>
