4078 6312
246 377 382 437 ειεθτ

1483 393 1889 451 IIEZECIELIS
1928 395 2160 453 CAPUT
2206 395 2317 452 Vll.

3385 393 3551 452 9093"

250 499 384 554 tilias
415 508 543 557 tuas
579 503 729 558 circa
760 514 811 559 te
850 518 1039 560 coram
1070 508 1219 562 omni
1262 511 1491 566 viatore.
1519 512 1607 567 15.
1643 514 1709 567 Et
1742 514 1851 569 eris
1881 521 1924 574 Α
1958 515 2102 568 fame
2127 523 2482 570 consumetur
2513 533 2524 568 :
2560 526 2615 570 et
2656 514 2944 583 complebo
2980 513 3115 568 iram
3152 529 3328 569 meam
3371 529 3536 583 super

248 591 613 661 gemebunda,
645 598 711 664 )9:
740 605 796 651 et
831 598 1121 655 manifesta
1156 600 1221 671 (')
1265 602 1320 657 in
1363 603 1648 674 disciplina
1679 608 1758 673 (ιι)
1785 614 1839 660 et

248 684 549 740 destructio
586 687 609 755 ζ
640 687 692 741 in
724 689 1137 764 gentibus,qute
1181 694 1326 748 circa
1358 703 1443 759 te,
1500 712 1625 751 cum
1662 696 1840 752 fecero

249 774 304 828 in
333 786 384 829 te
407 777 618 846 judicia
647 783 714 848 Χ
738 783 790 836 in
828 777 910 838 ira
935 801 1075 849 mea,
1100 788 1225 840 etin
1249 787 1434 842 furore
1468 792 1490 856 ζ
1522 800 1575 842 et
1603 790 1656 842 in
1679 789 1840 844 ultio-

251 882 316 922 ne
340 867 581 926 furoris:
605 887 708 942 ego
737 873 1005 932 Dominus
1053 879 1268 935 locutus
1299 895 1444 934 sum.
1493 880 1576 934 16.
1610 878 1839 946 Quando

251 961 453 1017 misero
486 965 715 1036 sagittas
745 969 1005 1034 )Kmalas
1039 972 1060 1040 ζ
1096 970 1261 1026 famis
1283 987 1448 1042 super
1475 988 1591 1036 eos,
1612 982 1842 1027 eterunt

251 1053 304 1106 in
332 1051 722 1120 defectionem,
757 1060 825 1124 >ε<
857 1073 996 1128 quas
1034 1060 1244 1115 mittam
1277 1076 1390 1123 eas,
1425 1061 1490 1115 ad
1520 1054 1838 1131 disperden-

251 1141 378 1195 dum
422 1157 522 1199 vos
557 1165 568 1198 :
612 1155 666 1200 et
708 1146 906 1202 famem
949 1151 1293 1221 congregabo
1331 1150 1354 1218 ζ
1393 1166 1557 1221 super
1615 1167 1733 1213 vos,
1786 1159 1841 1206 et

252 1241 531 1289 conteram
566 1237 946 1294 fulcimentum
982 1242 1136 1310 panis
1162 1243 1260 1297 tui.
1287 1243 1373 1297 17.
1396 1241 1462 1296 Et
1477 1242 1718 1298 emittam
1744 1259 1839 1298 su-

252 1342 345 1396 per
380 1336 434 1381 te
465 1327 547 1397 (ε)
585 1329 806 1394 famem,
837 1340 892 1385 et
921 1331 1126 1388 bestias
1162 1333 1354 1401 malas,
1390 1333 1464 1405 (ῃ)
1488 1342 1540 1388 et
1563 1331 1761 1404 ponam
1785 1333 1840 1388 in

253 1429 412 1489 caput
434 1430 588 1476 tuum
609 1423 717 1494 (θ’),
741 1433 796 1478 et
827 1439 976 1480 mors
1004 1434 1059 1480 et
1085 1427 1312 1498 sanguis
1339 1428 1652 1482 transibunt
1677 1442 1842 1496 super

254 1518 322 1575 te,
357 1521 414 1566 et
442 1513 688 1582 gladium
720 1515 977 1571 inducam
1014 1533 1180 1588 super
1203 1527 1254 1573 te
1283 1518 1527 1589 undique
1555 1538 1566 1572 :
1600 1533 1702 1589 ego
1734 1503 1842 1572 Do-

253 1597 438 1652 minus
467 1599 688 1656 locutus
716 1617 860 1658 sum.

317 1687 454 1758 Cap.
473 1687 640 1743 VL—
657 1692 677 1744 l
693 1733 706 1745 .
723 1691 790 1747 Et
814 1692 1016 1748 factum
1041 1704 1126 1750 est
1151 1696 1377 1751 verbum
1401 1696 1616 1753 Domini
1643 1697 1709 1752 ad
1730 1713 1841 1765 me,

253 1777 476 1837 dicens:
512 1781 568 1837 2.
602 1782 704 1838 Fili
760 1785 1024 1853 hominis,
1057 1802 1197 1858 pone
1243 1787 1438 1844 faciem
1498 1798 1647 1852 tuam
1678 1805 1844 1860 super

1941 621 2058 660 eos.
2094 606 2182 661 l5.
2220 605 2286 660 Et
2307 605 2514 671 scietis,
2552 608 2696 676 quod
2723 622 2824 676 ego
2861 605 3149 670 Dominus,
3178 619 3302 660 eum
3331 604 3534 661 fuerint

1941 697 2107 750 occisi
2145 699 2311 751 vestri
2344 699 2483 752 inter
2509 693 2659 752 idola
2688 707 2870 751 vestra
2902 695 3048 750 circa
3082 695 3271 750 altaria
3307 705 3485 750 vestra
3516 714 3530 750 :

1943 799 2109 855 super
2125 795 2343 842 omnem
2369 787 2562 843 collem
2593 789 2897 849 excelsum,
2923 789 3062 856 Xet
3089 795 3254 857 super
3275 787 3549 851 omnibus,

1942 879 2246 934 verticibus
2292 881 2639 949 montiuan
2681 890 2736 935 et
2776 881 2965 936 subter
3005 894 3224 936 onmem
3274 879 3530 935 arborem

1943 971 2284 1034 umbrosam,
2313 981 2365 1026 et
2404 973 2592 1028 subter
2621 989 2837 1027 omnem
2883 985 3144 1043 quercum
3177 973 3427 1036 densam,
3453 973 3554 1029 lo-~

1942 1077 2067 1116 cum
2131 1061 2224 1117 ubi
2281 1064 2549 1119 dederunt
2615 1065 2687 1119 ibi
2746 1064 2970 1120 odorem
3007 1081 3230 1122 suavem
3273 1067 3531 1123 omnibus

1944 1151 2105 1212 idolis
2131 1154 2268 1208 suis.
2302 1154 2390 1207 M.
2431 1154 2500 1208 Et.
2549 1157 2839 1211 extendam
2889 1165 3113 1212 manum
3155 1173 3334 1213 meam
3369 1173 3534 1228 super

1941 1258 2057 1310 eos,
2097 1254 2152 1298 et
2176 1259 2376 1314 ponam
2405 1255 2604 1300 terram
2639 1249 2705 1318 (f)
2735 1247 2788 1301 in
2825 1247 3078 1314 exitium,
3110 1257 3164 1304 et
3209 1250 3262 1304 in
3307 1249 3534 1305 deletio-

1945 1348 2067 1390 nem
2102 1350 2130 1388 a
2159 1335 2378 1391 deserto
2409 1336 2669 1393 Deblatha
2698 1354 2764 1394 ex
2787 1340 2937 1393 omni
2963 1341 3296 1396 habitatione
3317 1356 3530 1408 eorum,

1943 1436 1995 1481 et
2024 1426 2396 1496 cognoscetis,
2433 1428 2578 1497 quod
2614 1444 2718 1500 ego
2755 1427 3037 1485 Dominus.

2013 1518 2146 1588 Cap.
2188 1517 2300 1572 ΥΠ.
2326 1551 2392 1560 -
2417 1513 2466 1574 1.
2501 1517 2567 1574 Et
2605 1519 2806 1575 factum
2835 1532 2918 1576 est
2963 1521 3188 1577 verbum
3223 1522 3434 1576 Domini
3463 1525 3549 1578 ad

1947 1623 2052 1674 me,
2090 1608 2280 1665 dicens
2311 1629 2325 1665 :
2359 1609 2413 1663 2.
2445 1609 2511 1664 Et
2538 1620 2616 1675 tu,
2649 1611 2720 1666 fili
2765 1613 3300 1678 hominis,h:r.cdicit
3322 1613 3528 1668 Adonai

1948 1699 2216 1756 Dominus
2247 1713 2406 1758 terra:
2441 1704 2661 1759 lsraelis
2691 1722 2705 1758 :
2737 1703 2889 1759 Finis
2919 1705 3087 1770 venit,
3121 1704 3244 1760 finis
3278 1706 3424 1760 venit.
3441 1722 3532 1759 su-

1947 1807 2041 1862 per
2073 1801 2314 1864 quatuor
2341 1795 2456 1850 alas
2487 1804 2663 1850 terrae.
2693 1794 2747 1847 7.
2777 1811 2840 1851 +
2865 1793 3028 1851 Venit
3059 1797 3180 1852 linis
3212 1797 3235 1866 ζ
3275 1811 3437 1868 super
3458 1807 3534 1860 te,

252 1881 470 1929 montes
502 1872 740 1941 lsraeiis,
767 1887 821 1932 et
845 1880 1105 1949 propheta
1148 1895 1316 1950 super
1345 1896 1463 1943 eos,
1496 1882 1551 1935 5.
1577 1892 1630 1938 et
1653 1883 1839 1938 dices:
1878 1873 1920 1930 Β
1951 1884 2045 1953 qui
2073 1885 2292 1940 habitas
2321 1899 2488 1954 super
2518 1894 2699 1940 terra:
2748 1886 2895 1939 venit
2941 1896 3154 1955 tempus
3177 1928 3192 1952 ,
3242 1887 3531 1956 appropin-

254 1960 464 2019 Montes
494 1961 709 2023 lsraelis
743 2011 758 2034 ,
796 1968 982 2024 audite
1043 1971 1271 2026 verbum
1330 1972 1543 2026 Adonai
1581 1973 1835 2029 Domini:

253 2054 370 2110 bzrc
402 2057 535 2112 dicit
569 2059 779 2114 Atlonai
820 2060 1087 2116 Dominus
1120 2065 1399 2118 montibus
1422 2106 1436 2130 ,
1487 2074 1542 2120 et
1587 2067 1839 2132 collibus,

255 2146 328 2217 (ι)
356 2157 414 2202 et
443 2149 693 2218 salebris,
725 2162 779 2208 et
805 2154 1040 2210 vallibus
1076 2172 1090 2208 :
1121 2155 1265 2212 Ecce
1292 2171 1393 2227 ego
1446 2157 1648 2215 induco
1680 2175 1845 2230 super

254 2252 351 2295 vos
379 2239 647 2310 gladium,
665 2252 718 2298 et
741 2243 1068 2300 delebuntur
1095 2247 1309 2303 excelsa
1340 2259 1546 2314 vestra,
1575 2253 1628 2305 4.
1669 2250 1746 2323 (a)
1785 2260 1842 2307 et

255 2333 553 2400 perdentur
585 2335 777 2390 altaria
809 2345 1012 2402 vestra,
1045 2340 1110 2408 χ(
1141 2347 1196 2392 et
1211 2343 1610 2410 conterentur:
1643 2343 1841 2413 templa

254 2435 457 2492 vestra,
487 2431 542 2482 et
568 2428 823 2497 dejiciam
877 2430 1144 2485 cadavera
1202 2445 1383 2488 vestra
1438 2449 1624 2490 coram
1682 2434 1842 2492 idolis

253 2518 474 2573 vestris.
505 2519 558 2574 5.
591 2522 658 2591 Χ
687 2519 755 2576 Et
798 2521 942 2577 dabo
992 2525 1258 2580 cadavera
1321 2525 1558 2581 filiorum
1617 2507 1842 2584 lsraelis

255 2621 377 2666 ante
409 2611 605 2668 faciem
638 2614 913 2671 idolorum
939 2631 1128 2673 eorum
1166 2619 1188 2689 ζ
1217 2659 1232 2684 ,
1279 2627 1334 2674 et
1371 2619 1680 2690 dispergam
1715 2633 1842 2675 ossa

257 2711 436 2758 vestra
465 2706 616 2759 circa
651 2704 846 2760 altaria
886 2717 1088 2764 vestra.
1131 2708 1186 2764 6.
1218 2707 1276 2764 In
1321 2710 1474 2764 omni
1501 2710 1844 2766 habitatione

255 2803 435 2849 vestra
465 2795 632 2851 urbes
669 2795 902 2853 desertae
931 2807 1118 2864 erunt,
1142 2806 1197 2855 et
1211 2799 1428 2856 excelsa
1451 2799 1838 2866 abolebuntur,

255 2893 312 2941 ut
335 2887 725 2958 deleantur,)(
748 2888 825 2959 (b)
845 2890 1384 2946 etc'onculcabuntur
1400 2891 1512 2961 ("')
1530 2892 1720 2947 altaria
1743 2906 1840 2948 ve-

256 2987 386 3046 stra,
417 2989 475 3036 et
508 2991 882 3047 conterentur,
908 2989 962 3037 et
993 2983 1292 3039 cessabunt
1323 2984 1344 3052 ζ
1382 2984 1526 3038 idola
1558 2981 1761 3052 vestra,
1788 2996 1843 3041 ct

259 3072 514 3127 tollentur
545 3072 774 3129 delubra
803 3084 1007 3140 vestra,
1027 3077 1096 3143 Χ
1113 3085 1167 3130 et
1195 3076 1528 3132 delebuntur
1552 3093 1718 3147 opera
1751 3094 1842 3134 ve-

257 3171 364 3217 stra
395 3163 419 3232 :
452 3202 468 3228 ,
507 3162 562 3218 7.
587 3172 644 3218 et
667 3165 867 3219 cadent
898 3165 1069 3220 occisi
1116 3165 1172 3219 in
1225 3166 1408 3221 medio
1444 3165 1636 3232 vestri,
1667 3177 1722 3222 et
1745 3182 1840 3222 co-

256 3255 529 3324 gnoscetis
554 3297 569 3320 ,
605 3255 754 3326 quod
807 3271 908 3326 ego
969 3255 1258 3314 Dominus.
1290 3257 1343 3313 8.
1378 3261 1446 3326 x
1467 3259 1530 3312 Et
1558 3259 1837 3314 residuum

256 3345 456 3401 faciam
493 3349 556 3418 ζ,
585 3347 716 3402 dum
756 3346 964 3404 fuerint
989 3364 1056 3404 ex
1085 3348 1241 3404 vobis
1273 3349 1566 3406 evadentes
1597 3367 1628 3406 a
1661 3351 1840 3421 gladio

255 3439 308 3494 in
337 3439 619 3508 gentibus,
655 3449 708 3494 et
742 3439 797 3494 in
832 3441 1180 3511 dispersione
1207 3451 1388 3496 vestra
1421 3453 1474 3498 et
1511 3443 1566 3497 in
1601 3443 1840 3513 regioni-

257 3529 354 3586 bus
379 3548 394 3584 :
425 3530 480 3585 9.
506 3539 562 3585 et
591 3530 1028 3586 recordabuntur
1063 3532 1192 3596 mei,
1229 3533 1322 3602 qui
1351 3534 1625 3589 evaserint
1659 3549 1724 3588 ex
1746 3549 1842 3588 vo-

258 3620 340 3676 bis
381 3621 439 3676 in
475 3621 735 3692 gentibus
763 3663 779 3686 ,
834 3637 944 3693 quo
974 3623 1176 3693 captivi
1217 3624 1365 3679 ducti
1419 3623 1623 3679 fuerint
1675 3626 1836 3680 illuc:

258 3714 383 3783 quia
404 3714 591 3784 juravi
621 3715 776 3770 cordi
815 3731 1009 3771 eorum
1069 3715 1398 3780 fornicanti,
1439 3720 1505 3786 3K
1553 3719 1644 3781 ei,
1692 3719 1839 3788 quod

256 3805 480 3860 recessit
507 3805 531 3875 ζ
559 3820 590 3859 a
626 3820 732 3871 me,
763 3815 818 3860 et
853 3807 1032 3862 oculis
1065 3822 1255 3862 eorum
1289 3805 1692 3864 fornicantibus
1719 3817 1843 3878 post

257 3897 434 3952 studia
475 3914 575 3954 sua
608 3916 621 3952 :
651 3899 722 3968 (c)
751 3907 806 3954 et
833 3900 1136 3970 percutient
1157 3899 1324 3957 facies
1357 3916 1506 3965 suas,
1531 3905 1597 3971 >ιε
1620 3911 1842 3972 propter

256 3989 416 4056 mala,
450 4005 574 4060 tntae
598 3989 846 4045 fecerunt
889 3993 942 4045 in
970 3992 1232 4046 omnibus
1269 3993 1291 4060 ζ
1337 3992 1841 4047 abominationibus

257 4081 370 4135 suis
396 4083 464 4149 Ἀ(
486 4091 543 4136 et
582 4079 635 4137 in
675 4083 934 4139 omnibus
962 4085 1157 4139 studiis
1181 4085 1298 4140 suis
1344 4086 1391 4154 ζ.
1428 4085 1513 4140 10.
1541 4084 1604 4140 Et
1641 4099 1843 4155 cogno—

257 4184 429 4238 scent,
463 4175 612 4243 quod
644 4190 745 4245 ego
779 4175 1044 4230 Dominus
1072 4180 1138 4245 )K
1193 4192 1299 4230 non
1358 4176 1561 4231 frustra
1620 4176 1840 4232 locutus

258 4277 401 4331 sum,
439 4277 499 4320 ut
534 4265 768 4322 facerem
813 4269 895 4322 eis
938 4270 1124 4323 omnia
1177 4270 1320 4323 mala
1365 4269 1478 4323 [nec
1511 4269 1558 4336 ζ.
1598 4270 1680 4323 ll.
1718 4269 1843 4324 Haec

255 4356 390 4411 dicit
411 4357 624 4412 Adonai
659 4357 961 4415 Dominus:
1001 4359 1208 4414 Plaude
1240 4375 1428 4424 manu,
1487 4370 1542 4414 et
1589 4360 1843 4430 obstrepe

256 4449 505 4518 pedibus,
559 4451 640 4522 (ὀ)
691 4460 746 4506 et
791 4453 918 4507 dic:
952 4453 1086 4506 bene
1113 4451 1355 4522 quidem,
1385 4467 1550 4521 super
1587 4453 1842 4507 ninnibus

1944 1975 2132 2044 quavit
2165 1975 2280 2032 dies
2342 1992 2451 2031 non
2489 1991 2612 2031 cum
2648 1976 3297 2047 prmeipitationihus,.(g)
3336 1985 3389 2030 et
3423 1991 3542 2031 non.

1944 2082 2070 2123 cum
2105 2068 2406 2123 doloribus.
2467 2067 2521 2122 8.
2578 2065 2737 2122 Nunc
2765 2068 2830 2122 de
2889 2067 3195 2138 propinquo
3257 2057 3528 2122 effundam

1944 2161 2083 2216 iram
2123 2175 2303 2215 meam
2335 2176 2501 2230 super
2540 2169 2611 2228 te,
2639 2171 2693 2215 et
2731 2159 3018 2229 complebo
3052 2157 3293 2213 furorem
3349 2174 3529 2213 meum

1944 2255 1999 2309 in
2042 2264 2114 2319 te,
2151 2264 2205 2309 et
2221 2245 2484 2324 judicabo
2515 2263 2566 2308 te
2596 2255 2651 2308 in
2689 2254 2788 2308 viis
2845 2253 2973 2319 tuis,
3019 2261 3074 2306 et
3109 2252 3252 2307 dabo
3281 2268 3446 2322 super
3478 2261 3531 2307 te

1947 2360 2143 2402 omnes
2167 2345 2611 2402 abominationes
2651 2355 2793 2402 tuas.
2857 2343 2910 2400 9.
2957 2342 3076 2398 Non
3115 2350 3304 2414 parcet
3331 2342 3528 2399 oculus

1946 2451 2128 2503 meus,
2159 2452 2340 2508 neque
2401 2437 2741 2505 miserebor;
2797 2436 2927 2507 quia
2964 2436 3086 2490 vias
3137 2445 3259 2490 tuas
3287 2448 3448 2505 super
3478 2443 3531 2491 te

1945 2530 2108 2596 dabo,
2139 2539 2195 2585 et
2221 2529 2661 2585 abominationes
2700 2535 2808 2584 tua:
2837 2528 2894 2583 in
2934 2527 3113 2582 medio
3142 2526 3218 2581 tui
3261 2535 3443 2591 erunt,
3478 2537 3533 2581 et

1944 2633 2266 2691 cognosces,
2320 2621 2469 2691 quod
2498 2633 2600 2691 ego
2630 2635 2753 2675 sum
2786 2618 3075 2686 Dominus,
3121 2617 3213 2689 qui
3261 2618 3528 2689 percutio.

1942 2710 1998 2768 5.
2031 2707 2190 2766 Nunc
2243 2710 2369 2766 linis
2409 2707 2475 2766 ad
2540 2719 2610 2777 te,
2643 2717 2696 2766 et
2751 2709 2968 2765 mittam
3003 2723 3105 2780 ego
3159 2723 3323 2779 super
3362 2717 3438 2774 et,
3476 2715 3532 2764 et

1944 2801 2186 2858 ulciscar
2229 2809 2281 2857 te
2342 2802 2397 2855 in
2429 2801 2532 2857 viis
2591 2801 2722 2865 tuis,
2779 2811 2832 2856 et
2882 2799 3024 2855 dabo
3057 2814 3221 2870 super
3255 2809 3307 2854 te
3334 2815 3536 2855 omnes

1943 2893 2377 2950 abominationes
2403 2905 2542 2950 tuas.
2562 2893 2615 2948 4.
2633 2893 2753 2948 Νοη
2777 2901 2965 2964 parcet
2989 2892 3182 2947 oculus
3208 2907 3364 2948 meus
3393 2891 3529 2963 ("")

1942 2997 2107 3054 super
2133 2996 2204 3047 te,
2235 2999 2412 3055 neque
2442 2983 2776 3050 miserebor;
2804 2983 2932 3053 quia
2954 2983 3072 3037 vias
3113 2991 3235 3038 tuas
3275 2995 3445 3052 super
3478 2993 3529 3037 te

1943 3075 2108 3140 dabo,
2144 3083 2199 3130 et
2229 3073 2667 3130 abominationes
2699 3079 2804 3127 tua:
2838 3073 2892 3126 in
2918 3070 3099 3125 medio
3150 3072 3227 3126 tui
3267 3081 3449 3134 erunt,
3477 3082 3534 3127 et

1944 3164 2277 3234 scies,quod
2305 3179 2407 3232 ego
2435 3162 2719 3218 Dominus.
2747 3162 2797 3216 5.
2826 3160 2965 3227 Quia
3000 3161 3118 3217 haec
3169 3161 3300 3216 dicit
3349 3150 3563 3216 Domi?

1947 3271 2051 3312 nus
2080 3255 2384 3311 Dominus:
2421 3256 2487 3321 χ(
2512 3253 2722 3307 malitia
2757 3269 2864 3308 una
2919 3267 3047 3308 ecce
3093 3252 3168 3322 (Ii)
3203 3253 3526 3322 prepinqua.

1948 3343 2002 3399 6.
2037 3344 2192 3400 Finis
2239 3343 2406 3410 venit,
2440 3344 2589 3397 venit
2620 3343 2766 3409 linis,
2825 3341 3105 3413 evigilavit
3140 3342 3208 3397 ad
3239 3351 3291 3397 te
3317 3341 3366 3410 ζ.
3391 3340 3532 3398 Ecce

1948 3439 2096 3492 venit
2121 3435 2464 3506 complexio:
2499 3434 2586 3488 10.
2613 3449 2741 3490 ecce
2771 3434 2957 3490 dies-t-
2986 3435 3128 3504 parit
3167 3435 3216 3503 ζ,
3250 3449 3378 3489 ecce
3406 3433 3532 3490 ﬂuis

1947 3532 2098 3583 venit
2127 3543 2141 3580 :
2173 3529 2240 3595 Χ
2266 3540 2488 3597 egressa
2509 3534 2594 3581 est
2623 3526 2951 3595 complexio,
2986 3534 3040 3578 et
3073 3525 3260 3579 ﬂoruit
3286 3525 3455 3596 virga,
3479 3535 3533 3581 et

1949 3617 2378 3690 progerminavit
2425 3613 2682 3684 superbia
2732 3613 3114 3683 :,evigilavit
3161 3614 3530 3668 contumelia:

1949 3712 2038 3766 11.
2071 3720 2128 3766 et
2159 3717 2406 3766 conteret
2432 3707 2667 3764 fulcrum
2698 3706 2894 3777 iniqui,
2915 3715 2970 3760 et
3003 3721 3110 3760 non
3157 3721 3282 3760 cum
3314 3718 3532 3777 pertur-

1949 3801 2194 3866 batione,
2219 3812 2398 3869 neque
2431 3813 2557 3855 cum
2591 3797 2963 3864 festinatione,
3021 3801 3089 3866 >κ
3128 3805 3183 3853 et
3209 3813 3314 3852 non
3353 3812 3420 3852 ex
3451 3797 3532 3852 eis

1949 3906 2096 3962 sunt,
2127 3911 2304 3966 neque
2325 3896 2488 3950 decor
2523 3893 2576 3947 in
2603 3893 2682 3948 eis
2714 3892 2762 3960 ζ.
2811 3891 2894 3945 12.
2940 3890 3102 3945 Venit
3133 3898 3368 3958 tempus,
3404 3903 3534 3944 ecce

1948 3989 2064 4044 dies
2095 4008 2107 4042 :
2143 3987 2237 4058 qui
2269 3987 2422 4053 emit,
2476 4001 2585 4040 non
2634 3985 2870 4048 laetetur,
2920 3992 2976 4037 et
3006 3982 3100 4052 qui
3156 3981 3384 4045 vendit,
3421 3995 3530 4034 non

1951 4080 2160 4150 lugeat:
2187 4081 2252 4145 χ(
2277 4077 2406 4147 quia
2454 4076 2536 4129 ira
2569 4075 2622 4128 in
2653 4088 2873 4128 omnem
2905 4071 3305 4128 multitudinem
3338 4071 3456 4141 ejus
3482 4071 3530 4140 ζ.

1951 4174 2038 4226 15.
2067 4169 2206 4236 Quia
2237 4185 2424 4224 exuens
2465 4169 2531 4222 ad
2568 4167 2890 4222 vendentem
2923 4181 3030 4220 nou
3073 4165 3308 4236 amplius
3347 4179 3533 4219 rever-

1953 4275 2133 4318 tetur:
2171 4265 2236 4328 3K
2257 4262 2320 4330 (ἱ)
2357 4271 2409 4316 et
2437 4258 2675 4329 amplius
2703 4259 2755 4312 in
2793 4260 2902 4313 vita
2935 4259 3113 4314 vivere
3140 4273 3328 4312 eorum
3357 4276 3369 4325 ;
3401 4257 3532 4327 quia

1953 4356 2166 4412 visioin
2199 4370 2416 4409 onmem
2481 4353 2890 4409 multitudinem
2945 4353 3064 4423 ejus
3104 4369 3212 4408 non
3240 4353 3436 4408 redibit
3469 4354 3529 4421 ﬁ;

1950 4459 2004 4503 et
2034 4449 2198 4503 homo
2233 4447 2287 4500 in
2339 4448 2499 4501 oculo
2550 4446 2674 4500 vita:
2719 4461 2830 4501 suae
2868 4460 2974 4499 non
3027 4445 3314 4500 obtinebit.
3343 4444 3430 4498 H.
3459 4443 3530 4515 (lt)

259 4541 762 4598 abominatiouibus
785 4546 852 4612 Βι(
887 4543 1155 4621 malorum
1187 4544 1209 4612 ζ
1244 4543 1443 4598 domus
1493 4541 1710 4599 lsraeiis
1746 4561 1758 4597 :
1787 4543 1840 4596 in
1875 4571 1920 4629 υ
1951 4540 2198 4611 Clangite
2221 4539 2272 4592 iu
2311 4539 2438 4592 tuba
2469 4579 2483 4602 ,
2519 4548 2572 4592 et
2596 4538 2840 4609 jndicate
2889 4537 3096 4602 omnia,
3143 4538 3211 4605 x
3235 4545 3290 4590 et
3315 4551 3422 4590 nou
3451 4543 3536 4590 est

258 4633 459 4703 gladio,
486 4644 541 4690 et
570 4636 808 4702 infame,
826 4649 878 4691 et
903 4636 958 4690 in
975 4645 1152 4690 morte
1169 4637 1384 4690 cadent.
1417 4634 1503 4690 19..
1538 4633 1643 4700 Qui
1661 4635 1838 4705 longe,

259 4723 312 4776 in
347 4736 525 4780 morte
555 4726 842 4791 morietur,
869 4727 963 4796 qui
995 4741 1126 4781 vero
1154 4741 1340 4796 prope,
1374 4726 1428 4780 in
1460 4727 1641 4795 gladio
1663 4728 1838 4793 cadet,

259 4817 322 4884 )t(
355 4824 410 4870 et
437 4817 532 4888 qui
560 4819 781 4874 relictus
810 4818 970 4875 fuerit
1008 4823 1069 4890 ζ,
1099 4821 1168 4888 (ε)
1203 4830 1259 4873 et
1287 4819 1380 4888 qui
1416 4818 1731 4884 conclusus,
1769 4819 1824 4872 in

1949 4632 2304 4703 proliciseens
2363 4631 2418 4684 in
2475 4631 2716 4698 bellum;
2782 4631 2911 4700 quia
2963 4630 3043 4684 ira
3081 4644 3197 4683 mea
3231 4629 3283 4682 in
3316 4640 3543 4681 omnem.

1951 4729 2359 4785 multitudinem
2392 4728 2514 4798 ejus
2544 4730 2591 4797 ζ.
2624 4728 2708 4782 15.
2747 4727 2952 4782 Bellum
2989 4726 3042 4780 in
3079 4725 3261 4797 gladio
3292 4722 3446 4788 foris,
3482 4733 3540 4776 ct.

1937 4821 2113 4874 fames
2142 4827 2195 4874 et
2227 4833 2374 4878 mors
2401 4817 2766 4872 intrinsecus:
2798 4817 2893 4887 qui
2929 4817 2982 4871 in
3024 4831 3241 4884 campo,
3274 4817 3324 4868 in
3352 4813 3554 4884 gladio.

327 5025 391 5148 Et)
429 5024 516 5090 S.,
578 5027 820 5095 confregi
863 5034 934 5081 te.
1015 5025 1077 5096 (')
1114 5023 1222 5078 Pro
1263 5032 1492 5090 remi'lii,
1543 5025 1686 5093 quod
1739 5041 2025 5095 perperam
2082 5026 2250 5080 edidit
2310 5023 2578 5095 Norberg,
2631 5032 2684 5078 et
2724 5041 2789 5078 ex
2840 5024 3058 5091 ingenio
3111 5023 3309 5086 vertit,
3377 5024 3536 5077 mise-

360 5097 472 5148 ilis.
509 5097 637 5148 auia
673 5098 725 5148 in
781 5095 921 5148 LXX
963 5097 1172 5148 nostris
1211 5096 1347 5148 vidit
1385 5095 1670 5148 δηλαῖστή.
1725 5097 2100 5148 ιϊοοιιθιιάυω
2131 5105 2217 5148 est
2264 5100 2316 5148 in
2377 5097 2602 5148 Svriaco
2656 5105 2803 5148 textu
2855 5102 3093 5148 κων-υτ.
3129 5101 3179 5147 et
3221 5094 3531 5148 manifesta.

260 5094 472 5168 {abiit},
509 5097 637 5168 quia
673 5098 725 5150 in
777 5094 921 5150 LXX
963 5094 1172 5168 nestris
1211 5096 1347 5168 vidit
1385 5095 1670 5168 ᾷηᾎαῖσςή,
1725 5094 2100 5168 reponendytu
2131 5105 2217 5152 est
2264 5100 2316 5150 in
2377 5094 2602 5167 Syriaco)
2656 5105 2825 5168 t_extu_
2855 5102 3093 5168 ΝΠΨἮῚ,
3129 5101 3179 5147 et
3221 5094 3531 5168 manifesta.

262 5165 326 5219 Et
354 5164 542 5238 reipsa
593 5166 842 5238 Tetrapla
889 5167 1114 5238 habent,
1163 5169 1223 5233 )K
1262 5166 1355 5238 καὶ
1393 5165 1549 5235 δήλη.
1577 5164 1781 5238 Dnacu.

262 5247 314 5290 et
365 5240 587 5306 puniam
620 5247 689 5291 te.
742 5237 914 5293 Senes
953 5256 965 5290 :
1009 5237 1100 5290 καὶ
1149 5237 1535 5306 τιίμωρήσομαξ
1566 5252 1668 5306 ius.

1731 5163 1802 5220 uf
1861 5168 1938 5235 (τι)
1993 5165 2077 5229 8.,
2137 5178 2192 5220 et
2220 5163 2597 5236 ambiguitate.
2666 5166 2744 5236 (εις)
2787 5163 2868 5227 8.,
2915 5164 3174 5235 gladium.
3239 5166 3327 5233 (")

1731 5236 1929 5290 Dnacu.
2032 5238 2107 5290 lui
2149 5235 2234 5290 8..
2266 5252 2388 5290 (iure
2434 5237 2663 5290 reddent
2713 5245 2765 5287 te
2826 5236 2946 5289 sine
2977 5235 3183 5290 liberis.
3246 5235 3320 5290 (τι

1809 5252 1929 5291 ACH.

2041 5207 2077 5229 .,
2137 5178 2192 5220 et
2220 5165 2597 5236 ambiguitate.
2666 5166 2744 5236 (εις)
2787 5165 2868 5227 8.,
2915 5165 3174 5235 gladium.
3239 5166 3327 5233 (")
3379 5165 3418 5218 I.
3455 5180 3532 5222 ε..

2032 5238 2107 5306 (y)
2149 5235 2234 5300 8.,
2266 5252 2388 5306 quae
2434 5237 2663 5292 reddent
2713 5245 2767 5306 te
2826 5236 2946 5306 sine
2977 5235 3183 5290 liberis.
3246 5235 3320 5301 (τ)
3357 5233 3442 5298 8.,
3481 5243 3536 5286 et

261 5303 568 5378 completis.
609 5308 728 5371 Th.,
759 5309 970 5364 rivulis.
1042 5309 1123 5376 (a)
1179 5303 1262 5366 S.,
1298 5303 1369 5360 ἰιι
1403 5303 1838 5376 confringentur.
1904 5306 1977 5376 (b)
2005 5303 2507 5372 S.','ctabolebunt.
2585 5307 2692 5376 ("')
2727 5303 2965 5360 Verbum
3010 5306 3133 5375 Syr.
3183 5312 3401 5393 perm
3438 5319 3535 5375 νυ-

263 5403 375 5458 tius
417 5403 721 5483 signiticet,
776 5409 828 5483 ett
881 5406 1306 5478 contemnantur.
1371 5396 1623 5483 Ttvtrapla
1674 5401 1739 5462 με
1802 5415 1840 5478 ac

1943 5396 2388 5483 ιῑληιξμελῄσωσε·
2445 5396 2651 5483 Del-.6";

263 5467 611 5548 semetipsos.
649 5472 728 5542 (ά)
766 5470 875 5548 ,8.ἱ
931 5479 984 5524 et
1015 5469 1363 5524 contristare.
1398 5468 1466 5535 (ε)
1508 5467 1696 5548 S.,Jet
1730 5468 1840 5548 qui

1943 5467 2178 5548 ιιξεδεὲειε.
2199 5467 2442 5548 lateres.
2477 5468 2576 5548 ,(0

980 5549 1034 5595 et
1075 5555 1184 5594 non
1238 5554 1362 5592 cum
1421 5547 1890 5592 recrasttuatione.

263 5541 665 5613 rmnpendam.
707 5543 782 5612 lg)
837 5541 921 5606 8.,

2732 5396 2802 5466 (ε)
2842 5393 2931 5476 ,8.
2955 5433 2969 5459 ,
3031 5404 3087 5450 ut
3136 5395 3537 5476 reprehendant

1971 5466 2142 5522 iactus
2199 5467 2252 5520 iu
2285 5469 2442 5521 urbe.
2507 5468 2576 5536 (Γ)
2608 5466 2693 5531 8.,
2715 5466 3052 5535 corruptam,
3089 5477 3146 5520 et
3184 5466 3378 5522 iterum
3412 5481 3536 5521 cor-

1971 5537 2102 5607 ('“')
2139 5535 2322 5592 Edidit
2359 5535 2630 5609 Norberg,
2688 5536 2874 5592 oculus
2910 5545 3053 5601 tum,
3101 5536 3530 5606 adnotavitque:

267 5658 284 5688 ι
321 5623 434 5698 νίν-τ
463 5655 634 5700 meus,
672 5652 769 5705 pro
805 5618 935 5720 ’ψη-τ
973 5644 1116 5699 tuus,
1147 5643 1292 5688 certe
1328 5629 1633 5702 legendum.
1675 5650 1693 5680 ι
1741 5632 1840 5687 Hel

1975 5632 2170 5688 oculus
2206 5647 2382 5687 meus.
2417 5631 2562 5687 LXX
2605 5631 2776 5687 nostri
2801 5641 2855 5686 et
2881 5631 3158 5702 Tetrapia,
3190 5632 3218 5684 ὁ
3255 5629 3533 5700 ὀφθαλμός

268 5750 390 5812 μου.
420 5733 638 5812 limen.
691 5730 777 5812 th)
811 5729 900 5792 Α.,
943 5728 1109 5806 venit.
1151 5726 1238 5812 .(i)
1273 5723 1355 5806 S.,
1406 5723 1498 5778 scd
1531 5733 1582 5779 ct
1639 5726 1871 5794 amplius
1916 5740 2015 5780 nec
2064 5725 2118 5780 in
2151 5725 2459 5781 viventibus
2497 5725 2604 5780 vita
2632 5739 2849 5781 eorum.
2907 5721 2978 5795 (Κ)
3011 5723 3094 5792 8.,
3131 5725 3452 5780 clauserunt
3481 5721 3531 5776 lii

267 5797 316 5857 iu
355 5804 512 5866 tuba,
561 5800 705 5871 quod
749 5798 1170 5870 pra-paraverint
1210 5797 1413 5852 omnia.
