4078 6312
227 433 366 490 270!

1518 429 1924 493 llEZEClELIS
1962 436 2193 494 CAPUT
2231 440 2322 495 ΧΙ.

3355 439 3501 494 270%

229 548 462 604 indutus
491 547 555 619 (ι)
608 547 830 618 pedere,
870 558 924 602 et
982 561 1118 604 zona
1145 550 1357 621 saphiri
1418 567 1582 623 super
1627 550 1811 606 lumbo
1839 550 1885 607 Α
1918 550 2003 606 nis
2036 552 2226 608 subter
2255 553 2370 608 alas
2399 567 2614 608 eorum.
2651 554 2703 608 9.
2742 554 2804 607 Et
2841 552 2968 615 vidi,
3016 561 3070 606 et
3097 568 3222 606 ecce
3260 560 3498 620 quatuor

228 641 350 708 ejus
386 657 401 693 :
432 650 487 694 et
528 641 764 709 ingressi
797 655 948 707 sunt,
984 651 1038 696 et
1077 650 1346 697 steterunt
1370 642 1527 712 juxta
1553 659 1613 699 -ι-
1645 644 1816 697 altare

233 734 258 802 1
296 732 443 787 aeris.
477 734 534 789 3.
566 733 634 788 Et
667 734 840 804 gloria
880 733 974 788 Dei
1022 734 1238 790 lsraelis
1274 729 1558 792 desce'ndit
1587 739 1654 792 de
1683 737 1817 792 Che-

231 826 437 890 rubim,
472 839 594 893 quae
624 834 739 880 erat
763 841 925 895 super
948 815 1048 892 eis,
1085 827 1138 881 in
1173 828 1336 882 limen
1364 829 1560 884 domus
1596 837 1689 883 :et
1724 842 1818 881 vo-

231 916 374 968 ravit
409 915 589 969 virum
622 916 871 971 iudutum
912 918 1136 986 pedere,
1170 920 1258 975 cui
1297 930 1414 975 erat
1444 936 1609 992 super
1632 921 1817 975 lumbo

233 1007 354 1076 ejus
379 1023 541 1062 zona.
568 1008 622 1062 1.
659 1008 727 1061 Et
758 1009 900 1064 dixit
927 1009 1195 1067 Dominus
1226 1013 1293 1067 ad
1323 1029 1448 1068 eum
1477 1032 1491 1068 :
1521 1012 1720 1067 Transi
1748 1014 1815 1080 Χ

237 1115 331 1168 per
357 1100 595 1155 mediam
630 1102 820 1156 urbem
864 1103 1100 1158 mediam
1143 1105 1165 1174 1
1213 1103 1541 1171 Jerusalem,
1572 1115 1626 1159 et
1654 1106 1721 1160 da
1744 1106 1820 1159 si-

241 1208 402 1262 gnum
434 1207 600 1261 super
630 1191 842 1247 frontes
866 1194 1110 1248 virorum
1142 1196 1496 1265 gementium,
1528 1204 1584 1251 et
1608 1195 1822 1249 lamen-

245 1284 470 1340 tantium
503 1300 670 1353 super
700 1285 956 1341 omnibus
989 1286 1392 1351 iniquitatibus,
1437 1302 1558 1357 quae
1600 1287 1734 1341 ﬁunt
1764 1288 1817 1341 in

249 1376 419 1431 medio
444 1375 542 1445 (m)
586 1391 802 1432 eorum.
842 1378 896 1432 5.
947 1380 1013 1432 Et
1048 1379 1157 1433 illis
1196 1379 1351 1445 dixit,
1386 1379 1642 1434 audiente
1689 1395 1816 1434 me:

248 1470 319 1526 lte
365 1469 417 1521 in
452 1468 645 1522 urbem
679 1478 803 1539 post
850 1484 996 1535 eum,
1053 1479 1109 1524 et
1160 1472 1452 1541 percutite,
1486 1487 1553 1526 ne
1586 1473 1822 1541 parcatis

254 1560 415 1615 oculis
463 1560 685 1625 vestris,
735 1576 835 1615 nec
864 1561 1242 1617 misereamini
1281 1562 1335 1617 6.
1374 1562 1631 1627 senioris,
1661 1572 1716 1617 et
1738 1562 1823 1617 in-

253 1653 427 1714 fautis,
453 1661 510 1707 et
535 1652 762 1722 virginis
793 1672 806 1707 :
836 1663 891 1707 et
918 1654 1195 1724 parvulos,
1228 1664 1284 1709 et
1310 1655 1566 1710 mulieres
1591 1654 1823 1710 occidite

256 1749 304 1801 iu
339 1744 803 1808 internecionem;
838 1746 1097 1801 omnibus
1136 1761 1287 1813 vero,
1319 1762 1481 1817 super
1510 1747 1710 1818 quibus
1740 1756 1825 1803 est

254 1838 481 1907 signum,
518 1852 586 1891 ne
617 1834 1100 1907 appropinquetis,’
1121 1847 1178 1893 et
1204 1854 1234 1894 a
1276 1838 1485 1894 sanctis
1517 1840 1650 1894 meis
1684 1839 1814 1894 inci-

252 1928 355 1998 pite
385 1942 400 1983 :
458 1937 514 1983 et
547 1928 871 1999 inceperunt
902 1944 945 2003 α⁸
968 1930 1104 1984 viris
1157 1933 1225 1999 Χ
1278 1931 1587 1987 senioribus
1620 1932 1667 2001 1,
1727 1933 1818 2001 qui
1852 1907 1897 1968 Β

254 2028 400 2075 erant
433 2020 582 2075 intus
617 2023 672 2075 in
706 2024 891 2077 domo.
926 2022 980 2076 7.
1015 2020 1083 2075 Et
1114 2022 1253 2077 dixit
1276 2023 1343 2077 ad
1379 2038 1474 2077 eos
1500 2042 1514 2078 :
1542 2022 1820 2079 Contami—

254 2121 371 2167 uate
404 2112 651 2178 domum,
682 2122 738 2167 et
771 2114 992 2183 implete
1019 2116 1136 2170 vias
1169 2115 1404 2170 mortuis
1428 2125 1713 2182 exeuntes,
1767 2124 1824 2171 et

255 2204 433 2261 caedite
456 2207 525 2273 Χ
582 2213 637 2260 et
680 2207 940 2275 percutite
968 2208 1157 2263 urbem
1208 2208 1257 2277 1.
1284 2209 1339 2264 8.
1381 2208 1449 2262 Ει
1482 2208 1685 2264 factum
1716 2218 1819 2276 est,

254 2299 374 2353 dum
404 2307 788 2365 pereuterent,
823 2301 892 2369 Χ
941 2301 1167 2356 relictus
1198 2318 1319 2357 sum
1360 2318 1462 2375 ego
1494 2304 1543 2373 1,
1591 2315 1645 2359 et
1688 2303 1825 2358 cado

254 2405 410 2460 snper
439 2387 642 2446 faciem
693 2406 895 2456 meam,
926 2399 980 2447 et
1018 2394 1273 2460 clamavi,
1301 2403 1357 2449 et
1384 2397 1530 2450 dixi:
1556 2394 1649 2449 Va:
1665 2395 1822 2451 mihi.

249 2484 454 2539 Adonei
484 2482 739 2548 Domine,
765 2482 1010 2540 delevisti
1037 2493 1093 2539 tu
1120 2486 1374 2542 residuos
1402 2486 1635 2548 lsraelis,
1659 2485 1827 2541 effun-

250 2577 378 2631 dens
430 2574 672 2631 furorem
705 2585 856 2630 tuum
892 2592 1057 2646 super
1107 2574 1452 2632 Jerusalem?
1497 2578 1550 2635 9.
1583 2576 1653 2631 Et
1689 2578 1828 2632 dixit

248 2670 309 2724 ad
341 2684 429 2725 me
465 2686 481 2723 :
516 2668 785 2739 lnjustitia
813 2668 1008 2723 domus
1040 2667 1256 2725 lsraelis
1288 2677 1342 2724 et
1383 2667 1537 2724 Judze
1580 2668 1828 2739 magnifi-

252 2773 367 2817 eata
396 2771 484 2818 est
512 2761 671 2817 Valde
693 2761 879 2825 valde;
912 2760 1042 2830 quia
1067 2760 1272 2831 repleta
1311 2770 1394 2817 est
1418 2770 1563 2815 terra
1589 2761 1825 2831 populis,

249 2866 298 2910 et
328 2855 464 2912 urbs
509 2855 717 2926 repleta
762 2862 848 2911 est
899 2854 1168 2924 injustitia
1220 2863 1276 2910 et
1304 2854 1672 2920 immunditia,
1698 2856 1828 2925 quia

248 2949 502 3002 dixerunt
530 2962 545 2999 :
581 2946 886 3016 Dereliquit
915 2946 1180 3002 Dominus
1207 2954 1431 3011 terram,
1464 2962 1563 3002 nec
1610 2947 1831 3017 inspicit

250 3040 510 3095 Dominus
543 3060 557 3095 :
584 3040 672 3095 1ο.
706 3055 768 3097 -ι-
799 3048 854 3095 ει
882 3055 982 3109 ego
998 3055 1119 3094 sum
1145 3054 1383 3111 superne
1411 3040 1460 3110 1,
1487 3054 1598 3095 non
1645 3049 1833 3110 parcet

250 3130 442 3187 oculus
476 3145 651 3195 meus,
686 3144 866 3199 neque
891 3127 1200 3185 miserabor
1233 3146 1247 3184 :
1281 3129 1400 3184 vias
1430 3143 1624 3184 eorum
1654 3128 1709 3183 in
1738 3144 1830 3184 ca-

250 3222 353 3292 pita
381 3236 576 3276 eorum
621 3220 766 3274 dedi.
804 3219 890 3273 11.
920 3217 988 3273 Ει
1018 3234 1146 3274 εεεε
1188 3219 1272 3273 vir
1303 3219 1395 3288 qui
1449 3219 1675 3273 indutus
1714 3226 1835 3274 erat
1859 3250 1905 3311 ο

254 3315 333 3388 (ιι)
357 3315 582 3385 pedere,
607 3324 664 3368 et
686 3311 967 3369 accinctus
996 3312 1245 3367 lumbum
1280 3329 1441 3368 suum
1468 3326 1627 3376 zona,
1659 3320 1714 3367 et
1740 3326 1833 3368 re-

250 3406 473 3477 spondit
498 3407 570 3475 Χ
599 3404 824 3460 verbum
844 3403 893 3473 1,
928 3402 1120 3460 dicens
1147 3422 1161 3459 :
1191 3403 1340 3470 Feci,
1364 3403 1506 3460 sicut
1525 3402 1832 3475 praecepisti

250 3496 403 3553 mihi.

316 3590 452 3658 Cap.
487 3586 559 3644 Χ,
580 3619 651 3632 -
670 3588 723 3642 1.
767 3585 836 3641 Ει
860 3586 993 3654 vidi,
1023 3597 1075 3643 et
1120 3603 1248 3646 ecce
1272 3604 1439 3660 super
1464 3588 1829 3654 firmamento,

254 3682 392 3752 quod
428 3679 596 3750 supra
620 3686 787 3749 caput
808 3678 1126 3746 Cberubim,
1151 3681 1311 3750 quasi
1342 3681 1478 3751 lapis
1511 3682 1739 3752 saphiri,
1763 3685 1831 3753 Χ

255 3774 408 3845 quasi
430 3772 625 3842 visio1
671 3770 975 3827 similitudo
1001 3772 1185 3828 throni
1219 3775 1287 3842 Χ
1315 3774 1569 3844 apparuit
1597 3775 1620 3844 1
1666 3790 1833 3845 super

255 3866 348 3922 eis.
378 3864 519 3921 2.Et
545 3864 684 3919 dixit
712 3863 781 3919 ad
802 3864 979 3918 virum
1006 3865 1257 3920 indutum
1280 3867 1417 3921 stola
1449 3868 1539 3935 Χ,
1559 3876 1615 3921 ει
1646 3867 1723 3921 ait
1756 3866 1779 3935 1
1815 3884 1829 3921 :

255 3957 539 4031 Ingredere
567 3957 623 4012 iu
642 3956 883 4013 medium
915 3966 1182 4023 rotarum,
1216 3967 1271 4012 et
1295 3957 1489 4013 subtus
1513 3958 1831 4027 Cberubim,

256 4048 492 4121 etimple
544 4064 760 4120 pugnos
816 4057 941 4105 tuos
989 4049 1323 4105 carbonibus
1367 4049 1510 4121 ignis
1544 4050 1612 4105 de
1654 4051 1834 4106 medio

256 4141 572 4209 Cberubim,
606 4152 661 4198 et
702 4143 954 4214 disperge
984 4158 1149 4212 super
1180 4143 1368 4199 urbem
1406 4161 1420 4197 :
1456 4153 1509 4198 et
1555 4143 1835 4211 ingressus

259 4245 341 4294 est
357 4251 547 4292 coram
585 4249 693 4302 me,
741 4236 795 4291 5.
847 4244 902 4290 et
945 4233 1240 4291 Cheruhim
1289 4236 1507 4290 stabant
1540 4250 1571 4289 a
1612 4236 1834 4291 dextera

1923 652 2058 696 rotae
2086 644 2304 698 stabant
2329 659 2360 700 a
2390 644 2560 700 latere
2591 644 2888 699 Cherubiin
2925 658 2938 695 :
2971 654 3087 697 rota
3130 658 3237 696 una
3269 658 3298 695 a
3330 643 3502 696 latere

1922 731 2142 789 Cberub
2175 736 2359 801 unius,
2393 738 2460 805 Χ
2484 746 2539 793 et
2562 749 2677 792 rota
2708 752 2814 791 una
2850 736 2879 791 ὁ
2904 737 3071 791 latere
3100 736 3319 791 Cherth
3338 736 3501 791 unius

1929 824 1951 892 1
1987 843 2000 879 :
2029 837 2079 880 et
2104 827 2392 896 adspectus
2420 837 2668 883 rotarum
2697 829 2850 898 quasi
2880 829 3166 897 adspectus
3205 827 3405 897 lapidis
3424 825 3499 897 (ο)

1924 917 2266 972 carbunculi.
2302 919 2386 975 lt).
2415 921 2476 973 Et
2521 921 2813 990 adspectus
2841 935 3027 975 earum
3069 919 3367 975 similitudo
3394 934 3500 972 una

1923 1019 2162 1077 quatuor
2194 1010 2347 1080 ipsis,
2385 1014 2845 1079 quemadmodum
2896 1028 3017 1067 eum
3058 1012 3221 1067 fuerit
3262 1021 3379 1066 rota
3448 1011 3500 1063 in

1926 1098 2106 1155 medio
2130 1111 2284 1155 rotae.
2319 1102 2405 1155 11.
2438 1103 2572 1159 Cum
2607 1103 2767 1170 irent,
2814 1104 2865 1157 iu
2898 1112 3136 1174 quatuor
3163 1114 3344 1174 partes
3367 1119 3502 1158 suas

1925 1189 2099 1253 ibant,
2135 1206 2247 1245 non
2277 1197 2710 1259 revertebantur,
2743 1210 2866 1248 cum
2921 1195 3098 1249 irent:
3153 1195 3230 1265 (p)
3281 1195 3409 1264 quia
3445 1195 3499 1247 in

1927 1279 2109 1336 locum
2136 1299 2297 1353 quem
2330 1286 2662 1354 reSpiciebat
2699 1304 2869 1342 unum
2921 1288 3251 1359 principium
3284 1291 3351 1355 Χ
3383 1298 3506 1358 post

1926 1373 2060 1428 illud
2095 1375 2117 1442 1
2148 1376 2317 1444 ibant,
2347 1386 2402 1431 et
2430 1393 2538 1432 non
2568 1380 3046 1445 couvertebautur,
3067 1395 3190 1434 cum
3218 1380 3374 1433 irent.
3414 1370 3523 1433 12.

1929 1465 1997 1531 Χ
2032 1464 2097 1519 Ει
2127 1467 2307 1521 omnis
2332 1483 2461 1522 caro
2494 1483 2683 1523 eorum
2721 1469 2767 1537 1,
2791 1477 2844 1524 et
2877 1472 3039 1524 dorsa
3068 1485 3281 1535 eorum,
3315 1479 3368 1522 et
3389 1484 3508 1522 ma—

1928 1569 2036 1609 nus
2070 1569 2283 1620 eorum,
2306 1565 2363 1611 et
2389 1557 2491 1612 ala:
2524 1573 2738 1623 eorum,
2762 1568 2815 1613 et
2844 1569 2977 1614 rotae
3011 1559 3178 1625 plente
3203 1558 3378 1612 oculis
3412 1573 3508 1626 per

1928 1646 2219 1705 circuitum
2257 1656 2498 1718 quatuor
2544 1650 2678 1707 rotis
2728 1666 2941 1706 eorum.
2995 1652 3086 1706 15.
3118 1649 3272 1705 Rotis
3325 1659 3504 1703 autem

1930 1738 2053 1794 istis
2088 1740 2162 1809 (q)
2196 1741 2509 1797 invocatum
2542 1752 2625 1798 est
2653 1741 2859 1811 Gelgel,
2890 1743 3143 1797 audiente
3166 1757 3272 1797 me.
3317 1741 3398 1796 14.
3440 1742 3507 1810 Χ

1930 1830 1996 1886 Ει
2029 1842 2266 1902 quatuor
2295 1832 2463 1889 facies
2501 1836 2594 1889 uni
2629 1854 2643 1889 :
2682 1834 2850 1891 facies
2885 1836 3050 1891 unius
3076 1834 3244 1889 facies
3265 1836 3505 1897 Cherub,

1923 1936 1977 1981 et
2004 1926 2173 1983 facies
2207 1928 2431 1983 secundi
2490 1926 2657 1986 facies
2711 1929 2974 1993 hominis,
3023 1937 3079 1984 et
3125 1926 3290 1983 facies
3345 1928 3506 1981 tertia

1924 2020 2121 2087 leonis,
2152 2029 2206 2075 et
2236 2019 2405 2075 facies
2431 2030 2626 2091 quarta
2656 2022 2853 2092 aquilae
2882 2022 2931 2089 1.
2965 2021 3053 2076 15.
3082 2020 3147 2075 Et
3168 2020 3506 2075 sustulerunt

1924 2128 1984 2169 se
2013 2111 2335 2178 Cberubim,
2366 2114 2471 2170 hoc
2508 2114 2686 2183 ipsum
2734 2112 2959 2176 animal,
3007 2111 3151 2181 quod
3200 2110 3307 2165 vidi
3343 2125 3507 2179 super

1925 2203 2151 2260 ﬂuvium
2183 2205 2421 2262 Chobar.
2455 2207 2543 2261 16.
2569 2206 2636 2261 Et
2665 2221 2787 2261 cum
2821 2206 2962 2260 irent
2984 2203 3304 2269 Cberubim,
3358 2203 3510 2256 ihaut

1927 2306 2080 2363 rotas,
2108 2304 2164 2351 et
2196 2296 2278 2351 ba!
2308 2297 2630 2369 propinquae
2660 2297 2741 2352 eis
2778 2315 2792 2352 :
2837 2304 2891 2351 et
2921 2312 3047 2351 cum
3089 2295 3343 2350 tollerent
3364 2294 3508 2353 Che-

1926 2390 2104 2444 rubim
2150 2389 2269 2444 alas
2320 2404 2470 2457 suas,
2525 2401 2586 2445 ut
2618 2404 2678 2445 se
2707 2390 2986 2444 elevarent
3023 2403 3052 2442 a
3088 2397 3256 2452 terra,
3290 2403 3396 2441 non
3439 2385 3508 2455 (r)

1928 2480 2346 2538 revertebantur
2376 2492 2508 2539 rota‘
2531 2498 2746 2549 eorum,
2778 2484 2845 2550 Χ
2873 2481 3037 2535 etiam
3076 2482 3194 2550 ipse
3221 2483 3288 2548 Χ
3311 2479 3380 2533 ab
3404 2480 3506 2539 eis,

1926 2598 2050 2652 qua
2090 2597 2119 2636 a
2156 2581 2326 2634 latere
2357 2591 2543 2632 eorum
2578 2575 2627 2644 1.
2679 2574 2766 2628 17.
2797 2574 2935 2627 Cum
2987 2580 3216 2632 starent,
3271 2570 3510 2633 stabant,

1928 2685 1984 2732 et
2016 2689 2140 2729 cum
2175 2686 2237 2727 se
2263 2669 2535 2732 efferrent,
2555 2681 2614 2722 se
2643 2663 3080 2720 el'ferebanteum
3107 2662 3187 2716 eis
3208 2662 3366 2730 ;quia
3399 2660 3512 2727 spi—

1930 2766 2068 2820 ritus
2107 2764 2226 2817 vita:
2250 2762 2304 2816 in
2336 2759 2415 2815 eis
2435 2767 2572 2814 erat.
2621 2757 2707 2811 18.
2749 2758 2814 2811 Et
2843 2770 3062 2825 egressa
3088 2762 3172 2809 est
3201 2753 3372 2822 gloria
3402 2751 3512 2806 Do-

1930 2856 2066 2912 mini
2099 2857 2167 2923 Χ
2197 2869 2229 2908 a
2273 2852 2469 2908 limine
2501 2851 2525 2920 1
2560 2849 2778 2914 domus,
2810 2856 2864 2902 et
2898 2845 3147 2901 ascendit
3179 2859 3340 2914 super
3367 2841 3512 2897 Clie-

1931 2948 2136 3005 rubim.
2167 2946 2256 3002 19.
2298 2947 2366 3000 Et
2392 2943 2739 2999 sustulerunt
2766 2928 3076 2995 Cherubin)
3107 2938 3224 2992 alas
3272 2951 3422 3001 suas,
3460 2943 3513 2989 et

1932 3056 1992 3097 se
2018 3041 2304 3095 elevarunt
2340 3037 2409 3092 de
2454 3046 2598 3090 terra
2628 3048 2815 3089 coram
2856 3048 2963 3099 me,
2995 3031 3124 3085 dum
3157 3028 3513 3097 egredieban-

1933 3144 2023 3189 tur
2051 3146 2272 3204 quoque
2302 3138 2496 3184 retusa
2534 3126 2703 3181 latere
2733 3138 2925 3179 eorum
2957 3141 2971 3175 :
3007 3130 3061 3175 et
3086 3128 3353 3175 steterunt
3390 3126 3515 3171 aute

1933 3224 2263 3282 vestibulum
2294 3219 2676 3292 portaadomus
2698 3215 2936 3276 Domini,
2956 3214 3026 3278 (ε)
3058 3227 3179 3283 quze
3210 3225 3239 3265 e
3272 3210 3514 3281 regione,

1934 3328 1988 3373 et
2018 3316 2193 3387 gloria
2226 3314 2322 3368 Dei
2351 3292 2585 3368 'lsraelis
2631 3316 2751 3363 erat
2800 3324 2964 3377 super
2995 3307 3076 3362 eis
3120 3305 3373 3373 desuper.
3421 3301 3513 3356 2t).

1934 3408 2050 3466 Hoc
2077 3407 2279 3464 animal
2306 3413 2414 3472 est,
2448 3404 2594 3475 quod
2621 3402 2861 3458 videram
2885 3401 3070 3455 subter
3102 3397 3271 3452 Deum
3301 3393 3517 3450 lsraelis

1934 3518 2097 3573 super
2150 3500 2376 3556 fluvium
2428 3497 2668 3560 Chobar,
2704 3503 2758 3549 et
2809 3492 3059 3564 cognovi,
3095 3490 3239 3560 quod
3294 3486 3519 3543 Cherub

1932 3604 2100 3653 esset.
2132 3594 2224 3649 2|.
2282 3592 2528 3660 Quatuor
2557 3589 2724 3645 facies
2757 3586 2849 3641 uni
2893 3596 2947 3641 et
2980 3594 3217 3655 quatuor
3246 3586 3345 3637 ala:
3376 3582 3469 3635 uni
3499 3597 3513 3633 :

1932 3699 1987 3745 et
2014 3687 2318 3745 similitudo
2350 3698 2610 3739 manuum
2643 3680 2884 3737 hominis
2911 3678 3015 3733 sub
3042 3676 3143 3731 alis
3182 3691 3393 3730 eorum.
3422 3673 3511 3728 22.

1933 3784 2002 3839 Et
2029 3781 2330 3838 similitudo
2352 3778 2613 3835 faeierum
2641 3789 2830 3830 eorum
2862 3788 2875 3823 :
2906 3772 2988 3825 hae
3012 3771 3178 3825 facies
3196 3778 3347 3834 sunt,
3380 3781 3518 3836 quas

1935 3874 2046 3929 vidi
2070 3875 2137 3942 Χ
2167 3871 2270 3927 sub
2294 3869 2465 3941 gloria
2494 3868 2587 3923 Dei
2610 3863 2875 3932 lsraelis1
2906 3876 3071 3931 super
3104 3861 3330 3915 ﬂuvium
3371 3859 3520 3913 Cho-

1936 3967 2119 4034 δεδι-Χ
2141 3963 2459 4035 adspeetum
2486 3974 2675 4015 eorum
2708 3959 2732 4027 1
2771 3973 2785 4011 :
2810 3964 2865 4011 et
2896 3956 3011 4011 haec
3035 3950 3462 4022 unumquodque
3486 3966 3519 4005 e

1935 4058 2155 4130 regione
2184 4054 2341 4110 faciei
2366 4068 2479 4109 suae
2507 4052 2675 4106 ibant.

2006 4152 2141 4220 Cap.
2179 4147 2275 4210 XI,
2304 4151 2355 4200 1.
2386 4145 2451 4199 Et
2478 4140 2777 4210 assumpsit
2803 4155 2889 4194 me
2915 4137 3138 4208 spiritus
3169 4146 3223 4190 et
3247 4135 3403 4190 duxit
3432 4147 3519 4189 me

1938 4259 2103 4314 super
2148 4251 2362 4312 portam
2408 4238 2606 4293 domus
2641 4233 2879 4298 Domini,
2923 4246 3045 4301 quae
3074 4246 3105 4285 e
3134 4229 3355 4300 regione
3386 4227 3516 4293 mei,

259 4334 469 4399 domus,
528 4348 650 4387 cum
704 4331 1082 4401 ingrederetur
1126 4329 1211 4383 vir
1241 4346 1257 4384 :
1301 4338 1357 4384 et
1385 4328 1561 4384 nubes
1591 4327 1838 4398 implevit
1940 4336 2008 4405 (ι)
2038 4332 2416 4402 respicientem
2447 4329 2499 4383 in
2535 4328 2802 4381 orientem
2833 4344 2845 4377 :
2883 4333 2937 4378 et
2971 4338 3099 4377 ecce
3126 4332 3252 4376 ante
3273 4320 3518 4375 vestibu-

258 4425 449 4480 atrium
478 4422 735 4478 interius.
767 4422 821 4477 4.
854 4421 920 4477 Et
957 4422 1170 4478 elevata
1194 4429 1280 4477 est
1316 4421 1489 4492 gloria
1526 4421 1741 4476 Domini
1771 4422 1838 4477 de
1939 4428 2052 4482 lum
2080 4432 2249 4495 portae
2280 4422 2438 4493 quasi
2475 4418 2666 4490 viginti
2694 4427 2749 4471 et
2776 4416 3021 4486 quinque
3056 4414 3179 4479 viri,
3211 4424 3263 4467 et
3301 4412 3408 4465 vidi
3462 4411 3519 4464 in

258 4513 548 4570 Cherubim
579 4513 634 4568 in
658 4513 826 4568 limen
872 4513 1085 4579 domus,
1124 4521 1181 4567 et
1204 4512 1449 4583 implevit
1480 4513 1704 4569 domum
1733 4530 1836 4568 nu-
1940 4516 2124 4573 medio
2146 4529 2336 4571 eorum
2363 4510 2645 4567 Jazaniam
2681 4508 2849 4561 lilium
2874 4506 3041 4567 Amr,
3074 4512 3129 4558 et
3162 4503 3427 4556 Phaltiam
3459 4501 3522 4555 li-

258 4607 346 4663 bes
384 4624 399 4661 :
428 4615 488 4663 et
507 4606 707 4661 atrium
741 4606 1025 4675 impletum
1068 4616 1151 4661 est
1182 4606 1472 4675 splendore
1514 4606 1697 4675 gloria:
1728 4605 1835 4662 Do-
1867 4601 1911 4657 D
1941 4608 2072 4662 lium
2106 4605 2338 4669 Baltasar,
2376 4603 2468 4673 qui
2499 4608 2629 4656 sunt
2674 4599 2727 4653 in
2759 4598 3060 4668 principatu
3112 4594 3317 4665 populi.
3361 4591 3415 4646 2.
3459 4592 3523 4645 Et

259 4699 405 4755 mini.
439 4700 498 4755 5.
535 4700 599 4753 Et
622 4715 726 4754 vox
754 4698 964 4754 alarum
993 4698 1291 4754 Cherubim
1316 4698 1643 4755 audiebatur
1665 4715 1841 4768 usque
1940 4701 2081 4757 dixit
2111 4698 2375 4753 Dominus
2410 4693 2478 4749 ad
2527 4709 2616 4748 me
2647 4708 2661 4747 :
2702 4691 2805 4745 Fili
2868 4689 3125 4755 hominis,
3160 4688 3216 4742 hi
3256 4686 3377 4751 viri,
3427 4685 3520 4755 qui

261 4792 322 4847 ad
358 4792 560 4847 atriqu
587 4795 851 4858 exterius,
875 4790 1032 4862 quasi
1061 4805 1164 4845 vox
1188 4788 1283 4845 Dei
1311 4789 1511 4846 Saddai
1540 4792 1839 4861 loquentis.
1941 4793 2184 4862 cogitant
2216 4802 2375 4851 vana,
2429 4797 2484 4839 et
2533 4782 2832 4839 consulunt
2872 4778 3167 4835 consilium
3218 4776 3421 4830 malum
3468 4776 3523 4829 in

262 4882 309 4939 6.
349 4884 417 4939 Et
445 4883 774 4947 factumest,
824 4899 949 4939 cum
981 4883 1302 4953 preciperet
1328 4883 1449 4937 viro
1481 4883 1670 4939 induto
1700 4883 1842 4939 stola
1944 4885 2080 4941 urbe
2105 4883 2234 4944 ista,
2261 4881 2315 4935 5.
2351 4878 2445 4949 qui
2481 4877 2711 4932 dicunt:
2743 4873 2937 4928 Nonne
2968 4880 3216 4926 recenter
3243 4867 3524 4923 aedificata!

264 4986 466 5041 sancta,
497 4975 713 5041 dicens,
744 4973 915 5030 Sume
961 4975 1141 5044 ignem
1167 4974 1234 5029 de
1260 4974 1437 5033 medio
1460 4983 1724 5043 rotarum,
1775 4978 1844 5033 de
1944 4988 2075 5036 sunt
2123 4974 2362 5032 domus?
2414 4970 2541 5027 llazc
2581 4979 2665 5026 est
2688 4970 2819 5047 olla,
2872 4982 2971 5021 nos
3000 4973 3182 5019 autem
3217 4976 3433 5017 carnes.
3467 4959 3521 5014 4.

266 5071 437 5125 medio
462 5068 788 5134 Cherubim;
817 5078 871 5123 et
903 5067 1185 5138 ingressus
1211 5075 1317 5135 est,
1340 5076 1395 5122 et
1427 5068 1578 5123 stetit
1611 5084 1640 5122 a
1672 5070 1841 5125 latere

268 5176 524 5222 rotarum.
560 5165 613 5220 7.
658 5164 727 5219 Et
756 5164 1001 5220 extendit
1045 5162 1266 5219 Cherub
1305 5179 1530 5220 manum
1587 5180 1742 5220 suam
1772 5168 1840 5233 Χ

266 5259 326 5314 de
364 5259 546 5313 medio
579 5256 875 5313 Cherubim
913 5256 937 5324 1
995 5255 1050 5310 in
1087 5254 1332 5310 medium
1379 5256 1522 5326 ignis
1556 5257 1842 5313 existentis

267 5350 314 5403 in
340 5350 523 5405 medio
548 5347 866 5414 Cberubim,
895 5356 949 5403 et
1003 5346 1219 5413 sumsit,
1268 5359 1322 5402 et
1355 5346 1505 5403 dedit
1547 5347 1603 5401 in
1644 5364 1842 5404 manus

266 5442 432 5497 induti
460 5442 599 5497 stola
654 5449 849 5496 sancta
904 5458 920 5495 :
973 5446 1028 5494 et
1080 5437 1310 5507 accepit,
1347 5448 1402 5492 et
1438 5453 1692 5508 egressus
1732 5450 1837 5495 est.

266 5534 313 5588 8.
337 5533 403 5588 Et
435 5533 543 5589 vidi
572 5532 867 5589 Cherubim
903 5530 1318 5587 similitudinem
1350 5545 1609 5585 manuum
1655 5532 1832 5587 homi-

1939 5069 2171 5139 Propter
2199 5068 2301 5120 hoc
2356 5062 2617 5134 propheta
2644 5075 2811 5129 super
2854 5072 2973 5120 eos,
3003 5053 3287 5125 propheta,
3318 5051 3392 5104 [ili
3426 5050 3527 5103 ho-

1940 5163 2128 5218 minis.
2154 5159 2207 5212 4.
2256 5157 2323 5211 Et
2362 5153 2561 5209 cecidit
2591 5166 2755 5220 super
2805 5165 2892 5203 me
2921 5147 3151 5218 spiritus
3183 5143 3420 5208 Domini,
3471 5151 3528 5196 et

1939 5253 2077 5309 dixit
2101 5250 2169 5305 ad
2196 5266 2282 5304 me
2311 5262 2326 5300 :
2356 5245 2455 5300 Dic
2487 5263 2500 5297 :
2530 5242 2659 5297 Haec
2686 5241 2819 5295 dicit
2839 5238 3103 5295 Dominus
3140 5254 3154 5288 :
3181 5237 3262 5291 sic
3282 5233 3526 5298 dixistis,

1941 5347 2137 5400 domus
2172 5337 2410 5402 Israelis,
2442 5348 2496 5390 et
2524 5334 2887 5404 cogitationes
2927 5331 3155 5400 spiritus
3203 5327 3371 5383 vestri
3425 5339 3528 5395 ego

1947 5438 2023 5507 (ιι)
2056 5432 2180 5489 novi
2219 5450 2232 5486 :
2275 5429 2328 5485 6.
2382 5425 2784 5496 multiplicastis
2832 5425 2911 5493 (xl
2954 5430 3197 5477 mortuos
3227 5428 3439 5475 vestros
3473 5418 3524 5470 iu

1943 5530 2079 5587 urbe
2110 5527 2234 5591 hac,
2251 5530 2306 5577 et
2336 5518 2661 5589 implevistis
2684 5517 2804 5571 vias
2827 5515 2948 5587 ejus
2971 5512 3192 5569 occisis.
3219 5512 3272 5566 7.
3304 5509 3529 5579 Propter

333 5701 395 5770 (ι)
432 5698 515 5764 8.,
552 5699 945 5770 Ιὶηιειιητηευί
984 5707 1101 5754 erat
1147 5697 1333 5770 tabula
1378 5696 1683 5770 scriptoris.
1728 5698 1822 5770 (ιη)
1855 5698 1997 5766 ejus.
2073 5694 2153 5770 (it)
2202 5692 2284 5770 8.,
2311 5691 2562 5770 linteum,
2602 5687 2688 5743 cui
2744 5695 2858 5741 erat
2898 5682 3185 5770 scriptoria
3234 5678 3525 5770 tabiulaLi-tt

267 5752 460 5825 lumbis
479 5752 651 5839 ejus.
700 5770 774 5841 (ο)
796 5752 1204 5842 ’8.,Ἰιγᾷεἰῂιιιὶ
1247 5752 2005 5842 _llebr.,"Nu,chrysolithi.
2060 5752 2160 5842 A‘(p')
2194 5752 2281 5826 8.,
2315 5763 2369 5817 in
2402 5752 2805 5842 quernei-Imque
2843 5757 2986 5842 enim
3014 5752 3194 5842 Ilia-um
3232 5752 3528 5842 inclinabat

270 5852 441 5910 caput,
478 5829 533 5895 id
587 5835 717 5893 cum
755 5829 888 5909 'post
940 5829 993 5893 id
1027 5839 1393 5894 adhaerebant.
1464 5829 1546 5908 (ᾳ)
1579 5840 1662 5903 8.,
1696 5829 1830 5895 iuvm

273 5916 333 5978 (ε)
361 5912 441 5978 8.,
478 5927 662 5967 versus
696 5911 980 5967 orientem.
1073 5911 1136 5977 (tl
1165 5910 1245 5978 8.,
1292 5911 1632 5967 orientalem.
1733 5914 1809 5978 (υ)

1930 5858 2007 5894 .tm
2047 5829 2152 5893 nin’
2185 5850 2383 5890 nomen
2421 5829 2808 5885 volutatioues.

1957 5910 2214 5978 prccvrni,
2272 5905 2419 5961 novi.
2517 5905 2594 5968 (.r)
2629 5899 2709 5965 8.,
2756 5915 2808 5968 pr

1758 5929 1894 5967 ωδ.

273 5916 333 5982 (ε)
361 5912 441 5978 8.,
478 5927 662 5967 versus
696 5911 980 5967 orientem.
1073 5911 1136 5977 (tl
1165 5910 1245 5978 8.,
1292 5911 1632 5967 orientalem.

1906 5954 1919 5971 .
1957 5910 2214 5980 υνῖεγειιὶ,
2272 5905 2419 5961 novi.

2912 5826 2981 5897 (ι’)
3014 5826 3098 5892 8.,
3151 5823 3525 5879 remanebant.

2517 5905 2594 5968 (.r)
2629 5899 2709 5965 8.,
2756 5915 3045 5968 percussos
3085 5914 3112 5951 a
3159 5897 3328 5950 vobis.
