4078 6312
483 408 548 461 27
556 410 624 463 05

1616 415 1847 474 CODEX
1890 416 2674 474 SYRIACO-HEXAPLABIS.

3600 421 3744 475 2705

483 520 589 574 hoc
618 520 732 576 haec
775 522 909 577 dicit
951 523 1158 579 Adoiiai
1219 525 1481 582 Dominus
1523 528 1802 586 :llortuos
1833 540 2062 594 vestros,
2097 536 2143 590 Α
2240 532 2372 602 Cap.
2411 533 2523 596 XII,
2556 535 2605 586 1.
2665 532 2728 585 Et
2776 531 2976 586 factum
3017 542 3100 589 est
3135 534 3358 588 verbum
3401 532 3618 590 Domini
3674 538 3747 592 ad

481 627 623 681 quos
647 615 993 682 perenssistis
1020 617 1071 668 in
1091 618 1266 671 medio
1301 619 1440 686 ejus,
1474 621 1526 673 hi
1557 631 1686 675 sunt
1713 637 1929 684 carnes,
1949 623 2065 675 haec

484 716 662 760 autem
711 717 796 761 est
844 709 972 769 olla,
1022 717 1075 761 et
1122 725 1214 760 vos
1253 710 1478 764 educam
1525 713 1590 764 de
1619 713 1797 766 medio
1835 714 1978 782 eius.
2009 714 2061 767 8.

485 798 736 851 Gladium
791 799 1015 863 timetis,
1067 809 1121 854 et
1177 801 1410 869 gladium
1444 802 1697 856 inducam
1748 819 1915 872 super
1946 819 2062 869 vos,

485 889 561 942 ait
586 891 660 959 (y)
688 889 946 944 Dominus
989 891 1272 946 Dominus.
1302 893 1354 946 9.
1390 891 1452 946 Et
1475 893 1705 948 educam
1733 911 1827 949 vos
1848 895 1914 948 de
1950 912 2065 950 nte-

484 981 577 1033 dio
606 982 748 1049 ejus,
777 991 827 1034 et
853 983 1062 1035 tradam
1099 998 1194 1037 vos
1232 987 1283 1036 in
1311 999 1506 1038 manus
1536 985 1864 1048 alienorum,
1898 997 1948 1040 et
1973 987 2062 1041 fa-

485 1071 625 1125 ciam
656 1074 708 1126 in
750 1074 903 1126 vobis
935 1074 1140 1140 judicia
1168 1093 1180 1128 :
1213 1074 1300 1127 10.
1341 1076 1392 1128 in
1422 1077 1603 1144 gladio
1639 1078 1868 1142 cadetis,
1899 1093 2066 1148 super

484 1164 558 1233 (ι.)
586 1166 862 1218 montibus
896 1166 1385 1233 lsraelisjudicabo
1418 1184 1531 1233 vos,
1569 1178 1623 1222 et
1675 1170 1880 1233 scietis,
1921 1171 2061 1238 quod

483 1271 584 1324 ego
612 1255 896 1310 Dominus.
934 1258 1020 1310 11.
1078 1257 1202 1314 llaec
1234 1262 1390 1313 vobis
1441 1276 1546 1314 non
1588 1262 1691 1314 erit
1722 1262 1774 1314 in
1802 1263 1988 1324 ollam,
2015 1273 2066 1317 et

485 1363 583 1402 vos
619 1366 726 1402 non
761 1351 914 1404 eritis
941 1351 993 1404 in
1021 1353 1199 1406 medio
1224 1353 1340 1422 ejus
1367 1354 1421 1406 in
1452 1369 1644 1408 carnes
1669 1371 1681 1406 :
1725 1370 1890 1424 super
1911 1370 2068 1410 mou-

485 1440 629 1494 tibus
663 1439 874 1496 lsraelis
899 1443 1158 1512 judicabo
1182 1459 1296 1498 vos.
1320 1444 1406 1498 12.
1442 1445 1510 1498 Ει
1534 1448 1897 1514 cognoscetis,
1920 1448 2064 1516 quod

483 1548 586 1602 ego
615 1534 902 1599 Dominus;
938 1537 1003 1601 >ε<
1031 1536 1156 1603 quia
1189 1535 1241 1588 in
1266 1536 1756 1606 jttstilirationibns
1794 1539 1928 1593 meis
1956 1555 2060 1594 non

485 1625 828 1689 atnbulastis,
853 1634 907 1679 et.
927 1626 1131 1693 judicia
1152 1642 1268 1680 mea
1300 1644 1407 1682 non
1441 1629 1663 1695 fecistis,
1694 1640 1746 1683 et
1770 1633 2066 1686 secundum

482 1718 684 1786 judicia
720 1718 990 1786 gentium,
1043 1734 1166 1788 quae
1197 1719 1342 1774 circa
1400 1736 1514 1785 vos,
1565 1723 1773 1777 fet-istis
1806 1725 1852 1790 ζ.
1887 1725 1970 1779 15.
2003 1725 2066 1779 Et

487 1809 690 1863 factum
727 1819 830 1873 est,
855 1826 978 1865 cum
1009 1812 1408 1881 prepbetarem,
1451 1823 1504 1868 et
1538 1813 1748 1868 Pbaltia
1790 1815 1935 1870 [ilius
1962 1815 2066 1869 Ba-

487 1918 617 1957 nazae
654 1913 905 1957 mortuus
925 1912 1009 1957 est
1045 1922 1058 1957 :
1093 1913 1146 1958 et
1178 1905 1348 1959 cecidi
1369 1922 1531 1975 super
1556 1905 1759 1960 faciem
1790 1923 1987 1970 meam,
2013 1918 2066 1962 et

484 1997 785 2050 exclamavi
817 2011 945 2051 voce
975 2013 1194 2066 magna,
1224 2007 1278 2052 et
1298 1998 1412 2051 dixi
1441 2016 1454 2053 :
1487 1997 1578 2052 Vae
1617 1999 1770 2063 mihi,
1801 2016 1879 2053 va).
1909 1999 2063 2064 mihi,

487 2090 697 2143 Adonai
755 2089 1005 2150 Domine.
1065 2091 1598 2144 consummationem
1641 2102 1696 2144 tu
1755 2092 1892 2146 facis
1931 2094 2066 2148 resi-

486 2182 654 2234 duum
702 2179 956 2235 lsraelis?
1012 2181 1098 2234 H.
1135 2182 1201 2234 Et
1229 2179 1430 2235 factum
1475 2190 1558 2236 est
1596 2182 1816 2236 verbum
1850 2182 2066 2237 Domini

487 2274 554 2328 ad
584 2289 691 2337 me,
713 2273 902 2328 dicens
933 2291 945 2325 :
973 2273 1060 2327 15.
1092 2272 1191 2327 Fili
1220 2273 1479 2337 hominis,
1511 2277 1590 2343 (a)
1632 2274 1684 2327 bi
1722 2273 1919 2330 fratres
1964 2276 2062 2340 tui,

487 2364 688 2420 fratres
723 2366 820 2431 tui,
848 2375 902 2420 et
935 2365 1038 2419 viri
1066 2365 1396 2434 captivitatis
1431 2375 1558 2428 tuac,
1589 2373 1643 2418 et
1662 2367 1840 2420 omnis
1869 2368 2066 2422 domus

487 2456 705 2512 lsraelis
733 2467 1110 2511 consummata
1139 2468 1240 2521 est,
1270 2457 1471 2526 quibus
1503 2457 1760 2511 dixerunt
1792 2458 1872 2513 eis
1910 2458 2066 2512 habi-

488 2559 691 2604 tutores
727 2547 1028 2602 Jerusalem
1078 2567 1089 2600 :
1121 2547 1303 2618 Longe
1327 2547 1531 2602 abestis
1553 2565 1582 2602 a
1613 2549 1862 2610 Domino,
1909 2551 2067 2606 nobis

489 2644 556 2709 )t(
591 2650 776 2695 nostra
810 2640 974 2710 :data
1000 2651 1083 2694 est
1105 2651 1248 2695 terra
1280 2643 1333 2695 in
1373 2642 1764 2697 haereditatem.
1796 2643 1884 2697 16.
1928 2641 2064 2696 Pro-

489 2745 609 2801 pter
631 2735 736 2787 hoc
760 2732 880 2786 dic:
911 2731 1033 2786 llaec
1065 2732 1197 2786 dicit
1224 2735 1435 2787 Adonai
1462 2733 1725 2789 Dominus
1759 2752 1772 2788 :
1801 2733 1958 2799 Quod
1983 2750 2068 2789 re-

489 2825 684 2894 pellam
713 2839 810 2879 eos
832 2824 885 2877 in
910 2834 1116 2894 gentes,
1139 2833 1194 2878 et
1218 2826 1526 2896 dispergam
1549 2843 1646 2881 eos
1671 2828 1723 2880 in
1757 2839 1943 2896 gentes
1967 2826 2062 2894 (ὁ),

487 2925 542 2969 et
569 2916 875 2984 dispergam
923 2930 1020 2968 eos
1068 2916 1122 2968 in
1168 2930 1384 2971 omnem
1434 2927 1656 2980 terram,
1689 2928 1745 2973 et
1776 2933 1870 2973 ero
1897 2918 1976 2973 eis
2010 2918 2064 2971 in

488 3009 859 3062 sanctuarium
899 3023 1124 3077 parvum
1158 3009 1211 3062 in
1239 3009 1576 3078 regionibus,
1601 3026 1946 3080 quocumque
1976 3009 2065 3066 fu-

487 3099 630 3153 erint
670 3101 897 3169 ingressi
937 3101 1089 3155 illuc.
1156 3101 1242 3154 17.
1278 3100 1506 3170 Propter
1541 3103 1644 3156 hoc
1672 3101 1803 3157 die:
1839 3100 1963 3157 Haec
1983 3104 2065 3158 di-

2167 639 2274 685 me,
2317 625 2546 680 dicens:
2577 625 2632 678 2.
2674 625 2774 681 Fili
2816 626 3073 690 hominis,
3111 625 3165 679 in
3222 626 3398 680 medio
3435 627 3504 697 (e)
3543 627 3751 699 iniqui-

2167 725 2342 772 tatum
2374 734 2560 772 eorum
2598 727 2653 773 tu
2702 719 2946 784 habitas,
2982 718 3182 788 quibus
3217 727 3344 773 sunt
3385 721 3529 774 oculi
3566 724 3631 774 ad
3670 723 3751 775 vi-

2165 809 2423 873 dendum,
2460 820 2515 865 et
2548 826 2656 864 non
2693 811 2909 875 vident,
2961 821 3014 864 et
3043 825 3205 864 aures
3239 820 3364 864 sunt
3411 811 3492 865 eis
3531 812 3599 866 ad
3643 828 3748 866 au-

2167 901 2448 964 diendum,
2489 909 2545 954 et
2578 915 2688 954 non
2719 899 2968 963 audiunt,
3002 897 3129 967 quia
3153 897 3347 951 domus
3386 896 3611 952 irritans
3641 904 3762 952 csl.‘

2166 993 2219 1046 5.
2255 992 2317 1046 Et
2347 1002 2425 1057 tu,
2464 991 2536 1045 Illi
2570 991 2827 1054 hominis,
2889 989 2974 1045 fac
3003 990 3097 1044 tibi
3125 1005 3253 1043 vasa
3281 988 3637 1058 captivitatis,
3692 999 3749 1044 et

2166 1086 2440 1154 captivare
2464 1085 2697 1139 interdiu
2723 1100 2909 1140 coram
2935 1085 3034 1149 eis,
3062 1091 3116 1136 et
3141 1081 3508 1152 captivaberis
3532 1082 3597 1136 de
3626 1083 3749 1138 loco

2167 1185 2261 1231 tuo
2297 1179 2350 1231 in
2393 1177 2572 1231 locum
2623 1179 2788 1231 alium
2823 1192 3007 1231 coram
3043 1177 3153 1240 eis,
3191 1185 3252 1230 ut
3297 1175 3538 1240 videant,
3599 1175 3749 1245 quod

2166 1270 2363 1324 domus
2415 1271 2640 1324 irritatis
2681 1277 2784 1324 est.
2821 1268 2876 1321 4.
2911 1267 2975 1322 Ει
3023 1265 3264 1336 proferes
3311 1281 3438 1319 vasa
3471 1277 3583 1331 ttta,
3619 1282 3748 1320 vasa

2166 1362 2520 1430 captivitatis,
2569 1359 2804 1415 interdiu
2853 1359 2921 1430 (f)
2969 1359 3034 1412 ad
3069 1359 3258 1412 oculos
3303 1372 3536 1424 eorum,
3578 1369 3632 1411 et
3689 1369 3748 1412 tu

2165 1453 2460 1521 egredieris
2510 1467 2738 1522 veSpere
2787 1467 2970 1506 coram
3013 1450 3114 1514 eis,
3154 1451 3222 1518 Χ
3283 1451 3432 1505 sicut
3469 1451 3752 1520 egreditur

2168 1545 2413 1614 captivus
2459 1546 2507 1614 ζ.
2560 1545 2612 1598 5.
2662 1543 2743 1599 Ad
2794 1544 2985 1599 oculos
3034 1558 3225 1597 eorum
3280 1541 3504 1611 perfode
3551 1543 3647 1597 tibi
3695 1543 3748 1596 in

2168 1637 2452 1705 parietem,
2482 1645 2534 1688 et
2561 1635 2858 1705 egredieris
2883 1649 2974 1703 per
2999 1649 3144 1687 eum.
3179 1632 3232 1686 6.
3259 1632 3454 1687 Coram
3481 1631 3561 1686 eis
3586 1647 3750 1702 super

2171 1723 2413 1777 humeris
2447 1723 2521 1794 (g)
2556 1723 2881 1792 portaberis,
2929 1731 2981 1777 et
3021 1723 3375 1777 absconditus
3411 1723 3740 1794 egredieris:

2173 1814 2364 1868 faciem
2427 1825 2573 1868 luant
2625 1815 2926 1884 cooperies,
2981 1823 3034 1868 et
3077 1829 3184 1866 non
3239 1813 3448 1868 videbis
3503 1823 3745 1881 terram;

2168 1906 2296 1974 quia
2326 1915 2635 1974 portentum
2678 1904 2801 1959 dedi
2831 1913 2882 1960 te
2912 1904 3096 1958 domui
3141 1904 3378 1959 lsraelis.
3417 1904 3469 1958 7.
3519 1905 3581 1958 Et
3646 1903 3750 1960 feci

2169 1999 2264 2061 ita,
2304 1998 2461 2066 juxta
2514 1997 2721 2060 omnia,
2769 2013 2892 2066 qua:
2927 2007 3259 2066 praerperat
3309 1997 3479 2052 mibi:
3517 2008 3571 2052 et
3620 2013 3754 2052 vasa

2166 2089 2388 2158 protuli,
2415 2089 2568 2158 quasi
2600 2104 2728 2143 vasa
2775 2089 3108 2158 captivitatis
3143 2088 3402 2154 interdiu,
3447 2098 3501 2142 et
3529 2102 3755 2158 veSpere

2167 2182 2374 2252 perfodi
2426 2181 2556 2235 mihi
2599 2181 2859 2251 parietem
2893 2196 3056 2234 manu
3097 2196 3248 2245 mea,
3286 2189 3341 2234 et
3395 2180 3754 2236 absconditus

2167 2288 2420 2343 egressus
2451 2289 2594 2332 sum,
2620 2288 2784 2342 super
2809 2272 3055 2327 humeris
3087 2273 3160 2343 (ἡ)
3192 2280 3442 2343 portatus
3478 2287 3601 2326 sum
3655 2287 3753 2327 co-

2167 2382 2284 2421 ram
2313 2367 2412 2420 eis.
2448 2365 2502 2419 8.
2544 2364 2612 2418 Et
2647 2363 2847 2419 factum
2878 2371 2962 2419 est
2997 2368 3224 2418 verbum
3277 2363 3491 2418 Domini
3543 2362 3610 2416 ad
3663 2376 3755 2416 me

2168 2478 2350 2526 mane,
2378 2462 2566 2516 dicens
2595 2478 2608 2514 :
2649 2461 2702 2515 9.
2736 2459 2841 2512 Fili
2866 2458 3124 2524 hominis,
3156 2473 3336 2512 nonne
3384 2457 3494 2512 dixi
3533 2459 3596 2528 (‘)
3630 2455 3754 2521 tibi,

2167 2553 2364 2608 domus
2398 2551 2635 2616 lsraelis,
2666 2551 2864 2604 domus
2910 2549 3135 2603 irritans
3168 2558 3271 2612 est,
3305 2551 3436 2620 quid
3477 2557 3534 2604 tu
3571 2549 3756 2610 facis?

2169 2643 2256 2698 10.
2291 2645 2386 2698 Dic
2412 2643 2477 2696 ad
2507 2657 2641 2697 eos:
2691 2641 2818 2695 [late
2857 2641 2987 2695 dicit
3032 2639 3297 2695 Dominus
3356 2640 3620 2699 Dominus
3685 2644 3753 2715 (1)

2167 2736 2401 2807 principi
2431 2744 2484 2790 et
2511 2733 2635 2788 duci
2668 2734 2721 2788 in
2750 2731 3079 2797 Jerusalem,
3111 2742 3165 2787 et
3186 2735 3333 2787 omni
3365 2733 3550 2788 domui
3573 2734 3754 2792 Israe-

2168 2826 2255 2888 lis,
2297 2826 2388 2894 qui
2435 2833 2560 2880 sum
2592 2825 2642 2879 in
2691 2823 2872 2878 medio
2917 2837 3132 2888 eorum,
3181 2823 3267 2876 11.
3305 2822 3414 2890 die,
3456 2825 3599 2893 quod
3649 2841 3755 2894 ego

2168 2925 2418 2987 portenta
2449 2915 2665 2971 faciem-
2691 2915 2744 2969 in
2796 2915 2977 2970 medio
3010 2914 3037 2987 ζ
3067 2932 3081 2970 :
3116 2914 3577 2985 quemadmodum
3625 2915 3749 2980 leci,

2168 3009 2257 3076 sic,
2277 3009 2382 3064 erit
2413 3008 2484 3073 ei,
2514 3010 2568 3062 in
2601 3007 3014 3078 demigratione,
3047 3015 3101 3061 et
3131 3007 3185 3059 in
3223 3007 3534 3078 captivitate
3569 3007 3749 3075 ibunt,

2170 3102 2257 3156 12.
2283 3111 2337 3156 et
2367 3101 2641 3170 princeps,
2673 3101 2764 3169 qui
2796 3101 2848 3153 in
2885 3100 3066 3155 medio
3094 3115 3312 3162 eorum,
3344 3115 3510 3170 super
3553 3103 3750 3156 humeo

487 3192 562 3247 cit
592 3191 800 3246 Adonai
827 3191 1088 3248 Dominus
1117 3208 1130 3245 :
1156 3192 1220 3246 Et
1245 3192 1538 3262 suscipiam
1570 3209 1666 3248 eos
1695 3193 1763 3248 de
1788 3195 2060 3265 gentibus,
2091 3203 2134 3259 c
2169 3195 2244 3249 ris
2269 3194 2592 3264 portabitur,
2633 3203 2687 3248 et
2714 3194 3064 3249 absconditus
3101 3193 3420 3264 egredietur
3452 3207 3546 3262 per
3576 3193 3754 3262 parie-

485 3283 901 3354 elcongregaho
929 3298 1024 3338 eos
1084 3284 1151 3339 de
1200 3283 1535 3353 regionibus,
1581 3283 1782 3352 quibus
1831 3285 2062 3354 dispersi

485 3376 653 3432 eosin
678 3378 780 3441 cis,
815 3385 868 3431 et
900 3376 1042 3431 dabo
1065 3379 1144 3431 eis
1165 3386 1364 3431 terratn
1395 3374 1610 3430 lsraelis
1647 3395 1660 3430 :
1686 3375 1771 3430 18.
1804 3384 1857 3430 et
1887 3377 2066 3446 ingre-

484 3470 704 3524 dientur
730 3471 880 3532 illuc,
915 3480 968 3524 et
989 3469 1239 3526 auferent
1259 3485 1452 3524 omnes
1469 3470 1904 3525 abominationes
1923 3472 2063 3540 ejus,

485 3571 747 3615 etomnes
774 3561 1090 3627 iniquitates
1120 3561 1240 3628 ejus
1273 3559 1340 3613 de
1365 3575 1450 3614 ea.
1478 3559 1570 3613 19.
1603 3559 1667 3613 Et
1689 3560 1830 3615 dabo
1859 3562 1941 3616 eis
1975 3577 2070 3616 eor

487 3650 660 3715 aliud,
695 3659 745 3704 et
777 3650 1028 3718 spiritunt
1072 3665 1270 3702 novum
1301 3649 1442 3703 dabo
1471 3649 1525 3704 in
1573 3652 1671 3717 eis,
1701 3663 1752 3705 et
1784 3653 2068 3707 extraham

488 3756 585 3796 eor
612 3756 803 3795 eorum
846 3740 1114 3808 lapideum
1157 3757 1223 3795 ex
1269 3755 1438 3796 carne
1484 3758 1697 3810 eorum,
1740 3753 1793 3798 et
1821 3743 1963 3798 dabo
1989 3746 2069 3800 eis

488 3845 587 3885 cor
621 3844 901 3890 carneum,
937 3827 1025 3882 20.
1062 3837 1120 3883 ut
1170 3829 1223 3882 in
1276 3832 1559 3900 praeceptis
1588 3833 1725 3887 meis
1763 3833 2066 3900 ambulent,

487 3922 978 3992 etjustificationes
1010 3937 1160 3977 meas
1186 3923 1521 3988 custodiant,
1551 3934 1606 3979 et
1635 3924 1836 3981 faciant
1867 3942 1964 3994 ea;
2017 3937 2070 3982 et

486 4023 650 4070 erunt
675 4014 808 4068 mihi
841 4015 893 4068 in
943 4016 1296 4084 populum,et
1326 4031 1427 4084 ego
1450 4033 1545 4072 ero
1569 4019 1651 4073 eis
1683 4018 1736 4073 in
1779 4019 1972 4085 Deum,
2004 4035 2066 4076 -ι-

489 4108 619 4164 dicit
654 4107 918 4164 Dominus
954 4110 1000 4177 ζ.
1025 4110 1114 4163 21.
1145 4110 1212 4178 (e)
1244 4109 1312 4164 Et
1339 4111 1636 4166 secundum
1667 4127 1762 4168 cor
1785 4114 2071 4184 abomina—

489 4203 699 4255 tionum
757 4216 980 4255 suarum
1023 4211 1078 4256 et
1115 4203 1467 4273 iniquitatum
1490 4221 1738 4269 suarum,
1774 4222 1883 4276 quo
1910 4209 2072 4264 modo

490 4308 587 4347 cor
617 4308 805 4347 eorum
837 4295 966 4360 ibat,
998 4295 1116 4350 vias
1139 4312 1330 4352 eorum
1375 4299 1429 4351 in
1463 4299 1642 4368 capita
1695 4316 1886 4356 eorum
1924 4302 2069 4369 dedi,

490 4383 853 4440 dicitAdonai
891 4386 1172 4442 Dominus.
1210 4389 1299 4442 ‘29..
1327 4389 1388 4443 Et
1414 4391 2069 4449 sustuleruntCheruhim

489 4477 608 4529 alas
647 4491 794 4541 suas,
841 4488 896 4533 et
943 4490 1075 4534 rotze
1117 4496 1145 4534 a
1192 4480 1361 4535 latere
1407 4497 1620 4546 eorum,
1655 4493 1709 4537 et
1760 4484 1932 4554 gloria
1976 4486 2070 4541 Dei

492 4569 710 4624 lsraelis
739 4585 903 4640 super
931 4573 1000 4627 iis
1038 4588 1204 4641 supra
1242 4590 1357 4628 eos.
1393 4573 1483 4630 9.3.
1521 4575 1585 4629 Et
1626 4578 1871 4631 ascendit
1900 4577 2072 4646 gloria

491 4661 710 4718 Domini
739 4663 808 4717 de
828 4664 1006 4719 medio
1039 4665 1213 4730 urbis,
1263 4675 1318 4720 et
1364 4669 1516 4721 stetit
1557 4683 1720 4736 super
1752 4679 1957 4734 monte,
1997 4670 2074 4739 (p)

2170 3297 2304 3352 tem,
2344 3297 2399 3342 et
2427 3285 2710 3356 perfodiet,
2750 3292 2808 3339 ut
2860 3285 3176 3356 egrediatur
3206 3299 3303 3355 per
3334 3299 3458 3340 eum
3489 3304 3502 3339 :
3551 3283 3750 3340 facient

2169 3394 2322 3434 suam
2355 3379 2653 3448 eoopcriet,
2678 3387 2736 3432 ut
2760 3393 2828 3432 ne
2859 3377 3106 3431 videatur
3131 3376 3310 3439 oculo,
3333 3385 3386 3430 et
3411 3375 3526 3445 ipse
3550 3385 3751 3431 terram

2168 3487 2277 3525 non
2311 3472 2536 3526 videbit.
2569 3472 2657 3525 15.
2715 3471 2777 3525 Et
2827 3470 3133 3540 expandam
3190 3478 3305 3523 rete
3358 3484 3538 3522 meum
3589 3483 3756 3538 super

2169 3581 2318 3628 eum,
2350 3575 2404 3620 et
2447 3564 2690 3634 capietur
2728 3563 2779 3617 in
2831 3571 2987 3631 septo
3024 3575 3168 3628 meo,
3213 3570 3267 3615 et
3308 3561 3506 3616 ducam
3533 3575 3657 3616 eum
3695 3561 3754 3615 in

2172 3655 2524 3726 Babylonem,
2559 3656 2613 3709 in
2645 3665 2846 3709 terram
2871 3652 3254 3708 Chaldaaorum
3277 3693 3291 3717 ,
3338 3659 3393 3706 et
3427 3651 3600 3723 ipsam
3642 3667 3753 3706 non

2172 3750 2395 3812 videbit,
2432 3759 2486 3804 et
2524 3748 2594 3803 ibi
2642 3748 2925 3801 morietur.
2966 3746 3056 3800 14.
3106 3743 3173 3798 Ει
3203 3758 3428 3809 omnes,
3461 3743 3555 3814 qui
3601 3744 3755 3800 circa

2171 3859 2320 3907 eum,
2368 3841 2722 3896 auxiliatores
2770 3839 2911 3910 ejus,
2949 3840 3021 3909 (k)
3071 3846 3126 3892 et
3166 3851 3360 3892 omnes
3406 3844 3755 3907 protegentes

2172 3951 2296 3989 eum
2327 3935 2632 4003 dispergam
2667 3933 2720 3986 in
2760 3947 2977 3986 omnem
3003 3941 3250 3995 ventum,
3283 3936 3335 3982 et
3377 3928 3616 3999 gladium
3664 3926 3755 3981 ef-

2173 4027 2394 4082 fmnlam
2431 4034 2554 4096 post
2584 4040 2701 4079 eos.
2727 4024 2814 4078 15.
2849 4023 2912 4077 Et
2935 4023 3129 4084 scient,
3156 4020 3304 4092 quod
3333 4035 3434 4091 ego
3462 4019 3754 4082 Dominus,

2173 4119 2395 4191 quando
2430 4118 2742 4187 dispersere
2776 4131 2873 4170 eos
2924 4115 2976 4168 in
3034 4113 3306 4184 gentibus,
3342 4121 3397 4167 et
3447 4111 3756 4180 dispersere

2173 4229 2267 4269 eos
2301 4213 2352 4266 in
2401 4210 2732 4282 regionibus.
2769 4206 2858 4261 16.
2896 4205 2963 4259 Et
3011 4206 3320 4274 relinquam
3373 4203 3754 4259 residuum'ex

2173 4307 2254 4361 eis
2277 4305 2424 4359 viros
2450 4305 2502 4357 in
2529 4316 2762 4356 numero
2791 4315 2819 4354 a
2849 4298 3052 4393 gladio,
3080 4307 3180 4351 eta
3213 4295 3378 4358 fame,
3409 4304 3464 4350 et
3492 4310 3522 4349 a
3552 4305 3754 4359 morte,

2176 4408 2234 4448 ut
2274 4396 2384 4449 sint
2417 4401 2704 4446 narrantes
2734 4384 2930 4443 omnes
2955 4387 3271 4456 iniquitates
3296 4399 3486 4440 eorum
3525 4384 3577 4437 in
3623 4399 3758 4454 gen-

2181 4487 2347 4551 tibus,
2378 4499 2488 4553 quo
2517 4481 2751 4552 ingressi
2783 4478 2987 4534 fuerint
3007 4479 3156 4543 illuc,
3180 4486 3233 4532 et
3259 4476 3454 4541 scient,
3485 4475 3628 4545 quod
3653 4489 3758 4543 ego

2181 4577 2458 4632 Dominus.
2498 4574 2584 4628 l7.
2623 4573 2684 4627 Et
2710 4573 2914 4627 factum
2943 4581 3027 4626 est
3055 4570 3280 4624 verbum
3308 4567 3520 4622 Domini
3550 4567 3616 4620 ad
3643 4582 3755 4630 me,

2174 4668 2363 4722 dicens
2397 4684 2409 4719 :
2443 4664 2528 4719 18.
2566 4662 2667 4717 Fili
2695 4661 2955 4726 hominis,
2990 4673 3185 4729 panem
3224 4667 3377 4712 tuum
3410 4657 3474 4726 (l)
3513 4671 3637 4710 cum
3660 4671 3758 4725 pe-

491 4754 735 4823 quierat
778 4771 808 4810 e
866 4757 1090 4827 regione
1127 4759 1298 4812 urbis.
1336 4759 1426 4813 21.
1465 4761 1527 4813 Et
1579 4761 1807 4830 spiritus
1854 4764 2078 4817 sustulit
2175 4759 2327 4812 nuria
2362 4757 2634 4819 comedes,
2674 4763 2730 4809 et
2763 4768 2963 4823 aquam
3010 4767 3136 4806 cum
3188 4748 3439 4804 cruciatu
3487 4747 3756 4816 angustia:

492 4860 602 4910 me,
634 4858 689 4902 et
714 4848 871 4903 duxit
905 4865 990 4906 me
1021 4851 1072 4904 iu
1106 4859 1304 4904 terram
1333 4851 1713 4907 Chaldaeorum
1747 4854 1813 4908 ad
1843 4855 2076 4922 captivi-

493 4951 658 4998 tatem
693 4943 747 4996 in
775 4944 983 4998 visione
1009 4945 1061 4998 in
1084 4944 1277 5014 spiritu
1308 4943 1506 5032 Dei.‘Et
1533 4946 1752 5000 ascentli
1782 4963 1812 4999 a
1838 4947 2072 5010 visione,

491 5048 658 5102 quam
694 5033 820 5087 vidi.
855 5034 946 5087 25.
980 5032 1044 5087 Et
1077 5035 1294 5088 locutus
1323 5050 1447 5087 sum
1479 5035 1546 5089 ad
1573 5035 1941 5104 captivitatem
1962 5037 2074 5090 ont-

493 5124 583 5178 nia
617 5123 778 5178 verba
812 5122 1045 5189 Domini,
1076 5138 1197 5194 qua:
1223 5124 1537 5178 Ostenderat
1559 5124 1710 5179 mihi.

2174 4852 2346 4906 bibes.
2385 4849 2472 4904 l9.
2505 4848 2569 4902 Et
2620 4846 2770 4901 dices
2810 4845 2877 4899 ad
2913 4843 3168 4914 populum
3207 4834 3408 4896 terra)":
3468 4837 3592 4894 Haec
3625 4838 3758 4894 dicit

2173 4943 2384 4997 Adonai
2431 4941 2692 4994 Dominus
2727 4937 3103 4993 habitantibus
3157 4937 3211 4990 in
3248 4933 3554 4990 Jerusalem
3596 4947 3760 5002 super

2179 5044 2323 5089 terra
2357 5032 2570 5086 Israelis
2599 5050 2611 5084 :
2640 5029 2816 5085 Panes
2846 5045 2979 5084 suos
3002 5027 3095 5097 (ιη)
3128 5042 3249 5082 cum
3303 5025 3528 5096 penuria
3570 5040 3760 5079 come-

2180 5126 2328 5190 dent,
2367 5136 2420 5180 et
2453 5140 2650 5194 aquatn
2689 5138 2846 5178 suam
2874 5123 2952 5191 (ιι)
2982 5136 3106 5174 cum
3139 5119 3308 5175 exitio
3349 5117 3558 5184 bibent,
3591 5117 3665 5186 (ο)
3701 5126 3761 5171 ιιι

567 5288 640 5369 (y)_
678 5286 907 5369 Ado_nai.
987 5285 1334 5369 (z)_Finib_us.
1415 5288 1490 5357 (η)
1525 5287 1614 5350 .-l.,
1656 5296 1873 5369 propter
1923 5288 2119 5369 fratres
2156 5297 2302 5369 tuos,
2357 5287 2556 5369 fratres
2615 5297 2760 5369 tups,
2822 5279 3762 5369 viros[propinquos‘genusltpi‘et

494 5355 740 5413 omnium
774 5355 1045 5411 domuum
1070 5355 1305 5420 lsraelis,
1329 5355 1541 5422 omnes,
1585 5355 1786 5424 quibus
1812 5359 2068 5414 dixerunt
2108 5359 2440 5413 habitatores
2472 5356 2799 5413 Jerusalem.

2878 5355 2952 5422 (ὁ)
2992 5349 3053 5405 Et
3093 5350 3519 5422 dispergentur.‘
3571 5349 3762 5422 (c)_S.,

496 5444 732 5498 quorum
761 5437 940 5482 autem
987 5432 1052 5482 ad
1089 5417 1448 5498 cogitationes
1481 5417 1912 5499 profunditatqu
1947 5446 2170 5484 suarum
2211 5441 2265 5484 et
2292 5429 2762 5499 abominationum
2811 5417 3192 5499 suarttnrco‘r'
3214 5431 3416 5498 eorum_
3451 5417 3761 5499 ivit,"\'iani

495 5515 686 5553 eorum
726 5498 777 5550 in
818 5509 978 5568 caput
1011 5515 1198 5552 eorum
1236 5503 1413 5568 posui.

489 5585 702 5622 sumes.
752 5569 876 5640 _(Ii)
926 5569 1008 5630 8,,
1055 5574 1279 5640 gesta”:
1376 5572 1438 5639 (α)
1478 5569 1846 5640 "MNM1Mg
1888 5591 1900 5624 ε

1512 5499 1752 5574 (dli/tu
1778 5503 1870 5568 qui
1907 5503 1976 5555 ab
2017 5503 2243 5574 oriente.
2321 5501 2390 5568 (e)
2427 5500 2629 5554 Domus
2667 5494 2955 5574 irritantis.
3003 5494 3330 5574 .(DICoratn
3371 5494 3487 5574 eis._

1943 5593 1958 5621 ι
2001 5582 2176 5635 117:3,
2213 5557 2480 5631 dixerunt,
2530 5585 2627 5638 pro
2671 5577 2843 5638 τιήρῃ
2898 5557 3390 5638 άξῳὶςιρειξιιιΙιιιιι
3441 5557 3672 5638 videtur.
3724 5577 3755 5638 4»

3033 5490 3096 5561 (Γ)
3134 5491 3330 5561 Coram
3371 5489 3487 5561 eis._
3514 5488 3626 5561 _(g)
3660 5490 3764 5543 As.

499 5640 707 5709 Tenus
751 5627 1168 5709 Teti-aplorJIn,
1220 5627 1735 5709 eimv‘ambiguum
1791 5627 1891 5695 est.
1929 5641 2066 5695 Otnn

2171 5627 2269 5694 alia
2329 5627 2683 5709 exemplaria,
2711 5634 2904 5709 εἶπαν.
2932 5627 3104 5709 Hebr.
3141 5627 3194 5683 et
3247 5627 3763 5709 Vulgqmdixerunt.

499 5706 579 5788 De
593 5723 691 5762 tcn
703 5748 714 5757 .

497 5797 638 5846 ejus.

498 5860 663 5905 terra.

767 5708 971 5784 dli)‘_S.,
1032 5721 1248 5784 propter
1309 5708 1603 5784 principem
1663 5728 1802 5763 tutus
1861 5716 1979 5764 hoc.

759 5773 980 5844 (Ullum
1020 5773 1224 5832 dolore.

2059 5709 2130 5776 tk)
2187 5711 2269 5772 δ..

1334 5785 1429 5847 (ιιι)
1477 5783 1558 5842 8.,
1615 5799 1733 5834 cum
1771 5798 1875 5833 non
1918 5783 2127 5835 uttiiuc.

2329 5725 2386 5784 et
2439 5697 2630 5764 omnes
2673 5697 2786 5762 alas
2826 5708 2946 5775 ejus
2995 5705 3328 5784 dispergant.
3359 5697 3372 5699 ἡ
3439 5697 3559 5762 Tlt.,
3592 5698 3762 5784 fulcra

2235 5767 2312 5850 0.)
2352 5781 2431 5846 8.,
2470 5797 2591 5835 cum
2629 5767 2878 5833 mercm
2988 5777 3060 5846 (υ)
3087 5767 3208 5834 ’8.,“
3236 5780 3294 5824 ιιι
3334 5786 3437 5825 non
3472 5781 3662 5824 ornata
3694 5767 3766 5823 sit
