4078 6312
273 388 421 453 2705

1472 452 1493 464 .
1552 401 1966 463 BEZECIELIS
1995 410 2225 469 CAPUT
2264 414 2405 476 XIV.

3390 422 3531 479 9.706

272 520 665 609 corrumpatur
694 522 835 572 terra
867 535 992 575 cum
1024 523 1361 592 plenitudine
1389 529 1540 600 ejus;
1568 533 1621 585 in
1660 530 1847 600 impie—
1874 532 1923 587 Δ
1947 529 2159 588 Adonai
2198 534 2480 592 Dominus.
2523 537 2608 591 10.
2646 536 2748 590 Pro
2778 553 2843 592 eo
2886 539 3032 607 quod
3065 539 3394 608 deccperunt
3426 555 3526 609 ρος

275 610 386 656 tate
408 607 553 658 cnim
585 622 800 673 omnes,
833 615 924 683 qui
966 616 1215 674 habitant
1247 622 1300 676 in
1335 639 1420 678 ea.
1455 625 1546 681 20.
1580 626 1648 681 Et
1685 627 1849 682 urbes

268 708 489 789 eorum,
523 714 647 768 quae
682 702 997 763 habitantur
1018 749 1034 774 ,
1069 714 1451 783 vastabuntur,
1480 728 1535 773 et
1566 728 1708 774 terra
1770 720 1845 789 (ρ)

268 785 322 837 in
354 788 584 844 exitium
617 794 741 858 erit,
769 804 825 850 et
854 804 1215 870 cognoscetis,
1250 809 1393 874 quod
1426 824 1526 878 ego
1564 785 1843 866 Dominus.

267 880 356 934 91.
387 881 457 937 Ει
488 882 692 940 factum
727 898 810 944 est
838 892 1062 948 verbum
1100 893 1317 952 Domini
1369 900 1437 953 ad
1469 916 1577 965 me,
1618 901 1841 957 dicens:

270 970 355 1025 i2.
399 971 503 1028 Fili
562 977 824 1041 hominis,
861 997 983 1051 qua:
1017 987 1278 1054 parabola
1324 989 1440 1043 haee
1485 992 1637 1046 vobis
1680 1008 1844 1062 super

268 1073 414 1153 terra
448 1065 690 1127 lsraelis.
724 1071 1031 1130 dicentibus
1063 1077 1255 1134 vobis:
1290 1079 1456 1152 Longi
1491 1083 1631 1150 dies,
1680 1084 1840 1153 periit

266 1152 447 1206 omnis
497 1156 686 1210 visio?
726 1157 815 1215 25.
855 1162 1081 1233 Propter
1126 1157 1233 1223 hoc
1283 1170 1370 1223 dic
1416 1176 1483 1227 aii
1537 1152 1685 1228 eos:
1715 1173 1843 1230 Haec

266 1240 398 1296 dicit
438 1246 649 1303 Adonai
695 1253 992 1310 Dominus:
1028 1256 1103 1327 (q)
1134 1258 1203 1313 Et
1240 1271 1480 1316 avertam
1527 1266 1839 1332 parabolam

270 1332 423 1387 istam
462 1345 517 1392 et
566 1355 675 1393 non
703 1342 845 1398 ultra
885 1345 1068 1401 dicent
1103 1352 1417 1418 parabolam
1458 1356 1616 1411 istam
1644 1357 1841 1416 domus

270 1421 480 1482 lsraelis
508 1448 523 1495 ;
554 1431 682 1501 quia
748 1434 992 1506 loqueris
1038 1441 1105 1495 ad
1150 1457 1267 1507 eos,
1298 1465 1369 1493 em
1405 1447 1591 1502 dicens
1628 1450 1649 1517 1
1680 1468 1692 1503 :
1727 1453 1839 1521 Ap-

273 1520 701 1587 propinquaruut
759 1527 896 1592 dies,
949 1538 1006 1584 et
1066 1534 1290 1590 verbum
1348 1541 1529 1594 omnis
1582 1520 1837 1600 visionis.

268 1606 352 1703 21.
384 1609 524 1676 Quia
557 1629 665 1669 non
695 1616 802 1671 erit
840 1621 981 1677 ultra
1004 1625 1184 1681 omnis
1215 1628 1353 1683 visio
1379 1629 1539 1698 falsa,
1566 1633 1637 1703 (r)
1668 1644 1723 1689 et
1752 1635 1838 1690 di-

270 1697 453 1753 vinans
484 1718 608 1770 quae
629 1705 1054 1773 pulchritudinis
1081 1713 1135 1767 in
1168 1716 1351 1772 medio
1387 1697 1628 1775 filiorum
1664 1722 1840 1780 lsrae-

270 1787 348 1842 lis.
385 1791 478 1844 25.
524 1792 665 1858 Quia
712 1811 812 1867 ego
854 1798 1121 1858 Dominus
1168 1805 1385 1876 loquar,
1437 1811 1628 1880 loquar
1669 1815 1835 1869 verba

1962 624 2150 692 pulum
2192 642 2397 690 meum,
2424 628 2701 684 dicentes:
2733 627 2869 693 Pax,
2899 640 2953 684 et
2990 645 3097 682 non
3128 641 3246 683 erat
3278 647 3415 698 pax:
3451 632 3528 702 (at)

1958 724 2011 768 et
2053 716 2155 771 iste
2202 718 2435 777 aedificat
2479 720 2761 788 parietem,
2798 728 2852 773 et
2893 719 2982 773 isti
3026 719 3203 774 linunt
3248 736 3371 775 eum
3411 723 3529 777 sine

1961 808 2193 872 ratione,
2226 810 2454 863 mheus
2478 809 2634 864 cadet
2668 810 2716 877 1.
2750 811 2838 864 11.
2860 809 2955 864 Dic
2987 810 3052 863 ad
3083 824 3200 874 eos,
3232 812 3325 879 qui
3353 812 3530 867 linunt

1959 896 2076 952 sine
2109 900 2367 955 ratione:
2404 901 2594 967 Cadet,
2653 912 2708 956 et
2744 902 2851 956 erit
2898 902 3078 970 pluvia
3130 901 3425 967 inundans,
3474 913 3528 958 et

1957 986 2099 1042 dabo
2130 989 2335 1058 lapides
2364 993 2712 1061 priegrandes
2746 1008 2810 1048 -ε-
2842 994 2895 1045 ἰη
2924 993 3212 1063 iuncturas
3245 1008 3434 1046 eorum
3473 996 3524 1063 1,

1955 1080 2175 1143 cadent,
2218 1092 2272 1136 et
2326 1092 2548 1137 ventum
2604 1084 2965 1151 auferentem,
3015 1094 3069 1137 et
3131 1084 3523 1153 disrumpetur.

1958 1172 2041 1227 l2.
2066 1172 2129 1235 Et
2153 1189 2279 1228 ecce
2307 1176 2500 1229 cecidit
2530 1176 2735 1244 paries,
2761 1176 2835 1244 (ῃ)
2868 1185 2922 1228 et
2948 1191 3056 1229 non
3088 1177 3272 1229 dicent
3302 1176 3368 1229 ad
3395 1190 3524 1231 vos:

1955 1262 2056 1317 Ubi
2085 1274 2169 1319 est
2208 1265 2372 1320 litura
2406 1274 2610 1327 vestra,
2642 1282 2802 1335 quam
2842 1266 3138 1321 linivistis?
3174 1267 3258 1321 115.
3293 1265 3527 1336 Pr0pter

1951 1354 2055 1407 hoc
2082 1354 2198 1409 haec
2237 1355 2370 1410 dicit
2408 1354 2619 1409 Adonai
2674 1354 2973 1408 Dominus:
3020 1354 3193 1408 Etiam
3240 1355 3521 1423 projii-iam

1949 1447 2134 1501 flatum
2171 1445 2507 1500 auferentem
2536 1461 2658 1500 cum
2694 1445 2881 1499 furore
2903 1461 3045 1509 meo,
3074 1454 3129 1499 et
3156 1446 3336 1514 pluvia
3360 1446 3523 1499 inuu-

1947 1541 2085 1595 daus
2121 1540 2175 1593 in
2198 1539 2278 1593 ira
2314 1554 2434 1593 mea
2464 1539 2588 1604 erit,
2616 1548 2670 1593 et
2708 1539 2914 1607 lapides
2955 1540 3297 1609 prmgrandes
3333 1538 3386 1591 in
3439 1539 3523 1592 fn-

1947 1648 2072 1688 rore
2094 1633 2348 1688 inducam
2386 1632 2439 1685 in
2467 1632 2994 1691 consummationem
3025 1650 3038 1684 :
3075 1630 3162 1684 M.
3202 1638 3254 1684 et
3279 1639 3521 1684 evertam

1948 1725 2232 1796 parietem,
2256 1739 2418 1793 quem
2449 1722 2729 1784 linivistis,
2758 1730 2819 1776 ut
2856 1723 3015 1777 cadat
3041 1741 3054 1776 :
3087 1733 3364 1792 etponam
3391 1736 3518 1775 eum

1948 1832 2112 1888 super
2151 1826 2372 1880 terram,
2411 1825 2465 1871 et
2507 1816 2828 1886 detegentur
2880 1815 3233 1873 fundamenta
3277 1813 3417 1882 ejus,
3465 1820 3521 1865 et

267 1895 402 1977 {Duff
431 1892 485 1977 ἐι
513 1884 733 1951 faciam’
758 1900 810 1944 εί
833 1907 945 1947 ¹¹⁰¹¹
988 1896 1324 1968 Prolonsabo
1378 1904 1651 1972 amplius;
1688 1907 1837 1974 .quia
1872 1884 1914 1943 Β
1943 1884 2139 1977 cadet,
2176 1919 2229 1965 et
2276 1884 2651 1965 consumeturﬁ
2680 1922 2805 1962 cum
2857 1905 3417 1977 reprehensimtibus’,
3465 1910 3522 1958 et

264 1971 316 2026 in
344 1973 541 2031 diebus
578 1980 777 2036 vestris
810 1982 1008 2039 domus
1031 2008 1103 2035 cm
1132 1987 1347 2046 lsraelis
1376 1991 1399 2060 1
1448 1971 1834 2060 irritans;_lo-

262 2079 397 2133 quar
422 2068 672 2135 verbum,
720 2081 774 2127 et
808 2074 1042 2146 faciam,
1095 2080 1228 2136 dicit
1282 2085 1493 2139 Adonai
1547 2087 1831 2143 Dominus.

262 2156 347 2211 26.
390 2156 458 2212 Et
485 2159 689 2217 factum
719 2175 807 2220 est
844 2169 1069 2225 verbum
1110 2171 1327 2230 Domini
1360 2177 1426 2232 ad
1457 2194 1568 2245 me,
1602 2179 1830 2237 dicens:

261 2246 349 2302 27.
382 2248 486 2305 Fili
518 2254 789 2321 hominis,
824 2274 952 2315 ecce
995 2263 1193 2321 domus
1225 2267 1439 2323 lsraelis
1467 2270 1713 2336 irritans,
1751 2274 1833 2328 di-

258 2341 425 2395 cendo
444 2342 632 2400 dicunt
658 2365 671 2399 :
696 2346 870 2412 Visio,
895 2364 1057 2421 quam
1084 2354 1171 2409 hic
1198 2357 1362 2425 videt,
1390 2359 1443 2412 in
1467 2360 1585 2416 dies
1608 2363 1829 2430 multos,

256 2443 305 2523 et
330 2432 383 2485 in
415 2442 659 2505 tempora
693 2438 853 2511 longa
883 2443 985 2496 iste.
1008 2447 1317 2517 prophetat.
1352 2450 1443 2507 28.
1468 2451 1696 2523 Propter
1726 2456 1830 2512 hoc

254 2522 336 2616 dic
362 2525 429 2579 ad
464 2541 563 2581 eos
590 2547 603 2581 :
642 2527 769 2586 Haec
803 2531 937 2587 dicit
977 2536 1186 2592 Adonai
1219 2537 1525 2598 Dominus:
1555 2522 1673 2599 Non
1702 2562 1829 2616 pro-

254 2614 620 2685 longabuutur
646 2622 791 2677 ultra
826 2626 1011 2681 omnia
1058 2629 1222 2684 Verba
1275 2648 1421 2697 mea,
1464 2614 1828 2708 quiecumque

252 2710 465 2767 locutus
498 2713 695 2770 fuero:
726 2716 922 2790 loquar
960 2719 1210 2787 verbum,
1247 2723 1319 2796 (ε)
1364 2735 1420 2782 et
1443 2725 1663 2796 faciam,
1694 2731 1829 2787 dicit

249 2802 454 2858 Adonai
480 2804 762 2865 Dominus.

314 2898 449 2969 Cap.
487 2899 628 2968 XIII,
670 2903 722 2957 1.
759 2904 828 2959 Et
860 2905 1063 2964 factum
1099 2919 1184 2967 est
1218 2913 1441 2980 verbum
1494 2915 1709 2972 Domini
1754 2916 1823 2972 ad

250 3005 351 3053 me,
389 2990 618 3049 dicens:
649 2994 704 3053 2.
737 2996 839 3053 Fili
882 3000 1144 3066 hominis,
1185 3005 1447 3074 propheta
1493 3022 1657 3078 super
1697 3025 1823 3080 pro-

250 3082 433 3149 phetas
459 3083 702 3154 lsraelis,
730 3093 824 3159 qui
850 3092 1202 3162 prophetam,
1239 3100 1307 3165 ὶε(
1328 3106 1384 3152 et
1408 3099 1556 3155 dices
1583 3102 1821 3171 prophe—

252 3173 335 3236 tis,
380 3176 474 3242 qui
506 3178 836 3247 prophetarit
860 3183 928 3238 de
972 3185 1140 3241 corde
1198 3205 1319 3254 suo,
1360 3201 1414 3245 et
1448 3194 1817 3263 prOphetabis,

251 3276 301 3319 et
324 3266 472 3321 diCes
502 3269 570 3323 ad
605 3286 701 3327 eos
736 3272 758 3340 1
793 3290 807 3326 :
838 3275 1037 3332 Audite
1067 3279 1291 3334 verbum
1330 3282 1569 3337 Domini.
1601 3287 1653 3339 5.
1697 3286 1823 3342 Haec

250 3354 371 3410 dicit
410 3357 624 3412 Adonai
672 3359 971 3420 Dominus:
1011 3365 1100 3421 Va:
1137 3368 1221 3423 his
1267 3371 1359 3439 qui
1393 3372 1719 3442 prophetarit
1755 3374 1823 3428 de

247 3451 404 3506 corde
437 3467 561 3512 suo.
596 3456 665 3522 Χ
702 3457 1111 3514 ambulantibus
1142 3472 1265 3530 post
1294 3464 1545 3532 spiritum
1579 3480 1739 3520 suum
1771 3467 1819 3535 1,

247 3550 298 3596 et
330 3544 559 3598 omnino
586 3559 691 3599 non
730 3546 933 3602 vident.
972 3549 1026 3604 4.
1058 3549 1216 3606 Sicut
1261 3555 1450 3623 vulpes
1483 3555 1537 3608 in
1587 3557 1822 3612 desertis

221 3637 519 3704 propheta:
560 3637 662 3703 tui,
714 3636 900 3706 Israel,
939 3645 1007 3709 x
1035 3652 1193 3697 erant
1222 3643 1244 3712 1
1275 3663 1290 3698 :
1319 3645 1371 3699 5.
1415 3646 1478 3717 (t)
1511 3663 1618 3702 non
1654 3656 1824 3703 stete-

248 3738 367 3781 runt
416 3728 472 3780 in
513 3727 813 3785 firmitate:
865 3740 918 3787 et
961 3745 1363 3804 congregatum
1410 3719 1600 3808 greges
1654 3755 1822 3812 super

245 3817 457 3873 domum
490 3819 707 3877 lsraelis
735 3841 747 3876 :
786 3838 892 3878 non
942 3838 1378 3896 resurrexeruut,
1410 3831 1505 3900 qui
1542 3832 1733 3887 dicunt
1764 3833 1817 3887 in

243 3909 322 3964 die
351 3910 593 3973 Domini,
644 3914 701 3966 6.
745 3914 991 3970 videntes
1031 3918 1336 3983 mendacia,
1383 3920 1460 3990 (ιι)
1504 3919 1819 3978 divinantes

245 4018 372 4057 vana
410 4004 504 4074 qui
544 4006 774 4061 dicunt:
816 4005 957 4062 Dicit
987 4008 1297 4083 Dominus;
1329 4020 1385 4066 et
1421 4012 1684 4069 Dominus
1708 4031 1817 4070 non

244 4098 384 4152 misit
436 4112 554 4160 eos,
608 4108 664 4153 et
716 4110 1008 4170 cmperunt
1055 4104 1325 4158 suscitare
1383 4119 1713 4163 sermonem.
1765 4108 1814 4160 7.

243 4187 428 4243 Nonne
478 4190 744 4245 visionem
784 4192 1045 4247 falsorum
1090 4194 1321 4267 vidistis,
1352 4207 1406 4251 et
1453 4197 1819 4254 divinationes

241 4295 405 4335 vanas
443 4282 717 4337 dixistis?
754 4286 817 4350 Χ
859 4292 914 4338 et
955 4285 1170 4339 dixistis
1204 4304 1217 4340 :
1260 4286 1403 4341 Dicit
1428 4287 1730 4357 Dominus;
1766 4299 1819 4346 et

241 4389 335 4441 ego
366 4390 476 4428 non
510 4375 728 4431 locutus
772 4392 893 4430 sum
938 4376 985 4445 1.
1021 4377 1073 4432 8.
1109 4379 1337 4448 Propter
1367 4381 1471 4434 hoc
1514 4382 1603 4436 dic
1628 4399 1659 4435 επ
1694 4380 1820 4437 Haec

241 4466 366 4521 dicit
397 4466 613 4521 Adonai
650 4466 953 4523 Dominus:
991 4470 1101 4522 Pro
1134 4486 1201 4525 eo
1238 4471 1385 4540 quod
1422 4473 1587 4527 verba
1640 4482 1817 4528 vestra

1942 2002 2304 2071 cognoscetis,
2354 2001 2480 2069 quia
2513 2015 2614 2070 ego
2662 1997 2947 2071 Dominus.
2988 1998 3077 2053 15.
3117 1998 3178 2050 Et
3220 1995 3509 2064 complebo

1944 2092 2181 2148 furorem
2220 2107 2400 2146 meum
2449 2106 2613 2160 super
2642 2090 2903 2159 parietem
2926 2130 2940 2154 ,
2970 2097 3023 2143 et
3080 2104 3246 2156 super
3277 2101 3393 2150 eos,
3421 2084 3516 2154 qui

1941 2185 2121 2240 linunt
2157 2199 2305 2250 eum,
2335 2192 2387 2236 et
2420 2183 2598 2236 cadet.
2636 2181 2704 2235 Et
2740 2180 2852 2235 dixi
2881 2181 2947 2235 ad
2993 2196 3125 2235 vos:
3159 2178 3276 2234 Non
3308 2187 3391 2233 est
3419 2193 3515 2241 pa-

1940 2275 2073 2341 ries,
2141 2288 2318 2343 neque
2377 2272 2472 2342 qui
2523 2271 2703 2327 linunt
2749 2287 2897 2329 eum.
2947 2270 3035 2325 16.
3100 2268 3174 2340 (z)
3235 2267 3517 2338 Propheta:

1938 2362 2191 2430 lsraelis,
2228 2365 2320 2434 qui
2385 2364 2713 2434 prophetarit
2768 2379 2936 2432 super
2978 2361 3301 2425 Jerusalem,
3334 2368 3389 2413 et
3420 2357 3514 2427 qui

1936 2459 2123 2515 vident
2152 2458 2201 2514 ei
2234 2472 2442 2528 pacem,
2469 2464 2524 2510 et
2554 2470 2656 2524 pax
2692 2469 2798 2509 non
2835 2463 2939 2517 est,
2983 2451 3118 2507 dicit
3164 2448 3375 2503 Adonai
3406 2447 3513 2499 Do-

1936 2551 2140 2609 minus.
2175 2548 2263 2603 17.
2327 2547 2394 2601 Et
2455 2557 2533 2613 tu,
2595 2546 2671 2600 fili
2720 2544 2980 2608 hominis,
3037 2542 3266 2597 obllrma
3318 2539 3511 2594 faciem

1936 2651 2085 2696 tuam
2138 2655 2303 2709 super
2341 2639 2479 2694 tilias
2519 2637 2703 2709 populi
2763 2636 2865 2702 tui,
2914 2629 3006 2704 qui
3063 2633 3388 2703 praphetant
3445 2631 3514 2685 de

1933 2735 2100 2790 corde
2130 2748 2254 2797 suo,
2283 2742 2337 2787 et
2357 2732 2618 2801 propheta
2642 2744 2807 2799 super
2827 2743 2944 2794 eas,
2973 2725 3057 2780 18.
3081 2735 3135 2779 et
3160 2726 3309 2780 dices
3336 2741 3350 2777 :
3385 2721 3511 2776 Hice

1933 2824 2070 2880 dicit
2100 2822 2310 2878 Adonai
2364 2809 2666 2876 Dominus:
2703 2820 2792 2875 Va:
2830 2819 2939 2883 his,
2975 2817 3066 2886 qui
3108 2823 3382 2872 consuunt
3432 2812 3511 2884 (α)

1933 2915 2222 2973 cervicalia
2257 2914 2446 2969 subter
2467 2928 2683 2968 omnem
2712 2910 2959 2965 cubitum
2986 2923 3205 2971 manus,
3228 2916 3281 2961 et
3303 2905 3512 2960 faciunt

1930 3008 2197 3064 velamina
2229 3005 2305 3079 (ὁ)
2333 3021 2499 3076 super
2525 3019 2688 3059 omne
2720 3011 2886 3072 caput
2921 3003 3100 3055 omnis
3144 3006 3386 3061 staturae,
3439 2996 3506 3050 ad

1930 3099 2365 3172 perturbandum
2397 3096 2648 3150 animas:
2686 3093 2755 3165 (ε)
2795 3095 2990 3147 anima:
3024 3089 3348 3161 perturbata:
3380 3095 3511 3142 sunt

1930 3191 2119 3264 populi
2190 3190 2317 3255 mei,
2374 3198 2429 3242 et
2466 3188 2679 3241 animas
2726 3185 3049 3239 liberabant.
3088 3182 3174 3237 19.
3227 3179 3289 3233 Et
3327 3178 3510 3248 profa-

1926 3285 2131 3338 nabant
2171 3296 2259 3335 me
2293 3279 2361 3332 ad
2417 3277 2677 3347 populum
2728 3291 2909 3331 meum
2960 3282 3182 3344 prapter
3240 3270 3504 3341 pugillum

1925 3375 2139 3441 hordei,
2165 3383 2218 3427 et
2250 3384 2468 3442 propter
2499 3369 2798 3439 fragmenta
2831 3368 3011 3436 panis,
3047 3364 3114 3417 ad
3145 3362 3504 3417 occidendum

1924 3470 2158 3536 animas,
2193 3482 2332 3538 quas
2364 3480 2471 3518 non
2495 3461 2737 3532 oportuit
2767 3460 2930 3524 mori,
2967 3467 3021 3513 et
3053 3457 3117 3510 ad
3153 3452 3499 3510 liberandum

1924 3565 2157 3628 animas,
2189 3575 2328 3631 quas
2366 3573 2474 3612 non
2506 3554 2749 3624 oportuit
2782 3552 2985 3615 vivere,
3037 3564 3160 3603 cum
3211 3546 3393 3602 caesim
3425 3546 3508 3597 lo-

1922 3654 2154 3727 quimini
2188 3651 2389 3722 populo
2428 3647 2670 3704 audienti
2711 3643 2933 3699 concisa
2988 3641 3152 3695 verba
3182 3653 3343 3691 vana.
3408 3635 3503 3689 20.

1922 3747 2151 3817 Propter
2173 3746 2276 3799 hoc
2304 3745 2419 3798 htec
2443 3741 2576 3797 dicit
2608 3738 2872 3794 Dominus
2905 3734 3169 3789 Dominus
3196 3750 3208 3786 :
3239 3729 3379 3784 Ecce
3406 3744 3509 3798 ego

1922 3853 2087 3908 super
2118 3833 2407 3891 cervicalia
2442 3842 2647 3894 vestra,
2683 3844 2848 3898 super
2878 3842 3000 3896 qua:
3040 3826 3116 3892 (ά)
3172 3819 3508 3893 perturbatis

1922 3931 1996 3986 ibi
2036 3930 2283 3985 animas:
2308 3935 2361 3982 et
2394 3924 2699 3980 discindam
2731 3935 2795 3975 ea
2824 3920 2891 3973 de
2917 3918 3158 3973 brachiis
3182 3912 3400 3978 vestris,
3431 3911 3503 3979 (ε)

1920 4033 1975 4079 et
2008 4024 2256 4079 emittam
2298 4018 2535 4082 animas,
2570 4028 2707 4084 quas
2761 4025 2859 4065 vos
2888 4009 3133 4065 evertitis
3157 4006 3373 4061 animas
3405 4019 3503 4059 eo-

1920 4131 2044 4171 rum
2080 4115 2134 4169 in
2174 4111 2572 4182 dispersionem
2601 4124 2616 4162 :
2644 4114 2699 4160 et
2743 4101 3050 4159 discindam
3096 4098 3364 4154 velamina
3404 4111 3498 4152 ve-

1921 4214 2055 4269 stra,
2088 4213 2143 4258 et
2170 4200 2416 4255 liberabo
2466 4196 2726 4268 populum
2770 4208 2950 4248 meum
3009 4207 3040 4245 e
3085 4204 3248 4243 manu
3283 4197 3503 4256 vestra,

1919 4307 1973 4352 et
1998 4312 2105 4350 non
2137 4301 2299 4349 erunt
2328 4295 2470 4346 ultra
2495 4290 2547 4344 in
2586 4287 2841 4343 manibus
2877 4284 3072 4340 vestris
3126 4284 3179 4337 in
3212 4282 3504 4338 conturba-

1924 4389 2122 4442 tionem
2157 4402 2170 4438 :
2205 4392 2259 4438 et
2292 4381 2659 4453 cognoscetis,
2689 4376 2835 4450 quod
2861 4392 2961 4446 ego
2995 4362 3275 4429 Dominus.
3305 4374 3396 4428 εἰ.
3430 4372 3501 4443 (f)

1919 4477 2026 4533 Pro
2049 4493 2114 4531 ro
2136 4475 2281 4547 quod
2306 4473 2705 4548 pertnrbabatis
2738 4487 2833 4526 cor
2857 4470 2996 4540 justi
3037 4468 3261 4534 injuste,
3305 4478 3359 4522 et
3396 4482 3505 4535 ego

243 4557 541 4622 mendacia,
595 4566 650 4612 et
702 4559 1069 4615 divinationes
1114 4570 1307 4616 vestrm
1364 4578 1535 4628 vanae,
1594 4575 1814 4634 propter
1847 4575 1891 4630 υ
1921 4584 2028 4624 non
2072 4568 2459 4639 perturbabam
2498 4576 2646 4629 eum,
2689 4572 2743 4618 et
2775 4564 2842 4617 ad
2875 4560 3343 4617 corroborandum
3380 4574 3497 4611 tua-

240 4646 337 4703 boe
374 4664 506 4704 ecce
564 4665 667 4719 ego
719 4666 885 4720 super
935 4667 1055 4715 vos,
1092 4652 1225 4707 dicit
1264 4653 1476 4709 Adonai
1522 4655 1809 4727 Dominus,

158 4772 162 4774 γ
240 4735 288 4791 9.
316 4746 370 4792 et
401 4741 694 4795 extendam
727 4756 947 4796 manum
981 4756 1157 4797 meam
1188 4757 1353 4812 super
1373 4746 1685 4815 pr0phetas,
1717 4749 1809 4819 qui

240 4826 414 4884 vident
448 4831 758 4896 mendacia,
790 4841 844 4887 et
872 4832 963 4903 qui
995 4835 1177 4889 caesim
1205 4835 1508 4904 loquuntur
1541 4853 1681 4893 vana
1709 4857 1722 4893 :
1757 4840 1809 4894 in

241 4920 525 4992 disciplina
562 4925 747 4996 populi
773 4926 878 4980 mei
908 4942 1017 4980 non
1065 4936 1245 4990 erunt,
1271 4948 1344 4975 ωδ
1367 4937 1421 4982 et
1451 4930 1506 4984 in
1537 4932 1806 5002 scriptura

241 5014 432 5070 domus
485 5016 764 5088 lsraelis1
822 5032 932 5073 non
986 5020 1328 5088 scribentur,
1392 5031 1446 5078 et
1498 5024 1549 5077 iu
1604 5031 1807 5080 terram

198 5153 211 5169 ,
242 5105 449 5166 lsraelis
473 5126 580 5167 non
610 5112 1005 5182 ingredientur,
1035 5122 1090 5170 et
1129 5115 1322 5183 scient,
1351 5118 1495 5188 quod
1537 5134 1637 5189 ego
1681 5135 1801 5175 sum

302 5318 380 5391 (p)
436 5318 520 5380 S..
561 5336 674 5375 non
715 5314 964 5376 ordinata
1006 5324 1130 5378 erit.

243 5393 302 5461 (t)
350 5391 432 5456 8.,
475 5400 528 5445 et
550 5391 717 5445 simul
774 5391 884 5445 flet.

242 5478 334 5530 pro
361 5478 427 5516 eo
466 5462 612 5531 quod
645 5471 874 5527 starent,
919 5462 1061 5518 sicut
1090 5466 1142 5518 in
1183 5466 1344 5524 bello.
1375 5467 1429 5519 in
1462 5467 1552 5520 die
1586 5465 1825 5522 Domini.

240 5533 428 5588 licabat
456 5532 717 5601 parietem
769 5533 912 5587 sicut
956 5533 1216 5601 (irinum;
1265 5535 1340 5588 illi
1376 5547 1556 5589 autem
1617 5536 1878 5593 liniebant
1924 5532 2050 5592 eum
2101 5551 2206 5590 non
2257 5536 2497 5588 condito.

1178 5605 1250 5675 (ς.)
1305 5604 1388 5667 8.,
1431 5606 1524 5661 sed
1576 5609 1853 5676 prepbetae
1904 5607 2144 5663 lsraelis.

243 5603 327 5657 ubi
383 5603 547 5657 litura
601 5618 766 5671 quam
798 5603 1098 5659 linivistis?

1239 5324 1313 5396 ((1)
1373 5324 1456 5392 5-.
1493 5327 1654 5401 Client
1712 5344 2001 5397 quiescere
2050 5326 2266 5382 iaciam.
2358 5324 2429 5396 (r)
2463 5324 2681 5401 ⁵8.,-υι
2716 5338 2822 5376 non
2854 5324 3441 5401 divitiali'olubr'icttatt.

975 5397 1040 5463 (t)
1224 5383 1334 5468 ita}.
1368 5383 1689 5468 ascendistis
1732 5383 1792 5451 in
1823 5383 2101 5468 rupturus
2141 5411 2318 5464 neque
2362 5383 2639 5468 sepivistis
2674 5407 2861 5468 sepem
2893 5393 3035 5468 circa
3076 5388 3235 5468 filios
3262 5383 3498 5468 lsraelis,

1923 4677 2027 4717 nus
2052 4660 2250 4731 iniqui,
2274 4669 2334 4714 ut
2361 4660 2585 4714 omnino
2616 4672 2722 4711 non
2753 4672 2812 4712 se
2839 4662 3104 4709 averteret
3134 4674 3207 4701 ωο
3230 4654 3298 4705 ah
3348 4651 3497 4719 inju-

1921 4752 2067 4808 stitia
2109 4768 2229 4819 sua,
2260 4759 2315 4806 et
2342 4752 2366 4821 1
2400 4766 2431 4805 a
2462 4751 2551 4804 via
2577 4765 2677 4804 sua
2705 4749 2868 4811 mala,
2898 4756 2952 4801 et
2983 4747 3189 4798 viveret
3217 4742 3344 4811 ;25.
3380 4757 3499 4811 pro-

1921 4853 2041 4915 pter
2084 4845 2188 4899 hoc
2219 4842 2501 4898 mendacia
2544 4856 2653 4894 non
2702 4838 2981 4901 videbitis,
3032 4845 3087 4890 et
3134 4833 3502 4887 divinationes

1920 4952 2028 4991 non
2054 4935 2366 4991 divinabitis
2383 4933 2616 5002 amplius
2642 4950 2655 4986 :
2684 4941 2737 4985 et
2758 4929 3005 4985 liberabo
3024 4927 3284 4998 populum
3320 4937 3500 4977 meum

1918 5030 1985 5086 de
2024 5044 2187 5084 manu
2212 5038 2415 5092 vestra,
2435 5035 2488 5082 et
2517 5023 2882 5096 cognoscetis,
2916 5021 3046 5090 quia
3079 5033 3179 5086 ego
3211 5015 3498 5071 Dominus.

1985 5121 2116 5193 Cap.
2146 5119 2285 5187 XIV,
2333 5120 2378 5175 l.
2410 5118 2478 5173 Et
2512 5125 2776 5173 venerunt
2798 5115 2865 5169 ad
2903 5129 2991 5166 me
3026 5111 3123 5165 viri
3156 5110 3223 5164 de
3267 5105 3502 5167 seniori-

2358 5323 2429 5396 (r)
2464 5322 2570 5396 8.,
2596 5395 2603 5396 7
2627 5332 2681 5377 et
2716 5338 2822 5376 non
2854 5314 3492 5396 divinatiolubricitatis.

2614 5464 2691 5532 (ιε)
2742 5454 2829 5525 8.,
2861 5470 2916 5514 et
2948 5457 3327 5532 ipse_quidem
3367 5454 3499 5532 tedi-

2725 5532 2811 5595 S.,
2851 5525 3030 5584 annon
3065 5525 3276 5602 dicetur
3298 5525 3495 5580 vobis:

2224 5604 2302 5676 (a)
2335 5601 2417 5667 8.,
2477 5601 2667 5657 strata.
2747 5603 2821 5722 ab)
2882 5602 2969 5663 8.,
3033 5601 3219 5654 subter
3277 5609 3497 5676 omnem

2224 5693 2236 5722 ἱ
2294 5685 2477 5722 autem
2530 5674 2684 5722 vobis
2740 5671 2959 5722 vixistis
2993 5671 3050 5722 li.
3090 5686 3141 5722 e.
3192 5666 3496 5722 studentis)

1918 5465 1997 5536 tu)
2052 5467 2107 5520 In
2150 5465 2505 5519 divinatione.

219 5673 517 5727 .cervicetn.
618 5666 703 5793 ἔς)
757 5671 841 5737 8.,
897 5677 1107 5729 animus
1156 5666 1495 5730 venabantur
1547 5666 1746 5746 p'opu'lo
1804 5696 1963 5745 meo;
2023 5666 2241 5731 animas
2294 5666 2477 5729 autem
2530 5674 2684 5728 vobis
2740 5666 2959 5726 elisistis
2993 5671 3050 5742 (i.
3090 5686 3141 5724 e.
3192 5666 3496 5731 studuistis)

242 5741 482 5795 liberare.
596 5742 612 5795 ί
660 5746 674 5787 ἰ
724 5743 1084 5795 S..venamini
1134 5746 1363 5795 animas-
1418 5749 1571 5795 nnnsi
1606 5748 1865 5795 volarent-
1950 5758 2018 5795 tul
2063 5747 2141 5795 8--
2182 5765 2234 5795 ut
2258 5746 2548 5795 dimittam.
2644 5743 2709 5795 (Γ)
2751 5741 2832 5795 S..
2862 5743 2932 5795 ob
2962 5743 3012 5795 id
3057 5740 3202 5795 uuod
3274 5747 3494 5795 toruuc-

242 5741 482 5798 liberare.

241 5811 390 5867 batis.

665 5760 674 5787 ι
724 5743 1084 5807 3.,vcnamini
1134 5746 1363 5812 animus,
1418 5743 1573 5817 quasi
1606 5743 1866 5806 volarent.

1950 5740 2018 5821 (ιι)
2063 5747 2142 5816 8.,
2182 5746 2548 5802 ctdimittam.
2644 5743 2709 5815 (Ι)
2751 5741 2832 5810 8.,
2862 5743 2932 5798 ob
2962 5740 3012 5798 id
3057 5740 3202 5812 quod
3274 5747 3494 5808 torque-
