  <div class='ocr_page' id='page_1' title='image "/cluster/home/n/w/nwhite01/storage/ocr_20150623/16 pt.3/mdp.39015008568431/167.png"; bbox 0 0 4078 6312; ppageno 0'>
   <div class='ocr_carea' id='block_1_1' title="bbox 524 404 664 462">
    <p class='ocr_par' dir='ltr' id='par_1_1' title="bbox 524 404 664 462">
     <span class='ocr_line' id='line_1_1' title="bbox 524 404 664 462; baseline 0.036 -5"><span class='ocrx_word' id='word_1_1' title='bbox 524 404 664 462; x_wconf 77' lang='grc'>2707</span> 
     </span>
    </p>
   </div>
   <div class='ocr_carea' id='block_1_2' title="bbox 1637 421 2942 485">
    <p class='ocr_par' dir='ltr' id='par_1_2' title="bbox 1637 421 2942 485">
     <span class='ocr_line' id='line_1_2' title="bbox 1637 421 2942 485; baseline 0 -2"><span class='ocrx_word' id='word_1_2' title='bbox 1637 428 1864 485; x_wconf 82' lang='lat' dir='ltr'><strong>CODEX</strong></span> <span class='ocrx_word' id='word_1_3' title='bbox 1907 427 2696 484; x_wconf 71' lang='lat' dir='ltr'><strong>SYRIACO-IIEXAPI.ARIS.</strong></span> <span class='ocrx_word' id='word_1_4' title='bbox 2917 421 2942 460; x_wconf 70' lang='grc'>’⁸</span> 
     </span>
    </p>
   </div>
   <div class='ocr_carea' id='block_1_3' title="bbox 3638 434 3782 488">
    <p class='ocr_par' dir='ltr' id='par_1_3' title="bbox 3638 434 3782 488">
     <span class='ocr_line' id='line_1_3' title="bbox 3638 434 3782 488; baseline 0.007 -1"><span class='ocrx_word' id='word_1_5' title='bbox 3638 434 3782 488; x_wconf 74' lang='grc' dir='ltr'><strong>9-7υὸ</strong></span> 
     </span>
    </p>
   </div>
   <div class='ocr_carea' id='block_1_4' title="bbox 520 524 3783 618">
    <p class='ocr_par' dir='ltr' id='par_1_4' title="bbox 520 524 3783 618">
     <span class='ocr_line' id='line_1_4' title="bbox 520 524 3783 618; baseline 0.008 -40"><span class='ocrx_word' id='word_1_6' title='bbox 520 525 622 581; x_wconf 93' lang='lat' dir='ltr'><strong>bus</strong></span> <span class='ocrx_word' id='word_1_7' title='bbox 675 524 914 596; x_wconf 79' lang='lat' dir='ltr'><strong>Israelis,</strong></span> <span class='ocrx_word' id='word_1_8' title='bbox 953 540 1009 586; x_wconf 90' lang='lat' dir='ltr'><strong>et</strong></span> <span class='ocrx_word' id='word_1_9' title='bbox 1059 537 1318 594; x_wconf 85' lang='lat' dir='ltr'><strong>sederunt</strong></span> <span class='ocrx_word' id='word_1_10' title='bbox 1351 556 1536 596; x_wconf 92' lang='lat' dir='ltr'><strong>coram</strong></span> <span class='ocrx_word' id='word_1_11' title='bbox 1578 544 1715 600; x_wconf 85' lang='lat' dir='ltr'><strong>faeie</strong></span> <span class='ocrx_word' id='word_1_12' title='bbox 1747 563 1890 602; x_wconf 87' lang='lat' dir='ltr'><strong>mea.</strong></span> <span class='ocrx_word' id='word_1_13' title='bbox 1921 548 1976 602; x_wconf 76' lang='lat'><strong>2.</strong></span> <span class='ocrx_word' id='word_1_14' title='bbox 2020 550 2088 602; x_wconf 89' lang='lat' dir='ltr'><strong>Et</strong></span> <span class='ocrx_word' id='word_1_15' title='bbox 2116 549 2160 604; x_wconf 78' lang='grc' dir='ltr'>Α</span> <span class='ocrx_word' id='word_1_16' title='bbox 2189 559 2404 609; x_wconf 88' lang='lat' dir='ltr'><strong>eorum,</strong></span> <span class='ocrx_word' id='word_1_17' title='bbox 2450 555 2545 599; x_wconf 91' lang='lat' dir='ltr'><strong>aut</strong></span> <span class='ocrx_word' id='word_1_18' title='bbox 2593 545 2717 600; x_wconf 73' lang='lat' dir='ltr'><strong>ﬁliae</strong></span> <span class='ocrx_word' id='word_1_19' title='bbox 2749 561 2940 601; x_wconf 89' lang='lat' dir='ltr'><strong>eorum</strong></span> <span class='ocrx_word' id='word_1_20' title='bbox 2994 549 3388 614; x_wconf 88' lang='lat' dir='ltr'><strong>servabuntur,</strong></span> <span class='ocrx_word' id='word_1_21' title='bbox 3427 548 3522 603; x_wconf 85' lang='lat' dir='ltr'><strong>sed</strong></span> <span class='ocrx_word' id='word_1_22' title='bbox 3577 551 3624 604; x_wconf 89' lang='lat' dir='ltr'><strong>si</strong></span> <span class='ocrx_word' id='word_1_23' title='bbox 3676 550 3783 618; x_wconf 84' lang='lat' dir='ltr'><strong>ipsi</strong></span> 
     </span>
    </p>
   </div>
   <div class='ocr_carea' id='block_1_5' title="bbox 519 614 2096 699">
    <p class='ocr_par' dir='ltr' id='par_1_5' title="bbox 519 614 2096 699">
     <span class='ocr_line' id='line_1_5' title="bbox 519 614 2096 699; baseline 0.017 -31"><span class='ocrx_word' id='word_1_24' title='bbox 519 614 722 671; x_wconf 85' lang='lat' dir='ltr'><strong>factum</strong></span> <span class='ocrx_word' id='word_1_25' title='bbox 748 630 831 673; x_wconf 89' lang='lat' dir='ltr'><strong>cst</strong></span> <span class='ocrx_word' id='word_1_26' title='bbox 856 623 1082 680; x_wconf 79' lang='lat' dir='ltr'><strong>verbum</strong></span> <span class='ocrx_word' id='word_1_27' title='bbox 1121 626 1335 684; x_wconf 90' lang='lat' dir='ltr'><strong>Domini</strong></span> <span class='ocrx_word' id='word_1_28' title='bbox 1375 633 1442 686; x_wconf 92' lang='lat' dir='ltr'><strong>ad</strong></span> <span class='ocrx_word' id='word_1_29' title='bbox 1471 650 1576 699; x_wconf 92' lang='lat' dir='ltr'><strong>me,</strong></span> <span class='ocrx_word' id='word_1_30' title='bbox 1607 636 1838 691; x_wconf 88' lang='lat' dir='ltr'><strong>dicens:</strong></span> <span class='ocrx_word' id='word_1_31' title='bbox 1890 639 1941 692; x_wconf 82' lang='grc'><strong>5.</strong></span> <span class='ocrx_word' id='word_1_32' title='bbox 1993 638 2096 696; x_wconf 85' lang='lat' dir='ltr'><strong>Fili</strong></span> 
     </span>
    </p>
   </div>
   <div class='ocr_carea' id='block_1_6' title="bbox 520 707 2097 795">
    <p class='ocr_par' dir='ltr' id='par_1_6' title="bbox 520 707 2097 795">
     <span class='ocr_line' id='line_1_6' title="bbox 520 707 2097 795; baseline 0.018 -37"><span class='ocrx_word' id='word_1_33' title='bbox 520 707 784 776; x_wconf 81' lang='lat' dir='ltr'><strong>hominis,</strong></span> <span class='ocrx_word' id='word_1_34' title='bbox 833 714 936 766; x_wconf 87' lang='lat' dir='ltr'><strong>viri</strong></span> <span class='ocrx_word' id='word_1_35' title='bbox 976 715 1066 769; x_wconf 94' lang='lat' dir='ltr'><strong>isti</strong></span> <span class='ocrx_word' id='word_1_36' title='bbox 1099 733 1400 785; x_wconf 90' lang='lat' dir='ltr'><strong>posuerunt</strong></span> <span class='ocrx_word' id='word_1_37' title='bbox 1449 723 1524 794; x_wconf 86' lang='lat' dir='ltr'><strong>(g)</strong></span> <span class='ocrx_word' id='word_1_38' title='bbox 1578 728 1938 795; x_wconf 75' lang='lat' dir='ltr'><strong>cogitationes</strong></span> <span class='ocrx_word' id='word_1_39' title='bbox 1968 749 2097 788; x_wconf 88' lang='lat' dir='ltr'><strong>suas</strong></span> 
     </span>
    </p>
   </div>
   <div class='ocr_carea' id='block_1_7' title="bbox 519 803 2098 887">
    <p class='ocr_par' dir='ltr' id='par_1_7' title="bbox 519 803 2098 887">
     <span class='ocr_line' id='line_1_7' title="bbox 519 803 2098 887; baseline 0.018 -36"><span class='ocrx_word' id='word_1_40' title='bbox 519 816 685 870; x_wconf 87' lang='lat' dir='ltr'><strong>super</strong></span> <span class='ocrx_word' id='word_1_41' title='bbox 725 803 887 857; x_wconf 88' lang='lat' dir='ltr'><strong>corda</strong></span> <span class='ocrx_word' id='word_1_42' title='bbox 920 819 1112 871; x_wconf 89' lang='lat' dir='ltr'><strong>sua,et</strong></span> <span class='ocrx_word' id='word_1_43' title='bbox 1135 826 1338 879; x_wconf 91' lang='lat' dir='ltr'><strong>ponere</strong></span> <span class='ocrx_word' id='word_1_44' title='bbox 1364 816 1416 868; x_wconf 93' lang='lat' dir='ltr'><strong>in</strong></span> <span class='ocrx_word' id='word_1_45' title='bbox 1447 817 1625 886; x_wconf 91' lang='lat' dir='ltr'><strong>capita</strong></span> <span class='ocrx_word' id='word_1_46' title='bbox 1657 820 1717 887; x_wconf 92' lang='lat' dir='ltr'><strong>(i.</strong></span> <span class='ocrx_word' id='word_1_47' title='bbox 1750 835 1800 874; x_wconf 90' lang='lat' dir='ltr'><strong>e.</strong></span> <span class='ocrx_word' id='word_1_48' title='bbox 1829 827 2098 879; x_wconf 76' lang='lat' dir='ltr'><strong><em>attrahere</em></strong></span> 
     </span>
    </p>
   </div>
   <div class='ocr_carea' id='block_1_8' title="bbox 518 897 2093 984">
    <p class='ocr_par' dir='ltr' id='par_1_8' title="bbox 518 897 2093 984">
     <span class='ocr_line' id='line_1_8' title="bbox 518 897 2093 984; baseline 0.017 -40"><span class='ocrx_word' id='word_1_49' title='bbox 518 897 749 966; x_wconf 67' lang='lat' dir='ltr'><strong>poenam)</strong></span> <span class='ocrx_word' id='word_1_50' title='bbox 774 897 1166 965; x_wconf 89' lang='lat' dir='ltr'><strong>injustitiarum</strong></span> <span class='ocrx_word' id='word_1_51' title='bbox 1202 919 1426 959; x_wconf 87' lang='lat' dir='ltr'><strong>suarum</strong></span> <span class='ocrx_word' id='word_1_52' title='bbox 1461 923 1758 976; x_wconf 90' lang='lat' dir='ltr'><strong>posuerunt</strong></span> <span class='ocrx_word' id='word_1_53' title='bbox 1792 913 1867 984; x_wconf 76' lang='lat' dir='ltr'><strong>(Ii)</strong></span> <span class='ocrx_word' id='word_1_54' title='bbox 1907 930 2093 971; x_wconf 89' lang='lat' dir='ltr'><strong>coram</strong></span> 
     </span>
    </p>
   </div>
   <div class='ocr_carea' id='block_1_9' title="bbox 520 983 2096 1072">
    <p class='ocr_par' dir='ltr' id='par_1_9' title="bbox 520 983 2096 1072">
     <span class='ocr_line' id='line_1_9' title="bbox 520 983 2096 1072; baseline 0.018 -37"><span class='ocrx_word' id='word_1_55' title='bbox 520 983 762 1041; x_wconf 88' lang='lat' dir='ltr'><strong>faciehus</strong></span> <span class='ocrx_word' id='word_1_56' title='bbox 821 990 980 1043; x_wconf 85' lang='lat' dir='ltr'><strong>suis:</strong></span> <span class='ocrx_word' id='word_1_57' title='bbox 1038 992 1082 1044; x_wconf 89' lang='lat' dir='ltr'><strong>si</strong></span> <span class='ocrx_word' id='word_1_58' title='bbox 1143 996 1524 1062; x_wconf 90' lang='lat' dir='ltr'><strong>respondendo</strong></span> <span class='ocrx_word' id='word_1_59' title='bbox 1577 1005 1917 1072; x_wconf 84' lang='lat' dir='ltr'><strong>respondebo</strong></span> <span class='ocrx_word' id='word_1_60' title='bbox 1977 1009 2096 1062; x_wconf 89' lang='lat' dir='ltr'><strong>eis?</strong></span> 
     </span>
    </p>
   </div>
   <div class='ocr_carea' id='block_1_10' title="bbox 515 1077 2095 1159">
    <p class='ocr_par' dir='ltr' id='par_1_10' title="bbox 515 1077 2095 1159">
     <span class='ocr_line' id='line_1_10' title="bbox 515 1077 2095 1159; baseline 0.018 -29"><span class='ocrx_word' id='word_1_61' title='bbox 515 1077 570 1132; x_wconf 78' lang='grc'>4.</span> <span class='ocrx_word' id='word_1_62' title='bbox 604 1078 829 1150; x_wconf 75' lang='lat' dir='ltr'><strong>Propter</strong></span> <span class='ocrx_word' id='word_1_63' title='bbox 879 1083 982 1138; x_wconf 90' lang='lat' dir='ltr'><strong>hoc</strong></span> <span class='ocrx_word' id='word_1_64' title='bbox 1024 1086 1246 1156; x_wconf 89' lang='lat' dir='ltr'><strong>loquere</strong></span> <span class='ocrx_word' id='word_1_65' title='bbox 1285 1092 1383 1156; x_wconf 85' lang='lat' dir='ltr'><strong>eis,</strong></span> <span class='ocrx_word' id='word_1_66' title='bbox 1434 1104 1486 1148; x_wconf 89' lang='lat' dir='ltr'><strong>et</strong></span> <span class='ocrx_word' id='word_1_67' title='bbox 1520 1096 1671 1150; x_wconf 87' lang='lat' dir='ltr'><strong>dices</strong></span> <span class='ocrx_word' id='word_1_68' title='bbox 1694 1099 1758 1152; x_wconf 91' lang='lat' dir='ltr'><strong>ad</strong></span> <span class='ocrx_word' id='word_1_69' title='bbox 1795 1116 1925 1156; x_wconf 92' lang='lat' dir='ltr'><strong>eos:</strong></span> <span class='ocrx_word' id='word_1_70' title='bbox 1969 1102 2095 1159; x_wconf 66' lang='lat' dir='ltr'><strong>Htec</strong></span> 
     </span>
    </p>
   </div>
   <div class='ocr_carea' id='block_1_11' title="bbox 516 1169 2094 1251">
    <p class='ocr_par' dir='ltr' id='par_1_11' title="bbox 516 1169 2094 1251">
     <span class='ocr_line' id='line_1_11' title="bbox 516 1169 2094 1251; baseline 0.018 -30"><span class='ocrx_word' id='word_1_71' title='bbox 516 1169 649 1224; x_wconf 82' lang='lat' dir='ltr'><strong>dicit</strong></span> <span class='ocrx_word' id='word_1_72' title='bbox 700 1173 908 1227; x_wconf 82' lang='lat' dir='ltr'><strong>Adouai</strong></span> <span class='ocrx_word' id='word_1_73' title='bbox 971 1175 1275 1236; x_wconf 85' lang='lat' dir='ltr'><strong>Dominus:</strong></span> <span class='ocrx_word' id='word_1_74' title='bbox 1343 1183 1558 1251; x_wconf 89' lang='lat' dir='ltr'><strong>Homo,</strong></span> <span class='ocrx_word' id='word_1_75' title='bbox 1599 1189 1762 1244; x_wconf 92' lang='lat' dir='ltr'><strong>homo</strong></span> <span class='ocrx_word' id='word_1_76' title='bbox 1803 1192 1870 1247; x_wconf 92' lang='lat' dir='ltr'><strong>de</strong></span> <span class='ocrx_word' id='word_1_77' title='bbox 1929 1195 2094 1250; x_wconf 84' lang='lat' dir='ltr'><strong>domo</strong></span> 
     </span>
    </p>
   </div>
   <div class='ocr_carea' id='block_1_12' title="bbox 516 1258 2091 1351">
    <p class='ocr_par' dir='ltr' id='par_1_12' title="bbox 516 1258 2091 1351">
     <span class='ocr_line' id='line_1_12' title="bbox 516 1258 2091 1351; baseline 0.018 -40"><span class='ocrx_word' id='word_1_78' title='bbox 516 1258 752 1327; x_wconf 83' lang='lat' dir='ltr'><strong>Israelis,</strong></span> <span class='ocrx_word' id='word_1_79' title='bbox 791 1266 882 1334; x_wconf 89' lang='lat' dir='ltr'><strong>qui</strong></span> <span class='ocrx_word' id='word_1_80' title='bbox 914 1272 1159 1336; x_wconf 88' lang='lat' dir='ltr'><strong>posuerit</strong></span> <span class='ocrx_word' id='word_1_81' title='bbox 1194 1273 1547 1343; x_wconf 79' lang='lat' dir='ltr'><strong>cogitationes</strong></span> <span class='ocrx_word' id='word_1_82' title='bbox 1584 1296 1748 1349; x_wconf 86' lang='lat' dir='ltr'><strong>super</strong></span> <span class='ocrx_word' id='word_1_83' title='bbox 1791 1299 1886 1337; x_wconf 90' lang='lat' dir='ltr'><strong>cor</strong></span> <span class='ocrx_word' id='word_1_84' title='bbox 1908 1302 2091 1351; x_wconf 91' lang='lat' dir='ltr'><strong>suum,</strong></span> 
     </span>
    </p>
   </div>
   <div class='ocr_carea' id='block_1_13' title="bbox 513 1362 2090 1432">
    <p class='ocr_par' dir='ltr' id='par_1_13' title="bbox 513 1362 2090 1432">
     <span class='ocr_line' id='line_1_13' title="bbox 513 1362 2090 1432; baseline 0.018 -27"><span class='ocrx_word' id='word_1_85' title='bbox 513 1362 568 1406; x_wconf 88' lang='lat' dir='ltr'><strong>et</strong></span> <span class='ocrx_word' id='word_1_86' title='bbox 627 1364 958 1412; x_wconf 86' lang='lat' dir='ltr'><strong>tormentum</strong></span> <span class='ocrx_word' id='word_1_87' title='bbox 1017 1362 1296 1429; x_wconf 65' lang='lat' dir='ltr'><strong>injustitiac</strong></span> <span class='ocrx_word' id='word_1_88' title='bbox 1352 1383 1466 1421; x_wconf 62' lang='lat' dir='ltr'><strong>sua}</strong></span> <span class='ocrx_word' id='word_1_89' title='bbox 1515 1372 1848 1429; x_wconf 89' lang='lat' dir='ltr'><strong>ordiuaverit</strong></span> <span class='ocrx_word' id='word_1_90' title='bbox 1905 1393 2090 1432; x_wconf 88' lang='lat' dir='ltr'><strong>coram</strong></span> 
     </span>
    </p>
   </div>
   <div class='ocr_carea' id='block_1_14' title="bbox 515 1443 2088 1532">
    <p class='ocr_par' dir='ltr' id='par_1_14' title="bbox 515 1443 2088 1532">
     <span class='ocr_line' id='line_1_14' title="bbox 515 1443 2088 1532; baseline 0.018 -36"><span class='ocrx_word' id='word_1_91' title='bbox 515 1443 652 1499; x_wconf 87' lang='lat' dir='ltr'><strong>facie</strong></span> <span class='ocrx_word' id='word_1_92' title='bbox 674 1465 794 1512; x_wconf 87' lang='lat' dir='ltr'><strong>sua,</strong></span> <span class='ocrx_word' id='word_1_93' title='bbox 833 1461 885 1503; x_wconf 91' lang='lat' dir='ltr'><strong>et</strong></span> <span class='ocrx_word' id='word_1_94' title='bbox 914 1455 1124 1508; x_wconf 91' lang='lat' dir='ltr'><strong>venerit</strong></span> <span class='ocrx_word' id='word_1_95' title='bbox 1149 1456 1215 1509; x_wconf 91' lang='lat' dir='ltr'><strong>ad</strong></span> <span class='ocrx_word' id='word_1_96' title='bbox 1248 1460 1565 1527; x_wconf 82' lang='lat' dir='ltr'><strong>prophetam</strong></span> <span class='ocrx_word' id='word_1_97' title='bbox 1589 1505 1601 1527; x_wconf 94' lang='lat'><strong>,</strong></span> <span class='ocrx_word' id='word_1_98' title='bbox 1637 1465 1704 1532; x_wconf 47' lang='grc' dir='ltr'><strong>ἃ(</strong></span> <span class='ocrx_word' id='word_1_99' title='bbox 1745 1466 1812 1518; x_wconf 90' lang='lat' dir='ltr'><strong>ad</strong></span> <span class='ocrx_word' id='word_1_100' title='bbox 1856 1469 2088 1524; x_wconf 90' lang='lat' dir='ltr'><strong>interro-</strong></span> 
     </span>
    </p>
   </div>
   <div class='ocr_carea' id='block_1_15' title="bbox 514 1539 2093 1628">
    <p class='ocr_par' dir='ltr' id='par_1_15' title="bbox 514 1539 2093 1628">
     <span class='ocr_line' id='line_1_15' title="bbox 514 1539 2093 1628; baseline 0.018 -40"><span class='ocrx_word' id='word_1_101' title='bbox 514 1539 749 1604; x_wconf 84' lang='lat' dir='ltr'><strong>gandum</strong></span> <span class='ocrx_word' id='word_1_102' title='bbox 788 1557 910 1596; x_wconf 83' lang='lat' dir='ltr'><strong>eum</strong></span> <span class='ocrx_word' id='word_1_103' title='bbox 947 1547 998 1597; x_wconf 92' lang='lat' dir='ltr'><strong>in</strong></span> <span class='ocrx_word' id='word_1_104' title='bbox 1031 1561 1116 1600; x_wconf 90' lang='lat' dir='ltr'><strong>me</strong></span> <span class='ocrx_word' id='word_1_105' title='bbox 1145 1547 1191 1614; x_wconf 73' lang='grc' dir='ltr'>ζ,</span> <span class='ocrx_word' id='word_1_106' title='bbox 1233 1564 1333 1619; x_wconf 88' lang='lat' dir='ltr'><strong>ego</strong></span> <span class='ocrx_word' id='word_1_107' title='bbox 1361 1550 1624 1609; x_wconf 89' lang='lat' dir='ltr'><strong>Dominus</strong></span> <span class='ocrx_word' id='word_1_108' title='bbox 1659 1558 1722 1625; x_wconf 83' lang='lat' dir='ltr'><strong>(i)</strong></span> <span class='ocrx_word' id='word_1_109' title='bbox 1753 1563 2093 1628; x_wconf 89' lang='lat' dir='ltr'><strong>respondebo</strong></span> 
     </span>
    </p>
   </div>
   <div class='ocr_carea' id='block_1_16' title="bbox 511 1630 2090 1724">
    <p class='ocr_par' dir='ltr' id='par_1_16' title="bbox 511 1630 2090 1724">
     <span class='ocr_line' id='line_1_16' title="bbox 511 1630 2090 1724; baseline 0.016 -43"><span class='ocrx_word' id='word_1_110' title='bbox 511 1630 560 1682; x_wconf 85' lang='lat' dir='ltr'><strong>ei</strong></span> <span class='ocrx_word' id='word_1_111' title='bbox 596 1631 646 1682; x_wconf 93' lang='lat' dir='ltr'><strong>in</strong></span> <span class='ocrx_word' id='word_1_112' title='bbox 678 1632 783 1697; x_wconf 89' lang='lat' dir='ltr'><strong>his,</strong></span> <span class='ocrx_word' id='word_1_113' title='bbox 817 1635 867 1686; x_wconf 92' lang='lat' dir='ltr'><strong>in</strong></span> <span class='ocrx_word' id='word_1_114' title='bbox 912 1638 1114 1705; x_wconf 83' lang='lat' dir='ltr'><strong>quibus</strong></span> <span class='ocrx_word' id='word_1_115' title='bbox 1147 1651 1361 1695; x_wconf 87' lang='lat' dir='ltr'><strong>tenetur</strong></span> <span class='ocrx_word' id='word_1_116' title='bbox 1395 1661 1546 1699; x_wconf 88' lang='lat' dir='ltr'><strong>mens</strong></span> <span class='ocrx_word' id='word_1_117' title='bbox 1570 1646 1708 1715; x_wconf 78' lang='lat' dir='ltr'><strong>ejus,</strong></span> <span class='ocrx_word' id='word_1_118' title='bbox 1737 1649 1788 1702; x_wconf 84' lang='lat'>5.</span> <span class='ocrx_word' id='word_1_119' title='bbox 1821 1650 1892 1720; x_wconf 71' lang='grc' dir='ltr'><strong>(Ιιτ)</strong></span> <span class='ocrx_word' id='word_1_120' title='bbox 1927 1662 1984 1706; x_wconf 86' lang='lat' dir='ltr'><strong>ut</strong></span> <span class='ocrx_word' id='word_1_121' title='bbox 2029 1654 2090 1724; x_wconf 80' lang='grc' dir='ltr'><strong>(Ι)</strong></span> 
     </span>
    </p>
   </div>
   <div class='ocr_carea' id='block_1_17' title="bbox 513 1726 2087 1810">
    <p class='ocr_par' dir='ltr' id='par_1_17' title="bbox 513 1726 2087 1810">
     <span class='ocr_line' id='line_1_17' title="bbox 513 1726 2087 1810; baseline 0.017 -37"><span class='ocrx_word' id='word_1_122' title='bbox 513 1731 782 1778; x_wconf 84' lang='lat' dir='ltr'><strong>averteret</strong></span> <span class='ocrx_word' id='word_1_123' title='bbox 811 1726 1034 1782; x_wconf 90' lang='lat' dir='ltr'><strong>domum</strong></span> <span class='ocrx_word' id='word_1_124' title='bbox 1073 1729 1288 1787; x_wconf 89' lang='lat' dir='ltr'><strong>lsraelis</strong></span> <span class='ocrx_word' id='word_1_125' title='bbox 1323 1739 1624 1790; x_wconf 88' lang='lat' dir='ltr'><strong>secundum</strong></span> <span class='ocrx_word' id='word_1_126' title='bbox 1675 1742 1838 1795; x_wconf 79' lang='lat' dir='ltr'><strong>corda</strong></span> <span class='ocrx_word' id='word_1_127' title='bbox 1874 1760 2087 1810; x_wconf 88' lang='lat' dir='ltr'><strong>eorum,</strong></span> 
     </span>
    </p>
   </div>
   <div class='ocr_carea' id='block_1_18' title="bbox 511 1817 2086 1895">
    <p class='ocr_par' dir='ltr' id='par_1_18' title="bbox 511 1817 2086 1895">
     <span class='ocr_line' id='line_1_18' title="bbox 511 1817 2086 1895; baseline 0.017 -30"><span class='ocrx_word' id='word_1_128' title='bbox 511 1830 634 1882; x_wconf 68' lang='lat' dir='ltr'><strong>quae</strong></span> <span class='ocrx_word' id='word_1_129' title='bbox 694 1817 1017 1874; x_wconf 74' lang='lat' dir='ltr'><strong>abalienata:</strong></span> <span class='ocrx_word' id='word_1_130' title='bbox 1075 1836 1206 1876; x_wconf 89' lang='lat' dir='ltr'><strong>sunt</strong></span> <span class='ocrx_word' id='word_1_131' title='bbox 1251 1841 1278 1877; x_wconf 90' lang='lat' dir='ltr'><strong>a</strong></span> <span class='ocrx_word' id='word_1_132' title='bbox 1335 1842 1420 1880; x_wconf 92' lang='lat' dir='ltr'><strong>me</strong></span> <span class='ocrx_word' id='word_1_133' title='bbox 1459 1830 1818 1895; x_wconf 70' lang='lat' dir='ltr'><strong>cogitationes</strong></span> <span class='ocrx_word' id='word_1_134' title='bbox 1876 1851 2086 1890; x_wconf 90' lang='lat' dir='ltr'><strong>eorum.</strong></span> 
     </span>
    </p>
   </div>
   <div class='ocr_carea' id='block_1_19' title="bbox 509 1904 2091 1984">
    <p class='ocr_par' dir='ltr' id='par_1_19' title="bbox 509 1904 2091 1984">
     <span class='ocr_line' id='line_1_19' title="bbox 509 1904 2091 1984; baseline 0.017 -27"><span class='ocrx_word' id='word_1_135' title='bbox 509 1904 561 1958; x_wconf 84' lang='lat'><strong>6.</strong></span> <span class='ocrx_word' id='word_1_136' title='bbox 609 1905 842 1977; x_wconf 86' lang='lat' dir='ltr'><strong>Propter</strong></span> <span class='ocrx_word' id='word_1_137' title='bbox 877 1911 981 1965; x_wconf 89' lang='lat' dir='ltr'><strong>hoc</strong></span> <span class='ocrx_word' id='word_1_138' title='bbox 1021 1915 1110 1969; x_wconf 93' lang='lat' dir='ltr'><strong>dic</strong></span> <span class='ocrx_word' id='word_1_139' title='bbox 1144 1917 1209 1970; x_wconf 87' lang='lat' dir='ltr'><strong>ad</strong></span> <span class='ocrx_word' id='word_1_140' title='bbox 1241 1917 1462 1972; x_wconf 91' lang='lat' dir='ltr'><strong>domum</strong></span> <span class='ocrx_word' id='word_1_141' title='bbox 1515 1920 1768 1978; x_wconf 77' lang='lat' dir='ltr'><strong>lsraelis:</strong></span> <span class='ocrx_word' id='word_1_142' title='bbox 1806 1927 1919 1981; x_wconf 68' lang='lat' dir='ltr'><strong>haec</strong></span> <span class='ocrx_word' id='word_1_143' title='bbox 1958 1930 2091 1984; x_wconf 89' lang='lat' dir='ltr'><strong>dicit</strong></span> 
     </span>
    </p>
   </div>
   <div class='ocr_carea' id='block_1_20' title="bbox 508 1995 2086 2078">
    <p class='ocr_par' dir='ltr' id='par_1_20' title="bbox 508 1995 2086 2078">
     <span class='ocr_line' id='line_1_20' title="bbox 508 1995 2086 2078; baseline 0.017 -30"><span class='ocrx_word' id='word_1_144' title='bbox 508 1995 774 2055; x_wconf 90' lang='lat' dir='ltr'><strong>Dominus</strong></span> <span class='ocrx_word' id='word_1_145' title='bbox 831 2002 1130 2060; x_wconf 86' lang='lat' dir='ltr'><strong>Dominus:</strong></span> <span class='ocrx_word' id='word_1_146' title='bbox 1192 2012 1595 2078; x_wconf 83' lang='lat' dir='ltr'><strong>convertimini,</strong></span> <span class='ocrx_word' id='word_1_147' title='bbox 1652 2025 1707 2069; x_wconf 87' lang='lat' dir='ltr'><strong>et</strong></span> <span class='ocrx_word' id='word_1_148' title='bbox 1777 2020 2018 2074; x_wconf 84' lang='lat' dir='ltr'><strong>recedite</strong></span> <span class='ocrx_word' id='word_1_149' title='bbox 2057 2037 2086 2076; x_wconf 94' lang='lat' dir='ltr'><strong>a</strong></span> 
     </span>
    </p>
   </div>
   <div class='ocr_carea' id='block_1_21' title="bbox 507 2089 2084 2180">
    <p class='ocr_par' dir='ltr' id='par_1_21' title="bbox 507 2089 2084 2180">
     <span class='ocr_line' id='line_1_21' title="bbox 507 2089 2084 2180; baseline 0.018 -40"><span class='ocrx_word' id='word_1_150' title='bbox 507 2089 704 2144; x_wconf 85' lang='lat' dir='ltr'><strong>studiis</strong></span> <span class='ocrx_word' id='word_1_151' title='bbox 737 2095 958 2162; x_wconf 83' lang='lat' dir='ltr'><strong>vestris,</strong></span> <span class='ocrx_word' id='word_1_152' title='bbox 987 2109 1039 2151; x_wconf 89' lang='lat' dir='ltr'><strong>et</strong></span> <span class='ocrx_word' id='word_1_153' title='bbox 1069 2099 1137 2152; x_wconf 92' lang='lat' dir='ltr'><strong>ab</strong></span> <span class='ocrx_word' id='word_1_154' title='bbox 1167 2103 1420 2159; x_wconf 90' lang='lat' dir='ltr'><strong>omnibus</strong></span> <span class='ocrx_word' id='word_1_155' title='bbox 1454 2104 1828 2175; x_wconf 90' lang='lat' dir='ltr'><strong>impietatibus</strong></span> <span class='ocrx_word' id='word_1_156' title='bbox 1867 2115 2084 2180; x_wconf 82' lang='lat' dir='ltr'><strong>vestris,</strong></span> 
     </span>
    </p>
   </div>
   <div class='ocr_carea' id='block_1_22' title="bbox 505 2186 2085 2271">
    <p class='ocr_par' dir='ltr' id='par_1_22' title="bbox 505 2186 2085 2271">
     <span class='ocr_line' id='line_1_22' title="bbox 505 2186 2085 2271; baseline 0.019 -40"><span class='ocrx_word' id='word_1_157' title='bbox 505 2192 558 2232; x_wconf 90' lang='lat' dir='ltr'><strong>et</strong></span> <span class='ocrx_word' id='word_1_158' title='bbox 589 2186 893 2241; x_wconf 90' lang='lat' dir='ltr'><strong>convertite</strong></span> <span class='ocrx_word' id='word_1_159' title='bbox 953 2187 1119 2244; x_wconf 78' lang='lat' dir='ltr'><strong>facies</strong></span> <span class='ocrx_word' id='word_1_160' title='bbox 1159 2205 1370 2249; x_wconf 90' lang='lat' dir='ltr'><strong>vestras</strong></span> <span class='ocrx_word' id='word_1_161' title='bbox 1409 2218 1479 2245; x_wconf 74' lang='grc' dir='ltr'><strong>ασο</strong></span> <span class='ocrx_word' id='word_1_162' title='bbox 1504 2200 1570 2253; x_wconf 92' lang='lat' dir='ltr'><strong>ad</strong></span> <span class='ocrx_word' id='word_1_163' title='bbox 1635 2216 1728 2264; x_wconf 88' lang='lat' dir='ltr'><strong>me</strong></span> <span class='ocrx_word' id='word_1_164' title='bbox 1763 2202 1808 2270; x_wconf 73' lang='grc' dir='ltr'>ζ.</span> <span class='ocrx_word' id='word_1_165' title='bbox 1863 2205 1913 2258; x_wconf 92' lang='grc'><strong>7.</strong></span> <span class='ocrx_word' id='word_1_166' title='bbox 1950 2204 2085 2271; x_wconf 88' lang='lat' dir='ltr'><strong>Quia</strong></span> 
     </span>
    </p>
   </div>
   <div class='ocr_carea' id='block_1_23' title="bbox 508 2272 2084 2368">
    <p class='ocr_par' dir='ltr' id='par_1_23' title="bbox 508 2272 2084 2368">
     <span class='ocr_line' id='line_1_23' title="bbox 508 2272 2084 2368; baseline 0.018 -44"><span class='ocrx_word' id='word_1_167' title='bbox 508 2272 696 2341; x_wconf 89' lang='lat' dir='ltr'><strong>homo,</strong></span> <span class='ocrx_word' id='word_1_168' title='bbox 737 2276 901 2334; x_wconf 90' lang='lat' dir='ltr'><strong>homo</strong></span> <span class='ocrx_word' id='word_1_169' title='bbox 925 2281 990 2336; x_wconf 91' lang='lat' dir='ltr'><strong>de</strong></span> <span class='ocrx_word' id='word_1_170' title='bbox 1023 2282 1188 2339; x_wconf 90' lang='lat' dir='ltr'><strong>domo</strong></span> <span class='ocrx_word' id='word_1_171' title='bbox 1226 2285 1464 2355; x_wconf 89' lang='lat' dir='ltr'><strong>Israelis,</strong></span> <span class='ocrx_word' id='word_1_172' title='bbox 1515 2301 1568 2345; x_wconf 90' lang='lat' dir='ltr'><strong>et</strong></span> <span class='ocrx_word' id='word_1_173' title='bbox 1609 2292 1676 2348; x_wconf 89' lang='lat' dir='ltr'><strong>de</strong></span> <span class='ocrx_word' id='word_1_174' title='bbox 1714 2296 1958 2363; x_wconf 82' lang='lat' dir='ltr'><strong>advenis,</strong></span> <span class='ocrx_word' id='word_1_175' title='bbox 1993 2301 2084 2368; x_wconf 90' lang='lat' dir='ltr'><strong>qui</strong></span> 
     </span>
    </p>
   </div>
   <div class='ocr_carea' id='block_1_24' title="bbox 507 2367 2087 2452">
    <p class='ocr_par' dir='ltr' id='par_1_24' title="bbox 507 2367 2087 2452">
     <span class='ocr_line' id='line_1_24' title="bbox 507 2367 2087 2452; baseline 0.016 -32"><span class='ocrx_word' id='word_1_176' title='bbox 507 2367 673 2422; x_wconf 83' lang='lat' dir='ltr'><strong>additi</strong></span> <span class='ocrx_word' id='word_1_177' title='bbox 705 2382 833 2425; x_wconf 89' lang='lat' dir='ltr'><strong>sunt</strong></span> <span class='ocrx_word' id='word_1_178' title='bbox 866 2374 919 2426; x_wconf 93' lang='lat' dir='ltr'><strong>in</strong></span> <span class='ocrx_word' id='word_1_179' title='bbox 948 2373 1165 2443; x_wconf 87' lang='lat' dir='ltr'><strong>lsracle,</strong></span> <span class='ocrx_word' id='word_1_180' title='bbox 1195 2381 1525 2452; x_wconf 83' lang='lat' dir='ltr'><strong>quicumque</strong></span> <span class='ocrx_word' id='word_1_181' title='bbox 1553 2386 1896 2445; x_wconf 89' lang='lat' dir='ltr'><strong>abalienatus</strong></span> <span class='ocrx_word' id='word_1_182' title='bbox 1922 2367 2087 2446; x_wconf 86' lang='lat' dir='ltr'><strong>fuerit</strong></span> 
     </span>
    </p>
   </div>
   <div class='ocr_carea' id='block_1_25' title="bbox 507 2466 2082 2551">
    <p class='ocr_par' dir='ltr' id='par_1_25' title="bbox 507 2466 2082 2551">
     <span class='ocr_line' id='line_1_25' title="bbox 507 2466 2082 2551; baseline 0.016 -38"><span class='ocrx_word' id='word_1_183' title='bbox 507 2477 535 2513; x_wconf 88' lang='lat' dir='ltr'><strong>a</strong></span> <span class='ocrx_word' id='word_1_184' title='bbox 565 2473 670 2523; x_wconf 89' lang='lat' dir='ltr'><strong>me,</strong></span> <span class='ocrx_word' id='word_1_185' title='bbox 697 2471 749 2514; x_wconf 91' lang='lat' dir='ltr'><strong>ct</strong></span> <span class='ocrx_word' id='word_1_186' title='bbox 773 2466 1013 2531; x_wconf 85' lang='lat' dir='ltr'><strong>posuerit</strong></span> <span class='ocrx_word' id='word_1_187' title='bbox 1044 2471 1405 2538; x_wconf 81' lang='lat' dir='ltr'><strong>cogitationes</strong></span> <span class='ocrx_word' id='word_1_188' title='bbox 1437 2491 1564 2530; x_wconf 86' lang='lat' dir='ltr'><strong>suas</strong></span> <span class='ocrx_word' id='word_1_189' title='bbox 1589 2493 1753 2546; x_wconf 91' lang='lat' dir='ltr'><strong>super</strong></span> <span class='ocrx_word' id='word_1_190' title='bbox 1773 2495 1869 2533; x_wconf 92' lang='lat' dir='ltr'><strong>cor</strong></span> <span class='ocrx_word' id='word_1_191' title='bbox 1899 2496 2082 2551; x_wconf 91' lang='lat' dir='ltr'><strong>suum,</strong></span> 
     </span>
    </p>
   </div>
   <div class='ocr_carea' id='block_1_26' title="bbox 502 2553 2083 2642">
    <p class='ocr_par' dir='ltr' id='par_1_26' title="bbox 502 2553 2083 2642">
     <span class='ocr_line' id='line_1_26' title="bbox 502 2553 2083 2642; baseline 0.02 -43"><span class='ocrx_word' id='word_1_192' title='bbox 502 2556 556 2600; x_wconf 90' lang='lat' dir='ltr'><strong>ct</strong></span> <span class='ocrx_word' id='word_1_193' title='bbox 590 2564 791 2616; x_wconf 87' lang='lat' dir='ltr'><strong>ponere</strong></span> <span class='ocrx_word' id='word_1_194' title='bbox 829 2553 880 2606; x_wconf 91' lang='lat' dir='ltr'><strong>in</strong></span> <span class='ocrx_word' id='word_1_195' title='bbox 914 2569 1077 2625; x_wconf 90' lang='lat' dir='ltr'><strong>caput</strong></span> <span class='ocrx_word' id='word_1_196' title='bbox 1113 2559 1172 2630; x_wconf 89' lang='lat' dir='ltr'><strong>(i.</strong></span> <span class='ocrx_word' id='word_1_197' title='bbox 1203 2576 1252 2615; x_wconf 91' lang='lat' dir='ltr'><strong>e.</strong></span> <span class='ocrx_word' id='word_1_198' title='bbox 1286 2565 1553 2620; x_wconf 80' lang='lat' dir='ltr'><strong>attrahere</strong></span> <span class='ocrx_word' id='word_1_199' title='bbox 1593 2571 1824 2642; x_wconf 77' lang='lat' dir='ltr'><strong>pomum)</strong></span> <span class='ocrx_word' id='word_1_200' title='bbox 1851 2572 2083 2642; x_wconf 71' lang='lat' dir='ltr'><strong>justitia:</strong></span> 
     </span>
    </p>
   </div>
   <div class='ocr_carea' id='block_1_27' title="bbox 502 2643 2082 2726">
    <p class='ocr_par' dir='ltr' id='par_1_27' title="bbox 502 2643 2082 2726">
     <span class='ocr_line' id='line_1_27' title="bbox 502 2643 2082 2726; baseline 0.02 -36"><span class='ocrx_word' id='word_1_201' title='bbox 502 2652 614 2693; x_wconf 60' lang='lat' dir='ltr'><strong>suae</strong></span> <span class='ocrx_word' id='word_1_202' title='bbox 673 2643 1006 2703; x_wconf 87' lang='lat' dir='ltr'><strong>ordinaverit</strong></span> <span class='ocrx_word' id='word_1_203' title='bbox 1039 2665 1221 2706; x_wconf 90' lang='lat' dir='ltr'><strong>coram</strong></span> <span class='ocrx_word' id='word_1_204' title='bbox 1293 2654 1433 2713; x_wconf 84' lang='lat' dir='ltr'><strong>facie</strong></span> <span class='ocrx_word' id='word_1_205' title='bbox 1477 2675 1597 2726; x_wconf 91' lang='lat' dir='ltr'><strong>sna,</strong></span> <span class='ocrx_word' id='word_1_206' title='bbox 1661 2672 1716 2715; x_wconf 88' lang='lat' dir='ltr'><strong>et</strong></span> <span class='ocrx_word' id='word_1_207' title='bbox 1754 2665 1963 2719; x_wconf 81' lang='lat' dir='ltr'><strong>venerit</strong></span> <span class='ocrx_word' id='word_1_208' title='bbox 2015 2667 2082 2721; x_wconf 91' lang='lat' dir='ltr'><strong>ad</strong></span> 
     </span>
    </p>
   </div>
   <div class='ocr_carea' id='block_1_28' title="bbox 503 2733 2084 2828">
    <p class='ocr_par' dir='ltr' id='par_1_28' title="bbox 503 2733 2084 2828">
     <span class='ocr_line' id='line_1_28' title="bbox 503 2733 2084 2828; baseline 0.022 -47"><span class='ocrx_word' id='word_1_209' title='bbox 503 2733 845 2802; x_wconf 84' lang='lat' dir='ltr'><strong>prophetam,</strong></span> <span class='ocrx_word' id='word_1_210' title='bbox 888 2739 954 2793; x_wconf 88' lang='lat' dir='ltr'><strong>ad</strong></span> <span class='ocrx_word' id='word_1_211' title='bbox 989 2741 1440 2816; x_wconf 85' lang='lat' dir='ltr'><strong>interrogandum</strong></span> <span class='ocrx_word' id='word_1_212' title='bbox 1471 2765 1594 2805; x_wconf 90' lang='lat' dir='ltr'><strong>eum</strong></span> <span class='ocrx_word' id='word_1_213' title='bbox 1623 2753 1676 2807; x_wconf 88' lang='lat' dir='ltr'><strong>in</strong></span> <span class='ocrx_word' id='word_1_214' title='bbox 1714 2771 1819 2820; x_wconf 89' lang='lat' dir='ltr'><strong>me,</strong></span> <span class='ocrx_word' id='word_1_215' title='bbox 1851 2757 1945 2828; x_wconf 88' lang='lat' dir='ltr'><strong>(m)</strong></span> <span class='ocrx_word' id='word_1_216' title='bbox 1983 2774 2084 2828; x_wconf 83' lang='lat' dir='ltr'><strong>ego</strong></span> 
     </span>
    </p>
   </div>
   <div class='ocr_carea' id='block_1_29' title="bbox 506 2823 2078 2918">
    <p class='ocr_par' dir='ltr' id='par_1_29' title="bbox 506 2823 2078 2918">
     <span class='ocr_line' id='line_1_29' title="bbox 506 2823 2078 2918; baseline 0.02 -44"><span class='ocrx_word' id='word_1_217' title='bbox 506 2823 770 2881; x_wconf 90' lang='lat' dir='ltr'><strong>Dominus</strong></span> <span class='ocrx_word' id='word_1_218' title='bbox 796 2833 1141 2900; x_wconf 89' lang='lat' dir='ltr'><strong>respondebo</strong></span> <span class='ocrx_word' id='word_1_219' title='bbox 1171 2838 1219 2891; x_wconf 88' lang='lat' dir='ltr'><strong>ei</strong></span> <span class='ocrx_word' id='word_1_220' title='bbox 1261 2839 1314 2892; x_wconf 92' lang='lat' dir='ltr'><strong>in</strong></span> <span class='ocrx_word' id='word_1_221' title='bbox 1347 2855 1412 2896; x_wconf 89' lang='lat' dir='ltr'><strong>eo</strong></span> <span class='ocrx_word' id='word_1_222' title='bbox 1445 2858 1555 2912; x_wconf 93' lang='lat' dir='ltr'><strong>quo</strong></span> <span class='ocrx_word' id='word_1_223' title='bbox 1588 2855 1802 2900; x_wconf 92' lang='lat' dir='ltr'><strong>tenetur</strong></span> <span class='ocrx_word' id='word_1_224' title='bbox 1840 2823 1892 2901; x_wconf 88' lang='lat' dir='ltr'><strong>in</strong></span> <span class='ocrx_word' id='word_1_225' title='bbox 1942 2850 2078 2918; x_wconf 91' lang='lat' dir='ltr'><strong>ipso.</strong></span> 
     </span>
    </p>
   </div>
   <div class='ocr_carea' id='block_1_30' title="bbox 501 2911 2080 3004">
    <p class='ocr_par' dir='ltr' id='par_1_30' title="bbox 501 2911 2080 3004">
     <span class='ocr_line' id='line_1_30' title="bbox 501 2911 2080 3004; baseline 0.019 -39"><span class='ocrx_word' id='word_1_226' title='bbox 501 2911 558 3004; x_wconf 63' lang='lat' dir='ltr'><strong>S.</strong></span> <span class='ocrx_word' id='word_1_227' title='bbox 612 2912 678 2968; x_wconf 85' lang='lat' dir='ltr'><strong>Et</strong></span> <span class='ocrx_word' id='word_1_228' title='bbox 703 2917 1010 2976; x_wconf 90' lang='lat' dir='ltr'><strong>obﬁrmabo</strong></span> <span class='ocrx_word' id='word_1_229' title='bbox 1040 2923 1236 2982; x_wconf 82' lang='lat' dir='ltr'><strong>faciem</strong></span> <span class='ocrx_word' id='word_1_230' title='bbox 1265 2945 1443 2986; x_wconf 90' lang='lat' dir='ltr'><strong>meam</strong></span> <span class='ocrx_word' id='word_1_231' title='bbox 1464 2911 1657 3004; x_wconf 18' lang='lat' dir='ltr'><strong>isupcr</strong></span> <span class='ocrx_word' id='word_1_232' title='bbox 1702 2911 1980 2993; x_wconf 80' lang='lat' dir='ltr'><strong>hominem</strong></span> <span class='ocrx_word' id='word_1_233' title='bbox 2013 2941 2080 2994; x_wconf 85' lang='lat' dir='ltr'><strong>il-</strong></span> 
     </span>
    </p>
   </div>
   <div class='ocr_carea' id='block_1_31' title="bbox 501 3001 2079 3094">
    <p class='ocr_par' dir='ltr' id='par_1_31' title="bbox 501 3001 2079 3094">
     <span class='ocr_line' id='line_1_31' title="bbox 501 3001 2079 3094; baseline 0.021 -39"><span class='ocrx_word' id='word_1_234' title='bbox 501 3001 636 3069; x_wconf 89' lang='lat' dir='ltr'><strong>lum,</strong></span> <span class='ocrx_word' id='word_1_235' title='bbox 667 3006 742 3079; x_wconf 84' lang='grc' dir='ltr'><strong>(η)</strong></span> <span class='ocrx_word' id='word_1_236' title='bbox 792 3019 844 3065; x_wconf 88' lang='lat' dir='ltr'><strong>et</strong></span> <span class='ocrx_word' id='word_1_237' title='bbox 877 3029 1072 3082; x_wconf 90' lang='lat' dir='ltr'><strong>ponam</strong></span> <span class='ocrx_word' id='word_1_238' title='bbox 1115 3033 1238 3074; x_wconf 91' lang='lat' dir='ltr'><strong>eum</strong></span> <span class='ocrx_word' id='word_1_239' title='bbox 1283 3022 1358 3094; x_wconf 90' lang='grc' dir='ltr'><strong>(ο)</strong></span> <span class='ocrx_word' id='word_1_240' title='bbox 1394 3024 1447 3078; x_wconf 92' lang='lat' dir='ltr'><strong>in</strong></span> <span class='ocrx_word' id='word_1_241' title='bbox 1499 3001 1798 3094; x_wconf 80' lang='lat' dir='ltr'><strong>desertum,</strong></span> <span class='ocrx_word' id='word_1_242' title='bbox 1841 3052 1913 3079; x_wconf 73' lang='lat' dir='ltr'><strong>om</strong></span> <span class='ocrx_word' id='word_1_243' title='bbox 1941 3040 1996 3087; x_wconf 89' lang='lat' dir='ltr'><strong>et</strong></span> <span class='ocrx_word' id='word_1_244' title='bbox 2026 3032 2079 3088; x_wconf 92' lang='lat' dir='ltr'><strong>in</strong></span> 
     </span>
    </p>
   </div>
   <div class='ocr_carea' id='block_1_32' title="bbox 499 3101 2078 3193">
    <p class='ocr_par' dir='ltr' id='par_1_32' title="bbox 499 3101 2078 3193">
     <span class='ocr_line' id='line_1_32' title="bbox 499 3101 2078 3193; baseline 0.018 -43"><span class='ocrx_word' id='word_1_245' title='bbox 499 3101 909 3167; x_wconf 84' lang='lat' dir='ltr'><strong>corruptionem</strong></span> <span class='ocrx_word' id='word_1_246' title='bbox 964 3106 1012 3174; x_wconf 74' lang='grc' dir='ltr'>ζ,</span> <span class='ocrx_word' id='word_1_247' title='bbox 1053 3119 1106 3162; x_wconf 94' lang='lat' dir='ltr'><strong>et</strong></span> <span class='ocrx_word' id='word_1_248' title='bbox 1151 3113 1340 3193; x_wconf 12' lang='lat' dir='ltr'><strong>tollam,</strong></span> <span class='ocrx_word' id='word_1_249' title='bbox 1383 3131 1506 3170; x_wconf 92' lang='lat' dir='ltr'><strong>eum</strong></span> <span class='ocrx_word' id='word_1_250' title='bbox 1558 3117 1625 3172; x_wconf 92' lang='lat' dir='ltr'><strong>dc</strong></span> <span class='ocrx_word' id='word_1_251' title='bbox 1675 3121 1857 3175; x_wconf 90' lang='lat' dir='ltr'><strong>medio</strong></span> <span class='ocrx_word' id='word_1_252' title='bbox 1895 3125 2078 3193; x_wconf 86' lang='lat' dir='ltr'><strong>populi</strong></span> 
     </span>
    </p>
   </div>
   <div class='ocr_carea' id='block_1_33' title="bbox 2199 638 3783 710">
    <p class='ocr_par' dir='ltr' id='par_1_33' title="bbox 2199 638 3783 710">
     <span class='ocr_line' id='line_1_33' title="bbox 2199 638 3783 710; baseline 0.004 -19"><span class='ocrx_word' id='word_1_253' title='bbox 2199 638 2299 691; x_wconf 89' lang='lat' dir='ltr'><strong>soli</strong></span> <span class='ocrx_word' id='word_1_254' title='bbox 2327 639 2711 704; x_wconf 88' lang='lat' dir='ltr'><strong>servabuntur,</strong></span> <span class='ocrx_word' id='word_1_255' title='bbox 2747 648 2887 694; x_wconf 88' lang='lat' dir='ltr'><strong>terra</strong></span> <span class='ocrx_word' id='word_1_256' title='bbox 2923 650 3103 696; x_wconf 88' lang='lat' dir='ltr'><strong>autem</strong></span> <span class='ocrx_word' id='word_1_257' title='bbox 3151 643 3254 696; x_wconf 89' lang='lat' dir='ltr'><strong>erit</strong></span> <span class='ocrx_word' id='word_1_258' title='bbox 3290 641 3345 696; x_wconf 92' lang='lat' dir='ltr'><strong>in</strong></span> <span class='ocrx_word' id='word_1_259' title='bbox 3391 640 3783 710; x_wconf 87' lang='lat' dir='ltr'><strong>perditionem.</strong></span> 
     </span>
    </p>
   </div>
   <div class='ocr_carea' id='block_1_34' title="bbox 2201 731 3784 807">
    <p class='ocr_par' dir='ltr' id='par_1_34' title="bbox 2201 731 3784 807">
     <span class='ocr_line' id='line_1_34' title="bbox 2201 731 3784 807; baseline 0.006 -25"><span class='ocrx_word' id='word_1_260' title='bbox 2201 731 2286 783; x_wconf 90' lang='grc'><strong>17.</strong></span> <span class='ocrx_word' id='word_1_261' title='bbox 2313 732 2421 786; x_wconf 82' lang='lat' dir='ltr'><strong>Aut</strong></span> <span class='ocrx_word' id='word_1_262' title='bbox 2447 735 2493 786; x_wconf 90' lang='lat' dir='ltr'><strong>si</strong></span> <span class='ocrx_word' id='word_1_263' title='bbox 2527 731 2596 803; x_wconf 72' lang='grc' dir='ltr'><strong>(δ)</strong></span> <span class='ocrx_word' id='word_1_264' title='bbox 2619 733 2784 787; x_wconf 90' lang='lat' dir='ltr'><strong>etiam</strong></span> <span class='ocrx_word' id='word_1_265' title='bbox 2815 735 3052 804; x_wconf 84' lang='lat' dir='ltr'><strong>gladium</strong></span> <span class='ocrx_word' id='word_1_266' title='bbox 3098 736 3351 791; x_wconf 86' lang='lat' dir='ltr'><strong>inducam</strong></span> <span class='ocrx_word' id='word_1_267' title='bbox 3381 752 3547 807; x_wconf 90' lang='lat' dir='ltr'><strong>super</strong></span> <span class='ocrx_word' id='word_1_268' title='bbox 3576 745 3784 791; x_wconf 89' lang='lat' dir='ltr'><strong>terram</strong></span> 
     </span>
    </p>
   </div>
   <div class='ocr_carea' id='block_1_35' title="bbox 2199 821 3774 898">
    <p class='ocr_par' dir='ltr' id='par_1_35' title="bbox 2199 821 3774 898">
     <span class='ocr_line' id='line_1_35' title="bbox 2199 821 3774 898; baseline 0.006 -25"><span class='ocrx_word' id='word_1_269' title='bbox 2199 821 2433 885; x_wconf 90' lang='lat' dir='ltr'><strong>illam,et</strong></span> <span class='ocrx_word' id='word_1_270' title='bbox 2461 823 2638 878; x_wconf 91' lang='lat' dir='ltr'><strong>dicam</strong></span> <span class='ocrx_word' id='word_1_271' title='bbox 2663 843 2676 879; x_wconf 87' lang='lat'><strong>:</strong></span> <span class='ocrx_word' id='word_1_272' title='bbox 2701 823 2922 882; x_wconf 88' lang='lat' dir='ltr'><strong>Gladius</strong></span> <span class='ocrx_word' id='word_1_273' title='bbox 2950 835 3193 882; x_wconf 88' lang='lat' dir='ltr'><strong>transeat</strong></span> <span class='ocrx_word' id='word_1_274' title='bbox 3223 845 3318 898; x_wconf 86' lang='lat' dir='ltr'><strong>per</strong></span> <span class='ocrx_word' id='word_1_275' title='bbox 3346 838 3571 892; x_wconf 90' lang='lat' dir='ltr'><strong>terram,</strong></span> <span class='ocrx_word' id='word_1_276' title='bbox 3598 841 3650 884; x_wconf 89' lang='lat' dir='ltr'><strong>et</strong></span> <span class='ocrx_word' id='word_1_277' title='bbox 3672 829 3774 883; x_wconf 81' lang='lat' dir='ltr'><strong>tol-</strong></span> 
     </span>
    </p>
   </div>
   <div class='ocr_carea' id='block_1_36' title="bbox 2199 912 3779 988">
    <p class='ocr_par' dir='ltr' id='par_1_36' title="bbox 2199 912 3779 988">
     <span class='ocr_line' id='line_1_36' title="bbox 2199 912 3779 988; baseline 0.006 -22"><span class='ocrx_word' id='word_1_278' title='bbox 2199 912 2305 966; x_wconf 89' lang='lat' dir='ltr'><strong>lam</strong></span> <span class='ocrx_word' id='word_1_279' title='bbox 2341 915 2408 969; x_wconf 92' lang='lat' dir='ltr'><strong>de</strong></span> <span class='ocrx_word' id='word_1_280' title='bbox 2433 931 2495 970; x_wconf 91' lang='lat' dir='ltr'><strong>ea</strong></span> <span class='ocrx_word' id='word_1_281' title='bbox 2528 916 2804 970; x_wconf 89' lang='lat' dir='ltr'><strong>hominem</strong></span> <span class='ocrx_word' id='word_1_282' title='bbox 2841 918 3242 988; x_wconf 88' lang='lat' dir='ltr'><strong>etjumcntum.</strong></span> <span class='ocrx_word' id='word_1_283' title='bbox 3281 922 3365 976; x_wconf 86' lang='grc'><strong>18.</strong></span> <span class='ocrx_word' id='word_1_284' title='bbox 3393 920 3481 975; x_wconf 73' lang='lat' dir='ltr'><strong>&#39;Et</strong></span> <span class='ocrx_word' id='word_1_285' title='bbox 3519 931 3632 976; x_wconf 93' lang='lat' dir='ltr'><strong>tres</strong></span> <span class='ocrx_word' id='word_1_286' title='bbox 3675 922 3779 976; x_wconf 93' lang='lat' dir='ltr'><strong>viri</strong></span> 
     </span>
    </p>
   </div>
   <div class='ocr_carea' id='block_1_37' title="bbox 2199 1005 3779 1083">
    <p class='ocr_par' dir='ltr' id='par_1_37' title="bbox 2199 1005 3779 1083">
     <span class='ocr_line' id='line_1_37' title="bbox 2199 1005 3779 1083; baseline 0.006 -25"><span class='ocrx_word' id='word_1_287' title='bbox 2199 1005 2287 1058; x_wconf 90' lang='lat' dir='ltr'><strong>isti</strong></span> <span class='ocrx_word' id='word_1_288' title='bbox 2332 1006 2385 1060; x_wconf 94' lang='lat' dir='ltr'><strong>in</strong></span> <span class='ocrx_word' id='word_1_289' title='bbox 2429 1009 2609 1062; x_wconf 92' lang='lat' dir='ltr'><strong>medio</strong></span> <span class='ocrx_word' id='word_1_290' title='bbox 2656 1009 2778 1078; x_wconf 85' lang='lat' dir='ltr'><strong>ejus</strong></span> <span class='ocrx_word' id='word_1_291' title='bbox 2821 1009 3041 1076; x_wconf 82' lang='lat' dir='ltr'><strong>fuerint,</strong></span> <span class='ocrx_word' id='word_1_292' title='bbox 3073 1014 3200 1066; x_wconf 90' lang='lat' dir='ltr'><strong>vivo</strong></span> <span class='ocrx_word' id='word_1_293' title='bbox 3249 1028 3367 1083; x_wconf 90' lang='lat' dir='ltr'><strong>ego,</strong></span> <span class='ocrx_word' id='word_1_294' title='bbox 3400 1014 3532 1068; x_wconf 89' lang='lat' dir='ltr'><strong>dicit</strong></span> <span class='ocrx_word' id='word_1_295' title='bbox 3564 1014 3779 1069; x_wconf 85' lang='lat' dir='ltr'><strong>Adouai</strong></span> 
     </span>
    </p>
   </div>
   <div class='ocr_carea' id='block_1_38' title="bbox 2200 1097 3776 1175">
    <p class='ocr_par' dir='ltr' id='par_1_38' title="bbox 2200 1097 3776 1175">
     <span class='ocr_line' id='line_1_38' title="bbox 2200 1097 3776 1175; baseline 0.008 -25"><span class='ocrx_word' id='word_1_296' title='bbox 2200 1097 2481 1164; x_wconf 88' lang='lat' dir='ltr'><strong>Dominus,</strong></span> <span class='ocrx_word' id='word_1_297' title='bbox 2519 1117 2627 1154; x_wconf 91' lang='lat' dir='ltr'><strong>non</strong></span> <span class='ocrx_word' id='word_1_298' title='bbox 2665 1102 2974 1157; x_wconf 89' lang='lat' dir='ltr'><strong>liberabunt</strong></span> <span class='ocrx_word' id='word_1_299' title='bbox 3002 1104 3162 1170; x_wconf 90' lang='lat' dir='ltr'><strong>ﬁlios,</strong></span> <span class='ocrx_word' id='word_1_300' title='bbox 3200 1116 3292 1160; x_wconf 91' lang='lat' dir='ltr'><strong>aut</strong></span> <span class='ocrx_word' id='word_1_301' title='bbox 3321 1106 3484 1174; x_wconf 92' lang='lat' dir='ltr'><strong>ﬁlias,</strong></span> <span class='ocrx_word' id='word_1_302' title='bbox 3514 1129 3584 1156; x_wconf 69' lang='lat' dir='ltr'><strong>cm</strong></span> <span class='ocrx_word' id='word_1_303' title='bbox 3624 1108 3720 1163; x_wconf 89' lang='lat' dir='ltr'><strong>sed</strong></span> <span class='ocrx_word' id='word_1_304' title='bbox 3753 1108 3776 1175; x_wconf 71' lang='grc' dir='ltr'>ζ</span> 
     </span>
    </p>
   </div>
   <div class='ocr_carea' id='block_1_39' title="bbox 2198 1191 3779 1268">
    <p class='ocr_par' dir='ltr' id='par_1_39' title="bbox 2198 1191 3779 1268">
     <span class='ocr_line' id='line_1_39' title="bbox 2198 1191 3779 1268; baseline 0.006 -24"><span class='ocrx_word' id='word_1_305' title='bbox 2198 1191 2296 1258; x_wconf 87' lang='lat' dir='ltr'><strong>ipsi</strong></span> <span class='ocrx_word' id='word_1_306' title='bbox 2339 1193 2438 1246; x_wconf 90' lang='lat' dir='ltr'><strong>soli</strong></span> <span class='ocrx_word' id='word_1_307' title='bbox 2473 1194 2867 1250; x_wconf 84' lang='lat' dir='ltr'><strong>servabuntur.</strong></span> <span class='ocrx_word' id='word_1_308' title='bbox 2909 1196 2991 1249; x_wconf 84' lang='grc'><strong>19.</strong></span> <span class='ocrx_word' id='word_1_309' title='bbox 3028 1200 3136 1251; x_wconf 85' lang='lat' dir='ltr'><strong>Aut</strong></span> <span class='ocrx_word' id='word_1_310' title='bbox 3182 1197 3245 1267; x_wconf 83' lang='grc' dir='ltr'><strong>(ι)</strong></span> <span class='ocrx_word' id='word_1_311' title='bbox 3295 1199 3342 1252; x_wconf 91' lang='lat' dir='ltr'><strong>si</strong></span> <span class='ocrx_word' id='word_1_312' title='bbox 3371 1215 3588 1268; x_wconf 88' lang='lat' dir='ltr'><strong>quoque</strong></span> <span class='ocrx_word' id='word_1_313' title='bbox 3624 1217 3779 1253; x_wconf 88' lang='lat' dir='ltr'><strong>tuor-</strong></span> 
     </span>
    </p>
   </div>
   <div class='ocr_carea' id='block_1_40' title="bbox 2197 1269 3777 1353">
    <p class='ocr_par' dir='ltr' id='par_1_40' title="bbox 2197 1269 3777 1353">
     <span class='ocr_line' id='line_1_40' title="bbox 2197 1269 3777 1353; baseline 0.009 -22"><span class='ocrx_word' id='word_1_314' title='bbox 2197 1288 2303 1332; x_wconf 85' lang='lat' dir='ltr'><strong>tem</strong></span> <span class='ocrx_word' id='word_1_315' title='bbox 2359 1280 2646 1336; x_wconf 89' lang='lat' dir='ltr'><strong>immittam</strong></span> <span class='ocrx_word' id='word_1_316' title='bbox 2682 1300 2847 1353; x_wconf 89' lang='lat' dir='ltr'><strong>super</strong></span> <span class='ocrx_word' id='word_1_317' title='bbox 2905 1269 3106 1340; x_wconf 75' lang='lat' dir='ltr'><strong>terrain</strong></span> <span class='ocrx_word' id='word_1_318' title='bbox 3155 1289 3338 1352; x_wconf 84' lang='lat' dir='ltr'><strong>illam,</strong></span> <span class='ocrx_word' id='word_1_319' title='bbox 3392 1299 3445 1342; x_wconf 89' lang='lat' dir='ltr'><strong>et</strong></span> <span class='ocrx_word' id='word_1_320' title='bbox 3499 1288 3777 1345; x_wconf 82' lang='lat' dir='ltr'><strong>effundam</strong></span> 
     </span>
    </p>
   </div>
   <div class='ocr_carea' id='block_1_41' title="bbox 2197 1369 3778 1449">
    <p class='ocr_par' dir='ltr' id='par_1_41' title="bbox 2197 1369 3778 1449">
     <span class='ocr_line' id='line_1_41' title="bbox 2197 1369 3778 1449; baseline 0.009 -27"><span class='ocrx_word' id='word_1_321' title='bbox 2197 1369 2436 1425; x_wconf 88' lang='lat' dir='ltr'><strong>furorem</strong></span> <span class='ocrx_word' id='word_1_322' title='bbox 2482 1389 2660 1427; x_wconf 88' lang='lat' dir='ltr'><strong>tneum</strong></span> <span class='ocrx_word' id='word_1_323' title='bbox 2695 1391 2858 1444; x_wconf 90' lang='lat' dir='ltr'><strong>super</strong></span> <span class='ocrx_word' id='word_1_324' title='bbox 2888 1392 3006 1430; x_wconf 90' lang='lat' dir='ltr'><strong>eam</strong></span> <span class='ocrx_word' id='word_1_325' title='bbox 3057 1378 3110 1432; x_wconf 90' lang='lat' dir='ltr'><strong>in</strong></span> <span class='ocrx_word' id='word_1_326' title='bbox 3166 1381 3454 1449; x_wconf 89' lang='lat' dir='ltr'><strong>sanguine,</strong></span> <span class='ocrx_word' id='word_1_327' title='bbox 3486 1381 3552 1434; x_wconf 90' lang='lat' dir='ltr'><strong>ad</strong></span> <span class='ocrx_word' id='word_1_328' title='bbox 3588 1382 3778 1436; x_wconf 88' lang='lat' dir='ltr'><strong>delen-</strong></span> 
     </span>
    </p>
   </div>
   <div class='ocr_carea' id='block_1_42' title="bbox 2194 1462 3779 1538">
    <p class='ocr_par' dir='ltr' id='par_1_42' title="bbox 2194 1462 3779 1538">
     <span class='ocr_line' id='line_1_42' title="bbox 2194 1462 3779 1538; baseline 0.009 -24"><span class='ocrx_word' id='word_1_329' title='bbox 2194 1462 2323 1515; x_wconf 92' lang='lat' dir='ltr'><strong>dum</strong></span> <span class='ocrx_word' id='word_1_330' title='bbox 2365 1479 2429 1517; x_wconf 83' lang='lat' dir='ltr'><strong>ex</strong></span> <span class='ocrx_word' id='word_1_331' title='bbox 2461 1479 2521 1518; x_wconf 87' lang='lat' dir='ltr'><strong>ea</strong></span> <span class='ocrx_word' id='word_1_332' title='bbox 2565 1466 2844 1522; x_wconf 91' lang='lat' dir='ltr'><strong>hominem</strong></span> <span class='ocrx_word' id='word_1_333' title='bbox 2880 1477 2933 1521; x_wconf 91' lang='lat' dir='ltr'><strong>et</strong></span> <span class='ocrx_word' id='word_1_334' title='bbox 2959 1468 3298 1538; x_wconf 92' lang='lat' dir='ltr'><strong>jumcutum,</strong></span> <span class='ocrx_word' id='word_1_335' title='bbox 3323 1470 3414 1524; x_wconf 73' lang='lat'><strong>20.</strong></span> <span class='ocrx_word' id='word_1_336' title='bbox 3448 1480 3499 1525; x_wconf 92' lang='lat' dir='ltr'><strong>et</strong></span> <span class='ocrx_word' id='word_1_337' title='bbox 3530 1472 3662 1537; x_wconf 83' lang='lat' dir='ltr'><strong>Noe,</strong></span> <span class='ocrx_word' id='word_1_338' title='bbox 3723 1483 3779 1529; x_wconf 91' lang='lat' dir='ltr'><strong>et</strong></span> 
     </span>
    </p>
   </div>
   <div class='ocr_carea' id='block_1_43' title="bbox 2196 1555 3774 1632">
    <p class='ocr_par' dir='ltr' id='par_1_43' title="bbox 2196 1555 3774 1632">
     <span class='ocr_line' id='line_1_43' title="bbox 2196 1555 3774 1632; baseline 0.009 -26"><span class='ocrx_word' id='word_1_339' title='bbox 2196 1555 2402 1619; x_wconf 89' lang='lat' dir='ltr'><strong>Daniel,</strong></span> <span class='ocrx_word' id='word_1_340' title='bbox 2436 1567 2487 1610; x_wconf 85' lang='lat' dir='ltr'><strong>et</strong></span> <span class='ocrx_word' id='word_1_341' title='bbox 2517 1556 2618 1611; x_wconf 90' lang='lat' dir='ltr'><strong>Job</strong></span> <span class='ocrx_word' id='word_1_342' title='bbox 2643 1557 2693 1610; x_wconf 95' lang='lat' dir='ltr'><strong>in</strong></span> <span class='ocrx_word' id='word_1_343' title='bbox 2725 1559 2904 1614; x_wconf 91' lang='lat' dir='ltr'><strong>medio</strong></span> <span class='ocrx_word' id='word_1_344' title='bbox 2938 1561 3220 1628; x_wconf 88' lang='lat' dir='ltr'><strong>cjus,vivo</strong></span> <span class='ocrx_word' id='word_1_345' title='bbox 3250 1577 3374 1632; x_wconf 88' lang='lat' dir='ltr'><strong>ego,</strong></span> <span class='ocrx_word' id='word_1_346' title='bbox 3407 1563 3535 1618; x_wconf 89' lang='lat' dir='ltr'><strong>dicit</strong></span> <span class='ocrx_word' id='word_1_347' title='bbox 3562 1565 3774 1620; x_wconf 88' lang='lat' dir='ltr'><strong>Adouai</strong></span> 
     </span>
    </p>
   </div>
   <div class='ocr_carea' id='block_1_44' title="bbox 2197 1638 3771 1721">
    <p class='ocr_par' dir='ltr' id='par_1_44' title="bbox 2197 1638 3771 1721">
     <span class='ocr_line' id='line_1_44' title="bbox 2197 1638 3771 1721; baseline 0.011 -29"><span class='ocrx_word' id='word_1_348' title='bbox 2197 1638 2481 1708; x_wconf 89' lang='lat' dir='ltr'><strong>Dominus,</strong></span> <span class='ocrx_word' id='word_1_349' title='bbox 2519 1645 2564 1697; x_wconf 92' lang='lat' dir='ltr'><strong>si</strong></span> <span class='ocrx_word' id='word_1_350' title='bbox 2621 1645 2738 1707; x_wconf 92' lang='lat' dir='ltr'><strong>ﬁlii,</strong></span> <span class='ocrx_word' id='word_1_351' title='bbox 2794 1656 2890 1700; x_wconf 89' lang='lat' dir='ltr'><strong>aut</strong></span> <span class='ocrx_word' id='word_1_352' title='bbox 2945 1647 3068 1703; x_wconf 88' lang='lat' dir='ltr'><strong>ﬁliae</strong></span> <span class='ocrx_word' id='word_1_353' title='bbox 3127 1649 3524 1720; x_wconf 83' lang='lat' dir='ltr'><strong>relinquentur,</strong></span> <span class='ocrx_word' id='word_1_354' title='bbox 3578 1654 3678 1721; x_wconf 88' lang='lat' dir='ltr'><strong>ipsi</strong></span> <span class='ocrx_word' id='word_1_355' title='bbox 3719 1656 3771 1710; x_wconf 90' lang='lat' dir='ltr'><strong>in</strong></span> 
     </span>
    </p>
   </div>
   <div class='ocr_carea' id='block_1_45' title="bbox 2189 1731 3769 1803">
    <p class='ocr_par' dir='ltr' id='par_1_45' title="bbox 2189 1731 3769 1803">
     <span class='ocr_line' id='line_1_45' title="bbox 2189 1731 3769 1803; baseline 0.011 -20"><span class='ocrx_word' id='word_1_356' title='bbox 2189 1731 2409 1800; x_wconf 87' lang='lat' dir='ltr'><strong>justitia</strong></span> <span class='ocrx_word' id='word_1_357' title='bbox 2450 1751 2546 1789; x_wconf 87' lang='lat' dir='ltr'><strong>sua</strong></span> <span class='ocrx_word' id='word_1_358' title='bbox 2588 1737 2896 1793; x_wconf 88' lang='lat' dir='ltr'><strong>liberabunt</strong></span> <span class='ocrx_word' id='word_1_359' title='bbox 2929 1741 3142 1795; x_wconf 90' lang='lat' dir='ltr'><strong>animas</strong></span> <span class='ocrx_word' id='word_1_360' title='bbox 3175 1758 3323 1797; x_wconf 89' lang='lat' dir='ltr'><strong>suas.</strong></span> <span class='ocrx_word' id='word_1_361' title='bbox 3358 1742 3448 1796; x_wconf 74' lang='grc'>2-1.</span> <span class='ocrx_word' id='word_1_362' title='bbox 3486 1743 3606 1800; x_wconf 65' lang='grc' dir='ltr'><strong>ΙΙωο</strong></span> <span class='ocrx_word' id='word_1_363' title='bbox 3637 1746 3769 1803; x_wconf 88' lang='lat' dir='ltr'><strong>dicit</strong></span> 
     </span>
    </p>
   </div>
   <div class='ocr_carea' id='block_1_46' title="bbox 2193 1824 3768 1902">
    <p class='ocr_par' dir='ltr' id='par_1_46' title="bbox 2193 1824 3768 1902">
     <span class='ocr_line' id='line_1_46' title="bbox 2193 1824 3768 1902; baseline 0.011 -28"><span class='ocrx_word' id='word_1_364' title='bbox 2193 1824 2403 1877; x_wconf 89' lang='lat' dir='ltr'><strong>Adouai</strong></span> <span class='ocrx_word' id='word_1_365' title='bbox 2453 1825 2714 1883; x_wconf 89' lang='lat' dir='ltr'><strong>Dominus</strong></span> <span class='ocrx_word' id='word_1_366' title='bbox 2753 1845 2766 1884; x_wconf 92' lang='lat'>:</span> <span class='ocrx_word' id='word_1_367' title='bbox 2803 1829 2859 1884; x_wconf 91' lang='lat' dir='ltr'><strong>Si</strong></span> <span class='ocrx_word' id='word_1_368' title='bbox 2892 1841 3098 1885; x_wconf 82' lang='lat' dir='ltr'><strong>autem</strong></span> <span class='ocrx_word' id='word_1_369' title='bbox 3135 1843 3187 1886; x_wconf 90' lang='lat' dir='ltr'><strong>ct</strong></span> <span class='ocrx_word' id='word_1_370' title='bbox 3257 1845 3496 1902; x_wconf 88' lang='lat' dir='ltr'><strong>quatuor</strong></span> <span class='ocrx_word' id='word_1_371' title='bbox 3537 1837 3768 1892; x_wconf 88' lang='lat' dir='ltr'><strong>ultiones</strong></span> 
     </span>
    </p>
   </div>
   <div class='ocr_carea' id='block_1_47' title="bbox 2196 1917 3770 1992">
    <p class='ocr_par' dir='ltr' id='par_1_47' title="bbox 2196 1917 3770 1992">
     <span class='ocr_line' id='line_1_47' title="bbox 2196 1917 3770 1992; baseline 0.011 -28"><span class='ocrx_word' id='word_1_372' title='bbox 2196 1928 2345 1968; x_wconf 88' lang='lat' dir='ltr'><strong>meas</strong></span> <span class='ocrx_word' id='word_1_373' title='bbox 2374 1917 2567 1982; x_wconf 88' lang='lat' dir='ltr'><strong>malas,</strong></span> <span class='ocrx_word' id='word_1_374' title='bbox 2601 1918 2862 1987; x_wconf 89' lang='lat' dir='ltr'><strong>gladium,</strong></span> <span class='ocrx_word' id='word_1_375' title='bbox 2897 1930 2952 1974; x_wconf 93' lang='lat' dir='ltr'><strong>et</strong></span> <span class='ocrx_word' id='word_1_376' title='bbox 2985 1919 3206 1987; x_wconf 87' lang='lat' dir='ltr'><strong>famem,</strong></span> <span class='ocrx_word' id='word_1_377' title='bbox 3241 1935 3294 1977; x_wconf 90' lang='lat' dir='ltr'><strong>et</strong></span> <span class='ocrx_word' id='word_1_378' title='bbox 3340 1923 3545 1979; x_wconf 83' lang='lat' dir='ltr'><strong>bestias</strong></span> <span class='ocrx_word' id='word_1_379' title='bbox 3575 1928 3770 1992; x_wconf 88' lang='lat' dir='ltr'><strong>malas,</strong></span> 
     </span>
    </p>
   </div>
   <div class='ocr_carea' id='block_1_48' title="bbox 2191 2009 3762 2081">
    <p class='ocr_par' dir='ltr' id='par_1_48' title="bbox 2191 2009 3762 2081">
     <span class='ocr_line' id='line_1_48' title="bbox 2191 2009 3762 2081; baseline 0.01 -25"><span class='ocrx_word' id='word_1_380' title='bbox 2191 2013 2244 2057; x_wconf 92' lang='lat' dir='ltr'><strong>ct</strong></span> <span class='ocrx_word' id='word_1_381' title='bbox 2268 2016 2494 2060; x_wconf 91' lang='lat' dir='ltr'><strong>mortem</strong></span> <span class='ocrx_word' id='word_1_382' title='bbox 2526 2009 2806 2064; x_wconf 89' lang='lat' dir='ltr'><strong>immiscro</strong></span> <span class='ocrx_word' id='word_1_383' title='bbox 2835 2026 3000 2081; x_wconf 90' lang='lat' dir='ltr'><strong>super</strong></span> <span class='ocrx_word' id='word_1_384' title='bbox 3024 2011 3352 2078; x_wconf 85' lang='lat' dir='ltr'><strong>Jerusalem,</strong></span> <span class='ocrx_word' id='word_1_385' title='bbox 3373 2016 3438 2069; x_wconf 92' lang='lat' dir='ltr'><strong>ad</strong></span> <span class='ocrx_word' id='word_1_386' title='bbox 3464 2017 3762 2072; x_wconf 89' lang='lat' dir='ltr'><strong>delendum</strong></span> 
     </span>
    </p>
   </div>
   <div class='ocr_carea' id='block_1_49' title="bbox 2191 2096 3774 2172">
    <p class='ocr_par' dir='ltr' id='par_1_49' title="bbox 2191 2096 3774 2172">
     <span class='ocr_line' id='line_1_49' title="bbox 2191 2096 3774 2172; baseline 0.008 -25"><span class='ocrx_word' id='word_1_387' title='bbox 2191 2111 2254 2147; x_wconf 83' lang='lat' dir='ltr'><strong>ex</strong></span> <span class='ocrx_word' id='word_1_388' title='bbox 2297 2111 2358 2149; x_wconf 91' lang='lat' dir='ltr'><strong>ea</strong></span> <span class='ocrx_word' id='word_1_389' title='bbox 2401 2096 2674 2152; x_wconf 90' lang='lat' dir='ltr'><strong>hominem</strong></span> <span class='ocrx_word' id='word_1_390' title='bbox 2707 2108 2760 2153; x_wconf 87' lang='lat' dir='ltr'><strong>et</strong></span> <span class='ocrx_word' id='word_1_391' title='bbox 2782 2099 3110 2168; x_wconf 80' lang='lat' dir='ltr'><strong>jumentttrn.</strong></span> <span class='ocrx_word' id='word_1_392' title='bbox 3146 2102 3236 2156; x_wconf 71' lang='lat'><strong>2&#39;2.</strong></span> <span class='ocrx_word' id='word_1_393' title='bbox 3272 2107 3350 2172; x_wconf 73' lang='grc' dir='ltr'><strong>(τι)</strong></span> <span class='ocrx_word' id='word_1_394' title='bbox 3381 2103 3442 2157; x_wconf 82' lang='lat' dir='ltr'><strong>Et</strong></span> <span class='ocrx_word' id='word_1_395' title='bbox 3467 2121 3595 2160; x_wconf 90' lang='lat' dir='ltr'><strong>ecce</strong></span> <span class='ocrx_word' id='word_1_396' title='bbox 3631 2111 3774 2162; x_wconf 85' lang='lat' dir='ltr'><strong>resi-</strong></span> 
     </span>
    </p>
   </div>
   <div class='ocr_carea' id='block_1_50' title="bbox 2190 2189 3774 2264">
    <p class='ocr_par' dir='ltr' id='par_1_50' title="bbox 2190 2189 3774 2264">
     <span class='ocr_line' id='line_1_50' title="bbox 2190 2189 3774 2264; baseline 0.007 -22"><span class='ocrx_word' id='word_1_397' title='bbox 2190 2189 2283 2242; x_wconf 90' lang='lat' dir='ltr'><strong>dui</strong></span> <span class='ocrx_word' id='word_1_398' title='bbox 2327 2189 2379 2241; x_wconf 91' lang='lat' dir='ltr'><strong>in</strong></span> <span class='ocrx_word' id='word_1_399' title='bbox 2413 2203 2500 2252; x_wconf 87' lang='lat' dir='ltr'><strong>ea,</strong></span> <span class='ocrx_word' id='word_1_400' title='bbox 2535 2189 2629 2258; x_wconf 92' lang='lat' dir='ltr'><strong>qui</strong></span> <span class='ocrx_word' id='word_1_401' title='bbox 2660 2191 2860 2245; x_wconf 87' lang='lat' dir='ltr'><strong>servati</strong></span> <span class='ocrx_word' id='word_1_402' title='bbox 2895 2208 2963 2247; x_wconf 82' lang='lat' dir='ltr'><strong>ex</strong></span> <span class='ocrx_word' id='word_1_403' title='bbox 2999 2209 3082 2258; x_wconf 90' lang='lat' dir='ltr'><strong>ea,</strong></span> <span class='ocrx_word' id='word_1_404' title='bbox 3137 2195 3238 2264; x_wconf 85' lang='lat' dir='ltr'><strong>ipsi</strong></span> <span class='ocrx_word' id='word_1_405' title='bbox 3271 2196 3503 2250; x_wconf 89' lang='lat' dir='ltr'><strong>educent</strong></span> <span class='ocrx_word' id='word_1_406' title='bbox 3533 2197 3673 2252; x_wconf 92' lang='lat' dir='ltr'><strong>ﬁlios</strong></span> <span class='ocrx_word' id='word_1_407' title='bbox 3719 2206 3774 2252; x_wconf 90' lang='lat' dir='ltr'><strong>et</strong></span> 
     </span>
    </p>
   </div>
   <div class='ocr_carea' id='block_1_51' title="bbox 2189 2281 3773 2358">
    <p class='ocr_par' dir='ltr' id='par_1_51' title="bbox 2189 2281 3773 2358">
     <span class='ocr_line' id='line_1_51' title="bbox 2189 2281 3773 2358; baseline 0.008 -24"><span class='ocrx_word' id='word_1_408' title='bbox 2189 2281 2352 2345; x_wconf 89' lang='lat' dir='ltr'><strong>ﬁlias,</strong></span> <span class='ocrx_word' id='word_1_409' title='bbox 2381 2297 2506 2337; x_wconf 91' lang='lat' dir='ltr'><strong>ecce</strong></span> <span class='ocrx_word' id='word_1_410' title='bbox 2533 2283 2633 2352; x_wconf 89' lang='lat' dir='ltr'><strong>ipsi</strong></span> <span class='ocrx_word' id='word_1_411' title='bbox 2671 2285 3020 2354; x_wconf 88' lang='lat' dir='ltr'><strong>egredientur</strong></span> <span class='ocrx_word' id='word_1_412' title='bbox 3041 2287 3107 2340; x_wconf 86' lang='lat' dir='ltr'><strong>ad</strong></span> <span class='ocrx_word' id='word_1_413' title='bbox 3141 2302 3260 2351; x_wconf 89' lang='lat' dir='ltr'><strong>vos,</strong></span> <span class='ocrx_word' id='word_1_414' title='bbox 3295 2288 3375 2358; x_wconf 66' lang='grc' dir='ltr'><strong>(π)</strong></span> <span class='ocrx_word' id='word_1_415' title='bbox 3406 2299 3459 2343; x_wconf 91' lang='lat' dir='ltr'><strong>et</strong></span> <span class='ocrx_word' id='word_1_416' title='bbox 3509 2290 3773 2347; x_wconf 85' lang='lat' dir='ltr'><strong>videbitis</strong></span> 
     </span>
    </p>
   </div>
   <div class='ocr_carea' id='block_1_52' title="bbox 2189 2376 3774 2454">
    <p class='ocr_par' dir='ltr' id='par_1_52' title="bbox 2189 2376 3774 2454">
     <span class='ocr_line' id='line_1_52' title="bbox 2189 2376 3774 2454; baseline 0.007 -26"><span class='ocrx_word' id='word_1_417' title='bbox 2189 2376 2307 2430; x_wconf 87' lang='lat' dir='ltr'><strong>vias</strong></span> <span class='ocrx_word' id='word_1_418' title='bbox 2328 2391 2541 2440; x_wconf 90' lang='lat' dir='ltr'><strong>eorum,</strong></span> <span class='ocrx_word' id='word_1_419' title='bbox 2571 2387 2625 2430; x_wconf 89' lang='lat' dir='ltr'><strong>et</strong></span> <span class='ocrx_word' id='word_1_420' title='bbox 2653 2376 2728 2447; x_wconf 70' lang='grc' dir='ltr'><strong>(ῃ)</strong></span> <span class='ocrx_word' id='word_1_421' title='bbox 2753 2379 3114 2447; x_wconf 77' lang='lat' dir='ltr'><strong>cogitationes</strong></span> <span class='ocrx_word' id='word_1_422' title='bbox 3147 2396 3362 2445; x_wconf 90' lang='lat' dir='ltr'><strong>eorum,</strong></span> <span class='ocrx_word' id='word_1_423' title='bbox 3396 2395 3450 2437; x_wconf 91' lang='lat' dir='ltr'><strong>et</strong></span> <span class='ocrx_word' id='word_1_424' title='bbox 3478 2384 3774 2454; x_wconf 62' lang='lat' dir='ltr'><strong>paenitebit</strong></span> 
     </span>
    </p>
   </div>
   <div class='ocr_carea' id='block_1_53' title="bbox 2189 2468 3772 2548">
    <p class='ocr_par' dir='ltr' id='par_1_53' title="bbox 2189 2468 3772 2548">
     <span class='ocr_line' id='line_1_53' title="bbox 2189 2468 3772 2548; baseline 0.008 -30"><span class='ocrx_word' id='word_1_425' title='bbox 2189 2482 2286 2521; x_wconf 90' lang='lat' dir='ltr'><strong>vos</strong></span> <span class='ocrx_word' id='word_1_426' title='bbox 2314 2483 2478 2536; x_wconf 90' lang='lat' dir='ltr'><strong>super</strong></span> <span class='ocrx_word' id='word_1_427' title='bbox 2517 2468 2699 2534; x_wconf 89' lang='lat' dir='ltr'><strong>malis,</strong></span> <span class='ocrx_word' id='word_1_428' title='bbox 2738 2485 2860 2538; x_wconf 69' lang='lat' dir='ltr'><strong>qua:</strong></span> <span class='ocrx_word' id='word_1_429' title='bbox 2894 2471 3081 2525; x_wconf 84' lang='lat' dir='ltr'><strong>induxi</strong></span> <span class='ocrx_word' id='word_1_430' title='bbox 3127 2487 3294 2542; x_wconf 91' lang='lat' dir='ltr'><strong>super</strong></span> <span class='ocrx_word' id='word_1_431' title='bbox 3325 2472 3655 2542; x_wconf 82' lang='lat' dir='ltr'><strong>Jerusalem,</strong></span> <span class='ocrx_word' id='word_1_432' title='bbox 3694 2478 3772 2548; x_wconf 69' lang='grc' dir='ltr'><strong>(ιτ.)</strong></span> 
     </span>
    </p>
   </div>
   <div class='ocr_carea' id='block_1_54' title="bbox 2188 2559 3773 2632">
    <p class='ocr_par' dir='ltr' id='par_1_54' title="bbox 2188 2559 3773 2632">
     <span class='ocr_line' id='line_1_54' title="bbox 2188 2559 3773 2632; baseline 0.006 -19"><span class='ocrx_word' id='word_1_433' title='bbox 2188 2559 2446 2614; x_wconf 90' lang='lat' dir='ltr'><strong>omnibus</strong></span> <span class='ocrx_word' id='word_1_434' title='bbox 2473 2561 2652 2624; x_wconf 90' lang='lat' dir='ltr'><strong>malis,</strong></span> <span class='ocrx_word' id='word_1_435' title='bbox 2688 2576 2810 2631; x_wconf 62' lang='lat' dir='ltr'><strong>quae</strong></span> <span class='ocrx_word' id='word_1_436' title='bbox 2837 2562 3026 2616; x_wconf 86' lang='lat' dir='ltr'><strong>induxi</strong></span> <span class='ocrx_word' id='word_1_437' title='bbox 3054 2578 3220 2632; x_wconf 87' lang='lat' dir='ltr'><strong>super</strong></span> <span class='ocrx_word' id='word_1_438' title='bbox 3249 2580 3390 2620; x_wconf 90' lang='lat' dir='ltr'><strong>eam.</strong></span> <span class='ocrx_word' id='word_1_439' title='bbox 3421 2566 3510 2621; x_wconf 78' lang='lat'><strong>25.</strong></span> <span class='ocrx_word' id='word_1_440' title='bbox 3544 2567 3611 2622; x_wconf 82' lang='lat' dir='ltr'><strong>Et</strong></span> <span class='ocrx_word' id='word_1_441' title='bbox 3637 2584 3773 2624; x_wconf 87' lang='lat' dir='ltr'><strong>con-</strong></span> 
     </span>
    </p>
   </div>
   <div class='ocr_carea' id='block_1_55' title="bbox 2189 2649 3764 2725">
    <p class='ocr_par' dir='ltr' id='par_1_55' title="bbox 2189 2649 3764 2725">
     <span class='ocr_line' id='line_1_55' title="bbox 2189 2649 3764 2725; baseline 0.008 -22"><span class='ocrx_word' id='word_1_442' title='bbox 2189 2649 2512 2704; x_wconf 86' lang='lat' dir='ltr'><strong>solabuntur</strong></span> <span class='ocrx_word' id='word_1_443' title='bbox 2576 2667 2706 2718; x_wconf 85' lang='lat' dir='ltr'><strong>vos,</strong></span> <span class='ocrx_word' id='word_1_444' title='bbox 2764 2653 2892 2722; x_wconf 90' lang='lat' dir='ltr'><strong>quia</strong></span> <span class='ocrx_word' id='word_1_445' title='bbox 2953 2655 3206 2710; x_wconf 80' lang='lat' dir='ltr'><strong>videbitis</strong></span> <span class='ocrx_word' id='word_1_446' title='bbox 3253 2657 3372 2712; x_wconf 88' lang='lat' dir='ltr'><strong>vias</strong></span> <span class='ocrx_word' id='word_1_447' title='bbox 3428 2674 3640 2725; x_wconf 91' lang='lat' dir='ltr'><strong>eorum,</strong></span> <span class='ocrx_word' id='word_1_448' title='bbox 3706 2673 3764 2716; x_wconf 91' lang='lat' dir='ltr'><strong>et</strong></span> 
     </span>
    </p>
   </div>
   <div class='ocr_carea' id='block_1_56' title="bbox 2187 2742 3769 2819">
    <p class='ocr_par' dir='ltr' id='par_1_56' title="bbox 2187 2742 3769 2819">
     <span class='ocr_line' id='line_1_56' title="bbox 2187 2742 3769 2819; baseline 0.008 -23"><span class='ocrx_word' id='word_1_449' title='bbox 2187 2742 2559 2812; x_wconf 88' lang='lat' dir='ltr'><strong>c0gitatioues</strong></span> <span class='ocrx_word' id='word_1_450' title='bbox 2605 2759 2819 2809; x_wconf 90' lang='lat' dir='ltr'><strong>eorum,</strong></span> <span class='ocrx_word' id='word_1_451' title='bbox 2874 2755 2926 2801; x_wconf 88' lang='lat' dir='ltr'><strong>et</strong></span> <span class='ocrx_word' id='word_1_452' title='bbox 2970 2748 3152 2804; x_wconf 90' lang='lat' dir='ltr'><strong>scietis</strong></span> <span class='ocrx_word' id='word_1_453' title='bbox 3211 2751 3357 2819; x_wconf 91' lang='lat' dir='ltr'><strong>quod</strong></span> <span class='ocrx_word' id='word_1_454' title='bbox 3418 2767 3526 2806; x_wconf 91' lang='lat' dir='ltr'><strong>non</strong></span> <span class='ocrx_word' id='word_1_455' title='bbox 3566 2752 3769 2810; x_wconf 86' lang='lat' dir='ltr'><strong>frustra</strong></span> 
     </span>
    </p>
   </div>
   <div class='ocr_carea' id='block_1_57' title="bbox 2185 2835 3766 2908">
    <p class='ocr_par' dir='ltr' id='par_1_57' title="bbox 2185 2835 3766 2908">
     <span class='ocr_line' id='line_1_57' title="bbox 2185 2835 3766 2908; baseline 0.008 -20"><span class='ocrx_word' id='word_1_456' title='bbox 2185 2835 2288 2890; x_wconf 89' lang='lat' dir='ltr'><strong>feci</strong></span> <span class='ocrx_word' id='word_1_457' title='bbox 2323 2837 2529 2903; x_wconf 88' lang='lat' dir='ltr'><strong>omnia,</strong></span> <span class='ocrx_word' id='word_1_458' title='bbox 2559 2853 2682 2908; x_wconf 78' lang='lat' dir='ltr'><strong>quae</strong></span> <span class='ocrx_word' id='word_1_459' title='bbox 2713 2838 2816 2893; x_wconf 83' lang='lat' dir='ltr'><strong>feci</strong></span> <span class='ocrx_word' id='word_1_460' title='bbox 2846 2841 2900 2893; x_wconf 90' lang='lat' dir='ltr'><strong>in</strong></span> <span class='ocrx_word' id='word_1_461' title='bbox 2935 2857 3020 2906; x_wconf 90' lang='lat' dir='ltr'><strong>ea,</strong></span> <span class='ocrx_word' id='word_1_462' title='bbox 3048 2842 3178 2896; x_wconf 89' lang='lat' dir='ltr'><strong>dicit</strong></span> <span class='ocrx_word' id='word_1_463' title='bbox 3219 2844 3430 2898; x_wconf 84' lang='lat' dir='ltr'><strong>Adouai</strong></span> <span class='ocrx_word' id='word_1_464' title='bbox 3479 2843 3766 2901; x_wconf 88' lang='lat' dir='ltr'><strong>Dominus.</strong></span> 
     </span>
    </p>
   </div>
   <div class='ocr_carea' id='block_1_58' title="bbox 2253 2929 3768 2999">
    <p class='ocr_par' dir='ltr' id='par_1_58' title="bbox 2253 2929 3768 2999">
     <span class='ocr_line' id='line_1_58' title="bbox 2253 2929 3768 2999; baseline 0.007 -16"><span class='ocrx_word' id='word_1_465' title='bbox 2253 2929 2388 2999; x_wconf 88' lang='lat' dir='ltr'><strong>Cap.</strong></span> <span class='ocrx_word' id='word_1_466' title='bbox 2429 2929 2548 2998; x_wconf 80' lang='lat' dir='ltr'><strong>XV,</strong></span> <span class='ocrx_word' id='word_1_467' title='bbox 2586 2935 2636 2986; x_wconf 94' lang='grc'><strong>1.</strong></span> <span class='ocrx_word' id='word_1_468' title='bbox 2682 2931 2746 2986; x_wconf 87' lang='lat' dir='ltr'><strong>Et</strong></span> <span class='ocrx_word' id='word_1_469' title='bbox 2796 2932 3000 2987; x_wconf 91' lang='lat' dir='ltr'><strong>factum</strong></span> <span class='ocrx_word' id='word_1_470' title='bbox 3055 2943 3140 2988; x_wconf 86' lang='lat' dir='ltr'><strong>est</strong></span> <span class='ocrx_word' id='word_1_471' title='bbox 3169 2936 3394 2990; x_wconf 89' lang='lat' dir='ltr'><strong>verbum</strong></span> <span class='ocrx_word' id='word_1_472' title='bbox 3447 2936 3662 2993; x_wconf 91' lang='lat' dir='ltr'><strong>Domini</strong></span> <span class='ocrx_word' id='word_1_473' title='bbox 3698 2940 3768 2994; x_wconf 90' lang='lat' dir='ltr'><strong>ad</strong></span> 
     </span>
    </p>
   </div>
   <div class='ocr_carea' id='block_1_59' title="bbox 2183 3023 3764 3100">
    <p class='ocr_par' dir='ltr' id='par_1_59' title="bbox 2183 3023 3764 3100">
     <span class='ocr_line' id='line_1_59' title="bbox 2183 3023 3764 3100; baseline 0.005 -24"><span class='ocrx_word' id='word_1_474' title='bbox 2183 3037 2293 3087; x_wconf 91' lang='lat' dir='ltr'><strong>me,</strong></span> <span class='ocrx_word' id='word_1_475' title='bbox 2326 3024 2514 3078; x_wconf 89' lang='lat' dir='ltr'><strong>dicens</strong></span> <span class='ocrx_word' id='word_1_476' title='bbox 2539 3042 2552 3077; x_wconf 87' lang='lat'><strong>:</strong></span> <span class='ocrx_word' id='word_1_477' title='bbox 2577 3024 2631 3077; x_wconf 75' lang='lat'><strong>‘2.</strong></span> <span class='ocrx_word' id='word_1_478' title='bbox 2671 3023 2735 3079; x_wconf 85' lang='lat' dir='ltr'><strong>Et</strong></span> <span class='ocrx_word' id='word_1_479' title='bbox 2763 3035 2842 3091; x_wconf 91' lang='lat' dir='ltr'><strong>tu,</strong></span> <span class='ocrx_word' id='word_1_480' title='bbox 2883 3025 2957 3079; x_wconf 88' lang='lat' dir='ltr'><strong>ﬁli</strong></span> <span class='ocrx_word' id='word_1_481' title='bbox 2992 3026 3251 3094; x_wconf 89' lang='lat' dir='ltr'><strong>hominis,</strong></span> <span class='ocrx_word' id='word_1_482' title='bbox 3277 3029 3408 3097; x_wconf 91' lang='lat' dir='ltr'><strong>quid</strong></span> <span class='ocrx_word' id='word_1_483' title='bbox 3440 3030 3530 3084; x_wconf 86' lang='lat' dir='ltr'><strong>ﬂet</strong></span> <span class='ocrx_word' id='word_1_484' title='bbox 3558 3031 3764 3100; x_wconf 82' lang='lat' dir='ltr'><strong>lignum</strong></span> 
     </span>
    </p>
   </div>
   <div class='ocr_carea' id='block_1_60' title="bbox 2183 3117 3764 3190">
    <p class='ocr_par' dir='ltr' id='par_1_60' title="bbox 2183 3117 3764 3190">
     <span class='ocr_line' id='line_1_60' title="bbox 2183 3117 3764 3190; baseline 0.004 -21"><span class='ocrx_word' id='word_1_485' title='bbox 2183 3117 2311 3172; x_wconf 87' lang='lat' dir='ltr'><strong>vitis</strong></span> <span class='ocrx_word' id='word_1_486' title='bbox 2337 3132 2401 3171; x_wconf 80' lang='lat' dir='ltr'><strong>ex</strong></span> <span class='ocrx_word' id='word_1_487' title='bbox 2444 3117 2699 3172; x_wconf 89' lang='lat' dir='ltr'><strong>omnibus</strong></span> <span class='ocrx_word' id='word_1_488' title='bbox 2748 3117 2912 3188; x_wconf 87' lang='lat' dir='ltr'><strong>lignis</strong></span> <span class='ocrx_word' id='word_1_489' title='bbox 2947 3117 3024 3190; x_wconf 91' lang='lat' dir='ltr'><strong>(a)</strong></span> <span class='ocrx_word' id='word_1_490' title='bbox 3065 3119 3373 3188; x_wconf 87' lang='lat' dir='ltr'><strong>palmitum,</strong></span> <span class='ocrx_word' id='word_1_491' title='bbox 3405 3121 3496 3190; x_wconf 90' lang='lat' dir='ltr'><strong>qui</strong></span> <span class='ocrx_word' id='word_1_492' title='bbox 3533 3130 3661 3176; x_wconf 88' lang='lat' dir='ltr'><strong>sunt</strong></span> <span class='ocrx_word' id='word_1_493' title='bbox 3709 3123 3764 3176; x_wconf 92' lang='lat' dir='ltr'><strong>iu</strong></span> 
     </span>
    </p>
   </div>
   <div class='ocr_carea' id='block_1_61' title="bbox 498 3190 3760 3286">
    <p class='ocr_par' dir='ltr' id='par_1_61' title="bbox 498 3190 3760 3286">
     <span class='ocr_line' id='line_1_61' title="bbox 498 3190 3760 3286; baseline 0.008 -45"><span class='ocrx_word' id='word_1_494' title='bbox 498 3190 626 3254; x_wconf 90' lang='lat' dir='ltr'><strong>mei,</strong></span> <span class='ocrx_word' id='word_1_495' title='bbox 661 3201 714 3246; x_wconf 88' lang='lat' dir='ltr'><strong>et</strong></span> <span class='ocrx_word' id='word_1_496' title='bbox 747 3203 1113 3266; x_wconf 84' lang='lat' dir='ltr'><strong>cognoscetis,</strong></span> <span class='ocrx_word' id='word_1_497' title='bbox 1144 3206 1290 3273; x_wconf 93' lang='lat' dir='ltr'><strong>quod</strong></span> <span class='ocrx_word' id='word_1_498' title='bbox 1318 3192 1419 3277; x_wconf 85' lang='lat' dir='ltr'><strong>ego</strong></span> <span class='ocrx_word' id='word_1_499' title='bbox 1455 3207 1736 3266; x_wconf 89' lang='lat' dir='ltr'><strong>Dominus.</strong></span> <span class='ocrx_word' id='word_1_500' title='bbox 1763 3213 1815 3268; x_wconf 88' lang='lat'><strong>9.</strong></span> <span class='ocrx_word' id='word_1_501' title='bbox 1854 3190 1920 3269; x_wconf 88' lang='lat' dir='ltr'><strong>Et</strong></span> <span class='ocrx_word' id='word_1_502' title='bbox 1949 3190 2078 3286; x_wconf 80' lang='lat' dir='ltr'><strong>pro-</strong></span> <span class='ocrx_word' id='word_1_503' title='bbox 2106 3228 2149 3285; x_wconf 70' lang='grc' dir='ltr'><em>ε</em></span> <span class='ocrx_word' id='word_1_504' title='bbox 2183 3209 2343 3279; x_wconf 90' lang='lat' dir='ltr'><strong>lignis</strong></span> <span class='ocrx_word' id='word_1_505' title='bbox 2373 3210 2569 3264; x_wconf 80' lang='lat' dir='ltr'><strong>silvae?</strong></span> <span class='ocrx_word' id='word_1_506' title='bbox 2596 3211 2650 3265; x_wconf 86' lang='grc'><strong>5.</strong></span> <span class='ocrx_word' id='word_1_507' title='bbox 2685 3209 2740 3264; x_wconf 92' lang='lat' dir='ltr'><strong>Si</strong></span> <span class='ocrx_word' id='word_1_508' title='bbox 2770 3220 2990 3266; x_wconf 89' lang='lat' dir='ltr'><strong>sument</strong></span> <span class='ocrx_word' id='word_1_509' title='bbox 3025 3211 3093 3266; x_wconf 89' lang='lat' dir='ltr'><strong>de</strong></span> <span class='ocrx_word' id='word_1_510' title='bbox 3125 3227 3188 3267; x_wconf 90' lang='lat' dir='ltr'><strong>ea</strong></span> <span class='ocrx_word' id='word_1_511' title='bbox 3215 3212 3420 3284; x_wconf 84' lang='lat' dir='ltr'><strong>lignum</strong></span> <span class='ocrx_word' id='word_1_512' title='bbox 3447 3215 3514 3269; x_wconf 91' lang='lat' dir='ltr'><strong>ad</strong></span> <span class='ocrx_word' id='word_1_513' title='bbox 3548 3213 3760 3269; x_wconf 86' lang='lat' dir='ltr'><strong>facien-</strong></span> 
     </span>
    </p>
   </div>
   <div class='ocr_carea' id='block_1_62' title="bbox 498 3280 2069 3379">
    <p class='ocr_par' dir='ltr' id='par_1_62' title="bbox 498 3280 2069 3379">
     <span class='ocr_line' id='line_1_62' title="bbox 498 3280 2069 3379; baseline 0.023 -47"><span class='ocrx_word' id='word_1_514' title='bbox 498 3280 657 3349; x_wconf 90' lang='lat' dir='ltr'><strong>phcta</strong></span> <span class='ocrx_word' id='word_1_515' title='bbox 686 3285 728 3338; x_wconf 91' lang='lat' dir='ltr'><strong>si</strong></span> <span class='ocrx_word' id='word_1_516' title='bbox 763 3292 1046 3357; x_wconf 88' lang='lat' dir='ltr'><strong>erraverit,</strong></span> <span class='ocrx_word' id='word_1_517' title='bbox 1091 3305 1144 3348; x_wconf 91' lang='lat' dir='ltr'><strong>et</strong></span> <span class='ocrx_word' id='word_1_518' title='bbox 1190 3296 1405 3355; x_wconf 92' lang='lat' dir='ltr'><strong>locutus</strong></span> <span class='ocrx_word' id='word_1_519' title='bbox 1454 3300 1618 3356; x_wconf 90' lang='lat' dir='ltr'><strong>fuerit</strong></span> <span class='ocrx_word' id='word_1_520' title='bbox 1649 3308 1715 3372; x_wconf 67' lang='lat' dir='ltr'><strong>3s&lt;</strong></span> <span class='ocrx_word' id='word_1_521' title='bbox 1765 3307 1988 3362; x_wconf 88' lang='lat' dir='ltr'><strong>verbum</strong></span> <span class='ocrx_word' id='word_1_522' title='bbox 2019 3310 2069 3379; x_wconf 72' lang='grc' dir='ltr'>ζ.</span> 
     </span>
    </p>
   </div>
   <div class='ocr_carea' id='block_1_63' title="bbox 495 3374 2075 3468">
    <p class='ocr_par' dir='ltr' id='par_1_63' title="bbox 495 3374 2075 3468">
     <span class='ocr_line' id='line_1_63' title="bbox 495 3374 2075 3468; baseline 0.018 -43"><span class='ocrx_word' id='word_1_523' title='bbox 495 3387 595 3443; x_wconf 85' lang='lat' dir='ltr'><strong>ego</strong></span> <span class='ocrx_word' id='word_1_524' title='bbox 642 3374 908 3437; x_wconf 90' lang='lat' dir='ltr'><strong>Dominus</strong></span> <span class='ocrx_word' id='word_1_525' title='bbox 943 3399 1130 3440; x_wconf 87' lang='lat' dir='ltr'><strong>errare</strong></span> <span class='ocrx_word' id='word_1_526' title='bbox 1173 3386 1275 3443; x_wconf 89' lang='lat' dir='ltr'><strong>feci</strong></span> <span class='ocrx_word' id='word_1_527' title='bbox 1307 3393 1630 3461; x_wconf 84' lang='lat' dir='ltr'><strong>prophetam</strong></span> <span class='ocrx_word' id='word_1_528' title='bbox 1674 3397 1850 3461; x_wconf 91' lang='lat' dir='ltr'><strong>illum,</strong></span> <span class='ocrx_word' id='word_1_529' title='bbox 1893 3410 1949 3468; x_wconf 35' lang='lat' dir='ltr'><strong>et.</strong></span> <span class='ocrx_word' id='word_1_530' title='bbox 1979 3417 2075 3454; x_wconf 83' lang='lat' dir='ltr'><strong>ex-</strong></span> 
     </span>
    </p>
   </div>
   <div class='ocr_carea' id='block_1_64' title="bbox 496 3467 2075 3550">
    <p class='ocr_par' dir='ltr' id='par_1_64' title="bbox 496 3467 2075 3550">
     <span class='ocr_line' id='line_1_64' title="bbox 496 3467 2075 3550; baseline 0.016 -31"><span class='ocrx_word' id='word_1_531' title='bbox 496 3467 712 3523; x_wconf 87' lang='lat' dir='ltr'><strong>tendam</strong></span> <span class='ocrx_word' id='word_1_532' title='bbox 751 3488 972 3528; x_wconf 92' lang='lat' dir='ltr'><strong>manum</strong></span> <span class='ocrx_word' id='word_1_533' title='bbox 1010 3493 1183 3532; x_wconf 88' lang='lat' dir='ltr'><strong>meam</strong></span> <span class='ocrx_word' id='word_1_534' title='bbox 1218 3497 1385 3550; x_wconf 91' lang='lat' dir='ltr'><strong>super</strong></span> <span class='ocrx_word' id='word_1_535' title='bbox 1420 3499 1567 3547; x_wconf 89' lang='lat' dir='ltr'><strong>eum,</strong></span> <span class='ocrx_word' id='word_1_536' title='bbox 1606 3494 1659 3539; x_wconf 89' lang='lat' dir='ltr'><strong>et</strong></span> <span class='ocrx_word' id='word_1_537' title='bbox 1693 3488 1922 3541; x_wconf 89' lang='lat' dir='ltr'><strong>aboleho</strong></span> <span class='ocrx_word' id='word_1_538' title='bbox 1952 3505 2075 3544; x_wconf 90' lang='lat' dir='ltr'><strong>cum</strong></span> 
     </span>
    </p>
   </div>
   <div class='ocr_carea' id='block_1_65' title="bbox 495 3558 2076 3650">
    <p class='ocr_par' dir='ltr' id='par_1_65' title="bbox 495 3558 2076 3650">
     <span class='ocr_line' id='line_1_65' title="bbox 495 3558 2076 3650; baseline 0.016 -39"><span class='ocrx_word' id='word_1_539' title='bbox 495 3558 564 3612; x_wconf 89' lang='lat' dir='ltr'><strong>de</strong></span> <span class='ocrx_word' id='word_1_540' title='bbox 595 3562 775 3615; x_wconf 91' lang='lat' dir='ltr'><strong>medio</strong></span> <span class='ocrx_word' id='word_1_541' title='bbox 799 3566 984 3633; x_wconf 90' lang='lat' dir='ltr'><strong>populi</strong></span> <span class='ocrx_word' id='word_1_542' title='bbox 1010 3569 1113 3621; x_wconf 88' lang='lat' dir='ltr'><strong>mei</strong></span> <span class='ocrx_word' id='word_1_543' title='bbox 1139 3569 1321 3624; x_wconf 90' lang='lat' dir='ltr'><strong>Israel.</strong></span> <span class='ocrx_word' id='word_1_544' title='bbox 1356 3574 1439 3626; x_wconf 87' lang='lat' dir='ltr'><strong>l0.</strong></span> <span class='ocrx_word' id='word_1_545' title='bbox 1471 3574 1538 3628; x_wconf 85' lang='lat' dir='ltr'><strong>Et</strong></span> <span class='ocrx_word' id='word_1_546' title='bbox 1565 3579 1836 3646; x_wconf 88' lang='lat' dir='ltr'><strong>accipient</strong></span> <span class='ocrx_word' id='word_1_547' title='bbox 1862 3581 2076 3650; x_wconf 91' lang='lat' dir='ltr'><strong>injusti-</strong></span> 
     </span>
    </p>
   </div>
   <div class='ocr_carea' id='block_1_66' title="bbox 501 3652 2073 3743">
    <p class='ocr_par' dir='ltr' id='par_1_66' title="bbox 501 3652 2073 3743">
     <span class='ocr_line' id='line_1_66' title="bbox 501 3652 2073 3743; baseline 0.017 -42"><span class='ocrx_word' id='word_1_548' title='bbox 501 3652 631 3703; x_wconf 90' lang='lat' dir='ltr'><strong>tiam</strong></span> <span class='ocrx_word' id='word_1_549' title='bbox 667 3667 863 3718; x_wconf 87' lang='lat' dir='ltr'><strong>suam,</strong></span> <span class='ocrx_word' id='word_1_550' title='bbox 917 3660 1219 3714; x_wconf 68' lang='lat' dir='ltr'><strong>secundum</strong></span> <span class='ocrx_word' id='word_1_551' title='bbox 1263 3663 1588 3732; x_wconf 89' lang='lat' dir='ltr'><strong>injustitiam</strong></span> <span class='ocrx_word' id='word_1_552' title='bbox 1647 3669 2073 3743; x_wconf 81' lang='lat' dir='ltr'><strong>interrogantis:</strong></span> 
     </span>
    </p>
   </div>
   <div class='ocr_carea' id='block_1_67' title="bbox 497 3740 2074 3831">
    <p class='ocr_par' dir='ltr' id='par_1_67' title="bbox 497 3740 2074 3831">
     <span class='ocr_line' id='line_1_67' title="bbox 497 3740 2074 3831; baseline 0.018 -38"><span class='ocrx_word' id='word_1_553' title='bbox 497 3740 574 3809; x_wconf 75' lang='grc' dir='ltr'><strong>(ρ)</strong></span> <span class='ocrx_word' id='word_1_554' title='bbox 602 3754 654 3796; x_wconf 90' lang='lat' dir='ltr'><strong>et</strong></span> <span class='ocrx_word' id='word_1_555' title='bbox 685 3746 985 3800; x_wconf 88' lang='lat' dir='ltr'><strong>secundum</strong></span> <span class='ocrx_word' id='word_1_556' title='bbox 1013 3749 1336 3818; x_wconf 89' lang='lat' dir='ltr'><strong>injustitiam</strong></span> <span class='ocrx_word' id='word_1_557' title='bbox 1365 3755 1614 3813; x_wconf 91' lang='lat' dir='ltr'><strong>similiter</strong></span> <span class='ocrx_word' id='word_1_558' title='bbox 1643 3740 1922 3831; x_wconf 72' lang='lat' dir='ltr'><strong>prophetae</strong></span> <span class='ocrx_word' id='word_1_559' title='bbox 1948 3766 2074 3829; x_wconf 87' lang='lat' dir='ltr'><strong>erit,</strong></span> 
     </span>
    </p>
   </div>
   <div class='ocr_carea' id='block_1_68' title="bbox 501 3831 2076 3918">
    <p class='ocr_par' dir='ltr' id='par_1_68' title="bbox 501 3831 2076 3918">
     <span class='ocr_line' id='line_1_68' title="bbox 501 3831 2076 3918; baseline 0.018 -36"><span class='ocrx_word' id='word_1_560' title='bbox 501 3831 590 3884; x_wconf 90' lang='grc'><strong>11.</strong></span> <span class='ocrx_word' id='word_1_561' title='bbox 629 3841 688 3886; x_wconf 80' lang='grc' dir='ltr'><strong>ιιι</strong></span> <span class='ocrx_word' id='word_1_562' title='bbox 717 3849 782 3888; x_wconf 92' lang='lat' dir='ltr'><strong>ne</strong></span> <span class='ocrx_word' id='word_1_563' title='bbox 811 3847 958 3891; x_wconf 86' lang='lat' dir='ltr'><strong>erret</strong></span> <span class='ocrx_word' id='word_1_564' title='bbox 987 3840 1122 3893; x_wconf 91' lang='lat' dir='ltr'><strong>ultra</strong></span> <span class='ocrx_word' id='word_1_565' title='bbox 1148 3842 1346 3898; x_wconf 92' lang='lat' dir='ltr'><strong>domus</strong></span> <span class='ocrx_word' id='word_1_566' title='bbox 1375 3846 1590 3904; x_wconf 86' lang='lat' dir='ltr'><strong>lsraclis</strong></span> <span class='ocrx_word' id='word_1_567' title='bbox 1634 3867 1661 3903; x_wconf 90' lang='lat' dir='ltr'><strong>a</strong></span> <span class='ocrx_word' id='word_1_568' title='bbox 1695 3868 1798 3918; x_wconf 88' lang='lat' dir='ltr'><strong>me,</strong></span> <span class='ocrx_word' id='word_1_569' title='bbox 1830 3864 1883 3908; x_wconf 93' lang='lat' dir='ltr'><strong>ct</strong></span> <span class='ocrx_word' id='word_1_570' title='bbox 1913 3862 1973 3909; x_wconf 85' lang='lat' dir='ltr'><strong>ut</strong></span> <span class='ocrx_word' id='word_1_571' title='bbox 2008 3873 2076 3912; x_wconf 92' lang='lat' dir='ltr'><strong>uc</strong></span> 
     </span>
    </p>
   </div>
   <div class='ocr_carea' id='block_1_69' title="bbox 497 3924 2075 4003">
    <p class='ocr_par' dir='ltr' id='par_1_69' title="bbox 497 3924 2075 4003">
     <span class='ocr_line' id='line_1_69' title="bbox 497 3924 2075 4003; baseline 0.018 -28"><span class='ocrx_word' id='word_1_572' title='bbox 497 3924 940 3981; x_wconf 90' lang='lat' dir='ltr'><strong>contaminentur</strong></span> <span class='ocrx_word' id='word_1_573' title='bbox 979 3931 1158 3987; x_wconf 90' lang='lat' dir='ltr'><strong>adhuc</strong></span> <span class='ocrx_word' id='word_1_574' title='bbox 1198 3933 1251 3987; x_wconf 92' lang='lat' dir='ltr'><strong>in</strong></span> <span class='ocrx_word' id='word_1_575' title='bbox 1285 3938 1541 3994; x_wconf 91' lang='lat' dir='ltr'><strong>omnibus</strong></span> <span class='ocrx_word' id='word_1_576' title='bbox 1565 3941 1777 3998; x_wconf 85' lang='lat' dir='ltr'><strong>delictis</strong></span> <span class='ocrx_word' id='word_1_577' title='bbox 1809 3946 1924 4000; x_wconf 84' lang='lat' dir='ltr'><strong>suis</strong></span> <span class='ocrx_word' id='word_1_578' title='bbox 1953 3966 1964 4000; x_wconf 93' lang='lat'>:</span> <span class='ocrx_word' id='word_1_579' title='bbox 2023 3958 2075 4003; x_wconf 88' lang='lat' dir='ltr'><strong>ct</strong></span> 
     </span>
    </p>
   </div>
   <div class='ocr_carea' id='block_1_70' title="bbox 494 4019 2071 4105">
    <p class='ocr_par' dir='ltr' id='par_1_70' title="bbox 494 4019 2071 4105">
     <span class='ocr_line' id='line_1_70' title="bbox 494 4019 2071 4105; baseline 0.017 -39"><span class='ocrx_word' id='word_1_580' title='bbox 494 4024 658 4068; x_wconf 91' lang='lat' dir='ltr'><strong>erunt</strong></span> <span class='ocrx_word' id='word_1_581' title='bbox 704 4019 836 4072; x_wconf 92' lang='lat' dir='ltr'><strong>mihi</strong></span> <span class='ocrx_word' id='word_1_582' title='bbox 871 4020 922 4073; x_wconf 95' lang='lat' dir='ltr'><strong>in</strong></span> <span class='ocrx_word' id='word_1_583' title='bbox 975 4027 1233 4093; x_wconf 88' lang='lat' dir='ltr'><strong>populum</strong></span> <span class='ocrx_word' id='word_1_584' title='bbox 1258 4069 1272 4090; x_wconf 90' lang='lat'><strong>,</strong></span> <span class='ocrx_word' id='word_1_585' title='bbox 1320 4039 1372 4084; x_wconf 89' lang='lat' dir='ltr'><strong>et</strong></span> <span class='ocrx_word' id='word_1_586' title='bbox 1401 4046 1500 4102; x_wconf 87' lang='lat' dir='ltr'><strong>ego</strong></span> <span class='ocrx_word' id='word_1_587' title='bbox 1530 4048 1625 4088; x_wconf 92' lang='lat' dir='ltr'><strong>ero</strong></span> <span class='ocrx_word' id='word_1_588' title='bbox 1657 4035 1736 4090; x_wconf 89' lang='lat' dir='ltr'><strong>eis</strong></span> <span class='ocrx_word' id='word_1_589' title='bbox 1770 4035 1822 4090; x_wconf 92' lang='lat' dir='ltr'><strong>in</strong></span> <span class='ocrx_word' id='word_1_590' title='bbox 1878 4037 2071 4105; x_wconf 88' lang='lat' dir='ltr'><strong>Detun,</strong></span> 
     </span>
    </p>
   </div>
   <div class='ocr_carea' id='block_1_71' title="bbox 493 4108 2070 4186">
    <p class='ocr_par' dir='ltr' id='par_1_71' title="bbox 493 4108 2070 4186">
     <span class='ocr_line' id='line_1_71' title="bbox 493 4108 2070 4186; baseline 0.015 -24"><span class='ocrx_word' id='word_1_591' title='bbox 493 4108 624 4164; x_wconf 88' lang='lat' dir='ltr'><strong>dicit</strong></span> <span class='ocrx_word' id='word_1_592' title='bbox 669 4112 873 4167; x_wconf 81' lang='lat' dir='ltr'><strong>Adouai</strong></span> <span class='ocrx_word' id='word_1_593' title='bbox 909 4116 1195 4174; x_wconf 77' lang='lat' dir='ltr'><strong>Dorninus.</strong></span> <span class='ocrx_word' id='word_1_594' title='bbox 1239 4123 1319 4176; x_wconf 73' lang='grc'>12.</span> <span class='ocrx_word' id='word_1_595' title='bbox 1371 4123 1436 4177; x_wconf 84' lang='grc' dir='ltr'><strong>Ει</strong></span> <span class='ocrx_word' id='word_1_596' title='bbox 1481 4124 1685 4181; x_wconf 89' lang='lat' dir='ltr'><strong>factum</strong></span> <span class='ocrx_word' id='word_1_597' title='bbox 1718 4139 1803 4184; x_wconf 91' lang='lat' dir='ltr'><strong>est</strong></span> <span class='ocrx_word' id='word_1_598' title='bbox 1844 4132 2070 4186; x_wconf 89' lang='lat' dir='ltr'><strong>verbum</strong></span> 
     </span>
    </p>
   </div>
   <div class='ocr_carea' id='block_1_72' title="bbox 495 4201 2070 4287">
    <p class='ocr_par' dir='ltr' id='par_1_72' title="bbox 495 4201 2070 4287">
     <span class='ocr_line' id='line_1_72' title="bbox 495 4201 2070 4287; baseline 0.018 -36"><span class='ocrx_word' id='word_1_599' title='bbox 495 4201 708 4255; x_wconf 81' lang='lat' dir='ltr'><strong>Domini</strong></span> <span class='ocrx_word' id='word_1_600' title='bbox 736 4205 803 4258; x_wconf 89' lang='lat' dir='ltr'><strong>ad</strong></span> <span class='ocrx_word' id='word_1_601' title='bbox 846 4224 952 4270; x_wconf 93' lang='lat' dir='ltr'><strong>me,</strong></span> <span class='ocrx_word' id='word_1_602' title='bbox 985 4211 1214 4266; x_wconf 88' lang='lat' dir='ltr'><strong>dicens:</strong></span> <span class='ocrx_word' id='word_1_603' title='bbox 1252 4215 1336 4268; x_wconf 90' lang='grc'><strong>15.</strong></span> <span class='ocrx_word' id='word_1_604' title='bbox 1375 4215 1476 4270; x_wconf 84' lang='lat' dir='ltr'><strong>Fili</strong></span> <span class='ocrx_word' id='word_1_605' title='bbox 1519 4219 1790 4287; x_wconf 91' lang='lat' dir='ltr'><strong>hominis,</strong></span> <span class='ocrx_word' id='word_1_606' title='bbox 1837 4233 1978 4278; x_wconf 89' lang='lat' dir='ltr'><strong>terra</strong></span> <span class='ocrx_word' id='word_1_607' title='bbox 2027 4228 2070 4280; x_wconf 91' lang='lat' dir='ltr'><strong>si</strong></span> 
     </span>
    </p>
   </div>
   <div class='ocr_carea' id='block_1_73' title="bbox 495 4298 2072 4379">
    <p class='ocr_par' dir='ltr' id='par_1_73' title="bbox 495 4298 2072 4379">
     <span class='ocr_line' id='line_1_73' title="bbox 495 4298 2072 4379; baseline 0.019 -35"><span class='ocrx_word' id='word_1_608' title='bbox 495 4298 798 4360; x_wconf 85' lang='lat' dir='ltr'><strong>peccaverit</strong></span> <span class='ocrx_word' id='word_1_609' title='bbox 833 4302 964 4356; x_wconf 88' lang='lat' dir='ltr'><strong>mihi</strong></span> <span class='ocrx_word' id='word_1_610' title='bbox 1000 4345 1014 4367; x_wconf 90' lang='lat'><strong>,</strong></span> <span class='ocrx_word' id='word_1_611' title='bbox 1054 4303 1126 4375; x_wconf 89' lang='lat' dir='ltr'><strong>(q)</strong></span> <span class='ocrx_word' id='word_1_612' title='bbox 1164 4307 1530 4378; x_wconf 90' lang='lat' dir='ltr'><strong>delinquendo</strong></span> <span class='ocrx_word' id='word_1_613' title='bbox 1561 4313 1842 4379; x_wconf 89' lang='lat' dir='ltr'><strong>delictum,</strong></span> <span class='ocrx_word' id='word_1_614' title='bbox 1879 4327 1933 4372; x_wconf 88' lang='lat' dir='ltr'><strong>et</strong></span> <span class='ocrx_word' id='word_1_615' title='bbox 1976 4336 2072 4373; x_wconf 82' lang='lat' dir='ltr'><strong>cx-</strong></span> 
     </span>
    </p>
   </div>
   <div class='ocr_carea' id='block_1_74' title="bbox 495 4385 2066 4480">
    <p class='ocr_par' dir='ltr' id='par_1_74' title="bbox 495 4385 2066 4480">
     <span class='ocr_line' id='line_1_74' title="bbox 495 4385 2066 4480; baseline 0.02 -47"><span class='ocrx_word' id='word_1_616' title='bbox 495 4385 710 4438; x_wconf 87' lang='lat' dir='ltr'><strong>tendam</strong></span> <span class='ocrx_word' id='word_1_617' title='bbox 758 4404 978 4444; x_wconf 88' lang='lat' dir='ltr'><strong>manum</strong></span> <span class='ocrx_word' id='word_1_618' title='bbox 1026 4410 1201 4449; x_wconf 87' lang='lat' dir='ltr'><strong>meam</strong></span> <span class='ocrx_word' id='word_1_619' title='bbox 1237 4414 1401 4468; x_wconf 88' lang='lat' dir='ltr'><strong>super</strong></span> <span class='ocrx_word' id='word_1_620' title='bbox 1447 4416 1588 4468; x_wconf 90' lang='lat' dir='ltr'><strong>eam,</strong></span> <span class='ocrx_word' id='word_1_621' title='bbox 1621 4414 1676 4459; x_wconf 89' lang='lat' dir='ltr'><strong>el</strong></span> <span class='ocrx_word' id='word_1_622' title='bbox 1723 4408 2066 4480; x_wconf 90' lang='lat' dir='ltr'><strong>coufringam</strong></span> 
     </span>
    </p>
   </div>
   <div class='ocr_carea' id='block_1_75' title="bbox 492 4472 2065 4567">
    <p class='ocr_par' dir='ltr' id='par_1_75' title="bbox 492 4472 2065 4567">
     <span class='ocr_line' id='line_1_75' title="bbox 492 4472 2065 4567; baseline 0.019 -43"><span class='ocrx_word' id='word_1_623' title='bbox 492 4472 726 4529; x_wconf 90' lang='lat' dir='ltr'><strong>fulcrum</strong></span> <span class='ocrx_word' id='word_1_624' title='bbox 761 4482 918 4548; x_wconf 88' lang='lat' dir='ltr'><strong>panis</strong></span> <span class='ocrx_word' id='word_1_625' title='bbox 939 4483 1080 4551; x_wconf 89' lang='lat' dir='ltr'><strong>ejus,</strong></span> <span class='ocrx_word' id='word_1_626' title='bbox 1106 4498 1157 4541; x_wconf 91' lang='lat' dir='ltr'><strong>et</strong></span> <span class='ocrx_word' id='word_1_627' title='bbox 1185 4489 1473 4545; x_wconf 88' lang='lat' dir='ltr'><strong>immittam</strong></span> <span class='ocrx_word' id='word_1_628' title='bbox 1499 4511 1663 4563; x_wconf 87' lang='lat' dir='ltr'><strong>super</strong></span> <span class='ocrx_word' id='word_1_629' title='bbox 1689 4513 1806 4552; x_wconf 87' lang='lat' dir='ltr'><strong>cam</strong></span> <span class='ocrx_word' id='word_1_630' title='bbox 1842 4500 2065 4567; x_wconf 88' lang='lat' dir='ltr'><strong>famem,</strong></span> 
     </span>
    </p>
   </div>
   <div class='ocr_carea' id='block_1_76' title="bbox 2181 3303 3764 3392">
    <p class='ocr_par' dir='ltr' id='par_1_76' title="bbox 2181 3303 3764 3392">
     <span class='ocr_line' id='line_1_76' title="bbox 2181 3303 3764 3392; baseline 0.003 -36"><span class='ocrx_word' id='word_1_631' title='bbox 2181 3304 2310 3356; x_wconf 92' lang='lat' dir='ltr'><strong>dum</strong></span> <span class='ocrx_word' id='word_1_632' title='bbox 2342 3304 2396 3356; x_wconf 91' lang='lat' dir='ltr'><strong>in</strong></span> <span class='ocrx_word' id='word_1_633' title='bbox 2427 3317 2563 3372; x_wconf 91' lang='lat' dir='ltr'><strong>opus</strong></span> <span class='ocrx_word' id='word_1_634' title='bbox 2585 3303 2608 3356; x_wconf 87' lang='lat'><strong>?</strong></span> <span class='ocrx_word' id='word_1_635' title='bbox 2632 3303 2677 3358; x_wconf 92' lang='lat' dir='ltr'><strong>si</strong></span> <span class='ocrx_word' id='word_1_636' title='bbox 2709 3314 2927 3358; x_wconf 89' lang='lat' dir='ltr'><strong>sument</strong></span> <span class='ocrx_word' id='word_1_637' title='bbox 2960 3303 3027 3359; x_wconf 90' lang='lat' dir='ltr'><strong>de</strong></span> <span class='ocrx_word' id='word_1_638' title='bbox 3058 3319 3121 3359; x_wconf 89' lang='lat' dir='ltr'><strong>ea</strong></span> <span class='ocrx_word' id='word_1_639' title='bbox 3152 3306 3412 3374; x_wconf 83' lang='lat' dir='ltr'><strong>paxillum</strong></span> <span class='ocrx_word' id='word_1_640' title='bbox 3442 3305 3512 3361; x_wconf 89' lang='lat' dir='ltr'><strong>ad</strong></span> <span class='ocrx_word' id='word_1_641' title='bbox 3536 3320 3764 3392; x_wconf 85' lang='lat' dir='ltr'><strong>suspen-</strong></span> 
     </span>
    </p>
   </div>
   <div class='ocr_carea' id='block_1_77' title="bbox 2180 3393 3756 3468">
    <p class='ocr_par' dir='ltr' id='par_1_77' title="bbox 2180 3393 3756 3468">
     <span class='ocr_line' id='line_1_77' title="bbox 2180 3393 3756 3468; baseline 0.003 -20"><span class='ocrx_word' id='word_1_642' title='bbox 2180 3393 2419 3449; x_wconf 84' lang='lat' dir='ltr'><strong>dendum</strong></span> <span class='ocrx_word' id='word_1_643' title='bbox 2456 3408 2620 3464; x_wconf 85' lang='lat' dir='ltr'><strong>super</strong></span> <span class='ocrx_word' id='word_1_644' title='bbox 2674 3411 2740 3450; x_wconf 89' lang='lat' dir='ltr'><strong>eo</strong></span> <span class='ocrx_word' id='word_1_645' title='bbox 2780 3411 2944 3450; x_wconf 91' lang='lat' dir='ltr'><strong>omne</strong></span> <span class='ocrx_word' id='word_1_646' title='bbox 2991 3397 3213 3450; x_wconf 68' lang='lat' dir='ltr'><strong>vasH.</strong></span> <span class='ocrx_word' id='word_1_647' title='bbox 3267 3399 3341 3468; x_wconf 88' lang='lat' dir='ltr'><strong>(b)</strong></span> <span class='ocrx_word' id='word_1_648' title='bbox 3381 3397 3756 3467; x_wconf 69' lang='lat' dir='ltr'><strong>Praeterquam</strong></span> 
     </span>
    </p>
   </div>
   <div class='ocr_carea' id='block_1_78' title="bbox 2180 3487 3760 3561">
    <p class='ocr_par' dir='ltr' id='par_1_78' title="bbox 2180 3487 3760 3561">
     <span class='ocr_line' id='line_1_78' title="bbox 2180 3487 3760 3561; baseline 0.006 -25"><span class='ocrx_word' id='word_1_649' title='bbox 2180 3487 2322 3555; x_wconf 87' lang='lat' dir='ltr'><strong>quod</strong></span> <span class='ocrx_word' id='word_1_650' title='bbox 2353 3487 2460 3556; x_wconf 89' lang='lat' dir='ltr'><strong>igni</strong></span> <span class='ocrx_word' id='word_1_651' title='bbox 2490 3487 2615 3540; x_wconf 91' lang='lat' dir='ltr'><strong>data</strong></span> <span class='ocrx_word' id='word_1_652' title='bbox 2642 3496 2727 3541; x_wconf 89' lang='lat' dir='ltr'><strong>est</strong></span> <span class='ocrx_word' id='word_1_653' title='bbox 2753 3488 2806 3541; x_wconf 90' lang='lat' dir='ltr'><strong>in</strong></span> <span class='ocrx_word' id='word_1_654' title='bbox 2835 3489 3346 3558; x_wconf 89' lang='lat' dir='ltr'><strong>consumptioncm:</strong></span> <span class='ocrx_word' id='word_1_655' title='bbox 3379 3491 3760 3561; x_wconf 86' lang='lat' dir='ltr'><strong>purgationem</strong></span> 
     </span>
    </p>
   </div>
   <div class='ocr_carea' id='block_1_79' title="bbox 2181 3575 3761 3648">
    <p class='ocr_par' dir='ltr' id='par_1_79' title="bbox 2181 3575 3761 3648">
     <span class='ocr_line' id='line_1_79' title="bbox 2181 3575 3761 3648; baseline 0.004 -21"><span class='ocrx_word' id='word_1_656' title='bbox 2181 3575 2323 3643; x_wconf 90' lang='lat' dir='ltr'><strong>ejus,</strong></span> <span class='ocrx_word' id='word_1_657' title='bbox 2359 3591 2480 3644; x_wconf 74' lang='lat' dir='ltr'><strong>qua:</strong></span> <span class='ocrx_word' id='word_1_658' title='bbox 2510 3576 2563 3628; x_wconf 92' lang='lat' dir='ltr'><strong>in</strong></span> <span class='ocrx_word' id='word_1_659' title='bbox 2598 3577 2746 3629; x_wconf 91' lang='lat' dir='ltr'><strong>omni</strong></span> <span class='ocrx_word' id='word_1_660' title='bbox 2774 3592 2939 3641; x_wconf 89' lang='lat' dir='ltr'><strong>anno,</strong></span> <span class='ocrx_word' id='word_1_661' title='bbox 2973 3579 3250 3633; x_wconf 89' lang='lat' dir='ltr'><strong>consumit</strong></span> <span class='ocrx_word' id='word_1_662' title='bbox 3283 3579 3446 3648; x_wconf 91' lang='lat' dir='ltr'><strong>ignis,</strong></span> <span class='ocrx_word' id='word_1_663' title='bbox 3480 3589 3535 3634; x_wconf 88' lang='lat' dir='ltr'><strong>et</strong></span> <span class='ocrx_word' id='word_1_664' title='bbox 3574 3581 3761 3636; x_wconf 89' lang='lat' dir='ltr'><strong>deﬁcit</strong></span> 
     </span>
    </p>
   </div>
   <div class='ocr_carea' id='block_1_80' title="bbox 2179 3667 3762 3744">
    <p class='ocr_par' dir='ltr' id='par_1_80' title="bbox 2179 3667 3762 3744">
     <span class='ocr_line' id='line_1_80' title="bbox 2179 3667 3762 3744; baseline 0.007 -26"><span class='ocrx_word' id='word_1_665' title='bbox 2179 3667 2233 3718; x_wconf 93' lang='lat' dir='ltr'><strong>in</strong></span> <span class='ocrx_word' id='word_1_666' title='bbox 2264 3667 2465 3720; x_wconf 92' lang='lat' dir='ltr'><strong>ﬁnem:</strong></span> <span class='ocrx_word' id='word_1_667' title='bbox 2521 3668 2785 3738; x_wconf 89' lang='lat' dir='ltr'><strong>numquid</strong></span> <span class='ocrx_word' id='word_1_668' title='bbox 2834 3669 2968 3723; x_wconf 87' lang='lat' dir='ltr'><strong>utile</strong></span> <span class='ocrx_word' id='word_1_669' title='bbox 3009 3670 3113 3723; x_wconf 91' lang='lat' dir='ltr'><strong>erit</strong></span> <span class='ocrx_word' id='word_1_670' title='bbox 3149 3671 3202 3723; x_wconf 91' lang='lat' dir='ltr'><strong>in</strong></span> <span class='ocrx_word' id='word_1_671' title='bbox 3251 3672 3433 3741; x_wconf 85' lang='lat' dir='ltr'><strong>opus?</strong></span> <span class='ocrx_word' id='word_1_672' title='bbox 3479 3674 3534 3728; x_wconf 90' lang='lat'><strong>5.</strong></span> <span class='ocrx_word' id='word_1_673' title='bbox 3569 3672 3762 3744; x_wconf 86' lang='lat' dir='ltr'><strong>Neque</strong></span> 
     </span>
    </p>
   </div>
   <div class='ocr_carea' id='block_1_81' title="bbox 2179 3757 3760 3831">
    <p class='ocr_par' dir='ltr' id='par_1_81' title="bbox 2179 3757 3760 3831">
     <span class='ocr_line' id='line_1_81' title="bbox 2179 3757 3760 3831; baseline 0.003 -20"><span class='ocrx_word' id='word_1_674' title='bbox 2179 3757 2360 3812; x_wconf 90' lang='lat' dir='ltr'><strong>adhuc</strong></span> <span class='ocrx_word' id='word_1_675' title='bbox 2393 3757 2521 3811; x_wconf 91' lang='lat' dir='ltr'><strong>dum</strong></span> <span class='ocrx_word' id='word_1_676' title='bbox 2547 3765 2632 3811; x_wconf 91' lang='lat' dir='ltr'><strong>est</strong></span> <span class='ocrx_word' id='word_1_677' title='bbox 2663 3757 2955 3827; x_wconf 89' lang='lat' dir='ltr'><strong>integrum,</strong></span> <span class='ocrx_word' id='word_1_678' title='bbox 2983 3774 3091 3812; x_wconf 93' lang='lat' dir='ltr'><strong>non</strong></span> <span class='ocrx_word' id='word_1_679' title='bbox 3125 3759 3230 3814; x_wconf 90' lang='lat' dir='ltr'><strong>erit</strong></span> <span class='ocrx_word' id='word_1_680' title='bbox 3253 3759 3305 3813; x_wconf 92' lang='lat' dir='ltr'><strong>in</strong></span> <span class='ocrx_word' id='word_1_681' title='bbox 3331 3762 3516 3830; x_wconf 88' lang='lat' dir='ltr'><strong>opus?</strong></span> <span class='ocrx_word' id='word_1_682' title='bbox 3549 3771 3760 3831; x_wconf 90' lang='lat' dir='ltr'><strong>quanto</strong></span> 
     </span>
    </p>
   </div>
   <div class='ocr_carea' id='block_1_82' title="bbox 2177 3849 3755 3919">
    <p class='ocr_par' dir='ltr' id='par_1_82' title="bbox 2177 3849 3755 3919">
     <span class='ocr_line' id='line_1_82' title="bbox 2177 3849 3755 3919; baseline 0.003 -17"><span class='ocrx_word' id='word_1_683' title='bbox 2177 3849 2354 3919; x_wconf 88' lang='lat' dir='ltr'><strong>magis</strong></span> <span class='ocrx_word' id='word_1_684' title='bbox 2383 3849 2430 3902; x_wconf 93' lang='lat' dir='ltr'><strong>si</strong></span> <span class='ocrx_word' id='word_1_685' title='bbox 2476 3849 2640 3902; x_wconf 89' lang='lat' dir='ltr'><strong>etiam</strong></span> <span class='ocrx_word' id='word_1_686' title='bbox 2694 3849 2835 3918; x_wconf 91' lang='lat' dir='ltr'><strong>ignis</strong></span> <span class='ocrx_word' id='word_1_687' title='bbox 2868 3851 3271 3919; x_wconf 88' lang='lat' dir='ltr'><strong>consumpserit</strong></span> <span class='ocrx_word' id='word_1_688' title='bbox 3301 3852 3434 3906; x_wconf 91' lang='lat' dir='ltr'><strong>illud</strong></span> <span class='ocrx_word' id='word_1_689' title='bbox 3469 3853 3525 3906; x_wconf 92' lang='lat' dir='ltr'><strong>in</strong></span> <span class='ocrx_word' id='word_1_690' title='bbox 3567 3853 3755 3918; x_wconf 90' lang='lat' dir='ltr'><strong>ﬁnem,</strong></span> 
     </span>
    </p>
   </div>
   <div class='ocr_carea' id='block_1_83' title="bbox 2175 3941 3759 4013">
    <p class='ocr_par' dir='ltr' id='par_1_83' title="bbox 2175 3941 3759 4013">
     <span class='ocr_line' id='line_1_83' title="bbox 2175 3941 3759 4013; baseline 0.003 -16"><span class='ocrx_word' id='word_1_691' title='bbox 2175 3944 2221 3997; x_wconf 87' lang='lat' dir='ltr'><strong>si</strong></span> <span class='ocrx_word' id='word_1_692' title='bbox 2252 3943 2356 3996; x_wconf 93' lang='lat' dir='ltr'><strong>erit</strong></span> <span class='ocrx_word' id='word_1_693' title='bbox 2403 3941 2582 3996; x_wconf 85' lang='lat' dir='ltr'><strong>adhuc</strong></span> <span class='ocrx_word' id='word_1_694' title='bbox 2614 3943 2665 3995; x_wconf 94' lang='lat' dir='ltr'><strong>in</strong></span> <span class='ocrx_word' id='word_1_695' title='bbox 2707 3943 2889 4010; x_wconf 88' lang='lat' dir='ltr'><strong>opus?</strong></span> <span class='ocrx_word' id='word_1_696' title='bbox 2945 3942 3000 3996; x_wconf 91' lang='lat'><strong>6.</strong></span> <span class='ocrx_word' id='word_1_697' title='bbox 3032 3941 3265 4013; x_wconf 89' lang='lat' dir='ltr'><strong>Propter</strong></span> <span class='ocrx_word' id='word_1_698' title='bbox 3299 3944 3403 3999; x_wconf 88' lang='lat' dir='ltr'><strong>hoc</strong></span> <span class='ocrx_word' id='word_1_699' title='bbox 3441 3945 3530 3998; x_wconf 91' lang='lat' dir='ltr'><strong>dic</strong></span> <span class='ocrx_word' id='word_1_700' title='bbox 3560 3963 3572 3998; x_wconf 91' lang='lat'>:</span> <span class='ocrx_word' id='word_1_701' title='bbox 3629 3943 3759 4001; x_wconf 71' lang='lat' dir='ltr'><strong>Haec</strong></span> 
     </span>
    </p>
   </div>
   <div class='ocr_carea' id='block_1_84' title="bbox 2175 4035 3757 4108">
    <p class='ocr_par' dir='ltr' id='par_1_84' title="bbox 2175 4035 3757 4108">
     <span class='ocr_line' id='line_1_84' title="bbox 2175 4035 3757 4108; baseline 0.003 -19"><span class='ocrx_word' id='word_1_702' title='bbox 2175 4035 2306 4091; x_wconf 86' lang='lat' dir='ltr'><strong>dicit</strong></span> <span class='ocrx_word' id='word_1_703' title='bbox 2329 4035 2542 4090; x_wconf 82' lang='lat' dir='ltr'><strong>Adouai</strong></span> <span class='ocrx_word' id='word_1_704' title='bbox 2569 4036 2867 4090; x_wconf 87' lang='lat' dir='ltr'><strong>Dominus:</strong></span> <span class='ocrx_word' id='word_1_705' title='bbox 2892 4035 3366 4102; x_wconf 78' lang='lat' dir='ltr'><strong>Quemadmodum</strong></span> <span class='ocrx_word' id='word_1_706' title='bbox 3391 4037 3595 4108; x_wconf 88' lang='lat' dir='ltr'><strong>lignum</strong></span> <span class='ocrx_word' id='word_1_707' title='bbox 3629 4039 3757 4094; x_wconf 81' lang='lat' dir='ltr'><strong>vitis</strong></span> 
     </span>
    </p>
   </div>
   <div class='ocr_carea' id='block_1_85' title="bbox 2177 4125 3757 4200">
    <p class='ocr_par' dir='ltr' id='par_1_85' title="bbox 2177 4125 3757 4200">
     <span class='ocr_line' id='line_1_85' title="bbox 2177 4125 3757 4200; baseline 0.004 -21"><span class='ocrx_word' id='word_1_708' title='bbox 2177 4127 2230 4179; x_wconf 88' lang='lat' dir='ltr'><strong>iu</strong></span> <span class='ocrx_word' id='word_1_709' title='bbox 2259 4126 2422 4195; x_wconf 88' lang='lat' dir='ltr'><strong>lignis</strong></span> <span class='ocrx_word' id='word_1_710' title='bbox 2453 4126 2624 4192; x_wconf 74' lang='lat' dir='ltr'><strong>silvtc,</strong></span> <span class='ocrx_word' id='word_1_711' title='bbox 2659 4127 2807 4195; x_wconf 92' lang='lat' dir='ltr'><strong>quod</strong></span> <span class='ocrx_word' id='word_1_712' title='bbox 2845 4125 2968 4180; x_wconf 90' lang='lat' dir='ltr'><strong>dedi</strong></span> <span class='ocrx_word' id='word_1_713' title='bbox 3005 4126 3136 4181; x_wconf 91' lang='lat' dir='ltr'><strong>illud</strong></span> <span class='ocrx_word' id='word_1_714' title='bbox 3168 4128 3278 4197; x_wconf 87' lang='lat' dir='ltr'><strong>igni</strong></span> <span class='ocrx_word' id='word_1_715' title='bbox 3305 4129 3358 4181; x_wconf 92' lang='lat' dir='ltr'><strong>in</strong></span> <span class='ocrx_word' id='word_1_716' title='bbox 3383 4131 3757 4200; x_wconf 91' lang='lat' dir='ltr'><strong>consumptio-</strong></span> 
     </span>
    </p>
   </div>
   <div class='ocr_carea' id='block_1_86' title="bbox 2175 4216 3758 4292">
    <p class='ocr_par' dir='ltr' id='par_1_86' title="bbox 2175 4216 3758 4292">
     <span class='ocr_line' id='line_1_86' title="bbox 2175 4216 3758 4292; baseline 0.005 -22"><span class='ocrx_word' id='word_1_717' title='bbox 2175 4233 2322 4280; x_wconf 91' lang='lat' dir='ltr'><strong>nem,</strong></span> <span class='ocrx_word' id='word_1_718' title='bbox 2373 4216 2451 4272; x_wconf 90' lang='lat' dir='ltr'><strong>sic</strong></span> <span class='ocrx_word' id='word_1_719' title='bbox 2489 4217 2612 4271; x_wconf 89' lang='lat' dir='ltr'><strong>dedi</strong></span> <span class='ocrx_word' id='word_1_720' title='bbox 2658 4217 2968 4273; x_wconf 88' lang='lat' dir='ltr'><strong>habitantes</strong></span> <span class='ocrx_word' id='word_1_721' title='bbox 3001 4219 3053 4271; x_wconf 91' lang='lat' dir='ltr'><strong>in</strong></span> <span class='ocrx_word' id='word_1_722' title='bbox 3104 4217 3429 4274; x_wconf 86' lang='lat' dir='ltr'><strong>Jerusalem.</strong></span> <span class='ocrx_word' id='word_1_723' title='bbox 3475 4222 3524 4275; x_wconf 87' lang='lat'><strong>7.</strong></span> <span class='ocrx_word' id='word_1_724' title='bbox 3580 4224 3649 4292; x_wconf 86' lang='lat' dir='ltr'><strong>(c)</strong></span> <span class='ocrx_word' id='word_1_725' title='bbox 3691 4224 3758 4282; x_wconf 82' lang='lat' dir='ltr'><strong>Et</strong></span> 
     </span>
    </p>
   </div>
   <div class='ocr_carea' id='block_1_87' title="bbox 2174 4309 3751 4383">
    <p class='ocr_par' dir='ltr' id='par_1_87' title="bbox 2174 4309 3751 4383">
     <span class='ocr_line' id='line_1_87' title="bbox 2174 4309 3751 4383; baseline 0.005 -19"><span class='ocrx_word' id='word_1_726' title='bbox 2174 4310 2316 4364; x_wconf 91' lang='lat' dir='ltr'><strong>dabo</strong></span> <span class='ocrx_word' id='word_1_727' title='bbox 2344 4309 2540 4364; x_wconf 88' lang='lat' dir='ltr'><strong>faciem</strong></span> <span class='ocrx_word' id='word_1_728' title='bbox 2583 4326 2758 4365; x_wconf 90' lang='lat' dir='ltr'><strong>meam</strong></span> <span class='ocrx_word' id='word_1_729' title='bbox 2786 4325 2951 4380; x_wconf 91' lang='lat' dir='ltr'><strong>super</strong></span> <span class='ocrx_word' id='word_1_730' title='bbox 2980 4325 3076 4366; x_wconf 87' lang='lat' dir='ltr'><strong>eos</strong></span> <span class='ocrx_word' id='word_1_731' title='bbox 3105 4333 3116 4365; x_wconf 84' lang='lat'><em>:</em></span> <span class='ocrx_word' id='word_1_732' title='bbox 3143 4312 3210 4366; x_wconf 91' lang='lat' dir='ltr'><strong>de</strong></span> <span class='ocrx_word' id='word_1_733' title='bbox 3237 4312 3360 4382; x_wconf 78' lang='lat' dir='ltr'><strong>igne</strong></span> <span class='ocrx_word' id='word_1_734' title='bbox 3379 4316 3751 4383; x_wconf 86' lang='lat' dir='ltr'><strong>cgredientur,</strong></span> 
     </span>
    </p>
   </div>
   <div class='ocr_carea' id='block_1_88' title="bbox 2172 4403 3754 4477">
    <p class='ocr_par' dir='ltr' id='par_1_88' title="bbox 2172 4403 3754 4477">
     <span class='ocr_line' id='line_1_88' title="bbox 2172 4403 3754 4477; baseline 0.005 -19"><span class='ocrx_word' id='word_1_735' title='bbox 2172 4412 2224 4458; x_wconf 85' lang='lat' dir='ltr'><strong>et</strong></span> <span class='ocrx_word' id='word_1_736' title='bbox 2273 4404 2415 4472; x_wconf 87' lang='lat' dir='ltr'><strong>ignis</strong></span> <span class='ocrx_word' id='word_1_737' title='bbox 2449 4403 2732 4458; x_wconf 90' lang='lat' dir='ltr'><strong>devorabit</strong></span> <span class='ocrx_word' id='word_1_738' title='bbox 2763 4420 2876 4470; x_wconf 90' lang='lat' dir='ltr'><strong>eos,</strong></span> <span class='ocrx_word' id='word_1_739' title='bbox 2912 4412 2967 4458; x_wconf 90' lang='lat' dir='ltr'><strong>et</strong></span> <span class='ocrx_word' id='word_1_740' title='bbox 3011 4406 3204 4469; x_wconf 89' lang='lat' dir='ltr'><strong>scient,</strong></span> <span class='ocrx_word' id='word_1_741' title='bbox 3243 4409 3388 4475; x_wconf 92' lang='lat' dir='ltr'><strong>quod</strong></span> <span class='ocrx_word' id='word_1_742' title='bbox 3423 4425 3523 4477; x_wconf 84' lang='lat' dir='ltr'><strong>ego</strong></span> <span class='ocrx_word' id='word_1_743' title='bbox 3567 4409 3754 4466; x_wconf 88' lang='lat' dir='ltr'><strong>Domi-</strong></span> 
     </span>
    </p>
   </div>
   <div class='ocr_carea' id='block_1_89' title="bbox 2173 4497 3748 4572">
    <p class='ocr_par' dir='ltr' id='par_1_89' title="bbox 2173 4497 3748 4572">
     <span class='ocr_line' id='line_1_89' title="bbox 2173 4497 3748 4572; baseline 0.002 -19"><span class='ocrx_word' id='word_1_744' title='bbox 2173 4517 2298 4567; x_wconf 86' lang='lat' dir='ltr'><strong>nus,</strong></span> <span class='ocrx_word' id='word_1_745' title='bbox 2357 4515 2482 4554; x_wconf 93' lang='lat' dir='ltr'><strong>cum</strong></span> <span class='ocrx_word' id='word_1_746' title='bbox 2523 4499 2888 4554; x_wconf 85' lang='lat' dir='ltr'><strong>obﬁrmavero</strong></span> <span class='ocrx_word' id='word_1_747' title='bbox 2947 4497 3141 4553; x_wconf 86' lang='lat' dir='ltr'><strong>faciem</strong></span> <span class='ocrx_word' id='word_1_748' title='bbox 3183 4516 3359 4555; x_wconf 92' lang='lat' dir='ltr'><strong>meam</strong></span> <span class='ocrx_word' id='word_1_749' title='bbox 3422 4518 3584 4572; x_wconf 90' lang='lat' dir='ltr'><strong>super</strong></span> <span class='ocrx_word' id='word_1_750' title='bbox 3633 4519 3748 4558; x_wconf 89' lang='lat' dir='ltr'><strong>eos.</strong></span> 
     </span>
    </p>
   </div>
   <div class='ocr_carea' id='block_1_90' title="bbox 488 4568 3750 4667">
    <p class='ocr_par' dir='ltr' id='par_1_90' title="bbox 488 4568 3750 4667">
     <span class='ocr_line' id='line_1_90' title="bbox 488 4568 3750 4667; baseline 0.01 -47"><span class='ocrx_word' id='word_1_751' title='bbox 488 4579 542 4621; x_wconf 90' lang='lat' dir='ltr'><strong>et</strong></span> <span class='ocrx_word' id='word_1_752' title='bbox 573 4571 757 4624; x_wconf 89' lang='lat' dir='ltr'><strong>tollam</strong></span> <span class='ocrx_word' id='word_1_753' title='bbox 789 4575 856 4629; x_wconf 89' lang='lat' dir='ltr'><strong>de</strong></span> <span class='ocrx_word' id='word_1_754' title='bbox 888 4591 949 4630; x_wconf 90' lang='lat' dir='ltr'><strong>ea</strong></span> <span class='ocrx_word' id='word_1_755' title='bbox 989 4580 1267 4637; x_wconf 90' lang='lat' dir='ltr'><strong>hominem</strong></span> <span class='ocrx_word' id='word_1_756' title='bbox 1314 4597 1367 4640; x_wconf 89' lang='lat' dir='ltr'><strong>et</strong></span> <span class='ocrx_word' id='word_1_757' title='bbox 1392 4586 1724 4653; x_wconf 87' lang='lat' dir='ltr'><strong>jumentum.</strong></span> <span class='ocrx_word' id='word_1_758' title='bbox 1785 4593 1869 4645; x_wconf 71' lang='lat' dir='ltr'><strong>Li.</strong></span> <span class='ocrx_word' id='word_1_759' title='bbox 1910 4595 1973 4647; x_wconf 87' lang='lat' dir='ltr'><strong>Et</strong></span> <span class='ocrx_word' id='word_1_760' title='bbox 2021 4597 2065 4648; x_wconf 89' lang='lat' dir='ltr'><strong>si</strong></span> <span class='ocrx_word' id='word_1_761' title='bbox 2100 4568 2146 4623; x_wconf 71' lang='grc' dir='ltr'><strong>θ</strong></span> <span class='ocrx_word' id='word_1_762' title='bbox 2173 4595 2225 4647; x_wconf 88' lang='lat'><strong>8.</strong></span> <span class='ocrx_word' id='word_1_763' title='bbox 2262 4593 2325 4648; x_wconf 88' lang='lat' dir='ltr'><strong>Et</strong></span> <span class='ocrx_word' id='word_1_764' title='bbox 2353 4593 2497 4646; x_wconf 87' lang='lat' dir='ltr'><strong>dabo</strong></span> <span class='ocrx_word' id='word_1_765' title='bbox 2555 4601 2754 4645; x_wconf 89' lang='lat' dir='ltr'><strong>terram</strong></span> <span class='ocrx_word' id='word_1_766' title='bbox 2798 4593 2848 4646; x_wconf 93' lang='lat' dir='ltr'><strong>in</strong></span> <span class='ocrx_word' id='word_1_767' title='bbox 2890 4591 3305 4658; x_wconf 90' lang='lat' dir='ltr'><strong>desolationem,</strong></span> <span class='ocrx_word' id='word_1_768' title='bbox 3356 4610 3454 4664; x_wconf 92' lang='lat' dir='ltr'><strong>pro</strong></span> <span class='ocrx_word' id='word_1_769' title='bbox 3503 4612 3568 4651; x_wconf 88' lang='lat' dir='ltr'><strong>co</strong></span> <span class='ocrx_word' id='word_1_770' title='bbox 3602 4600 3750 4667; x_wconf 90' lang='lat' dir='ltr'><strong>quod</strong></span> 
     </span>
    </p>
   </div>
   <div class='ocr_carea' id='block_1_91' title="bbox 486 4659 2066 4750">
    <p class='ocr_par' dir='ltr' id='par_1_91' title="bbox 486 4659 2066 4750">
     <span class='ocr_line' id='line_1_91' title="bbox 486 4659 2066 4750; baseline 0.016 -37"><span class='ocrx_word' id='word_1_771' title='bbox 486 4659 692 4716; x_wconf 87' lang='lat' dir='ltr'><strong>fuerint</strong></span> <span class='ocrx_word' id='word_1_772' title='bbox 726 4665 812 4719; x_wconf 70' lang='lat' dir='ltr'><strong>isti</strong></span> <span class='ocrx_word' id='word_1_773' title='bbox 845 4679 954 4722; x_wconf 89' lang='lat' dir='ltr'><strong>tres</strong></span> <span class='ocrx_word' id='word_1_774' title='bbox 989 4671 1088 4725; x_wconf 82' lang='lat' dir='ltr'><strong>viri</strong></span> <span class='ocrx_word' id='word_1_775' title='bbox 1130 4674 1182 4727; x_wconf 93' lang='lat' dir='ltr'><strong>in</strong></span> <span class='ocrx_word' id='word_1_776' title='bbox 1213 4677 1392 4731; x_wconf 89' lang='lat' dir='ltr'><strong>medio</strong></span> <span class='ocrx_word' id='word_1_777' title='bbox 1419 4678 1560 4746; x_wconf 93' lang='lat' dir='ltr'><strong>ejus,</strong></span> <span class='ocrx_word' id='word_1_778' title='bbox 1596 4679 1729 4745; x_wconf 87' lang='lat' dir='ltr'><strong>Noe,</strong></span> <span class='ocrx_word' id='word_1_779' title='bbox 1765 4694 1818 4735; x_wconf 79' lang='lat' dir='ltr'><strong>et</strong></span> <span class='ocrx_word' id='word_1_780' title='bbox 1849 4683 2066 4750; x_wconf 87' lang='lat' dir='ltr'><strong>Daniel,</strong></span> 
     </span>
    </p>
   </div>
   <div class='ocr_carea' id='block_1_92' title="bbox 487 4754 2068 4838">
    <p class='ocr_par' dir='ltr' id='par_1_92' title="bbox 487 4754 2068 4838">
     <span class='ocr_line' id='line_1_92' title="bbox 487 4754 2068 4838; baseline 0.017 -32"><span class='ocrx_word' id='word_1_781' title='bbox 487 4767 540 4808; x_wconf 87' lang='lat' dir='ltr'><strong>et</strong></span> <span class='ocrx_word' id='word_1_782' title='bbox 569 4754 693 4824; x_wconf 88' lang='lat' dir='ltr'><strong>Job,</strong></span> <span class='ocrx_word' id='word_1_783' title='bbox 729 4758 829 4828; x_wconf 86' lang='lat' dir='ltr'><strong>ipsi</strong></span> <span class='ocrx_word' id='word_1_784' title='bbox 855 4761 906 4814; x_wconf 94' lang='lat' dir='ltr'><strong>in</strong></span> <span class='ocrx_word' id='word_1_785' title='bbox 931 4763 1147 4833; x_wconf 88' lang='lat' dir='ltr'><strong>justitia</strong></span> <span class='ocrx_word' id='word_1_786' title='bbox 1173 4784 1270 4821; x_wconf 82' lang='lat' dir='ltr'><strong>sua</strong></span> <span class='ocrx_word' id='word_1_787' title='bbox 1292 4773 1677 4838; x_wconf 85' lang='lat' dir='ltr'><strong>servabuntur,</strong></span> <span class='ocrx_word' id='word_1_788' title='bbox 1705 4775 1837 4829; x_wconf 90' lang='lat' dir='ltr'><strong>dicit</strong></span> <span class='ocrx_word' id='word_1_789' title='bbox 1860 4777 2068 4833; x_wconf 80' lang='lat' dir='ltr'><strong>Adouai</strong></span> 
     </span>
    </p>
   </div>
   <div class='ocr_carea' id='block_1_93' title="bbox 489 4846 2071 4940">
    <p class='ocr_par' dir='ltr' id='par_1_93' title="bbox 489 4846 2071 4940">
     <span class='ocr_line' id='line_1_93' title="bbox 489 4846 2071 4940; baseline 0.017 -41"><span class='ocrx_word' id='word_1_790' title='bbox 489 4846 775 4907; x_wconf 84' lang='lat' dir='ltr'><strong>Dominus.</strong></span> <span class='ocrx_word' id='word_1_791' title='bbox 821 4853 906 4908; x_wconf 79' lang='grc'><strong>15.</strong></span> <span class='ocrx_word' id='word_1_792' title='bbox 957 4855 1012 4909; x_wconf 91' lang='lat' dir='ltr'><strong>Si</strong></span> <span class='ocrx_word' id='word_1_793' title='bbox 1047 4867 1101 4911; x_wconf 93' lang='lat' dir='ltr'><strong>ct</strong></span> <span class='ocrx_word' id='word_1_794' title='bbox 1147 4859 1348 4916; x_wconf 89' lang='lat' dir='ltr'><strong>bestias</strong></span> <span class='ocrx_word' id='word_1_795' title='bbox 1396 4869 1565 4922; x_wconf 82' lang='lat' dir='ltr'><strong>malas</strong></span> <span class='ocrx_word' id='word_1_796' title='bbox 1601 4866 1870 4922; x_wconf 78' lang='lat' dir='ltr'><strong>iuduxero</strong></span> <span class='ocrx_word' id='word_1_797' title='bbox 1907 4887 2071 4940; x_wconf 88' lang='lat' dir='ltr'><strong>super</strong></span> 
     </span>
    </p>
   </div>
   <div class='ocr_carea' id='block_1_94' title="bbox 487 4950 2067 5032">
    <p class='ocr_par' dir='ltr' id='par_1_94' title="bbox 487 4950 2067 5032">
     <span class='ocr_line' id='line_1_94' title="bbox 487 4950 2067 5032; baseline 0.015 -40"><span class='ocrx_word' id='word_1_798' title='bbox 487 4950 714 5005; x_wconf 88' lang='lat' dir='ltr'><strong>terram,</strong></span> <span class='ocrx_word' id='word_1_799' title='bbox 751 4957 804 4999; x_wconf 89' lang='lat' dir='ltr'><strong>et</strong></span> <span class='ocrx_word' id='word_1_800' title='bbox 832 4952 1068 5016; x_wconf 70' lang='lat' dir='ltr'><strong>po&#39;sucro</strong></span> <span class='ocrx_word' id='word_1_801' title='bbox 1097 4951 1148 5003; x_wconf 91' lang='lat' dir='ltr'><strong>iu</strong></span> <span class='ocrx_word' id='word_1_802' title='bbox 1179 4962 1343 5021; x_wconf 91' lang='lat' dir='ltr'><strong>caput</strong></span> <span class='ocrx_word' id='word_1_803' title='bbox 1375 4955 1433 5024; x_wconf 82' lang='lat' dir='ltr'><strong>(i.</strong></span> <span class='ocrx_word' id='word_1_804' title='bbox 1470 4971 1520 5008; x_wconf 93' lang='lat' dir='ltr'><strong>e.</strong></span> <span class='ocrx_word' id='word_1_805' title='bbox 1557 4959 1798 5028; x_wconf 76' lang='lat' dir='ltr'><strong>puniant)</strong></span> <span class='ocrx_word' id='word_1_806' title='bbox 1825 4961 1965 5030; x_wconf 86' lang='lat' dir='ltr'><strong>ejus,</strong></span> <span class='ocrx_word' id='word_1_807' title='bbox 1998 4963 2067 5032; x_wconf 88' lang='lat' dir='ltr'><strong>(r)</strong></span> 
     </span>
    </p>
   </div>
   <div class='ocr_carea' id='block_1_95' title="bbox 485 5037 2066 5109">
    <p class='ocr_par' dir='ltr' id='par_1_95' title="bbox 485 5037 2066 5109">
     <span class='ocr_line' id='line_1_95' title="bbox 485 5037 2066 5109; baseline 0.013 -21"><span class='ocrx_word' id='word_1_808' title='bbox 485 5041 540 5088; x_wconf 87' lang='lat' dir='ltr'><strong>ct</strong></span> <span class='ocrx_word' id='word_1_809' title='bbox 570 5037 673 5088; x_wconf 91' lang='lat' dir='ltr'><strong>erit</strong></span> <span class='ocrx_word' id='word_1_810' title='bbox 727 5038 780 5090; x_wconf 92' lang='lat' dir='ltr'><strong>in</strong></span> <span class='ocrx_word' id='word_1_811' title='bbox 821 5041 1072 5108; x_wconf 78' lang='lat' dir='ltr'><strong>exitium,</strong></span> <span class='ocrx_word' id='word_1_812' title='bbox 1121 5053 1175 5098; x_wconf 90' lang='lat' dir='ltr'><strong>et</strong></span> <span class='ocrx_word' id='word_1_813' title='bbox 1218 5061 1325 5099; x_wconf 92' lang='lat' dir='ltr'><strong>non</strong></span> <span class='ocrx_word' id='word_1_814' title='bbox 1379 5047 1480 5101; x_wconf 90' lang='lat' dir='ltr'><strong>erit</strong></span> <span class='ocrx_word' id='word_1_815' title='bbox 1523 5050 1797 5105; x_wconf 85' lang='lat' dir='ltr'><strong>transiens</strong></span> <span class='ocrx_word' id='word_1_816' title='bbox 1830 5054 1972 5106; x_wconf 86' lang='lat' dir='ltr'><strong>viam</strong></span> <span class='ocrx_word' id='word_1_817' title='bbox 2036 5073 2066 5109; x_wconf 86' lang='lat' dir='ltr'><strong>a</strong></span> 
     </span>
    </p>
   </div>
   <div class='ocr_carea' id='block_1_96' title="bbox 487 5125 2068 5216">
    <p class='ocr_par' dir='ltr' id='par_1_96' title="bbox 487 5125 2068 5216">
     <span class='ocr_line' id='line_1_96' title="bbox 487 5125 2068 5216; baseline 0.015 -39"><span class='ocrx_word' id='word_1_818' title='bbox 487 5125 622 5180; x_wconf 88' lang='lat' dir='ltr'><strong>facie</strong></span> <span class='ocrx_word' id='word_1_819' title='bbox 661 5127 980 5198; x_wconf 84' lang='lat' dir='ltr'><strong>bestiarum,</strong></span> <span class='ocrx_word' id='word_1_820' title='bbox 1017 5134 1104 5187; x_wconf 83' lang='grc'><strong>16.</strong></span> <span class='ocrx_word' id='word_1_821' title='bbox 1139 5145 1193 5190; x_wconf 92' lang='lat' dir='ltr'><strong>et</strong></span> <span class='ocrx_word' id='word_1_822' title='bbox 1226 5137 1313 5191; x_wconf 87' lang='lat' dir='ltr'><strong>isti</strong></span> <span class='ocrx_word' id='word_1_823' title='bbox 1348 5141 1592 5194; x_wconf 81' lang='lat' dir='ltr'><strong>tresviri</strong></span> <span class='ocrx_word' id='word_1_824' title='bbox 1629 5141 1683 5194; x_wconf 92' lang='lat' dir='ltr'><strong>in</strong></span> <span class='ocrx_word' id='word_1_825' title='bbox 1729 5145 1909 5199; x_wconf 90' lang='lat' dir='ltr'><strong>medio</strong></span> <span class='ocrx_word' id='word_1_826' title='bbox 1948 5147 2068 5216; x_wconf 88' lang='lat' dir='ltr'><strong>ejus</strong></span> 
     </span>
    </p>
   </div>
   <div class='ocr_carea' id='block_1_97' title="bbox 481 5219 2064 5301">
    <p class='ocr_par' dir='ltr' id='par_1_97' title="bbox 481 5219 2064 5301">
     <span class='ocr_line' id='line_1_97' title="bbox 481 5219 2064 5301; baseline 0.015 -30"><span class='ocrx_word' id='word_1_827' title='bbox 481 5219 725 5286; x_wconf 86' lang='lat' dir='ltr'><strong>fuerint;</strong></span> <span class='ocrx_word' id='word_1_828' title='bbox 767 5224 888 5277; x_wconf 84' lang='lat' dir='ltr'><strong>vivo</strong></span> <span class='ocrx_word' id='word_1_829' title='bbox 939 5242 1062 5293; x_wconf 65' lang='lat' dir='ltr'><strong>ego,</strong></span> <span class='ocrx_word' id='word_1_830' title='bbox 1097 5228 1229 5282; x_wconf 80' lang='lat' dir='ltr'><strong>dicit</strong></span> <span class='ocrx_word' id='word_1_831' title='bbox 1282 5230 1489 5284; x_wconf 80' lang='lat' dir='ltr'><strong>Adouai</strong></span> <span class='ocrx_word' id='word_1_832' title='bbox 1535 5231 1826 5301; x_wconf 89' lang='lat' dir='ltr'><strong>Dominus,</strong></span> <span class='ocrx_word' id='word_1_833' title='bbox 1883 5238 1928 5292; x_wconf 91' lang='lat' dir='ltr'><strong>si</strong></span> <span class='ocrx_word' id='word_1_834' title='bbox 1971 5239 2064 5295; x_wconf 91' lang='lat' dir='ltr'><strong>ﬁlii</strong></span> 
     </span>
    </p>
   </div>
   <div class='ocr_carea' id='block_1_98' title="bbox 553 5357 1876 5439">
    <p class='ocr_par' dir='ltr' id='par_1_98' title="bbox 553 5357 1876 5439">
     <span class='ocr_line' id='line_1_98' title="bbox 553 5357 1876 5439; baseline 0.011 -28"><span class='ocrx_word' id='word_1_835' title='bbox 553 5357 628 5425; x_wconf 80' lang='lat' dir='ltr'><strong>(g)</strong></span> <span class='ocrx_word' id='word_1_836' title='bbox 673 5358 1134 5439; x_wconf 40' lang='lat' dir='ltr'><strong>_S.,_&#39;Tlt.,_i_dola</strong></span> <span class='ocrx_word' id='word_1_837' title='bbox 1196 5383 1317 5421; x_wconf 89' lang='lat' dir='ltr'><strong>sua.</strong></span> <span class='ocrx_word' id='word_1_838' title='bbox 1396 5366 1474 5439; x_wconf 82' lang='grc' dir='ltr'><strong>(Ιι)</strong></span> <span class='ocrx_word' id='word_1_839' title='bbox 1523 5367 1604 5431; x_wconf 90' lang='grc'><strong>8.,</strong></span> <span class='ocrx_word' id='word_1_840' title='bbox 1664 5379 1876 5426; x_wconf 89' lang='lat' dir='ltr'><strong>contra.</strong></span> 
     </span>
    </p>
   </div>
   <div class='ocr_carea' id='block_1_99' title="bbox 482 5428 2081 5519">
    <p class='ocr_par' dir='ltr' id='par_1_99' title="bbox 482 5428 2081 5519">
     <span class='ocr_line' id='line_1_99' title="bbox 482 5428 2081 5519; baseline 0.014 -37"><span class='ocrx_word' id='word_1_841' title='bbox 482 5443 624 5483; x_wconf 88' lang='lat' dir='ltr'><strong>rutn.</strong></span> <span class='ocrx_word' id='word_1_842' title='bbox 664 5428 735 5500; x_wconf 71' lang='lat' dir='ltr'><strong>(It)</strong></span> <span class='ocrx_word' id='word_1_843' title='bbox 783 5429 898 5519; x_wconf 45' lang='lat' dir='ltr'><strong>Ne.‘</strong></span> <span class='ocrx_word' id='word_1_844' title='bbox 941 5435 1020 5519; x_wconf 63' lang='grc' dir='ltr'><strong>μ)</strong></span> <span class='ocrx_word' id='word_1_845' title='bbox 1049 5428 1414 5519; x_wconf 34' lang='lat' dir='ltr'><strong>Avertere-mf</strong></span> <span class='ocrx_word' id='word_1_846' title='bbox 1457 5428 1679 5519; x_wconf 59' lang='lat' dir='ltr'><strong>&#39;(rit)_S.,</strong></span> <span class='ocrx_word' id='word_1_847' title='bbox 1717 5428 2081 5519; x_wconf 48' lang='grc' dir='ltr'><strong>ιόενοιιιιδιῇί</strong></span> 
     </span>
    </p>
   </div>
   <div class='ocr_carea' id='block_1_100' title="bbox 2185 5428 3482 5519">
    <p class='ocr_par' dir='ltr' id='par_1_100' title="bbox 2185 5428 3482 5519">
     <span class='ocr_line' id='line_1_100' title="bbox 2185 5428 3482 5519; baseline -0.008 -16"><span class='ocrx_word' id='word_1_848' title='bbox 2185 5428 2389 5519; x_wconf 58' lang='lat' dir='ltr'><strong>egirper</strong></span> <span class='ocrx_word' id='word_1_849' title='bbox 2427 5428 2646 5519; x_wconf 80' lang='lat' dir='ltr'><strong>manum</strong></span> <span class='ocrx_word' id='word_1_850' title='bbox 2681 5456 2881 5494; x_wconf 87' lang='lat' dir='ltr'><strong>meam.</strong></span> <span class='ocrx_word' id='word_1_851' title='bbox 2959 5441 3038 5510; x_wconf 81' lang='grc' dir='ltr'><strong>(η)</strong></span> <span class='ocrx_word' id='word_1_852' title='bbox 3067 5441 3149 5506; x_wconf 88' lang='grc'><strong>8.,</strong></span> <span class='ocrx_word' id='word_1_853' title='bbox 3184 5451 3482 5519; x_wconf 29' lang='lat' dir='ltr'><strong>et‘notum.</strong></span> 
     </span>
    </p>
   </div>
   <div class='ocr_carea' id='block_1_101' title="bbox 479 5504 1863 5579">
    <p class='ocr_par' dir='ltr' id='par_1_101' title="bbox 479 5504 1863 5579">
     <span class='ocr_line' id='line_1_101' title="bbox 479 5504 1863 5579; baseline 0.013 -29"><span class='ocrx_word' id='word_1_854' title='bbox 479 5513 719 5579; x_wconf 80' lang='lat' dir='ltr'><strong>Signum.</strong></span> <span class='ocrx_word' id='word_1_855' title='bbox 826 5505 902 5572; x_wconf 79' lang='grc' dir='ltr'><strong>(ρ)</strong></span> <span class='ocrx_word' id='word_1_856' title='bbox 1047 5509 1127 5562; x_wconf 89' lang='lat' dir='ltr'><strong>sic</strong></span> <span class='ocrx_word' id='word_1_857' title='bbox 1153 5510 1414 5578; x_wconf 90' lang='lat' dir='ltr'><strong>iniquitas</strong></span> <span class='ocrx_word' id='word_1_858' title='bbox 1438 5504 1717 5579; x_wconf 52' lang='lat' dir='ltr'><strong>prophetae</strong></span> <span class='ocrx_word' id='word_1_859' title='bbox 1740 5504 1863 5568; x_wconf 86' lang='lat' dir='ltr'><strong>erit.</strong></span> 
     </span>
    </p>
   </div>
   <div class='ocr_carea' id='block_1_102' title="bbox 481 5572 2638 5665">
    <p class='ocr_par' dir='ltr' id='par_1_102' title="bbox 481 5572 2638 5665">
     <span class='ocr_line' id='line_1_102' title="bbox 481 5572 2638 5665; baseline 0.006 -44"><span class='ocrx_word' id='word_1_860' title='bbox 481 5572 685 5665; x_wconf 62' lang='lat' dir='ltr'><strong>pelrvia,</strong></span> <span class='ocrx_word' id='word_1_861' title='bbox 714 5587 780 5627; x_wconf 93' lang='lat' dir='ltr'><strong>co</strong></span> <span class='ocrx_word' id='word_1_862' title='bbox 808 5577 953 5654; x_wconf 80' lang='lat' dir='ltr'><strong>quod</strong></span> <span class='ocrx_word' id='word_1_863' title='bbox 994 5593 1098 5665; x_wconf 61' lang='lat' dir='ltr'><strong>nor:</strong></span> <span class='ocrx_word' id='word_1_864' title='bbox 1142 5581 1220 5659; x_wconf 83' lang='lat' dir='ltr'><strong>s_it_</strong></span> <span class='ocrx_word' id='word_1_865' title='bbox 1239 5572 1514 5665; x_wconf 71' lang='lat' dir='ltr'><strong>transiens</strong></span> <span class='ocrx_word' id='word_1_866' title='bbox 1544 5572 1711 5664; x_wconf 72' lang='lat' dir='ltr'><strong>invia</strong></span> <span class='ocrx_word' id='word_1_867' title='bbox 1752 5572 2234 5665; x_wconf 64' lang='lat' dir='ltr'><strong>propter&#39;bestias.</strong></span> <span class='ocrx_word' id='word_1_868' title='bbox 2307 5588 2374 5656; x_wconf 70' lang='grc' dir='ltr'><strong>(δ)</strong></span> <span class='ocrx_word' id='word_1_869' title='bbox 2420 5589 2638 5665; x_wconf 35' lang='lat' dir='ltr'><strong>tamen).</strong></span> 
     </span>
    </p>
   </div>
   <div class='ocr_carea' id='block_1_103' title="bbox 481 5640 2576 5722">
    <p class='ocr_par' dir='ltr' id='par_1_103' title="bbox 481 5640 2576 5722">
     <span class='ocr_line' id='line_1_103' title="bbox 481 5640 2576 5722; baseline 0.009 -30"><span class='ocrx_word' id='word_1_870' title='bbox 481 5640 862 5722; x_wconf 65' lang='lat' dir='ltr'><strong>relinquentur</strong></span> <span class='ocrx_word' id='word_1_871' title='bbox 899 5647 952 5697; x_wconf 92' lang='lat' dir='ltr'><strong>in</strong></span> <span class='ocrx_word' id='word_1_872' title='bbox 979 5663 1039 5698; x_wconf 88' lang='lat' dir='ltr'><strong>ea</strong></span> <span class='ocrx_word' id='word_1_873' title='bbox 1072 5646 1304 5717; x_wconf 87' lang='lat' dir='ltr'><strong>fugitivi.</strong></span> <span class='ocrx_word' id='word_1_874' title='bbox 1342 5651 1431 5703; x_wconf 91' lang='lat' dir='ltr'><strong>isti</strong></span> <span class='ocrx_word' id='word_1_875' title='bbox 1465 5640 1872 5722; x_wconf 44' lang='lat' dir='ltr'><strong>hominem-qui</strong></span> <span class='ocrx_word' id='word_1_876' title='bbox 1901 5661 2137 5713; x_wconf 87' lang='lat' dir='ltr'><strong>educent</strong></span> <span class='ocrx_word' id='word_1_877' title='bbox 2166 5640 2386 5713; x_wconf 49' lang='lat' dir='ltr'><strong>lilios‘e&#39;t</strong></span> <span class='ocrx_word' id='word_1_878' title='bbox 2418 5656 2576 5708; x_wconf 76' lang='lat' dir='ltr'><strong>ﬁlias.</strong></span> 
     </span>
    </p>
   </div>
   <div class='ocr_carea' id='block_1_104' title="bbox 480 5709 2119 5794">
    <p class='ocr_par' dir='ltr' id='par_1_104' title="bbox 480 5709 2119 5794">
     <span class='ocr_line' id='line_1_104' title="bbox 480 5709 2119 5794; baseline 0.012 -34"><span class='ocrx_word' id='word_1_879' title='bbox 685 5711 757 5776; x_wconf 67' lang='grc' dir='ltr'><strong>(ε)</strong></span> <span class='ocrx_word' id='word_1_880' title='bbox 791 5711 877 5793; x_wconf 79' lang='grc'><strong>8.,</strong></span> <span class='ocrx_word' id='word_1_881' title='bbox 905 5730 1070 5794; x_wconf 74' lang='lat' dir='ltr'><strong>super</strong></span> <span class='ocrx_word' id='word_1_882' title='bbox 1095 5709 1374 5794; x_wconf 68' lang='lat' dir='ltr'><strong>omnibus,</strong></span> <span class='ocrx_word' id='word_1_883' title='bbox 1411 5737 1535 5788; x_wconf 71' lang='lat' dir='ltr'><strong>quae</strong></span> <span class='ocrx_word' id='word_1_884' title='bbox 1567 5709 1755 5777; x_wconf 60' lang='lat' dir='ltr'><strong>induxi</strong></span> <span class='ocrx_word' id='word_1_885' title='bbox 1783 5709 1946 5794; x_wconf 65' lang='lat' dir='ltr'><strong>super</strong></span> <span class='ocrx_word' id='word_1_886' title='bbox 1979 5746 2119 5782; x_wconf 84' lang='lat' dir='ltr'><strong>eam.</strong></span> 
     </span>
    </p>
   </div>
   <div class='ocr_carea' id='block_1_105' title="bbox 2171 4685 3497 4756">
    <p class='ocr_par' dir='ltr' id='par_1_105' title="bbox 2171 4685 3497 4756">
     <span class='ocr_line' id='line_1_105' title="bbox 2171 4685 3497 4756; baseline 0.002 -15"><span class='ocrx_word' id='word_1_887' title='bbox 2171 4686 2522 4756; x_wconf 82' lang='lat' dir='ltr'><strong>deliquerunt</strong></span> <span class='ocrx_word' id='word_1_888' title='bbox 2553 4685 2771 4752; x_wconf 89' lang='lat' dir='ltr'><strong>delicto,</strong></span> <span class='ocrx_word' id='word_1_889' title='bbox 2805 4685 2936 4739; x_wconf 87' lang='lat' dir='ltr'><strong>dicit</strong></span> <span class='ocrx_word' id='word_1_890' title='bbox 2962 4685 3172 4740; x_wconf 85' lang='lat' dir='ltr'><strong>Adouai</strong></span> <span class='ocrx_word' id='word_1_891' title='bbox 3209 4686 3497 4744; x_wconf 91' lang='lat' dir='ltr'><strong>Dominus.</strong></span> 
     </span>
    </p>
   </div>
   <div class='ocr_carea' id='block_1_106' title="bbox 2241 4776 3748 4848">
    <p class='ocr_par' dir='ltr' id='par_1_106' title="bbox 2241 4776 3748 4848">
     <span class='ocr_line' id='line_1_106' title="bbox 2241 4776 3748 4848; baseline 0.003 -15"><span class='ocrx_word' id='word_1_892' title='bbox 2241 4778 2374 4848; x_wconf 88' lang='lat' dir='ltr'><strong>Cap.</strong></span> <span class='ocrx_word' id='word_1_893' title='bbox 2410 4776 2550 4832; x_wconf 74' lang='lat' dir='ltr'><strong>XVI.</strong></span> <span class='ocrx_word' id='word_1_894' title='bbox 2586 4808 2653 4817; x_wconf 94' lang='lat'><strong>—</strong></span> <span class='ocrx_word' id='word_1_895' title='bbox 2684 4779 2734 4830; x_wconf 94' lang='grc'><strong>1.</strong></span> <span class='ocrx_word' id='word_1_896' title='bbox 2772 4777 2833 4829; x_wconf 80' lang='lat' dir='ltr'><strong>Et</strong></span> <span class='ocrx_word' id='word_1_897' title='bbox 2866 4776 3065 4832; x_wconf 87' lang='lat' dir='ltr'><strong>factum</strong></span> <span class='ocrx_word' id='word_1_898' title='bbox 3117 4789 3203 4834; x_wconf 90' lang='lat' dir='ltr'><strong>est</strong></span> <span class='ocrx_word' id='word_1_899' title='bbox 3252 4781 3477 4836; x_wconf 88' lang='lat' dir='ltr'><strong>verbum</strong></span> <span class='ocrx_word' id='word_1_900' title='bbox 3533 4782 3748 4838; x_wconf 90' lang='lat' dir='ltr'><strong>Domini</strong></span> 
     </span>
    </p>
   </div>
   <div class='ocr_carea' id='block_1_107' title="bbox 2170 4867 3749 4937">
    <p class='ocr_par' dir='ltr' id='par_1_107' title="bbox 2170 4867 3749 4937">
     <span class='ocr_line' id='line_1_107' title="bbox 2170 4867 3749 4937; baseline 0.003 -12"><span class='ocrx_word' id='word_1_901' title='bbox 2170 4871 2238 4925; x_wconf 88' lang='lat' dir='ltr'><strong>ad</strong></span> <span class='ocrx_word' id='word_1_902' title='bbox 2264 4885 2372 4937; x_wconf 91' lang='lat' dir='ltr'><strong>me,</strong></span> <span class='ocrx_word' id='word_1_903' title='bbox 2404 4869 2594 4924; x_wconf 88' lang='lat' dir='ltr'><strong>dicens</strong></span> <span class='ocrx_word' id='word_1_904' title='bbox 2634 4889 2645 4923; x_wconf 91' lang='lat'><strong>:</strong></span> <span class='ocrx_word' id='word_1_905' title='bbox 2672 4869 2724 4922; x_wconf 68' lang='grc'>2.</span> <span class='ocrx_word' id='word_1_906' title='bbox 2759 4867 2858 4923; x_wconf 82' lang='lat' dir='ltr'><strong>Fili</strong></span> <span class='ocrx_word' id='word_1_907' title='bbox 2891 4871 3148 4937; x_wconf 88' lang='lat' dir='ltr'><strong>hominis,</strong></span> <span class='ocrx_word' id='word_1_908' title='bbox 3175 4872 3466 4928; x_wconf 86' lang='lat' dir='ltr'><strong>testiﬁcare</strong></span> <span class='ocrx_word' id='word_1_909' title='bbox 3489 4873 3749 4931; x_wconf 86' lang='lat' dir='ltr'><strong>llieroso—</strong></span> 
     </span>
    </p>
   </div>
   <div class='ocr_carea' id='block_1_108' title="bbox 2170 4961 3748 5035">
    <p class='ocr_par' dir='ltr' id='par_1_108' title="bbox 2170 4961 3748 5035">
     <span class='ocr_line' id='line_1_108' title="bbox 2170 4961 3748 5035; baseline -0.005 -17"><span class='ocrx_word' id='word_1_910' title='bbox 2170 4965 2328 5035; x_wconf 77' lang='lat' dir='ltr'><strong>lyma:</strong></span> <span class='ocrx_word' id='word_1_911' title='bbox 2358 4963 2674 5032; x_wconf 90' lang='lat' dir='ltr'><strong>iniquitates</strong></span> <span class='ocrx_word' id='word_1_912' title='bbox 2703 4962 2839 5028; x_wconf 87' lang='lat' dir='ltr'><strong>ejus,</strong></span> <span class='ocrx_word' id='word_1_913' title='bbox 2876 4961 2928 5015; x_wconf 87' lang='grc'><strong>5.</strong></span> <span class='ocrx_word' id='word_1_914' title='bbox 2962 4972 3014 5016; x_wconf 90' lang='lat' dir='ltr'><strong>et</strong></span> <span class='ocrx_word' id='word_1_915' title='bbox 3043 4961 3190 5018; x_wconf 88' lang='lat' dir='ltr'><strong>dices</strong></span> <span class='ocrx_word' id='word_1_916' title='bbox 3219 4982 3231 5017; x_wconf 92' lang='lat'>:</span> <span class='ocrx_word' id='word_1_917' title='bbox 3273 4963 3397 5021; x_wconf 67' lang='lat' dir='ltr'><strong>Haec</strong></span> <span class='ocrx_word' id='word_1_918' title='bbox 3429 4966 3560 5021; x_wconf 92' lang='lat' dir='ltr'><strong>dicit</strong></span> <span class='ocrx_word' id='word_1_919' title='bbox 3597 4969 3748 5024; x_wconf 82' lang='lat' dir='ltr'><strong>Ado-</strong></span> 
     </span>
    </p>
   </div>
   <div class='ocr_carea' id='block_1_109' title="bbox 2171 5053 3745 5130">
    <p class='ocr_par' dir='ltr' id='par_1_109' title="bbox 2171 5053 3745 5130">
     <span class='ocr_line' id='line_1_109' title="bbox 2171 5053 3745 5130; baseline 0.003 -20"><span class='ocrx_word' id='word_1_920' title='bbox 2171 5056 2258 5110; x_wconf 90' lang='lat' dir='ltr'><strong>nai</strong></span> <span class='ocrx_word' id='word_1_921' title='bbox 2284 5053 2550 5108; x_wconf 90' lang='lat' dir='ltr'><strong>Dominus</strong></span> <span class='ocrx_word' id='word_1_922' title='bbox 2577 5054 2642 5108; x_wconf 93' lang='lat' dir='ltr'><strong>ad</strong></span> <span class='ocrx_word' id='word_1_923' title='bbox 2671 5053 2968 5108; x_wconf 86' lang='lat' dir='ltr'><strong>Jerusalem</strong></span> <span class='ocrx_word' id='word_1_924' title='bbox 2999 5073 3010 5107; x_wconf 93' lang='lat'>:</span> <span class='ocrx_word' id='word_1_925' title='bbox 3046 5053 3124 5124; x_wconf 79' lang='grc' dir='ltr'><strong>(ά)</strong></span> <span class='ocrx_word' id='word_1_926' title='bbox 3149 5055 3321 5111; x_wconf 80' lang='lat' dir='ltr'><strong>Radix</strong></span> <span class='ocrx_word' id='word_1_927' title='bbox 3356 5067 3468 5124; x_wconf 88' lang='lat' dir='ltr'><strong>tua,</strong></span> <span class='ocrx_word' id='word_1_928' title='bbox 3494 5067 3547 5112; x_wconf 91' lang='lat' dir='ltr'><strong>et</strong></span> <span class='ocrx_word' id='word_1_929' title='bbox 3577 5076 3745 5130; x_wconf 84' lang='lat' dir='ltr'><strong>gene-</strong></span> 
     </span>
    </p>
   </div>
   <div class='ocr_carea' id='block_1_110' title="bbox 2171 5144 3740 5215">
    <p class='ocr_par' dir='ltr' id='par_1_110' title="bbox 2171 5144 3740 5215">
     <span class='ocr_line' id='line_1_110' title="bbox 2171 5144 3740 5215; baseline 0.003 -13"><span class='ocrx_word' id='word_1_930' title='bbox 2171 5147 2308 5202; x_wconf 86' lang='lat' dir='ltr'><strong>ratio</strong></span> <span class='ocrx_word' id='word_1_931' title='bbox 2331 5155 2419 5200; x_wconf 89' lang='lat' dir='ltr'><strong>tua</strong></span> <span class='ocrx_word' id='word_1_932' title='bbox 2447 5146 2512 5201; x_wconf 89' lang='lat' dir='ltr'><strong>de</strong></span> <span class='ocrx_word' id='word_1_933' title='bbox 2540 5158 2683 5200; x_wconf 87' lang='lat' dir='ltr'><strong>terra</strong></span> <span class='ocrx_word' id='word_1_934' title='bbox 2714 5144 2967 5199; x_wconf 87' lang='lat' dir='ltr'><strong>Chanaan</strong></span> <span class='ocrx_word' id='word_1_935' title='bbox 3013 5164 3026 5198; x_wconf 88' lang='lat'>:</span> <span class='ocrx_word' id='word_1_936' title='bbox 3072 5155 3223 5214; x_wconf 91' lang='lat' dir='ltr'><strong>pater</strong></span> <span class='ocrx_word' id='word_1_937' title='bbox 3249 5156 3374 5202; x_wconf 90' lang='lat' dir='ltr'><strong>tuus</strong></span> <span class='ocrx_word' id='word_1_938' title='bbox 3409 5151 3740 5215; x_wconf 71' lang='lat' dir='ltr'><strong>Amorraaus,</strong></span> 
     </span>
    </p>
   </div>
   <div class='ocr_carea' id='block_1_111' title="bbox 2169 5235 3744 5308">
    <p class='ocr_par' dir='ltr' id='par_1_111' title="bbox 2169 5235 3744 5308">
     <span class='ocr_line' id='line_1_111' title="bbox 2169 5235 3744 5308; baseline -0.001 -12"><span class='ocrx_word' id='word_1_939' title='bbox 2169 5253 2224 5297; x_wconf 91' lang='lat' dir='ltr'><strong>et</strong></span> <span class='ocrx_word' id='word_1_940' title='bbox 2257 5248 2428 5295; x_wconf 89' lang='lat' dir='ltr'><strong>mater</strong></span> <span class='ocrx_word' id='word_1_941' title='bbox 2453 5248 2540 5292; x_wconf 91' lang='lat' dir='ltr'><strong>tua</strong></span> <span class='ocrx_word' id='word_1_942' title='bbox 2571 5239 2796 5291; x_wconf 76' lang='lat' dir='ltr'><strong>Hettzea.</strong></span> <span class='ocrx_word' id='word_1_943' title='bbox 2823 5236 2875 5288; x_wconf 69' lang='grc'>4.</span> <span class='ocrx_word' id='word_1_944' title='bbox 2906 5235 2975 5307; x_wconf 84' lang='grc' dir='ltr'><strong>(ε)</strong></span> <span class='ocrx_word' id='word_1_945' title='bbox 3013 5235 3079 5290; x_wconf 89' lang='lat' dir='ltr'><strong>Et</strong></span> <span class='ocrx_word' id='word_1_946' title='bbox 3113 5238 3390 5307; x_wconf 87' lang='lat' dir='ltr'><strong>generatio</strong></span> <span class='ocrx_word' id='word_1_947' title='bbox 3417 5247 3509 5294; x_wconf 89' lang='lat' dir='ltr'><strong>tua</strong></span> <span class='ocrx_word' id='word_1_948' title='bbox 3539 5240 3595 5294; x_wconf 91' lang='lat' dir='ltr'><strong>in</strong></span> <span class='ocrx_word' id='word_1_949' title='bbox 3636 5241 3744 5308; x_wconf 90' lang='lat' dir='ltr'><strong>die,</strong></span> 
     </span>
    </p>
   </div>
   <div class='ocr_carea' id='block_1_112' title="bbox 1955 5370 3744 5511">
    <p class='ocr_par' dir='ltr' id='par_1_112' title="bbox 1955 5370 3744 5511">
     <span class='ocr_line' id='line_1_112' title="bbox 1955 5370 3744 5446; baseline -0.008 -16"><span class='ocrx_word' id='word_1_950' title='bbox 1955 5378 2015 5444; x_wconf 78' lang='grc' dir='ltr'><strong>(ἱ)</strong></span> <span class='ocrx_word' id='word_1_951' title='bbox 2062 5378 2143 5444; x_wconf 87' lang='grc'><strong>8.,</strong></span> <span class='ocrx_word' id='word_1_952' title='bbox 2201 5374 2544 5446; x_wconf 88' lang='lat' dir='ltr'><strong>respondebo</strong></span> <span class='ocrx_word' id='word_1_953' title='bbox 2602 5372 2651 5426; x_wconf 93' lang='lat' dir='ltr'><strong>ei</strong></span> <span class='ocrx_word' id='word_1_954' title='bbox 2703 5371 2772 5425; x_wconf 93' lang='lat' dir='ltr'><strong>ob</strong></span> <span class='ocrx_word' id='word_1_955' title='bbox 2822 5370 3228 5424; x_wconf 90' lang='lat' dir='ltr'><strong>multitudinem</strong></span> <span class='ocrx_word' id='word_1_956' title='bbox 3275 5371 3546 5425; x_wconf 90' lang='lat' dir='ltr'><strong>idolorum</strong></span> <span class='ocrx_word' id='word_1_957' title='bbox 3615 5389 3744 5429; x_wconf 76' lang='lat' dir='ltr'><strong>suo-</strong></span> 
     </span>
     <span class='ocr_line' id='line_1_113' title="bbox 1955 5441 3744 5511; baseline -0.002 -9"><span class='ocrx_word' id='word_1_958' title='bbox 1955 5451 2054 5503; x_wconf 86' lang='lat' dir='ltr'><strong>eho</strong></span> <span class='ocrx_word' id='word_1_959' title='bbox 2088 5454 2134 5504; x_wconf 90' lang='lat' dir='ltr'><strong>ei</strong></span> <span class='ocrx_word' id='word_1_960' title='bbox 2164 5466 2265 5511; x_wconf 77' lang='lat' dir='ltr'><strong>ego</strong></span> <span class='ocrx_word' id='word_1_961' title='bbox 2295 5463 2389 5511; x_wconf 91' lang='lat' dir='ltr'><strong>per</strong></span> <span class='ocrx_word' id='word_1_962' title='bbox 2427 5459 2646 5499; x_wconf 88' lang='lat' dir='ltr'><strong>manum</strong></span> <span class='ocrx_word' id='word_1_963' title='bbox 2681 5456 2881 5494; x_wconf 87' lang='lat' dir='ltr'><strong>meam.</strong></span> <span class='ocrx_word' id='word_1_964' title='bbox 2959 5441 3038 5510; x_wconf 81' lang='grc' dir='ltr'><strong>(η)</strong></span> <span class='ocrx_word' id='word_1_965' title='bbox 3067 5441 3149 5506; x_wconf 88' lang='grc'><strong>8.,</strong></span> <span class='ocrx_word' id='word_1_966' title='bbox 3184 5451 3238 5495; x_wconf 89' lang='lat' dir='ltr'><strong>et</strong></span> <span class='ocrx_word' id='word_1_967' title='bbox 3273 5451 3482 5495; x_wconf 88' lang='lat' dir='ltr'><strong>nutum.</strong></span> <span class='ocrx_word' id='word_1_968' title='bbox 3577 5446 3650 5511; x_wconf 84' lang='grc' dir='ltr'><strong>(ο)</strong></span> <span class='ocrx_word' id='word_1_969' title='bbox 3686 5446 3744 5498; x_wconf 87' lang='lat' dir='ltr'><strong>In</strong></span> 
     </span>
    </p>
   </div>
   <div class='ocr_carea' id='block_1_113' title="bbox 1960 5511 3745 5588">
    <p class='ocr_par' dir='ltr' id='par_1_113' title="bbox 1960 5511 3745 5588">
     <span class='ocr_line' id='line_1_114' title="bbox 1960 5511 3745 5588; baseline -0.003 -16"><span class='ocrx_word' id='word_1_970' title='bbox 1960 5520 2033 5588; x_wconf 87' lang='lat' dir='ltr'><strong>(q)</strong></span> <span class='ocrx_word' id='word_1_971' title='bbox 2071 5520 2153 5583; x_wconf 85' lang='grc'><strong>8.,</strong></span> <span class='ocrx_word' id='word_1_972' title='bbox 2187 5511 2311 5574; x_wconf 60' lang='lat' dir='ltr'><strong>cuni</strong></span> <span class='ocrx_word' id='word_1_973' title='bbox 2341 5513 2669 5582; x_wconf 88' lang='lat' dir='ltr'><strong>contempsit</strong></span> <span class='ocrx_word' id='word_1_974' title='bbox 2696 5521 3089 5588; x_wconf 83' lang='lat' dir='ltr'><strong>contemptum.</strong></span> <span class='ocrx_word' id='word_1_975' title='bbox 3128 5584 3136 5588; x_wconf 81' lang='lat'>_</span> <span class='ocrx_word' id='word_1_976' title='bbox 3179 5513 3270 5588; x_wconf 80' lang='lat' dir='ltr'><strong><em>_(r)_</em></strong></span> <span class='ocrx_word' id='word_1_977' title='bbox 3300 5511 3383 5574; x_wconf 89' lang='lat' dir='ltr'><strong>S.,</strong></span> <span class='ocrx_word' id='word_1_978' title='bbox 3418 5523 3470 5566; x_wconf 91' lang='lat' dir='ltr'><strong>et</strong></span> <span class='ocrx_word' id='word_1_979' title='bbox 3503 5515 3607 5568; x_wconf 85' lang='lat' dir='ltr'><strong>erit</strong></span> <span class='ocrx_word' id='word_1_980' title='bbox 3637 5531 3745 5568; x_wconf 83' lang='lat' dir='ltr'><strong>non</strong></span> 
     </span>
    </p>
   </div>
   <div class='ocr_carea' id='block_1_114' title="bbox 2741 5582 3745 5650">
    <p class='ocr_par' dir='ltr' id='par_1_114' title="bbox 2741 5582 3745 5650">
     <span class='ocr_line' id='line_1_115' title="bbox 2741 5582 3745 5650; baseline 0.004 -17"><span class='ocrx_word' id='word_1_981' title='bbox 2741 5583 2802 5650; x_wconf 83' lang='grc' dir='ltr'><strong>(ι)</strong></span> <span class='ocrx_word' id='word_1_982' title='bbox 2843 5584 3053 5635; x_wconf 82' lang='lat' dir='ltr'><strong>Autem.</strong></span> <span class='ocrx_word' id='word_1_983' title='bbox 3120 5584 3196 5650; x_wconf 77' lang='grc' dir='ltr'><strong>(υ)</strong></span> <span class='ocrx_word' id='word_1_984' title='bbox 3232 5582 3316 5644; x_wconf 88' lang='lat' dir='ltr'><strong>S.,</strong></span> <span class='ocrx_word' id='word_1_985' title='bbox 3369 5595 3745 5638; x_wconf 85' lang='lat' dir='ltr'><strong>verumtamen</strong></span> 
     </span>
    </p>
   </div>
   <div class='ocr_carea' id='block_1_115' title="bbox 2677 5651 3742 5723">
    <p class='ocr_par' dir='ltr' id='par_1_115' title="bbox 2677 5651 3742 5723">
     <span class='ocr_line' id='line_1_116' title="bbox 2677 5651 3742 5723; baseline 0.001 -19"><span class='ocrx_word' id='word_1_986' title='bbox 2677 5654 2753 5722; x_wconf 76' lang='grc' dir='ltr'><strong>(τε)</strong></span> <span class='ocrx_word' id='word_1_987' title='bbox 2792 5651 2874 5714; x_wconf 83' lang='grc'><strong>8.,</strong></span> <span class='ocrx_word' id='word_1_988' title='bbox 2905 5661 2962 5723; x_wconf 83' lang='lat' dir='ltr'><strong>ut</strong></span> <span class='ocrx_word' id='word_1_989' title='bbox 2997 5652 3244 5705; x_wconf 84' lang='lat' dir='ltr'><strong>videatis.</strong></span> <span class='ocrx_word' id='word_1_990' title='bbox 3363 5655 3438 5723; x_wconf 79' lang='lat' dir='ltr'><strong>fy)</strong></span> <span class='ocrx_word' id='word_1_991' title='bbox 3467 5654 3549 5715; x_wconf 90' lang='lat' dir='ltr'><strong>S.,</strong></span> <span class='ocrx_word' id='word_1_992' title='bbox 3588 5664 3742 5708; x_wconf 88' lang='lat' dir='ltr'><strong>astu-</strong></span> 
     </span>
    </p>
   </div>
   <div class='ocr_carea' id='block_1_116' title="bbox 2225 5722 3745 5798">
    <p class='ocr_par' dir='ltr' id='par_1_116' title="bbox 2225 5722 3745 5798">
     <span class='ocr_line' id='line_1_117' title="bbox 2225 5722 3745 5798; baseline -0.004 -16"><span class='ocrx_word' id='word_1_993' title='bbox 2225 5731 2301 5798; x_wconf 82' lang='grc' dir='ltr'><strong>(α)</strong></span> <span class='ocrx_word' id='word_1_994' title='bbox 2344 5727 2427 5787; x_wconf 84' lang='grc'><strong>8.,</strong></span> <span class='ocrx_word' id='word_1_995' title='bbox 2465 5723 2706 5798; x_wconf 79' lang='lat' dir='ltr'><strong>palmite,</strong></span> <span class='ocrx_word' id='word_1_996' title='bbox 2738 5724 2830 5790; x_wconf 93' lang='lat' dir='ltr'><strong>qui</strong></span> <span class='ocrx_word' id='word_1_997' title='bbox 2869 5723 2912 5777; x_wconf 91' lang='lat' dir='ltr'><strong>si</strong></span> <span class='ocrx_word' id='word_1_998' title='bbox 2941 5722 3106 5798; x_wconf 76' lang='lat' dir='ltr'><strong>fuerit</strong></span> <span class='ocrx_word' id='word_1_999' title='bbox 3131 5726 3190 5798; x_wconf 81' lang='lat' dir='ltr'><strong>in</strong></span> <span class='ocrx_word' id='word_1_1000' title='bbox 3224 5722 3394 5792; x_wconf 86' lang='lat' dir='ltr'><strong>lignis</strong></span> <span class='ocrx_word' id='word_1_1001' title='bbox 3411 5727 3596 5798; x_wconf 57' lang='lat' dir='ltr'><strong>sylvas.</strong></span> <span class='ocrx_word' id='word_1_1002' title='bbox 3663 5725 3745 5798; x_wconf 86' lang='lat' dir='ltr'><strong>_(b)</strong></span> 
     </span>
    </p>
   </div>
   <div class='ocr_carea' id='block_1_117' title="bbox 479 5776 3744 5864">
    <p class='ocr_par' dir='ltr' id='par_1_117' title="bbox 479 5776 3744 5864">
     <span class='ocr_line' id='line_1_118' title="bbox 479 5776 3744 5864; baseline 0.005 -32"><span class='ocrx_word' id='word_1_1003' title='bbox 479 5776 565 5841; x_wconf 82' lang='lat'><strong>8.,</strong></span> <span class='ocrx_word' id='word_1_1004' title='bbox 606 5795 786 5834; x_wconf 91' lang='lat' dir='ltr'><strong>nonne</strong></span> <span class='ocrx_word' id='word_1_1005' title='bbox 817 5785 925 5853; x_wconf 87' lang='lat' dir='ltr'><strong>igni</strong></span> <span class='ocrx_word' id='word_1_1006' title='bbox 963 5776 1085 5838; x_wconf 87' lang='lat' dir='ltr'><strong>data</strong></span> <span class='ocrx_word' id='word_1_1007' title='bbox 1121 5798 1202 5841; x_wconf 78' lang='lat' dir='ltr'><strong>est</strong></span> <span class='ocrx_word' id='word_1_1008' title='bbox 1234 5790 1286 5842; x_wconf 93' lang='lat' dir='ltr'><strong>in</strong></span> <span class='ocrx_word' id='word_1_1009' title='bbox 1315 5776 1792 5864; x_wconf 64' lang='lat' dir='ltr'><strong>consuinptiom-m</strong></span> <span class='ocrx_word' id='word_1_1010' title='bbox 1816 5776 2025 5852; x_wconf 54' lang='lat' dir='ltr'><strong>?lduas</strong></span> <span class='ocrx_word' id='word_1_1011' title='bbox 2058 5776 2431 5852; x_wconf 71' lang='lat' dir='ltr'><strong>extremitates</strong></span> <span class='ocrx_word' id='word_1_1012' title='bbox 2466 5776 2595 5862; x_wconf 50' lang='lat' dir='ltr'><strong>lejus</strong></span> <span class='ocrx_word' id='word_1_1013' title='bbox 2640 5802 2982 5862; x_wconf 73' lang='lat' dir='ltr'><strong>consumpsrt</strong></span> <span class='ocrx_word' id='word_1_1014' title='bbox 3033 5809 3195 5862; x_wconf 78' lang='lat' dir='ltr'><strong>ignis.</strong></span> <span class='ocrx_word' id='word_1_1015' title='bbox 3244 5806 3298 5846; x_wconf 89' lang='lat' dir='ltr'><strong>et</strong></span> <span class='ocrx_word' id='word_1_1016' title='bbox 3352 5795 3590 5850; x_wconf 82' lang='lat' dir='ltr'><strong>medium</strong></span> <span class='ocrx_word' id='word_1_1017' title='bbox 3625 5811 3744 5864; x_wconf 82' lang='lat' dir='ltr'><strong>ejus</strong></span> 
     </span>
    </p>
   </div>
   <div class='ocr_carea' id='block_1_118' title="bbox 477 5851 2093 5928">
    <p class='ocr_par' dir='ltr' id='par_1_118' title="bbox 477 5851 2093 5928">
     <span class='ocr_line' id='line_1_119' title="bbox 477 5851 2093 5928; baseline 0.012 -24"><span class='ocrx_word' id='word_1_1018' title='bbox 477 5851 752 5906; x_wconf 81' lang='lat' dir='ltr'><strong>adurens:</strong></span> <span class='ocrx_word' id='word_1_1019' title='bbox 788 5851 914 5909; x_wconf 80' lang='lat' dir='ltr'><strong>nunt</strong></span> <span class='ocrx_word' id='word_1_1020' title='bbox 948 5858 1187 5925; x_wconf 80' lang='lat' dir='ltr'><strong>proderit</strong></span> <span class='ocrx_word' id='word_1_1021' title='bbox 1215 5861 1280 5912; x_wconf 82' lang='lat' dir='ltr'><strong>ad</strong></span> <span class='ocrx_word' id='word_1_1022' title='bbox 1312 5860 1488 5928; x_wconf 78' lang='lat' dir='ltr'><strong>opus?</strong></span> <span class='ocrx_word' id='word_1_1023' title='bbox 1555 5851 1634 5928; x_wconf 54' lang='lat' dir='ltr'><strong>&#39;(c)</strong></span> <span class='ocrx_word' id='word_1_1024' title='bbox 1679 5863 1736 5917; x_wconf 81' lang='lat' dir='ltr'><strong>Et</strong></span> <span class='ocrx_word' id='word_1_1025' title='bbox 1769 5851 2093 5924; x_wconf 17' lang='lat' dir='ltr'><strong>oblirmaboi.</strong></span> 
     </span>
    </p>
   </div>
   <div class='ocr_carea' id='block_1_119' title="bbox 2175 5864 3309 5928">
    <p class='ocr_par' dir='ltr' id='par_1_119' title="bbox 2175 5864 3309 5928">
     <span class='ocr_line' id='line_1_120' title="bbox 2175 5864 3309 5928; baseline 0 -9"><span class='ocrx_word' id='word_1_1026' title='bbox 2175 5870 2251 5928; x_wconf 76' lang='lat'><strong>((1)</strong></span> <span class='ocrx_word' id='word_1_1027' title='bbox 2288 5868 2367 5926; x_wconf 80' lang='grc'>8.,</span> <span class='ocrx_word' id='word_1_1028' title='bbox 2399 5868 2563 5922; x_wconf 82' lang='lat' dir='ltr'><strong>datio.</strong></span> <span class='ocrx_word' id='word_1_1029' title='bbox 2646 5865 2710 5927; x_wconf 65' lang='grc' dir='ltr'><strong>(ιτ)</strong></span> <span class='ocrx_word' id='word_1_1030' title='bbox 2750 5864 2831 5926; x_wconf 82' lang='grc'><strong>8.,</strong></span> <span class='ocrx_word' id='word_1_1031' title='bbox 2857 5873 2908 5918; x_wconf 87' lang='lat' dir='ltr'><strong>et</strong></span> <span class='ocrx_word' id='word_1_1032' title='bbox 2937 5880 3058 5918; x_wconf 81' lang='lat' dir='ltr'><strong>euut</strong></span> <span class='ocrx_word' id='word_1_1033' title='bbox 3081 5873 3204 5916; x_wconf 81' lang='lat' dir='ltr'><strong>nata</strong></span> <span class='ocrx_word' id='word_1_1034' title='bbox 3232 5881 3309 5919; x_wconf 82' lang='lat' dir='ltr'><strong>es.</strong></span> 
     </span>
    </p>
   </div>
  </div>
