4078 6312
287 275 420 329 Ξῖυθ

1516 274 1921 331 HEZECIELIS
1959 278 2188 334 CAPUT
2231 279 2368 335 XVI.

3393 288 3537 344 2710

278 404 380 454 quo
408 397 535 444 nata
565 405 647 452 es,
678 406 780 444 non
804 391 1037 460 ligarunt
1066 391 1334 444 mamillas
1372 400 1510 454 tuas,
1532 401 1585 445 ct
1631 392 1683 444 in
1716 407 1856 460 aqua
1888 395 1930 450 Α
1964 395 2107 447 nuda
2164 405 2217 448 et
2257 397 2620 464 discooperta,
2653 404 2705 448 et
2751 396 2878 448 dum
2909 406 3196 456 cruentata
3229 408 3283 454 tu
3316 399 3370 455 in
3410 417 3536 456 san—

275 498 380 535 non
406 480 516 530 lota
546 497 608 536 es
644 485 707 553 (Ῑ)
745 484 795 536 in
822 485 1073 547 salutem,
1117 500 1218 539 nec
1252 485 1364 538 sale
1390 485 1546 539 salita
1579 500 1660 547 es,
1693 494 1752 542 et
1770 483 1851 537 fa-

250 585 277 622 s
300 571 401 626 ciis
441 588 552 626 non
593 571 824 628 faseiata
848 589 908 628 es
941 593 954 627 :
986 574 1036 627 5.
1075 590 1177 629 nec
1213 575 1454 644 pepercit
1479 576 1671 629 oculus
1702 589 1853 627 meus

259 675 432 732 super
451 672 528 727 te,
562 664 629 717 ad
659 664 970 720 faciendum
1005 665 1096 718 tibi
1129 683 1295 720 unum
1344 681 1406 719 ex
1459 667 1544 722 his
1577 666 1850 728 omnibus,

271 758 334 811 ad
364 756 683 823 patiendum
716 757 993 827 quippiam
1025 773 1188 826 super
1215 769 1303 813 te:
1336 767 1391 813 et
1418 757 1651 827 projecta
1684 773 1742 812 es
1763 774 1855 812 su-

269 864 363 917 per
394 847 589 902 faciem
639 851 818 919 campi
865 850 1222 918 perversitate
1260 851 1457 905 animae
1498 861 1623 913 tuas,
1658 851 1711 904 in
1743 851 1850 913 die,

267 956 378 1008 quo
441 951 567 994 nata
609 956 689 996 es.
734 941 784 995 6.
839 941 905 995 Et
954 943 1181 996 transivi
1220 959 1384 1012 super
1435 953 1504 1007 te,
1559 952 1614 996 et
1660 943 1763 997 vidi
1801 951 1852 998 te

270 1043 608 1085 cruentatam
644 1033 697 1085 in
734 1034 997 1102 sanguine
1028 1043 1148 1097 tuo,
1181 1043 1231 1088 et
1264 1034 1379 1088 dixi
1419 1034 1512 1088 tibi
1550 1053 1562 1087 :
1595 1051 1662 1090 ex
1719 1051 1848 1089 san-

271 1123 429 1194 guine
461 1132 556 1176 tuo
582 1121 815 1178 vivendo
841 1129 980 1183 vive.
1008 1124 1056 1177 7.
1091 1123 1448 1194 Multiplicare
1478 1143 1489 1177 :
1530 1127 1667 1181 sicut
1696 1137 1850 1181 ortus

273 1213 381 1282 agri
413 1213 537 1266 dedi
569 1221 642 1277 te,
691 1222 745 1267 et
795 1214 1147 1283 multiplicata
1187 1230 1268 1279 es,
1313 1226 1366 1270 et
1395 1217 1732 1285 magnificata
1765 1232 1845 1282 es,

274 1305 341 1374 (g)
367 1315 414 1359 et
458 1305 705 1374 ingressa
737 1320 797 1359 es
827 1306 881 1359 in
919 1307 1082 1362 urbes
1115 1309 1330 1362 urbium
1364 1327 1376 1362 :
1415 1309 1581 1362 ubera
1618 1321 1706 1362 tua
1728 1324 1848 1362 ere-

274 1411 352 1451 cta
413 1407 563 1460 sunt,
616 1406 670 1450 et
719 1398 860 1464 pilus
899 1407 1026 1452 tuus
1074 1408 1227 1453 ortus
1257 1410 1362 1463 est,
1411 1413 1464 1452 tu
1515 1408 1696 1454 autem
1725 1414 1848 1454 eras

277 1489 434 1552 nuda,
469 1497 522 1543 et
542 1489 904 1556 discooperta.
929 1488 982 1542 8.
1023 1489 1086 1543 Et
1114 1491 1335 1545 transivi
1375 1507 1537 1560 super
1561 1501 1632 1557 te,
1662 1500 1715 1545 et
1739 1492 1844 1545 vidi

275 1593 322 1636 te
351 1601 362 1634 :
387 1592 441 1636 et
467 1596 598 1636 ecce
629 1591 840 1650 tempus
892 1589 1066 1647 tuum,
1108 1591 1162 1634 et
1199 1591 1410 1651 tempus
1462 1583 1536 1652 (It)
1573 1583 1846 1638 diverten-

273 1674 399 1727 tium
434 1692 446 1726 :
477 1685 534 1727 et
564 1675 795 1742 expandi
829 1666 943 1728 alas
972 1689 1134 1741 snper
1164 1683 1235 1738 te,
1263 1683 1315 1728 et
1345 1676 1539 1744 operui
1591 1675 1842 1744 pudenda

269 1771 378 1824 tua,
408 1761 662 1830 etjuravi
709 1761 804 1815 tibi
837 1779 850 1815 :
904 1771 957 1814 et
987 1761 1266 1832 ingressus
1288 1780 1408 1819 sum
1447 1765 1500 1818 in
1543 1774 1842 1820 testamen-

269 1860 377 1902 tum
425 1857 624 1914 tecum,
668 1849 798 1903 dicit
840 1851 1049 1906 Adonai
1110 1850 1372 1907 Dominus
1411 1871 1424 1906 :
1475 1863 1529 1906 et
1583 1853 1724 1909 facta
1783 1869 1842 1910 es

266 1942 418 2006 mihi,
442 1941 494 1995 9.
523 1951 576 1996 et
610 1943 714 1996 lavi
741 1953 790 1996 te
819 1943 1048 2012 inaqua,
1082 1953 1133 1997 et
1161 1944 1305 1997 ablui
1339 1947 1659 2015 sanguinem
1687 1955 1842 2002 tuum

267 2049 293 2087 a
327 2043 400 2097 te,
435 2043 488 2088 et
520 2037 648 2088 unxi
682 2043 733 2088 te
760 2035 812 2088 in
837 2037 976 2089 oleo.
1022 2035 1108 2090 10.
1145 2035 1211 2089 Et
1239 2037 1386 2090 indui
1421 2046 1472 2093 te
1497 2039 1842 2094 versicolori-

264 2126 383 2187 bus,
418 2134 471 2178 et
499 2125 734 2179 calceavi
774 2134 824 2180 te
879 2127 1192 2198 hyacintho.
1226 2135 1281 2180 et
1314 2129 1528 2182 accinxi
1559 2138 1611 2184 te
1651 2130 1838 2199 bysso,

266 2217 324 2286 (i)
353 2225 408 2270 et
439 2215 768 2271 circumdedi
801 2231 850 2271 te
881 2218 1169 2286 trichapto,
1195 2217 1280 2272 11.
1311 2229 1363 2273 et
1383 2221 1572 2274 ornavi
1600 2231 1651 2276 te
1678 2237 1842 2276 orna-

266 2316 466 2374 mento,
498 2321 553 2362 et
597 2310 755 2378 posui
789 2309 1027 2364 armillas
1053 2326 1217 2380 super
1267 2327 1463 2367 manus
1508 2323 1649 2379 tuas,
1685 2324 1738 2369 et
1765 2314 1839 2384 (Ic)

266 2410 511 2470 torquem
558 2401 610 2454 in
653 2401 855 2455 collum
892 2410 1043 2456 tuum
1093 2420 1108 2456 :
1147 2403 1232 2458 l2.
1265 2411 1318 2457 et
1345 2403 1468 2458 dedi
1505 2403 1750 2459 inaurem
1777 2405 1837 2476 (ι)

264 2494 326 2544 ad
368 2507 554 2544 narem
583 2499 752 2556 tuam,
782 2502 836 2546 et
863 2493 1068 2547 rotulas
1108 2509 1271 2562 super
1299 2510 1460 2550 aures
1494 2506 1636 2561 tuas,
1666 2505 1720 2550 et
1741 2510 1836 2550 eo-

263 2598 446 2637 ronam
481 2583 822 2654 gloriationis
843 2600 1007 2654 super
1035 2595 1198 2656 caput
1219 2595 1370 2640 tuum
1404 2606 1417 2641 :
1452 2587 1540 2640 15.
1569 2596 1623 2642 et
1647 2597 1838 2643 ornata

261 2689 318 2730 es
365 2691 504 2730 auro
551 2685 605 2730 et
643 2687 887 2745 argento,
943 2686 998 2732 et
1051 2679 1374 2734 vestimenta
1424 2688 1514 2733 tua
1568 2679 1740 2750 byssi,
1783 2689 1838 2734 et

265 2768 551 2837 tricbapta,
587 2777 638 2823 et
669 2767 766 2840 (m)
810 2769 1160 2824 versicoloria
1194 2788 1206 2824 :
1239 2771 1495 2837 similam,
1521 2777 1574 2824 et
1602 2771 1727 2836 mel,
1783 2778 1838 2826 et

262 2861 437 2914 oleum
476 2861 784 2925 comedisti,
828 2870 882 2916 et
920 2860 1061 2916 facta
1109 2877 1168 2916 es
1201 2861 1426 2930 pulchra
1473 2864 1628 2918 valde
1655 2863 1833 2931 valde,

264 2953 334 3020 (η)
370 2962 421 3005 et
468 2961 618 3006 recta
658 2951 804 3006 ivisti
860 2955 926 3020 χ(
979 2954 1029 3006 in
1070 2969 1294 3024 regnum
1332 2955 1354 3024 ζ
1402 2974 1415 3008 :
1463 2954 1550 3008 14.
1585 2965 1640 3009 et
1669 2956 1837 3010 exivit

265 3057 454 3096 nomen
511 3051 661 3122 tuum
726 3042 778 3095 in
845 3043 1100 3112 gentibus
1162 3044 1228 3098 de
1275 3045 1682 3114 pulchritudine
1721 3057 1905 3122 tua,c

263 3134 380 3201 quia
429 3133 761 3203 completum
819 3142 936 3188 erat
1004 3135 1057 3188 in
1124 3135 1531 3204 pulchritudine
1593 3137 1830 3203 decoris,

178 3279 186 3288 ,
261 3240 411 3292 quam
440 3225 700 3280 constitui
741 3241 904 3293 super
936 3233 1004 3291 te,
1037 3225 1169 3303 dicit
1195 3225 1405 3280 Adonai
1437 3227 1714 3282 Dominus.
1742 3228 1828 3282 15.

261 3309 320 3366 Et
342 3312 547 3368 confisa
571 3311 720 3368 fuisti
749 3328 914 3382 super
931 3313 1332 3382 pulchritudine
1363 3322 1475 3377 tua,
1509 3324 1563 3370 et
1595 3325 1832 3371 seortata

258 3420 313 3459 es
339 3420 502 3474 super
526 3403 748 3458 nomine
772 3413 887 3471 tuo,
918 3413 971 3458 et
997 3404 1236 3460 effudisti
1267 3407 1651 3461 scortationem
1682 3417 1828 3462 tuam

258 3511 411 3565 super
431 3510 650 3550 omnem
696 3497 960 3550 viatorem
1003 3513 1016 3550 :
1048 3496 1148 3565 ipsi
1176 3512 1320 3552 eras.
1350 3497 1435 3551 16.
1468 3497 1534 3552 Et
1562 3499 1734 3554 tulisti
1763 3499 1830 3554 de

258 3589 490 3642 vestibus
536 3589 666 3652 tuis,
715 3597 768 3642 et
819 3587 995 3643 fecisti
1051 3589 1147 3642 tibi
1183 3589 1258 3656 (ο)
1304 3589 1448 3644 idola
1499 3601 1744 3658 consuta,
1775 3601 1830 3648 et

258 3691 490 3736 scortata
525 3698 586 3737 es
624 3697 788 3752 super
810 3697 897 3748 ea,
947 3684 1024 3753 (ρ)
1053 3693 1107 3738 et
1136 3701 1244 3739 non
1275 3685 1623 3756 ingredieris,
1652 3705 1829 3759 neque

258 3773 358 3828 fiet.
380 3774 466 3827 17.
491 3773 555 3828 Et
584 3773 830 3828 sumsisti
867 3788 990 3828 vasa
1019 3775 1360 3844 gloriationis
1385 3787 1489 3832 tuae
1517 3779 1582 3833 de
1603 3789 1828 3850 argento

257 3882 388 3930 meo,
421 3875 474 3920 et
499 3865 566 3919 de
593 3880 727 3919 auro
750 3880 891 3930 meo,
925 3865 991 3919 de
1014 3865 1102 3931 iis,
1136 3883 1258 3936 quae
1286 3869 1405 3923 dedi
1427 3870 1540 3936 tibi,
1569 3880 1622 3925 et
1651 3871 1828 3928 fecisti

258 3957 344 4011 tibi
376 3956 644 4026 imagines
672 3957 1026 4023 masculinas,
1064 3966 1119 4012 et
1146 3969 1384 4014 scortata
1423 3976 1482 4016 es
1517 3962 1570 4016 in
1600 3964 1702 4028 eis,
1737 3965 1823 4020 18.

256 4055 304 4100 et
328 4046 571 4100 sumsisti
605 4047 987 4100 vestimentum
1037 4057 1186 4101 tuum
1219 4051 1456 4115 varium,
1481 4063 1532 4106 et
1565 4055 1829 4122 operuisti

253 4155 358 4204 eas,
385 4148 438 4193 et
467 4139 652 4194 oleum
692 4154 898 4204 meum,
927 4132 980 4190 et
1020 4149 1266 4195 aromata
1297 4156 1417 4195 mea
1442 4145 1674 4211 posuisti
1703 4155 1829 4200 ante

253 4235 433 4286 faciem
465 4246 653 4285 earum
692 4249 704 4284 :
739 4231 825 4285 19.
872 4239 926 4286 et
968 4245 1135 4300 panes
1170 4246 1342 4298 meos,
1379 4250 1518 4302 quos
1552 4235 1674 4289 dedi
1704 4238 1826 4301 tibi,

252 4324 504 4388 similam,
537 4330 591 4376 et
622 4323 822 4388 oleum,
855 4331 909 4376 et
955 4323 1062 4376 mel
1093 4323 1255 4376 edere
1282 4331 1334 4378 te
1358 4323 1482 4391 feci,
1515 4337 1568 4382 et
1599 4329 1824 4396 posuisti

1957 483 2117 551 gnine
2149 493 2240 538 tuo
2269 484 2470 540 vixisti.
2502 484 2591 537 25.
2621 485 2682 538 Et
2711 484 2906 539 factum
2948 502 3047 556 est,
3101 499 3214 560 post
3248 492 3321 560 (q)
3345 507 3535 548 omnes

1956 574 2194 629 malitias
2229 585 2369 640 tuas,
2405 578 2470 644 >κ
2504 592 2601 637 vm,
2633 592 2712 630 va:
2763 577 2856 630 tibi
2903 579 2950 646 ζ,
2983 579 3114 632 dicit
3163 582 3374 636 Adonai
3426 584 3534 640 Do—

1958 666 2160 729 minus,
2196 667 2285 720 24.
2322 677 2373 721 ct
2397 667 2674 723 aedificasti
2702 669 2796 722 tibi
2828 669 3046 722 domum
3079 673 3451 739 scortationis,
3481 685 3535 729 et

1956 755 2134 810 fecisti
2171 757 2266 811 tibi
2321 758 2692 814 habitaculum
2727 761 2777 814 in
2823 762 2970 814 omni
3009 763 3205 830 platea,
3240 764 3330 818 25.
3363 776 3415 819 ct
3441 783 3534 822 su—

1955 863 2050 915 per
2075 849 2343 918 principio
2373 852 2550 904 omnis
2572 853 2671 904 vim
2701 853 2978 907 mdilieasti
3009 856 3235 923 lupanar
3273 865 3447 922 tuum,
3480 869 3536 913 et

1953 941 2247 1010 corrupisti
2303 943 2769 1010 pulchritudinem
2825 956 2969 999 tuam
3025 965 3038 1000 :
3109 956 3162 1002 et
3223 949 3530 1006 divaricasti

1952 1045 2110 1084 crura
2148 1039 2237 1084 tua
2256 1033 2405 1086 omni
2429 1032 2642 1094 viatori,
2672 1043 2722 1087 et
2753 1035 3120 1102 multiplicasti
3146 1041 3530 1095 seortationem

1951 1124 2122 1181 tuam,
2158 1117 2247 1170 26.
2281 1126 2334 1172 et
2363 1128 2600 1173 scortata
2631 1137 2690 1174 es
2745 1137 2907 1190 super
2953 1123 3089 1178 filios
3116 1124 3358 1197 1Egypti,
3397 1129 3533 1183 vici-

1951 1223 2050 1261 nos
2073 1218 2217 1272 tuos,
2258 1225 2463 1280 magnae
2485 1212 2690 1275 carnis,
2719 1221 2770 1266 et
2805 1215 3035 1269 multum
3085 1229 3322 1273 scortata
3365 1237 3424 1276 es
3465 1222 3530 1275 ad

1950 1298 2274 1354 irritandum
2332 1318 2440 1355 me.
2498 1302 2587 1356 27.
2624 1302 2678 1357 Si
2729 1314 2910 1360 autem
2963 1310 3259 1364 extendero
3299 1328 3522 1366 manum

1949 1409 2124 1446 meam
2147 1409 2311 1464 super
2336 1404 2406 1458 te,
2436 1404 2490 1450 et
2523 1397 2706 1452 tollam
2731 1399 2970 1468 legitima
3009 1410 3119 1467 tua,
3145 1411 3198 1456 et
3233 1404 3444 1456 tradam
3475 1413 3527 1456 te

1949 1483 1999 1535 in
2031 1483 2241 1537 animas
2266 1485 2563 1539 odientium
2615 1495 2685 1548 te,
2729 1487 2867 1543 filias
2915 1490 3370 1559 alienigenarum,
3408 1509 3530 1562 qua:

1947 1573 2215 1628 declinare
2248 1586 2298 1630 te
2329 1575 2533 1630 faciunt
2571 1575 2640 1647 (r)
2675 1594 2705 1632 a
2752 1580 2836 1632 via
2885 1589 2996 1646 tua,
3031 1581 3195 1651 impie
3221 1583 3398 1653 egisti.
3433 1585 3526 1638 28.

1949 1661 2014 1716 Et
2034 1673 2270 1719 scortata
2310 1681 2369 1720 es
2399 1683 2563 1736 super
2593 1668 2662 1739 (ε)
2705 1669 2843 1725 ﬁlios
2878 1673 3069 1736 Assur,
3100 1681 3154 1726 et
3184 1690 3290 1728 non
3336 1676 3414 1730 sic
3447 1693 3530 1733 sa-

1947 1756 2076 1810 tiata
2103 1772 2182 1820 es,
2205 1767 2258 1812 et
2297 1768 2535 1814 scortata
2571 1775 2647 1827 es,
2675 1769 2726 1815 et
2755 1778 2863 1815 non
2894 1763 3086 1818 satiata
3123 1764 3296 1830 fuisti,
3326 1767 3417 1822 29.
3473 1777 3527 1822 et

1947 1845 2312 1915 multiplicasti
2340 1849 2401 1917 (t)
2424 1850 2784 1904 scortationes
2815 1860 2936 1905 tuas
2968 1855 3035 1921 )s(
3057 1853 3121 1907 ad
3151 1863 3352 1909 terram
3380 1857 3524 1912 Cha-

1945 1952 2109 1999 naan,
2140 1947 2193 1991 et
2221 1937 2243 2006 ζ
2272 1937 2679 2006 Chaldaeorum,
2729 1957 2827 1996 nec
2873 1943 2923 1995 in
2956 1943 3042 1998 his
3070 1946 3278 2014 expleta
3313 1961 3390 2001 es.
3434 1949 3522 2002 50.

1945 2024 2024 2097 (ιι)
2057 2025 2198 2091 Quid
2238 2043 2434 2096 ponam
2467 2027 2542 2098 (ω)
2589 2043 2685 2083 cor
2717 2037 2893 2094 tuum,
2939 2031 3070 2085 dicit
3099 2035 3306 2087 Adonai
3341 2036 3525 2090 Domi-

1945 2119 2226 2172 nus?eum
2266 2118 2437 2173 facias
2465 2120 2577 2174 haec
2613 2121 2794 2175 omnia
2812 2138 2973 2190 opera
3007 2124 3253 2181 mulieris
3288 2126 3525 2183 fornica-

1944 2210 2057 2272 τίω,
2086 2213 2154 2279 >ς<
2181 2210 2253 2280 (y)
2281 2212 2612 2266 confidenter
2637 2215 2848 2283 agentis
2893 2215 2940 2282 ζ,
2975 2227 3211 2272 scortata
3245 2235 3304 2274 es
3344 2220 3520 2290 lt‘iin-

1943 2301 2076 2355 citer
2111 2318 2275 2372 super
2321 2303 2540 2359 filiabus
2588 2305 2748 2373 tuis:
2791 2325 2802 2358 :
2837 2309 2923 2362 5i.
2977 2311 3196 2377 quando
3241 2312 3520 2366 zedilicasti

1943 2393 2171 2463 lupanar
2199 2403 2350 2448 tuum
2380 2411 2539 2464 super
2573 2398 2839 2467 principio
2860 2402 3041 2453 omnis
3071 2406 3192 2466 vite,
3227 2414 3280 2455 et
3303 2403 3524 2457 habita-

1940 2487 2124 2540 culum
2150 2494 2302 2540 tttum
2341 2486 2513 2543 fecisti
2559 2489 2612 2542 in
2639 2491 2785 2544 omni
2817 2491 3010 2560 platea,
3045 2503 3098 2547 et
3124 2509 3230 2548 non
3281 2493 3424 2549 facta
3461 2511 3521 2551 es

1940 2578 2084 2634 sicut
2123 2580 2380 2635 meretrix
2434 2583 2506 2652 μ)
2555 2597 2896 2653 congregans
2943 2587 3242 2648 mercedes,
3294 2587 3382 2640 52.
3444 2587 3561 2658 (η).

1940 2672 2136 2726 mulier
2163 2673 2478 2728 adulterans
2537 2675 2797 2730 desubter
2845 2677 2964 2731 viro
3010 2692 3111 2731 suo
3157 2693 3282 2731 cum
3325 2678 3520 2733 alienis

1939 2763 2136 2819 similis
2176 2765 2295 2830 tibi,
2328 2780 2447 2834 qua:
2478 2781 2505 2818 a
2543 2766 2658 2822 viro
2709 2783 2810 2822 suo
2840 2767 3041 2837 accipit
3087 2769 3387 2833 mercedes,
3424 2771 3515 2825 55.

1937 2863 1992 2908 et
2020 2854 2277 2911 omnibus
2309 2859 2680 2913 scortantibus
2707 2873 2830 2912 cum
2855 2875 2918 2914 ea
2950 2859 3156 2915 addens
3178 2860 3272 2915 dat
3308 2876 3518 2916 merce-

1938 2944 2034 3000 des
2057 2963 2069 2998 :
2090 2955 2142 2998 et
2171 2955 2225 2999 tu
2249 2947 2440 3002 dedisti
2467 2951 2534 3015 >ε<
2563 2949 2838 3004 mercedes
2857 2950 3113 3005 omnibus
3139 2951 3520 3016 :antatoribus

1939 3038 2072 3101 tuis,
2101 3047 2156 3093 et
2181 3041 2452 3094 onerabas
2484 3056 2599 3102 eos,
2635 3049 2694 3094 ut
2726 3042 2974 3095 venirent
3012 3042 3077 3096 ad
3121 3051 3173 3096 te
3212 3057 3241 3096 e
3284 3044 3518 3099 circuitu

1940 3141 2033 3185 tuo
2062 3129 2118 3184 in
2150 3132 2483 3186 scortatione
2511 3141 2623 3187 tua.
2646 3133 2733 3188 54.
2770 3132 2843 3202 (ὑ)
2879 3133 2945 3187 Ει
2969 3133 3108 3188 facta
3131 3133 3280 3190 estin
3318 3143 3369 3188 te
3397 3151 3521 3204 per-

1935 3219 2167 3274 versitas
2200 3221 2323 3289 plus
2379 3237 2543 3290 quam
2595 3223 2647 3275 in
2683 3223 3028 3289 mulieribus,
3080 3224 3133 3278 in
3185 3226 3520 3280 scortatione

1935 3321 2049 3374 tua,
2085 3319 2138 3364 et
2168 3320 2294 3379 post
2328 3319 2379 3364 te
2427 3327 2534 3364 non
2563 3322 2816 3367 scortata:
2849 3324 2995 3380 sunt,
3035 3316 3086 3368 in
3120 3332 3205 3379 eo,
3239 3317 3384 3386 quod
3423 3317 3519 3371 ad-

1932 3400 2089 3454 deres
2135 3401 2272 3454 dans
2321 3403 2621 3469 mercedes,
2675 3413 2728 3458 et
2773 3405 2875 3458 tibi
2912 3405 3198 3483 mercedes
3231 3420 3339 3458 nou
3379 3405 3519 3461 datae

1932 3503 2078 3559 sunt,
2110 3504 2164 3548 et
2187 3493 2327 3548 facta
2371 3496 2578 3548 suntin
2628 3504 2679 3550 te
2707 3512 2984 3566 perversa.
3014 3495 3103 3551 55.
3142 3497 3368 3564 Propter
3390 3497 3515 3561 hoc,

1933 3585 2213 3652 meretrix,
2247 3586 2373 3640 audi
2408 3586 2632 3640 verbum
2665 3587 2900 3642 Domini.
2933 3588 3021 3642 56.
3057 3587 3182 3642 Haec
3209 3585 3342 3642 dicit
3371 3589 3518 3642 Ado-

1933 3678 2020 3732 nai
2057 3676 2321 3732 Dominus
2353 3677 2494 3734 :Pro
2516 3695 2581 3732 eo
2607 3680 2749 3749 quod
2780 3679 3018 3734 eil’udisti
3049 3695 3123 3734 aes
3154 3680 3514 3745 tuum,etiam

1933 3771 2261 3826 revelabitur
2299 3772 2578 3841 turpitudo
2629 3773 2980 3826 scortationis
3019 3782 3123 3825 tuae
3145 3771 3211 3826 ad
3243 3780 3516 3826 amatores

1933 3873 2075 3930 tuos,
2108 3875 2162 3918 et
2199 3864 2254 3917 in
2286 3879 2479 3919 omnes
2501 3864 2855 3933 cogitationes
2883 3863 3235 3932 iniquitatum
3273 3873 3512 3928 tuarum,

1933 3966 1986 4010 et
2009 3957 2062 4009 in
2086 3957 2446 4026 sanguinibus
2476 3956 2710 4009 filiorum
2744 3965 2983 4021 tuorum,
3022 3971 3160 4024 quos
3186 3955 3378 4010 dedisti
3409 3957 3511 4010 eis.

1929 4049 2018 4103 57.
2063 4049 2292 4119 Propter
2324 4050 2426 4104 hoc
2476 4063 2539 4104 +
2597 4064 2722 4102 ecce
2760 4063 2860 4116 ego
2891 4063 3055 4116 super
3081 4057 3133 4101 te
3186 4047 3208 4116 ζ
3245 4062 3515 4116 congrege

1930 4155 2121 4194 omnes
2157 4149 2430 4195 amatores
2460 4148 2602 4203 tuos;
2635 4139 2687 4192 in
2716 4139 2916 4208 quibus
2953 4147 3002 4192 te
3025 4138 3420 4193 commiscuisti
3457 4140 3511 4193 in

1929 4231 2031 4296 eis,
2072 4241 2125 4284 et
2170 4246 2380 4297 omnes,
2441 4245 2581 4299 quos
2611 4231 2831 4296 amasti,
2872 4245 2996 4284 cum
3047 4229 3322 4296 omnibus,
3371 4245 3513 4300 quos

1929 4323 2124 4378 oderas
2164 4341 2177 4378 :
2230 4332 2283 4378 et
2337 4323 2678 4393 congregabo
2734 4337 2830 4376 eos
2879 4336 3042 4391 super
3075 4329 3123 4376 te
3154 4322 3411 4391 undique,
3458 4331 3513 4376 et

249 4431 305 4469 ea
327 4425 452 4469 ante
481 4414 677 4469 faciem
709 4430 896 4468 earum
930 4415 983 4468 in
1007 4416 1230 4470 odorem
1261 4431 1506 4471 suavem.
1536 4418 1596 4473 Et
1622 4418 1823 4476 factum
1858 4405 1902 4458 ι)
1932 4414 2183 4469 revelabo
2223 4414 2458 4468 malitias
2506 4424 2626 4469 tuas
2659 4415 2723 4468 ad
2769 4428 2884 4476 eos,
2909 4423 2961 4466 et
3007 4412 3268 4466 videbunt
3291 4429 3509 4469 omnem

249 4516 324 4560 est
355 4515 480 4576 post
505 4505 640 4570 haec,
669 4503 1034 4560 dicitAdonai
1056 4503 1344 4572 Dominus,
1369 4505 1458 4561 20.
1495 4518 1548 4562 et
1575 4513 1823 4566 sumsisti

250 4597 382 4652 filios
408 4607 550 4661 tuos,
578 4605 632 4650 et
656 4597 798 4650 filias
829 4605 972 4661 tuas,
1002 4611 1140 4666 quas
1164 4597 1399 4666 genuisti
1427 4600 1496 4667 >ε<
1519 4601 1649 4654 mihi
1680 4601 1728 4670 ζ,
1769 4613 1823 4659 et

248 4689 563 4744 saerilicasti
609 4703 673 4742 ea
715 4689 796 4743 eis
830 4687 881 4741 in
917 4687 1354 4743 consumtionem
1388 4707 1401 4744 :
1437 4693 1596 4760 quasi
1621 4708 1814 4763 parum

249 4788 478 4834 scortata
510 4779 608 4842 sis,
653 4777 741 4831 2|.
780 4786 834 4832 et
865 4777 1114 4833 mactasti
1137 4777 1276 4832 filios
1330 4789 1473 4844 tuos,
1526 4789 1580 4834 et
1623 4783 1818 4840 dedisti

247 4886 352 4939 eos,
383 4886 510 4928 cum
546 4871 814 4926 reduxisti
867 4871 937 4925 ab
960 4872 1040 4926 eis
1069 4886 1181 4926 eos.
1225 4870 1316 4924 22.
1346 4871 1462 4928 Hoc
1499 4873 1615 4942 plus
1652 4891 1816 4945 quam

247 4965 414 5020 omnis
450 4964 714 5020 scortatio
747 4971 860 5027 tua,
909 4965 976 5030 )K
1033 4971 1088 5017 et
1137 4962 1574 5019 abominationes
1607 4967 1762 5036 tuae:
1803 4989 1813 5022 :

247 5063 294 5109 et
325 5071 432 5110 non
475 5054 759 5109 recordata
808 5068 868 5108 es
919 5051 1026 5108 diei
1079 5051 1326 5121 pueritiae
1361 5060 1487 5120 tuas,
1519 5054 1647 5109 dum
1694 5071 1816 5112 eras

309 5215 372 5286 (f)
427 5215 525 5280 8.,
582 5215 718 5286 Tli.,
771 5215 826 5268 in
890 5214 1306 5286 impudentiam.

247 5284 457 5340 amoris.
535 5286 597 5355 (ἕ)
635 5285 720 5349 8.,
773 5294 828 5339 et
877 5285 1050 5355 velavi
1104 5295 1155 5338 te
1210 5284 1496 5355 velamine.

245 5355 442 5409 riorum
473 5356 792 5410 multorum.

244 5439 408 5493 neque
442 5425 626 5480 futura
656 5434 802 5493 su_nt.

243 5483 426 5564 satiata
454 5512 533 5550 es.
613 5495 678 5564 (t)
701 5483 1068 5550 'I‘estam'enta.

243 5562 309 5632 (π)
336 5563 417 5627 8.,
446 5567 498 5619 in
525 5562 779 5633 tequitate
805 5565 926 5618 fidei
961 5579 1297 5633 congregans
1329 5562 1622 5619 mercedes.

871 5356 948 5424 (η)
994 5352 1078 5418 8.,
1121 5363 1176 5408 et
1208 5354 1502 5408 extrndisti
1551 5352 1620 5410 te.

882 5426 955 5494 (q)
990 5424 1192 5478 Omnes
1224 5424 1520 5488 injustitias
1548 5433 1689 5480 tuas.

246 5649 353 5689 nos.
386 5636 656 5690 Omnibus
686 5636 880 5688 scortis
912 5635 1186 5688 mercedes
1207 5634 1434 5693 dantur:
1488 5644 1543 5688 tu
1577 5634 1768 5692 autem
1803 5655 1927 5695 cum
1977 5641 2078 5694 hoc
2131 5638 2347 5693 dedisti.

245 5704 505 5774 apposito.
583 5705 654 5775 (ε)
689 5705 770 5772 8.,
798 5704 1131 5760 altitudinem
1166 5713 1335 5758 tuam.

1402 5214 1478 5285 (9)
1522 5217 1724 5291 S.,__et
1761 5221 2004 5291 ingressa
2063 5233 2124 5273 es
2148 5219 2662 5291 uin_ornamentum
2716 5223 3187 5291 ornamentorum.

1577 5287 1650 5358 (k)
1687 5288 1773 5351 8.,
1814 5287 2035 5345 collare.

1698 5360 1772 5428 (0)
1797 5359 1878 5422 8.,
1912 5359 2124 5414 excelsa
2156 5358 2537 5412 multicolor-ia.

1769 5429 1838 5499 (r)
1868 5429 1953 5491 8.,
1979 5437 2132 5482 extra
2168 5428 2330 5481 a-viis
2351 5428 2729 5499 tuis_s_ordidis.

1147 5493 1225 5561 (α)
1259 5494 1344 5558 8.,
1379 5493 1430 5546 iu
1466 5509 1582 5574 qu_o_
1629 5493 1836 5574 munda

1940 5515 2028 5554 cor
2079 5507 2255 5574 tuum.
2288 5567 2299 5574 _
2333 5497 2410 5574 (at)
2462 5495 2680 5574 Filias._
2727 5493 2933 5574 (μγ-8.,
2960 5496 3284 5574 imperiosae
3328 5495 3438 5574 don

1701 5569 1778 5638 (ιι)
1816 5569 1901 5632 8.,
1946 5585 1979 5623 o
2011 5568 2204 5622 mulier
2237 5565 2480 5638 adultera
2512 5565 2786 5638 accipiens
2820 5567 3076 5621 desubter
3099 5565 3218 5638 viro
3247 5580 3350 5620 suo
3371 5565 3501 5638 alie-

1931 4506 2324 4575 turpitudinem
2349 4516 2518 4560 tuam.
2553 4506 2640 4560 58.
2672 4507 2738 4560 Et
2779 4505 3010 4559 ulciscar
3041 4511 3094 4557 te
3116 4503 3325 4557 ultione
3355 4503 3512 4557 adul-

1929 4605 2189 4658 terarum,
2216 4603 2270 4650 et
2298 4594 2693 4650 eﬂ‘undentium
2745 4595 3086 4664 sanguinem,
3127 4603 3180 4648 et
3212 4607 3404 4662 ponam
3461 4601 3512 4646 te

1925 4690 1980 4743 in
2003 4689 2325 4758 sanguinem
2363 4688 2588 4752 furoris,
2625 4697 2679 4742 et
2731 4688 2852 4741 zeli.
2889 4687 2976 4742 59.
3010 4686 3076 4740 Et
3109 4687 3314 4740 tradam
3367 4694 3416 4738 te
3455 4685 3510 4738 in

1925 4795 2124 4832 manus
2146 4793 2358 4842 eorum,
2393 4787 2444 4832 et
2475 4778 2788 4832 subvertent
2831 4777 3062 4847 lupanar
3091 4785 3268 4842 tuum,
3315 4783 3368 4828 et
3414 4790 3510 4828 ex-

1925 4870 2235 4940 stirpabunt
2267 4870 2336 4940 (c)
2369 4869 2736 4924 habitaculum
2767 4878 2946 4932 tuum,
2967 4879 3021 4923 et
3045 4877 3246 4923 exuent
3270 4877 3321 4921 te
3345 4866 3510 4920 vesti-

1925 4962 2126 5017 mentis
2157 4961 2287 5026 tuis,
2314 4969 2369 5014 et
2415 4961 2602 5016 tollent
2633 4977 2760 5016 vasa
2795 4961 3135 5031 gloriationis
3187 4970 3310 5027 tute,
3341 4970 3394 5015 et
3423 4961 3506 5015 di-

1926 5055 2148 5109 mittent
2181 5063 2232 5108 te
2282 5053 2506 5118 nudam,
2538 5063 2591 5107 et
2645 5053 3069 5122 discoopertam.
3105 5052 3196 5106 40.
3233 5053 3298 5106 Et
3333 5054 3506 5106 addu-

2112 5235 2124 5273 i
2178 5219 2230 5270 in
2283 5225 2662 5272 ornamentum
2716 5223 3187 5270 ornamentorum.
3291 5212 3366 5283 (It)
3419 5211 3500 5276 8.,

2112 5289 2175 5358 (Ι)
2227 5287 2312 5348 8.,
2353 5302 2519 5355 super
2561 5303 2746 5342 narem
2769 5297 2964 5358 mtuam.
3045 5285 3141 5353 (ιη)
3187 5282 3278 5358 _S.,
3331 5291 3506 5337 texto-

2617 5360 2694 5425 (p)
2754 5355 2840 5420 8.,
2873 5371 2995 5425 (μω
3039 5352 3152 5425 non
3181 5352 3322 5425 facta
3353 5363 3500 5417 sunt,

2808 5429 2875 5495 (δ)
2912 5424 2996 5490 8.,
3027 5424 3184 5489 filias,
3231 5424 3358 5493 quia
3393 5439 3499 5476 non

2333 5497 2410 5566 (at)
2462 5495 2649 5551 Filias.
2727 5498 2800 5567 (ξι)
2851 5496 2933 5561 8.,
2980 5496 3284 5567 imperiosae
3328 5495 3508 5567 domi:

2428 5637 2502 5706 (ὑ)
2553 5636 2636 5702 8.,
2670 5649 2723 5694 et
2759 5637 2965 5692 factum
3000 5635 3166 5690 estin
3201 5644 3252 5691 te
3275 5635 3419 5704 quod
3448 5635 3500 5688 in
