4078 6312
492 341 627 396 2711

1595 341 1822 396 CODEX
1866 337 2334 396 SYRIACO-HEX
2357 339 2653 395 \PLARIS.

3590 339 3736 394 27B

491 469 615 512 cent
643 471 806 525 super
830 469 878 511 te
928 455 1136 518 turias,
1177 463 1231 508 et
1267 454 1582 522 lapidabunt
1613 467 1660 510 te
1693 457 1744 509 in
1773 457 2059 525 lapidibus,
2096 458 2136 509 Δ
2167 453 2476 505 velarentnr
2547 450 2767 505 malitia:
2821 458 2926 503 tum
2961 490 2975 514 ,
3059 447 3514 517 quemadmodum
3587 464 3736 503 nttnc

493 560 544 603 et
567 549 815 602 occident
849 555 900 601 te
936 549 985 600 in
1015 545 1208 618 gladiis
1239 547 1372 601 suis.
1404 548 1492 601 M.
1535 547 1597 600 Et
1627 549 1947 602 comburent
1970 548 2065 600 do-

497 659 614 696 mos
638 651 756 694 tuas
796 643 849 694 in
901 641 1041 709 igne,
1075 649 1128 692 et
1179 637 1378 692 facient
1420 639 1472 692 in
1519 649 1568 692 te
1618 639 1850 694 ultiones
1879 655 2061 693 coratn

495 735 815 788 mulieribus
847 735 1030 787 multis
1065 749 1076 782 :
1110 741 1163 786 et
1191 739 1430 786 avertam
1458 744 1508 786 te
1537 748 1564 786 a
1602 733 1924 787 scortatione
1946 742 2060 798 tua,

493 835 546 879 et
575 826 853 879 mercedes
893 840 999 877 non
1029 823 1184 877 dabis
1214 824 1376 876 ultra.
1401 823 1488 878 4‘2.
1525 823 1588 876 Et
1613 823 1879 877 dimittam
1914 822 2065 878 furo-

492 933 606 970 rem
635 932 811 970 mettm
861 931 1026 984 super
1057 925 1128 978 te,
1165 925 1220 970 et
1269 916 1488 968 tolletur
1516 916 1664 969 zelus
1696 929 1849 968 meus
1880 930 1908 968 a
1957 925 2007 968 te
2047 933 2059 967 :

492 1017 545 1060 et
569 1008 930 1075 requiescam,
953 1013 1006 1060 ct
1033 1019 1140 1058 non
1175 1005 1381 1060 curabo
1422 1007 1683 1075 amplius;
1712 1005 1799 1059 45.
1826 1019 1922 1074 pro
1980 1006 2063 1059 his

492 1099 634 1166 quod
667 1113 775 1151 non
832 1099 1110 1151 recordata
1165 1115 1224 1154 es
1261 1099 1469 1153 dierum
1506 1099 1882 1152 adolescentiae
1934 1107 2058 1162 tum,

494 1191 572 1260 (ά)
607 1179 659 1244 et
709 1190 930 1245 tristitia
964 1189 1235 1245 aﬂiciebas
1298 1209 1382 1242 me.
1422 1193 1473 1243 in
1531 1192 1615 1245 his
1662 1192 1963 1245 omnibus:
2010 1201 2064 1246 et

491 1296 592 1349 ego
621 1295 747 1335 ecce
777 1283 894 1336 vias
919 1293 1038 1336 tuas
1069 1283 1120 1335 in
1154 1291 1313 1350 caput
1340 1290 1494 1336 tuum
1526 1283 1669 1347 dedi,
1708 1283 2058 1336 dicitAdonai

492 1371 754 1427 Dominus
791 1391 803 1426 :
830 1372 896 1443 (e)
928 1383 980 1427 et
1009 1374 1087 1428 sic
1125 1373 1296 1427 fecisti
1325 1375 1652 1442 impietatem
1685 1389 1846 1442 super
1872 1391 2062 1429 omnes

493 1463 808 1532 iniquitates
846 1477 984 1518 tuas.
1015 1464 1103 1517 Η.
1131 1463 1254 1519 Haec
1286 1476 1414 1518 sunt
1435 1466 1637 1530 omnia,
1664 1481 1782 1532 qnze
1808 1466 2061 1520 dixerunt

492 1567 657 1622 super
688 1561 738 1606 te
766 1555 818 1607 in
859 1555 1135 1622 parabola,
1168 1557 1408 1610 dicentes
1443 1578 1452 1610 :
1491 1555 1642 1610 Sicut
1673 1566 1862 1621 mater,
1895 1557 2057 1611 etiam

491 1646 622 1699 filia.
657 1646 745 1700 45.
783 1646 916 1714 Filia
955 1649 1140 1702 matris
1181 1657 1284 1703 tute
1325 1657 1378 1702 tu
1410 1665 1484 1714 es,
1511 1665 1633 1718 qua:
1662 1651 2057 1719 repnlitvirum

490 1751 673 1802 suum,
698 1748 750 1791 et
779 1738 921 1792 filios
950 1754 1100 1800 suos,
1126 1740 1187 1809 (Γ)
1211 1749 1265 1793 et
1290 1756 1532 1794 sororem
1550 1755 1796 1795 sororum
1822 1751 2058 1808 tuarum,

2165 544 2510 611 opprobrium
2553 558 2611 597 es
2664 543 2896 595 filiarum
2938 540 3124 612 Syriae,
3155 549 3209 593 et
3238 539 3505 601 omnium,
3531 555 3653 608 qua:
3680 543 3735 593 in

2164 634 2389 686 circuitu
2424 635 2562 703 ejus,
2599 635 2828 687 ﬁliarum
2871 633 3320 702 alienigenarum,
3347 646 3470 701 quze
3499 633 3742 714 circum-

2165 724 2296 778 dant
2325 734 2374 778 te
2406 725 2766 779 circumcirca
2799 734 2872 786 te.
2895 724 2982 777 58.
3033 723 3111 792 (η)
3156 724 3462 792 impietates
3503 734 3649 787 tuas,
3683 733 3744 778 et

2167 816 2485 886 iniquitates
2520 826 2644 870 tuas
2674 829 2726 869 tu
2759 816 2985 886 portasti
3018 832 3131 880 eas,
3164 815 3291 869 dicit
3323 814 3608 870 Dominus.
3644 817 3738 871 59.

2163 908 2229 973 )s(
2264 907 2401 973 Quia
2433 909 2455 974 ζ
2512 909 2626 960 lucc
2679 908 2810 960 dicit
2849 907 3059 960 Adonai
3104 907 3365 960 Dominus
3398 925 3411 958 :
3455 905 3631 962 Etiam
3661 907 3744 962 fa-

2163 999 2303 1052 ciam
2337 1000 2388 1053 in
2423 1009 2491 1061 te,
2528 1000 2670 1054 sicut
2702 999 2918 1062 fecisti,
2966 999 3108 1054 sicut
3158 999 3454 1067 despcxisti
3509 999 3648 1061 haec.
3680 1009 3743 1054 ut

2163 1091 2622 1160 transgredereris
2657 1099 3042 1145 testamentum
3073 1105 3253 1144 meum
3282 1111 3294 1144 :
3329 1090 3417 1144 60.
3463 1100 3517 1144 et
3554 1107 3742 1146 recor-

2163 1179 2331 1232 dabor
2353 1195 2454 1249 ego
2501 1182 2810 1234 testamenti
2855 1182 2979 1242 mei,
3041 1179 3183 1248 quod
3238 1189 3417 1234 tecum
3463 1181 3514 1233 in
3544 1181 3741 1237 diebus

2163 1271 2412 1338 pueritia:
2447 1281 2575 1334 tuae,
2618 1280 2670 1323 et
2703 1271 2982 1324 suscitabo
3005 1272 3100 1324 tibi
3130 1282 3512 1328 testamentum
3530 1275 3739 1344 sempi-

2163 1369 2399 1414 ternum.
2433 1364 2523 1415 61.
2555 1361 2629 1430 (ο)
2661 1363 3114 1417 Etrecordaberis
3141 1365 3242 1418 via:
3271 1375 3396 1426 tuae,
3423 1375 3476 1418 et
3497 1377 3741 1420 contem-

2163 1455 2330 1512 neris,
2361 1467 2483 1505 cum
2523 1453 2793 1521 receperis
2843 1467 3062 1508 sorores
3105 1464 3227 1508 tuas
3262 1456 3496 1524 majores
3521 1467 3572 1512 te
3608 1474 3735 1512 cum

2158 1542 2470 1610 junioribus
2505 1553 2576 1608 te,
2607 1553 2661 1596 et
2691 1544 2833 1600 dabo
2864 1558 2956 1598 eas
2999 1545 3096 1598 tibi
3134 1546 3187 1598 in
3241 1548 3642 1615 probationem.
3683 1563 3740 1605 et

2163 1649 2270 1687 non
2297 1651 2362 1688 ex
2385 1643 2711 1690 testamento
2742 1643 2853 1689 tuo.
2891 1636 2978 1689 62.
3024 1635 3091 1692 Ει
3117 1640 3394 1694 suscitabo
3443 1656 3542 1709 ego
3572 1652 3738 1696 testa-

2163 1737 2406 1780 mentum
2437 1743 2615 1781 meum
2644 1737 2846 1793 tecum,
2876 1740 2930 1784 et
2959 1745 3280 1800 cognosces,
3321 1733 3466 1800 quod
3495 1747 3594 1803 ego
3619 1732 3728 1788 Do-

489 1843 612 1896 qum
643 1828 714 1897 (9)
759 1831 1070 1897 repulerunt
1098 1831 1247 1885 viros
1285 1846 1436 1896 suos,
1470 1840 1523 1885 οι
1555 1831 1695 1888 ﬁlius
1725 1849 1854 1888 suos
1894 1851 1907 1886 ε
1944 1849 2056 1887 πη,
2093 1806 2133 1860 Β
2164 1818 2344 1872 minus
2370 1837 2385 1884 ;
2409 1819 2497 1873 65.
2528 1829 2590 1873 ut
2619 1821 2942 1885 recorderis,
2999 1831 3054 1874 et
3100 1822 3416 1886 erubescas,
3448 1831 3503 1876 et
3525 1838 3626 1876 non
3655 1824 3729 1878 sit

491 1928 571 1972 ter
599 1930 774 1974 vestra
813 1919 1050 1986 Hethaea,
1074 1932 1127 1975 et
1148 1932 1298 1991 pater
1333 1933 1510 1977 vester
1540 1925 1615 1993 (It)
1643 1926 2054 1982 Amorasus.46.

488 2011 575 2065 46.
617 2011 781 2067 Soror
810 2023 982 2068 vestra
1002 2015 1183 2068 senior
1217 2015 1486 2082 Samaria,
1516 2017 1649 2083 hazc,
1669 2027 1723 2072 et
1759 2019 1880 2073 lilia:
1909 2021 2052 2088 ejus,

488 2117 612 2169 qua:
643 2101 891 2156 habitant
923 2119 952 2156 a
982 2103 1204 2158 sinistra
1241 2113 1328 2158 tua
1355 2124 1368 2159 :
1396 2117 1449 2160 et
1475 2122 1631 2160 soror
1667 2117 1754 2163 tua
1775 2109 1961 2178 jnnior
1982 2117 2054 2172 te,

488 2207 610 2259 qum
640 2192 845 2246 habitat
871 2209 900 2247 a
951 2197 1140 2248 dextra
1165 2205 1254 2249 tua
1280 2194 1539 2261 Sodoma,
1571 2206 1623 2251 et
1647 2199 1768 2253 tiliae
1793 2201 1931 2268 ejus.
1965 2201 2057 2254 47.

490 2282 596 2338 Sed
632 2299 738 2338 non
768 2285 846 2339 sic
861 2286 1078 2354 quidem
1105 2289 1157 2339 itt
1186 2287 1286 2341 viis
1319 2303 1504 2342 earum
1532 2291 1842 2354 ambulasti,
1886 2307 2060 2361 neque

489 2376 788 2429 secundum
831 2377 1140 2443 iniquitates
1187 2392 1373 2430 earum
1404 2379 1560 2447 egisti
1589 2381 1955 2447 paullominus
1987 2387 2055 2450 >κ

488 2465 631 2518 sicut
687 2465 865 2516 dicere
897 2464 957 2531 ζ,
1010 2475 1066 2518 et
1131 2468 1522 2536 transgredcris
1586 2483 1680 2523 eas
1723 2471 1776 2522 in
1805 2472 2058 2526 omnibus

488 2555 591 2608 viis
620 2555 747 2607 tuis.
774 2553 863 2605 48.
903 2553 1032 2605 Vivo
1061 2569 1182 2624 ego,
1242 2556 1375 2610 dicit
1433 2558 1641 2610 Adonai
1700 2558 1984 2626 Dominus,
2012 2563 2056 2616 si

487 2643 616 2698 fecit
647 2643 882 2698 Sodoma
913 2660 1068 2698 soror
1109 2656 1199 2699 tua
1253 2647 1390 2716 ipsa,
1444 2657 1496 2701 et
1531 2650 1652 2702 tiliae
1693 2651 1834 2718 ejus,
1865 2667 2057 2721 quem-

488 2737 779 2790 admodum
811 2735 986 2791 fecisti
1020 2753 1098 2799 tu,
1138 2748 1190 2791 et
1212 2738 1333 2792 lilia:
1374 2749 1498 2793 tuae.
1546 2741 1635 2795 49.
1673 2741 2056 2798 Verumtamen

489 2829 605 2882 haec
643 2832 710 2896 Χ
749 2839 830 2884 est
861 2829 882 2896 ζ
911 2829 1011 2882 fuit
1072 2829 1330 2898 iniquitas
1389 2831 1638 2886 Sodoma:
1691 2835 1897 2890 sororis
1933 2848 2055 2903 tuae,

487 2921 742 2988 superbia
803 2920 856 2974 in
913 2921 1198 2975 saturitate
1263 2938 1462 2990 panum
1492 2964 1506 2984 ,
1537 2933 1591 2978 et
1626 2925 1677 2977 in
1710 2926 2058 2982 abundantiis

486 3008 598 3061 vini
649 3009 875 3064 delicate
929 3011 1204 3078 vivebant,
1252 3012 1368 3081 ipsa
1396 3023 1449 3066 ct
1478 3014 1600 3069 ﬁlia:
1657 3016 1814 3084 ejus:
1869 3031 1924 3072 -t-
1955 3018 2058 3072 hoc

486 3110 604 3154 erat
636 3101 684 3154 ei
720 3102 777 3172 ζ,
827 3109 880 3156 et
931 3101 1058 3156 filiis
1083 3102 1203 3171 ejus
1235 3105 1294 3174 (ἱ)
1345 3113 1399 3158 et
1449 3121 1670 3160 manum
1719 3111 1971 3177 pauperis
2003 3121 2057 3165 et

486 3191 640 3261 egeni
661 3193 1284 3260 nonapprehendebant,
1328 3195 1416 3252 50.
1444 3207 1498 3252 et
1523 3214 1716 3268 magna
1747 3203 2055 3272 gloriaban-

489 3292 599 3347 tur,
626 3291 678 3336 et
708 3283 952 3338 fecerunt
983 3286 1294 3354 iniquitates
1317 3303 1500 3343 coram
1521 3305 1625 3355 nte,
1647 3293 1912 3348 etabstuli
1941 3309 2054 3362 eas,

487 3371 628 3424 sicut
658 3372 788 3426 vidi.
822 3372 909 3426 51.
967 3372 1032 3426 Ει
1087 3373 1333 3431 Samaria
1392 3382 1693 3435 secundum
1765 3383 2053 3438 dimidium

485 3473 832 3530 peccatorum
863 3474 1079 3520 tuorum
1107 3484 1213 3522 nott
1263 3472 1507 3538 peccavit
1535 3487 1548 3524 :
1584 3483 1636 3526 et
1683 3476 2056 3544 multiplicasti

488 3553 803 3623 iniquitates
835 3569 956 3609 tuas
984 3561 1105 3624 plus
1138 3575 1301 3626 quam
1318 3576 1413 3626 eae,
1433 3571 1486 3615 et
1510 3563 1818 3630 justilicasti
1843 3582 2058 3622 sorores

491 3653 612 3697 tuas
645 3646 698 3696 in
747 3647 1002 3700 omnibus
1061 3650 1439 3716 iniquitatibus
1491 3655 1618 3720 tuis,
1677 3671 1813 3724 quas
1859 3657 2054 3714 fecisti.

490 3732 578 3785 δὲ.
618 3732 689 3804 (k)
719 3733 782 3786 Et
814 3746 866 3788 tu
904 3737 1113 3790 sustine
1143 3747 1470 3794 tormentum
1506 3752 1658 3797 tuum
1709 3747 1761 3799 in
1794 3763 1881 3813 eo,
1911 3751 2053 3818 quod

489 3827 802 3893 corruperis
864 3841 1084 3881 sorores
1141 3840 1263 3883 tuas
1318 3832 1370 3884 in
1411 3835 1646 3901 peccatis
1677 3838 1784 3892 tuis
1809 3877 1823 3901 ,
1858 3841 2058 3908 quibus

491 3915 674 3984 inique
703 3917 856 3986 egisti
881 3918 1023 3985 plus,
1050 3935 1211 3988 quam
1246 3937 1342 3988 eae,
1383 3934 1436 3977 et
1471 3925 1782 3994 justilicasti
1806 3945 1898 3983 eas
1939 3933 2058 3999 plus

487 4024 648 4077 quam
690 4020 768 4064 le:
797 4021 852 4065 et
895 4022 948 4065 ιιι
995 4014 1285 4080 erubesco,
1341 4028 1393 4073 et
1443 4022 1662 4089 suscipe
1706 4025 2056 4092 ignominiam

490 4111 660 4167 tuam,
693 4119 758 4158 eo
787 4107 930 4173 quod
958 4107 1347 4176 justilicaveris
1413 4128 1631 4169 sorores
1697 4126 1839 4170 tuas.
1885 4117 1972 4172 55.
1995 4119 2060 4174 Et

487 4208 802 4249 convertam
836 4201 1203 4256 reversionem
1249 4219 1434 4258 earum
1457 4245 1473 4270 ,
1514 4213 1924 4268 conversionem
1959 4213 2060 4270 So-

489 4285 684 4348 domze,
723 4289 785 4357 (ι)
810 4300 862 4342 et
888 4307 1135 4346 sororum
1167 4297 1286 4364 ejus
1315 4317 1328 4349 :
1355 4307 1408 4350 et
1436 4313 1746 4356 convertam
1791 4308 2058 4362 reversio-

489 4393 611 4430 nem
645 4378 927 4449 Samartzr,
960 4393 1011 4438 et
1056 4387 1288 4440 filiarum
1329 4389 1480 4456 ejus:
1506 4401 1559 4444 et
1590 4406 1899 4451 convertam
1928 4415 2060 4453 con-

2162 1909 2258 1961 tibi
2297 1910 2437 1962 ultra
2470 1913 2680 1980 aperire
2713 1914 2866 1979 οεὶε(
2901 1921 3052 1965 tuum
3103 1913 3124 1979 ζ
3183 1928 3209 1966 a
3248 1912 3386 1969 facie
3424 1914 3735 1982 ignominia:

2162 2009 2288 2064 ture,
2328 2017 2451 2055 cum
2486 2003 2750 2071 propitius
2793 2003 2950 2058 fuero
3010 2004 3105 2057 tibi
3155 2005 3312 2074 juxta
3372 2009 3578 2070 omnia,
3614 2021 3738 2076 qua:

2163 2090 2359 2158 fecisti,
2389 2093 2524 2146 dicit
2550 2092 2759 2146 Adonai
2793 2092 3076 2150 Dominus.

2233 2204 2365 2272 Cap.
2403 2201 2564 2257 XVII.
2591 2204 2733 2256 —i.
2766 2204 2832 2258 Et
2871 2205 3072 2260 factum
3112 2216 3195 2262 est
3246 2207 3471 2261 verbum
3517 2206 3735 2262 Domini

2162 2293 2228 2348 ad
2255 2309 2360 2358 me,
2390 2294 2577 2348 dicens
2601 2312 2614 2346 :
2646 2293 2698 2347 2.
2737 2293 2835 2347 Fili
2863 2295 3123 2360 hominis,
3151 2312 3310 2351 narra
3337 2299 3734 2361 narrationem.

2162 2392 2216 2436 et
2237 2384 2324 2436 dic
2354 2384 2666 2451 parabolam
2699 2385 2766 2437 ad
2817 2385 3040 2438 domum
3084 2385 3323 2447 lsraelis,
3378 2389 3430 2441 5.
3461 2399 3513 2441 et
3540 2388 3732 2443 dices:

2163 2475 2287 2529 Hzec
2315 2475 2447 2528 dicit
2483 2475 2688 2528 Adonai
2726 2476 3026 2530 Dominus:
3063 2477 3255 2546 Aquila
3285 2493 3498 2548 magna,
3537 2494 3737 2548 magna

2163 2567 2285 2632 alis,
2317 2567 2472 2633 longa
2509 2567 2851 2629 extensione,
2891 2567 3046 2636 plena
3080 2570 3365 2637 unguium,
3407 2571 3494 2624 cui
3530 2578 3616 2624 est
3639 2571 3740 2623 im-

2162 2667 2316 2725 petus
2357 2657 2593 2709 intrandi
2628 2657 2680 2710 in
2714 2657 2978 2710 Libanum
3014 2668 3103 2712 :et
3148 2661 3384 2728 sumpsit
3437 2662 3512 2731 (ρ)
3563 2663 3737 2715 electa

2161 2745 2334 2808 cedri,
2361 2746 2413 2798 4.
2447 2749 2519 2814 (q)
2553 2748 2895 2801 summitates
2927 2750 3306 2804 teneritudinis
3335 2751 3655 2815 inlirmavit,
3681 2759 3736 2807 et

2161 2839 2390 2892 adduxit
2412 2853 2505 2892 eas
2533 2839 2586 2891 in
2611 2847 2810 2892 terram
2835 2840 3119 2904 Chanaan,
3153 2842 3223 2910 (r)
3257 2842 3311 2894 in
3345 2844 3476 2898 urbe
3526 2846 3734 2899 munita

2159 2930 2343 2999 posuit
2374 2929 2560 2983 eas.5.
2607 2929 2893 2984 Etsomsit
2938 2933 3006 2984 de
3056 2934 3260 2986 semine
3298 2943 3472 2999 terrae,
3504 2945 3557 2988 et
3587 2937 3736 2991 dedit

2161 3020 2291 3073 illud
2317 3020 2383 3090 (s)
2416 3022 2466 3072 in
2491 3036 2684 3088 campo
2707 3023 3094 3088 plantationem
3117 3024 3185 3090 >κ
3203 3032 3478 3092 acceptam
3516 3025 3539 3092 ζ
3569 3040 3736 3094 super

2161 3125 2359 3180 aquam
2398 3112 2623 3165 multam
2652 3128 2664 3162 :
2691 3113 2903 3166 visibile
2924 3113 3195 3167 ordinavit
3217 3115 3370 3167 illud.
3393 3115 3445 3168 6.
3470 3115 3533 3169 Et
3553 3127 3732 3170 ortum

2160 3215 2262 3271 est,
2293 3215 2345 3259 et
2385 3205 2588 3258 factum
2629 3215 2714 3259 est
2773 3207 2824 3257 in
2875 3207 3037 3258 vitem
3097 3207 3392 3272 infirmam,
3423 3220 3473 3261 et
3510 3225 3734 3278 parvam

2159 3298 2554 3367 magnitudine,
2613 3307 2673 3350 ut
2730 3298 3044 3351 viderentur
3101 3299 3353 3367 palmites
3410 3299 3527 3366 ejus
3571 3316 3738 3368 super
3828 3327 3843 3339 -

2157 3404 2276 3444 eam
2307 3408 2318 3442 :
2353 3397 2407 3442 et
2439 3390 2648 3443 radices
2673 3388 2792 3455 ejus
2825 3390 2926 3443 sub
2955 3406 3017 3443 ea
3065 3402 3248 3445 erant:
3301 3401 3356 3445 et
3383 3391 3522 3445 facta
3563 3402 3647 3446 est
3679 3395 3735 3447 in

2160 3481 2373 3535 vineam
2405 3497 2679 3551 magnam,
2711 3491 2763 3534 et
2799 3479 2926 3535 fecit
2961 3482 3025 3552 (ι)
3085 3485 3431 3555 propagines,
3467 3494 3520 3538 et
3551 3495 3734 3540 exten-

2157 3573 2236 3626 dit
2257 3574 2438 3642 virgas
2465 3589 2612 3627 suas.
2665 3573 2714 3626 7.
2736 3572 2800 3627 Et
2825 3574 2964 3626 facta
3003 3585 3085 3628 est
3107 3577 3285 3643 aquila
3313 3578 3480 3630 altera
3514 3593 3735 3648 magna,

2159 3680 2352 3733 magna
2385 3666 2508 3730 alis,
2550 3666 2719 3720 multa
2755 3667 3067 3736 unguibus:
3103 3679 3155 3721 et
3183 3684 3308 3723 ecce
3337 3671 3462 3724 vitis
3490 3671 3602 3724 haec
3626 3671 3736 3726 im-

2157 3757 2355 3823 plicata
2391 3757 2458 3810 ad
2489 3772 2630 3822 eam,
2660 3768 2712 3810 et
2762 3759 2971 3812 radices
2998 3761 3117 3828 ejus
3142 3761 3207 3814 ad
3245 3776 3362 3814 eam
3400 3771 3453 3814 et
3479 3763 3736 3831 palmites

2159 3863 2289 3902 suos
2313 3848 2501 3901 subter
2529 3864 2586 3902 se
2626 3850 2808 3904 emisit
2861 3851 2931 3914 ei,
2987 3862 3046 3904 ut
3076 3853 3321 3921 irrigaret
3348 3871 3466 3908 eam
3493 3857 3571 3926 (ιι)
3605 3873 3732 3912 cum

2159 3936 2284 3991 bolo
2346 3940 2695 4006 plantationis
2753 3956 2884 3994 sum.
2947 3942 2999 3995 8.
3063 3941 3117 3996 In
3170 3960 3365 4014 campo
3397 3947 3538 4000 bono
3567 3964 3736 4017 super

2159 4045 2355 4099 aquam
2386 4032 2609 4084 multam
2647 4033 2759 4086 haec
2791 4033 3180 4103 itnpingnatur,
3211 4047 3268 4090 ut
3297 4038 3732 4109 faciatvirgulta,

2158 4131 2211 4173 et
2243 4121 2509 4174 utaﬂ'erat
2568 4121 2828 4188 fructum,
2888 4135 2947 4178 ut
2996 4129 3074 4186 .sit
3111 4129 3161 4180 in
3192 4131 3402 4184 vineam
3455 4150 3731 4203 magnam.

2159 4211 2212 4265 9.
2246 4210 2473 4281 Drepter
2502 4215 2604 4267 hoc
2630 4217 2750 4268 dic:
2787 4216 2910 4271 l-lzcc
2938 4219 3293 4274 dicitAdonai
3330 4225 3592 4281 Dominus
3617 4228 3733 4299 :(x)

2159 4301 2214 4355 Si
2248 4304 2535 4374 dirigatur,
2567 4323 2752 4363 nonne
2781 4309 2993 4376 radices
3037 4315 3416 4371 teneritudinis
3467 4321 3586 4386 ejus
3613 4361 3627 4381 ,
3675 4329 3736 4376 et
3815 4306 3830 4312 ’

2163 4394 2374 4450 fructus
2409 4397 2526 4464 ejus
2583 4402 2933 4467 putrescent?
2959 4414 3011 4456 et
3063 4418 3312 4459 arescent
3368 4412 3572 4474 omnia,
3606 4427 3733 4481 quae

490 4471 791 4525 versionem
834 4485 979 4528 tuam
1013 4477 1064 4530 in
1099 4480 1278 4532 medio
1298 4497 1483 4534 earum
1513 4501 1526 4548 ;
1561 4485 1647 4539 54.
1676 4498 2053 4557 utportestor—
2090 4494 2132 4548 D
2165 4487 2502 4552 Pl'iBVellilﬂll
2535 4491 2846 4557 germinant
2873 4507 2936 4545 ex
2963 4509 3046 4555 ea.
3085 4498 3151 4563 Β(
3176 4511 3424 4553 arescent
3458 4502 3518 4570 ζ,
3546 4471 3733 4558 etnon

486 4571 727 4616 mentum
746 4574 921 4626 tuttm,
962 4569 1056 4632 (ml
1076 4579 1127 4621 et
1146 4575 1513 4629 contemneris
1539 4591 1600 4628 ex
1628 4581 1882 4634 omnibus
1902 4623 1915 4646 ,
1940 4598 2060 4650 qua:

484 4650 684 4716 fecisti,
704 4654 769 4706 ad
792 4654 1112 4708 irritandurn
1138 4676 1241 4712 tne.
1264 4661 1353 4713 55'.
1371 4661 1434 4715 Et
1455 4677 1713 4719 sorortua
1736 4667 2062 4733 Sodoma,et

480 4743 605 4796 fili-.e
637 4745 754 4812 ejus
777 4748 1144 4814 restituentur,
1183 4750 1323 4806 sicut
1347 4765 1504 4809 erant
1531 4771 1559 4808 a
1591 4759 1858 4828 principio
1877 4780 1888 4814 :
1908 4774 1960 4815 et
1979 4773 2058 4828 tu,

480 4844 536 4886 et
561 4835 683 4889 lilia:
717 4846 823 4890 tua:
875 4842 1256 4903 restitnemini,
1317 4846 1460 4898 sicut
1501 4850 1667 4904 eratis
1709 4866 1737 4903 a
1769 4853 2058 4923 principio.

485 4924 575 4979 56.
607 4926 670 4979 Et
697 4929 800 4983 nisi
836 4929 1031 4986 fuisset
1060 4932 1297 4989 Sodoma
1339 4952 1493 4992 soror
1516 4950 1605 4994 tua
1635 4945 1686 4995 in
1723 4946 1964 4998 auditum
1998 4947 2048 5000 in

481 5033 577 5071 ore
605 5026 719 5086 tuo,
746 5022 798 5074 in
824 5023 1018 5081 diebus
1038 5028 1310 5096 superbia:
1365 5038 1488 5094 ture,
1523 5031 1610 5085 57.
1639 5045 1927 5104 antequam
1962 5055 2048 5092 re-

551 5183 629 5256 (d)
656 5182 778 5251 Th.,
823 5194 875 5238 et
921 5187 986 5238 ad
1018 5187 1152 5240 iram
1196 5192 1525 5256 provocabas
1576 5208 1680 5246 me.

481 5254 554 5326 (ρ)
598 5254 727 5318 Qua:
757 5256 1128 5310 vendiderunt.
1198 5254 1280 5326 (ἡ)
1331 5260 1414 5325 8.,

1759 5193 1941 5266 (ε)8.,
1987 5209 2040 5252 et
2089 5212 2196 5251 non
2246 5196 2344 5251 feci
2393 5197 2546 5266 juxta
2600 5201 3040 5258 abominationes
3075 5213 3217 5262 tuas.

2161 4577 2213 4629 in
2278 4579 2500 4632 brachio
2557 4597 2774 4652 magno,
2836 4601 3010 4654 neque
3070 4589 3121 4642 in
3164 4593 3361 4660 p0pnlo
3396 4596 3602 4660 multo,
3659 4598 3732 4652 ad

2158 4670 2500 4724 evellendum
2529 4687 2648 4726 eam
2701 4689 2730 4727 e
2771 4675 3048 4732 radicibus
3101 4681 3232 4736 suis.
3267 4684 3352 4737 10.
3383 4685 3456 4738 Et
3487 4702 3610 4742 ecce
3634 4689 3735 4742 im-

2159 4765 2486 4832 pinguatur:
2549 4767 2818 4836 numquid
2876 4767 3191 4835 dirigetur?
3241 4771 3434 4831 Nonne
3479 4778 3640 4832 simul
3667 4795 3736 4835 ac

2159 4856 2399 4924 tetigerit
2424 4870 2540 4916 eam
2576 4866 2770 4911 ventus
2803 4860 3068 4926 uredinis,
3098 4873 3308 4918 arescet
3342 4866 3633 4923 ariditate?
3654 4871 3732 4942 (ῃ)

2159 4963 2282 5001 cum
2314 4949 2440 5002 bolo
2477 4950 2740 5018 germinis
2771 4962 3001 5008 arescet.
3041 4954 3126 5007 ll.
3158 4955 3222 5009 Et
3252 4959 3453 5011 tactum
3503 4972 3586 5015 est
3611 4978 3735 5017 ver-

2158 5038 2287 5091 bum
2333 5037 2547 5091 Domini
2573 5041 2637 5093 ad
2667 5056 2773 5105 me,
2807 5042 3035 5099 dicens:
3103 5045 3190 5100 12.
3223 5045 3322 5102 Fili
3350 5049 3608 5117 hominis,
3642 5053 3736 5109 dic

3296 5209 3364 5278 (Γ)
3397 5219 3452 5264 et
3489 5227 3729 5270 sorores.

1453 5273 1508 5315 ut
1533 5263 1772 5344 subeatis
1827 5265 2116 5344 judicium,
2167 5283 2271 5321 reae
2323 5263 2494 5334 estis,
2537 5285 2765 5338 quarum
2797 5275 2942 5328 enim
2989 5275 3041 5328 in
3089 5263 3730 5344 judiciouﬁ'lim

480 5323 634 5423 me:
683 5327 925 5423 otium-(.1,
968 5339 1014 5423 et
1070 5323 1346 5394 incertum,
1395 5323 1496 5423 quia
1537 5323 1906 5417 pertineant')._
1951 5338 2014 5407 (ἱ)
2052 5323 2159 5423 S.,-,I
2191 5354 2411 5391 manum
2445 5323 2575 5420 vero
2629 5323 2956 5411 pauperi-"et

573 5393 656 5455 S.,
684 5397 844 5484 etiam
887 5401 1162 5484 tunitaque
1185 5393 1339 5484 porta
1365 5393 1620 5470 pudorem
1659 5393 2010 5484 tuum,’sicut'
2033 5393 2250 5484 quidem
2278 5410 2544 5484 superasti
2579 5393 2955 5467 sorores-tuas-

815 5466 908 5536 (m)
1071 5465 1126 5522 et
1153 5465 1441 5544 erubesées
1476 5489 1572 5540 pro
1621 5465 1874 5529 omnibus
1925 5465 2276 5544 quat-fecisti,
2319 5465 2612 5534 consolans
2642 5465 2754 5534 eas.

480 5539 554 5598 (ο)
583 5531 754 5626 S.,.et.
777 5531 902 5589 cunt
945 5537 997 5588 in
1026 5542 1340 5626 nn-mr't'r'iam
1375 5531 1844 5626 vero-caveris‘vilas
1891 5531 2440 5626 ttt'as,_reprehendes_
2465 5531 3552 5626 temetipsant.w(pjihrcapitalafj

482 5465 734 5517 filiarum.

480 5605 822 5679 Summitates
855 5621 1152 5679 ramorum.
1182 5608 1300 5668 Tlt..
1343 5613 1592 5679 virgulta.

485 5741 647 5792 tionis
705 5757 834 5794 suat.
880 5741 996 5807 Th.,
1025 5741 1086 5796 ex
1121 5746 1319 5811 phiala.

584 5614 1152 5701 :fllllllli‘fr‘raﬁllllonrll’ttt.
1182 5614 1300 5701 ζὴ..
1337 5614 1592 5701 χιι-διήιξε.
1672 5614 1856 5701 (τ)ν8.,
1891 5617 1943 5668 in
1975 5617 2107 5669 urbe
2154 5618 2497 5701 mercatoria.
2539 5614 3058 5701 Th._,:adducen:tium
3091 5614 3358 5682 sarcinas.
3435 5633 3504 5701 (ε)

483 5674 701 5748 regione
731 5674 962 5753 sata,_ad
994 5679 1314 5753 capiendum
1335 5674 1640 5753 firmitatem
1661 5674 1858 5737 radicis
1889 5701 2050 5752 super
2072 5700 2263 5753 aquas.

1399 5751 1473 5817 (.r)
1505 5749 1587 5814 S.,
1615 5768 1742 5804 num
1773 5749 2110 5807 extendatur.

3449 5420 3531 5491 (θ’
3549 5420 3632 5486 8.,
3673 5434 3733 5479 et

2834 5483 2911 5553 (η)
2956 5484 3037 5543 S.,
3111 5483 3541 5546 abon'tinationes
3581 5483 3725 5548 tuas.

3592 5561 3726 5631 )S-.

2344 5649 2497 5670 ιυιιιι.
2540 5649 3058 5683 ur.,auuuccuuum
3091 5649 3358 5682 summas.
3435 5649 3504 5701 (8)
3536 5649 3618 5695 0.,
3672 5649 3724 5687 Ill

2344 5684 2782 5771 (t)_S.,radices.
2863 5693 2940 5766 (ιι)
2972 5691 3139 5759 S.,ex
3175 5706 3452 5755 structura
3507 5703 3723 5771 planta-

2187 5754 2262 5823 (ν)
2297 5752 2380 5820 8.,
2410 5759 2538 5810 curn
2574 5767 2782 5814 natura.
