4078 6312
255 283 343 340 271
354 284 389 337 5

252 396 318 450 ad
341 396 570 451 domum
621 396 836 458 Israelis
880 399 1184 456 irritantem

251 489 359 543 sint
398 488 536 548 haec,
563 503 686 559 qua:
738 489 887 545 dixi?
929 491 1018 546 dic
1075 492 1156 546 eis
1184 511 1195 545 :
1226 491 1299 562 (κ)
1331 492 1468 548 Ecce
1518 496 1701 548 veniet
1736 512 1830 549 rex

246 579 545 650 Babylonis
568 596 734 650 super
760 581 1090 648 Jerusalem,
1117 593 1169 638 et
1192 585 1374 655 capiet
1399 602 1546 652 eam,
1571 597 1625 642 et
1650 601 1829 657 regem

252 670 392 738 ejus,
435 681 492 724 et
525 672 800 742 principes
824 672 960 742 ejus,
990 683 1045 728 et
1073 674 1234 729 ducet
1249 690 1346 731 eos
1375 677 1441 730 ad
1473 677 1829 746 semetipsum

253 761 304 814 in
345 760 705 833 Babylonem.
746 764 834 818 15.
864 764 927 818 Et
957 776 1138 820 sumet
1197 767 1263 820 de
1311 767 1742 834 semine.regni,
1779 776 1833 820 et

249 858 505 926 disponet
536 856 605 912 ad
644 872 768 911 eum
799 867 1209 927 testamentum,
1247 869 1300 915 et
1354 860 1663 914 introducet
1703 876 1829 914 eum

252 951 301 1003 in
325 947 730 1014 maledictione,
758 959 811 1002 et
839 950 1112 1022 principes
1138 959 1295 1005 terrae
1320 951 1516 1020 capiet,
1549 951 1633 1004 11.
1675 952 1752 1023 (α)
1773 960 1832 1005 ιιι

253 1040 320 1093 sit
353 1038 412 1092 in
445 1053 682 1108 regnum
717 1037 1020 1104 infirmum,
1054 1041 1201 1110 quod
1248 1041 1474 1095 omnino
1502 1056 1609 1096 non
1652 1042 1830 1096 eleva-

252 1131 415 1196 bitnr,
441 1129 511 1184 ad
543 1131 967 1186 custodiendum
1003 1142 1392 1187 testamentum
1424 1133 1566 1202 ejus,
1614 1145 1667 1190 et
1716 1143 1829 1189 sta-

257 1231 364 1278 tuet
389 1220 546 1276 illud.
592 1221 681 1276 15.
716 1221 780 1276 Ει
819 1223 1034 1278 recedet
1064 1224 1133 1279 ab
1160 1239 1248 1289 eo,
1287 1224 1553 1280 mittendo
1604 1227 1827 1282 nuntios

257 1314 303 1366 in
333 1310 660 1384 Egyptum,
722 1313 788 1368 ad
841 1314 1077 1368 dandum
1136 1316 1185 1369 ei
1218 1329 1413 1384 equos,
1470 1325 1524 1370 et
1569 1317 1825 1385 pupulum

256 1400 507 1455 multum.
551 1399 606 1454 Si
639 1401 928 1472 dirigetur,
954 1403 1000 1458 si
1033 1404 1362 1469 servabitur,
1397 1406 1493 1474 qui
1539 1404 1668 1460 facit
1699 1423 1829 1460 con-

259 1493 458 1548 traria?
487 1493 562 1564 (b)
599 1504 652 1548 et
681 1495 775 1564 qui
837 1497 1239 1566 transgreditur
1295 1507 1683 1553 testamentum
1720 1539 1734 1560 ,
1783 1500 1828 1553 si

257 1584 594 1638 salvabitur?
627 1585 712 1639 16.
749 1583 977 1657 Propter
1012 1586 1114 1641 hoc
1147 1587 1268 1641 vivo
1294 1603 1418 1658 ego,
1455 1589 1586 1643 dicit
1614 1588 1825 1642 Adonai

257 1676 536 1742 Dominus,
570 1677 674 1733 nisi
703 1677 757 1732 in
797 1679 916 1736 loco
951 1679 1115 1750 regis,
1153 1681 1246 1750 qui
1276 1695 1504 1750 regnare
1528 1679 1654 1736 fecit
1675 1695 1822 1744 eum,

1481 283 1882 340 IIEZECIELIS
1905 285 2133 342 CAPUT
2174 289 2358 345 XVIII.

1239 418 1252 456 :
1304 399 1421 457 Non
1474 402 1650 464 scitis,
1704 403 1833 473 quid
1867 412 1910 464 Α
1941 406 1992 457 5.
2018 403 2156 460 Vivo
2179 423 2300 478 ego,
2343 409 2473 464 dicit
2507 411 2718 468 Adonai
2753 414 3016 470 Dominus
3065 436 3078 470 :
3111 417 3155 472 si
3197 419 3362 475 fuerit
3398 437 3516 478 am-

3376 304 3516 365 37M

1935 494 2078 562 plins
2101 497 2330 553 dicenda
2354 500 2616 569 parabola
2646 502 2761 557 bzee
2793 503 2845 556 in
2875 503 3104 572 Israele;
3131 507 3186 561 4.
3237 511 3366 579 quia
3395 529 3515 569 om-

1934 604 2030 644 nes
2065 590 2261 645 animae
2287 608 2418 647 mea:
2448 605 2594 658 sunt,
2620 596 3082 665 quemadmodum
3119 602 3300 657 ani-tua
3320 609 3510 674 patris,

1935 682 2006 736 ita
2031 691 2082 736 et
2118 684 2298 739 anima
2328 686 2447 750 ﬁlii,
2485 703 2616 742 meae
2647 697 2813 743 sunt:
2848 691 3030 746 anima
3081 707 3206 762 quae
3249 711 3511 764 peccave-

1934 776 2026 837 rit,
2055 775 2115 846 (ε)
2152 777 2266 846 ipsa
2317 779 2605 834 morietur.
2650 781 2702 836 5.
2751 781 2927 837 Homo
2967 795 3171 851 autem,
3209 787 3300 856 qui
3350 787 3514 844 fuerit

1930 866 2134 935 justus,
2191 867 2434 937 quifacit
2478 872 2747 940 judicium
2799 883 2854 929 et
2881 875 3178 944 justitiam,
3233 879 3286 933 6.
3348 895 3512 950 super

1932 957 2212 1013 montibus
2241 974 2348 1013 non
2383 962 2703 1029 comederit,
2735 973 2790 1019 et
2815 965 3004 1023 oculos
3031 983 3162 1024 suos
3188 986 3294 1024 non
3327 982 3515 1028 sustu-

1933 1046 2055 1101 lerit
2084 1047 2150 1102 ad
2185 1048 2258 1119 (Ir)
2292 1050 2653 1119 cogitationes
2677 1053 2875 1110 domus
2908 1056 3146 1124 lsraelis,
3195 1070 3248 1113 et
3280 1077 3508 1120 uxorem

1935 1139 2168 1206 proximi
2195 1140 2280 1193 sui
2311 1155 2418 1195 non
2450 1143 2725 1211 polluerit,
2755 1155 2807 1200 et
2833 1148 2901 1201 ad
2933 1151 3238 1214 mulierem,
3272 1171 3396 1224 quae
3426 1165 3511 1210 est

1932 1230 1983 1282 in
2018 1239 2327 1294 menstruo,
2367 1247 2475 1288 non
2506 1236 2822 1302 accesserit,
2871 1237 2920 1291 7.
2981 1250 3036 1294 et
3084 1242 3356 1297 hominem
3399 1259 3507 1299 non

1930 1320 2228 1390 subegerit,
2272 1322 2467 1394 pignus
2493 1324 2758 1381 debitoris
2799 1327 3113 1394 reddiderit,
3149 1342 3204 1386 et
3257 1335 3507 1403 rapinam

1931 1427 2038 1466 non
2071 1414 2335 1481 rapuerit,
2373 1430 2568 1484 panem
2603 1432 2762 1472 suum
2791 1419 3052 1475 esurienti
3068 1421 3299 1486 dederit,
3327 1437 3380 1478 et
3406 1441 3508 1479 nu-

1929 1504 2056 1558 dum
2089 1506 2365 1574 operuerit
2395 1517 2566 1572 veste,
2631 1509 2682 1564 8.
2719 1519 2774 1565 et
2818 1521 3104 1582 argentum
3142 1529 3302 1570 suum
3343 1533 3510 1586 super

1931 1609 2095 1648 usura
2127 1609 2234 1649 non
2265 1595 2494 1662 dederit,
2522 1607 2577 1652 ct
2602 1600 2936 1669 superfluum
2979 1618 3087 1658 non
3122 1607 3401 1671 sumserit,
3438 1608 3508 1663 ab

1931 1684 2200 1754 injustitia
2229 1690 2488 1743 averterit
2514 1706 2735 1746 manum
2763 1709 2944 1760 suam,
2971 1695 3238 1764 judicium
3296 1699 3505 1767 justum

253 1767 337 1838 qui
365 1769 574 1840 sprevit
611 1768 1051 1838 maledictionem
1083 1785 1286 1834 meam,
1308 1779 1364 1824 et
1391 1771 1485 1840 qui
1524 1779 1826 1842 transgres-
1859 1769 1899 1824 Β
1929 1773 2123 1831 fecerit
2183 1778 2324 1832 inter
2349 1780 2523 1835 virum
2552 1791 2608 1836 et
2665 1799 2724 1839 -ε-
2771 1786 2911 1840 inter
2947 1787 2968 1856 ζ
3021 1789 3329 1857 proximum
3364 1791 3505 1860 ejus,

251 1877 340 1918 sus
367 1869 450 1916 est
483 1869 872 1918 testamentum
911 1874 1116 1926 meum,
1148 1877 1275 1916 cum
1319 1876 1385 1916 eo
1415 1863 1468 1915 in
1517 1863 1697 1916 medio
1720 1861 1823 1916 Ba-

247 1953 462 2024 bylonis
493 1953 779 2008 morietur.
820 1953 906 2007 17.
944 1952 1011 2006 Ει
1058 1969 1167 2007 non
1218 1954 1273 2008 in
1331 1954 1533 2008 virtute
1599 1969 1819 2024 magna,

249 2060 422 2115 neque
453 2045 509 2098 in
549 2044 706 2100 turba
737 2045 906 2100 multa
960 2043 1126 2101 faciet
1155 2045 1418 2101 adversus
1461 2060 1586 2100 eum
1611 2044 1824 2101 Pharao

249 2137 467 2204 bellum,
499 2138 552 2190 in
577 2137 727 2206 jactu
754 2137 939 2203 fossa,
962 2145 1017 2192 et
1060 2137 1113 2191 in
1147 2146 1421 2192 structura
1450 2138 1743 2192 stationum
1771 2147 1824 2193 et

247 2229 591 2294 balistarnm,
625 2238 684 2284 ut
715 2229 937 2300 dejiciat
965 2230 1174 2286 animas
1214 2230 1434 2286 multas.
1470 2229 1556 2284 18.
1591 2229 1823 2300 Etspre-

248 2321 320 2376 vit
342 2321 736 2391 juramentum,
777 2331 836 2376 ut
864 2323 1337 2391 transgrederetur
1393 2329 1776 2376 testamentum
1805 2338 1818 2372 :

246 2423 298 2466 et
350 2427 478 2467 ecce
504 2411 574 2484 (c)
597 2411 978 2466 deditmanum
1001 2422 1252 2478 suam,et
1273 2414 1460 2468 omnia
1491 2415 1606 2470 haec
1623 2413 1818 2471 fecit-t—

245 2505 341 2575 ei:
376 2523 391 2559 :
423 2520 556 2558 num
593 2504 934 2560 salvabitur?
972 2505 1055 2559 19.
1107 2504 1334 2577 Propter
1367 2507 1471 2562 hoc
1511 2508 1600 2562 dic
1641 2527 1652 2561 :
1695 2507 1821 2564 Haec

245 2596 374 2651 dicit
400 2595 614 2650 Adonai
643 2595 908 2652 Dominus
935 2614 946 2648 :
981 2596 1117 2652 Vivo
1148 2612 1280 2668 ego,
1321 2598 1425 2652 nisi
1445 2598 1820 2668 juramentum

246 2701 449 2752 meum,
485 2686 630 2756 quod
657 2687 884 2756 sprevit,
908 2695 962 2742 et
1003 2695 1390 2745 testamentum
1436 2705 1640 2754 meum,
1673 2691 1820 2762 quod

247 2787 592 2848 trangressus
620 2785 723 2842 est,
743 2785 800 2831 et
826 2777 966 2831 dabo
990 2777 1122 2832 illud
1171 2779 1224 2832 in
1263 2787 1427 2850 caput
1453 2780 1570 2849 ejus
1600 2801 1611 2834 :
1647 2781 1735 2834 20.
1769 2791 1823 2837 et

244 2872 532 2927 extendam
564 2885 730 2940 super
762 2884 887 2924 eum
921 2877 1035 2925 rete
1051 2874 1584 2944 meum,etcapietur
1613 2874 1667 2928 in
1690 2891 1820 2947 gyro

244 2964 392 3034 ejus:
427 2979 493 3021 σεο
523 2973 578 3019 et
608 2965 806 3020 ducam
835 2963 1040 3025 eumin
1065 2963 1417 3035 Babylonem,
1439 2965 1820 3037 etdijudicabo

1935 1869 1986 1925 9.
2007 1877 2061 1922 et
2083 1869 2135 1922 in
2159 1871 2443 1941 praeceptis
2473 1873 2609 1927 meis
2626 1875 3006 1942 ambulaverit,
3025 1878 3509 1947 etjustilicationcs

1933 1973 2082 2012 meas
2129 1959 2526 2028 custodiverit,
2588 1971 2648 2015 ut
2695 1962 2860 2018 faciat
2890 1980 3018 2030 eas;
3067 1968 3252 2036 justus
3283 1969 3369 2024 hic
3399 1981 3505 2035 est,

1933 2049 2043 2104 vita
2073 2052 2236 2116 vivet,
2267 2051 2398 2106 dicit
2428 2053 2632 2107 Adonai
2659 2053 2944 2110 Dominus.
2986 2057 3070 2112 10.
3098 2057 3163 2111 Ει
3192 2059 3236 2112 si
3261 2063 3508 2129 genuerit

1933 2143 2104 2198 filium
2135 2145 2198 2216 (ι)
2231 2156 2628 2215 corruptorem,
2663 2147 3026 2204 elfundentem
3077 2153 3420 2220 sanguinem,
3453 2165 3507 2210 et

1933 2234 2221 2290 facientem
2262 2245 2506 2306 peccata,
2537 2238 2620 2291 11.
2653 2237 2706 2292 in
2741 2239 2823 2292 via
2856 2240 3023 2307 patris
3075 2241 3161 2296 sui
3215 2242 3347 2312 justi
3397 2258 3504 2298 non

1932 2328 2248 2394 ambulavit,
2281 2330 2373 2384 sed
2401 2340 2455 2384 et
2477 2346 2641 2399 super
2681 2333 2959 2387 montibus
2992 2334 3249 2398 comedit,
3283 2345 3338 2389 et
3372 2351 3505 2389 uxo-

1930 2434 2046 2473 rem
2075 2419 2169 2491 (m)
2197 2421 2430 2490 proximi
2457 2421 2540 2475 sui
2575 2423 2784 2490 polluit,
2814 2422 2898 2477 12.
2940 2433 2993 2478 et
3017 2439 3244 2495 egenum
3282 2435 3336 2479 et
3369 2442 3504 2496 pau-

1931 2526 2114 2580 perem
2147 2512 2378 2582 subegit,
2416 2523 2471 2568 et
2528 2514 2770 2584 rapinam
2828 2517 3028 2586 rapuit,
3080 2527 3134 2572 et
3157 2501 3354 2586 pignus
3393 2532 3502 2573 n0n

1930 2601 2184 2664 reddidit,
2208 2612 2263 2658 et
2297 2603 2350 2657 in
2377 2604 2520 2659 idola
2555 2605 2738 2674 posuit
2767 2605 2958 2658 oculos
2983 2620 3135 2670 suos,
3161 2606 3502 2676 iniquitatem

1931 2693 2080 2762 fecit,
2110 2697 2196 2751 15.
2227 2711 2350 2754 cum
2382 2713 2547 2752 usura
2587 2697 2752 2763 dedit,
2803 2706 2857 2752 et
2889 2697 3225 2766 superﬂuum
3265 2700 3500 2764 sumsit;

1930 2789 2008 2858 (η)
2036 2789 2123 2845 hic
2163 2789 2272 2844 vita
2303 2805 2410 2844 non
2443 2791 2588 2845 vivet
2615 2807 2629 2844 :
2663 2805 2854 2845 omnes
2881 2790 2978 2845 has
3020 2791 3336 2860 iniquitates
3355 2791 3502 2856 fecit,

1928 2891 2104 2935 morte
2157 2881 2616 2936 mortiﬁcabitur:
2675 2882 2898 2951 sanguis
2943 2882 3064 2952 ejus
3095 2898 3260 2954 super
3317 2885 3498 2952 ipsum

1928 2973 2052 3028 erit.
2086 2973 2171 3026 M.
2207 2972 2263 3026 Si
2295 2984 2472 3027 autem
2503 2974 2750 3043 genuerit
2780 2974 2949 3030 lilium
2976 3014 2990 3036 ,
3015 2984 3069 3026 et
3104 2975 3297 3029 viderit
3319 2977 3502 3030 omnia

246 3073 366 3114 cum
403 3073 472 3113 eo
498 3059 572 3113 ibi
593 3059 920 3129 injustitiam
948 3060 1088 3129 ejus,
1142 3074 1308 3130 quam
1371 3059 1575 3129 injuste
1614 3061 1724 3129 egit
1764 3061 1818 3114 in
1849 3107 1892 3164 C
1930 3072 2148 3134 peccata
2180 3064 2346 3133 patris
2373 3065 2479 3131 sui,
2508 3080 2630 3133 qua:
2671 3063 2815 3130 fecit,
2848 3074 2902 3117 et
2965 3063 3225 3128 timuerit,
3282 3074 3336 3118 et
3392 3081 3500 3120 non

247 3166 329 3206 me
354 3171 368 3205 :
397 3151 492 3206 2|.
525 3151 602 3220 (ά)
631 3161 686 3206 et
721 3165 914 3207 omnes
962 3151 1180 3223 profugi
1237 3152 1358 3222 ejus
1387 3151 1407 3219 ζ
1448 3153 1503 3206 in
1557 3153 1706 3206 omni
1737 3152 1821 3206 in-

248 3243 545 3298 strnctione
575 3243 697 3298 belli
726 3243 846 3312 ejus
878 3245 930 3298 in
955 3242 1136 3313 gladio
1153 3242 1377 3297 cadent:
1407 3242 1543 3313 (e)et
1570 3244 1821 3298 residuos

248 3349 430 3389 eorum
461 3334 518 3388 in
546 3347 764 3388 omnem
794 3341 1016 3386 ventum
1071 3331 1464 3396 disseminabo,
1512 3344 1567 3387 et
1616 3347 1821 3402 cogno-

248 3426 427 3492 scetis,
465 3425 595 3496 quia
628 3439 730 3494 ego
762 3422 1028 3480 Dominus
1055 3423 1270 3478 locutus
1302 3438 1448 3478 sum.
1483 3422 1574 3478 22.
1594 3422 1822 3494 Propter

247 3520 348 3575 hoc
377 3520 495 3574 haec
525 3519 658 3574 dicit
684 3517 895 3572 Adonai
928 3515 1191 3570 Dominus
1219 3533 1234 3568 :
1274 3517 1340 3569 Et
1369 3531 1580 3571 sumam
1614 3530 1714 3587 ego
1752 3516 1821 3572 de

246 3611 427 3667 electis
460 3611 608 3667 cedri
647 3611 714 3664 de
741 3609 967 3673 vertice,
993 3612 1060 3675 ῖς(
1087 3619 1140 3662 et
1171 3607 1314 3663 dabo
1341 3609 1410 3664 de
1431 3607 1606 3680 capite
1631 3623 1820 3678 propa-

248 3702 429 3772 ginum
456 3703 577 3770 ejus
611 3703 674 3772 ζ,
704 3701 870 3764 corda
910 3715 1100 3755 eorum
1132 3700 1442 3768 inﬁrmabo,
1479 3710 1534 3754 et
1566 3699 1819 3770 plautabo

249 3808 344 3864 ego
415 3809 583 3863 super
641 3801 882 3847 montem
943 3791 1244 3857 excelsum,
1286 3791 1378 3846 25.
1401 3800 1455 3845 et
1487 3792 1816 3862 suspendam

246 3895 364 3936 eum
400 3882 456 3935 in
491 3889 677 3936 monte
707 3880 928 3935 sublimi
984 3880 1221 3936 lsraelis.
1272 3882 1337 3935 Et
1372 3882 1647 3952 plantabo,
1675 3882 1739 3953 (Γ)
1765 3892 1819 3938 et

245 3972 734 4042 proferetgermen,
758 3979 812 4026 et
837 3970 1002 4026 faciet
1025 3969 1285 4037 fructum,
1313 3984 1366 4026 et
1384 3974 1487 4026 erit
1513 3974 1567 4026 in
1594 3975 1816 4028 cedrum

247 4079 492 4135 magnam
530 4084 543 4118 :
581 4074 635 4118 et
663 4063 971 4134 requiescet
1001 4064 1105 4120 sub
1150 4080 1215 4119 ea
1252 4064 1326 4135 (g)
1371 4065 1551 4121 omnis
1578 4066 1716 4131 avis,
1765 4075 1819 4120 et

245 4170 400 4211 omne
424 4157 643 4212 volatile
670 4158 774 4212 sub
827 4155 1022 4210 umbra
1056 4157 1174 4225 ejus
1222 4172 1276 4211 -ι-
1326 4158 1631 4227 requiescet
1668 4159 1731 4226 ζ,
1765 4167 1820 4212 et

244 4250 491 4317 palmites
515 4249 640 4317 ejus
666 4250 1050 4314 restituentur,
1078 4249 1244 4305 24..et
1265 4249 1441 4303 scient
1461 4249 1639 4303 omnia
1673 4249 1817 4318 ligna

243 4339 448 4408 campi;
490 4340 622 4408 quia
645 4355 746 4409 ego
771 4339 1061 4406 Dominus,
1093 4341 1184 4409 qui
1221 4339 1450 4393 humilio
1494 4339 1698 4410 lignum
1726 4354 1819 4394 ex-

1925 3151 2438 3208 feceritsecundum
2485 3167 2570 3217 ea,
2612 3151 2695 3205 l5.
2747 3168 2912 3220 super
2963 3153 3242 3206 montibus
3271 3168 3378 3206 non
3409 3169 3502 3207 co-

1928 3244 2118 3310 medit,
2147 3251 2202 3298 et
2226 3244 2417 3297 oculos
2469 3259 2602 3298 suos
2658 3258 2765 3296 non
2804 3242 2988 3312 posuit
3051 3242 3116 3296 ad
3140 3243 3503 3312 cogitationes

1927 3338 2120 3392 domus
2154 3334 2394 3401 Israclis,
2423 3344 2478 3388 et
2507 3349 2729 3388 uxorem
2766 3333 2996 3405 proximi
3027 3334 3110 3387 sui
3143 3349 3250 3387 non
3282 3333 3500 3403 polluit,

1929 3424 2016 3478 16.
2047 3434 2099 3479 et
2132 3425 2406 3480 hominem
2437 3437 2542 3476 non
2567 3422 2799 3492 subegit,
2825 3430 2878 3475 et
2903 3422 3100 3492 pignus
3136 3439 3246 3477 non
3281 3425 3500 3488 sumsit,

1925 3527 1982 3571 et
2006 3517 2251 3586 rapinam
2283 3531 2388 3570 non
2421 3515 2622 3585 rapuit,
2650 3529 2842 3583 panem
2870 3531 3028 3568 suum
3057 3516 3499 3580 esurientidedit,

1932 3617 1986 3663 (‘t
2021 3609 2226 3664 nudum
2261 3607 2474 3677 operuit
2523 3609 2590 3678 )K
2619 3614 2764 3660 veste
2795 3607 2857 3673 ζ,
2907 3605 2995 3658 17.
3037 3615 3089 3658 et
3137 3606 3205 3659 ab
3231 3607 3498 3674 injustitia

1927 3701 2125 3756 avertit
2145 3714 2368 3754 manum
2406 3713 2582 3762 suam,
2647 3712 2870 3752 usuram
2921 3706 2975 3750 et
3024 3696 3356 3766 superfluum
3391 3711 3500 3752 n0n

1925 3793 2146 3856 sumsit,
2181 3792 2450 3862 justitiam
2488 3789 2634 3853 fecit,
2671 3797 2726 3843 et
2790 3789 2844 3842 in
2901 3789 3184 3858 praeceptis
3217 3789 3354 3843 meis
3383 3805 3501 3844 am~-

1926 3885 2169 3950 bulavit;
2207 3884 2293 3938 hic
2343 3899 2450 3936 non
2479 3882 2742 3936 morietur
2788 3882 2842 3934 in
2884 3881 3167 3952 injustitiis
3190 3883 3360 3953 patris
3388 3884 3496 3948 sui,

1925 3976 2035 4030 vita
2066 3975 2230 4028 vivet.
2270 4004 2338 4012 ——-
2381 3972 2467 4027 18.
2515 3971 2672 4026 Pater
2733 3972 2848 4041 ejus
2874 3981 3052 4025 autem
3116 3972 3160 4026 si
3209 3973 3502 4027 afﬂictione

1925 4065 2198 4131 aﬂlixerit,
2231 4073 2284 4119 ct
2310 4064 2554 4133 rapuerit
2608 4062 2849 4131 rapinam
2883 4064 2950 4130 Χ
2981 4061 3166 4115 fratris
3199 4061 3258 4129 ζ,
3285 4072 3340 4116 et
3370 4079 3502 4120 con-

1915 4160 2091 4213 traria
2121 4157 2311 4210 fecerit
2337 4155 2390 4207 in
2435 4154 2614 4207 medio
2644 4153 2824 4222 populi
2846 4153 2982 4219 mei;
3035 4153 3196 4206 etiam
3233 4154 3503 4209 morietur

1926 4253 1981 4307 in
2011 4248 2278 4320 injustitia
2309 4263 2428 4302 sua.
2463 4244 2552 4300 l9.
2587 4245 2659 4316 (ο)
2695 4245 2758 4299 Ει
2792 4245 2974 4299 dicitis
3005 4266 3017 4299 :
3061 4245 3202 4310 Quid
3247 4249 3498 4318 estquod

1925 4358 2035 4398 non
2073 4341 2195 4396 tulit
2227 4341 2372 4394 filius
2422 4338 2742 4407 injustitiam
2791 4337 2959 4407 patris
3009 4338 3135 4391 sui?
3174 4337 3312 4404 Quia
3354 4339 3501 4396 filius

241 4432 469 4496 celsum,
507 4442 560 4486 et
591 4433 771 4486 exalto
796 4433 1002 4503 lignum
1031 4431 1257 4494 humile,
1281 4440 1331 4488 et
1361 4429 1815 4500 arefaciolignum
1851 4457 1902 4518 υ
1931 4431 2360 4489 misericordiam
2397 4440 2450 4484 et
2497 4429 2764 4499 justitiam
2816 4428 2959 4492 fecit,
3021 4430 3204 4483 omnia
3259 4430 3498 4498 legitima

246 4524 432 4587 viride,
465 4535 521 4578 et
554 4525 734 4582 denuo
767 4525 1041 4580 virescere
1089 4523 1286 4576 faciam
1331 4522 1538 4592 lignum
1581 4523 1817 4578 aridum.

241 4615 352 4685 Ego
386 4616 652 4670 Dominus
685 4615 900 4669 locutus
927 4629 1074 4678 sum,
1103 4622 1157 4668 et
1178 4629 1399 4683 quoque
1420 4613 1637 4668 faciam.

306 4706 462 4763 CAP.
485 4707 526 4760 X
541 4707 671 4761 VIII.
691 4709 827 4762 -1.
855 4707 921 4761 Ει
939 4705 1140 4762 factum
1161 4716 1244 4762 est
1273 4707 1494 4761 verbum
1509 4706 1724 4762 Domini
1749 4707 1816 4762 ad

1929 4543 2051 4590 mea
2075 4522 2392 4588 custodivit,
2420 4532 2472 4577 et
2503 4522 2629 4578 fecit
2669 4537 2733 4578 ea
2766 4541 2778 4576 :
2813 4523 2922 4576 vita
2964 4521 3125 4576 vivet.
3169 4521 3258 4577 20.
3301 4523 3500 4579 Anima

1927 4628 2106 4678 autem
2137 4631 2371 4688 peccans
2404 4619 2470 4682 >κ
2498 4615 2610 4683 ipsa
2649 4614 2670 4682 ζ
2699 4614 2993 4681 morietur;
3027 4615 3169 4672 ﬁlius
3192 4623 3372 4669 autem
3391 4630 3499 4669 non

1922 4711 2153 4782 accipiet
2177 4707 2498 4779 injustitiam
2529 4707 2719 4776 patris,
2765 4723 2938 4777 neque
2985 4719 3136 4778 pater
3161 4707 3390 4776 accipiet
3419 4707 3500 4759 in-

242 4814 326 4854 tne
361 4799 556 4856 dicens
600 4801 701 4854 εὶ.
730 4798 833 4853 Fili
879 4799 1142 4863 hominis,
1193 4799 1323 4868 quid
1347 4798 1504 4856 vobis
1557 4798 1816 4867 parabola
1917 4799 2189 4869 justitiam
2235 4796 2330 4850 fllii
2384 4797 2469 4851 sui
2503 4795 2753 4864 :justitia
2795 4797 2926 4866 justi
2970 4813 3134 4866 super
3167 4797 3344 4865 ipsum
3374 4796 3499 4860 erit,

241 4894 352 4947 hac
377 4894 456 4962 (Ιι)
487 4894 542 4947 in
573 4893 697 4948 filiis
729 4893 968 4956 lsraelis.
1000 4892 1243 4946 dicentes
1279 4909 1290 4943 :
1344 4890 1533 4946 Patres
1566 4891 1816 4944 comede-

241 4994 364 5038 runt
411 4999 550 5038 uvas
569 4985 818 5049 acerbas,
843 4991 898 5038 et
930 4983 1119 5038 dentes
1147 4983 1380 5036 tiliorum
1421 4985 1812 5051 stupuerunt‘.

1921 4900 1974 4946 et
2009 4888 2270 4960 iniquitas
2299 4887 2472 4956 iniqui
2504 4902 2666 4957 super
2693 4889 2871 4957 ipsum
2921 4889 3043 4942 erit.
3076 4888 3164 4946 21.
3202 4887 3423 4957 Iniquus
3453 4885 3500 4942 si

1923 4995 1980 5038 se
2011 4980 2338 5043 converterit
2371 4981 2441 5036 ab
2490 4981 2748 5037 omnibus
2772 4980 3156 5052 iniquitatibus
3201 4980 3336 5042 suis,
3363 4993 3500 5048 quas

308 5166 382 5236 (ι)
413 5163 664 5236 Quando.
697 5162 771 5236 (ιι)
796 5161 879 5236 8.,
905 5177 1003 5232 pro
1032 5177 1097 5216 eo
1111 5160 1272 5236 quod
1286 5171 1434 5236 esset
1457 5177 1681 5236 regnum
1707 5163 2013 5236 hum_ile,_ut
2041 5178 2107 5218 ne
2129 5178 2187 5217 se
2215 5162 2452 5236 efferret,
2480 5163 2571 5218 sed
2599 5163 2898 5236 custodiret
2917 5161 3105 5236 [mdes
3135 5160 3275 5232 ejus,
3309 5169 3500 5236 ut_sta-

238 5231 415 5290 tueret
443 5235 597 5289 illud.
618 5231 858 5313 Recessit
877 5231 1056 5313 autem
1075 5232 1148 5313 ab
1165 5246 1250 5313 eo,
1269 5231 1396 5313 dum
1417 5231 1568 5313 misit
1588 5234 1791 5313 legatos
1825 5234 1879 5286 in
1907 5231 2297 5313 Egyptum,_ut
2314 5234 2578 5287 darentur
2597 5233 2807 5313 eiequi.
2829 5233 3085 5313 (b)lf.tqui
3103 5231 3501 5313 transgreditur

238 5316 649 5365 testamentum,
691 5305 739 5358 si
769 5303 1004 5374 effugiet.
1082 5303 1153 5370 (c)
1182 5300 1332 5374 Dedi.

1411 5301 1489 5371 (ά)
1529 5299 1615 5366 8.,
1648 5299 1702 5354 et
1731 5316 1818 5354 om

1929 5299 2165 5372 profugi
2195 5303 2315 5371 ejus
2352 5317 2475 5372 cum
2505 5299 2761 5356 omnibus
2793 5299 3159 5372 pennisejus.
3189 5299 3351 5371 (etEt
3371 5317 3500 5372 om-

236 5392 356 5446 nes.
393 5375 459 5446 (f)
486 5374 571 5437 S.,
602 5383 657 5427 et
690 5369 924 5446 portabit
952 5369 1157 5446 ramos.
1206 5371 1280 5440 (gl
1309 5369 1512 5425 Omnes
1530 5372 1746 5446 bestiae.
1767 5441 1777 5446 _
1793 5371 1874 5446 1h)
1911 5369 2086 5446 Sitper
2120 5369 2300 5425 terra.
2323 5373 2395 5446 _(‘)
2439 5371 2751 5446 Perperanr
2773 5369 2936 5426 vertit
2975 5369 3216 5440 Nerberg
3240 5369 3246 5371 ⁷
3268 5371 3498 5446 verbum

239 5441 524 5516 Syriacum
579 5451 744 5530 ’ρρτι
802 5443 854 5496 in
884 5441 1244 5511 fulgurat-unt.
1295 5449 1414 5524 p‘t:
1455 5442 1601 5494 enim
1643 5441 1911 5508 significat
1943 5445 2107 5495 etiam
2153 5443 2392 5510 stupuit;
2440 5441 2573 5500 teste
2607 5442 2826 5495 nomine
2857 5450 3122 5528 μητρί-ππ,
3157 5452 3345 5510 stupor
3373 5441 3502 5495 den—

242 5538 398 5591 tium.
429 5535 640 5594 Ducit.
717 5536 777 5606 (ί)
810 5535 875 5588 Ει
907 5536 1062 5606 ejus,
1072 5533 1176 5606 qui
1195 5532 1494 5606 comederit
1523 5546 1658 5606 u_vas
1680 5533 1926 5606 acerbas,
1949 5533 2070 5600 ejus
2096 5535 2484 5605 obstupescent
2505 5534 2724 5606 dentes.
2757 5533 2845 5606 (ἡ)
2869 5531 3036 5606 ldola.
3115 5531 3175 5603 (Ι)
3208 5531 3291 5600 8.,
3317 5541 3464 5588 tran
3487 5563 3499 5574 -

239 5607 572 5673 gredientcm
609 5601 808 5661 fcedus.
884 5601 979 5674 (ni)
1026 5603 1109 5664 S.,
1153 5601 1355 5674 fratris.

233 5675 392 5730 simul
413 5693 517 5733 non
549 5678 785 5748 portavit
827 5673 968 5729 Illius
998 5673 1338 5741 iniquitatem
1370 5674 1538 5741 patris
1565 5673 1688 5725 sui?

1433 5601 1509 5670 (η)
1540 5599 1623 5662 8.,
1659 5617 1790 5656 num
1841 5599 2020 5658 vivet?
2069 5619 2176 5658 non
2211 5599 2369 5659 vi'vct.

2449 5604 2522 5676 (0)
2570 5602 2654 5670 8.,
2697 5602 3011 5659 etdixistis
3065 5602 3285 5660 autem:
3332 5617 3502 5672 quare
