4078 6312
535 5287 543 5352 Ξ

530 5370 543 5402 ί
616 5358 690 5425 (ρ)
716 5356 918 5430 omnes
949 5357 1228 5426 injustitiae
1260 5361 1400 5430 ejus.

580 292 721 349 2715

1682 296 1908 353 (ΣΟῡΕΧ
1952 296 2742 354 SYRIACO-IIEXAPLARIS.

3687 296 3835 352 2716

579 408 728 471 fecit,
768 414 823 461 et
855 405 1175 462 custodierit
1202 409 1384 462 omnia
1419 421 1689 480 praecepta
1724 424 1937 479 mea,et
1971 414 2158 469 fecerit
2187 421 2233 475 Α
2264 426 2390 470 runt
2418 431 2543 470 eum
2569 417 2622 469 in
2646 429 2824 479 camo,
2852 421 2908 468 et
2944 412 2996 466 in
3028 426 3224 468 cavea:
3258 408 3404 465 venit
3427 408 3490 463 ad
3523 425 3702 478 regem
3733 409 3838 463 Bn-

575 498 840 566 justitiam
871 499 1398 566 etmisericordiam,
1453 505 1563 558 vita
1613 507 1776 571 vivet,
1820 516 2003 562 etnon
2036 525 2154 562 mo-

580 591 768 644 rietur:
798 589 888 643 22.
945 590 1020 662 (ρ)
1077 592 1260 645 omnia
1305 593 1497 649 delicta
1523 597 1663 664 ejus,
1693 613 1813 666 qua:
1865 598 2010 662 fecit,
2047 613 2154 652 non

577 682 1155 736 commemorabuntur
1206 686 1274 752 Χ
1325 685 1396 746 ei,
1454 685 1548 738 sed
1611 687 1717 754 :in
1761 687 1973 756 justitia
2030 705 2152 753 sua,

577 790 740 844 quam
770 773 918 836 fecit,
949 774 1109 828 vivet.
1134 775 1224 828 25.
1244 774 1518 846 Numquid
1545 779 1775 835 volendo
1804 781 1978 834 volam
2007 797 2154 834 mor-

579 879 684 921 tem
720 868 914 936 iniqui,
945 867 1076 922 dicit
1107 867 1374 924 Dominus
1409 871 1693 932 Dominus.
1724 873 1867 928 sicut
1920 873 1974 928 id
2007 877 2151 944 quod

577 974 636 1012 se
665 968 945 1012 convertat
971 975 1000 1013 a
1031 959 1118 1013 via
1147 976 1246 1014 sua
1285 963 1426 1016 mala
1457 974 1511 1017 et
1540 965 1716 1018 vivet?
1741 965 1834 1020 24.
1860 967 1996 1021 Cum
2020 984 2150 1023 vero

575 1067 634 1104 se
669 1053 1126 1120 averteritjustus
1169 1069 1198 1106 a
1249 1055 1464 1124 justitia
1503 1072 1624 1119 sua,
1681 1067 1736 1112 et
1790 1059 1979 1115 fecerit
2009 1062 2151 1130 inju-

572 1143 777 1196 stitiam
813 1183 827 1207 ,
870 1145 1168 1198 secundum
1198 1161 1388 1202 omnes
1444 1148 1777 1217 iniquitates,
1832 1168 1970 1222 quas
2021 1154 2152 1210 fecit

572 1235 815 1304 iniquus,
856 1237 900 1290 si
935 1236 1142 1302 fecerit,
1169 1253 1273 1291 non
1306 1241 1471 1304 vivet,
1529 1256 1721 1298 omnes
1748 1244 1974 1314 justitiae
2005 1251 2145 1315 ejus,

571 1345 710 1396 quas
775 1329 921 1392 fecit,
973 1345 1078 1384 non
1134 1334 1712 1388 commemorabuntur
1745 1337 1791 1389 ei
1818 1353 1830 1386 :
1860 1337 1913 1390 in
1948 1339 2147 1394 delicto

570 1437 693 1482 suo,
724 1423 776 1475 in
809 1424 951 1490 quod
987 1424 1203 1490 cecidit,
1233 1434 1288 1478 et
1329 1426 1382 1480 in
1419 1430 1658 1496 peccatis
1701 1429 1839 1495 suis,
1873 1447 1996 1499 quae
2021 1447 2146 1501 pec-

568 1514 730 1577 cavit,
760 1515 813 1567 in
839 1515 919 1568 eis
955 1517 1231 1571 morietur.
1259 1519 1420 1573 25.Et
1460 1520 1676 1575 dixistis
1718 1539 1731 1574 :
1763 1520 1880 1576 Non
1924 1534 2080 1579 recta-
2107 1526 2147 1579 it

567 1607 653 1660 via
689 1606 904 1662 Domini
939 1627 951 1661 :
990 1610 1174 1664 audite
1209 1623 1415 1676 autem,
1446 1613 1641 1670 domus
1683 1615 1938 1674 lsraelis:
1981 1633 2144 1672 num-

567 1700 696 1768 quid
721 1702 804 1752 via
837 1716 954 1754 mea
985 1717 1089 1755 non
1123 1714 1268 1757 recta
1306 1705 1386 1757 it?
1438 1703 1626 1760 Nonne
1681 1708 1765 1762 via
1811 1717 1988 1763 vestra
2036 1726 2140 1763 non

567 1800 712 1845 recta
743 1793 827 1845 it?
859 1792 946 1845 26.
972 1795 1107 1847 Cum
1140 1798 1397 1850 averterit
1427 1813 1484 1850 se
1506 1797 1688 1866 justus
1717 1815 1746 1854 a
1770 1801 1985 1868 justitia
2019 1817 2140 1865 sua,

564 1890 620 1934 et
653 1881 839 1934 fecerit
872 1883 1152 1947 delictum,
1185 1895 1236 1938 et
1261 1887 1526 1942 morietur
1558 1889 1614 1941 in
1655 1889 1873 1955 delicto,
1900 1895 2042 1959 quod
2071 1892 2146 1946 fe-

563 1973 658 2036 cit,
697 1975 747 2026 in
779 1989 842 2027 eo
869 1976 1146 2030 morietur.
1172 1977 1259 2030 27.
1296 1978 1359 2032 Ει
1397 1993 1521 2032 cum
1555 1982 1810 2036 averterit
1833 1998 1890 2037 se
1926 1984 2146 2053 iniquus

563 2065 634 2118 ab
674 2064 958 2134 iniquitate
988 2082 1108 2131 sua,
1140 2084 1305 2136 quam
1333 2068 1480 2135 fecit,
1537 2080 1592 2124 et
1637 2071 1826 2126 fecerit
1849 2074 2142 2143 judicium,

563 2157 930 2225 ctjustitiam,
962 2159 1049 2213 hic
1073 2160 1310 2214 animam
1337 2177 1492 2216 suam
1540 2163 1852 2217 custodivit.
1877 2163 2048 2232 28.x
2081 2165 2174 2219 Et'

561 2247 700 2300 vidit
725 2247 746 2314 ζ
780 2290 794 2312 ,
821 2257 874 2302 et
903 2264 962 2302 se
993 2250 1188 2304 avertit
1219 2251 1288 2304 ab
1319 2251 1577 2306 omnibus
1607 2254 1976 2323 impietatibus
2001 2255 2139 2319 suis,

561 2354 702 2407 quas
737 2337 882 2402 fecit,
910 2341 1019 2394 vita
1053 2342 1214 2408 vivet,
1250 2358 1356 2397 non
1391 2345 1673 2398 morietur.
1709 2344 1800 2398 29.
1839 2345 1906 2399 Et
1954 2346 2144 2400 dicunt

562 2430 758 2483 domus
782 2429 1016 2496 lsraelis,
1051 2431 1168 2485 Non
1198 2443 1343 2488 recta
1377 2435 1418 2489 it
1444 2436 1534 2490 via
1594 2437 1832 2490 Domini.
1866 2435 2140 2507 Numquid

560 2523 648 2574 via
676 2537 794 2575 mea
853 2540 962 2577 non
1014 2535 1160 2578 recta
1213 2526 1275 2589 it,
1305 2527 1502 2583 dOIIIUS
1561 2529 2027 2585 lsraelis?Nonne
2055 2531 2140 2586 via

560 2621 742 2665 vestra
799 2627 907 2666 non
945 2623 1091 2668 recta
1126 2615 1206 2668 it?
1258 2616 1348 2670 30.
1379 2619 1448 2684 >κ
1486 2617 1713 2686 Propter
1741 2619 1846 2672 hoc
1880 2619 1904 2688 ζ
1938 2635 2140 2673 unum-

562 2718 836 2772 quemque
867 2705 1167 2759 secundum
1188 2707 1328 2760 viam
1349 2723 1506 2762 suam
1531 2708 1786 2777 judicabo
1808 2725 1926 2776 vos,
1945 2713 2139 2765 domus

561 2793 802 2859 lsraelis,
854 2795 987 2850 dicit
1017 2797 1225 2850 Adonai
1271 2797 1554 2853 Dominus.
1613 2799 2026 2865 Convertimini,
2087 2811 2140 2856 et

561 2886 788 2940 avertite
813 2901 911 2940 vos
942 2888 1009 2941 ab
1031 2889 1286 2944 omnibus
1310 2891 1679 2959 impietatibus
1711 2893 1927 2955 vestris,
1959 2901 2012 2947 et
2035 2908 2139 2949 non

560 2985 723 3029 erunt
753 2976 904 3031 vobis
933 2977 987 3030 in
1020 2988 1349 3035 tormentum
1374 2980 1674 3049 injustitiae.
1698 2982 1788 3036 51.
1818 2980 2076 3050 Projicite
2107 2999 2138 3037 a

559 3067 716 3121 vobis
783 3083 972 3124 omnes
1040 3070 1345 3141 impietates
1374 3083 1608 3139 vestras,
1648 3089 1787 3143 quas
1817 3075 1981 3144 impie
2025 3075 2138 3141 egi-

559 3160 662 3214 stis
690 3161 742 3213 in
768 3175 875 3224 me,
911 3170 966 3215 et
1030 3159 1194 3216 facite
1227 3163 1382 3218 vobis
1415 3179 1508 3219 cor
1543 3180 1766 3229 novum,
1795 3178 1849 3219 et
1887 3165 2141 3234 spiritum

562 3269 781 3319 novum,
819 3264 873 3309 et
898 3255 1059 3309 facile
1100 3258 1281 3310 omnia
1334 3267 1604 3327 praecepta
1663 3272 1784 3311 mea
1819 3278 1830 3311 :
1884 3268 1937 3312 et
1969 3273 2141 3326 quare

558 3345 908 3412 moriemini,
982 3347 1176 3401 domus
1217 3345 1433 3402 lsraelis
1463 3348 1486 3400 ?
1516 3348 1650 3402 dicit
1704 3348 1986 3402 Dominus.
2047 3346 2137 3402 52.

556 3436 697 3503 Quia
730 3454 836 3492 non
870 3439 993 3492 volo
1019 3449 1249 3493 mortem
1277 3439 1586 3504 morientis,
1613 3440 1744 3494 dicit
1783 3440 1994 3494 Adonai
2030 3438 2140 3492 Do-

559 3531 743 3584 minus
776 3549 788 3583 :
835 3532 903 3596 >⁴υ<
945 3531 1412 3595 etconvertimini,
1439 3541 1490 3584 et
1513 3531 1678 3584 vivite
1712 3532 1759 3599 ζ.

631 3620 782 3672 CAP.
818 3619 960 3673 XIX.
989 3649 1058 3660 -ο
1086 3622 1137 3673 1.
1181 3621 1246 3673 Ει
1279 3630 1336 3673 ιιι
1360 3621 1432 3674 [ili
1457 3622 1714 3686 hominis,
1755 3637 1908 3677 sume
1933 3624 2141 3678 lamen-

561 3712 818 3764 tationem
863 3711 936 3782 (q)
953 3725 1118 3779 super
1157 3711 1456 3780 principem
1498 3713 1732 3780 lsraelis,
1783 3715 1838 3768 2.
1864 3724 1916 3769 et
1945 3717 2134 3769 dices:

558 3802 740 3869 Quare
763 3814 936 3858 mater
959 3814 1049 3858 tua
1071 3804 1246 3858 catula
1295 3805 1348 3858 in
1410 3807 1589 3860 medio
1638 3808 1853 3861 leonum
1891 3809 1960 3878 (r)
1995 3807 2139 3863 facta

556 3896 676 3951 est?
702 3896 754 3948 in
788 3897 965 3951 medio
990 3897 1207 3952 leonum
1239 3896 1306 3968 (δ)
1332 3898 1710 3968 multiplicavit
1736 3901 1948 3955 catulus
1984 3916 2132 3955 suos.

554 3989 610 4040 5.
639 3986 703 4040 Et
730 3988 1002 4042 subsilivit
1031 4005 1178 4043 unus
1206 4004 1273 4044 ex
1301 3989 1500 4042 catulis
1527 3990 1667 4059 ejus,
1712 3991 1794 4045 leo
1828 3990 2006 4046 factus
2029 4003 2134 4056 est,

554 4090 608 4134 et
635 4081 828 4135 didicit
862 4097 1053 4150 rapere
1091 4083 1315 4152 rapinas
1345 4099 1358 4134 :
1409 4083 1660 4137 homines
1707 4085 1963 4137 comedit.
1991 4084 2043 4138 4.
2073 4085 2137 4139 Ει

553 4171 848 4224 audierunt
904 4173 966 4241 (ι)
997 4188 1158 4242 super
1186 4189 1252 4229 eo
1304 4184 1530 4244 gentes:
1587 4175 1640 4228 in
1672 4175 2023 4244 corruptione
2044 4192 2136 4231 eo-

553 4274 676 4312 rum
730 4270 918 4328 captus
983 4272 1087 4328 est,
1133 4273 1186 4317 et
1240 4265 1582 4319 adduxerunt
1609 4282 1732 4320 eum
1783 4266 1837 4320 in
1893 4282 2050 4321 camo
2077 4267 2132 4320 in

553 4359 757 4402 terram
785 4351 1025 4422 Egypti.
1065 4353 1117 4406 5.
1153 4353 1218 4408 Et
1245 4355 1402 4419 vidit,
1432 4355 1577 4424 quod
1618 4356 1870 4426 repuisus
1901 4368 2042 4412 esset
2063 4358 2133 4412 ab

553 4455 639 4504 ea,
675 4450 727 4495 et
754 4443 1005 4511 periisset
1044 4444 1124 4515 (u)
1156 4446 1459 4501 substantia
1483 4448 1624 4516 ejus.
1648 4459 1701 4504 et
1743 4451 1937 4505 sumsit
1962 4453 2129 4505 alium
2162 4432 2207 4487 Ῑ)

553 4530 622 4585 de
655 4533 851 4587 catulis
881 4536 1020 4599 suis,
1056 4535 1267 4590 leonem
1321 4539 1602 4592 constituit
1637 4555 1782 4594 eum.
1813 4540 1865 4594 6.
1909 4540 1975 4595 Et
2003 4557 2136 4596 con-

552 4624 874 4677 versabatur
901 4627 953 4678 in
984 4628 1164 4681 medio
1189 4629 1406 4682 leonum
1435 4648 1447 4682 :
1477 4630 1562 4684 leo
1597 4630 1775 4686 factus
1815 4641 1923 4698 est,
1969 4645 2023 4688 et
2052 4635 2136 4688 di-

550 4714 684 4768 dicit
713 4731 904 4784 rapere
933 4718 1158 4786 rapinas
1186 4736 1200 4771 :
1238 4721 1489 4776 homines
1522 4723 1757 4777 comedit
1783 4742 1796 4779 :
1866 4723 1920 4778 7.
1950 4735 2003 4779 et
2040 4740 2137 4794 pa-

550 4805 811 4859 scebatur
837 4807 889 4859 in
921 4809 1147 4862 audacia
1171 4825 1290 4875 sua,
1317 4820 1371 4864 et
1409 4813 1573 4867 urbes
1618 4827 1810 4868 eorum
1845 4815 2131 4880 desolavit,

549 4906 604 4951 et
635 4899 866 4952 vastavit
899 4910 1124 4965 terram,
1166 4912 1220 4956 et
1241 4903 1630 4972 plenitudinem
1659 4907 1778 4975 ejus
1807 4921 1837 4959 a
1869 4922 2000 4961 voce
2035 4923 2130 4961 ru-

551 4987 695 5057 gitus
722 4989 828 5044 sui.
860 4990 940 5059 (as)
974 4991 1026 5044 8.
1055 4989 1418 5047 Ειὸθάετυηι
1478 5009 1642 5062 super
1673 5010 1793 5048 eum
1820 5003 2005 5065 gentes
2028 4979 2132 5050 uii-

549 5082 715 5149 dique
745 5096 776 5135 e
811 5082 1142 5151 regionibus,
1174 5094 1228 5138 et
1248 5085 1628 5154 expanderunt
1658 5101 1822 5155 super
1851 5103 1974 5141 eum
1995 5089 2130 5142 retia

546 5189 644 5226 sua
676 5193 689 5227 :
728 5175 782 5227 in
808 5177 1164 5246 corruptione
1194 5192 1382 5231 eorum
1407 5190 1599 5246 captus
1619 5188 1719 5234 est.
1754 5179 1807 5234 9.
1840 5181 1906 5235 Et
1934 5196 2130 5252 posue-

546 5430 704 5481 cavit.
784 5429 847 5495 (ι)
881 5428 962 5486 8.,
1001 5430 1095 5483 ’l’h.
1142 5428 1318 5484 deed.

549 5569 598 5618 in
635 5569 836 5639 virgam
875 5572 1095 5636 regiam.
1176 5570 1245 5639 (ε)
1287 5569 1532 5625 l’eccata.

547 5638 621 5702 (9)
666 5636 750 5698 3..

556 5720 642 5773 [er
673 5721 758 5758 ea.

1477 5360 1551 5434 (ιι)
1591 5361 1673 5428 S.,
1701 5372 1921 5432 propter
1959 5364 2250 5434 principes.

1396 5433 1472 5505 (_u)
1504 5432 1587 5505 $7.,
1621 5432 1968 5503 exspectatio
1997 5437 2137 5505 ejus.

548 5501 621 5575 ty)
669 5497 754 5576 δι,
799 5500 852 5550 in
885 5497 1198 5577 Egyptum.
1278 5501 1349 5622 Xa)
1392 5497 1475 5565 8.,
1503 5497 1868 5571 plantatorum
1901 5497 2140 5586 cuin'ca.
2170 5503 2292 5569 Th.,
2329 5497 2736 5557 umbrosorum.

549 5583 598 5618 ιιι
635 5582 836 5622 virgam
875 5583 1095 5622 regiam.
1176 5570 1245 5622 (cl
1305 5573 1532 5622 ’eccata.
1631 5573 1708 5622 (di
1746 5576 1974 5622 Admm-
2053 5574 2120 5622 (ei
2162 5572 2323 5622 Deus-
2404 5573 2470 5622 (fi
2514 5571 2596 5622 S.-
2641 5574 2736 5622 etl

1631 5573 1708 5644 (d)
1745 5576 1974 5628 Adonai.
2053 5574 2120 5642 (e)
2162 5572 2323 5644 Deus.
2404 5573 2470 5642 (Γ)
2514 5571 2611 5644 8.,
2641 5586 2694 5626 et
2729 5571 2899 5626 levavi
2953 5591 3172 5628 manum
3208 5591 3307 5644 pro
3339 5571 3549 5632 seinine
3582 5577 3800 5630 domus.

801 5653 918 5705 quae
957 5649 1040 5691 est
1082 5640 1241 5691 timor
1289 5640 1647 5696 adorationis
1689 5640 1942 5698 erunibus
2007 5640 2184 5698 terris.
2239 5643 2360 5708 ΤΙι.,
2397 5640 2655 5697 fortitudo
2698 5652 2782 5698 est
2832 5644 3087 5698 omnibus
3141 5640 3322 5700 terris.

2260 508 2495 578 bylonis,
2527 519 2581 562 et
2608 507 2911 562 introduxit
2939 522 3064 562 eum
3097 505 3171 577 (y)
3209 505 3262 558 in
3309 517 3606 567 carcerem,
3667 513 3728 557 ut
3769 519 3838 558 ne

2258 597 2538 651 audiretur
2563 612 2665 650 vox
2702 597 2822 665 ejus
2845 612 3009 666 super
3047 603 3258 650 montes
3285 593 3521 647 lsraelis.
3545 592 3634 646 10.
3665 592 3839 645 Mater

2257 699 2348 742 tua
2375 687 2848 752 sicntviiis,’sicut
2885 687 2985 742 ﬂos
3035 689 3088 740 in
3133 687 3533 751 malogranato,
3587 684 3836 753 plantata

2255 781 2310 834 in
2341 795 2516 850 aqua:
2542 780 2751 836 fruetus
2785 780 2926 850 ejus,
2949 790 3003 834 et
3036 795 3256 851 germen
3278 778 3398 847 ejus
3425 776 3629 832 factum
3661 786 3744 830 est
3771 793 3838 830 ex

2253 889 2395 942 aqua
2424 875 2612 929 multa.
2650 875 2737 928 11.
2767 874 2832 928 Et
2860 873 3002 928 facta
3049 881 3131 928 est
3159 873 3210 926 ei
3259 872 3408 942 virga
3437 870 3653 924 roboris
3672 885 3840 936 sui-er

2255 968 2456 1021 tribum
2483 968 2708 1031 ducum,
2735 977 2790 1022 et
2812 966 3047 1021 exaltata
3089 974 3174 1020 est
3218 965 3272 1018 in
3308 963 3691 1037 magnitudine
3711 980 3836 1028 sua,

2253 1058 2307 1112 in
2346 1060 2527 1114 medio
2559 1061 2630 1130 (ι)
2683 1060 3065 1130 propaginum.
3106 1057 3169 1111 Et
3201 1057 3335 1112 vidit
3401 1056 3836 1128 magnitudinem

2251 1165 2407 1203 suam
2457 1151 2510 1204 in
2563 1151 2911 1205 multitudine
2962 1149 3249 1219 palmitum
3308 1163 3578 1203 suorum:
3645 1148 3735 1201 12.
3782 1156 3838 1200 et

2250 1238 2528 1294 confracta
2563 1250 2648 1294 est
2678 1242 2732 1294 in
2766 1240 2972 1303 furore,
3014 1255 3179 1309 super
3208 1248 3411 1293 terram
3444 1239 3687 1308 projecta
3725 1249 3831 1302 est,

2249 1342 2303 1387 et
2332 1341 2529 1387 ventus
2559 1333 2800 1388 uredinis
2831 1331 3056 1387 arefecit
3103 1332 3276 1386 electa
3326 1331 3443 1400 ejus
3477 1350 3489 1385 :
3543 1331 3830 1386 vindicata:

2249 1431 2399 1489 sunt,
2417 1435 2472 1478 et
2505 1433 2837 1478 exaruerunt
2869 1425 3034 1493 virgae
3067 1423 3280 1477 roboris
3305 1422 3426 1490 ejus
3456 1437 3469 1472 :
3521 1421 3664 1490 ignis
3699 1435 3830 1475 con-

2249 1517 2446 1568 sumsit
2468 1528 2588 1568 eam
2617 1532 2632 1569 :
2666 1514 2752 1567 1⁸5.
2785 1524 2840 1568 et
2861 1529 3005 1568 nunc
3035 1515 3351 1583 plantarunt
3374 1527 3494 1567 eam
3522 1513 3575 1565 in
3610 1513 3828 1567 deserto

2251 1606 2304 1658 in
2333 1614 2476 1658 terra
2515 1605 2635 1660 sine
2690 1621 2853 1676 aqua.
2905 1606 2993 1660 M.
3023 1604 3088 1660 Et
3114 1605 3280 1660 exivit
3328 1604 3466 1674 ignis
3491 1618 3522 1657 e
3567 1604 3712 1674 virga
3750 1603 3823 1672 (α)

2249 1697 2547 1753 electorum
2580 1699 2722 1766 ejus,
2757 1707 2812 1753 et
2837 1698 3072 1752 comedit
3116 1712 3262 1761 eam,
3297 1704 3351 1752 et
3395 1709 3502 1770 non
3529 1704 3642 1749 erat
3667 1695 3721 1747 in
3757 1710 3818 1748 ea

2248 1793 2400 1862 virga
2425 1792 2636 1847 roboris
2666 1808 2684 1846 :
2715 1792 2790 1861 (b)
2822 1792 2878 1846 in
2910 1791 3133 1856 tribum,
3172 1791 3226 1844 in
3262 1787 3578 1858 parabolam
3608 1787 3817 1840 lamen-

2251 1886 2474 1940 tationis
2507 1896 2608 1950 est,
2633 1893 2688 1940 et
2717 1885 2819 1939 erit
2845 1885 2898 1937 in
2930 1883 3397 1938 lamentationem.

2314 1976 2465 2035 CAP.
2499 1977 2744 2031 XX.-—-i.
2773 1976 2838 2029 Et
2861 1975 3063 2030 factum
3100 1984 3183 2030 est
3215 1975 3268 2028 in
3314 1989 3459 2029 anno
3485 1973 3735 2040 septimo,
3770 1971 3826 2024 in

2250 2083 2438 2123 mense
2465 2067 2680 2137 quinto,
2714 2065 2926 2119 decimo
2943 2065 3170 2128 mensis,
3203 2072 3472 2118 venerunt
3498 2063 3598 2115 viri
3630 2077 3693 2115 ex
3732 2075 3824 2114 se-

2247 2159 2498 2212 nioribus
2524 2157 2722 2212 domus
2753 2156 2989 2220 lsraelis,
3015 2156 3082 2210 ad
3143 2154 3594 2223 interrogandum
3641 2151 3832 2204 Domi-

2247 2266 2402 2314 num,
2435 2258 2490 2304 et
2520 2249 2778 2304 sederunt
2813 2259 2940 2302 ante
2970 2246 3164 2302 faciem
3205 2261 3402 2300 meam.
3436 2245 3491 2298 2.
3523 2245 3589 2298 Et
3621 2244 3831 2298 factum

2243 2351 2326 2397 est
2354 2340 2576 2396 verbum
2606 2339 2816 2394 Domini
2839 2341 2905 2393 ad
2926 2355 3032 2403 me,
3066 2338 3253 2394 dicens
3281 2356 3294 2392 :
3336 2339 3389 2392 5.
3430 2336 3528 2390 Fili
3564 2335 3832 2400 hominis,

2246 2435 2472 2504 loquere
2504 2433 2572 2487 ad
2595 2433 2842 2487 seniores
2874 2430 3325 2496 domuslsraelis,
3355 2439 3408 2484 et
3433 2430 3576 2484 dices
3607 2429 3675 2484 ad
3695 2444 3833 2483 eos:

2244 2525 2371 2581 Haec
2409 2525 2540 2579 dicit
2566 2522 2774 2577 Adonai
2805 2523 3072 2577 Dominus
3119 2541 3132 2576 :
3169 2523 3226 2576 Si
3267 2522 3332 2576 ad
3380 2519 3835 2590 interrogandum

2244 2631 2330 2671 me
2369 2631 2468 2670 vos
2497 2613 2730 2668 venitis?
2749 2614 2883 2668 Vivo
2904 2629 3026 2684 ego,
3049 2614 3094 2668 si
3117 2613 3452 2683 respondero
3479 2613 3657 2675 vobis,
3690 2611 3839 2666 dicit

2241 2707 2455 2761 Adonai
2485 2707 2770 2770 Dominus,
2803 2707 2858 2760 4.
2894 2705 2938 2760 si
2966 2705 3111 2759 ultus
3144 2703 3300 2758 fuero
3348 2719 3444 2759 eos
3477 2703 3716 2757 ultione:
3750 2701 3839 2756 [ili

2242 2797 2486 2852 hominis
2512 2838 2527 2863 ,
2561 2796 2632 2867 (ε)
2660 2796 2978 2865 iniquitates
3029 2806 3245 2865 patrum
3293 2809 3482 2849 eorum
3514 2802 3840 2849 contestare

2241 2873 2344 2953 eis,
2374 2887 2426 2941 5.
2454 2894 2508 2942 et
2541 2887 2690 2942 dices
2740 2888 2805 2942 ad
2828 2901 2964 2941 eos:
3001 2885 3124 2940 Haec
3163 2885 3295 2940 dicit
3343 2886 3422 2956 (d)
3458 2885 3725 2942 Dominus
3753 2886 3837 2955 (e)

2239 2979 2543 3033 Dominus:
2579 2979 2653 3032 Ex
2689 2979 2778 3034 die
2806 2993 2914 3048 quo
2953 2979 3088 3048 elegi
3133 2978 3352 3032 domum
3394 2978 3630 3042 lsraelis,
3680 2979 3748 3047 (f)
3776 2987 3842 3032 et

2164 3096 2209 3153 ε
2245 3074 2456 3144 innotui
2477 3073 2670 3128 semini
2697 3073 2892 3128 domus
2924 3070 3136 3135 Jacobi,
3167 3079 3223 3125 et
3251 3072 3462 3125 innotui
3493 3072 3572 3126 eis
3603 3072 3655 3124 in
3676 3080 3841 3128 terra

2243 3163 2484 3234 Egypti,
2516 3172 2570 3217 et
2595 3163 2712 3232 cepi
2746 3178 2842 3218 eos
2872 3179 3036 3217 manu
3062 3177 3201 3228 mea,
3233 3163 3454 3216 dicens:
3486 3161 3600 3233 Ego
3632 3161 3771 3216 Dom
3787 3162 3835 3216 i-

2245 3272 2350 3311 nus
2383 3254 2526 3310 Deus
2552 3266 2765 3319 vester;
2799 3256 2851 3309 6.
2894 3256 2946 3309 in
2971 3256 3056 3310 die
3080 3254 3172 3308 illo
3208 3255 3324 3324 cepi
3355 3269 3450 3309 eos
3488 3270 3648 3308 manu
3676 3269 3838 3317 mea,

2242 3355 2304 3400 ut
2330 3347 2616 3400 edUCerem
2652 3361 2748 3400 eos
2776 3361 2839 3402 ex
2861 3357 3005 3400 terra
3041 3344 3264 3416 ASgypti
3299 3346 3353 3398 in
3395 3355 3614 3408 terram,
3651 3360 3836 3414 quam

2240 3438 2426 3506 paravi
2453 3437 2768 3500 eis,terram
2803 3436 3054 3491 ﬂuentem
3081 3437 3239 3502 lacte,
3268 3446 3322 3491 et
3356 3437 3535 3502 melle,
3573 3436 3648 3507 (g)
3663 3436 3838 3493 favus

2240 3537 2325 3583 est
2354 3529 2475 3598 plus
2499 3545 2662 3598 quam
2687 3530 2866 3584 omnis
2891 3539 3055 3583 terra.
3077 3531 3130 3582 7.
3153 3529 3216 3583 Et
3239 3529 3350 3584 dixi
3380 3529 3444 3582 ad
3469 3544 3597 3584 eos:
3631 3529 3832 3586 Unus-

2240 3621 2473 3690 quisque
2518 3620 2956 3675 abominationes
3005 3621 3075 3674 ab
3119 3621 3292 3676 oculis
3321 3622 3437 3676 suis
3465 3622 3741 3692 projiciat,
3777 3633 3833 3677 et

2241 3711 2297 3764 in
2335 3711 2530 3765 studiis
2579 3709 2800 3782 ,Ἐθεριί
2861 3728 2929 3765 ne
2983 3712 3350 3780 polluamini:
3407 3729 3508 3781 ego
3553 3713 3831 3771 Dominus

2241 3798 2386 3856 Deus
2413 3810 2608 3856 vester.
2647 3801 2701 3857 8.
2729 3801 2795 3854 Et
2829 3811 3174 3858 recesserunt
3217 3820 3244 3856 ει
3291 3819 3400 3869 me,
3433 3814 3486 3858 et
3512 3820 3619 3858 non
3660 3807 3831 3859 voln-

2239 3901 2401 3946 erunt
2427 3893 2686 3946 exaudire
2715 3909 2843 3948 me:
2875 3896 2941 3961 >κ
2969 3895 3350 3962 unusquisque
3379 3910 3519 3948 unus
3547 3895 3567 3962 ζ
3597 3895 3828 3949 abomi-

2240 3983 2487 4039 nationes
2512 3986 2580 4038 ab
2613 3985 2788 4038 oculis
2812 3986 2927 4039 suis
2961 4001 3067 4038 non
3117 3985 3485 4053 projecerunt,
3548 3993 3603 4039 et
3635 3987 3828 4041 studia

2239 4074 2458 4146 Egypti
2486 4092 2592 4130 non
2623 4077 2982 4146 reliquerunt.
3022 4075 3088 4130 Et
3117 4078 3251 4139 dixi,
3271 4086 3324 4131 et
3350 4077 3621 4131 effundam
3660 4078 3824 4133 furo-

2238 4183 2352 4222 rem
2389 4183 2569 4223 meum
2598 4185 2760 4238 super
2777 4184 2893 4234 eos,
2921 4169 2987 4223 ad
3013 4170 3344 4238 implendum
3378 4171 3512 4223 iram
3555 4185 3736 4223 meam
3767 4172 3821 4224 in

2236 4260 2317 4314 eis
2349 4261 2402 4313 in
2439 4261 2619 4314 medio
2651 4271 2810 4315 terra:
2835 4260 3078 4331 Egypti.
3133 4261 3186 4315 9.
3220 4261 3284 4316 Et
3334 4262 3458 4329 feci,
3519 4271 3577 4315 ut
3610 4278 3820 4316 nomen

2237 4368 2418 4406 meum
2454 4353 2676 4408 omnino
2704 4369 2814 4406 non
2847 4353 3235 4422 profanaretur
3293 4369 3476 4408 coram
3531 4355 3818 4424 gentibus.

2235 4460 2468 4514 quarum
2503 4446 2603 4514 ipsi
2636 4447 2841 4500 suntin
2872 4446 3047 4499 medio
3078 4461 3287 4511 earum,
3336 4447 3388 4500 in
3421 4448 3621 4517 quibus
3655 4447 3820 4501 inuo-

2234 4536 2313 4590 tui
2345 4537 2414 4591 ad
2437 4552 2530 4591 eos
2563 4552 2748 4591 coram
2777 4538 2879 4601 eis,
2934 4549 2992 4591 ut
3039 4538 3324 4593 educerem
3394 4554 3490 4594 eos
3537 4555 3604 4593 ex
3663 4549 3817 4593 terra

2237 4628 2486 4700 Egypti.
2522 4630 2607 4682 10.
2636 4627 2707 4682 Et
2738 4629 2900 4683 eduxi
2931 4644 3026 4684 eos
3056 4646 3123 4683 ex
3177 4640 3316 4684 terra
3378 4631 3613 4702 Egypti,
3635 4641 3687 4686 et
3715 4633 3817 4685 ad-

2235 4722 2363 4776 duxi
2389 4736 2485 4776 eos
2512 4722 2564 4774 in
2603 4730 2804 4775 terram
2834 4721 3134 4784 desertum,
3168 4723 3253 4776 11.
3287 4732 3341 4778 et
3383 4724 3503 4778 dedi
3557 4727 3637 4778 eis
3669 4740 3815 4794 prae-

2233 4823 2389 4883 cepta
2424 4827 2564 4875 mea,
2604 4813 3094 4882 etjustificationes
3155 4830 3308 4869 meas
3357 4824 3513 4869 notas
3572 4815 3672 4870 feci
3703 4818 3811 4879 eis,

2231 4922 2354 4975 quze
2406 4905 2569 4959 faciet
2617 4921 2679 4958 ea
2731 4906 2913 4968 homo,
2968 4917 3020 4960 et
3061 4906 3136 4977 (h)
3186 4909 3331 4964 vivet
3388 4909 3441 4961 in
3473 4909 3572 4964 eis.
3624 4907 3712 4962 12.
3746 4907 3815 4961 Et

2231 4996 2458 5049 sabbata
2490 5011 2608 5050 mea
2642 4995 2765 5050 dedi
2788 4997 2889 5061 eis,
2923 5005 2982 5049 ut
3004 5005 3186 5051 essent
3220 4999 3272 5051 in
3307 4997 3518 5066 signum
3554 5000 3694 5050 inter
3722 5012 3812 5051 me

2233 5095 2287 5140 et
2317 5086 2461 5140 inter
2494 5101 2608 5150 eos,
2634 5094 2693 5140 ut
2722 5086 2924 5140 scirent
2971 5088 3096 5156 quia
3153 5102 3254 5156 ego
3285 5087 3568 5152 Dominus,
3605 5088 3812 5142 sancti-

2231 5180 2400 5234 licans
2427 5195 2541 5234 eos.
2572 5180 2657 5234 15.
2681 5178 2743 5233 Et
2769 5180 2879 5235 dixi
2911 5180 2976 5235 ad
2998 5181 3220 5235 domum
3241 5182 3455 5237 lsraelis
3485 5184 3537 5235 in
3563 5184 3804 5237 deserto:

2343 5361 2465 5428 Th.,
2515 5364 2568 5416 in
2604 5361 2944 5436 iprineipe‘s._
2993 5364 3060 5434 (ι’)
3100 5364 3183 5428 S.,
3216 5367 3376 5420 sedit.
3452 5368 3520 5436 (si
3555 5366 3642 5433 S.,
3671 5365 3806 5419 edu-

2247 5434 2368 5497 Th.,
2406 5449 2530 5506 spes
2568 5435 2706 5501 ejus.
2787 5432 2880 5506 (ξε)⁸
2907 5432 3073 5506 S_.,et
3109 5447 3410 5503 posuerunt
3453 5432 3801 5506 super'euni.

2814 5503 2896 5576 (α)
2922 5503 3039 5570 ΤΙι.,
3069 5521 3347 5560 ramorum
3379 5503 3534 5576 ejus.
3600 5508 3671 5570 (bl
3712 5505 3800 5568 So.

3433 5648 3509 5718 (ΙΙ)
3541 5646 3624 5712 S.,
3658 5646 3802 5698 vivet
