4078 6312
258 435 400 492 2717

1497 432 1904 500 HEZECIELIS
1941 432 2170 489 CAPUT
2213 432 2331 488 XX.

3391 437 3532 495 ΞῊΒ

265 550 318 604 in
345 549 634 618 pmceptis
661 550 796 604 meis
825 552 1122 617 ambulate,
1155 562 1210 607 et
1231 551 1654 620 justitlcationes
1696 564 1847 605 meas
1877 549 1920 606 Α
1951 563 2151 614 meam,
2187 557 2248 602 ut
2276 547 2461 602 darem
2485 559 2604 601 eam
2641 544 2770 600 illis.
2796 545 3132 599 Etviderunt
3169 561 3388 607 omnem
3418 553 3534 607 col.

265 640 559 707 custodite,
593 652 652 696 ut
673 642 886 697 faciatis
917 658 1032 706 eas,
1059 659 1198 714 quas
1245 643 1408 699 faciet
1434 659 1528 700 eas
1581 645 1766 705 homo,
1801 651 1856 697 et

269 735 405 788 vivet
431 733 484 786 in
515 733 620 789 eis.
650 733 718 788 Et
754 735 1036 790 irritaruut
1065 752 1152 790 me
1190 738 1388 792 domus
1419 735 1633 791 lsraelis
1657 736 1712 788 in
1745 736 1846 789 de-

268 834 412 878 serto
443 841 456 876 :
489 823 545 877 in
586 827 876 894 praceptis
902 827 1039 882 meis
1059 841 1168 881 non
1211 827 1581 890 ambularunt,
1611 835 1664 880 et
1692 825 1855 894 justi-

268 916 555 971 ﬁcationes
585 929 738 970 meas
761 917 1098 986 repulerunt,
1123 933 1261 987 quas
1281 916 1446 972 faciet
1465 931 1562 971 eas
1595 916 1780 979 homo,
1799 923 1856 970 et

262 1012 406 1066 vivet
428 1011 484 1063 in
512 1011 597 1064 eis
627 1027 642 1062 :
671 1018 729 1064 et
758 1010 978 1065 sabbata
1020 1025 1140 1065 mea
1183 1009 1548 1081 profanarunt
1585 1008 1763 1064 valde.
1789 1007 1853 1062 Et

263 1103 374 1158 dixi
413 1120 429 1157 :
464 1101 530 1156 Et
559 1100 835 1156 effundam
859 1099 1098 1156 furorem
1123 1115 1304 1156 meum
1335 1115 1499 1170 super
1534 1114 1629 1155 eos
1677 1099 1732 1153 in
1757 1099 1854 1153 de-

267 1204 437 1258 serto,
475 1202 532 1248 et
568 1207 892 1248 consumam
945 1205 1061 1246 eos.
1105 1193 1190 1245 14.
1252 1191 1322 1245 Et
1371 1189 1496 1255 feci,
1553 1199 1610 1245 ut
1651 1204 1852 1244 nomen

265 1299 445 1340 meum
478 1283 704 1338 omnino
729 1299 840 1338 non
901 1283 1285 1353 prufanaretur
1341 1297 1529 1336 coram
1575 1281 1848 1353 gentibus,

264 1389 500 1446 quarum
539 1375 703 1430 eduxi
739 1390 834 1430 eos
871 1384 999 1429 ante
1026 1374 1216 1429 oculos
1247 1388 1460 1428 earum.
1517 1371 1604 1426 i5.
1651 1370 1716 1427 Et
1749 1387 1850 1440 ego

266 1465 438 1521 levavi
471 1480 696 1520 manum
724 1481 900 1520 meam
927 1481 1094 1535 super
1125 1481 1221 1520 eos
1274 1465 1329 1518 in
1385 1464 1622 1531 deserto,
1650 1473 1711 1518 ut
1731 1477 1848 1516 om-

267 1558 399 1612 nino
424 1572 539 1612 non
570 1558 974 1613 introducerem
1008 1572 1104 1612 eos
1163 1558 1216 1612 in
1252 1565 1474 1622 terram,
1527 1573 1692 1626 quam
1725 1557 1850 1612 dedi

265 1649 364 1710 eis,
410 1654 615 1701 terram
648 1647 906 1702 liuentem
946 1647 1086 1702 lacte
1131 1655 1188 1702 et
1233 1647 1430 1702 melle:
1479 1648 1539 1718 (ἱ)
1581 1648 1740 1705 favus
1768 1657 1852 1705 est

261 1737 392 1808 plus
432 1753 600 1806 quam
629 1737 810 1792 omnis
846 1746 1010 1792 terra.
1037 1735 1123 1791 l6.
1147 1736 1254 1791 Pro
1283 1752 1350 1792 eo
1381 1738 1554 1807 quod
1584 1737 1848 1807 justilica-

267 1829 444 1884 tiones
486 1844 636 1884 meas
687 1830 1030 1898 repulerunt,
1056 1829 1191 1884 etin
1251 1829 1535 1901 praeceptis
1577 1830 1712 1885 meis
1737 1846 1845 1885 non
1878 1851 1920 1906 Β

265 1921 615 1975 ambularunt
653 1921 706 1974 in
742 1922 846 1984 eis,
887 1928 941 1975 et
962 1921 1185 1975 sabbata
1220 1935 1338 1975 mea
1373 1920 1844 1992 profanarunt,(l:)

264 2023 319 2067 et
342 2023 468 2082 post
496 2014 852 2084 cogitationes
873 2015 1122 2070 cordium
1143 2029 1368 2071 suorum
1401 2018 1837 2084 ambulaverunt,

273 2105 363 2159 l7.
399 2113 453 2158 et
485 2105 726 2174 pepercit
754 2106 946 2162 oculus
976 2121 1134 2164 meus
1165 2123 1330 2180 super
1385 2125 1501 2175 eos,
1557 2111 1624 2164 ad
1661 2110 1846 2165 delen-

265 2196 391 2250 dum
427 2209 546 2258 eos,
602 2203 657 2250 et
715 2212 824 2252 non
853 2196 954 2254 feci
983 2215 1077 2255 eos
1133 2201 1189 2254 in
1231 2203 1756 2256 consummationem
1791 2201 1846 2255 in

267 2291 504 2345 deserto.
535 2288 622 2344 18.
641 2289 708 2344 Ει
739 2291 851 2346 dixi
876 2292 942 2346 ad
993 2293 1134 2348 lilios
1161 2307 1355 2349 eorum
1403 2295 1459 2348 in
1490 2295 1706 2350 deserto
1734 2311 1749 2346 :
1785 2293 1843 2348 in

269 2382 527 2452 legitimis
557 2391 773 2451 patrum
802 2393 1110 2439 vestrorum
1153 2400 1222 2450 ne
1268 2386 1556 2452 incedatis,
1590 2397 1645 2443 et
1692 2388 1848 2458 justi-

274 2472 558 2528 licationes
574 2488 766 2528 eorum
795 2489 864 2528 ne
891 2475 1233 2544 custodiatis,
1267 2487 1322 2532 et
1348 2478 1544 2533 studiis
1569 2479 1632 2549 (ι)
1653 2493 1845 2534 eorum

270 2578 332 2619 αι-
357 2579 426 2618 ne
445 2564 614 2618 simul
640 2566 1004 2631 misceamini,
1027 2577 1080 2622 et
1114 2569 1137 2637 1
1165 2583 1232 2624 ne
1258 2569 1602 2639 polluamini.‘
1627 2571 1712 2627 l9.
1732 2569 1845 2642 Ego

274 2652 542 2708 Dominus
574 2651 719 2708 Deus
741 2662 962 2708 vester:
992 2655 1044 2708 in
1065 2657 1349 2726 praeceptis
1376 2656 1516 2711 meis
1545 2657 1842 2721 ambulate.

271 2756 322 2799 et
354 2745 778 2814 justiﬁcationes
803 2761 953 2802 meas
981 2748 1286 2814 custodite,
1340 2756 1396 2803 et
1427 2749 1586 2804 facile
1605 2765 1719 2804 eas.
1749 2749 1841 2805 20.

271 2835 336 2890 Et
367 2837 596 2892 sabbata
628 2852 750 2892 mea
781 2839 1141 2905 sanetilicate,
1165 2848 1220 2894 et
1239 2840 1348 2896 sint
1378 2843 1433 2895 in
1465 2842 1680 2913 signum
1703 2842 1845 2898 inter

270 2944 353 2983 me
382 2937 438 2984 et
467 2933 536 2996 χ
570 2927 709 2983 inter
744 2928 767 2995 1
796 2942 913 2993 vos,
954 2937 1015 2983 ut
1052 2929 1258 2992 sciatis.
1293 2932 1420 3000 quia
1454 2948 1556 3002 ego
1579 2933 1844 2992 Dominus

271 3020 406 3076 Deus
427 3029 630 3074 vester.
660 3019 750 3074 21.
779 3019 848 3074 Et
870 3023 1297 3078 exarcerbarunt
1323 3038 1427 3091 me,
1481 3039 1546 3080 σε·
1591 3033 1646 3080 et
1681 3027 1703 3094 1
1747 3025 1844 3082 lilii

269 3126 452 3167 eorum
481 3113 536 3168 in
565 3113 854 3182 praeceptis
880 3115 1016 3169 meis
1048 3130 1155 3170 non
1190 3116 1557 3180 ambularunt.
1591 3127 1647 3174 et
1681 3117 1844 3188 justis

1958 642 2064 695 lem
2096 641 2398 705 excelsum,
2432 649 2488 696 et
2525 655 2743 695 omnem
2799 639 3049 693 arborem
3107 638 3448 706 umbrosam.
3480 659 3535 698 et

1957 731 2341 786 sacriﬁcarunt
2387 730 2461 786 ibi
2494 731 2598 788 diis
2644 733 2780 792 suis.
2833 745 2891 785 -ι-
2930 740 2985 785 et
3031 731 3433 789 constituerunt
3461 737 3531 789 ibi

1957 819 2291 889 spiraculum
2307 819 2574 874 donorum
2599 833 2825 873 suorum
2847 818 2870 886 1
2895 858 2909 882 ,
2926 829 2980 873 et
2990 829 3290 889 posuerunt
3309 822 3384 875 ibi
3400 825 3533 877 odo-

1957 925 2072 964 rem
2110 925 2334 964 suavem
2361 917 2620 974 suum,et
2644 910 2956 965 libaverunt
2995 911 3255 966 libamina
3288 927 3408 967 sua.
3439 913 3530 968 29.

1955 999 2023 1056 Et
2055 1001 2168 1054 dixi
2194 1002 2264 1056 ad
2289 1015 2385 1056 eos
2408 1019 2422 1056 :
2442 1001 2583 1067 Quid
2611 1010 2695 1056 est
2728 1002 2804 1072 (ρ)
2835 1002 3043 1068 Abana,
3069 1005 3215 1073 quod
3249 1005 3531 1059 vosintra-

1953 1093 2026 1148 tis
2051 1093 2181 1148 illuc
2199 1093 2223 1146 ?
2244 1093 2312 1146 Et
2341 1103 2608 1149 vocarunt
2640 1109 2838 1150 nomen
2865 1095 2982 1165 ejus
3019 1095 3091 1166 (ᾳ)
3122 1096 3333 1160 Abana,
3353 1112 3531 1167 usque

1953 1185 2019 1238 ad
2059 1185 2200 1240 diem
2235 1185 2578 1240 hodiernum.
2607 1186 2697 1240 50.
2727 1186 2952 1255 Propter
2975 1186 3080 1241 hoc
3107 1187 3193 1241 dic
3216 1188 3282 1241 ad
3308 1189 3530 1243 domum

1955 1273 2176 1332 lsraelis
2201 1296 2214 1330 :
2243 1275 2369 1332 Haec
2396 1277 2526 1332 dicit
2550 1275 2814 1330 Dominus
2838 1276 2907 1346 (r)
2933 1276 3227 1332 Dominus:
3260 1277 3316 1332 Si
3345 1279 3398 1332 in
3423 1279 3530 1332 ini-

1932 1367 2252 1436 quitatibus
2275 1376 2486 1438 patrum
2509 1376 2816 1422 vestrorum
2840 1383 2938 1422 vos
2960 1368 3287 1437 polluimini,
3320 1379 3376 1424 et
3407 1380 3533 1440 post

1953 1459 2386 1515 abominationes
2412 1475 2604 1516 eorum
2635 1472 2730 1514 vos
2746 1460 3090 1522 scortamini,
3138 1461 3227 1516 3i.
3249 1471 3303 1515 et
3328 1461 3381 1516 in
3416 1463 3532 1532 pri-

1953 1551 2122 1607 mitiis
2144 1567 2435 1607 munerum
2484 1561 2790 1608 vestrorum
2855 1553 2909 1607 in
2951 1555 3391 1624 separationibus
3439 1573 3530 1612 ve-

1952 1644 2103 1707 stris,
2135 1659 2258 1698 cum
2287 1643 2574 1699 traducitis
2603 1645 2746 1700 filios
2778 1655 2993 1701 vestros
3025 1645 3079 1700 in
3105 1647 3258 1717 igne,
3288 1664 3387 1704 vos
3406 1651 3529 1719 pol-

1951 1731 2165 1786 luimini
2211 1734 2266 1787 in
2289 1733 2545 1788 omnibus
2570 1733 2992 1804 cogitationibus
3023 1735 3220 1790 vestris
3253 1752 3429 1807 usque
3457 1739 3527 1792 ad

1951 1823 2094 1878 diem
2128 1823 2499 1880 hodiernum:
2527 1836 2584 1880 et
2612 1841 2713 1896 ego
2751 1826 3094 1895 respondebo
3123 1827 3298 1893 vobis,
3331 1828 3528 1884 domus

1951 1915 2199 1971 lsraelis?
2250 1915 2382 1973 Vivo
2430 1933 2553 1989 ego,
2605 1919 2740 1974 dicit
2799 1917 3010 1975 Adonai
3052 1919 3337 1985 Dominus,
3365 1921 3408 1974 si
3436 1935 3526 1976 re-

1949 2008 2230 2076 spondebo
2262 2009 2439 2076 vobis,
2493 2019 2546 2065 et
2584 2011 2630 2065 si
2677 2012 2933 2066 ascendet
2957 2025 3124 2080 super
3157 2011 3406 2080 spiritum
3432 2027 3524 2067 ve-

1949 2107 2121 2154 strum
2148 2101 2274 2166 hoc,
2309 2101 2399 2154 32.
2429 2108 2615 2156 etnon
2651 2101 2778 2167 erit,
2813 2103 3276 2172 quemadmodum
3311 2118 3408 2158 vos
3444 2104 3526 2158 di-

1949 2192 2075 2246 citis
2101 2208 2114 2242 :
2152 2191 2370 2248 Erimus
2393 2193 2535 2248 sicut
2553 2203 2761 2264 gentes,
2791 2202 2846 2248 et
2869 2194 3012 2250 sicut
3038 2194 3214 2249 tribus
3249 2202 3430 2260 terrae,
3457 2197 3524 2250 ad

1949 2285 2236 2342 colendum
2260 2286 2428 2357 ligna,
2449 2297 2504 2342 et
2525 2287 2752 2358 lapides.
2785 2289 2875 2343 '55.
2902 2305 2959 2344 -ι-
2979 2289 3205 2360 Propter
3221 2290 3325 2345 hoc
3357 2290 3380 2358 1
3405 2291 3526 2344 vivo

1948 2393 2070 2447 ego,
2099 2377 2232 2432 dicit
2255 2377 2467 2432 Adonai
2492 2377 2758 2436 Dominus
2782 2419 2796 2445 ,
2832 2381 2939 2436 nisi
2964 2381 3017 2434 in
3043 2396 3206 2436 manu
3231 2381 3527 2451 potenti,et

1949 2469 2004 2524 in
2041 2471 2268 2527 brachio
2297 2471 2536 2539 excelso,
2579 2481 2634 2527 et
2661 2473 2714 2527 in
2765 2473 2952 2529 furore
3009 2473 3182 2528 effuso
3227 2489 3526 2544 regnavero

1948 2578 2113 2632 super
2138 2578 2258 2631 vos,
2279 2566 2370 2620 54.
2397 2574 2452 2620 et
2483 2565 2710 2622 educam
2780 2581 2880 2620 vos
2932 2581 2998 2620 ex
3035 2567 3283 2636 pupulis,
3317 2576 3372 2621 et
3395 2568 3526 2622 reci-

1948 2653 2092 2723 piam
2120 2669 2220 2712 vos
2251 2671 2282 2711 e
2303 2657 2640 2728 regionibus,
2675 2657 2878 2727 quibus
2903 2657 3136 2726 dispersi
3158 2658 3290 2713 estis
3341 2659 3392 2713 in
3419 2659 3520 2721 eis,

1948 2745 2005 2798 in
2032 2761 2200 2804 manu
2229 2749 2459 2818 pcteuti,
2495 2757 2550 2804 et
2574 2749 2629 2803 in
2662 2748 2887 2804 brachio
2917 2749 3156 2815 excelso,
3182 2759 3236 2804 et
3263 2749 3318 2802 in
3338 2748 3522 2804 furore

1949 2837 2146 2897 eﬂ‘uso.
2179 2840 2268 2895 55.
2297 2840 2361 2896 Et
2378 2841 2645 2896 adducam
2673 2856 2770 2896 vos
2788 2841 2840 2894 in
2869 2840 3141 2896 desertum
3170 2841 3518 2910 pupulorum.

1945 2941 2004 2988 et
2026 2932 2236 3003 judicio
2267 2933 2594 2988 contendam
2623 2932 2891 2987 adversus
2910 2946 3009 2987 vos
3055 2931 3130 2985 ibi
3167 2931 3306 2986 facie
3329 2940 3522 2987 contra

1948 3025 2163 3082 faciem.
2196 3025 2284 3080 56.
2308 3025 2779 3092 Quemadmodum
2801 3024 3008 3093 judicio
3042 3024 3294 3079 contendi
3333 3025 3524 3079 adver-

1947 3131 2043 3172 sus
2067 3125 2248 3187 patres
2270 3127 2481 3172 vestros
2498 3117 2553 3170 in
2575 3117 2812 3180 deserto,
2840 3130 2966 3170 cum
2985 3113 3147 3170 eduxi
3171 3129 3268 3169 eos
3284 3129 3348 3169 ex
3376 3122 3523 3170 terra

270 3205 548 3260 licationes
605 3221 757 3260 meas
822 3221 930 3260 non
988 3208 1390 3273 custodierunt,
1431 3211 1504 3264 ad
1539 3209 1848 3266 faciendum
1877 3213 1923 3276 C
1951 3207 2196 3279 Egypti,
2234 3209 2314 3263 sic
2333 3206 2594 3276 iudicabo
2619 3222 2735 3273 vos,
2767 3206 2902 3261 dicit
2950 3205 3211 3262 Dominus
3234 3204 3302 3277 (ε)
3338 3205 3523 3261 Domi-

270 3307 359 3348 eas
378 3309 520 3362 quas
549 3293 718 3349 faciet
773 3297 840 3362 x
886 3311 981 3350 eas
1007 3298 1030 3366 1
1067 3297 1261 3361 homo,
1291 3306 1347 3352 et
1396 3299 1540 3354 vivet
1571 3299 1627 3353 in
1653 3301 1755 3366 eis,
1795 3311 1850 3357 et

272 3385 494 3440 sabbata
526 3400 650 3440 mea
667 3386 1046 3455 profanarunt.
1073 3388 1140 3443 Et
1163 3391 1274 3444 dixi
1299 3389 1575 3448 effundere
1603 3393 1846 3450 furorem

272 3493 447 3532 meum
480 3492 649 3546 super
669 3491 784 3544 eos,
826 3479 892 3534 ad
923 3481 1302 3550 complendum
1327 3484 1464 3539 iram
1488 3501 1662 3541 meam
1687 3503 1849 3558 super

269 3585 356 3625 eos
414 3571 470 3624 in
529 3571 768 3627 deserto.
824 3571 913 3626 22.
963 3578 1026 3641 χ
1087 3575 1155 3629 Et
1219 3578 1464 3633 converti
1511 3579 1591 3634 eis
1623 3594 1846 3636 manum

271 3676 441 3715 meam
479 3662 502 3731 1
531 3702 546 3726 ,
572 3673 628 3716 et
665 3661 788 3728 feci,
819 3673 879 3717 ut
916 3679 1116 3720 nomen
1151 3680 1334 3721 meum
1361 3683 1524 3738 super
1550 3685 1712 3726 omne
1735 3687 1846 3727 non

270 3754 649 3823 profanaretur
680 3769 866 3810 coram
889 3756 1123 3824 populis,
1151 3772 1386 3826 quorum
1418 3757 1583 3814 eduxi
1607 3775 1703 3817 eos
1723 3772 1848 3819 ante

269 3846 455 3900 oculos
483 3861 694 3900 eorum.
725 3847 815 3901 25.
830 3845 896 3901 Et
930 3851 996 3916 Ἀ(
1030 3847 1054 3916 1
1089 3849 1260 3903 levavi
1294 3865 1516 3906 manum
1547 3869 1721 3909 meam
1753 3871 1846 3910 su-

272 3950 359 4004 per
380 3951 478 3990 eos
510 3936 566 3989 in
596 3939 834 4002 deserto,
873 3937 939 3990 ad
971 3939 1394 4010 dispergendum
1441 3957 1536 3998 eos
1581 3944 1637 3998 in
1665 3946 1844 4014 genti-

272 4029 390 4093 bus,
420 4037 474 4081 et
507 4028 575 4081 ad
636 4028 1102 4084 disseminandum
1159 4047 1254 4088 eos
1292 4034 1348 4088 in
1387 4037 1725 4105 regionibus,
1751 4037 1842 4091 ει.

273 4134 368 4186 pro
395 4135 463 4174 eo
497 4122 644 4190 quod
681 4119 1107 4191 iustificationes
1146 4140 1296 4180 meas
1325 4140 1434 4181 non
1475 4125 1755 4192 fecerunt,
1790 4139 1844 4183 et

273 4222 537 4282 precepta
573 4229 699 4268 mea
719 4216 1061 4284 repulerunt,
1093 4226 1147 4271 et
1176 4215 1405 4271 sabbata
1439 4231 1558 4272 mea
1588 4217 1844 4288 profana-

273 4313 417 4372 runt,
445 4305 545 4376 (ιη)
580 4315 635 4361 et
670 4317 794 4377 post
818 4309 1174 4378 cogitationes
1203 4317 1419 4378 patrum
1438 4325 1666 4365 suorum
1683 4319 1844 4366 erant

273 4398 408 4452 oculi
449 4413 664 4453 eorum.
705 4398 798 4454 25.
845 4399 912 4454 Ει
951 4413 1054 4471 ego
1102 4399 1224 4455 dedi
1289 4402 1373 4456 eis
1411 4412 1681 4472 praecepta
1731 4419 1840 4457 non

274 4489 430 4554 bona,
466 4501 522 4546 et
547 4491 988 4562 iustiﬁcationes,
1024 4495 1226 4564 quibus
1277 4509 1386 4549 non
1439 4495 1622 4550 vivent
1643 4496 1696 4550 in
1737 4497 1836 4552 eis.

271 4579 356 4637 26.
400 4581 469 4636 Et
521 4583 760 4653 polluam
798 4600 894 4639 eos
926 4585 982 4639 in
1033 4586 1356 4641 muneribus
1424 4587 1564 4652 suis,
1616 4587 1837 4657 quando
1870 4564 1914 4619 θ

275 4674 558 4729 traduxero
600 4689 764 4730 omne
787 4675 867 4744 (η)
893 4677 1146 4746 aperiens
1179 4687 1417 4743 uterum,
1451 4686 1510 4734 ut
1551 4678 1623 4748 (υ)
1658 4679 1843 4734 abole-

270 4777 349 4818 am
371 4778 489 4830 eos,
518 4768 583 4832 »ζ
604 4774 660 4818 ut
692 4765 714 4834 1
743 4765 941 4834 sciant,
974 4767 1120 4835 quod
1143 4782 1245 4838 ego
1272 4766 1559 4823 Dominus.
1587 4767 1678 4822 27.
1708 4767 1844 4824 Pro-

269 4862 381 4923 pter
409 4854 515 4910 hoc
545 4855 772 4926 loquere
804 4857 872 4910 ad
917 4857 1140 4911 domum
1183 4856 1418 4922 lsraelis,
1473 4858 1548 4912 fili
1581 4859 1840 4923 hominis,

269 4951 316 4997 et
334 4943 484 4999 dices
509 4944 576 4998 ad
610 4959 734 4998 eos:
769 4943 894 5000 Haec
920 4945 1053 5000 dicit
1082 4946 1294 5001 Adonai
1322 4945 1587 5002 Dominus
1611 4966 1624 5002 :
1657 4945 1842 5018 Usque

270 5034 327 5088 ad
353 5035 456 5090 hoc
484 5036 550 5090 ad
580 5036 919 5092 iracundiam
959 5045 1330 5105 provocarunt
1361 5052 1449 5093 me
1471 5047 1655 5103 patres
1671 5039 1835 5094 vestri

269 5124 318 5178 in
349 5126 560 5183 delictis
589 5128 727 5195 suis,
761 5128 816 5182 in
843 5127 1050 5198 quibus
1073 5128 1426 5200 deliquerunt
1447 5130 1499 5182 in
1519 5146 1626 5186 me.
1652 5129 1743 5186 28.
1768 5129 1837 5185 Et

269 5215 536 5275 iutroduxi
555 5233 650 5275 eos
676 5220 732 5274 in
765 5228 988 5285 terram,
1025 5233 1188 5290 super
1228 5236 1392 5291 quam
1418 5221 1590 5276 levavi
1611 5237 1835 5277 manum

1955 3315 2080 3353 nus.
2103 3299 2190 3353 57.
2211 3296 2278 3351 Et
2317 3296 2596 3352 traducam
2639 3313 2738 3353 vos
2769 3297 2874 3353 sub
2911 3297 3062 3367 virga
3104 3313 3246 3363 mea,
3273 3298 3337 3369 (ι)
3361 3306 3418 3353 et
3445 3299 3524 3352 in-

1953 3388 2234 3442 troducam
2262 3401 2360 3440 vos
2383 3386 2436 3441 in
2455 3401 2683 3442 numero
2702 3388 3094 3457 )(testamenti
3123 3387 3145 3454 1
3171 3428 3186 3453 ,
3227 3387 3314 3443 38.
3343 3397 3398 3444 et
3424 3389 3526 3444 eli-

1949 3495 2074 3550 gam
2095 3493 2126 3534 e
2153 3479 2314 3534 vobis
2344 3487 2619 3548 apostatas
2655 3488 2710 3534 et
2730 3479 2970 3550 impios;
3001 3479 3178 3548 quiae
3203 3487 3344 3534 terra
3374 3479 3522 3536 inco-

1948 3571 2091 3626 latus
2111 3585 2300 3626 eorum
2321 3571 2549 3626 educam
2578 3585 2702 3637 eos,
2735 3579 2790 3626 et
2818 3571 2873 3625 in
2912 3581 3111 3626 terram
3166 3571 3382 3628 lsraelis
3410 3586 3520 3626 non

1949 3665 2342 3736 ingredientur,
2374 3673 2429 3720 et
2476 3663 2841 3734 cognoscetis,
2896 3662 3045 3733 quod
3075 3676 3178 3731 ego
3234 3660 3518 3716 Dominus.

1946 3757 2035 3812 ‘59.
2073 3757 2140 3812 Et
2159 3774 2277 3824 vos,
2309 3757 2508 3812 domus
2534 3757 2773 3822 lsraelis,
2809 3759 2923 3812 haec
2978 3756 3114 3812 dicit
3142 3755 3404 3810 Dominus
3440 3756 3520 3828 (ιι)

1947 3848 2248 3904 Dominus:
2299 3845 2682 3917 Unusquisque
2717 3846 2794 3916 (ε)
2849 3847 3027 3901 studia
3084 3860 3180 3900 sua
3225 3846 3433 3911 tollite,
3466 3857 3523 3901 et

1946 3951 2067 4010 post
2100 3941 2215 3995 haec
2237 3941 2285 3996 si
2306 3956 2404 3997 vos
2424 3955 2532 3995 non
2575 3940 2864 3995 audieritis
2893 3954 3000 4003 me,
3022 3948 3076 3994 et
3099 3955 3295 3996 nomen
3331 3955 3517 3994 meum

1947 4041 2197 4087 sanctum
2239 4047 2349 4087 non
2402 4031 2822 4102 profanaveritis
2870 4031 3105 4100 amplius
3159 4031 3216 4085 in
3258 4031 3520 4087 donisve-

1944 4124 2097 4190 stris,
2127 4133 2182 4178 ct
2213 4125 2272 4178 in
2292 4122 2490 4178 studiis
2539 4121 2779 4186 vestris;
2824 4119 2913 4174 40.
2970 4107 3112 4190 quia
3139 4137 3303 4191 super
3331 4131 3520 4177 monte

1945 4212 2250 4266 sanctitatis
2283 4227 2450 4278 meae;
2476 4226 2644 4282 super
2677 4219 2864 4264 monte
2886 4212 3103 4265 excelso
3127 4210 3519 4278 lsraelis,dicit

1945 4305 2209 4359 Dominus
2241 4302 2525 4372 Dominus,
2553 4305 2624 4358 ibi
2651 4303 2832 4358 colent
2868 4302 3151 4359 servitium
3213 4307 3395 4361 omnis
3420 4308 3517 4361 do-

1945 4397 2306 4453 musisraelis
2332 4412 2506 4468 usque
2530 4398 2596 4452 ad
2629 4398 2790 4454 finem
2828 4416 2843 4456 :
2894 4407 2952 4455 et
2989 4399 3061 4454 ibi
3111 4400 3428 4468 suscipiam,
3461 4412 3516 4454 et

1944 4486 2017 4542 ibi
2041 4487 2273 4544 visitabo
2291 4487 2560 4557 primitias
2587 4498 2816 4552 vestras,
2834 4498 2888 4544 et
2917 4488 3186 4559 primitias
3213 4491 3518 4558 separatio-

1945 4595 2076 4634 num
2096 4588 2402 4634 vestrarum
2434 4579 2490 4633 in
2535 4579 2796 4634 omnibus
2834 4578 3368 4636 sanctificationibus
3421 4594 3515 4635 ve-

1944 4669 2093 4725 stris.
2115 4668 2205 4723 ιι.
2246 4667 2302 4724 ln
2345 4669 2514 4724 odore
2568 4669 2722 4724 suavi
2763 4669 3058 4739 suscipiam
3103 4683 3206 4740 ego
3224 4683 3349 4734 vos,
3389 4684 3514 4724 cum

1943 4759 2187 4815 eduxero
2208 4775 2306 4816 vos
2329 4775 2394 4816 ex
2419 4761 2694 4834 gentibus,
2730 4770 2787 4817 et
2815 4777 3106 4833 suscepero
3148 4781 3242 4821 vos
3269 4781 3301 4820 θ
3339 4779 3519 4834 regio-

1945 4853 2130 4918 nibus,
2157 4852 2358 4924 quibus
2373 4853 2610 4923 dispersi
2638 4854 2775 4909 estis
2813 4854 2867 4910 in
2893 4857 2993 4920 eis,
3032 4868 3087 4912 et
3129 4857 3516 4913 sanctificabor

1943 4944 1998 5000 in
2028 4945 2182 5002 vobis
2207 4953 2334 5000 ante
2351 4947 2544 5000 oculos
2572 4946 2916 5016 populorum.
2943 4947 3032 5002 42.
3067 4949 3131 5004 Et
3155 4950 3516 5020 cognoscetis,

1942 5037 2072 5108 quia
2102 5051 2204 5108 ego
2227 5035 2518 5106 Dominus,
2548 5053 2672 5092 cum
2698 5039 3056 5096 introduxcro
3083 5055 3180 5096 vos
3225 5043 3280 5099 in
3314 5051 3516 5098 terram

1942 5129 2182 5197 lsraelis,
2213 5128 2269 5185 in
2299 5138 2524 5197 terram,
2559 5145 2725 5200 quam
2759 5132 2929 5186 levavi
2952 5148 3174 5188 manum
3218 5149 3394 5189 meam
3418 5148 3516 5190 su-

1943 5234 2040 5288 per
2074 5233 2219 5286 eam,
2235 5219 2301 5275 ad
2325 5219 2563 5276 dandum
2591 5235 2710 5276 eam
2726 5222 2974 5292 patribus
2990 5223 3202 5278 vestris.
3228 5223 3319 5277 45.
3349 5223 3426 5294 (y)
3447 5223 3517 5277 Et

331 5358 392 5430 (ὅ)
415 5357 507 5434 8.,
535 5375 658 5434 quae
696 5368 782 5414 est
843 5359 1006 5414 timor
1058 5359 1396 5434 adorationis
1455 5360 1714 5434 omnibus
1751 5363 1936 5434 te_rris.
1966 5361 2091 5434 η..
2123 5361 2386 5434 fortitudo
2415 5369 2525 5434 est“
2563 5363 2821 5418 omnibus
2858 5362 3063 5434 terris.
3117 5361 3190 5434 (k)
3220 5361 3306 5427 8.,
3330 5362 3509 5434 adlue-

268 5431 505 5482 rescebat
565 5430 710 5483 enim
751 5445 851 5501 cor
894 5444 1086 5501 eorum
1130 5431 1289 5485 idolis
1325 5445 1532 5484 eorum.
1628 5431 1691 5501 (ι)

268 5431 505 5482 rescebat
565 5431 710 5483 enim
751 5445 846 5485 cor
896 5444 1086 5483 eorum
1130 5431 1289 5485 idolis
1325 5445 1532 5506 eorum.
1628 5431 1691 5501 (ι)
1757 5431 1935 5557 Eggp

265 5507 472 5572 patrum
493 5496 1653 5572 eorum.A(n)Th...primogenitummteri.
1735 5502 1810 5571 (ο)
1889 5541 1930 5565 .,

433 5585 527 5624 :us.
633 5572 700 5639 (δ)
734 5568 896 5625 Deus.
1004 5571 1076 5696 (lg
1112 5568 1195 5632 8.,
1225 5568 1281 5623 et
1336 5569 1639 5640 puriﬂcabo
1669 5586 1768 5626 vos
1792 5568 1870 5626 ’in
1918 5568 2138 5627 annulo
2162 5568 2404 5626 fmderis.
2430 5568 2566 5634 'Tlt.,
2597 5582 2650 5626 et
2677 5568 2958 5628 traducani
2983 5588 3080 5626 vos
3120 5574 3174 5626 in
3219 5575 3511 5627 traditiqu

433 5639 500 5692 is.
576 5639 656 5696 lu)
686 5640 845 5696 Deus.
927 5643 1003 5696 (xl
1083 5682 1121 5696 ..
1175 5639 1337 5694 idolis
1399 5640 1515 5693 suis
1564 5641 1640 5694 ite
1692 5644 1914 5696 servite.
1956 5650 2243 5696 postquam
2278 5656 2386 5694 non
2422 5643 2589 5696 vultis
2619 5643 2811 5696 audire
2847 5659 2953 5696 me.
3054 5643 3130 5696 (ul
3172 5641 3256 5696 8..
3289 5652 3343 5696 ct
3381 5659 3508 5696 cum

266 5635 500 5723 {edet-is.
555 5639 656 5719 .(u)
683 5635 845 5696 Deus.
927 5635 1354 5723 (x)_:.-S.,._i_dolis—
1397 5640 1515 5723 suis
1564 5641 1649 5723 ite.
1692 5644 1914 5723 servite,
1956 5650 2243 5723 postquam
2278 5656 2386 5694 non
2422 5643 2589 5723 vultis
2619 5643 2811 5723 audire
2847 5659 2953 5723 me:

267 5573 334 5639 (Γ)
367 5569 527 5624 Deus.
633 5572 700 5639 (δ)
734 5569 896 5625 Deus.

1940 5433 1999 5486 ti.
2112 5431 2206 5500 (ηε)
2238 5429 2320 5496 8.,
2351 5442 2406 5486 et
2443 5433 2889 5487 adhaerescebant
2924 5433 3068 5488 oculi
3095 5429 3286 5487 eorum
3345 5433 3512 5490 idolis

1959 5501 2295 5573 delinquent.
2341 5572 2347 5573 ί
2375 5503 2724 5573 (p)_ABANA.
2781 5509 2878 5573 _(q)
2908 5502 3066 5568 Hel).,
3096 5502 3262 5557 Bama
3294 5503 3505 5556 BAMA.

3054 5643 3130 5713 (ν)
3172 5641 3256 5705 8.,
3289 5652 3343 5696 ct
3381 5659 3508 5698 cum

269 5711 318 5782 in
344 5711 661 5782 memoriam
703 5711 1088 5766 revocaveritis
1126 5711 1200 5764 ibi
1222 5711 1340 5782 vias
1362 5717 1415 5765 et
1455 5711 1688 5765 consilia
1721 5721 1919 5779 vestra,
1944 5711 2016 5782 in
2049 5711 2248 5780 quibus
2281 5725 2377 5766 vos
2413 5712 2709 5781 polluistis,
2745 5715 2954 5782 parvuli
2994 5711 3312 5768 videbimini
3340 5714 3392 5767 in
3427 5714 3508 5768 eis

271 5777 384 5845 (vox
425 5786 573 5866 p11,
603 5779 659 5831 in
705 5782 800 5844 eis,
846 5782 981 5837 mibi
1020 5781 1369 5852 transposita.
1399 5789 1456 5835 et
1481 5783 1731 5852 proxime
1764 5799 1794 5836 a
1841 5777 2108 5852 polluistis
2148 5777 2463 5838 collocanda
2491 5777 2758 5856 videtur),
2783 5792 3002 5856 propter
3050 5798 3244 5840 omnes
3271 5783 3507 5838 malitias

273 5876 491 5937 vestras,
523 5885 663 5941 quas
694 5871 920 5941 fecistis,
950 5882 1006 5929 et
1055 5874 1260 5940 scietis,
1317 5874 1464 5945 quod
1495 5889 1596 5946 ego
1633 5873 1922 5946 Dominus,
1960 5891 2084 5934 cum
2112 5875 2292 5936 fecero
2326 5877 2464 5937 bene
2497 5878 2651 5935 vobis
2681 5889 2902 5951 propter
2939 5894 3138 5936 nomen
3170 5893 3375 5936 meum.

539 5963 807 6026 Parnon.
833 5965 946 6027 Gn.
984 5965 1152 6028 XVI.

3118 5970 3191 6031 86
