4078 6312
521 368 662 424 2719

1635 358 1858 416 CODEX
1894 356 2679 414 SYRIACO-HEXAPLARIS.

3638 367 3702 417 ’Ξῖ
3716 369 3781 420 :10

528 484 952 543 recordabimini
991 485 1064 538 ibi
1087 485 1312 537 viarum
1365 487 1766 542 vcstrarum,et
1791 479 2095 533 studiorum
2127 481 2172 537 Α
2201 486 2283 532 est
2313 488 2534 549 paratus
2560 520 2574 545 ,
2615 487 2672 532 ttt
2723 478 2883 534 detur
2929 480 2981 534 in
3015 495 3235 535 manum
3278 479 3661 540 conludientis.
3690 488 3779 544 12.

525 589 851 644 vestrorum,
876 579 928 632 in
953 579 1150 648 quibus
1181 574 1370 644 polluti
1401 573 1535 628 estis
1562 571 1613 626 in
1639 570 1739 632 eis,
1765 569 1839 639 (ι)
1871 579 1924 623 et
1950 569 2099 622 vide-

525 673 654 728 litis
689 671 854 726 facies
875 677 1096 725 'vestras
1127 669 1178 722 in
1228 668 1485 722 omnibus
1529 664 1754 719 malitiis
1792 663 2005 729 vestris,

523 781 663 834 quas
688 763 894 818 fecistis
922 763 944 831 ζ
971 803 984 827 ,
1019 761 1106 813 Μ.
1142 768 1195 813 ct
1251 758 1456 819 scietis,
1502 757 1631 827 quia
1670 771 1770 826 ego
1816 756 2098 819 Dominus,

525 874 648 910 t-nm
681 856 856 910 fecero
881 854 1036 908 vobis
1071 853 1170 913 sic,
1201 860 1260 904 ut
1298 865 1498 904 nomen
1538 864 1717 903 meum
1757 851 1946 916 Χηοη
1975 862 2102 917 pro-

522 944 785 1012 fanetur:
811 942 1107 998 secundum
1142 940 1255 995 vias
1278 948 1488 994 vestras
1516 939 1777 1004 malas,et
1801 940 2098 993 secundum

525 1036 705 1089 studia
737 1043 914 1090 vestra
945 1032 1442 1102 corrupta,domus
1467 1029 1702 1097 lsraelis,
1729 1032 1861 1086 dicit
1893 1031 2100 1086 Adonei

527 1127 806 1180 Dominus.
842 1125 931 1179 45.
962 1124 1381 1178 Et'factum-est
1410 1124 1636 1177 verbum
1667 1123 1880 1176 Domini
1904 1123 1969 1176 ad
1993 1138 2100 1188 Ine,

527 1218 751 1272 dicens:
778 1217 868 1270 46.
898 1216 998 1270 Fili
1029 1216 1287 1278 hominis,
1339 1216 1569 1269 oblirma
1605 1215 1799 1269 faciem
1846 1224 1992 1270 tuam
2023 1215 2099 1286 (a)

525 1322 690 1376 super
720 1305 999 1371 Thaeman,
1023 1315 1075 1360 et
1103 1306 1312 1373 respice
1343 1319 1508 1374 super
1533 1306 1606 1376 (ὁ)
1635 1305 1856 1372 Darom,
1899 1315 1950 1360 et
1977 1321 2102 1376 pro-

528 1399 692 1468 pheta
729 1412 892 1466 super
928 1397 1118 1451 silvam
1138 1400 1330 1452 ducem
1356 1397 1557 1468 Nageb,
1580 1400 1667 1455 4'1.
1704 1408 1758 1454 et
1779 1401 1926 1454 dices
1955 1401 2103 1454 silvae

527 1487 712 1558 Nageb
743 1506 755 1541 :
781 1487 918 1542 Audi
947 1490 1169 1543 verbum
1204 1489 1416 1544 Domini
1441 1511 1453 1545 :
1480 1493 1594 1548 haec
1614 1493 1744 1547 dicit
1771 1493 1978 1546 Adonai
2000 1493 2101 1547 Do-

527 1584 711 1636 minus
750 1599 762 1637 :
791 1581 930 1636 Ecce
963 1597 1063 1651 ego
1092 1584 1365 1639 succende
1396 1585 1449 1638 in
1473 1594 1524 1638 te
1551 1585 1750 1654 ignem,
1780 1592 1834 1638 et
1876 1586 2102 1640 devora-

528 1673 608 1726 hit
636 1674 689 1727 in
733 1684 785 1728 te
813 1688 973 1727 omne
998 1673 1203 1743 lignum
1231 1674 1426 1738 viride,
1483 1684 1535 1729 et
1572 1691 1733 1730 omne
1766 1676 1970 1745 lignum
1996 1675 2104 1729 ari-

527 1764 689 1818 dum:
719 1779 827 1819 non
868 1765 1216 1834 extinguetur
1243 1765 1482 1830 flamma,
1531 1782 1652 1834 qua:
1689 1781 1948 1820 succensa
1995 1777 2098 1832 est,

527 1866 579 1911 et
599 1855 809 1911 ardebit
842 1856 893 1910 in
925 1872 985 1910 ea
1023 1856 1209 1910 omnis
1239 1856 1405 1912 facies
1455 1857 1524 1911 ab
1547 1859 1766 1911 oriente
1817 1873 1992 1927 usque
2032 1859 2096 1911 ad
2136 1824 2176 1876 Β

527 1949 856 2019 aquilonem.
882 1946 969 2000 48.
999 1948 1066 2018 (c)
1098 1947 1161 2002 Et
1186 1956 1516 2018 cognoscent
1557 1951 1733 2004 omnis
1778 1965 1924 2016 caro,
1955 1951 2098 2020 quod

527 2055 630 2110 ego
667 2040 950 2103 Dominus,
981 2051 1033 2093 ct
1054 2039 1308 2094 succendi
1337 2055 1476 2105 eam,
1505 2050 1557 2095 et
1585 2057 1691 2095 non
1732 2043 2094 2111 extinguetur.

527 2133 618 2188 49.
652 2132 718 2186 Et
747 2132 895 2188 dixi:
925 2131 1306 2201 Nequaquam,
1338 2132 1583 2196 Domine,
1619 2132 1859 2197 Domine,
1917 2134 1990 2188 illi
2015 2135 2098 2188 di-

527 2234 658 2282 cunt
685 2225 751 2279 ad
781 2239 866 2280 me
899 2242 912 2278 :
945 2223 1134 2278 Nonne
1165 2224 1282 2278 haec
1305 2225 1558 2293 parabola
1591 2233 1692 2289 est,
1745 2240 1866 2295 qua:
1902 2226 2101 2280 dicitur

529 2316 645 2370 haec
660 2315 685 2367 ?

599 2407 752 2461 CAP.
785 2405 1059 2460 ΧΧ1.--1.
1095 2405 1161 2460 Et
1199 2406 1403 2462 factum
1423 2409 1752 2463 est-verbum
1779 2407 1996 2463 Domini
2030 2409 2096 2463 ad

531 2512 640 2561 me,
688 2498 912 2552 dicens:
947 2496 1002 2550 2.
1042 2498 1142 2552 Fili
1171 2499 1430 2562 hominis,
1462 2499 1692 2553 obﬁrma
1736 2499 1926 2554 faciem
1953 2509 2098 2554 tuam

533 2604 695 2659 super
727 2588 1050 2653 Jerusalem,
1078 2599 1130 2642 et
1157 2591 1364 2659 respice
1393 2606 1558 2660 super
1576 2589 1777 2645 Sancta
1809 2606 2022 2655 eorum,
2048 2602 2102 2647 et

530 2681 882 2750 prophetabis
912 2695 1075 2748 super
1107 2691 1305 2735 terram
1357 2681 1591 2748 lsraelis,
1643 2684 1696 2736 5.
1743 2692 1797 2737 et
1837 2684 1988 2738 dices
2034 2685 2099 2738 ad

533 2783 735 2827 terram
764 2773 1014 2828 Israelis:
1057 2772 1181 2826 llaec
1205 2774 1334 2827 dicit
1356 2775 1616 2829 Dominus
1643 2775 1937 2830 Dominus:
1966 2775 2102 2831 Ecce

531 2877 633 2932 ego
661 2863 729 2917 ad
767 2871 841 2928 te,
868 2873 920 2917 ct
944 2862 1242 2932 evaginabo
1275 2865 1509 2918 cultrum
1537 2865 1843 2921 manualem
1869 2881 2048 2922 meum
2067 2881 2101 2921 e

531 2955 726 3025 vagina
753 2970 871 3018 sua,
907 2967 962 3010 et
991 2956 1278 3012 exsiccabo
1309 2973 1373 3012 ex
1395 2968 1445 3012 te
1471 2957 1732 3026 injustam
1756 2968 1810 3012 et
1830 2957 2096 3027 iniquum.

530 3047 584 3100 4.
619 3045 696 3117 (d)
736 3058 800 3101 σιη-
831 3045 938 3101 Pro
989 3061 1057 3102 eo
1103 3049 1245 3118 quod
1276 3049 1496 3118 perdam
1541 3065 1604 3104 ex
1642 3058 1695 3104 te
1738 3050 2002 3120 injustum
2048 3059 2102 3104 et

2205 567 2419 632 Clama,
2455 582 2507 625 et
2537 571 2706 633 ulula,
2749 571 2822 625 fili
2859 573 3132 640 hominis;
3164 575 3294 643 quia
3337 574 3440 630 hoc
3471 575 3675 632 factum
3699 593 3792 640 cst

2208 659 2260 711 in
2300 661 2503 729 populo
2527 677 2666 727 meo,
2700 663 2804 717 hoc
2851 663 2905 717 in
2963 666 3220 720 omnibus
3254 667 3488 722 ducibus
3517 670 3741 726 israelis
3764 687 3785 724 :

2205 749 2604 818 inhabitabunt,
2639 754 2766 824 quia
2795 755 3006 825 gladius
3037 756 3136 811 fuit
3155 757 3351 826 populo
3372 774 3494 812 meo
3519 778 3531 812 :
3560 773 3788 829 propter

2205 843 2307 899 hoc
2337 845 2532 914 plaude
2560 863 2726 916 super
2760 863 2978 902 manum
3013 858 3156 902 tuam
3181 892 3192 914 ,
3217 851 3303 904 15.
3344 853 3406 921 (i)
3450 853 3579 922 quia
3609 855 3787 922 justi-

2205 935 2397 992 ficatus
2430 949 2511 993 est
2542 957 2555 993 :
2585 948 2641 992 et
2673 939 2807 1008 quid
2835 940 2878 994 si
2917 941 3078 994 etiam
3107 942 3281 996 tribus
3328 945 3546 1012 repulsa
3579 944 3791 998 fuerit?

2202 1026 2318 1081 Non
2346 1030 2469 1095 erit,
2518 1031 2649 1086 dicit
2695 1031 2961 1086 Dominus
2991 1031 3273 1088 Dominus.
3334 1035 3420 1088 M.
3483 1035 3547 1090 Et
3577 1044 3659 1100 tu,
3705 1038 3786 1090 fili

2209 1120 2468 1185 hominis,
2512 1125 2796 1193 propheta,
2820 1134 2872 1180 et
2909 1125 3193 1193 complode
3219 1143 3439 1181 manum
3472 1144 3640 1198 super
3665 1147 3785 1183 ma-

2206 1226 2358 1277 num,
2395 1213 2465 1284 (It)
2489 1222 2544 1268 et
2576 1215 2792 1283 duplica
2822 1216 3092 1285 gladium:
3138 1217 3354 1286 gladius
3405 1219 3598 1273 tertius
3630 1223 3785 1276 occi-

2204 1318 2389 1359 sorum
2431 1315 2534 1371 est,
2566 1307 2774 1375 gladius
2799 1308 3106 1362 occisorum
3131 1324 3400 1378 magnus:
3456 1321 3509 1364 et
3549 1315 3788 1368 terrebis

2203 1410 2319 1460 eos,
2348 1396 2435 1450 15.
2470 1409 2528 1451 ut
2555 1401 2894 1467 percutiatur
2940 1416 3102 1455 omne
3143 1417 3236 1456 eor
3293 1404 3376 1473 (Ι),
3419 1415 3467 1458 et
3512 1408 3784 1476 multipli-

2202 1496 2397 1542 centur
2423 1489 2624 1542 infirmi
2676 1506 2839 1560 super
2887 1507 3103 1546 omnem
3154 1504 3362 1562 portant
3390 1498 3457 1563 >κ
3483 1513 3672 1552 eorum
3711 1500 3733 1567 ζ
3765 1518 3776 1550 :

2205 1581 2300 1649 (in)
2345 1581 2534 1633 traditi
2565 1591 2694 1634 sunt
2740 1584 2791 1636 in
2833 1584 3137 1639 occisiones
3183 1587 3391 1655 gladii:
3431 1587 3565 1642 bene
3599 1589 3779 1645 fut-tus

2202 1672 2368 1725 estad
2397 1671 2765 1740 splendorem,
2804 1674 2942 1728 bene
2966 1673 3142 1730 factus
3162 1685 3244 1730 est
3269 1677 3334 1730 ad
3369 1680 3767 1734 mactationem.

2204 1762 2290 1817 16.
2334 1761 2498 1827 Vade,
2529 1780 2796 1820 exacuere
2850 1780 2880 1818 a
2911 1766 3120 1828 dextra,
3187 1775 3242 1822 et
3273 1783 3302 1822 a
3361 1769 3596 1834 sinistra,
3621 1788 3762 1840 quo-

2203 1868 2437 1922 cumque
2465 1853 2630 1910 faeies
2673 1865 2762 1910 tua
2789 1858 3025 1912 excitata
3054 1857 3240 1912 fuerit.
3268 1858 3355 1914 17.
3385 1857 3451 1913 Et
3473 1875 3571 1930 ego
3591 1871 3773 1915 autem

2202 1944 2543 2012 complodam
2587 1960 2810 2000 manum
2866 1963 3041 2003 meam
3099 1949 3167 2003 ad
3227 1965 3448 2005 manum
3499 1964 3777 2015 meam,ct

2204 2035 2492 2087 immittam
2547 2035 2787 2091 furorem
2845 2053 3025 2094 meum
3067 2055 3212 2110 :ego
3254 2042 3514 2097 Dominus
3558 2044 3779 2098 locutus

2203 2140 2346 2178 sum.
2390 2125 2473 2180 18.
2514 2126 2579 2181 Et
2609 2127 2810 2183 factum
2836 2141 2917 2184 est
2957 2131 3180 2186 verbum
3210 2132 3424 2187 Domini
3448 2135 3514 2187 ad
3553 2150 3660 2197 me,
3690 2135 3778 2188 di-

2202 2231 2363 2271 cens:
2395 2217 2478 2272 19.
2515 2218 2579 2272 Et
2610 2229 2664 2272 tu
2699 2219 2776 2273 ﬁli
2815 2220 3049 2276 hominis
3073 2261 3089 2285 ,
3123 2222 3314 2276 ordina
3368 2223 3461 2276 tibi
3509 2222 3610 2291 ipsi
3635 2223 3780 2277 duas

2203 2308 2338 2372 vias,
2367 2309 2455 2363 20.
2492 2319 2552 2364 ut
2583 2311 2916 2381 ingrediatur
2945 2313 3156 2382 gladius
3179 2313 3320 2382 regis
3350 2313 3644 2384 Babylonis
3671 2329 3684 2364 :
3709 2329 3780 2368 ex

2195 2400 2423 2468 regione
2457 2416 2562 2455 una
2578 2403 2925 2470 egredientur
2954 2403 3294 2474 principatus
3315 2406 3448 2471 duo,
3476 2417 3529 2463 et
3550 2423 3778 2462 manum

2203 2492 2271 2558 ᾖε(
2306 2491 2373 2544 ad
2415 2492 2717 2558 parandum
2753 2493 2775 2562 ζ
2805 2493 2861 2548 in
2889 2495 3159 2565 principio
3214 2497 3316 2552 via:
3372 2501 3566 2556 urbis:
3611 2517 3783 2571 super

2203 2581 2471 2651 principio
2502 2583 2602 2637 viae
2630 2584 2928 2654 ordinabis,
2963 2594 3024 2640 ut
3069 2587 3406 2658 ingrediatur
3440 2590 3653 2662 gladius
3682 2608 3780 2647 su-

2202 2687 2295 2741 per
2317 2672 2588 2738 Rabbath,
2616 2688 2780 2742 super
2800 2674 2939 2731 filios
2955 2677 3213 2745 Ammon,
3241 2688 3296 2733 et
3323 2695 3487 2748 super
3505 2678 3777 2738 Iudaeam.

2201 2770 2256 2815 et
2312 2777 2479 2831 super
2531 2761 2832 2819 Jerusalem
2875 2766 2952 2835 (η)
2994 2766 3050 2819 in
3089 2767 3268 2822 medio
3310 2768 3450 2837 ejus.
3507 2769 3598 2824 2i.
3634 2770 3776 2836 Quia

2211 2849 2380 2906 stabit
2406 2867 2501 2905 rex
2528 2849 2823 2920 Babylonis
2853 2852 2926 2921 (a)
2949 2867 3112 2922 super
3131 2853 3272 2907 viam
3293 2855 3781 2926 antiquam,supt-r

2200 2941 2472 3012 principio
2505 2942 2735 2997 duarum
2759 2943 2992 3008 viarum,
3046 2945 3112 2998 ad
3159 2944 3516 3000 divinandum
3561 2947 3777 3002 divina-

2205 3032 2430 3097 tionem,
2469 3031 2545 3103 (p)
2577 3034 2644 3088 ad
2673 3033 3094 3088 concutiendum
3136 3034 3340 3105 virgam
3366 3077 3381 3102 ,
3413 3047 3466 3092 et
3500 3039 3566 3092 ad
3601 3039 3778 3093 inter-

532 3136 778 3207 iniquum
811 3137 833 3205 ε
858 3178 873 3204 ,
897 3137 978 3192 sic
1020 3139 1330 3208 egrediewr
1367 3139 1539 3195 ωηεν
1589 3142 1856 3196 manualis
1896 3156 2099 3196 mense
2127 3151 2168 3211 α
2202 3124 2507 3194 rogandum
2539 3125 2593 3178 in
2619 3124 2985 3193 sculptilibus,
3017 3135 3069 3181 et
3093 3125 3159 3180 ad
3203 3127 3600 3196 explorandum
3621 3130 3776 3185 vati-

532 3229 726 3300 vagina
758 3246 858 3287 sua
885 3247 1050 3302 super
1078 3248 1296 3288 omnem
1329 3248 1547 3289 carnem
1585 3235 1655 3289 ab
1683 3235 1891 3290 oriente
1931 3251 2102 3306 usque

529 3321 598 3374 ad
637 3323 949 3392 aquilonem
979 3342 992 3378 :
1031 3325 1084 3379 5.
1121 3330 1176 3378 et
1230 3334 1528 3392 cognoscet
1581 3325 1760 3378 omnis
1789 3339 1942 3388 caro,
1973 3327 2101 3395 quia

531 3431 632 3486 ego
661 3415 921 3470 Dominus
944 3413 1222 3484 evaginavi
1248 3414 1484 3468 cultrum
1529 3415 1833 3469 manualem
1871 3431 2049 3471 meum
2072 3434 2102 3473 e

533 3506 726 3575 vagina
756 3518 892 3569 sua,
943 3511 997 3557 et
1050 3517 1159 3556 non
1213 3511 1516 3558 revertetur
1547 3506 1801 3573 amplius.
1837 3505 1888 3559 6.
1926 3506 1990 3561 Et
2020 3518 2099 3572 tu,

534 3597 609 3649 fili
646 3593 902 3656 hominis,
933 3591 1229 3658 ingemisce
1261 3593 1329 3663 (ε)
1371 3593 1426 3645 in
1481 3594 1809 3649 contritione
1837 3595 2005 3650 lumbi
2034 3610 2097 3651 σε-

537 3681 613 3734 ιιιί
652 3679 702 3747 ζ,
727 3687 783 3733 et
801 3677 1079 3732 doloribus
1109 3692 1294 3747 gemes
1322 3687 1448 3734 ante
1488 3681 1676 3736 oculos
1709 3696 1923 3736 eorum.
1952 3683 2000 3738 7.
2029 3685 2099 3738 Ει

532 3771 655 3834 erit,
683 3769 729 3824 si
759 3767 995 3823 dixerint
1020 3765 1088 3822 ad
1112 3777 1165 3822 te
1188 3786 1200 3821 :
1223 3767 1402 3833 Quare
1423 3779 1480 3824 tu
1499 3772 1706 3840 gemis?
1725 3780 1778 3826 et
1800 3773 1969 3839 dices,
1990 3773 2098 3829 Pro

533 3858 747 3923 nuntio,
782 3857 913 3927 quia
967 3858 1137 3922 venit,
1202 3866 1257 3913 et
1313 3859 1646 3928 percutietur
1693 3875 1856 3917 omne
1895 3877 2013 3930 cor,
2045 3873 2100 3919 et

531 3950 897 4006 dissolventur
928 3963 1121 4004 omnes
1160 3963 1376 4015 manus,
1415 3957 1471 4003 et
1496 3950 1663 4006 exibit
1691 3952 1873 4007 anima
1897 3968 1958 4010 -ε-
1980 3970 2101 4010 om-

531 4043 616 4098 nis
668 4054 732 4096 -t-
791 4038 994 4102 carnis,
1027 4047 1082 4094 et
1120 4039 1141 4108 ζ
1209 4039 1393 4094 omnis
1429 4039 1679 4110 spiritus,
1717 4041 1782 4112 (Γ)
1837 4053 1892 4098 et
1914 4045 2100 4103 omnia

529 4132 698 4186 latera
731 4131 1040 4200 polluantur
1075 4130 1341 4185 humore:
1375 4145 1502 4185 ecce
1529 4133 1698 4196 venit,
1737 4141 1792 4189 et
1819 4135 1941 4202 erit,
1966 4137 2100 4192 dicit

531 4221 797 4275 Dominus
820 4218 1104 4274 Dominus.
1127 4219 1180 4273 8.
1204 4219 1272 4276 Et
1299 4220 1505 4277 factum
1529 4232 1614 4278 est
1637 4224 1861 4280 verbum
1881 4226 2096 4285 Domini

529 4313 597 4366 ad
627 4326 732 4376 me,
767 4311 994 4368 dicens:
1027 4311 1081 4367 9.
1112 4311 1213 4366 Fili
1241 4313 1500 4375 hominis,
1535 4317 1802 4385 propheta
1826 4327 1882 4374 et
1908 4319 2088 4377 dices:

530 4400 656 4456 Haec
684 4400 816 4455 dicit
843 4399 1057 4455 Adonai
1115 4399 1422 4458 Dominus:
1473 4401 1590 4469 Dic,
1623 4405 1797 4474 gladie
1822 4445 1838 4473 ,
1893 4409 2091 4478 gladie,

2202 3217 2404 3271 ciuium
2429 3217 2629 3286 jecoris
2653 3233 2692 3270 .a
2726 3217 2916 3272 dextra
2955 3232 3076 3272 sua.
3111 3217 3201 3270 22.
3248 3233 3310 3273 σιμ
3355 3219 3468 3287 Et:
3509 3220 3646 3276 facta
3689 3232 3777 3277 est

2203 3305 2465 3362 divinatio
2487 3322 2649 3376 super
2663 3305 2986 3373 Jerusalem,
3023 3308 3089 3361 ad
3103 3308 3416 3375 jaciendum
3438 3309 3511 3379 (ᾳ)
3540 3310 3769 3376 fossam,

2201 3410 2256 3454 et
2281 3397 2350 3452 ad
2377 3397 2733 3466 aperiendum
2773 3411 2839 3452 os
2890 3397 2947 3450 in
2997 3397 3254 3462 clamore,
3311 3399 3379 3451 ad
3422 3399 3775 3454 exaltandum

2200 3501 2392 3540 vocem
2427 3499 2594 3555 super
2619 3485 2878 3551 clamore,
2911 3484 2981 3555 (r)
3016 3483 3084 3538 ad
3105 3484 3416 3554 jaciendum
3442 3485 3652 3542 foveam
3675 3504 3776 3543 su-

2200 3592 2294 3646 per
2317 3585 2501 3646 portas
2512 3577 2651 3645 ejus,
2675 3582 2729 3630 et
2748 3574 2814 3630 ad
2832 3574 3148 3646 jaciendum
3170 3577 3454 3645 cespitem,
3485 3589 3539 3632 et
3557 3579 3625 3633 ad
3647 3579 3776 3633 tedi-

2199 3669 2476 3724 ticandum
2495 3666 2782 3722 machinas
2796 3666 3167 3736 jaculatrices.
3196 3667 3286 3722 23.
3313 3667 3402 3722 Eti
3409 3683 3506 3738 pse
3518 3669 3597 3724 eis
3612 3672 3774 3739 quasi

2200 3761 2452 3816 divinans
2471 3758 2858 3814 divinationem
2875 3771 3060 3810 coram
3079 3757 3180 3822 eis,
3204 3760 3270 3826 32‘;
3321 3767 3376 3812 et
3407 3759 3772 3814 sabbatizabit

2199 3854 2425 3910 sabbata
2445 3852 2524 3907 eis
2552 3852 2599 3922 ζ,
2630 3862 2686 3906 et
2705 3849 2822 3920 ipse
2843 3846 3340 3904 commonefacieus
3365 3850 3431 3905 de
3459 3865 3604 3906 novo
3621 3850 3769 3921 inju-

2200 3945 2414 4000 stitiam.
2432 3942 2552 4014 ejus
2576 3943 2645 3997 ad
2667 3939 3084 3998 recordandum.
3105 3939 3194 3993 24.
3240 3938 3469 4010 Pr0pter
3499 3942 3605 4000 hoc
3655 3943 3773 3998 haec

2199 4037 2335 4092 dicit
2364 4037 2628 4091 Dominus
2657 4034 2728 4105 (δ)
2756 4033 3062 4088 Dominus:
3099 4029 3206 4086 Pro
3252 4047 3317 4086 eo
3371 4034 3516 4102 quod
3556 4035 3610 4088 in
3658 4050 3773 4088 mc-

2200 4129 2433 4185 moriam
2487 4125 2784 4182 revocastis
2841 4123 3141 4192 injustitias
3204 4134 3410 4180 vestras
3451 4125 3505 4179 iu
3560 4126 3770 4180 revela-

2198 4225 2346 4281 tione
2379 4224 2718 4293 impietatum
2757 4229 3088 4282 vestrarum,
3125 4229 3184 4274 ut
3216 4218 3528 4272 viderentur
3550 4229 3772 4286 peccata

2198 4328 2400 4383 vestra,
2435 4317 2488 4371 in
2521 4315 2781 4371 omnibus
2819 4312 3190 4383 impietatibus
3229 4309 3447 4374 vestris,
3489 4323 3543 4365 -:-
3573 4317 3628 4363 ct
3665 4309 3686 4376 ζ
3716 4310 3771 4363 in

2202 4410 2458 4466 omnibus
2482 4407 2676 4463 studiis
2701 4406 2918 4470 vestris,
2957 4419 3056 4476 pro
3079 4417 3145 4458 eo
3175 4401 3320 4472 quod
3363 4400 3416 4454 in
3447 4403 3771 4454 memoriam

530 4509 746 4558 acuere,
772 4501 828 4549 et
859 4491 1042 4547 furore
1071 4491 1388 4559 exardesce,
1418 4492 1505 4548 10.
1563 4505 1624 4551 ut
1660 4507 1865 4555 mactes
1889 4511 2096 4558 macta-
2127 4496 2175 4556 D
2202 4498 2528 4564 revocastis;
2550 4496 2605 4549 in
2640 4495 2760 4550 istis
2814 4492 3126 4564 capiemini.
3189 4491 3280 4545 25.
3331 4487 3399 4542 Et
3433 4498 3488 4542 tu
3519 4486 3768 4556 profane,

528 4586 747 4639 tiones:
783 4598 1014 4649 acuere,
1056 4591 1116 4638 ut
1165 4583 1241 4640 sis
1288 4585 1343 4638 in
1395 4585 1654 4654 polimen,
1683 4587 1756 4658 (g)
1781 4600 2000 4658 paratus
2030 4595 2100 4649 ad

525 4674 986 4730 dissolutionem:
1027 4674 1230 4740 occide,
1276 4684 1588 4741 contemne,
1629 4690 1693 4732 σι-
1739 4680 1814 4733 fili
1840 4681 1913 4734 mi
1950 4683 2097 4754 :,(lt)

2197 4592 2404 4661 inique,
2431 4589 2540 4644 dux
2574 4587 2816 4653 lsraelis,
2855 4586 3015 4656 cujus
3039 4584 3188 4638 venit
3216 4583 3333 4636 dies
3366 4621 3381 4648 ,
3427 4581 3480 4635 in
3525 4591 3771 4648 tempore

2198 4681 2263 4754 (ε)
2293 4682 2418 4736 ﬁnis
2451 4679 2748 4749 iniustitiae.
2766 4677 2858 4732 26.
2881 4675 3007 4730 Haec
3026 4675 3162 4730 dicit
3188 4673 3455 4730 DOIllanS
3479 4670 3768 4747 Dominus:

525 4768 725 4838 repelle
748 4781 911 4820 omne
945 4766 1174 4835 lignum.
1211 4765 1296 4820 11.
1335 4765 1400 4819 Et
1419 4767 1566 4823 dedit
1595 4783 1718 4824 eum
1750 4781 1998 4840 paratum
2031 4775 2099 4829 ad
2194 4771 2480 4828 Abstulisti
2502 4786 2531 4825 a
2563 4779 2613 4825 te
2637 4769 2890 4834 cidarim,
2920 4780 2973 4823 et
2992 4767 3224 4838 posuisti
3246 4780 3409 4834 super
3437 4774 3487 4820 te
3510 4780 3769 4818 coronam

531 4859 829 4913 tenendum
864 4856 1120 4911 manibus
1141 4857 1356 4926 ipsius:
1414 4857 1688 4928 expolitus
1725 4870 1809 4916 est
1857 4863 2094 4932 gladius,

597 5001 670 5068 (λ)
703 5007 757 5052 et
779 4997 1113 5068 percutictis.

524 5137 716 5201 liscus,
746 5137 990 5192 adfinem
1025 5139 1383 5211 reperiuntur
1407 5140 1459 5192 in
1490 5137 1735 5211 Hebraeo.
1794 5137 1809 5211 ξ
1837 5137 1905 5211 (ε)
1946 5137 2029 5210 δῖ,
2054 5137 2219 5201 sicut‘
2247 5137 2300 5200 in
2337 5137 2599 5197 t'racti'one
2643 5137 2834 5211 lumbi.

1121 5248 1158 5269 .,
1200 5210 1541 5289 evagir.at.us,
1573 5210 1658 5262 vel
1695 5210 1964 5289 fugiemus
2003 5229 2034 5289 Ξ
2064 5217 2234 5287 virga,
2268 5213 2341 5289 fili
2373 5214 2469 5289 mi.
2547 5210 2734 5289 th)_S.,
2769 5221 3049 5289 aversatus
3083 5224 3148 5289 es
3174 5210 3229 5289 al

1898 5282 1959 5356 (ἱ)
1995 5283 2080 5356 8.,
2115 5280 2176 5342 et
2194 5284 2324 5356 quid
2356 5280 2720 5356 probatiqflet
2744 5280 3069 5356 quidetiam
3104 5280 3152 5333 si
3183 5280 3353 5356 virga.

524 5212 693 5263 ﬂuent
717 5222 889 5279 aqua).
968 5208 1042 5278 (g)

522 5281 741 5334 dabitur
771 5279 822 5334 ei
858 5282 1197 5350 evaginatus,
1241 5287 1299 5332 ut
1345 5279 1594 5347 capiatur
1637 5279 1820 5335 manu.

2197 4870 2356 4934 hanc,
2388 4881 2496 4921 non
2524 4863 2650 4920 talis
2671 4863 2777 4918 erit
2804 4881 2818 4917 :
2851 4861 3151 4918 humiliasti
3183 4859 3479 4924 excelsum,
3529 4867 3582 4912 et
3619 4858 3770 4911 exal-

1102 5037 1113 5079 τ
1191 4997 1266 5080 ζα)
1297 5013 1460 5080 super
1491 4995 1748 5080 Th_:_eman
1779 5009 1862 5080 et”
1888 5001 2109 5080 Darem.
2135 5004 2220 5080 S.,
2250 5017 2414 5080 super
2451 5008 2696 5080 austrum
2728 5000 2887 5080 viam
2911 5001 3106 5080 austri,
3147 5012 3336 5053 curam
3365 4996 3526 5080 habe,
3557 5005 3609 5080 et
3639 5011 3770 5080 piro-

523 5071 683 5138 pheta
719 5069 967 5143 desylva
1002 5069 1240 5143 regionis
1274 5069 1444 5143 austri
1473 5069 1714 5143 e_t_d_lces.
1793 5071 1868 5139 (ὁ)
1902 5070 2114 5143 Dagun.

2816 5071 2896 5141 (ά)
2925 5069 3076 5147 llaec,
3101 5084 3265 5138 super
3293 5067 3504 5147 quibus.
3521 5075 3604 5120 est
3630 5068 3768 5118 obe-

2940 5139 3007 5211 (Ῑ)
3037 5140 3120 5205 S.,
3157 5149 3216 5211 et
3238 5153 3332 5206 per
3357 5139 3542 5211 omnia
3586 5151 3765 5211 genua

2547 5212 2621 5282 (Ιι)
2651 5210 2734 5276 S.,
2769 5206 3049 5264 aversatus
3083 5224 3143 5263 es
3174 5210 3242 5262 ab
3268 5207 3416 5262 omni
3450 5207 3595 5274 ligno
3621 5221 3635 5269 ;
3667 5206 3764 5258 sed

2547 5283 2602 5334 io
2625 5282 2720 5335 ?et
2744 5280 2874 5346 quid
2906 5280 3069 5334 etiam
3104 5280 3152 5333 si
3183 5280 3353 5346 virga.
3443 5276 3517 5346 (k)
3544 5275 3626 5338 S.,
3657 5274 3764 5329 du-

2201 5076 2272 5147 (c)
2310 5075 2371 5147 Et
2415 5079 2723 5147 cognoscet.

525 5351 814 5426 plicabitur
866 5348 1009 5404 enim
1047 5349 1277 5426 gladius,
1315 5350 1506 5404 tertius
1552 5353 1882 5426 autemcjus
1905 5348 2127 5423 gladius
2169 5348 2549 5426 percussorum
2582 5352 2672 5426 hic
2714 5348 2799 5404 est
2847 5350 3060 5426 gladius
3108 5348 3480 5426 percussionis
3529 5360 3762 5426 magnae.

523 5421 614 5489 qui
645 5434 809 5489 super
863 5435 956 5476 eos
1009 5420 1380 5474 manumissus
1427 5427 1530 5474 est.
1629 5420 1692 5489 (ι)
1739 5420 1962 5478 Eurum.

2066 5415 2285 5496 (nt)'S.,
2328 5423 2449 5496 dedi
2497 5422 2744 5496 gladium
2783 5415 3349 5496 probatum_,_acutut_n
3393 5434 3406 5469 :
3441 5415 3619 5496 factus
3672 5422 3758 5494 est

523 5485 736 5548 acutus,
786 5488 899 5556 ipse
933 5490 1074 5562 sicut
1114 5489 1294 5562 fulgur
1325 5501 1487 5544 notus
1524 5485 1647 5552 est.
1671 5485 1736 5544 ad
1781 5485 2388 5562 jugulandtim'transiit
2422 5511 2435 5546 :
2472 5485 2841 5562 révertitnini,
2864 5489 3140 5562 ascendite
3189 5488 3256 5542 ad
3287 5487 3557 5562 d__e_xtrant,
3590 5485 3763 5562 t_ransi

524 5565 789 5632 (pi-0:13;?
834 5559 1002 5611 transi
1057 5558 1342 5632 legendum
1381 5568 1519 5632 ha?
1558 5558 1796 5615 transite'
1834 5558 1983 5632 puto)
2039 5566 2105 5618 ad
2146 5565 2444 5618 sinistram.

525 5630 599 5705 to)
631 5626 753 5705 ζὴ..
815 5642 979 5694 super
1016 5628 1345 5705 principqu
1372 5630 1491 5691 viae,
1537 5646 1698 5697 super
1748 5626 2306 5705 pr_iiicipio_duarum
2339 5626 2620 5705 viar_um_._'
2676 5633 2752 5698 (p)
2801 5627 2919 5705 TI:_.,
2958 5626 3481 5705 ad__c0nc_utiendutn

1754 5697 1824 5771 (θ’)
1867 5697 1949 5765 Si,
1987 5702 2050 5758 ad
2098 5703 2409 5758 fodiendum
2451 5697 2706 5771 lapidem,
2739 5708 2792 5753 et
2828 5700 2896 5755 ad
2942 5697 3321 5754 aadilicandum
3369 5697 3758 5764 sepimentum.

525 5704 598 5764 (η)
626 5695 710 5758 8.,
744 5705 920 5751 turres
945 5695 1244 5749 murorum.
1285 5695 1404 5756 ΤΙι..
1443 5695 1640 5754 turres.

525 5773 592 5836 (δ)
628 5765 790 5820 Deus.
866 5767 929 5834 (ι)
953 5765 1035 5832 8.,
1081 5766 1339 5833 iniquitas
1370 5767 1585 5821 definita
1619 5765 1865 5825 termino.

2552 5563 2628 5630 (η)
2679 5560 2776 5623 8.,
2933 5554 3426 5632 inc_lusione._Tlt_.,
3469 5555 3758 5632 munitam.

2676 5633 2752 5698 (p)
2801 5627 2919 5691 Tlt.,
2958 5629 3024 5682 ad
3066 5626 3488 5698 concutiendum
3527 5626 3759 5691 sagittis.
