4078 6312
418 327 569 380 αηδ

1538 316 1764 373 (ΣΟΒΕΧ
1807 310 2595 368 SYRIACO-HEXAPLARIS.

3549 311 3689 367 ξω

418 458 594 514 super
624 457 744 497 eam
772 441 1009 497 furorem
1045 454 1225 495 meum
1261 438 1315 492 in
1360 439 1481 507 igne
1511 436 1607 490 irae
1624 449 1757 489 mea:
1786 434 1851 491 ad
1872 447 2001 487 con—
2033 434 2076 489 Α
2106 429 2194 484 20.
2232 430 2310 501 (d)
2362 439 2415 486 et
2457 440 2507 485 te
2564 430 2861 500 apposuisti
2915 439 3034 499 post
3098 430 3403 495 Chaldaeos,
3457 445 3694 498 quorum

432 535 813 591 summatidum
848 538 915 605 )t(
951 550 1047 590 eos
1084 534 1104 603 ζ
1130 553 1144 587 :
1172 535 1285 589 vias
1310 545 1499 587 eorum
1531 530 1584 583 in
1614 527 1790 598 capita
1817 539 2005 579 eorum

430 630 575 695 dedi,
618 628 751 684 dicit
787 628 1052 683 Dominus
1095 626 1377 681 Dominus.
1542 646 1551 657 ο
1772 656 1777 659 -

422 754 423 757 η
502 721 655 777 CAP.
690 720 1008 775 XXlll.-—l.
1042 720 1104 773 Et
1124 718 1326 772 factum
1355 723 1437 771 est
1459 713 1681 768 verbum
1705 707 1914 764 Domini
1941 705 2009 760 ad

423 829 538 870 me.
572 812 759 866 dicens
787 829 798 865 :
852 808 909 861 2.
937 809 1037 865 Fili
1070 807 1329 869 hominis,
1389 804 1511 858 duae
1568 800 1824 855 mulieres
1852 803 2011 849 erant

434 903 559 957 ﬁliae
588 902 777 957 matris
804 901 981 955 unius
1003 940 1017 965 ,
1043 900 1093 952 5.
1132 908 1184 952 et
1209 896 1489 951 fornicata:
1510 901 1635 949 sunt
1666 892 1719 945 in
1751 888 2006 959 JEgypto,

432 992 487 1044 in
521 990 890 1046 adolescentia
930 1004 1027 1043 sua
1058 990 1125 1055 ῖς(
1155 988 1432 1041 fornicata:
1486 992 1614 1038 sunt
1648 983 1668 1051 ζ
1698 1002 1709 1035 :
1738 981 1811 1035 ibi
1868 979 2011 1033 ceci-

420 1083 631 1138 derunt
662 1082 829 1137 ubera
854 1095 1069 1142 earum,
1094 1078 1167 1149 (ρ)
1205 1088 1259 1133 et
1283 1078 1355 1131 ibi
1386 1076 1737 1145 devirginatae
1766 1082 2011 1128 suntnu-

431 1176 599 1230 trices
629 1170 1001 1243 virginitatum
1037 1186 1248 1225 earum.
1285 1171 1338 1224 4.
1371 1166 1602 1222 Nomina
1624 1175 1804 1219 autem
1819 1177 2009 1218 earum

432 1264 606 1322 Ohola
640 1265 848 1329 senior,
870 1272 941 1330 let
973 1261 1204 1317 Oholiba
1225 1276 1384 1316 soror
1415 1259 1556 1329 ejus.
1590 1256 1657 1310 Et
1687 1254 1843 1311 factae
1882 1262 2011 1311 sunt

432 1354 588 1422 mihi,
620 1364 676 1409 et
702 1361 1030 1424 pepererunt
1066 1350 1226 1415 filios,
1268 1358 1323 1404 et
1356 1348 1492 1403 ﬁlias
1525 1363 1539 1399 :
1582 1354 1636 1400 et
1668 1345 1893 1400 nomina
1918 1358 2012 1397 ea-

432 1457 578 1507 rnm,
611 1441 857 1496 Samaria
898 1439 1093 1502 Ohola,
1122 1447 1177 1492 et
1197 1437 1498 1493 Jerusalem
1554 1434 1806 1490 Oltoliba.
1860 1434 1914 1488 5.
1948 1430 2015 1487 Et

433 1531 701 1587 fornicata
732 1538 816 1585 est
861 1529 1036 1584 Ohola
1070 1545 1118 1582 ia
1181 1544 1288 1596 me,
1338 1528 1412 1598 (q)
1445 1535 1499 1581 et
1524 1542 1583 1581 se
1611 1525 1865 1596 apposuit
1890 1530 2013 1593 post

436 1629 710 1677 amatores
736 1636 885 1684 suos,
921 1630 1044 1690 post
1071 1618 1329 1689 Assyrios
1351 1618 1561 1673 vicinos
1589 1616 1673 1681 ei,
1702 1614 1755 1668 6.
1787 1612 2011 1668 indutos

436 1711 826 1784 liyacintbinis,
885 1711 1178 1781 principes,
1215 1720 1277 1789 et
1323 1710 1528 1765 duces:
1567 1707 1797 1777 juvenes
1830 1705 2007 1770 electi,

2112 521 2253 575 sicut
2284 521 2563 576 asinorum
2595 537 2787 577 carnes
2816 535 3005 577 eorum
3030 563 3046 589 ,
3079 530 3132 577 et
3159 521 3393 577 verenda
3425 536 3693 590 equorum

2110 613 2345 667 verenda
2375 618 2564 668 eorum
2595 632 2607 667 :
2633 613 2725 666 21.
2747 604 2817 667 ἐι
2846 612 3077 669 visitasti
3109 612 3179 683 (ε)
3212 613 3526 683 iniquitates
3566 613 3700 667 ado-

2112 703 2383 760 lescentiae
2411 712 2537 770 tuae,
2567 722 2689 777 quae
2721 705 2958 761 faciebas
2990 706 3043 760 in
3069 704 3302 776 [Egypto
3326 706 3391 775 (f)
3428 704 3482 760 in
3514 705 3692 761 diver-

2113 796 2261 851 sorio
2301 807 2415 864 tuo,
2450 802 2541 854 ubi
2575 799 2744 854 ubera
2790 797 3170 853 adolescentiae
3203 808 3303 851 tuae
3354 796 3695 853 ceciderunt.

2110 889 2202 943 22.
2234 888 2466 960 Propter
2500 890 2605 946 boc
2629 889 2880 954 Oholiba,
2916 889 3030 944 haec
3054 888 3188 943 dicit
3217 888 3485 943 Dominus
3510 887 3699 943 Domi-

2115 996 2257 1035 nus:
2316 980 2454 1037 Ecce
2505 996 2605 1050 ego
2628 981 2837 1035 suscito
2878 988 3150 1034 amatores
3207 992 3331 1034 tuos
3366 994 3530 1049 super
3563 989 3638 1045 te,
3666 994 3698 1033 a

2112 1072 2313 1143 quibus
2346 1074 2573 1129 reeessit
2602 1074 2785 1128 anima
2815 1082 2905 1129 tua
2931 1074 2999 1127 ab
3033 1073 3115 1128 eis
3156 1088 3170 1125 :
3216 1082 3269 1127 et
3305 1071 3573 1128 adducam
3602 1087 3701 1129 eos

2113 1179 2278 1236 super
2304 1176 2355 1220 te
2386 1166 2647 1236 undique,
2679 1166 2770 1222 25.
2834 1148 2977 1222 filios
3026 1164 3340 1237 Babylonis,
3397 1174 3450 1219 et
3505 1180 3699 1221 omnes

2111 1256 2419 1325 Chaldaeos,
2470 1256 2635 1323 Phut,
2690 1267 2744 1314 et
2785 1257 2923 1324 Sud,
2959 1267 3014 1314 et
3062 1256 3196 1324 Coa,
3244 1264 3298 1312 et
3334 1272 3527 1312 omnes
3555 1257 3701 1312 ﬁlios

2112 1348 2459 1421 Assyriorum
2490 1366 2613 1407 cum
2640 1350 2995 1421 eis,'juvenes
3018 1348 3242 1415 electos,
3266 1351 3457 1413 duces,
3476 1357 3530 1404 et
3561 1363 3701 1418 pra:-

2114 1438 2307 1505 fectos,
2334 1455 2535 1496 omnes
2590 1441 2831 1506 triarios,
2886 1448 2942 1495 et
2999 1440 3332 1503 nominatos,
3387 1438 3700 1508 equitantes

2114 1545 2278 1601 super
2302 1532 2460 1601 equis
2490 1546 2701 1586 omnes.
2725 1531 2816 1584 24.
2852 1530 3083 1586 Venient
3112 1544 3275 1600 super
3301 1538 3352 1583 te
3382 1528 3450 1582 ab
3486 1528 3699 1598 aquilo-

2116 1636 2203 1688 ne,
2226 1637 2448 1689 currus,
2475 1632 2531 1677 et
2561 1632 2694 1677 rotae
2716 1618 2845 1677 cum
2872 1618 3219 1676 multitudine
3270 1619 3615 1691 populorum,
3641 1629 3697 1673 et

2115 1713 2311 1784 clypei,
2341 1714 2521 1782 peltae:
2558 1723 2610 1768 et
2642 1715 2820 1769 mittet
2850 1714 3150 1769 custodiam
3181 1727 3345 1782 super
3384 1720 3436 1765 te
3463 1711 3694 1766 circum-

434 1769 629 1857 oinnes
657 1802 867 1871 equites
910 1769 1224 1870 equitantes
1274 1786 1439 1869 Super
1477 1800 1653 1868 equis.
1685 1797 1738 1849 7.
1771 1797 1836 1849 Et
1863 1796 2013 1851 dedit
2040 1769 2087 1829 Β
2117 1769 2284 1860 circa.
2325 1769 2415 1861 25.
2445 1806 2513 1861 Et
2536 1806 2677 1861 dabo
2711 1816 2836 1861 ante
2872 1805 3068 1861 faciem
3105 1769 3296 1860 eorum
3326 1804 3615 1874 judicium,
3638 1812 3696 1857 et

436 1892 849 1947 fornicationem
908 1907 1063 1947 suam
1101 1907 1266 1961 super
1294 1906 1427 1945 eos:
1466 1890 1621 1944 electi
1646 1888 1737 1942 filii
1764 1888 2014 1959 Assyrio-

437 2000 556 2039 rum
587 2000 798 2048 omnes,
835 1992 890 2038 et
917 2000 1082 2053 super
1113 1998 1327 2047 omnes,
1388 1996 1555 2053 super
1587 1998 1725 2052 quos
1753 1996 1811 2036 se
1839 1982 2015 2049 impo-

2117 1896 2450 1952 nlciscentur
2483 1907 2535 1953 te
2567 1898 2619 1953 in
2643 1898 3023 1969 jndiciissuis:
3057 1906 3111 1953 et
3142 1898 3282 1951 dabo
3308 1896 3484 1950 zelum
3516 1910 3697 1948 meum

2118 1988 2174 2043 in
2203 2001 2275 2054 te,
2309 1998 2365 2044 et
2394 1989 2597 2045 facient
2630 1999 2806 2045 tecum
2841 1990 2893 2043 in
2920 1990 2999 2044 ira
3017 1988 3243 2046 furoris.
3279 1986 3482 2042 Nasum
3518 1996 3700 2049 tuum.

438 2076 585 2131 suit:
618 2075 672 2129 in
707 2075 965 2130 omnibus
992 2074 1418 2144 cogitationibus
1465 2073 1537 2142 (r)
1592 2088 1782 2127 eorum
1806 2072 2014 2141 polluta
2106 2090 2169 2134 ei
2205 2095 2367 2135 aures
2400 2068 2825 2147 luas'aul‘e’rem,
2875 2088 2929 2135 ει
2983 2081 3231 2135 residuos
3282 2088 3402 2135 tuos
3431 2078 3485 2131 in
3518 2075 3704 2149 gladio

438 2168 579 2238 facta
610 2174 711 2221 est.
745 2166 899 2227 8.,Et
924 2164 1525 2237 fornicationem'suam
1552 2180 1618 2219 ex
1644 2164 1883 2235 IEgypto
1905 2179 2014 2218 non

439 2259 686 2330 reliquit;
720 2258 849 2329 quia
880 2274 1003 2314 cum
1028 2258 1145 2328 ipsa
1172 2256 1522 2312 dormiebant
1553 2256 1607 2310 in
1638 2256 2014 2311 adolescentia

436 2354 579 2423 ejus,
609 2361 663 2408 et
690 2353 792 2423 ipsi
819 2353 1227 2423 devirginarunt
1262 2352 1331 2424 (ε)
1393 2367 1535 2416 eam,
1572 2359 1628 2406 et
1667 2349 2015 2405 eﬂunderunt

439 2447 853 2501 fornicationem
887 2461 1039 2501 suam
1072 2462 1235 2515 super
1264 2461 1408 2500 eam.
1440 2446 1491 2501 9.
1521 2445 1746 2513 Propter
1777 2443 1880 2498 hoc
1905 2454 2017 2496 tra-

430 2536 547 2590 didi
584 2551 705 2591 eam
743 2535 797 2588 in
828 2551 1026 2590 manus
1062 2546 1368 2603 amatorum
1394 2537 1532 2605 ejus,
1567 2536 1620 2588 in
1651 2550 1847 2590 manus
1876 2533 2019 2588 ﬁlio-

437 2644 560 2682 rum
598 2627 973 2698 Assyriorum,
1003 2644 1166 2698 super
1193 2643 1309 2693 eos,
1337 2637 1460 2697 post
1496 2642 1637 2697 quos
1657 2643 1716 2681 se
1745 2626 2015 2696 apposuit.

442 2719 526 2776 10.
552 2717 646 2775 lsti
678 2727 992 2773 retexerunt
1024 2719 1367 2790 (t).pudenda
1407 2719 1548 2787 ejus,
1591 2718 1753 2784 filios,
1790 2726 1844 2772 et
1883 2718 2020 2773 tilias

438 2811 559 2881 ejus
592 2819 929 2875 sumserunt,
955 2821 1011 2863 et
1038 2825 1158 2864 eam
1214 2811 1269 2864 in
1327 2810 1508 2880 gladio
1563 2810 1915 2864 occiderunt:
1968 2817 2022 2863 et

440 2902 585 2956 facta
612 2910 694 2956 est
727 2915 910 2955 sermo
937 2901 988 2954 in
1019 2902 1299 2966 mulieres,
1333 2910 1386 2955 et
1417 2901 1680 2955 ultionem
1730 2899 1805 2971 (tt)
1839 2899 1939 2955 feci
1966 2900 2019 2954 in

438 3006 503 3043 ea
535 3005 597 3045 «περ
626 2990 681 3043 ἱιι
715 2991 853 3063 filias
885 2991 1004 3061 ejus
1028 2991 1074 3059 ζ.
1110 2992 1194 3045 11.
1229 2991 1613 3046 Etviditsoror
1628 2991 1747 3061 ejus
1763 2991 2019 3057 Oltoliba,

2112 2171 2381 2242 dejicient
2407 2190 2418 2226 :
2446 2173 2536 2228 isti
2574 2172 2715 2229 filios
2747 2186 2889 2238 tuos,
2928 2180 2981 2226 et
3032 2172 3173 2226 filias
3206 2182 3327 2227 tuas
3377 2170 3615 2241 capient,
3649 2178 3705 2223 et

2118 2262 2368 2317 residuos
2403 2270 2526 2317 tuos
2566 2261 2640 2334 (g)
2673 2262 2957 2317 devorabit
2992 2261 3131 2333 ignis
3160 2279 3172 2314 :
3201 2260 3289 2314 26.
3337 2269 3392 2316 et
3425 2272 3627 2316 exuent
3651 2272 3707 2315 te

2119 2355 2362 2411 vestibus
2398 2356 2526 2422 tuis,
2558 2368 2611 2410 et
2634 2356 2852 2426 capient
2893 2371 3023 2411 vasa
3067 2355 3407 2427 gloriationis
3453 2365 3574 2409 tuae.
3610 2354 3702 2409 27.

2121 2446 2285 2517 (Ιι)Ει
2315 2456 2555 2502 avertam
2578 2444 2884 2515 impietates
2912 2456 3032 2501 tuas
3055 2461 3083 2501 a
3116 2455 3187 2510 te,
3206 2455 3258 2499 et
3280 2445 3703 2500 fornicationem

2121 2546 2271 2591 tuam
2295 2537 2357 2608 (ἰ)
2393 2537 2461 2592 de
2491 2547 2634 2592 terra
2659 2537 2917 2609 Egypti:
2966 2548 3020 2593 et
3066 2554 3171 2593 non
3228 2538 3466 2593 elevabis
3515 2538 3706 2594 oculos

2124 2638 2252 2684 tuos
2282 2644 2447 2700 super
2480 2645 2598 2697 eos,
2648 2640 2703 2685 et
2747 2629 2966 2700 Aﬂgypti
3011 2646 3119 2685 non
3176 2630 3554 2686 recordaberis
3585 2647 3704 2685 am-

2123 2720 2287 2791 plius.
2315 2716 2405 2774 28.
2433 2719 2572 2786 Quia
2614 2722 2726 2775 haec
2748 2721 2880 2776 dicit
2908 2720 3170 2777 Dominus
3222 2720 3516 2776 Dominus:
3563 2721 3708 2777 Ecce

2124 2824 2226 2881 ego
2254 2810 2410 2865 trado
2440 2810 2568 2865 tein
2596 2826 2790 2866 manus
2844 2826 3058 2875 eorum,
3099 2825 3239 2880 quos
3284 2812 3429 2865 ’odio
3456 2812 3647 2878 babes,
3674 2827 3705 2867 a

2123 2903 2328 2971 quibus
2362 2903 2587 2958 recessit
2615 2903 2798 2957 anima
2832 2912 3012 2957 vestra
3041 2903 3108 2957 ab
3133 2904 3233 2958 eis.
3263 2903 3349 2958 29.
3404 2904 3471 2958 Et
3502 2904 3707 2959 facient

2124 2988 2179 3042 in
2210 2998 2260 3043 te
2283 2989 2337 3042 in
2362 2990 2511 3056 odio,
2543 2998 2597 3045 et
2622 2999 2838 3045 sument
2887 3005 3079 3046 omnes
3115 2992 3331 3048 labores
3384 3004 3528 3058 tuos,
3558 3008 3622 3049 +
3653 3002 3709 3049 et

437 3093 491 3138 et
513 3084 1183 3153 eorrupitimpositionem
1210 3101 1365 3140 suam
1394 3085 1518 3155 plus
1533 3101 1695 3155 quam
1714 3101 1798 3149 ea,
1819 3094 1880 3139 et
1914 3083 2022 3139 lor-
2050 3123 2094 3182 ο
2126 3080 2408 3136 molestias
2442 3089 2559 3137 tuas
2592 3081 2612 3148 ζ
2642 3123 2656 3147 ,
2684 3091 2738 3136 et
2762 3081 2871 3136 eris
2901 3083 3065 3147 nuda,
3103 3092 3156 3138 et
3182 3084 3493 3151 ignominia:
3518 3086 3699 3156 plena,

440 3177 767 3233 nicationem
802 3192 953 3231 suam
984 3179 1106 3248 plus
1139 3194 1303 3248 quam
1328 3176 1848 3234 fornicatio‘sororis
1879 3193 2012 3232 suae.

439 3271 528 3325 12.
563 3269 691 3325 Post
726 3269 865 3335 filios
886 3269 1242 3342 Assyriorum
1275 3285 1333 3325 se.
1352 3270 1628 3341 apposuit,
1652 3270 2017 3340 principes,et

2117 3182 2178 3227 et
2205 3173 2529 3228 revelabitur
2556 3173 2852 3243 ignominia
2881 3173 3257 3231 fornicationis
3292 3186 3414 3241 tuae,
3434 3177 3506 3248 (k)
3529 3188 3580 3233 et
3609 3180 3711 3232 im-

2117 3266 2335 3336 pietatis
2358 3275 2579 3320 tuaeaet
2604 3265 2891 3321 fornicatio
2930 3278 3045 3321 tua.
3102 3266 3190 3321 '50.
3254 3270 3380 3323 fecit
3421 3269 3535 3325 haec
3584 3271 3706 3337 tibi,

439 3360 607 3416 duces
641 3362 851 3417 vicinos
878 3362 950 3428 ei,
984 3362 1206 3416 indutos
1247 3361 1325 3431 (ar)
1372 3362 1763 3432 byaciuthinis,
1804 3361 2017 3431 equites
2115 3371 2244 3410 cum
2294 3363 2532 3410 scortata
2562 3369 2622 3409 es
2669 3363 2793 3424 post
2833 3364 3039 3424 gentes,
3071 3365 3125 3408 et
3152 3356 3355 3425 polluta
3398 3372 3456 3412 es
3479 3357 3531 3412 in
3561 3358 3711 3430 cogi-

437 3453 745 3521 equitantes
770 3468 935 3522 super
956 3468 1166 3524 equos:
1206 3452 1578 3508 adolescentes
1616 3453 1773 3506 electi
1803 3466 2017 3507 omnes.

442 3545 529 3599 15.
571 3544 635 3599 Et
658 3546 788 3609 vidi,
822 3546 968 3612 quod
1016 3545 1236 3613 pollutae
1288 3554 1493 3607 essent,
1564 3545 1650 3597 via
1693 3559 1799 3596 una
1842 3543 2022 3597 amba-

442 3652 565 3691 rum
592 3652 606 3687 :
636 3638 719 3690 H.
753 3647 805 3691 et
832 3637 1033 3705 adjecit
1055 3638 1121 3690 ad
1150 3638 1567 3692 fornicationem
1597 3652 1777 3703 suam,
1807 3645 1861 3691 et
1889 3637 2024 3691 vidit

443 3730 591 3787 viros
617 3724 863 3797 depiCtos
892 3742 1053 3797 super
1084 3730 1311 3798 pariete,
1348 3729 2022 3799 imagines‘Clialdaeorum

442 3819 688 3889 depictos
723 3819 797 3888 (ῃ)
825 3819 876 3872 in
906 3818 1066 3888 style,
1110 3819 1199 3872 15.
1234 3819 1509 3876 accinctos
1544 3821 1836 3890 variegatis
1862 3835 2026 3889 super

446 3911 662 3967 lumbos
698 3926 849 3975 suos,
882 3910 955 3981 (ι)
990 3918 1043 3964 et
1076 3911 1204 3980 pilei
1238 3910 1390 3965 tincti
1418 3927 1582 3981 super
1622 3912 1894 3981 capitibus
1933 3918 2028 3966 co-

444 4018 590 4066 rum,
627 4003 701 4073 (α)
730 4001 895 4057 facies
931 4002 1119 4072 triplex
1144 4002 1421 4065 omnium,
1455 3996 1753 4057 similitudo
1793 3992 2026 4056 filiorum

2119 3447 2420 3502 tationibus
2446 3462 2655 3503 earum.
2693 3448 2789 3501 51.
2822 3446 2881 3500 1η
2909 3448 2991 3501 via
3024 3449 3234 3503 sororis
3263 3458 3365 3503 tua:
3388 3451 3707 3516 ambulasti,

2120 3547 2176 3593 et
2205 3538 2347 3592 dabo
2375 3539 2599 3594 calicem
2630 3539 2749 3608 ejus
2782 3540 2834 3592 in
2865 3555 3065 3595 manus
3096 3549 3242 3595 tuas.
3282 3542 3369 3596 52.
3418 3542 3544 3599 Ilaec
3583 3546 3713 3600 dicit

2124 3629 2390 3686 Dominus
2413 3629 2717 3687 Dominus:
2754 3632 2991 3685 Calicem
3048 3634 3253 3688 sororis
3308 3643 3414 3689 tum
3446 3636 3619 3699 bibes,
3646 3635 3709 3706 (ι)

2123 3723 2475 3792 profundum,
2508 3731 2562 3777 et
2608 3724 2808 3786 latum,
2844 3727 2912 3791 Χ
2939 3734 2992 3778 et
3032 3725 3135 3779 erit
3185 3725 3239 3779 in
3280 3727 3543 3792 derisum,
3570 3736 3623 3783 et
3653 3728 3708 3781 in

2127 3812 2425 3866 ludibrium
2462 3813 2509 3881 ζ,
2545 3812 2913 3867 abundantem
2953 3812 3019 3866 ad
3040 3815 3421 3883 complendum
3476 3817 3711 3871 ebrieta-

2123 3904 2369 3967 tem,~'53.
2388 3913 2443 3958 et
2463 3904 2825 3959 dissolutione
2844 3906 3175 3975 repleberis:
3198 3906 3419 3961 calicem
3440 3911 3507 3977 >ξ<
3521 3924 3712 3963 corru-

2124 3997 2413 4068 ptionis,et
2434 4000 2454 4066 ζ
2476 3999 2649 4062 exitii,
2667 3999 2890 4054 calicem
2908 4002 3113 4056 sororis
3130 4010 3233 4055 tuae
3254 4000 3537 4068 Samariae,
3553 4004 3640 4058 54.
3657 4015 3711 4058 et

446 4088 758 4159 Babylonis,
789 4098 944 4143 terra:
968 4090 1369 4156 Chaldaeorum,
1406 4092 1644 4161 regionis
1682 4092 1823 4161 ejus.
1846 4092 1931 4147 16.
1966 4092 2030 4147 Et
2131 4087 2283 4143 bibes
2307 4104 2455 4156 eum,
2478 4091 2544 4158 )t(
2566 4090 2905 4159 etexprimes
2926 4108 3049 4147 eum
3088 4093 3133 4162 ζ,
3167 4093 3259 4163 (m)
3287 4106 3339 4147 et
3363 4092 3708 4159 festivitates.

445 4196 505 4235 se
532 4183 714 4251 posuit
753 4192 875 4251 post
904 4198 998 4237 eos
1028 4184 1081 4237 in
1118 4182 1378 4254 adspectu
1429 4186 1715 4240 oculorum
1758 4200 2026 4240 suorum:

2131 4187 2185 4233 et
2203 4179 2477 4233 novilunia
2495 4179 2617 4249 ejus
2640 4180 3052 4249 avertam;‘qnia
3074 4196 3173 4251 ego
3195 4183 3405 4235 locutus
3428 4183 3710 4249 sum,dicit

445 4280 499 4324 et
525 4272 907 4339 misitnuntios
928 4273 993 4327 ad
1014 4290 1107 4328 eos
1131 4274 1183 4327 in
1203 4283 1403 4329 terram
1424 4274 1829 4331 Chaldaeorum.
1854 4276 1943 4330 17.
1965 4276 2032 4330 Ει
2132 4272 2343 4327 Adonai
2367 4270 2647 4327 Dominus.
2671 4272 2760 4328 '55.
2793 4271 3021 4341 Propter
3055 4274 3156 4328 boc
3190 4275 3304 4330 haec
3335 4276 3468 4329 dicit
3492 4276 3707 4329 Adonai

447 4372 711 4429 venerunt
745 4362 810 4417 ad
844 4378 963 4417 eam
1021 4363 1115 4417 filii
1148 4364 1467 4435 Babylonis,
1504 4364 1571 4418 ad
1605 4364 1787 4419 cubile
1845 4365 2029 4420 diver-

2136 4361 2429 4417 Dominus:
2453 4360 2563 4415 Pro
2578 4376 2644 4416 eo
2660 4362 2805 4431 quod
2832 4362 2999 4417 oblita
3027 4377 3085 4417 es
3105 4363 3231 4430 mei,
3265 4362 3603 4432 etprojecisti
3624 4379 3709 4417 me

447 4454 695 4518 tentium,
722 4462 774 4509 et
800 4453 1113 4524 polluebant
1149 4471 1270 4509 eam
1304 4456 1358 4509 in
1392 4454 1753 4511 fornicatione
1786 4457 1926 4527 ejus,
1950 4457 2023 4528 (ὁ)
2136 4464 2259 4525 post
2290 4460 2488 4523 corpus
2517 4455 2688 4520 tu'um,
2716 4465 2771 4508 et
2800 4461 2856 4508 tu
2882 4454 2959 4525 (η)
2985 4456 3511 4525 accipeimpietatem
3534 4464 3706 4521 tuam,

445 4555 500 4601 et
529 4546 730 4617 polluta
766 4555 851 4601 est
877 4547 929 4600 in
961 4547 1061 4608 eis,
1094 4554 1151 4599 et
1194 4544 1420 4601 recessit
1446 4546 1627 4602 anima
1655 4548 1777 4617 ejus
1799 4550 1868 4603 ab
1896 4548 2019 4603 illis.

448 4638 535 4693 18.
570 4637 636 4692 Et
663 4639 858 4694 retexit
886 4638 1294 4692 fornicationem
1321 4654 1500 4703 suam,
1542 4648 1596 4694 et
1626 4641 1824 4694 retexit
1853 4642 2026 4710 pudo—

448 4745 584 4786 rem.
621 4729 687 4784 Et
721 4729 947 4785 recessit
976 4729 1156 4783 anima
1188 4744 1307 4784 mea
1337 4729 1408 4784 ab
1436 4745 1525 4795 ea,
1558 4732 2022 4800 quemadmodum

448 4822 877 4897 recessitanima
914 4836 1034 4877 mea
1068 4837 1098 4874 a
1124 4836 1310 4876 sorore
1346 4822 1486 4891 ejus.
1522 4820 1611 4877 19.
1653 4823 1721 4878 Et
1758 4824 2026 4894 multipli-
2066 4870 2067 4873 η

448 4914 585 4970 casti
617 4914 1027 4970 fornicationem
1059 4924 1229 4987 tuam,
1272 4914 1344 4982 (c)
1376 4914 1442 4968 ad
1478 4913 1875 4970 recordandum
1906 4915 2023 4970 dies

449 5004 830 5060 adolescentiae
855 5016 982 5071 tuae,
1012 5005 1065 5059 in
1095 5004 1293 5075 quibus
1312 5003 1575 5058 fornicata
1589 5018 1648 5059 es
1671 5005 1726 5058 in
1752 5003 1988 5075 Egypto
2012 5024 2024 5058 :

636 5114 719 5179 S.,
755 5125 808 5172 et
835 5116 907 5171 ibi
936 5116 1314 5197 adoleverunt.
1394 5114 1476 5197 (q)_
1509 5114 1592 5182 8.,
1616 5125 1678 5197 et
1702 5131 1761 5197 se
1783 5116 2007 5197 eﬂ‘udit.

2124 5117 2327 5197 )“Ejus.
2363 5185 2374 5197 l
2412 5114 2494 5197 ‘(sl
2519 5115 2604 5179 8.,
2646 5117 2770 5197 ᾌἸιη
2798 5118 3044 5197 virgines
3066 5118 3207 5197 ejus.

1190 5188 1530 5256 compositis.
1610 5188 1685 5257 (υ)
1720 5186 1805 5253 8.,
1862 5188 1916 5241 in
1976 5186 2273 5247 coloribus.

452 5186 539 5254 (ιι)
566 5187 850 5257 Fecerunt.
928 5188 1005 5257 (π)
1045 5186 1130 5251 8.,

475 5258 527 5325 a)
573 5256 653 5323 8.,

718 5259 1010 5328 adspectus
1048 5267 1326 5312 ternorum
1364 5266 1652 5312 slatorum.

1786 5259 1858 5328 (ὁ)
1899 5258 1983 5322 8.,
2016 5272 2071 5316 et
2101 5261 2355 5328 decerpta
2391 5266 2492 5312 est.
2542 5319 2545 5323 ,

473 5328 531 5394 d)
564 5327 646 5393 8.,
681 5336 735 5384 et
760 5336 809 5382 te
824 5326 1145 5384 eﬂ'undebas
1172 5328 1236 5381 ad
1266 5343 1429 5396 opera
1460 5343 1673 5382 eorum.
1708 5326 1912 5392 T/i.,'et
1949 5347 2011 5385 su

2120 5331 2239 5385 liisti
2268 5326 2440 5397 super
2469 5326 2682 5382 electos
2702 5326 2917 5383 eorum.

479 5398 521 5467 Γ)
548 5397 638 5469 8.,
667 5397 1475 5469 quandocumqueadoleverint
1499 5399 1566 5454 de
1594 5397 1830 5469 Egypto
1870 5402 2116 5457 nutrices
2146 5411 2270 5456 tuae.

2131 4554 2187 4602 et
2226 4545 2643 4600 fornicationem
2698 4556 2873 4601 tuam.
2933 4546 3021 4601 56.
3077 4546 3142 4600 Et
3179 4547 3314 4601 dixit
3355 4545 3621 4603 Dominus
3642 4550 3709 4604 ad

2134 4655 2261 4694 me:
2294 4639 2395 4693 Fili
2421 4638 2680 4701 hominis,
2707 4638 2779 4708 (ο)
2813 4639 2859 4693 si
2883 4638 3156 4708 judicabis
3186 4639 3415 4696 Oholam
3449 4651 3503 4696 et
3527 4642 3712 4696 Obeli-

2136 4726 2284 4790 bam,
2327 4734 2382 4781 et
2441 4725 2790 4781 annuntiabis
2842 4726 2921 4782 eis
2971 4722 3287 4798 iniquitates
3342 4746 3573 4795 earum;
3621 4731 3709 4785 57.

2136 4818 2264 4889 quia
2298 4817 2741 4883 mmchabantnr,
2766 4828 2831 4874 et
2856 4820 3080 4890 sanguis
3117 4820 3170 4874 in
3213 4821 3467 4877 manibus
3501 4838 3710 4890 earum,

2131 4912 2207 4983 (ρ)
2238 4920 2293 4966 et
2340 4909 2693 4981 cogitationes
2745 4926 2931 4965 earnm
2993 4911 3425 4977 mrecb‘abantur,
3478 4922 3532 4968 et
3574 4913 3713 4968 ﬁlios

2134 5019 2290 5069 suos,
2326 5017 2467 5073 quos
2494 5013 2821 5073 pepererunt
2840 4998 2993 5068 mihi,
3015 5004 3371 5060 traducebant
3392 5021 3485 5076 per
3510 5006 3710 5076 ignem,

3326 5119 3389 5189 (ι)
3416 5119 3709 5176 Pudorem.

2358 5185 2431 5256 (π)
2457 5186 2537 5252 8.,
2592 5188 2856 5242 velamen.
2893 5185 3024 5254 'T/i.,
3073 5185 3128 5243 et
3168 5185 3380 5245 cidares
3411 5190 3705 5245 inclinatae.

2624 5259 2692 5328 (c)
2724 5258 2807 5323 8.,
2845 5275 2940 5327 per
2989 5259 3062 5347 i'd‘
3097 5262 3261 5347 (quod
3296 5262 3581 5347 recordata
3609 5262 3707 5317 sis.

2372 5342 2440 5381 ier
2469 5328 2673 5382 electos
2702 5344 2917 5383 eorum.
2997 5328 3064 5398 (ε)
3088 5328 3175 5394 8.,
3214 5330 3709 5387 abominationem.

2372 5397 2446 5468 (g)
2482 5398 2826 5469 Consument
2858 5399 2910 5453 in
2946 5400 3091 5469 igne.
3169 5402 3246 5469 (Ιι)
3277 5398 3365 5464 8.,
3402 5410 3458 5455 et
3487 5416 3711 5456 cessare

478 5468 649 5523 aciam
686 5467 1354 5543 ’abominati‘oi‘icm‘tuam
1392 5485 1421 5522 a
1454 5477 1524 5543 te.
1586 5467 1775 5543 Δ(ἰ)“8.,
1808 5486 1950 5536 eam,
1982 5488 2106 5543 quae
2128 5472 2195 5525 de
2217 5467 2406 5543 terra.
2468 5468 2540 5537 (Α)
2569 5467 2649 5543 8.,
2680 5477 2734 5523 et
2774 5467 3109 5524 abominatio
3164 5467 3277 5535 tua,
3305 5479 3366 5543 et
3421 5471 3711 5543 fornicatio

456 5548 547 5612 tua
569 5557 590 5612 Δτ
619 5549 781 5594 erunt
818 5541 931 5594 haec
964 5539 1079 5593 tibi.
1160 5538 1219 5612 (ι)
1255 5537 1340 5603 8.,
1368 5537 1660 5612 profunda,
1684 5550 1738 5596 et
1762 5537 2028 5612 spatiosa,
2067 5542 2179 5597 eris
2214 5540 2270 5594 in
2304 5542 2497 5612 risum,
2529 5548 2583 5593 et
2606 5542 2656 5612 in
2685 5555 3014 5612 sermonem,
3047 5554 3169 5610 qua!
3199 5541 3406 5597 multos
3427 5542 3701 5596 contines.

454 5606 751 5673 Ebrietate,
783 5618 838 5662 et
871 5625 976 5663 non
1030 5610 1311 5663 curatione
1345 5606 1659 5678 repleberis.

458 5678 627 5744 labis;
688 5679 816 5747 quia
874 5694 975 5745 ego
1032 5679 1246 5732 locutus
1278 5695 1418 5734 sum.

454 5763 553 5804 sua
594 5748 1026 5804 mccbabantur.

1526 5682 1602 5751 (η)
1637 5680 1719 5746 8.,
1756 5680 1911 5751 porta
1950 5680 2412 5738 abominationem
2436 5688 2620 5757 tuam.

1769 5610 1863 5682 (in)
1895 5611 1979 5676 8.,
2019 5621 2074 5666 et
2114 5620 2283 5682 testas
2308 5610 2426 5679 ejus
2465 5610 2739 5674 comedes,
2766 5611 2909 5682 sicut
2932 5626 3077 5677 ossa,
3108 5620 3162 5666 et
3194 5611 3360 5682 ubera
3414 5622 3515 5682 tua,
3555 5611 3708 5680 depi-

2716 5681 2792 5751 (ο)
2818 5679 3027 5741 Nonne.
3142 5681 3217 5752 (ρ)
3246 5678 3333 5755 5.,
3369 5690 3424 5741 et
3454 5681 3522 5740 ad
3566 5678 3711 5739 iouia
