4078 6312
467 391 610 451 2727

1520 391 1747 449 CODEX
1792 389 2588 448 SYRIACO-HEXAPLARIS.

3567 384 3708 440 2723

469 507 524 565 in
564 508 828 578 injustitia
867 516 1045 564 vestra
1080 509 1142 580 (ἱ)
1191 507 1266 580 (ι)
1313 519 1366 565 et
1413 509 1833 565 consolabimini
1864 523 2035 564 unus-

2141 505 2432 563 ldumteam
2469 507 2523 562 in
2558 521 2722 561 manu
2757 507 2940 578 populi
2983 505 3089 561 mei
3116 503 3331 560 lsraelis
3369 520 3380 555 :
3416 509 3472 555 et
3509 499 3712 558 facient

466 598 704 669 quisque
745 596 962 651 fratrem
1006 611 1191 652 suum.
1237 597 1328 652 24.
1371 596 1437 652 Ει
1474 597 1577 652 erit
1604 595 1847 650 llezeciel
1886 592 2039 648 vobis

467 690 520 744 in
552 697 862 758 portentum
889 707 903 744 :
927 689 1224 744 secundum
1251 690 1456 755 omnia,
1477 704 1596 758 qua:
1621 686 1770 751 fecit,
1805 683 2042 749 facietis,

465 797 590 836 cum
642 781 891 836 venerint
945 782 1080 846 haec,
1130 791 1184 836 et
1221 782 1583 851 cognoscetis,
1637 782 1894 850 quoniam
1938 793 2040 851 ego

469 872 676 926 Adonai
707 872 996 928 Dominus.
1031 872 1120 926 25’.
1153 872 1224 926 Et
1247 880 1326 937 tu,
1362 873 1440 926 ﬁli
1469 873 1731 940 hominis,
1768 887 1950 928 nonne
1983 873 2038 927 in

466 962 573 1025 die,
620 965 839 1034 quando
883 978 1132 1018 sumsero
1180 965 1344 1020 robur
1366 966 1434 1032 >κ
1463 980 1654 1019 eorum
1689 966 1712 1034 1
1744 964 1811 1018 ab
1842 964 1942 1029 eis,
1986 974 2041 1020 et

466 1054 756 1109 elationem
805 1053 1146 1125 gloriationis
1173 1068 1386 1119 eorum,
1429 1054 1810 1110 desiderabilia
1854 1054 2040 1110 oculo—

465 1159 589 1198 rum
652 1161 867 1210 eorum,
918 1152 975 1200 et
1030 1145 1320 1200 elationem
1373 1145 1566 1200 animae
1619 1161 1832 1209 eorum,
1897 1146 2039 1202 ﬁlios

465 1247 680 1296 eorum,
727 1243 781 1288 et
827 1233 967 1290 ﬁlias
1001 1249 1215 1300 eorum,
1245 1234 1335 1290 26.
1369 1235 1422 1291 in
1462 1236 1552 1291 die
1584 1236 1680 1292 illo
1711 1237 1906 1302 veniet,
1943 1238 2037 1308 qui

467 1326 652 1380 salvus
678 1324 854 1382 factus
883 1325 1064 1391 fuerit,
1113 1328 1180 1382 ad
1227 1335 1298 1394 te,
1351 1335 1412 1382 ut
1460 1327 1606 1384 dicat
1635 1329 1730 1384 tibi
1771 1329 1826 1383 in
1876 1344 2039 1386 aures

467 1416 629 1470 tuas?
656 1414 744 1469 27.
778 1414 835 1470 1η
865 1418 953 1474 die
978 1419 1072 1475 illo
1095 1420 1368 1489 aperietur
1396 1435 1459 1475 os
1489 1429 1641 1475 tuum
1675 1422 1742 1477 ad
1767 1437 1910 1488 eum,
1943 1422 2039 1492 qui

465 1506 650 1562 salvus
691 1506 868 1566 factus
901 1509 1083 1576 fuerit,
1129 1520 1185 1566 et
1234 1510 1498 1582 loqueris,
1551 1528 1652 1569 nec
1695 1513 2040 1570 obmutesces

466 1598 719 1668 amplius,
773 1611 826 1656 et
853 1602 965 1659 eris
1011 1603 1091 1659 eis
1131 1604 1185 1660 in
1230 1613 1561 1676 portentum,
1595 1615 1650 1662 et
1687 1616 2036 1678 cognoscent,

466 1689 724 1758 quoniam
759 1708 860 1762 ego
900 1693 1181 1752 Dominus.

536 1777 688 1834 CAP.
721 1781 1048 1838 XXV.--l.
1069 1783 1244 1855 Super
1267 1786 1409 1842 ﬁlios
1439 1787 1694 1842 Ammon.
1741 1789 1807 1842 Et
1833 1787 2033 1843 factum

467 1877 550 1923 est
575 1871 799 1926 verbum
848 1872 1064 1930 Domini
1107 1852 1176 1931 ad
1223 1893 1330 1945 me,
1369 1879 1558 1936 dicens
1592 1897 1605 1934 :
1636 1880 1692 1933 2.
1729 1879 1830 1934 Fili
1859 1880 2037 1935 homi-
2067 1852 2109 1906 Β

469 1960 576 2024 nis,
604 1961 831 2018 obﬁrma
864 1964 1057 2021 faciem
1103 1977 1249 2023 tuam
1281 1984 1446 2039 super
1488 1970 1630 2026 ﬁlios
1674 1973 1929 2039 Ammon,
1984 1981 2040 2026 et

467 2049 730 2118 prapheta
776 2069 941 2123 super
981 2070 1110 2122 eos,
1169 2057 1223 2111 5.
1280 2067 1335 2114 et
1380 2061 1531 2116 dices
1573 2061 1699 2118 ﬁliis
1752 2064 2035 2117 Ammon:

464 2138 664 2195 Audite
703 2143 929 2200 verbum
961 2147 1172 2203 Adonai
1203 2148 1416 2206 Domini
1451 2171 1465 2206 :
1502 2153 1618 2208 haec
1657 2155 1791 2211 dicit
1826 2155 2036 2210 Adonai

465 2229 732 2289 Dominus
759 2235 853 2305 (1):
885 2236 992 2292 Pro
1019 2253 1086 2294 eo
1109 2241 1256 2309 quod
1284 2242 1457 2310 gavisi
1486 2245 1620 2300 estis
1649 2261 1812 2316 super
1837 2248 2036 2303 Sancta

463 2337 606 2391 mea,
639 2326 785 2395 quod
817 2328 1103 2398 profanata
1156 2342 1305 2396 sunt,
1339 2343 1393 2390 et
1435 2350 1599 2406 super
1628 2345 1828 2394 terram
1859 2340 2037 2398 lsrac-

465 2412 555 2479 lis,
579 2417 724 2485 quod
747 2418 990 2475 desolata
1019 2431 1124 2488 est,
1159 2433 1213 2478 et
1245 2440 1411 2496 super
1438 2428 1657 2483 domum
1687 2427 1860 2495 Judm,
1890 2433 2037 2502 quod

465 2505 716 2562 abierunt
759 2509 812 2564 in
852 2513 1193 2583 captivitate;
1243 2516 1298 2570 4.
1340 2530 1562 2589 prepter
1611 2520 1716 2575 boc
1763 2538 1889 2578 ecce
1935 2540 2036 2593 ego

466 2599 624 2653 trado
650 2615 746 2656 vos
781 2603 882 2672 (ηι)Δ
918 2606 1044 2663 ﬁliis
1075 2609 1275 2666 Cedem
1315 2612 1368 2666 in
1408 2613 1800 2685 haereditatem,
1854 2628 1908 2674 et
1938 2634 2035 2674 ca-

465 2693 941 2751 strametabuntur
966 2698 1020 2752 in
1057 2702 1393 2770 supellectile
1427 2720 1526 2762 sua
1561 2706 1616 2761 in
1643 2716 1714 2774 te,
1742 2718 1798 2764 et
1830 2709 2037 2766 dabunt

462 2782 520 2836 in
556 2792 608 2839 te
655 2785 888 2842 tentoria
937 2803 1036 2842 sua
1071 2807 1086 2846 :
1121 2792 1212 2847 isti
1251 2797 1537 2853 comedent
1567 2798 1782 2857 fruetus
1809 2811 1953 2869 tuos,
1983 2816 2036 2860 et

464 2873 557 2930 isti
586 2874 771 2931 bibent
797 2877 1009 2948 adipem
1037 2890 1206 2937 tuam.
1237 2884 1290 2938 5.
1325 2884 1390 2941 Et
1421 2888 1562 2944 dabo
1590 2891 1777 2946 urbem
1801 2894 2032 2950 Ammon

463 2967 517 3020 in
544 2983 807 3038 pascuum
830 2973 1188 3039 camelorum,
1210 2986 1262 3032 et
1277 2978 1415 3035 ﬁlios
1445 2979 1678 3036 Ammon
1700 2983 1754 3037 in
1771 3000 2032 3053 pascuum

461 3065 672 3124 ovium,
713 3069 766 3116 et
799 3065 1160 3133 cognoscetis,
1202 3068 1328 3136 quia
1375 3085 1476 3139 ego
1503 3070 1712 3127 Adonai
1746 3074 2030 3130 Dominus.

460 3149 514 3205 6.
548 3149 685 3218 Quia
718 3153 834 3208 haec
879 3154 1010 3208 dicit
1054 3155 1266 3210 Adonai
1295 3157 1558 3217 Dominus
1591 3180 1604 3216 :
1638 3161 1744 3217 Pro
1789 3179 1856 3218 eo
1888 3167 2031 3234 quod
2061 3174 2106 3236 ο
2140 3156 2190 3212 7-
2251 3155 2389 3222 Quia
2448 3157 2564 3208 hinc
2607 3153 2739 3208 die“
2798 3151 3004 3205 Αίίοηθί
3066 3149 3327 3204 nummus
3375 3166 3390 3202 ³

458 3243 710 3311 plausisti
744 3260 908 3299 manu
935 3256 1045 3313 tua,
1076 3256 1130 3301 et
1163 3250 1442 3318 strepuisti
1474 3252 1609 3320 pede
1632 3263 1745 3317 tuo,
1777 3263 1830 3310 et
1851 3255 2036 3324 gavisa

461 3349 523 3389 es
556 3350 622 3390 ex
646 3336 830 3392 anima
859 3345 951 3392 tua
982 3354 1150 3410 super
1182 3350 1383 3396 terram
1411 3341 1631 3400 lsraelis
1657 3363 1670 3412 ;
1721 3347 1772 3400 7.
1811 3358 2035 3418 propter

459 3425 565 3480 hoc
586 3429 800 3494 Xecce
827 3445 926 3499 ego
955 3430 975 3497 1
1004 3434 1290 3486 extendam
1319 3448 1540 3488 manum
1568 3451 1740 3491 meam
1773 3453 1936 3508 super
1961 3451 2032 3506 te,

459 3521 514 3568 et
550 3513 694 3570 dabo
725 3525 776 3570 te
805 3517 858 3569 in
889 3518 1247 3586 direptionem
1289 3520 1342 3574 in
1371 3523 1645 3590 gentibus,
1675 3532 1730 3578 et
1755 3525 1946 3580 delebo
1986 3537 2038 3582 te

459 3621 526 3660 ex
558 3609 798 3677 populis,
835 3619 890 3663 et
923 3610 1145 3678 perdam
1186 3617 1240 3665 te
1285 3627 1316 3666 e
1361 3613 1678 3682 regionibus
1709 3617 2034 3685 perditione,

459 3707 516 3752 et
551 3699 914 3763 cognoscetis,
959 3701 1089 3769 quia
1121 3715 1220 3770 ego
1264 3700 1550 3759 Dominus.
1584 3705 1639 3761 8.
1678 3704 1852 3775 Super
1881 3707 2036 3764 Moab

459 3791 516 3837 et
557 3784 698 3838 Seir.
738 3781 862 3839 llaec
889 3785 1021 3842 dicit
1055 3787 1260 3842 Adonai
1297 3788 1560 3848 Dominus
1591 3807 1607 3845 :
1636 3792 1744 3850 Pro
1780 3810 1845 3850 eo
1888 3799 2036 3866 quod

457 3873 596 3928 dixit
652 3871 832 3937 Moab,
879 3878 947 3945 >θ<
993 3887 1044 3932 et
1089 3876 1210 3932 Seir
1241 3878 1310 3946 1:
1362 3879 1525 3949 Ecce,
1576 3886 2034 3954 quemadmodum

457 3976 650 4018 omnes
675 3974 881 4034 gentes,
909 3967 1102 4021 domus
1123 3982 1187 4024 -ι-
1210 3967 1424 4026 Israelis
1459 3981 1514 4026 et
1537 3971 1705 4031 Iudae.
1739 3976 1790 4030 9.
1811 3976 2036 4049 Propter

457 4054 562 4110 hoc
592 4071 718 4112 ecce
751 4072 850 4126 ego
878 4057 1118 4114 dissolvo
1167 4061 1456 4118 humerum
1496 4064 1652 4121 Moab
1689 4084 1755 4124 ex
1807 4070 2034 4127 urbibus

454 4158 826 4203 extremarum
878 4150 1226 4208 altitudinum
1297 4154 1436 4224 ejus.
1504 4167 1703 4213 terram
1765 4161 2032 4230 electam,

455 4239 680 4294 domum
728 4239 861 4296 Betb
909 4244 1161 4300 Asimutli
1212 4263 1378 4318 super
1435 4247 1642 4305 fontem
1683 4252 1856 4316 urbis,
1910 4272 2035 4326 qua:

454 4332 598 4400 apud
628 4348 778 4387 mare
809 4352 822 4388 :
851 4334 936 4389 10.
981 4336 1120 4392 ﬁlios
1160 4336 1360 4395 Cedem
1411 4355 1576 4411 super
1610 4344 1749 4401 ﬁlios
1795 4347 2032 4404 Ammon

2141 600 2194 652 in
2244 598 2477 654 ldumaa
2526 599 2679 669 juxta
2736 599 2876 654 iram
2925 613 3123 663 meam,
3167 605 3221 651 et
3261 595 3418 664 juxta
3467 591 3710 647 furorem

2139 705 2342 754 meum,
2374 698 2429 744 et
2453 698 2785 762 cognoscent
2812 690 3073 744 ultionem
3104 702 3304 752 meam,
3327 685 3464 740 dicit
3500 683 3714 739 Adonai

2139 777 2424 835 Dominus.
2473 780 2558 834 15.
2595 779 2769 847 Super
2801 780 3154 850 alienigenas.
3182 777 3411 847 Propter
3450 777 3559 832 hoc
3597 776 3718 830 haec

2138 868 2273 923 dicit
2309 869 2521 925 Adonai
2545 869 2810 926 Dominus
2845 887 2858 924 :
2890 868 2996 923 Pro
3033 883 3100 923 eo
3127 868 3271 936 quod
3297 867 3540 922 fecerunt
3575 866 3713 919 alie-

2139 960 2349 1031 nigenae
2370 962 2422 1016 in
2450 961 2676 1028 ultione,
2701 969 2758 1016 et
2777 961 3086 1015 excitarunt
3107 959 3386 1021 ultionem,
3412 956 3720 1027 gaudentes

2107 1068 2200 1112 ,ex
2233 1054 2438 1119 anima,
2492 1053 2566 1124 (ο)
2620 1061 2680 1107 ut
2722 1053 2963 1106 delerent
2992 1064 3165 1120 usque
3192 1049 3244 1102 in
3275 1057 3576 1112 attentum;
3624 1045 3713 1099 16.

2138 1155 2354 1215 propter
2381 1146 2484 1201 hoc
2512 1146 2627 1200 haec
2659 1144 2792 1200 dicit
2819 1141 3031 1198 Adonai
3080 1140 3344 1196 Dominus
3380 1156 3394 1193 :
3431 1137 3571 1192 Ecce
3613 1153 3720 1208 ego

2139 1236 2372 1291 extendo
2404 1251 2627 1290 manum
2653 1249 2829 1290 meam
2879 1248 3044 1302 super
3087 1231 3444 1300 alienigenas,
3478 1237 3534 1283 et
3576 1242 3717 1296 pes-

2140 1327 2394 1382 sundabo
2422 1326 2498 1396 (p)
2533 1325 2840 1391 Cretenses,
2864 1332 2919 1379 et
2952 1323 3170 1394 perdam
3204 1319 3531 1390 reliquos-t-
3555 1318 3716 1373 babi—

2139 1426 2316 1474 tantes
2346 1417 2368 1485 1
2397 1432 2562 1487 super
2603 1431 2703 1473 ora
2758 1416 2991 1471 marina.
3033 1413 3120 1468 l7.
3165 1411 3232 1467 Et
3269 1410 3466 1467 faciam
3522 1411 3574 1466 in
3634 1410 3727 1466 eis

2141 1509 2374 1565 ultiones
2403 1507 2792 1580 magnainn
2823 1503 3300 1575 redargutionibus
3331 1501 3535 1558 furoris
3563 1503 3586 1570 1
3616 1541 3632 1566 ,
3663 1513 3721 1555 et

2140 1609 2487 1673 cognoscent,
2516 1599 2643 1671 quia
2671 1615 2772 1670 ego
2795 1597 3009 1654 Adonai
3034 1595 3318 1660 Dominus,
3353 1609 3477 1649 cum
3512 1592 3726 1649 dedero

2141 1693 2402 1748 ultionem
2437 1707 2613 1746 meam
2643 1706 2805 1762 super
2825 1705 2942 1745 eos.

2209 1785 2363 1840 CAP.
2413 1782 2760 1838 XXV/L—i.
2808 1779 2984 1852 Super
3025 1779 3249 1852 Tyrum.
3295 1779 3362 1832 Et
3396 1774 3598 1830 factum
3633 1784 3721 1830 est

2140 1878 2195 1932 in
2224 1891 2370 1932 anno
2398 1875 2708 1940 undecimo,
2741 1889 2848 1928 uno
2877 1873 3103 1938 mensis,
3153 1869 3355 1926 factum
3383 1876 3466 1924 est
3491 1867 3720 1922 verbum

2141 1970 2355 2024 Domini
2402 1970 2468 2023 ad
2515 1983 2624 2032 me,
2672 1967 2861 2022 dicens
2895 1983 2908 2019 :
2938 1964 2994 2019 2.
3043 1963 3148 2018 Fili
3195 1961 3478 2018 hominis:
3510 1974 3609 2030 pro
3652 1974 3720 2014 eo

2139 2064 2284 2132 quod
2315 2063 2452 2117 dixit
2481 2061 2656 2132 Tyrus
2689 2075 2852 2129 super
2871 2057 3173 2114 Jerusalem
3212 2074 3226 2109 :
3259 2055 3366 2117 Ah,
3400 2053 3558 2118 bene,
3584 2066 3720 2106 con-

2139 2157 2312 2212 fracta
2335 2166 2437 2222 est,
2468 2157 2648 2226 periit,
2681 2164 2872 2226 gentes
2897 2167 3178 2207 conversae
3199 2158 3328 2204 sunt
3359 2148 3425 2202 ad
3454 2162 3560 2211 me,
3594 2162 3725 2214 qua:

2139 2249 2318 2317 plena,
2345 2247 2560 2302 deserta
2583 2255 2661 2300 est
2688 2261 2703 2312 ;
2735 2245 2790 2300 5.
2817 2254 3040 2314 propter
3068 2242 3172 2297 hoc
3201 2241 3317 2295 inec
3345 2237 3476 2293 dicit
3503 2237 3717 2292 Adonai

2140 2342 2406 2399 Dominus
2435 2361 2448 2395 :
2482 2342 2550 2408 >ε<
2576 2337 2715 2393 Ecce
2743 2351 2845 2407 ego
2873 2336 2898 2404 1
2929 2350 3094 2405 super
3133 2345 3205 2398 te,
3238 2333 3398 2405 Tyro,
3440 2342 3495 2387 et
3521 2347 3718 2386 ascen-

2137 2435 2265 2491 dere
2299 2433 2496 2488 faciam
2525 2446 2691 2501 super
2725 2437 2777 2484 te
2816 2435 3004 2499 gentes
3041 2425 3262 2491 multas,
3297 2425 3440 2480 sicut
3469 2424 3718 2479 ascendit

2137 2537 2288 2576 mare
2316 2522 2370 2576 in
2398 2519 2655 2574 [luctibus
2677 2517 2813 2574 suis.
2856 2517 2910 2572 4.
2953 2514 3021 2571 Et
3057 2514 3312 2584 dcjicient
3345 2527 3538 2567 muros
3563 2510 3726 2582 Tyri,

2135 2622 2190 2667 et
2218 2611 2475 2682 dejicieut
2505 2618 2683 2663 turres
2715 2617 2837 2662 tuas
2868 2625 2881 2660 :
2916 2615 2970 2660 et
2993 2603 3269 2658 ventilabo
3293 2600 3570 2670 pulverem
3597 2599 3720 2668 ejus

2135 2705 2205 2760 de
2234 2718 2322 2768 ea,
2361 2711 2415 2758 et
2440 2702 2581 2756 dabo
2605 2715 2726 2755 eam
2761 2699 2816 2752 in
2845 2706 3060 2767 petram
3095 2695 3305 2750 laevent.
3341 2692 3392 2747 5.
3443 2689 3721 2760 Expansio

2139 2796 2334 2852 retium
2373 2795 2477 2850 erit
2506 2794 2559 2848 in
2585 2792 2764 2847 medio
2799 2789 3000 2853 maris;
3042 2787 3170 2858 quia
3200 2799 3303 2856 ego
3323 2785 3538 2839 locutus
3569 2797 3714 2845 sum,

2135 2885 2268 2941 dicit
2308 2884 2574 2939 Dominus
2631 2880 2898 2936 Dominus
2938 2896 2952 2932 :
2986 2887 3040 2932 et
3085 2877 3191 2932 erit
3249 2876 3302 2930 in
3354 2872 3714 2942 direptionem

2135 2976 2386 3047 gentibus
2417 2993 2433 3030 :
2465 2973 2516 3028 6.
2546 2976 2612 3040 >εί
2636 2982 2690 3028 et
2715 2973 2838 3026 ﬁliae
2869 2970 2990 3040 ejus
3033 2971 3116 3024 hac
3161 2969 3208 3038 1,
3262 2981 3384 3036 quae
3411 2966 3462 3020 in
3496 2978 3715 3031 campo,

2135 3069 2316 3139 gladio
2362 3067 2696 3128 occidentnr,
2765 3073 2817 3118 et
2859 3062 3066 3127 scient,
3119 3060 3247 3130 quia
3287 3074 3387 3129 ego
3431 3056 3714 3110 Dominus.

3435 3161 3561 3202 ecce
3615 3162 3717 3214 ego

2139 3247 2350 3302 adduco
2392 3261 2556 3315 super
2598 3254 2668 3310 te,
2710 3243 2871 3315 Tyro,
2899 3241 3495 3296 Nabucliodonosorem
3533 3253 3713 3308 regem

2139 3337 2431 3408 Babylonis
2465 3337 2534 3390 ab
2563 3336 2838 3406 aquilone,
2873 3349 2965 3388 rex
3007 3348 3191 3402 regum
3233 3340 3336 3397 est,
3365 3346 3489 3386 cum
3535 3331 3712 3399 cquis.

2138 3439 2192 3483 et
2231 3427 2506 3492 curribus,
2539 3434 2595 3480 et
2629 3424 2929 3494 equitibus,
2969 3432 3024 3476 et
3069 3429 3211 3477 coetu
3245 3421 3486 3490 gentium
3514 3421 3715 3474 multa—

2139 3534 2263 3574 rum
2291 3533 2352 3573 σξ-
2374 3518 2529 3572 valde
2564 3518 2612 3587 1.
2659 3516 2712 3571 8.
2767 3514 2867 3570 llic
2902 3515 3042 3569 ﬁlias
3070 3523 3211 3580 tuas,
3249 3529 3372 3582 quae
3402 3514 3455 3568 in
3498 3526 3716 3582 campo,

2138 3611 2319 3682 gladio
2350 3610 2581 3675 occidet,
2614 3617 2668 3664 et
2699 3607 2849 3662 dabit
2895 3621 3058 3675 super
3103 3615 3154 3661 te
3179 3619 3242 3661 -ι-
3267 3605 3526 3660 excubias
3552 3605 3574 3672 1
3607 3644 3621 3668 ,
3663 3614 3723 3656 et

2137 3701 2426 3757 aediﬁcabit
2458 3701 2600 3756 circa
2653 3709 2726 3765 te,
2762 3709 2816 3754 et
2859 3699 3023 3753 faciet
3071 3713 3237 3768 super
3288 3704 3341 3752 te
3377 3697 3430 3751 in
3480 3696 3716 3751 circuitu

2138 3791 2364 3859 fossam,
2421 3804 2476 3848 et
2519 3790 2929 3846 tumultuariam
2972 3791 3261 3846 stationem
3304 3803 3608 3854 armorum,
3662 3799 3719 3841 et

2136 3883 2356 3939 lanceas
2385 3897 2514 3937 suas
2543 3891 2731 3936 contra
2757 3894 2807 3937 te
2833 3883 3001 3937 dabit.
3032 3882 3085 3936 9.
3125 3880 3310 3937 Muros
3339 3892 3480 3946 tuos,
3513 3891 3565 3934 et
3598 3890 3717 3934 tur-

2139 3991 2224 4030 res
2257 3982 2381 4029 tuas
2423 3974 2602 4029 diruet
2630 3974 2681 4026 in
2729 3974 2922 4043 gladiis
2969 3973 3102 4028 suis.
3142 3970 3226 4026 10.
3279 3971 3326 4026 Α
3369 3971 3720 4026 multitudine

2137 4079 2403 4134 equorum
2469 4063 2589 4134 ejus
2641 4064 2847 4133 eperiet
2898 4073 2948 4117 te
2991 4063 3171 4132 pulvis
3230 4077 3416 4117 eorum
3455 4077 3528 4116 :a
3580 4076 3718 4114 voce

2135 4157 2379 4226 equitant
2409 4155 2552 4225 ejus,
2593 4164 2645 4210 et
2670 4165 2913 4210 rotarum
2952 4170 3214 4209 curruum
3241 4153 3361 4224 ejus
3388 4152 3713 4207 concutien-

2137 4259 2226 4303 tur
2275 4251 2418 4304 muri
2471 4249 2546 4303 tui
2578 4267 2591 4304 :
2623 4264 2747 4303 cum
2796 4249 3097 4318 ingreditur
3147 4257 3333 4316 portas
3383 4255 3526 4308 tuas,
3566 4245 3713 4299 sicut

2138 4343 2448 4412 ingrediens
2499 4343 2556 4397 in
2603 4343 2794 4397 urbem
2847 4358 2914 4397 ex
2969 4356 3180 4409 campo.
3244 4339 3332 4394 11.
3384 4337 3441 4393 1η
3494 4337 3712 4407 ungulis

451 4423 577 4478 dedi
629 4424 677 4479 ei
719 4425 798 4496 (π)
844 4426 898 4480 in
943 4429 1335 4496 haereditatem,
1397 4441 1457 4485 ut
1495 4447 1600 4487 non
1656 4438 1918 4492 memoria
1961 4441 2032 4494 sit
2063 4503 2090 4508 _
2133 4451 2398 4508 equorum
2430 4450 2655 4491 suorum
2687 4433 3298 4489 eoneulcabuntomnes
3317 4431 3522 4501 plateas
3552 4438 3705 4484 tuas:

451 4516 686 4571 ﬁliorum
725 4517 960 4574 Ammon
986 4521 1123 4589 >ί<ἱιι
1154 4524 1408 4592 gentibus
1438 4525 1461 4593 1
1497 4561 1512 4577 .
1543 4525 1626 4580 11.
1671 4527 1736 4581 Et
1771 4529 1824 4582 in
1866 4529 2028 4586 Moab
2063 4503 2108 4560 Β
2136 4503 2394 4596 populum
2429 4537 2580 4580 tuum
2612 4525 2792 4597 gladio
2831 4525 3039 4580 occidet
3072 4544 3085 4580 :
3113 4535 3167 4578 et
3205 4523 3567 4579 substantiam
3600 4520 3712 4575 lor-

451 4608 649 4664 faciam
691 4609 977 4670 ultionem.
1011 4622 1062 4666 et
1097 4623 1447 4682 cognoscent,
1483 4617 1740 4685 quoniam
1785 4635 1886 4690 ego
1918 4620 2027 4675 Do—

448 4700 654 4755 minus.
689 4699 773 4755 12.
806 4699 980 4770 Super
1005 4700 1320 4758 ldumaeam.
1347 4703 1470 4760 Haec
1501 4707 1633 4760 dicit
1671 4707 1882 4762 Adonai
1919 4709 2026 4765 Do-

448 4792 678 4848 minus:
711 4791 817 4848 Pro
865 4807 931 4848 eo
975 4794 1119 4863 quod
1166 4794 1294 4850 fecit
1327 4795 1580 4861 ldumma,
1625 4814 1750 4854 cum
1790 4800 2023 4856 ulcisce-

445 4893 640 4938 rentur
687 4883 892 4939 ultioue
933 4885 988 4938 in
1030 4885 1252 4940 domum
1311 4885 1500 4957 Judae,
1552 4899 1606 4946 et
1648 4892 2026 4948 custodierunt

443 4973 986 5041 excandescentiam,
1008 4988 1064 5032 et
1089 4977 1189 5031 ulti
1219 4989 1348 5034 sunt
1378 4981 1583 5037 ultione
1609 4999 1625 5048 ;
1672 4982 1758 5038 l5.
1805 4994 2022 5054 propter

443 5066 551 5121 hoc
587 5068 702 5122 haec
733 5068 864 5124 dicit
887 5069 1103 5124 Adonai
1136 5069 1402 5128 Dominus
1429 5091 1442 5128 :
1469 5072 1536 5127 Et
1575 5075 1862 5131 extendam
1906 5093 2024 5132 ma-

442 5172 574 5212 nnm
602 5173 780 5214 meam
816 5174 978 5230 super
1024 5161 1336 5229 ldnmzeam,
1379 5173 1434 5219 et
1473 5166 1819 5235 pessundabo
1859 5167 1926 5224 de
1965 5185 2026 5224 ea

440 5247 724 5303 hominem
761 5258 816 5306 et
839 5251 1174 5321 jumentum,
1223 5265 1278 5310 et
1307 5269 1505 5325 ponam
1536 5272 1656 5312 eam
1694 5259 1965 5316 desertam
2007 5281 2020 5316 :

438 5346 492 5394 et
527 5355 593 5397 ex
631 5339 890 5399 Tlneman
935 5352 991 5400 et
1040 5344 1223 5401 Dadan
1279 5350 1718 5418 persecutionem
1758 5354 2022 5423 patientes

440 5431 493 5487 i'n
534 5435 714 5503 gladio
742 5437 960 5494 cadent.
990 5437 1078 5493 14.
1101 5439 1169 5494 Ει
1201 5441 1343 5497 dabo
1369 5443 1626 5500 ultionem
1659 5461 1833 5503 meam
1860 5464 2026 5520 super

2134 4617 2383 4672 titudinis
2431 4627 2536 4671 tuae
2573 4632 2737 4686 super
2771 4625 2966 4671 terram
3005 4617 3252 4671 deducet.
3297 4615 3384 4668 12.
3420 4611 3487 4667 Et
3516 4613 3711 4683 depor-

2133 4708 2268 4763 tabit
2301 4709 2598 4778 potentiam
2633 4719 2804 4774 tuam,
2839 4717 2895 4763 et
2925 4709 3179 4778 spoliabit
3209 4723 3331 4778 quae
3356 4706 3622 4777 possides,
3657 4715 3711 4760 et

2125 4800 2296 4870 jaeiet
2317 4801 2571 4856 deorsum
2605 4815 2791 4855 muros
2824 4810 2946 4854 tuos
2975 4817 2988 4853 :
3021 4809 3075 4854 et
3113 4803 3305 4854 domos
3345 4809 3469 4854 tuas
3499 4798 3710 4854 deside-

2130 4891 2350 4958 rabiles,
2395 4901 2450 4946 et
2482 4891 2687 4960 lapides
2715 4900 2857 4956 tuos,
2891 4902 2946 4945 et
2980 4891 3122 4961 ligna
3168 4899 3280 4954 tua,
3328 4901 3382 4945 et
3431 4889 3707 4959 pulverem

2135 4995 2287 5040 tuum
2343 4985 2398 5038 in
2452 4985 2690 5037 medium
2736 4984 2904 5037 maris
2947 4983 3172 5052 iujiciet.
3216 4982 3302 5036 15.
3357 4981 3422 5034 Et
3468 4981 3711 5035 destruet

2134 5077 2539 5132 multitudinem
2589 5076 3078 5132 instrumentorum
3111 5075 3335 5130 musica:
3370 5083 3494 5135 tuae,
3524 5079 3579 5126 et
3606 5087 3710 5126 vox

2131 5169 2468 5225 citliararum
2501 5176 2715 5223 tuarum
2748 5184 2854 5222 non
2886 5168 3137 5222 audietur
3172 5166 3224 5220 in
3258 5175 3307 5220 te
3331 5163 3590 5233 amplius.
3620 5162 3707 5217 Ui.

2131 5259 2200 5316 Et
2229 5260 2374 5316 dabo
2418 5268 2469 5314 te
2513 5260 2566 5312 in
2607 5271 2811 5326 petram
2854 5257 3060 5323 laevent,
3112 5266 3166 5311 et
3206 5256 3468 5325 expansio
3513 5253 3707 5308 retium

2131 5354 2284 5410 eris:
2317 5368 2422 5406 non
2470 5350 2822 5406 aediﬁcaberis
2857 5350 3113 5418 amplius,
3171 5348 3298 5418 quia
3347 5362 3447 5416 ego
3497 5346 3710 5399 locutus

2129 5463 2276 5512 sum,
2323 5446 2456 5500 dicit
2498 5442 2710 5498 Adonai
2760 5441 3041 5497 Dominus.
3097 5440 3181 5493 15.
3243 5438 3383 5505 Quia
3433 5438 3548 5493 haec
3582 5437 3714 5490 dicit

481 5635 872 5724 ,(ξ1Νθςριεες
909 5652 1015 5695 τοι
1062 5643 1128 5695 ad
1177 5653 1364 5724 potam
1395 5651 1646 5718 proxime
1663 5654 2080 5724 praecedentem
2110 5653 2385 5724 pertinere
2425 5648 2685 5718 videtur).
2765 5647 2838 5724 (lg)
2875 5645 2964 5724 δη
2996 5656 3046 5724 et
3078 5643 3518 5724 consolationem
3536 5645 3696 5724 acci-

440 5709 604 5788 pietis
631 5709 1010 5788 unusquisque
1039 5726 1136 5788 p_er
1169 5709 1414 5788 tratrcm'
1439 5735 1622 5774 suum.

443 5779 572 5834 lillls
611 5779 862 5834 orientis.
922 5779 1018 5853 '(n)
1052 5779 1136 5850 S.,
1167 5783 1221 5838 in
1261 5784 1488 5843 elatum.

1703 5724 1782 5804 ζμ,
1818 5734 1877 5804 et
1911 5714 2158 5804 gemens:
2236 5723 2298 5794 (ι)
2337 5722 2424 5804 5.,
2452 5736 2550 5804 pro
2573 5714 3175 5804 eolquodldixistina‘b
3197 5714 3377 5804 beneLl

1569 5789 1642 5855 (ο)
1686 5790 1768 5854 3-.
1818 5794 1868 5848 in
1912 5789 2325 5868 corruptionem
2363 5794 2416 5849 in
2453 5789 2744 5848 inimicitia
2781 5799 3002 5846 aeterna.

3454 5713 3556 5784 (m)
3584 5714 3700 5772 Th..

3082 5786 3156 5857 (Ρ)
3190 5784 3274 5857 8.,
3314 5786 3702 5844 destructorcs.
