4078 6312
333 307 474 366 2729
1528 303 1937 363 HEZECIELIS

1975 304 2204 361 CAPUT
2244 305 2454 362 XXVII.
3436 301 3577 364 2730

333 424 592 479 Dominus
629 421 890 476 Dominus
921 421 1065 493 Tyro
1095 441 1106 476 :
1135 421 1322 476 Nonne
1354 435 1382 475 a
1412 436 1539 477 voce
1568 425 1739 476 ruinze
1769 431 1894 484 tuae,
1928 424 1967 480 Α
2003 421 2057 473 1ιὶ
2089 419 2356 475 dederunt
2398 419 2625 488 gloriam
2655 425 2824 474 luam.
2857 420 2942 474 11.
2973 419 3093 475 Filii
3126 421 3480 488 Arudiorum,
3523 435 3576 478 et

331 531 451 570 cum
479 513 847 584 ingemuerint
874 515 1042 569 occisi
1086 515 1187 577 tui,
1229 530 1351 568 cum
1383 516 1701 586 evaginatus
1737 515 1898 569 fuerit
2000 514 2236 580 potentia
2284 521 2374 567 tua
2407 527 2572 581 super
2608 510 2782 566 muris
2820 511 2928 566 luis
2951 513 3089 578 )(in
3127 514 3356 568 circuitu
3388 515 3411 583 1
3444 531 3458 567 :
3497 515 3575 582 (y)

329 603 543 677 gladius
573 605 628 658 in
659 605 842 660 medio
875 605 974 670 tui,
1009 606 1498 660 commovebuntur
1531 607 1763 660 insulae?
1809 607 1895 660 16.
2001 605 2254 660 custodes
2302 605 2357 658 in
2417 604 2660 658 turribus
2711 603 2820 658 tuis
2859 612 3048 664 erant.
3115 604 3400 675 pharetras
3447 622 3576 661 suas

327 695 392 750 Et
418 696 751 750 descendent
787 697 854 750 de
900 696 1052 751 soliis
1082 696 1197 751 suis
1230 711 1417 754 omnes
1448 698 1720 766 principes
1745 702 1896 767 Xex
2001 697 2402 766 suspenderunt
2454 709 2620 764 super
2677 707 2866 765 portus
2919 704 3042 752 tuos
3093 696 3147 750 in
3199 697 3428 752 circuitu
3471 699 3573 752 :hi

326 787 580 857 gentibus
626 787 648 856 1
688 790 876 851 maris,
925 795 980 841 et
1023 787 1213 842 tollent
1265 788 1476 843 eidares
1526 789 1594 843 de
1631 789 1899 858 capitibus
2000 788 2350 858 perfecerunt
2405 787 2658 842 decorem
2735 795 2908 840 tuum.
2973 788 3061 843 12.
3116 787 3573 857 Carthaginenses

325 878 460 942 suis,
493 887 550 932 et
573 877 898 932 vestimenta
928 879 1076 932 varia
1104 893 1202 932 sua
1233 889 1432 954 exuent
1471 896 1482 932 :
1512 888 1736 947 stupore
1783 889 1901 934 stu-
2001 881 2369 949 negotiatores
2415 878 2492 932 tui
2545 894 2574 933 a
2622 878 2970 933 multitudine
3005 880 3186 935 omnis
3221 879 3437 934 roboris
3469 880 3570 944 tui,

325 970 548 1040 pebunt,
610 985 776 1039 super
826 979 1026 1023 terram
1069 971 1362 1036 sedehunt,
1418 979 1471 1024 et
1529 969 1900 1026 formidabunt
1999 977 2303 1040 argentum,
2336 979 2391 1024 et
2423 985 2636 1032 aurum,
2675 979 2730 1026 et
2757 985 2852 1031 aes,
2881 979 2935 1024 et
2964 970 3190 1034 ferrum,
3221 979 3579 1037 etstannum,

326 1059 683 1134 perditionem
746 1073 924 1120 suam.
974 1067 1029 1113 et
1086 1066 1303 1126 gement
1355 1073 1520 1128 super
1564 1067 1660 1114 te:
1702 1059 1788 1113 17.
1846 1069 1900 1116 et
1999 1070 2053 1117 et
2097 1062 2380 1130 plumbum
2413 1062 2680 1117 dederunt
2722 1059 2994 1116 nundinas
3029 1071 3168 1117 tuas.
3213 1062 3300 1117 15.
3341 1061 3566 1128 Graecia,

327 1159 606 1206 assument
644 1164 810 1219 super
841 1158 893 1203 te
925 1149 1388 1214 lamentationem,
1423 1162 1477 1204 et
1510 1150 1779 1220 dicent):
1802 1151 1898 1206 tibi
1999 1160 2054 1209 et
2080 1154 2353 1218 universa,
2381 1162 2433 1206 et
2464 1153 2711 1223 regiones
2751 1162 3010 1217 extensae,
3041 1154 3130 1208 isti
3159 1153 3572 1223 negotiabantur

335 1243 359 1310 1
398 1259 413 1295 :
443 1240 732 1306 Quomodo
760 1241 991 1312 periisti,
1020 1250 1074 1297 et
1101 1242 1364 1298 dissoluta
1394 1257 1454 1298 es
1488 1259 1554 1297 ex
1581 1244 1740 1308 mari,
1768 1245 1900 1300 urbs
2003 1242 2100 1297 tibi
2132 1243 2184 1296 in
2221 1243 2507 1297 animabus
2542 1242 2846 1305 hominum,
2881 1249 2935 1296 et
2969 1257 3098 1296 vasa
3145 1243 3268 1296 aeris
3305 1243 3570 1298 dederunt

325 1333 832 1402 celebrata,)a(quae
862 1332 1003 1387 facta
1041 1343 1159 1388 erat
1201 1332 1357 1389 fortis
1392 1334 1447 1387 in
1475 1334 1636 1399 mari,
1676 1335 1814 1403 ipsa,
1845 1345 1899 1390 et
1998 1344 2297 1389 mercatum
2327 1342 2501 1388 tuum.
2549 1333 2635 1386 M.
2674 1331 2716 1385 E
2754 1333 2917 1386 domo
2947 1332 3253 1402 Thorgama
3282 1349 3474 1404 equos,
3516 1347 3569 1389 et

327 1424 692 1480 inhabitantes
707 1439 828 1479 eam
864 1425 910 1490 1,
940 1439 1062 1494 quae
1083 1422 1231 1478 dedit
1257 1425 1507 1480 timorem
1535 1441 1693 1480 suum
1722 1427 1899 1480 omni-
1997 1427 2230 1498 equites,
2263 1435 2317 1482 et
2337 1427 2514 1481 mulos
2542 1425 2808 1480 dederunt
2833 1423 3106 1479 nundinas
3141 1434 3284 1480 tuas.
3319 1427 3406 1480 15.
3443 1426 3566 1480 Filii

325 1517 425 1571 bus
456 1515 831 1570 habitantibus
867 1516 920 1569 in
947 1517 1045 1570 ea?
1088 1514 1174 1570 18.
1211 1515 1279 1570 Ει
1318 1517 1586 1571 timebunt
1633 1517 1825 1572 insulae
1863 1533 1897 1572 a
1998 1517 2336 1571 Rhodiorum
2381 1514 2866 1584 negotiatoreswui
2911 1528 2976 1568 ex
3016 1513 3209 1570 insulis
3241 1517 3568 1586 multiplica-

324 1604 409 1659 die
434 1604 609 1658 ruinae
631 1607 909 1672 tuas.)(et
947 1603 1412 1674 perturbabantur
1443 1605 1637 1661 insulae
1665 1607 1719 1660 in
1761 1607 1898 1661 mari
1999 1613 2129 1659 runt
2171 1613 2466 1659 mercatum
2516 1612 2665 1656 tuum
2711 1601 2898 1657 dentes
2937 1602 3332 1670 elephantinos,
3381 1613 3436 1658 et
3482 1605 3568 1660 his

331 1697 352 1763 1
385 1696 458 1767 (q)
490 1696 561 1750 ab
592 1697 739 1752 exitu
772 1696 971 1751 comite
1002 1696 1104 1751 tui.
1133 1696 1220 1751 19.
1247 1697 1388 1763 Quia
1415 1698 1532 1752 haec
1557 1699 1690 1754 dicit
1715 1698 1902 1752 Domi-
1927 1745 1970 1767 η
2000 1694 2327 1748 introductis
2373 1692 2640 1746 reddebas
2682 1691 2959 1746 mercedes
2990 1701 3133 1758 tuas,
3176 1693 3262 1746 16.
3296 1693 3565 1760 homines,

325 1745 1006 1852 ndleominuszQuando
1044 1786 1245 1842 dedero
1274 1795 1325 1841 te
1359 1788 1551 1842 urbem
1573 1787 1893 1853 desolatam,
1926 1745 1971 1804 Β
1998 1793 2296 1840 mercatum
2352 1794 2505 1838 tuum
2555 1799 2586 1838 a
2628 1783 2970 1838 multitudine
3025 1785 3295 1839 commisti
3349 1786 3450 1850 tui,
3491 1787 3567 1855 (ι)

325 1879 465 1933 sicut
506 1879 690 1943 urbes,
747 1894 868 1947 qua:
907 1893 1014 1932 non
1058 1878 1391 1943 habitantur,
1451 1894 1574 1934 cum
1621 1877 1906 1932 adduxere
1996 1875 2223 1945 benafeg
2268 1873 2466 1944 (Hebr.
2505 1884 2650 1956 ’,ΞΠ
2677 1874 2731 1944 ⁶)
2779 1882 3006 1938 stacten,
3057 1883 3112 1928 et
3159 1874 3453 1930 varietates
3496 1890 3564 1930 ex

325 1982 487 2036 super
519 1977 570 2022 te
590 1969 872 2038 abyssum,
906 1977 960 2022 et
980 1969 1184 2038 aperiet
1221 1979 1273 2023 te
1294 1983 1434 2037 aqua
1469 1968 1657 2022 multa.
1691 1967 1782 2022 20.
1831 1968 1895 2024 Et
1997 1967 2242 2034 Tharsis,
2273 1978 2329 2023 et
2366 1968 2662 2032 Damoth",
2686 1976 2739 2022 et
2766 1966 3048 2020 Chorchor
3076 1967 3342 2022 dederunt
3370 1969 3568 2022 nundi-

322 2059 648 2114 descendere
697 2057 893 2113 faciam
940 2068 994 2114 te
1040 2061 1108 2113 ad
1168 2073 1283 2122 eos,
1337 2059 1429 2128 qui
1467 2059 1805 2115 descendunt
1839 2061 1891 2114 in
1995 2075 2094 2116 nas
2133 2069 2274 2114 tuas.
2307 2061 2394 2114 17.
2422 2059 2583 2123 Juda,
2636 2068 2690 2114 et
2725 2059 2817 2113 lilii
2844 2058 3081 2123 lsraelis,
3113 2059 3166 2112 hi
3199 2059 3567 2130 negotiatores

323 2148 531 2203 foveam
597 2150 664 2204 ad
713 2151 973 2219 populant
1043 2150 1473 2219 sempiternum,
1537 2158 1593 2204 et
1646 2150 1894 2206 habitare
1994 2154 2072 2207 tui
2113 2153 2168 2206 in
2217 2153 2524 2207 venditione
2577 2149 2858 2217 frumenti,
2903 2159 2957 2206 et
2996 2159 3583 2222 unguentorum-set

324 2240 516 2294 faciam
546 2248 598 2295 te
628 2241 683 2294 in
713 2238 992 2310 profundis
1011 2250 1188 2306 terrae,
1212 2241 1355 2294 sicut
1380 2240 1729 2296 solitudinem
1759 2257 1895 2298 sem—
1994 2242 2154 2298 casiae
2184 2259 2197 2296 :
2228 2250 2282 2295 et
2327 2241 2436 2295 mel
2486 2240 2722 2310 primum
2773 2240 2820 2310 1,
2869 2249 2920 2296 et
2970 2242 3172 2306 oleum,
3219 2250 3272 2296 et
3326 2241 3586 2296 resinam-

324 2331 586 2400 piternam
630 2346 753 2385 cum
791 2331 896 2395 his,
945 2331 1036 2400 qui
1081 2329 1418 2386 descendunt
1463 2331 1517 2384 iu
1564 2330 1796 2399 foveam,
1835 2341 1893 2387 ut
1993 2329 2259 2385 dederunt
2291 2329 2346 2383 in
2381 2329 2729 2383 eommistum
2755 2338 2929 2382 tuum.
2963 2329 3048 2382 18.
3077 2328 3379 2384 Damascus
3408 2343 3572 2398 negov

323 2438 387 2476 ne
415 2421 678 2476 habiteris
708 2422 803 2488 (r),
848 2436 1022 2490 neque
1065 2436 1321 2491 resurges
1363 2436 1530 2490 super
1562 2431 1704 2478 terra
1748 2425 1890 2481 vitae.
1994 2421 2218 2476 tiatores
2275 2421 2349 2475 tui
2396 2421 2448 2474 in
2509 2420 2858 2475 multitudine
2904 2435 3128 2490 operum
3177 2431 3430 2487 tuorum,
3495 2435 3564 2474 ex

322 2513 405 2567 21.
441 2511 808 2566 Perditionem
843 2511 982 2566 dabo
1011 2521 1084 2576 te,
1124 2520 1181 2567 et
1224 2525 1328 2566 non
1363 2513 1596 2569 exsistes
1634 2514 1889 2583 amplius,
1994 2511 2342 2567 multitudine
2386 2513 2567 2567 omnis
2626 2512 2879 2580 potentiae
2931 2519 3080 2566 tuae:
3119 2511 3195 2581 (ιι)
3241 2513 3429 2566 vinum
3494 2527 3559 2566 ex

326 2607 454 2669 Xet
487 2602 809 2672 requireris,
859 2610 914 2656 et
946 2617 1050 2657 non
1093 2601 1386 2658 invenieris
1423 2604 1468 2672 1',
1521 2603 1574 2658 in
1612 2606 1893 2676 scmpiter—
1992 2604 2222 2670 llelbon,
2252 2613 2387 2660 +ct
2433 2605 2613 2660 lanam
2661 2621 2727 2659 ex
2779 2605 2980 2670 Mileto,
3029 2616 3083 2662 et
3128 2607 3312 2660 vinum
3346 2606 3394 2674 1,
3424 2611 3564 2675 Xet

323 2713 472 2760 num,
503 2696 636 2751 dicit
666 2695 930 2750 Dominus
960 2694 1241 2750 Dominus.
1993 2692 2128 2756 Dan,
2177 2691 2427 2747 etJavan
2465 2710 2531 2747 ex
2568 2692 2694 2748 Ozel
2731 2695 2752 2763 1
2789 2709 2849 2750 οξ-
2872 2697 2923 2748 in
2953 2696 3225 2751 nundinas
3259 2706 3379 2751 tuas
3409 2696 3564 2752 dede-

385 2787 540 2843 CAP.
574 2784 787 2841 XXVII.
810 2785 942 2840 -1,
978 2785 1044 2839 Et
1066 2784 1266 2842 factum
1305 2795 1388 2843 est
1419 2788 1642 2843 verbum
1681 2788 1893 2845 Domini
1991 2794 2121 2840 runt
2155 2784 2312 2854 1.19.
2344 2784 2420 2838 Ex
2444 2787 2570 2840 Asel
2601 2784 2804 2840 ferrum
2837 2801 3000 2856 opere
3035 2785 3256 2853 factum,
3286 2797 3338 2842 et
3362 2798 3481 2842 rota
3507 2788 3561 2842 in

321 2878 383 2932 ad
415 2893 523 2943 me,
555 2877 743 2931 dicens
769 2895 782 2929 :
806 2875 859 2928 2.
889 2875 954 2930 Et
983 2883 1062 2939 tu,
1091 2875 1167 2930 ﬁli
1188 2877 1446 2940 hominis,
1483 2893 1702 2933 assume
1730 2893 1894 2947 super
1993 2875 2281 2930 commisto
2307 2882 2401 2928 tuo
2431 2884 2532 2930 est.
2576 2875 2664 2931 20.
2712 2875 2898 2930 Dadan
2933 2878 3294 2946 negotiatores
3325 2879 3402 2932 tui
3437 2894 3563 2934 eum

322 2969 518 3040 Tyrum
569 2967 1040 3031 lamentationem,
1081 2968 1133 3021 5.
1165 2975 1218 3022 et
1250 2968 1397 3024 dices
1437 2967 1579 3040 Tyro
1626 2969 1892 3026 habitanti
1991 2967 2236 3037 jumento
2272 2967 2442 3022 electo
2497 2967 2562 3020 ad
2612 2983 2825 3023 currus.
2865 2969 2954 3024 21.
3009 2969 3228 3034 Arabia,
3282 2979 3337 3025 et
3372 2985 3564 3025 omnes

321 3074 480 3129 super
538 3057 819 3112 introitum
882 3058 1071 3121 maris,
1143 3059 1390 3129 emporio
1446 3061 1776 3128 populorum
1822 3076 1888 3114 ex
1917 3067 1959 3125 ο
1993 3059 2264 3128 principes
2285 3059 2477 3124 Cedar,
2509 3058 2561 3113 hi
2594 3060 2962 3129 negotiatores
2997 3076 3094 3130 per
3127 3075 3347 3114 manum
3389 3069 3558 3126 tuam,

319 3151 508 3206 insulis
541 3149 726 3204 multis
755 3167 768 3202 :
797 3147 919 3204 Haec
945 3149 1076 3204 dicit
1105 3149 1370 3204 Dominus
1403 3150 1665 3205 Dominus
1690 3149 1834 3220 Tyro
1872 3168 1885 3204 :
1992 3147 2248 3211 camelos,
2278 3154 2332 3201 et
2364 3148 2582 3213 arietes,
2613 3156 2664 3201 et
2696 3163 2886 3218 agnos,
2927 3149 2980 3202 in
3021 3149 3220 3218 quibus
3246 3150 3564 3204 mercabal-

319 3239 394 3296 'l‘u
425 3240 612 3294 dixisti
651 3258 663 3294 :
701 3239 814 3308 Ego
839 3241 998 3309 posui
1028 3241 1162 3294 mihi
1197 3241 1266 3311 (ε)
1311 3241 1560 3295 decorem
1599 3256 1800 3307 meum,
1832 3240 1885 3294 4.

1992 3243 2080 3289 tur
2104 3235 2220 3289 tibi.
2251 3235 2339 3289 22.
2365 3233 2742 3304 Negotiatores
2770 3238 2946 3301 Saliae,
2970 3247 3024 3292 et
3041 3239 3280 3303 Raamae,
3308 3239 3361 3292 hi
3393 3253 3561 3308 nego-

321 3331 372 3385 in
410 3331 576 3386 corde
607 3331 776 3386 maris
807 3331 871 3400 (ι)
903 3331 1141 3386 Beelimo
1175 3349 1187 3384 :
1224 3330 1316 3384 lilii
1348 3330 1422 3386 tui
1453 3340 1750 3399 posuerunt
1793 3333 1888 3387 tibi
1992 3326 2212 3382 tiatores
2262 3325 2341 3380 tui
2389 3340 2513 3380 cum
2556 3327 2893 3382 aromolibus
2939 3330 3151 3398 primis,
3195 3338 3249 3384 et
3290 3330 3562 3398 lapidibus

322 3424 590 3480 decorem.
625 3423 676 3476 5.
721 3423 927 3478 Cedrus
971 3439 1038 3478 ex
1093 3422 1252 3477 Sanit-
1294 3423 1556 3478 mdiﬁcata
1602 3434 1686 3479 est,
1742 3425 1836 3480 ubi
1872 3444 1884 3480 ;
1987 3414 2166 3478 bonis,
2221 3424 2275 3471 et
2327 3431 2520 3470 aurum
2553 3417 2819 3472 dederunt
2854 3418 3126 3474 nundinas
3157 3429 3297 3475 tuas.
3329 3420 3419 3475 25.
3453 3418 3564 3474 lla-

323 3530 463 3570 zona:
511 3529 758 3569 asserum
792 3515 1028 3584 cypressi
1060 3530 1125 3568 ex
1159 3513 1366 3570 Libano
1403 3524 1596 3570 sumtae
1639 3526 1786 3580 sunt,
1820 3517 1886 3572 ad
1989 3524 2109 3569 Tan.
2141 3518 2190 3561 εί
2215 3505 2492 3572 Chanaan.
2513 3511 2652 3575 X01
2683 3507 2889 3574 nodo".
2923 3511 2945 3579 ζ
2981 3524 3040 3564 ’ξ’
3064 3511 3167 3580 hi:
3201 3512 3562 3580 negotiatores

321 3607 622 3660 faciendum
655 3605 752 3659 tibi
785 3605 956 3660 malos
987 3605 1266 3676 abiegnos,
1296 3605 1348 3658 6.
1381 3621 1411 3659 e
1435 3593 1654 3674 regione
1684 3606 1885 3676 Bajsan

1990 3595 2108 3648 tui:
2143 3597 2210 3662 3K
2241 3593 2381 3648 Saba
2416 3594 2464 3664 1,
2513 3594 2716 3660 Assur,
2766 3607 2819 3650 et
2876 3597 3141 3653 Chahuun
3197 3601 3561 3670 negotiatores

321 3697 561 3753 fecerunt
584 3709 767 3750 remos
794 3703 938 3760 tuos,
977 3696 1171 3765 templa
1213 3704 1303 3749 tua
1333 3696 1662 3752 feceruntex
1697 3699 1882 3766 ebore,
1989 3686 2088 3747 tui,
2134 3685 2222 3739 21.
2257 3683 2494 3740 ferentes
2540 3689 2994 3756 mercatumXin
3043 3689 3352 3756 Machalim,
3402 3701 3457 3746 et
3503 3692 3558 3746 in

318 3788 504 3842 domos
550 3785 752 3840 densas
790 3801 856 3840 ex
895 3785 1086 3841 insulis
1132 3787 1535 3843 Chethazorum.
1579 3790 1632 3842 7.
1683 3789 1884 3860 Byssus

1987 3777 2194 3832 Galima
2244 3778 2266 3846 1
2314 3777 2664 3848 hyacinthum
2700 3781 2767 3847 ῖς(
2802 3780 2876 3849 (b)
2915 3790 2968 3836 et
3016 3783 3349 3855 variegatum
3408 3786 3456 3853 1,
3507 3795 3560 3839 et

319 3891 434 3929 eum
459 3874 721 3928 varietate
750 3889 817 3928 ex
847 3873 1079 3945 Egypto
1119 3873 1259 3930 facta
1297 3886 1375 3931 est
1406 3877 1500 3931 tibi
1531 3886 1784 3944 stratum,
1815 3881 1880 3935 ad

1984 3869 2273 3925 thesauros
2320 3869 2545 3936 electos,
2594 3871 2791 3940 ligatos
2841 3866 3084 3939 funibus,
3137 3883 3192 3929 et
3247 3891 3412 3931 naves
3465 3875 3555 3932 25.

319 3963 620 4030 ponendum
659 3964 757 4018 tibi
803 3963 882 4034 (ιι)
928 3965 1179 4034 gloriam,
1210 3972 1347 4020 +et
1403 3967 1470 4021 ad
1526 3969 1879 4036 operiendum
1983 3976 2372 4030 cupressorum
2414 3963 2471 4017 in
2517 3963 2593 4018 eis
2634 3965 2701 4030 >κ
2733 3963 3028 4032 negotiatio
3075 3974 3166 4019 tua
3205 3966 3228 4034 1
3272 3965 3559 4036 Carthagi-

319 4066 367 4106 te
399 4056 420 4123 1
453 4052 770 4126 hyacintho,
818 4061 871 4107 et
896 4069 1158 4123 purpura,
1193 4070 1255 4108 ex
1301 4055 1494 4110 insulis
1521 4055 1700 4121 Elisae,
1742 4056 1880 4114 facta
1983 4068 2180 4107 nenses
2207 4053 2572 4122 negotiatores
2597 4053 2672 4106 tui
2703 4052 2756 4106 in
2780 4054 3129 4109 multitudine
3157 4056 3557 4125 negotiatorum

317 4155 437 4199 sunt
464 4143 802 4213 operimenta
839 4151 948 4196 tua.
982 4142 1108 4196 8.-ξ-
1131 4142 1200 4196 Et
1234 4144 1505 4214 principes
1539 4145 1616 4200 tui
1657 4148 1702 4216 1,
1729 4148 1882 4201 habi-
1982 4151 2223 4207 tuorum,
2260 4143 2314 4196 in
2349 4142 2642 4197 commisto
2675 4152 2788 4199 tuo.
2825 4143 2890 4197 Ει
2932 4145 3133 4213 repleta
3161 4160 3244 4210 es,
3278 4153 3332 4200 et
3365 4161 3558 4216 aggra-

316 4245 490 4290 tantes
519 4236 573 4289 in
612 4235 834 4301 Sidone,
864 4244 916 4290 et
947 4235 1136 4288 Arudii
1163 4233 1386 4292 luerunt
1410 4236 1666 4291 ductores
1701 4253 1880 4292 remo-
1982 4242 2102 4287 vata
2137 4249 2196 4288 es
2227 4233 2382 4288 valde
2425 4234 2481 4286 in
2519 4235 2681 4290 corde
2713 4235 2880 4291 maris
2915 4253 2929 4289 :
2960 4237 3048 4290 26.
3102 4236 3156 4291 in
3205 4252 3346 4308 aqua
3388 4239 3558 4294 multa

314 4342 428 4379 rum
455 4335 673 4382 tuorum
703 4345 717 4381 :
751 4327 1022 4394 sapientes
1068 4326 1165 4389 tui,
1201 4325 1360 4395 Tyre,
1391 4327 1486 4396 qui
1520 4337 1677 4382 erant
1712 4328 1765 4381 in
1804 4338 1876 4394 te,
1909 4391 1944 4399 Α
1982 4323 2325 4379 adduxerunt
2357 4333 2408 4378 te
2437 4324 2690 4381 ductores
2730 4341 3007 4382 remorum
3038 4335 3278 4396 tuorum,
3328 4330 3556 4399 spiritus

313 4415 365 4469 hi
394 4426 574 4470 nautae
595 4417 694 4472 tui.
719 4415 772 4471 9.
805 4391 1058 4470 Seniores
1083 4419 1162 4485 (at)
1190 4391 1502 4482 bibliorum,
1531 4427 1583 4472 et
1607 4391 1878 4488 sapientes
1909 4391 1954 4446 Ῑ)
1981 4414 2154 4468 auSIri
2195 4413 2459 4484 confregit
2500 4422 2552 4468 te
2596 4414 2650 4468 iu
2685 4417 2850 4471 corde
2884 4418 3050 4473 maris
3077 4437 3089 4471 :
3121 4419 3213 4474 27.
3260 4391 3416 4474 erant
3448 4420 3557 4473 vir-

313 4521 522 4574 eorum,
556 4508 651 4576 qui
682 4515 839 4562 erant
866 4510 919 4562 in
953 4517 1023 4575 te,
1059 4508 1114 4562 hi
1136 4509 1564 4564 corroborabant
1591 4511 1881 4567 consilium

1982 4512 2124 4559 tutes
2155 4515 2278 4571 tuae,
2318 4513 2372 4560 et
2403 4520 2610 4562 merces
2645 4515 2754 4574 tua,
2784 4519 2836 4561 et
2869 4509 3281 4564 commistorum
3311 4519 3551 4572 tuorum,

313 4607 458 4653 tuum
488 4616 501 4652 :
530 4607 585 4654 et
613 4613 803 4654 omnes
832 4616 996 4656 naves
1028 4600 1216 4664 maris,
1244 4608 1298 4654 et
1325 4600 1573 4656 ductores
1607 4616 1882 4658 remorum

1983 4604 2036 4650 ct
2061 4595 2312 4650 ductores
2356 4610 2635 4651 remorum
2668 4606 2906 4663 tuorum,
2941 4606 2996 4652 et
3025 4599 3414 4668 gubernatores
3451 4599 3552 4663 tui,

309 4703 494 4743 earum
553 4688 682 4745 facti
749 4701 877 4744 sunt
925 4691 1021 4744 tibi
1069 4691 1137 4745 ab
1184 4705 1476 4746 occasuum
1529 4708 1750 4748 occasu.
1796 4694 1882 4749 10.
1985 4697 2038 4743 et
2057 4688 2358 4744 consiliarii
2381 4690 2480 4756 tui,
2511 4698 2565 4744 et
2585 4691 2858 4745 commisti
2886 4690 2965 4746 tui
2995 4707 3062 4746 ex
3096 4691 3399 4746 commistis
3423 4691 3551 4757 tuis,

309 4775 505 4843 Persae,
541 4788 596 4834 et
625 4779 780 4851 Lydi,
813 4789 868 4836 et
891 4780 1086 4851 Libyes
1113 4789 1269 4836 erant
1293 4781 1348 4835 in
1375 4783 1615 4850 potentia
1643 4792 1754 4851 tua,
1783 4785 1886 4840 viri
1985 4792 2040 4835 et
2063 4795 2255 4835 omnes
2283 4782 2575 4837 bellatores
2608 4784 2708 4847 tui,
2734 4783 2915 4854 quiin
2944 4794 2996 4840 te
3031 4803 3044 4839 :
3073 4793 3128 4838 et
3165 4784 3344 4839 omnis
3379 4792 3571 4838 castus-

309 4869 596 4926 bellatores
627 4872 704 4926 tui
744 4873 962 4943 clypeos
996 4881 1050 4928 et
1074 4871 1257 4942 galeas
1287 4874 1690 4942 suspenderunt
1715 4875 1770 4929 in
1803 4884 1877 4941 te,
1991 4882 2138 4939 tuus,
2169 4874 2239 4942 κ(
2265 4873 2357 4943 qui
2379 4874 2404 4942 1
2427 4873 2486 4928 in
2512 4873 2690 4930 medio
2721 4873 2820 4940 tui,
2855 4874 3124 4930 cadentin
3153 4874 3317 4928 corde
3347 4877 3551 4930 maris:

377 5095 452 5165 (q)
484 5095 666 5176 S.._ab
697 5110 763 5152 eo
793 5097 937 5167 quod
963 5112 1072 5176 _non
1108 5101 1178 5176 sit
1205 5101 1393 5176 egredi
1419 5117 1448 5156 a
1482 5111 1575 5176 tc._
1630 5105 1700 5174 (r)
1731 5106 1851 5171 Th.,
1880 5115 1936 5161 et
1960 5105 2297 5161 daliorobur
2331 5104 2384 5159 in
2422 5115 2582 5176 terra;
2601 5104 2921 5160 viventium.
2999 5104 3067 5176 (ε)
3109 5103 3194 5169 8.,
3227 5105 3554 5176 perfecta-in

307 5165 520 5245 decore.
557 5165 678 5245 ΊξΙιτ,
702 5165 1214 5245 soropa_decoris._
1241 5165 1453 5245 ’(118.ὲ
1475 5165 1649 5245 vicini
1681 5165 1777 5240 tui,
1806 5165 1860 5231 et
1907 5178 1999 5245 qui
2054 5177 2324 5230 aediﬁcant
2349 5186 2420 5240 te,
2461 5174 2805 5244 perfecerunt
2827 5165 3078 5231 decorem
3105 5165 3280 5245 tuum.
3359 5178 3436 5242 (ιι)
3465 5173 3551 5237 8.,

306 5235 554 5316 zelum.“
582 5235 681 5316 (π),
701 5235 820 5316 ΤΙιᾷ,
847 5235 1140 5316 llcbraice;
1175 5235 1378 5316 Gaib'al,
1416 5243 1662 5316 FABAA.
1708 5235 1792 5316 3.,
1830 5235 2104 5300 solventes
2135 5235 2432 5299 mixturam
2463 5235 2644 5300 'tuam.
2721 5245 2797 5315 (ῃ)
2825 5245 2910 5308 8.,
2945 5245 3038 5316 sed
3065 5254 3117 5300 ct
3148 5244 3308 5299 Medi.
3347 5235 3468 5309 Th1,
3500 5235 3557 5298 et

306 5303 478 5358 Guma
501 5305 739 5384 (Ιὶιι.’ᾼ.,
770 5306 1010 5384 Sptiest,
1041 5303 1225 5384 etnon
1255 5321 1341 5384 est
1365 5303 1494 5380 (quo
1537 5314 1657 5384 haec
1681 5303 1912 5368 obscura
1947 5317 2274 5383 pertineant,
2318 5330 2426 5368 non
2484 5303 2793 5384 intelligo)?
2888 5303 2961 5384 (χ)
2993 5314 3075 5379 8.,
3131 5316 3280 5368 varie
3334 5303 3556 5367 intesta:

305 5387 600 5453 purpuram.
623 5372 686 5442 (')
719 5386 785 5453 :_
811 5378 864 5429 in
902 5374 1064 5453 Hebr:
1107 5387 1160 5453 e_t
1207 5379 1260 5433 in
1310 5372 1430 5450 syri
1498 5383 1694 5437 servile
1716 5391 1816 5447 cst,
1865 5372 2272 5453 signiﬁcatque,
2309 5385 2384 5437 in.
2418 5372 2775 5438 Theodotio':
2809 5384 2866 5435 ἐν
2894 5372 3097 5453 ’νὰφέᾖ
3133 5384 3217 5438 Cf.
3251 5399 3414 5452 supra
3455 5398 3554 5436 no-

307 5451 412 5524 tam
436 5444 536 5524 _ad
585 5443 974 5524 hunclocum.
1029 5445 1247 5524 Syriaca
1306 5443 1405 5502 vox
1473 5459 1655 5524 textus
1716 5443 2068 5516 nostrifnon
2112 5443 2350 5524 béuafeg,
2406 5454 2497 5507 sed
2552 5453 2805 5524 in‘nafeg
2860 5443 3120 5524 vertenda
3177 5465 3276 5509 est.
3320 5443 3548 5524 'Dnacn.

435 5512 558 5594 Syr.
591 5513 844 5594 scriptor,
865 5526 936 5594 _ttt
969 5512 1124 5594 nobis
1153 5518 1383 5594 videtu_r,
1413 5522 1593 5588 posuit
1621 5532 1667 5594 "l’_
1688 5537 1784 5591 pro
1803 5537 1864 5587 Ἴ,
1899 5512 1951 5578 et
1988 5523 2220 5594 Ramoth
2246 5512 2806 5594 'le'gendum.__Dna'cu'.
2850 5591 2863 5594 Α
2885 5524 2962 5590 (α)
2994 5522 3077 5588 8.,
3103 5525 3155 5577 in
3182 5525 3308 5577 vino
3341 5523 3549 5594 pingui,

305 5591 356 5664 et
386 5584 438 5636 in
474 5584 602 5638 lana
629 5584 933 5664 splendida.
974 5588 1055 5664 ΕιΔ
1071 5585 1205 5650 Dan,
1234 5598 1286 5641 et
1317 5584 1509 5664 lavari,
1569 5584 1828 5648 vadentes
1851 5584 1944 5650 'ad
1989 5593 2260 5649 nundinas
2293 5584 2435 5659 tuas,
2478 5591 2803 5651 addiderunt
2841 5584 3108 5650 ferrum:
3145 5584 3554 5660 stactefct'ca-

303 5649 478 5711 lamus
522 5649 856 5711 commercia
901 5663 995 5710 tua
1031 5649 1268 5713 fuerunt.
1347 5659 1422 5730 (ὁ)
1451 5649 1515 5714 Et
1541 5675 1824 5732 purpuras.
