  <div class='ocr_page' id='page_1' title='image "/cluster/home/n/w/nwhite01/storage/ocr_20150623/16 pt.3/mdp.39015008568431/179.png"; bbox 0 0 4078 6312; ppageno 0'>
   <div class='ocr_carea' id='block_1_1' title="bbox 436 253 571 308">
    <p class='ocr_par' dir='ltr' id='par_1_1' title="bbox 436 253 571 308">
     <span class='ocr_line' id='line_1_1' title="bbox 436 253 571 308; baseline 0 -3"><span class='ocrx_word' id='word_1_1' title='bbox 436 253 571 308; x_wconf 69' lang='grc'><strong>2731</strong></span> 
     </span>
    </p>
   </div>
   <div class='ocr_carea' id='block_1_2' title="bbox 1565 245 2608 308">
    <p class='ocr_par' dir='ltr' id='par_1_2' title="bbox 1565 245 2608 308">
     <span class='ocr_line' id='line_1_2' title="bbox 1565 245 2608 308; baseline -0.005 0"><span class='ocrx_word' id='word_1_2' title='bbox 1565 251 1788 308; x_wconf 79' lang='lat' dir='ltr'><strong>CODEX</strong></span> <span class='ocrx_word' id='word_1_3' title='bbox 1821 245 2608 306; x_wconf 71' lang='lat' dir='ltr'><strong>SYRIACO-HEXAPLARIS.</strong></span> 
     </span>
    </p>
   </div>
   <div class='ocr_carea' id='block_1_3' title="bbox 3559 248 3702 304">
    <p class='ocr_par' dir='ltr' id='par_1_3' title="bbox 3559 248 3702 304">
     <span class='ocr_line' id='line_1_3' title="bbox 3559 248 3702 304; baseline 0.014 -2"><span class='ocrx_word' id='word_1_4' title='bbox 3559 248 3702 304; x_wconf 60' lang='grc' dir='ltr'><strong>ςγδι</strong></span> 
     </span>
    </p>
   </div>
   <div class='ocr_carea' id='block_1_4' title="bbox 435 359 3702 434">
    <p class='ocr_par' dir='ltr' id='par_1_4' title="bbox 435 359 3702 434">
     <span class='ocr_line' id='line_1_4' title="bbox 435 359 3702 434; baseline -0.001 -16"><span class='ocrx_word' id='word_1_5' title='bbox 435 365 488 418; x_wconf 86' lang='lat' dir='ltr'><strong>lu</strong></span> <span class='ocrx_word' id='word_1_6' title='bbox 518 363 609 419; x_wconf 88' lang='lat' dir='ltr'><strong>die</strong></span> <span class='ocrx_word' id='word_1_7' title='bbox 638 363 810 418; x_wconf 84' lang='lat' dir='ltr'><strong>ruinae</strong></span> <span class='ocrx_word' id='word_1_8' title='bbox 840 371 964 428; x_wconf 51' lang='lat' dir='ltr'><strong>tua),</strong></span> <span class='ocrx_word' id='word_1_9' title='bbox 985 364 1074 419; x_wconf 87' lang='lat'><strong>28.</strong></span> <span class='ocrx_word' id='word_1_10' title='bbox 1110 364 1176 420; x_wconf 83' lang='lat' dir='ltr'><strong>ad</strong></span> <span class='ocrx_word' id='word_1_11' title='bbox 1210 379 1396 420; x_wconf 77' lang='lat' dir='ltr'><strong>vocem</strong></span> <span class='ocrx_word' id='word_1_12' title='bbox 1429 365 1686 419; x_wconf 81' lang='lat' dir='ltr'><strong>clamoris</strong></span> <span class='ocrx_word' id='word_1_13' title='bbox 1717 365 1792 418; x_wconf 91' lang='lat' dir='ltr'><strong>tui</strong></span> <span class='ocrx_word' id='word_1_14' title='bbox 1817 364 2013 434; x_wconf 86' lang='lat' dir='ltr'><strong>guber-</strong></span> <span class='ocrx_word' id='word_1_15' title='bbox 2039 367 2085 422; x_wconf 76' lang='grc' dir='ltr'><strong>Α</strong></span> <span class='ocrx_word' id='word_1_16' title='bbox 2114 375 2264 431; x_wconf 86' lang='lat' dir='ltr'><strong>gens,</strong></span> <span class='ocrx_word' id='word_1_17' title='bbox 2319 361 2591 427; x_wconf 88' lang='lat' dir='ltr'><strong>sardium,</strong></span> <span class='ocrx_word' id='word_1_18' title='bbox 2645 370 2698 417; x_wconf 90' lang='lat' dir='ltr'><strong>et</strong></span> <span class='ocrx_word' id='word_1_19' title='bbox 2750 361 3050 433; x_wconf 81' lang='lat' dir='ltr'><strong>tepazium,</strong></span> <span class='ocrx_word' id='word_1_20' title='bbox 3103 371 3156 416; x_wconf 93' lang='lat' dir='ltr'><strong>et</strong></span> <span class='ocrx_word' id='word_1_21' title='bbox 3211 359 3586 429; x_wconf 82' lang='lat' dir='ltr'><strong>smaragdum.</strong></span> <span class='ocrx_word' id='word_1_22' title='bbox 3649 371 3702 415; x_wconf 84' lang='lat' dir='ltr'><strong>et</strong></span> 
     </span>
    </p>
   </div>
   <div class='ocr_carea' id='block_1_5' title="bbox 436 453 2012 525">
    <p class='ocr_par' dir='ltr' id='par_1_5' title="bbox 436 453 2012 525">
     <span class='ocr_line' id='line_1_5' title="bbox 436 453 2012 525; baseline 0 -17"><span class='ocrx_word' id='word_1_23' title='bbox 436 465 655 510; x_wconf 88' lang='lat' dir='ltr'><strong>natores</strong></span> <span class='ocrx_word' id='word_1_24' title='bbox 690 455 769 509; x_wconf 90' lang='lat' dir='ltr'><strong>tui</strong></span> <span class='ocrx_word' id='word_1_25' title='bbox 811 453 884 525; x_wconf 87' lang='lat' dir='ltr'><strong>(c)</strong></span> <span class='ocrx_word' id='word_1_26' title='bbox 917 455 1160 512; x_wconf 90' lang='lat' dir='ltr'><strong>timendo</strong></span> <span class='ocrx_word' id='word_1_27' title='bbox 1205 455 1490 512; x_wconf 89' lang='lat' dir='ltr'><strong>timebunt.</strong></span> <span class='ocrx_word' id='word_1_28' title='bbox 1531 455 1618 510; x_wconf 89' lang='lat'><strong>29.</strong></span> <span class='ocrx_word' id='word_1_29' title='bbox 1675 457 1741 511; x_wconf 85' lang='lat' dir='ltr'><strong>Et</strong></span> <span class='ocrx_word' id='word_1_30' title='bbox 1785 456 2012 512; x_wconf 84' lang='lat' dir='ltr'><strong>descen-</strong></span> 
     </span>
    </p>
   </div>
   <div class='ocr_carea' id='block_1_6' title="bbox 434 544 2011 602">
    <p class='ocr_par' dir='ltr' id='par_1_6' title="bbox 434 544 2011 602">
     <span class='ocr_line' id='line_1_6' title="bbox 434 544 2011 602; baseline 0.002 -5"><span class='ocrx_word' id='word_1_31' title='bbox 434 545 564 598; x_wconf 89' lang='lat' dir='ltr'><strong>dent</strong></span> <span class='ocrx_word' id='word_1_32' title='bbox 610 544 673 598; x_wconf 89' lang='lat' dir='ltr'><strong>de</strong></span> <span class='ocrx_word' id='word_1_33' title='bbox 729 545 956 600; x_wconf 83' lang='lat' dir='ltr'><strong>navibus</strong></span> <span class='ocrx_word' id='word_1_34' title='bbox 1015 546 1132 601; x_wconf 86' lang='lat' dir='ltr'><strong>suis</strong></span> <span class='ocrx_word' id='word_1_35' title='bbox 1181 561 1375 601; x_wconf 89' lang='lat' dir='ltr'><strong>omnes</strong></span> <span class='ocrx_word' id='word_1_36' title='bbox 1431 546 1686 602; x_wconf 90' lang='lat' dir='ltr'><strong>ductores</strong></span> <span class='ocrx_word' id='word_1_37' title='bbox 1737 561 2011 600; x_wconf 91' lang='lat' dir='ltr'><strong>remorum</strong></span> 
     </span>
    </p>
   </div>
   <div class='ocr_carea' id='block_1_7' title="bbox 437 636 2013 706">
    <p class='ocr_par' dir='ltr' id='par_1_7' title="bbox 437 636 2013 706">
     <span class='ocr_line' id='line_1_7' title="bbox 437 636 2013 706; baseline 0.003 -19"><span class='ocrx_word' id='word_1_38' title='bbox 437 645 679 699; x_wconf 90' lang='lat' dir='ltr'><strong>tuorum,</strong></span> <span class='ocrx_word' id='word_1_39' title='bbox 707 644 761 689; x_wconf 90' lang='lat' dir='ltr'><strong>et</strong></span> <span class='ocrx_word' id='word_1_40' title='bbox 790 636 1042 706; x_wconf 80' lang='lat' dir='ltr'><strong>epibatae,</strong></span> <span class='ocrx_word' id='word_1_41' title='bbox 1073 647 1126 691; x_wconf 89' lang='lat' dir='ltr'><strong>et</strong></span> <span class='ocrx_word' id='word_1_42' title='bbox 1154 638 1404 692; x_wconf 88' lang='lat' dir='ltr'><strong>sedentes</strong></span> <span class='ocrx_word' id='word_1_43' title='bbox 1439 637 1491 691; x_wconf 92' lang='lat' dir='ltr'><strong>in</strong></span> <span class='ocrx_word' id='word_1_44' title='bbox 1516 652 1679 706; x_wconf 86' lang='lat' dir='ltr'><strong>prora</strong></span> <span class='ocrx_word' id='word_1_45' title='bbox 1711 637 1867 694; x_wconf 86' lang='lat' dir='ltr'><strong>navis</strong></span> <span class='ocrx_word' id='word_1_46' title='bbox 1896 653 2013 692; x_wconf 91' lang='lat' dir='ltr'><strong>ma-</strong></span> 
     </span>
    </p>
   </div>
   <div class='ocr_carea' id='block_1_8' title="bbox 437 726 2016 799">
    <p class='ocr_par' dir='ltr' id='par_1_8' title="bbox 437 726 2016 799">
     <span class='ocr_line' id='line_1_8' title="bbox 437 726 2016 799; baseline 0.004 -19"><span class='ocrx_word' id='word_1_47' title='bbox 437 726 512 781; x_wconf 87' lang='lat' dir='ltr'><strong>ris</strong></span> <span class='ocrx_word' id='word_1_48' title='bbox 543 740 708 796; x_wconf 85' lang='lat' dir='ltr'><strong>super</strong></span> <span class='ocrx_word' id='word_1_49' title='bbox 734 735 931 782; x_wconf 91' lang='lat' dir='ltr'><strong>terram</strong></span> <span class='ocrx_word' id='word_1_50' title='bbox 967 727 1207 794; x_wconf 84' lang='lat' dir='ltr'><strong>stabunt,</strong></span> <span class='ocrx_word' id='word_1_51' title='bbox 1254 729 1342 782; x_wconf 81' lang='lat'><strong>30.</strong></span> <span class='ocrx_word' id='word_1_52' title='bbox 1381 738 1435 784; x_wconf 91' lang='lat' dir='ltr'><strong>et</strong></span> <span class='ocrx_word' id='word_1_53' title='bbox 1462 729 1746 784; x_wconf 90' lang='lat' dir='ltr'><strong>ululabunt</strong></span> <span class='ocrx_word' id='word_1_54' title='bbox 1777 746 1940 799; x_wconf 83' lang='lat' dir='ltr'><strong>super</strong></span> <span class='ocrx_word' id='word_1_55' title='bbox 1965 741 2016 787; x_wconf 90' lang='lat' dir='ltr'><strong>te</strong></span> 
     </span>
    </p>
   </div>
   <div class='ocr_carea' id='block_1_9' title="bbox 435 817 2012 891">
    <p class='ocr_par' dir='ltr' id='par_1_9' title="bbox 435 817 2012 891">
     <span class='ocr_line' id='line_1_9' title="bbox 435 817 2012 891; baseline 0.004 -23"><span class='ocrx_word' id='word_1_56' title='bbox 435 831 570 872; x_wconf 79' lang='lat' dir='ltr'><strong>voce</strong></span> <span class='ocrx_word' id='word_1_57' title='bbox 601 832 724 882; x_wconf 86' lang='lat' dir='ltr'><strong>sua,</strong></span> <span class='ocrx_word' id='word_1_58' title='bbox 753 826 807 872; x_wconf 91' lang='lat' dir='ltr'><strong>et</strong></span> <span class='ocrx_word' id='word_1_59' title='bbox 837 817 1152 872; x_wconf 88' lang='lat' dir='ltr'><strong>clamabunt</strong></span> <span class='ocrx_word' id='word_1_60' title='bbox 1180 833 1386 885; x_wconf 86' lang='lat' dir='ltr'><strong>amare,</strong></span> <span class='ocrx_word' id='word_1_61' title='bbox 1428 827 1482 873; x_wconf 91' lang='lat' dir='ltr'><strong>et</strong></span> <span class='ocrx_word' id='word_1_62' title='bbox 1504 819 1710 889; x_wconf 86' lang='lat' dir='ltr'><strong>jacient</strong></span> <span class='ocrx_word' id='word_1_63' title='bbox 1735 820 2012 891; x_wconf 78' lang='lat' dir='ltr'><strong>pulverem</strong></span> 
     </span>
    </p>
   </div>
   <div class='ocr_carea' id='block_1_10' title="bbox 437 907 2008 975">
    <p class='ocr_par' dir='ltr' id='par_1_10' title="bbox 437 907 2008 975">
     <span class='ocr_line' id='line_1_10' title="bbox 437 907 2008 975; baseline 0.001 -14"><span class='ocrx_word' id='word_1_64' title='bbox 437 921 604 975; x_wconf 80' lang='lat' dir='ltr'><strong>super</strong></span> <span class='ocrx_word' id='word_1_65' title='bbox 666 915 828 975; x_wconf 89' lang='lat' dir='ltr'><strong>caput</strong></span> <span class='ocrx_word' id='word_1_66' title='bbox 879 921 1060 971; x_wconf 86' lang='lat' dir='ltr'><strong>suum,</strong></span> <span class='ocrx_word' id='word_1_67' title='bbox 1121 915 1175 960; x_wconf 88' lang='lat' dir='ltr'><strong>et</strong></span> <span class='ocrx_word' id='word_1_68' title='bbox 1212 907 1450 962; x_wconf 84' lang='lat' dir='ltr'><strong>cinerem</strong></span> <span class='ocrx_word' id='word_1_69' title='bbox 1479 918 1724 964; x_wconf 86' lang='lat' dir='ltr'><strong>sternent</strong></span> <span class='ocrx_word' id='word_1_70' title='bbox 1752 910 1876 965; x_wconf 88' lang='lat' dir='ltr'><strong>sibi.</strong></span> <span class='ocrx_word' id='word_1_71' title='bbox 1919 909 2008 966; x_wconf 80' lang='grc'><strong>51.</strong></span> 
     </span>
    </p>
   </div>
   <div class='ocr_carea' id='block_1_11' title="bbox 439 993 2014 1069">
    <p class='ocr_par' dir='ltr' id='par_1_11' title="bbox 439 993 2014 1069">
     <span class='ocr_line' id='line_1_11' title="bbox 439 993 2014 1069; baseline 0.006 -22"><span class='ocrx_word' id='word_1_72' title='bbox 439 993 595 1062; x_wconf 60' lang='lat' dir='ltr'><strong>XEt</strong></span> <span class='ocrx_word' id='word_1_73' title='bbox 634 995 994 1050; x_wconf 90' lang='lat' dir='ltr'><strong>decalvabunt</strong></span> <span class='ocrx_word' id='word_1_74' title='bbox 1040 1011 1205 1066; x_wconf 87' lang='lat' dir='ltr'><strong>super</strong></span> <span class='ocrx_word' id='word_1_75' title='bbox 1246 1005 1300 1052; x_wconf 90' lang='lat' dir='ltr'><strong>te</strong></span> <span class='ocrx_word' id='word_1_76' title='bbox 1347 998 1612 1064; x_wconf 75' lang='lat' dir='ltr'><strong>calvities,</strong></span> <span class='ocrx_word' id='word_1_77' title='bbox 1649 1008 1704 1054; x_wconf 90' lang='lat' dir='ltr'><strong>et</strong></span> <span class='ocrx_word' id='word_1_78' title='bbox 1729 1001 2014 1069; x_wconf 88' lang='lat' dir='ltr'><strong>accingent</strong></span> 
     </span>
    </p>
   </div>
   <div class='ocr_carea' id='block_1_12' title="bbox 437 1087 2009 1158">
    <p class='ocr_par' dir='ltr' id='par_1_12' title="bbox 437 1087 2009 1158">
     <span class='ocr_line' id='line_1_12' title="bbox 437 1087 2009 1158; baseline 0.003 -17"><span class='ocrx_word' id='word_1_79' title='bbox 437 1102 648 1153; x_wconf 86' lang='lat' dir='ltr'><strong>saccos,</strong></span> <span class='ocrx_word' id='word_1_80' title='bbox 679 1096 733 1142; x_wconf 88' lang='lat' dir='ltr'><strong>ot</strong></span> <span class='ocrx_word' id='word_1_81' title='bbox 762 1087 968 1143; x_wconf 89' lang='lat' dir='ltr'><strong>flebunt</strong></span> <span class='ocrx_word' id='word_1_82' title='bbox 993 1103 1094 1158; x_wconf 92' lang='lat' dir='ltr'><strong>pro</strong></span> <span class='ocrx_word' id='word_1_83' title='bbox 1133 1098 1183 1144; x_wconf 91' lang='lat' dir='ltr'><strong>te</strong></span> <span class='ocrx_word' id='word_1_84' title='bbox 1227 1090 1282 1143; x_wconf 92' lang='lat' dir='ltr'><strong>in</strong></span> <span class='ocrx_word' id='word_1_85' title='bbox 1312 1091 1770 1147; x_wconf 81' lang='lat' dir='ltr'><strong>amaritudinibus</strong></span> <span class='ocrx_word' id='word_1_86' title='bbox 1793 1091 2009 1156; x_wconf 61' lang='lat' dir='ltr'><strong>animae,</strong></span> 
     </span>
    </p>
   </div>
   <div class='ocr_carea' id='block_1_13' title="bbox 436 1179 2015 1254">
    <p class='ocr_par' dir='ltr' id='par_1_13' title="bbox 436 1179 2015 1254">
     <span class='ocr_line' id='line_1_13' title="bbox 436 1179 2015 1254; baseline 0.003 -22"><span class='ocrx_word' id='word_1_87' title='bbox 436 1186 489 1233; x_wconf 83' lang='lat' dir='ltr'><strong>et</strong></span> <span class='ocrx_word' id='word_1_88' title='bbox 547 1179 822 1248; x_wconf 75' lang='lat' dir='ltr'><strong>planctum</strong></span> <span class='ocrx_word' id='word_1_89' title='bbox 865 1195 1114 1235; x_wconf 89' lang='lat' dir='ltr'><strong>amarum</strong></span> <span class='ocrx_word' id='word_1_90' title='bbox 1147 1199 1159 1234; x_wconf 75' lang='grc' dir='ltr'>ε</span> <span class='ocrx_word' id='word_1_91' title='bbox 1192 1181 1280 1235; x_wconf 78' lang='grc'><strong>52.</strong></span> <span class='ocrx_word' id='word_1_92' title='bbox 1340 1190 1558 1237; x_wconf 84' lang='lat' dir='ltr'><strong>sument</strong></span> <span class='ocrx_word' id='word_1_93' title='bbox 1611 1198 1777 1254; x_wconf 82' lang='lat' dir='ltr'><strong>super</strong></span> <span class='ocrx_word' id='word_1_94' title='bbox 1818 1193 1868 1238; x_wconf 89' lang='lat' dir='ltr'><strong>te</strong></span> <span class='ocrx_word' id='word_1_95' title='bbox 1918 1184 2015 1237; x_wconf 87' lang='lat' dir='ltr'><strong>lilii</strong></span> 
     </span>
    </p>
   </div>
   <div class='ocr_carea' id='block_1_14' title="bbox 433 1270 2016 1346">
    <p class='ocr_par' dir='ltr' id='par_1_14' title="bbox 433 1270 2016 1346">
     <span class='ocr_line' id='line_1_14' title="bbox 433 1270 2016 1346; baseline 0.003 -22"><span class='ocrx_word' id='word_1_96' title='bbox 433 1283 624 1324; x_wconf 85' lang='lat' dir='ltr'><strong>eorum</strong></span> <span class='ocrx_word' id='word_1_97' title='bbox 653 1270 1115 1339; x_wconf 84' lang='lat' dir='ltr'><strong>lamentationem,</strong></span> <span class='ocrx_word' id='word_1_98' title='bbox 1168 1274 1464 1329; x_wconf 91' lang='lat' dir='ltr'><strong>lamentum</strong></span> <span class='ocrx_word' id='word_1_99' title='bbox 1506 1274 1633 1346; x_wconf 84' lang='lat' dir='ltr'><strong>Tyri</strong></span> <span class='ocrx_word' id='word_1_100' title='bbox 1669 1295 1687 1330; x_wconf 89' lang='lat'><strong>::</strong></span> <span class='ocrx_word' id='word_1_101' title='bbox 1713 1276 1836 1346; x_wconf 89' lang='lat' dir='ltr'><strong>quis</strong></span> <span class='ocrx_word' id='word_1_102' title='bbox 1875 1275 2016 1330; x_wconf 90' lang='lat' dir='ltr'><strong>sicut</strong></span> 
     </span>
    </p>
   </div>
   <div class='ocr_carea' id='block_1_15' title="bbox 437 1358 2017 1434">
    <p class='ocr_par' dir='ltr' id='par_1_15' title="bbox 437 1358 2017 1434">
     <span class='ocr_line' id='line_1_15' title="bbox 437 1358 2017 1434; baseline 0.004 -20"><span class='ocrx_word' id='word_1_103' title='bbox 437 1358 632 1431; x_wconf 86' lang='lat' dir='ltr'><strong>Tyrus,</strong></span> <span class='ocrx_word' id='word_1_104' title='bbox 661 1377 782 1432; x_wconf 68' lang='lat' dir='ltr'><strong>qua:</strong></span> <span class='ocrx_word' id='word_1_105' title='bbox 815 1365 1090 1420; x_wconf 85' lang='lat' dir='ltr'><strong>obmutuit</strong></span> <span class='ocrx_word' id='word_1_106' title='bbox 1125 1366 1178 1420; x_wconf 89' lang='lat' dir='ltr'><strong>iu</strong></span> <span class='ocrx_word' id='word_1_107' title='bbox 1222 1365 1402 1420; x_wconf 89' lang='lat' dir='ltr'><strong>medio</strong></span> <span class='ocrx_word' id='word_1_108' title='bbox 1426 1366 1630 1422; x_wconf 83' lang='lat' dir='ltr'><strong>maris?</strong></span> <span class='ocrx_word' id='word_1_109' title='bbox 1661 1367 1682 1434; x_wconf 74' lang='grc' dir='ltr'>ζ</span> <span class='ocrx_word' id='word_1_110' title='bbox 1714 1368 1802 1430; x_wconf 77' lang='grc'><strong>55,</strong></span> <span class='ocrx_word' id='word_1_111' title='bbox 1833 1365 2017 1432; x_wconf 86' lang='lat' dir='ltr'><strong>Quan-</strong></span> 
     </span>
    </p>
   </div>
   <div class='ocr_carea' id='block_1_16' title="bbox 434 1458 2011 1529">
    <p class='ocr_par' dir='ltr' id='par_1_16' title="bbox 434 1458 2011 1529">
     <span class='ocr_line' id='line_1_16' title="bbox 434 1458 2011 1529; baseline 0.001 -17"><span class='ocrx_word' id='word_1_112' title='bbox 434 1467 573 1522; x_wconf 87' lang='lat' dir='ltr'><strong>tam,</strong></span> <span class='ocrx_word' id='word_1_113' title='bbox 599 1473 764 1529; x_wconf 88' lang='lat' dir='ltr'><strong>quam</strong></span> <span class='ocrx_word' id='word_1_114' title='bbox 796 1458 1098 1514; x_wconf 89' lang='lat' dir='ltr'><strong>mercedem</strong></span> <span class='ocrx_word' id='word_1_115' title='bbox 1141 1458 1392 1514; x_wconf 79' lang='lat' dir='ltr'><strong>invenisti</strong></span> <span class='ocrx_word' id='word_1_116' title='bbox 1435 1459 1504 1515; x_wconf 91' lang='lat' dir='ltr'><strong>de</strong></span> <span class='ocrx_word' id='word_1_117' title='bbox 1547 1459 1723 1513; x_wconf 81' lang='lat' dir='ltr'><strong>mari?</strong></span> <span class='ocrx_word' id='word_1_118' title='bbox 1755 1459 2011 1516; x_wconf 88' lang='lat' dir='ltr'><strong>saturasti</strong></span> 
     </span>
    </p>
   </div>
   <div class='ocr_carea' id='block_1_17' title="bbox 437 1550 2016 1616">
    <p class='ocr_par' dir='ltr' id='par_1_17' title="bbox 437 1550 2016 1616">
     <span class='ocr_line' id='line_1_17' title="bbox 437 1550 2016 1616; baseline 0 -11"><span class='ocrx_word' id='word_1_119' title='bbox 437 1559 626 1616; x_wconf 76' lang='lat' dir='ltr'><strong>gentes</strong></span> <span class='ocrx_word' id='word_1_120' title='bbox 671 1565 738 1605; x_wconf 82' lang='lat' dir='ltr'><strong>ex</strong></span> <span class='ocrx_word' id='word_1_121' title='bbox 799 1550 1146 1605; x_wconf 87' lang='lat' dir='ltr'><strong>multitudine</strong></span> <span class='ocrx_word' id='word_1_122' title='bbox 1191 1558 1308 1614; x_wconf 83' lang='lat' dir='ltr'><strong>tua,</strong></span> <span class='ocrx_word' id='word_1_123' title='bbox 1364 1559 1418 1604; x_wconf 90' lang='lat' dir='ltr'><strong>et</strong></span> <span class='ocrx_word' id='word_1_124' title='bbox 1483 1565 1513 1606; x_wconf 91' lang='lat' dir='ltr'><strong>a</strong></span> <span class='ocrx_word' id='word_1_125' title='bbox 1576 1551 1866 1606; x_wconf 90' lang='lat' dir='ltr'><strong>commisto</strong></span> <span class='ocrx_word' id='word_1_126' title='bbox 1920 1559 2016 1606; x_wconf 91' lang='lat' dir='ltr'><strong>tuo</strong></span> 
     </span>
    </p>
   </div>
   <div class='ocr_carea' id='block_1_18' title="bbox 435 1637 2010 1710">
    <p class='ocr_par' dir='ltr' id='par_1_18' title="bbox 435 1637 2010 1710">
     <span class='ocr_line' id='line_1_18' title="bbox 435 1637 2010 1710; baseline -0.001 -16"><span class='ocrx_word' id='word_1_127' title='bbox 435 1641 624 1695; x_wconf 87' lang='lat' dir='ltr'><strong>ditasti</strong></span> <span class='ocrx_word' id='word_1_128' title='bbox 651 1655 844 1696; x_wconf 91' lang='lat' dir='ltr'><strong>omnes</strong></span> <span class='ocrx_word' id='word_1_129' title='bbox 870 1655 1025 1710; x_wconf 91' lang='lat' dir='ltr'><strong>reges</strong></span> <span class='ocrx_word' id='word_1_130' title='bbox 1059 1649 1236 1695; x_wconf 81' lang='lat' dir='ltr'><strong>terrae.</strong></span> <span class='ocrx_word' id='word_1_131' title='bbox 1262 1639 1351 1694; x_wconf 69' lang='grc'><strong>54.</strong></span> <span class='ocrx_word' id='word_1_132' title='bbox 1379 1637 1535 1694; x_wconf 89' lang='lat' dir='ltr'><strong>Nunc</strong></span> <span class='ocrx_word' id='word_1_133' title='bbox 1557 1638 1837 1695; x_wconf 90' lang='lat' dir='ltr'><strong>confracta</strong></span> <span class='ocrx_word' id='word_1_134' title='bbox 1867 1654 1928 1694; x_wconf 92' lang='lat' dir='ltr'><strong>es</strong></span> <span class='ocrx_word' id='word_1_135' title='bbox 1957 1638 2010 1693; x_wconf 91' lang='lat' dir='ltr'><strong>in</strong></span> 
     </span>
    </p>
   </div>
   <div class='ocr_carea' id='block_1_19' title="bbox 435 1730 2010 1803">
    <p class='ocr_par' dir='ltr' id='par_1_19' title="bbox 435 1730 2010 1803">
     <span class='ocr_line' id='line_1_19' title="bbox 435 1730 2010 1803; baseline 0.001 -17"><span class='ocrx_word' id='word_1_136' title='bbox 435 1733 597 1798; x_wconf 90' lang='lat' dir='ltr'><strong>mari,</strong></span> <span class='ocrx_word' id='word_1_137' title='bbox 638 1733 692 1787; x_wconf 92' lang='lat' dir='ltr'><strong>in</strong></span> <span class='ocrx_word' id='word_1_138' title='bbox 720 1732 997 1803; x_wconf 87' lang='lat' dir='ltr'><strong>profundo</strong></span> <span class='ocrx_word' id='word_1_139' title='bbox 1035 1748 1188 1803; x_wconf 68' lang='lat' dir='ltr'><strong>aqua:</strong></span> <span class='ocrx_word' id='word_1_140' title='bbox 1216 1733 1564 1788; x_wconf 89' lang='lat' dir='ltr'><strong>commistum</strong></span> <span class='ocrx_word' id='word_1_141' title='bbox 1611 1733 1708 1800; x_wconf 91' lang='lat' dir='ltr'><strong>tui,</strong></span> <span class='ocrx_word' id='word_1_142' title='bbox 1740 1743 1795 1789; x_wconf 90' lang='lat' dir='ltr'><strong>et</strong></span> <span class='ocrx_word' id='word_1_143' title='bbox 1831 1730 2010 1788; x_wconf 91' lang='lat' dir='ltr'><strong>omnis</strong></span> 
     </span>
    </p>
   </div>
   <div class='ocr_carea' id='block_1_20' title="bbox 433 1823 2008 1882">
    <p class='ocr_par' dir='ltr' id='par_1_20' title="bbox 433 1823 2008 1882">
     <span class='ocr_line' id='line_1_20' title="bbox 433 1823 2008 1882; baseline -0.001 -2"><span class='ocrx_word' id='word_1_144' title='bbox 433 1833 610 1882; x_wconf 59' lang='lat' dir='ltr'><strong>curtus</strong></span> <span class='ocrx_word' id='word_1_145' title='bbox 650 1834 776 1880; x_wconf 92' lang='lat' dir='ltr'><strong>tuus</strong></span> <span class='ocrx_word' id='word_1_146' title='bbox 811 1825 864 1879; x_wconf 90' lang='lat' dir='ltr'><strong>in</strong></span> <span class='ocrx_word' id='word_1_147' title='bbox 910 1824 1089 1879; x_wconf 89' lang='lat' dir='ltr'><strong>medio</strong></span> <span class='ocrx_word' id='word_1_148' title='bbox 1137 1824 1234 1878; x_wconf 89' lang='lat' dir='ltr'><strong>tui.</strong></span> <span class='ocrx_word' id='word_1_149' title='bbox 1292 1824 1384 1878; x_wconf 76' lang='lat'><strong>33..</strong></span> <span class='ocrx_word' id='word_1_150' title='bbox 1447 1823 1773 1878; x_wconf 87' lang='lat' dir='ltr'><strong>Ceciderunt</strong></span> <span class='ocrx_word' id='word_1_151' title='bbox 1815 1839 2008 1879; x_wconf 90' lang='lat' dir='ltr'><strong>omnes</strong></span> 
     </span>
    </p>
   </div>
   <div class='ocr_carea' id='block_1_21' title="bbox 432 1914 2008 1978">
    <p class='ocr_par' dir='ltr' id='par_1_21' title="bbox 432 1914 2008 1978">
     <span class='ocr_line' id='line_1_21' title="bbox 432 1914 2008 1978; baseline -0.001 -8"><span class='ocrx_word' id='word_1_152' title='bbox 432 1915 690 1970; x_wconf 88' lang='lat' dir='ltr'><strong>ductores</strong></span> <span class='ocrx_word' id='word_1_153' title='bbox 739 1929 1021 1969; x_wconf 88' lang='lat' dir='ltr'><strong>remorum</strong></span> <span class='ocrx_word' id='word_1_154' title='bbox 1065 1923 1306 1978; x_wconf 88' lang='lat' dir='ltr'><strong>tuorum,</strong></span> <span class='ocrx_word' id='word_1_155' title='bbox 1354 1929 1546 1970; x_wconf 89' lang='lat' dir='ltr'><strong>omnes</strong></span> <span class='ocrx_word' id='word_1_156' title='bbox 1589 1914 1899 1968; x_wconf 83' lang='lat' dir='ltr'><strong>habitantes</strong></span> <span class='ocrx_word' id='word_1_157' title='bbox 1954 1916 2008 1968; x_wconf 87' lang='lat' dir='ltr'><strong>in</strong></span> 
     </span>
    </p>
   </div>
   <div class='ocr_carea' id='block_1_22' title="bbox 434 2005 2016 2075">
    <p class='ocr_par' dir='ltr' id='par_1_22' title="bbox 434 2005 2016 2075">
     <span class='ocr_line' id='line_1_22' title="bbox 434 2005 2016 2075; baseline 0 -16"><span class='ocrx_word' id='word_1_158' title='bbox 434 2006 630 2061; x_wconf 87' lang='lat' dir='ltr'><strong>insulis</strong></span> <span class='ocrx_word' id='word_1_159' title='bbox 679 2005 983 2060; x_wconf 82' lang='lat' dir='ltr'><strong>contristati</strong></span> <span class='ocrx_word' id='word_1_160' title='bbox 1026 2014 1155 2060; x_wconf 87' lang='lat' dir='ltr'><strong>sunt</strong></span> <span class='ocrx_word' id='word_1_161' title='bbox 1207 2019 1370 2075; x_wconf 86' lang='lat' dir='ltr'><strong>super</strong></span> <span class='ocrx_word' id='word_1_162' title='bbox 1408 2014 1489 2068; x_wconf 77' lang='lat' dir='ltr'><strong>te,</strong></span> <span class='ocrx_word' id='word_1_163' title='bbox 1519 2014 1574 2059; x_wconf 89' lang='lat' dir='ltr'><strong>et</strong></span> <span class='ocrx_word' id='word_1_164' title='bbox 1624 2020 1780 2075; x_wconf 87' lang='lat' dir='ltr'><strong>reges</strong></span> <span class='ocrx_word' id='word_1_165' title='bbox 1817 2020 2016 2059; x_wconf 84' lang='lat' dir='ltr'><strong>eorum</strong></span> 
     </span>
    </p>
   </div>
   <div class='ocr_carea' id='block_1_23' title="bbox 433 2093 2008 2167">
    <p class='ocr_par' dir='ltr' id='par_1_23' title="bbox 433 2093 2008 2167">
     <span class='ocr_line' id='line_1_23' title="bbox 433 2093 2008 2167; baseline -0.002 -15"><span class='ocrx_word' id='word_1_166' title='bbox 433 2104 660 2167; x_wconf 88' lang='lat' dir='ltr'><strong>stupore</strong></span> <span class='ocrx_word' id='word_1_167' title='bbox 703 2096 1100 2166; x_wconf 85' lang='lat' dir='ltr'><strong>obstupuerunt</strong></span> <span class='ocrx_word' id='word_1_168' title='bbox 1150 2095 1251 2164; x_wconf 83' lang='grc' dir='ltr'><strong>(ά),</strong></span> <span class='ocrx_word' id='word_1_169' title='bbox 1304 2103 1357 2149; x_wconf 90' lang='lat' dir='ltr'><strong>et</strong></span> <span class='ocrx_word' id='word_1_170' title='bbox 1399 2093 1676 2148; x_wconf 88' lang='lat' dir='ltr'><strong>lacrimata</strong></span> <span class='ocrx_word' id='word_1_171' title='bbox 1719 2101 1803 2149; x_wconf 89' lang='lat' dir='ltr'><strong>est</strong></span> <span class='ocrx_word' id='word_1_172' title='bbox 1841 2094 2008 2150; x_wconf 88' lang='lat' dir='ltr'><strong>facies</strong></span> 
     </span>
    </p>
   </div>
   <div class='ocr_carea' id='block_1_24' title="bbox 431 2186 2010 2260">
    <p class='ocr_par' dir='ltr' id='par_1_24' title="bbox 431 2186 2010 2260">
     <span class='ocr_line' id='line_1_24' title="bbox 431 2186 2010 2260; baseline -0.002 -15"><span class='ocrx_word' id='word_1_173' title='bbox 431 2204 622 2245; x_wconf 92' lang='lat' dir='ltr'><strong>eorum</strong></span> <span class='ocrx_word' id='word_1_174' title='bbox 651 2205 815 2260; x_wconf 92' lang='lat' dir='ltr'><strong>super</strong></span> <span class='ocrx_word' id='word_1_175' title='bbox 851 2197 924 2244; x_wconf 91' lang='lat' dir='ltr'><strong>te.</strong></span> <span class='ocrx_word' id='word_1_176' title='bbox 960 2189 1048 2243; x_wconf 75' lang='lat'><strong>56.</strong></span> <span class='ocrx_word' id='word_1_177' title='bbox 1079 2186 1456 2258; x_wconf 88' lang='lat' dir='ltr'><strong>Negotiatores</strong></span> <span class='ocrx_word' id='word_1_178' title='bbox 1481 2202 1512 2242; x_wconf 91' lang='lat' dir='ltr'><strong>e</strong></span> <span class='ocrx_word' id='word_1_179' title='bbox 1544 2187 1795 2257; x_wconf 81' lang='lat' dir='ltr'><strong>gentibus</strong></span> <span class='ocrx_word' id='word_1_180' title='bbox 1823 2187 2010 2246; x_wconf 85' lang='lat' dir='ltr'><strong>sibila-</strong></span> 
     </span>
    </p>
   </div>
   <div class='ocr_carea' id='block_1_25' title="bbox 429 2280 2007 2354">
    <p class='ocr_par' dir='ltr' id='par_1_25' title="bbox 429 2280 2007 2354">
     <span class='ocr_line' id='line_1_25' title="bbox 429 2280 2007 2354; baseline -0.001 -18"><span class='ocrx_word' id='word_1_181' title='bbox 429 2291 627 2338; x_wconf 84' lang='lat' dir='ltr'><strong>verunt</strong></span> <span class='ocrx_word' id='word_1_182' title='bbox 653 2298 817 2354; x_wconf 82' lang='lat' dir='ltr'><strong>super</strong></span> <span class='ocrx_word' id='word_1_183' title='bbox 847 2291 898 2338; x_wconf 92' lang='lat' dir='ltr'><strong>te</strong></span> <span class='ocrx_word' id='word_1_184' title='bbox 927 2300 940 2336; x_wconf 92' lang='lat'><strong>:</strong></span> <span class='ocrx_word' id='word_1_185' title='bbox 972 2282 1205 2352; x_wconf 89' lang='lat' dir='ltr'><strong>perditio</strong></span> <span class='ocrx_word' id='word_1_186' title='bbox 1250 2281 1391 2335; x_wconf 90' lang='lat' dir='ltr'><strong>facta</strong></span> <span class='ocrx_word' id='word_1_187' title='bbox 1417 2295 1498 2343; x_wconf 88' lang='lat' dir='ltr'><strong>es,</strong></span> <span class='ocrx_word' id='word_1_188' title='bbox 1545 2288 1601 2334; x_wconf 87' lang='lat' dir='ltr'><strong>et</strong></span> <span class='ocrx_word' id='word_1_189' title='bbox 1632 2295 1738 2334; x_wconf 90' lang='lat' dir='ltr'><strong>non</strong></span> <span class='ocrx_word' id='word_1_190' title='bbox 1771 2280 2007 2350; x_wconf 90' lang='lat' dir='ltr'><strong>amplius</strong></span> 
     </span>
    </p>
   </div>
   <div class='ocr_carea' id='block_1_26' title="bbox 429 2373 1658 2440">
    <p class='ocr_par' dir='ltr' id='par_1_26' title="bbox 429 2373 1658 2440">
     <span class='ocr_line' id='line_1_26' title="bbox 429 2373 1658 2440; baseline -0.003 -8"><span class='ocrx_word' id='word_1_191' title='bbox 429 2377 540 2432; x_wconf 85' lang='lat' dir='ltr'><strong>eris</strong></span> <span class='ocrx_word' id='word_1_192' title='bbox 566 2378 620 2430; x_wconf 89' lang='lat' dir='ltr'><strong>in</strong></span> <span class='ocrx_word' id='word_1_193' title='bbox 654 2377 937 2440; x_wconf 68' lang='lat' dir='ltr'><strong>saeculum,</strong></span> <span class='ocrx_word' id='word_1_194' title='bbox 975 2375 1106 2430; x_wconf 89' lang='lat' dir='ltr'><strong>dicit</strong></span> <span class='ocrx_word' id='word_1_195' title='bbox 1133 2375 1344 2429; x_wconf 83' lang='lat' dir='ltr'><strong>Adonai</strong></span> <span class='ocrx_word' id='word_1_196' title='bbox 1372 2373 1658 2431; x_wconf 90' lang='lat' dir='ltr'><strong>Dominus.</strong></span> 
     </span>
    </p>
   </div>
   <div class='ocr_carea' id='block_1_27' title="bbox 499 2464 2006 2536">
    <p class='ocr_par' dir='ltr' id='par_1_27' title="bbox 499 2464 2006 2536">
     <span class='ocr_line' id='line_1_27' title="bbox 499 2464 2006 2536; baseline -0.004 -13"><span class='ocrx_word' id='word_1_197' title='bbox 499 2467 650 2523; x_wconf 81' lang='lat' dir='ltr'><strong>CAP.</strong></span> <span class='ocrx_word' id='word_1_198' title='bbox 671 2467 1046 2521; x_wconf 73' lang='lat' dir='ltr'><strong>XXVlll.—-l.</strong></span> <span class='ocrx_word' id='word_1_199' title='bbox 1062 2465 1234 2536; x_wconf 89' lang='lat' dir='ltr'><strong>Super</strong></span> <span class='ocrx_word' id='word_1_200' title='bbox 1252 2466 1522 2536; x_wconf 88' lang='lat' dir='ltr'><strong>principes</strong></span> <span class='ocrx_word' id='word_1_201' title='bbox 1544 2466 1691 2534; x_wconf 84' lang='lat' dir='ltr'><strong>Tyri.</strong></span> <span class='ocrx_word' id='word_1_202' title='bbox 1717 2466 1784 2519; x_wconf 89' lang='lat' dir='ltr'><strong>Et</strong></span> <span class='ocrx_word' id='word_1_203' title='bbox 1805 2464 2006 2519; x_wconf 74' lang='lat' dir='ltr'><strong>factum</strong></span> 
     </span>
    </p>
   </div>
   <div class='ocr_carea' id='block_1_28' title="bbox 427 2553 2006 2618">
    <p class='ocr_par' dir='ltr' id='par_1_28' title="bbox 427 2553 2006 2618">
     <span class='ocr_line' id='line_1_28' title="bbox 427 2553 2006 2618; baseline -0.003 -8"><span class='ocrx_word' id='word_1_204' title='bbox 427 2564 514 2611; x_wconf 87' lang='lat' dir='ltr'><strong>est</strong></span> <span class='ocrx_word' id='word_1_205' title='bbox 560 2556 788 2609; x_wconf 79' lang='lat' dir='ltr'><strong>verbum</strong></span> <span class='ocrx_word' id='word_1_206' title='bbox 833 2554 1048 2609; x_wconf 89' lang='lat' dir='ltr'><strong>Domini</strong></span> <span class='ocrx_word' id='word_1_207' title='bbox 1088 2555 1154 2609; x_wconf 85' lang='lat' dir='ltr'><strong>ad</strong></span> <span class='ocrx_word' id='word_1_208' title='bbox 1191 2570 1296 2618; x_wconf 92' lang='lat' dir='ltr'><strong>me,</strong></span> <span class='ocrx_word' id='word_1_209' title='bbox 1332 2555 1520 2610; x_wconf 90' lang='lat' dir='ltr'><strong>dicens</strong></span> <span class='ocrx_word' id='word_1_210' title='bbox 1554 2554 1650 2608; x_wconf 91' lang='lat'><strong>:2.</strong></span> <span class='ocrx_word' id='word_1_211' title='bbox 1698 2554 1764 2608; x_wconf 82' lang='lat' dir='ltr'><strong>Et</strong></span> <span class='ocrx_word' id='word_1_212' title='bbox 1805 2567 1884 2617; x_wconf 89' lang='lat' dir='ltr'><strong>tu,</strong></span> <span class='ocrx_word' id='word_1_213' title='bbox 1931 2553 2006 2607; x_wconf 84' lang='lat' dir='ltr'><strong>fili</strong></span> 
     </span>
    </p>
   </div>
   <div class='ocr_carea' id='block_1_29' title="bbox 429 2644 2006 2715">
    <p class='ocr_par' dir='ltr' id='par_1_29' title="bbox 429 2644 2006 2715">
     <span class='ocr_line' id='line_1_29' title="bbox 429 2644 2006 2715; baseline 0 -15"><span class='ocrx_word' id='word_1_214' title='bbox 429 2646 687 2712; x_wconf 88' lang='lat' dir='ltr'><strong>hominis,</strong></span> <span class='ocrx_word' id='word_1_215' title='bbox 749 2645 839 2700; x_wconf 92' lang='lat' dir='ltr'><strong>dic</strong></span> <span class='ocrx_word' id='word_1_216' title='bbox 889 2644 1118 2715; x_wconf 91' lang='lat' dir='ltr'><strong>principi</strong></span> <span class='ocrx_word' id='word_1_217' title='bbox 1171 2644 1343 2715; x_wconf 79' lang='lat' dir='ltr'><strong>Tyri:</strong></span> <span class='ocrx_word' id='word_1_218' title='bbox 1381 2644 1507 2700; x_wconf 65' lang='lat' dir='ltr'><strong>Haec</strong></span> <span class='ocrx_word' id='word_1_219' title='bbox 1555 2645 1690 2700; x_wconf 86' lang='lat' dir='ltr'><strong>dicit</strong></span> <span class='ocrx_word' id='word_1_220' title='bbox 1737 2645 2006 2700; x_wconf 91' lang='lat' dir='ltr'><strong>Dominus</strong></span> 
     </span>
    </p>
   </div>
   <div class='ocr_carea' id='block_1_30' title="bbox 427 2737 2005 2808">
    <p class='ocr_par' dir='ltr' id='par_1_30' title="bbox 427 2737 2005 2808">
     <span class='ocr_line' id='line_1_30' title="bbox 427 2737 2005 2808; baseline 0 -16"><span class='ocrx_word' id='word_1_221' title='bbox 427 2737 695 2795; x_wconf 88' lang='lat' dir='ltr'><strong>Dominus</strong></span> <span class='ocrx_word' id='word_1_222' title='bbox 727 2755 741 2792; x_wconf 91' lang='lat'>:</span> <span class='ocrx_word' id='word_1_223' title='bbox 780 2737 885 2792; x_wconf 87' lang='lat' dir='ltr'><strong>Pro</strong></span> <span class='ocrx_word' id='word_1_224' title='bbox 911 2753 976 2793; x_wconf 88' lang='lat' dir='ltr'><strong>eo</strong></span> <span class='ocrx_word' id='word_1_225' title='bbox 1007 2737 1152 2808; x_wconf 90' lang='lat' dir='ltr'><strong>quod</strong></span> <span class='ocrx_word' id='word_1_226' title='bbox 1177 2737 1442 2793; x_wconf 74' lang='lat' dir='ltr'><strong>elevatum</strong></span> <span class='ocrx_word' id='word_1_227' title='bbox 1482 2746 1564 2793; x_wconf 88' lang='lat' dir='ltr'><strong>est</strong></span> <span class='ocrx_word' id='word_1_228' title='bbox 1608 2754 1703 2794; x_wconf 89' lang='lat' dir='ltr'><strong>cor</strong></span> <span class='ocrx_word' id='word_1_229' title='bbox 1735 2747 1911 2802; x_wconf 91' lang='lat' dir='ltr'><strong>tuum,</strong></span> <span class='ocrx_word' id='word_1_230' title='bbox 1951 2747 2005 2792; x_wconf 89' lang='lat' dir='ltr'><strong>et</strong></span> 
     </span>
    </p>
   </div>
   <div class='ocr_carea' id='block_1_31' title="bbox 427 2828 2004 2900">
    <p class='ocr_par' dir='ltr' id='par_1_31' title="bbox 427 2828 2004 2900">
     <span class='ocr_line' id='line_1_31' title="bbox 427 2828 2004 2900; baseline 0 -16"><span class='ocrx_word' id='word_1_231' title='bbox 427 2829 614 2885; x_wconf 82' lang='lat' dir='ltr'><strong>dixisti</strong></span> <span class='ocrx_word' id='word_1_232' title='bbox 647 2848 659 2883; x_wconf 92' lang='lat'>:</span> <span class='ocrx_word' id='word_1_233' title='bbox 688 2828 828 2885; x_wconf 89' lang='lat' dir='ltr'><strong>Deus</strong></span> <span class='ocrx_word' id='word_1_234' title='bbox 859 2844 980 2884; x_wconf 88' lang='lat' dir='ltr'><strong>sum</strong></span> <span class='ocrx_word' id='word_1_235' title='bbox 1015 2844 1137 2900; x_wconf 89' lang='lat' dir='ltr'><strong>ego,</strong></span> <span class='ocrx_word' id='word_1_236' title='bbox 1176 2831 1540 2887; x_wconf 88' lang='lat' dir='ltr'><strong>habitaculum</strong></span> <span class='ocrx_word' id='word_1_237' title='bbox 1569 2831 1662 2885; x_wconf 89' lang='lat' dir='ltr'><strong>Dei</strong></span> <span class='ocrx_word' id='word_1_238' title='bbox 1709 2831 2004 2886; x_wconf 72' lang='lat' dir='ltr'><strong>inhabitari</strong></span> 
     </span>
    </p>
   </div>
   <div class='ocr_carea' id='block_1_32' title="bbox 427 2922 2006 2988">
    <p class='ocr_par' dir='ltr' id='par_1_32' title="bbox 427 2922 2006 2988">
     <span class='ocr_line' id='line_1_32' title="bbox 427 2922 2006 2988; baseline 0.001 -13"><span class='ocrx_word' id='word_1_239' title='bbox 427 2923 484 2976; x_wconf 90' lang='lat' dir='ltr'><strong>in</strong></span> <span class='ocrx_word' id='word_1_240' title='bbox 507 2922 672 2976; x_wconf 91' lang='lat' dir='ltr'><strong>corde</strong></span> <span class='ocrx_word' id='word_1_241' title='bbox 701 2922 889 2988; x_wconf 87' lang='lat' dir='ltr'><strong>maris,</strong></span> <span class='ocrx_word' id='word_1_242' title='bbox 922 2932 978 2977; x_wconf 94' lang='lat' dir='ltr'><strong>tu</strong></span> <span class='ocrx_word' id='word_1_243' title='bbox 1009 2931 1188 2977; x_wconf 87' lang='lat' dir='ltr'><strong>autem</strong></span> <span class='ocrx_word' id='word_1_244' title='bbox 1219 2939 1278 2979; x_wconf 91' lang='lat' dir='ltr'><strong>es</strong></span> <span class='ocrx_word' id='word_1_245' title='bbox 1308 2923 1494 2988; x_wconf 91' lang='lat' dir='ltr'><strong>homo,</strong></span> <span class='ocrx_word' id='word_1_246' title='bbox 1530 2931 1585 2979; x_wconf 89' lang='lat' dir='ltr'><strong>et</strong></span> <span class='ocrx_word' id='word_1_247' title='bbox 1612 2939 1720 2979; x_wconf 91' lang='lat' dir='ltr'><strong>non</strong></span> <span class='ocrx_word' id='word_1_248' title='bbox 1750 2922 1916 2982; x_wconf 86' lang='lat' dir='ltr'><strong>Deus.</strong></span> <span class='ocrx_word' id='word_1_249' title='bbox 1951 2930 2006 2977; x_wconf 89' lang='lat' dir='ltr'><strong>et</strong></span> 
     </span>
    </p>
   </div>
   <div class='ocr_carea' id='block_1_33' title="bbox 2117 451 3705 524">
    <p class='ocr_par' dir='ltr' id='par_1_33' title="bbox 2117 451 3705 524">
     <span class='ocr_line' id='line_1_33' title="bbox 2117 451 3705 524; baseline -0.001 -16"><span class='ocrx_word' id='word_1_250' title='bbox 2117 453 2534 519; x_wconf 85' lang='lat' dir='ltr'><strong>carbunculum,</strong></span> <span class='ocrx_word' id='word_1_251' title='bbox 2599 462 2654 508; x_wconf 92' lang='lat' dir='ltr'><strong>et</strong></span> <span class='ocrx_word' id='word_1_252' title='bbox 2725 453 3044 524; x_wconf 87' lang='lat' dir='ltr'><strong>sapbirum,</strong></span> <span class='ocrx_word' id='word_1_253' title='bbox 3116 461 3171 507; x_wconf 90' lang='lat' dir='ltr'><strong>et</strong></span> <span class='ocrx_word' id='word_1_254' title='bbox 3233 451 3540 522; x_wconf 70' lang='lat' dir='ltr'><strong>iaspidem.</strong></span> <span class='ocrx_word' id='word_1_255' title='bbox 3566 466 3624 505; x_wconf 66' lang='grc' dir='ltr'><strong>-ιο</strong></span> <span class='ocrx_word' id='word_1_256' title='bbox 3650 460 3705 506; x_wconf 88' lang='lat' dir='ltr'><strong>et</strong></span> 
     </span>
    </p>
   </div>
   <div class='ocr_carea' id='block_1_34' title="bbox 2117 542 3706 617">
    <p class='ocr_par' dir='ltr' id='par_1_34' title="bbox 2117 542 3706 617">
     <span class='ocr_line' id='line_1_34' title="bbox 2117 542 3706 617; baseline -0.002 -18"><span class='ocrx_word' id='word_1_257' title='bbox 2117 555 2423 616; x_wconf 79' lang='lat' dir='ltr'><strong>argentum,</strong></span> <span class='ocrx_word' id='word_1_258' title='bbox 2458 554 2512 601; x_wconf 90' lang='lat' dir='ltr'><strong>et</strong></span> <span class='ocrx_word' id='word_1_259' title='bbox 2542 561 2734 600; x_wconf 90' lang='lat' dir='ltr'><strong>aurum</strong></span> <span class='ocrx_word' id='word_1_260' title='bbox 2766 547 2814 614; x_wconf 74' lang='grc' dir='ltr'><strong>ζ,</strong></span> <span class='ocrx_word' id='word_1_261' title='bbox 2842 555 2896 600; x_wconf 90' lang='lat' dir='ltr'><strong>et</strong></span> <span class='ocrx_word' id='word_1_262' title='bbox 2940 545 3220 617; x_wconf 88' lang='lat' dir='ltr'><strong>ligurium,</strong></span> <span class='ocrx_word' id='word_1_263' title='bbox 3253 552 3308 597; x_wconf 90' lang='lat' dir='ltr'><strong>et</strong></span> <span class='ocrx_word' id='word_1_264' title='bbox 3349 542 3606 608; x_wconf 86' lang='lat' dir='ltr'><strong>achaten,</strong></span> <span class='ocrx_word' id='word_1_265' title='bbox 3651 551 3706 596; x_wconf 86' lang='lat' dir='ltr'><strong>et</strong></span> 
     </span>
    </p>
   </div>
   <div class='ocr_carea' id='block_1_35' title="bbox 2116 634 3705 708">
    <p class='ocr_par' dir='ltr' id='par_1_35' title="bbox 2116 634 3705 708">
     <span class='ocr_line' id='line_1_35' title="bbox 2116 634 3705 708; baseline -0.005 -16"><span class='ocrx_word' id='word_1_266' title='bbox 2116 637 2506 708; x_wconf 83' lang='lat' dir='ltr'><strong>amethystum,</strong></span> <span class='ocrx_word' id='word_1_267' title='bbox 2533 645 2588 692; x_wconf 93' lang='lat' dir='ltr'><strong>et</strong></span> <span class='ocrx_word' id='word_1_268' title='bbox 2612 637 3026 708; x_wconf 82' lang='lat' dir='ltr'><strong>chrysolithum,</strong></span> <span class='ocrx_word' id='word_1_269' title='bbox 3053 634 3426 705; x_wconf 67' lang='lat' dir='ltr'><strong>etheryllum,</strong></span> <span class='ocrx_word' id='word_1_270' title='bbox 3461 643 3516 688; x_wconf 87' lang='lat' dir='ltr'><strong>et</strong></span> <span class='ocrx_word' id='word_1_271' title='bbox 3562 647 3705 703; x_wconf 86' lang='lat' dir='ltr'><strong>ony-</strong></span> 
     </span>
    </p>
   </div>
   <div class='ocr_carea' id='block_1_36' title="bbox 2116 727 3702 804">
    <p class='ocr_par' dir='ltr' id='par_1_36' title="bbox 2116 727 3702 804">
     <span class='ocr_line' id='line_1_36' title="bbox 2116 727 3702 804; baseline -0.006 -15"><span class='ocrx_word' id='word_1_272' title='bbox 2116 735 2293 800; x_wconf 91' lang='lat' dir='ltr'><strong>chcm,</strong></span> <span class='ocrx_word' id='word_1_273' title='bbox 2325 742 2379 789; x_wconf 92' lang='lat' dir='ltr'><strong>et</strong></span> <span class='ocrx_word' id='word_1_274' title='bbox 2405 747 2540 788; x_wconf 91' lang='lat' dir='ltr'><strong>auro</strong></span> <span class='ocrx_word' id='word_1_275' title='bbox 2571 732 2866 804; x_wconf 81' lang='lat' dir='ltr'><strong>implevisti</strong></span> <span class='ocrx_word' id='word_1_276' title='bbox 2913 734 3200 787; x_wconf 86' lang='lat' dir='ltr'><strong>thesauros</strong></span> <span class='ocrx_word' id='word_1_277' title='bbox 3232 738 3375 795; x_wconf 90' lang='lat' dir='ltr'><strong>tuos,</strong></span> <span class='ocrx_word' id='word_1_278' title='bbox 3413 737 3468 782; x_wconf 89' lang='lat' dir='ltr'><strong>et</strong></span> <span class='ocrx_word' id='word_1_279' title='bbox 3501 727 3702 780; x_wconf 83' lang='lat' dir='ltr'><strong>horrea</strong></span> 
     </span>
    </p>
   </div>
   <div class='ocr_carea' id='block_1_37' title="bbox 2116 818 3705 894">
    <p class='ocr_par' dir='ltr' id='par_1_37' title="bbox 2116 818 3705 894">
     <span class='ocr_line' id='line_1_37' title="bbox 2116 818 3705 894; baseline -0.008 -12"><span class='ocrx_word' id='word_1_280' title='bbox 2116 836 2208 882; x_wconf 90' lang='lat' dir='ltr'><strong>tua</strong></span> <span class='ocrx_word' id='word_1_281' title='bbox 2232 827 2350 882; x_wconf 90' lang='lat' dir='ltr'><strong>tibi.</strong></span> <span class='ocrx_word' id='word_1_282' title='bbox 2393 827 2482 881; x_wconf 69' lang='grc'><strong>14.</strong></span> <span class='ocrx_word' id='word_1_283' title='bbox 2522 825 2567 878; x_wconf 75' lang='grc' dir='ltr'>Α</span> <span class='ocrx_word' id='word_1_284' title='bbox 2597 825 2706 890; x_wconf 90' lang='lat' dir='ltr'><strong>die,</strong></span> <span class='ocrx_word' id='word_1_285' title='bbox 2734 837 2844 894; x_wconf 93' lang='lat' dir='ltr'><strong>quo</strong></span> <span class='ocrx_word' id='word_1_286' title='bbox 2875 829 3090 878; x_wconf 90' lang='lat' dir='ltr'><strong>creatus</strong></span> <span class='ocrx_word' id='word_1_287' title='bbox 3114 835 3197 885; x_wconf 90' lang='lat' dir='ltr'><strong>es,</strong></span> <span class='ocrx_word' id='word_1_288' title='bbox 3228 822 3295 888; x_wconf 62' lang='lat'><strong>)9:</strong></span> <span class='ocrx_word' id='word_1_289' title='bbox 3317 818 3392 888; x_wconf 87' lang='lat' dir='ltr'><strong>(g)</strong></span> <span class='ocrx_word' id='word_1_290' title='bbox 3428 832 3705 886; x_wconf 68' lang='lat' dir='ltr'><strong>praapara-</strong></span> 
     </span>
    </p>
   </div>
   <div class='ocr_carea' id='block_1_38' title="bbox 2115 909 3702 990">
    <p class='ocr_par' dir='ltr' id='par_1_38' title="bbox 2115 909 3702 990">
     <span class='ocr_line' id='line_1_38' title="bbox 2115 909 3702 990; baseline -0.008 -15"><span class='ocrx_word' id='word_1_291' title='bbox 2115 930 2245 976; x_wconf 90' lang='lat' dir='ltr'><strong>runt</strong></span> <span class='ocrx_word' id='word_1_292' title='bbox 2280 921 2302 990; x_wconf 72' lang='grc' dir='ltr'>ζ</span> <span class='ocrx_word' id='word_1_293' title='bbox 2334 935 2455 976; x_wconf 93' lang='lat' dir='ltr'><strong>cum</strong></span> <span class='ocrx_word' id='word_1_294' title='bbox 2481 920 2547 987; x_wconf 60' lang='lat'><strong>)9:</strong></span> <span class='ocrx_word' id='word_1_295' title='bbox 2569 916 2788 972; x_wconf 88' lang='lat' dir='ltr'><strong>Cherub</strong></span> <span class='ocrx_word' id='word_1_296' title='bbox 2819 923 3005 978; x_wconf 90' lang='lat' dir='ltr'><strong>uncto,</strong></span> <span class='ocrx_word' id='word_1_297' title='bbox 3034 911 3395 968; x_wconf 87' lang='lat' dir='ltr'><strong>commoranti</strong></span> <span class='ocrx_word' id='word_1_298' title='bbox 3436 911 3488 964; x_wconf 93' lang='lat' dir='ltr'><strong>in</strong></span> <span class='ocrx_word' id='word_1_299' title='bbox 3515 909 3702 964; x_wconf 85' lang='lat' dir='ltr'><strong>taber-</strong></span> 
     </span>
    </p>
   </div>
   <div class='ocr_carea' id='block_1_39' title="bbox 2116 1001 3702 1081">
    <p class='ocr_par' dir='ltr' id='par_1_39' title="bbox 2116 1001 3702 1081">
     <span class='ocr_line' id='line_1_39' title="bbox 2116 1001 3702 1081; baseline -0.006 -14"><span class='ocrx_word' id='word_1_300' title='bbox 2116 1012 2311 1067; x_wconf 90' lang='lat' dir='ltr'><strong>naculo</strong></span> <span class='ocrx_word' id='word_1_301' title='bbox 2340 1013 2362 1081; x_wconf 71' lang='grc' dir='ltr'>ζ</span> <span class='ocrx_word' id='word_1_302' title='bbox 2400 1030 2415 1066; x_wconf 89' lang='lat'><strong>:</strong></span> <span class='ocrx_word' id='word_1_303' title='bbox 2449 1019 2503 1066; x_wconf 93' lang='lat' dir='ltr'><strong>et</strong></span> <span class='ocrx_word' id='word_1_304' title='bbox 2528 1008 2654 1066; x_wconf 88' lang='lat' dir='ltr'><strong>dedi</strong></span> <span class='ocrx_word' id='word_1_305' title='bbox 2683 1007 2814 1062; x_wconf 92' lang='lat' dir='ltr'><strong>tein</strong></span> <span class='ocrx_word' id='word_1_306' title='bbox 2839 1015 3024 1062; x_wconf 85' lang='lat' dir='ltr'><strong>monte</strong></span> <span class='ocrx_word' id='word_1_307' title='bbox 3057 1013 3248 1059; x_wconf 89' lang='lat' dir='ltr'><strong>sancto</strong></span> <span class='ocrx_word' id='word_1_308' title='bbox 3275 1001 3390 1067; x_wconf 87' lang='lat' dir='ltr'><strong>Dei,</strong></span> <span class='ocrx_word' id='word_1_309' title='bbox 3428 1001 3608 1057; x_wconf 88' lang='lat' dir='ltr'><strong>factus</strong></span> <span class='ocrx_word' id='word_1_310' title='bbox 3640 1017 3702 1058; x_wconf 87' lang='lat' dir='ltr'><strong>cs</strong></span> 
     </span>
    </p>
   </div>
   <div class='ocr_carea' id='block_1_40' title="bbox 2117 1083 3701 1172">
    <p class='ocr_par' dir='ltr' id='par_1_40' title="bbox 2117 1083 3701 1172">
     <span class='ocr_line' id='line_1_40' title="bbox 2117 1083 3701 1172; baseline -0.006 -16"><span class='ocrx_word' id='word_1_311' title='bbox 2117 1103 2171 1157; x_wconf 89' lang='lat' dir='ltr'><strong>in</strong></span> <span class='ocrx_word' id='word_1_312' title='bbox 2194 1102 2372 1158; x_wconf 91' lang='lat' dir='ltr'><strong>medio</strong></span> <span class='ocrx_word' id='word_1_313' title='bbox 2400 1101 2642 1172; x_wconf 85' lang='lat' dir='ltr'><strong>lapidum</strong></span> <span class='ocrx_word' id='word_1_314' title='bbox 2676 1099 2986 1170; x_wconf 88' lang='lat' dir='ltr'><strong>igneorum.</strong></span> <span class='ocrx_word' id='word_1_315' title='bbox 3013 1096 3103 1151; x_wconf 81' lang='grc'><strong>15.</strong></span> <span class='ocrx_word' id='word_1_316' title='bbox 3135 1093 3304 1149; x_wconf 88' lang='lat' dir='ltr'><strong>Fuisti</strong></span> <span class='ocrx_word' id='word_1_317' title='bbox 3337 1094 3456 1150; x_wconf 89' lang='lat' dir='ltr'><strong>sine</strong></span> <span class='ocrx_word' id='word_1_318' title='bbox 3480 1083 3701 1148; x_wconf 86' lang='lat' dir='ltr'><strong>macula</strong></span> 
     </span>
    </p>
   </div>
   <div class='ocr_carea' id='block_1_41' title="bbox 2116 1184 3702 1258">
    <p class='ocr_par' dir='ltr' id='par_1_41' title="bbox 2116 1184 3702 1258">
     <span class='ocr_line' id='line_1_41' title="bbox 2116 1184 3702 1258; baseline -0.006 -9"><span class='ocrx_word' id='word_1_319' title='bbox 2116 1204 2173 1249; x_wconf 92' lang='lat' dir='ltr'><strong>tu</strong></span> <span class='ocrx_word' id='word_1_320' title='bbox 2205 1195 2258 1249; x_wconf 91' lang='lat' dir='ltr'><strong>in</strong></span> <span class='ocrx_word' id='word_1_321' title='bbox 2293 1193 2484 1249; x_wconf 83' lang='lat' dir='ltr'><strong>diebus</strong></span> <span class='ocrx_word' id='word_1_322' title='bbox 2513 1191 2643 1256; x_wconf 87' lang='lat' dir='ltr'><strong>tuis,</strong></span> <span class='ocrx_word' id='word_1_323' title='bbox 2681 1206 2712 1245; x_wconf 87' lang='lat' dir='ltr'><strong>a</strong></span> <span class='ocrx_word' id='word_1_324' title='bbox 2750 1189 2862 1255; x_wconf 82' lang='lat' dir='ltr'><strong>die,</strong></span> <span class='ocrx_word' id='word_1_325' title='bbox 2904 1202 3014 1258; x_wconf 83' lang='lat' dir='ltr'><strong>quo</strong></span> <span class='ocrx_word' id='word_1_326' title='bbox 3042 1195 3098 1242; x_wconf 91' lang='lat' dir='ltr'><strong>tu</strong></span> <span class='ocrx_word' id='word_1_327' title='bbox 3131 1195 3350 1242; x_wconf 89' lang='lat' dir='ltr'><strong>creatus</strong></span> <span class='ocrx_word' id='word_1_328' title='bbox 3389 1200 3469 1251; x_wconf 89' lang='lat' dir='ltr'><strong>es,</strong></span> <span class='ocrx_word' id='word_1_329' title='bbox 3521 1184 3702 1240; x_wconf 90' lang='lat' dir='ltr'><strong>donec</strong></span> 
     </span>
    </p>
   </div>
   <div class='ocr_carea' id='block_1_42' title="bbox 2117 1276 3701 1354">
    <p class='ocr_par' dir='ltr' id='par_1_42' title="bbox 2117 1276 3701 1354">
     <span class='ocr_line' id='line_1_42' title="bbox 2117 1276 3701 1354; baseline -0.008 -12"><span class='ocrx_word' id='word_1_330' title='bbox 2117 1287 2348 1342; x_wconf 62' lang='lat' dir='ltr'><strong>inventae.</strong></span> <span class='ocrx_word' id='word_1_331' title='bbox 2379 1282 2805 1354; x_wconf 80' lang='lat' dir='ltr'><strong>suntinjustitiae</strong></span> <span class='ocrx_word' id='word_1_332' title='bbox 2831 1289 2934 1336; x_wconf 68' lang='lat' dir='ltr'><strong>tua:</strong></span> <span class='ocrx_word' id='word_1_333' title='bbox 2960 1279 3014 1334; x_wconf 88' lang='lat' dir='ltr'><strong>in</strong></span> <span class='ocrx_word' id='word_1_334' title='bbox 3045 1286 3116 1334; x_wconf 89' lang='lat' dir='ltr'><strong>te.</strong></span> <span class='ocrx_word' id='word_1_335' title='bbox 3149 1277 3237 1332; x_wconf 84' lang='grc'><strong>16.</strong></span> <span class='ocrx_word' id='word_1_336' title='bbox 3270 1277 3311 1330; x_wconf 80' lang='grc' dir='ltr'>Α</span> <span class='ocrx_word' id='word_1_337' title='bbox 3346 1276 3701 1332; x_wconf 86' lang='lat' dir='ltr'><strong>multitudine</strong></span> 
     </span>
    </p>
   </div>
   <div class='ocr_carea' id='block_1_43' title="bbox 2116 1371 3699 1451">
    <p class='ocr_par' dir='ltr' id='par_1_43' title="bbox 2116 1371 3699 1451">
     <span class='ocr_line' id='line_1_43' title="bbox 2116 1371 3699 1451; baseline -0.008 -15"><span class='ocrx_word' id='word_1_338' title='bbox 2116 1379 2508 1451; x_wconf 77' lang='lat' dir='ltr'><strong>negotiationis</strong></span> <span class='ocrx_word' id='word_1_339' title='bbox 2543 1385 2650 1433; x_wconf 65' lang='lat' dir='ltr'><strong>tua:</strong></span> <span class='ocrx_word' id='word_1_340' title='bbox 2678 1372 2968 1446; x_wconf 84' lang='lat' dir='ltr'><strong>implevisti</strong></span> <span class='ocrx_word' id='word_1_341' title='bbox 2999 1371 3076 1444; x_wconf 76' lang='lat' dir='ltr'><strong>(Ii)</strong></span> <span class='ocrx_word' id='word_1_342' title='bbox 3111 1371 3330 1428; x_wconf 88' lang='lat' dir='ltr'><strong>cellaria</strong></span> <span class='ocrx_word' id='word_1_343' title='bbox 3362 1380 3454 1426; x_wconf 85' lang='lat' dir='ltr'><strong>tua</strong></span> <span class='ocrx_word' id='word_1_344' title='bbox 3485 1371 3699 1440; x_wconf 89' lang='lat' dir='ltr'><strong>iniqui-</strong></span> 
     </span>
    </p>
   </div>
   <div class='ocr_carea' id='block_1_44' title="bbox 2117 1460 3700 1539">
    <p class='ocr_par' dir='ltr' id='par_1_44' title="bbox 2117 1460 3700 1539">
     <span class='ocr_line' id='line_1_44' title="bbox 2117 1460 3700 1539; baseline -0.006 -15"><span class='ocrx_word' id='word_1_345' title='bbox 2117 1479 2249 1536; x_wconf 87' lang='lat' dir='ltr'><strong>tate,</strong></span> <span class='ocrx_word' id='word_1_346' title='bbox 2293 1479 2348 1524; x_wconf 91' lang='lat' dir='ltr'><strong>et</strong></span> <span class='ocrx_word' id='word_1_347' title='bbox 2374 1468 2632 1539; x_wconf 79' lang='lat' dir='ltr'><strong>peccasti,</strong></span> <span class='ocrx_word' id='word_1_348' title='bbox 2677 1475 2730 1520; x_wconf 87' lang='lat' dir='ltr'><strong>et</strong></span> <span class='ocrx_word' id='word_1_349' title='bbox 2771 1477 3063 1534; x_wconf 83' lang='lat' dir='ltr'><strong>percussus</strong></span> <span class='ocrx_word' id='word_1_350' title='bbox 3095 1478 3156 1518; x_wconf 90' lang='lat' dir='ltr'><strong>es</strong></span> <span class='ocrx_word' id='word_1_351' title='bbox 3193 1477 3224 1516; x_wconf 92' lang='lat' dir='ltr'><strong>a</strong></span> <span class='ocrx_word' id='word_1_352' title='bbox 3262 1470 3448 1516; x_wconf 73' lang='lat' dir='ltr'><strong>monte</strong></span> <span class='ocrx_word' id='word_1_353' title='bbox 3475 1460 3568 1516; x_wconf 90' lang='lat' dir='ltr'><strong>Dei</strong></span> <span class='ocrx_word' id='word_1_354' title='bbox 3601 1471 3700 1514; x_wconf 85' lang='lat' dir='ltr'><strong>:et</strong></span> 
     </span>
    </p>
   </div>
   <div class='ocr_carea' id='block_1_45' title="bbox 2117 1551 3702 1623">
    <p class='ocr_par' dir='ltr' id='par_1_45' title="bbox 2117 1551 3702 1623">
     <span class='ocr_line' id='line_1_45' title="bbox 2117 1551 3702 1623; baseline -0.008 -6"><span class='ocrx_word' id='word_1_355' title='bbox 2117 1561 2342 1617; x_wconf 78' lang='lat' dir='ltr'><strong>adduxit</strong></span> <span class='ocrx_word' id='word_1_356' title='bbox 2373 1569 2422 1614; x_wconf 90' lang='lat' dir='ltr'><strong>te</strong></span> <span class='ocrx_word' id='word_1_357' title='bbox 2443 1557 2662 1615; x_wconf 85' lang='lat' dir='ltr'><strong>Cherub</strong></span> <span class='ocrx_word' id='word_1_358' title='bbox 2681 1559 2747 1623; x_wconf 50' lang='grc' dir='ltr'><strong>Ἀ(</strong></span> <span class='ocrx_word' id='word_1_359' title='bbox 2762 1554 3093 1610; x_wconf 86' lang='lat' dir='ltr'><strong>obumbrans</strong></span> <span class='ocrx_word' id='word_1_360' title='bbox 3114 1552 3136 1620; x_wconf 73' lang='grc' dir='ltr'>ζ</span> <span class='ocrx_word' id='word_1_361' title='bbox 3154 1553 3222 1607; x_wconf 92' lang='lat' dir='ltr'><strong>de</strong></span> <span class='ocrx_word' id='word_1_362' title='bbox 3243 1552 3430 1607; x_wconf 89' lang='lat' dir='ltr'><strong>medio</strong></span> <span class='ocrx_word' id='word_1_363' title='bbox 3452 1551 3702 1620; x_wconf 82' lang='lat' dir='ltr'><strong>lapidum</strong></span> 
     </span>
    </p>
   </div>
   <div class='ocr_carea' id='block_1_46' title="bbox 2115 1642 3701 1724">
    <p class='ocr_par' dir='ltr' id='par_1_46' title="bbox 2115 1642 3701 1724">
     <span class='ocr_line' id='line_1_46' title="bbox 2115 1642 3701 1724; baseline -0.007 -18"><span class='ocrx_word' id='word_1_364' title='bbox 2115 1653 2424 1724; x_wconf 89' lang='lat' dir='ltr'><strong>igneorum.</strong></span> <span class='ocrx_word' id='word_1_365' title='bbox 2475 1649 2560 1704; x_wconf 82' lang='lat' dir='ltr'><strong>l&#39;l.</strong></span> <span class='ocrx_word' id='word_1_366' title='bbox 2608 1648 2822 1702; x_wconf 87' lang='lat' dir='ltr'><strong>Elatum</strong></span> <span class='ocrx_word' id='word_1_367' title='bbox 2868 1654 2951 1701; x_wconf 90' lang='lat' dir='ltr'><strong>est</strong></span> <span class='ocrx_word' id='word_1_368' title='bbox 2984 1659 3081 1700; x_wconf 92' lang='lat' dir='ltr'><strong>cor</strong></span> <span class='ocrx_word' id='word_1_369' title='bbox 3113 1653 3265 1698; x_wconf 91' lang='lat' dir='ltr'><strong>tuum</strong></span> <span class='ocrx_word' id='word_1_370' title='bbox 3308 1657 3472 1713; x_wconf 89' lang='lat' dir='ltr'><strong>super</strong></span> <span class='ocrx_word' id='word_1_371' title='bbox 3496 1642 3701 1698; x_wconf 75' lang='lat' dir='ltr'><strong>decore</strong></span> 
     </span>
    </p>
   </div>
   <div class='ocr_carea' id='block_1_47' title="bbox 2114 1735 3695 1812">
    <p class='ocr_par' dir='ltr' id='par_1_47' title="bbox 2114 1735 3695 1812">
     <span class='ocr_line' id='line_1_47' title="bbox 2114 1735 3695 1812; baseline -0.008 -12"><span class='ocrx_word' id='word_1_372' title='bbox 2114 1754 2229 1811; x_wconf 90' lang='lat' dir='ltr'><strong>tuo,</strong></span> <span class='ocrx_word' id='word_1_373' title='bbox 2260 1750 2517 1812; x_wconf 88' lang='lat' dir='ltr'><strong>corrupta</strong></span> <span class='ocrx_word' id='word_1_374' title='bbox 2547 1748 2629 1794; x_wconf 89' lang='lat' dir='ltr'><strong>est</strong></span> <span class='ocrx_word' id='word_1_375' title='bbox 2650 1737 2875 1794; x_wconf 89' lang='lat' dir='ltr'><strong>scientia</strong></span> <span class='ocrx_word' id='word_1_376' title='bbox 2910 1746 3004 1790; x_wconf 91' lang='lat' dir='ltr'><strong>tua</strong></span> <span class='ocrx_word' id='word_1_377' title='bbox 3053 1750 3180 1790; x_wconf 79' lang='lat' dir='ltr'><strong>eum</strong></span> <span class='ocrx_word' id='word_1_378' title='bbox 3228 1735 3423 1791; x_wconf 88' lang='lat' dir='ltr'><strong>decore</strong></span> <span class='ocrx_word' id='word_1_379' title='bbox 3464 1743 3558 1789; x_wconf 93' lang='lat' dir='ltr'><strong>tuo</strong></span> <span class='ocrx_word' id='word_1_380' title='bbox 3591 1749 3695 1789; x_wconf 73' lang='grc' dir='ltr'><strong>εοε-</strong></span> 
     </span>
    </p>
   </div>
   <div class='ocr_carea' id='block_1_48' title="bbox 2112 1828 3701 1913">
    <p class='ocr_par' dir='ltr' id='par_1_48' title="bbox 2112 1828 3701 1913">
     <span class='ocr_line' id='line_1_48' title="bbox 2112 1828 3701 1913; baseline -0.01 -17"><span class='ocrx_word' id='word_1_381' title='bbox 2112 1848 2334 1913; x_wconf 88' lang='lat' dir='ltr'><strong>propter</strong></span> <span class='ocrx_word' id='word_1_382' title='bbox 2382 1833 2789 1891; x_wconf 87' lang='lat' dir='ltr'><strong>multitudinem</strong></span> <span class='ocrx_word' id='word_1_383' title='bbox 2836 1842 3191 1902; x_wconf 88' lang='lat' dir='ltr'><strong>peccatorum</strong></span> <span class='ocrx_word' id='word_1_384' title='bbox 3226 1839 3442 1884; x_wconf 81' lang='lat' dir='ltr'><strong>tuorum</strong></span> <span class='ocrx_word' id='word_1_385' title='bbox 3480 1828 3701 1897; x_wconf 73' lang='lat' dir='ltr'><strong>:super</strong></span> 
     </span>
    </p>
   </div>
   <div class='ocr_carea' id='block_1_49' title="bbox 2113 1916 3700 1999">
    <p class='ocr_par' dir='ltr' id='par_1_49' title="bbox 2113 1916 3700 1999">
     <span class='ocr_line' id='line_1_49' title="bbox 2113 1916 3700 1999; baseline -0.012 -12"><span class='ocrx_word' id='word_1_386' title='bbox 2113 1942 2310 1987; x_wconf 88' lang='lat' dir='ltr'><strong>terram</strong></span> <span class='ocrx_word' id='word_1_387' title='bbox 2346 1926 2548 1999; x_wconf 73' lang='lat' dir='ltr'><strong>proieci</strong></span> <span class='ocrx_word' id='word_1_388' title='bbox 2598 1935 2670 1992; x_wconf 92' lang='lat' dir='ltr'><strong>te,</strong></span> <span class='ocrx_word' id='word_1_389' title='bbox 2703 1937 2889 1978; x_wconf 89' lang='lat' dir='ltr'><strong>coram</strong></span> <span class='ocrx_word' id='word_1_390' title='bbox 2912 1922 3132 1992; x_wconf 78' lang='lat' dir='ltr'><strong>regibus</strong></span> <span class='ocrx_word' id='word_1_391' title='bbox 3158 1920 3280 1976; x_wconf 92' lang='lat' dir='ltr'><strong>dedi</strong></span> <span class='ocrx_word' id='word_1_392' title='bbox 3308 1928 3380 1983; x_wconf 89' lang='lat' dir='ltr'><strong>te,</strong></span> <span class='ocrx_word' id='word_1_393' title='bbox 3413 1927 3474 1972; x_wconf 88' lang='lat' dir='ltr'><strong>ut</strong></span> <span class='ocrx_word' id='word_1_394' title='bbox 3500 1916 3700 1971; x_wconf 56' lang='lat' dir='ltr'><strong>illude-</strong></span> 
     </span>
    </p>
   </div>
   <div class='ocr_carea' id='block_1_50' title="bbox 2110 2009 3700 2088">
    <p class='ocr_par' dir='ltr' id='par_1_50' title="bbox 2110 2009 3700 2088">
     <span class='ocr_line' id='line_1_50' title="bbox 2110 2009 3700 2088; baseline -0.013 -11"><span class='ocrx_word' id='word_1_395' title='bbox 2110 2022 2268 2077; x_wconf 88' lang='lat' dir='ltr'><strong>reris.</strong></span> <span class='ocrx_word' id='word_1_396' title='bbox 2316 2021 2407 2076; x_wconf 85' lang='grc'><strong>18.</strong></span> <span class='ocrx_word' id='word_1_397' title='bbox 2461 2021 2691 2088; x_wconf 90' lang='lat' dir='ltr'><strong>Propter</strong></span> <span class='ocrx_word' id='word_1_398' title='bbox 2745 2012 3149 2069; x_wconf 88' lang='lat' dir='ltr'><strong>multitudinem</strong></span> <span class='ocrx_word' id='word_1_399' title='bbox 3215 2009 3279 2081; x_wconf 83' lang='lat' dir='ltr'><strong>(i)</strong></span> <span class='ocrx_word' id='word_1_400' title='bbox 3341 2015 3700 2078; x_wconf 78' lang='lat' dir='ltr'><strong>peccatorum</strong></span> 
     </span>
    </p>
   </div>
   <div class='ocr_carea' id='block_1_51' title="bbox 2111 2095 3702 2178">
    <p class='ocr_par' dir='ltr' id='par_1_51' title="bbox 2111 2095 3702 2178">
     <span class='ocr_line' id='line_1_51' title="bbox 2111 2095 3702 2178; baseline -0.012 -12"><span class='ocrx_word' id='word_1_401' title='bbox 2111 2121 2354 2176; x_wconf 89' lang='lat' dir='ltr'><strong>tuorum,</strong></span> <span class='ocrx_word' id='word_1_402' title='bbox 2386 2119 2441 2166; x_wconf 87' lang='lat' dir='ltr'><strong>et</strong></span> <span class='ocrx_word' id='word_1_403' title='bbox 2463 2107 2858 2178; x_wconf 87' lang='lat' dir='ltr'><strong>injustitiarum</strong></span> <span class='ocrx_word' id='word_1_404' title='bbox 2891 2100 3274 2172; x_wconf 73' lang='lat' dir='ltr'><strong>negotiationis</strong></span> <span class='ocrx_word' id='word_1_405' title='bbox 3302 2107 3406 2154; x_wconf 71' lang='lat' dir='ltr'><strong>tua:</strong></span> <span class='ocrx_word' id='word_1_406' title='bbox 3426 2096 3503 2167; x_wconf 82' lang='lat' dir='ltr'><strong>(k)</strong></span> <span class='ocrx_word' id='word_1_407' title='bbox 3522 2095 3702 2167; x_wconf 80' lang='lat' dir='ltr'><strong>pollui</strong></span> 
     </span>
    </p>
   </div>
   <div class='ocr_carea' id='block_1_52' title="bbox 2112 2193 3702 2276">
    <p class='ocr_par' dir='ltr' id='par_1_52' title="bbox 2112 2193 3702 2276">
     <span class='ocr_line' id='line_1_52' title="bbox 2112 2193 3702 2276; baseline -0.007 -17"><span class='ocrx_word' id='word_1_408' title='bbox 2112 2207 2172 2276; x_wconf 86' lang='grc' dir='ltr'><strong>(Ι)</strong></span> <span class='ocrx_word' id='word_1_409' title='bbox 2205 2222 2361 2262; x_wconf 85' lang='lat' dir='ltr'><strong>sacra</strong></span> <span class='ocrx_word' id='word_1_410' title='bbox 2409 2215 2521 2271; x_wconf 90' lang='lat' dir='ltr'><strong>tua,</strong></span> <span class='ocrx_word' id='word_1_411' title='bbox 2570 2213 2623 2258; x_wconf 91' lang='lat' dir='ltr'><strong>et</strong></span> <span class='ocrx_word' id='word_1_412' title='bbox 2667 2203 2894 2258; x_wconf 89' lang='lat' dir='ltr'><strong>educam</strong></span> <span class='ocrx_word' id='word_1_413' title='bbox 2932 2201 3109 2271; x_wconf 91' lang='lat' dir='ltr'><strong>ignem</strong></span> <span class='ocrx_word' id='word_1_414' title='bbox 3145 2199 3212 2253; x_wconf 92' lang='lat' dir='ltr'><strong>de</strong></span> <span class='ocrx_word' id='word_1_415' title='bbox 3250 2197 3432 2253; x_wconf 92' lang='lat' dir='ltr'><strong>medio</strong></span> <span class='ocrx_word' id='word_1_416' title='bbox 3464 2196 3566 2260; x_wconf 87' lang='lat' dir='ltr'><strong>tui,</strong></span> <span class='ocrx_word' id='word_1_417' title='bbox 3605 2193 3702 2248; x_wconf 83' lang='lat' dir='ltr'><strong>hic</strong></span> 
     </span>
    </p>
   </div>
   <div class='ocr_carea' id='block_1_53' title="bbox 2117 2292 3698 2360">
    <p class='ocr_par' dir='ltr' id='par_1_53' title="bbox 2117 2292 3698 2360">
     <span class='ocr_line' id='line_1_53' title="bbox 2117 2292 3698 2360; baseline -0.007 -10"><span class='ocrx_word' id='word_1_418' title='bbox 2117 2296 2402 2352; x_wconf 84' lang='lat' dir='ltr'><strong>devorabit</strong></span> <span class='ocrx_word' id='word_1_419' title='bbox 2431 2305 2483 2350; x_wconf 85' lang='lat' dir='ltr'><strong>te</strong></span> <span class='ocrx_word' id='word_1_420' title='bbox 2511 2312 2525 2348; x_wconf 89' lang='lat'><strong>:</strong></span> <span class='ocrx_word' id='word_1_421' title='bbox 2558 2301 2612 2349; x_wconf 91' lang='lat' dir='ltr'><strong>et</strong></span> <span class='ocrx_word' id='word_1_422' title='bbox 2638 2293 2781 2348; x_wconf 84' lang='lat' dir='ltr'><strong>dabo</strong></span> <span class='ocrx_word' id='word_1_423' title='bbox 2811 2302 2862 2346; x_wconf 89' lang='lat' dir='ltr'><strong>te</strong></span> <span class='ocrx_word' id='word_1_424' title='bbox 2893 2292 2947 2346; x_wconf 94' lang='lat' dir='ltr'><strong>in</strong></span> <span class='ocrx_word' id='word_1_425' title='bbox 2975 2292 3211 2347; x_wconf 91' lang='lat' dir='ltr'><strong>cinerem</strong></span> <span class='ocrx_word' id='word_1_426' title='bbox 3244 2304 3406 2360; x_wconf 90' lang='lat' dir='ltr'><strong>super</strong></span> <span class='ocrx_word' id='word_1_427' title='bbox 3431 2297 3574 2342; x_wconf 89' lang='lat' dir='ltr'><strong>terra</strong></span> <span class='ocrx_word' id='word_1_428' title='bbox 3599 2295 3698 2340; x_wconf 83' lang='lat' dir='ltr'><strong>tua</strong></span> 
     </span>
    </p>
   </div>
   <div class='ocr_carea' id='block_1_54' title="bbox 2109 2374 3698 2447">
    <p class='ocr_par' dir='ltr' id='par_1_54' title="bbox 2109 2374 3698 2447">
     <span class='ocr_line' id='line_1_54' title="bbox 2109 2374 3698 2447; baseline -0.009 -5"><span class='ocrx_word' id='word_1_429' title='bbox 2109 2402 2293 2442; x_wconf 89' lang='lat' dir='ltr'><strong>coram</strong></span> <span class='ocrx_word' id='word_1_430' title='bbox 2337 2385 2590 2439; x_wconf 83' lang='lat' dir='ltr'><strong>omnibus</strong></span> <span class='ocrx_word' id='word_1_431' title='bbox 2620 2381 2928 2437; x_wconf 80' lang='lat' dir='ltr'><strong>videntibus</strong></span> <span class='ocrx_word' id='word_1_432' title='bbox 2979 2390 3050 2436; x_wconf 93' lang='lat' dir='ltr'><strong>te.</strong></span> <span class='ocrx_word' id='word_1_433' title='bbox 3096 2382 3182 2436; x_wconf 84' lang='lat' dir='ltr'><strong>l9.</strong></span> <span class='ocrx_word' id='word_1_434' title='bbox 3224 2380 3290 2434; x_wconf 84' lang='lat' dir='ltr'><strong>Et</strong></span> <span class='ocrx_word' id='word_1_435' title='bbox 3339 2393 3552 2445; x_wconf 87' lang='lat' dir='ltr'><strong>omnes,</strong></span> <span class='ocrx_word' id='word_1_436' title='bbox 3597 2374 3698 2447; x_wconf 86' lang='lat' dir='ltr'><strong>qui</strong></span> 
     </span>
    </p>
   </div>
   <div class='ocr_carea' id='block_1_55' title="bbox 2111 2471 3698 2543">
    <p class='ocr_par' dir='ltr' id='par_1_55' title="bbox 2111 2471 3698 2543">
     <span class='ocr_line' id='line_1_55' title="bbox 2111 2471 3698 2543; baseline -0.009 -8"><span class='ocrx_word' id='word_1_437' title='bbox 2111 2487 2381 2535; x_wconf 80' lang='lat' dir='ltr'><strong>noverunt</strong></span> <span class='ocrx_word' id='word_1_438' title='bbox 2409 2486 2462 2531; x_wconf 88' lang='lat' dir='ltr'><strong>te</strong></span> <span class='ocrx_word' id='word_1_439' title='bbox 2490 2476 2544 2529; x_wconf 90' lang='lat' dir='ltr'><strong>in</strong></span> <span class='ocrx_word' id='word_1_440' title='bbox 2596 2474 2868 2543; x_wconf 87' lang='lat' dir='ltr'><strong>gentibus,</strong></span> <span class='ocrx_word' id='word_1_441' title='bbox 2896 2471 3369 2528; x_wconf 85' lang='lat' dir='ltr'><strong>contristabuntur</strong></span> <span class='ocrx_word' id='word_1_442' title='bbox 3402 2483 3563 2540; x_wconf 85' lang='lat' dir='ltr'><strong>super</strong></span> <span class='ocrx_word' id='word_1_443' title='bbox 3598 2478 3652 2522; x_wconf 92' lang='lat' dir='ltr'><strong>te</strong></span> <span class='ocrx_word' id='word_1_444' title='bbox 3677 2485 3698 2521; x_wconf 85' lang='lat'><strong><em>:</em></strong></span> 
     </span>
    </p>
   </div>
   <div class='ocr_carea' id='block_1_56' title="bbox 2109 2559 3696 2638">
    <p class='ocr_par' dir='ltr' id='par_1_56' title="bbox 2109 2559 3696 2638">
     <span class='ocr_line' id='line_1_56' title="bbox 2109 2559 3696 2638; baseline -0.006 -17"><span class='ocrx_word' id='word_1_445' title='bbox 2109 2566 2341 2638; x_wconf 87' lang='lat' dir='ltr'><strong>perditio</strong></span> <span class='ocrx_word' id='word_1_446' title='bbox 2384 2562 2559 2618; x_wconf 84' lang='lat' dir='ltr'><strong>factus</strong></span> <span class='ocrx_word' id='word_1_447' title='bbox 2593 2577 2672 2624; x_wconf 90' lang='lat' dir='ltr'><strong>es,</strong></span> <span class='ocrx_word' id='word_1_448' title='bbox 2708 2570 2763 2614; x_wconf 93' lang='lat' dir='ltr'><strong>et</strong></span> <span class='ocrx_word' id='word_1_449' title='bbox 2799 2576 2907 2614; x_wconf 90' lang='lat' dir='ltr'><strong>non</strong></span> <span class='ocrx_word' id='word_1_450' title='bbox 2940 2561 3170 2615; x_wconf 82' lang='lat' dir='ltr'><strong>exsistes</strong></span> <span class='ocrx_word' id='word_1_451' title='bbox 3209 2559 3440 2629; x_wconf 88' lang='lat' dir='ltr'><strong>amplius</strong></span> <span class='ocrx_word' id='word_1_452' title='bbox 3486 2560 3539 2612; x_wconf 85' lang='lat' dir='ltr'><strong>in</strong></span> <span class='ocrx_word' id='word_1_453' title='bbox 3591 2573 3696 2613; x_wconf 68' lang='lat' dir='ltr'><strong>san-</strong></span> 
     </span>
    </p>
   </div>
   <div class='ocr_carea' id='block_1_57' title="bbox 2109 2649 3706 2723">
    <p class='ocr_par' dir='ltr' id='par_1_57' title="bbox 2109 2649 3706 2723">
     <span class='ocr_line' id='line_1_57' title="bbox 2109 2649 3706 2723; baseline -0.008 -9"><span class='ocrx_word' id='word_1_454' title='bbox 2109 2659 2312 2715; x_wconf 91' lang='lat' dir='ltr'><strong>culum.</strong></span> <span class='ocrx_word' id='word_1_455' title='bbox 2343 2654 2430 2709; x_wconf 84' lang='lat'><strong>20.</strong></span> <span class='ocrx_word' id='word_1_456' title='bbox 2461 2653 2636 2723; x_wconf 91' lang='lat' dir='ltr'><strong>Super</strong></span> <span class='ocrx_word' id='word_1_457' title='bbox 2666 2651 2946 2707; x_wconf 88' lang='lat' dir='ltr'><strong>Sidonem.</strong></span> <span class='ocrx_word' id='word_1_458' title='bbox 2997 2650 3065 2704; x_wconf 88' lang='lat' dir='ltr'><strong>Et</strong></span> <span class='ocrx_word' id='word_1_459' title='bbox 3093 2649 3297 2706; x_wconf 87' lang='lat' dir='ltr'><strong>factum</strong></span> <span class='ocrx_word' id='word_1_460' title='bbox 3344 2659 3428 2706; x_wconf 75' lang='lat' dir='ltr'><strong>est</strong></span> <span class='ocrx_word' id='word_1_461' title='bbox 3470 2649 3706 2704; x_wconf 77' lang='lat' dir='ltr'><strong>verbum</strong></span> 
     </span>
    </p>
   </div>
   <div class='ocr_carea' id='block_1_58' title="bbox 2109 2740 3698 2809">
    <p class='ocr_par' dir='ltr' id='par_1_58' title="bbox 2109 2740 3698 2809">
     <span class='ocr_line' id='line_1_58' title="bbox 2109 2740 3698 2809; baseline -0.007 -6"><span class='ocrx_word' id='word_1_462' title='bbox 2109 2746 2326 2802; x_wconf 91' lang='lat' dir='ltr'><strong>Domini</strong></span> <span class='ocrx_word' id='word_1_463' title='bbox 2386 2744 2453 2798; x_wconf 91' lang='lat' dir='ltr'><strong>ad</strong></span> <span class='ocrx_word' id='word_1_464' title='bbox 2495 2757 2602 2806; x_wconf 90' lang='lat' dir='ltr'><strong>me,</strong></span> <span class='ocrx_word' id='word_1_465' title='bbox 2659 2741 2848 2797; x_wconf 89' lang='lat' dir='ltr'><strong>dicens</strong></span> <span class='ocrx_word' id='word_1_466' title='bbox 2885 2759 2898 2796; x_wconf 90' lang='lat'><strong>:</strong></span> <span class='ocrx_word' id='word_1_467' title='bbox 2929 2742 3018 2797; x_wconf 89' lang='grc'><strong>21.</strong></span> <span class='ocrx_word' id='word_1_468' title='bbox 3064 2741 3166 2796; x_wconf 87' lang='lat' dir='ltr'><strong>Fili</strong></span> <span class='ocrx_word' id='word_1_469' title='bbox 3233 2740 3498 2803; x_wconf 78' lang='lat' dir='ltr'><strong>hominis,</strong></span> <span class='ocrx_word' id='word_1_470' title='bbox 3553 2755 3698 2809; x_wconf 84' lang='lat' dir='ltr'><strong>pone</strong></span> 
     </span>
    </p>
   </div>
   <div class='ocr_carea' id='block_1_59' title="bbox 2107 2831 3702 2902">
    <p class='ocr_par' dir='ltr' id='par_1_59' title="bbox 2107 2831 3702 2902">
     <span class='ocr_line' id='line_1_59' title="bbox 2107 2831 3702 2902; baseline -0.008 -7"><span class='ocrx_word' id='word_1_471' title='bbox 2107 2839 2300 2894; x_wconf 80' lang='lat' dir='ltr'><strong>faciem</strong></span> <span class='ocrx_word' id='word_1_472' title='bbox 2363 2845 2510 2891; x_wconf 90' lang='lat' dir='ltr'><strong>tuam</strong></span> <span class='ocrx_word' id='word_1_473' title='bbox 2571 2849 2736 2902; x_wconf 85' lang='lat' dir='ltr'><strong>super</strong></span> <span class='ocrx_word' id='word_1_474' title='bbox 2789 2831 3068 2897; x_wconf 90' lang='lat' dir='ltr'><strong>Sidonem,</strong></span> <span class='ocrx_word' id='word_1_475' title='bbox 3117 2841 3172 2887; x_wconf 92' lang='lat' dir='ltr'><strong>et</strong></span> <span class='ocrx_word' id='word_1_476' title='bbox 3215 2831 3476 2902; x_wconf 90' lang='lat' dir='ltr'><strong>pr0pheta</strong></span> <span class='ocrx_word' id='word_1_477' title='bbox 3525 2845 3702 2899; x_wconf 75' lang='lat' dir='ltr'><strong>super</strong></span> 
     </span>
    </p>
   </div>
   <div class='ocr_carea' id='block_1_60' title="bbox 2106 2919 3691 2992">
    <p class='ocr_par' dir='ltr' id='par_1_60' title="bbox 2106 2919 3691 2992">
     <span class='ocr_line' id='line_1_60' title="bbox 2106 2919 3691 2992; baseline -0.006 -8"><span class='ocrx_word' id='word_1_478' title='bbox 2106 2944 2248 2992; x_wconf 88' lang='lat' dir='ltr'><strong>eam,</strong></span> <span class='ocrx_word' id='word_1_479' title='bbox 2278 2927 2370 2982; x_wconf 81' lang='grc'><strong>22.</strong></span> <span class='ocrx_word' id='word_1_480' title='bbox 2392 2933 2446 2982; x_wconf 90' lang='lat' dir='ltr'><strong>et</strong></span> <span class='ocrx_word' id='word_1_481' title='bbox 2467 2924 2554 2979; x_wconf 91' lang='lat' dir='ltr'><strong>dic</strong></span> <span class='ocrx_word' id='word_1_482' title='bbox 2587 2941 2600 2978; x_wconf 91' lang='lat'><strong>:</strong></span> <span class='ocrx_word' id='word_1_483' title='bbox 2630 2921 2769 2977; x_wconf 70' lang='lat' dir='ltr'><strong>Haec</strong></span> <span class='ocrx_word' id='word_1_484' title='bbox 2793 2922 2926 2976; x_wconf 90' lang='lat' dir='ltr'><strong>dicit</strong></span> <span class='ocrx_word' id='word_1_485' title='bbox 2962 2921 3168 2976; x_wconf 85' lang='lat' dir='ltr'><strong>Adonai</strong></span> <span class='ocrx_word' id='word_1_486' title='bbox 3201 2920 3465 2976; x_wconf 91' lang='lat' dir='ltr'><strong>Dominus</strong></span> <span class='ocrx_word' id='word_1_487' title='bbox 3494 2939 3507 2973; x_wconf 89' lang='lat'>:</span> <span class='ocrx_word' id='word_1_488' title='bbox 3539 2919 3691 2974; x_wconf 76' lang='lat' dir='ltr'><strong>Ecce</strong></span> 
     </span>
    </p>
   </div>
   <div class='ocr_carea' id='block_1_61' title="bbox 427 3011 3693 3093">
    <p class='ocr_par' dir='ltr' id='par_1_61' title="bbox 427 3011 3693 3093">
     <span class='ocr_line' id='line_1_61' title="bbox 427 3011 3693 3093; baseline -0.003 -16"><span class='ocrx_word' id='word_1_489' title='bbox 427 3012 624 3068; x_wconf 74' lang='grc' dir='ltr'><strong>(Ιθάίειί</strong></span> <span class='ocrx_word' id='word_1_490' title='bbox 669 3028 764 3068; x_wconf 71' lang='grc' dir='ltr'><strong>ϐοΐ</strong></span> <span class='ocrx_word' id='word_1_491' title='bbox 822 3024 972 3068; x_wconf 77' lang='lat' dir='ltr'><strong>Illum</strong></span> <span class='ocrx_word' id='word_1_492' title='bbox 997 3053 1014 3078; x_wconf 72' lang='grc' dir='ltr'><strong><em>γ</em></strong></span> <span class='ocrx_word' id='word_1_493' title='bbox 1068 3013 1210 3068; x_wconf 69' lang='lat' dir='ltr'><strong>Sicut</strong></span> <span class='ocrx_word' id='word_1_494' title='bbox 1265 3029 1360 3069; x_wconf 73' lang='grc' dir='ltr'><strong>θοι·</strong></span> <span class='ocrx_word' id='word_1_495' title='bbox 1421 3013 1557 3081; x_wconf 78' lang='lat' dir='ltr'><strong>Dei;</strong></span> <span class='ocrx_word' id='word_1_496' title='bbox 1620 3013 1674 3069; x_wconf 80' lang='lat'><strong>3-</strong></span> <span class='ocrx_word' id='word_1_497' title='bbox 1736 3013 2001 3084; x_wconf 81' lang='lat' dir='ltr'><strong>numquid</strong></span> <span class='ocrx_word' id='word_1_498' title='bbox 2029 3033 2073 3090; x_wconf 74' lang='grc' dir='ltr'>α</span> <span class='ocrx_word' id='word_1_499' title='bbox 2105 3039 2207 3093; x_wconf 90' lang='lat' dir='ltr'><strong>ego</strong></span> <span class='ocrx_word' id='word_1_500' title='bbox 2240 3034 2405 3090; x_wconf 88' lang='lat' dir='ltr'><strong>super</strong></span> <span class='ocrx_word' id='word_1_501' title='bbox 2443 3027 2514 3081; x_wconf 93' lang='lat' dir='ltr'><strong>te,</strong></span> <span class='ocrx_word' id='word_1_502' title='bbox 2552 3015 2744 3078; x_wconf 89' lang='lat' dir='ltr'><strong>Sidon,</strong></span> <span class='ocrx_word' id='word_1_503' title='bbox 2769 3022 2819 3069; x_wconf 85' lang='lat' dir='ltr'><strong>et</strong></span> <span class='ocrx_word' id='word_1_504' title='bbox 2848 3013 3194 3083; x_wconf 81' lang='lat' dir='ltr'><strong>glorificabor</strong></span> <span class='ocrx_word' id='word_1_505' title='bbox 3233 3014 3286 3068; x_wconf 93' lang='lat' dir='ltr'><strong>in</strong></span> <span class='ocrx_word' id='word_1_506' title='bbox 3317 3021 3392 3078; x_wconf 91' lang='lat' dir='ltr'><strong>te,</strong></span> <span class='ocrx_word' id='word_1_507' title='bbox 3433 3019 3486 3068; x_wconf 90' lang='lat' dir='ltr'><strong>et</strong></span> <span class='ocrx_word' id='word_1_508' title='bbox 3524 3011 3693 3076; x_wconf 84' lang='lat' dir='ltr'><strong>scies,</strong></span> 
     </span>
    </p>
   </div>
   <div class='ocr_carea' id='block_1_62' title="bbox 429 3105 1998 3177">
    <p class='ocr_par' dir='ltr' id='par_1_62' title="bbox 429 3105 1998 3177">
     <span class='ocr_line' id='line_1_62' title="bbox 429 3105 1998 3177; baseline 0.001 -18"><span class='ocrx_word' id='word_1_509' title='bbox 429 3105 647 3174; x_wconf 88' lang='lat' dir='ltr'><strong>sapiens</strong></span> <span class='ocrx_word' id='word_1_510' title='bbox 677 3120 736 3160; x_wconf 91' lang='lat' dir='ltr'><strong>es</strong></span> <span class='ocrx_word' id='word_1_511' title='bbox 768 3106 888 3175; x_wconf 86' lang='lat' dir='ltr'><strong>plus</strong></span> <span class='ocrx_word' id='word_1_512' title='bbox 916 3121 1082 3176; x_wconf 86' lang='lat' dir='ltr'><strong>quam</strong></span> <span class='ocrx_word' id='word_1_513' title='bbox 1109 3105 1334 3162; x_wconf 90' lang='lat' dir='ltr'><strong>Daniel?</strong></span> <span class='ocrx_word' id='word_1_514' title='bbox 1363 3113 1459 3161; x_wconf 91' lang='lat' dir='ltr'><strong>aut</strong></span> <span class='ocrx_word' id='word_1_515' title='bbox 1493 3107 1561 3176; x_wconf 81' lang='grc' dir='ltr'><strong>(ε)</strong></span> <span class='ocrx_word' id='word_1_516' title='bbox 1595 3106 1868 3177; x_wconf 90' lang='lat' dir='ltr'><strong>sapientes</strong></span> <span class='ocrx_word' id='word_1_517' title='bbox 1890 3123 1998 3162; x_wconf 81' lang='lat' dir='ltr'><strong>non</strong></span> 
     </span>
    </p>
   </div>
   <div class='ocr_carea' id='block_1_63' title="bbox 2102 3105 3688 3185">
    <p class='ocr_par' dir='ltr' id='par_1_63' title="bbox 2102 3105 3688 3185">
     <span class='ocr_line' id='line_1_63' title="bbox 2102 3105 3688 3185; baseline -0.006 -17"><span class='ocrx_word' id='word_1_518' title='bbox 2102 3115 2228 3185; x_wconf 88' lang='lat' dir='ltr'><strong>quia</strong></span> <span class='ocrx_word' id='word_1_519' title='bbox 2275 3124 2610 3182; x_wconf 79' lang='lat' dir='ltr'><strong>ego-t—sum</strong></span> <span class='ocrx_word' id='word_1_520' title='bbox 2645 3107 2665 3176; x_wconf 73' lang='grc' dir='ltr'>ζ</span> <span class='ocrx_word' id='word_1_521' title='bbox 2698 3105 2989 3170; x_wconf 88' lang='lat' dir='ltr'><strong>Dominus,</strong></span> <span class='ocrx_word' id='word_1_522' title='bbox 3031 3106 3250 3176; x_wconf 86' lang='lat' dir='ltr'><strong>quando</strong></span> <span class='ocrx_word' id='word_1_523' title='bbox 3295 3106 3475 3161; x_wconf 79' lang='lat' dir='ltr'><strong>fecero</strong></span> <span class='ocrx_word' id='word_1_524' title='bbox 3521 3106 3576 3158; x_wconf 90' lang='lat' dir='ltr'><strong>in</strong></span> <span class='ocrx_word' id='word_1_525' title='bbox 3633 3114 3688 3159; x_wconf 91' lang='lat' dir='ltr'><strong>te</strong></span> 
     </span>
    </p>
   </div>
   <div class='ocr_carea' id='block_1_64' title="bbox 427 3196 3696 3276">
    <p class='ocr_par' dir='ltr' id='par_1_64' title="bbox 427 3196 3696 3276">
     <span class='ocr_line' id='line_1_64' title="bbox 427 3196 3696 3276; baseline -0.001 -22"><span class='ocrx_word' id='word_1_526' title='bbox 427 3199 746 3254; x_wconf 87' lang='lat' dir='ltr'><strong>erudierunt</strong></span> <span class='ocrx_word' id='word_1_527' title='bbox 775 3207 826 3252; x_wconf 91' lang='lat' dir='ltr'><strong>te</strong></span> <span class='ocrx_word' id='word_1_528' title='bbox 848 3198 900 3252; x_wconf 91' lang='lat' dir='ltr'><strong>iu</strong></span> <span class='ocrx_word' id='word_1_529' title='bbox 931 3197 1154 3254; x_wconf 81' lang='lat' dir='ltr'><strong>scientia</strong></span> <span class='ocrx_word' id='word_1_530' title='bbox 1173 3212 1270 3253; x_wconf 87' lang='lat' dir='ltr'><strong>sua</strong></span> <span class='ocrx_word' id='word_1_531' title='bbox 1290 3199 1386 3252; x_wconf 71' lang='grc' dir='ltr'><strong>Η.</strong></span> <span class='ocrx_word' id='word_1_532' title='bbox 1411 3198 1666 3268; x_wconf 90' lang='lat' dir='ltr'><strong>Nunquid</strong></span> <span class='ocrx_word' id='word_1_533' title='bbox 1695 3199 1746 3253; x_wconf 92' lang='lat' dir='ltr'><strong>in</strong></span> <span class='ocrx_word' id='word_1_534' title='bbox 1770 3200 2002 3254; x_wconf 83' lang='lat' dir='ltr'><strong>scientia</strong></span> <span class='ocrx_word' id='word_1_535' title='bbox 2097 3204 2324 3276; x_wconf 84' lang='lat' dir='ltr'><strong>judicia,</strong></span> <span class='ocrx_word' id='word_1_536' title='bbox 2357 3211 2410 3256; x_wconf 89' lang='lat' dir='ltr'><strong>et</strong></span> <span class='ocrx_word' id='word_1_537' title='bbox 2437 3199 2823 3257; x_wconf 84' lang='lat' dir='ltr'><strong>sanctificabor</strong></span> <span class='ocrx_word' id='word_1_538' title='bbox 2861 3197 2914 3251; x_wconf 92' lang='lat' dir='ltr'><strong>in</strong></span> <span class='ocrx_word' id='word_1_539' title='bbox 2955 3206 3026 3252; x_wconf 92' lang='lat' dir='ltr'><strong>te.</strong></span> <span class='ocrx_word' id='word_1_540' title='bbox 3059 3197 3148 3251; x_wconf 74' lang='grc'><strong>25.</strong></span> <span class='ocrx_word' id='word_1_541' title='bbox 3187 3196 3254 3250; x_wconf 84' lang='grc' dir='ltr'><strong>Ει</strong></span> <span class='ocrx_word' id='word_1_542' title='bbox 3283 3196 3492 3250; x_wconf 90' lang='lat' dir='ltr'><strong>mittam</strong></span> <span class='ocrx_word' id='word_1_543' title='bbox 3521 3212 3696 3265; x_wconf 81' lang='lat' dir='ltr'><strong>super</strong></span> 
     </span>
    </p>
   </div>
   <div class='ocr_carea' id='block_1_65' title="bbox 429 3290 1996 3362">
    <p class='ocr_par' dir='ltr' id='par_1_65' title="bbox 429 3290 1996 3362">
     <span class='ocr_line' id='line_1_65' title="bbox 429 3290 1996 3362; baseline -0.001 -16"><span class='ocrx_word' id='word_1_544' title='bbox 429 3305 543 3355; x_wconf 91' lang='lat' dir='ltr'><strong>tua,</strong></span> <span class='ocrx_word' id='word_1_545' title='bbox 575 3300 669 3346; x_wconf 89' lang='lat' dir='ltr'><strong>aut</strong></span> <span class='ocrx_word' id='word_1_546' title='bbox 701 3291 754 3346; x_wconf 93' lang='lat' dir='ltr'><strong>in</strong></span> <span class='ocrx_word' id='word_1_547' title='bbox 791 3291 1086 3362; x_wconf 83' lang='lat' dir='ltr'><strong>sagacitate</strong></span> <span class='ocrx_word' id='word_1_548' title='bbox 1120 3300 1212 3346; x_wconf 88' lang='lat' dir='ltr'><strong>tua</strong></span> <span class='ocrx_word' id='word_1_549' title='bbox 1251 3290 1427 3346; x_wconf 84' lang='lat' dir='ltr'><strong>fecisti</strong></span> <span class='ocrx_word' id='word_1_550' title='bbox 1463 3291 1560 3345; x_wconf 90' lang='lat' dir='ltr'><strong>tibi</strong></span> <span class='ocrx_word' id='word_1_551' title='bbox 1603 3291 1996 3356; x_wconf 89' lang='lat' dir='ltr'><strong>fortitudinem,</strong></span> 
     </span>
    </p>
   </div>
   <div class='ocr_carea' id='block_1_66' title="bbox 425 3383 2008 3454">
    <p class='ocr_par' dir='ltr' id='par_1_66' title="bbox 425 3383 2008 3454">
     <span class='ocr_line' id='line_1_66' title="bbox 425 3383 2008 3454; baseline -0.002 -16"><span class='ocrx_word' id='word_1_552' title='bbox 425 3394 481 3439; x_wconf 87' lang='lat' dir='ltr'><strong>et</strong></span> <span class='ocrx_word' id='word_1_553' title='bbox 522 3384 701 3440; x_wconf 90' lang='lat' dir='ltr'><strong>fecisti</strong></span> <span class='ocrx_word' id='word_1_554' title='bbox 745 3399 963 3450; x_wconf 86' lang='lat' dir='ltr'><strong>aurum,</strong></span> <span class='ocrx_word' id='word_1_555' title='bbox 1011 3391 1064 3438; x_wconf 89' lang='lat' dir='ltr'><strong>et</strong></span> <span class='ocrx_word' id='word_1_556' title='bbox 1103 3391 1384 3454; x_wconf 85' lang='lat' dir='ltr'><strong>argentum</strong></span> <span class='ocrx_word' id='word_1_557' title='bbox 1427 3383 1479 3451; x_wconf 83' lang='lat' dir='ltr'><strong>in</strong></span> <span class='ocrx_word' id='word_1_558' title='bbox 1525 3383 1800 3439; x_wconf 82' lang='lat' dir='ltr'><strong>thesauris</strong></span> <span class='ocrx_word' id='word_1_559' title='bbox 1848 3383 2008 3439; x_wconf 73' lang='lat' dir='ltr'><strong>tuis?</strong></span> 
     </span>
    </p>
   </div>
   <div class='ocr_carea' id='block_1_67' title="bbox 428 3475 2003 3544">
    <p class='ocr_par' dir='ltr' id='par_1_67' title="bbox 428 3475 2003 3544">
     <span class='ocr_line' id='line_1_67' title="bbox 428 3475 2003 3544; baseline 0.002 -17"><span class='ocrx_word' id='word_1_560' title='bbox 428 3475 481 3527; x_wconf 83' lang='lat'><strong>5.</strong></span> <span class='ocrx_word' id='word_1_561' title='bbox 530 3485 624 3530; x_wconf 90' lang='lat' dir='ltr'><strong>aut</strong></span> <span class='ocrx_word' id='word_1_562' title='bbox 669 3477 724 3530; x_wconf 91' lang='lat' dir='ltr'><strong>in</strong></span> <span class='ocrx_word' id='word_1_563' title='bbox 767 3476 992 3531; x_wconf 88' lang='lat' dir='ltr'><strong>scientia</strong></span> <span class='ocrx_word' id='word_1_564' title='bbox 1033 3484 1126 3529; x_wconf 89' lang='lat' dir='ltr'><strong>tua</strong></span> <span class='ocrx_word' id='word_1_565' title='bbox 1177 3476 1370 3540; x_wconf 90' lang='lat' dir='ltr'><strong>multa,</strong></span> <span class='ocrx_word' id='word_1_566' title='bbox 1425 3484 1481 3528; x_wconf 86' lang='lat' dir='ltr'><strong>et</strong></span> <span class='ocrx_word' id='word_1_567' title='bbox 1530 3475 1584 3528; x_wconf 94' lang='lat' dir='ltr'><strong>in</strong></span> <span class='ocrx_word' id='word_1_568' title='bbox 1639 3477 2003 3544; x_wconf 89' lang='lat' dir='ltr'><strong>negotiatione</strong></span> 
     </span>
    </p>
   </div>
   <div class='ocr_carea' id='block_1_68' title="bbox 428 3565 2002 3634">
    <p class='ocr_par' dir='ltr' id='par_1_68' title="bbox 428 3565 2002 3634">
     <span class='ocr_line' id='line_1_68' title="bbox 428 3565 2002 3634; baseline 0.001 -16"><span class='ocrx_word' id='word_1_569' title='bbox 428 3566 795 3634; x_wconf 79' lang='lat' dir='ltr'><strong>multiplicasti</strong></span> <span class='ocrx_word' id='word_1_570' title='bbox 854 3565 1226 3620; x_wconf 89' lang='lat' dir='ltr'><strong>fortitudinem</strong></span> <span class='ocrx_word' id='word_1_571' title='bbox 1282 3573 1426 3618; x_wconf 84' lang='lat' dir='ltr'><strong>tuam</strong></span> <span class='ocrx_word' id='word_1_572' title='bbox 1467 3583 1481 3617; x_wconf 90' lang='lat'><strong>:</strong></span> <span class='ocrx_word' id='word_1_573' title='bbox 1525 3565 1724 3619; x_wconf 88' lang='lat' dir='ltr'><strong>elatum</strong></span> <span class='ocrx_word' id='word_1_574' title='bbox 1773 3577 1858 3620; x_wconf 79' lang='lat' dir='ltr'><strong>est</strong></span> <span class='ocrx_word' id='word_1_575' title='bbox 1909 3581 2002 3620; x_wconf 92' lang='lat' dir='ltr'><strong>cor</strong></span> 
     </span>
    </p>
   </div>
   <div class='ocr_carea' id='block_1_69' title="bbox 427 3653 2005 3722">
    <p class='ocr_par' dir='ltr' id='par_1_69' title="bbox 427 3653 2005 3722">
     <span class='ocr_line' id='line_1_69' title="bbox 427 3653 2005 3722; baseline 0.004 -16"><span class='ocrx_word' id='word_1_576' title='bbox 427 3666 584 3710; x_wconf 82' lang='lat' dir='ltr'><strong>tuum</strong></span> <span class='ocrx_word' id='word_1_577' title='bbox 618 3655 671 3708; x_wconf 89' lang='lat' dir='ltr'><strong>in</strong></span> <span class='ocrx_word' id='word_1_578' title='bbox 706 3654 1022 3709; x_wconf 89' lang='lat' dir='ltr'><strong>fortitudine</strong></span> <span class='ocrx_word' id='word_1_579' title='bbox 1060 3661 1172 3707; x_wconf 90' lang='lat' dir='ltr'><strong>tua.</strong></span> <span class='ocrx_word' id='word_1_580' title='bbox 1215 3653 1266 3706; x_wconf 90' lang='lat'><strong>6.</strong></span> <span class='ocrx_word' id='word_1_581' title='bbox 1307 3653 1532 3722; x_wconf 84' lang='lat' dir='ltr'><strong>Propter</strong></span> <span class='ocrx_word' id='word_1_582' title='bbox 1581 3654 1685 3710; x_wconf 91' lang='lat' dir='ltr'><strong>hoc</strong></span> <span class='ocrx_word' id='word_1_583' title='bbox 1720 3655 1835 3710; x_wconf 53' lang='lat' dir='ltr'><strong>haec</strong></span> <span class='ocrx_word' id='word_1_584' title='bbox 1872 3658 2005 3713; x_wconf 85' lang='lat' dir='ltr'><strong>dicit</strong></span> 
     </span>
    </p>
   </div>
   <div class='ocr_carea' id='block_1_70' title="bbox 429 3742 2002 3810">
    <p class='ocr_par' dir='ltr' id='par_1_70' title="bbox 429 3742 2002 3810">
     <span class='ocr_line' id='line_1_70' title="bbox 429 3742 2002 3810; baseline 0.003 -12"><span class='ocrx_word' id='word_1_585' title='bbox 429 3745 696 3800; x_wconf 90' lang='lat' dir='ltr'><strong>Dominus</strong></span> <span class='ocrx_word' id='word_1_586' title='bbox 736 3742 1000 3798; x_wconf 89' lang='lat' dir='ltr'><strong>Dominus</strong></span> <span class='ocrx_word' id='word_1_587' title='bbox 1032 3760 1046 3797; x_wconf 87' lang='lat'><strong>:</strong></span> <span class='ocrx_word' id='word_1_588' title='bbox 1079 3742 1216 3809; x_wconf 77' lang='lat' dir='ltr'><strong>Quia</strong></span> <span class='ocrx_word' id='word_1_589' title='bbox 1260 3742 1454 3798; x_wconf 86' lang='lat' dir='ltr'><strong>dedisti</strong></span> <span class='ocrx_word' id='word_1_590' title='bbox 1509 3759 1604 3799; x_wconf 91' lang='lat' dir='ltr'><strong>cor</strong></span> <span class='ocrx_word' id='word_1_591' title='bbox 1642 3753 1818 3810; x_wconf 90' lang='lat' dir='ltr'><strong>tuum,</strong></span> <span class='ocrx_word' id='word_1_592' title='bbox 1859 3747 2002 3802; x_wconf 87' lang='lat' dir='ltr'><strong>sicut</strong></span> 
     </span>
    </p>
   </div>
   <div class='ocr_carea' id='block_1_71' title="bbox 427 3834 2040 3907">
    <p class='ocr_par' dir='ltr' id='par_1_71' title="bbox 427 3834 2040 3907">
     <span class='ocr_line' id='line_1_71' title="bbox 427 3834 2040 3907; baseline 0.001 -16"><span class='ocrx_word' id='word_1_593' title='bbox 427 3850 526 3891; x_wconf 89' lang='lat' dir='ltr'><strong>cor</strong></span> <span class='ocrx_word' id='word_1_594' title='bbox 551 3834 670 3902; x_wconf 91' lang='lat' dir='ltr'><strong>Dei,</strong></span> <span class='ocrx_word' id='word_1_595' title='bbox 711 3835 764 3890; x_wconf 88' lang='lat'><strong>7.</strong></span> <span class='ocrx_word' id='word_1_596' title='bbox 817 3850 918 3906; x_wconf 92' lang='lat' dir='ltr'><strong>pro</strong></span> <span class='ocrx_word' id='word_1_597' title='bbox 947 3835 1053 3890; x_wconf 88' lang='lat' dir='ltr'><strong>hoc</strong></span> <span class='ocrx_word' id='word_1_598' title='bbox 1081 3850 1209 3890; x_wconf 89' lang='lat' dir='ltr'><strong>ecce</strong></span> <span class='ocrx_word' id='word_1_599' title='bbox 1235 3850 1335 3907; x_wconf 87' lang='lat' dir='ltr'><strong>ego</strong></span> <span class='ocrx_word' id='word_1_600' title='bbox 1370 3835 1583 3890; x_wconf 87' lang='lat' dir='ltr'><strong>adduco</strong></span> <span class='ocrx_word' id='word_1_601' title='bbox 1607 3851 1770 3906; x_wconf 88' lang='lat' dir='ltr'><strong>super</strong></span> <span class='ocrx_word' id='word_1_602' title='bbox 1801 3847 1853 3893; x_wconf 90' lang='lat' dir='ltr'><strong>te</strong></span> <span class='ocrx_word' id='word_1_603' title='bbox 1877 3853 2001 3892; x_wconf 83' lang='lat' dir='ltr'><strong>cor-</strong></span> <span class='ocrx_word' id='word_1_604' title='bbox 2035 3837 2040 3840; x_wconf 84' lang='grc'><em>’</em></span> 
     </span>
    </p>
   </div>
   <div class='ocr_carea' id='block_1_72' title="bbox 430 3927 2001 4001">
    <p class='ocr_par' dir='ltr' id='par_1_72' title="bbox 430 3927 2001 4001">
     <span class='ocr_line' id='line_1_72' title="bbox 430 3927 2001 4001; baseline 0.003 -19"><span class='ocrx_word' id='word_1_605' title='bbox 430 3937 678 3999; x_wconf 89' lang='lat' dir='ltr'><strong>ruptores</strong></span> <span class='ocrx_word' id='word_1_606' title='bbox 707 3928 915 3983; x_wconf 90' lang='lat' dir='ltr'><strong>alienos</strong></span> <span class='ocrx_word' id='word_1_607' title='bbox 945 3943 975 3982; x_wconf 92' lang='lat' dir='ltr'><strong>e</strong></span> <span class='ocrx_word' id='word_1_608' title='bbox 1004 3927 1276 3998; x_wconf 88' lang='lat' dir='ltr'><strong>gentibus,</strong></span> <span class='ocrx_word' id='word_1_609' title='bbox 1318 3936 1372 3983; x_wconf 90' lang='lat' dir='ltr'><strong>et</strong></span> <span class='ocrx_word' id='word_1_610' title='bbox 1420 3929 1762 3985; x_wconf 85' lang='lat' dir='ltr'><strong>evacuabunt</strong></span> <span class='ocrx_word' id='word_1_611' title='bbox 1794 3931 2001 4001; x_wconf 87' lang='lat' dir='ltr'><strong>gladios</strong></span> 
     </span>
    </p>
   </div>
   <div class='ocr_carea' id='block_1_73' title="bbox 430 4018 2004 4088">
    <p class='ocr_par' dir='ltr' id='par_1_73' title="bbox 430 4018 2004 4088">
     <span class='ocr_line' id='line_1_73' title="bbox 430 4018 2004 4088; baseline 0.004 -18"><span class='ocrx_word' id='word_1_612' title='bbox 430 4033 557 4074; x_wconf 75' lang='lat' dir='ltr'><strong>suos</strong></span> <span class='ocrx_word' id='word_1_613' title='bbox 580 4033 744 4088; x_wconf 90' lang='lat' dir='ltr'><strong>super</strong></span> <span class='ocrx_word' id='word_1_614' title='bbox 782 4026 853 4082; x_wconf 88' lang='lat' dir='ltr'><strong>te,</strong></span> <span class='ocrx_word' id='word_1_615' title='bbox 896 4025 951 4072; x_wconf 88' lang='lat' dir='ltr'><strong>et</strong></span> <span class='ocrx_word' id='word_1_616' title='bbox 1002 4032 1168 4088; x_wconf 90' lang='lat' dir='ltr'><strong>super</strong></span> <span class='ocrx_word' id='word_1_617' title='bbox 1207 4019 1456 4073; x_wconf 89' lang='lat' dir='ltr'><strong>decorem</strong></span> <span class='ocrx_word' id='word_1_618' title='bbox 1500 4018 1741 4074; x_wconf 71' lang='lat' dir='ltr'><strong>scientia:</strong></span> <span class='ocrx_word' id='word_1_619' title='bbox 1781 4029 1908 4088; x_wconf 62' lang='lat' dir='ltr'><strong>tuae,</strong></span> <span class='ocrx_word' id='word_1_620' title='bbox 1949 4031 2004 4076; x_wconf 81' lang='lat' dir='ltr'><strong>et</strong></span> 
     </span>
    </p>
   </div>
   <div class='ocr_carea' id='block_1_74' title="bbox 429 4107 2002 4178">
    <p class='ocr_par' dir='ltr' id='par_1_74' title="bbox 429 4107 2002 4178">
     <span class='ocr_line' id='line_1_74' title="bbox 429 4107 2002 4178; baseline 0.001 -13"><span class='ocrx_word' id='word_1_621' title='bbox 429 4119 670 4165; x_wconf 77' lang='lat' dir='ltr'><strong>sternent</strong></span> <span class='ocrx_word' id='word_1_622' title='bbox 693 4109 943 4164; x_wconf 87' lang='lat' dir='ltr'><strong>decorem</strong></span> <span class='ocrx_word' id='word_1_623' title='bbox 969 4115 1119 4163; x_wconf 92' lang='lat' dir='ltr'><strong>tuum</strong></span> <span class='ocrx_word' id='word_1_624' title='bbox 1144 4107 1196 4162; x_wconf 88' lang='lat' dir='ltr'><strong>in</strong></span> <span class='ocrx_word' id='word_1_625' title='bbox 1220 4108 1600 4178; x_wconf 90' lang='lat' dir='ltr'><strong>perditionem,</strong></span> <span class='ocrx_word' id='word_1_626' title='bbox 1619 4109 1673 4163; x_wconf 91' lang='lat'><strong>8.</strong></span> <span class='ocrx_word' id='word_1_627' title='bbox 1707 4120 1760 4164; x_wconf 94' lang='lat' dir='ltr'><strong>et</strong></span> <span class='ocrx_word' id='word_1_628' title='bbox 1779 4112 2002 4166; x_wconf 85' lang='lat' dir='ltr'><strong>descen-</strong></span> 
     </span>
    </p>
   </div>
   <div class='ocr_carea' id='block_1_75' title="bbox 427 4199 2043 4262">
    <p class='ocr_par' dir='ltr' id='par_1_75' title="bbox 427 4199 2043 4262">
     <span class='ocr_line' id='line_1_75' title="bbox 427 4199 2043 4262; baseline 0.002 -7"><span class='ocrx_word' id='word_1_629' title='bbox 427 4203 558 4256; x_wconf 79' lang='lat' dir='ltr'><strong>dere</strong></span> <span class='ocrx_word' id='word_1_630' title='bbox 600 4199 798 4256; x_wconf 88' lang='lat' dir='ltr'><strong>facient</strong></span> <span class='ocrx_word' id='word_1_631' title='bbox 851 4209 924 4262; x_wconf 90' lang='lat' dir='ltr'><strong>te,</strong></span> <span class='ocrx_word' id='word_1_632' title='bbox 964 4208 1017 4254; x_wconf 90' lang='lat' dir='ltr'><strong>et</strong></span> <span class='ocrx_word' id='word_1_633' title='bbox 1057 4199 1308 4255; x_wconf 89' lang='lat' dir='ltr'><strong>morieris</strong></span> <span class='ocrx_word' id='word_1_634' title='bbox 1363 4209 1540 4256; x_wconf 86' lang='lat' dir='ltr'><strong>morte</strong></span> <span class='ocrx_word' id='word_1_635' title='bbox 1583 4201 1889 4256; x_wconf 89' lang='lat' dir='ltr'><strong>occisorum</strong></span> <span class='ocrx_word' id='word_1_636' title='bbox 1945 4204 2043 4259; x_wconf 63' lang='lat' dir='ltr'><strong>irr‘</strong></span> 
     </span>
    </p>
   </div>
   <div class='ocr_carea' id='block_1_76' title="bbox 428 4289 1997 4361">
    <p class='ocr_par' dir='ltr' id='par_1_76' title="bbox 428 4289 1997 4361">
     <span class='ocr_line' id='line_1_76' title="bbox 428 4289 1997 4361; baseline -0.001 -13"><span class='ocrx_word' id='word_1_637' title='bbox 428 4293 592 4348; x_wconf 88' lang='lat' dir='ltr'><strong>corde</strong></span> <span class='ocrx_word' id='word_1_638' title='bbox 622 4291 810 4346; x_wconf 89' lang='lat' dir='ltr'><strong>maris.</strong></span> <span class='ocrx_word' id='word_1_639' title='bbox 838 4289 890 4344; x_wconf 87' lang='lat'><strong>9.</strong></span> <span class='ocrx_word' id='word_1_640' title='bbox 925 4289 1199 4361; x_wconf 86' lang='lat' dir='ltr'><strong>Numquid</strong></span> <span class='ocrx_word' id='word_1_641' title='bbox 1234 4291 1645 4347; x_wconf 87' lang='lat' dir='ltr'><strong>dicendo-dices</strong></span> <span class='ocrx_word' id='word_1_642' title='bbox 1670 4311 1682 4345; x_wconf 91' lang='lat'>:</span> <span class='ocrx_word' id='word_1_643' title='bbox 1709 4291 1856 4349; x_wconf 87' lang='lat' dir='ltr'><strong>Deus</strong></span> <span class='ocrx_word' id='word_1_644' title='bbox 1880 4307 1997 4348; x_wconf 89' lang='lat' dir='ltr'><strong>sum</strong></span> 
     </span>
    </p>
   </div>
   <div class='ocr_carea' id='block_1_77' title="bbox 2106 3287 3695 3360">
    <p class='ocr_par' dir='ltr' id='par_1_77' title="bbox 2106 3287 3695 3360">
     <span class='ocr_line' id='line_1_77' title="bbox 2106 3287 3695 3360; baseline -0.007 -9"><span class='ocrx_word' id='word_1_645' title='bbox 2106 3308 2155 3351; x_wconf 89' lang='lat' dir='ltr'><strong>te</strong></span> <span class='ocrx_word' id='word_1_646' title='bbox 2182 3302 2435 3356; x_wconf 93' lang='lat' dir='ltr'><strong>mortem,</strong></span> <span class='ocrx_word' id='word_1_647' title='bbox 2477 3300 2530 3345; x_wconf 92' lang='lat' dir='ltr'><strong>et</strong></span> <span class='ocrx_word' id='word_1_648' title='bbox 2573 3290 2896 3360; x_wconf 89' lang='lat' dir='ltr'><strong>sanguinem</strong></span> <span class='ocrx_word' id='word_1_649' title='bbox 2933 3289 2988 3343; x_wconf 87' lang='lat' dir='ltr'><strong>in</strong></span> <span class='ocrx_word' id='word_1_650' title='bbox 3020 3288 3219 3358; x_wconf 87' lang='lat' dir='ltr'><strong>plateis</strong></span> <span class='ocrx_word' id='word_1_651' title='bbox 3252 3288 3382 3352; x_wconf 84' lang='lat' dir='ltr'><strong>tuis,</strong></span> <span class='ocrx_word' id='word_1_652' title='bbox 3408 3297 3462 3342; x_wconf 91' lang='lat' dir='ltr'><strong>et</strong></span> <span class='ocrx_word' id='word_1_653' title='bbox 3489 3287 3695 3342; x_wconf 79' lang='lat' dir='ltr'><strong>cadent</strong></span> 
     </span>
    </p>
   </div>
   <div class='ocr_carea' id='block_1_78' title="bbox 2103 3379 3698 3454">
    <p class='ocr_par' dir='ltr' id='par_1_78' title="bbox 2103 3379 3698 3454">
     <span class='ocr_line' id='line_1_78' title="bbox 2103 3379 3698 3454; baseline -0.008 -10"><span class='ocrx_word' id='word_1_654' title='bbox 2103 3387 2272 3444; x_wconf 90' lang='lat' dir='ltr'><strong>occisi</strong></span> <span class='ocrx_word' id='word_1_655' title='bbox 2296 3390 2362 3454; x_wconf 58' lang='grc' dir='ltr'><strong>ζέε(</strong></span> <span class='ocrx_word' id='word_1_656' title='bbox 2385 3385 2439 3439; x_wconf 91' lang='lat' dir='ltr'><strong>in</strong></span> <span class='ocrx_word' id='word_1_657' title='bbox 2469 3383 2649 3437; x_wconf 91' lang='lat' dir='ltr'><strong>medio</strong></span> <span class='ocrx_word' id='word_1_658' title='bbox 2677 3382 2798 3449; x_wconf 87' lang='lat' dir='ltr'><strong>ejus</strong></span> <span class='ocrx_word' id='word_1_659' title='bbox 2833 3383 2855 3450; x_wconf 74' lang='grc' dir='ltr'>ζ</span> <span class='ocrx_word' id='word_1_660' title='bbox 2886 3382 2940 3434; x_wconf 93' lang='lat' dir='ltr'><strong>in</strong></span> <span class='ocrx_word' id='word_1_661' title='bbox 2972 3380 3168 3449; x_wconf 87' lang='lat' dir='ltr'><strong>gladiis</strong></span> <span class='ocrx_word' id='word_1_662' title='bbox 3200 3380 3335 3434; x_wconf 82' lang='lat' dir='ltr'><strong>inte</strong></span> <span class='ocrx_word' id='word_1_663' title='bbox 3361 3379 3505 3435; x_wconf 79' lang='lat' dir='ltr'><strong>circa</strong></span> <span class='ocrx_word' id='word_1_664' title='bbox 3535 3390 3607 3446; x_wconf 86' lang='lat' dir='ltr'><strong>te,</strong></span> <span class='ocrx_word' id='word_1_665' title='bbox 3638 3388 3698 3432; x_wconf 87' lang='lat' dir='ltr'><strong>et</strong></span> 
     </span>
    </p>
   </div>
   <div class='ocr_carea' id='block_1_79' title="bbox 2103 3471 3701 3546">
    <p class='ocr_par' dir='ltr' id='par_1_79' title="bbox 2103 3471 3701 3546">
     <span class='ocr_line' id='line_1_79' title="bbox 2103 3471 3701 3546; baseline -0.008 -12"><span class='ocrx_word' id='word_1_666' title='bbox 2103 3479 2299 3542; x_wconf 82' lang='lat' dir='ltr'><strong>scient,</strong></span> <span class='ocrx_word' id='word_1_667' title='bbox 2359 3477 2489 3546; x_wconf 91' lang='lat' dir='ltr'><strong>quia</strong></span> <span class='ocrx_word' id='word_1_668' title='bbox 2521 3489 2622 3544; x_wconf 89' lang='lat' dir='ltr'><strong>ego</strong></span> <span class='ocrx_word' id='word_1_669' title='bbox 2662 3488 2785 3528; x_wconf 91' lang='lat' dir='ltr'><strong>sum</strong></span> <span class='ocrx_word' id='word_1_670' title='bbox 2832 3472 3119 3528; x_wconf 92' lang='lat' dir='ltr'><strong>Dominus.</strong></span> <span class='ocrx_word' id='word_1_671' title='bbox 3165 3471 3257 3526; x_wconf 67' lang='grc'><strong>24.</strong></span> <span class='ocrx_word' id='word_1_672' title='bbox 3309 3471 3376 3525; x_wconf 85' lang='grc' dir='ltr'><strong>Ει</strong></span> <span class='ocrx_word' id='word_1_673' title='bbox 3425 3485 3534 3526; x_wconf 84' lang='lat' dir='ltr'><strong>non</strong></span> <span class='ocrx_word' id='word_1_674' title='bbox 3587 3471 3701 3525; x_wconf 75' lang='lat' dir='ltr'><strong>erit</strong></span> 
     </span>
    </p>
   </div>
   <div class='ocr_carea' id='block_1_80' title="bbox 2108 3560 3696 3638">
    <p class='ocr_par' dir='ltr' id='par_1_80' title="bbox 2108 3560 3696 3638">
     <span class='ocr_line' id='line_1_80' title="bbox 2108 3560 3696 3638; baseline -0.006 -15"><span class='ocrx_word' id='word_1_675' title='bbox 2108 3569 2346 3638; x_wconf 87' lang='lat' dir='ltr'><strong>amplius</strong></span> <span class='ocrx_word' id='word_1_676' title='bbox 2379 3568 2431 3619; x_wconf 92' lang='lat' dir='ltr'><strong>in</strong></span> <span class='ocrx_word' id='word_1_677' title='bbox 2463 3566 2627 3619; x_wconf 91' lang='lat' dir='ltr'><strong>domo</strong></span> <span class='ocrx_word' id='word_1_678' title='bbox 2655 3563 2875 3618; x_wconf 90' lang='lat' dir='ltr'><strong>lsraelis</strong></span> <span class='ocrx_word' id='word_1_679' title='bbox 2904 3563 3160 3619; x_wconf 90' lang='lat' dir='ltr'><strong>stimulus</strong></span> <span class='ocrx_word' id='word_1_680' title='bbox 3189 3560 3594 3624; x_wconf 82' lang='lat' dir='ltr'><strong>amaritudinis,</strong></span> <span class='ocrx_word' id='word_1_681' title='bbox 3637 3569 3696 3615; x_wconf 76' lang='lat' dir='ltr'><strong>et</strong></span> 
     </span>
    </p>
   </div>
   <div class='ocr_carea' id='block_1_81' title="bbox 2109 3652 3708 3730">
    <p class='ocr_par' dir='ltr' id='par_1_81' title="bbox 2109 3652 3708 3730">
     <span class='ocr_line' id='line_1_81' title="bbox 2109 3652 3708 3730; baseline -0.007 -14"><span class='ocrx_word' id='word_1_682' title='bbox 2109 3661 2266 3730; x_wconf 90' lang='lat' dir='ltr'><strong>spina</strong></span> <span class='ocrx_word' id='word_1_683' title='bbox 2292 3656 2525 3713; x_wconf 62' lang='lat' dir='ltr'><strong>miseriae.</strong></span> <span class='ocrx_word' id='word_1_684' title='bbox 2551 3656 2621 3710; x_wconf 92' lang='lat' dir='ltr'><strong>ab</strong></span> <span class='ocrx_word' id='word_1_685' title='bbox 2651 3655 2929 3719; x_wconf 82' lang='lat' dir='ltr'><strong>omnibus,</strong></span> <span class='ocrx_word' id='word_1_686' title='bbox 2962 3655 3056 3724; x_wconf 91' lang='lat' dir='ltr'><strong>qui</strong></span> <span class='ocrx_word' id='word_1_687' title='bbox 3091 3653 3238 3709; x_wconf 89' lang='lat' dir='ltr'><strong>circa</strong></span> <span class='ocrx_word' id='word_1_688' title='bbox 3266 3667 3382 3719; x_wconf 81' lang='lat' dir='ltr'><strong>eos,</strong></span> <span class='ocrx_word' id='word_1_689' title='bbox 3418 3652 3520 3722; x_wconf 74' lang='lat' dir='ltr'><strong>qui</strong></span> <span class='ocrx_word' id='word_1_690' title='bbox 3547 3667 3708 3722; x_wconf 65' lang='lat' dir='ltr'><strong>spre~</strong></span> 
     </span>
    </p>
   </div>
   <div class='ocr_carea' id='block_1_82' title="bbox 2107 3742 3701 3817">
    <p class='ocr_par' dir='ltr' id='par_1_82' title="bbox 2107 3742 3701 3817">
     <span class='ocr_line' id='line_1_82' title="bbox 2107 3742 3701 3817; baseline -0.008 -10"><span class='ocrx_word' id='word_1_691' title='bbox 2107 3763 2440 3815; x_wconf 85' lang='lat' dir='ltr'><strong>verunteos,</strong></span> <span class='ocrx_word' id='word_1_692' title='bbox 2481 3761 2535 3805; x_wconf 91' lang='lat' dir='ltr'><strong>et</strong></span> <span class='ocrx_word' id='word_1_693' title='bbox 2575 3749 2768 3813; x_wconf 90' lang='lat' dir='ltr'><strong>scient,</strong></span> <span class='ocrx_word' id='word_1_694' title='bbox 2811 3748 2939 3817; x_wconf 91' lang='lat' dir='ltr'><strong>quia</strong></span> <span class='ocrx_word' id='word_1_695' title='bbox 2987 3760 3088 3817; x_wconf 85' lang='lat' dir='ltr'><strong>ego</strong></span> <span class='ocrx_word' id='word_1_696' title='bbox 3115 3760 3237 3800; x_wconf 85' lang='lat' dir='ltr'><strong>sum</strong></span> <span class='ocrx_word' id='word_1_697' title='bbox 3274 3743 3482 3798; x_wconf 85' lang='lat' dir='ltr'><strong>Adouai</strong></span> <span class='ocrx_word' id='word_1_698' title='bbox 3513 3742 3701 3798; x_wconf 72' lang='lat' dir='ltr'><strong>Domi-</strong></span> 
     </span>
    </p>
   </div>
   <div class='ocr_carea' id='block_1_83' title="bbox 2105 3833 3710 3904">
    <p class='ocr_par' dir='ltr' id='par_1_83' title="bbox 2105 3833 3710 3904">
     <span class='ocr_line' id='line_1_83' title="bbox 2105 3833 3710 3904; baseline -0.01 -2"><span class='ocrx_word' id='word_1_699' title='bbox 2105 3861 2228 3901; x_wconf 88' lang='lat' dir='ltr'><strong>nus.</strong></span> <span class='ocrx_word' id='word_1_700' title='bbox 2259 3844 2349 3898; x_wconf 77' lang='grc'><strong>25.</strong></span> <span class='ocrx_word' id='word_1_701' title='bbox 2377 3841 2506 3897; x_wconf 83' lang='lat' dir='ltr'><strong>Haec</strong></span> <span class='ocrx_word' id='word_1_702' title='bbox 2527 3841 2660 3897; x_wconf 88' lang='lat' dir='ltr'><strong>dicit</strong></span> <span class='ocrx_word' id='word_1_703' title='bbox 2689 3839 2900 3896; x_wconf 85' lang='lat' dir='ltr'><strong>Adonai</strong></span> <span class='ocrx_word' id='word_1_704' title='bbox 2929 3837 3192 3892; x_wconf 91' lang='lat' dir='ltr'><strong>Dominus</strong></span> <span class='ocrx_word' id='word_1_705' title='bbox 3225 3853 3239 3888; x_wconf 86' lang='lat'><strong>:</strong></span> <span class='ocrx_word' id='word_1_706' title='bbox 3267 3835 3330 3889; x_wconf 87' lang='lat' dir='ltr'><strong>Et</strong></span> <span class='ocrx_word' id='word_1_707' title='bbox 3350 3833 3710 3904; x_wconf 61' lang='lat' dir='ltr'><strong>congregatio</strong></span> 
     </span>
    </p>
   </div>
   <div class='ocr_carea' id='block_1_84' title="bbox 2101 3926 3710 4002">
    <p class='ocr_par' dir='ltr' id='par_1_84' title="bbox 2101 3926 3710 4002">
     <span class='ocr_line' id='line_1_84' title="bbox 2101 3926 3710 4002; baseline -0.006 -8"><span class='ocrx_word' id='word_1_708' title='bbox 2101 3940 2324 3995; x_wconf 90' lang='lat' dir='ltr'><strong>domum</strong></span> <span class='ocrx_word' id='word_1_709' title='bbox 2359 3935 2574 3992; x_wconf 91' lang='lat' dir='ltr'><strong>lsraelis</strong></span> <span class='ocrx_word' id='word_1_710' title='bbox 2608 3949 2673 3990; x_wconf 83' lang='lat' dir='ltr'><strong>ex</strong></span> <span class='ocrx_word' id='word_1_711' title='bbox 2700 3931 2973 4002; x_wconf 84' lang='lat' dir='ltr'><strong>gentibus,</strong></span> <span class='ocrx_word' id='word_1_712' title='bbox 2999 3943 3110 3999; x_wconf 92' lang='lat' dir='ltr'><strong>quo</strong></span> <span class='ocrx_word' id='word_1_713' title='bbox 3140 3928 3370 3997; x_wconf 89' lang='lat' dir='ltr'><strong>dispersi</strong></span> <span class='ocrx_word' id='word_1_714' title='bbox 3398 3936 3526 3982; x_wconf 90' lang='lat' dir='ltr'><strong>sunt</strong></span> <span class='ocrx_word' id='word_1_715' title='bbox 3546 3926 3710 4000; x_wconf 55' lang='lat' dir='ltr'><strong>illuc,</strong></span> 
     </span>
    </p>
   </div>
   <div class='ocr_carea' id='block_1_85' title="bbox 2101 4019 3693 4092">
    <p class='ocr_par' dir='ltr' id='par_1_85' title="bbox 2101 4019 3693 4092">
     <span class='ocr_line' id='line_1_85' title="bbox 2101 4019 3693 4092; baseline -0.009 -5"><span class='ocrx_word' id='word_1_716' title='bbox 2101 4043 2158 4087; x_wconf 88' lang='lat' dir='ltr'><strong>et</strong></span> <span class='ocrx_word' id='word_1_717' title='bbox 2202 4029 2583 4087; x_wconf 80' lang='lat' dir='ltr'><strong>sanetilicabor</strong></span> <span class='ocrx_word' id='word_1_718' title='bbox 2622 4026 2679 4080; x_wconf 93' lang='lat' dir='ltr'><strong>in</strong></span> <span class='ocrx_word' id='word_1_719' title='bbox 2719 4025 2800 4080; x_wconf 93' lang='lat' dir='ltr'><strong>eis</strong></span> <span class='ocrx_word' id='word_1_720' title='bbox 2843 4038 3027 4078; x_wconf 91' lang='lat' dir='ltr'><strong>coram</strong></span> <span class='ocrx_word' id='word_1_721' title='bbox 3072 4021 3325 4092; x_wconf 87' lang='lat' dir='ltr'><strong>gentibus</strong></span> <span class='ocrx_word' id='word_1_722' title='bbox 3366 4028 3422 4075; x_wconf 93' lang='lat' dir='ltr'><strong>et</strong></span> <span class='ocrx_word' id='word_1_723' title='bbox 3450 4019 3693 4088; x_wconf 79' lang='lat' dir='ltr'><strong>populis.</strong></span> 
     </span>
    </p>
   </div>
   <div class='ocr_carea' id='block_1_86' title="bbox 2101 4109 3698 4184">
    <p class='ocr_par' dir='ltr' id='par_1_86' title="bbox 2101 4109 3698 4184">
     <span class='ocr_line' id='line_1_86' title="bbox 2101 4109 3698 4184; baseline -0.008 -8"><span class='ocrx_word' id='word_1_724' title='bbox 2101 4123 2190 4176; x_wconf 88' lang='grc'><strong>26.</strong></span> <span class='ocrx_word' id='word_1_725' title='bbox 2250 4120 2316 4174; x_wconf 86' lang='lat' dir='ltr'><strong>Et</strong></span> <span class='ocrx_word' id='word_1_726' title='bbox 2375 4117 2703 4174; x_wconf 84' lang='lat' dir='ltr'><strong>habitabunt</strong></span> <span class='ocrx_word' id='word_1_727' title='bbox 2748 4129 2913 4184; x_wconf 90' lang='lat' dir='ltr'><strong>super</strong></span> <span class='ocrx_word' id='word_1_728' title='bbox 2970 4121 3115 4166; x_wconf 84' lang='lat' dir='ltr'><strong>terra</strong></span> <span class='ocrx_word' id='word_1_729' title='bbox 3170 4125 3293 4174; x_wconf 89' lang='lat' dir='ltr'><strong>sua,</strong></span> <span class='ocrx_word' id='word_1_730' title='bbox 3349 4125 3513 4180; x_wconf 90' lang='lat' dir='ltr'><strong>quam</strong></span> <span class='ocrx_word' id='word_1_731' title='bbox 3571 4109 3698 4165; x_wconf 90' lang='lat' dir='ltr'><strong>dedi</strong></span> 
     </span>
    </p>
   </div>
   <div class='ocr_carea' id='block_1_87' title="bbox 2104 4202 3692 4271">
    <p class='ocr_par' dir='ltr' id='par_1_87' title="bbox 2104 4202 3692 4271">
     <span class='ocr_line' id='line_1_87' title="bbox 2104 4202 3692 4271; baseline -0.009 -3"><span class='ocrx_word' id='word_1_732' title='bbox 2104 4227 2265 4270; x_wconf 85' lang='lat' dir='ltr'><strong>servo</strong></span> <span class='ocrx_word' id='word_1_733' title='bbox 2305 4224 2427 4265; x_wconf 89' lang='lat' dir='ltr'><strong>meo</strong></span> <span class='ocrx_word' id='word_1_734' title='bbox 2457 4208 2683 4269; x_wconf 70' lang='lat' dir='ltr'><strong>Iacobo,</strong></span> <span class='ocrx_word' id='word_1_735' title='bbox 2726 4215 2780 4260; x_wconf 89' lang='lat' dir='ltr'><strong>et</strong></span> <span class='ocrx_word' id='word_1_736' title='bbox 2823 4204 3154 4259; x_wconf 75' lang='lat' dir='ltr'><strong>habitabant</strong></span> <span class='ocrx_word' id='word_1_737' title='bbox 3199 4217 3363 4271; x_wconf 89' lang='lat' dir='ltr'><strong>super</strong></span> <span class='ocrx_word' id='word_1_738' title='bbox 3395 4217 3458 4256; x_wconf 88' lang='lat' dir='ltr'><strong>ea</strong></span> <span class='ocrx_word' id='word_1_739' title='bbox 3491 4202 3545 4255; x_wconf 91' lang='lat' dir='ltr'><strong>in</strong></span> <span class='ocrx_word' id='word_1_740' title='bbox 3575 4215 3692 4271; x_wconf 87' lang='lat' dir='ltr'><strong>spe,</strong></span> 
     </span>
    </p>
   </div>
   <div class='ocr_carea' id='block_1_88' title="bbox 2102 4292 3699 4365">
    <p class='ocr_par' dir='ltr' id='par_1_88' title="bbox 2102 4292 3699 4365">
     <span class='ocr_line' id='line_1_88' title="bbox 2102 4292 3699 4365; baseline -0.009 -5"><span class='ocrx_word' id='word_1_741' title='bbox 2102 4314 2157 4360; x_wconf 90' lang='lat' dir='ltr'><strong>et</strong></span> <span class='ocrx_word' id='word_1_742' title='bbox 2216 4301 2563 4358; x_wconf 81' lang='lat' dir='ltr'><strong>aedificabunt</strong></span> <span class='ocrx_word' id='word_1_743' title='bbox 2607 4299 2820 4362; x_wconf 88' lang='lat' dir='ltr'><strong>domos,</strong></span> <span class='ocrx_word' id='word_1_744' title='bbox 2879 4303 2934 4350; x_wconf 91' lang='lat' dir='ltr'><strong>et</strong></span> <span class='ocrx_word' id='word_1_745' title='bbox 2991 4293 3322 4365; x_wconf 87' lang='lat' dir='ltr'><strong>plautabunt</strong></span> <span class='ocrx_word' id='word_1_746' title='bbox 3378 4292 3584 4355; x_wconf 87' lang='lat' dir='ltr'><strong>vineas,</strong></span> <span class='ocrx_word' id='word_1_747' title='bbox 3642 4301 3699 4346; x_wconf 81' lang='lat' dir='ltr'><strong>et</strong></span> 
     </span>
    </p>
   </div>
   <div class='ocr_carea' id='block_1_89' title="bbox 427 4367 2008 4459">
    <p class='ocr_par' dir='ltr' id='par_1_89' title="bbox 427 4383 1999 4457">
     <span class='ocr_line' id='line_1_89' title="bbox 427 4383 1999 4457; baseline 0.001 -20"><span class='ocrx_word' id='word_1_748' title='bbox 427 4399 752 4457; x_wconf 82' lang='lat' dir='ltr'><strong>cgo,cnram</strong></span> <span class='ocrx_word' id='word_1_749' title='bbox 791 4383 1161 4439; x_wconf 86' lang='lat' dir='ltr'><strong>occidentibus</strong></span> <span class='ocrx_word' id='word_1_750' title='bbox 1195 4384 1276 4437; x_wconf 79' lang='lat' dir='ltr'><strong>te?</strong></span> <span class='ocrx_word' id='word_1_751' title='bbox 1312 4391 1369 4437; x_wconf 92' lang='lat' dir='ltr'><strong>tu</strong></span> <span class='ocrx_word' id='word_1_752' title='bbox 1409 4392 1589 4438; x_wconf 91' lang='lat' dir='ltr'><strong>autem</strong></span> <span class='ocrx_word' id='word_1_753' title='bbox 1632 4399 1692 4439; x_wconf 91' lang='lat' dir='ltr'><strong>es</strong></span> <span class='ocrx_word' id='word_1_754' title='bbox 1732 4384 1917 4450; x_wconf 88' lang='lat' dir='ltr'><strong>homo,</strong></span> <span class='ocrx_word' id='word_1_755' title='bbox 1943 4393 1999 4440; x_wconf 80' lang='lat' dir='ltr'><strong>et</strong></span> 
     </span>
    </p>
   </div>
   <div class='ocr_carea' id='block_1_90' title="bbox 2110 4367 3695 4459">
    <p class='ocr_par' dir='ltr' id='par_1_90' title="bbox 2110 4381 3695 4459">
     <span class='ocr_line' id='line_1_90' title="bbox 2110 4381 3695 4459; baseline -0.01 -9"><span class='ocrx_word' id='word_1_756' title='bbox 2110 4393 2429 4450; x_wconf 81' lang='lat' dir='ltr'><strong>habitabunt</strong></span> <span class='ocrx_word' id='word_1_757' title='bbox 2453 4391 2507 4444; x_wconf 91' lang='lat' dir='ltr'><strong>iu</strong></span> <span class='ocrx_word' id='word_1_758' title='bbox 2537 4403 2651 4459; x_wconf 91' lang='lat' dir='ltr'><strong>spe,</strong></span> <span class='ocrx_word' id='word_1_759' title='bbox 2675 4401 2800 4442; x_wconf 90' lang='lat' dir='ltr'><strong>cum</strong></span> <span class='ocrx_word' id='word_1_760' title='bbox 2827 4384 3006 4440; x_wconf 87' lang='lat' dir='ltr'><strong>fecero</strong></span> <span class='ocrx_word' id='word_1_761' title='bbox 3026 4383 3297 4452; x_wconf 89' lang='lat' dir='ltr'><strong>judicium</strong></span> <span class='ocrx_word' id='word_1_762' title='bbox 3325 4382 3380 4436; x_wconf 89' lang='lat' dir='ltr'><strong>in</strong></span> <span class='ocrx_word' id='word_1_763' title='bbox 3415 4381 3695 4458; x_wconf 61' lang='lat' dir='ltr'><strong>omnibus,</strong></span> 
     </span>
    </p>
   </div>
   <div class='ocr_carea' id='block_1_91' title="bbox 427 4475 1997 4532">
    <p class='ocr_par' dir='ltr' id='par_1_91' title="bbox 427 4475 1997 4532">
     <span class='ocr_line' id='line_1_91' title="bbox 427 4475 1997 4532; baseline 0 -1"><span class='ocrx_word' id='word_1_764' title='bbox 427 4493 536 4532; x_wconf 89' lang='lat' dir='ltr'><strong>non</strong></span> <span class='ocrx_word' id='word_1_765' title='bbox 587 4476 728 4532; x_wconf 90' lang='lat' dir='ltr'><strong>Deus</strong></span> <span class='ocrx_word' id='word_1_766' title='bbox 779 4479 833 4531; x_wconf 92' lang='lat' dir='ltr'><strong>in</strong></span> <span class='ocrx_word' id='word_1_767' title='bbox 897 4475 1243 4530; x_wconf 89' lang='lat' dir='ltr'><strong>multitudine</strong></span> <span class='ocrx_word' id='word_1_768' title='bbox 1295 4475 1694 4530; x_wconf 89' lang='lat' dir='ltr'><strong>homicidarum</strong></span> <span class='ocrx_word' id='word_1_769' title='bbox 1757 4485 1997 4531; x_wconf 92' lang='lat' dir='ltr'><strong>tuorum.</strong></span> 
     </span>
    </p>
   </div>
   <div class='ocr_carea' id='block_1_92' title="bbox 427 4566 2044 4626">
    <p class='ocr_par' dir='ltr' id='par_1_92' title="bbox 427 4566 2044 4626">
     <span class='ocr_line' id='line_1_92' title="bbox 427 4566 2044 4626; baseline -0.001 -2"><span class='ocrx_word' id='word_1_770' title='bbox 427 4572 516 4626; x_wconf 82' lang='grc'><strong>10.</strong></span> <span class='ocrx_word' id='word_1_771' title='bbox 546 4570 810 4625; x_wconf 85' lang='lat' dir='ltr'><strong>Mortibus</strong></span> <span class='ocrx_word' id='word_1_772' title='bbox 845 4566 1354 4622; x_wconf 87' lang='lat' dir='ltr'><strong>incircumcisorum</strong></span> <span class='ocrx_word' id='word_1_773' title='bbox 1384 4566 1635 4620; x_wconf 91' lang='lat' dir='ltr'><strong>morieris</strong></span> <span class='ocrx_word' id='word_1_774' title='bbox 1661 4567 1715 4620; x_wconf 84' lang='lat' dir='ltr'><strong>in</strong></span> <span class='ocrx_word' id='word_1_775' title='bbox 1747 4568 2005 4622; x_wconf 80' lang='lat' dir='ltr'><strong>manibus</strong></span> <span class='ocrx_word' id='word_1_776' title='bbox 2041 4574 2044 4576; x_wconf 65' lang='grc'>⁷</span> 
     </span>
    </p>
   </div>
   <div class='ocr_carea' id='block_1_93' title="bbox 427 4658 2004 4732">
    <p class='ocr_par' dir='ltr' id='par_1_93' title="bbox 427 4658 2004 4732">
     <span class='ocr_line' id='line_1_93' title="bbox 427 4658 2004 4732; baseline -0.003 -14"><span class='ocrx_word' id='word_1_777' title='bbox 427 4665 756 4730; x_wconf 89' lang='lat' dir='ltr'><strong>alienorum,</strong></span> <span class='ocrx_word' id='word_1_778' title='bbox 813 4661 938 4732; x_wconf 91' lang='lat' dir='ltr'><strong>quia</strong></span> <span class='ocrx_word' id='word_1_779' title='bbox 993 4674 1094 4730; x_wconf 88' lang='lat' dir='ltr'><strong>ego</strong></span> <span class='ocrx_word' id='word_1_780' title='bbox 1147 4660 1362 4713; x_wconf 90' lang='lat' dir='ltr'><strong>locutus</strong></span> <span class='ocrx_word' id='word_1_781' title='bbox 1418 4675 1564 4727; x_wconf 92' lang='lat' dir='ltr'><strong>sum,</strong></span> <span class='ocrx_word' id='word_1_782' title='bbox 1609 4658 1741 4713; x_wconf 90' lang='lat' dir='ltr'><strong>dicit</strong></span> <span class='ocrx_word' id='word_1_783' title='bbox 1793 4659 2004 4714; x_wconf 81' lang='lat' dir='ltr'><strong>Adonai</strong></span> 
     </span>
    </p>
   </div>
   <div class='ocr_carea' id='block_1_94' title="bbox 424 4750 2002 4816">
    <p class='ocr_par' dir='ltr' id='par_1_94' title="bbox 424 4750 2002 4816">
     <span class='ocr_line' id='line_1_94' title="bbox 424 4750 2002 4816; baseline -0.003 -5"><span class='ocrx_word' id='word_1_784' title='bbox 424 4756 708 4811; x_wconf 89' lang='lat' dir='ltr'><strong>Dominus.</strong></span> <span class='ocrx_word' id='word_1_785' title='bbox 749 4755 835 4808; x_wconf 91' lang='grc'><strong>11.</strong></span> <span class='ocrx_word' id='word_1_786' title='bbox 869 4753 933 4807; x_wconf 82' lang='grc' dir='ltr'><strong>Ει</strong></span> <span class='ocrx_word' id='word_1_787' title='bbox 956 4751 1158 4807; x_wconf 91' lang='lat' dir='ltr'><strong>factum</strong></span> <span class='ocrx_word' id='word_1_788' title='bbox 1187 4761 1271 4806; x_wconf 88' lang='lat' dir='ltr'><strong>est</strong></span> <span class='ocrx_word' id='word_1_789' title='bbox 1295 4751 1521 4805; x_wconf 88' lang='lat' dir='ltr'><strong>verbum</strong></span> <span class='ocrx_word' id='word_1_790' title='bbox 1557 4750 1771 4804; x_wconf 90' lang='lat' dir='ltr'><strong>Domini</strong></span> <span class='ocrx_word' id='word_1_791' title='bbox 1798 4751 1864 4806; x_wconf 91' lang='lat' dir='ltr'><strong>ad</strong></span> <span class='ocrx_word' id='word_1_792' title='bbox 1893 4767 2002 4816; x_wconf 93' lang='lat' dir='ltr'><strong>me,</strong></span> 
     </span>
    </p>
   </div>
   <div class='ocr_carea' id='block_1_95' title="bbox 425 4843 2010 4910">
    <p class='ocr_par' dir='ltr' id='par_1_95' title="bbox 425 4843 2010 4910">
     <span class='ocr_line' id='line_1_95' title="bbox 425 4843 2010 4910; baseline -0.006 -5"><span class='ocrx_word' id='word_1_793' title='bbox 425 4850 614 4905; x_wconf 88' lang='lat' dir='ltr'><strong>dicens</strong></span> <span class='ocrx_word' id='word_1_794' title='bbox 664 4867 678 4904; x_wconf 91' lang='lat'><strong>:</strong></span> <span class='ocrx_word' id='word_1_795' title='bbox 729 4849 815 4902; x_wconf 83' lang='lat' dir='ltr'><strong>l2.</strong></span> <span class='ocrx_word' id='word_1_796' title='bbox 867 4845 969 4902; x_wconf 86' lang='lat' dir='ltr'><strong>Fili</strong></span> <span class='ocrx_word' id='word_1_797' title='bbox 1029 4843 1301 4910; x_wconf 90' lang='lat' dir='ltr'><strong>hominis,</strong></span> <span class='ocrx_word' id='word_1_798' title='bbox 1366 4858 1520 4898; x_wconf 91' lang='lat' dir='ltr'><strong>sume</strong></span> <span class='ocrx_word' id='word_1_799' title='bbox 1561 4843 2010 4898; x_wconf 77' lang='lat' dir='ltr'><strong>lamentationem</strong></span> 
     </span>
    </p>
   </div>
   <div class='ocr_carea' id='block_1_96' title="bbox 427 4935 1998 5012">
    <p class='ocr_par' dir='ltr' id='par_1_96' title="bbox 427 4935 1998 5012">
     <span class='ocr_line' id='line_1_96' title="bbox 427 4935 1998 5012; baseline -0.005 -14"><span class='ocrx_word' id='word_1_800' title='bbox 427 4957 591 5012; x_wconf 88' lang='lat' dir='ltr'><strong>super</strong></span> <span class='ocrx_word' id='word_1_801' title='bbox 625 4941 924 5011; x_wconf 90' lang='lat' dir='ltr'><strong>principem</strong></span> <span class='ocrx_word' id='word_1_802' title='bbox 960 4938 1110 5010; x_wconf 82' lang='lat' dir='ltr'><strong>Tyri,</strong></span> <span class='ocrx_word' id='word_1_803' title='bbox 1145 4947 1200 4993; x_wconf 88' lang='lat' dir='ltr'><strong>et</strong></span> <span class='ocrx_word' id='word_1_804' title='bbox 1234 4937 1323 4991; x_wconf 91' lang='lat' dir='ltr'><strong>dic</strong></span> <span class='ocrx_word' id='word_1_805' title='bbox 1348 4937 1397 4990; x_wconf 91' lang='lat' dir='ltr'><strong>ei</strong></span> <span class='ocrx_word' id='word_1_806' title='bbox 1433 4953 1445 4990; x_wconf 90' lang='lat'><strong>:</strong></span> <span class='ocrx_word' id='word_1_807' title='bbox 1479 4935 1603 4990; x_wconf 80' lang='lat' dir='ltr'><strong>Haec</strong></span> <span class='ocrx_word' id='word_1_808' title='bbox 1653 4935 1784 4991; x_wconf 90' lang='lat' dir='ltr'><strong>dicit</strong></span> <span class='ocrx_word' id='word_1_809' title='bbox 1812 4936 1998 4990; x_wconf 90' lang='lat' dir='ltr'><strong>Domi-</strong></span> 
     </span>
    </p>
   </div>
   <div class='ocr_carea' id='block_1_97' title="bbox 425 5027 1998 5100">
    <p class='ocr_par' dir='ltr' id='par_1_97' title="bbox 425 5027 1998 5100">
     <span class='ocr_line' id='line_1_97' title="bbox 425 5027 1998 5100; baseline -0.004 -12"><span class='ocrx_word' id='word_1_810' title='bbox 425 5050 532 5090; x_wconf 90' lang='lat' dir='ltr'><strong>nus</strong></span> <span class='ocrx_word' id='word_1_811' title='bbox 570 5032 836 5087; x_wconf 89' lang='lat' dir='ltr'><strong>Dominus</strong></span> <span class='ocrx_word' id='word_1_812' title='bbox 869 5049 884 5086; x_wconf 86' lang='lat'><strong>:</strong></span> <span class='ocrx_word' id='word_1_813' title='bbox 917 5031 999 5086; x_wconf 89' lang='lat' dir='ltr'><strong>Tu</strong></span> <span class='ocrx_word' id='word_1_814' title='bbox 1043 5046 1103 5086; x_wconf 92' lang='lat' dir='ltr'><strong>es</strong></span> <span class='ocrx_word' id='word_1_815' title='bbox 1147 5028 1381 5100; x_wconf 91' lang='lat' dir='ltr'><strong>sigillum</strong></span> <span class='ocrx_word' id='word_1_816' title='bbox 1413 5027 1478 5097; x_wconf 70' lang='grc' dir='ltr'><strong>(Γ)</strong></span> <span class='ocrx_word' id='word_1_817' title='bbox 1511 5027 1900 5094; x_wconf 89' lang='lat' dir='ltr'><strong>similitudinis,</strong></span> <span class='ocrx_word' id='word_1_818' title='bbox 1930 5032 1998 5098; x_wconf 77' lang='lat' dir='ltr'><strong>)t(</strong></span> 
     </span>
    </p>
   </div>
   <div class='ocr_carea' id='block_1_98' title="bbox 424 5120 2002 5196">
    <p class='ocr_par' dir='ltr' id='par_1_98' title="bbox 424 5120 2002 5196">
     <span class='ocr_line' id='line_1_98' title="bbox 424 5120 2002 5196; baseline -0.003 -16"><span class='ocrx_word' id='word_1_819' title='bbox 424 5127 615 5196; x_wconf 90' lang='lat' dir='ltr'><strong>plenus</strong></span> <span class='ocrx_word' id='word_1_820' title='bbox 663 5125 926 5196; x_wconf 87' lang='lat' dir='ltr'><strong>sapientia</strong></span> <span class='ocrx_word' id='word_1_821' title='bbox 968 5125 1016 5193; x_wconf 72' lang='grc' dir='ltr'><strong>ζ,</strong></span> <span class='ocrx_word' id='word_1_822' title='bbox 1044 5131 1097 5177; x_wconf 89' lang='lat' dir='ltr'><strong>et</strong></span> <span class='ocrx_word' id='word_1_823' title='bbox 1143 5136 1345 5177; x_wconf 88' lang='lat' dir='ltr'><strong>corona</strong></span> <span class='ocrx_word' id='word_1_824' title='bbox 1375 5120 1587 5176; x_wconf 91' lang='lat' dir='ltr'><strong>decoris</strong></span> <span class='ocrx_word' id='word_1_825' title='bbox 1634 5122 1717 5176; x_wconf 81' lang='grc'><strong>15.</strong></span> <span class='ocrx_word' id='word_1_826' title='bbox 1761 5121 1813 5174; x_wconf 92' lang='lat' dir='ltr'><strong>in</strong></span> <span class='ocrx_word' id='word_1_827' title='bbox 1845 5123 2002 5177; x_wconf 81' lang='lat' dir='ltr'><strong>volu-</strong></span> 
     </span>
    </p>
   </div>
   <div class='ocr_carea' id='block_1_99' title="bbox 423 5209 2000 5287">
    <p class='ocr_par' dir='ltr' id='par_1_99' title="bbox 423 5209 2000 5287">
     <span class='ocr_line' id='line_1_99' title="bbox 423 5209 2000 5287; baseline -0.003 -15"><span class='ocrx_word' id='word_1_828' title='bbox 423 5227 572 5287; x_wconf 87' lang='lat' dir='ltr'><strong>ptate</strong></span> <span class='ocrx_word' id='word_1_829' title='bbox 599 5215 757 5272; x_wconf 88' lang='lat' dir='ltr'><strong>faciei</strong></span> <span class='ocrx_word' id='word_1_830' title='bbox 789 5215 882 5270; x_wconf 89' lang='lat' dir='ltr'><strong>Dei</strong></span> <span class='ocrx_word' id='word_1_831' title='bbox 915 5213 1085 5279; x_wconf 89' lang='lat' dir='ltr'><strong>fuisti,</strong></span> <span class='ocrx_word' id='word_1_832' title='bbox 1133 5227 1350 5267; x_wconf 90' lang='lat' dir='ltr'><strong>omnem</strong></span> <span class='ocrx_word' id='word_1_833' title='bbox 1389 5209 1622 5281; x_wconf 87' lang='lat' dir='ltr'><strong>lapidem</strong></span> <span class='ocrx_word' id='word_1_834' title='bbox 1647 5212 1847 5268; x_wconf 89' lang='lat' dir='ltr'><strong>bonum</strong></span> <span class='ocrx_word' id='word_1_835' title='bbox 1878 5214 2000 5268; x_wconf 83' lang='lat' dir='ltr'><strong>ciu-</strong></span> 
     </span>
    </p>
   </div>
   <div class='ocr_carea' id='block_1_100' title="bbox 494 5443 3503 5521">
    <p class='ocr_par' dir='ltr' id='par_1_100' title="bbox 494 5443 3503 5521">
     <span class='ocr_line' id='line_1_100' title="bbox 494 5443 3503 5521; baseline -0.005 -18"><span class='ocrx_word' id='word_1_836' title='bbox 494 5451 564 5521; x_wconf 78' lang='grc' dir='ltr'><strong>(ο)</strong></span> <span class='ocrx_word' id='word_1_837' title='bbox 596 5447 680 5514; x_wconf 80' lang='lat'><strong>3.,</strong></span> <span class='ocrx_word' id='word_1_838' title='bbox 723 5450 1235 5513; x_wconf 88' lang='lat' dir='ltr'><strong>commovebuntur,</strong></span> <span class='ocrx_word' id='word_1_839' title='bbox 1271 5447 1362 5521; x_wconf 89' lang='lat' dir='ltr'><strong>qu_i</strong></span> <span class='ocrx_word' id='word_1_840' title='bbox 1387 5448 1597 5519; x_wconf 86' lang='lat' dir='ltr'><strong>procul.</strong></span> <span class='ocrx_word' id='word_1_841' title='bbox 1635 5446 1770 5521; x_wconf 51' lang='lat' dir='ltr'><strong>_Tli.,</strong></span> <span class='ocrx_word' id='word_1_842' title='bbox 1793 5447 2286 5521; x_wconf 82' lang='lat' dir='ltr'><strong>commovebuntur</strong></span> <span class='ocrx_word' id='word_1_843' title='bbox 2311 5443 2584 5521; x_wconf 74' lang='lat' dir='ltr'><strong>regiones.</strong></span> <span class='ocrx_word' id='word_1_844' title='bbox 2644 5512 2658 5521; x_wconf 40' lang='lat'><em>.</em></span> <span class='ocrx_word' id='word_1_845' title='bbox 2681 5443 2770 5521; x_wconf 85' lang='lat' dir='ltr'><strong>(d)_</strong></span> <span class='ocrx_word' id='word_1_846' title='bbox 2798 5443 2880 5503; x_wconf 78' lang='lat'><strong>8.,</strong></span> <span class='ocrx_word' id='word_1_847' title='bbox 2914 5443 3375 5521; x_wconf 69' lang='lat' dir='ltr'><strong>permutabuntur</strong></span> 
     </span>
    </p>
   </div>
   <div class='ocr_carea' id='block_1_101' title="bbox 1222 5507 3693 5584">
    <p class='ocr_par' dir='ltr' id='par_1_101' title="bbox 1222 5507 3693 5584">
     <span class='ocr_line' id='line_1_101' title="bbox 1222 5507 3693 5584; baseline -0.007 -13"><span class='ocrx_word' id='word_1_848' title='bbox 1222 5507 1405 5584; x_wconf 36' lang='lat' dir='ltr'><strong>(eis;</strong></span> <span class='ocrx_word' id='word_1_849' title='bbox 1439 5535 1600 5574; x_wconf 87' lang='lat' dir='ltr'><strong>omne</strong></span> <span class='ocrx_word' id='word_1_850' title='bbox 1639 5507 1907 5572; x_wconf 68' lang='lat' dir='ltr'><strong>ineffabile</strong></span> <span class='ocrx_word' id='word_1_851' title='bbox 1941 5533 2049 5571; x_wconf 85' lang='lat' dir='ltr'><strong>non</strong></span> <span class='ocrx_word' id='word_1_852' title='bbox 2080 5517 2298 5571; x_wconf 87' lang='lat' dir='ltr'><strong>transiit</strong></span> <span class='ocrx_word' id='word_1_853' title='bbox 2329 5507 2402 5569; x_wconf 62' lang='lat' dir='ltr'><strong>te&#39;.</strong></span> <span class='ocrx_word' id='word_1_854' title='bbox 2439 5512 2494 5567; x_wconf 87' lang='lat' dir='ltr'><strong>In</strong></span> <span class='ocrx_word' id='word_1_855' title='bbox 2541 5507 2954 5584; x_wconf 6' lang='lat' dir='ltr'><strong>sapie&#39;ntiagtua,</strong></span> <span class='ocrx_word' id='word_1_856' title='bbox 2996 5518 3049 5584; x_wconf 81' lang='lat' dir='ltr'><strong>et</strong></span> <span class='ocrx_word' id='word_1_857' title='bbox 3087 5510 3142 5562; x_wconf 90' lang='lat' dir='ltr'><strong>in</strong></span> <span class='ocrx_word' id='word_1_858' title='bbox 3185 5507 3540 5584; x_wconf 53' lang='lat' dir='ltr'><strong>intelligentia</strong></span> <span class='ocrx_word' id='word_1_859' title='bbox 3582 5513 3693 5583; x_wconf 75' lang='lat' dir='ltr'><strong>tua.</strong></span> 
     </span>
    </p>
   </div>
   <div class='ocr_carea' id='block_1_102' title="bbox 425 5522 1118 5575">
    <p class='ocr_par' dir='ltr' id='par_1_102' title="bbox 425 5522 1118 5575">
     <span class='ocr_line' id='line_1_102' title="bbox 425 5522 1118 5575; baseline -0.007 0"><span class='ocrx_word' id='word_1_860' title='bbox 425 5522 690 5575; x_wconf 83' lang='lat' dir='ltr'><strong>facierum</strong></span> <span class='ocrx_word' id='word_1_861' title='bbox 733 5528 1118 5572; x_wconf 88' lang='lat' dir='ltr'><strong>mercatorum.</strong></span> 
     </span>
    </p>
   </div>
   <div class='ocr_carea' id='block_1_103' title="bbox 424 5587 1878 5657">
    <p class='ocr_par' dir='ltr' id='par_1_103' title="bbox 424 5587 1878 5657">
     <span class='ocr_line' id='line_1_103' title="bbox 424 5587 1878 5657; baseline -0.006 -9"><span class='ocrx_word' id='word_1_862' title='bbox 424 5590 492 5656; x_wconf 71' lang='grc' dir='ltr'><strong>(ί)</strong></span> <span class='ocrx_word' id='word_1_863' title='bbox 557 5588 680 5652; x_wconf 77' lang='grc' dir='ltr'><strong>ΤΙι..</strong></span> <span class='ocrx_word' id='word_1_864' title='bbox 715 5587 1148 5657; x_wconf 76' lang='lat' dir='ltr'><strong>przeparationis.</strong></span> <span class='ocrx_word' id='word_1_865' title='bbox 1209 5589 1298 5657; x_wconf 76' lang='lat' dir='ltr'><strong>lg)</strong></span> <span class='ocrx_word' id='word_1_866' title='bbox 1331 5587 1412 5651; x_wconf 84' lang='lat'><strong>8..</strong></span> <span class='ocrx_word' id='word_1_867' title='bbox 1447 5589 1747 5642; x_wconf 84' lang='lat' dir='ltr'><strong>stabilitum</strong></span> <span class='ocrx_word' id='word_1_868' title='bbox 1776 5598 1878 5643; x_wconf 89' lang='lat' dir='ltr'><strong>est.</strong></span> 
     </span>
    </p>
   </div>
   <div class='ocr_carea' id='block_1_104' title="bbox 429 5658 1120 5733">
    <p class='ocr_par' dir='ltr' id='par_1_104' title="bbox 429 5658 1120 5733">
     <span class='ocr_line' id='line_1_104' title="bbox 429 5658 1120 5733; baseline -0.004 -22"><span class='ocrx_word' id='word_1_869' title='bbox 429 5661 496 5733; x_wconf 71' lang='grc' dir='ltr'><strong>(ί)</strong></span> <span class='ocrx_word' id='word_1_870' title='bbox 526 5658 913 5715; x_wconf 82' lang='lat' dir='ltr'><strong>Sauctuarium</strong></span> <span class='ocrx_word' id='word_1_871' title='bbox 948 5665 1120 5709; x_wconf 87' lang='lat' dir='ltr'><strong>tuum.</strong></span> 
     </span>
    </p>
   </div>
   <div class='ocr_carea' id='block_1_105' title="bbox 1974 5579 3221 5656">
    <p class='ocr_par' dir='ltr' id='par_1_105' title="bbox 1974 5579 3221 5656">
     <span class='ocr_line' id='line_1_105' title="bbox 1974 5579 3221 5656; baseline -0.007 -16"><span class='ocrx_word' id='word_1_872' title='bbox 1974 5587 2050 5656; x_wconf 75' lang='lat' dir='ltr'><strong>(li)</strong></span> <span class='ocrx_word' id='word_1_873' title='bbox 2094 5587 2178 5650; x_wconf 88' lang='lat' dir='ltr'><strong>S.,</strong></span> <span class='ocrx_word' id='word_1_874' title='bbox 2219 5586 2458 5640; x_wconf 85' lang='lat' dir='ltr'><strong>medium</strong></span> <span class='ocrx_word' id='word_1_875' title='bbox 2493 5579 2623 5639; x_wconf 54' lang='lat' dir='ltr'><strong>tui.&#39;</strong></span> <span class='ocrx_word' id='word_1_876' title='bbox 2671 5583 2732 5653; x_wconf 87' lang='lat' dir='ltr'><strong>(i)</strong></span> <span class='ocrx_word' id='word_1_877' title='bbox 2759 5579 3068 5651; x_wconf 84' lang='lat' dir='ltr'><strong>lniquitatis</strong></span> <span class='ocrx_word' id='word_1_878' title='bbox 3096 5587 3221 5633; x_wconf 61' lang='lat' dir='ltr'><strong>tum.</strong></span> 
     </span>
    </p>
   </div>
   <div class='ocr_carea' id='block_1_106' title="bbox 1198 5656 2369 5726">
    <p class='ocr_par' dir='ltr' id='par_1_106' title="bbox 1198 5656 2369 5726">
     <span class='ocr_line' id='line_1_106' title="bbox 1198 5656 2369 5726; baseline 0.002 -20"><span class='ocrx_word' id='word_1_879' title='bbox 1198 5656 1292 5726; x_wconf 74' lang='grc' dir='ltr'><strong>(ιιι)</strong></span> <span class='ocrx_word' id='word_1_880' title='bbox 1331 5657 1673 5723; x_wconf 62' lang='lat' dir='ltr'><strong>Duodecimn,</strong></span> <span class='ocrx_word' id='word_1_881' title='bbox 1716 5658 1768 5711; x_wconf 89' lang='lat' dir='ltr'><strong>in</strong></span> <span class='ocrx_word' id='word_1_882' title='bbox 1804 5673 1989 5713; x_wconf 82' lang='lat' dir='ltr'><strong>mense</strong></span> <span class='ocrx_word' id='word_1_883' title='bbox 2019 5657 2369 5713; x_wconf 73' lang='lat' dir='ltr'><strong>duodecimo.</strong></span> 
     </span>
    </p>
   </div>
   <div class='ocr_carea' id='block_1_107' title="bbox 2105 4474 3690 4555">
    <p class='ocr_par' dir='ltr' id='par_1_107' title="bbox 2105 4474 3690 4555">
     <span class='ocr_line' id='line_1_107' title="bbox 2105 4474 3690 4555; baseline -0.009 -15"><span class='ocrx_word' id='word_1_884' title='bbox 2105 4486 2198 4555; x_wconf 88' lang='lat' dir='ltr'><strong>qui</strong></span> <span class='ocrx_word' id='word_1_885' title='bbox 2241 4480 2634 4539; x_wconf 90' lang='lat' dir='ltr'><strong>contemserint</strong></span> <span class='ocrx_word' id='word_1_886' title='bbox 2663 4493 2758 4532; x_wconf 92' lang='lat' dir='ltr'><strong>eos</strong></span> <span class='ocrx_word' id='word_1_887' title='bbox 2793 4476 2845 4530; x_wconf 93' lang='lat' dir='ltr'><strong>iu</strong></span> <span class='ocrx_word' id='word_1_888' title='bbox 2877 4474 3111 4530; x_wconf 90' lang='lat' dir='ltr'><strong>circuitu</strong></span> <span class='ocrx_word' id='word_1_889' title='bbox 3145 4489 3358 4535; x_wconf 91' lang='lat' dir='ltr'><strong>eorum,</strong></span> <span class='ocrx_word' id='word_1_890' title='bbox 3405 4483 3460 4528; x_wconf 92' lang='lat' dir='ltr'><strong>et</strong></span> <span class='ocrx_word' id='word_1_891' title='bbox 3497 4474 3690 4538; x_wconf 87' lang='lat' dir='ltr'><strong>scient,</strong></span> 
     </span>
    </p>
   </div>
   <div class='ocr_carea' id='block_1_108' title="bbox 2107 4561 3695 4644">
    <p class='ocr_par' dir='ltr' id='par_1_108' title="bbox 2107 4561 3695 4644">
     <span class='ocr_line' id='line_1_108' title="bbox 2107 4561 3695 4644; baseline -0.008 -16"><span class='ocrx_word' id='word_1_892' title='bbox 2107 4573 2250 4644; x_wconf 84' lang='lat' dir='ltr'><strong>quod</strong></span> <span class='ocrx_word' id='word_1_893' title='bbox 2313 4587 2413 4641; x_wconf 88' lang='lat' dir='ltr'><strong>ego</strong></span> <span class='ocrx_word' id='word_1_894' title='bbox 2473 4584 2593 4626; x_wconf 91' lang='lat' dir='ltr'><strong>sum</strong></span> <span class='ocrx_word' id='word_1_895' title='bbox 2648 4565 2912 4622; x_wconf 79' lang='lat' dir='ltr'><strong>Dominus</strong></span> <span class='ocrx_word' id='word_1_896' title='bbox 2970 4564 3111 4619; x_wconf 91' lang='lat' dir='ltr'><strong>Deus</strong></span> <span class='ocrx_word' id='word_1_897' title='bbox 3165 4578 3389 4631; x_wconf 91' lang='lat' dir='ltr'><strong>eorum,</strong></span> <span class='ocrx_word' id='word_1_898' title='bbox 3439 4571 3492 4620; x_wconf 91' lang='lat' dir='ltr'><strong>et</strong></span> <span class='ocrx_word' id='word_1_899' title='bbox 3555 4561 3695 4619; x_wconf 87' lang='lat' dir='ltr'><strong>Deus</strong></span> 
     </span>
    </p>
   </div>
   <div class='ocr_carea' id='block_1_109' title="bbox 2108 4671 2571 4735">
    <p class='ocr_par' dir='ltr' id='par_1_109' title="bbox 2108 4671 2571 4735">
     <span class='ocr_line' id='line_1_109' title="bbox 2108 4671 2571 4735; baseline -0.013 -16"><span class='ocrx_word' id='word_1_900' title='bbox 2108 4671 2323 4735; x_wconf 87' lang='lat' dir='ltr'><strong>patrum</strong></span> <span class='ocrx_word' id='word_1_901' title='bbox 2359 4677 2571 4716; x_wconf 91' lang='lat' dir='ltr'><strong>eorum.</strong></span> 
     </span>
    </p>
   </div>
   <div class='ocr_carea' id='block_1_110' title="bbox 2183 4749 3691 4822">
    <p class='ocr_par' dir='ltr' id='par_1_110' title="bbox 2183 4749 3691 4822">
     <span class='ocr_line' id='line_1_110' title="bbox 2183 4749 3691 4822; baseline -0.003 -13"><span class='ocrx_word' id='word_1_902' title='bbox 2183 4755 2337 4809; x_wconf 84' lang='lat' dir='ltr'><strong>CAP.</strong></span> <span class='ocrx_word' id='word_1_903' title='bbox 2358 4751 2552 4807; x_wconf 73' lang='lat' dir='ltr'><strong>XXIX.</strong></span> <span class='ocrx_word' id='word_1_904' title='bbox 2576 4751 2712 4806; x_wconf 84' lang='lat' dir='ltr'><strong>—l.</strong></span> <span class='ocrx_word' id='word_1_905' title='bbox 2739 4750 2914 4818; x_wconf 90' lang='lat' dir='ltr'><strong>Super</strong></span> <span class='ocrx_word' id='word_1_906' title='bbox 2931 4750 3224 4822; x_wconf 65' lang='lat' dir='ltr'><strong>A&#39;Igyptum</strong></span> <span class='ocrx_word' id='word_1_907' title='bbox 3249 4759 3305 4805; x_wconf 91' lang='lat' dir='ltr'><strong>et</strong></span> <span class='ocrx_word' id='word_1_908' title='bbox 3333 4749 3691 4805; x_wconf 79' lang='lat' dir='ltr'><strong>Pharaonem.</strong></span> 
     </span>
    </p>
   </div>
   <div class='ocr_carea' id='block_1_111' title="bbox 2111 4842 3692 4916">
    <p class='ocr_par' dir='ltr' id='par_1_111' title="bbox 2111 4842 3692 4916">
     <span class='ocr_line' id='line_1_111' title="bbox 2111 4842 3692 4916; baseline -0.004 -15"><span class='ocrx_word' id='word_1_909' title='bbox 2111 4847 2170 4901; x_wconf 91' lang='lat' dir='ltr'><strong>lu</strong></span> <span class='ocrx_word' id='word_1_910' title='bbox 2201 4862 2345 4901; x_wconf 89' lang='lat' dir='ltr'><strong>anno</strong></span> <span class='ocrx_word' id='word_1_911' title='bbox 2375 4845 2468 4916; x_wconf 87' lang='lat' dir='ltr'><strong>(m)</strong></span> <span class='ocrx_word' id='word_1_912' title='bbox 2495 4843 2732 4908; x_wconf 87' lang='lat' dir='ltr'><strong>decimo,</strong></span> <span class='ocrx_word' id='word_1_913' title='bbox 2769 4843 2823 4896; x_wconf 92' lang='lat' dir='ltr'><strong>in</strong></span> <span class='ocrx_word' id='word_1_914' title='bbox 2843 4857 3030 4898; x_wconf 90' lang='lat' dir='ltr'><strong>mense</strong></span> <span class='ocrx_word' id='word_1_915' title='bbox 3055 4843 3290 4905; x_wconf 89' lang='lat' dir='ltr'><strong>decimo,</strong></span> <span class='ocrx_word' id='word_1_916' title='bbox 3323 4857 3434 4895; x_wconf 94' lang='lat' dir='ltr'><strong>uno</strong></span> <span class='ocrx_word' id='word_1_917' title='bbox 3466 4842 3692 4904; x_wconf 85' lang='lat' dir='ltr'><strong>mensis,</strong></span> 
     </span>
    </p>
   </div>
   <div class='ocr_carea' id='block_1_112' title="bbox 2110 4933 3694 5000">
    <p class='ocr_par' dir='ltr' id='par_1_112' title="bbox 2110 4933 3694 5000">
     <span class='ocr_line' id='line_1_112' title="bbox 2110 4933 3694 5000; baseline -0.008 -4"><span class='ocrx_word' id='word_1_918' title='bbox 2110 4940 2313 4996; x_wconf 89' lang='lat' dir='ltr'><strong>factum</strong></span> <span class='ocrx_word' id='word_1_919' title='bbox 2361 4946 2444 4994; x_wconf 89' lang='lat' dir='ltr'><strong>est</strong></span> <span class='ocrx_word' id='word_1_920' title='bbox 2482 4937 2705 4992; x_wconf 90' lang='lat' dir='ltr'><strong>verbum</strong></span> <span class='ocrx_word' id='word_1_921' title='bbox 2745 4935 2962 4990; x_wconf 88' lang='lat' dir='ltr'><strong>Domini</strong></span> <span class='ocrx_word' id='word_1_922' title='bbox 2993 4935 3060 4989; x_wconf 89' lang='lat' dir='ltr'><strong>ad</strong></span> <span class='ocrx_word' id='word_1_923' title='bbox 3095 4950 3204 5000; x_wconf 90' lang='lat' dir='ltr'><strong>me,</strong></span> <span class='ocrx_word' id='word_1_924' title='bbox 3241 4935 3427 4989; x_wconf 89' lang='lat' dir='ltr'><strong>dicens</strong></span> <span class='ocrx_word' id='word_1_925' title='bbox 3459 4952 3472 4987; x_wconf 89' lang='lat'><strong>:</strong></span> <span class='ocrx_word' id='word_1_926' title='bbox 3504 4933 3559 4987; x_wconf 90' lang='grc'><strong>2.</strong></span> <span class='ocrx_word' id='word_1_927' title='bbox 3592 4933 3694 4988; x_wconf 88' lang='lat' dir='ltr'><strong>Fili</strong></span> 
     </span>
    </p>
   </div>
   <div class='ocr_carea' id='block_1_113' title="bbox 2112 5025 3694 5097">
    <p class='ocr_par' dir='ltr' id='par_1_113' title="bbox 2112 5025 3694 5097">
     <span class='ocr_line' id='line_1_113' title="bbox 2112 5025 3694 5097; baseline -0.007 -9"><span class='ocrx_word' id='word_1_928' title='bbox 2112 5031 2372 5094; x_wconf 87' lang='lat' dir='ltr'><strong>hominis,</strong></span> <span class='ocrx_word' id='word_1_929' title='bbox 2414 5028 2643 5083; x_wconf 86' lang='lat' dir='ltr'><strong>obfirma</strong></span> <span class='ocrx_word' id='word_1_930' title='bbox 2685 5027 2876 5083; x_wconf 90' lang='lat' dir='ltr'><strong>faciem</strong></span> <span class='ocrx_word' id='word_1_931' title='bbox 2933 5035 3080 5081; x_wconf 90' lang='lat' dir='ltr'><strong>tuam</strong></span> <span class='ocrx_word' id='word_1_932' title='bbox 3133 5041 3299 5097; x_wconf 86' lang='lat' dir='ltr'><strong>super</strong></span> <span class='ocrx_word' id='word_1_933' title='bbox 3355 5025 3694 5080; x_wconf 81' lang='lat' dir='ltr'><strong>Pharaonem</strong></span> 
     </span>
    </p>
   </div>
   <div class='ocr_carea' id='block_1_114' title="bbox 2110 5118 3689 5191">
    <p class='ocr_par' dir='ltr' id='par_1_114' title="bbox 2110 5118 3689 5191">
     <span class='ocr_line' id='line_1_114' title="bbox 2110 5118 3689 5191; baseline -0.008 -13"><span class='ocrx_word' id='word_1_934' title='bbox 2110 5138 2293 5191; x_wconf 79' lang='lat' dir='ltr'><strong>regem</strong></span> <span class='ocrx_word' id='word_1_935' title='bbox 2337 5119 2582 5191; x_wconf 65' lang='lat' dir='ltr'><strong>Egypti,</strong></span> <span class='ocrx_word' id='word_1_936' title='bbox 2617 5129 2670 5173; x_wconf 90' lang='lat' dir='ltr'><strong>et</strong></span> <span class='ocrx_word' id='word_1_937' title='bbox 2717 5118 2981 5188; x_wconf 88' lang='lat' dir='ltr'><strong>propheta</strong></span> <span class='ocrx_word' id='word_1_938' title='bbox 3035 5133 3199 5186; x_wconf 89' lang='lat' dir='ltr'><strong>super</strong></span> <span class='ocrx_word' id='word_1_939' title='bbox 3237 5131 3388 5179; x_wconf 91' lang='lat' dir='ltr'><strong>eum,</strong></span> <span class='ocrx_word' id='word_1_940' title='bbox 3436 5124 3490 5170; x_wconf 93' lang='lat' dir='ltr'><strong>et</strong></span> <span class='ocrx_word' id='word_1_941' title='bbox 3534 5129 3689 5183; x_wconf 77' lang='lat' dir='ltr'><strong>super</strong></span> 
     </span>
    </p>
   </div>
   <div class='ocr_carea' id='block_1_115' title="bbox 2110 5205 3694 5286">
    <p class='ocr_par' dir='ltr' id='par_1_115' title="bbox 2110 5205 3694 5286">
     <span class='ocr_line' id='line_1_115' title="bbox 2110 5205 3694 5286; baseline -0.009 -15"><span class='ocrx_word' id='word_1_942' title='bbox 2110 5215 2404 5286; x_wconf 65' lang='lat' dir='ltr'><strong>IEgypmm</strong></span> <span class='ocrx_word' id='word_1_943' title='bbox 2455 5227 2698 5274; x_wconf 89' lang='lat' dir='ltr'><strong>omnem,</strong></span> <span class='ocrx_word' id='word_1_944' title='bbox 2759 5211 2810 5264; x_wconf 81' lang='grc'><strong>5.</strong></span> <span class='ocrx_word' id='word_1_945' title='bbox 2854 5215 2922 5278; x_wconf 73' lang='grc' dir='ltr'><strong>&gt;ε&lt;</strong></span> <span class='ocrx_word' id='word_1_946' title='bbox 2953 5211 3175 5278; x_wconf 87' lang='lat' dir='ltr'><strong>loquere</strong></span> <span class='ocrx_word' id='word_1_947' title='bbox 3248 5220 3302 5262; x_wconf 87' lang='lat' dir='ltr'><strong>et</strong></span> <span class='ocrx_word' id='word_1_948' title='bbox 3340 5208 3362 5276; x_wconf 72' lang='grc' dir='ltr'>ζ</span> <span class='ocrx_word' id='word_1_949' title='bbox 3395 5207 3482 5261; x_wconf 90' lang='lat' dir='ltr'><strong>die</strong></span> <span class='ocrx_word' id='word_1_950' title='bbox 3520 5224 3532 5260; x_wconf 94' lang='lat'><strong>:</strong></span> <span class='ocrx_word' id='word_1_951' title='bbox 3573 5205 3694 5258; x_wconf 76' lang='lat' dir='ltr'><strong>llzec</strong></span> 
     </span>
    </p>
   </div>
   <div class='ocr_carea' id='block_1_116' title="bbox 2681 5432 3697 5511">
    <p class='ocr_par' dir='ltr' id='par_1_116' title="bbox 2681 5432 3697 5511">
     <span class='ocr_line' id='line_1_116' title="bbox 2681 5432 3697 5511; baseline -0.009 -17"><span class='ocrx_word' id='word_1_952' title='bbox 2681 5441 2759 5511; x_wconf 76' lang='grc' dir='ltr'><strong>(ά)</strong></span> <span class='ocrx_word' id='word_1_953' title='bbox 2798 5440 2880 5503; x_wconf 79' lang='lat'><strong>8.,</strong></span> <span class='ocrx_word' id='word_1_954' title='bbox 2914 5437 3375 5511; x_wconf 70' lang='lat' dir='ltr'><strong>perniutabmitur</strong></span> <span class='ocrx_word' id='word_1_955' title='bbox 3429 5432 3697 5511; x_wconf 76' lang='lat' dir='ltr'><strong>imagines</strong></span> 
     </span>
    </p>
   </div>
   <div class='ocr_carea' id='block_1_117' title="bbox 3322 5572 3692 5648">
    <p class='ocr_par' dir='ltr' id='par_1_117' title="bbox 3322 5572 3692 5648">
     <span class='ocr_line' id='line_1_117' title="bbox 3322 5572 3692 5648; baseline -0.008 -21"><span class='ocrx_word' id='word_1_956' title='bbox 3322 5572 3393 5648; x_wconf 48' lang='lat' dir='ltr'><strong>(k&#39;)</strong></span> <span class='ocrx_word' id='word_1_957' title='bbox 3420 5572 3692 5630; x_wconf 87' lang='lat' dir='ltr'><strong>Polluisti.</strong></span> 
     </span>
    </p>
   </div>
  </div>
