4078 6312
258 351 399 408 2733

1417 327 1822 388 UEZECIELIS
1855 329 2086 386 CAPUT
2126 330 2295 386 XXX.

3389 326 3534 383 I754

257 472 390 527 dicit
415 466 688 523 Dominus
710 463 974 521 Dominus
1007 460 1178 516 εΕεοε
1201 475 1301 530 οΒο
1329 472 1492 527 ευμεν
1525 465 1596 520 ιον
1616 455 1852 515 Pharao»
1885 457 1929 512 Α
1959 489 2078 528 vam
2109 474 2270 532 ducet
2298 475 2670 546 captivitatem
2705 476 2824 546 ejus
2857 493 2872 543 ;
2900 483 2953 531 et
2976 473 3080 529 erit
3107 486 3317 528 merces
3348 467 3536 523 virtuti

258 570 432 634 χνος
477 558 701 632 Egypti
736 559 787 628 1,
814 557 1109 634 draconem
1156 567 1436 624 magnum,
1473 550 1748 605 sedentem
1787 546 1840 599 in

257 654 439 712 medio
480 651 769 708 ﬂuminum
815 648 892 720 (ιι)
940 662 1191 711 suorum,
1230 646 1500 699 dicentem
1533 658 1546 695 :
1578 641 1691 694 Mea
1720 649 1846 694 sunt

255 745 507 807 ﬂumina,
537 751 592 796 et
626 756 728 812 ego
759 737 860 794 feci
887 753 970 793 ea.
1006 737 1060 791 4.
1093 736 1159 789 Ει
1192 751 1294 807 ego
1315 735 1457 791 dabo
1481 731 1554 802 (ο)
1590 732 1842 800 laqueum

255 841 307 893 in
342 835 596 891 maxillas
624 842 767 894 tuas.
801 841 855 886 et
895 830 1251 901 agglutinabo
1287 827 1467 898 pisces
1495 823 1734 877 ﬂuminis
1766 821 1845 875 tui

255 925 321 981 ad
351 925 470 979 alas
514 933 655 986 tuas,
701 928 756 976 et
794 920 1022 976 educam
1057 929 1110 975 te
1147 921 1210 972 de
1255 916 1432 971 medio
1469 913 1710 969 ﬂuminis
1745 912 1844 977 tui,

255 1027 309 1072 et
347 1030 542 1071 omnes
571 1015 749 1084 pisces
782 1011 1024 1069 ﬂuminis
1062 1011 1306 1084 squamis
1334 1000 1442 1065 tuis
1475 1006 1846 1063 adhaerebunt.

257 1111 312 1166 5.
364 1110 430 1165 Et
470 1107 758 1178 projiciam
805 1099 1175 1168 te'velociter,
1203 1108 1268 1173 ):<
1285 1111 1340 1158 et
1381 1111 1431 1157 te
1467 1102 1515 1171 1,
1550 1108 1604 1156 et
1654 1113 1846 1154 omnes

259 1203 434 1276 pisces
465 1200 708 1255 fluminis
738 1217 753 1253 :
786 1213 949 1269 super
991 1196 1186 1253 faciem
1223 1197 1397 1265 campi
1443 1195 1520 1250 tui
1570 1193 1755 1256 cades,
1796 1201 1850 1246 et

260 1311 366 1351 non
399 1292 841 1364 congregaberis,
879 1306 1058 1361 neque
1097 1289 1368 1361 colligeris
1401 1308 1420 1343 τ
1449 1288 1640 1344 bestiis
1671 1295 1846 1352 terrae,

260 1397 312 1442 et
335 1384 656 1441 volucribus
698 1384 822 1440 coeli
864 1383 989 1438 dedi
1029 1392 1082 1438 te
1113 1382 1166 1437 in
1201 1382 1407 1456 cibum.
1459 1380 1513 1435 6.
1548 1379 1614 1434 Et
1643 1393 1849 1450 c0gno-

263 1487 414 1535 scent
439 1493 634 1534 omnes
667 1468 1048 1532 inhabitantes
1077 1474 1400 1548 Egyptum,
1447 1475 1570 1544 quia
1599 1488 1698 1544 ego
1728 1485 1848 1526 sum

263 1567 558 1632 Dominus,
598 1582 701 1636 pro
735 1581 801 1622 eo
853 1565 996 1636 quod
1040 1563 1217 1620 factus
1257 1579 1314 1620 es
1365 1564 1514 1634 virga
1553 1561 1851 1617 arundinea

262 1660 449 1716 domui
497 1659 714 1714 Israelis
750 1677 764 1713 :
803 1657 852 1714 7.
897 1673 1021 1714 cum
1063 1656 1541 1728 apprehenderunt
1582 1665 1633 1710 te
1687 1669 1851 1709 manu

263 1767 380 1816 sua,
431 1750 750 1807 confractus
795 1765 877 1815 es,
916 1759 971 1804 et
1014 1765 1156 1810 cum,
1185 1747 1470 1820 praevaluit
1524 1761 1690 1817 super
1752 1761 1848 1801 eos

261 1837 443 1900 omnis
497 1859 716 1906 manus,
772 1851 826 1896 et
859 1841 1082 1913 quando
1131 1840 1518 1911 requieverunt
1568 1854 1732 1909 super
1770 1849 1840 1906 te,

263 1937 576 1994 confractus
601 1951 681 2003 es,
699 1942 753 1990 et
771 1933 1073 1990 contrivisti
1100 1949 1317 2003 omnem
1353 1934 1598 1988 lumbum
1630 1947 1843 1987 eorum.

263 2028 315 2082 8.
354 2027 585 2096 Propter
625 2027 732 2080 hoc
765 2025 880 2080 haec
917 2025 1047 2080 dicit
1077 2024 1341 2080 Dominus
1377 2025 1678 2080 Dominus:
1709 2023 1847 2080 Ecce

261 2134 362 2190 ego
385 2118 584 2173 induco
611 2132 774 2186 super
798 2125 847 2171 te
869 2116 1130 2187 gladium,
1165 2124 1220 2171 et
1245 2115 1466 2186 perdam
1494 2115 1561 2169 de
1591 2125 1641 2169 te
1669 2107 1846 2169 homi-F

263 2224 361 2266 nes
389 2219 441 2264 et
465 2209 728 2277 iumenta.
761 2207 813 2262 9.
846 2209 912 2262 Et
951 2210 1056 2262 erit
1087 2217 1230 2262 terra
1261 2205 1482 2277 Egypti
1511 2205 1764 2276 perditio,
1793 2215 1848 2261 et

263 2302 542 2359 solitudo:
573 2309 626 2356 et
682 2300 876 2366 scient,
921 2299 1066 2371 quod
1104 2313 1205 2369 ego
1235 2314 1356 2353 sum
1406 2296 1668 2352 Dominus
1701 2315 1715 2351 :
1747 2312 1846 2367 pro

262 2411 328 2452 eo
369 2394 516 2464 quod
551 2392 689 2448 dicis
723 2411 736 2446 :
771 2391 1022 2447 Flumina
1069 2393 1364 2460 meajsunt,
1395 2397 1448 2445 et
1492 2405 1593 2460 ego
1627 2387 1728 2444 feci
1758 2405 1843 2443 ea.

263 2488 352 2543 10.
381 2485 615 2557 PrOpter
642 2485 744 2540 hoc
769 2500 894 2541 ecce
929 2501 1030 2555 ego
1073 2498 1232 2554 super
1269 2486 1350 2547 te,
1383 2492 1435 2538 et
1468 2498 1630 2552 super
1662 2483 1845 2537 omnia

262 2579 484 2636 ﬂumina
512 2589 628 2644 tua,
651 2588 704 2633 et
733 2578 874 2633 dabo
910 2587 1108 2632 terram
1129 2575 1348 2648 Egypti
1384 2576 1436 2629 in
1470 2574 1843 2639 solitudinem,

261 2681 315 2728 et
338 2673 393 2726 in
425 2670 688 2742 gladium,
725 2679 779 2724 et
802 2669 855 2723 in
895 2668 1277 2739 perditionem,
1306 2683 1336 2722 a
1368 2666 1601 2738 Magdol,
1635 2675 1690 2721 et
1716 2663 1844 2721 Sui-

263 2781 388 2830 nus,
436 2772 494 2819 et
541 2778 713 2834 usque
764 2762 832 2816 ad
888 2762 1151 2817 terminos
1200 2760 1542 2830 Ethiopum.
1583 2761 1668 2815 11.
1727 2759 1846 2814 Non

265 2856 522 2912 transibit
571 2855 626 2909 in
671 2871 736 2910 ea
779 2845 886 2925 pes
911 2854 1172 2918 hominis,
1233 2863 1287 2932 et
1331 2870 1425 2924 pes
1453 2840 1688 2924 jumenti
1737 2845 1846 2908 non

265 2947 517 3002 transibit
543 2961 687 3011 eam,
731 2955 784 3000 et
832 2961 941 3000 non
985 2946 1318 3001 habitabitUr
1349 2946 1712 3016 quadraginta
1747 2963 1848 3001 an-

265 3055 380 3094 nos.
408 3039 499 3092 12.
537 3036 604 3092 Ει
634 3038 774 3092 dabo
813 3045 1012 3092 terram
1043 3037 1162 3107 ejus
1191 3039 1549 3108 perditionem
1581 3039 1635 3093 in
1671 3039 1848 3093 medio

1945 566 2064 634 eius
2089 586 2103 623 :
2129 567 2220 624 2t).
2256 569 2319 641 (‘)
2369 585 2466 639 pro
2505 569 2710 626 servitu
2756 569 2900 640 ejus,
2935 582 3046 638 quo
3075 565 3224 621 cultu
3257 561 3539 620 servitutis

1944 650 2166 714 servivit
2189 677 2354 731 super
2379 661 2605 734 Tyrum,
2632 661 2767 717 dedi
2789 661 2838 716 ei
2861 669 3061 726 terram
3091 655 3337 727 ngypti,
3357 657 3534 722 ΧρΓο

1951 756 1974 825 1
2008 756 2284 819 omnibus,
2326 769 2444 824 qua:
2486 753 2729 809 fecerunt
2777 751 2932 806 mihi.
2955 763 3016 805 οι-
3043 745 3170 802 Haec
3200 747 3224 816 1
3254 744 3385 799 dicit
3425 742 3533 796 Do-

1946 847 2130 903 minus
2161 845 2426 902 Dominus
2461 863 2474 900 :
2501 845 2592 900 ΞΤ.
2616 845 2674 899 ln
2704 844 2793 899 die
2821 843 2914 897 illo
2944 841 3152 896 orietur
3186 851 3358 892 cornu
3383 832 3534 888 omni

1948 939 2134 994 domui
2178 937 2416 1002 Israelis,
2465 945 2520 993 et
2567 938 2664 992 tibi
2704 936 2844 992 dabo
2882 950 2943 990 os
2976 940 3222 1002 apertum
3260 929 3314 982 in
3355 922 3535 981 medio

1946 1044 2160 1099 eorum,
2189 1039 2244 1085 et
2278 1031 2471 1093 scient,
2507 1029 2652 1100 quod
2677 1043 2776 1098 ego
2801 1042 2922 1082 sum
2965 1023 3250 1078 Dominus.

1975 1114 1977 1116 ’
2019 1123 2151 1192 Cap.
2207 1119 2376 1176 XXX.
2415 1151 2487 1162 --
2539 1120 2590 1174 1.
2644 1120 2707 1174 Ει
2755 1119 2955 1173 factum
3005 1123 3090 1170 est
3139 1112 3364 1167 verbum
3426 1106 3532 1161 Do-

1949 1213 2084 1268 mini
2109 1213 2176 1268 ad
2208 1229 2315 1278 me,
2345 1211 2536 1268 dicens
2570 1229 2584 1267 :
2623 1210 2678 1266 ἓ.
2715 1208 2816 1264 Fili
2873 1205 3134 1271 hominis,
3161 1203 3447 1274 propheta,
3481 1209 3536 1255 et

1949 1307 2038 1362 die
2069 1324 2083 1360 :
2117 1305 2245 1362 Haec
2267 1303 2399 1360 dicit
2419 1302 2627 1358 Adonai
2656 1296 3038 1362 Dominuszo,
3077 1313 3111 1352 o
3151 1297 3288 1360 dies,
3317 1294 3372 1349 5.
3407 1293 3535 1361 quia

1950 1397 2290 1469 propinquus
2307 1397 2444 1460 dies,
2470 1405 2524 1451 et
2556 1393 2895 1465 propinquus
2917 1391 3035 1446 dies
3059 1387 3296 1452 Domini,
3322 1386 3440 1440 dies

1948 1488 2116 1543 nubis
2151 1489 2199 1558 1,
2240 1487 2366 1542 finis
2422 1487 2664 1557 gentium
2715 1483 2838 1537 crit.
2873 1481 2926 1534 4.
2971 1481 3038 1534 Ει
3086 1478 3267 1533 veniet
3321 1475 3536 1542 gladius

1952 1595 2116 1651 super
2144 1578 2450 1651 1Egyptios,
2482 1586 2536 1632 et
2557 1575 2660 1631 erit
2693 1573 3032 1645 perturbatio
3073 1571 3127 1625 in
3150 1566 3451 1637 Ethiopia,
3478 1575 3534 1620 et

1951 1647 2145 1728 cadent
2193 1647 2361 1726 occisi
2425 1671 2477 1724 in
2526 1666 2786 1739 IEgyplo,
2827 1666 2894 1732 )t(
2928 1672 2982 1718 et
3037 1663 3252 1732 capient
3292 1647 3551 1713 multitu?

1954 1763 2136 1818 dinem
2164 1763 2284 1832 ejus
2313 1762 2376 1832 1,
2409 1769 2462 1818 et
2501 1759 2697 1814 cadent
2745 1757 2909 1811 simul
2971 1754 3323 1808 fundamenta
3391 1748 3532 1818 ejus.

1953 1854 2007 1910 5.
2040 1853 2238 1918 Persae,
2257 1861 2311 1908 et
2340 1850 2652 1918 Cretenses,
2680 1857 2733 1903 ct
2758 1847 2914 1919 Lydi,
2945 1855 3000 1900 et
3029 1844 3246 1914 Libyes,
3267 1850 3322 1896 et
3342 1855 3536 1896 omnes

1948 1944 2245 2009 commisti,
2273 1952 2328 1998 et
2367 1942 2606 1996 lil’iorum
2658 1939 2969 1994 testamenti
3034 1937 3163 1998 mei,
3196 1934 3318 2004 ipso
3347 1932 3530 2002 gladio

1947 2037 2163 2091 cadent.
2195 2033 2251 2088 6.
2288 2036 2357 2103 x
2384 2029 2510 2086 Hac
2539 2031 2671 2085 dicit
2706 2029 2916 2084 Adonai
2965 2027 3229 2083 Dominus
3261 2028 3283 2096 1
3320 2044 3332 2079 :
3363 2033 3415 2078 et
3441 2038 3534 2079 ca-

1947 2128 2079 2184 dent
2120 2110 2492 2181 sustentaenla
2521 2111 2762 2193 Egypti,
2789 2130 2843 2176 et
2875 2119 3169 2176 descendet
3204 2117 3532 2174 contumelia

1949 2217 2285 2275 fortitudinis
2310 2216 2427 2287 ejus
2453 2231 2483 2269 a
2507 2213 2721 2282 Magdol
2749 2241 2810 2270 -ε-
2837 2227 3012 2282 usque
3040 2211 3105 2266 ad
3135 2210 3328 2278 Suna1
3356 2209 3535 2279 gladio

1949 2307 2144 2362 cadent
2177 2305 2231 2359 in
2261 2315 2347 2369 ea,
2401 2301 2534 2358 dicit
2572 2302 2780 2356 Adonai
2814 2302 3098 2355 Dominus.
3131 2301 3182 2352 7.
3217 2298 3281 2352 Et
3318 2297 3533 2352 desola-

1948 2396 2098 2451 bitur
2150 2395 2203 2449 in
2259 2395 2440 2450 medio
2501 2395 2782 2465 regionum
2823 2397 2891 2462 x
2938 2393 3351 2462 depravatarum
3391 2392 3448 2461 1,
3481 2401 3534 2444 et

1950 2489 2115 2544 urbes
2143 2502 2333 2542 eorum
2367 2488 2422 2542 in
2460 2477 2640 2541 medio
2689 2485 2908 2541 urbium
2941 2483 3311 2540 desolatarum
3347 2490 3532 2548 erunt,

1949 2581 2005 2636 8.
2036 2588 2090 2636 et
2125 2580 2320 2643 scient,
2361 2578 2504 2648 quod
2559 2591 2662 2647 ego
2697 2593 2817 2631 sum
2864 2574 3152 2642 Dominus,
3185 2574 3404 2645 quando
3434 2572 3531 2627 de-

1949 2674 2083 2730 dero
2136 2673 2313 2744 ignem
2376 2687 2541 2742 super
2592 2669 2906 2741 IEgyptum,
2945 2677 3000 2724 et
3047 2665 3267 2722 contriti
3328 2665 3534 2720 fuerint

1950 2783 2161 2831 omnes,
2212 2767 2307 2837 qui
2349 2765 2685 2819 auxiliantur
2717 2763 2788 2818 ei.
2826 2762 2878 2816 9.
2914 2760 2968 2815 In
3007 2760 3096 2816 die
3128 2760 3220 2813 iilo
3252 2757 3533 2828 egredien-

1953 2869 2042 2913 tur
2074 2858 2249 2913 nuntii
2283 2861 2350 2928 χ(
2386 2873 2416 2910 a
2453 2855 2591 2912 facie
2649 2871 2767 2910 mea
2800 2853 2982 2908 Assim
3026 2855 3048 2924 1
3080 2852 3402 2908 festinantes
3445 2850 3536 2904 de-

1951 2966 2180 3021 pravare
2211 2949 2550 3019 Ethiopiam
2587 2951 2653 3017 >ε<
2680 2948 2780 3019 τὴν
2821 2963 2970 3017 spem
3002 2946 3051 3014 1,
3094 2954 3148 2999 et
3175 2945 3281 2999 erit
3321 2951 3536 3011 pertur-

1951 3042 2101 3097 batio
2129 3042 2181 3095 in
2213 3042 2371 3097 eisin
2407 3041 2495 3096 die
2519 3039 2756 3111 Egypti,
2787 3039 2914 3109 quia
2933 3051 3060 3092 ecce
3091 3036 3258 3090 venit.
3293 3035 3378 3088 l0.
3411 3035 3538 3088 Haec

266 3142 419 3186 terrae
442 3130 691 3194 desertae.
715 3137 769 3183 et
795 3129 955 3183 urbes
989 3128 1108 3198 eius
1136 3127 1187 3180 in
1216 3128 1392 3182 medio
1422 3129 1640 3183 urbium
1662 3129 1848 3184 deser-
1879 3147 1922 3205 ε
1956 3134 2088 3190 dicit
2113 3134 2376 3188 Dominus
2400 3130 2780 3186 DominuszEt
2801 3128 3112 3200 disperdant
3133 3124 3536 3180 multitudinem

265 3232 437 3278 tarum
484 3226 737 3291 erunt,)t(
761 3221 1092 3292 corruptio1
1129 3221 1491 3292 quadraginta
1541 3237 1717 3276 annos
1754 3241 1769 3277 :
1803 3232 1858 3276 et

270 3314 638 3370 disseminabo
666 3313 960 3385 ngyptum
995 3314 1048 3367 in
1074 3313 1347 3384 gentibus,
1380 3322 1435 3367 et
1465 3314 1738 3368 ventilabo
1760 3329 1855 3370 eos

266 3408 319 3463 in
357 3408 630 3479 regiones.
668 3407 756 3461 15.
786 3406 923 3473 Quia
956 3409 1072 3461 haec
1098 3405 1231 3460 dicit
1257 3405 1516 3460 Dominus
1550 3403 1852 3462 Dominus:

266 3498 394 3556 Post
432 3497 799 3569 quadraginta
853 3512 1028 3553 annos
1069 3496 1412 3568 congregabo
1468 3496 1753 3569 Egyptios
1789 3514 1856 3554 ex

270 3590 548 3660 gentibus,
571 3605 679 3659 quo
709 3588 941 3658 dispersi
985 3597 1143 3643 erant
1178 3587 1309 3642 illuc
1341 3606 1352 3640 :
1389 3587 1476 3643 14.
1509 3600 1565 3643 et
1597 3589 1854 3645 reducam

268 3683 637 3754 captivitatem
679 3681 1082 3752 Egyptiorum,
1131 3691 1184 3736 et
1231 3680 1479 3735 habitare
1529 3680 1724 3736 faciam
1761 3698 1857 3738 eos

265 3777 319 3850 in
354 3785 502 3830 terra
531 3773 762 3829 Puthros
795 3774 892 3844 (p),
946 3775 999 3829 in
1029 3783 1195 3836 terra,
1241 3775 1385 3829 unde
1416 3774 1582 3830 sumti
1621 3783 1768 3840 sunt,
1803 3783 1860 3829 et

266 3866 555 3936 eritXibi
600 3867 623 3936 1
660 3867 1000 3936 principatus
1044 3865 1264 3921 humilis
1315 3885 1329 3921 :
1373 3866 1460 3922 l5.
1518 3866 1643 3936 plus
1691 3881 1855 3936 quam

266 3971 459 4010 omnes
500 3955 844 4025 principatus
869 3956 1056 4023 erit)»;
1079 3957 1302 4011 humilis
1337 3957 1384 4026 1,
1418 3971 1525 4010 non
1569 3971 1630 4012 se
1674 3956 1860 4012 eﬂeret

263 4047 498 4118 amplius
534 4062 696 4116 super
721 4056 928 4117 gentes,
961 4056 1014 4102 et
1039 4061 1245 4117 paucos
1285 4061 1380 4102 eos
1410 4046 1628 4114 faciam,
1660 4064 1728 4103 ne
1749 4048 1860 4104 sint

265 4139 449 4206 plures
476 4137 621 4190 inter
643 4143 832 4206 gentes
862 4154 874 4189 :
897 4135 982 4189 16.
1009 4143 1063 4190 et
1095 4151 1204 4190 non
1227 4145 1388 4191 erunt
1410 4136 1644 4206 amplius
1669 4137 1858 4192 dOmui

261 4230 478 4285 lsraelis
510 4230 565 4284 in
595 4243 769 4298 spem,
816 4228 871 4283 in
913 4227 1231 4282 memoriam
1269 4236 1617 4283 revocantem
1653 4228 1860 4300 iniqui-

263 4327 427 4371 latera
463 4316 563 4387 (ᾳ),
614 4331 741 4371 cum
771 4316 1154 4372 adhaerescunt
1185 4326 1308 4387 post
1343 4317 1507 4372 corda
1550 4332 1765 4386 eorum,
1806 4325 1862 4375 et

261 4407 458 4474 scient,
526 4407 672 4476 quod
723 4422 826 4478 ego
873 4421 994 4462 sum
1037 4405 1250 4463 Adonai
1305 4407 1593 4464 Dominus.
1649 4411 1738 4466 17.
1790 4409 1858 4467 Et

263 4497 468 4553 factum
501 4509 585 4553 est
617 4499 672 4552 in
703 4515 847 4553 anno
886 4500 1151 4570 vigesimo
1177 4509 1230 4555 et
1259 4502 1513 4571 septimo,
1552 4518 1662 4559 uno
1701 4520 1855 4559 men-
1889 4486 1934 4542 θ

261 4589 339 4645 sis
362 4591 549 4659 primi,
575 4589 778 4646 factum
797 4602 879 4646 est
905 4593 1128 4647 verbum
1156 4591 1374 4648 Domini
1403 4595 1470 4649 ad
1493 4610 1601 4660 me,
1626 4597 1812 4652 dicens
1839 4615 1853 4652 :

261 4680 349 4737 18.
380 4681 484 4737 Fili
518 4684 775 4765 hominis,
805 4684 1317 4742 Nabuchodonosor
1337 4703 1432 4744 rex
1457 4687 1752 4762 Babylonis
1782 4689 1856 4762 (r)

263 4775 468 4830 servire
490 4775 622 4832 fecit
653 4780 952 4832 exercitum
982 4793 1164 4845 suum,
1187 4779 1444 4834 servitute
1477 4796 1669 4852 magna
1693 4798 1859 4852 super

263 4864 490 4936 Tyrum,
537 4869 606 4940 (ε)
636 4885 798 4924 omne
826 4879 989 4941 caput
1021 4871 1258 4936 calvum,
1293 4880 1346 4927 et
1375 4874 1557 4930 omnis
1585 4875 1852 4932 humerus

264 4956 534 5027 depiiatus
569 4979 582 5014 :
621 4969 678 5016 et
710 4977 916 5017 merces
956 4978 1063 5016 non
1093 4961 1197 5018 fuit
1238 4964 1312 5030 ei,
1349 4973 1403 5019 et
1431 4966 1694 5021 exercitui
1730 4968 1851 5038 ejus

265 5066 426 5122 super
457 5051 687 5125 Tyrum,
733 5064 787 5111 et
829 5057 1126 5123 servitutis,
1161 5073 1325 5127 quam
1373 5058 1662 5115 coluerunt
1688 5077 1850 5131 super

266 5157 403 5199 eam.
449 5146 534 5201 i9.
563 5150 629 5216 >ε<
655 5146 879 5217 Propter
926 5148 1030 5203 hoc
1065 5149 1086 5217 1
1124 5149 1238 5204 haec
1277 5149 1412 5204 dicit
1450 5151 1712 5208 Dominus
1746 5153 1849 5207 Do-

265 5234 444 5290 minus
483 5255 497 5292 :
541 5238 680 5293 Ecce
708 5241 776 5307 >24
816 5255 916 5312 ego
953 5243 976 5310 1
1019 5241 1088 5296 do
1143 5239 1673 5298 Nabuchodonosori
1738 5247 1850 5316 regi

266 5323 555 5398 Babylonis
579 5331 766 5402 Xehv
805 5333 826 5403 1
862 5341 1061 5388 terram
1097 5333 1337 5405 Egypti,
1371 5345 1425 5390 et
1462 5345 1640 5391 sumet
1665 5337 1849 5390 multi-

265 5418 506 5476 tudinem
545 5423 686 5493 ejus,
723 5435 778 5480 et
804 5427 1134 5496 praedabitur
1156 5429 1392 5497 praedam
1426 5428 1566 5498 ejus,
1605 5439 1656 5484 et
1683 5431 1851 5500 capti-

337 5627 416 5696 (n)
451 5628 692 5703 Egypti.
739 5632 846 5703 _7(o)
886 5633 1006 5698 Th.,
1038 5633 1278 5689 frenum.

1372 5635 1449 5705 (ρ)
1482 5635 1602 5696 Th.,
1632 5636 1683 5690 in
1723 5646 1866 5692 terra
1891 5637 2194 5692 nativitatis
2223 5651 2436 5694 eorum.

1960 3227 2340 3300 Egyptiorum
2393 3240 2490 3294 per
2525 3238 2749 3277 manum
2781 3215 3342 3274 Nabuchodonosoris
3395 3215 3542 3286 regis

1961 3317 2272 3388 Babylonis,
2304 3315 2391 3369 11.
2424 3314 2620 3385 ipsius,
2649 3321 2703 3366 et
2752 3311 2938 3382 populi
2997 3310 3120 3378 ejus
3155 3311 3223 3376 Χ
3249 3322 3374 3361 cum
3407 3321 3470 3358 eo
3492 3304 3540 3374 1.

1958 3416 2330 3478 corruptores,
2355 3406 2444 3475 qui
2463 3423 2494 3460 e.
2518 3405 2769 3476 gentibus
2789 3401 2944 3459 missi
2967 3410 3096 3457 sunt
3113 3400 3177 3454 ad
3204 3397 3541 3478 perdendum

1960 3511 2160 3557 terram
2212 3517 2225 3552 :
2269 3509 2323 3553 et
2375 3475 2722 3552 evacuabunt
2755 3509 2814 3550 -ξ-
2857 3507 3047 3549 omnes
3082 3491 3104 3559 1
3140 3475 3346 3560 gladios
3411 3506 3542 3544 suos

1960 3609 2122 3663 super
2151 3591 2466 3663 IEgyptum,
2499 3599 2553 3644 et
2579 3588 2876 3658 replebitur
2917 3595 3059 3640 terra
3092 3583 3290 3638 occisis
3323 3599 3336 3633 :
3373 3582 3456 3635 12.
3492 3591 3546 3636 et

1959 3685 2101 3739 dabo
2134 3671 2358 3737 flumina
2392 3696 2584 3736 eorum
2615 3680 2850 3744 deserta,
2889 3678 2958 3746 )a(
2992 3684 3047 3730 et
3097 3676 3307 3730 tradam
3345 3683 3542 3727 terram

1961 3777 2015 3832 in
2047 3792 2211 3830 manu
2241 3776 2508 3830 malorum
2553 3774 2617 3844 1,
2654 3780 2708 3827 et
2737 3769 3047 3841 disperdam
3091 3778 3316 3830 terram,
3348 3777 3395 3821 et
3433 3768 3546 3836 ple-

1962 3869 2264 3925 nitudinem
2294 3883 2482 3923 eorum
2513 3882 2636 3922 cum
2657 3863 2994 3936 plenitudine
3027 3863 3166 3932 ejus,
3199 3863 3252 3915 in
3292 3860 3546 3914 manibus

1962 3961 2289 4026 alienorum,
2319 3958 2448 4028 quia
2476 3972 2578 4028 ego
2602 3955 2864 4009 Dominus
2889 3954 3098 4008 locutus
3125 3968 3266 4008 sum.
3289 3951 3376 4005 15.
3407 3949 3546 4017 Quia

1961 4053 2080 4109 haec
2118 4050 2252 4106 dicit
2280 4048 2546 4103 Dominus
2584 4046 2845 4101 Dominus
2873 4043 2971 4098 :Et
3002 4043 3223 4114 perdam
3265 4043 3549 4096 abomina-

1963 4145 2164 4208 tiones,
2201 4149 2257 4196 et
2288 4154 2506 4195 cessare.
2528 4137 2723 4192 faciam
2761 4136 3052 4206 optimates
3076 4136 3140 4190 de
3178 4133 3466 4203 Memphis,
3493 4145 3547 4188 et

1963 4234 2238 4304 principes
2266 4232 2334 4287 de
2369 4241 2512 4286 terra
2537 4228 2782 4302 Egypti,
2813 4237 2868 4284 et
2901 4243 3011 4284 non
3061 4235 3221 4282 erunt
3273 4227 3543 4297 amplius:

1964 4329 2101 4395 Xet
2129 4325 2270 4380 dabo
2295 4332 2556 4380 terrorem
2583 4336 2650 4378 ex
2671 4330 2815 4377 terra
2845 4318 3122 4392 Egypti1.
3141 4319 3226 4375 14.
3251 4319 3316 4375 Et
3339 4321 3548 4389 disper—

1963 4423 2086 4476 dam
2130 4429 2330 4475 terram
2374 4415 2628 4481 Pathros,
2660 4425 2714 4470 et
2742 4413 2884 4470 dabo
2927 4414 3106 4483 ignem
3148 4426 3312 4480 super
3347 4410 3546 4474 Tanin,

1957 4513 2236 4570 etfaciam
2269 4509 2533 4565 ultionem
2554 4508 2608 4562 in
2644 4505 2908 4578 Diospoli.
2951 4504 3034 4559 15.
3071 4501 3137 4557 Ει
3163 4500 3438 4557 cﬂ‘undam
3475 4500 3550 4554 fu-

1955 4622 2137 4662 rorem
2175 4619 2360 4660 meum
2395 4617 2562 4672 super
2611 4599 2744 4656 Sain
2773 4600 2943 4655 robur
2976 4595 3220 4678 Egypti.
3254 4603 3309 4650 et
3339 4594 3550 4664 disper-

1956 4700 2080 4753 dam
2130 4693 2540 4752 multitudinem
2587 4691 2925 4762 Mempheos,
2965 4691 3053 4745 16.
3084 4697 3139 4744 et
3185 4687 3326 4742 dabo
3369 4685 3547 4757 ignem

1957 4801 2123 4856 super
2166 4785 2489 4857 Egyptum,
2549 4791 2605 4837 et
2647 4781 3062 4853 perturbatione
3134 4775 3549 4848 perturbabitur

1962 4879 2108 4946 Sais,
2144 4888 2198 4934 et
2246 4878 2300 4933 in
2342 4875 2584 4945 Diospoli
2637 4876 2742 4930 erit
2783 4875 3050 4937 scissura,
3083 4880 3139 4926 et
3175 4869 3548 4926 diﬂ‘undentur

1960 4987 2136 5042 aquae.
2167 4971 2254 5025 l7.
2278 4968 2514 5025 Juvenes
2554 4969 2708 5025 urbis
2740 4969 2894 5034 solis,
2917 4980 2969 5024 et
2996 4965 3240 5029 Bubasti,
3275 4964 3327 5018 in
3367 4961 3549 5034 gladio

1958 5063 2174 5128 cadent,
2211 5069 2267 5117 ct
2324 5061 2583 5116 mulieres
2641 5061 2694 5114 in
2747 5060 3060 5130 captivitate
3083 5058 3259 5122 ibunt,
3291 5055 3378 5109 18.
3410 5061 3464 5107 et
3492 5051 3546 5105 in

1959 5153 2241 5224 Thahphis
2269 5153 2688 5209 obtenebrescet
2708 5152 2846 5218 dies,
2887 5153 3108 5222 quando
3135 5149 3443 5205 conn-ivero
3471 5145 3545 5200 ibi

1960 5255 2174 5316 sceptra
2203 5247 2354 5315 regni
2390 5245 2632 5317 Egypti,
2678 5254 2733 5300 et
2768 5245 2966 5316 peribit
2994 5244 3067 5300 ibi
3099 5241 3427 5300 contumelia
3457 5257 3546 5297 ro-

1959 5337 2110 5391 boris
2157 5339 2298 5408 ejus,
2341 5347 2396 5393 et
2441 5339 2582 5392 hanc
2634 5337 2809 5391 nubes
2864 5335 3094 5404 operiet,
3122 5321 3203 5390 "et
3255 5332 3378 5388 filiae
3424 5331 3546 5402 ejus

1961 5429 2190 5499 captivae
2223 5429 2509 5486 ducentur.
2548 5428 2632 5482 19.
2657 5426 2724 5482 Ει
2749 5427 2944 5482 faciam
2972 5421 3179 5498 judicia
3201 5425 3255 5481 in
3280 5423 3544 5495 Egypto,

2515 5636 2588 5708 ((1)
2623 5635 2704 5708 3-,-
2742 5651 2866 5692 cllm
2893 5633 3243 5708 confugiunt,
3268 5642 3326 5690 ut
3356 5633 3538 5708 adlige-

268 5707 418 5752 reant
446 5701 547 5755 eis.
626 5703 695 5771 (r)
726 5701 805 5767 8.,
830 5705 1009 5760 colere
1046 5701 1512 5786 fecit'exercitum
1563 5722 1722 5761 suum
1758 5718 1894 5778 opus
1933 5724 2191 5779 magnum
2234 5709 2285 5764 in
2317 5709 2483 5779 Tyro.
2522 5701 2631 5779 "(3)
2661 5707 2835 5764 Omne
2873 5717 3036 5778 caput
3063 5701 3333 5764 calvities.
3362 5706 3424 5776 (')
3455 5701 3542 5761 Ab

269 5765 373 5822 hoc
410 5784 570 5822 versu
615 5787 788 5822 usque
833 5775 897 5822 ad
945 5774 1076 5822 Can.
1116 5775 1310 5822 ΧἏΧΙ,
1336 5778 1385 5822 Ἰ-
1418 5793 1606 5822 marrm
1639 5779 1842 5822 onrlinic
1873 5795 1994 5822 cum
2031 5781 2289 5822 nmnilmc
2329 5781 2444 5822 cui:
2467 5781 2612 5822 nntic
2639 5779 2901 5822 nrmniul:
2933 5789 3034 5822 est-

303 5783 373 5824 oc
410 5784 570 5827 versu
615 5787 788 5842 usque
833 5775 899 5832 ad
945 5774 1076 5846 Cap.
1116 5775 1310 5844 XXXI,
1336 5778 1388 5845 7,
1418 5793 1606 5848 margo
1639 5774 1842 5836 codicis
1873 5795 1994 5837 cum
2029 5774 2297 5850 omnibus.
2329 5774 2444 5838 suis
2467 5774 2623 5837 notis
2639 5779 2901 5849 praecisus
2933 5774 3036 5837 est.
