4122 6320
544 349 687 408 2735

1663 353 1893 411 CODEX
1937 344 2716 407 SYlllACO-HEXAPLARIS.

3663 339 3811 395 2735

545 475 601 520 et
637 463 834 532 scient,
881 468 1027 538 quod
1060 484 1162 542 ego
1215 485 1336 526 sum
1394 469 1677 526 Dominus.
1707 469 1795 522 20.
1828 467 1892 522 Et
1925 466 2126 521 factum
2160 475 2203 524 Α
2232 480 2355 519 eum
2396 465 2442 533 1.
2480 463 2563 516 12.
2610 461 2674 515 Et
2694 461 3039 531 perdiderunt
3071 476 3216 525 eum,
3241 470 3295 514 et
3323 457 3640 510 deleverunt
3687 469 3816 506 eum

545 565 631 612 est
669 557 724 610 in
770 573 916 614 anno
970 561 1279 626 undecimo,
1317 562 1372 616 in
1413 577 1596 616 mense
1651 562 1850 630 primo,
1897 560 2130 628 septimo

548 648 776 716 mensis,
803 647 1003 706 factum
1037 660 1122 707 est
1160 653 1385 707 verbum
1423 650 1634 705 Domini
1667 649 1736 702 ad
1763 665 1868 715 me,
1902 649 2126 702 dicens:

545 738 638 792 2|.
686 739 788 794 Fili
827 741 1086 808 hominis,
1123 743 1345 796 brachia
1398 740 1701 795 Pharaonis
1729 741 1871 809 regis
1911 737 2129 808 1Egypti

545 830 803 897 contrivi,
835 841 888 886 et
917 848 1045 887 ecce
1086 848 1198 886 non
1232 833 1504 901 obligatus
1551 841 1656 896 est,
1686 833 1753 886 ad
1805 832 2044 886 dandum
2080 831 2130 885 ei

549 921 840 988 medelam,
870 932 928 977 ut
962 925 1184 977 daretur
1212 939 1377 994 super
1417 939 1542 978 eum
1574 924 1863 994 malagma,
1895 923 1962 976 ad
1993 923 2130 976 dan-

549 1013 680 1067 dum
718 1015 906 1080 robur,
958 1027 1016 1070 ut
1064 1024 1273 1070 teneret
1328 1016 1589 1088 gladium.
1623 1016 1713 1070 22.
1752 1015 1978 1086 PrOpter
2027 1016 2130 1071 hoc

550 1105 666 1160 haec
685 1105 818 1161 dicit
844 1106 1108 1162 Dominus
1136 1107 1402 1164 Dominus
1430 1127 1442 1163 :
1481 1107 1621 1165 Ecce
1667 1123 1768 1180 ego
1796 1125 1964 1179 super
1987 1110 2132 1165 Pha-

548 1213 780 1253 raonem
835 1212 1018 1269 regem
1052 1198 1294 1271 Egypti,
1326 1209 1382 1256 et
1413 1209 1692 1256 conteram
1734 1200 1955 1256 brachia
2012 1201 2130 1271 ejus

551 1285 731 1352 fortia,
764 1297 816 1343 et
855 1289 1142 1360 disposita,
1174 1295 1244 1359 λ(
1270 1301 1326 1346 et
1359 1307 1456 1348 eos
1487 1294 1510 1363 1
1548 1295 1641 1364 qui
1670 1294 1912 1358 contriti,
1945 1302 1999 1347 et
2035 1294 2130 1348 de-

544 1375 733 1445 jiciatn
763 1380 1002 1450 gladium
1039 1382 1105 1436 de
1139 1398 1304 1437 manu
1338 1383 1459 1454 ejus
1493 1385 1625 1440 :25.
1659 1393 1713 1440 et
1746 1384 2128 1441 disseminabo

547 1471 1112 1544 )(zijv11Egyptum
1166 1475 1220 1528 in
1258 1486 1467 1545 gentes,
1517 1485 1572 1530 et
1620 1476 1892 1532 ventilabo
1943 1491 2039 1531 eos
2077 1476 2130 1530 itt

548 1560 797 1630 regiones
829 1581 841 1617 :
871 1561 960 1616 24.
1001 1572 1056 1618 et
1089 1564 1458 1620 eorroborabo
1499 1565 1724 1621 brachia
1773 1565 1916 1637 regis
1952 1565 2130 1638 Baby‘

550 1651 714 1718 Ionis,
761 1660 816 1708 et
851 1653 994 1708 dabo
1045 1655 1282 1725 gladium
1335 1673 1517 1712 meum
1552 1657 1605 1711 in
1651 1673 1876 1712 manum
1907 1657 2046 1727 ejus,
2079 1666 2133 1712 et

550 1743 772 1799 inducet
806 1760 932 1800 eum
972 1763 1135 1816 super
1166 1746 1486 1818 Egyptum,
1530 1757 1581 1802 et
1623 1749 1933 1818 deportabit
1957 1749 2129 1818 capti-

2232 554 2392 607 alieui
2427 563 2771 619 corruptores
2818 553 2885 605 de
2936 551 3210 622 gentibus,
3244 561 3297 602 et
3340 547 3660 615 dejeceruut
3685 560 3815 599 eum

2231 659 2396 712 super
2427 644 2706 698 montibus
2736 661 2748 697 2
2775 643 2832 696 in
2859 643 3113 697 omnibus
3137 639 3478 697 convallibus
3497 637 3819 692 ceciderunt

2231 733 2370 787 rami
2399 733 2538 802 ejus,
2567 743 2622 786 et
2665 734 2911 788 contritzn
2964 739 3092 788 sunt
3127 731 3453 802 propagines
3494 729 3614 798 ejus
3642 729 3719 796 (a)
3759 726 3813 780 in

2231 825 2380 878 omni
2429 839 2624 893 campo
2674 835 2850 891 terrae,
2909 835 2964 881 et
3013 823 3415 879 descenderunt
3469 821 3540 875 de
3589 821 3817 873 umbra-

2233 916 2356 970 culo
2391 915 2465 987 (b)
2499 917 2619 986 ejus
2654 932 2844 972 omnes
2868 925 3056 986 gentes
3074 915 3418 985 populorum,
3445 912 3517 982 (ε)
3548 921 3602 966 et
3627 912 3817 966 dirue-

2233 1016 2362 1062 runt
2416 1024 2562 1063 eum.
2619 1008 2706 1063 13.
2761 1007 2937 1078 Super
2990 1008 3204 1061 ruinam
3251 1006 3370 1074 ejus
3428 1005 3820 1074 requieverunt

2231 1110 2422 1152 onmes
2453 1096 2704 1151 volucres
2727 1095 2872 1160 caeli,
2904 1103 2958 1150 et
2983 1109 3149 1164 super
3182 1093 3510 1162 propagines
3542 1090 3664 1159 ejus
3694 1089 3816 1143 fue-

2231 1197 2359 1242 runt
2382 1203 2573 1243 omnes
2607 1189 2794 1244 bestiae
2834 1186 2973 1249 arvi,
3006 1186 3092 1240 l4.
3127 1194 3185 1240 ut
3220 1199 3285 1238 ne
3307 1200 3364 1238 se
3396 1183 3620 1237 eﬂ‘erant
3650 1197 3818 1252 super

2232 1280 2608 1349 magnitudine
2631 1296 2727 1335 sua
2769 1279 2955 1332 omnia
2991 1279 3158 1348 ligna,
3183 1291 3304 1346 qua:
3333 1276 3387 1329 in
3414 1290 3554 1344 aqua
3584 1291 3596 1326 :
3623 1285 3674 1328 et
3706 1290 3814 1327 non

2231 1371 2495 1426 dederunt
2535 1370 2858 1441 principium
2895 1386 3054 1426 suum
3085 1371 3139 1424 in
3165 1369 3400 1424 medium
3438 1368 3687 1430 nubium,
3715 1383 3819 1421 nec

2232 1471 2501 1518 steterunt
2535 1465 2602 1532 )t(
2643 1463 2711 1518 ad
2749 1479 2810 1518 ea
2852 1463 2875 1531 1
2911 1463 2966 1517 in
3015 1461 3301 1516 altitudine
3351 1477 3451 1515 sua
3491 1475 3680 1514 omnes
3733 1459 3816 1511 bi-

2231 1553 2425 1609 bentes
2471 1569 2701 1624 aquam;
2733 1554 2862 1624 quia
2897 1568 3090 1608 omnes
3137 1552 3249 1606 dati
3284 1559 3411 1607 sunt
3459 1550 3512 1605 in
3558 1559 3816 1614 mortem,

2233 1645 2286 1700 in
2316 1645 2640 1715 profundum
2672 1655 2828 1701 terra:
2858 1645 2911 1700 in
2949 1645 3128 1700 medio
3155 1644 3394 1698 filiorum
3413 1642 3724 1702 hominum,
3746 1640 3816 1694 ad

2234 1752 2350 1801 eos,
2391 1737 2486 1802 qui
2522 1737 2858 1792 descendunt
2890 1737 2942 1790 in
2988 1735 3220 1790 foveam.
3261 1734 3348 1788 15.
3382 1733 3506 1786 Ilzec
3540 1731 3672 1785 dicit
3707 1729 3817 1783 Do-

549 1836 767 1889 vitalem
803 1836 944 1905 ejus,
990 1847 1045 1892 ει
1083 1826 1428 1906 ’ρι-ωάειωιυιι
1479 1839 1714 1908 pnnde
1770 1839 1911 1908 eius.
1944 1839 2032 1893 25_
2069 1838 2133 1892 Ει
2163 1821 2204 1877 Β
2235 1829 2416 1883 minus
2447 1829 2521 1897 (τί)
2553 1827 2818 1884 Dominus
2851 1844 2865 1881 :
2897 1829 2954 1882 In
2996 1829 3229 1897 die,quo
3252 1825 3532 1880 descendit
3561 1824 3617 1877 in
3648 1821 3819 1877 infer—

550 1925 918 1979 corroborabo
964 1926 1186 1980 brachia
1236 1927 1380 1997 regis
1419 1925 1751 1997 Babylonis;
1785 1926 2007 1980 brachia
2033 1941 2132 1978 au-

549 2026 658 2069 tem
714 2016 1020 2072 Pharaonis
1055 2018 1272 2072 cadent.
1321 2017 1387 2071 Et
1434 2019 1631 2085 scient,
1674 2020 1820 2089 qttod
1870 2037 1970 2090 ego
2009 2035 2130 2073 smn

552 2106 840 2172 Dominus,
881 2123 1004 2162 cum
1053 2110 1256 2164 dedero
1319 2109 1558 2180 gladium
1601 2127 1781 2165 meum
1828 2111 1880 2164 in
1938 2127 2134 2165 manus

553 2194 698 2265 regis
765 2196 1076 2268 Babylonis,
1137 2208 1192 2253 et
1237 2199 1490 2254 eduxerit
1532 2216 1656 2254 eum
1718 2217 1883 2270 super
1933 2210 2131 2255 terram

552 2285 793 2359 Egypti.
831 2288 919 2343 26.
953 2287 1017 2343 Et
1053 2290 1426 2347 disseminabo
1459 2294 1525 2360 Ἀ(
1547 2292 1646 2364 τὴν
1682 2294 1705 2362 1
1738 2291 2032 2362 IEgyptum
2081 2292 2132 2346 itt

551 2390 762 2446 gentes,
812 2387 868 2434 et
915 2381 1190 2435 ventilabo
1221 2397 1316 2437 eos
1367 2385 1419 2436 in
1466 2382 1739 2453 regiones,
1772 2393 1826 2436 et
1858 2382 2030 2436 scient
2067 2395 2131 2437 -ε-

553 2485 748 2523 omnes
774 2469 1014 2540 [Egyptii
1045 2472 1092 2541 1.
1118 2473 1264 2540 quod
1295 2488 1395 2541 ego
1415 2489 1534 2528 sum
1563 2471 1850 2528 Dominus.

625 2560 759 2629 Cap.
789 2561 985 2617 XXXI.
1012 2593 1080 2604 —
1103 2563 1150 2616 l.
1193 2563 1258 2617 Et
1299 2578 1428 2618 ecce
1459 2564 1514 2618 in
1549 2579 1692 2618 anno
1733 2564 2042 2631 undecimo,
2079 2565 2132 2618 in

555 2664 744 2703 mense
769 2650 948 2708 tertio.
985 2667 1095 2705 uno
1129 2655 1356 2718 mensis,
1407 2653 1609 2708 factum
1638 2664 1722 2709 est
1770 2655 1996 2709 verbum
2025 2653 2134 2708 Do-

557 2740 690 2793 mini
715 2741 782 2794 atl
811 2757 918 2808 me,
960 2743 1193 2798 dicens:
1231 2744 1284 2799 2.
1314 2743 1414 2798 Fili
1461 2745 1721 2810 hominis,
1763 2746 1851 2800 dic
1895 2746 1960 2798 ad
1990 2745 2133 2798 Pha-

554 2843 778 2882 raonem
825 2845 1004 2900 regem
1042 2829 1284 2904 Egypti,
1319 2843 1374 2888 et
1430 2834 1765 2888 multitudini
1821 2835 1988 2905 ejus:
2035 2833 2134 2889 Cui

555 2921 870 2977 assimilasti
907 2932 956 2976 te
991 2923 1044 2978 in
1076 2925 1362 2980 altitudine
1388 2927 1587 2982 tua?5.
1616 2925 1754 2980 Ecce
1774 2926 1948 2982 Assur
1973 2942 2134 2997 cypa-

557 3013 732 3069 rissus
759 3013 812 3068 in
838 3013 1067 3082 Libano,
1102 3026 1156 3071 et
1183 3017 1409 3086 pulcher
1463 3019 1733 3089 virgultis,
1762 3021 1830 3087 >β<
1853 3027 1905 3074 et
1932 3019 2136 3074 densus

554 3105 610 3159 in
670 3106 990 3162 umbraculo
1042 3109 1089 3178 1,
1137 3118 1191 3163 et
1238 3110 1487 3164 excelsus
1540 3109 1932 3180 magnitudine,
1973 3121 2026 3164 et
2080 3111 2131 3162 in

554 3197 737 3251 medio
763 3199 989 3254 nubium
1026 3199 1229 3256 factum
1263 3211 1346 3255 est
1367 3199 1695 3271 principium
1722 3200 1862 3270 ejus.
1890 3199 1943 3253 4.
1979 3203 2135 3268 Aqua

555 3290 782 3344 nutrivit
806 3306 954 3354 eum,
990 3292 1222 3363 abyssus
1255 3292 1514 3345 exaltavit
1569 3307 1718 3354 eum,
1763 3290 1959 3345 ﬂuvios
2009 3305 2140 3344 suos

555 3381 742 3435 eduxit
797 3383 946 3437 circa
1007 3384 1220 3453 plantas
1273 3399 1423 3450 suas,
1473 3392 1527 3437 et
1576 3383 1804 3438 lacunas
1867 3382 2048 3437 emisit
2084 3382 2137 3434 in

557 3471 743 3526 omnia
773 3472 916 3542 ligna
940 3474 1135 3542 campi.
1177 3473 1229 3528 5.
1267 3472 1493 3544 Propter
1525 3474 1628 3527 hoc
1655 3473 1864 3528 elevata
1899 3480 1982 3526 est
2023 3487 2140 3524 ma-

555 3562 784 3633 gnitudo
812 3563 932 3630 ejus
955 3565 1098 3632 plus,
1136 3579 1300 3631 quam
1333 3563 1518 3618 omnia
1561 3563 1695 3633 ligni
1749 3564 1946 3631 campi,
1974 3573 2026 3616 et
2059 3564 2140 3616 di-

561 3653 717 3708 Iatati
758 3662 890 3707 sunt
917 3652 1054 3706 rami
1085 3652 1224 3722 ejus,
1250 3663 1303 3706 et
1327 3669 1384 3707 se
1410 3653 1723 3706 extulerunt
1759 3653 1993 3723 virgulta
2023 3652 2141 3721 ejus

559 3757 726 3812 super
759 3758 956 3812 aquam
990 3743 1236 3809 multam,
1260 3745 1326 3810 Χ
1351 3759 1474 3797 cum
1507 3759 1566 3798 se
1581 3743 1898 3798 extenderet
1931 3743 1979 3811 1.
2007 3742 2060 3796 6.
2084 3740 2139 3795 In

562 3835 810 3906 virgultis
853 3836 970 3905 ejus
1002 3835 1351 3890 nidilicarunt
1381 3851 1574 3890 omnes
1627 3836 1878 3890 volucres
1909 3836 2054 3900 coeli,
2089 3845 2142 3889 et

562 3929 665 3983 sub
687 3927 855 3983 ramis
886 3928 1005 3998 ejus
1043 3936 1348 3998 genuerunt
1387 3944 1578 3983 omnes
1613 3928 1797 3982 bestia:
1845 3928 2043 3998 campi,
2085 3929 2138 3983 in

561 4018 753 4073 umbra
802 4019 922 4088 ejus
985 4019 1250 4074 habitavit
1298 4021 1480 4074 omnis
1536 4019 1827 4074 multitudo
1873 4021 2135 4088 gentium.

563 4110 614 4164 7.
642 4111 706 4165 Et
737 4121 854 4166 erat
880 4111 1106 4181 pulcher
1136 4112 1189 4165 in
1223 4112 1509 4168 altitudine
1553 4129 1651 4168 sua
1701 4121 1922 4182 propter
1966 4113 2142 4183 longi-

563 4203 807 4258 tudinem
840 4219 1114 4258 ramorum
1151 4221 1398 4270 suorum,
1440 4207 1569 4276 quia
1600 4214 1758 4260 erant
1792 4206 2002 4261 radices
2024 4206 2141 4276 ejus

563 4297 619 4348 in
648 4312 789 4364 aqua
840 4297 1031 4352 multa.
1069 4299 1121 4353 8.
1157 4299 1220 4353 Et
1253 4298 1515 4371 cyparissi
1557 4316 1661 4353 non
1693 4300 1758 4370 (t)
1796 4301 1932 4354 tales
1963 4300 2015 4354 in
2046 4315 2142 4369 pa-

565 4385 746 4441 radiso
781 4386 892 4452 Dei,
939 4398 993 4441 et
1033 4387 1180 4442 cedri
1236 4405 1343 4442 non
1385 4387 1596 4442 similes
1635 4387 1882 4457 virgultis
1919 4389 2060 4457 ejus,
2087 4396 2143 4441 et

2236 1935 2388 1985 num,
2420 1918 2487 1989 (e)
2513 1919 2612 1973 feci
2643 1920 2847 1989 lugere,
2887 1918 3146 1974 constitui
3178 1932 3342 1986 super
3361 1931 3483 1970 eum
3511 1915 3815 1984 abyssum:

2234 2021 2288 2067 et
2317 2012 2535 2066 cohibui
2582 2013 2803 2066 ﬂumina
2867 2012 3006 2080 ejus,
3038 2020 3094 2065 et
3141 2010 3361 2065 cohibui
3409 2007 3816 2062 multitudinem

2236 2119 2440 2173 aquae:
2483 2114 2537 2158 et
2588 2103 2979 2158 obtencbratus
3037 2111 3121 2157 est
3167 2117 3332 2171 super
3375 2115 3500 2154 eum
3549 2099 3816 2162 Libanus,

2236 2196 2422 2250 omnia
2462 2196 2606 2266 ligna
2661 2194 2838 2264 campi
2908 2211 3073 2265 super
3119 2209 3184 2249 eo
3231 2194 3298 2264 (f)
3345 2191 3612 2247 dissoluta
3662 2199 3813 2246 sunt.

2237 2290 2401 2345 16.Α
2442 2304 2573 2344 voce
2641 2289 2812 2344 ruina:
2869 2288 2990 2356 ejus
3047 2293 3385 2343 tremuerunt
3447 2292 3816 2350 gentes,cum

2241 2380 2568 2437 descendere
2617 2379 2855 2434 facerent
2884 2394 3008 2434 eum
3034 2379 3089 2432 in
3130 2377 3400 2432 infernum
3439 2391 3563 2429 cum
3591 2374 3818 2428 descen-

2239 2470 2493 2526 dentibus
2538 2471 2593 2524 in
2633 2469 2887 2524 foveam:
2927 2470 3002 2539 (g)
3045 2477 3099 2524 et
3134 2467 3560 2524 consolabantur
3603 2479 3727 2519 eum
3762 2462 3820 2518 in

2237 2572 2379 2618 terra
2413 2563 2601 2617 intima
2632 2563 2816 2617 omnia
2869 2563 3016 2632 ligna
3049 2561 3398 2625 deliciarum,
3438 2567 3490 2614 et
3523 2558 3716 2622 electa,
3748 2559 3813 2625 Ἀ

2236 2663 2290 2711 et
2329 2654 2612 2725 pulchra1
2662 2653 2856 2709 Libani
2915 2654 3122 2717 omnia,
3168 2668 3290 2722 quae
3359 2651 3553 2706 bibunt
3593 2664 3817 2719 aquam.

2239 2746 2326 2802 17.
2364 2745 2580 2800 Etenim
2622 2745 2714 2800 isti
2755 2761 2878 2800 cum
2911 2760 2977 2800 eo
3025 2744 3426 2800 descenderunt
3458 2742 3510 2795 in
3542 2741 3818 2795 infernum

2236 2837 2293 2892 in
2322 2836 2522 2891 occisis
2561 2851 2590 2889 a
2643 2836 2841 2905 gladio,
2877 2845 2930 2890 et
2982 2850 3170 2890 semen
3202 2834 3341 2903 ejus,
3375 2832 3682 2886 habitantes
3716 2830 3822 2885 sub

2238 2926 2559 2981 umbraculo
2615 2926 2736 2996 ejus
2787 2926 2843 2980 in
2912 2926 3095 2980 medio
3163 2925 3287 2979 vita:
3341 2938 3456 2978 suae
3515 2922 3819 2992 perierunt.

2239 3021 2325 3076 l8.
2359 3019 2457 3073 Cui
2491 3018 2826 3074 assimilatus
2875 3032 2933 3072 es
2984 3021 3051 3085 χ(
3089 3015 3216 3082 'I‘h.,
3269 3016 3321 3069 in
3367 3014 3710 3080 fortitudine,
3766 3024 3823 3068 et

2242 3110 2296 3165 in
2324 3111 2513 3180 gloria,
2546 3117 2601 3164 et
2632 3109 2685 3163 in
2721 3108 3096 3180 magnitudine
3135 3109 3191 3162 in
3222 3107 3382 3178 lignis
3413 3105 3765 3161 deliciarum?
3795 3107 3821 3175 1

2241 3212 2294 3257 et
2323 3202 2606 3267 descende,
2656 3209 2711 3256 et
2749 3201 3016 3257 deducere
3065 3215 3187 3256 cum
3216 3199 3380 3270 lignis
3413 3197 3734 3253 deliciarum
3766 3197 3824 3250 in

2241 3293 2571 3364 profundum
2625 3299 2784 3346 teme
2835 3310 2848 3346 :
2891 3291 2945 3346 in
2995 3290 3175 3345 medio
3222 3305 3329 3343 non
3369 3287 3822 3344 circumcisornm

2241 3385 2478 3440 dormies
2517 3399 2640 3437 cum
2691 3383 2890 3438 occisis
2925 3383 3126 3452 gladio.
3163 3380 3254 3435 Sic
3285 3379 3519 3443 Pharao,
3559 3386 3612 3432 et
3643 3375 3826 3429 omnis

2242 3475 2532 3529 multitudo
2563 3489 2625 3529 σξ-
2656 3473 2994 3530 fortitudinis
3031 3474 3053 3542 1
3085 3474 3224 3543 ejus,
3253 3471 3388 3527 dicit
3419 3471 3685 3524 Dominus
3716 3467 3825 3522 Do-

2243 3566 2442 3620 minus.

2313 3655 2441 3723 Cap.
2474 3654 2692 3710 XXXII.
2726 3686 2795 3696 —
2826 3655 2874 3709 1.
2913 3655 2975 3709 Et
3008 3653 3213 3709 factum
3265 3663 3348 3709 est
3406 3652 3461 3706 in
3510 3665 3654 3710 anno
3685 3649 3826 3703 duo~

2241 3745 2478 3811 decimo,
2510 3748 2562 3800 in
2593 3762 2782 3801 mense
2830 3745 3065 3811 decimo,
3095 3761 3205 3799 uno
3244 3744 3470 3807 mensis,
3508 3740 3709 3796 factum
3740 3752 3829 3794 est

2242 3839 2467 3892 verbum
2519 3838 2737 3892 Domini
2789 3837 2855 3892 ad
2899 3854 3004 3904 me,
3057 3837 3247 3892 dicens
3283 3855 3296 3890 :
3326 3837 3380 3890 2.
3412 3835 3514 3888 Fili
3560 3833 3825 3897 hominis,

2243 3946 2459 3986 assume
2485 3931 2786 3984 lamcntum
2813 3945 2979 4000 super
3005 3928 3345 3983 Pharaonem
3377 3942 3556 3992 regem
3579 3925 3828 3997 Egypti,

2241 4033 2294 4080 et
2321 4024 2471 4078 dices
2499 4024 2547 4077 ei
2576 4043 2589 4077 :
2631 4023 2706 4093 (It)
2730 4021 2899 4077 Leoni
2943 4023 3183 4092 gentimn
3217 4021 3554 4076 assimilatus
3577 4037 3637 4076 es
3666 4029 3745 4086 tu,
3771 4030 3830 4075 et

2243 4116 2382 4172 sicut
2405 4117 2570 4171 draco
2595 4114 2647 4169 in
2671 4116 2827 4179 mari,
2860 4121 2913 4168 et
2936 4112 3325 4182 cornupetebas
3343 4111 3660 4166 ﬂuminibus
3694 4110 3826 4174 tuis,

2241 4217 2296 4263 et
2324 4207 2691 4262 conturbabas
2737 4222 2934 4277 aquam
2992 4206 3220 4276 pedibus
3267 4205 3394 4265 tuis,
3429 4203 3490 4273 (ἱ)
3523 4211 3576 4258 et
3599 4202 3827 4258 concul-

2243 4299 2408 4354 caltas
2434 4299 2661 4353 ﬂumina
2703 4307 2812 4354 tua.
2849 4295 3045 4352 5.11am
3073 4297 3206 4351 dicit
3235 4295 3500 4351 Dominus
3525 4293 3824 4349 Dominus:

2243 4391 2308 4446 Et
2331 4391 2530 4461 jaciam
2567 4406 2731 4460 super
2751 4399 2801 4444 te
2831 4389 2965 4444 retia
2999 4392 3066 4458 >ε<
3098 4404 3238 4452 mea,
3274 4389 3328 4441 in
3359 4397 3501 4443 coetu
3530 4389 3554 4455 1
3580 4387 3828 4456 gentium

561 4480 765 4536 abietes
802 4495 908 4535 non
947 4481 1164 4536 fuerunt
1221 4480 1428 4536 similes
1486 4481 1651 4535 ramis
1679 4482 1832 4551 ejus:
1870 4495 2033 4535 omne
2077 4480 2141 4534 li-
2174 4483 2216 4539 D
2249 4483 2564 4546 multarum,
2589 4491 2642 4536 et
2680 4480 2959 4535 extraham
3000 4491 3051 4535 te
3098 4481 3150 4534 in
3190 4481 3351 4534 hamo
3382 4495 3522 4542 meo,
3563 4477 3616 4531 4.
3656 4476 3728 4548 (lt)
3774 4490 3833 4534 et

561 4589 728 4642 gnum
751 4574 806 4628 in
846 4574 1100 4642 paradiso
1130 4573 1352 4628 Deinon
1381 4573 1745 4628 assimilatum
1770 4585 1852 4628 est
1871 4573 1920 4628 ei
1944 4573 1996 4626 in
2022 4571 2138 4642 pul-

558 4661 870 4716 chritudine
901 4677 1022 4725 sua,
1050 4663 1103 4716 9.
1143 4661 1222 4732 (ιι)
1263 4672 1481 4732 propter
1516 4663 1920 4717 multitudinem
1959 4677 2141 4715 ramo-

560 4769 681 4807 rum
708 4753 827 4824 ejus
856 4773 867 4807 :
907 4753 984 4823 (π)
1003 4763 1056 4807 ct
1087 4754 1338 4807 mtnulata
1366 4764 1492 4808 sunt
1511 4771 1630 4809 eam
1656 4756 1837 4808 omnia
1873 4753 2017 4823 ligna
2045 4769 2142 4823 pa-

557 4846 725 4900 radisi
750 4845 1109 4916 jucunditatis
1126 4850 1192 4913 >ε<
1211 4846 1358 4914 Dei1.
1384 4848 1466 4900 l0.
1493 4847 1720 4917 Propter
1746 4849 1849 4902 hoc
1878 4847 1992 4901 haec
2008 4845 2143 4900 dicit

562 4933 826 4990 Dominus
852 4936 1114 4992 Dominus
1149 4953 1162 4990 :
1206 4936 1312 4991 Pro
1335 4952 1400 4991 eo
1421 4937 1567 5007 quod
1599 4936 1775 4992 factus
1817 4953 1876 4992 es
1906 4951 2141 5006 magnus

561 5029 957 5098 magnitudine,
985 5040 1038 5084 et
1056 5028 1252 5085 dedisti
1279 5030 1605 5101 principium
1639 5040 1790 5084 tuum
1822 5030 1876 5083 in
1902 5029 2138 5084 medium

555 5120 635 5191 (y)
662 5120 887 5174 nubittm
913 5121 1008 5191 (ι),
1040 5131 1092 5175 ct
1118 5121 1251 5186 vidi,
1284 5137 1408 5176 cum
1446 5121 1798 5185 exaltaretur,
1825 5120 1911 5175 11.
1944 5130 1998 5174 et
2031 5132 2142 5173 tra-

554 5209 670 5264 didi
705 5194 830 5266 eum
867 5212 923 5267 in
970 5229 1166 5269 manus
1196 5213 1459 5284 principis
1490 5213 1754 5284 gentium,
1777 5223 1829 5266 et
1858 5211 1985 5267 fecit
2014 5228 2140 5282 per-

558 5304 822 5360 ditionem
878 5305 1000 5376 ejus
1048 5322 1062 5358 :
1103 5306 1256 5377 juxta
1313 5306 1620 5376 impietates
1671 5305 1790 5374 ejus
1824 5307 1892 5375 X
1923 5304 2138 5375 ejiciam

633 5483 698 5552 (t)
732 5481 852 5538 Non
900 5496 1226 5554 superarunt
1261 5503 1404 5544 eam.
1508 5488 1586 5554 (tt)
1615 5486 1736 5549 ΤΙιι.

562 5556 951 5628 ειιιυιπθηιμι·
985 5558 1055 5610 ei.
1082 5560 1206 5628 A_(y)
1240 5558 1322 5621 8.,
1355 5574 1545 5628 opaca.
1586 5558 1705 5624 T/t.,
1735 5556 1938 5627 spissa.

563 5625 1047 5693 consummabunt.
1079 5625 1199 5693 ΤΙιζ,
1235 5629 1288 5681 in
1323 5625 1580 5682 omnibus
1616 5625 1834 5683 incultis
1867 5641 2044 5683 terra.

565 5696 636 5768 (ς)
673 5691 764 5768 §.,
791 5693 1126 5768 fc_ci_lugcrc.
1187 5691 1436 5768 ’__([)_S.,
1471 5708 1754 5752 mutarunt
1795 5702 2056 5768 speciem.

568 5764 629 5832 (ἑ)
664 5761 745 5831 S.,
769 5761 1117 5821 calcitra'bas.
1203 5761 1277 5834 (It)
1305 5765 1422 5832 Th.,
1449 5779 1496 5822 et
1524 5778 1805 5825 conteram
1827 5761 1900 5825 te.

1798 5488 2085 5558 pulchram
2122 5486 2223 5558 feci
2260 5501 2378 5540 eam
2437 5485 2490 5538 in
2517 5483 2870 5558 multitudine
2898 5499 3175 5558 ramorum
3200 5483 3341 5558 ejus.

2019 5560 2090 5625 (2.)
2120 5557 2184 5609 Et
2212 5558 2414 5611 elatum
2440 5566 2524 5611 est
2565 5571 2658 5610 cor
2697 5555 2813 5625 ejus
2845 5569 3009 5622 super
3034 5554 3321 5608 altitudine
3349 5568 3468 5608 sua.

2163 5627 2239 5696 (b)
2291 5627 2514 5681 Eorum.

2163 5694 2238 5766 (g)
2283 5697 2364 5758 S.,
2413 5707 2466 5750 et
2493 5696 2921 5766 consolationem
2968 5694 3192 5762 accepit.

1982 5768 2042 5839 (Ι)
2075 5765 2158 5836 S.,
2186 5765 2506 5825 Vermiculis
2544 5766 2671 5821 tuis.

2247 4575 2535 4630 extendam
2563 4572 2810 4644 te'super
2837 4583 3039 4628 terram
3073 4590 3086 4627 :
3123 4571 3298 4641 campi
3347 4569 3716 4640 implebuntur
3754 4578 3832 4635 te,

2247 4675 2300 4720 et
2330 4664 2614 4719 subsidere
2655 4662 2850 4718 faciam
2883 4678 3048 4733 super
3077 4673 3126 4716 te
3159 4675 3349 4714 omnes
3383 4660 3637 4713 volucres
3677 4658 3831 4723 cmli,

2247 4764 2301 4812 et
2348 4757 2608 4811 saturabo
2663 4755 2730 4810 de
2780 4767 2834 4810 te
2888 4770 3079 4808 omnes
3141 4753 3347 4807 bestias
3395 4752 3576 4806 omnis
3626 4760 3831 4804 teme:

2248 4849 2300 4902 5.
2336 4857 2390 4902 et
2420 4847 2560 4901 dabo
2608 4861 2830 4900 carnem
2863 4855 3010 4899 tuam
3047 4859 3210 4913 super
3239 4850 3474 4907 montes,
3503 4851 3555 4896 et
3593 4840 3836 4910 implebo

2250 4941 2316 5006 >ε<
2351 4939 2518 4993 valles
2555 4938 2578 5008 1
2623 4937 2685 5008 (ι)
2724 4938 2791 4991 de
2849 4935 3115 5006 sanguine
3173 4943 3285 4998 tuo,
3322 4935 3374 4986 6.
3412 4940 3464 4988 et
3515 4932 3836 5002 irrigabitur

2250 5040 2390 5084 terra
2433 5031 2528 5101 (ut)
2562 5028 2895 5084 stercoribus
2931 5029 3040 5082 tuis
3083 5045 3113 5080 a
3148 5025 3501 5080 multitudine
3539 5034 3631 5078 tua
3663 5037 3837 5092 super

2247 5121 2522 5176 montibus
2567 5139 2580 5174 :
2616 5121 2784 5176 valles
2813 5120 3050 5190 implebo
3079 5127 3152 5182 te,
3178 5119 3230 5170 7.
3255 5126 3308 5172 et
3333 5117 3670 5185 cooperiam,
3700 5130 3834 5167 cum

2244 5213 2550 5268 exstinctus
2601 5211 2794 5277 fueris,
2846 5211 3068 5276 cotlum,
3104 5222 3158 5265 et
3206 5214 3584 5264 tenebrescere
3633 5205 3840 5292 faciam

2245 5304 2430 5361 stellas
2472 5303 2615 5374 ejus,
2647 5307 2816 5358 solem
2877 5305 2930 5358 in
2975 5303 3120 5357 nube
3158 5301 3424 5372 eperiatn,
3458 5309 3512 5355 et
3562 5299 3688 5353 luna
3722 5312 3837 5350 non

3439 5482 3517 5551 (α’)
3551 5482 3634 5543 8.,
3675 5481 3746 5533 ita
3774 5489 3837 5534 ut

3549 5553 3624 5618 (tt)
3660 5554 3744 5615 5.,
3776 5560 3834 5603 (ει

2632 5626 2701 5700 (c)
2741 5624 2805 5700 Iit
2844 5626 3157 5700 relinquent
3204 5639 3350 5700 eum.
3411 5624 3537 5700 _(d)
3593 5622 3831 5700 Adonai.

3274 5693 3350 5764 (It)
3403 5693 3487 5756 s.,
3544 5693 3832 5764 perditori.

2753 5764 2845 5836 (nt)
2873 5764 2952 5832 8.,
2993 5760 3202 5821 stercus
3235 5760 3389 5819 tuum
3417 5763 3700 5835 sanguinis
3727 5760 3831 5816 tui.
