4122 6320
286 403 420 458 2737

1407 401 1810 457 HEZECIELIS
1849 403 2075 460 CAPUT
2112 401 2348 458 XXXIII.

3446 393 3546 451 758

289 522 468 578 lucere
493 519 659 576 faciet
691 521 876 578 lumen
895 523 1041 593 ejus.
1078 523 1129 578 8.
1169 522 1367 577 Omnia
1411 523 1594 577 lucere
1623 521 1874 578 facientia
1907 529 1952 586 Α
1981 539 2086 577 non
2135 518 2468 584 circumcisi,
2497 517 2661 573 occisi
2711 530 2739 569 a
2779 513 2976 585 gladio,
3006 512 3097 581 qui
3137 511 3399 566 dederunt
3439 523 3548 565 ter-

288 614 468 669 lumen
508 613 635 669 (εωιί
662 615 1120 669 obtenebresceut
1153 631 1319 685 super
1367 625 1439 680 te,
1469 624 1522 671 et
1553 615 1694 670 dabo
1727 625 1876 669 tene-

289 705 416 760 bras
454 719 620 773 super
657 713 860 761 terram
908 714 1083 770 tuam,
1113 707 1250 762 dicit
1291 705 1558 762 Dominus
1582 705 1870 762 Dominus.

287 797 344 850 9.
369 795 437 848 Et
459 795 690 852 irritabo
717 813 814 853 cor
835 801 1078 869 gentium
1115 799 1430 862 multarum,
1449 813 1574 852 cum
1600 798 1876 854 adduxere

289 886 660 955 captivitatem
709 895 857 942 tuam
907 889 960 943 in
993 897 1204 959 gentes,
1235 888 1287 941 in
1326 898 1525 942 terram
1566 902 1730 956 quam
1767 902 1875 942 non

292 977 519 1032 novisti.
552 977 641 1033 10.
675 978 751 1049 (η)
790 978 856 1034 Et
894 980 1369 1036 contristabuutur
1408 993 1570 1048 super
1609 987 1660 1033 te
1689 987 1876 1048 gentes

295 1069 500 1134 multat,
543 1077 600 1123 et
647 1085 800 1141 reges
851 1086 1038 1126 eorum
1073 1073 1147 1142 (ο)
1185 1079 1409 1140 stupore
1454 1071 1523 1139 )3"
1574 1085 1739 1141 super
1771 1075 1871 1144 te1

295 1171 632 1230 stupescent,
661 1177 783 1218 cum
810 1164 1073 1219 velaverit
1094 1162 1306 1234 gladius
1333 1179 1489 1219 meus
1523 1178 1686 1233 super
1709 1163 1876 1220 facies

296 1266 510 1317 eorum,
541 1253 618 1324 (p)
644 1265 1023 1325 exspectantes
1061 1255 1275 1309 ruinam
1333 1269 1487 1310 suam
1515 1271 1545 1310 a
1581 1256 1670 1310 die
1702 1255 1877 1310 ruinae

300 1352 424 1396 tua.
458 1343 548 1396 ll.
583 1344 722 1410 Quia
753 1346 869 1401 haec
908 1347 1038 1401 dicit
1085 1345 1352 1402 Dominus
1402 1345 1666 1401 Dominus
1702 1363 1716 1400 :
1749 1344 1877 1400 Gla-

301 1433 424 1488 dius
455 1435 602 1506 regis
651 1437 938 1508 Babylonis
973 1438 1154 1493 veniet
1203 1437 1322 1504 tibi,
1359 1437 1447 1492 η.
1473 1438 1528 1491 in
1559 1435 1754 1508 gladiis
1798 1437 1879 1505 gi-

303 1534 550 1595 gantum,
590 1537 646 1583 et
683 1529 935 1598 dejiciam
993 1528 1362 1584 fortitudinem
1419 1536 1566 1582 tuam
1601 1547 1616 1583 :
1653 1543 1877 1596 corrup-

305 1626 445 1669 tores
477 1630 673 1672 omnes
719 1619 786 1673 de
827 1619 1102 1688 gentibus,
1137 1628 1190 1674 et
1229 1619 1458 1688 perdent
1490 1619 1874 1674 contumeliam

308 1705 546 1776 Egypti,
580 1717 635 1763 et
665 1718 975 1764 conteretur
1007 1711 1186 1765 oumis
1227 1709 1487 1765 fortitudo
1516 1710 1657 1780 ejus.
1697 1712 1778 1765 l5.
1810 1709 1878 1764 Et

306 1799 526 1868 perdam
555 1815 718 1856 omne
746 1803 1052 1873 iumentum
1080 1805 1200 1873 ejus
1221 1804 1290 1858 ab
1323 1818 1462 1874 aqua
1499 1804 1688 1871 multa,
1728 1805 1802 1874 (α)
1825 1813 1880 1860 et

282 1904 414 1943 .non
446 1869 784 1960 perturbabit
803 1908 922 1947 eam
963 1909 1056 1963 pes
1103 1869 1441 1960 hominis-et
1466 1869 1746 1962 vestigium
1910 1869 1951 1924 Β

307 1983 469 2036 menti
501 1999 610 2038 non
647 1986 990 2041 conculcabit
1016 2001 1159 2042 eam.
1189 1987 1278 2040 M.
1311 2000 1372 2042 -ι-
1408 1987 1540 2057 Sic1
1567 1998 1696 2041 tunc
1721 1987 1877 2056 quie-

307 2080 458 2126 scent
485 2089 646 2145 aquae
689 2091 902 2141 eorum,
930 2087 986 2132 et
1023 2077 1246 2132 flumina
1278 2091 1469 2132 eorum
1505 2077 1664 2147 quasi
1695 2077 1876 2132 oleum

307 2161 494 2227 ﬂuent,
550 2165 682 2220 dicit
719 2167 932 2222 Adonai
996 2167 1284 2225 Dominus.
1345 2169 1432 2223 l5.
1483 2170 1622 2224 Cum
1673 2169 1877 2226 dedero

310 2251 604 2324 Egyptum
641 2258 695 2310 in
744 2259 1121 2327 perditionem,
1164 2269 1219 2314 et
1255 2269 1463 2314 vastata
1515 2260 1678 2315 fuerit
1735 2271 1878 2315 terra

309 2360 430 2398 cum
465 2347 802 2414 plenitudine
835 2364 953 2414 sua,
981 2365 1105 2404 cum
1156 2350 1464 2420 dispersero
1492 2365 1684 2406 omnes
1725 2351 1880 2406 babi-

311 2446 486 2492 tantes
532 2438 591 2491 in
641 2454 727 2503 ea,
762 2449 818 2494 et
866 2441 1059 2504 scient,
1099 2441 1226 2510 quia
1274 2455 1374 2510 ego
1430 2456 1550 2497 sum
1595 2441 1876 2498 Dominus.

312 2529 398 2583 16.
430 2528 778 2586 Lamentatio
805 2542 904 2597 est,
933 2542 987 2588 et
1031 2533 1479 2588 lamentabantur
1508 2547 1649 2598 eam,
1674 2543 1728 2588 et
1757 2535 1879 2589 tilia:

312 2621 550 2689 gentium
600 2622 1044 2678 lamentabantur
1090 2639 1210 2679 eam
1252 2640 1416 2694 super
1472 2623 1786 2696 IEgyptum,
1829 2635 1881 2680 et

316 2727 479 2780 super
539 2728 758 2768 omnem
820 2713 1200 2770 fortitudinem
1268 2716 1386 2784 ejus
1440 2717 1882 2772 lamentabuntur

314 2818 453 2868 eam,
485 2805 618 2859 dicit
650 2805 911 2862 Dominus
946 2807 1228 2863 Dominus.
1262 2808 1347 2862 l7.
1384 2806 1451 2862 Et
1479 2808 1678 2864 factum
1705 2816 1788 2863 est
1824 2810 1879 2863 in

315 2909 457 2950 anno
502 2897 856 2964 duodecimo,
912 2899 965 2953 in
1031 2915 1220 2954 mense
1275 2899 1471 2968 primo,
1535 2900 1881 2969 quindecimo

315 2987 538 3052 mensis,
568 2986 772 3043 factum
802 2997 886 3044 est
910 2989 1135 3044 verbum
1169 2988 1383 3043 Domini
1420 2989 1486 3043 ad
1528 3005 1632 3057 me,
1659 2990 1878 3045 dicens:

316 3082 399 3136 18.
439 3082 539 3136 Fili
569 3082 910 3154 bominis,(r)
937 3083 1233 3138 lamentare
1252 3085 1689 3139 lamentationem
1719 3099 1883 3154 super

317 3171 690 3228 fortitudinem
739 3173 980 3245 Egypti,
1022 3181 1076 3229 et
1123 3175 1454 3231 descendere
1491 3175 1691 3229 facient
1742 3177 1881 3230 filias

316 3262 430 3332 ejus
458 3272 652 3332 gentes
687 3273 932 3318 mortuas
965 3264 1021 3317 in
1071 3264 1399 3333 profundum
1441 3273 1618 3330 terrae,
1659 3265 1725 3319 ad
1765 3280 1881 3330 eos,

318 3353 405 3422 qui
437 3355 777 3410 descendunt
806 3355 858 3408 in
886 3353 1118 3410 foveam.
1147 3355 1235 3411 l9.
1258 3357 1324 3424 Χ
1353 3357 1432 3409 Ab
1460 3356 1617 3426 aquis
1644 3356 1886 3426 pulchris

317 3442 508 3497 decore
546 3444 570 3512 1
601 3443 890 3509 descende,
929 3452 984 3498 et
1019 3443 1196 3498 dormi
1229 3459 1352 3498 cum
1383 3459 1490 3498 non
1526 3446 1885 3511 circumcisis,

318 3533 370 3588 in
400 3535 582 3589 medio
620 3536 926 3590 occisorum
963 3538 1143 3608 gladio
1195 3537 1390 3591 cadent
1429 3551 1552 3590 cum
1591 3552 1681 3603 eo,
1713 3538 1802 3593 20.
1835 3547 1890 3594 et

321 3619 550 3674 dormiet
604 3635 768 3677 omne
831 3623 1002 3678 robur
1038 3625 1178 3694 ejus.
1215 3624 1305 3678 21.
1347 3623 1414 3679 Ει
1461 3625 1646 3681 dicent
1673 3627 1766 3682 tibi
1807 3627 1888 3696 gi-

322 3720 505 3781 gantes
535 3729 550 3766 :
585 3710 643 3768 lu
685 3714 958 3783 profundo
1007 3715 1175 3771 fovea:
1210 3725 1329 3772 esto
1366 3735 1378 3771 :
1422 3733 1530 3788 quo
1558 3719 1750 3773 melior
1788 3719 1890 3774 es?

320 3804 606 3869 descende,
641 3814 695 3860 et
722 3807 898 3861 dormi
933 3822 1056 3862 cum
1106 3823 1214 3862 non
1254 3807 1592 3863 circumcisis
1621 3809 1676 3864 in
1711 3811 1891 3864 medio

321 3899 627 3954 occisorum
649 3900 866 3970 gladiis.
897 3900 990 3954 22.
1029 3901 1102 3954 lbi
1132 3900 1326 3966 Assur,
1351 3909 1406 3956 et
1437 3901 1620 3955 omnis
1658 3915 1890 3971 congre-

324 3990 463 4060 gatio
498 3991 642 4061 ejus,
687 4005 749 4047 -ι-
777 4007 968 4047 omnes
1001 3992 1024 4060 1
1053 3993 1220 4048 occisi
1260 3993 1332 4046 ibi
1360 3992 1473 4048 dati
1507 4001 1652 4057 sunt,
1695 4001 1750 4047 et
1799 4007 1890 4048 se-

323 4083 570 4151 pulcrum
602 4097 792 4138 eorum
822 4083 876 4137 in
916 4082 1186 4153 profundo
1222 4083 1388 4138 fovete
1417 4101 1431 4138 :
1466 4092 1524 4138 et
1550 4082 1694 4139 facta
1714 4093 1797 4141 est
1826 4099 1889 4140 ot-

325 4173 669 4243 congregatio
712 4172 833 4243 ejus
871 4175 918 4242 1,
950 4173 1094 4229 circa
1150 4174 1462 4243 sepulcrum
1519 4173 1640 4243 ejus
1699 4189 1893 4231 omnes

325 4266 513 4332 occisi,
542 4265 637 4335 qui
682 4265 996 4321 ceciderunt.
1022 4265 1204 4335 gladio
1244 4283 1258 4318 :
1291 4265 1386 4318 .23.
1414 4266 1480 4331 >ί<
1503 4265 1596 4334 qui
1629 4265 1898 4320 dederunt

326 4363 578 4431 sepulcra
611 4362 731 4431 ejus
760 4362 817 4416 in
861 4362 1122 4417 lateribus
1151 4359 1362 4415 iovem:
1403 4361 1471 4432 (ι)
1510 4369 1566 4416 et
1609 4361 1785 4416 factus
1813 4373 1897 4417 est

327 4462 500 4509 cretus
522 4453 671 4511 circa
703 4454 1014 4523 sepulcrum
1045 4452 1166 4522 ejus
1194 4471 1209 4508 :
1243 4467 1434 4508 omnes
1471 4452 1660 4517 occisi,
1694 4453 1896 4508 caden-

1984 631 2158 670 rorem
2191 627 2350 668 suum
2394 625 2558 680 super
2581 617 2724 662 terra
2754 607 2899 659 vitat.
2920 601 3012 656 27.
3043 604 3111 669 λ(
3143 599 3205 653 Et
3230 615 3338 653 non
3369 600 3548 668 1dor-

1980 706 2220 760 mierunt
2244 719 2366 757 eum
2402 698 2732 772 gigantibus,
2761 695 2854 764 qui
2883 693 3197 749 ceciderunt
3223 691 3292 744 ab
3323 698 3546 752 aeterno,

1976 799 2070 868 qui
2108 795 2509 852 descenderunt
2533 792 2588 846 in
2619 788 2892 844 infernum
2925 787 2980 840 in
3003 783 3171 840 armis
3201 783 3270 850 31(
3304 796 3491 834 eorum
3521 780 3543 845 1

1977 887 2212 952 bellicis,
2240 885 2304 955 (t)
2339 892 2393 938 et
2431 889 2735 953 posuerunt
2762 876 2969 948 gladios
2998 889 3126 929 suos
3153 873 3256 928 sub
3280 869 3550 940 capitibus

1977 979 2116 1043 suis,
2145 985 2199 1033 et
2231 977 2386 1030 factae
2419 981 2547 1030 sunt
2584 970 2898 1039 iniquitates
2926 980 3116 1022 eorum
3142 978 3306 1034 super
3332 961 3550 1016 ossibus

1978 1084 2190 1130 eorum,
2231 1065 2359 1136 quia
2384 1069 2696 1118 terruerunt
2734 1058 2977 1114 fortesin
3003 1057 3110 1110 vita
3148 1051 3374 1110 sua.28.
3401 1050 3468 1104 Et
3491 1058 3550 1104 tu

1977 1158 2032 1214 in
2087 1156 2267 1212 medio
2321 1169 2429 1208 non
2491 1148 2939 1206 circumcisorum
2982 1146 3050 1212 Χ
3078 1139 3375 1198 contereris
3411 1139 3468 1207 1,
3497 1145 3554 1191 et

1976 1249 2216 1308 dormies
2247 1263 2373 1304 cum
2402 1243 2598 1300 occisis
2628 1241 2828 1311 gladio.
2858 1238 2948 1293 9.9.
2981 1235 3057 1290 lbi
3093 1235 3172 1306 (ιι)
3203 1231 3397 1293 Edom,
3417 1231 3552 1296 )(et

1976 1358 2132 1413 reges
2158 1339 2278 1412 ejus
2307 1339 2364 1409 1,
2393 1347 2446 1392 et
2465 1349 2657 1391 omnes
2686 1331 2958 1402 principes
2979 1327 3120 1398 ejus,
3154 1324 3249 1394 qui
3283 1321 3554 1378 dederunt

1977 1434 2149 1488 robur
2188 1445 2347 1486 suum
2395 1428 2448 1482 iu
2503 1422 2911 1497 percussionem
2939 1417 3101 1490 gladii
3131 1435 3145 1470 :
3176 1415 3265 1469 isti
3304 1429 3428 1469 cum
3461 1427 3552 1467 oc-

1978 1524 2110 1580 cisis
2153 1521 2516 1583 dormierunt,
2557 1530 2683 1572 cum
2729 1508 3183 1569 deseendeutibus
3230 1507 3285 1559 in
3319 1505 3550 1559 foveam.

1975 1615 2066 1672 30.
2096 1613 2175 1669 lbi
2203 1612 2283 1683 (ω)
2321 1609 2595 1680 principes
2621 1603 2911 1676 aquilonis,
2943 1615 3133 1658 omnes
3166 1598 3336 1653 duces
3359 1596 3550 1656 Assur,

1978 1706 2370 1763 descendentes
2414 1701 2581 1756 occisi
2623 1698 2700 1770 (υ)
2731 1710 2855 1753 cum
2897 1704 3102 1748 terrore
3127 1704 3249 1754 suo,
3275 1699 3328 1742 et
3367 1687 3423 1740 in
3463 1701 3553 1738 ro-

1980 1799 2110 1853 bore
2138 1811 2238 1851 suo
2275 1797 2344 1863 x
2383 1791 2600 1848 confusi
2649 1791 2673 1861 1
2711 1785 3050 1844 dormierunt
3095 1797 3203 1836 non
3243 1776 3552 1834 circumcisi

1982 1905 2104 1946 cum
2130 1888 2326 1946 occisis
2348 1886 2548 1956 gladio,
2579 1891 2633 1938 et
2668 1885 2995 1951 acceperunt
3035 1879 3364 1930 tormentum
3390 1884 3550 1924 suum

1981 1997 2106 2036 cum
2156 1976 2611 2034 descendentibus
2667 1973 2721 2027 in
2777 1972 3010 2027 foveam.
3064 1967 3154 2020 5i.
3197 1962 3305 2018 Eos
3352 1961 3555 2015 videbit

1981 2073 2216 2134 Pharao,
2251 2078 2304 2125 et
2356 2066 2784 2124 consolationem
2825 2059 3054 2130 accipiet
3113 2071 3238 2112 cum
3289 2052 3438 2106 omni
3466 2066 3555 2105 ro-

1983 2167 2118 2222 bore
2163 2178 2374 2228 eorum,
2405 2162 2474 2230 )9:
2503 2158 2668 2214 occisi
2717 2153 2895 2228 gladio
2929 2148 3254 2212 Pharaonis,
3283 2156 3337 2200 et
3374 2143 3554 2199 omnis

1985 2255 2222 2326 potentia
2253 2253 2374 2322 ejus
2407 2251 2465 2322 1,
2489 2249 2620 2304 dicit
2664 2245 2930 2301 Dominus
2965 2238 3254 2294 Dominus.
3287 2233 3553 2326 Μηριιῇ

1984 2324 2105 2400 dedi
2155 2352 2357 2398 metum
2393 2340 2513 2410 ejus
2559 2353 2724 2408 super
2775 2343 2919 2390 terra
2950 2332 3093 2394 vitae,
3129 2338 3182 2384 et
3229 2325 3462 2382 dormiet
3498 2324 3555 2376 in

1985 2439 2164 2494 medio
2197 2451 2304 2491 non
2335 2432 2784 2489 circumcisorum
2825 2442 2949 2482 cum
2978 2422 3176 2479 occisis
3206 2419 3385 2491 gladio
3409 2417 3553 2469 Pha—

1984 2545 2103 2591 rao,
2144 2538 2199 2583 et
2248 2526 2427 2582 omnis
2466 2523 2752 2578 multitudo
2790 2518 2932 2589 ejus,
2987 2515 3118 2570 dicit
3158 2511 3421 2566 Dominus
3445 2506 3554 2562 Do-

1986 2620 2189 2672 minus.

2057 2712 2187 2778 Cap.
2221 2704 2458 2759 XXXIII.
2483 2733 2553 2743 —-
2577 2704 2627 2757 ι.
2656 2702 2722 2758 Ει
2747 2699 2949 2755 factum
2978 2703 3062 2753 est
3085 2693 3310 2750 verbum
3341 2687 3558 2743 Domini

1988 2801 2056 2855 ad
2085 2815 2191 2866 me,
2224 2799 2410 2854 dicens
2445 2814 2458 2850 :
2493 2795 2548 2848 2.
2582 2793 2681 2848 Fili
2739 2791 2998 2854 hominis,
3053 2789 3276 2857 loquere
3309 2782 3435 2836 filiis
3465 2794 3561 2849 po-

1987 2892 2098 2964 puli
2127 2893 2223 2955 tui,
2274 2899 2328 2944 et
2359 2888 2508 2943 dices
2556 2886 2622 2940 ad
2663 2899 2758 2939 eos
2788 2902 2801 2938 :
2833 2881 3020 2943 Terra,
3070 2893 3233 2948 super
3274 2888 3437 2945 quam
3472 2872 3560 2925 in-

1988 2986 2197 3040 duxere
2230 2981 2492 3053 gladium,
2539 2986 2593 3034 et
2632 2974 2890 3032 sumserit
2945 2971 3177 3042 populus
3229 2967 3350 3036 ejus
3402 2971 3562 3018 terra;

1989 3076 2262 3130 hominem
2295 3088 2462 3127 unum
2493 3071 2566 3142 (ι)
2594 3086 2658 3125 ex
2694 3069 2796 3132 eis,
2828 3074 2884 3122 et
2919 3063 3169 3119 dederint
3201 3074 3326 3114 eum
3361 3057 3464 3113 sibi
3505 3055 3561 3108 in

1990 3168 2408 3238 speculatorem,
2433 3166 2488 3219 5.
2514 3173 2567 3219 et
2595 3161 2788 3217 viderit
2807 3158 3044 3229 gladium
3065 3153 3368 3208 venientem
3396 3162 3562 3217 super

1987 3270 2208 3324 terram,
2247 3266 2301 3312 et
2342 3255 2608 3312 clauserit
2653 3253 2803 3318 tuba,
2843 3259 2898 3305 et
2926 3244 3314 3318 signiﬁcaverit
3338 3239 3560 3312 populo,

1986 3351 2041 3404 ιι.
2073 3361 2126 3404 et
2153 3347 2422 3402 audiverit
2459 3343 2691 3398 audiens
2719 3356 2907 3396 vocem
2940 3338 3106 3401 tubae,
3132 3343 3186 3388 et
3224 3348 3336 3388 non
3377 3343 3436 3386 se
3469 3345 3564 3383 cu-

1989 3440 2293 3503 stodiverit,
2321 3446 2375 3492 et
2405 3435 2614 3492 venerit
2657 3448 2822 3502 super
2854 3445 2979 3486 eum
3005 3425 3241 3498 gladius,
3279 3432 3334 3478 et
3372 3435 3564 3491 appre-

1989 3529 2238 3585 henderit
2267 3542 2418 3593 eum,
2454 3524 2679 3595 sanguis
2707 3522 2825 3592 ejus
2851 3534 3015 3589 super
3035 3525 3198 3586 caput
3228 3514 3400 3584 ipsius
3429 3509 3561 3575 erit;

1989 3621 2044 3676 5.
2072 3621 2202 3692 quia
2223 3635 2407 3676 vocem
2441 3619 2585 3673 tubae
2620 3631 2743 3670 cum
2773 3613 2999 3676 audivit,
3021 3625 3128 3664 nou
3161 3623 3219 3663 se
3247 3602 3560 3665 custodivit,

1991 3711 2213 3782 sanguis
2235 3710 2355 3780 ejus
2383 3723 2546 3778 super
2573 3721 2696 3761 eum
2735 3703 2838 3757 erit
2874 3719 2887 3755 :
2920 3711 2974 3755 et
3005 3699 3112 3761 hic,
3140 3695 3268 3766 quia
3295 3707 3353 3748 se
3380 3699 3565 3782 custos

1990 3781 2148 3868 divit,
2189 3803 2426 3856 animam
2460 3813 2613 3853 suam
2659 3793 2928 3850 liberavit.
2967 3792 3021 3844 6.
3065 3789 3130 3842 Et
3173 3784 3485 3856 speculator
3518 3781 3564 3834 si

1991 3895 2186 3950 viderit
2215 3892 2452 3965 gladium
2481 3888 2807 3948 venientem,
2837 3892 2892 3938 et
2925 3897 3031 3936 non
3060 3874 3446 3948 signiﬁcaverit
3473 3886 3567 3965 per

1995 3988 2200 4051 tubam,
2224 3963 2286 4039 et
2316 3983 2544 4052 populus
2568 3994 2676 4033 non
2700 3992 2759 4031 se
2777 3972 3153 4035 custodiverit,
3181 3979 3235 4023 et
3261 3981 3384 4022 cum
3420 3963 3567 4016 venit

1993 4082 2224 4155 gladius,
2257 4079 2442 4134 tulerit
2480 4091 2546 4130 ex
2580 4073 2660 4127 eis
2692 4073 2953 4132 animam,
2983 4066 3075 4120 illa
3109 4069 3330 4133 propter
3363 4056 3567 4126 iniqui-

1995 4183 2158 4232 tatem
2189 4186 2344 4227 suam
2372 4174 2530 4237 capta
2560 4172 2668 4229 est,
2711 4172 2767 4217 et
2805 4159 3127 4228 sanguinem
3176 4169 3206 4209 e
3244 4165 3409 4206 manu
3453 4162 3570 4217 spe-

1995 4261 2258 4319 culatoris
2288 4257 2587 4330 requiram.
2618 4255 2668 4308 7.
2708 4253 2776 4306 Et
2801 4262 2878 4317 tu,
2910 4250 2984 4304 fili
3019 4244 3275 4308 hominis,
3321 4239 3569 4312 speeula—
3610 4289 3612 4292 ,

1997 4366 2170 4411 torem
2197 4351 2322 4408 dedi
2351 4362 2403 4406 te
2424 4346 2612 4403 domui
2649 4344 2889 4410 lsraelis,
2919 4349 2976 4396 et
3002 4337 3189 4393 audies
3229 4348 3294 4390 ex
3328 4347 3422 4388 ore
3448 4345 3570 4384 meo

1997 4447 2244 4509 verbum,
2279 4446 2347 4512 )s(
2375 4451 2430 4498 et
2467 4439 2745 4498 cuStodies
2783 4450 2880 4493 eos
2919 4449 2950 4488 a
2991 4447 3077 4486 me
3118 4431 3165 4498 1.
3195 4429 3249 4483 8.
3281 4426 3417 4481 Cum
3449 4421 3572 4476 dico

326 4556 407 4602 tes
435 4546 662 4617 glsdio1
691 4520 786 4616 qui
811 4520 1085 4602 dederunt
1103 4546 1349 4601 timorem
1384 4560 1544 4602 suum
1567 4559 1728 4614 super
1753 4554 1894 4599 terra
1929 4573 1972 4627 ο
2002 4537 2272 4608 peccatori
2306 4555 2318 4590 :
2351 4538 2417 4604 χ(
2457 4533 2716 4588 Peecator
2744 4530 2801 4599 1,
2842 4535 3020 4627 morte
3065 4520 3434 4627 morieri8.fl

328 4637 471 4695 vitat.
500 4637 593 4692 9-4.
621 4637 698 4691 lbi
738 4636 942 4704 Edam,
973 4646 1027 4691 et
1057 4637 1238 4692 omnis
1286 4636 1547 4692 fortitudo
1593 4637 1713 4706 ejus
1749 4637 1895 4692 circa

329 4728 640 4797 sepulcrum
675 4727 794 4797 ejus
829 4747 842 4782 :
874 4742 1066 4784 omnes
1089 4728 1278 4794 occisi,
1317 4729 1412 4798 qui
1444 4727 1895 4797 cecideruntgla-

329 4819 440 4885 dio,
473 4829 529 4875 et
551 4821 645 4890 qui
683 4819 1022 4876 descendunt
1054 4835 1163 4874 non
1221 4818 1531 4875 circumcisi
1566 4818 1623 4872 in
1670 4818 1898 4888 profun-

331 4911 454 4968 dum
484 4922 664 4977 terrae,
693 4913 786 4982 qui
809 4911 1076 4967 dederunt
1097 4912 1345 4970 timorem
1373 4926 1534 4967 suum
1562 4923 1728 4980 super
1750 4919 1896 4965 terra

332 5005 472 5069 vitae,
509 5011 568 5059 et
595 5012 926 5074 acceperunt
959 5011 1290 5058 tormentum
1321 5017 1480 5058 suum
1525 5017 1651 5056 cum
1683 5001 1774 5066 iis,
1809 4999 1904 5070 qui

333 5095 665 5152 descendunt
721 5095 782 5148 in.
833 5094 1044 5149 foveam
1084 5093 1177 5148 25.
1219 5092 1274 5147 in
1329 5091 1511 5148 medio
1573 5092 1902 5147 occisorum.

332 5187 416 5243 26.
452 5185 530 5243 lbi
553 5187 665 5242 dati
684 5185 1082 5250 suntMosoch,
1113 5195 1169 5241 et
1199 5183 1431 5249 Tbobel,
1467 5192 1522 5240 et
1552 5197 1713 5238 omne
1741 5182 1906 5236 robur

333 5279 447 5349 ejus
463 5279 610 5335 circa
639 5279 950 5349 sepulcrum
975 5277 1118 5348 ejus,
1148 5291 1344 5334 omnes
1361 5276 1531 5332 occisi
1549 5275 1688 5345 ejus,
1715 5287 1907 5329 omnes

404 5439 478 5508 (ἡ)
519 5439 608 5500 S.,
658 5447 714 5493 et
759 5446 1072 5508 stupescere
1116 5437 1310 5492 faciam
1362 5443 1689 5508 propter'te
1749 5446 1936 5508 gentes
1989 5437 2211 5491 multas.

340 5509 734 5564 inhorrescent.

339 5593 516 5632 suam.
627 5579 702 5649 (li)
732 5577 813 5644 S.,
847 5577 1015 5649 itaut
1054 5595 1162 5633 non
1211 5579 1512 5648 perturbet.

340 5649 603 5720 prolonga
643 5648 786 5720 eam,
825 5657 881 5720 et
918 5648 1056 5720 tilias

341 5719 485 5788 circa
513 5718 760 5788 sepulcra
791 5719 929 5787 ejus.
1011 5718 1076 5788 (ι)

346 5789 420 5857 (ν)
449 5787 529 5854 8.,
564 5787 689 5844 eum
717 5790 841 5846 victi
876 5799 1001 5844 sunt
1036 5805 1064 5844 a
1089 5790 1282 5848 robore
1300 5787 1432 5848 ’suo.

2003 4634 2218 4686 locutus
2249 4627 2440 4692 fueris,
2474 4633 2535 4680 ut
2584 4639 2646 4679 se
2682 4619 2956 4678 custodiat
3007 4615 3209 4684 impius
3255 4625 3286 4665 a
3323 4609 3410 4662 via
3453 4619 3570 4669 sus,

2002 4725 2094 4780 ille
2133 4723 2356 4794 iniquus
2384 4721 2438 4776 in
2471 4719 2758 4789 iniquitate
2789 4727 2888 4770 sua
2919 4709 3216 4772 morietur;
3252 4702 3574 4773 sanguinem

2005 4823 2182 4870 autem
2203 4814 2322 4884 ejus
2348 4827 2379 4867 e
2401 4826 2565 4865 manu
2599 4818 2688 4864 tua
2716 4808 3016 4875 requiram.
3045 4802 3195 4858 9.1‘u
3213 4813 3340 4852 vero
3367 4795 3410 4850 si
3440 4799 3576 4861 prte-

2006 4905 2220 4962 veneris
2272 4901 2676 4958 aununtiaveris
2741 4899 2910 4969 impio
2957 4898 3100 4951 viam
3164 4905 3343 4954 suam,
3396 4897 3454 4940 ut
3517 4897 3578 4938 se

2001 5004 2212 5053 avertat
2256 4995 2325 5049 ab
2363 5010 2446 5061 ea,
2491 5001 2548 5049 et
2602 5007 2708 5046 non
2743 5005 2803 5046 se
2859 4987 3117 5043 averterit
3146 4999 3176 5038 a
3206 4982 3292 5035 via
3326 4995 3446 5042 sua,
3488 4975 3580 5029 hic

2004 5090 2278 5160 impietate
2310 5103 2407 5143 sua
2441 5086 2726 5148 morietur,
2765 5091 2820 5138 et
2867 5093 2924 5138 tu
2969 5080 3209 5134 animam
3257 5082 3405 5127 tuam
3440 5070 3580 5123 libe-

2003 5181 2155 5236 rasti.
2190 5180 2276 5234 l0.
2314 5180 2382 5234 Et
2421 5187 2500 5246 tu,
2541 5179 2612 5232 fili
2647 5174 2906 5240 hominis,
2954 5173 3041 5227 dic
3087 5168 3277 5226 domui
3323 5163 3575 5219 lsraelis:

2006 5273 2097 5329 Sic
2121 5273 2285 5328 locuti
2325 5273 2478 5336 estis,
2506 5271 2750 5326 dicentes
2776 5285 2789 5323 :
2813 5267 3040 5322 Errores
3078 5263 3272 5329 nostri,
3299 5269 3352 5316 et
3377 5254 3580 5326 iniqui-

2322 5435 2395 5506 (ο)
2440 5434 2523 5498 S.,
2564 5451 2621 5490 se
2663 5433 2835 5503 eriget
2885 5430 3116 5506 capillus
3175 5440 3423 5504 eorum.
3454 5421 3582 5479 Th...

837 5494 911 5580 (ᾖ)
968 5506 1052 5572 S.,
1093 5519 1149 5562 et
1199 5494 1586 5580 obstupeseent
1623 5494 1841 5580 propier
1862 5509 2205 5580 _lt:ee,uquae
2244 5494 2428 5580 subito
2459 5494 2617 5580 _tient,
2659 5494 3040 5580 unusquisque
3086 5494 3579 5580 propter'ttnimatu

849 5566 922 5632 ita
957 5589 1015 5630 ut
1039 5566 1162 5633 'non
1211 5566 1512 5648 perturbet.
1615 5566 1683 5648 (ν)
1724 5566 1814 5642 ’8η
1860 5576 1980 5643 ΤΙι.,
2015 5566 2404 5648 dic-canticum
2441 5577 2509 5630 de
2562 5566 3267 5648 niultitud_iue_2Egypti,et
3313 5566 3584 5647 inclinans

1143 5649 1349 5704 entium
1386 5649 1637 5704 discerne
1683 5649 1735 5702 in
1778 5657 2030 5702 turmam.

1155 5759 1191 5791 .,
1220 5728 1273 5775 et
1300 5727 1566 5791 ponentur
1581 5718 1742 5791 gladii
1771 5734 1958 5773 eorum
1987 5719 2087 5772 sub
2115 5717 2380 5786 capitibus
2416 5732 2622 5774 eorum.

1512 5791 1584 5860 (τι)
1626 5788 1742 5855 Tia,
1775 5805 1802 5844 a
1835 5798 1982 5860 parte
2011 5805 2219 5846 eorum.

2136 5647 2202 5716 (δ)
2247 5645 2327 5710 S.,
2366 5647 2504 5700 facta
2564 5655 2648 5700 est
2679 5642 2965 5716 multitudo
2996 5638 3115 5712 ejus
3151 5638 3582 5716 uniuscujusque

2701 5716 2777 5786 (τί)
2810 5713 2925 5770 υδιί
2959 5703 3104 5769 δυῖιῑι
3190 5709 3265 5780 (π)
3295 5703 3579 5775 8.,ἰιιιςιῂ
