4122 6320
508 325 646 380 2739

1599 302 1821 382 cooux
1866 293 2660 357 SVRIACO-HEXAPLARIS.

3627 291 3696 343 27
3711 293 3771 345 in

510 425 651 472 tates
710 426 913 474 nostra
948 430 1113 489 super
1170 433 1271 474 nos
1318 428 1465 485 sunt,
1501 420 1636 474 etin
1674 421 1753 475 eis
1784 435 1888 475 nos
1919 419 2092 486 liqoe-
2122 417 2312 472 Aram
2349 418 2620 472 desertam
2656 421 2707 468 et
2752 411 3073 473 desolatam,
3121 406 3212 479 (ιιι)
3249 414 3304 461 et
3333 403 3528 475 peribit
3577 416 3774 459 contu»

508 507 736 574 scimus,
773 519 828 564 et
866 509 1141 579 quomodo
1189 509 1474 566 vivemus?
1522 509 1606 564 ll.
1650 511 1737 564 die
1787 511 1867 566 eis
1905 531 1918 565 :
1954 511 2093 564 Vivo

508 614 632 669 ego,
661 599 1019 658 dicitAdonai
1053 601 1336 674 Dominus,
1373 616 1480 656 non
1505 599 1628 654 volo
1654 610 1883 655 mortem
1913 601 2088 671 impii,

510 691 655 746 sicut
682 691 835 756 illud,
863 701 923 746 ut
952 708 1011 748 se
1038 700 1251 747 avertat
1277 677 1476 760 impius
1504 708 1533 745 a
1565 690 1649 744 via
1683 706 1807 758 sua,
1827 701 1882 746 et
1907 691 2051 747 vivat
2077 711 2090 747 :

511 787 830 842 revertendo
883 785 1222 841 revertimini
1263 800 1291 837 a
1336 785 1422 838 via
1469 792 1645 838 vestra
1692 787 1759 852 Χ
1807 784 1948 839 mala
1991 804 2003 838 :
2043 795 2097 840 et

512 894 682 948 quare
715 877 1024 933 moriemini
1070 880 1126 947 1,
1154 878 1350 933 domus
1403 875 1660 932 lsraelis?
1691 875 1774 930 l2.
1809 877 1876 944 Χ
1915 875 1978 930 Ει
2014 885 2094 944 ιιι,

513 968 590 1022 liii
631 966 869 1023 hominis
917 969 976 1036 1,
1010 967 1098 1023 die
1155 965 1223 1021 ad
1275 965 1418 1020 filios
1466 962 1650 1034 populi
1702 962 1782 1020 tui
1823 982 1836 1018 :
1876 961 2095 1018 Justitia

508 1060 645 1129 justi
685 1075 791 1114 non
823 1060 1074 1125 liberabit
1127 1073 1253 1114 eum
1301 1058 1355 1112 in
1390 1057 1502 1122 die,
1545 1074 1655 1130 quo
1680 1056 1945 1113 erraverit
1983 1073 1996 1108 :
2045 1063 2100 1110 et

518 1153 782 1220 iniquitas
821 1150 898 1223 (a)
931 1150 1106 1222 iniqui
1147 1165 1256 1204 non
1295 1149 1371 1220 (b)
1409 1150 1714 1218 nocebitei
1751 1149 1803 1203 in
1844 1149 1954 1210 die,
1988 1161 2099 1217 quo

519 1259 579 1298 se
604 1242 933 1298 converterit
962 1242 1032 1296 ab
1066 1241 1355 1312 iniquitate
1383 1256 1482 1296 sua
1515 1260 1527 1296 :
1558 1251 1612 1295 et
1636 1241 1817 1310 justus
1853 1254 1962 1294 non
1997 1252 2096 1307 po-

522 1334 650 1389 terit
691 1333 760 1405 (c)
798 1333 994 1387 salvari
1033 1335 1101 1400 Χ
1153 1332 1207 1386 in
1257 1332 1344 1386 die
1395 1332 1604 1401 peccati
1645 1331 1729 1386 sui
1753 1333 1801 1401 1.
1837 1330 1921 1384 15.
1964 1328 2099 1383 Cum

519 1427 707 1480 dixero
740 1424 924 1493 justo,
958 1424 1076 1479 Vita
1138 1423 1315 1488 vives,
1360 1433 1415 1478 et
1466 1423 1557 1477 hic
1605 1421 1885 1478 confidens
1939 1434 2102 1488 super

516 1519 733 1590 justitia
783 1533 903 1582 sua,
947 1527 1001 1572 et
1030 1515 1222 1571 fecerit
1267 1517 1633 1586 iniquitatem,
1658 1529 1848 1569 omnes
1873 1513 2102 1582 iustitiae

521 1610 643 1680 ejus
680 1625 787 1680 non
847 1610 1322 1674 memorabuntur,
1364 1609 1418 1664 in
1472 1609 1738 1678 injustitia
1782 1623 1903 1670 sua,
1936 1621 2100 1676 quam

524 1703 674 1769 fecit,
707 1702 762 1756 in
799 1717 863 1758 ea
905 1702 1190 1773 morietur.
1239 1702 1327 1756 Μ.
1382 1699 1448 1756 Et
1489 1717 1613 1757 cum
1665 1701 1857 1756 dixero
1914 1700 2101 1771 impio,

523 1793 697 1849 Morte
739 1794 1024 1861 morieris,
1050 1805 1102 1850 et
1147 1810 1207 1850 se
1252 1785 1508 1849 averterit
1551 1809 1582 1847 a
1630 1802 1852 1862 peccato
1898 1808 2018 1856 suo,
2051 1801 2106 1846 et

523 1886 1019 1954 feceritjudicium.
1042 1895 1096 1942 et
1115 1886 1409 1957 justitiam,
1436 1886 1522 1939 15.
1545 1894 1597 1939 et
1613 1885 1810 1955 pignus
1837 1883 2103 1939 debitoris

526 1978 849 2044 reddiderit,
899 1987 955 2033 et
1007 1979 1257 2049 rapinam
1310 1975 1652 2046 rependerit,
1709 1975 1763 2029 in
1819 1973 2106 2044 praeceptis

526 2071 652 2124 vita:
688 2069 1074 2139 ambulaverit,
1112 2080 1171 2123 ut
1195 2083 1264 2122 ne
1299 2066 1462 2123 faciat
1489 2066 1772 2134 injustttm,
1802 2065 1910 2118 vita
1943 2065 2104 2128 vivet,

526 2171 584 2216 et
605 2175 712 2216 non
750 2163 1032 2216 morietur.
1071 2163 1156 2216 16.
1190 2159 1382 2214 Omnia
1410 2155 1798 2237 peceata‘ejus,
1829 2171 1951 2224 qua:
1985 2171 2111 2226 pec-

527 2253 693 2318 cavit,
729 2269 836 2308 non
879 2253 1332 2308 memorabuntur
1365 2255 1429 2319 Χ
1452 2250 1500 2306 ei
1529 2252 1585 2321 1:
1617 2249 1742 2319 quia
1762 2250 2030 2319 judicium
2058 2258 2112 2305 et

525 2343 797 2412 justitiam
832 2343 980 2407 fecit,
1015 2344 1068 2398 in
1093 2344 1175 2399 eis
1205 2344 1366 2398 vivet.
1390 2343 1474 2397 l7.
1499 2343 1566 2397 Et
1588 2344 1772 2399 dicent
1801 2343 1894 2397 filii
1928 2342 2110 2413 populi

530 2436 610 2490 tui
637 2454 650 2491 :
679 2437 759 2507 (ά)
783 2435 902 2490 Νοιι
929 2445 1072 2492 recta
1106 2435 1188 2490 via
1211 2434 1426 2489 Domini
1456 2452 1470 2489 :
1503 2445 1558 2489 et
1580 2435 1695 2490 haec
1723 2436 1804 2488 via
1831 2449 2021 2489 eorum
2043 2433 2112 2503 (ε)

535 2539 642 2581 ηοιι
673 2534 840 2580 recta.
865 2529 933 2593 Χ
962 2526 1160 2580 Audite
1199 2537 1405 2589 autem,
1455 2525 1654 2580 domus
1689 2524 1904 2592 Israelis
1936 2543 1950 2578 :
1984 2538 2114 2576 num

534 2616 622 2669 via
646 2629 765 2670 mea
796 2629 904 2669 non
929 2625 1074 2669 recta
1092 2629 1199 2667 non
1231 2614 1372 2668 fuit?
1395 2613 1496 2668 viae
1521 2624 1714 2669 vestrae
1747 2630 1852 2668 non
1884 2622 2046 2668 rectae
2066 2614 2114 2682 1.

541 2705 628 2761 18.
656 2705 794 2760 Cum
831 2720 892 2760 se
936 2705 1192 2760 averterit
1242 2705 1428 2775 justus
1465 2721 1495 2760 a
1531 2706 1744 2775 justitia
1791 2721 1912 2767 sua,
1952 2714 2005 2760 et
2042 2704 2117 2758 fe-

541 2797 680 2855 cerit
705 2795 770 2867 (f)
801 2797 1136 2867 iniquitates,
1159 2805 1213 2851 et
1253 2797 1518 2852 morietur
1551 2798 1604 2851 in
1640 2797 1740 2853 eis.
1772 2799 1857 2854 l9.
1895 2797 1960 2852 Et
1994 2813 2117 2851 cum

541 2903 600 2942 se
628 2886 888 2940 averterit
918 2885 993 2956 (g)
1027 2895 1282 2954 peccator
1303 2887 1372 2940 ab
1395 2886 1684 2957 iniquitate
1702 2901 1824 2949 sua,
1854 2896 1907 2940 et
1932 2886 2122 2942 fecerit

538 2969 893 3044 judicium‘et
922 2965 1220 3047 justitiam,
1248 2977 1302 3030 in
1338 2978 1420 3032 eis
1455 2977 1570 3048 ipse
1608 2977 1769 3032 vivet.
1794 2978 1882 3050 20.
1923 2978 1986 3033 Et
2020 2979 2122 3032 hoc

2197 509 2358 563 melia
2380 507 2595 562 roboris
2637 505 2778 575 ejus,
2807 511 2861 558 et
2886 501 3245 557 vastabantur
3288 507 3501 552 montes
3535 495 3779 555 Israelis.

2198 610 2421 668 propter
2447 597 2498 652 id
2523 597 2669 667 quod
2704 610 2811 650 non
2842 594 2931 656 sit,
2978 592 3073 659 qui
3107 589 3347 645 ambulet
3373 589 3426 642 in
3454 588 3556 642 eis.
3590 585 3682 642 29.
3717 585 3784 641 Et

2198 688 2394 755 scient,
2429 688 2558 758 quia
2597 703 2699 760 ego
2738 701 2858 742 sum
2895 683 3201 738 Dominus:
3245 690 3300 736 et
3347 680 3544 736 faciam
3578 688 3782 735 terram

2199 796 2391 836 eorum
2423 779 2716 844 desertam,
2744 785 2799 833 et
2827 776 3130 830 vastabitur
3159 782 3601 844 propteromnes
3647 771 3788 826 abo-

2201 870 2530 926 minationes
2551 884 2762 933 eorum,
2795 883 2934 937 quas
2964 865 3225 920 fecerunt.
3251 864 3342 918 50.
3373 862 3438 917 Ει
3462 872 3539 928 ιιι,
3567 862 3642 916 fili
3685 861 3790 916 ho—

2201 963 2388 1028 minis,
2421 963 2515 1016 filii
2548 961 2734 1032 populi
2772 961 2849 1015 tui
2877 960 3163 1029 loquentes
3199 958 3266 1011 de
3301 964 3352 1011 te
3375 955 3534 1025 juxta
3567 967 3783 1014 muros.

2200 1061 2253 1108 et
2288 1054 2342 1108 in
2392 1052 2674 1107 liminibus
2713 1052 3034 1121 domorum,
3079 1058 3143 1120 et
3181 1051 3480 1116 loquuntur
3538 1062 3682 1102 unus
3717 1047 3788 1114 Χ

2203 1161 2328 1201 cum
2353 1161 2465 1200 uno
2491 1146 2514 1215 1
2553 1145 2718 1199 homo
2749 1141 2901 1198 fratri
2932 1141 3008 1213 (ιι)
3039 1155 3250 1206 eorum,
3274 1140 3518 1194 dicentes
3556 1158 3569 1192 :
3607 1139 3788 1193 Acce-

2205 1239 2422 1301 damus,
2449 1247 2503 1292 et
2533 1236 2822 1290 audiamus
2854 1237 2921 1303 Χ
2957 1233 3120 1287 verba
3162 1233 3184 1301 1
3217 1246 3340 1301 quae
3369 1229 3728 1300 egrediuntur
3753 1245 3784 1284 a

2205 1329 2460 1385 Domino.
2497 1329 2585 1383 51.
2618 1326 2685 1382 Et
2713 1327 2936 1381 veniunt
2993 1325 3062 1379 ad
3112 1334 3184 1386 te,
3235 1323 3379 1379 sicut
3424 1323 3567 1377 venit
3620 1322 3788 1376 simul

2205 1420 2464 1492 populus,
2489 1429 2543 1474 et
2568 1420 2970 1474 sedenteontra
3008 1425 3060 1470 te
3092 1419 3159 1484 Χ
3198 1415 3432 1484 populus
3460 1429 3616 1469 meus
3651 1415 3699 1484 1.
3734 1424 3792 1470 et

2207 1514 2437 1570 audiunt
2465 1513 2629 1568 verba
2666 1521 2783 1578 tua,
2812 1522 2865 1568 et
2895 1527 2957 1566 ea
2977 1525 3085 1565 non
3111 1510 3337 1575 facient;
3365 1510 3440 1577 (ο)
3469 1508 3598 1578 quia
3628 1523 3787 1561 men-

2207 1608 2424 1663 dacium
2457 1608 2512 1662 in
2547 1621 2643 1662 ore
2675 1622 2866 1661 eorum
2900 1609 2968 1674 Χ
3001 1605 3076 1659 illi
3107 1604 3316 1659 faciunt
3347 1604 3395 1672 1,
3423 1614 3476 1657 et
3509 1611 3630 1672 post
3651 1601 3790 1656 abo-

2209 1703 2536 1758 minatioues
2555 1716 2746 1756 eorum
2793 1716 2886 1755 cor
2918 1714 3105 1753 eorum
3147 1701 3214 1766 Χ
3249 1696 3493 1751 ambulat
3528 1698 3576 1764 1.
3598 1695 3689 1751 '52.
3725 1693 3792 1750 Et

2213 1794 2289 1849 sis
2317 1793 2420 1863 eis,
2449 1792 2593 1848 sicut
2639 1808 2741 1846 vox
2779 1792 3225 1846 citharaasuavis
3263 1805 3421 1855 sono,
3469 1790 3608 1868 bene
3661 1803 3794 1844 con-

2212 1886 2408 1951 cinnae,
2436 1885 2732 1940 etaudient
2771 1885 2934 1940 verba
2970 1891 3084 1948 tua,
3125 1893 3177 1936 et
3214 1898 3321 1937 non
3379 1882 3577 1937 facient
3609 1896 3694 1948 ea,
3722 1884 3791 1950 Χ

2211 1979 2339 2049 quia
2373 1978 2716 2033 mendacium
2747 1977 2800 2031 in
2836 1991 2932 2031 ore
2957 1977 3207 2045 eorum1.
3249 1976 3337 2029 55.
3365 1974 3431 2028 Et
3461 1990 3585 2030 eum
3624 1989 3794 2029 vene-

2215 2070 2346 2136 rint,
2385 2083 2449 2124 -ι-
2491 2069 2672 2124 dicent
2707 2070 2754 2138 1,
2790 2082 2918 2122 ecce
2977 2067 3223 2133 veniunt,
3279 2075 3335 2122 et
3394 2066 3587 2130 scient,
3642 2062 3793 2134 quod

2214 2158 2477 2230 propheta
2515 2167 2634 2212 erat
2655 2157 2707 2211 iu
2737 2157 2914 2212 medio
2937 2171 3146 2211 corum.
3187 2213 3190 2215 Α
3252 2204 3257 2212 .

2290 2251 2422 2322 Cap.
2453 2247 2854 2305 XXXIV.—l.
2888 2248 2952 2302 Et
2978 2248 3182 2303 factum
3212 2256 3295 2303 est
3324 2247 3548 2302 verbum
3577 2245 3795 2300 Domini

2216 2348 2282 2402 ad
2334 2361 2442 2410 me,
2478 2345 2710 2400 dicens:
2752 2344 2808 2398 2.
2839 2343 2940 2396 Fili
2990 2341 3265 2405 hominis,
3321 2341 3583 2408 propheta
3628 2352 3799 2407 super

2217 2449 2465 2509 pastores
2507 2437 2744 2501 lsraelis,
2779 2435 3064 2504 preplieta,
3101 2442 3156 2489 et
3190 2434 3278 2488 dic
3325 2436 3390 2497 Χ
3432 2433 3510 2501 (ρ)
3541 2432 3608 2486 ad
3642 2444 3741 2484 eos
3771 2431 3794 2498 1

2220 2531 2566 2601 pastoribus:
2590 2527 2716 2584 Haec
2746 2529 2880 2585 dicit
2907 2528 3168 2583 Dominus
3196 2526 3462 2581 Dominus
3493 2544 3506 2580 :
3534 2523 3580 2580 Ο
3612 2533 3801 2594 pasto-

2220 2635 2310 2675 res
2340 2606 2578 2685 lsraelis,
2614 2635 2740 2673 num
2768 2618 2897 2688 quid
2916 2626 3147 2687 pascunt
3168 2625 3414 2686 pastores
3437 2615 3763 2684 semetipsos
3779 2614 3804 2666 ι

2222 2727 2405 2768 nonne
2437 2727 2565 2767 oves
2597 2718 2830 2782 pascunt
2861 2709 3148 2780 pastores?
3179 2709 3232 2764 5.
3278 2707 3417 2762 Ecce
3449 2708 3533 2762 lac
3561 2705 3802 2761 comedi-

2225 2804 2313 2871 tis,
2351 2813 2407 2859 et
2441 2804 2564 2858 lana
2585 2819 2682 2858 vos
2716 2803 2917 2869 legitis,
2947 2811 3003 2856 et
3021 2816 3270 2858 crassum
3305 2799 3574 2864 mactatis,
3598 2809 3649 2854 et
3671 2812 3804 2852 oves

2223 2909 2373 2949 meas
2414 2909 2522 2948 non
2556 2892 2822 2962 pascitis?
2859 2893 2912 2947 4.
2937 2892 3094 2958 Quod
3125 2891 3398 2946 infirmum
3432 2903 3542 2942 non
3581 2885 3805 2942 confor-

2218 2987 2406 3055 ltastis,
2435 2989 2500 3053 Χ
2527 2995 2582 3040 et
2602 2985 2746 3056 quod
2771 2994 3035 3055 :rgrotum
3077 2999 3184 3038 non
3219 2981 3456 3037 sanastis
3490 2981 3537 3050 1,
3568 2987 3624 3033 et
3654 2979 3802 3049 quod

542 3079 646 3135 est,
674 3067 820 3138 quod
859 3068 1077 3124 dixistis
1107 3086 1120 3122 :
1153 3068 1273 3123 Non
1308 3077 1454 3123 recta
1495 3069 1579 3123 via
1616 3067 1831 3124 Domini
1871 3089 1884 3124 :
1926 3086 2118 3124 unum-

2228 3077 2570 3134 confractum
2608 3093 2716 3132 non
2764 3076 3052 3148 alligastis,
3093 3084 3144 3140 et
3171 3073 3317 3145 quod
3333 3071 3562 3131 errabat
3583 3085 3688 3124 non
3720 3085 3807 3124 re-

542 3175 820 3231 quemque
851 3160 927 3231 (Ιι)
964 3162 1120 3230 juxta
1149 3163 1264 3215 vias
1312 3160 1715 3230 cjusjudicabo
1759 3177 1876 3226 vos,
1927 3162 2124 3217 domus

545 3253 780 3309 lsraelis.
816 3252 904 3307 2|.
954 3251 1018 3306 Et
1052 3252 1254 3306 factum
1285 3259 1369 3306 est
1411 3252 1466 3307 in
1510 3267 1656 3307 anno
1693 3253 1756 3323 (i)
1797 3253 2032 3319 decimo,
2068 3255 2122 3320 in

547 3360 733 3401 mense
783 3344 1129 3409 duodecimo,
1161 3345 1354 3414 quinto
1409 3345 1614 3400 mensis
1667 3345 1998 3414 captivitatis
2026 3360 2127 3400 no-

546 3447 696 3504 strae,
731 3439 878 3493 venit
902 3438 970 3492 ad
1003 3455 1108 3504 me,
1143 3440 1236 3508 qui
1272 3439 1515 3494 salvatus
1557 3438 1661 3505 fuit
1705 3439 1772 3492 de
1798 3437 2124 3504 Jerusalem,

545 3533 736 3585 dicens
764 3550 778 3584 ι
806 3529 1042 3584 Subacta
1086 3539 1172 3584 est
1225 3531 1377 3585 urbs.
1413 3531 1502 3584 22.
1551 3531 1619 3583 Et
1664 3545 1860 3584 manus
1911 3530 2128 3585 Domini

549 3623 689 3676 facta
717 3630 800 3675 est
829 3636 995 3689 super
1037 3635 1126 3673 me
1185 3635 1432 3688 vespere,
1481 3630 1770 3690 antequam
1816 3622 2042 3687 veniret,
2076 3631 2131 3677 et

549 3713 765 3783 aperuit
785 3727 850 3767 os
877 3727 1080 3777 meum,
1109 3710 1282 3766 donec
1305 3713 1452 3766 venit
1481 3712 1549 3767 ad
1584 3729 1669 3767 me
1699 3729 1862 3769 mane
1892 3733 1906 3768 :
1934 3725 2129 3769 etcum

547 3814 799 3871 apertum
828 3811 910 3858 est
954 3818 1018 3859 os
1060 3818 1264 3865 meum,
1306 3817 1414 3857 non
1461 3819 1520 3858 se
1554 3804 1825 3859 continuit
1871 3807 2128 3874 amplius.

550 3895 640 3950 23.
671 3893 736 3948 Et
770 3893 971 3968 factum
1022 3902 1107 3949 est
1139 3895 1367 3948 verbum
1403 3892 1618 3948 Domini
1661 3895 1727 3948 ad
1759 3911 1865 3961 me,
1904 3897 2128 3952 dicens:

549 3986 642 4041 24.
673 3985 1064 4050 Fili-hominis,
1091 3985 1187 4054 qui
1214 3983 1460 4038 habitant
1485 3984 1538 4037 in
1580 3971 1814 4038 desertis
1843 3987 1912 4052 Χ
1947 3984 2069 4039 istis
2105 3984 2128 4054 1

550 4097 715 4150 super
742 4088 887 4134 terra
911 4077 1147 4143 Israelis,
1178 4077 1370 4132 dicunt
1391 4079 1459 4144 Χ
1487 4075 1730 4131 dicentes
1751 4076 1774 4145 1
1799 4093 1810 4129 :
1835 4074 1988 4132 Unus
2017 4085 2136 4132 erat

551 4172 849 4237 Abraham,
881 4181 932 4225 et
953 4169 1346 4225 tenuitterram
1373 4186 1386 4223 :
1411 4177 1464 4222 et
1485 4183 1587 4223 nos
1608 4169 1763 4222 multi
1788 4183 1849 4224 -ι-
1874 4170 2133 4239 sumus1,

555 4266 717 4321 nobis
745 4265 872 4320 data
909 4274 993 4320 est
1037 4273 1184 4320 terra
1227 4264 1281 4318 in
1314 4263 1742 4333 possessionem.
1784 4262 1875 4317 ‘25.
1911 4263 2136 4334 PrOpter

555 4362 662 4415 hoc
683 4359 772 4415 die
795 4358 867 4430 (Ir)
898 4358 979 4414 eis
1012 4377 1026 4413 :
1072 4357 1199 4414 Haec
1251 4357 1384 4414 dicit
1407 4357 1675 4413 Dominus
1723 4357 1986 4413 Dominus
2017 4375 2032 4412 :
2065 4360 2134 4428 Χ

555 4451 733 4519 Super
754 4425 1021 4520 sanguine
1055 4447 1361 4514 comeditis,
1393 4447 1674 4514 etoeulos
1705 4455 1916 4502 vestros
1945 4425 2135 4503 tollitis

553 4543 622 4598 ad
658 4541 801 4598 idola
836 4551 1033 4607 vestra,
1069 4549 1124 4594 et
1149 4539 1473 4609 sanguinem
1509 4538 1788 4594 eﬂ‘unditis
1816 4547 1911 4593 :et
1933 4545 2134 4593 terram

553 4632 986 4690 hareditabitis?
1032 4630 1127 4685 26.
1169 4629 1410 4686 Stetistis
1454 4644 1619 4698 super
1669 4628 1866 4699 gladiis
1914 4629 2134 4695 vestris,

554 4725 765 4782 fecistis
792 4722 1248 4786 ahominationes,
1266 4731 1316 4776 et
1351 4720 1736 4791 unusquisque
1762 4734 1984 4774 uxorem
2007 4735 2138 4790 pro-

559 4817 692 4872 ximi
717 4819 802 4873 sui
835 4815 1111 4885 polluistis
1136 4832 1149 4870 :
1183 4825 1236 4878 et
1261 4821 1464 4868 terram
1491 4812 1919 4880 haereditabitis?
1937 4811 2027 4867 27.
2049 4812 2141 4867 Sic

556 4919 778 4980 propter
806 4909 913 4964 hoc
937 4909 1025 4964 die
1053 4908 1117 4978 (ι)
1145 4906 1214 4962 ad
1247 4920 1344 4961 eos
1381 4923 1395 4959 :
1429 4903 1554 4960 Hzec
1599 4904 1732 4959 dicit
1775 4905 1984 4960 Adonai
2027 4904 2135 4959 Do-

558 5000 828 5070 minus1:
864 5001 998 5056 Vivo
1028 5015 1149 5070 ego,
1189 4998 1297 5054 nisi
1349 4998 1440 5069 qui
1480 4997 1729 5052 habitant
1772 4996 1824 5050 in
1882 4995 2134 5062 desertis,

555 5094 736 5164 gladio
769 5094 987 5158 cadent,
1005 5101 1060 5147 et
1081 5093 1174 5163 qui
1210 5106 1377 5162 super
1407 5089 1546 5146 facie
1575 5089 1776 5157 campi,
1813 5089 2002 5145 bestiis
2022 5091 2138 5145 arvi

562 5190 835 5246 labuntur
869 5188 922 5242 in
949 5188 1154 5251 cibum,
1185 5194 1244 5242 et
1273 5200 1388 5249 eos,
1428 5183 1524 5253 qui
1563 5183 1618 5238 in
1655 5181 1902 5247 munitis,
1937 5189 1992 5236 et
2020 5197 2138 5249 eos,

557 5284 650 5353 qui
678 5284 731 5338 in
763 5281 1060 5353 speluncis,
1105 5288 1278 5336 morte
1311 5278 1584 5334 occidam.
1623 5275 1714 5331 28.
1758 5274 1824 5329 Et
1867 5275 2009 5330 dabo
2032 5283 2140 5330 ter-

631 5469 708 5538 (a)
739 5466 917 5537 impii.
995 5465 1072 5538 (li)
1099 5464 1320 5538 Occidet
1358 5479 1503 5538 cum.
1575 5457 1937 5538 _(c)-Vivcrc‘.u

563 5539 638 5609 l9)
666 5537 910 5609 Iniquus.
985 5537 1078 5609 (Ιι)
1099 5537 1270 5609 Sicut.

562 5598 637 5677 (ὃ)
670 5598 910 5677 8.,ἰιιιὶε
936 5598 1210 5677 canticum
1245 5598 1427 5677 inore
1462 5618 1673 5677 eorum.
1710 5600 2004 5677 _Th._.__quia
2031 5598 2317 5677 suaviter:
2365 5598 2469 5677 _(p)
2507 5598 2736 5677 Paflfgl'l!

561 5660 842 5749 perabatis
865 5660 971 5737 eis,
999 5675 1126 5728 dum
1158 5674 1211 5726 in
1242 5672 1455 5725 deliciis
1491 5673 1778 5749 vivcbatis.
1809 5660 1936 5749 γηῑ,
1968 5669 2112 5749 etlin
2147 5660 2411 5749 potestate
2453 5660 2787 5749 crudivistis.

2083 5459 2166 5519 8.,
2207 5471 2317 5511 non
2351 5454 2587 5509 firmata.
2640 5463 2751 5519 pte,_
2787 5445 2876 5506 A.,
2922 5440 3320 5519 nonstabilita.
3356 5437 3468 5519 __(f)

2225 3169 2482 3234 duxistis,
2527 3177 2581 3223 et
2617 3168 2766 3237 quod
2815 3167 3053 3238 perierat
3094 3181 3203 3221 non
3249 3163 3604 3235 quaesivistis,
3640 3163 3714 3232 (ιι)
3753 3169 3810 3215 et

2225 3261 2368 3332 quod
2400 3259 2542 3316 forte
2588 3259 2858 3332 fatigastis
2887 3261 2954 3328 Χ
2983 3275 3046 3314 ea
3081 3257 3334 3328 1labore.
3360 3256 3413 3311 5.
3446 3253 3510 3308 Et
3548 3255 3810 3324 dispersas

2227 3361 2354 3406 sunt
2399 3368 2532 3407 oves
2565 3368 2719 3419 meae,
2751 3353 2880 3423 quia
2917 3367 3024 3406 non
3064 3360 3192 3406 sunt
3237 3358 3508 3420 pastores,
3557 3356 3610 3402 et
3649 3345 3811 3400 factae

2229 3451 2360 3497 sunt
2390 3444 2445 3497 in
2491 3443 2672 3498 cibum
2722 3443 2975 3498 omnibus
3018 3440 3209 3497 bestiis
3243 3440 3362 3494 arvi
3409 3438 3504 3511 (r).
3552 3437 3604 3492 6.
3642 3436 3708 3507 (ε)
3742 3435 3812 3490 Et

2209 3535 2601 3592 disseminata:
2631 3545 2796 3603 sunt,
2824 3539 2891 3604 Χ
2914 3545 2969 3590 et
3005 3550 3111 3590 non
3145 3540 3415 3588 noverunt
3449 3531 3470 3599 1
3505 3546 3636 3586 oves
3673 3545 3812 3584 meae

2230 3624 2286 3678 in
2327 3629 2476 3686 omni
2502 3638 2723 3692 monte,
2747 3636 2802 3682 et
2827 3641 2993 3695 super
3038 3624 3256 3678 omnem
3284 3623 3478 3678 collem
3498 3616 3810 3684 excelsum,

2236 3732 2304 3799 Χ
2331 3737 2384 3782 et
2407 3739 2572 3794 super
2599 3719 2750 3776 omni
2781 3716 2924 3772 facie
2953 3726 3115 3772 terra:
3141 3717 3508 3771 disseminatae
3535 3724 3664 3767 sunt
3682 3725 3814 3765 oves

2232 3835 2368 3877 mea:
2403 3818 2453 3888 1,
2483 3824 2539 3872 et
2560 3829 2666 3869 non
2696 3819 2836 3875 erat,
2872 3809 2968 3878 qui
3021 3807 3345 3876 requireret,
3396 3817 3575 3872 neque
3601 3801 3694 3870 qui
3723 3815 3813 3854 re-

2232 3913 2475 3969 duceret.
2509 3911 2563 3962 7.
2604 3905 2831 3974 Propter
2870 3901 2994 3963 boc,
3027 3909 3291 3969 pastores,
3343 3896 3525 3951 audite
3560 3897 3627 3962 Χ
3658 3893 3749 3946 τὸν
3786 3893 3809 3960 1

2235 3999 2438 4075 (λόγον)
2471 3997 2697 4054 verbum
2724 3989 3031 4048 Domini.8.
3059 3987 3193 4043 Vivo
3217 4002 3337 4058 ego,
3366 3984 3576 4054 dieit(t)
3603 3983 3815 4075 Adonai

2237 4074 2522 4156 Dominus,
2556 4088 2661 4144 nisi
2696 4101 2794 4157 pro
2819 4100 2886 4140 eo
2911 4081 3058 4154 quod
3091 4080 3246 4135 factae
3276 4089 3400 4136 sunt
3434 4093 3566 4133 oves
3587 4091 3720 4131 meae
3760 4074 3814 4129 in

2235 4186 2582 4260 praedam,“
2607 4182 2762 4238 factae
2794 4186 2922 4234 sunt
2943 4191 3074 4231 oves
3103 4190 3235 4230 meae
3270 4175 3324 4228 in
3354 4173 3540 4235 cibum
3561 4170 3818 4226 omnibus

2235 4281 2432 4338 bestiis
2465 4276 2668 4348 campi,
2715 4289 2782 4329 eo
2831 4270 2976 4342 quod
3003 4285 3111 4324 non
3155 4276 3313 4323 erant
3357 4278 3621 4337 pastores,
3655 4263 3730 4333 (ιι)
3758 4273 3817 4317 et

2240 4391 2347 4430 non
2387 4370 2722 4444 quaesierunt
2758 4373 3013 4435 pastores
3055 4376 3187 4417 oves
3237 4375 3408 4424 meas,
3453 4367 3507 4413 et
3549 4363 3819 4428 paverunt

2240 4475 2491 4538 pastores
2544 4458 2894 4527 semetipsos,
2937 4469 3070 4509 oves
3120 4460 3301 4508 autem
3334 4465 3488 4505 meas
3525 4464 3630 4504 non
3662 4461 3818 4518 pave-

2240 4567 2402 4622 runt;
2437 4555 2494 4610 9.
2521 4555 2588 4621 Χ
2616 4564 2716 4619 pro
2762 4549 2889 4613 hoc,
2930 4554 3202 4617 pastores,
3236 4543 3423 4598 audite
3446 4542 3673 4598 verbum
3713 4538 3818 4593 Do-

2241 4649 2376 4706 mini
2405 4648 2429 4717 1
2466 4665 2480 4702 :
2511 4645 2600 4700 lo.
2631 4643 2746 4697 haec
2765 4641 2901 4706 dicit
2922 4637 3189 4693 Dominus
3221 4635 3486 4690 Dominus
3511 4651 3525 4688 :
3555 4632 3697 4689 Ecce
3717 4645 3820 4702 ego

2223 4757 2410 4812 super
2433 4747 2704 4810 pastores,
2729 4743 2784 4790 et
2808 4732 3086 4803 requiram
3125 4745 3257 4786 oves
3285 4743 3439 4783 meas
3471 4727 3541 4783 de
3567 4724 3823 4780 manibus

2243 4847 2461 4896 eorum,
2497 4839 2550 4885 et
2595 4835 2841 4882 avertam
2880 4839 2997 4889 cos,
3044 4837 3113 4876 ne
3146 4828 3376 4892 pascant
3405 4834 3539 4874 oves
3564 4829 3737 4880 meas,
3769 4824 3824 4869 et

2243 4940 2351 4980 non
2376 4930 2602 4994 pascent
2637 4934 2734 4974 eas
2760 4916 2996 4986 amplius
3013 4921 3263 4986 pastores
3297 4931 3311 4967 :
3337 4921 3392 4966 et
3421 4909 3664 4964 liberabo
3692 4920 3826 4961 oves

2242 5033 2396 5075 meas
2419 5032 2484 5072 ex
2516 5029 2613 5069 ore
2653 5027 2868 5076 eorum,
2900 5018 2955 5063 et
2988 5023 3096 5064 non
3121 5002 3285 5063 erunt
3308 5006 3388 5059 eis
3410 5006 3463 5057 in
3489 5003 3693 5057 cibum.
3734 4999 3821 5051 ll.

2243 5111 2382 5180 Quia
2410 5110 2524 5164 ham
2557 5106 2686 5162 dicit
2719 5099 2988 5158 Dominus
3021 5099 3286 5156 Dominus
3325 5095 3503 5151 :Ecce
3548 5097 3614 5162 Χ
3651 5093 3766 5162 ipse
3799 5092 3820 5158 1

2219 5219 2346 5276 ego
2381 5199 2657 5272 requiram
2685 5210 2817 5252 oves
2857 5207 3029 5260 meas,
3062 5200 3117 5248 et
3145 5189 3382 5245 visitabo
3407 5203 3522 5244 eas.
3550 5185 3638 5239 ιε.
3671 5183 3828 5237 Sicut

2245 5274 2441 5368 quaerit
2473 5299 2656 5363 pastor
2699 5301 2914 5358 gregem
2964 5299 3146 5347 suum,
3185 5282 3239 5337 in
3278 5280 3365 5335 die
3407 5277 3627 5350 quando
3664 5274 3828 5330 fuerit

3526 5436 3819 5491 Delictum.

1353 5506 1832 5602 Mma‘éc'me“
1852 5506 2053 5602 1M3
2081 5506 2484 5602 Eds-ﬁtilléis-
2505 5591 2545 5602 _
2565 5506 2678 5602 (τη)
2833 5524 2887 5569 ει
2936 5512 3135 5602 est"?
3184 5506 3821 5602 §E'P.‘%f‘2“':-..‘3‘).fl‘i§°

2951 5584 3024 5652 (‘1)
3063 5580 3145 5643 So.
3180 5590 3232 5634 el
3256 5577 3396 5652 :eum
3435 5585 3700 5652 potestate
3724 5577 3829 5652 im-

2395 5594 2469 5661 (p)
2505 5587 2841 5661 Pa'storibus.

2873 5655 2941 5723 (r)
2960 5645 3038 5707 'Et
3068 5649 3383 5707 volucribus
3412 5645 3556 5705 ctBli.
3637 5645 3706 5718 (ε)
3735 5645 3830 5712 8.,

563 5733 619 5807 ξι
655 5762 764 5804 non
821 5733 1112 5811 noverunt,
1136 5751 1188 5798 ct
1217 5751 1492 5797 errarunt.
1571 5743 1633 5810 (t)
1670 5739 1950 5797 Dominus.
2030 5738 2109 5806 (ιι)
2145 5734 2228 5805 S.,
2269 5751 2376 5791 non
2410 5733 2554 5789 enim
2595 5736 2948 5799 quasncrunt.
