4122 6320
557 290 697 347 2745

1653 289 1880 345 (ΣΟΟΕΧ
1916 289 2700 349 SYIllACO-IIEXAPLARIS.
2757 327 2769 341 .

3668 294 3811 351 2756

558 414 774 461 montes
820 402 1056 469 lsraelis,
1099 402 1281 456 audite
1328 400 1551 455 verbum
1608 402 1817 455 Adonai
1852 402 2067 456 Domini
2114 421 2125 454 :
2162 410 2206 463 A
2235 412 2288 458 et
2313 419 2378 458 ex
2420 413 2562 459 terra
2600 402 2721 473 ejus
2753 404 2958 474 egressi
3010 413 3160 459 sunt.
3205 403 3295 457 2|.
3340 404 3405 457 Et
3453 404 3669 473 peperci
3728 406 3811 460 eis

558 500 677 552 hac
707 496 840 550 dicit
877 494 1144 549 Dominus
1180 493 1443 548 Dominus
1469 493 1769 559 montibus,
1801 503 1855 547 et
1882 494 2134 559 collibus,

556 597 613 643 et
646 586 1004 651 torrentibus,
1037 594 1090 639 et
1118 585 1371 651 vallibus,
1409 594 1460 639 et
1487 584 1734 649 vastatis,
1771 597 1829 637 -ε-
1861 593 1914 637 et
1940 584 2136 653 depra-

554 680 698 736 vatis
735 681 784 751 1,
821 690 874 735 et
909 678 1134 733 urbibus
1178 677 1474 742 derelictis,
1524 692 1647 747 qua:
1695 675 1855 731 factae
1903 684 2032 730 sunt
2083 677 2137 732 in

556 771 943 842 direptionem,
977 778 1032 824 et
1063 768 1116 822 in
1160 766 1659 831 conculcationem,
1710 766 1987 837 gentibus,
2019 780 2139 835 qua:

554 860 759 917 relictae
812 870 941 916 sunt
982 876 1082 929 per
1139 859 1450 914 circuitum.
1503 858 1555 912 5.
1604 856 1831 929 Propter
1864 858 1968 912 hoc
2024 857 2139 912 haec

556 955 692 1010 dicit
724 953 985 1009 Dominus
1017 951 1285 1007 Dominus
1318 969 1331 1007 :
1374 950 1491 1006 Nisi
1519 951 1574 1005 in
1620 950 1747 1022 igne
1795 948 1997 1005 furoris
2032 950 2137 1005 mei

554 1047 776 1102 locutus
838 1061 961 1101 sum
1016 1060 1183 1114 super
1222 1044 1484 1115 reliquias
1538 1044 1807 1114 gentium,
1860 1052 1915 1099 et
1975 1059 2139 1114 super

555 1137 847 1193 ldumzeam
901 1152 1151 1202 omnem;
1200 1135 1327 1206 quia
1383 1136 1652 1192 dederunt
1711 1145 1914 1191 terram
1964 1151 2138 1190 meam

560 1229 921 1299 sibimetipsis
950 1228 1005 1282 in
1041 1228 1447 1299 possessionem
1479 1242 1604 1282 cum
1632 1227 1853 1297 gaudio,
1893 1227 1989 1298 (m)
2013 1241 2138 1282 cum

558 1329 971 1375 conternserunt
1010 1321 1318 1383 animas,ut
1343 1319 1827 1389 corrumperentin
1860 1320 2059 1389 praeda.
2084 1317 2138 1372 6.

556 1410 790 1481 Propter
826 1411 933 1465 hoc
964 1410 1227 1482 propheta
1258 1425 1423 1481 super
1464 1416 1667 1463 terram
1703 1407 1936 1475 lsraelis,
1972 1418 2027 1462 et
2053 1408 2141 1464 dic

559 1502 865 1566 montibus,
910 1512 965 1556 et
1010 1502 1263 1567 collibus,
1310 1509 1367 1557 et
1411 1500 1713 1565 valleculis,
1755 1509 1811 1555 et
1856 1501 2087 1556 vallibus
2123 1519 2136 1555 :

560 1590 690 1647 llaec
728 1592 860 1647 dicit
912 1591 1180 1647 Dominus
1216 1590 1486 1647 Dominus
1534 1610 1546 1644 :
1594 1592 1736 1646 Ecce
1784 1605 1885 1661 ego
1919 1592 1972 1644 in
2022 1592 2139 1645 zelo

560 1700 703 1747 meo,
739 1691 793 1737 et
828 1682 882 1737 in
922 1681 1109 1738 furore
1154 1698 1274 1738 meo
1325 1684 1538 1739 locutus
1573 1698 1716 1746 sum,
1746 1698 1846 1753 pro
1888 1698 1954 1737 eo
1991 1684 2137 1754 quod

558 1775 919 1845 opprobrium
973 1775 1214 1845 gentium
1274 1776 1639 1831 sustinuistis.
1690 1778 1742 1830 7.
1777 1773 2003 1845 Propter
2034 1778 2138 1832 hoc

559 1870 629 1936 ἓν(
669 1868 783 1922 haec
815 1866 949 1922 dicit
992 1868 1201 1921 Adonai
1240 1866 1505 1923 Dominus
1543 1870 1565 1939 ζ
1600 1887 1612 1923 :
1647 1885 1774 1925 ecce
1817 1885 1916 1941 ego
1946 1870 2137 1924 levabo

560 1974 786 2014 manum
817 1974 995 2014 meam
1027 1974 1188 2028 super
1218 1968 1433 2030 gentes,
1458 1976 1580 2030 quae
1608 1962 1754 2017 circa
1784 1978 1875 2017 vos
1901 1980 1914 2015 :
1943 1961 1995 2015 hi
2014 1976 2138 2016 con-

558 2059 789 2105 temtum
819 2067 978 2106 suum
1004 2051 1290 2122 accipient.
1318 2052 1371 2106 8.
1407 2051 1656 2107 Vestram
1686 2063 1891 2121 autem,
1921 2061 2136 2109 montes

560 2142 801 2208 lsraelis,
846 2142 923 2216 (η)
959 2158 1118 2198 uvam
1154 2142 1378 2209 dabitis,
1412 2153 1467 2199 et
1501 2144 1741 2201 fructum
1772 2155 2013 2201 vestrum
2045 2161 2136 2200 co-

558 2239 739 2294 medet
768 2237 1001 2308 papulus
1037 2251 1194 2292 meus
1225 2238 1292 2306 >ε<
1336 2236 1501 2292 Israel
1533 2238 1595 2306 1;
1640 2238 1768 2309 quia
1800 2246 2020 2307 sperant
2044 2252 2137 2292 ve-

558 2328 771 2385 nire.9.
800 2329 938 2395 Quia
966 2343 1095 2383 ecce
1125 2342 1225 2397 ego
1247 2343 1413 2399 super
1441 2344 1556 2395 vos,
1584 2338 1638 2385 et
1659 2331 1947 2399 respiciam
1976 2345 2139 2399 super

557 2437 678 2485 vos,
725 2428 781 2475 et
816 2420 1094 2488 colemini,
1129 2430 1182 2475 et
1218 2421 1475 2476 seremini
1506 2441 1520 2476 :
1552 2421 1640 2478 10.
1679 2432 1733 2476 et
1761 2422 2137 2491 multiplicabo

560 2527 728 2581 super
768 2526 865 2565 vos
895 2511 1169 2578 homines,
1205 2526 1424 2567 omnem
1459 2514 1679 2568 domum
1716 2513 1934 2569 lsraelis
1979 2516 2029 2568 in
2077 2514 2140 2567 fi-

560 2618 708 2667 nem,
737 2609 791 2657 et
815 2601 1209 2655 habitabuntur
1222 2604 1385 2659 urbes
1405 2613 1618 2672 vestrm,
1650 2615 1702 2659 et
1718 2621 1840 2674 qua:
1860 2605 2135 2671 desolatas,

562 2694 1003 2749 mdificabuntur.
1038 2695 1125 2748 11.
1156 2695 1222 2748 Et
1256 2696 1634 2766 multiplicabo
1666 2713 1830 2769 super
1854 2713 1950 2753 vos
1972 2699 2140 2752 homi-

558 2800 680 2850 nes,
721 2795 775 2839 et
806 2784 1077 2855 jumenta,
1111 2794 1165 2839 et
1204 2795 1472 2853 crescent,
1503 2791 1570 2856 Χ
1604 2800 1659 2843 et
1694 2767 2139 2858 multiplicabun-

2246 2880 2399 2949 ligni.
2434 2879 2509 2950 (q)
2550 2889 2607 2935 et
2653 2886 2950 2948 proventus
2981 2876 3118 2947 agri,
3148 2884 3208 2929 ut
3246 2889 3316 2929 ne
3349 2873 3576 2943 portatis
3603 2875 3672 2940 Ἀ(
3703 2887 3824 2926 am-

560 2888 651 2934 tur
684 2880 733 2951 :,
762 2890 816 2934 et
845 2879 1091 2934 habitare
1119 2878 1319 2934 faciam
1355 2895 1473 2943 vos,
1506 2880 1648 2936 sicut
1668 2881 1736 2935 ab
1754 2881 1909 2936 initio
1935 2890 2135 2948 vestro,

558 2980 615 3027 et
651 2971 788 3026 bene
825 2969 1021 3026 faciam
1054 2970 1233 3036 vobis,
1287 2970 1360 3041 (0)
1391 2970 1533 3027 sicut
1572 2972 1643 3026 ab
1673 2972 1901 3042 antiquo
1934 2982 2136 3041 vestro,

2165 3091 2208 3150 ο
2242 3062 2608 3119 eordabimini
2638 3061 2852 3117 viarum
2882 3070 3185 3116 vestrarum
3212 3059 3501 3124 malarum,
3532 3066 3588 3111 et
3615 3056 3823 3112 studio-

560 3072 616 3118 et
644 3062 852 3129 scietis,
878 3061 1024 3133 quod
1053 3077 1152 3133 ego
1177 3077 1299 3117 sum
1333 3063 1618 3118 Dominus.
1653 3064 1740 3117 12.
1776 3063 1840 3118 Et
1866 3064 2138 3134 generabo

559 3172 725 3227 super
749 3171 850 3210 vos
887 3156 1156 3221 homines,
1201 3156 1465 3227 populum
1529 3170 1710 3210 meum
1766 3154 2045 3222 lsraelem,
2083 3166 2139 3213 et

560 3247 964 3302 haereditabunt
992 3261 1110 3312 vos,
1152 3256 1207 3301 et
1236 3246 1389 3300 eritis
1417 3246 1497 3301 eis
1531 3245 1583 3299 in
1624 3246 2050 3317 possessionem,
2083 3254 2139 3302 et

558 3351 671 3391 non
707 3335 918 3391 addetis
965 3335 1201 3406 amplius
1236 3335 1420 3389 orbari
1464 3334 1534 3388 ab
1580 3335 1681 3390 eis.
1714 3336 1799 3390 15.
1843 3334 1970 3391 Ilaec
2008 3338 2138 3393 dicit

558 3424 822 3481 Dominus
851 3424 1117 3480 Dominus
1149 3444 1162 3479 :
1200 3424 1309 3479 Pro
1340 3440 1407 3479 eo
1436 3426 1580 3495 quod
1603 3425 1860 3480 dixerunt
1890 3427 1984 3481 tibi
2015 3444 2141 3498 gen-

564 3527 648 3570 tes
681 3533 695 3569 :
725 3516 1044 3571 Devoratrix
1068 3516 1356 3571 hominum
1385 3532 1445 3570 es
1474 3527 1550 3581 tu,
1569 3526 1623 3572 et
1648 3518 1782 3573 orba
1806 3535 1834 3573 a
1859 3531 2014 3591 gente
2042 3530 2137 3577 tua

561 3607 705 3659 facta
729 3621 820 3672 es;
854 3606 943 3659 H.
978 3606 1053 3675 (p)
1088 3615 1309 3675 prOpter
1342 3608 1444 3662 hoc
1483 3608 1733 3666 homines
1764 3626 1871 3664 non
1903 3614 2138 3683 amplius

561 3694 839 3759 comedes,
863 3701 918 3748 et
947 3710 1079 3765 gens
1111 3704 1200 3749 tua
1228 3711 1337 3749 non
1371 3698 1587 3753 orbabit
1612 3709 1664 3755 te
1700 3701 1938 3770 amplius
1967 3705 2055 3772 ᾖς,
2084 3714 2140 3759 et

561 3800 696 3856 gens
728 3793 821 3839 tua
868 3801 976 3839 non
1009 3785 1297 3841 orbabitur
1330 3788 1567 3857 amplius
1612 3791 1659 3860 ξ,
1687 3790 1821 3846 dicit
1874 3792 2136 3851 Dominus

564 3876 851 3931 Dominus.
886 3877 975 3932 15.
1020 3876 1085 3931 Et
1130 3892 1239 3932 non
1283 3879 1539 3934 audietur
1585 3882 1821 3952 amplius
1851 3900 2014 3954 super
2038 3903 2137 3944 vos

561 3974 875 4023 contemtus
903 3968 1169 4038 gentium,
1204 3978 1258 4023 ct
1285 3970 1640 4039 opprobrium
1672 3976 1996 4043 populorum
2026 3992 2135 4032 non

560 4058 929 4123 sustinebitis,
966 4061 1033 4126 Χ
1058 4068 1109 4112 et
1136 4060 1371 4128 populus
1402 4068 1532 4115 tuus
1562 4072 1670 4116 non
1696 4064 1983 4119 orbabitur
2020 4083 2137 4121 am-

561 4150 708 4219 plius
746 4150 794 4219 ζ,
831 4149 964 4205 dicit
994 4147 1254 4205 Dominus
1281 4149 1566 4207 Dominus.
1600 4153 1685 4207 16.
1715 4153 1781 4208 Ει
1816 4154 2016 4210 factum
2056 4167 2138 4212 est

560 4238 786 4291 verbum
826 4236 1040 4292 Domini
1083 4239 1150 4293 ad
1177 4254 1282 4305 me,
1314 4241 1544 4297 dicens:
1582 4243 1670 4297 17.
1722 4244 1822 4300 Fili
1874 4248 2134 4316 hominis,

562 4328 761 4382 domus
792 4326 1009 4383 lsraelis
1046 4329 1368 4383 habitarunt
1398 4346 1561 4399 super
1602 4341 1744 4387 terra
1770 4350 1892 4399 sua,
1921 4345 1975 4391 et
2004 4352 2135 4393 conu-

2238 506 2458 564 propter
2500 509 2700 550 nomen
2754 504 3002 550 sanctum
3055 510 3258 561 meum,
3312 496 3455 565 quod
3502 495 3814 565 polluerunt

2239 586 2435 640 domus
2488 586 2708 641 lsraelis
2759 587 2903 641 inter
2951 597 3179 657 gentes,
3235 602 3341 655 qua
3397 587 3628 655 ingressi
3682 598 3813 645 sunt

2240 674 2390 730 illuc.
2416 674 2506 728 22.
2537 678 2766 747 Propter
2796 677 2898 733 hoc
2928 678 3016 733 dic
3035 678 3221 734 domui
3244 676 3464 731 lsraelis
3495 694 3507 731 :
3534 676 3661 732 Hzec
3680 678 3816 734 dicit

2241 768 2504 824 Dominus
2554 769 2857 825 Dominus:
2900 769 3016 823 Non
3057 770 3213 825 vobis
3263 784 3365 839 ego
3411 768 3569 836 facio,
3618 769 3815 827 domus

2242 859 2480 925 lsraelis,
2516 860 2619 915 nisi
2651 867 2875 929 prepter
2903 874 3102 914 nomen
3136 868 3388 915 sanctum
3428 874 3631 924 meum,
3666 862 3816 930 quod

2243 952 2514 1021 polluistis
2540 951 2685 1006 inter
2712 960 2919 1022 gentes,
2969 965 3079 1021 quo
3111 951 3340 1021 ingressi
3364 950 3496 1005 estis
3541 951 3689 1006 illuc.
3720 950 3813 1005 23.

2244 1046 2309 1103 Et
2339 1045 2698 1101 sanctificabo
2736 1059 2935 1101 nomen
2967 1059 3147 1099 meum
3181 1059 3460 1113 magnum,
3496 1046 3642 1115 quod
3688 1061 3819 1116 pro-

2241 1137 2485 1193 fanatum
2517 1147 2601 1194 est
2643 1139 2785 1195 inter
2818 1148 3025 1209 gentes,
3054 1139 3199 1208 quod
3233 1139 3505 1207 polluistis
3535 1140 3590 1193 in
3632 1141 3818 1196 medio

2240 1241 2453 1292 earum,
2478 1240 2535 1285 et
2564 1230 2739 1284 scient
2758 1238 2967 1299 gentes,
2999 1229 3144 1298 quod
3172 1244 3274 1299 ego
3296 1244 3415 1283 sum
3444 1229 3728 1297 Dominus,
3748 1235 3819 1301 Χ

2242 1321 2375 1375 dicit
2409 1321 2620 1375 Adonai
2656 1321 2923 1376 Dominus
2950 1322 3000 1391 ζ,
3028 1335 3152 1376 cum
3178 1321 3555 1379 sanctificatus
3577 1322 3735 1378 fuero
3759 1325 3817 1377 in

2240 1412 2399 1467 vobis
2421 1421 2548 1467 ante
2568 1412 2761 1468 oculos
2793 1428 3007 1477 earum,
3043 1412 3134 1466 24.
3166 1422 3219 1467 et
3259 1414 3444 1467 tollam
3477 1428 3573 1469 vos
3597 1414 3663 1469 de
3686 1430 3819 1485 gen—

2246 1503 2411 1566 tibus,
2464 1512 2518 1557 et
2562 1504 2904 1574 congregaho
2941 1519 3040 1559 vos
3105 1520 3170 1559 ex
3223 1505 3480 1560 omnibus
3528 1507 3710 1573 terris,
3763 1518 3820 1562 et

2242 1595 2584 1650 introducam
2617 1612 2716 1651 vos
2746 1594 2799 1649 in
2819 1602 3020 1650 terram
3052 1595 3421 1661 vestram,25.
3455 1605 3510 1650 et
3530 1610 3818 1667 aspergam

2240 1702 2404 1755 super
2435 1702 2535 1743 vos
2606 1701 2804 1755 aquam
2857 1686 3138 1752 mundam,
3188 1694 3243 1740 et
3301 1686 3701 1740 mundabimini
3748 1687 3820 1741 ab

2243 1778 2499 1834 omnibus
2542 1777 2907 1833 immunditiis
2936 1778 3151 1843 vestris,
3180 1785 3235 1830 et
3279 1776 3347 1830 ab
3377 1777 3632 1832 onmibus
3658 1777 3819 1832 idolis

2243 1870 2442 1926 vestris
2472 1870 2746 1925 mundabo
2768 1886 2886 1925 vos.
2904 1868 2997 1924 26.
3027 1868 3094 1922 Et
3122 1868 3265 1923 dabo
3296 1868 3452 1923 vobis
3470 1882 3565 1922 cor
3592 1882 3815 1933 novum,

2242 1970 2298 2015 et
2342 1961 2595 2029 spiritum
2642 1976 2843 2015 novum
2873 1960 3016 2015 dabo
3044 1959 3099 2013 in
3128 1959 3305 2023 vobis,
3335 1966 3390 2013 et
3438 1959 3681 2013 auferam
3721 1973 3819 2013 cor

2243 2051 2516 2121 lapideum
2562 2051 2629 2107 de
2656 2066 2825 2106 carne
2865 2060 3069 2116 vestra,
3114 2060 3165 2104 et
3203 2049 3346 2103 dabo
3373 2049 3528 2104 vobis
3568 2064 3665 2104 cor
3695 2064 3824 2105 car-

2244 2159 2428 2209 neum,
2451 2143 2543 2197 27.
2565 2152 2620 2199 et
2652 2143 2904 2213 spiritum
2957 2156 3138 2197 meum
3171 2140 3311 2195 dabo
3342 2140 3396 2193 in
3440 2140 3617 2206 vobis,
3653 2150 3708 2195 et
3734 2140 3821 2195 fa-

2202 2218 2217 2234 ’
2243 2236 2406 2301 ciam,
2441 2235 2577 2290 utin
2604 2233 3094 2305 justiticatiouibus
3118 2232 3252 2287 meis
3272 2232 3566 2287 ambuletis
3600 2242 3652 2286 et
3672 2232 3823 2301 judi-

2244 2328 2330 2382 cia
2364 2341 2485 2381 mea
2516 2325 2861 2392 custodiatis,
2888 2333 2945 2379 et
2980 2324 3193 2379 faciatis
3213 2337 3299 2376 ea.
3327 2321 3419 2377 28.
3450 2321 3517 2377 Et
3549 2322 3824 2376 habitabi-

2246 2417 2319 2472 tis
2373 2432 2538 2487 super
2582 2396 2750 2483 terra,
2804 2430 2972 2486 quam
3015 2414 3139 2470 dedi
3192 2413 3444 2483 patrihus
3490 2414 3722 2477 vestris,
3767 2422 3825 2467 et

2245 2510 2401 2564 eritis
2426 2510 2563 2563 mihi
2587 2510 2641 2563 in
2677 2508 2964 2578 populum,
2995 2516 3049 2563 et
3079 2522 3181 2577 ego
3218 2521 3313 2561 ero
3340 2506 3496 2561 vobis
3538 2504 3591 2558 in
3620 2505 3819 2560 Deum.

2244 2601 2335 2657 29.
2362 2599 2428 2655 Ει
2446 2600 2668 2656 salvabo
2694 2614 2792 2655 vos
2814 2614 2880 2654 ex
2913 2598 3171 2654 omnibus
3200 2595 3565 2651 immunditiis
3599 2595 3821 2657 vestris.

2245 2705 2299 2747 et
2332 2691 2536 2747 vocabo
2575 2691 2930 2757 frumentum,
2966 2690 3054 2745 50.
3083 2698 3137 2745 et
3165 2687 3542 2756 multiplicabo
3584 2687 3739 2751 illud,
3768 2696 3825 2741 ct

2246 2802 2353 2841 non
2372 2787 2515 2843 dabo
2541 2800 2705 2856 super
2725 2800 2821 2841 vos
2845 2785 3041 2839 famem
3068 2801 3081 2838 :
3112 2794 3164 2839 et
3190 2782 3564 2852 multiplicabo
3578 2781 3820 2836 fructum

2246 2972 2392 3042 plius
2424 2973 2449 3041 ζ
2494 2969 2855 3040 opprobrium
2894 2966 3061 3022 famis
3093 2967 3235 3022 inter
3262 2975 3477 3035 gentes.
3505 2964 3598 3019 51.
3630 2963 3695 3018 Et
3734 2980 3823 3019 re-

2244 3171 2365 3210 rum
2406 3162 2711 3209 vestrorum
2760 3167 2869 3207 non
2903 3151 3195 3215 bonorum,
3232 3150 3305 3223 (r)
3352 3157 3409 3206 et
3452 3148 3822 3203 abominabile

2242 3246 2513 3301 eritvobis
2535 3255 2661 3300 ante
2686 3243 2882 3299 faciem
2897 3258 3087 3298 eorum
3116 3244 3171 3298 in
3188 3244 3577 3313 iniquitatibus
3597 3246 3817 3310 vestris,

2243 3346 2298 3392 et
2354 3352 2521 3406 super
2572 3334 3074 3392 abominationibus
3146 3335 3214 3405 (ε)
3276 3351 3487 3393 eorum.
3535 3339 3627 3393 52.
3696 3338 3819 3393 Non

2242 3435 2464 3497 propter
2517 3440 2613 3481 vos
2656 3439 2757 3494 ego
2808 3422 2973 3490 facio,
3025 3423 3160 3478 dicit
3210 3424 3475 3482 Dominus
3527 3426 3817 3491 Dominus,

2244 3524 2435 3570 notum
2462 3515 2569 3570 erit
2617 3515 2771 3569 vobis
2795 3531 2813 3567 :
2846 3513 3174 3581 erubescite,
3202 3523 3257 3570 et
3299 3516 3506 3584 pudore
3534 3517 3821 3573 aﬂicimini

2243 3604 2311 3659 de
2356 3604 2462 3658 viis
2491 3603 2710 3667 vestris,
2755 3602 2954 3657 domus
2982 3601 3218 3657 Israelis.
3264 3600 3354 3657 33.
3400 3601 3527 3657 Haec
3574 3603 3709 3658 dicit
3752 3605 3820 3671 (ι)

2241 3695 2455 3751 Adonai
2502 3694 2812 3749 Dominus:
2850 3694 2909 3747 ln
2962 3693 3072 3761 die,
3125 3708 3236 3762 quo
3282 3693 3557 3748 mundabo
3603 3709 3701 3749 vos
3747 3695 3821 3749 ab

2240 3787 2498 3842 omnibus
2540 3785 2922 3855 iniquitatibus
2967 3785 3187 3850 vestris,
3227 3792 3282 3839 et
3332 3785 3564 3840 habitari
3615 3784 3817 3839 faciam

2244 3874 2431 3939 urbes,
2463 3884 2518 3929 et
2539 3875 2958 3931 aedificabuntur
2990 3874 3326 3941 infoecunda,
3355 3876 3446 3931 54.
3475 3886 3529 3932 et
3551 3886 3696 3932 terra
3722 3878 3819 3932 de-

2244 3974 2472 4037 pravata
2514 3967 2754 4033 coletur,
2798 3981 2897 4035 pro
2936 3980 3003 4021 eo
3045 3965 3192 4036 quod
3238 3966 3482 4021 desolata
3528 3977 3642 4022 erat
3689 3977 3819 4022 ante

2242 4059 2433 4112 oculos
2478 4057 2659 4113 omnis
2704 4058 2954 4121 viatoris,
2989 4057 3078 4111 35.
3134 4064 3189 4110 et
3228 4056 3412 4111 dicent
3450 4073 3465 4109 :
3512 4056 3679 4113 Terra
3724 4058 3815 4112 illa

2242 4150 2533 4219 depravata
2566 4149 2708 4205 facta
2740 4159 2847 4215 est,
2879 4158 2940 4203 ut
2968 4149 3162 4205 hortus
3190 4149 3532 4215 deliciarum,
3567 4160 3621 4205 et
3651 4151 3816 4206 urbes

2242 4251 2484 4307 vastatas,
2516 4250 2570 4297 et
2608 4241 2933 4312 depravatae,
2979 4251 3032 4296 et
3077 4242 3374 4308 subversre,
3405 4242 3625 4297 munitm
3653 4242 3815 4297 sede-

2241 4342 2389 4387 runt.
2437 4332 2525 4387 56.
2568 4331 2634 4385 Et
2678 4332 2853 4387 scient
2891 4340 3080 4402 gentes
3118 4347 3331 4398 omnes,
3381 4347 3501 4403 qua:
3542 4332 3815 4386 derelictas

561 4416 903 4471 taminarunt
933 4433 1051 4472 eam
1080 4420 1133 4473 in
1166 4418 1269 4474 viis
1298 4420 1434 4485 suis,
1462 4430 1517 4476 et
1546 4422 1598 4476 in
1628 4422 1788 4479 idolis
1820 4427 1958 4491 suis,
1991 4442 2052 4483 +
2081 4440 2133 4483 et
2166 4444 2211 4502 ι)
2243 4422 2443 4477 fuerint
2464 4422 2609 4477 circa
2657 4437 2779 4488 vos,
2821 4423 2965 4492 quod
2999 4438 3099 4493 ego
3132 4421 3397 4478 Dominus
3427 4421 3686 4477 aedificavi
3717 4420 3817 4475 de.

560 4508 616 4560 in
653 4508 1015 4564 immunditiis
1049 4508 1164 4563 suis
1200 4510 1223 4579 ζ
1258 4511 1453 4581 :juxta
1490 4512 1893 4571 immunditiam
1922 4522 2133 4575 consti-

559 4607 692 4653 tutae
721 4599 774 4652 in
819 4610 1100 4654 menstruo
1132 4599 1275 4656 facta
1319 4611 1403 4657 est
1443 4605 1528 4657 via
1558 4619 1746 4660 eorum
1788 4623 1972 4665 coram
1996 4609 2134 4666 facie

560 4706 715 4744 mea:
751 4691 839 4746 18.
898 4700 952 4745 et
983 4690 1148 4746 effudi
1189 4692 1432 4749 furorem
1480 4711 1662 4750 meum
1714 4712 1879 4768 super
1913 4716 2030 4767 eos,
2064 4705 2132 4772 ξι(

564 4790 789 4851 propter
823 4781 1176 4853 sanguinem,
1200 4800 1361 4854 quem
1392 4785 1697 4842 effuderunt
1720 4805 1883 4860 super
1910 4802 2129 4859 terram,

555 4882 612 4925 et
643 4874 696 4925 in
729 4873 890 4928 idolis
936 4873 1055 4928 suis
1083 4874 1393 4944 polluerunt
1421 4893 1541 4933 eam
1594 4880 1642 4950 ζ.
1678 4882 1761 4937 19.
1799 4894 1852 4939 et
1880 4884 2132 4940 disserui-

559 4964 685 5017 navi
735 4980 831 5020 eos
860 4966 914 5019 in
946 4975 1157 5035 gentes,
1203 4976 1255 5021 et
1299 4969 1557 5023 ventilavi
1604 4986 1700 5027 eos
1747 4973 1799 5028 in
1832 4974 2126 5045 regiones:

558 5056 863 5110 secundum
911 5057 1056 5111 viam
1113 5074 1326 5125 eorum,
1389 5070 1441 5115 et
1496 5062 1794 5118 secundum
1846 5076 2129 5136 peccatum

556 5159 748 5199 eorum
776 5146 1015 5215 judicavi
1048 5161 1163 5201 eos.
1196 5146 1285 5200 20.
1320 5147 1386 5203 Et
1413 5148 1645 5215 ingressi
1670 5158 1797 5205 sunt
1841 5151 1982 5207 inter
2002 5170 2131 5225 gen-

553 5245 659 5301 tes,
692 5251 803 5308 quo
854 5238 1086 5310 ingressi
1125 5247 1255 5294 sunt
1288 5239 1435 5303 illuc,
1480 5248 1532 5296 et
1574 5242 1884 5311 polluerunt
1927 5259 2126 5301 nomen

554 5339 809 5387 sanctum
842 5346 1046 5397 meum,
1089 5346 1214 5388 cum
1250 5332 1593 5401 dicebantur,
1626 5349 1759 5405 gens
1799 5335 2010 5392 Domini
2050 5338 2127 5406 hi,

627 5461 727 5544 (ni)
763 5460 849 5541 S._,
891 5478 990 5544 pro
1034 5478 1102 5544 eo
1147 5465 1294 5544 quod
1359 5467 1653 5544 reprobam
1689 5466 1888 5544 facient
1917 5484 2059 5537 eam,
2091 5480 2160 5544 etg
2192 5472 2260 5544 ad
2312 5472 2705 5544 diripiendum.
2773 5543 2790 5544 γ
2821 5478 2898 5544 (η)

553 5528 633 5599 (ο)
670 5529 757 5603 S.,
787 5528 929 5586 sicut
956 5550 987 5587 a
1016 5528 1284 5603 principio
1318 5528 1521 5592 vestro.

558 5602 1003 5653 translationibus
1027 5604 1170 5656 aliis.

557 5666 631 5736 (ε)
661 5666 883 5725 Vestris.
961 5672 1026 5739 (ι)
1054 5666 1331 5727 Dominus.

2238 4521 2497 4576 structas,
2530 4520 2585 4567 et
2619 4512 2860 4582 plantavi
2899 4514 3261 4583 depravatas:
3290 4529 3391 4583 ego
3421 4514 3681 4568 Dominus
3730 4512 3813 4565 lo-

2239 4615 2403 4660 cutus
2435 4621 2578 4669 sum,
2614 4614 2668 4659 et
2696 4604 2817 4660 feci.
2859 4606 2946 4660 57.
2983 4605 3110 4661 llaec
3152 4607 3284 4662 dicit
3322 4607 3584 4661 Dominus
3623 4604 3814 4660 Domi-

2239 4713 2342 4753 nus
2385 4715 2400 4751 :
2446 4697 2639 4752 Adhuc
2679 4698 2783 4752 hoc
2828 4697 2906 4768 (ιι)
2948 4714 3164 4767 quaerar
3225 4701 3410 4754 domui
3464 4698 3698 4763 lsraelis,
3751 4705 3815 4751 ut

2239 4784 2434 4843 faciam
2469 4804 2565 4844 eos
2599 4807 2612 4843 :
2654 4789 3025 4859 multiplicabo
3050 4805 3167 4855 eos,
3189 4790 3331 4846 sicut
3355 4806 3504 4854 oves,
3538 4790 3811 4855 homines,

2239 4880 2327 4934 ‘58.
2362 4879 2502 4935 sicut
2548 4896 2677 4935 oves
2729 4891 2967 4947 sanctas,
3024 4882 3169 4938 sicut
3221 4897 3351 4939 ores
3401 4882 3703 4939 Jerusalem
3753 4883 3811 4935 in

2239 4971 2653 5025 solennitatibus
2679 4970 2796 5040 ejus
2830 4991 2843 5026 :
2877 4973 2955 5028 sic
2986 4982 3146 5028 erunt
3173 4976 3338 5029 urbes
3361 4982 3606 5037 vastatas,
3635 4973 3812 5042 plenae

2239 5063 2419 5116 ovium
2448 5063 2753 5129 hominum,
2777 5072 2830 5119 et
2858 5065 3049 5120 scient.
3076 5067 3223 5135 quod
3256 5082 3356 5137 ego
3384 5065 3669 5120 Dominus.

2304 5153 2436 5224 Cap.
2470 5150 2730 5209 XXXVII.
2762 5187 2831 5197 —
2855 5157 2905 5211 1.
2925 5156 3000 5227 (τε)
3027 5158 3089 5212 Et
3110 5158 3251 5212 facta
3274 5167 3358 5213 cst
3383 5173 3549 5227 super
3580 5172 3664 5211 me
3688 5172 3814 5211 ma¢

2235 5262 2340 5300 nus
2370 5244 2605 5309 Domini,
2638 5253 2692 5300 et
2716 5246 2902 5301 eduxit
2922 5262 3008 5301 me
3033 5247 3088 5301 in
3112 5247 3305 5316 spiritu
3351 5246 3587 5312 Domini,
3622 5256 3675 5300 et
3710 5260 3811 5315 po-

2239 5337 2348 5393 suit
2378 5352 2464 5391 me
2499 5338 2552 5391 in
2586 5336 2767 5394 medio
2787 5336 2985 5409 campi,
3020 5346 3075 5394 et
3105 5338 3192 5394 hic
3230 5347 3347 5394 erat
3381 5338 3575 5408 plenus
3600 5338 3813 5392 ossium

2946 5472 3028 5535 S.,
3070 5489 3252 5528 ramos
3310 5483 3521 5528 vestros
3578 5472 3805 5528 dabitis.

1635 5539 1711 5606 (p)
1746 5537 1867 5605 Th.,
1905 5537 2537 5613 et‘nonﬁinfirmabitur.
2599 5542 2711 5598 Hoc
2766 5537 3132 5597 Tltebdotionis
3186 5560 3288 5597 non
3332 5544 3567 5613 positum
3615 5552 3689 5597 est
3727 5544 3803 5613 _r°n

1248 5606 1431 5691 ((118.3
1473 5614 1554 5691 ‘ct
1610 5606 1841 5691 fl'Il‘lCll'LSl.
2086 5610 2139 5663 Τ.

2238 5612 2632 5691 ΓΕΝΗΜΔΤᾼ.
2705 5614 2775 5684 (r)
2805 5615 2888 5679 8.,
2923 5624 2976 5691 et
3028 5606 3407 5667 ditninuemini
3466 5628 3650 5669 coram
3690 5610 3797 5668 eis.

1414 5677 1489 5746 (u)
1523 5678 1611 5741 Α.,
1645 5678 1728 5745 S.,
1764 5677 1882 5745 Th.,
1907 5679 2133 5748 petitum
2160 5696 2380 5750 ponam.

2460 5684 2536 5751 (.r)
2578 5685 2651 5737 De
2676 5685 3072 5740 resurrectione
3125 5693 3493 5740 mortuorum.
