4122 6320
321 347 465 402 2745

1489 345 1894 404 IIEZECIEUS
1931 346 2159 405 CAPUT
2193 345 2478 406 XXXVIII.

3430 353 3577 413 2718

331 472 400 513 ομ
429 460 794 514 humanorum
836 461 857 528 1
887 459 980 514 :2.
1014 468 1069 514 et
1099 459 1467 514 circumduxit
1515 477 1602 518 me
1635 478 1800 533 super
1837 476 1899 515 ea
1933 466 1975 520 Α
2005 460 2072 513 de
2105 460 2286 515 medio
2310 461 2572 531 gentium,
2611 477 2720 533 quo
2749 463 3022 520 intrarunt
3067 466 3216 533 illuc,
3269 477 3322 524 et
3349 475 3582 539 congre-

325 569 420 622 pcr
449 567 641 622 gyrum
683 553 738 606 in
770 552 1023 616 circuitu,
1061 560 1115 606 et
1137 567 1266 606 ecce
1312 552 1481 606 multa
1537 554 1692 608 valde
1735 569 1900 624 super

324 643 461 698 facie
485 643 763 712 campi,et
793 658 920 698 ecce
949 644 1091 697 sicca
1125 643 1437 698 admodum.
1474 646 1527 699 5.
1567 644 1632 699 Et
1666 645 1799 699 dixit
1833 647 1900 699 ad

324 748 442 786 me:
477 731 582 786 Fili
615 733 876 797 hominis,
902 733 947 788 si
979 733 1160 788 vivent
1185 749 1308 788 ossa
1343 735 1457 790 btec
1481 736 1505 788 ?
1534 734 1598 789 Et
1622 735 1732 789 dixi
1760 755 1772 790 :
1801 735 1902 790 Do-

324 825 469 875 mine
499 821 753 888 Domine,
778 834 832 875 tu
863 822 1006 876 nosti
1033 836 1094 876 οξ-
1131 824 1246 876 hate
1271 821 1317 890 1.
1345 825 1398 876 2i.
1435 825 1496 877 Et
1525 823 1662 878 dixit
1691 824 1754 877 ad
1779 839 1896 878 me:

323 914 424 968 Fili
459 916 722 980 hominis,
764 915 1025 986 propheta
1079 931 1242 985 super
1277 930 1402 970 ossa
1464 916 1580 970 haec
1607 956 1621 980 ,
1657 924 1711 970 et
1748 916 1902 970 dices

322 1007 442 1061 eis:
491 1004 628 1060 Ossa
681 1007 852 1070 arida,
916 1007 1102 1062 audite
1135 1007 1358 1062 verbum
1414 1006 1651 1062 Domini.
1688 1008 1742 1062 5.
1776 1007 1903 1063 Haec

324 1097 454 1150 dicit
505 1096 772 1150 Dominus
820 1095 1082 1152 Dominus
1112 1097 1329 1152 ossibus
1362 1097 1446 1152 his
1479 1113 1492 1150 :
1521 1098 1659 1153 Ecce
1688 1113 1788 1169 ego
1825 1099 1900 1170 (ῃ)

324 1188 439 1244 fero
497 1204 663 1257 super
714 1203 814 1242 vos
875 1189 1125 1256 spiritum
1182 1190 1341 1256 vitae,
1406 1192 1457 1244 6.
1513 1198 1567 1244 et
1626 1190 1766 1245 dabo
1806 1206 1900 1246 su-

327 1296 417 1350 per
449 1296 549 1336 vos
589 1294 805 1345 nervos,
834 1289 889 1333 et
913 1280 1181 1333 obducam
1241 1295 1404 1350 super
1434 1295 1531 1335 vos
1588 1297 1802 1347 carnes,
1849 1290 1903 1337 et

327 1372 610 1425 extendam
638 1385 802 1439 super
822 1384 919 1424 vos
941 1371 1154 1438 pellem,
1185 1380 1238 1424 et
1266 1372 1406 1426 dabo
1437 1371 1491 1425 in
1520 1387 1618 1426 vos
1649 1373 1899 1442 spiritum

329 1481 534 1526 meum.
553 1475 606 1519 et
628 1464 844 1527 vivetis,
863 1471 914 1518 et
937 1464 1140 1529 scietis,
1166 1466 1310 1534 quod
1334 1480 1433 1535 ego
1465 1480 1584 1520 sum
1614 1466 1898 1521 Dominus.

330 1557 379 1610 7.
411 1556 475 1610 Et
499 1556 843 1626 prophetavi,
887 1556 1030 1610 sicut
1053 1556 1309 1626 praecepit
1340 1557 1472 1610 mihi
1515 1557 1795 1614 Dominus.
1837 1557 1902 1613 Et

332 1645 465 1700 facta
501 1656 583 1700 est
614 1649 680 1712 >ε<
709 1660 812 1698 vox
847 1645 868 1713 1
898 1684 912 1708 ,
950 1659 1071 1698 cum
1113 1660 1212 1714 ego
1254 1647 1634 1716 propltetarcm
1659 1687 1672 1711 ,
1699 1655 1752 1701 et
1780 1662 1904 1702 ecce

331 1739 645 1800 commotio,
665 1737 972 1792 etadmovit
996 1752 1119 1792 ossa
1139 1753 1200 1792 os
1223 1739 1287 1792 ad
1309 1740 1702 1794 connexionem
1723 1754 1898 1793 suam.

331 1829 382 1884 8.
415 1828 480 1881 Et
512 1828 622 1880 vidi
655 1836 748 1881 ret
771 1841 896 1882 ecce
923 1841 1086 1895 super
1110 1843 1172 1881 ea
1207 1829 1376 1894 nervi,
1402 1837 1454 1883 et
1483 1845 1676 1884 carnes
1701 1832 1901 1900 germi-

332 1921 549 1985 nabant,
603 1929 655 1975 et
679 1920 1006 1975 ascendebat
1067 1936 1229 1989 super
1263 1936 1325 1975 ea
1367 1922 1523 1990 pellis
1561 1921 1813 1991 desuper,
1851 1931 1906 1976 et

331 2013 552 2080 spiritus
578 2026 685 2064 non
711 2021 827 2066 erat
851 2013 904 2066 in
931 2013 1030 2066 eis.
1055 2012 1111 2066 9.
1139 2011 1202 2065 Et
1229 2013 1365 2067 dixit
1389 2013 1457 2066 ad
1486 2029 1571 2068 me
1595 2030 1609 2066 :
1633 2013 1904 2083 Propheta

331 2120 488 2173 super
517 2105 796 2173 spiritum,
831 2105 1119 2175 prOpheta,
1150 2105 1225 2159 fili
1259 2107 1521 2172 hominis,
1550 2117 1604 2160 et
1626 2108 1714 2162 dic
1743 2108 1906 2177 spiri-

332 2199 406 2252 tui
434 2217 448 2252 :
483 2197 609 2252 Haec
639 2198 774 2252 dicit
814 2198 1078 2254 Dominus
1117 2198 1383 2254 Dominus
1420 2199 1500 2252 :A
1527 2209 1762 2270 quatuor
1792 2201 1904 2269 spi-

330 2289 527 2342 ritibus
562 2289 707 2353 vcni,
734 2291 801 2356 >ε<
830 2288 1054 2357 spiritus
1107 2288 1164 2355 1,
1194 2297 1249 2342 et
1293 2288 1509 2343 insufﬂa
1559 2289 1612 2343 in
1663 2298 1906 2345 mortuos

332 2380 448 2444 bos,
485 2389 538 2432 et
576 2379 783 2434 vivant.
839 2380 926 2434 10.
975 2378 1042 2432 Et
1071 2379 1394 2448 prophetavi
1423 2419 1438 2444 ,
1475 2381 1616 2436 sicut
1649 2383 1906 2450 praecepit

331 2470 461 2522 mihi
502 2488 516 2523 :
561 2478 615 2522 et
648 2469 874 2523 intravit
927 2469 979 2522 in
1015 2483 1110 2523 cos
1135 2469 1384 2537 spiritus,
1433 2478 1486 2523 et
1535 2471 1808 2538 vixerunt,
1852 2481 1906 2526 et

331 2568 593 2615 steterunt
622 2576 787 2630 super
820 2561 1047 2630 pedibus
1081 2560 1219 2622 suis,
1258 2562 1330 2631 (π.)
1365 2563 1711 2632 congregatio
1737 2563 1905 2616 multa

329 2653 480 2708 valde
506 2656 575 2722 x
617 2653 770 2707 valde
804 2653 852 2720 1.
897 2652 981 2706 11.
1015 2650 1080 2707 Et
1128 2653 1346 2708 locutus
1398 2662 1480 2708 est
1533 2655 1797 2709 Dominus
1835 2655 1904 2708 ad

332 2759 433 2810 me,
466 2745 695 2801 dicens:
729 2743 830 2798 Fili
873 2744 1131 2809 hominis,
1175 2761 1301 2800 ossa
1351 2747 1466 2801 haec
1502 2749 1684 2802 omnis
1708 2747 1906 2802 domus

331 2833 542 2891 lsraelis
589 2843 688 2900 est,
729 2835 804 2887 illi
835 2834 1066 2889 dicunt:
1109 2835 1274 2890 Arida
1321 2835 1464 2890 facta
1490 2847 1614 2892 sunt
1640 2851 1766 2892 ossa
1803 2850 1904 2890 no-

331 2936 457 2990 stra,
492 2927 654 2997 periit
679 2942 804 2996 spes
835 2935 1045 2993 nostra,
1080 2928 1218 2981 irriti
1255 2926 1381 2982 facti
1410 2943 1623 2984 sumus.
1656 2928 1742 2983 i2.
1770 2927 1906 2982 Pro-

331 3026 447 3087 pter
471 3020 576 3074 hoc
611 3019 896 3089 pr0pheta,
928 3029 982 3074 et
1032 3017 1125 3074 dic
1149 3022 1215 3087 γι(
1244 3019 1311 3074 ad
1346 3035 1442 3075 eos
1491 3021 1513 3090 1
1542 3039 1555 3075 :
1608 3021 1732 3077 Haec
1771 3020 1904 3076 dicit

2004 553 2143 622 gabo
2175 567 2270 608 eos
2297 569 2362 608 ex
2388 555 2663 620 omnibus,
2692 556 2785 626 qui
2819 557 2872 610 in
2901 557 3134 612 circuitu
3168 574 3379 627 eorum,
3412 571 3466 615 et
3497 561 3581 615 in-

2005 645 2289 699 troducam
2341 661 2437 701 eos
2476 647 2530 701 in
2570 656 2766 702 terram
2809 647 3046 714 lsraelis,
3079 650 3169 705 22.
3202 658 3256 704 et
3309 651 3449 705 dabo
3487 667 3582 706 eos

2003 732 2056 785 in
2092 743 2305 804 gentem
2334 751 2496 790 unam
2525 737 2577 791 in
2612 746 2752 792 terra
2782 755 2921 800 mea,
2950 743 3076 794 etin
3103 740 3384 795 montibus
3411 739 3583 796 lsrae-

2004 823 2111 878 lis:
2148 832 2202 878 et
2237 825 2490 896 princeps
2524 844 2664 883 unus
2700 829 2806 883 erit
2855 845 3044 884 eorum
3085 833 3153 898 )t(
3201 829 3257 883 in
3294 844 3473 900 regem
3513 831 3534 896 1
3564 871 3579 891 ,

2002 923 2051 970 et
2083 931 2191 970 non
2227 927 2386 972 erunt
2432 920 2668 987 amplius
2705 920 2758 974 in
2788 921 2924 975 duas
2959 931 3166 991 gentes,
3203 937 3305 976 nec
3332 921 3579 975 dividen-

2003 1017 2093 1062 tur
2121 1009 2354 1078 amplius
2386 1011 2440 1065 in
2470 1010 2580 1065 duo
2609 1026 2798 1082 regna,
2830 1013 2920 1066 23.
2948 1021 3008 1066 ut
3048 1027 3114 1066 ne
3142 1013 3581 1066 contaminemur

2003 1099 2237 1168 amplius
2268 1101 2321 1152 in
2345 1099 2504 1155 idolis
2526 1101 2660 1165 suis,
2681 1104 2747 1170 >κ
2767 1110 2820 1157 et
2846 1104 2897 1156 in
2922 1105 3422 1160 abominationibus
3441 1105 3579 1165 suis,

2001 1201 2056 1245 et
2084 1191 2138 1245 in
2191 1192 2447 1248 omnibus
2486 1193 2859 1264 impietatibus
2895 1197 3012 1250 suis
3037 1197 3058 1266 1
3085 1216 3098 1250 :
3129 1203 3182 1251 et
3212 1197 3440 1267 eripiam
3487 1212 3581 1251 eos

2003 1299 2069 1338 ex
2094 1285 2350 1341 omnibus
2380 1285 2449 1358 (c)
2480 1287 2861 1356 iniquitatibus
2911 1303 3126 1354 eorum,
3159 1288 3359 1357 quibus
3388 1303 3581 1358 pecca—

1978 1384 2132 1430 .runt
2161 1377 2215 1431 in
2239 1377 2340 1440 eis,
2371 1387 2423 1432 et
2449 1377 2724 1431 mundaho
2749 1393 2864 1440 eos,
2894 1385 2947 1431 et
2969 1385 3129 1431 erunt
3159 1378 3292 1432 mihi
3324 1379 3378 1432 in
3411 1393 3585 1448 popu-

2003 1467 2137 1534 lum,
2167 1476 2221 1523 et
2259 1484 2358 1540 ego
2385 1484 2481 1523 cro
2515 1469 2593 1524 eis
2646 1470 2699 1522 in
2753 1468 2944 1522 Deum.
2975 1468 3067 1522 24.
3103 1469 3165 1524 Et
3204 1483 3396 1523 servus
3428 1485 3582 1523 meus

2007 1557 2170 1611 David
2197 1559 2448 1627 princeps
2481 1558 2534 1612 in
2562 1559 2738 1612 medio
2760 1572 2972 1623 eorum,
3017 1567 3070 1612 et
3096 1567 3286 1627 pastor
3311 1574 3454 1612 unus
3476 1559 3582 1612 erit

2003 1649 2246 1702 omnium
2271 1651 2336 1717 >ε<
2367 1665 2556 1704 eorum
2591 1648 2638 1716 1,
2661 1651 2788 1718 quia
2820 1649 2872 1702 in
2899 1651 3186 1719 praeceptis
3217 1651 3354 1704 meis
3389 1650 3583 1704 ambu-

2006 1739 2216 1804 labunt,
2253 1749 2306 1794 et
2333 1740 2538 1810 judicia
2564 1755 2684 1794 mea
2715 1742 3042 1807 custodierit,
3069 1749 3122 1796 et
3144 1741 3343 1796 facient
3371 1756 3455 1803 ea,
3487 1739 3578 1793 23$.

2009 1844 2054 1886 et
2083 1832 2408 1886 ltabitabunt
2436 1849 2600 1902 super
2628 1843 2771 1889 terra
2800 1849 2918 1898 sua,
2950 1848 3113 1902 quam
3148 1848 3247 1903 ego
3275 1833 3397 1887 dedi
3423 1847 3582 1886 servo

2004 1941 2128 1979 meo
2174 1923 2400 1991 Jacobo,
2455 1941 2566 1996 quo
2617 1927 2935 1981 habitarunt
2981 1926 3054 1980 ibi
3081 1936 3259 1994 patres
3286 1938 3495 1989 eorum,
3530 1936 3583 1977 et.

2004 2015 2327 2070 habitabunt
2357 2033 2522 2086 super
2551 2032 2612 2072 ea
2646 2018 2770 2087 ipsi,
2795 2027 2848 2072 et
2877 2018 2972 2070 lilii
3001 2032 3213 2079 eorum,
3246 2025 3298 2069 et
3319 2015 3412 2068 filii
3445 2015 3581 2070 ﬁlio—

2004 2123 2126 2160 rum
2154 2121 2366 2172 eorum,
2389 2123 2564 2177 usque
2589 2108 2641 2161 in
2664 2109 3086 2177 sempiternum:
3117 2116 3169 2162 et
3202 2107 3365 2162 David
3392 2123 3580 2162 servus

2005 2213 2160 2253 meus
2189 2198 2441 2268 princeps
2471 2214 2656 2252 eorum
2685 2200 2752 2266 Ἀ(
2777 2198 2882 2252 erit
2912 2199 2934 2267 1
2969 2198 3021 2251 in
3051 2199 3463 2267 sempiternum.
3488 2197 3578 2250 26.

2005 2289 2072 2344 Et
2120 2305 2318 2359 ponam
2371 2291 2450 2345 eis
2487 2298 2872 2344 testamentum
2926 2291 3114 2360 pacis,
3169 2298 3578 2351 testamentum,

2004 2382 2147 2452 quod
2190 2382 2244 2435 in
2277 2381 2496 2447 saecula,
2535 2383 2640 2437 erit
2677 2398 2800 2436 cum
2838 2383 2916 2437 eis
2945 2397 2957 2433 :
3001 2385 3067 2449 >ε<
3102 2379 3180 2450 (d)
3215 2390 3266 2434 et
3299 2381 3435 2435 dabo
3463 2395 3579 2443 cos,

2005 2481 2058 2527 et
2083 2472 2451 2542 multiplicabo
2476 2487 2572 2527 eos
2611 2473 2633 2543 1
2665 2491 2678 2527 :
2703 2482 2757 2528 et
2786 2487 2984 2544 ponam
3013 2472 3210 2526 Sancta
3237 2486 3357 2525 mea
3388 2471 3441 2524 in
3466 2486 3580 2524 me-

2005 2565 2095 2620 dio
2125 2579 2313 2620 eorum
2338 2565 2393 2619 in
2417 2565 2831 2635 sempiternum,
2852 2564 2942 2618 27.
2967 2573 3020 2618 et
3041 2563 3142 2618 erit
3172 2563 3579 2618 tabernaculum

2007 2670 2186 2709 meum
2218 2657 2271 2709 in
2303 2659 2404 2720 eis,
2438 2664 2492 2710 et
2519 2669 2613 2709 cro
2638 2655 2717 2709 eis
2749 2653 2913 2719 Deus,
2942 2657 2995 2709 et
3030 2653 3105 2708 illi
3137 2661 3298 2707 erunt
3330 2653 3582 2722 11111ιίρο-

2004 2747 2184 2816 pulus.
2207 2745 2294 2800 28.
2326 2745 2390 2800 Et
2411 2746 2584 2801 scient
2610 2753 2814 2816 gentes,
2845 2744 2992 2815 quod
3019 2760 3117 2814 ego
3141 2761 3258 2800 sum
3293 2743 3578 2812 Dominus,

2005 2838 2354 2894 sanetificans
2393 2853 2507 2904 eos,
2548 2838 2770 2908 quando
2825 2837 3028 2891 fuerint
3060 2835 3254 2892 Sancta
3294 2853 3434 2892 mea.

2075 2929 2209 2999 Cap.
2240 2927 2528 2983 XXXVIII.
2560 2959 2630 2970 —
2662 2929 2714 2982 1.
2765 2929 2943 2998 Super
2994 2926 3111 2997 Gog
3163 2938 3218 2983 et
3272 2927 3480 3000 Magog.
3514 2930 3583 2984 Et

2007 3019 2207 3074 factum
2236 3029 2320 3075 est
2358 3021 2582 3074 verbum
2632 3019 2846 3073 Domini
2888 3018 2954 3073 ad
2991 3033 3098 3082 me,
3138 3019 3360 3074 dicens:
3387 3019 3442 3074 2.
3479 3018 3579 3073 Fili

333 3109 597 3167 Dominus
627 3111 888 3167 Dominus
919 3129 931 3164 :
969 3111 1108 3166 Ecce
1158 3126 1259 3182 ego
1292 3111 1476 3180 aperio
1521 3113 1770 3182 sepulcra
1810 3129 1904 3167 ve-
1931 3141 1974 3198 ρ
2008 3112 2265 3177 hominis,
2296 3114 2364 3183 (ε)
2389 3129 2526 3180 pone
2558 3112 2751 3166 faciem
2785 3120 2930 3165 tuam
2966 3109 3272 3181 superGog,
3300 3119 3354 3165 et
3378 3118 3580 3165 terratn

340 3214 470 3271 stra,
498 3215 552 3258 et
577 3204 806 3260 educam
831 3220 929 3258 vos
948 3219 1012 3259 ex
1045 3204 1310 3274 sepulcris
1348 3205 1575 3270 vestris,
1610 3208 1676 3274 ξι(
1712 3209 1907 3276 popule

332 3296 403 3351 mi
423 3296 445 3364 1
468 3339 481 3361 ,
506 3307 562 3352 et
585 3296 926 3351 introducam
956 3310 1056 3350 vos
1082 3297 1135 3349 in
1160 3306 1359 3350 terram
1382 3296 1618 3352 lsraelis.
1656 3298 1742 3353 15.
1772 3301 1907 3365 >ε<εῑ

333 3388 512 3442 scietis
552 3389 607 3456 1,
661 3386 808 3456 quod
841 3403 941 3457 ego
971 3403 1092 3442 sum
1127 3385 1416 3452 Dominus,
1477 3403 1600 3442 cum
1645 3404 1907 3458 aperuere

332 3481 574 3550 sepulcra
598 3489 802 3544 vestra,
839 3488 896 3533 ut
926 3480 1155 3534 educam
1187 3494 1285 3533 vos
1311 3479 1379 3532 de
1401 3479 1669 3548 sepulcris
1703 3483 1770 3548 >ε<
1811 3495 1906 3534 ve-

332 3573 454 3626 stris
478 3571 534 3639 1,
567 3572 764 3642 pepule
795 3571 890 3625 mi.
943 3571 1029 3624 ﬂ.
1064 3572 1141 3641 (a)
1166 3569 1236 3624 Et
1260 3571 1403 3625 dabo
1434 3571 1686 3639 spiritum
1725 3587 1905 3626 meum

334 3663 384 3716 in
418 3677 536 3725 vos,
559 3669 614 3716 et
642 3662 866 3728 vivetis,
901 3670 954 3716 et
988 3675 1185 3730 ponam
1223 3676 1318 3717 vos
1351 3677 1518 3731 super
1565 3670 1765 3716 terram
1812 3679 1906 3717 ve-

331 3767 518 3821 stram,
550 3763 602 3809 et
636 3753 847 3820 scietis,
880 3754 1026 3823 quod
1055 3769 1155 3824 ego
1198 3753 1462 3810 Dominus
1516 3756 1728 3810 locutus
1756 3770 1901 3818 sum,

331 3855 381 3900 et
409 3847 630 3912 faciam,
663 3845 798 3901 dicit
832 3845 1094 3899 Dominus
1142 3844 1425 3900 Dominus.
1481 3846 1569 3900 15.
1604 3845 1669 3898 Et
1701 3845 1902 3900 factum

331 3945 410 3990 est
437 3937 660 3990 verbum
701 3933 912 3990 Domini
937 3935 1004 3988 ad
1038 3949 1146 3999 me,
1182 3935 1370 3990 dicens
1403 3951 1417 3987 :
1450 3933 1536 3988 16.
1573 3937 1638 4002 ὶε(
1670 3933 1736 3987 Ει
1768 3943 1820 3987 tu
1854 3933 1901 4001 1,

333 4028 404 4081 1111
442 4027 704 4091 hominis,
733 4041 886 4081 sume
940 4027 1254 4096 tibimetipsi
1297 4027 1504 4095 virgam
1536 4029 1604 4094 >ε<
1646 4041 1809 4079 unam
1845 4025 1902 4093 1,

332 4128 383 4172 et
406 4118 583 4174 scribe
606 4131 768 4186 super
789 4131 906 4170 eam
930 4115 1150 4180 Judam,
1181 4125 1235 4170 et
1268 4116 1409 4169 filios
1453 4114 1672 4169 lsraelis
1708 4114 1906 4182 adjun-

333 4220 443 4265 ctos
471 4210 560 4264 ei:
587 4217 642 4263 et
677 4208 885 4278 virgam
925 4209 1221 4262 secundam
1263 4221 1449 4262 sumes
1483 4206 1821 4275 tibimetipsi,
1853 4215 1907 4261 et

334 4302 538 4358 scribes
566 4317 686 4356 eam
717 4299 978 4370 Josepho,
1010 4301 1219 4370 virgam
1254 4299 1525 4369 Ephraem,
1561 4306 1614 4352 et
1651 4299 1906 4354 omnibus

336 4392 456 4448 tiliis
492 4392 733 4456 lsraelis,
759 4391 853 4460 qui
879 4391 1124 4460 adiuncti
1149 4400 1275 4446 sunt
1307 4389 1378 4445 ei.
1405 4389 1492 4442 17.
1527 4387 1592 4443 Et
1611 4389 1908 4458 conjunges

2009 3205 2218 3277 Magog,
2254 3206 2552 3275 principem
2603 3204 2733 3268 Ros,
2781 3213 2836 3257 et
2883 3203 3124 3266 Mosoch.
3175 3212 3230 3258 et
3271 3202 3497 3267 Thobel,
3529 3214 3583 3257 et

2009 3295 2268 3365 pr0pheta
2299 3307 2462 3361 super
2493 3309 2640 3356 eum,
2668 3293 2720 3346 5.
2760 3300 2815 3346 et
2849 3291 2935 3346 dic
2955 3292 3005 3346 ei
3035 3307 3048 3342 :
3089 3293 3211 3346 llaec
3238 3292 3368 3346 dicit
3397 3292 3582 3348 Domi-

2009 3401 2112 3440 nus
2161 3383 2422 3438 Dominus
2457 3401 2470 3436 :
2522 3382 2660 3437 Ecce
2693 3398 2792 3453 ego
2822 3397 2988 3451 super
3025 3390 3077 3436 te
3103 3382 3247 3452 Gog,
3281 3383 3578 3452 principem

2007 3475 2140 3540 Bos,
2178 3474 2395 3530 Mosoclt
2417 3483 2470 3528 et
2499 3473 2726 3538 Thobel,
2751 3474 2804 3527 4.
2842 3475 2908 3543 >ε<
2937 3482 2991 3528 et
3016 3473 3380 3544 circumagam
3415 3483 3485 3538 te,
3526 3485 3582 3529 et

2009 3569 2148 3623 dabo
2179 3566 2392 3620 frenum
2443 3566 2495 3621 in
2535 3566 2784 3621 maxillas
2811 3575 2931 3619 tuas
2968 3565 3016 3632 1,
3048 3575 3103 3619 et
3130 3567 3471 3636 congregabo
3505 3576 3579 3629 te,

2007 3668 2059 3714 et
2089 3672 2306 3712 omnem
2339 3658 2592 3712 virtutem
2621 3666 2789 3721 tuam,
2817 3671 3008 3728 equos,
3040 3666 3092 3710 et
3111 3657 3322 3726 equites
3356 3659 3580 3713 vestitos

2007 3747 2193 3802 loricis
2217 3761 2428 3812 omnes,
2462 3747 2938 3816 congregationem
2974 3748 3226 3809 multam,
3253 3747 3494 3817 clypeos,
3525 3757 3581 3802 et

2006 3840 2206 3911 galeas,
2231 3849 2283 3893 et
2311 3839 2538 3908 gladios,
2561 3842 2628 3908 >ε<
2652 3854 2840 3893 omnes
2868 3839 2921 3891 hi
2943 3840 2964 3908 1
2989 3839 3041 3891 5.
3063 3838 3261 3902 Persm,
3288 3850 3339 3893 ct
3364 3839 3581 3892 {Ethio-

2008 3947 2121 4000 pes,
2154 3939 2207 3984 et
2230 3929 2384 4000 Lydi,
2417 3939 2468 3983 et
2490 3928 2684 3999 Libyes
2711 3931 2779 3996 >ε<
2813 3942 2938 3982 cum
2967 3928 3046 3981 eis
3074 3927 3096 3994 1
3132 3945 3145 3981 :
3179 3943 3368 3980 omnes
3390 3928 3578 3996 galeis,

2007 4031 2059 4076 et
2082 4022 2307 4091 clypeis,
2333 4020 2387 4074 6.
2412 4019 2632 4083 Gomer,
2651 4026 2704 4072 et
2731 4033 2921 4072 omnes
2945 4018 3036 4087 qui
3060 4017 3200 4086 apud
3218 4032 3365 4080 eum,
3384 4017 3581 4071 domus

2009 4110 2313 4182 Tltergama
2341 4110 2410 4165 ab
2447 4118 2690 4163 extremo
2716 4107 2988 4178 aquilonis
3013 4149 3028 4175 ,
3064 4107 3138 4178 (f)
3175 4115 3229 4162 et
3257 4122 3446 4162 omnes
3485 4108 3580 4178 qui

2008 4205 2150 4273 apud
2195 4213 2359 4268 eum,
2403 4210 2456 4256 et
2481 4210 2666 4270 gentes
2697 4200 2880 4254 multae
2915 4199 2986 4268 (g)
3009 4215 3130 4254 cum
3159 4214 3244 4253 eo.
3284 4199 3334 4252 7.
3368 4199 3580 4269 Praepa-

2008 4308 2152 4358 rare,
2171 4306 2411 4360 pmpara
2439 4290 2804 4358 temetipsum,
2834 4299 2913 4356 tu,
2942 4303 2994 4344 et
3023 4289 3203 4344 omnis
3229 4291 3580 4360 congregatio

2008 4395 2122 4449 tua,
2153 4384 2244 4453 qui
2279 4383 2489 4437 collecti
2522 4391 2648 4437 sunt
2677 4391 2876 4447 tecum,
2909 4389 2963 4436 et
3001 4381 3110 4436 eris
3140 4381 3269 4434 mihi
3318 4381 3370 4434 in
3393 4388 3580 4436 custo-

335 4499 425 4540 eas
447 4485 680 4540 invicem
712 4485 1031 4554 tibimetipsi
1061 4484 1116 4537 in
1139 4484 1347 4554 virgam
1382 4497 1570 4548 unam,
1601 4495 1664 4537 σθ-
1691 4490 1748 4536 ut
1775 4481 1908 4550 liges
1940 4474 1984 4528 D
2011 4476 2178 4533 diam.
2202 4474 2256 4530 8.
2289 4475 2335 4526 Α
2365 4473 2556 4528 diebus
2586 4473 2771 4526 multis
2797 4471 3210 4542 praeparabitur,
3245 4479 3298 4526 et
3319 4471 3373 4523 in
3402 4480 3582 4525 extre-

339 4588 428 4629 eas
460 4575 483 4642 1
511 4613 528 4639 ,
559 4582 618 4628 et
651 4583 811 4628 erunt
834 4573 886 4628 in
917 4589 1080 4628 manu
1110 4583 1221 4628 tua.
1249 4572 1335 4626 18.
1367 4573 1435 4628 Ει
1461 4573 1587 4636 erit,
1611 4587 1734 4627 cum
1760 4573 1911 4626 dixe-

2009 4581 2101 4622 mo
2120 4581 2388 4620 annorum
2419 4564 2619 4630 veniet,
2655 4573 2708 4617 et
2741 4563 2992 4617 venietin
3027 4571 3247 4626 terram,
3291 4577 3413 4632 quae
3457 4577 3582 4630 per-

338 4666 443 4719 rint
470 4666 538 4719 ad
571 4674 626 4720 te
652 4665 747 4720 ﬁlii
779 4666 966 4735 populi
1013 4666 1089 4720 tui
1117 4705 1134 4731 ,
1182 4669 1249 4734 >ε<
1278 4666 1518 4721 dicentes
1553 4665 1574 4732 1
1612 4681 1625 4717 :
1659 4664 1779 4719 Non
1810 4680 1912 4719 an-
2007 4673 2163 4714 versa
2189 4666 2271 4713 est
2301 4673 2328 4711 a
2365 4656 2560 4725 gladio,
2595 4663 2978 4726 congregatam
3003 4668 3067 4708 ex
3095 4653 3346 4724 gentibus
3371 4653 3578 4717 multis,

337 4758 554 4812 nuntias
586 4758 768 4823 nobis,
802 4758 932 4826 quid
974 4757 1084 4812 sint
1118 4758 1232 4812 hac
1279 4757 1414 4812 tibi?
1447 4758 1528 4811 19.
1575 4757 1641 4812 Ει
1664 4757 1814 4813 dices
1845 4757 1913 4813 ad
2010 4767 2174 4822 super
2193 4752 2394 4805 terram
2419 4747 2654 4813 lsraelis,
2683 4762 2802 4816 quae
2829 4745 2971 4800 facta
2995 4753 3079 4799 est
3097 4745 3309 4799 deserta
3330 4743 3578 4808 omnino,

337 4864 426 4905 eos
459 4865 473 4900 :
510 4848 638 4904 Hzec
667 4849 802 4904 dicit
834 4848 1098 4904 Dominus
1131 4848 1398 4902 Dominus
1431 4865 1444 4901 :
1476 4848 1617 4903 Ecce
1662 4864 1765 4918 ego
1816 4865 1912 4904 su-

337 4955 476 4994 mam
525 4940 728 4995 tribum
781 4939 1006 5008 Joseph,
1063 4954 1186 5008 quae
1215 4938 1269 4992 in
1311 4954 1476 4992 manu
1532 4938 1803 5008 Ephrtem,
1852 4947 1928 4992 et

337 5033 508 5087 tribus
529 5030 770 5095 lsraelis,
789 5046 910 5098 quae
939 5030 1210 5099 adjuncta:
1230 5040 1358 5083 sunt
1385 5030 1454 5095 ei,
1479 5029 1552 5096 (b)
1579 5039 1631 5083 et
1651 5029 1790 5083 dabo
1812 5043 1908 5083 eos

337 5137 494 5192 super
522 5124 724 5177 tribum
755 5121 926 5186 Judae,
964 5131 1018 5178 et
1050 5131 1211 5176 erunt
1234 5121 1288 5174 in
1321 5121 1526 5191 virgam
1555 5136 1744 5186 unam,
1769 5124 1929 5189 χει·

337 5224 493 5270 erunt
519 5231 690 5270 unum
731 5217 754 5284 1
802 5214 857 5268 in
889 5229 1053 5268 manu
1082 5211 1258 5268 Judte.
1285 5212 1378 5268 20.
1420 5213 1489 5267 Et
1533 5222 1691 5268 erunt
1720 5214 1904 5282 virgte,

338 5321 500 5376 super
526 5309 733 5378 quibus
774 5317 829 5361 tu
863 5305 1131 5375 scripsisti
1177 5320 1343 5374 super
1376 5305 1478 5369 eis,
1521 5305 1576 5358 in
1617 5319 1783 5358 manu
1812 5311 1904 5357 tua

336 5408 518 5449 coram
559 5396 662 5451 eis.
695 5395 785 5449 2i.
841 5393 908 5448 Et
957 5395 1108 5450 dices
1145 5394 1228 5452 eis
1261 5409 1275 5447 :
1311 5393 1437 5448 Haec
1463 5394 1596 5449 dicit
1641 5392 1908 5456 Dominus

340 5484 598 5543 Dominus
625 5506 638 5542 :
668 5486 806 5540 Ecce
835 5501 937 5556 ego
965 5501 1123 5540 sumo
1155 5500 1372 5541 omnem
1421 5485 1643 5540 domum
1695 5482 1908 5540 Israelis

394 5643 475 5714 (ῃ)
527 5643 824 5700 Introdueo
855 5643 906 5714 i_n
938 5659 1054 5699 vos.

1121 5625 1297 5714 (z)S.,
1343 5643 1464 5708 Tlt.,
1491 5644 1685 5698 virtus.
1767 5640 1846 5714 (α)
1875 5640 1958 5714 5.,
1993 5649 2048 5694 et
2077 5649 2300 5714 ponam.

2009 4852 2065 4898 et
2094 4843 2184 4897 hic
2209 4857 2275 4897 ex
2305 4841 2556 4913 gentibus
2587 4839 2793 4903 exivit,
2824 4848 2878 4892 et
2912 4837 3235 4892 babitabunt
3262 4850 3426 4905 super
3452 4848 3584 4904 pace

2015 4949 2227 4991 omnes.
2260 4933 2313 4987 9.
2348 4933 2415 4986 Et
2450 4931 2712 4985 ascendes
2764 4930 2840 4999 (It)
2885 4930 3026 4984 sicut
3076 4927 3278 4997 pluvia,
3325 4935 3379 4981 et
3397 4927 3583 4983 venies

2015 5025 2158 5080 sicut
2186 5023 2378 5086 nubes,
2413 5030 2469 5076 et
2497 5021 2710 5091 operies
2739 5028 2960 5082 terram,
2989 5028 3042 5072 et
3072 5017 3232 5071 cades
3259 5025 3338 5079 tu,
3370 5024 3424 5070 et
3463 5031 3584 5069 om-

2015 5131 2130 5180 nes,
2165 5115 2256 5184 qui
2287 5113 2428 5183 apud
2458 5121 2528 5174 te,
2565 5121 2618 5166 et
2646 5119 2832 5181 gentes
2867 5109 3050 5163 multa:
3079 5123 3204 5162 cum
3238 5116 3306 5160 te.
3341 5106 3424 5160 10.
3460 5105 3584 5160 liatc

2013 5209 2146 5262 dicit
2171 5205 2437 5261 Dominus
2463 5202 2728 5258 Dominus
2761 5218 2774 5253 :
2801 5201 2866 5254 Et
2894 5201 2998 5254 erit
3023 5200 3078 5253 in
3111 5200 3198 5253 die
3231 5199 3324 5252 illo
3345 5238 3359 5262 ,
3391 5213 3586 5253 ascen-

2013 5301 2144 5356 dent
2169 5300 2334 5354 verba
2369 5313 2531 5367 super
2551 5312 2646 5351 cor
2663 5305 2840 5358 tuum,
2861 5303 2915 5348 et
2943 5291 3208 5363 cogitabis
3227 5291 3584 5361 cogitationes

2013 5389 2208 5453 malas,
2240 5389 2327 5442 11.
2361 5395 2416 5442 et
2434 5387 2582 5442 dices
2610 5405 2624 5441 :
2649 5383 2953 5440 Ascendam
2980 5397 3145 5452 super
3165 5390 3364 5437 terram
3396 5381 3588 5450 expul-

2015 5495 2155 5545 sam,
2188 5479 2400 5534 veniam
2431 5492 2595 5548 super
2623 5475 2968 5547 quiescentes
2995 5474 3050 5528 in
3097 5473 3302 5546 quiete,
3347 5481 3401 5527 et
3428 5471 3584 5525 habi-

2387 5633 2459 5704 (b)
2503 5633 2586 5698 S.,
2609 5641 2663 5689 et
2694 5632 2836 5704 dabo
2863 5645 3115 5704 easgcum
3147 5629 3359 5704 illaLut
3383 5627 3585 5680 intelli-

331 5698 629 5784 ετιῖἰίἤιιιιὲ
671 5714 818 5784 regia
847 5698 1025 5767 Judae.
1101 5698 1712 5782 (c)'S.,'avers’ionibus.
1772 5698 2579 5784 Id)S.,_et'conlirmaboeos.
2660 5703 2726 5774 (ε)
2759 5701 3078 5768 S.,ordina.
3153 5700 3220 5769 (f)
3242 5698 3362 5765 Th.,
3387 5707 3440 5752 et
3465 5713 3607 5752 cur.

329 5783 415 5842 nia
451 5783 838 5841 sustentacula
865 5784 1001 5852 ejus.
1083 5785 1157 5852 (gl
1179 5785 1316 5839 Cum
1357 5793 1427 5840 te.

1511 5784 1585 5854 (Ιι)
1619 5783 1700 5850 8.,
1737 5775 1937 5838 subito.
1979 5779 2100 5846 Th.,
2138 5779 2279 5835 sicut
2304 5775 2485 5831 turbo.
