4122 6320
511 355 646 415 27όῖ

1602 346 1824 404 CODEX
1870 344 2655 405 SYRIACO-HEXAPLARIS.

3619 350 3761 409 2748

511 484 688 528 tantes
729 486 892 542 super
927 484 1057 541 pace
1081 513 1094 537 ,
1127 484 1317 526 omnes
1370 467 1740 525 inhabitantes
1771 476 1993 531 terram,
2028 466 2080 519 in
2112 470 2159 525 Α
2186 464 2373 520 dextra
2401 477 2513 529 tua,
2549 474 2602 519 et
2629 460 2878 534 dejiciam
2916 473 2965 519 te
2984 464 3036 521 ι.
3071 479 3234 536 super
3268 473 3481 521 montes
3522 464 3765 538 lsraelis,

509 580 617 635 qua
649 579 755 619 non
784 574 867 619 est
889 579 1098 627 murus,
1126 578 1302 632 neque
1331 569 1608 626 vectes,et
1626 568 1797 629 portae
1826 573 1934 611 non
1957 564 2085 610 sunt

508 658 610 723 eis,
644 658 729 711 12.
762 656 829 710 ad
884 655 1270 726 captivandum
1326 652 1715 723 captivitatem,
1755 659 1810 704 et
1848 650 1912 703 ad
1947 663 2083 717 prae-

506 749 748 803 dandum
791 747 1045 815 praedam}
1066 760 1276 809 eorum,
1308 744 1376 798 ad
1401 740 1827 797 convertendum
1860 753 2081 792 manum

512 854 685 893 meam
723 842 775 892 in
811 848 1013 892 terram
1062 835 1390 897 desolatam,
1448 847 1569 901 quae.
1608 830 1852 885 habitata
1887 842 2003 895 est,
2032 842 2085 883 et

509 946 674 1000 super
700 938 913 999 gentem
945 936 1327 996 congregalam
1350 940 1416 979 ex
1450 924 1701 995 gentibus
1742 924 1948 987 multis,
1990 923 2083 993 qui

512 1022 761 1077 fecerunt
793 1019 1193 1089 possessiones,
1218 1020 1285 1085 ῖς(
1318 1026 1371 1071 et
1402 1016 1816 1085 acquisitionem
1849 1016 1896 1086 ζ,
1929 1014 2083 1069 habi-

511 1122 687 1169 tantes
712 1126 875 1182 super
904 1111 1225 1166 umbilicum
1263 1119 1440 1165 terrae.
1473 1110 1559 1165 l3.
1597 1107 1761 1175 Saba,
1793 1119 1849 1163 et
1874 1108 2081 1171 Dadan,

509 1214 566 1259 et
604 1205 966 1275 negotiatores
1013 1202 1469 1275 Carthaginienses
1494 1241 1511 1266 ,
1540 1203 1601 1273 (i)
1631 1211 1686 1257 et
1726 1217 1915 1257 omnes
1947 1202 2086 1255 villae

510 1311 702 1351 eorum
735 1297 917 1351 dicent
942 1295 1069 1350 tibi:
1095 1295 1470 1364 Captivitatem
1500 1286 1565 1349 ad
1592 1295 1861 1364 captivam
1889 1294 2090 1349 ducen-

512 1388 634 1442 dam
671 1397 726 1442 tu
751 1388 924 1449 venis,
961 1400 1015 1439 et
1047 1385 1111 1439 ad
1157 1383 1512 1455 praedandum
1544 1383 1820 1452 praedam:
1856 1396 2086 1451 congre-

512 1479 649 1547 gasti
679 1477 1155 1545 congregationem
1183 1485 1354 1540 tuam,
1382 1476 1448 1529 ad
1472 1472 1769 1528 tollendum
1798 1481 2083 1542 argentum

510 1578 565 1621 et
585 1582 804 1631 aurum,
837 1567 901 1620 ad
933 1566 1323 1636 acquirendum
1349 1565 1802 1636 acquisitionem,
1839 1565 1905 1618 ad
1943 1578 2083 1635 prae-

508 1658 747 1713 dandum
784 1657 1019 1727 praedam
1057 1660 1123 1724 Χ
1148 1655 1219 1727 (Ic)
1261 1671 1511 1727 magnam
1540 1657 1588 1726 ζ.
1621 1656 1707 1710 ll.
1732 1653 1958 1724 Propter
1983 1654 2086 1707 hoc

509 1751 789 1820 propheta,
827 1751 902 1803 lili
950 1750 1206 1829 hominis,
1241 1757 1295 1804 et
1335 1750 1422 1805 die
1468 1749 1534 1804 ad
1592 1747 1749 1817 Gog:
1798 1745 1924 1801 Haec
1952 1746 2084 1801 dicit

2186 565 2241 612 et
2273 557 2435 611 cades
2471 566 2550 619 tu,
2577 567 2629 612 et
2661 572 2873 619 omnes,
2898 558 2989 627 qui
3016 559 3158 629 apud
3192 568 3262 624 te,
3297 568 3351 613 et
3382 568 3591 629 gentes,
3640 578 3765 631 qua

2186 659 2310 698 cum
2346 655 2396 697 te
2421 684 2436 707 ,
2486 643 2763 699 dabuntur
2806 646 2859 699 in
2897 647 3300 703 multitudinem
3342 650 3523 704 avium
3554 690 3570 713 ,
3611 653 3764 706 omni

2188 734 2416 798 volucri,
2441 744 2494 789 et
2514 736 2769 791 omnibus
2800 736 2989 793 bestiis
3024 741 3201 808 campi
3232 740 3354 794 dedi
3409 751 3459 796 te
3503 742 3570 796 ad
3598 743 3763 798 devo-

2188 826 2440 879 randum.
2469 826 2519 881 5.
2552 827 2729 896 Super
2768 828 2907 885 facie
2937 831 3113 900 campi
3148 831 3334 895 cades,
3387 834 3513 902 quia
3539 850 3641 905 ego
3684 835 3767 890 lo-

2186 925 2346 970 cutus
2380 931 2527 981 sum,
2556 918 2688 973 dicit
2728 916 2997 974 Dominus
3030 920 3309 976 Dominus.
3345 924 3398 978 6.
3446 923 3512 979 Et
3545 926 3763 981 mittam

2188 1004 2365 1074 ignem
2394 1021 2559 1075 super
2604 1006 2816 1077 Magog,
2851 1017 2906 1063 et
2947 1009 3335 1065 habitabuntur
3380 1012 3572 1068 insulze
3596 1031 3767 1085 super

2186 1110 2339 1164 pace,
2370 1106 2425 1151 et
2456 1097 2650 1163 scient,
2673 1098 2818 1169 quod
2847 1114 2949 1169 ego
2988 1116 3109 1155 sum
3149 1103 3433 1158 Dominus.
3472 1104 3524 1159 7.
3558 1105 3626 1160 Et
3660 1122 3764 1162 no-

2188 1202 2309 1241 men
2334 1199 2584 1244 sanetum
2607 1205 2788 1245 meum
2816 1192 3116 1248 innotescet
3150 1195 3204 1249 in
3241 1196 3421 1251 medio
3443 1199 3629 1267 populi
3652 1201 3763 1255 mei

2186 1276 2425 1344 lsraelis,
2447 1291 2499 1336 et
2537 1297 2643 1336 non
2696 1283 2970 1353 polluetur
3027 1299 3225 1339 nomen
3275 1297 3523 1343 sanetum
3577 1307 3763 1347 meum

2188 1374 2441 1441 amplius,
2481 1382 2535 1428 et
2567 1374 2740 1429 scient
2772 1373 2845 1448 (ο)
2880 1379 3246 1447 gentes,quod
3277 1396 3377 1450 ego
3422 1397 3544 1437 sum
3573 1384 3764 1440 Domi-

2188 1478 2292 1517 nus
2321 1456 2547 1521 sanctus
2578 1464 2812 1522 lsraelis.
2846 1467 2899 1522 8.
2932 1466 3069 1523 Ecce
3105 1471 3271 1536 venit,
3306 1481 3361 1527 et
3411 1475 3571 1542 scies,
3610 1479 3763 1545 quod

2187 1556 2310 1620 erit,
2352 1558 2485 1613 dicit
2518 1556 2594 1628 (p)
2626 1558 2889 1615 Dominus
2930 1560 3210 1619 Dominus.
3248 1563 3346 1619 ilic
3396 1576 3482 1621 est
3530 1567 3668 1634 dies,
3703 1570 3763 1625 in

2188 1663 2299 1717 quo
2331 1649 2543 1705 loeutus
2565 1666 2707 1705 sum.
2728 1651 2780 1706 9.
2808 1652 3166 1722 Egredieutur
3193 1656 3500 1713 habitantes
3521 1658 3575 1712 in
3606 1660 3763 1715 urbi-

2189 1741 2291 1796 bus
2323 1741 2561 1808 lsraelis,
2595 1745 2661 1812 )a(
2698 1753 2752 1797 et
2781 1744 3069 1801 incendent
3107 1747 3129 1814 ζ
3166 1755 3220 1801 et
3249 1748 3647 1804 comburentin
3673 1765 3765 1805 ar-

510 1842 775 1896 Dominus
811 1827 1074 1895 Dominus
1111 1856 1124 1891 :
1151 1839 1341 1895 Nonne
1378 1841 1431 1894 in
1460 1841 1545 1895 die
1580 1840 1690 1907 illo,
1724 1830 1847 1893 eum
1874 1836 2086 1891 Itabita-
2118 1827 2162 1883 Β
2188 1833 2313 1897 mis,
2360 1834 2411 1887 in
2460 1833 2681 1905 clypeis,
2714 1844 2768 1890 et
2799 1836 2853 1890 in
2898 1837 3123 1902 lanceis,
3154 1847 3211 1893 ct
3240 1840 3293 1893 in
3326 1841 3583 1907 arcubus,
3614 1852 3671 1899 et
3704 1845 3760 1899 in

510 1933 647 1985 rerit
674 1932 903 2000 populus
934 1946 1087 1985 meus
1123 1932 1286 1985 Israel
1337 1946 1499 2000 super
1541 1944 1694 1999 pace,
1732 1928 1961 1999 surges?
2001 1927 2080 1982 l5.

509 2021 574 2075 Et
601 2021 783 2075 venies
814 2037 877 2075 ex
906 2022 1024 2076 loco
1058 2030 1151 2075 tuo
1186 2022 1255 2075 ab
1279 2030 1523 2076 extremo
1548 2020 1839 2090 aquilonis,
1871 2028 1925 2074 et
1953 2033 2086 2089 gen-

507 2122 590 2168 ιυε
645 2113 829 2166 multae
877 2127 1001 2167 cum
1040 2121 1130 2166 te:
1188 2127 1508 2167 aseensores
1552 2126 1819 2181 equorum
1870 2125 2081 2176 omnes,

506 2205 856 2275 congregatio
889 2218 1106 2273 magna,
1125 2214 1178 2258 et
1202 2203 1374 2256 virtus
1402 2203 1591 2256 multa.
1616 2202 1701 2256 l6.
1727 2201 1793 2254 Et
1823 2201 2084 2255 ascendes

507 2310 672 2364 super
715 2294 973 2364 populum
1027 2309 1207 2347 meum
1266 2294 1553 2358 lsraelem,
1604 2293 1747 2346 sicut
1780 2291 1972 2357 nubes,
2025 2298 2085 2345 ut

506 2388 722 2457 operias
766 2396 966 2441 terram
995 2402 1009 2439 :
1047 2386 1101 2440 in
1133 2396 1379 2441 extremo
1417 2385 1627 2440 dierum
1657 2386 1781 2449 erit,
1829 2392 1884 2437 et
1913 2384 2084 2438 addu-

507 2495 625 2532 cam
655 2487 705 2533 te
734 2494 900 2548 super
929 2489 1128 2531 terram
1163 2486 1333 2543 tuam,
1366 2486 1425 2531 ut
1454 2479 1629 2533 sciant
1672 2491 1864 2531 omnes
1894 2482 2083 2546 gentes

508 2584 614 2628 me,
674 2583 799 2622 cum
864 2569 1237 2622 sanctilieatus
1292 2567 1448 2622 fuero
1510 2568 1565 2622 in
1624 2576 1675 2621 te
1722 2581 1905 2621 coram
1962 2566 2080 2629 eis,

511 2666 574 2728 >ε<
606 2661 720 2730 Gog
754 2661 799 2728 ζ.
836 2659 921 2712 17.
967 2658 1091 2714 Haec
1138 2660 1272 2715 dicit
1318 2659 1583 2715 Dominus
1622 2660 1888 2715 Dominus
1926 2672 1989 2713 σε»
2014 2657 2081 2711 ad

505 2754 621 2823 tiog
652 2752 705 2821 ξε
738 2751 816 2806 Tu
849 2767 930 2814 es,
957 2751 1023 2805 de
1052 2767 1160 2821 quo
1187 2752 1401 2807 loeutus
1423 2766 1542 2825 sum
1570 2759 1694 2806 ante
1726 2751 1860 2815 dies,
1903 2749 1995 2819 qui
2015 2749 2083 2803 ab

506 2850 753 2915 antiquo,
776 2860 869 2915 per
895 2858 1115 2897 manum
1171 2858 1454 2897 servorum
1491 2858 1735 2896 meorum
1793 2843 2083 2913 propheta-

510 2953 630 2993 tum
663 2936 896 3000 lsraelis,
927 2938 994 3004 ἢ(
1027 2935 1119 3006 qui
1149 2935 1172 3004 ζ
1201 2935 1594 3004 prephetarunt
1624 2934 1678 2988 iu
1720 2934 1913 2989 diebus
1938 2934 2079 2999 istis,

506 3038 560 3082 tl
590 3032 769 3093 annis,
814 3036 872 3081 ut
910 3026 1235 3081 adducerem
1278 3034 1330 3080 te
1353 3040 1516 3094 super
1546 3041 1664 3081 eos.
1691 3025 1776 3079 18.
1808 3025 1873 3079 Et
1902 3027 2006 3080 erit
2029 3026 2080 3078 in

507 3120 594 3173 die
632 3119 726 3172 illo
752 3160 766 3184 ,
820 3119 872 3171 in
909 3116 997 3171 die
1027 3157 1040 3181 ,
1096 3133 1205 3187 quo
1241 3116 1447 3169 venerit
1485 3115 1601 3182 Gog
1660 3130 1824 3212 super
1884 3122 2080 3212 terram
2112 3154 2153 3212 ο

510 3211 742 3272 lsraelis.
779 3209 912 3263 dicit
961 3207 1225 3262 Dominus
1285 3206 1569 3271 Dominus,
1629 3205 1884 3259 ascendet
1933 3204 2085 3257 furor

507 3319 661 3358 meus
684 3307 751 3371 3K
773 3303 826 3356 in
861 3302 940 3355 ira
966 3316 1085 3354 mea
1112 3298 1160 3367 ζ,
1180 3299 1267 3353 19.
1292 3306 1347 3352 et
1380 3298 1530 3352 zelus
1562 3312 1738 3362 meus,
1761 3296 1813 3351 in
1842 3296 1964 3366 igne
1992 3296 2086 3349 ira:

509 3412 642 3450 mea:
688 3396 904 3448 locutus
936 3409 1079 3456 sum,
1112 3390 1216 3445 nisi
1250 3389 1304 3444 in
1350 3389 1439 3443 die
1485 3389 1580 3443 illo
1637 3388 1742 3443 erit
1790 3387 2085 3442 commotio

509 3498 703 3553 magna
732 3499 893 3552 super
921 3491 1063 3535 terra
1088 3478 1324 3545 lsraelis,
1355 3476 1445 3533 ΞΟ.
1469 3486 1523 3531 et
1544 3478 2035 3531 commovebuntur
2054 3491 2085 3530 a

509 3574 645 3627 facie
675 3573 735 3642 (Ι)
772 3586 890 3625 mea
937 3573 1114 3639 pisces
1138 3570 1325 3631 maris,
1353 3579 1406 3623 et
1434 3568 1682 3621 volucres
1721 3568 1864 3631 caeli,
1905 3575 1960 3622 et
1990 3567 2085 3621 he-

509 3664 627 3719 SLia:
657 3662 856 3730 campi,
887 3670 939 3712 et
972 3675 1131 3712 omne
1157 3660 1366 3727 reptile,
1396 3659 1541 3727 quod
1566 3659 1705 3728 repit
1734 3674 1897 3728 super
1921 3669 2082 3723 terra,

507 3765 562 3808 et
595 3768 785 3808 omnes
808 3750 1076 3814 homines,
1106 3751 1197 3819 qui
1232 3766 1391 3820 super
1420 3750 1557 3805 facie
1578 3761 1757 3815 terrm,
1793 3763 1847 3807 et
1876 3752 2085 3806 discer-

511 3856 705 3914 pentur
732 3852 962 3907 montes,
989 3850 1042 3895 et
1070 3842 1266 3896 cadent
1289 3843 1382 3910 (m)
1416 3842 1599 3908 valles,
1625 3844 1871 3898 ctomnis
1895 3860 2086 3899 murus

510 3952 674 4007 super
706 3945 904 3989 terram
934 3934 1091 3988 cadet
1127 3952 1139 3987 :
1165 3934 1255 3987 21.
1300 3944 1352 3987 et
1385 3934 1590 3988 vocabo
1626 3950 1787 4004 super
1811 3951 1935 3989 eum
1964 3950 2086 3989 om-

513 4044 631 4083 nem
679 4027 1025 4083 formidinem
1090 4027 1250 4097 gladii
1282 4030 1351 4095 Χ
1396 4027 1452 4081 in
1499 4028 1755 4083 omnibus
1808 4028 2088 4082 montibus

511 4123 648 4177 meis
682 4121 731 4189 ζ,
775 4121 905 4175 dicit
953 4119 1217 4174 Dominus
1251 4118 1553 4174 Dominus:
1594 4120 1806 4190 gladius
1845 4120 2085 4175 hominis

513 4228 677 4283 super
702 4211 924 4265 fratrem
945 4227 1105 4266 suum
1128 4212 1249 4265 erit.
1271 4209 1360 4265 22.
1386 4210 1720 4280 Etjudicabo
1743 4227 1867 4267 eum
1889 4222 2083 4279 morte,

512 4317 567 4361 et
594 4305 879 4375 sanguine,
914 4313 967 4358 et
996 4304 1175 4374 pluvia
1203 4303 1520 4371 inundante,
1546 4314 1601 4359 et
1627 4306 1896 4374 lapidibus
1920 4323 2084 4378 gran-

510 4403 660 4457 dinis
717 4406 772 4450 et
820 4397 1020 4465 ignem,
1069 4404 1123 4449 et
1162 4396 1391 4464 sulphur
1427 4395 1613 4464 pluere
1666 4395 1865 4452 faciam
1920 4414 2086 4467 super

2186 1924 2418 1994 sagittis,
2451 1926 2577 1979 etin
2610 1926 2819 1982 baculis
2846 1943 3126 1994 manuum,
3158 1942 3211 1985 et
3235 1930 3287 1984 in
3316 1933 3511 2001 hastis,
3549 1943 3604 1989 et
3633 1950 3765 1991 sue-

2185 2017 2418 2070 cendent
2440 2017 2493 2070 in
2524 2016 2604 2071 eis
2635 2018 2812 2088 ignem
2850 2029 3055 2088 septem
3088 2023 3267 2089 annis,
3307 2024 3394 2078 10.
3440 2034 3493 2080 et
3526 2041 3634 2081 non
3663 2042 3763 2082 su-

2186 2116 2335 2161 ment
2368 2108 2510 2177 ligna
2535 2123 2600 2162 ex
2646 2124 2861 2179 campo,
2891 2126 3067 2180 neque
3098 2113 3306 2168 caedent
3338 2130 3404 2169 ex
3452 2116 3626 2184 silvis,
3664 2118 3761 2174 sed

2187 2213 2336 2251 arma
2372 2200 2694 2254 comburent
2722 2201 2877 2270 igne:
2911 2212 2963 2257 et
2992 2205 3233 2273 captivos
3267 2206 3466 2261 ducent
3511 2208 3632 2273 hos,
3662 2210 3760 2279 qui

2187 2291 2431 2359 Captivos
2480 2290 2759 2346 duxerunt
2809 2307 2924 2357 eos,
2962 2305 3014 2347 et
3069 2296 3458 2364 prmdabuntur
3487 2299 3609 2365 hos,
3661 2301 3759 2371 qui

2186 2384 2408 2455 praedati
2448 2393 2578 2438 sunt
2607 2401 2722 2451 eos,
2771 2385 2905 2441 dicit
2955 2385 3220 2444 Dominus
3259 2390 3539 2448 Dominus.
3571 2393 3657 2448 11.
3694 2394 3763 2449 Et

2186 2473 2288 2527 erit
2317 2473 2371 2527 in
2407 2473 2495 2527 die
2525 2474 2636 2536 illo.
2668 2476 2809 2530 dabo
2839 2476 2953 2547 Gog
2982 2478 3160 2533 locum
3188 2482 3549 2550 nominatum,
3574 2488 3761 2557 sepul-

2186 2576 2339 2616 crum
2369 2562 2421 2615 iu
2456 2563 2654 2619 lsraele
2678 2564 2751 2635 (ιι)
2800 2568 3045 2637 sepulcra
3076 2585 3285 2637 eorum,
3327 2575 3418 2643 qui
3447 2576 3764 2633 ceciderunt

2186 2670 2350 2725 super
2386 2673 2505 2714 earn
2539 2676 2658 2731 quze
2683 2657 2825 2727 apud
2858 2675 3029 2725 mare,
3064 2670 3117 2714 et
3138 2661 3483 2719 aediﬁcabant
3504 2668 3763 2724 obstacu-

2185 2749 2298 2804 lum
2332 2752 2413 2806 ori
2439 2752 2615 2808 vallis.
2644 2754 2729 2808 l2.
2764 2756 2833 2825 (r)
2857 2756 2925 2809 Et
2950 2756 3226 2815 defodient
3260 2776 3384 2815 eum
3427 2763 3502 2817 ibi
3529 2763 3675 2834 Gog,
3706 2774 3763 2822 et

2186 2856 2400 2896 omnem
2447 2844 2846 2901 multitudinem
2877 2849 3016 2917 ejus,
3045 2859 3100 2904 et
3150 2853 3435 2907 vocabitur
3476 2854 3642 2910 Terra
3671 2871 3764 2911 se-

2186 2932 2359 3001 pulcri
2393 2934 2527 3006 Gog.
2565 2935 2648 2991 l3.
2682 2936 2749 2991 Et
2774 2936 3053 2995 defodient
3083 2956 3179 2997 eos
3207 2943 3401 3001 domus
3425 2944 3661 3015 lsraelis,
3698 2957 3764 3005 ut

2187 3026 2480 3081 mundetur
2510 3037 2655 3083 terra
2699 3030 2753 3083 in
2781 3040 2986 3100 septem
3040 3036 3347 3101 mensibus,
3397 3048 3450 3092 et
3482 3039 3765 3095 defodient

2186 3131 2283 3173 eos
2308 3120 2489 3175 omnis
2518 3122 2751 3191 populus
2776 3130 2952 3189 terrae,
2980 3133 3036 3179 et
3054 3127 3161 3180 erit
3191 3128 3271 3182 eis
3301 3128 3355 3181 in
3389 3130 3762 3188 celebritatem

2187 3207 2325 3274 dies,
2352 3226 2460 3291 quo
2490 3212 2822 3281 glorilicatus
2848 3230 2993 3279 sum,
3028 3218 3159 3272 dicit
3188 3217 3451 3274 Dominus
3474 3220 3762 3280 Dominus.

2190 3300 2275 3354 14.
2309 3290 2372 3356 Ει
2396 3303 2538 3359 viros
2564 3320 2776 3374 semper
2810 3319 3112 3376 secernent,
3145 3312 3239 3379 qui
3274 3312 3615 3369 circumeunt
3652 3324 3764 3371 ter-

2189 3403 2328 3459 ram,
2369 3399 2427 3445 ut
2477 3394 2742 3462 sepeliant
2781 3398 2848 3464 Χ
2895 3413 3017 3451 eum
3068 3399 3538 3458 circumeuntihus
3584 3405 3761 3473 :eos,

2187 3483 2279 3550 qui
2311 3485 2669 3540 remanserint
2693 3502 2853 3556 super
2880 3487 3016 3543 faeie
3047 3501 3224 3559 terrae,
3270 3505 3329 3548 ut
3355 3496 3618 3551 mundcnt
3636 3513 3762 3552 eam

2187 3583 2306 3642 post
2338 3560 2540 3643 septem
2571 3592 2808 3641 menses,
2831 3587 2884 3633 et
2915 3590 3176 3649 quaerent.
3223 3583 3309 3637 15.
3349 3582 3549 3642 Omnes
3581 3598 3765 3643 trans-

2187 3674 2381 3721 euntes
2411 3676 2632 3732 terram,
2664 3679 2718 3723 et
2746 3686 2869 3725 cum
2906 3673 3099 3728 viderit
3137 3690 3200 3731 os
3230 3676 3492 3743 hominis,
3528 3680 3766 3735 aedifica-

2188 3756 2265 3811 bit
2304 3758 2446 3826 apud
2480 3760 2630 3813 illum
2661 3761 2900 3830 signum,
2933 3763 3107 3820 donec
3136 3767 3400 3835 sepeliant
3429 3769 3560 3825 illud
3606 3787 3765 3842 sepe-

2190 3849 2452 3905 lientesin
2473 3850 2639 3906 Terra
2666 3854 2901 3923 sepulcri
2923 3854 3057 3927 Gog.
3090 3857 3174 3912 16.
3208 3858 3416 3914 Etenim
3447 3877 3642 3916 nomen
3669 3880 3767 3918 ur-

2187 3942 2273 3996 bis
2301 3945 2366 4013 (s)
2400 3942 2718 4013 Sepulcrum
2754 3965 2767 3999 :
2800 3956 2854 4000 et
2884 3947 3235 4004 mundabitur
3268 3960 3430 4007 terra.
3465 3955 3551 4008 17.
3582 3954 3647 4008 Ει
3680 3968 3761 4021 ιιι,

2188 4034 2263 4087 fili
2291 4035 2550 4100 hominis,
2578 4038 2691 4092 haec
2717 4038 2848 4093 dicit
2869 4038 3133 4096 Dominus
3162 4042 3426 4098 Dominus
3451 4061 3465 4096 :
3492 4044 3588 4100 Die
3609 4046 3761 4100 omni

2187 4125 2272 4179 avi
2308 4125 2533 4191 volatili,
2559 4137 2615 4181 et
2646 4126 2713 4180 ad
2752 4144 2941 4183 omnes
2966 4130 3172 4186 bestias
3208 4134 3381 4202 campi
3415 4150 3426 4184 :
3461 4133 3768 4206 Congrega-

2188 4217 2344 4279 mini,
2381 4227 2435 4271 et
2469 4219 2666 4282 venite,
2698 4222 3106 4291 congregamini
3131 4223 3201 4276 ab
3222 4226 3497 4289 omnibus,
3522 4242 3643 4295 quae
3666 4242 3765 4296 per

2187 4308 2497 4374 circuitum,
2527 4325 2691 4380 super
2721 4311 2995 4366 vietimam
3024 4328 3223 4381 meam,
3255 4331 3416 4385 quam
3438 4332 3539 4388 ego
3560 4319 3762 4373 immo-

2188 4401 2295 4455 lavi
2331 4402 2506 4465 vobis,
2547 4401 2822 4457 victimam
2859 4419 3110 4473 magnam
3144 4422 3309 4475 super
3338 4420 3553 4465 montes
3584 4410 3766 4465 lsrae-

513 4503 659 4551 cum,
692 4497 746 4542 et
766 4504 931 4558 super
970 4503 1183 4553 omnes,
1215 4486 1304 4556 qui
1338 4502 1457 4542 cum
1485 4504 1571 4552 eo,
1606 4498 1659 4542 et
1692 4504 1856 4559 super
1895 4499 2084 4559 gentes
2116 4492 2160 4546 D
2189 4494 2279 4558 lis,
2317 4503 2372 4549 et
2398 4496 2697 4550 comedetis
2737 4510 2956 4561 carnes,
2986 4507 3039 4550 et
3067 4497 3260 4553 bibetis
3286 4501 3629 4570 sanguinem.
3672 4503 3762 4558 l8.

516 4580 713 4635 multas
745 4594 870 4634 cum
898 4595 981 4633 eo.
1014 4578 1103 4632 25.
1132 4577 1197 4631 Ει
1235 4578 1642 4647 magnificabor,
1696 4591 1748 4635 et
1775 4581 2084 4637 sanctifica-

512 4674 629 4736 hor.
666 4686 729 4728 -ι-
756 4681 809 4726 et
843 4670 1191 4740 glorilicabor
1218 4671 1265 4738 ζ,
1298 4680 1351 4723 et
1381 4670 1715 4725 iunotescam
1739 4688 1923 4727 coram
1955 4691 2084 4746 gen-

512 4768 657 4823 tibus
687 4765 894 4826 multis,
927 4772 982 4817 et
1016 4763 1210 4827 scient,
1242 4764 1386 4833 quod
1432 4779 1533 4833 ego
1561 4780 1681 4817 sum
1727 4765 2010 4823 Dominus.

581 4860 715 4930 Cap.
748 4854 995 4912 XXXIX.
1026 4886 1097 4895 --
1126 4856 1175 4909 1.
1225 4855 1290 4910 Et
1318 4867 1396 4923 tu,
1429 4856 1503 4910 fili
1526 4857 1783 4925 hominis,
1822 4860 2082 4929 propheta

513 4967 681 5022 super
706 4950 843 5021 Gog,
880 4960 934 5003 et
960 4949 1048 5003 dic
1080 4966 1093 5002 :
1128 4946 1254 5002 llam
1292 4948 1422 5001 dicit
1475 4946 1739 5003 Dominus
1766 4949 2031 5007 Dominus
2063 4968 2078 5005 :

510 5044 652 5100 Ecce
685 5058 784 5110 ego
808 5058 970 5113 super
998 5053 1069 5105 te,
1095 5040 1231 5108 GOg,
1256 5040 1552 5110 principem
1594 5040 1727 5106 Bos,
1758 5041 2001 5107 Mosocli,
2032 5053 2086 5099 et

512 5134 741 5200 Thobel,
776 5136 829 5187 2.
869 5143 924 5188 et
961 5135 1299 5203 congregabo
1330 5142 1401 5199 te,
1428 5143 1480 5188 et
1509 5133 1779 5189 deducam
1809 5144 1887 5199 te,
1921 5145 1974 5189 et
2000 5135 2083 5190 fa-

513 5230 651 5283 ciam
679 5228 973 5283 ascendere
997 5235 1047 5280 te
1069 5225 1136 5280 ab
1154 5236 1397 5281 extremo
1427 5226 1719 5295 aquilonis,
1741 5238 1794 5281 et
1818 5229 2081 5284 adducam

514 5330 569 5376 te
613 5334 775 5389 super
823 5327 1035 5373 montes
1068 5315 1299 5373 lsraelis.
1335 5318 1388 5372 5.
1420 5319 1499 5387 (u)
1535 5317 1601 5373 Et
1644 5320 1864 5389 perdam
1895 5337 2082 5378 arcum

516 5420 670 5466 tuum
692 5410 758 5465 de
780 5424 942 5464 manu
965 5420 1055 5464 tua
1082 5410 1324 5475 sinistra,
1352 5419 1405 5464 et
1433 5410 1659 5480 sagittas
1685 5419 1806 5466 tuas
1831 5412 1897 5467 de
1918 5429 2084 5467 manu

586 5524 650 5595 (ἰ)
688 5521 770 5588 8.,
813 5532 867 5577 et
897 5537 1087 5595 omnes
1115 5524 1409 5593 perniciosi
1442 5524 1627 5579 leones
1655 5526 1794 5595 ejus.

517 5590 696 5668 (n)‘S.,
724 5602 779 5645 et
806 5590 1132 5668 excutiamf
1180 5597 1491 5668 (o)_Utnnes.
1600 5590 1931 5668 (pfAdpuai.

521 5662 805 5731 transitus.
913 5665 983 5731 (r)
1020 5663 1082 5715 Et
1106 5662 1364 5731 sepelient
1413 5681 1556 5719 eum.

519 5730 896 5805 pulchrorum.

1893 5526 1966 5603 (Β)
1999 5528 2080 5603 8.,
2124 5532 2315 5603 multa.
2393 5532 2457 5603 (ί)
2497 5530 2731 5587 Domini.

2189 4588 2393 4644 Carnes
2428 4589 2707 4658 gigantum
2742 4589 3057 4655 comedetis,
3099 4600 3153 4646 et
3203 4595 3521 4664 sanguinem
3558 4597 3763 4665 princi-

2189 4696 2317 4750 pum
2349 4689 2509 4735 terra:
2540 4681 2758 4744 bibetis,
2787 4683 3009 4745 arietes,
3059 4691 3115 4738 et
3138 4684 3359 4749 vitulos,
3392 4696 3446 4740 et
3472 4686 3673 4754 hircos,
3708 4701 3765 4743 et

2189 4788 2392 4844 agnos,
2429 4773 2492 4844 (ι)
2527 4782 2580 4827 et
2610 4773 3024 4844 vitulijpingues
3058 4790 3268 4840 omnes,
3298 4778 3385 4832 19.
3420 4788 3477 4834 et
3507 4786 3767 4836 comede-

2190 4867 2260 4921 tis
2296 4866 2511 4937 adipem
2546 4867 2613 4922 ad
2640 4867 3001 4932 saturitatem,
3028 4874 3082 4922 et
3110 4866 3310 4924 bibetis
3346 4873 3664 4942 sanguinem
3696 4874 3768 4931 ad

2192 4956 2511 5012 ebrietatem
2543 4957 2609 5011 de
2630 4958 2849 5011 victima
2889 4972 3030 5023 mea,
3076 4974 3240 5028 quam
3273 4962 3550 5016 immolavi
3586 4965 3766 5021 vobis.

2190 5050 2279 5105 20.
2301 5048 2363 5102 Et
2383 5049 2735 5119 implebimini
2756 5065 2920 5118 super
2941 5065 3129 5106 mensa
3154 5068 3296 5114 mea,
3323 5069 3546 5124 equum,
3575 5071 3769 5111 ascen-

2192 5155 2391 5205 sorem,
2450 5140 2761 5207 robustum,
2812 5150 2866 5195 et
2924 5157 3141 5197 omnem
3196 5144 3372 5198 virum
3422 5145 3766 5212 bellatorem,

2192 5232 2323 5286 dicit
2347 5232 2608 5287 Dominus
2636 5231 2920 5288 Dominus.
2950 5233 3042 5288 2|.
3072 5234 3140 5289 Et
3170 5235 3311 5289 dabo
3331 5238 3559 5306 gloriam
3589 5255 3768 5295 meam

2191 5323 2249 5378 in
2276 5325 2452 5391 vobis,
2471 5333 2524 5379 et
2544 5324 2805 5379 videbunt
2834 5341 3026 5380 omnes
3046 5336 3234 5396 gentes
3254 5327 3522 5397 judicium
3560 5347 3768 5397 meum,

2197 5415 2343 5486 quod
2368 5414 2493 5479 feci,
2516 5428 2570 5471 et
2592 5432 2813 5471 manum
2837 5431 3037 5484 meam,
3066 5433 3230 5487 quam
3254 5419 3443 5475 induxi
3473 5438 3767 5492 supereos,

2838 5532 2934 5607 (in)
2962 5533 3050 5607 S.,
3084 5536 3381 5592 vallecula).
3426 5538 3550 5602 ΤΙι..
3585 5554 3764 5607 scpes.

2026 5602 2100 5679 (ᾳ)
2125 5599 2207 5679 3.,
2238 5599 2447 5679 vallem;
2474 5606 2801 5679 transituum
2836 5599 3146 5679 ab:oriente
3168 5607 3369 5679 maris,
3411 5599 3770 5679 quaecla'udit

1655 5676 1721 5735 (ε)
1771 5665 1853 5734 8.,
1898 5665 2204 5726 multitudo.
2237 5670 2360 5738 Th.,
2399 5672 2801 5748 lleb..Am0ua.

2902 5674 2967 5743 (tl
3006 5672 3091 5742 S.,
3132 5672 3766 5737 vitulorum'eibatorum
