4122 6320
289 333 427 389 £749

1499 323 1903 382 IlEZEClELlS
1939 322 2172 384 CAPUT
2211 324 2323 381 XL.

3389 320 3530 377 2750

282 449 379 503 22.
420 456 477 501 et
505 448 686 503 scient
714 449 908 504 domus
939 448 1176 513 lsraelis,
1211 445 1354 516 quod
1377 458 1478 516 ego
1508 459 1629 500 sum
1678 442 1860 497 Domi.
1887 444 1933 500 Α
1964 439 2111 497 Thee
2139 442 2401 512 aequalem
2432 439 2643 495 calamo
2675 438 3031 509 longitudine,
3062 445 3120 492 et
3142 439 3401 508 aequalem
3438 454 3532 492 ca-

283 556 392 596 nus
421 542 567 597 Deus
593 556 783 597 eorum
804 556 834 595 a
853 541 940 595 die
965 541 1089 601 hoc,
1113 548 1167 593 ct
1184 539 1459 608 deinceps.
1492 538 1580 592 25.
1602 536 1671 593 Et
1690 536 1863 591 scient

281 650 476 691 omnes
506 643 701 704 gentes
727 672 743 696 ,
793 632 935 703 quod
976 641 1198 702 propter
1235 639 1456 701 peccata
1514 644 1614 684 sua
1663 626 1861 696 captivi

279 728 431 784 ducti
456 727 685 781 fuerunt
717 726 916 780 domus
945 723 1184 787 lsraelis,
1214 737 1314 792 pro
1343 736 1409 776 eo
1439 721 1583 791 quod
1607 719 1863 789 pracvari-

280 821 387 875 cati
447 825 579 873 sunt
628 817 683 871 in
720 830 828 880 me,
858 824 914 869 et
956 814 1127 869 averti
1152 813 1347 867 faciem
1385 826 1563 865 meam
1588 811 1656 864 ab
1681 810 1783 871 eis,
1810 817 1864 863 et

280 911 479 965 tradidi
512 924 609 964 eos
639 910 695 962 in
729 922 955 962 manum
988 904 1336 960 inimicorum
1387 918 1600 966 eorum,
1632 910 1686 955 et
1721 901 1863 957 ceci-

285 1006 487 1059 derunt
509 1000 694 1071 gladio
737 1014 952 1054 omnes.
988 997 1075 1051 Ἡ.
1127 995 1433 1051 Secundum
1486 993 1862 1048 immunditias

281 1110 494 1157 eorum,
530 1101 582 1146 et
613 1089 914 1146 secundum
942 1089 1260 1158 iniquitates
1299 1100 1488 1141 eorum
1537 1084 1641 1139 feci
1681 1085 1782 1149 eis,
1808 1091 1861 1137 ct

282 1185 448 1241 averti
475 1182 677 1237 faciem
709 1196 887 1235 meam
920 1180 989 1235 ab
1005 1179 1105 1234 eis.
1131 1180 1225 1234 25.
1250 1179 1473 1247 Propter
1499 1178 1604 1232 hoc
1629 1177 1744 1231 haec
1775 1177 1860 1230 di-

284 1276 350 1330 cit
376 1273 647 1329 Dominus
680 1273 947 1328 Dominus
975 1289 989 1322 :
1024 1269 1180 1325 Nunc
1209 1270 1463 1326 reducam
1494 1268 1859 1337 captivitatem

283 1365 494 1429 Jacobi,
526 1375 580 1420 et
607 1366 907 1419 miserebor
940 1363 1138 1417 domus
1168 1360 1405 1427 lsraelis,
1432 1360 1510 1431 (ιι)
1532 1370 1587 1415 et
1621 1359 1737 1414 zelo
1757 1358 1864 1413 alli-

284 1459 394 1513 ciar
420 1466 646 1527 propter
676 1470 875 1510 nomen
902 1464 1153 1509 sanctum
1193 1468 1400 1507 meum.
1434 1450 1522 1506 26.
1558 1449 1625 1504 Et
1646 1450 1865 1520 capient

286 1549 643 1619 ignominiam
681 1562 861 1612 suam,
900 1556 954 1600 et
1003 1543 1349 1614 injusritiam,
1378 1558 1484 1612 qua
1516 1542 1720 1610 injuste
1746 1555 1866 1611 ege-

285 1648 432 1701 runt,
464 1655 593 1694 cum
629 1639 995 1693 habitaverint
1037 1637 1111 1691 illi
1151 1651 1315 1706 super
1348 1644 1550 1688 terram
1585 1649 1740 1689 suam
1772 1650 1865 1697 su-

286 1748 380 1803 per
400 1747 557 1802 pace,
588 1738 645 1786 et
670 1746 776 1785 non
805 1731 929 1794 erit,
960 1730 1052 1800 qui
1085 1736 1376 1792 exterreat,
1402 1727 1495 1782 27.
1527 1741 1651 1781 cum
1698 1725 1862 1779 redu-
1894 1770 1938 1829 Β

288 1840 418 1879 xero
446 1839 542 1879 eos
565 1839 630 1877 ex
664 1823 941 1892 gentibus,
973 1830 1026 1876 et
1050 1834 1453 1891 eongregavero
1481 1833 1575 1874 eos
1600 1832 1666 1873 ex
1697 1816 1864 1887 regio-

287 1916 447 1970 nibus
476 1915 719 1984 gentium
751 1931 765 1968 :
803 1922 862 1968 et
889 1913 1273 1968 sanetiticabor
1300 1912 1354 1965 in
1402 1911 1484 1967 eis
1515 1926 1699 1966 coram
1733 1926 1864 1980 gen-

287 2010 456 2065 tibus.
483 2008 574 2062 28.
605 2009 670 2062 Ει
697 2008 889 2071 scient,
921 2006 1067 2076 quod
1109 2020 1211 2076 ego
1261 2019 1382 2059 sum
1422 2003 1688 2060 Dominus
1718 2003 1863 2060 Deus

289 2116 499 2163 eorum,
557 2114 682 2154 cum
715 2113 1018 2168 apparuere
1043 2098 1125 2153 eis
1171 2100 1224 2151 in
1255 2097 1528 2168 gentibus,
1570 2100 1637 2164 Ἀ(
1664 2106 1718 2151 et
1740 2111 1867 2151 con-

291 2190 526 2261 gregabo
555 2204 653 2244 eos
695 2191 718 2258 ζ
752 2204 917 2256 super
950 2196 1150 2243 terram
1184 2202 1397 2251 eorum,
1434 2188 1502 2256 χ
1528 2196 1581 2241 et
1620 2201 1727 2239 non
1779 2202 1864 2240 re-

290 2283 531 2352 linquam
564 2281 800 2351 amplius
823 2281 893 2334 ab
921 2280 1001 2335 eis
1031 2280 1104 2334 ibi
1134 2279 1155 2348 ζ
1193 2298 1205 2332 :
1243 2278 1333 2333 ‘29.
1390 2287 1444 2334 et
1488 2293 1594 2333 non
1622 2287 1863 2334 avertam

291 2375 520 2443 amplius
550 2372 746 2427 faciem
780 2374 954 2427 meam
994 2372 1064 2426 ab
1089 2372 1189 2436 eis,
1227 2371 1307 2442 (κ)
1339 2386 1439 2441 pro
1461 2385 1528 2425 eo
1552 2371 1696 2440 quod
1739 2369 1869 2426 etfu-

290 2465 457 2520 derim
491 2465 732 2520 furorem
765 2480 943 2520 meum
979 2478 1144 2534 super
1170 2463 1392 2519 domum
1442 2460 1660 2519 lsraelis
1685 2502 1700 2527 ,
1735 2463 1868 2518 dicit

292 2557 555 2613 Dominus
585 2557 865 2613 Dominus.
1097 2563 1109 2571 ’

353 2649 495 2719 Cap.
527 2648 643 2702 XL.
673 2680 744 2692 —
764 2652 818 2704 1.
844 2650 907 2703 Ει
927 2648 1132 2705 factum
1158 2658 1243 2704 est
1277 2650 1330 2704 in
1354 2664 1499 2706 anno
1528 2649 1793 2719 vigesimo
1813 2657 1868 2705 et

292 2742 480 2812 quinto
500 2741 839 2812 captivitatis
865 2752 1085 2808 nostrae,
1118 2742 1195 2812 (y)
1224 2742 1278 2796 in
1306 2757 1494 2797 mense
1545 2742 1745 2812 primo,
1773 2741 1868 2797 de-

294 2834 432 2889 cimo
454 2834 684 2898 mensis,
716 2834 769 2887 in
801 2846 949 2888 anno
975 2845 1169 2903 quarto
1199 2835 1428 2899 decimo,
1454 2845 1581 2905 post
1605 2834 1866 2906 subjuga-

292 2925 491 2981 tionem
519 2926 697 2992 urbis,
730 2925 787 2980 in
814 2927 903 2982 die
934 2927 1028 2980 illo
1068 2926 1209 2981 facta
1239 2935 1325 2984 est
1357 2943 1524 2997 super
1560 2943 1647 2984 me
1669 2943 1866 2985 manus

291 3013 529 3078 Domini,
549 3024 606 3071 et
636 3015 860 3071 adduxit
886 3031 973 3070 me
996 3019 1062 3084 ἢ(
1096 3017 1228 3072 illuc
1254 3019 1301 3086 ζ,
1340 3018 1395 3070 2.
1423 3018 1478 3071 in
1501 3018 1714 3072 visione
1746 3017 1862 3081 Dei,

1965 534 2109 588 lamo
2138 532 2444 595 latitudine,
2469 541 2522 586 et
2553 530 2732 584 .Ililam
2769 529 2820 581 in
2848 526 3026 581 medio
3055 526 3281 581 Thelam
3321 527 3509 582 cubito

1965 643 2086 680 rum
2121 640 2250 680 sex:
2285 633 2340 678 et
2361 623 2507 677 Thee
2530 619 2826 676 secundum
2859 617 3124 686 aequalem
3167 617 3378 671 calamo
3416 619 3531 671 lati-

1962 719 2171 781 tudine,
2202 725 2255 772 et
2291 716 2552 785 aequalem
2585 713 2794 767 calamo
2833 707 3201 779 longitudine,
3234 715 3288 761 et
3323 706 3413 760 {El
3441 725 3535 763 cu-

1963 811 2201 866 bitorum
2235 808 2498 877 quinque,
2531 813 2584 860 et
2613 805 2758 859 Thee
2782 804 2998 859 tertium
3026 800 3286 869 mqualem
3323 799 3537 854 calamo

1964 897 2329 968 longitudine,
2369 905 2423 951 et
2460 895 2724 964 aequalem
2768 894 2984 949 calamo
3019 889 3327 953 latitudine,
3367 896 3420 942 et
3448 886 3539 941 jEl

1966 989 2171 1043 liminis
2197 1002 2227 1042 e
2257 987 2480 1057 regione
2523 985 2703 1040 Ailam
2740 994 2927 1053 portze,
2963 993 3086 1038 octo
3113 981 3448 1044 cubitorum,
3481 979 3535 1033 9.

1965 1080 2032 1152 (ε)
2052 1090 2104 1134 et
2123 1080 2253 1134 Eleu
2282 1080 2515 1160 duorum
2539 1077 2867 1144 cubitorum,
2888 1077 2950 1146 (Ι)
2978 1087 3028 1131 et
3056 1075 3235 1129 Elam
3252 1085 3423 1144 portae
3451 1075 3538 1128 in-

1964 1172 2276 1238 trinsecus;
2312 1170 2399 1223 10.
2448 1180 2502 1225 et
2527 1169 2675 1224 Thee
2724 1179 2891 1238 portae
2921 1183 2951 1222 e
2985 1168 3204 1237 regione
3229 1166 3378 1237 ejus’,
3429 1175 3540 1219 tres

1965 1264 2110 1331 hinc,
2136 1273 2312 1318 ettrcs
2332 1262 2489 1330 inde;
2507 1270 2562 1318 et
2588 1276 2842 1318 mensura
2870 1276 2976 1314 una
2995 1261 3188 1325 tribus,
3210 1267 3264 1314 et
3280 1273 3538 1314 mensura

1965 1372 2072 1412 una
2101 1355 2280 1410 lElam
2313 1354 2441 1409 hinc
2470 1364 2523 1409 et
2545 1353 2691 1408 inde.
2724 1352 2808 1406 11.
2841 1351 2907 1405 Et
2928 1366 3152 1407 mensus
3182 1359 3264 1405 est
3290 1350 3539 1405 latitudi-

1964 1464 2090 1502 nem
2130 1454 2301 1517 purta:
2324 1445 2549 1501 luminis
2576 1484 2591 1507 ,
2621 1443 2806 1499 decem
2843 1440 3176 1502 cubitorum,
3210 1449 3264 1493 et
3288 1440 3540 1494 latitudi-

1965 1553 2089 1593 nem
2123 1545 2313 1607 portte,
2348 1535 2609 1591 tredecim
2640 1518 2973 1597 cubit'orum,
3012 1532 3100 1584 12.
3138 1531 3210 1601 (g)
3235 1539 3290 1585 et
3320 1532 3537 1587 cubitus

1964 1629 2390 1685 contrahebatur
2410 1641 2603 1682 versus
2625 1624 2815 1680 faciem
2838 1622 3051 1687 Theim,
3073 1626 3139 1690 ῖς(
3161 1622 3333 1677 cubiti
3349 1623 3534 1687 unius,

1965 1730 2019 1774 et
2043 1718 2207 1773 cubili
2235 1718 2418 1783 unius,
2443 1715 2705 1771 terminus
2736 1714 2863 1768 hinc
2882 1721 2936 1768 et
2962 1712 3090 1768 inde
3120 1712 3168 1780 ζ,
3202 1711 3276 1782 (Ιι)
3306 1721 3359 1767 et
3379 1710 3532 1767 Thau

1967 1812 2276 1867 cubitorum
2313 1824 2409 1865 sex
2437 1808 2587 1872 hinc,
2615 1815 2668 1862 et
2700 1805 3012 1861 cubitorum
3040 1804 3135 1859 séx
3166 1803 3314 1858 inde.
3341 1804 3428 1858 15.
3469 1801 3536 1857 Ει

1965 1919 2190 1959 mensus
2214 1911 2299 1957 est
2321 1911 2532 1971 portam
2555 1915 2587 1955 a
2615 1915 2772 1954 muro
2804 1897 2951 1953 Thee
2981 1913 3155 1968 usque
3178 1897 3247 1952 ad
3275 1898 3533 1966 parietem

1967 1995 2140 2059 Thee,
2178 1992 2523 2048 latitudinem
2554 1990 2747 2061 viginti
2800 1998 2854 2044 et
2886 1989 3133 2058 quinque
3170 1986 3483 2042 cubitorum
3520 2005 3533 2040 :

1964 2086 2084 2142 haec
2113 2093 2268 2155 porta
2301 2097 2464 2152 super
2499 2090 2730 2151 portam,
2768 2080 2853 2133 H.
2889 2078 2951 2149 (ἱ)
2984 2087 3040 2133 et
3083 2077 3328 2133 subdiale
3355 2075 3535 2130 Elam

1966 2186 2153 2247 portae,
2180 2174 2462 2244 sexaginta
2493 2176 2557 2241 )K_
2585 2181 2641 2227 et
2662 2171 2905 2242 quinque
2931 2173 2952 2239 ζ
2979 2169 3147 2224 cubiti
3171 2168 3535 2233 extrinsecus,

1965 2275 2019 2320 et
2057 2264 2248 2319 Tbcim
2279 2262 2402 2317 atrii
2433 2271 2599 2333 portat
2632 2276 2728 2330 per
2754 2260 3067 2323 circuitum,
3104 2258 3194 2312 15.
3225 2256 3298 2328 (Ir)
3330 2266 3382 2311 et
3406 2257 3532 2311 sub-

1966 2357 2109 2411 diale
2138 2356 2200 2428 (1)
2237 2355 2362 2409 atrii
2394 2354 2737 2409 extrinsecus
2757 2392 2773 2417 ,
2804 2351 2857 2405 in
2888 2340 3134 2406 su'bdiale
3171 2348 3347 2404 jElam
3369 2357 3540 2418 parun

1968 2450 2332 2513 intrinsecus,
2363 2446 2758 2517 quinquaginta
2805 2445 3134 2500 cubitorum.
3185 2442 3272 2497 16.
3331 2441 3426 2513 (ιη)
3475 2440 3541 2495 Et

1968 2540 2218 2597 fenestra:
2256 2537 2590 2595 abscondita:
2615 2550 2777 2606 super
2815 2535 3003 2589 Thcim
3026 2575 3042 2601 ,
3078 2542 3136 2589 et
3161 2548 3325 2603 super
3355 2531 3537 2587 Elam

1969 2634 2110 2689 intra
2147 2641 2360 2702 portam
2400 2628 2524 2684 atrii
2562 2644 2656 2698 per
2684 2626 2977 2682 circuitum
3009 2644 3021 2679 :
3048 2634 3104 2681 et
3130 2623 3539 2692 similiteripsis

1966 2725 2143 2782 IElam
2174 2732 2227 2779 et
2256 2721 2510 2778 fenestrae
2538 2735 2634 2790 per
2658 2719 2947 2774 circuitum
2977 2719 3043 2784 Ἃ(
3077 2731 3172 2786 per
3192 2715 3480 2770 circuitum
3509 2714 3535 2783 ζ

1969 2818 2320 2879 intrinsecus,
2350 2820 2403 2868 et
2428 2826 2591 2881 super
2615 2809 2792 2866 Aliam
2816 2808 3008 2875 palma:
3030 2806 3157 2862 hinc
3183 2815 3237 2861 et
3265 2805 3412 2860 inde.
3445 2802 3536 2856 17.

1968 2909 2034 2964 Et
2071 2907 2376 2965 introduxit
2420 2919 2508 2960 me
2545 2904 2601 2958 in
2640 2902 2841 2957 atrium
2888 2899 3118 2954 interius
3144 2937 3158 2962 ,
3199 2906 3254 2952 et
3303 2911 3428 2953 ecce
3458 2896 3538 2967 (η)

1968 3004 2210 3066 exedra,
2265 3008 2316 3055 et
2367 2994 2789 3053 intercolumnia
2842 2994 2911 3060 Χ
2963 2990 3105 3045 facta
3148 2989 3171 3056 ζ
3209 2990 3264 3043 in
3302 2987 3537 3044 circuitu

292 3106 586 3161 ctadduxit
606 3121 693 3161 me
718 3114 896 3161 autem
921 3106 974 3160 in
996 3079 1202 3161 terram
1222 3079 1435 3163 lsraelis
1455 3148 1471 3173 ,
1500 3109 1574 3177 (ι)
1604 3118 1657 3163 et
1686 3079 1867 3177 posuit,
1891 3106 1939 3170 α
1966 3094 2116 3160 atrii,
2140 3093 2363 3163 triginta
2384 3090 2597 3146 exedra:
2621 3083 3075 3177 intercolumniis,
3100 3079 3187 3177 £8.
3215 3080 3538 3177 et-porticus

294 3211 377 3251 me
425 3212 593 3264 super
639 3211 879 3250 montem
916 3197 1193 3251 excelsum
1242 3198 1439 3263 valde,
1497 3205 1552 3251 et
1604 3212 1769 3266 super
1798 3212 1865 3252 eo

291 3289 445 3360 quasi
466 3288 758 3344 aedificium
792 3289 941 3343 urbis
965 3288 1089 3359 (a)e
1120 3288 1337 3357 regione
1366 3286 1495 3342 mei.
1525 3288 1578 3342 3.
1604 3288 1671 3342 Et
1692 3289 1867 3342 intro-

291 3382 444 3437 duxit
494 3395 585 3435 me
633 3379 808 3434 illuc:
861 3386 915 3433 et
962 3394 1092 3434 ecce
1144 3380 1249 3442 vir,
1298 3387 1352 3434 et
1405 3380 1697 3449 adspectus
1743 3381 1868 3436 aeris

292 3475 358 3545 Χ
384 3472 725 3544 splendentis
751 3474 799 3542 ζ,
826 3482 880 3526 et
909 3481 1025 3526 erat
1059 3471 1337 3525 funiculus
1366 3470 1788 3525 architectorum
1812 3469 1867 3524 in

290 3581 456 3620 manu
488 3565 631 3635 ejus,
660 3573 715 3619 et
746 3564 994 3618 calamus
1018 3578 1272 3618 mensura
1291 3565 1357 3633 χ
1378 3562 1430 3616 in
1456 3578 1621 3617 manu
1653 3563 1773 3633 ejus
1799 3564 1821 3633 ζ
1850 3580 1864 3617 :

291 3664 344 3708 et
370 3655 487 3722 ipse
511 3654 693 3708 Stabat
719 3668 884 3722 super
925 3662 1103 3723 porta.
1140 3654 1194 3708 4.
1233 3651 1299 3707 Et
1321 3652 1462 3707 dixit
1507 3656 1571 3707 ad
1615 3669 1701 3708 me
1740 3656 1864 3708 vir:

295 3758 357 3801 «t-
386 3744 583 3798 Vidisti
618 3745 665 3813 ζ,
709 3744 782 3798 [ili
813 3745 1072 3810 hominis,
1113 3745 1233 3801 vide
1266 3745 1320 3799 in
1354 3746 1530 3821 oculis
1565 3746 1694 3812 tuis,
1722 3756 1776 3801 et
1811 3747 1866 3801 in

291 3836 520 3891 auribus
551 3835 661 3891 tuis
683 3836 829 3900 audi,
855 3844 909 3890 et
935 3836 1162 3906 dispone
1192 3837 1259 3906 Χ
1290 3837 1344 3890 in
1380 3838 1403 3907 ζ
1434 3853 1529 3891 cor
1567 3848 1718 3892 tuum
1746 3853 1868 3892 om-

291 3926 402 3992 nia,
423 3942 548 3996 quae
579 3940 683 3995 ego
719 3926 1004 3980 ostendero
1024 3927 1122 3980 tibi
1149 3944 1164 3993 ;
1190 3926 1267 3998 (ὁ)
1298 3927 1424 3997 quia
1471 3929 1642 3997 gratia
1687 3938 1869 3983 osten—

292 4016 451 4072 dendi
486 4016 610 4081 tibi,
649 4017 927 4085 ingressus
971 4029 1032 4069 es
1064 4016 1194 4080 huc,
1245 4024 1298 4069 et
1353 4016 1610 4071 ostendes
1658 4017 1863 4083 omnia,

287 4121 411 4177 quae
429 4116 489 4161 tu
515 4107 687 4171 vides,
707 4106 893 4161 domui
923 4105 1161 4161 lsraelis.
1189 4105 1242 4161 5.
1268 4104 1335 4159 Et
1356 4118 1481 4161 ecce
1507 4106 1866 4175 sepimentum

291 4208 444 4252 extra
483 4196 708 4250 domum
739 4210 836 4266 per
862 4211 1075 4267 gyrum,
1111 4195 1180 4265 (c)
1211 4202 1266 4249 et
1295 4196 1350 4250 in
1382 4210 1544 4250 manu
1586 4196 1683 4249 viri
1716 4197 1867 4250 cala-

292 4302 416 4343 mus
444 4303 715 4343 mensurat
759 4303 853 4344 sex
884 4288 1196 4343 cubitorum
1235 4288 1289 4341 in
1338 4287 1523 4341 cubito
1550 4295 1603 4341 et
1626 4287 1862 4356 palmus.

293 4376 360 4432 Et
406 4394 634 4435 mensus
682 4388 764 4434 est
795 4381 1152 4446 antemurale,
1206 4379 1546 4433 latitudinem
1602 4380 1863 4457 aequalem

1971 3189 2039 3242 ad
2076 3193 2325 3239 austrum
2353 3180 2426 3252 (ο)
2459 3187 2761 3249 portarum,
2802 3173 3100 3230 secundum
3142 3169 3539 3242 longitudinem

1969 3285 2247 3348 portarum
2297 3269 2770 3326 intercolumnium
2818 3265 3067 3320 inferius.
3102 3263 3191 3319 19.
3220 3260 3285 3315 Et
3316 3274 3542 3315 mensus

1970 3375 2056 3425 est
2080 3363 2423 3420 latitudinem
2449 3359 2607 3423 atrii,
2639 3358 2716 3427 (p)
2741 3371 2770 3411 a
2802 3354 3034 3410 subdiali
3059 3362 3227 3422 porta:
3252 3350 3544 3407 exterioris

1970 3457 2302 3516 intrinsecus
2331 3467 2496 3522 super
2527 3448 2773 3506 subdiale
2800 3455 2971 3517 portae
2994 3443 3337 3513 respicientis
3368 3441 3542 3508 foras,

1968 3550 2182 3606 cubitus
2213 3554 2433 3603 centum
2462 3539 2802 3612 respicientis
2832 3539 2886 3593 in
2920 3536 3188 3592 orientem
3232 3554 3244 3589 :
3280 3543 3331 3590 et
3375 3534 3544 3589 intro-

1968 3643 2127 3699 duxit
2175 3654 2263 3695 me
2293 3651 2459 3708 super
2517 3633 2827 3705 aquilonem
2850 3671 2866 3696 ,
2897 3631 2988 3686 20.
3024 3637 3078 3683 et
3106 3643 3234 3683 ecce
3266 3635 3422 3698 porta
3451 3642 3540 3679 re-

1969 3734 2206 3805 spiciens
2230 3731 2286 3785 in
2313 3726 2625 3798 aquilonem
2655 3723 2794 3778 atrio
2821 3719 3102 3786 exteriori,
3130 3728 3185 3775 et
3206 3734 3429 3774 mensus
3456 3726 3543 3773 est

1967 3840 2110 3891 eam,
2133 3819 2524 3892 longitudinem
2557 3816 2698 3887 ejus,
2729 3822 2784 3868 et
2813 3811 3148 3866 latitudinem
3183 3811 3324 3878 ejus,
3347 3807 3435 3862 2|.
3465 3809 3539 3880 (q)

1970 3918 2119 3975 Thee
2147 3917 2268 3988 ejus
2284 3924 2394 3970 tres
2426 3913 2575 3978 hinc,
2608 3918 2662 3965 et
2690 3919 2801 3964 tres
2832 3907 2976 3970 inde,
3014 3904 3085 3977 (ν)
3117 3912 3172 3958 et
3199 3901 3357 3957 IEleu
3391 3900 3458 3971 (ε)
3485 3910 3543 3955 et

1967 4011 2268 4075 Elammo,
2294 4015 2350 4063 et
2376 4005 2584 4076 palmas
2614 4002 2734 4070 ejus
2763 4018 2778 4054 :
2807 4006 2861 4054 et
2890 3996 3093 4051 factum
3124 4003 3210 4049 est
3241 3992 3538 4048 secundum

1968 4114 2254 4159 mensuras
2265 4097 2391 4153 atrii
2406 4091 2745 4165 respicientis
2762 4092 2814 4144 in
2833 4091 3118 4151 orientem,
3145 4082 3539 4156 quinquaginta

1969 4193 2275 4250 cubitorum
2294 4185 2575 4257 longitudo
2590 4182 2712 4253 ejus
2736 4200 2751 4236 :
2776 4190 2832 4236 et
2849 4178 3074 4234 latitudo
3095 4176 3214 4246 ejus
3229 4176 3537 4230 cubitorum

1966 4284 2156 4357 viginti
2180 4290 2235 4338 et
2253 4281 2515 4353 quinque,
2535 4275 2620 4331 22.
2646 4283 2700 4329 et
2726 4272 2975 4329 fenestrae
2994 4268 3134 4357 ejus,
3154 4277 3210 4324 et
3238 4267 3534 4328 IElammo,

1967 4387 2022 4435 et
2038 4356 2243 4447 palma:
2267 4374 2387 4442 ejus
2412 4410 2428 4437 ,
2451 4369 2594 4425 sicut
2621 4374 2777 4436 porta
2807 4356 3107 4433 respiciens
3134 4362 3189 4415 in
3219 4361 3483 4416 orientem
3516 4376 3533 4412 ε

293 4471 523 4535 calamo,
555 4480 608 4527 et
632 4470 973 4527 altitudinem
1002 4473 1123 4542 ejus
1151 4473 1414 4542 aequalem
1448 4474 1682 4528 calamo.
1715 4474 1768 4527 6.
1798 4452 1865 4529 Et

1968 4481 2025 4527 et
2052 4471 2109 4526 in
2136 4476 2338 4538 septem
2354 4452 2624 4535 gradibus
2644 4457 2802 4514 scalre
2821 4452 3186 4511 ascendebant
3202 4466 3365 4520 super
3388 4464 3535 4542 eum,

293 4560 572 4633 ingressus
599 4572 682 4617 est
710 4562 763 4616 in
788 4570 1023 4633 portam,
1051 4563 1431 4633 respicientem
1463 4579 1656 4620 versus
1677 4565 1861 4622 orien-

293 4659 396 4706 tem
436 4653 492 4707 in
521 4663 723 4724 septem
755 4654 1032 4724 gradibus,
1065 4663 1119 4710 et
1146 4671 1370 4712 mensus
1388 4664 1469 4711 est
1487 4656 1563 4727 (Δ)
1599 4656 1745 4712 Tbee
1766 4672 1863 4713 sex

290 4750 343 4799 et
370 4758 486 4811 sex,
538 4753 593 4799 et
623 4743 804 4800 Elam
842 4755 1010 4816 portae
1061 4746 1326 4816 aequalem
1373 4749 1605 4817 calamo,
1633 4748 1684 4813 7,
1718 4748 1775 4806 8.
1805 4759 1861 4805 et

1968 4572 2025 4622 et
2051 4561 2327 4618 Elammo
2376 4553 2710 4610 intrincecus
2743 4565 2757 4601 :
2786 4547 2877 4603 25.
2924 4553 2979 4601 et
3024 4552 3181 4614 porta
3211 4542 3353 4596 atrio
3399 4541 3539 4596 inte-

1969 4655 2102 4712 riori
2155 4649 2450 4719 respiciens
2475 4658 2643 4715 super
2678 4649 2889 4710 portam
2936 4634 3240 4708 aquilonis,
3274 4630 3537 4702 quemad—

1970 4746 2191 4803 modum
2228 4755 2291 4796 -ι-
2335 4748 2489 4811 porta
2535 4735 2584 4805 ζ.
2618 4747 2742 4804 qua
2783 4729 3003 4801 respicit
3034 4728 3091 4782 in
3138 4726 3402 4783 orientem
3441 4741 3454 4778 :
3487 4732 3540 4778 et

302 4958 313 4967 ’
356 4967 433 5035 (u)
463 4964 547 5032 8.,
574 4967 689 5039 z_elo
717 4965 942 5039 affectus
961 4982 1080 5022 sum
1106 4967 1250 5024 enim
1281 4983 1381 5039 pro
1397 4970 1616 5025 nomine
1641 4979 1831 5026 sancto
1855 4985 1994 5026 meo.
2028 4968 2095 5023 Et
2115 4972 2409 5039 portarunt
2426 4959 2780 5039 ignominiam
2803 4969 2982 5039 suam,
3003 4960 3063 5039 el,
3075 4948 3538 5039 qmglesjncurigs

288 5018 455 5110 suis."
475 5018 552 5106 (ac)
576 5018 2351 5110 's‘.‘.’eumsaginantes?assariis;{laetitiae};"(9’)
2369 5018 2546 5110 8.,"_i_n_
2576 5018 3018 5110 mensequinlég
3043 5021 3126 5110 (ᾖ)
3144 5018 3244 5110 βυτ
3261 5028 3320 5110 εί
3337 5019 3536 5110 3039?;

286 5087 405 5160 ἐκέὲὲ
418 5087 561 5181 seu
579 5087 713 5188 ξιίὲξ
725 5087 1732 5179 1.13333ante;uisitauit
1751 5087 2571 5172 ἓῖιῖᾘῖἱιξῖιῐὀξῐὲηέἵείιῦὲίίὴί,
2604 5087 2946 5154 introductus
2967 5108 3029 5176 es
3056 5087 3184 5147 huc.
3225 5090 3298 5231 ge)
3330 5087 3415 5153 8.,
3439 5088 3533 5157 qui

288 5191 409 5231 vero
438 5186 557 5230 erat
583 5194 636 5230 In
657 5193 822 5231 manu
839 5178 939 5231 viri
968 5179 1210 5231 calamus
1228 5180 1554 5231 mensurius.
1586 5197 1678 5231 sex
1705 5182 2014 5231 cubitorum
2033 5188 2150 5231 erat
2166 5194 2232 5231 ex
2249 5178 2437 5231 cubito
2458 5182 2513 5228 et
2534 5172 2732 5231 palmo.
2775 5168 2854 5231 (ά)
2878 5164 2961 5230 8.,
2999 5163 3182 5216 limen.
3246 5165 3297 5226 ε)
3327 5158 3528 5213 ΕΛΕΥο

288 5191 409 5231 vero
438 5163 557 5230 Erat
583 5178 636 5230 in
657 5163 822 5231 manu
839 5163 939 5232 viri
968 5179 1210 5235 calamus
1228 5163 1554 5240 mensarius,
1586 5163 2014 5235 s‘éicu'babiuni
2033 5163 2150 5233 erat
2166 5194 2232 5233 ex
2249 5178 2437 5232 cubito
2458 5182 2513 5228 et
2532 5163 2732 5241 palmo.
2775 5164 2961 5241 (d)_S.,
2999 5163 3182 5216 limen.

3246 5158 3297 5226 e)
3327 5159 3459 5213 EAE
3470 5158 3528 5212 Υ.

290 5242 366 5327 S_.,
392 5248 532 5327 quod
550 5248 693 5327 apud
726 5247 878 5312 illud,
892 5249 1126 5327 duorum
1143 5251 1473 5327 cubitorum:
1516 5237 1584 5319 (Ῑ)
1602 5247 1686 5327 8..,
1712 5251 1876 5304 limen
1897 5265 2025 5303 vero
2041 5258 2207 5318 porta:
2229 5237 2589 5327 intrinsecus;
2624 5237 2940 5327 parastades
2956 5241 3326 5327 autem-puer?
3340 5243 3532 5327 mersus

286 5305 423 5370 viain
449 5305 796 5381 orientalem,
832 5305 942 5371 tres
975 5319 1122 5380 hinc,
1152 5329 1208 5374 et
1239 5329 1348 5374 tres
1377 5305 1724 5382 inde,"unius
1768 5305 2054 5374 mensurae.
2075 5329 2186 5372 tres
2229 5318 2354 5383 illae,
2389 5328 2454 5371 -t—
2483 5321 2539 5368 et
2567 5327 2606 5365 e
2626 5305 2922 5383 contrario
2949 5316 3233 5383 mensurae
3265 5305 3448 5383 unius.
3477 5305 3532 5383 εἰ

288 5401 535 5442 mensura
562 5403 669 5442 una
701 5387 908 5443 liminis
935 5389 1062 5442 hinc
1091 5396 1146 5442 et
1168 5390 1292 5445 inde
1326 5391 1347 5445 Ῐ

1449 5370 1523 5460 (95
1557 5370 1724 5460 81,31
1763 5370 2052 5444 terminum
2081 5370 2208 5441 ante
2227 5370 2565 5460 parastatica.
2647 5378 2723 5450 (Ιι)
3046 5370 3375 5460 parastajdes
3387 5382 3527 5460 vero

218 5466 226 5475 ·
286 5428 376 5511 se}
402 5428 715 5513 ἕυυῖιιῖέῖηι
743 5428 1372 5529 ’ἑίἴὶὶἶηᾮῖίΐὲιιὲἓὲῖ’“”(ὁ’
1401 5428 2720 5529 sff’c?b33633?EQEQ'EEpYZH'éGBQBruiii;
2739 5428 2795 5501 et
2830 5447 2894 5529 in.
2919 5428 3025 5529 his;
3047 5428 3189 5529 'qtgae
3217 5440 3296 5529 ac!
3327 5439 3525 5522 atrium

285 5539 446 5599 portae
471 5544 566 5596 per
581 5528 895 5599 circuitum.
974 5526 1047 5599 (It)
1080 5527 1167 5591 8.,
1193 5514 1382 5584 versus
1406 5514 1597 5583 faciem
1626 5544 1758 5584 vero
1781 5514 1952 5598 p'orta‘.
1987 5514 2225 5599 antiqua-2
2254 5534 2445 5599 contra
2502 5521 2697 5599 faciem
2743 5514 2997 5599 vestibuli
3017 5514 3245 5599 portasi?

281 5587 342 5741 Ξι)
366 5587 560 5653 Portus.
641 5597 738 5666 (ιη)
775 5596 860 5664 8.,
890 5606 944 5653 et
976 5587 1229 5655 fenestras
1256 5600 1493 5670 obliqua;
1514 5599 1580 5653 ad
1614 5587 1863 5669 parastad

299 5670 350 5741 ο)
367 5670 790 5741 Columnarum.
865 5668 941 5741 (ρ)
970 5669 1057 5734 8.,
1078 5671 1149 5723 ab
1172 5686 1238 5726 eo
1267 5670 1413 5740 quod
1435 5677 1579 5726 ante.
1623 5669 1694 5741 (q)
1728 5666 1866 5740 8.,e1

1987 5606 2042 5652 et
2074 5587 2142 5651 ad
2166 5597 2481 5665 peristases.
2548 5590 2628 5662 (η)
2656 5587 2739 5643 8..
2767 5587 3002 5649 exedra,
3046 5593 3099 5637 et
3130 5587 3524 5651 pavimentum.

1966 5667 2219 5725 trastades
2241 5667 2377 5738 ejus.
2419 5664 2489 5738 (r)
2512 5659 2598 5729 8.,
2628 5669 2684 5718 et
2715 5658 2902 5722 limen,
2922 5653 3069 5727 quod
3097 5667 3266 5722 supra
3291 5660 3524 5720 portam.

367 5653 790 5741 Columnarum.
846 5653 941 5741 ’(ρ)
970 5669 1057 5734 8.,
1078 5653 1149 5723 ab
1172 5653 1238 5726 eo
1267 5653 1413 5740 quod
1435 5677 1579 5726 ante.
1614 5653 1694 5741 r(q)
1728 5653 1866 5740 8.,el

1966 5653 2219 5725 trastades
2241 5667 2377 5738 ejus.
2419 5664 2489 5738 (r)
2512 5653 2684 5729 8.,'et
2715 5658 2902 5722 limen,
2922 5653 3069 5727 quod
3097 5667 3266 5722 supra
3291 5660 3526 5720 portam.

281 5670 350 5814 (of
367 5670 790 5726 Columnarum.
865 5670 941 5739 (p)
970 5670 1057 5734 8.,
1078 5671 1149 5723 ab
1172 5686 1238 5726 eo
1267 5670 1413 5740 quod

276 5746 321 5810 (ε
368 5740 451 5811 8.,
482 5749 615 5794 ante
645 5748 861 5806 portam
901 5740 959 5811 (i.
991 5755 1041 5793 e.
1062 5741 1417 5810 uestibulum).

595 5830 875 5893 Panos.
939 5832 1059 5893 Gn.
1096 5834 1266 5898 XVI.
1352 5880 1359 5883 V

3092 5508 3189 5566 rtaa
3224 5508 3524 5564 interioris.

3132 5810 3210 5876 87
