4122 6320
332 351 470 406 2755

1538 354 1942 411 HEZECIELIS
1980 355 2207 412 CAPUT
2247 353 2404 410 XLII.

3429 356 3570 410 2754

334 463 616 522 tervallum
651 478 817 519 unum
846 465 1037 532 parieti
1064 465 1258 520 domus
1286 465 1340 518 in
1382 465 1644 522 latcribus
1673 481 1768 536 per
1795 467 1902 520 cir-
1931 471 1978 527 Α
2004 481 2126 521 rum
2148 507 2163 532 ,
2193 471 2259 534 Χ
2289 473 2342 521 et
2375 465 2604 520 latitudo
2641 469 2663 536 1
2696 468 3002 524 cubitorum
3039 470 3321 524 duorum’:
3355 477 3409 525 et
3447 486 3572 524 cor-

329 553 535 609 cuitum
569 554 640 618 x
663 567 759 620 per
783 552 1070 606 circuitum
1109 552 1158 618 1.
1194 558 1255 606 ut
1281 560 1424 607 esset
1452 550 1907 621 apprehendenti-

326 645 427 699 bus
465 643 532 697 ad
562 641 880 705 videndum,
916 649 978 696 ut
1005 642 1230 697 omnino
1264 657 1372 696 non
1400 642 1777 714 contingerent
1807 657 1906 711 pa-

328 735 492 788 rietes
522 733 744 786 domus.
773 734 825 786 7.
858 731 926 787 Et
951 732 1182 791 latitudo
1205 732 1393 788 lateris
1426 733 1729 803 superioris
1751 733 1906 802 juxta

327 823 769 878 additamentum
803 822 1034 876 laterum
1079 836 1146 876 ex
1181 821 1386 891 pariete
1416 823 1482 876 ad
1518 823 1774 892 superius
1808 837 1907 890 per

330 913 621 966 circuitum
662 914 730 979 >κ
767 926 866 981 per
914 911 1207 966 circuitum
1245 911 1266 981 1
1309 911 1526 974 domus,
1563 920 1624 965 ut
1649 911 1908 966 dilatetur

329 1005 526 1058 domus
562 1003 819 1071 desuper,
851 1010 905 1056 et
933 1016 1000 1056 ex
1031 1001 1275 1056 inferiori
1309 1001 1608 1058 ascendant
1635 1002 1701 1056 ad
1739 1017 1904 1068 supe-

332 1092 493 1154 riora,
521 1099 576 1144 et
600 1106 665 1146 ex
694 1091 885 1145 mediis
903 1106 1065 1160 super
1095 1104 1158 1146 +
1189 1091 1449 1146 habentia
1481 1092 1582 1146 tria
1606 1099 1745 1146 tecta
1773 1090 1828 1145 8.
1855 1098 1909 1144 et

330 1181 528 1234 Thrael
566 1181 590 1248 1
624 1181 822 1235 domus
852 1181 1081 1234 altitudo
1113 1195 1209 1250 per
1237 1182 1527 1236 circuitum
1564 1183 1631 1250 >ς<
1672 1195 1770 1250 per
1803 1182 1910 1236 cir-

334 1271 540 1326 cuitum
572 1269 623 1337 1,
648 1270 742 1340 (m)
773 1279 827 1324 et
847 1271 1190 1326 intervallum
1220 1272 1450 1327 laterum
1471 1273 1678 1344 aequale
1697 1272 1907 1327 calamo

331 1362 643 1416 cubitorum
680 1375 776 1415 sex
798 1401 813 1426 ,
853 1363 931 1431 (η)
967 1361 1333 1417 intervallum.
1367 1363 1422 1418 9.
1455 1363 1522 1418 Ει
1549 1364 1778 1418 latitudo
1808 1379 1907 1434 pa-

333 1452 480 1504 rietis
505 1451 696 1506 lateris
737 1463 803 1506 -t-
833 1452 887 1504 in
921 1453 989 1506 iis
1017 1454 1185 1523 1qua
1209 1455 1550 1510 extrinsecus
1584 1456 1898 1510 cubitorum

337 1542 576 1611 quinque
596 1581 612 1607 ,
646 1540 720 1610 (0)
747 1551 801 1596 et
832 1543 1040 1612 reliqua
1080 1543 1221 1598 inter
1261 1545 1432 1599 latera
1466 1545 1662 1600 domus
1685 1587 1700 1612 ,
1744 1546 1827 1599 l0.
1856 1554 1910 1600 et

337 1633 477 1686 inter
499 1633 752 1696 exedras,
781 1632 1010 1687 latitudo
1034 1635 1342 1690 cubitorum
1381 1636 1590 1705 viginti,
1615 1636 1908 1690 circumte-

335 1721 509 1774 rentia
525 1718 710 1774 domui
733 1735 830 1790 per
845 1720 1133 1776 circuitum
1151 1725 1220 1792 Χ
1242 1724 1630 1791 percircuitum
1651 1725 1698 1793 1.
1715 1725 1800 1778 11.
1829 1724 1904 1795 (p)

337 1807 402 1863 Et
425 1818 600 1879 porta
625 1811 949 1864 exedrarum
981 1826 1144 1881 super
1177 1813 1448 1883 reliquum
1489 1821 1660 1881 porta
1705 1814 1901 1880 unius,
1933 1811 1977 1865 Β

240 1924 242 1926 τ
334 1914 454 1970 qua
489 1900 556 1953 ad
587 1900 902 1969 aquilonem
936 1920 949 1956 :
985 1911 1041 1956 et
1070 1903 1272 1957 ostium
1328 1918 1494 1958 unum
1523 1905 1588 1958 ad
1622 1913 1897 1969 austrum,

334 2000 388 2046 et
415 1991 647 2046 latitudo
674 1991 898 2046 luminis
936 1993 1136 2063 reliqui
1169 1995 1273 2048 loci
1315 1996 1563 2058 oratorii,
1595 1996 1903 2050 cubitorum

338 2083 577 2152 quinque
612 2096 674 2136 σε-
715 2083 941 2138 latitudo
969 2084 1322 2141 circumcirca
1364 2084 1412 2150 1.
1453 2085 1535 2138 12.
1560 2085 1634 2155 (q)
1670 2087 1735 2139 Et
1761 2088 1906 2156 quod

339 2183 553 2242 separat
583 2184 707 2229 ante
738 2174 930 2229 faciem
962 2175 1155 2244 reliqui
1181 2179 1248 2245 Χ
1272 2177 1358 2230 via
1397 2178 1419 2245 1
1455 2177 1598 2230 sicut
1628 2177 1696 2230 ad
1730 2191 1902 2243 mare,

338 2267 404 2331 χ(
447 2264 755 2319 latitudinis
813 2263 838 2332 1
887 2265 1197 2319 cubitorum
1245 2266 1584 2335 septuaginta
1637 2267 1906 2331 latitudo,

337 2353 556 2422 parietis
589 2353 893 2422 separantis
920 2353 1229 2407 cubitorum
1259 2354 1500 2422 quinque
1529 2354 1764 2408 latitudo
1793 2354 1906 2408 cir-

335 2445 631 2506 cumcirca,
647 2455 701 2498 et
717 2444 994 2514 longitudo
1011 2445 1134 2513 ejus
1153 2445 1445 2515 nonaginta
1463 2445 1794 2499 cubitorum.
1816 2446 1903 2499 15.

336 2536 402 2590 Et
432 2549 660 2590 mensus
684 2543 770 2590 est
798 2538 864 2603 χ
894 2544 1084 2590 contra
1124 2537 1146 2604 1
1181 2535 1405 2590 domum
1439 2553 1453 2590 :
1490 2534 1778 2606 longitudo
1811 2551 1909 2591 cu-

335 2628 573 2683 bitorum
624 2637 846 2682 centum
869 2667 886 2693 ,
923 2626 994 2697 (r)
1027 2633 1082 2680 et
1117 2627 1360 2696 reliqua,
1407 2634 1464 2681 et
1491 2628 1826 2695 separantia,
1856 2637 1910 2684 et

345 2721 578 2790 parietes
592 2734 804 2784 eorum,
825 2717 1104 2788 longitudo
1115 2717 1428 2771 cubitorum
1449 2726 1690 2773 centum.
1729 2721 1818 2774 14.
1842 2721 1909 2779 Et

337 2814 567 2869 latitudo
615 2821 741 2867 ante
772 2812 967 2888 faciem
1017 2811 1248 2878 domus,
1297 2813 1366 2884 (a)
1406 2821 1461 2867 et
1509 2813 1755 2882 reliqua,
1789 2827 1910 2882 qua

335 2916 550 2968 contra,
580 2903 890 2958 cubitorum
927 2911 1167 2958 centum.
1205 2903 1294 2957 15.
1326 2891 1390 2958 Et
1418 2919 1648 2960 mensus
1678 2913 1764 2960 est
1789 2905 1909 2960 lon-

335 2996 636 3068 gitudinem
669 2995 975 3065 separantis
1020 3003 1147 3050 ante
1189 2993 1383 3049 faciem
1434 2995 1634 3065 reliqui
1676 3009 1866 3052 eorum
1890 3037 1906 3062 ,

337 3103 455 3158 qua
481 3094 607 3157 post
641 3088 864 3139 domum
901 3084 1049 3139 illam
1069 3123 1086 3148 ,
1145 3093 1200 3138 et
1232 3084 1444 3154 reliqua
1477 3085 1604 3139 hinc
1647 3093 1702 3140 et
1734 3085 1859 3140 inde
1882 3126 1897 3151 ,

338 3180 644 3235 cubitorum
669 3185 888 3233 centum
927 3191 988 3232 -θ-
1023 3176 1309 3246 longitudo
1339 3177 1361 3244 1
1395 3195 1411 3231 ε
1443 3186 1496 3232 et
1528 3179 1818 3248 templum,
1849 3189 1905 3234 et

340 3271 543 3341 anguli,
585 3269 651 3341 (t)
681 3279 735 3324 et
777 3267 957 3323 Elam
1002 3269 1240 3340 exterius
1270 3310 1286 3334 ,
1321 3270 1666 3325 obumbrata.
1719 3270 1806 3325 16.
1837 3269 1904 3325 Ει

342 3365 588 3419 fenestra:
630 3362 826 3416 retium
855 3360 1195 3416 sublucentia
1226 3375 1323 3430 per
1366 3361 1653 3416 circuitum
1695 3363 1860 3416 trium
1884 3401 1899 3427 ,

341 3455 479 3510 sicut
505 3455 571 3508 ad
602 3451 1038 3523 prospiciendum
1069 3470 1082 3504 :
1115 3460 1170 3505 et
1197 3451 1395 3506 domus
1417 3493 1432 3517 ,
1460 3459 1515 3505 et
1541 3451 1661 3521 qua
1688 3451 1746 3504 in
1775 3466 1901 3520 pro-

340 3546 543 3616 pinquo
575 3544 811 3598 obducta
839 3542 1000 3612 lignis
1037 3556 1132 3610 per
1161 3541 1450 3596 circuitum
1483 3544 1550 3611 Ἀ(
1581 3557 1677 3611 per
1703 3542 1904 3597 circui-

339 3649 451 3692 tum
481 3639 531 3705 1,
558 3649 621 3690 σε·
651 3643 705 3689 et
731 3647 930 3689 terram
955 3633 1150 3688 domis
1185 3634 1234 3702 1,
1265 3641 1321 3686 et
1347 3647 1378 3686 a
1410 3643 1554 3688 terra
1583 3634 1778 3688 domus
1807 3648 1900 3687 us-

339 3744 442 3798 que
475 3728 544 3782 ad
580 3726 847 3782 fenestras
880 3743 895 3778 :
929 3735 985 3779 et
1013 3723 1269 3779 fenestra
1300 3733 1548 3794 patentes
1595 3725 1901 3794 tripliciter,

339 3822 480 3876 sicut
507 3820 574 3874 ad
596 3817 1059 3889 prospiciendum,
1088 3817 1177 3870 17.
1203 3829 1258 3872 et
1285 3831 1462 3887 usque
1483 3816 1550 3870 ad
1576 3815 1798 3871 domum
1823 3815 1903 3884 (τι)

334 3911 696 3981 propinquam
726 3909 1022 3974 interioris,
1053 3917 1110 3965 et
1139 3924 1314 3979 usque
1344 3909 1412 3964 ad
1446 3909 1774 3963 exteriorem
1807 3925 1820 3961 :
1849 3915 1907 3961 et

338 4017 504 4073 super
537 4016 757 4058 omnem
805 4001 1066 4070 parietem
1103 4015 1198 4071 per
1227 4000 1517 4056 circuitum
1570 4003 1638 4069 )t(
1675 4016 1770 4070 per
1795 4000 1904 4055 cir-

337 4095 543 4148 cuitum
587 4093 612 4162 1
642 4091 992 4156 intrinsecus,
1029 4098 1082 4145 et
1119 4093 1458 4147 extrinsecus
1496 4094 1565 4159 Χ
1607 4105 1901 4156 mensura,

338 4184 424 4238 18.
462 4192 517 4238 et
542 4184 566 4253 1
602 4183 898 4238 Cherubim
930 4182 1137 4248 calata,
1160 4190 1215 4237 et
1247 4182 1460 4252 palmae,
1484 4191 1539 4236 et
1559 4183 1737 4252 palma
1766 4182 1908 4236 inter

337 4275 558 4330 Cberub
586 4283 640 4329 et
670 4273 886 4330 Che‘rub
921 4290 935 4326 :
967 4275 1086 4328 dua
1109 4273 1284 4328 facies
1305 4273 1558 4329 Cherubo
1581 4315 1596 4340 ,
1624 4274 1712 4328 l9.
1741 4273 1907 4328 facies

338 4367 573 4421 hominis
600 4365 666 4420 ad
691 4365 926 4434 palmam
955 4364 1082 4418 hinc
1103 4372 1157 4418 et
1186 4364 1336 4429 hinc,
1363 4372 1419 4420 et
1447 4363 1617 4419 facies
1645 4363 1817 4419 leonis
1839 4364 1906 4419 ad

2011 573 2118 612 nua
2144 567 2299 613 erant
2325 558 2374 612 ei
2400 598 2413 620 ,
2452 567 2507 612 ct
2535 558 2683 615 basis
2709 559 2827 629 ejus
2854 601 2869 625 ,
2900 569 2953 613 et
2979 561 3212 629 parietes
3241 561 3358 630 ejus
3389 561 3572 631 lignei.

2010 649 2078 703 Et
2110 650 2248 703 dixit
2301 650 2366 703 ad
2398 665 2483 704 me
2525 668 2538 704 :
2581 649 2706 706 Hac
2754 666 2944 705 mensa
2979 691 2994 713 ,
3039 666 3159 720 qua
3196 666 3380 705 coram
3433 653 3569 709 facie

2011 738 2228 806 Domini
2268 758 2281 795 :
2322 750 2377 796 et
2406 740 2527 796 duae
2563 740 2709 796 fores
2762 743 2963 812 templo
2990 785 3005 808 ,
3041 750 3096 796 et
3131 741 3460 796 Sanctuario
3496 745 3571 816 (a)

2010 830 2130 884 dua
2165 828 2331 895 fores,
2365 830 2457 884 25.
2489 829 2578 883 24.
2612 831 2823 885 duabus
2860 830 3073 885 foribus
3104 832 3573 886 circumcuntibus

2011 935 2172 989 super
2193 920 2508 975 cardinibus
2532 938 2545 974 :
2569 920 2691 975 duae
2711 920 2855 976 fores
2883 923 2995 988 uni,
3031 931 3082 976 et
3106 921 3225 976 duae
3240 920 3388 976 fores
3405 933 3575 991 porta

2010 1012 2261 1066 secunda
2299 1031 2311 1064 :
2342 1011 2433 1066 25.
2470 1021 2524 1067 ct
2557 1013 2812 1067 calatura
2845 1029 3008 1083 super
3034 1014 3134 1078 eis,
3159 1021 3212 1068 et
3238 1029 3402 1082 super
3431 1013 3574 1068 fores

2010 1102 2194 1171 templi
2231 1103 2549 1170 Cherubim,
2599 1112 2653 1158 et
2681 1104 2872 1172 palma
2899 1105 3054 1174 juxta
3091 1105 3401 1159 calaturam
3436 1105 3576 1158 San-

2009 1192 2332 1260 ctorum,(b)
2360 1193 2564 1262 etligna
2590 1194 2933 1262 impudentia
2947 1201 3137 1248 contra
3162 1193 3354 1248 faciem
3389 1192 3569 1246 jElam

2008 1279 2336 1344 forinsecus,
2361 1281 2452 1335 26.
2477 1290 2540 1337 .et
2572 1281 2830 1338 fenestra
2860 1283 3194 1338 abscondita
3224 1302 3237 1338 :
3267 1292 3322 1338 et
3351 1298 3575 1338 mensus

2007 1379 2088 1424 est
2115 1369 2242 1423 hinc
2268 1382 2323 1424 et
2355 1371 2480 1426 inde
2502 1411 2518 1437 ,
2553 1372 2609 1426 in
2647 1371 2923 1441 laquearia
2959 1371 3138 1426 Ailam
3170 1412 3184 1438 ,
3214 1372 3285 1442 (ε)
3319 1381 3373 1428 et
3405 1373 3575 1428 latera

2007 1461 2203 1515 domus
2230 1462 2502 1530 copulata.

2075 1551 2210 1621 Cap.
2242 1551 2401 1606 XLII.
2434 1582 2502 1592 —
2532 1553 2585 1608 1.
2617 1553 2684 1608 Et
2717 1553 3022 1609 introduxit
3047 1567 3134 1606 me
3175 1553 3228 1605 in
3257 1552 3459 1606 atrium
3493 1553 3570 1606 in-

2009 1643 2177 1698 terius
2213 1657 2277 1699 -t—
2317 1659 2507 1700 versus
2530 1645 2789 1699 orientem
2825 1647 2848 1715 1
2880 1653 3067 1700 contra
3096 1655 3331 1712 portam,
3357 1659 3479 1713 qua
3505 1644 3574 1698 ad

2007 1735 2316 1804 aquilonem
2351 1754 2363 1789 :
2399 1745 2453 1790 et
2491 1736 2790 1790 introduxit
2829 1752 2916 1791 me
2939 1776 2954 1798 ,
2994 1743 3049 1790 et
3092 1751 3218 1790 ecce
3263 1736 3475 1790 exedra
3507 1749 3572 1791 -ι-

2003 1827 2244 1897 quinque
2281 1825 2306 1894 1
2340 1826 2656 1896 propinqua
2701 1827 2913 1894 reliquo
2937 1866 2953 1892 ,
2990 1835 3043 1878 et
3072 1826 3394 1894 propinqua
3425 1818 3574 1895 sepa-

2003 1919 2146 1972 ranti
2165 1918 2231 1972 ad
2257 1917 2588 1987 aquilonem,
2619 1917 2674 1970 2.
2708 1919 2775 1985 )t(
2799 1916 2874 1988 (ά)
2904 1932 3096 1971 versus
3130 1917 3324 1971 faciem
3365 1916 3385 1983 1
3411 1931 3574 1984 super

2004 2007 2217 2061 cubitos
2256 2017 2474 2062 centum
2502 2007 2782 2076 longitudo
2808 2007 2875 2060 ad
2903 2006 3235 2075 aquilonem,
3265 2014 3320 2058 et
3347 2004 3573 2059 latitudo

2004 2097 2394 2168 quinquaginta
2441 2097 2749 2152 cubitorum
2811 2115 2826 2151 :
2863 2098 2918 2152 5.
2959 2096 3279 2166 descripta,
3313 2096 3575 2164 quemad-

2006 2188 2225 2242 modum
2265 2197 2435 2256 porta
2468 2188 2594 2241 atrii
2640 2188 2917 2242 interioris
2943 2224 2959 2250 ,
3008 2194 3062 2241 et
3103 2186 3568 2255 quemadmodum

2006 2277 2423 2331 intercolumnia
2471 2277 2594 2330 atrii
2645 2277 2932 2332 exterioris
2963 2277 3227 2331 ordinata
3265 2285 3452 2330 contra
3495 2274 3576 2329 fa-

2007 2367 2142 2422 ciem
2175 2368 2257 2423 sui
2283 2367 2512 2422 invicem
2540 2368 2784 2437 porticus
2818 2368 2974 2422 trina
3003 2385 3016 2420 :
3059 2367 3114 2421 4.
3150 2375 3205 2422 et
3233 2376 3423 2421 contra
3449 2380 3576 2420 exe-

2007 2459 2135 2513 dras
2179 2459 2554 2514 ambulacrum
2603 2459 2911 2513 cubitorum
2963 2459 3148 2512 decem
3195 2457 3455 2521 latitudo,
3508 2471 3574 2510 -ιν-

2008 2564 2173 2620 super
2197 2551 2413 2605 cubitos
2434 2561 2650 2605 centum
2671 2548 2954 2619 longitudo
2985 2549 3033 2616 1,
3073 2551 3140 2616 )s(
3171 2546 3238 2618 (ε)
3267 2548 3321 2601 in
3345 2547 3576 2601 interius

2015 2643 2039 2712 1
2077 2643 2215 2696 viam
2256 2643 2398 2695 ulna
2423 2642 2590 2696 unius
2613 2681 2627 2705 ,
2656 2651 2711 2697 et
2742 2641 2882 2696 ostia
2911 2655 3100 2694 earum
3131 2639 3198 2693 ad
3223 2638 3534 2708 aquilonem
3556 2678 3575 2706 ,

2009 2732 2083 2786 5.-
2117 2741 2173 2787 et
2214 2732 2528 2786 ambulacra
2571 2734 2854 2802 superiora
2887 2730 3138 2786 similiter
3173 2746 3187 2782 :
3235 2730 3364 2800 quia
3393 2731 3578 2785 exibat

2006 2822 2484 2878 intercolumnium
2513 2861 2528 2886 ,
2562 2836 2627 2876 ex
2667 2837 2732 2876 eo
2759 2860 2775 2887 ,
2818 2837 2882 2876 ex
2937 2819 3177 2875 inferiori
3231 2833 3294 2874 ιιι-
3341 2820 3577 2876 inteme-

2006 2913 2256 2978 lumnio,
2317 2922 2371 2967 et
2409 2913 2752 2967 intervallum
2797 2915 2818 2983 1
2866 2931 2879 2966 :
2923 2912 3003 2968 sic
3047 2911 3528 2966 intercolumnium
3559 2950 3575 2970 .

2006 3013 2060 3059 et
2105 3003 2446 3059 intervallum
2473 3046 2488 3071 ,
2533 3002 2588 3058 6.
2618 3017 2681 3058 -ι-
2731 3011 2785 3058 et
2825 3003 2905 3059 sic
2957 3002 3200 3073 porticus
3232 3001 3254 3068 1
3291 3003 3460 3072 :quia
3510 3003 3576 3072 (θ’)

2007 3095 2247 3164 triplices
2274 3103 2449 3160 erant,
2479 3103 2533 3149 et
2559 3096 2828 3150 columna
2847 3109 2956 3148 non
2984 3103 3141 3148 erant
3175 3093 3276 3157 eis,
3317 3093 3460 3148 sicut
3481 3108 3574 3149 co-

2003 3185 2202 3240 lumna
2224 3186 2553 3240 exteriorum
2580 3202 2593 3238 :
2627 3194 2845 3255 propter
2868 3186 2972 3240 hoc
2994 3185 3066 3256 (g)
3094 3184 3314 3239 exibant
3334 3184 3481 3239 foras
3504 3185 3574 3241 ab

2002 3273 2353 3329 inferioribus
2372 3313 2386 3337 ,
2415 3283 2469 3328 et
2493 3274 2687 3329 mediis
2713 3288 2746 3329 e
2790 3283 2934 3328 terra
2976 3278 3042 3341 >ε<
3100 3275 3498 3345 quinquaginta
3525 3275 3574 3344 1.

2005 3366 2055 3419 7.
2107 3365 2174 3418 Et
2204 3365 2388 3418 lumen
2434 3363 2740 3419 forinsecus
2768 3404 2783 3428 ,
2844 3363 3304 3433 quemadmodum
3365 3365 3578 3420 exedra

2002 3457 2126 3511 atrii
2151 3457 2458 3521 exterioris,
2485 3456 2842 3525 respicientes
2863 3466 3054 3509 contra
3082 3455 3333 3521 exedras,
3368 3470 3429 3510 -ι-
3456 3471 3578 3525 qua

2003 3550 2070 3604 ad
2127 3549 2438 3618 aquilonem
2503 3549 2550 3617 1,
2600 3546 2881 3616 longitudo
2927 3546 3241 3600 cubitorum
3300 3549 3576 3617 quinqua-

2003 3643 2170 3712 ginta.
2204 3642 2258 3696 8.
2287 3639 2426 3706 Quia
2472 3639 2754 3710 longitudo
2798 3639 3120 3693 exedrarum
3173 3638 3576 3708 respicientium

2003 3733 2057 3788 in
2094 3733 2292 3787 atrium
2325 3731 2566 3787 exterius
2590 3739 2706 3786 erat
2725 3731 3033 3785 cubitorum
3063 3729 3458 3801 quinquaginta
3479 3771 3495 3796 ,
3522 3740 3578 3785 et

2004 3823 2088 3878 ha
2109 3831 2235 3880 sunt
2277 3831 2468 3878 contra
2501 3821 2695 3877 faciem
2723 3821 2810 3876 his
2844 3839 2857 3875 :
2905 3835 3067 3875 omne
3104 3821 3414 3875 cubitorum
3445 3835 3575 3876 cen—

2005 3922 2142 3968 tum.
2169 3913 2222 3968 9.
2254 3911 2321 3967 Et
2347 3921 2517 3983 porta
2553 3913 2876 3968 exedrarum
2918 3911 3113 3964 harum
3139 3951 3155 3976 ,
3187 3911 3443 3965 introitus
3489 3911 3576 3980 qui

2005 4005 2073 4059 ad
2101 4003 2398 4069 orientem,
2449 4003 2590 4059 sicut
2620 4007 2688 4056 ad
2741 4001 3154 4069 ingrediendum
3205 4015 3365 4069 super
3397 4000 3466 4055 iis
3511 4015 3577 4056 ex

2008 4096 2148 4152 atrio
2166 4095 2446 4158 exteriori,
2475 4093 2564 4148 10.
2598 4107 2790 4147 versus
2813 4092 3030 4159 lumen,
3066 4092 3209 4160 quod
3235 4091 3288 4144 in
3309 4093 3577 4162 principio

2009 4188 2309 4242 ambulacri
2337 4203 2352 4249 ;
2385 4194 2440 4240 et
2475 4199 2599 4254 qua
2629 4182 2696 4237 ad
2727 4192 2976 4238 austrum
3009 4197 3202 4238 versus
3233 4182 3430 4239 faciem
3474 4198 3573 4238 au-

2007 4281 2139 4343 stri,
2175 4293 2366 4333 versus
2398 4275 2590 4331 faciem
2612 4275 2830 4344 reliqui,
2869 4289 2932 4330 οι-
2973 4282 3028 4329 et
3053 4289 3243 4331 versus
3275 4275 3466 4332 faciem
3495 4292 3574 4332 se-

2008 4369 2257 4440 parantis
2305 4369 2354 4434 1,
2401 4378 2456 4423 et
2483 4367 2697 4422 exedra
2721 4406 2736 4432 ,
2771 4367 2857 4421 11.
2890 4374 2945 4422 et
2973 4367 3346 4423 ambulacrum
3389 4380 3578 4424 contra

337 4459 572 4528 palmam
603 4457 730 4512 inde
767 4467 822 4512 et
856 4457 983 4512 inde
1007 4497 1023 4523 ,
1066 4456 1253 4511 calata
1283 4465 1397 4510 tota
1427 4457 1623 4512 domus
1664 4457 1907 4511 circum-
1937 4468 1984 4527 ι)
2009 4460 2202 4516 faciem
2225 4460 2603 4529 carum,juxta
2619 4472 2908 4514 mensuras
2927 4459 3246 4514 exedrarum
3275 4462 3342 4528 ἢ(
3365 4461 3419 4514 in
3437 4462 3578 4515 viam

339 4548 504 4604 circa.
537 4547 627 4602 2ο.
652 4548 697 4600 Α
726 4556 870 4602 terra
898 4548 976 4617 (az)
1002 4561 1178 4616 usque
1198 4547 1265 4601 ad
1292 4547 1570 4616 laqueare,
1593 4547 1911 4612 Cherubim,

338 4647 393 4694 et
427 4639 622 4708 palma
651 4638 854 4693 calata
895 4637 993 4706 (y).
1027 4637 1119 4692 21.
1151 4637 1218 4691 Et
1266 4637 1664 4703 sanctuarium,
1694 4647 1748 4691 et
1776 4646 1913 4691 tem-

2016 4551 2038 4619 1
2075 4565 2197 4620 quae
2225 4551 2293 4604 ad
2323 4550 2632 4620 aquilonem
2657 4589 2672 4613 ,
2703 4549 3005 4604 secundum
3047 4549 3442 4620 longitudinem
3482 4565 3578 4604 ea-

2009 4656 2152 4704 rum,
2181 4651 2235 4696 et
2274 4641 2575 4696 secundum
2605 4640 2943 4696 latitudinem
2965 4656 3176 4708 earum,
3199 4653 3253 4696 et
3281 4641 3580 4697 secundum

338 4731 485 4801 plum
507 4731 582 4802 (τ)
613 4740 804 4800 patens
825 4729 1282 4800 quadrangulum,
1306 4738 1432 4783 ante
1451 4728 1648 4784 faciem
1677 4727 1913 4784 Sancto—
2010 4749 2201 4790 omnes
2232 4735 2411 4790 exitus
2443 4748 2631 4788 earum
2657 4776 2671 4799 ,
2705 4741 2759 4788 et
2791 4733 3088 4788 secundum
3143 4747 3337 4788 omnes
3376 4733 3582 4788 reditus

340 4837 458 4876 rum
483 4821 648 4889 visio,
695 4822 840 4876 sicut
872 4819 1026 4874 frons
1053 4820 1145 4872 22.
1177 4820 1367 4874 altaris
1404 4820 1563 4891 ligni,
1601 4821 1910 4876 cubitorum
2008 4839 2220 4889 earum,
2248 4823 2322 4895 (Ιι)
2353 4832 2408 4878 et
2423 4824 2720 4878 secundum
2747 4824 2952 4877 lumina
2975 4839 3186 4887 carum,
3215 4832 3266 4878 et
3285 4823 3581 4879 secundum

343 4911 506 4966 trium
555 4910 788 4966 altitudo
827 4909 983 4980 ejus,
1009 4917 1064 4963 et
1104 4909 1385 4979 longitudo
1433 4911 1742 4966 cubitorum
1769 4913 1908 4968 duo—
2013 4917 2154 4972 ostia
2176 4930 2390 4982 earum,
2419 4917 2506 4970 12.
2553 4909 2898 4980 cxedrartim,
2921 4931 3042 4986 qua
3086 4925 3273 4971 contra
3315 4923 3582 4980 austrum,

411 5153 504 5225 (ῆι)
536 5153 620 5230 8.,
648 5170 681 5210 a
709 5156 1066 5230 fundamento
1104 5157 1384 5212 lateribus.
1414 5229 1418 5230 ν
1463 5156 1660 5230 (n)VS.,
1696 5159 1849 5229 juxta
1873 5175 1904 5214 c

2007 5170 2138 5227 tum,
2168 5163 2259 5217 illa
2292 5162 2540 5217 latitudo.
2618 5161 2692 5230 (ο)
2730 5161 2821 5224 Α.,
2863 5159 3193 5230 intrinsecus
3215 5173 3344 5214 vero
3389 5158 3585 5216 domus

342 5224 505 5304 latera
537 5227 752 5304 domus.
796 5227 917 5291 Tlt.,
966 5238 1026 5304 et_
1051 5231 1192 5304 quod
1221 5236 1306 5304 est
1331 5224 1526 5304 quies,
1551 5224 1712 5304 locus
1735 5232 1963 5304 laterum
1991 5224 2208 5304 d_omus.
2231 5301 2256 5304 ψ
2309 5233 2382 5304 (ρ)
2415 5233 2501 5298 8.,
2561 5224 2942 5304 portaautern,
2979 5228 3134 5304 lateri
3152 5229 3229 5304 _in
3257 5230 3582 5304 orationem.

341 5295 415 5371 (q)
450 5296 537 5371 S._,
564 5298 788 5352 latitudo
803 5307 984 5371 autem
1015 5295 1118 5352 loci
1140 5295 1576 5371 or_ationis._Th.,
1605 5300 1824 5371 quietis.
1899 5299 1967 5368 (r)
2003 5300 2124 5364 ΤΙι..
2149 5295 2444 5368 etGaiera,
2469 5295 2524 5356 et
2548 5295 2694 5371 quo_d
2713 5302 2767 5354 in
2787 5300 2987 5354 medio.
3042 5299 3112 5371 (a)
3143 5297 3228 5364 8.,
3247 5306 3301 5353 et
3324 5299 3586 5354 sectionis
3633 5363 3635 5366 1

342 5365 407 5441 ad
437 5365 720 5441 orientem.
793 5366 971 5441 (t)AS.,
1005 5377 1059 5422 et
1088 5369 1300 5441 exedra
1331 5368 1454 5441 atrii
1496 5365 2020 5441 supe'rliminarium.
2101 5373 2178 5440 (u)
2227 5365 2439 5441 Prope.’
2499 5365 2580 5441 (αὴ
2633 5369 2756 5432 Th.,
2811 5383 2983 5441 usque
3018 5365 3101 5441 ad
3146 5385 3310 5441 supra
3345 5377 3584 5441 portam.
3635 5379 3637 5382 ‘

339 5433 418 5512 (ς)
460 5433 554 5512 §.,
580 5435 741 5512 .sicut
762 5433 940 5506 paries
968 5438 1174 5507 templi.
1284 5437 1357 5507 (ι)
1398 5436 1480 5501 8.,
1521 5433 1939 5504 superliminarc
1972 5433 2442 5512 quadrangulum;
2479 5433 2644 5512 facies
2685 5447 2862 5512 autem
2894 5433 3585 5512 'similitudo'iSanetuarii.
3634 5464 3642 5483 ι

342 5502 422 5570 (ὰ)
451 5502 534 5578 8.,
559 5502 958 5578 duarumﬁvero
989 5502 1268 5578 portarum
1292 5502 1634 5577 unaquaque
1664 5519 1815 5578 porta
1856 5502 2127 5566 erat-dua
2159 5502 2404 5578 patentes
2425 5502 2678 5564 invicem.
2794 5507 2867 5577 (ὁ)
2897 5507 2980 5572 8.,
3011 5519 3065 5561 et
3085 5510 3394 5565 crassitudo
3428 5509 3584 5578 ligni,

341 5575 488 5650 quod
525 5583 654 5628 ante
684 5575 1010 5650 vestibulum
1044 5577 1370 5641 forinsecus,
1415 5575 1578 5650 super
1606 5575 1716 5647 quo
1741 5577 2011 5650 fenestra.
2117 5575 2186 5650 (ὁ)
2210 5580 2293 5644 8.,
2317 5581 2614 5635 secundum
2646 5575 2812 5633 latera
2839 5575 3058 5650 domus,
3088 5587 3143 5632 ct
3171 5575 3583 5635 crassitudines.

342 5643 430 5720 (d)_.
449 5642 534 5707 8.,
561 5653 686 5720 ante
711 5646 1103 5720 longitudinem
1119 5654 1336 5720 centum
1377 5642 1709 5720 cubitorum.
1770 5719 1773 5720 ν
1803 5651 1874 5720 (e)

2030 5652 2095 5705 ad
2125 5642 2387 5705 interiora
2425 5650 2757 5720 respiciens.
2827 5649 2894 5720 (Π
2918 5648 3002 5713 8.,
3039 5650 3286 5704 habentia
3315 5651 3420 5704 tria
3447 5657 3588 5703 tecta

342 5713 485 5766 enim
511 5716 686 5791 erant.
757 5717 834 5786 (ῃ)
863 5715 980 5781 Τιιη
1008 5717 1401 5791 colligebantur
1429 5717 1591 5791 simul
1613 5719 1734 5787 plus
1761 5713 2136 5791 inferioribus,
2177 5728 2231 5778 et
2269 5721 2390 5791 plus
2426 5713 2639 5776 mediis.
2718 5719 2794 5791 (h)
2841 5713 2923 5786 8.,
2972 5724 3026 5774 et
3071 5719 3258 5774 talium
3299 5720 3586 5774 modorum

343 5794 471 5836 vero
504 5791 562 5837 et
591 5785 723 5840 tales
751 5797 916 5855 porta
946 5785 1456 5844 earum'secundum
1487 5785 1625 5844 ostia
1643 5790 1984 5846 exedrarum.
