4122 6320
319 356 460 409 9-757
1499 362 1897 418 HEZElIlELlS
1948 363 2175 419 CAPUT
2204 365 2386 420 XLIV.
3418 366 3569 421 2751i

316 477 556 541 quatuor
594 470 823 538 angulos
864 474 1226 542 propitiatorii
1247 516 1264 544 ,
1301 486 1356 533 et
1389 494 1552 549 super
1601 481 1757 536 basin
1797 497 1895 552 per
1919 493 1967 549 Α
1996 477 2317 549 iniustitiam
2339 482 2634 544 suam“.
2665 491 2721 537 et
2751 489 2912 536 erunt
2944 481 3000 535 in
3034 480 3249 536 Sanctis
3280 481 3415 536 meis
3452 480 3559 534 mi-

313 560 632 625 circuitum,
662 564 733 631 )ι(
763 573 819 617 et
848 565 1143 636 adsperges
1182 584 1346 639 super
1372 566 1512 625 illud
1541 574 1590 642 ζ,
1615 584 1670 629 et
1699 575 1888 645 expia-
1992 570 2305 632 nistrantes.
2345 573 2569 626 ostiarii.
2593 587 2758 642 super
2789 571 2971 642 portis
2988 569 3294 634 dumus,.et
3321 570 3558 625 ministri

313 653 454 709 bunt
483 652 618 708 illud
645 654 772 720 :21.
799 665 855 711 et
874 668 1088 714 sument
1107 661 1365 725 vitulum,
1391 665 1485 733 qui
1512 681 1612 735 pro
1642 677 1886 736 peccato,

310 754 363 798 et
383 744 744 801 comburetur
770 748 826 802 in
848 748 966 805 loco
989 754 1242 820 separato
1258 755 1455 813 domus
1476 767 1629 812 extra
1661 759 1883 815 Sancta.

310 835 399 890 22.
436 834 500 890 Et
530 836 620 891 die
660 841 904 896 secundo
934 854 1153 899 sument
1187 845 1372 901 haedos
1414 847 1552 904 duos
1594 865 1885 919 caprarum

312 927 430 981 sine
464 930 802 1000 maculapro
831 943 1071 1002 peccato,
1094 944 1150 990 et
1172 938 1469 1006 expiabunt
1498 940 1669 995 altare
1687 981 1704 997 .
1737 939 1887 996 sicut

314 1018 609 1088 expiarunt
636 1021 694 1076 in
717 1022 915 1080 vitulo.
954 1024 1043 1079 25.
1073 1025 1139 1080 Et
1169 1037 1455 1098 postquam
1490 1032 1568 1100 (ιι)
1600 1031 1891 1087 absolvisti-

313 1111 679 1179 expiationem
698 1156 715 1182 ,
767 1113 997 1172 oﬂerent
1034 1117 1262 1173 vitulum
1294 1119 1413 1175 sine
1444 1123 1658 1177 macula
1688 1123 1757 1179 de
1782 1124 1882 1180 bo-

312 1201 434 1266 bus,
450 1211 507 1258 et
524 1204 750 1260 arietem
775 1206 895 1261 sine
910 1210 1123 1263 macula
1139 1210 1207 1264 de
1225 1211 1439 1279 ovibus,
1457 1211 1549 1267 24.
1568 1221 1622 1268 et
1639 1213 1883 1271 oﬁeretis

311 1308 497 1349 coram
536 1296 768 1351 Domino
809 1316 824 1352 :
860 1307 916 1354 et
952 1309 1240 1371 aspergent
1267 1304 1582 1360 sacerdotes
1611 1321 1783 1376 super
1816 1323 1879 1364 ra

312 1385 425 1449 sal,
462 1395 519 1440 et
547 1387 777 1444 oﬂ‘erent
806 1405 868 1444 ea
902 1391 1220 1448 holocausta
1251 1391 1504 1448 Domino.
1537 1395 1627 1451 25.
1661 1394 1877 1467 Septem

311 1475 504 1530 diebus
530 1478 697 1534 facies
734 1479 944 1535 bardum
970 1495 1073 1550 pro
1099 1491 1322 1551 peccato
1352 1485 1617 1554 quotidie,
1661 1494 1715 1541 et
1739 1489 1881 1540 vitu-

311 1566 423 1622 lum
449 1583 519 1623 ex
551 1569 745 1633 bobus,
776 1583 831 1626 et
859 1572 1080 1629 arietem
1102 1588 1167 1630 ex
1193 1575 1389 1631 ovibus
1411 1577 1531 1632 sine
1558 1579 1772 1634 macula
1800 1578 1881 1634 fa-

309 1658 454 1713 cient
490 1660 584 1714 26.
632 1670 837 1730 septem
875 1664 1068 1722 diebus
1109 1685 1123 1721 :
1171 1676 1228 1722 et
1255 1668 1555 1737 expiabunt
1584 1669 1756 1724 altare
1781 1710 1795 1734 ,
1825 1677 1880 1725 et

308 1750 649 1808 mundabunt
679 1753 832 1819 illud,
865 1769 919 1811 et
942 1757 1245 1828 implebunt
1282 1775 1477 1816 manus
1504 1776 1654 1817 suas.
1686 1761 1777 1816 27.
1809 1763 1877 1828 3K

1987 656 2172 713 domui
2209 677 2222 713 :
2273 660 2363 715 isti
2415 661 2776 717 immolabunt
2806 662 3249 727 holocausta,.et
3289 660 3557 715 sacriﬁcia

1987 751 2207 820 populo,
2235 764 2288 806 et
2318 752 2409 807 isti
2443 754 2663 809 stabunt
2688 763 2816 809 ante
2843 753 3127 823 populum,
3153 759 3211 805 ut
3246 751 3559 806 ministrent

1985 842 2100 905 eis,
2137 843 2225 895 12.
2252 857 2350 912 pro
2383 858 2449 898 eo
2485 844 2630 915 quod
2669 845 3059 900 ministrabant
3096 845 3180 899 eis
3204 850 3330 898 ante
3364 842 3556 895 faciem

1986 930 2256 986 idolorum
2290 947 2555 1001 suorum;
2584 942 2639 990 et
2674 934 2877 991 factum
2908 927 2992 990 est
3029 935 3217 990 domui
3248 932 3464 988 lsraelis
3498 930 3555 986 in

1985 1029 2316 1078 tormentum
2363 1023 2665 1094 iniustitiae.
2694 1027 2924 1096 Propter
2969 1027 3074 1080 hoc
3114 1025 3286 1080 levavi
3326 1038 3552 1078 manum

1984 1128 2161 1169 meam
2208 1128 2375 1185 super
2395 1130 2516 1181 eos,
2551 1115 2685 1171 dicit
2730 1115 2995 1172 Dominus
3038 1116 3212 1181 Deus,
3241 1118 3308 1183 >ῑ<
3334 1122 3388 1169 et
3411 1114 3554 1169 acci-

1980 1201 2131 1272 pient
2157 1203 2500 1275 iniquitatem
2533 1219 2691 1261 suam
2728 1208 2750 1274 ζ
2786 1225 2801 1261 :
2850 1207 2942 1261 15.
2969 1215 3025 1261 et
3050 1206 3458 1262 non‘accedent
3484 1204 3553 1259 ad

1980 1307 2089 1359 me,
2143 1300 2204 1348 ut
2239 1293 2549 1349 sacerdotio
2581 1293 2880 1364 fungantur
2905 1295 3040 1349 mihi
3062 1333 3077 1359 ,
3115 1310 3293 1365 neque
3329 1303 3387 1349 ut
3415 1292 3550 1349 oﬂc-

1979 1392 2104 1438 rant
2135 1384 2201 1439 ad
2226 1385 2412 1439 omnia
2442 1383 2639 1440 Sancta
2682 1399 2745 1441 -ιι-
2783 1385 3020 1440 ﬁliorum
3043 1385 3261 1441 lsraelis
3288 1387 3336 1455 ζ,
3359 1400 3458 1440 ncc
3480 1382 3553 1440 ad

1981 1473 2180 1531 Sancta
2214 1475 2543 1532 Sanctorum
2588 1492 2836 1533 meorum
2878 1495 2890 1531 :
2925 1484 2978 1532 et
3014 1477 3284 1547 accipient
3314 1475 3549 1547 ignomi-

1978 1566 2126 1621 niam
2157 1581 2311 1622 suam
2336 1566 2390 1621 in
2410 1582 2617 1631 errore,
2640 1584 2752 1638 quo
2774 1576 3052 1623 errarunt.
3079 1568 3164 1621 14.
3194 1567 3263 1637 (ε)
3292 1565 3357 1620 Ει
3375 1566 3547 1623 dedu-

1977 1665 2104 1712 cent
2126 1672 2240 1725 eos,
2282 1639 2689 1729 ut'custodiant
2715 1659 2993 1715 custodias
3026 1658 3225 1714 domus
3269 1657 3323 1711 in
3359 1656 3545 1718 omnia

1978 1764 2139 1819 opera
2169 1749 2292 1819 ejus
2313 1789 2329 1815 ,
2364 1759 2420 1805 et
2460 1750 2515 1805 in
2547 1751 2728 1806 omnia
2758 1765 2880 1820 quae
2906 1749 3136 1806 fecerint
3163 1751 3217 1804 in
3249 1764 3312 1804 ea
3340 1748 3425 1803 15.
3453 1762 3543 1802 sa-

308 1839 375 1894 Εῑ
424 1844 881 1901 consummabant
907 1847 1027 1904 dies
1073 1850 1121 1919 ζ.
1156 1860 1209 1906 et
1236 1851 1342 1906 erit
1369 1867 1399 1907 a
1432 1850 1521 1908 die
1561 1865 1752 1909 octavo
1777 1894 1792 1918 ,
1822 1857 1878 1909 et
1905 1873 1950 1928 Β
1981 1841 2228 1897 cerdotes
2269 1841 2348 1912 (ὀ)
2379 1840 2582 1899 Levita:
2630 1842 2727 1899 lilii
2750 1842 2969 1898 Sadduc
2999 1883 3014 1907 ,
3049 1841 3143 1911 qui
3172 1838 3549 1895 custodierunt

307 1932 581 2004 deinceps,
612 1934 811 1992 facient
830 1940 1142 1996 sacerdotes
1159 1957 1325 2013 super
1345 1943 1518 2001 altare
1552 1946 1870 2005 holocausta

304 2032 512 2087 vestra,
545 2033 600 2080 et
636 2042 758 2096 qua:
785 2028 979 2085 salutis
1011 2041 1205 2089 vestra:
1250 2052 1265 2089 :
1311 2044 1365 2091 et
1401 2039 1695 2107 suscipiam
1730 2057 1832 2097 vos
1853 2080 1870 2106 ,

305 2113 437 2169 dicit
467 2113 734 2173 Dominus
770 2118 1056 2178 Dominus.

374 2205 505 2275 Cap.
551 2205 738 2265 XLIV.
768 2241 838 2255 —-
880 2214 932 2267 1.
969 2214 1035 2270 Et
1081 2221 1348 2276 convertit
1381 2236 1467 2277 me
1513 2239 1677 2294 super
1724 2227 1871 2281 viam

302 2306 471 2368 porte
519 2297 847 2358 Sanctorum
905 2308 1234 2375 exterioris,
1281 2313 1627 2383 respicientis
1678 2331 1871 2374 versus

302 2390 604 2459 orientem,
638 2402 694 2448 et
729 2398 845 2450 haec
875 2405 992 2453 erat
1024 2399 1232 2457 clausa.
1275 2403 1332 2458 2.
1383 2403 1450 2459 Et
1495 2407 1631 2462 dixit
1667 2408 1733 2463 ad
1782 2425 1872 2467 me

304 2479 566 2538 Dominus
610 2502 623 2538 :
652 2484 813 2541 Porta
849 2489 963 2545 haec
1021 2492 1210 2548 clausa
1236 2495 1379 2562 erit,
1410 2512 1521 2553 non
1569 2501 1866 2570 aperietur,

301 2587 400 2628 nec
442 2574 570 2644 quis
618 2577 871 2655 transibit
911 2595 1008 2649 per
1046 2597 1198 2651 eam,
1241 2587 1370 2655 quia
1411 2588 1679 2647 Dominus
1723 2592 1869 2650 Deus

300 2663 510 2721 lsraelis
543 2649 878 2737 ingredietur
903 2686 999 2742 per
1026 2687 1146 2729 eam
1167 2649 1382 2736 ,et-erit
1407 2682 1616 2737 clausa.
1649 2684 1702 2738 5.
1728 2683 1866 2752 Quia

299 2756 404 2841 dux
431 2760 504 2827 Χ
534 2759 785 2830 princeps
816 2762 929 2831 ipse
968 2765 1175 2821 sedebit
1197 2768 1251 2822 in
1286 2785 1371 2836 ea,
1406 2781 1466 2827 ut
1495 2775 1744 2831 comedat
1770 2792 1869 2847 pa-

298 2832 416 2901 nem
449 2863 639 2904 coram
667 2851 901 2908 Domino
940 2873 955 2909 :
994 2871 1160 2927 super
1184 2859 1324 2915 viam
1356 2832 1438 2933 lx)
1471 2864 1657 2921 λειω
1693 2832 1866 2938 porta

298 2939 653 3010 ingredietur,
690 2953 744 2999 et
790 2961 954 3016 super
989 2948 1133 3004 viam
1171 2951 1290 3022 ejus
1321 2957 1650 3025 egredietur.
1696 2960 1751 3014 4.
1799 2962 1867 3017 Et

297 3031 592 3088 introduxit
615 3051 704 3091 me
734 3038 810 3106 ly)
839 3054 1004 3110 super
1028 3042 1169 3097 viam
1198 3055 1388 3115 portas,
1414 3065 1537 3119 quae
1557 3052 1625 3106 ad
1651 3056 1865 3125 aquilo-

295 3139 410 3178 nem
447 3135 639 3182 contra
680 3128 900 3185 domum
938 3150 954 3186 :
985 3141 1041 3187 et
1078 3135 1188 3190 vidi
1213 3178 1228 3203 ,
1256 3149 1311 3194 et
1335 3127 1463 3197 ecce
1490 3145 1648 3213 plena
1675 3147 1864 3217 gloriae

1978 1932 2258 1989 custodias
2287 1932 2614 1990 Sanctorum
2643 1949 2888 1990 meorum
2915 1973 2929 1998 ,
2979 1948 3102 1987 cum
3130 1938 3337 1986 erraret
3352 1929 3546 1985 domus

1921 2018 1930 2033 '
1973 2020 2195 2079 lsraelis
2226 2039 2258 2079 a
2290 2040 2380 2080 me
2426 2044 2442 2080 :
2472 2025 2530 2080 bi
2575 2025 2833 2080 accedent
2860 2026 2927 2080 ad
2965 2039 3055 2080 me
3084 2065 3100 2089 ,
3134 2031 3196 2079 ut
3238 2019 3548 2076 ministrent

1973 2115 2132 2182 mihi,
2165 2123 2220 2171 et
2243 2116 2468 2173 stabunt
2489 2131 2675 2174 coram
2704 2115 2843 2173 facie
2877 2131 2995 2172 mea
3015 2158 3031 2183 ,
3065 2125 3125 2171 ut
3149 2113 3379 2170 offerant
3410 2108 3544 2167 mihi

1976 2219 2037 2262 4-
2071 2207 2402 2263 sacriﬁcium
2444 2209 2493 2278 ζ,
2533 2208 2768 2278 adipem,
2803 2217 2860 2265 et
2895 2209 3236 2280 sanguinem,
3267 2207 3399 2263 dicit
3435 2203 3546 2259 Do-

1972 2297 2157 2354 minus
2177 2297 2342 2354 Deus.
2368 2297 2455 2352 16.
2489 2297 2580 2353 lsti
2615 2299 2990 2369 ingredientur
3011 2298 3064 2354 in
3084 2297 3285 2353 Sancta
3308 2308 3449 2360 mea,
3491 2303 3546 2349 et

1970 2386 2063 2443 isti
2089 2387 2462 2459 ingredientur
2507 2388 2575 2443 ad
2611 2403 2857 2443 mensam
2893 2403 3070 2444 meam
3094 2430 3110 2452 ,
3140 2397 3201 2443 ut
3232 2387 3544 2443 ministrent

1970 2479 2128 2545 mihi,
2150 2489 2208 2536 et
2231 2479 2544 2536 custodient
2562 2481 2844 2535 custodias
2870 2495 3043 2536 meas.
3064 2480 3150 2534 17.
3182 2477 3247 2533 Ει
3268 2479 3392 2541 erit,
3415 2492 3541 2533 cum

1970 2569 2352 2642 ingrediuntur
2379 2581 2567 2643 portas
2594 2573 2721 2628 atrii
2762 2572 3041 2629 interioris
3063 2611 3080 2637 ,
3121 2572 3294 2628 stolas
3320 2570 3419 2626 lini
3453 2571 3540 2625 in-

1968 2662 2171 2730 ducat,
2206 2678 2316 2718 non
2356 2663 2590 2720 inducat
2632 2664 2812 2720 lanam
2843 2706 2858 2732 ,
2894 2663 3116 2735 quando
3151 2662 3461 2719 ministrant
3508 2675 3542 2717 ι

1966 2765 2124 2823 porta
2175 2753 2300 2809 atrii
2346 2753 2658 2823 interioris,
2687 2762 2741 2810 et
2771 2757 2840 2825 >ε<
2880 2755 3209 2811 intrinsecus
3229 2755 3275 2824 ζ.
3336 2753 3426 2808 18.
3464 2750 3537 2822 (ο)

1966 2845 2196 2903 Cidares
2240 2848 2339 2903 lini
2386 2855 2551 2903 erunt
2595 2847 2699 2903 eis!
2724 2862 2887 2918 super
2915 2846 3186 2917 capitibus
3219 2858 3407 2900 eorum
3435 2887 3450 2911 ,
3488 2853 3540 2901 et

1964 2939 2306 3011 subligacula
2344 2941 2443 2996 lini
2472 2948 2638 2997 erunt
2671 2940 2753 2996 eis
2782 2955 2951 3010 super
2983 2940 3186 2995 lumbis
3218 2953 3410 2993 eorum
3438 2980 3453 3003 ,
3485 2947 3539 2991 et

1962 3045 2074 3094 non
2103 3046 2164 3087 se
2185 3032 2470 3104 accingent
2497 3032 2565 3103 (Γ)
2602 3033 2887 3088 violenter.
2922 3032 3008 3088 l9.
3044 3030 3110 3085 Et
3130 3030 3350 3101 quando
3379 3044 3537 3098 egre-

1963 3123 2189 3179 diuntur
2216 3124 2271 3178 in
2306 3124 2504 3179 atrium
2533 3127 2776 3181 exterius
2822 3125 2891 3179 ad
2924 3123 3209 3194 populum,
3244 3137 3304 3177 se
3337 3129 3538 3176 exuent

295 3214 507 3272 Domini
531 3218 729 3277 domus
745 3220 959 3280 Domini
992 3236 1079 3282 εοι
1099 3230 1236 3284 cado
1252 3246 1415 3302 super
1439 3233 1629 3292 faciem
1654 3214 1855 3297 "'mm.
1887 3215 1934 3278 C
1964 3216 2122 3272 stolis
2144 3216 2289 3283 suis,
2322 3217 2378 3273 in
2408 3217 2610 3288 quibus
2639 3217 2958 3272 ministrant
2991 3217 3045 3271 in
3079 3215 3160 3271 eis
3184 3257 3199 3280 ,
3235 3221 3290 3269 et
3333 3223 3537 3284 ponent

292 3307 342 3362 5.
374 3308 441 3364 Et
471 3310 609 3366 dixit
630 3310 892 3371 Dominus
917 3319 984 3373 ad
1027 3335 1115 3376 me
1147 3341 1163 3378 :
1193 3323 1295 3379 Fill
1330 3325 1597 3393 hominis,
1631 3331 1859 3402 dispone

290 3403 343 3456 in
375 3418 472 3457 cor
497 3413 648 3460 tuum
672 3449 687 3474 ,
742 3418 796 3463 et
823 3410 945 3467 vide
983 3415 1159 3470 oculis
1194 3418 1301 3474 tuis
1326 3461 1340 3485 ,
1375 3416 1701 3481 et'auribus
1748 3428 1857 3484 tuis

287 3584 467 3639 omnia
499 3600 767 3659 pmcepta
797 3591 995 3651 domus
1036 3596 1272 3666 Domini,
1308 3610 1363 3658 et
1398 3607 1581 3662 omnia
1611 3608 1854 3681 legitima

285 3675 421 3745 ejus.
456 3676 524 3733 Et
552 3679 812 3750 dispones
840 3700 935 3740 cor
957 3696 1109 3744 tuum
1138 3692 1192 3746 in
1217 3693 1500 3752 introitum
1536 3675 1734 3757 domus
1763 3717 1852 3758 se-

284 3768 522 3823 cundum
558 3786 750 3829 omnes
775 3776 951 3832 exitus
981 3779 1100 3849 ejus
1121 3823 1135 3842 ,
1163 3792 1214 3838 et
1239 3784 1292 3839 in
1325 3788 1580 3845 omnibus
1609 3791 1850 3850 Sanctis.

284 3856 332 3912 6.
366 3857 433 3912 Et
461 3861 612 3917 dices
640 3877 701 3919 σε-
739 3865 807 3919 ad
828 3866 1050 3924 domum
1087 3873 1441 3942 :irritantem
1471 3918 1487 3943 ,
1528 3882 1593 3935 ad
1629 3883 1852 3940 domum

282 3946 495 4005 lsraelis
515 3969 530 4006 :
551 3951 676 4009 Haec
699 3955 1104 4018 dicitDominus
1121 3962 1383 4024 Dominus
1411 3968 1681 4029 :Suﬂiciat
1699 3976 1853 4032 vobis

283 4039 346 4094 de
378 4045 637 4100 omnibus
671 4046 1053 4118 iniquitatibus
1084 4057 1282 4112 vestris
1305 4102 1320 4125 ,
1372 4060 1572 4119 domus
1611 4063 1849 4137 lsraelis,

282 4129 331 4185 7.
366 4148 431 4188 eo
462 4136 610 4204 quod
645 4138 902 4197 inducitis
944 4144 1085 4200 lilios
1116 4148 1446 4220 alienigenas
1484 4170 1590 4210 non
1618 4129 1855 4216 circum;

281 4222 424 4278 cisos
463 4229 650 4291 corde,
702 4239 756 4285 et
795 4247 901 4286 non
928 4235 1284 4294 circumcisos
1323 4257 1486 4297 carne
1508 4283 1523 4305 ,
1559 4254 1620 4300 ut
1653 4248 1764 4302 sint
1796 4250 1851 4305 in

280 4308 497 4369 Sanctis
530 4318 690 4382 meis,
716 4329 771 4373 et
799 4321 1163 4390 profanabant
1191 4342 1276 4395 ea,
1313 4345 1435 4385 cum
1460 4332 1668 4390 offertis
1684 4351 1852 4405 panes

279 4414 432 4455 meos
459 4444 475 4469 ,
511 4403 724 4474 adipem
754 4450 767 4473 ,
796 4417 850 4462 et
878 4412 1195 4481 sanguinem
1229 4431 1243 4469 :
1279 4426 1331 4472 et
1363 4403 1701 4490 transgressi
1717 4425 1853 4481 estis

275 4499 664 4547 testamentum
717 4510 898 4551 meum
948 4500 1003 4552 in
1034 4503 1290 4560 omnibus
1341 4507 1722 4578 iniquitatibus
1757 4529 1852 4570 ve-

1962 3324 2056 3366 eas
2086 3310 2143 3364 in
2158 3309 2389 3366 exedris
2419 3309 2753 3364 Sanctorum
2779 3350 2796 3375 ,
2820 3317 2874 3363 et
2899 3308 3125 3363 induent
3159 3305 3330 3362 stolas
3361 3303 3530 3366 alias,

1959 3411 2015 3457 et
2041 3403 2116 3473 (g)
2145 3417 2254 3457 non
2281 3400 2700 3459 sanctiﬁeabunt
2729 3400 2988 3470 populum
3012 3400 3065 3454 iu
3091 3399 3249 3455 stolis
3277 3398 3415 3454 suis.
3440 3395 3532 3451 20.

1958 3495 2027 3547 Et
2061 3492 2242 3563 capita
2298 3507 2398 3548 sua
2431 3506 2543 3547 non
2585 3491 2843 3555 tondent,
2882 3500 2939 3547 et
2974 3490 3201 3560 capillos
3248 3504 3379 3544 suos
3427 3502 3533 3540 non

1957 3586 2185 3649 radent,
2208 3584 2463 3655 operient
2492 3583 2673 3654 capita
2699 3597 2821 3639 sua.
2858 3581 2949 3637 21.
2978 3581 3045 3635 Et
3082 3581 3270 3636 vinum
3304 3594 3416 3633 non
3446 3578 3531 3632 bi-

1957 3677 2087 3732 bent
2109 3677 2291 3731 omnis
2309 3675 2587 3741 sacerdos,
2614 3673 2835 3744 quando
2856 3672 3237 3743 ingrediuntur
3259 3673 3312 3726 in
3335 3670 3530 3729 atrium

1956 3766 2205 3823 interius.
2237 3766 2327 3820 22.
2352 3765 2420 3821 Et
2447 3766 2691 3829 viduam,
2717 3773 2771 3820 et
2795 3765 3137 3834 repudiatam
3172 3777 3282 3818 non
3310 3769 3533 3818 sument

1956 3856 2060 3911 sibi
2086 3856 2142 3911 in
2169 3870 2390 3924 uxores,
2422 3856 2514 3912 sed
2539 3856 2803 3926 virginem
2829 3870 2861 3910 e
2892 3855 3102 3909 semine
3130 3855 3330 3909 domus
3359 3851 3532 3907 lsrae-

1956 3948 2025 4004 lis
2055 3954 2088 4000 ε’
2111 3954 2167 4004 et
2194 3948 2435 4012 viduam,
2471 3947 2517 4001 si
2552 3947 2718 4001 fuerit
2750 3949 2817 4013 χ(
2855 3946 3016 4000 vidua
3062 3946 3087 4014 ζ
3119 3945 3184 3999 de
3221 3944 3529 4007 sacerdote,

1956 4049 2199 4097 sument.
2228 4040 2320 4094 23.
2352 4039 2418 4094 Et
2441 4034 2703 4110 p0pulum
2731 4053 2915 4092 meum
2941 4038 3214 4093 docebunt
3243 4040 3381 4091 inter
3402 4052 3532 4092 san-

1954 4140 2103 4188 ctum
2134 4140 2190 4187 et
2214 4130 2502 4202 profanum
2529 4171 2545 4195 ,
2577 4140 2633 4185 et
2667 4132 2807 4185 inter
2836 4144 2950 4184 non
2995 4129 3259 4185 mundum
3287 4138 3343 4184 et
3372 4145 3531 4184 mun-

1955 4221 2089 4277 dum
2132 4222 2414 4292 cognitum
2451 4220 2655 4277 facient
2697 4222 2800 4277 eis.
2834 4220 2928 4276 24.
2967 4220 3033 4275 Et
3063 4221 3130 4277 de
3158 4221 3371 4290 judicio
3404 4237 3530 4276 san-

1953 4315 2135 4386 guinis
2157 4315 2260 4385 ipsi
2286 4314 2511 4369 stabunt
2534 4314 2602 4369 ad
2628 4313 3048 4370 discernendum
3076 4332 3088 4367 :
3110 4314 3530 4383 justilicatioues

1953 4422 2109 4464 meas
2143 4421 2205 4463 σι·-
2227 4406 2611 4477 jnstiﬁcabunt
2649 4408 2697 4476 ζ,
2726 4415 2781 4461 et
2802 4406 3009 4476 judicia
3043 4422 3160 4461 mea
3180 4407 3524 4475 judicabunt.
3572 4479 3583 4495 ι

1954 4506 2009 4554 et
2047 4499 2288 4571 legitima
2326 4515 2445 4554 mea
2471 4539 2486 4563 ,
2516 4508 2573 4555 et
2610 4505 2879 4569 praecepta
2912 4512 3031 4552 mea
3062 4497 3116 4552 in
3147 4498 3403 4552 omnibus
3436 4512 3528 4550 so—
3566 4510 3581 4543 ε

276 4581 423 4646 stris,
445 4580 501 4636 8.
531 4584 601 4651 )K
626 4593 680 4639 et
703 4600 809 4640 non
839 4590 1172 4647 custodiistis
1193 4554 1497 4652 custodialm
1522 4597 1848 4659 Sanctorum

1963 4554 2312 4646 lenniiatibus
2339 4592 2476 4648 meis
2509 4554 2839 4656 cusiodient,
2870 4599 2924 4644 et
2946 4590 3173 4646 sabbata
3215 4605 3332 4644 mea
3366 4604 3528 4644 sanc-

274 4683 521 4726 meorum
571 4673 621 4742 ζ,

661 4684 715 4730 et
752 4675 1097 4746 disposuistis
1127 4684 1405 4739 custodire
1452 4688 1729 4745 custodias
1790 4691 1845 4746 in
1946 4682 2250 4739 titicabunt.
2279 4683 2370 4737 25.
2402 4682 2468 4736 Et
2489 4697 2654 4753 super
2684 4682 2924 4737 animam
2946 4681 3186 4737 hominis
3212 4696 3317 4735 non
3343 4679 3527 4749 ingre-

278 4758 491 4818 Sanctis
535 4765 695 4821 meis.
741 4767 792 4824 9.
840 4766 1068 4838 Propter
1096 4772 1200 4828 hoc
1241 4773 1358 4830 haec
1393 4776 1529 4833 dicit
1577 4777 1844 4836 Dominus
1943 4774 2181 4839 dieutur,
2208 4773 2277 4829 ad
2302 4774 2653 4844 polluendum
2678 4790 2758 4840 se,
2782 4774 2875 4830 sed
2895 4789 3057 4843 super
3080 4782 3253 4842 patre,
3286 4780 3342 4827 et
3362 4785 3529 4835 super

275 4850 537 4911 Dominus
570 4869 587 4911 :
622 4857 815 4913 Omnis
844 4860 987 4916 filius
1015 4863 1320 4933 alienigena
1349 4864 1428 4939 (α)
1463 4882 1575 4924 non
1598 4870 1841 4926 cireum-
1936 4874 2132 4930 matre,
2159 4874 2215 4921 et
2237 4881 2399 4935 super
2424 4867 2557 4933 (ilio,
2583 4875 2638 4922 et
2665 4881 2831 4936 super
2857 4866 2964 4920 tilia
2991 4907 3006 4932 ,
3038 4874 3092 4919 et
3125 4878 3291 4934 super
3323 4862 3517 4926 fratre.

273 4944 418 4999 cisus
445 4946 631 5013 corde,
658 4963 759 5003 nec
781 4949 1140 5008 circumcisus
1164 4969 1348 5020 carne,
1375 4972 1482 5012 non
1506 4959 1838 5031 ingredietur
1942 4965 1999 5012 et
2014 4971 2177 5027 super
2202 4972 2390 5013 80l‘0re
2412 4972 2530 5019 sua,
2550 4972 2672 5027 (1η
2693 4973 2801 5014 ηθιι
2817 4956 2919 5013 fu“
2934 4956 3051 5011 νίνο
3068 4994 3084 5022 ν
3103 4971 3162 5011 δε
3180 4954 3403 5025 Ροηυθῑ·
3424 4953 3518 5008 ²(ί’

272 5028 325 5083 in
353 5033 555 5094 Sancta
585 5053 707 5094 mea
735 5039 790 5094 in
818 5042 1077 5099 omnibus
1111 5045 1238 5100 filiis
1262 5028 1712 5120 alienigenarum,
1740 5053 1835 5123 qui

272 5136 399 5185 sunt
429 5129 485 5183 in
520 5129 704 5186 medio
749 5131 945 5189 domus
970 5133 1218 5202 lsraelis,
1251 5137 1338 5194 10.
1382 5139 1456 5211 (b)
1492 5142 1584 5197 sed
1618 5141 1837 5211 Levitze,

272 5221 361 5287 qui
394 5234 742 5280 recesserunt
768 5241 798 5280 a
837 5242 956 5293 me,
990 5243 1115 5283 cum
1147 5241 1356 5287 erraret
1395 5230 1560 5289 lsrael
1589 5273 1604 5299 ,
1640 5238 1706 5305 Χ
1743 5239 1839 5308 qui

276 5323 522 5369 errarunt
549 5314 572 5382 ζ
601 5329 631 5370 a
654 5331 740 5371 me
769 5327 895 5387 post
925 5320 1282 5385 cogitationes
1312 5338 1464 5389 suas,
1491 5333 1545 5379 et
1574 5327 1841 5397 accipient

338 5457 390 5525 (η
435 5456 567 5511 Com
607 5458 715 5514 leta
749 5471 852 5517 est.
931 5462 1008 5535 (at)
1032 5465 1412 5528 S.,vestihuli.
1455 5468 1925 5540 (y)S.,perviam.
1967 5471 2144 5542 (z)S.,
2170 5473 2256 5528 de.
2304 5474 2356 5541 (α

279 5524 344 5595 (b)
370 5462 455 5592 3.,
490 5538 546 5580 et
574 5474 775 5584 ἱρήια
795 5532 964 5595 enim,
1000 5536 1094 5595 qui
1124 5537 1314 5595 procul
1349 5536 1571 5594 fuerunt
1596 5556 1630 5595 a
1654 5558 1761 5595 me.
1802 5559 1926 5595 cum
1951 5552 2201 5595 errarent
2242 5544 2334 5595 lilii

1946 5047 2012 5105 Et
2032 5059 2321 5121 postquam
2339 5051 2633 5106 mundatus
2654 5048 2838 5116 fuerit,
2853 5057 3058 5118 septem
3076 5046 3195 5103 dies
3210 5045 3527 5101 numerabit

1946 5142 2062 5211 ipse
2095 5142 2220 5198 sibi.
2255 5143 2345 5197 27.
2378 5144 2444 5198 Et
2464 5143 2551 5198 die
2574 5158 2684 5212 quo
2718 5140 3056 5211 ingrediatur
3082 5141 3150 5209 Ἃ(
3177 5138 3231 5192 in
3264 5137 3500 5193 Sanctua

1945 5235 2089 5289 rium
2145 5236 2169 5305 ζ
2224 5238 2278 5290 in
2318 5237 2518 5291 atrium
2564 5235 2833 5297 interius,
2879 5233 2946 5288 ad
2999 5231 3419 5286 ministrantium
3467 5230 3520 5284 in

1949 5327 2172 5391 Sancto,
2196 5329 2382 5383 olferet
2403 5327 2792 5398 expiationem,
2814 5326 2944 5380 dicit
2966 5323 3229 5380 Dominus
3251 5323 3326 5395 (It)
3354 5321 3520 5386 Deus.

2403 5472 2488 5536 8.,
2511 5488 2615 5527 non
2636 5486 2805 5543 purus
2821 5471 3003 5536 corde,
3019 5484 3121 5524 nec
3142 5484 3314 5539 purus
3328 5481 3517 5543 carne.

652 5530 775 5613 vitae
795 5530 964 5613 enim,
987 5530 1099 5613 qui
1124 5537 1314 5613 procul
1349 5530 1571 5613 fuerunt
1596 5530 1630 5595 εἰ
1652 5530 1761 5607 ine,
1802 5559 1926 5599 cum
1951 5530 2201 5597 errarent
2242 5530 2334 5597 lilii
2362 5530 2596 5606 israelis,
2628 5530 2743 5613 qui
2773 5530 3028 5613 errarunt
3049 5556 3075 5592 a
3106 5530 3214 5613 me,
3250 5538 3522 5613 ut‘adhm-

274 5605 549 5676 reserarent
571 5598 738 5676 idolis
765 5603 902 5676 suis,
929 5598 1198 5673 accipient
1228 5607 1569 5676 iniquitatem
1602 5598 1778 5669 suam.

277 5665 613 5754 (έζᾼυξξιηη
680 5670 753 5754 (ελ
785 5665 1359 5754 8.,Ὀῑηςξίηεηῑᾲιὶιίί
1405 5665 1731 5754 eruntaﬂm

1861 5612 1930 5696 (ε)
1955 5614 2045 5680 8.,
2071 5614 2323 5696 disposui
2358 5628 2455 5696 eos
2480 5613 2624 5667 enim
2646 5610 2662 5613 ’
2682 5611 2938 5696 custodes
2983 5611 3250 5696 custodiae
3278 5610 3513 5696 idotnus.

1781 5680 1879 5748 S.,'
1914 5680 1968 5737 in
2009 5680 2229 5739 sudore.
2309 5684 2383 5752 (Ω)
2416 5682 2500 5748 8.,
2558 5699 2667 5737 non
2726 5689 2907 5746 erunt,
2953 5680 3358 5737 sanetilieantes
3390 5695 3519 5734 cum

275 5742 794 5837 s‘upthcumpoliulo
825 5744 880 5798 in
910 5745 1247 5803 vestimentis
1271 5742 1775 5837 saecularibus,'u'ec
1804 5742 2064 5824 capillum
2101 5742 2436 5826 relinquent,
2489 5742 2590 5811 sed
2643 5742 2902 5810 radendo
2944 5752 3133 5808 radent
3179 5752 3358 5821 capita
3393 5764 3515 5806 sua.

280 5804 350 5871 Ut)
375 5804 615 5864 Adonei.
