4122 6320
334 292 470 347 2761

1479 291 1886 350 HEZECIELIS
1907 290 2134 350 CAPUT
2175 287 2380 345 XLV".

3341 257 3344 260 ’
3433 287 3578 346 2762

329 403 527 458 offeret
565 402 676 457 dux
707 400 940 457 Domino
985 402 1039 456 in
1074 403 1162 458 die
1193 404 1566 473 sabbatorum,
1602 421 1694 461 sex
1726 422 1896 478 agnos
1926 415 1972 471 Α
1999 404 2065 462 ad
2101 419 2189 460 me
2227 422 2239 457 :
2275 400 2375 456 llic
2405 400 2559 454 locus
2594 406 2695 467 est,
2746 399 2838 454 ubi
2869 406 3107 470 coquent
3153 397 3225 455 ibi
3265 399 3575 456 sacerdotes

333 496 455 552 sine
490 494 723 560 macula,
756 502 811 549 et
841 494 1066 549 arietem
1098 495 1216 549 sine
1243 497 1478 564 macula,
1503 498 1557 552 ες.
1588 497 1662 567 ιιι)
1699 508 1752 552 et
1783 513 1900 551 ma-

331 602 464 650 naa,
515 594 694 640 satum
744 584 921 651 arieti,
968 595 1021 640 et
1075 586 1231 658 agnis
1279 589 1644 658 sacriﬁcium,
1697 591 1898 646 donum

331 692 534 732 manus
565 691 702 740 suae,
748 684 804 732 et
832 676 894 747 (ι)
922 677 978 730 In
1008 674 1118 732 olei
1158 687 1296 734 sato.
1331 679 1385 733 6.
1422 679 1488 736 Et
1531 682 1586 736 in
1621 683 1709 739 die
1743 683 1901 741 novi-

331 768 473 821 lunii
510 766 806 836 juvencum
840 769 908 834 χ
940 764 1112 821 ﬁlium
1155 767 1313 824 bovis
1344 769 1368 839 1
1417 769 1536 825 sine
1578 772 1815 837 macula,
1851 781 1904 828 et

333 873 429 914 sex
456 871 648 926 agnos,
679 865 732 912 et
756 856 900 911 aries
932 857 1053 913 sine
1082 857 1299 914 macula
1327 868 1509 925 erunt,
1539 860 1588 915 7.
1631 871 1686 916 et
1721 871 1901 919 satum

332 949 588 1019 iuvenco,
625 957 679 1003 et
706 956 885 1004 satum
921 948 1076 1004 arieti
1106 949 1211 1004 erit
1241 966 1467 1018 manaa,
1487 962 1541 1008 et
1560 954 1736 1024 agnis,
1764 956 1905 1010 sicut

334 1040 617 1098 suﬁ‘ecerit
641 1055 840 1095 manus
863 1040 1006 1111 ejus,
1033 1048 1087 1095 et
1115 1037 1175 1094 ln
1204 1040 1323 1096 oleo
1357 1043 1482 1097 sati.
1514 1043 1568 1098 8.
1595 1041 1663 1097 Et
1686 1045 1905 1113 quando

337 1132 686 1202 ingredietur
714 1131 849 1196 dux,
879 1145 1044 1200 super
1075 1130 1162 1184 via
1216 1128 1396 1186 Elam
1437 1142 1610 1202 portae
1637 1133 1908 1204 ingredie-

335 1232 446 1288 tur,
471 1221 568 1293 (πη)
597 1230 652 1276 et
679 1236 842 1290 super
860 1221 948 1275 via
976 1229 1149 1290 portae
1169 1222 1492 1290 egredietur.
1516 1208 1575 1277 9.
1604 1222 1905 1293 thuando

337 1314 673 1384 ingredietur
699 1312 933 1382 populus
971 1320 1130 1367 terra
1159 1326 1342 1368 coram
1376 1313 1608 1369 Domino
1636 1315 1687 1369 in
1727 1315 1906 1370 solen-

335 1404 627 1470 nitatibus,
661 1403 757 1474 qui
809 1403 1112 1474 ingreditur
1140 1419 1304 1474 super
1334 1404 1423 1460 via
1466 1416 1656 1474 portae,
1693 1421 1810 1475 qua:
1839 1405 1906 1460 ad

337 1495 783 1568 septentrionem,
846 1503 909 1549 ut
962 1495 1183 1563 adoret,
1242 1496 1550 1564 egredietur
1603 1511 1768 1564 super
1819 1497 1908 1552 via

335 1595 530 1658 portae,
570 1601 691 1655 quae
737 1588 802 1640 ad
845 1595 1093 1641 austrum
1131 1607 1145 1640 :
1191 1592 1245 1642 et
1271 1587 1363 1656 qui
1401 1581 1703 1656 ingreditur
1745 1603 1910 1658 super

337 1677 427 1731 via
457 1684 651 1745 portae,
687 1690 808 1745 qua:
835 1675 903 1730 ad
955 1684 1224 1742 austrum,
1255 1676 1565 1745 egredietur
1615 1692 1780 1746 super
1820 1677 1908 1732 via

2006 512 2128 568 quae
2174 511 2271 566 pro
2304 491 2632 562 ignorantia,
2681 499 2736 546 et
2773 506 2896 562 quae
2941 507 3040 561 pro
3095 502 3341 561 peccato,
3397 499 3452 546 et
3503 493 3575 546 ibi

2007 589 2235 660 depseut
2283 600 2476 639 manaa
2535 584 2795 649 omnino,
2847 599 2955 638 non
2996 582 3221 638 eﬂ‘erent
3269 585 3324 637 in
3373 584 3574 638 atrium

2007 675 2274 740 exterius,
2311 674 2376 728 ad
2408 672 2860 728 sanctiﬁcandum
2884 674 3167 742 pepulutn.
3190 671 3281 725 21.
3307 674 3373 726 Et
3391 674 3579 727 eduxit

2009 779 2098 819 me
2144 765 2198 818 in
2249 763 2460 819 atrium
2485 764 2761 829 exterius,
2799 775 2853 819 et
2886 762 3251 819 circumduxit
3281 778 3368 817 mc
3415 779 3578 832 super
3623 835 3626 838 1

2010 864 2244 926 quatuor
2259 863 2446 924 partes
2463 855 2591 908 atrii
2618 873 2630 908 :
2658 864 2710 909 et
2734 870 2860 910 ecce
2885 855 3081 908 atrium
3118 852 3191 923 (q)
3227 868 3389 922 super
3410 852 3576 907 latera

2012 947 2160 1011 atrii,
2194 945 2286 1000 2‘2.
2325 960 2390 1002 σε-
2418 961 2584 1016 super
2613 946 2756 1001 latus
2788 946 2911 1000 atrii
2939 946 2961 1015 1
3000 945 3221 1009 atrium,
3257 961 3418 1014 super
3440 959 3578 1014 qua-

2015 1049 2136 1092 tuor
2161 1037 2332 1091 latera
2364 1037 2490 1092 atrii
2517 1037 2587 1107 (r)
2616 1036 2815 1090 atrium
2847 1051 3098 1105 parvum,
3126 1035 3404 1105 longitudo
3435 1035 3582 1090 cubi-

2011 1136 2192 1183 torum
2221 1125 2602 1196 quadraginta,
2635 1135 2691 1181 et
2717 1126 2947 1180 latitudo
2977 1126 3290 1181 cubitorum
3334 1126 3577 1196 triginta,

2013 1234 2269 1274 mensura
2315 1217 2621 1290 [nt-inm:
2659 1231 2759 1287 pro
2812 1226 3050 1278 mnum:
3088 1231 3220 1272 sane
3265 1217 3578 1289 legendum!

2014 1326 2123 1365 ttna
2150 1310 2284 1380 ipsis
2317 1319 2572 1380 quatuor.
2608 1307 2700 1362 25.
2737 1305 2805 1377 (ε)
2837 1305 2904 1361 Et
2926 1307 3140 1362 exedrae
3169 1323 3264 1377 per
3292 1308 3580 1362 circuitum

2013 1403 2071 1459 in
2100 1404 2202 1469 eis,
2225 1419 2320 1474 per
2350 1403 2641 1458 circuitum
2694 1401 2827 1472 ipsis
2870 1410 3105 1470 quatuor
3131 1419 3145 1455 :
3183 1400 3248 1471 (ι)
3277 1410 3331 1455 et
3365 1401 3580 1464 culinae,

2015 1511 2139 1567 quae
2184 1495 2344 1550 factae
2371 1504 2550 1561 erant,
2604 1493 2707 1550 sub
2745 1491 2963 1548 exedris
2990 1507 3084 1562 per
3133 1491 3444 1546 circuitum.
3488 1491 3580 1546 24.

2016 1586 2083 1642 Ει
2116 1587 2254 1641 dixit
2278 1587 2344 1640 ad
2365 1601 2451 1640 me
2480 1603 2494 1642 :
2521 1583 2617 1640 Hae
2643 1584 2840 1640 domus
2871 1583 3200 1648 culinarum,
3235 1582 3325 1637 ubi
3350 1591 3584 1652 coquent

2015 1679 2114 1745 ibi,
2151 1679 2246 1750 qui
2273 1677 2587 1734 ministrant
2618 1676 2698 1747 (ιι)
2728 1674 2918 1731 domui
2951 1673 3218 1730 sacriﬁcia
3252 1674 3460 1744 populi.

337 1775 530 1837 portae,
563 1780 686 1836 qua:
713 1763 778 1819 ad
806 1765 1272 1834 septentrionem:
1298 1779 1406 1818 non
1426 1773 1727 1819 revertetur
1751 1778 1916 1832 super
1947 1765 1990 1820 Β
2089 1766 2224 1836 Cap.
2268 1763 2572 1819 XLVII..—
2604 1767 2656 1818 1.
2686 1763 2753 1818 Ει
2773 1763 3076 1818 introduxit
3108 1778 3191 1817 me
3223 1777 3386 1833 super
3415 1762 3584 1816 vesti-

339 1855 427 1910 via
444 1862 635 1924 portae,
658 1853 713 1908 in
739 1868 904 1924 quam
938 1854 1222 1925 ingressus
1251 1861 1358 1918 est,
1381 1853 1476 1909 sed
1501 1867 1532 1908 e
1557 1853 1776 1924 regione
1794 1853 1912 1923 ejus

341 1957 490 2001 recte
541 1944 870 2016 egredietur.
927 1944 1017 1999 to.
1071 1943 1137 2000 Et
1181 1945 1290 2000 dux
1341 1945 1395 1998 in
1466 1944 1645 2000 medio
1699 1960 1912 2008 eorum,

343 2036 562 2108 quando
607 2035 1008 2106 ingredientur,
1053 2035 1389 2106 ingredietur
1417 2049 1476 2088 -ε-
1507 2049 1630 2090 cum
1662 2035 1743 2090 eis
1781 2035 1828 2104 1,
1863 2043 1918 2090 et

344 2127 565 2199 quando
599 2127 970 2196 egredieutur,
1004 2127 1318 2198 egredietur
1349 2130 1418 2197 Χ
1461 2143 1587 2183 cum
1630 2129 1710 2184 eis
1750 2129 1797 2200 1.
1827 2130 1914 2185 11.

347 2219 405 2276 ln
435 2218 875 2284 solennitatibus,
901 2231 954 2274 et
986 2219 1040 2274 in
1081 2218 1238 2276 festis
1266 2219 1372 2274 erit
1399 2235 1596 2276 manaa
1627 2220 1702 2291 (η)
1734 2232 1914 2276 satum

346 2310 598 2381 iuvenco,
635 2317 689 2365 et
721 2317 896 2365 satum
931 2309 1111 2376 arieti,
1159 2318 1213 2364 et
1243 2310 1422 2380 agnis,
1473 2311 1617 2366 sicut
1646 2311 1919 2368 suffecerit

349 2417 544 2456 manus
570 2401 713 2470 ejus,
752 2411 805 2456 et
832 2399 892 2454 In
937 2400 1040 2456 olei
1077 2409 1219 2455 sato.
1258 2400 1348 2456 l2.
1386 2400 1445 2455 Si
1496 2410 1680 2457 autem
1731 2401 1921 2459 fecerit

349 2494 456 2548 dux
513 2489 941 2555 confessionem,
983 2491 1360 2547 holocaustum
1423 2500 1518 2547 aut
1556 2491 1630 2562 (ο)
1663 2493 1918 2550 salutaris

351 2586 417 2652 χ(
442 2582 817 2636 voluntarium
856 2583 879 2652 1
916 2581 1166 2646 Domino,
1195 2589 1250 2636 et
1282 2583 1490 2653 aperiet
1517 2583 1625 2640 sibi
1649 2584 1752 2654 ipsi
1789 2599 1916 2654 por-

348 2683 454 2728 tam
497 2672 882 2742 respicientem
916 2688 1108 2729 versus
1154 2674 1442 2740 orientem,
1477 2685 1532 2730 et
1571 2675 1733 2732 faciet
1764 2677 1918 2732 holo-

350 2774 600 2820 caustum
626 2779 808 2831 suum,
834 2772 888 2819 et
915 2769 1036 2834 quae
1065 2765 1260 2822 salutis
1294 2782 1426 2830 suae,
1461 2768 1917 2838 Quemadmodum

349 2857 481 2912 facit
504 2857 558 2911 in
591 2857 680 2912 die
721 2857 1077 2914 sabbatorum
1125 2874 1138 2910 :
1177 2866 1230 2912 et
1267 2860 1596 2929 egredietur,
1625 2867 1679 2914 et
1707 2859 1922 2914 claudet

347 2957 558 3018 portas,
612 2956 900 3017 postquam
945 2961 1199 3016 egressus
1248 2945 1433 3013 fuerit,
1486 2948 1575 3002 15.
1619 2957 1674 3003 et
1718 2963 1916 3020 agnum

348 3039 666 3093 anniculum
698 3036 817 3093 sine
854 3037 1065 3093 macula
1097 3036 1258 3093 faciet
1286 3039 1341 3093 in
1373 3039 1754 3095 holocaustum
1779 3056 1920 3111 quo-

2012 1857 2201 1912 bulum
2238 1855 2458 1921 domus,
2514 1863 2570 1911 et
2611 1869 2737 1910 ecce
2784 1869 2925 1924 aqua
2970 1853 3345 1926 egrediebatur
3413 1854 3582 1913 desub

2013 1949 2250 2006 subdiali
2274 1948 2472 2004 domus
2494 1964 2690 2004 versus
2723 1948 3011 2011 orientem,
3045 1946 3172 2016 quia
3203 1945 3367 2000 facies
3387 1942 3584 2000 domus

2014 2041 2344 2112 respiciebat
2367 2055 2561 2096 versus
2583 2040 2872 2106 orientem,
2891 2048 3095 2108 etaqua
3127 2036 3487 2093 descendebat
3508 2035 3583 2106 (π)

2015 2148 2048 2189 a
2070 2132 2244 2187 latere
2272 2132 2338 2199 >ε<
2370 2132 2567 2187 domus
2606 2131 2630 2202 1
2663 2130 2877 2197 dextro,
2900 2130 2969 2186 ab
2995 2141 3181 2186 austro
3210 2143 3374 2199 super
3393 2129 3584 2182 altare.

2015 2221 2071 2276 2.
2097 2220 2163 2275 Et
2194 2220 2384 2276 eduxit
2417 2235 2506 2275 me
2557 2234 2721 2290 super
2751 2221 2838 2274 via
2883 2227 3076 2290 portae,
3108 2234 3231 2290 quae
3275 2218 3343 2273 ad
3375 2217 3586 2287 aquilo-

2019 2327 2168 2378 nem,
2203 2319 2256 2366 et
2307 2309 2677 2366 circumduxit
2713 2325 2802 2365 me
2839 2309 2908 2365 ad
2953 2309 3098 2364 viam
3131 2317 3300 2379 portae
3330 2307 3477 2363 foras
3520 2307 3585 2361 ad

2018 2412 2227 2472 portam
2261 2403 2327 2470 X
2373 2401 2700 2456 exteriorem
2755 2401 2789 2471 ζ,
2833 2401 2958 2455 atrii
3005 2399 3344 2470 respicientis
3395 2413 3588 2453 versus

2017 2494 2282 2549 orientem
2317 2511 2328 2546 :
2353 2503 2407 2548 et
2433 2507 2561 2547 ecce
2582 2506 2722 2562 aqua
2744 2491 3112 2547 descendebat
3130 2505 3160 2544 a
3186 2490 3354 2544 latere
3373 2489 3592 2552 dextro,

2019 2583 2072 2639 ὅ.
2099 2584 2174 2656 (y)
2201 2585 2344 2640 sicut
2371 2583 2552 2639 exitus
2587 2582 2691 2638 viri
2717 2598 2784 2638 ex
2821 2583 3050 2638 adverso
3090 2601 3102 2637 :
3135 2591 3190 2637 et
3218 2587 3502 2643 mensura;
3532 2580 3588 2649 in

2020 2691 2186 2730 manu
2208 2675 2348 2745 ejus,
2375 2684 2430 2730 et
2446 2690 2669 2733 mensus
2699 2682 2786 2729 est
2809 2673 2959 2728 mille
2985 2673 3038 2727 in
3059 2687 3316 2728 mensura
3341 2680 3395 2726 et
3417 2681 3592 2726 trans-

2022 2766 2084 2822 iit
2141 2767 2194 2820 in
2244 2782 2384 2836 aqua
2421 2765 2498 2838 (ι)
2542 2781 2740 2836 aquam
2779 2764 3140 2830 remissionis,
3184 2764 3240 2819 4.
3279 2771 3333 2818 et
3367 2775 3590 2817 mensus

2020 2866 2105 2915 est
2134 2858 2210 2929 (a)
2266 2859 2435 2925 mille,
2477 2866 2532 2914 et
2567 2857 2788 2912 transiit
2817 2857 2872 2911 in
2903 2871 3046 2926 aqua
3093 2870 3290 2926 aquam
3318 2869 3492 2924 usque
3521 2854 3590 2907 ad

2021 2949 2192 3004 latera
2229 2971 2239 3005 :
2263 2959 2320 3005 et
2346 2965 2568 3005 mensus
2592 2958 2676 3005 est
2698 2948 2866 3015 mille,
2889 2959 2944 3002 et
2971 2947 3390 3015 transivitaqua
3419 2959 3592 3014 usque

2022 3038 2088 3094 ad
2123 3039 2389 3094 lumbum.
2415 3040 2469 3094 5.
2499 3039 2564 3093 Et
2583 3054 2806 3094 mensus
2833 3049 2916 3093 est
2935 3038 3102 3105 mille,
3127 3047 3180 3092 et
3197 3051 3326 3092 ecce
3357 3045 3590 3100 torrens,

351 3130 482 3186 tidie
527 3129 784 3196 Domino,
839 3144 997 3184 mane
1027 3143 1188 3184 mane
1232 3129 1397 3210 faciet
1434 3147 1582 3198 eum,
1626 3132 1713 3186 M.
1749 3132 1826 3203 (p)
1869 3141 1923 3189 et
1949 3119 1991 3179 C
2024 3146 2184 3200 quem
2217 3146 2323 3185 non
2357 3130 2535 3200 potuit
2567 3130 2822 3194 transire,
2852 3128 2980 3198 quia
3026 3128 3100 3198 (b)
3130 3127 3287 3198 pluit,
3321 3125 3594 3181 difﬂuebat

352 3235 546 3275 manaa
584 3219 746 3275 faciet
765 3234 929 3289 super
960 3234 1025 3276 eo
1058 3239 1072 3274 :
1117 3236 1275 3282 mane
1301 3236 1460 3277 mane
1483 3233 1690 3278 sextam
1715 3232 1923 3292 partem

357 3327 653 3378 mensurae,
687 3322 741 3366 et
766 3312 945 3366 oleum
977 3312 1194 3367 tertiam
1239 3320 1447 3382 partem
1489 3313 1547 3368 ln
1578 3314 1643 3368 ad
1687 3315 1923 3370 miscen-

356 3402 482 3456 dum
540 3403 776 3458 similam
815 3418 1008 3457 manaa
1045 3402 1298 3469 Domino,
1325 3413 1652 3475 praeceptum
1684 3408 1752 3475 Χ
1781 3405 1926 3476 quod

359 3495 412 3550 in
441 3495 704 3550 saeculum
731 3496 753 3564 1
783 3494 986 3565 jugitcr
1015 3496 1102 3550 15.
1137 3493 1351 3550 facietis
1372 3511 1606 3566 agnum:
1635 3506 1690 3552 et
1710 3512 1925 3566 manaa,

357 3595 410 3642 et
434 3587 614 3642 oleum
647 3585 864 3641 facietis
905 3601 1085 3651 mane,
1135 3586 1515 3642 holocaustum
1561 3587 1781 3659 jugiter.
1836 3586 1932 3643 16..

359 3677 483 3731 llaec
504 3677 638 3731 dicit
668 3675 879 3730 Adonai
909 3675 1169 3737 Dominus
1201 3696 1214 3732 :
1249 3678 1306 3732 Si
1336 3677 1544 3734 dederit
1573 3679 1680 3733 dux
1722 3679 1926 3736 donum

360 3771 452 3824 uni
484 3785 551 3824 ex
587 3769 717 3824 ﬁliis
760 3769 876 3828 suis
903 3769 970 3823 de
999 3770 1316 3825 haereditate
1344 3785 1463 3836 sua,
1502 3770 1608 3825 hoc
1637 3770 1766 3827 ﬁliis
1805 3771 1928 3842 ejus

361 3860 461 3914 erit
489 3879 502 3913 :
535 3861 813 3930 possessio
845 3863 912 3928 Χ
943 3875 1132 3915 eorum
1166 3861 1282 3932 ipsa
1315 3863 1338 3930 1
1389 3862 1443 3916 in
1471 3862 1804 3917 haereditate.
1839 3863 1926 3917 17.

364 3950 419 4004 Si
447 3961 630 4005 autem
658 3950 866 4006 dederit
887 3953 1091 4007 donum
1127 3955 1192 4021 Χ
1225 3953 1293 4007 de
1320 3953 1631 4030 haereditate
1655 3968 1754 4008 sua
1781 3953 1804 4021 1
1835 3953 1930 4007 uni

365 4055 430 4095 ex
465 4041 644 4096 servis
678 4042 817 4109 suis,
840 4051 894 4096 et
916 4043 1020 4098 erit
1051 4043 1101 4097 ei
1129 4058 1305 4113 usque
1329 4043 1396 4098 ad
1422 4058 1625 4098 annum
1656 4043 1933 4099 dimissio-

364 4131 469 4194 nis,
500 4138 556 4184 et
585 4130 785 4185 redibit
815 4131 884 4185 ad
914 4133 1129 4196 ducem,
1161 4141 1357 4202 praeter
1389 4133 1757 4189 luereditatcm
1789 4133 1931 4190 ﬁlio-

365 4235 483 4273 rum
515 4219 635 4290 ejus
665 4221 744 4276 eis
781 4222 903 4276 erit.
938 4223 1026 4277 18.
1063 4223 1131 4277 Et
1163 4237 1271 4277 non
1305 4233 1484 4278 sumet
1525 4225 1636 4278 dux
1670 4225 1735 4279 de
1759 4226 1932 4279 haere-

365 4313 532 4366 ditate
563 4313 748 4383 p0puli
775 4314 858 4370 sui
890 4315 956 4369 ad
987 4313 1405 4385 opprimendum
1434 4331 1529 4372 eos
1568 4333 1582 4370 :
1614 4317 1680 4371 de
1715 4331 1935 4387 posses-

366 4404 518 4459 sione
565 4420 665 4459 sua
708 4408 775 4474 >ε<
817 4406 885 4461 de
928 4406 1242 4462 haereditate
1275 4422 1373 4463 sua
1423 4408 1452 4477 1
1499 4401 1740 4463 haeredes
1777 4407 1935 4463 faciet

366 4495 505 4550 ﬁlios
533 4512 688 4560 suos,
717 4509 776 4552 ut
818 4513 886 4553 ne
913 4499 1260 4569 dispergatur
1297 4499 1529 4570 populus
1567 4515 1720 4553 meus
1765 4515 1932 4554 unus-

2026 3235 2190 3289 aqua,
2218 3221 2360 3275 sicut
2384 3221 2618 3289 impetus
2641 3221 2918 3286 torrentis,
2952 3221 3043 3289 qui
3066 3235 3174 3274 non
3198 3219 3592 3290 poterittrans-

2026 3310 2117 3366 iri.
2151 3310 2204 3364 6.
2234 3309 2300 3362 Et
2333 3309 2472 3363 dixit
2500 3307 2568 3362 ad
2598 3322 2684 3362 me
2712 3325 2724 3360 :
2751 3306 2814 3360 Si.
2839 3307 3039 3373 vidisti,
3073 3307 3152 3361 ﬁli
3208 3306 3484 3361 hominis?
3528 3303 3594 3356 Et

2029 3399 2187 3455 duxit
2213 3413 2322 3464 me,
2353 3399 2420 3468 Ἃ(
2446 3405 2502 3452 et
2529 3397 2798 3452 convertit
2824 3412 2910 3452 me
2935 3398 2960 3468 1
2987 3413 3151 3467 super
3186 3397 3387 3451 labium
3422 3395 3593 3457 ﬂuvii,

2028 3490 2084 3545 7.
2120 3490 2177 3544 in
2205 3488 2564 3545 conversione
2609 3503 2732 3542 mea
2767 3505 2781 3542 :
2815 3495 2870 3541 et
2909 3502 3035 3542 ecce
3070 3503 3234 3558 super
3264 3488 3408 3542 labio
3446 3486 3596 3540 ﬂuvii

2029 3583 2257 3639 arbores
2284 3581 2469 3640 multa:
2494 3579 2789 3637 admodum
2810 3578 2937 3635 hinc
2959 3588 3013 3636 et
3044 3577 3186 3634 inde.
3210 3579 3260 3636 8.
3289 3575 3503 3634 Etdixit
3529 3572 3596 3632 ad

2029 3691 2118 3732 nte
2149 3694 2162 3730 :
2193 3675 2349 3746 Aqua
2371 3675 2508 3740 haec,
2531 3690 2654 3745 qua:
2675 3675 2950 3745 egreditur
2970 3673 3022 3728 in
3061 3674 3129 3746 (ε)
3158 3673 3455 3738 Galilaeam,
3478 3690 3599 3744 quae

2030 3767 2100 3823 ad
2122 3768 2405 3833 orientem,
2446 3776 2499 3821 et
2528 3763 2899 3821 descendebat
2922 3781 3086 3836 super
3119 3763 3398 3832 Arabiam,
3429 3775 3483 3818 et
3509 3780 3600 3818 ve—

2031 3859 2218 3914 niebat
2249 3873 2424 3928 usque
2446 3856 2513 3912 ad
2548 3872 2700 3917 mare
2739 3871 2900 3926 super
2921 3871 3128 3927 aquam
3169 3857 3344 3910 exitus
3373 3874 3386 3908 :
3415 3865 3467 3909 et
3508 3869 3598 3907 sa-

2031 3949 2186 4004 nabit
2226 3963 2398 4018 aquas
2438 3965 2452 4001 :
2486 3947 2540 4002 9.
2580 3959 2633 4002 et
2676 3947 2781 4002 erit
2824 3945 3005 4000 omnis
3052 3945 3233 3998 anima
3281 3944 3598 3998 animalium

2029 4039 2374 4110 lcprosorum
2415 4036 2706 4103 factorum,
2757 4051 2920 4106 super
2970 4033 3175 4099 omnia,
3228 4049 3351 4104 quae
3393 4033 3603 4086 venerit

2033 4146 2197 4202 super
2217 4145 2279 4185 ea
2307 4129 2397 4185 ille
2421 4128 2640 4194 ﬂuvius,
2672 4128 2814 4182 vivet
2841 4146 2853 4182 :
2881 4134 2936 4181 et
2959 4134 3119 4180 erunt
3146 4125 3216 4180 ibi
3245 4125 3419 4195 pisces
3447 4125 3601 4178 multi

2035 4222 2354 4286 admodum,
2390 4220 2518 4291 quia
2549 4219 2729 4274 veniet
2770 4219 2898 4274 illuc
2921 4233 3062 4288 aqua
3108 4219 3242 4282 haec,
3276 4226 3330 4272 et
3365 4218 3600 4275 sanabit.

2036 4324 2091 4370 et
2131 4314 2296 4380 vivet,
2340 4312 2602 4383 quicquid
2631 4311 2841 4365 venerit
2888 4326 3051 4380 super
3100 4309 3230 4365 illud
3284 4309 3500 4371 ﬂuvius,
3535 4313 3603 4376 λθ(

2037 4406 2111 4462 ibi
2146 4407 2170 4477 1
2207 4406 2371 4460 vivet.
2407 4404 2494 4460 10.
2529 4403 2594 4459 Ει
2640 4402 2858 4458 stabunt
2885 4402 2962 4474 (d)
2996 4418 3159 4474 super
3197 4419 3263 4458 eo
3304 4403 3604 4472 piscatores

2035 4502 2103 4570 χ
2137 4499 2294 4554 multi
2331 4498 2354 4568 1
2399 4499 2467 4553 ab
2511 4497 2704 4567 ln-god
2751 4506 2806 4553 et
2841 4513 3016 4567 usque
3067 4497 3131 4552 ad
3188 4495 3422 4565 ln-eglin
3477 4515 3489 4551 :
3535 4495 3603 4566 (ε)

367 4587 600 4656 quisque
633 4589 701 4642 de
739 4587 1088 4658 possessione
1117 4605 1238 4645 sua.
1286 4589 1374 4645 19.
1421 4588 1488 4644 Et
1519 4589 1822 4645 introduxit
1849 4604 1935 4644 me
2030 4592 2292 4662 expansio
2312 4590 2510 4646 retium
2534 4590 2655 4656 erit,
2687 4605 2716 4644 a
2748 4606 2806 4646 se
2833 4599 2888 4645 et
2906 4589 3009 4646 sibi
3040 4591 3178 4645 erit:
3207 4597 3260 4643 et
3288 4589 3461 4658 pisces
3486 4588 3606 4658 ejus

367 4677 419 4730 in
444 4679 774 4747 ingressum,
816 4695 940 4749 qua:
970 4689 1160 4735 contra
1193 4691 1464 4745 austrum,
1505 4692 1696 4752 portae,
1729 4681 1783 4736 in
1811 4696 1937 4737 exe-
2033 4685 2176 4740 sicut
2215 4683 2394 4755 pisces
2426 4684 2595 4740 maris
2627 4684 2830 4754 magni,
2875 4683 3168 4739 multitudo
3215 4682 3385 4736 multa
3431 4681 3604 4734 valde.

368 4767 515 4822 dram
574 4767 902 4824 Sanctorum
927 4811 942 4834 ,
996 4773 1376 4839 sacerdotum,
1426 4774 1809 4843 respicientem
1869 4774 1938 4829 ad
2034 4775 2122 4830 11.
2158 4775 2222 4845 (Γ)
2258 4775 2321 4829 Et
2343 4775 2396 4828 in
2423 4775 2574 4829 exitu
2601 4774 2742 4844 ejus,
2774 4789 2835 4829 οξ-
2861 4783 2916 4830 et
2947 4775 3000 4829 in
3029 4774 3386 4829 conversione
3408 4772 3526 4842 ejus
3559 4772 3606 4840 1,

369 4861 674 4929 aquilonem
707 4881 719 4915 :
754 4870 808 4917 et
836 4878 962 4919 ecce
991 4862 1065 4918 ibi
1097 4864 1251 4921 locus
1274 4872 1584 4934 separatus,
1613 4865 1705 4921 20.
1730 4875 1784 4922 et
1803 4864 1942 4920 dixit
2036 4877 2091 4922 et
2127 4869 2179 4922 in
2231 4865 2505 4938 superﬂua
2540 4867 2776 4922 elatione
2801 4867 2922 4938 ejus
2967 4884 3073 4922 non
3105 4868 3176 4940 (g)
3209 4867 3479 4922 sanabunt
3513 4883 3525 4918 :
3555 4864 3608 4916 in

437 5033 797 5119 (Al-MAl‘IAA.
874 5037 935 5119 (_l)
976 5037 1089 5119 In.”
1131 5039 1346 5119 (m_)_S'._,
1371 5052 1426 5097 et
1456 5057 1619 5119 super
1661 5044 1848 5119 eadem
1885 5043 1972 5099 via
1997 5043 2164 5119 ejus;
2215 5046 2293 5113 (ni
2325 5044 2488 5119 _Oplti.
2563 5043 2638 5119 (ο)
2666 5043 3009 5119 aciﬁcum._
3060 5044 3137 5119 (p)
3169 5043 3233 5098 Et
3256 5043 3604 5119 sacriﬁcium.

370 5106 592 5178 (q)’Th.,
641 5107 940 5186 i‘n‘anngunlo
966 5110 1112 5186 atrii.
1142 5106 1149 5109 ’
1188 5106 1268 5186 (rt
1408 5106 1617 5186 atrium
1651 5113 1956 5186 adhaerens.
2012 5106 2099 5186 λδ)
2125 5106 2388 5186 S.,Tordo'
2405 5131 2500 5186 per
2530 5106 2815 5186 circuitum
2842 5128 2959 5169 erat
2997 5106 3192 5186 init-is.
3269 5113 3332 5184 (ι)
3357 5113 3438 5178 8.,
3467 5117 3610 5183 sepi-

370 5176 571 5258 menta.
614 5176 725 5259 tu)
872 5178 1120 5259 pomino.
1197 5176 1380 5252 (πήδη
1405 5181 1716 5246 Th.,desub
1732 5183 1964 5238 humero
1994 5176 2421 5248 dextrodomus:
2494 5185 3095 5259 (g)Egrediebatur_vir
3111 5176 3606 5251 versus'orieute'm,

370 5247 458 5302 cui
510 5254 629 5323 erat
681 5247 954 5323 funiculus
1003 5247 1268 5306 mensurae
1303 5268 1465 5322 super
1491 5269 1655 5307 manu
1709 5272 1722 5307 ε
1759 5262 1813 5308 et
1848 5269 1973 5308 cum
2014 5269 2237 5309 mensus
2265 5247 2409 5311 esset
2441 5247 2586 5309 mille
2615 5247 2850 5320 cubitos,
2880 5255 3120 5310 traduxit
3160 5270 3245 5309 me
3288 5269 3382 5323 per
3411 5247 3628 5323 aquam-

372 5331 543 5398 usque
561 5317 626 5398 ad
669 5317 850 5398 talos:
878 5327 930 5372 et
954 5334 1078 5374 cum
1107 5337 1328 5375 mensus
1354 5317 1498 5377 esset
1527 5323 1693 5398 mille,
1717 5324 1957 5398 traduxit
1979 5339 2066 5378 me
2098 5340 2191 5392 per
2211 5342 2411 5395 aquam
2436 5341 2610 5395 usque
2639 5317 2915 5398 adgeriuzt
2941 5343 2954 5378 :
2984 5333 3038 5378 et
3070 5340 3190 5379 cum
3224 5317 3445 5379 mensus
3464 5317 3612 5398 esset

372 5387 541 5468 mille,
581 5388 823 5468 traduxit
849 5403 936 5443 me
961 5405 1055 5468 per
1083 5405 1281 5460 aquam
1317 5407 1487 5468 usque
1516 5393 1581 5468 a_d
1615 5387 1859 5468 lumbum
1889 5411 1901 5446 :
1937 5402 1991 5448 et
2045 5387 2168 5448 cum
2214 5387 2443 5468 mensus
2470 5387 2614 5468 esset
2639 5387 2819 5468 mille,
2864 5395 3064 5468 rivum,
3085 5410 3282 5468 _quem_
3316 5410 3424 5468 non
3459 5396 3610 5464 potui

373 5458 786 5535 transire.,_qr1ia
809 5458 1289 5535 praevalebat‘aqua
1316 5458 1584 5535 profunda
1613 5463 1741 5535 _rivi_.
1770 5465 1862 5534 qui
1903 5479 2010 5518 nou
2041 5474 2253 5533 poterat
2278 5465 2521 5519 transiri.
2628 5465 2701 5535 (χ)
2730 5462 2910 5535 Usque
2937 5464 3001 5519 ad
3028 5458 3185 5519 talos.
3264 5465 3336 5535 (a)
3365 5463 3421 5520 1n
3456 5458 3611 5520 inen-

373 5538 522 5608 ευιζθε
575 5525 1106 5608 ,(ίζγξξξξρθΐῢῇεξῃξςξ.
1144 5525 1522 5608 Ρξίξενέιθηιεξ.
1604 5531 1671 5602 (c)
1704 5525 1800 5608 S._,'
1823 5525 2113 5588 terminum
2148 5535 2486 5608 orientalem,
2518 5544 2571 5589 et
2609 5525 2888 5608 descendit
2919 5550 3082 5604 super
3097 5525 3330 5608 terrain,
3355 5552 3474 5606 qua:
3501 5551 3606 5608 non

390 5603 473 5648 est
503 5595 837 5676 habitabilis.
909 5597 986 5676 (di
1017 5596 1127 5676 ιω.
1164 5600 1259 5676 χε)
1290 5595 1665 5676 Extettsiones'
1684 5595 1878 5660 retium
1906 5613 2085 5659 erunt.
2162 5604 2227 5674 (fl
2255 5603 2337 5670 S.,
2365 5595 2488 5659 cum
2517 5617 2645 5660 vero
2676 5595 3017 5674 egredientur
3045 5603 3112 5659 ad
3134 5621 3216 5672 ea,
3241 5595 3609 5676 quac'pmpin-

374 5677 504 5734 qua,
544 5681 651 5722 non
677 5665 1035 5723 sanabuntur.
1109 5667 1182 5740 (9)
1207 5665 1632 5728 S'anctiticabunt
