4122 6320
551 341 694 397 2'65

1619 343 1847 402 CODEX
1888 343 2679 404 SYRIACO-llEXAPLARlS.

3653 352 3788 409 278i

555 459 636 511 sal
662 459 786 511 data
810 464 958 520 sunt,
995 455 1081 510 l2.
1108 465 1158 510 et
1190 471 1354 527 super
1375 456 1540 511 ﬂuvio
1577 453 1654 527 (It)
1687 456 2121 525 ascendetsuper
2149 460 2196 515 Α
2223 460 2299 512 ea'
2335 475 2455 527 quae
2483 461 2546 514 ad
2579 475 2761 525 mare,
2801 461 2872 533 (ο)
2917 472 3077 519 erunt
3107 465 3355 534 primitize
3392 467 3753 534 separationis
3776 491 3796 520 9

552 546 700 602 labio
724 546 844 617 ejus
888 546 1015 600 hinc
1048 555 1102 603 et
1139 547 1265 602 inde
1309 562 1470 602 omne
1510 547 1716 616 lignum
1759 547 2118 609 esculentum,

553 652 663 694 non
690 647 992 694 veterascet
1035 655 1198 708 super
1240 653 1327 702 eo,
1379 654 1556 708 neque
1609 639 1823 692 deficiet
1865 638 2119 692 :l‘ruetus

552 731 674 799 ejus
705 731 962 786 novitatis
995 731 1261 801 primitias
1284 730 1453 792 dabit,
1487 729 1614 799 quia
1649 743 1802 798 aquae
1830 743 2022 782 eorum
2053 744 2118 781 ex

554 821 884 875 Sanctuario
933 822 1014 876 hae
1039 821 1413 889 egrediuntur,
1450 828 1504 874 et
1533 819 1635 874 erit
1670 819 1882 874 fructus
1928 834 2116 874 eorum

496 971 502 986 ν
550 906 604 958 in
633 907 836 971 cibum,
869 916 921 961 et
945 923 1162 976 germen
1205 922 1394 960 eorum
1426 908 1481 962 in
1527 909 1835 964 sanitatem.
1871 909 1958 963 15.
1994 908 2119 964 llmc

493 1004 501 1078 ξ
547 997 683 1052 dicit
723 997 984 1052 Dominus
1013 997 1199 1053 Deus:
1236 998 1298 1051 Hi
1334 1008 1461 1052 sunt
1496 1000 1715 1054 termini
1756 1009 1935 1066 terrae,
1977 1015 2116 1070 quos

548 1087 960 1152 limreditabitis,
982 1090 1269 1144 duodecim
1293 1090 1544 1144 tribubus
1572 1089 1806 1144 filiorum
1823 1090 2034 1146 lsraelis
2054 1091 2114 1161 (ὅ)

549 1189 896 1248 augmentum
955 1178 1207 1235 funiculi.
1271 1182 1358 1235 11.
1408 1181 1475 1236 Et
1544 1181 1934 1237 haereditabitis
1993 1197 2112 1236 eam

549 1272 954 1342 unusquisque,
993 1282 1132 1328 sncut
1179 1273 1349 1328 frater
1386 1273 1526 1340 ejus,
1557 1290 1720 1344 super
1747 1290 1911 1344 quam
1942 1275 2112 1330 levavi

545 1377 770 1417 manum
805 1380 1001 1426 meam,
1027 1365 1092 1418 ad
1122 1365 1362 1420 dandum
1389 1381 1506 1420 eam
1532 1366 1780 1436 patribus
1805 1381 1994 1422 eorum
2024 1387 2038 1421 :
2061 1377 2115 1423 et

546 1453 704 1507 cadet
743 1463 890 1508 terra
937 1456 1051 1509 haec
1092 1456 1243 1510 vobis
1285 1457 1337 1510 in
1388 1457 1780 1512 hmreditatem.
1826 1459 1913 1513 15.
1959 1458 2026 1513 Et
2058 1459 2112 1512 hi

545 1545 766 1600 termini
808 1556 987 1611 terrae,
1033 1564 1154 1617 qua:
1181 1549 1248 1603 ad
1299 1550 1628 1618 aquilonem,
1662 1567 1691 1604 a
1737 1553 1872 1605 mari
1915 1567 2113 1622 magno

544 1637 911 1693 descendente
937 1647 990 1692 et
1013 1639 1371 1705 discindente,
1408 1642 1662 1698 introitus
1691 1643 1886 1709 Sedad,
1916 1646 2002 1698 16.
2040 1645 2109 1714 (It)

545 1724 802 1792 Hamath,
831 1726 1374 1798 Beruthsepharvaim
1405 1732 1545 1786 inter
1572 1735 1833 1790 terminos
1861 1735 2110 1803 Damasci

543 1827 598 1872 et
630 1817 772 1872 inter
796 1819 1057 1874 terminos
1087 1819 1338 1888 Hamath,
1371 1824 1570 1877 atrium
1596 1824 1656 1894 (ι)
1690 1824 1956 1892 Thichon,
1988 1842 2110 1896 qua:

541 1916 853 1979 suntsupra
879 1910 1144 1966 terminos
1177 1910 1422 1968 Hanran.
1456 1915 1542 1968 17.
1565 1914 1860 1971 llitermini
1885 1933 1915 1972 a
1937 1921 2103 1972 mari:

540 1999 611 2056 ab
639 2002 778 2056 atrio‘
809 2000 1012 2066 Euan,
1053 2005 1268 2058 termini
1296 2004 1568 2071 Damasci,
1595 2018 1647 2062 et
1677 2010 1768 2078 qui
1799 2009 1866 2064 ad
1901 2011 2110 2080 aquilo.

541 2106 668 2146 nem
701 2095 770 2162 ὴ(
811 2108 975 2163 super
1017 2095 1350 2164 aquilonem,
1382 2107 1434 2153 et
1459 2100 1725 2155 terminus
1755 2101 1850 2172 (m)
1884 2103 1952 2169 >ε<
1982 2102 2107 2156 Asi-

541 2184 713 2248 moth,
743 2193 796 2239 et
825 2185 1091 2240 terminus
1121 2189 1528 2256 septentrionis.
1565 2189 1655 2244 18.
1687 2189 1890 2246 Versus
1914 2190 2107 2246 faciem

539 2273 769 2329 orientis
810 2275 832 2344 ζ
864 2275 1004 2329 inter
1037 2274 1277 2344 Hauran,
1309 2288 1363 2334 et
1389 2278 1530 2335 inter
1563 2279 1909 2349 Damascum,
1941 2292 1995 2338 et
2028 2283 2110 2337 in-

539 2370 622 2414 ter
646 2360 1042 2432 Galaaditiden,
1083 2375 1138 2420 et
1168 2367 1310 2422 inter
1338 2376 1538 2424 terram
1579 2369 1815 2436 lsraelis,
1853 2369 2107 2429 Iordanis

542 2452 889 2510 disterminat
915 2471 1080 2525 super
1103 2474 1276 2523 mare,
1309 2461 1454 2530 quod
1476 2461 1542 2515 ad
1579 2463 1844 2518 orientem
1866 2461 2126 2534 palmeti.‘

546 2542 612 2596 lli
640 2545 734 2614 qui
773 2546 837 2599 ad
865 2548 1155 2605 orientem.
1183 2550 1270 2606 19.
1312 2551 1378 2606 Et
1398 2553 1492 2622 qui
1522 2553 1586 2607 ad
1619 2564 1867 2609 austrum
1890 2565 1944 2610 et
1977 2556 2108 2611 afri-

539 2647 664 2686 cum
699 2649 728 2688 a
781 2632 1063 2702 Thmman,
1100 2653 1158 2693 -:—
1205 2651 1257 2696 et
1294 2643 1532 2710 palmeto
1574 2660 1746 2714 usque
1793 2647 1858 2700 ad
1908 2661 2107 2716 aquam

538 2721 807 2779 Mariboth
847 2726 1031 2793 Cadis,
1059 2729 1133 2800 (η)
1166 2746 1224 2785 se
1269 2734 1570 2789 extendens
1613 2750 1776 2805 super
1810 2750 1960 2790 mare
1992 2753 2108 2791 ma-

539 2832 726 2884 gnum.
754 2817 845 2872 20.
877 2817 1002 2874 Hzec
1026 2836 1153 2890 pars
1182 2824 1353 2878 austri
1382 2835 1436 2878 et
1458 2824 1635 2891 africi,
1661 2812 1776 2882 haec
1797 2842 1924 2897 pars
1941 2829 2108 2885 maris

538 2910 610 2977 Χ
641 2911 809 2967 maris
843 2913 865 2981 ζ
896 2915 1076 2984 magni
1107 2914 1450 2970 disterminat
1487 2933 1663 2988 usque
1697 2929 1883 2973 contra
1916 2921 2108 2975 introi-

539 3013 653 3055 tum
681 3001 932 3069 Hamath,
964 3019 1026 3060 -ι-
1046 3021 1222 3077 usque
1245 3007 1312 3063 ad
1338 3009 1620 3064 introitum
1646 3011 1764 3081 ejus
1790 3012 1836 3082 ζ.
1863 3011 1928 3065 Hi
1958 3021 2104 3079 sunt,

2225 549 2414 618 viginti
2461 559 2516 606 et
2571 552 2812 621 quinque
2866 555 3032 609 millia
3081 556 3349 618 latitudo,
3404 567 3458 611 et
3515 559 3797 627 longitudo

2222 641 2363 694 sicut
2397 644 2522 695 'una
2565 658 2630 697 ex
2690 646 2934 713 partibus
2980 647 3046 701 ab
3085 647 3150 701 iis
3188 663 3308 716 quae
3354 647 3420 700 ad
3483 649 3750 702 orientem
3777 690 3792 712 ,

2221 740 2276 786 et
2321 748 2495 803 usque
2559 736 2624 789 ad
2667 750 2728 789 ea
2778 752 2898 806 qum
2935 738 3001 790 ad
3038 753 3186 792 mare
3226 756 3240 792 :
3276 747 3331 792 et
3372 739 3476 792 erit
3522 738 3797 794 Sanctua-

2221 823 2361 876 rium
2395 825 2449 877 in
2499 826 2674 881 medio
2721 841 2934 882 eorum.
2971 827 3068 898 (9).
3107 828 3362 882 Primitiae
3387 867 3403 892 ,
3443 845 3580 898 quas
3631 846 3796 900 sepa-

2219 914 2417 970 rabunt
2450 915 2680 985 Domino
2705 958 2719 982 ,
2747 919 3026 988 longitudo
3064 919 3302 988 quinque
3340 929 3393 974 et
3447 921 3638 990 viginti
3669 922 3796 975 mil-

2219 1002 2322 1065 lia,
2354 1014 2407 1059 et
2447 1006 2674 1061 latitudo
2700 1007 2772 1077 (p)
2820 1009 3004 1062 decem
3032 1009 3218 1062 millia.
3266 1009 3352 1063 10.
3401 1008 3604 1064 florum
3629 1021 3796 1065 erunt

2217 1093 2470 1162 primitize
2535 1098 2858 1152 Sanctorum
2923 1099 3263 1153 sacerdotum
3333 1099 3400 1153 ad
3459 1103 3793 1170 septentrio-

2217 1198 2340 1238 nem
2386 1185 2624 1257 quinque
2661 1196 2713 1243 et
2752 1190 2953 1259 “viginti
2999 1191 3206 1256 millia,
3255 1200 3308 1244 et
3352 1189 3418 1243 ad
3471 1207 3619 1246 mare
3669 1193 3797 1247 lati-

2217 1276 2346 1330 tudo
2398 1277 2584 1333 decem
2635 1281 2844 1345 millia,
2896 1283 2963 1348 Ξ(
3029 1291 3084 1335 et
3125 1282 3191 1334 ad
3239 1281 3503 1336 orientem
3562 1283 3796 1337 latitudo

2215 1365 2401 1419 decem
2439 1366 2603 1419 millia
2639 1368 2684 1436 ζ,
2717 1377 2771 1422 et
2799 1369 2864 1422 ad
2905 1379 3151 1424 austrum
3199 1369 3481 1438 longitudo
3512 1372 3699 1439 viginti
3737 1380 3796 1426 et

2215 1457 2454 1526 quinque
2475 1459 2664 1524 millia,
2693 1460 2764 1530 (q)
2791 1468 2844 1515 et
2865 1461 2968 1514 erit
2990 1476 3146 1515 mons
3177 1460 3501 1517 Sanctorum
3532 1465 3584 1518 in
3610 1464 3809 1519 medio'

2215 1547 2334 1616 ejus
2375 1548 2458 1602 11.
2507 1551 2914 1617 sacerdotibus,
2949 1553 3300 1608 sanctiﬁcatis
3356 1553 3481 1608 filiis
3533 1554 3790 1620 Sadduc,

2217 1637 2644 1696 custodientibus
2686 1643 2962 1697 custodias
2991 1643 3220 1709 domus,
3256 1645 3350 1714 qui
3387 1659 3495 1698 non
3537 1655 3796 1700 errarunt

2217 1728 2270 1782 in
2305 1742 2488 1783 errore
2514 1729 2748 1784 filiorum
2780 1727 3012 1797 lsraelis,
3043 1733 3502 1802 quemadmodum
3533 1744 3794 1788 errarunt

2212 1819 2429 1876 Levitae.
2478 1821 2562 1876 l2.
2595 1822 2661 1878 Et
2687 1832 2847 1877 erunt
2889 1823 2969 1878 eis
2996 1823 3252 1892 primitiae
3273 1824 3412 1876 datae
3435 1838 3498 1877 ex
3531 1824 3794 1892 primitiis

2210 1919 2386 1974 terrm,
2423 1909 2680 1967 Sanctum
2717 1911 3042 1967 Sanctorum
3071 1912 3137 1967 de
3171 1914 3418 1968 terminis
3445 1912 3784 1969 Levitarum.

2208 2000 2296 2053 15.
2323 1999 2522 2055 Levitis
2549 2009 2728 2056 autem
2764 2016 2885 2071 qua:
2903 2001 3204 2070 propinqua
3255 2000 3504 2056 terminis
3532 2001 3800 2056 Sacerdo-

2208 2101 2344 2156 tum,
2361 2093 2661 2162 quinqueet
2685 2093 2874 2163 viginti
2897 2093 3062 2146 millia
3085 2093 3364 2163 longitudo
3380 2101 3432 2148 et
3453 2093 3682 2146 latitudo
3698 2094 3799 2150 de-

2208 2198 2324 2238 cem
2338 2183 2535 2238 millia:
2558 2185 2736 2239 omnis
2749 2184 3032 2253 longitudo
3049 2185 3290 2255 quinque
3313 2193 3367 2238 et
3391 2185 3578 2254 viginti
3595 2187 3788 2252 millia,

2208 2283 2263 2328 et
2282 2273 2510 2328 latitudo
2530 2274 2711 2328 decem
2735 2275 2924 2330 millia.
2957 2275 3042 2329 11.
3072 2273 3190 2328 Νοη
3215 2275 3480 2330 vendetur
3509 2292 3573 2330 ex
3602 2279 3700 2342 eis,
3732 2291 3790 2332 et

2209 2363 2278 2436 (r)
2303 2380 2407 2418 non
2431 2365 2908 2430 mensurabuntur,
2943 2379 3044 2419 nec
3073 2365 3477 2436 separabuntur
3505 2365 3572 2437 (ε)
3595 2369 3789 2436 primi-

2210 2457 2300 2510 tiae
2330 2464 2693 2526 proventuum
2732 2465 2914 2519 terrae,
2944 2457 3072 2526 quia
3104 2455 3363 2511 Sanctum
3410 2466 3494 2512 est
3527 2457 3783 2512 Domino.

2209 2545 2296 2600 15.
2340 2545 2588 2616 Quinque
2612 2556 2792 2602 autem
2823 2548 2989 2602 millia
3017 2547 3289 2618 superﬂua
3321 2564 3443 2618 qua:
3465 2564 3627 2619 super
3655 2549 3788 2604 lati-

2209 2635 2396 2690 tudine
2422 2651 2584 2705 super
2615 2637 2802 2707 viginti
2829 2646 2882 2692 et
2901 2638 3142 2708 quinque
3165 2639 3426 2705 millibus,
3451 2640 3790 2694 antemurale

2207 2728 2309 2781 erit
2339 2726 2460 2781 urbi
2490 2727 2544 2781 in
2591 2726 2960 2783 habitaculum
2989 2770 3004 2795 ,
3034 2737 3089 2783 et
3133 2729 3186 2782 in
3221 2729 3564 2784 intervallum
3611 2731 3732 2800 ejus
3771 2749 3786 2784 :

2207 2827 2262 2873 et
2295 2819 2402 2873 erit
2445 2819 2576 2874 urbs
2624 2820 2677 2874 in
2729 2820 2907 2875 medio
2951 2821 3091 2890 ejus.
3147 2821 3231 2877 16.
3274 2819 3341 2876 Ει
3385 2821 3470 2876 ha:
3517 2837 3790 2879 mensura

2208 2912 2327 2978 ejus
2364 2922 2378 2962 :
2415 2909 2484 2963 ab
2533 2908 2598 2980 (ι)
2642 2909 2708 2964 iis
2738 2926 2860 2980 qua:
2909 2913 2976 2966 ad
3009 2913 3320 2982 aquilonem
3343 2953 3358 2978 ,
3396 2913 3680 2984 quingenti
3727 2923 3787 2968 et

2209 3002 2357 3057 mille
2379 3010 2591 3071 quater,
2617 3011 2670 3057 et
2692 3003 2760 3057 ab
2787 3003 2852 3058 iis
2879 3019 3000 3073 quae
3031 3005 3098 3058 ad
3126 3013 3396 3070 austrum,
3423 3006 3701 3075 quingenti
3731 3017 3788 3059 et

537 3094 631 3160 qui
673 3095 739 3149 ad
779 3113 932 3152 mare
961 3113 1022 3153 ,ξ-
1050 3098 1282 3155 "amalh
1322 3101 1370 3171 ζ,
1403 3101 1492 3158 21,
1524 3103 1591 3158 Ει
1621 3096 1874 3161 (Πνῖάειῖε
1908 3113 2103 3160 terram
2133 3124 2176 3185 α
2211 3093 2380 3148 millia
2408 3102 2664 3164 quatuor,
2693 3104 2746 3149 et
2772 3093 2840 3148 ab
2861 3095 2926 3150 iis
2953 3110 3074 3165 quae
3100 3096 3166 3150 ad
3192 3097 3474 3163 orientem,
3500 3096 3785 3166 quingenti

536 3184 679 3240 hanc
696 3187 797 3254 eis,
829 3189 1081 3245 tribubus
1106 3191 1343 3248 lsraelis.
1363 3193 1451 3251 22.
1478 3192 1702 3250 Mittetis
1729 3211 1847 3250 eam
1879 3196 1934 3250 in
1959 3205 2106 3252 sorte

533 3276 710 3344 vobis,
748 3287 802 3334 et
839 3281 1063 3337 advenis
1103 3285 1577 3340 commorantibus
1611 3286 1666 3340 in
1697 3288 1877 3342 medio
1917 3289 2102 3352 vestri,

533 3368 629 3438 qui
663 3381 968 3440 genuerunt
994 3371 1132 3427 filios
1163 3373 1216 3426 in
1243 3373 1421 3429 medio
1446 3374 1636 3440 vestri,
1677 3384 1731 3429 et
1766 3384 1926 3430 erunt
1951 3375 2106 3432 vobis

533 3461 694 3529 quasi
725 3463 836 3516 nati
864 3463 1102 3532 regionis
1127 3464 1180 3517 in
1203 3465 1324 3519 liliis
1350 3464 1566 3520 lsraelis
1589 3483 1602 3519 :
1627 3481 1751 3520 cum
1772 3467 1925 3521 vobis
1947 3477 2108 3522 erunt

535 3550 592 3603 in
623 3543 935 3605 haereditate
957 3551 1010 3604 in
1037 3553 1218 3606 medio
1246 3554 1482 3606 tribuum
1501 3552 1845 3621 lsraelis,25.
1867 3563 1920 3609 et
1947 3565 2107 3610 erunt

536 3641 593 3692 in
617 3640 765 3693 tribu
814 3641 1147 3694 advenarum
1182 3641 1237 3694 in
1284 3644 1530 3707 advenis,
1575 3644 1668 3713 qui
1703 3659 1829 3700 cum
1875 3646 1954 3700 eis
1985 3663 1999 3700 :
2031 3646 2105 3700 ibi

535 3730 737 3785 dabitis
767 3730 1136 3785 haireditatem
1155 3730 1256 3797 eis,
1287 3732 1420 3788 dicit
1445 3732 1710 3790 Dominus
1733 3734 1896 3790 Deus.

603 3822 735 3893 Cap.
765 3822 993 3880 XLVIII.
1011 3854 1081 3865 —
1108 3825 1158 3880 1.
1182 3824 1247 3880 Et
1267 3827 1382 3883 haec
1407 3829 1628 3884 nomina
1653 3830 1893 3885 tribuum
1914 3830 1980 3885 ab
2003 3833 2106 3887 ini-

535 3914 611 3968 tio
633 3955 648 3980 ,
683 3914 830 3985 quod
872 3915 939 3971 ad
978 3917 1286 3986 aquilonem
1313 3959 1328 3983 ,
1362 3934 1525 3990 super
1557 3932 1764 3991 partem
1811 3925 2105 3980 descensus

531 4005 888 4064 discindentis
937 4023 1099 4080 super
1139 4010 1423 4066 introitum
1471 4011 1703 4068 Hamath
1731 4015 1856 4070 atrii
1887 4015 2101 4083 Elam,

533 4099 803 4156 terminus
830 4100 1079 4156 Damasci
1104 4103 1170 4157 ad
1193 4104 1500 4174 aquilonem
1541 4122 1732 4162 versus
1761 4117 1967 4176 partem
1996 4107 2104 4164 Ha-

533 4191 681 4246 math
704 4206 762 4248 -t-
786 4194 908 4248 atrii
933 4195 956 4264 ζ
984 4211 995 4244 :
1022 4204 1076 4249 et
1091 4198 1369 4263 erunteis,
1400 4213 1521 4268 qua:
1549 4199 1615 4253 ad
1645 4200 1908 4255 orientem
1930 4217 2104 4271 usque

531 4283 597 4337 ad
626 4297 795 4348 mare,
832 4285 941 4339 Dan
971 4302 1096 4342 una.
1115 4288 1169 4342 2.
1200 4287 1266 4342 Et
1290 4304 1320 4343 a
1348 4291 1595 4345 terminis
1623 4290 1757 4358 Dan,
1783 4294 1851 4348 ab
1881 4294 1949 4349 iis
1982 4309 2104 4364 quae

529 4373 597 4428 ad
631 4375 892 4430 orientem
922 4394 1094 4448 usque
1126 4380 1193 4435 ad
1222 4397 1283 4435 ea
1317 4398 1435 4450 quae
1464 4383 1530 4436 ad
1558 4399 1707 4438 mare
1727 4425 1740 4448 ,
1779 4387 1942 4440 Asser
1971 4403 2098 4441 una.

528 4466 583 4520 5.
618 4465 682 4521 Et
706 4482 736 4520 a
755 4469 999 4526 terminis
1020 4473 1203 4536 Asser,
1231 4473 1296 4525 ab
1320 4473 1386 4527 iis
1409 4490 1529 4543 quae
1554 4473 1619 4528 ad
1639 4476 1898 4530 orientem
1930 4493 2102 4547 usque

529 4555 596 4610 ad
631 4571 694 4612 ea
723 4573 843 4628 qua:
867 4561 932 4614 ad
964 4577 1132 4628 mare,
1164 4561 1447 4632 Nephthali
1473 4581 1600 4618 una.
1627 4568 1678 4620 4.
1707 4567 1773 4621 Ει
1799 4583 1828 4621 a
1859 4570 2101 4624 terminis

525 4645 812 4718 Nephlhali
834 4692 848 4715 ,
894 4651 962 4703 ab
1012 4651 1220 4707 oriente
1251 4670 1422 4722 usque
1454 4656 1520 4708 ad
1549 4671 1612 4709 ea
1648 4672 1768 4726 quae
1803 4659 1867 4711 ad
1911 4674 2061 4712 mare
2083 4700 2097 4722 ,

526 4737 778 4795 Manasse
804 4756 931 4794 una.
967 4742 1019 4794 5.
1057 4742 1122 4796 Et
1149 4759 1178 4796 a
1211 4745 1456 4798 terminis
1488 4745 1750 4812 Manasse,
1783 4747 1850 4803 ab
1881 4749 1947 4803 iis
1981 4766 2100 4820 qum

525 4829 593 4883 ad
621 4831 886 4885 orientem
923 4849 1094 4902 usque
1122 4834 1187 4886 ad
1227 4851 1288 4888 ea
1341 4851 1462 4905 qua:
1511 4837 1576 4891 ad
1626 4853 1802 4905 mare,
1848 4837 2096 4908 Ephrazm

525 4938 656 4976 una.
697 4923 752 4977 6.
807 4923 871 4977 Et
923 4941 951 4977 a
1001 4926 1246 4979 terminis
1298 4929 1576 4997 Ephrmm,
1629 4930 1698 4983 ab
1754 4931 1820 4986 iis
1863 4948 1984 5000 qum
2032 4934 2097 4986 ad

524 5015 792 5069 orientem
830 5032 1002 5086 usque
1060 5018 1124 5071 ad
1161 5033 1222 5072 ea
1270 5036 1390 5089 quae
1436 5023 1502 5074 ad
1532 5037 1713 5086 mare,
1749 5021 1918 5077 Rubcl
1969 5039 2094 5077 una.

523 5105 575 5158 7.
627 5105 692 5158 Et
733 5121 763 5159 a
801 5107 1047 5162 terminis
1116 5107 1286 5163 liubel
1339 5111 1407 5163 ab
1453 5111 1519 5164 iis
1553 5127 1673 5180 qua:
1720 5114 1786 5167 ad
1833 5115 2094 5169 orientem

525 5213 698 5267 usque
729 5199 795 5252 ad
825 5215 888 5253 ea
927 5215 1050 5270 qua:
1080 5202 1145 5254 ad
1179 5217 1355 5264 mare,
1384 5201 1536 5257 Judze
1585 5220 1712 5259 una.
1748 5204 1800 5270 8,
1830 5205 1893 5259 Et
1923 5223 1952 5261 a
1986 5218 2094 5262 ter-

523 5289 690 5342 minis
741 5289 924 5353 Judze,
989 5291 1056 5344 ab
1111 5291 1176 5344 iis
1227 5307 1348 5360 qum
1398 5297 1464 5345 ad
1504 5293 1767 5348 orientem
1801 5313 1974 5366 usque
2033 5300 2099 5354 ad

609 5445 686 5518 (ﬂ)
717 5443 801 5510 8.,
859 5449 1104 5518 naturale
1154 5448 1271 5504 fuit.
1388 5451 1450 5518 (ἱ)
1497 5449 1580 5516 3.,

525 5515 590 5588 (ι)
627 5513 841 5588 [lunam
919 5517 1305 5588 (miliamatli.

1647 5452 1845 5527 Joseph
1902 5456 2176 5513 funiculus
2235 5466 2542 5527 protensus.

1386 5521 1545 5596 (n)__S.
1569 5521 1982 5596 ,‘apprehensio
2023 5531 2212 5584 sortis.
2237 5521 2250 5527 ’
2290 5525 2467 5596 (o)§.,
2502 5521 2708 5579 dabitis
2731 5523 3016 5596 primitias.

2208 3195 2262 3242 et
2288 3185 2459 3240 millia
2479 3194 2734 3256 quatuor,
2767 3194 2820 3240 et
2853 3187 2921 3242 ab
2951 3187 3018 3242 iis
3047 3203 3168 3258 quae
3199 3187 3266 3242 ad
3298 3203 3467 3253 mare,
3503 3187 3788 3258 quingenti

2206 3284 2261 3332 et
2290 3275 2435 3331 mille
2478 3285 2690 3346 quater.
2738 3275 2826 3330 17.
2863 3277 2927 3332 Ει
2957 3277 3060 3332 erit
3086 3277 3536 3357 (uiintervallum
3566 3280 3685 3333 urbi
3713 3279 3783 3333 ad

2207 3366 2517 3436 aquilonem
2552 3365 2773 3420 ducenti
2814 3374 2869 3421 et
2897 3366 3313 3438 quinquaginta,
3348 3376 3403 3422 et
3431 3368 3497 3423 ad
3535 3376 3782 3422 austrum

2206 3457 2426 3512 ducenti
2451 3465 2505 3512 et
2531 3457 2928 3527 quinquaginta
2954 3497 2970 3523 ,
3002 3465 3058 3512 et
3087 3456 3158 3510 ad
3182 3459 3448 3512 orientem
3479 3458 3694 3512 ducenti
3730 3466 3788 3512 et

2207 3549 2623 3621 quinquaginta,
2652 3561 2705 3603 ct
2737 3549 2803 3602 ad
2833 3563 2981 3603 mare
3024 3548 3243 3604 ducenti
3279 3558 3333 3603 et
3367 3548 3782 3619 quinquaginta.

2207 3641 2294 3696 18.
2340 3640 2406 3694 Et
2438 3638 2770 3708 superﬂuum
2813 3639 3186 3709 longitudinis,
3238 3639 3318 3710 (τε)
3358 3642 3506 3710 quod
3554 3641 3783 3709 propin-

2206 3745 2376 3800 quum
2412 3729 2666 3800 primitiis
2699 3728 3010 3785 Sanctuarii
3031 3770 3046 3796 ,
3087 3730 3274 3785 decem
3307 3732 3479 3785 millia
3505 3731 3570 3786 ad
3599 3732 3786 3786 orien-

2207 3832 2316 3878 tem
2341 3862 2354 3886 ,
2385 3831 2439 3877 et
2467 3823 2654 3878 decem
2696 3822 2868 3877 millia
2909 3821 2976 3877 ad
3029 3837 3181 3876 mare
3209 3840 3224 3876 :
3258 3831 3312 3876 et
3341 3831 3503 3877 erunt
3529 3822 3785 3892 primitite

2207 3916 2534 3981 Sanctuarii,
2565 3925 2619 3970 et
2646 3923 3121 3985 eruntproventus
3147 3915 3266 3985 ejus
3293 3914 3346 3968 in
3378 3930 3546 3984 panes
3569 3915 3656 3981 iis,
3687 3915 3784 3984 qui

2206 4020 2502 4076 operantur
2543 4007 2686 4062 urbi.
2735 4007 2820 4062 19.
2867 4005 2970 4073 Qui
3019 4016 3199 4062 autem
3265 4016 3562 4076 operantur
3619 4006 3780 4070 urbi,

2204 4101 2574 4170 operabuntur
2613 4100 2663 4154 ei
2698 4113 2764 4154 ex
2811 4098 3067 4154 omnibus
3109 4097 3360 4154 tribubus
3408 4097 3640 4152 lsraelis.
3687 4097 3777 4151 20.

2205 4189 2406 4246 Omnes
2453 4190 2706 4260 primitiae
2752 4191 2994 4261 quinque
3050 4199 3104 4244 et
3147 4191 3338 4261 viginti
3395 4191 3563 4245 millia
3618 4206 3782 4259 super

2204 4284 2444 4354 quinque
2469 4291 2524 4337 et
2556 4283 2743 4353 viginti
2787 4282 2992 4336 millia:
3027 4280 3103 4353 (y)
3151 4282 3588 4352 quadrangulum
3624 4297 3782 4350 sepao
3875 4305 3885 4312 -

2205 4377 2396 4431 rabilis
2419 4375 2539 4445 ejus
2566 4375 2618 4429 in
2649 4375 2918 4445 primitias
2947 4374 3254 4429 Sanctuarii
3281 4374 3352 4445 (χ.)
3380 4390 3407 4427 a
3437 4375 3781 4443 possessione
3813 4373 3816 4375 Α

2133 4457 2182 4517 Ῑ)
2207 4470 2377 4524 urbis.
2409 4469 2498 4523 2i.
2527 4469 2680 4534 Quod
2701 4479 2881 4522 autem
2906 4467 3264 4537 superﬂuum,
3287 4467 3410 4521 duci
3435 4483 3497 4521 ex
3521 4467 3623 4521 hoc
3643 4476 3691 4522 et
3715 4484 3780 4520 ex

2209 4562 2358 4616 hoca
2387 4560 2642 4631 primitiis
2667 4559 2997 4625 Sanctuarii,
3027 4568 3081 4614 et
3110 4560 3163 4613 in
3198 4559 3600 4628 possessionem
3627 4557 3780 4610 urbis

2209 4655 2277 4720 >ί<
2307 4661 2492 4705 contra
2519 4651 2710 4705 faciem
2735 4652 2756 4721 ζ
2791 4652 2866 4720 (a)
2887 4667 3045 4720 super
3069 4651 3310 4720 quinque
3332 4650 3589 4719 etviginti
3613 4650 3778 4702 millia

2209 4743 2512 4815 longitudo,
2545 4758 2718 4813 usque
2741 4743 2805 4797 ad
2835 4743 3098 4796 terminos
3127 4758 3338 4808 eorum,
3364 4758 3485 4812 quae
3511 4743 3573 4796 ad
3600 4741 3776 4797 orien-

2207 4846 2314 4890 tem
2349 4845 2402 4889 (ιι
2432 4835 2498 4889 ad
2534 4851 2683 4889 mare
2708 4875 2722 4899 ,
2757 4837 2824 4900 >ς<
2854 4849 3015 4904 super
3047 4835 3070 4902 ζ
3121 4833 3312 4887 faciem
3343 4835 3586 4903 quinque
3613 4842 3668 4886 et
3697 4834 3779 4886 vi-

2207 4927 2340 4996 ginti
2366 4927 2551 4991 millia,
2578 4942 2750 4996 usque
2773 4925 2836 4979 ad
2859 4927 3120 4980 terminos
3141 4941 3353 4991 eorum,
3379 4941 3500 4995 qua:
3517 4926 3581 4979 ad
3608 4940 3777 4986 mare,

2207 5021 2259 5074 in
2305 5019 2612 5088 propinquo
2658 5016 2891 5086 partium
2945 5017 3099 5072 ducis
3142 5037 3156 5071 :
3210 5027 3263 5071 et
3311 5026 3473 5071 erunt
3525 5017 3779 5084 primitite

2207 5111 2556 5174 Sanctorum,
2585 5119 2638 5163 et
2670 5107 3058 5163 Sanctuarium
3093 5110 3290 5164 domus
3324 5109 3378 5162 in
3413 5109 3590 5162 medio
3612 5107 3732 5176 ejus
3765 5124 3776 5157 :

2204 5203 2290 5256 22.
2329 5213 2383 5256 et
2408 5202 2476 5256 de
2511 5201 2852 5271 possessione
2882 5199 3192 5255 Levitarum
3213 5245 3228 5268 ,
3260 5211 3314 5255 et
3341 5200 3407 5255 de
3433 5200 3777 5269 possessione

2208 5295 2358 5349 urbis
2389 5295 2441 5348 in
2470 5293 2646 5348 medio
2669 5334 2682 5358 ,
2719 5293 2873 5347 ducis
2901 5294 3003 5347 erit
3036 5293 3176 5347 inter
3215 5292 3477 5348 terminos
3513 5290 3694 5354 Iudae,
3728 5305 3778 5343 ρι

2645 5453 2960 5522 υς)Α(1ιιι31›
3026 5452 3242 5519 Tliiras,
3300 5453 3520 5521 Ephrim
3577 5451 3774 5505 Aliam.

3097 5524 3170 5592 (ρ)
3208 5524 3408 5593 Viginti
3430 5533 3484 5575 et
3510 5523 3772 5590 quinque.

627 5583 807 5672 §.,ita
829 5593 886 5664 ut
917 5583 1402 5672 sitisagctuarium
1445 5583 1781 5672 :Domini'in
1820 5597 1995 5650 medio
2018 5583 2182 5668 ejus;
2345 5583 2499 5672 '_Non_
2543 5583 2947 5672 pertuu'tabtlnt.
3027 5583 3557 5672 (5)"1'h.,fpr.imiti:i:
3594 5583 3770 5672 terr}.

527 5650 712 5737 (tibi?
737 5653 910 5737 facie.‘
977 5658 1054 5723 (ιι)
1085 5655 1560 5737 'II‘h_.,ndist_a‘ntia.._
1597 5665 1674 5731 (π)
1717 5665 1802 5724 8.,
1828 5650 2440 5737 secundumvprimttias
2467 5650 2796 5737 Sanctuarii.
2837 5662 2958 5737 TI!”
2995 5650 3506 5737 contrapriinitias.
3585 5663 3660 5732 (y)
3687 5661 3770 5728 S.,

524 5730 777 5791 quartam
798 5732 1022 5790 partem.

1102 5726 1174 5793 (ι)
1210 5726 1289 5791 8.,
1329 5729 1446 5792 Tlt.,
1498 5731 1562 5784 ad
1588 5726 1992 5800 possessionem
2031 5726 2200 5793 urbis.
2282 5736 2355 5804 (a)
2393 5735 2477 5802 8.,
2514 5734 2700 5804 viginti
2733 5744 2786 5788 et
2819 5732 3062 5802 quinque
3122 5726 3374 5788 millium.
