4122 6320
520 307 663 363 2775

1622 304 2091 363 llEXAPI.ORUM
2130 303 2296 371 QUAS
2340 304 2778 362 SUPERSUNT.

3626 301 3773 357 2776

590 421 645 473 7.
689 418 751 473 Et
780 420 1041 490 imposuit
1063 421 1143 474 eis
1170 419 1423 489 princeps
1445 423 1821 476 eunuchorum
1839 421 2055 474 nomina
2082 440 2095 473 :

2273 420 2325 472 7.
2361 421 2471 474 Καὶ
2500 420 2770 489 ἐπέθηκεν
2809 421 2989 483 αὐτοῖς
3026 422 3052 473 6
3093 416 3479 487 ἀρχιευνοῦχος
3513 415 3780 485 ὀνόματα,

521 511 731 566 Danieli
760 512 980 581 quidem
1013 512 1281 575 Baltasar,
1319 512 1545 567 Ananiae
1594 512 1832 568 Sedrach
1854 552 1869 577 ,
1899 524 1955 566 et
1996 512 2099 566 Mi-

521 602 653 657 saeli
685 602 913 666 Misacb,
948 612 1003 657 ct
1027 603 1237 656 Azaria‘.
1265 601 1581 672 Abdenago.

524 692 643 746 “8.
686 695 752 748 Et
784 695 1037 763 cogitawt
1069 693 1255 748 Daniel
1297 693 1352 747 in
1390 696 1555 747 corde
1579 730 1596 756 ,
1649 708 1716 747 ne
1767 692 2104 761 pollueretur

520 784 575 839 in
608 786 731 841 cibo
769 786 932 857 regis,
984 798 1039 840 et
1085 802 1140 839 in
1178 785 1330 848 vino,
1374 784 1521 854 quod
1571 784 1707 839 bibit
1745 802 1758 837 :
1808 793 1863 839 et
1898 785 2106 855 rogavit

523 877 828 948 principem
866 878 1265 941 cunuchorum,
1304 892 1375 932 ne
1401 878 1869 947 coinquinaretur.

591 1059 646 1116 9.
680 1059 745 1115 Et
774 1059 919 1115 dedit
944 1058 1209 1115 Dominus
1234 1057 1442 1114 Danieli
1474 1060 1737 1116 honorem
1791 1069 1846 1115 et
1872 1062 2103 1132 gratiam

523 1150 578 1205 in
610 1158 901 1219 conspectu
933 1151 1197 1221 principis
1237 1152 1639 1206 cunuchorum.

595 1240 685 1296 10.
730 1242 793 1295 Et
819 1242 955 1296 dixit
978 1244 1230 1312 princeps
1254 1243 1631 1298 cunuchorum
1656 1243 1887 1307 Danieli,
1921 1244 2107 1313 Angor

524 1342 673 1387 metu
721 1334 925 1388 domini
958 1335 1063 1389 mei
1104 1335 1283 1406 regis,
1326 1336 1418 1405 qui
1462 1336 1734 1391 ordinavit
1779 1336 1962 1390 cibum
2013 1350 2107 1390 ve-

525 1435 699 1479 strum
723 1467 736 1491 ,
771 1434 824 1479 et
853 1434 1038 1495 potum
1066 1436 1306 1481 vestrum
1331 1466 1345 1491 ,
1380 1442 1448 1481 ne
1475 1428 1654 1481 videat
1684 1426 1849 1481 facies
1898 1438 2107 1482 vesuras

526 1514 776 1570 diversas
825 1526 879 1570 et
926 1517 1172 1572 infirmas
1202 1533 1312 1587 prae
1335 1516 1748 1572 adolescentulis
1776 1516 2108 1587 alienigena-

526 1624 670 1671 rum.
706 1609 796 1677 qui
828 1610 1049 1664 aluntur
1092 1611 1411 1676 vobiscum,
1452 1618 1507 1665 et
1548 1608 1853 1679 periculum
1902 1608 2105 1679 proprii

528 1702 654 1756 colli
695 1703 947 1756 subeam.

2204 510 2285 580 τῷ
2333 511 2433 580 μέν
2460 511 2660 580 Δανιὴλ
2700 511 3019 582 Βαλτάσαρ,
3057 509 3136 579 τῷ
3184 509 3239 560 δέ
3291 506 3511 575 Ἀνανίᾳ
3549 505 3780 577 Σεδρὰχ,

2209 603 2303 655 καὶ
2337 600 2413 672 τῷ
2447 601 2663 672 Μισαὴλ
2695 602 2902 672 Μισάχ,
2931 603 3024 655 καὶ
3049 600 3127 671 τῷ
3183 597 3411 669 Ἀζαρία
3454 595 3786 665 ’Δσδεναγώ.

2279 694 2331 748 8.
2365 693 2476 747 Kal
2495 693 2803 764 ἐνεθυμήθη
2825 693 3022 765 Δανιὴλ
3052 695 3109 746 ἐν
3141 694 3209 762 τῇ
3253 689 3485 762 καρδίᾳ,
3527 688 3674 751 ὅπως
3705 687 3787 758 μὴ

2205 785 2476 856 ἀλισγηθῇ
2511 787 2568 839 ἐν
2592 784 2670 855 τῷ
2691 785 2891 855 δείπνῳ
2916 784 3007 837 τοῦ
3034 783 3320 854 βασιλέως,
3346 782 3440 834 καὶ
3470 781 3529 833 ὲν
3557 772 3603 847 ᾧ
3635 777 3788 832 πίνει

2205 877 2333 947 οῐνῳ
2351 894 2366 909 ο
2391 876 2486 929 καὶ
2512 876 2712 947 ὴξίωσε
2741 876 2832 930 τὸν
2863 874 3252 947 ἀρχιευνοῦχον
3274 914 3289 940 ,
3338 873 3426 926 ἵνα
3462 871 3540 943 μὴ
3572 887 3790 942 συμμο-

2206 966 2393 1037 λυνθῇ.

2278 1052 2332 1107 9.
2356 1053 2466 1107 Kal
2500 1053 2668 1107 ἔδωκε
2694 1054 2899 1127 Κύριος
2921 1054 2998 1124 τῷ
3025 1053 3220 1125 Δανιὴλ
3269 1054 3434 1125 τιμὴν
3496 1056 3588 1106 καί
3621 1052 3789 1123 χάριν

2206 1145 2448 1198 ἐναντίον
2472 1145 2565 1200 τοῦ
2588 1145 2996 1218 ἀρχιευνούχου.

2279 1234 2365 1288 10.
2395 1236 2505 1289 Kal
2528 1231 2679 1289 εἶπεν
2704 1239 2731 1288 6
2756 1233 3139 1306 ἀρχιευνοῦχος
3176 1233 3253 1306 τῷ
3283 1234 3499 1305 Δανιὴλ,
3537 1230 3787 1302 ’Δγωνιῶ

2206 1323 2297 1378 τὸν
2327 1323 2516 1398 κύριόν
2550 1344 2651 1396 μου
2677 1325 2767 1379 τὸν
2796 1325 3041 1395 βασιλέα,
3072 1324 3168 1379 τὸν
3189 1325 3492 1391 ἐπιτάξαντα
3509 1324 3606 1395 τὴν
3642 1323 3786 1394 βρῶ-

2209 1433 2292 1469 σιν
2322 1416 2496 1486 ὑμῶν,
2532 1419 2627 1470 καὶ
2659 1416 2756 1488 τὴν
2786 1417 2943 1471 πόσιν
2974 1417 3148 1487 ὑμῶν,
3180 1416 3265 1470 ἵνα
3303 1416 3377 1487 μὴ
3402 1416 3485 1487 ἴδῃ
3517 1416 3586 1470 τὰ
3612 1418 3791 1487 πρόσ-

2207 1525 2333 1561 ωπα
2376 1508 2530 1577 ὑμῶν
2578 1506 3018 1579 διατετραμμένα
3064 1507 3159 1561 καὶ
3220 1507 3424 1577 ἀσθενῆ
3471 1507 3623 1577 παρὰ
3653 1507 3789 1571 τοὺς

2210 1598 2669 1670 συντρεφομένους
2724 1598 2851 1669 ὑμῖν
2884 1598 3101 1662 νεανίας
3154 1599 3269 1652 τῶν
3290 1598 3595 1667 ἀλλογενῶν
3620 1640 3637 1665 ,
3687 1598 3789 1653 καὶ

2210 1689 2537 1743 κινδυνεύσω
2561 1688 2639 1759 τῷ
2668 1689 2783 1761 ἰδίῳ
2804 1691 3083 1761 τραχήλῳ.

600 1793 689 1847 11.
730 1794 796 1848 Ει
826 1794 962 1848 dixit
992 1793 1177 1847 Daniel
1206 1793 1451 1849 Ahiesdri
1472 1835 1487 1860 ,
1520 1793 1613 1863 qui
1643 1792 1954 1849 declaratus
1985 1789 2106 1845 fue-

2281 1778 2368 1833 11.
2400 1779 2508 1832 Kal
2542 1774 2692 1833 εἶπεν
2745 1781 2942 1851 Δανιὴλ
2996 1780 3267 1852 ’Δϐιεσδρὶ
3300 1778 3377 1851 τῷ
3415 1779 3788 1850 ἀναδειχθέντι

528 1892 614 1937 rat
659 1884 1102 1939 archieunuchus
1131 1901 1297 1955 super
1326 1885 1604 1940 Danielens
1626 1924 1641 1949 ,
1681 1884 1973 1949 Ananiam,
2004 1880 2107 1935 Mi-

527 1976 751 2039 saelem,
780 1976 1060 2030 Azariam:

556 2088 559 2091 ·
604 2065 691 2119 1%.
735 2066 1357 2135 Tenta,quaeso,pueros
1398 2075 1521 2119 tuos
1550 2079 1644 2135 per
1670 2065 1784 2120 dies
1817 2064 2021 2125 decem,
2059 2069 2113 2118 et

530 2158 692 2212 detur
733 2159 893 2213 nobis
919 2159 985 2212 de
1022 2158 1386 2228 leguminibus
1416 2166 1593 2224 terrae,
1625 2167 1685 2210 ut
1718 2157 2071 2211 comedamus
2091 2194 2108 2220 ,

530 2258 587 2303 et
621 2264 818 2318 aquam
854 2248 1128 2303 bibamus.

606 2341 693 2397 15.
735 2340 800 2395 Et
836 2340 883 2396 si
926 2350 1183 2411 appareat
1229 2349 1480 2410 aspectus
1521 2351 1706 2396 noster
1756 2341 2005 2395 diversus
2045 2342 2113 2393 ah

535 2433 658 2486 aliis
680 2431 1102 2488 adolescentulis
1122 2472 1137 2497 ,
1173 2432 1265 2501 qui
1298 2433 1467 2486 edunt
1495 2431 1560 2485 de
1593 2432 1738 2502 regia
1765 2446 1941 2495 ccena,
1972 2432 2116 2485 sicut

534 2527 800 2593 volueris,
828 2527 909 2583 sic
939 2536 1091 2583 utere
1120 2527 1295 2582 servis
1332 2527 1461 2581 tuis.

611 2709 697 2764 14.
738 2706 998 2777 Fecitque
1028 2709 1108 2763 eis
1144 2708 1250 2762 hoc
1280 2708 1477 2773 modo,
1506 2717 1561 2762 et
1601 2703 1833 2761 tentavit
1864 2720 1962 2762 eos
1999 2704 2118 2761 die-

538 2800 643 2854 hus
674 2799 881 2853 decem.

611 2888 699 2942 15.
758 2885 888 2941 Post
930 2886 1115 2940 decem
1166 2885 1284 2941 dies
1323 2885 1575 2956 apparuit
1620 2892 1875 2954 aspectus
1926 2898 2115 2939 eorum

540 2978 788 3048 pulcher,
819 2987 871 3030 et
899 2977 1119 3035 habitus
1146 2977 1390 3043 corporis
1423 2977 1615 3030 melior
1640 2975 1765 3031 aliis
1795 2975 2115 3031 adolescen-

542 3068 690 3130 tulis,
725 3066 820 3135 qui
855 3067 1088 3120 edebant
1118 3066 1319 3134 regiam
1360 3080 1597 3119 cuinam.

616 3158 702 3211 16.
744 3157 809 3212 Et
846 3168 961 3213 erat
1009 3158 1259 3212 Abiesdri
1307 3158 1504 3214 tollens
1537 3170 1749 3211 coenam
1796 3171 2019 3222 eorum,
2065 3164 2120 3211 et

538 3248 727 3303 vinum
758 3262 968 3313 eorum,
993 3257 1048 3303 et
1074 3262 1175 3318 pro
1215 3247 1301 3302 his
1333 3248 1498 3302 dabat
1520 3247 1600 3303 eis
1627 3246 1693 3302 de
1726 3245 2113 3317 leguminibus.

612 3429 702 3483 17.
746 3428 812 3481 Et
850 3426 1267 3483 adolescentulis
1295 3426 1445 3481 dedit
1472 3425 1737 3480 Dominus
1786 3424 2071 3480 scientiam
2099 3463 2115 3489 ,

540 3528 596 3574 et
629 3518 1058 3586 intelligentiam,
1082 3526 1136 3571 et
1162 3518 1506 3584 prudentiam
1534 3517 1586 3569 in
1613 3516 1761 3570 omni
1786 3524 1901 3569 arte
1926 3516 2115 3568 litera-

542 3610 626 3661 ria
652 3624 663 3657 :
694 3607 901 3659 Danieli
928 3620 1055 3658 vero
1073 3607 1219 3658 dedit
1242 3606 1649 3675 intelligentiam
1676 3606 1731 3658 in
1757 3605 1907 3658 omni
1929 3604 2117 3667 verbo,

543 3704 599 3751 et
625 3695 855 3758 visione,
885 3704 940 3747 et
966 3694 1215 3758 somniis,
1246 3701 1302 3746 et
1330 3695 1384 3747 in
1415 3694 1565 3747 onmi
1594 3693 1877 3762 sapientia.

619 3784 704 3839 18.
745 3782 874 3839 Post
894 3792 1074 3837 autem
1093 3783 1209 3839 dies
1238 3785 1370 3839 istos
1385 3784 1552 3853 jussit
1568 3799 1661 3839 rex
1682 3784 1953 3838 introduci
1980 3798 2078 3840 eos
2100 3801 2115 3838 :

542 3885 597 3931 ct
622 3875 915 3929 introducti
945 3883 1071 3927 sunt
1100 3889 1128 3927 a
1156 3874 1400 3944 principe
1428 3876 1808 3931 cunuchorum
1835 3875 1903 3929 ad
1932 3890 2115 3945 regem

544 3964 1066 4021 Nabuchodonosor.

616 4058 699 4111 19.
778 4056 1024 4126 Cumque
1064 4055 1144 4111 eis
1172 4055 1477 4110 collocutus
1502 4063 1587 4109 est
1626 4069 1756 4121 rex;
1793 4065 1843 4109 et
1880 4070 1986 4109 non
2035 4056 2120 4110 in-

544 4159 737 4203 ventus
756 4158 837 4203 est
866 4149 919 4201 in
950 4148 1287 4217 sapientibus
1314 4147 1508 4201 similis
1534 4145 1768 4209 Danieli,
1791 4154 1845 4199 et
1870 4147 2117 4213 Ananim,

545 4249 598 4293 et
620 4238 846 4301 Misaeli,
880 4246 934 4292 et
968 4238 1196 4302 Azariaa,
1224 4244 1487 4305 erantque
1512 4235 1655 4305 apud
1687 4251 1889 4304 regem.

613 4329 709 4385 20.
742 4332 807 4384 Et
835 4330 889 4383 in
936 4331 1083 4385 omni
1121 4331 1307 4394 verbo,
1350 4338 1408 4383 et
1442 4328 1797 4398 intelligentia
1821 4369 1839 4395 ,
1871 4337 1928 4382 et
1954 4326 2122 4384 disci-

2209 1868 2576 1940 ἀρχιευνούχῳ
2590 1869 2683 1922 ἐπὶ
2708 1868 2798 1923 τὸν
2814 1868 3034 1941 Δανιὴλ,
3066 1869 3333 1935 Ἁνανίαν,
3356 1870 3599 1942 Μισαὴλ,
3617 1869 3787 1934 Ἀζα-

2212 1974 2355 2031 ριανο
3160 1994 3167 1999 -

2282 2053 2368 2106 12.
2397 2051 2662 2123 Πείρασον
2682 2050 2745 2122 δὴ
2779 2053 2905 2115 τοὺς
2932 2050 3129 2115 παῖδας
3156 2066 3251 2106 σου
3281 2051 3365 2123 ἐφ’
3394 2052 3606 2124 ἡμέρας
3626 2052 3787 2120 δέκα,

2212 2144 2307 2196 καὶ
2364 2142 2569 2213 δοθήτω
2623 2144 2754 2213 ἡμῖν
2788 2142 2895 2195 ἀπὸ
2931 2143 3038 2197 τῶν
3064 2142 3305 2214 ὀσπρίων
3352 2145 3451 2214 τῆς
3476 2144 3601 2214 γῆς,
3640 2144 3785 2198 ὥστε

2214 2232 2467 2297 κάπτειν,
2498 2231 2590 2285 καὶ
2629 2231 2961 2301 ὑδροποτεῖν.

2286 2321 2373 2375 15.
2425 2322 2534 2373 Kal
2577 2321 2671 2375 ἐὰν
2716 2325 2855 2392 φανῇ
2896 2324 2929 2393 ὴ
2973 2322 3092 2393 ὄψις
3143 2322 3297 2394 ἡμῶν
3344 2322 3783 2395 διατετραμμένη

2215 2414 2365 2483 παρά
2393 2414 2519 2475 τοὺς
2556 2413 2747 2476 ἄλλους
2774 2416 3087 2478 νεανίσκους
3110 2415 3237 2477 τοὺς
3275 2414 3548 2478 ἐσθίοντας
3568 2414 3785 2469 ἀπὸτοῦ

2218 2504 2496 2575 βασιλικοῦ
2535 2503 2771 2569 δείπνου,
2807 2503 2987 2569 καθὼς
3034 2504 3129 2559 ἐὰν
3171 2505 3360 2578 θέλῃς,
3402 2504 3543 2559 οὕτω
3584 2506 3789 2577 χρῆσαι

2214 2600 2328 2660 τοῖς
2356 2596 2512 2650 παισί
2542 2614 2656 2651 σου.

2288 2686 2377 2739 14.
2412 2686 2522 2739 Kal
2552 2687 2820 2759 ἐχρήσατο
2851 2686 3033 2750 αὐτοῖς
3076 2686 3168 2741 τὸν
3214 2687 3412 2759 τρόπον
3448 2688 3654 2756 τοῦτον,
3692 2690 3789 2744 καὶ

2219 2777 2507 2847 ἐπείρασεν
2530 2777 2725 2840 αὐτοὺς
2751 2779 2964 2848 ἡμέρας
3004 2778 3153 2833 δέκα.
3180 2762 3186 2769 ”

2292 2867 2377 2923 15.
2412 2869 2567 2922 Μετὰ
2592 2869 2689 2932 τὰς
2718 2870 2850 2924 δέκα
2882 2870 3130 2941 ἡμέρας,
3177 2870 3349 2940 ἐφάνη
3384 2870 3417 2939 ἡ
3453 2870 3573 2937 ὄψις
3607 2871 3790 2924 αὐτῶν

2221 2960 2382 3030 καλὴ,
2411 2962 2562 3031 καὶὴ
2600 2961 2710 3024 ἐξις
2739 2960 2830 3017 τοῦ
2881 2961 3133 3030 σώματος
3171 2962 3438 3032 κρείσσων
3465 2962 3573 3013 τῶν
3612 2962 3791 3017 ἄλλων

2145 3092 2192 3152 C
2222 3051 2518 3105 νεανίσκων
2555 3050 2663 3105 τῶν
2692 3051 2978 3105 ἐσθιόντων
3012 3051 3071 3104 τὸ
3106 3050 3379 3121 βασιλικὸν
3411 3052 3644 3106 δεῖπνον.

2291 3142 2377 3196 16.
2410 3142 2522 3195 Kal.
2548 3138 2616 3212 ἦν
2654 3143 2921 3213 Ἀσιεσδρὶ
2947 3143 3331 3215 ἀναιρούμενος
3362 3143 3423 3196 τὸ
3451 3142 3662 3198 δεῖπνον
3690 3146 3791 3197 αύ-

2220 3232 2348 3299 τῶν,
2372 3232 2466 3285 xal
2485 3233 2575 3285 τὸν
2607 3227 2748 3286 οἶνον
2790 3232 2986 3298 αὐτῶν,
3030 3235 3122 3286 καὶ
3156 3235 3428 3287 ἀντεδίδου
3475 3236 3655 3298 αὐτοῖς
3682 3236 3791 3288 ἀπὸ

2222 3322 2329 3376 τῶν
2356 3323 2618 3394 ὀσπρίων.

2296 3411 2382 3465 17.
2418 3412 2527 3466 Kal.
2555 3414 2664 3475 τοῖς
2685 3412 2986 3476 νεανίσκοις
3027 3413 3226 3467 ἔδωκεν
3258 3416 3287 3467 6
3321 3414 3525 3485 Κύριος
3564 3416 3792 3487 ἐπιστή-

2227 3521 2354 3573 μην,
2378 3504 2471 3557 καὶ
2497 3504 2729 3567 σύνεσιν,
2754 3507 2845 3558 καὶ
2884 3508 3142 3577 φρόνησιν
3171 3508 3228 3560 ἐν
3252 3509 3397 3579 πάσῃ
3431 3511 3790 3582 γραμματικῇ

2220 3594 2414 3665 τέχνῃ·
2447 3596 2542 3647 καὶ
2571 3594 2649 3665 τῷ
2683 3596 2877 3667 Δανιὴλ
2920 3597 3089 3651 ἔδωκε
3120 3597 3332 3650 σύνεσιν
3362 3600 3420 3650 ἐν
3472 3600 3635 3652 πανῇ⁸
3687 3601 3789 3670 ῥή-

2227 3700 2354 3755 ματι
2375 3687 2468 3738 καὶ
2494 3686 2751 3756 ὁράματι,
2772 3689 2864 3741 καὶ
2894 3689 3184 3755 ἐνυπνίοις,
3202 3691 3295 3743 καὶ
3317 3692 3376 3742 ἐν
3396 3690 3541 3762 πάσῃ
3562 3692 3788 3762 σοφίᾳί.

2295 3778 2383 3835 18.
2414 3778 2571 3834 Μετὰ
2590 3780 2646 3833 δέ
2674 3780 2774 3843 τὰς
2802 3781 3015 3852 ἡμέρας
3040 3782 3261 3846 ταύτας,
3294 3782 3554 3846 ἐπέταξεν
3573 3786 3601 3836 ό
3635 3782 3794 3853 βασι·

2221 3870 2345 3933 λεὺς
2369 3872 2682 3940 εἰσαγαγεῖν
2708 3872 2924 3936 αὐτοὺς,
2958 3874 3051 3927 καὶ
3089 3874 3421 3945 εἰσήχθησαν
3447 3873 3555 3928 ἀπὸ
3576 3873 3668 3927 τοῦ
3692 3877 3794 3945 ἀρα

2222 3961 2533 4033 χιευνούχου
2556 3962 2691 4034 πρὸς
2728 3964 2819 4017 τὸν
2848 3964 3073 4034 βασιλέα
3102 3965 3591 4036 Ναϐουχοδονόσορ.

2296 4051 2383 4105 19.
2419 4052 2528 4104 Kal
2553 4052 2825 4123 ὡμίλησεν
2858 4055 3039 4118 αὐτοῖς
3070 4057 3098 4108 6
3119 4056 3369 4126 βασιλεύς
3388 4072 3401 4087 °
3445 4058 3539 4109 καὶ
3570 4056 3665 4127 οὐχ
3696 4058 3791 4111 εὑ-

2224 4139 2354 4211 ρέθη
2389 4142 2446 4193 ἐν
2473 4142 2587 4202 τοῖς
2612 4145 2795 4210 σοφοῖς
2818 4144 2998 4212 ὅμοιος
3027 4144 3105 4215 τῷ
3139 4146 3352 4217 Δανιὴλ,
3400 4148 3495 4200 καὶ
3548 4146 3787 4219 Ἀνανία,

2222 4232 2313 4285 καὶ
2335 4232 2573 4304 Μισαὴλ,
2598 4234 2691 4286 καὶ
2725 4234 2971 4306 Ἀζαρία,
3004 4236 3098 4290 καὶ
3115 4232 3254 4307 ἦσαν
3279 4237 3433 4309 παρά
3457 4238 3533 4309 τῷ
3557 4239 3787 4308 βασιλεῖ.

2288 4323 2379 4378 20.
2416 4324 2527 4376 Καὶ
2557 4326 2614 4377 ἐν
2645 4326 2805 4378 παντὶ
2833 4326 2995 4397 λόγῳ,
3031 4327 3125 4379 καὶ
3164 4327 3396 4393 συνέσει,
3434 4330 3528 4382 καὶ
3550 4330 3787 4398 παιδείᾳ,

548 4412 694 4493 plina
724 4437 1078 4492 quaecumque
1112 4421 1425 4476 sciscitatus
1450 4427 1534 4475 est
1566 4419 1635 4473 ab
1670 4420 1752 4474 cis
1782 4434 1897 4484 rex,
1928 4420 2113 4489 depre-

2220 4413 2322 4469 ὅσα
2349 4414 2581 4485 ἐζήτησε
2609 4417 2738 4486 παρ’
2760 4417 2939 4471 αὐτῶν
2969 4420 2997 4471 6
3038 4417 3319 4487 βασιλεὺς,
3356 4420 3650 4473 κατέλαϐεν
3688 4421 3790 4474 αὺ-

550 4514 737 4568 hendit
767 4529 862 4567 eos
892 4514 1251 4582 sapientiores
1281 4510 1569 4579 decuplum
1610 4525 1772 4579 super
1799 4511 2075 4580 sophistas
2100 4550 2116 4575 ,

547 4614 601 4659 et
632 4605 1004 4674 philosOphos,
1030 4603 1125 4673 qui
1145 4613 1302 4657 erant
1320 4602 1374 4656 in
1397 4601 1544 4655 omni
1562 4615 1738 4669 regno
1755 4600 1896 4667 ejus,
1922 4611 1975 4655 et
2002 4602 2121 4673 glo-

548 4697 781 4752 rilicavit
808 4709 905 4750 eos
940 4710 1033 4749 rex
1056 4735 1072 4760 ,
1106 4702 1161 4749 et
1180 4693 1466 4749 constituit
1493 4708 1590 4748 eos
1622 4693 1914 4762 principes,
1948 4701 2002 4746 et
2024 4694 2121 4747 dc-

548 4788 777 4843 claravit
816 4802 909 4841 eos
948 4786 1223 4856 sapientes
1261 4800 1427 4857 super
1462 4799 1693 4849 omnes,
1735 4784 1829 4854 qui
1859 4790 2017 4838 erant
2062 4782 2120 4836 in

549 4880 781 4949 negotiis
821 4879 941 4950 ejus
978 4879 1034 4934 in
1074 4877 1326 4933 universa
1370 4889 1519 4934 terra
1557 4876 1711 4947 eius,
1743 4884 1801 4931 et
1844 4877 1899 4930 in
1949 4888 2121 4945 regno

546 4984 687 5040 ejus.

616 5156 708 5212 21.
746 5155 811 5208 Et
839 5154 941 5209 fuit
966 5152 1155 5208 Daniel
1179 5166 1353 5222 usque
1377 5151 1445 5206 ad
1470 5150 1710 5223 primum
1736 5162 1947 5204 annum
1968 5148 2123 5220 regni

547 5248 676 5321 Cyri
711 5247 855 5318 regis
873 5246 1188 5302 Persarum.

1148 5356 1377 5412 CAPUT
1428 5356 1494 5411 II.

620 5453 673 5506 1.
708 5450 777 5505 Et
814 5451 869 5504 in
920 5464 1063 5503 anno
1112 5450 1354 5505 secundo
1406 5449 1557 5520 regni
1616 5446 2123 5513 Nabuchodonosor

552 5540 773 5603 accidit,
806 5547 864 5591 ut
891 5537 945 5589 in
976 5536 1214 5591 visiones
1259 5546 1314 5590 et
1366 5536 1580 5592 somnia
1628 5534 1895 5591 incideret
1920 5548 2040 5599 rex,
2070 5542 2125 5587 et

549 5625 1167 5681 turbaretur-insomnio
1191 5640 1314 5689 suo,
1355 5634 1409 5681 et
1442 5641 1671 5683 somnus
1706 5627 1827 5697 ejus
1874 5625 2016 5697 fugit
2054 5623 2124 5679 ab

569 5730 655 5771 (το.

2219 4505 2346 4567 τοὺς
2383 4519 2446 4560 σι-
2474 4506 2812 4577 σοφωτέρους
2835 4508 2893 4577 /.
2920 4508 3297 4573 δεκαπλασίως
3346 4510 3486 4583 ὑπὲρ
3522 4512 3646 4573 τοὺς
3698 4528 3792 4564 σο-

2222 4594 2437 4663 φιστάς,
2471 4598 2705 4660 καὶτοὺς
2736 4599 3057 4669 φιλοσόφως
3082 4602 3209 4665 τοὺς
3242 4604 3301 4655 ἐν
3335 4604 3481 4674 πάσῃ
3515 4606 3580 4673 τῇ
3635 4603 3792 4674 βασι·
3858 4674 3861 4675 ν

2220 4683 2339 4755 λείᾳ
2364 4683 2529 4738 αὑτοῦ
2555 4700 2618 4742 -ι-
2642 4687 2734 4742 καὶ
2777 4686 3026 4753 ἐδόξασεν
3070 4692 3265 4755 αὐτοὺς
3298 4693 3326 4744 6
3375 4691 3625 4762 βασιλεὺς
3647 4734 3663 4759 ,
3695 4695 3794 4748 καὶ

2228 4776 2282 4843 κ
2321 4776 2652 4848 κατέστησεν
2674 4778 2872 4843 αὐτοὺς
2892 4780 3177 4851 ἄρχοντας,
3194 4782 3286 4836 καὶ
3305 4783 3573 4847 ἀνέδειξεν
3594 4784 3793 4846 αὐτοὺς

2228 4868 2281 4935 2
2318 4867 2515 4937 σοφοὺς
2570 4869 2723 4939 παρὰ
2766 4871 2974 4933 πάντας
3002 4874 3127 4935 τοὺς
3165 4872 3329 4926 αὐτοῦ
3365 4875 3425 4926 ὲν
3468 4874 3792 4943 πράγμασιν

2227 4960 2282 5027 2
2322 4973 2383 5014 -ιι-
2416 4962 2474 5013 ἐν
2504 4961 2653 5031 πάσῃ
2674 4965 2738 5031 τῇ
2766 4965 2835 5034 γῇ
2870 4962 3055 5030 αὐτοῦ,
3092 4966 3187 5018 καὶ
3209 4968 3269 5018 ἐν
3310 4967 3376 5037 τῇ
3411 4964 3655 5035 βασιλείᾳ
3690 4965 3793 5017 αὐ-

2228 5049 2492 5121 2105/.

2289 5142 2380 5197 31.
2415 5145 2524 5197 Καὶ
2546 5138 2615 5216 ἦν
2640 5146 2835 5217 Δανιὴλ
2865 5146 2970 5211 ἕως
2997 5147 3089 5201 τοῦ
3125 5148 3340 5221 πρώτου
3368 5150 3524 5215 ἔτους
3567 5152 3665 5222 τῆς
3694 5149 3792 5220 βα-

2224 5233 2426 5299 σιλείας
2452 5235 2637 5308 Κύρου
2674 5237 2937 5308 βασιλέως
2962 5240 3209 5311 Περσῶν.

2748 5349 3143 5403 ΚΕΦΑΛΑῙΟΝ
3170 5352 3248 5405 B'.

2296 5438 2349 5494 1.
2377 5440 2485 5491 Kal
2509 5439 2564 5490 ἐν
2601 5438 2678 5509 τῷ
2717 5438 2823 5493 ἔτει
2856 5441 2934 5512 τῷ
2953 5441 3187 5513 δευτέρῳ
3221 5444 3323 5513 τῆς
3360 5442 3635 5514 βασιλείας
3671 5446 3786 5500 Να-

2223 5532 2623 5602 ϐουχοδονόσορ,
2652 5534 2845 5603 συνέϐη
2876 5536 2955 5597 εἰς
2971 5534 3223 5605 όράμσκτα
3251 5536 3343 5589 καὶ
3371 5535 3595 5590 ἐνύπνια
3616 5539 3789 5608 ἐμπε-

2228 5626 2341 5676 σεῖν
2370 5623 2463 5676 τὸν
2510 5622 2764 5693 βασιλέα,
2813 5624 2907 5677 καὶ
2951 5625 3289 5696 ταραχθῆναι
3335 5628 3395 5679 ἐν
3438 5626 3515 5696 τῷ
3553 5628 3787 5698 homin)

2232 5715 2391 5768 αὑτοῦ
2413 5731 2425 5743 ·
2458 5717 2548 5768 καὶ
2576 5718 2603 5769 6
2639 5715 2801 5779 ὖπνος
2839 5717 3000 5770 αὑτοῦ
3022 5718 3240 5785 ἐγένετο
3277 5718 3369 5771 ἀπ’
3400 5717 3586 5774 αὑτοῦ.
