4122 6320
351 327 477 389 ΞΤΠ

1646 319 1899 374 DANIEL
1936 317 2170 377 CAPUT
2223 321 2290 377 ll.

3455 325 3594 381 9778

407 439 462 494 ‘1.
491 437 603 494 Καὶ
649 436 915 504 ¹ἐπέταξεν
979 438 1008 490 6
1062 437 1311 508 βασιλεὺς
1372 435 1741 508 εἰσενεχθῆναι
1786 435 1913 497 τοὺς

2085 436 2140 492 2.
2177 435 2240 489 Et
2266 434 2428 506 jussit
2471 450 2586 500 rex,
2621 443 2678 490 ut
2712 436 3185 493 introducerentur
3219 439 3584 495 incantatores

354 531 652 594 ὲπαοιδοὺς,
681 530 920 593 καὶτοὺς
943 529 1168 600 μάγους,
1193 530 1288 583 καὶ⁸
1312 529 1440 592 τοὺς
1467 527 1792 598 φαρμακοὺς
1806 525 1915 578 τῶν

345 621 643 684 Χαλδαίων,
668 621 987 690 ἀναγγεῖλαι
1018 621 1097 693 τῷ
1134 621 1346 691 βασιλεῖ
1366 621 1434 674 τὰ
1454 621 1678 673 ἐνύπνια
1711 617 1876 673 αὑτοῦ
1893 633 1909 648 ⁸

340 711 434 766 καὶ
454 709 889 781 παραγενόμενοι
914 708 1149 778 ἔστησαν
1182 710 1334 780 παρὰ
1357 709 1435 779 τῷ
1460 709 1689 778 βασιλεῖ.

407 803 459 855 ’5.
487 802 602 856 Καὶ
633 797 787 866 εἶπεν
819 801 1002 865 αὐτοῖς
1026 803 1054 855 6
1079 801 1349 871 βασιλεύς’
1367 801 1648 856 Ἐνύπνιον
1671 799 1912 871 ἑώρακα,

325 896 420 946 καὶ
452 891 679 963 ἐκινήθη
704 910 806 962 μου
825 891 888 945 τὸ
916 891 1170 964 πνεῦμαο
1206 891 1505 962 ἐπιγνῶναι
1554 887 1648 946 οὖν
1681 891 1820 946 θέλω
1853 892 1914 946 τὸ

333 986 612 1040 ἐνύπνιον.

404 1079 460 1132 Δ.
487 1079 599 1131 Καὶ
625 1078 894 1149 ’ἐλάλησαν
923 1078 974 1130 οἱ
995 1077 1251 1133 Χαλδαῖοι
1277 1076 1419 1149 πρὸς
1445 1076 1538 1130 τὸν
1563 1075 1785 1146 βασιλέα
1815 1092 1913 1130 συ-

337 1169 506 1238 ριστί·
539 1169 712 1238 Κύριε
734 1168 976 1239 βασιλεῦ,
1015 1169 1105 1224 τὸν
1120 1169 1292 1223 αἰῶνα
1313 1168 1438 1238 ζῆθι
1458 1185 1474 1200 ο
1499 1166 1818 1236 ἀνάγγειλον
1849 1166 1913 1220 τὸ

331 1260 584 1315 ἐνύπνιόν
613 1278 706 1312 σου
732 1264 843 1324 τοῖς
867 1261 1024 1315 παισί
1055 1277 1171 1326 σου,
1206 1262 1300 1314 καὶ
1331 1262 1494 1331 ἡμεῖς
1521 1261 1605 1313 σοὶ
1625 1259 1912 1331 φράσομεν

329 1354 435 1424 τὴν
462 1353 749 1422 σύγκρισιν
772 1352 960 1406 αὐτοῦ.

407 1445 459 1498 5.
505 1444 848 1522 ’Δποκριθεὶς
871 1443 928 1497 δὲ
959 1447 988 1497 ό
1027 1443 1277 1514 βασιλεὺς
1308 1439 1449 1498 εἷπε-ἶ
1467 1446 1580 1508 τοῖς
1620 1443 1909 1509 Χαλδαίοις

335 1535 411 1602 Χ
441 1535 502 1587 Ὀ
532 1533 688 1602 λόγος
711 1535 804 1587 ἀπ’
843 1533 976 1604 ἐμοῦ
1005 1535 1214 1604 ἀπέστη
1238 1534 1296 1603 /.
1326 1531 1461 1586 διότι
1492 1533 1589 1586 ἐὰν
1620 1532 1698 1603 μὴ
1727 1534 1909 1601 ἀπαγ-

326 1625 551 1695 γείλητέ
588 1642 676 1695 μοι
705 1626 789 1677 ἐπ’
823 1624 1078 1694 ἀληθείας
1098 1624 1158 1676 τὸ
1183 1623 1450 1687 ἐνύπνιον,
1481 1625 1574 1677 καὶ
1597 1624 1696 1693 τὴν
1717 1622 1926 1676 τούτου·

2018 536 2072 581 et
2105 527 2266 597 magi,
2296 540 2349 582 et
2381 527 2612 582 maleﬁci
2633 526 3008 581 Chaldaeorum
3041 529 3107 582 ad
3147 531 3584 586 annuntiandum

2021 620 2135 690 regi
2170 621 2380 676 somnia
2413 621 2575 690 ejus:
2622 629 2674 676 et
2717 620 3064 676 advenientes
3115 629 3380 677 steterunt
3401 635 3586 680 coram
3663 635 3669 641 '

2017 727 2163 780 rege.

2085 802 2139 855 5.
2179 802 2242 855 Et
2277 801 2415 856 dixit
2445 803 2525 857 eis
2556 819 2651 857 rex
2675 801 2992 856 :Somnium
3011 801 3140 866 vidi,
3164 810 3218 856 et
3242 802 3489 860 turbatus
3511 815 3595 861 est

2013 890 2245 959 spiritus
2275 905 2430 946 meus
2452 908 2466 945 :
2487 892 2613 948 volo
2643 893 2808 962 igitur
2840 892 2980 947 scire
3013 893 3308 947 somnium.

2085 979 2140 1034 4.
2179 982 2247 1034 Ει
2278 981 2444 1036 loculi
2469 991 2597 1036 sunt
2619 981 2861 1038 Chaldaei
2887 983 2954 1036 ad
2985 998 3168 1053 regem
3187 982 3438 1054 Syrisce:
3473 981 3586 1039 Do—

2012 1070 2161 1125 mine
2209 1086 2325 1137 rex,
2353 1073 2408 1126 in
2463 1072 2854 1142 sempiternum
2895 1073 3058 1128 vive:
3104 1075 3282 1129 indica
3311 1074 3586 1130 somnium

2012 1167 2168 1216 tuum
2195 1164 2371 1219 servis
2400 1164 2532 1232 tuis,
2567 1173 2622 1220 et
2645 1169 2756 1220 nos
2786 1165 2883 1220 tibi
2913 1165 3157 1222 dicemus
3178 1167 3586 1238 interpretatio-

2009 1265 2136 1307 nem
2168 1268 2312 1323 ejus.

2077 1437 2132 1493 5.
2172 1436 2523 1507 Respondens
2561 1448 2741 1494 autem
2803 1456 2899 1494 rex
2939 1440 3073 1496 dixit
3112 1440 3422 1497 Chaldaeis:
3461 1443 3586 1499 Ser-

2009 1542 2101 1582 mo
2153 1544 2182 1581 a
2244 1545 2332 1583 me
2411 1531 2655 1586 recessit.
2735 1529 2969 1601 Ideoque
3026 1532 3134 1586 nisi
3208 1534 3584 1590 indicaveritis

2010 1619 2144 1674 mihi
2176 1620 2229 1673 in
2257 1621 2483 1674 veritate
2516 1620 2812 1685 somnium,
2851 1631 2906 1676 et
2937 1623 3439 1690 interpretationem
3465 1624 3586 1693 ejus

327 1717 626 1787 σύγκρισιν
645 1715 923 1786 δηλώσητὲ
949 1731 1060 1785 μοι,
1087 1713 1786 1786 παραδειγματισθήσεσθε,
1809 1713 1905 1766 καὶ

2016 1711 2360 1766 ostenderitis
2385 1711 2541 1777 mihi,
2575 1712 2832 1767 omnibus
2860 1714 3108 1782 exemplo
3135 1713 3311 1780 eritis,
3341 1723 3396 1769 et
3435 1716 3584 1771 redi-

323 1777 774 1875 ἀναληφθήσεται
801 1777 1054 1875 ὑμῶνντὰ-
1076 1777 1387 1876 ὑπάρχοντα
1406 1807 1486 1869 εἰς
1518 1777 1904 1874 ἰδ’βασιλικόν.

2017 1809 2212 1869 gentur
2243 1802 2561 1857 substantiae
2585 1815 2777 1860 vestrae
2806 1805 2860 1858 in
2897 1805 3102 1874 regium
3133 1805 3347 1860 iiscum.

401 1896 459 1950 6.
507 1897 630 1950 Ἐὰν
659 1896 715 1950 δὲ
735 1896 797 1949 τὸ
827 1895 1074 1950 ἐνύπνιον
1107 1896 1477 1967 διασαφήσητέ
1516 1912 1638 1966 μοι,
1673 1895 1769 1953 καὶ
1806 1893 1906 1966 τὴν

319 1988 524 2041 τούτου
561 1987 844 2058 σύγκρισιν
871 1986 1248 2058 ἀναγγείλητε,
1281 1985 1514 2057 λήψεσθε
1536 1986 1746 2054 δόματα
1769 2003 1905 2038 παν-

319 2081 476 2141 τοῖα,
510 2079 604 2132 καὶ
633 2078 1030 2148 δοξασθήσεσθε
1073 2079 1164 2133 ὑπ’
1197 2080 1336 2150 ἐμοῦ
1358 2096 1370 2108 ·
1406 2076 1687 2149 δηλώσατέ
1725 2093 1818 2146 μοι
1845 2075 1908 2130 τὸ

317 2167 607 2231 ἐνύπνιον,
637 2170 735 2222 καὶ
770 2169 1010 2238 κρίνατε.

409 2259 461 2312 7.
508 2259 903 2330 Ἀπεκρίθησαν
924 2260 981 2314 δὲ
1001 2262 1064 2315 ἐκ
1078 2259 1329 2332 δευτέρου
1352 2259 1624 2330 λέγοντεςο
1652 2259 1903 2326 Βασιλεῦ,

318 2350 398 2403 τδ
438 2351 618 2421 ὅραμα
661 2347 838 2417 εἷπον,
885 2353 980 2406 καὶ
1022 2355 1072 2406 οἱ
1101 2353 1287 2417 παῖδές
1336 2370 1430 2406 σου
1473 2353 1720 2425 κρίνουσι
1769 2353 1907 2426 πρὸς

319 2457 526 2495 ταυτα.
777 2473 786 2476 ·

407 2533 462 2588 8.
490 2533 595 2587 Kal.
621 2528 773 2588 εἶπεν
787 2534 969 2599 αὐτοῖς
995 2537 1024 2589 6
1049 2535 1322 2606 βασιλεὺς,
1340 2538 1456 2593 Ἐπ’
1486 2538 1744 2610 ἀληθείας
1764 2535 1904 2604 οῖδα,

295 2624 420 2678 ’ὅτι
453 2624 642 2696 καιρὸν
686 2627 844 2696 ὑμεῖς
880 2626 1267 2698 ὲξαγοράζετεε
1313 2631 1566 2702 καθάπερ
1597 2632 1905 2702 ἑωράκατε,

321 2715 419 2768 ὃτι
467 2717 676 2786 ἀπέστη
709 2717 804 2769 ἀπ’
845 2716 980 2786 ἐμοῦ
1017 2719 1078 2771 τὸ
1117 2720 1372 2791 πρᾶγμαο
1411 2735 1474 2776 οι-
1518 2720 1770 2792 καθάπερ
1811 2716 1906 2775 οὖν

327 2819 404 2861 σε-
437 2805 800 2877 προστέταχα,
833 2805 1004 2872 οὕτως
1032 2807 1183 2861 ἔσται
1201 2809 1258 2880 /.
1879 2804 1907 2823 ’

406 2894 461 2950 9.
507 2896 633 2951 Ἐὰν
666 2897 740 2968 μὴ
765 2897 827 2950 τὸ
858 2897 1107 2954 ἐνύπνιον
1135 2899 1506 2973 ἀπαγγείλητὲ
1532 2916 1621 2971 μοι
1651 2902 1738 2954 ἐπ’
1771 2899 1906 2974 ἀλη-

326 2984 489 3050 θείας
520 3002 582 3042 -ε-
612 2989 704 3041 καὶ
740 2987 837 3059 τὴν
859 2988 1052 3043 τούτου
1092 2989 1374 3059 σύγκρισιν
1417 2990 1694 3062 δηλώσητε
1721 2990 1778 3062 /.
1811 2991 1908 3045 θα-

327 3077 484 3148 νάτῳ
514 3079 924 3150 περιπεσεῖσθεο
961 3082 1284 3135 συνειπασθε
1314 3082 1424 3154 γὰρ
1462 3083 1654 3151 λόγους
1693 3082 1907 3152 ψευδεῖς

330 3169 670 3238 ποιήσασθαι
697 3170 784 3223 ἐπ’
809 3170 966 3240 ἐμοῦ,
989 3173 1092 3236 ἕως
1123 3172 1187 3226 ἂν
1211 3174 1240 3225 6
1266 3173 1456 3243 καιρὸς
1481 3173 1766 3245 ἁλλοιωθῇ.
1792 3173 1907 3226 Νῦν

226 3308 245 3318 ,
330 3251 430 3310 οὖν
456 3257 552 3310 ἐὰν
581 3258 640 3311 τὸ
665 3259 819 3329 ῥῆμα
841 3261 1031 3330 εῐπητέ
1056 3279 1146 3332 μοι
1166 3276 1225 3317 σε-
1247 3262 1275 3315 6
1302 3263 1401 3330 τὴν
1431 3262 1600 3316 νύκτα
1620 3263 1911 3335 ἑώρακαί.

331 3347 640 3420 γνώσομαι,
674 3351 757 3402 ὅτι
781 3352 875 3405 καὶ
894 3352 992 3424 τὴν
1028 3352 1220 3406 τούτου
1258 3352 1441 3424 κρίσιν
1469 3352 1770 3424 δηλώσητε.

407 3530 497 3585 10.
529 3531 641 3585 Καὶ
685 3531 1058 3604 ἀπεκρίθησαν
1104 3535 1154 3587 οἱ
1197 3519 1450 3589 Χαλδαῖοι
1488 3536 1582 3590 ἐπὶ
1637 3535 1730 3590 τοῦ
1766 3537 1918 3608 βασι-

332 3621 495 3685 λέως,
529 3622 609 3674 ὅτι
632 3622 819 3686 Οὐδεὶς
846 3623 953 3677 τῶν
977 3625 1070 3678 ἐπὶ
1087 3624 1186 3695 τῆς
1213 3626 1315 3696 γῆς
1338 3626 1624 3698 δυνήσεται
1648 3627 1822 3683 εἰπεῖν
1839 3627 1916 3699 τῷ

341 3712 552 3783 βασιλεῖ
578 3712 607 3765 ὂ
637 3713 875 3784 ἓωρακε,
916 3715 1165 3788 καθάπερ
1193 3718 1257 3769 σὺ
1283 3719 1522 3788 ἐρωτᾷςο
1548 3717 1642 3770 καὶ
1673 3719 1782 3780 πᾶς
1819 3716 1917 3788 βα-

342 3805 548 3868 σιλεὺς,
579 3805 674 3858 καὶ
704 3806 814 3869 πᾶς
845 3806 1110 3880 δυνάστης
1144 3807 1354 3861 τοιοῦτο
1395 3810 1629 3880 πρᾶγμα
1673 3810 1779 3864 οὐκ·
1818 3810 1918 3864 ἑπ-

339 3897 524 3968 ερωτᾷ
553 3897 732 3950 πάντα
758 3897 940 3966 σοφὸν,
972 3898 1068 3952 καὶ
1094 3898 1287 3970 μάγον,
1311 3900 1406 3952 καὶ
1433 3900 1716 3954 Χαλδαῖον.

415 4011 501 4063 11.
534 4009 644 4064 Καὶ
666 4012 695 4063 6
724 4010 901 4079 λόγος,
927 4011 986 4065 ὃν
1015 4013 1196 4082 ζητεῖς
1216 4051 1232 4076 ,
1280 4013 1498 4084 βασιλεῦ
1524 4055 1540 4081 ,
1581 4013 1754 4087 βαρύς
1799 4017 1915 4072 ἐστι

346 4114 410 4158 -Ιι-
443 4101 536 4154 καὶ
559 4101 803 4166 ἐπίδοξος
826 4101 883 4172 /.
915 4104 1010 4156 καὶ
1031 4104 1204 4168 οὐδεῖς
1230 4103 1376 4158 ἔστιν
1397 4105 1458 4169 ὃς
1478 4105 1708 4176 δηλώσει
1744 4107 1916 4161 ταῦτα

342 4191 421 4260 τῷ
446 4190 672 4260 βασιλεῖ,
698 4194 747 4246 εἰ
777 4195 852 4265 μή
891 4211 976 4258 τις
1003 4194 1251 4263 ἄγγελος,
1278 4189 1339 4249 οὗ
1370 4197 1472 4250 οὐκ
1495 4197 1612 4252 ἔστι
1657 4215 1918 4270 κατοικη-

341 4285 530 4352 τήριον
563 4285 704 4354 μετὰ
737 4287 919 4358 πάσης
975 4288 1210 4359 σαρκός·
1258 4287 1382 4341 ὅθεν
1434 4289 1534 4344 οὐκ
1586 4289 1654 4345 ἂν
1700 4290 1920 4361 δέχεται

342 4376 618 4442 γενέσθαι,
659 4377 908 4450 καθάπερ
944 4380 1067 4434 οῐει.

2087 1893 2141 1947 6.
2177 1892 2233 1948 Si
2265 1905 2442 1949 autem
2472 1895 2744 1952 somnium
2795 1897 3142 1952 manifestum
3164 1897 3400 1952 feceritis
3427 1897 3585 1961 mihi,

2018 1993 2072 2039 et
2103 1985 2603 2056 interpretationem
2656 1987 2774 2058 ejus
2827 1987 3246 2055 indicaveritis,
3308 1989 3586 2058 accipietis

2016 2077 2236 2145 praemia
2264 2093 2426 2131 omne
2453 2093 2647 2148 genus,
2687 2088 2742 2132 et
2775 2080 3036 2134 honorem
3089 2095 3120 2134 a
3173 2095 3292 2136 me:
3318 2079 3587 2138 ostendite

2017 2165 2151 2221 mihi
2180 2167 2477 2233 somnium,
2508 2179 2671 2239 atque
2697 2169 3009 2225 discernite.

2086 2255 2141 2307 7.
2178 2255 2594 2326 Responderunt
2630 2267 2808 2313 autem
2863 2259 3104 2315 secundo
3134 2259 3374 2314 dicentes
3403 2279 3416 2315 :
3445 2259 3583 2327 llex,

2016 2347 2282 2404 visionem
2306 2349 2396 2405 dic
2423 2367 2442 2416 ;
2474 2359 2526 2406 et
2556 2352 2712 2422 pueri
2743 2352 2820 2408 tui
2868 2352 3094 2423 posthac
3147 2350 3587 2422 interpt’etabun-

2019 2447 2126 2494 IUI'.

2085 2533 2140 2588 8.
2168 2535 2233 2588 Et
2264 2534 2401 2590 dixit
2429 2535 2506 2590 eis
2531 2550 2624 2590 rex
2651 2552 2666 2590 :
2690 2534 2748 2589 In
2769 2537 2997 2593 veritate
3024 2536 3170 2603 novi,
3199 2537 3344 2607 quod
3370 2545 3584 2606 tempus

2018 2638 2116 2682 vos
2142 2625 2428 2693 redimitis,
2463 2635 2626 2696 prout
2653 2626 2900 2691 vidistis,
2940 2628 3088 2698 quod
3117 2627 3408 2683 recesserit
3428 2643 3460 2682 a
3497 2642 3589 2683 me

2015 2729 2124 2770 res.
2148 2713 2617 2782 Quemadmodum
2649 2718 2814 2789 igitur
2843 2719 3095 2789 praecepi,
3123 2719 3205 2775 sic
3245 2719 3371 2775 erit.

2085 2891 2140 2948 9.
2171 2891 2284 2949 Nisi
2309 2894 2583 2951 somnium
2619 2896 2989 2953 indicaveritis
3018 2899 3150 2953 mihi
3190 2900 3245 2954 in
3277 2903 3502 2958 veritate
3532 2911 3590 2960 et

2018 2967 2517 3051 interpretationem
2550 2984 2667 3054 ejus
2704 2986 3080 3052 ostenderitis,
3129 3000 3300 3043 morte
3334 2991 3539 3047 cadetis
3568 3008 3581 3044 :

2017 3071 2159 3126 inter
2181 3087 2280 3128 vos
2311 3073 2455 3128 enim
2481 3074 2789 3144 loquimini,
2823 3086 2882 3132 ut
2927 3080 3087 3134 verba
3121 3081 3587 3154 mendaciacom-

2013 3161 2228 3230 ponatis
2253 3162 2307 3216 in
2337 3179 2439 3230 me,
2462 3164 2636 3220 donec
2678 3175 2892 3236 tempus
2920 3179 3274 3238 pertranseat.
3309 3170 3462 3227 Nunc
3486 3173 3590 3244 igi-

2016 3258 2104 3304 tur
2133 3251 2180 3305 si
2209 3253 2433 3306 verbum
2485 3255 2733 3310 dixeritis
2780 3257 2912 3311 mihi
2948 3259 3090 3327 quod
3115 3269 3274 3314 nocte
3314 3261 3442 3326 vidi,
3489 3276 3588 3317 cu-

2015 3356 2296 3412 gnoscam,
2324 3344 2470 3414 quod
2488 3345 2652 3400 etiam
2683 3348 3187 3418 interpretationem
3216 3351 3378 3421 hujus
3399 3361 3585 3406 osten-

2015 3432 2177 3488 detis.

2087 3524 2173 3578 10.
2204 3523 2270 3577 Ει
2311 3525 2706 3594 responderunt
2749 3526 2984 3583 Chaldaei
3031 3544 3216 3584 coram
3258 3545 3380 3601 rege
3405 3532 3589 3600 :quod

2014 3614 2185 3672 Nemo
2205 3631 2273 3671 ex
2301 3617 2388 3672 bis
2431 3617 2525 3686 qui
2565 3619 2777 3673 suntin
2837 3629 3000 3686 terra,
3028 3623 3225 3690 poterit
3251 3624 3431 3678 dicere
3475 3626 3589 3695 regi

2016 3707 2161 3778 quod
2189 3708 2342 3774 vidit,
2378 3709 2521 3763 sicut
2551 3719 2606 3764 tu
2657 3711 2952 3767 sciscitaris
3005 3729 3020 3766 :
3074 3723 3128 3767 et
3152 3714 3331 3770 omnis
3379 3730 3494 3781 rex,
3533 3725 3588 3772 et

2015 3799 2195 3854 omnis
2220 3799 2448 3870 dynasta
2477 3800 2858 3872 hujuscemodi
2887 3818 2999 3857 rem
3022 3803 3247 3860 minime
3274 3805 3588 3863 sciscitatur

2014 3890 2085 3945 ab
2112 3893 2258 3946 omni
2301 3891 2562 3962 sapiente,
2587 3905 2638 3948 et
2657 3909 2834 3965 mago,
2859 3904 2912 3948 et
2941 3893 3216 3951 Chaldaeo.

2085 4003 2174 4057 11.
2211 4004 2277 4058 Et
2302 4019 2504 4068 sermo,
2545 4021 2706 4074 quem
2741 4005 2970 4075 quan-is,
3027 4021 3143 4071 rex,
3199 4009 3380 4076 gravis
3407 4019 3494 4064 est
3531 4019 3589 4066 et

2017 4095 2290 4161 sublimis,
2337 4104 2392 4150 et
2420 4096 2602 4154 nullus
2627 4105 2710 4152 est
2737 4097 2831 4166 qui
2874 4099 3122 4153 ostendet
3154 4099 3269 4154 haec
3302 4101 3438 4170 regi,
3479 4102 3588 4158 nisi

2017 4189 2215 4259 aliquis
2251 4189 2476 4258 angelus
2507 4229 2521 4253 ,
2554 4189 2714 4257 cujus
2768 4206 2877 4244 non
2912 4199 2998 4246 est
3053 4195 3409 4249 commoratio
3459 4209 3585 4250 cum

2017 4280 2164 4335 omni
2193 4294 2376 4343 carne,
2410 4280 2552 4334 unde
2580 4296 2688 4336 non
2721 4289 2898 4352 potest
2943 4281 3080 4350 ﬁeri,
3130 4285 3587 4354 quemadmodum

2019 4385 2276 4443 Opinaris.

416 4463 502 4518 l2.
533 4465 668 4519 Τότε
698 4469 726 4519 6
754 4465 1005 4536 βασιλεὺς
1038 4467 1266 4537 στυγνὸς
1294 4468 1608 4540 γενόμενος,
1640 4470 1736 4524 καὶ⁵
1756 4471 1913 4542 περι-

2090 4463 2175 4518 12.
2218 4463 2374 4518 Tunc
2395 4478 2492 4519 rex
2530 4473 2800 4531 maestus,
2839 4472 2894 4520 et
2923 4479 3088 4534 supra
3137 4466 3360 4520 modum
3401 4466 3591 4522 dolore

342 4551 510 4617 λυπος
533 4554 868 4624 προσέταξεν
898 4557 1187 4627 ἐξαγαγεῖν
1213 4558 1423 4622 πάντας
1449 4558 1576 4622 τοὺς
1603 4558 1801 4628 σοφοὺς
1818 4561 1915 4629 τῆς

345 4640 710 4706 Βαϐυλώνίας.

417 4733 501 4790 13.
531 4736 642 4788 Καὶ
672 4735 1034 4808 ὲδογματίσθη
1058 4738 1266 4804 πάντας
1291 4739 1611 4793 ἀποκτεῖναι
1633 4755 1648 4768 θ
1676 4737 1914 4811 ὲζητήθη

344 4823 404 4878 δὲ
427 4827 455 4878 6
479 4827 678 4899 Δανιὴλ
698 4828 793 4881 καὶ
819 4828 1019 4894 πάντες
1052 4829 1102 4882 οἱ
1124 4831 1243 4901 μετ’
1273 4829 1440 4883 αὐτοῦ
1480 4830 1641 4900 χάριν
1661 4828 1755 4882 τοῦ
1790 4847 1917 4884 συν-

348 4915 658 4972 απολέσθαι.

419 5025 504 5080 Ἀ.
529 5026 666 5081 Τότε
684 5027 881 5100 Δανιὴλ
900 5024 1022 5082 εἷπε
1045 5027 1240 5099 βουλὴν
1265 5029 1360 5083 καὶ
1388 5027 1636 5100 γνώμην,
1661 5025 1731 5102 ἦν
1748 5025 1917 5100 εἶχεν,

359 5115 588 5191 ’Δριωχῇ
623 5120 704 5191 τῷ
724 5122 1105 5193 ἀρχιμαγείρῳ
1126 5122 1222 5177 τοῦ
1249 5123 1534 5194 βασιλέως,
1571 5117 1616 5191 ᾧ
1655 5124 1922 5194 προσέτα-

349 5207 434 5273 ξεν
462 5210 750 5282 ἐξαγαγεῖν
781 5215 907 5277 τοὺς
942 5214 1202 5284 σοφιστὰς
1235 5215 1334 5287 τῆς
1368 5215 1741 5280 Βαϐυλωνίας.
1780 5228 1785 5233 ·

416 5323 504 5378 15.
531 5325 643 5378 Καὶ⁸
689 5327 1018 5381 ἐπυνθάνετο
1046 5327 1210 5381 αὐτοῦ
1251 5327 1445 5396 λέγων,
1467 5332 1534 5397 )t(
1555 5329 1775 5399 Ἄρχων
1822 5327 1917 5381 τοῦ

350 5413 612 5483 βασιλέως
630 5419 672 5488 /
729 5419 857 5489 περὶ
899 5419 1044 5482 τινος
1081 5418 1466 5489 δογματίζεται
1505 5420 1720 5489 πικρῶς
1768 5417 1917 5489 παρὰ

347 5506 439 5561 τοῦ
469 5506 730 5577 βασιλέως
753 5525 768 5575 ;
797 5511 929 5564 Τότε
947 5511 1008 5565 τὸ
1035 5509 1367 5584 πρόσταγμα
1391 5511 1662 5582 ἐσήμανεν
1677 5512 1707 5564 6
1727 5509 1923 5580 Ἀριώ-

348 5613 447 5669 χης
471 5598 552 5669 τῷ
576 5601 795 5672 Δανιήλ.
861 5618 870 5624 ·

416 5711 505 5766 16.
547 5713 607 5770 ὐ
627 5712 682 5765 δὲ
725 5714 920 5785 Δανιὴλ
956 5712 1168 5785 εἰσῆλθε
1195 5713 1406 5786 ταχέως
1449 5713 1587 5785 πρὸς
1629 5713 1722 5768 τὸν
1757 5718 1916 5788 βασι-

2020 4552 2246 4610 aﬂectus
2296 4555 2570 4625 praecepit,
2624 4562 2686 4608 ut
2735 4554 3032 4610 educerent
3073 4569 3261 4612 omnes
3319 4556 3590 4625 sapientes

2021 4642 2357 4714 Babyloniae.
3022 4635 3026 4645 “

2097 4736 2176 4789 15.
2213 4733 2278 4788 Ει
2306 4735 2541 4790 edictum
2573 4734 2976 4806 promulgatum
3013 4743 3118 4804 est,
3169 4745 3226 4790 ut
3286 4751 3473 4793 omnes
3505 4734 3591 4792 in-

2022 4829 2427 4882 terlicerentur:
2466 4827 2727 4897 quaesitus
2753 4836 2837 4883 est
2868 4839 3049 4883 autem
3075 4829 3286 4897 Daniel,
3310 4839 3366 4886 et
3395 4845 3594 4887 omnes

2021 4922 2114 4990 qui
2144 4935 2266 4976 cum
2293 4933 2359 4974 eo
2387 4928 2564 4984 erant,
2595 4930 2653 4975 ut
2683 4921 2848 4976 simul
2881 4921 3143 4991 perirent.

2091 5035 2178 5092 M.
2219 5037 2373 5090 Tunc
2394 5034 2582 5090 Daniel
2620 5037 2757 5092 dixit
2803 5038 3120 5103 consilium,
3154 5045 3210 5092 et
3241 5040 3589 5105 sententiam,

2020 5142 2184 5196 quam
2207 5127 2458 5194 habebat,
2481 5127 2722 5183 Ariocho
2751 5128 2992 5199 principi.
3043 5129 3252 5184 militiae
3302 5129 3464 5200 regis,
3499 5131 3590 5188 cui

2021 5217 2391 5283 mandaverat,
2423 5226 2482 5271 ut
2511 5217 2768 5272 educeret
2796 5218 3070 5287 sophistas
3095 5217 3413 5291 Babylonis.

2094 5330 2182 5385 15.
2225 5330 2290 5385 Et
2321 5332 2700 5386 sciscitabatur
2722 5333 2790 5387 ab
2817 5347 2884 5388 eo
2907 5332 3116 5398 dicens,
3140 5332 3400 5404 Princeps
3423 5336 3590 5404 regis,

2023 5435 2190 5492 quare
2213 5421 2525 5476 decernitur
2567 5437 2758 5478 severe
2788 5439 2820 5478 ε
2854 5423 3024 5495 rege?
3073 5423 3230 5480 Tunc
3271 5423 3590 5481 mandatum

2023 5506 2282 5562 indicavit
2309 5509 2586 5564 Ariochus
2619 5507 2852 5565 Danieli.

2095 5709 2181 5765 16.
2219 5709 2410 5766 Daniel
2443 5719 2622 5766 autem
2668 5711 3076 5798 ingressus‘est
3123 5713 3375 5770 celeriter
3405 5718 3472 5771 ad
3505 5727 3596 5770 re-
