4122 6320
539 287 602 339 2'7
616 284 680 338 79

1615 281 2100 340 HEXAPLORL’M
2136 282 2300 348 QUAS
2343 284 2776 345 SUPERSUNT.

3654 289 3795 346 2780

537 414 680 467 gem,
709 407 759 450 et
792 397 1021 465 rogavit,
1056 404 1108 450 ut
1138 397 1360 452 daretur
1392 397 1496 453 sibi
1546 409 1756 470 tempus
1800 415 1828 452 a
1861 415 1984 469 rege
2012 414 2026 462 ;
2060 409 2101 452 et

2214 395 2329 462 λέα,
2364 400 2457 452 καὶ
2495 399 2746 471 ἠξίωσεν,
2807 402 2892 454 ἵνα
2925 400 3048 471 δοθῇ
3098 399 3244 470 αὖτῷ
3269 398 3457 470 χρόνος
3501 401 3651 473 παρὰ
3698 401 3796 457 τοῦ

537 489 847 545 ostenderet
867 489 1052 544 omnia
1084 504 1270 544 coram
1302 505 1449 561 rege.

606 582 695 635 l7.
739 580 894 636 Tunc
916 590 1191 636 revertens
1219 581 1407 636 Daniel
1442 583 1493 636 in
1517 582 1739 637 domum
1769 597 1946 645 suam,
1967 581 2116 637 Ana-

538 674 661 738 nite,
701 683 756 727 et
785 672 1015 740 lilisaeli,
1043 683 1098 729 et
1139 675 1350 730 Azariaa
1377 674 1651 731 consociis
1702 675 1977 729 enarravit
2003 692 2118 729 om-

539 766 652 818 nia.

611 857 694 910 l8.
740 855 806 911 Et
856 858 1051 913 indixit
1109 857 1419 926 jejunium,
1471 867 1525 913 et
1587 857 2022 930 deprecationem
2062 869 2116 915 et

536 997 882 1071 alIlictionem
917 1017 981 1071 ad
1016 1019 1366 1086 quaerendum
1410 1035 1437 1072 a
1475 1017 1710 1073 Domino
1746 1021 2019 1077 altissimo
2049 1023 2115 1077 de

537 1109 798 1180 mysterio
828 1110 949 1172 hoc,
979 1120 1035 1162 ut
1056 1125 1163 1162 non
1197 1111 1541 1165 traderentur
1561 1111 1764 1178 Daniel,
1799 1124 1850 1167 et
1871 1115 1961 1182 qui
1989 1131 2111 1170 cum

535 1215 620 1264 eo,
644 1201 695 1252 in
724 1200 1080 1272 perditionem
1110 1202 1274 1257 simul
1304 1218 1428 1258 cum
1471 1204 1731 1274 sophislis
1762 1205 2075 1275 Babylonis.

608 1377 697 1431 19.
740 1376 895 1433 Tunc
927 1378 1134 1433 Danieli
1192 1381 1246 1434 in
1281 1381 1489 1437 visione
1538 1383 1590 1437 in
1630 1383 1742 1454 ipsa
1779 1394 1937 1440 nocte
1994 1403 2112 1458 my-

535 1470 763 1523 sterium
820 1471 965 1539 regis
1006 1470 1333 1540 patefactum
1369 1485 1450 1528 est
1498 1475 1643 1530 clare
1685 1496 1698 1531 :
1757 1485 1887 1532 tunc
1922 1477 2111 1533 Daniel

534 1562 810 1616 benedixit
833 1563 1064 1618 Domino
1093 1565 1379 1631 altissimo,
1413 1577 1466 1621 et
1493 1569 1804 1624 exclamans
1833 1569 2000 1624 dixit:

601 1747 692 1800 20.
738 1747 820 1801 Sit
849 1764 1043 1802 nomen
1073 1748 1286 1804 Domini
1319 1749 1501 1820 magni
1532 1750 1874 1805 benedictum
1915 1752 1967 1806 in
1992 1768 2107 1808 δαὶ·
2137 1752 2182 1808 Β

533 1839 740 1903 culum,
776 1840 903 1908 quia
962 1841 1228 1910 sapientia
1271 1850 1325 1896 et
1374 1842 1774 1912 magniﬁcentia
1802 1843 1919 1912 ejus
1958 1854 2106 1900 sunt.

598 2023 689 2076 2i.
732 2023 796 2078 Et
825 2024 938 2093 ipse
962 2033 1136 2078 mutat
1166 2032 1408 2093 tempora
1432 2033 1485 2078 et
1509 2034 1716 2088 anates,
1779 2025 2110 2082 transferens

532 2131 706 2184 reges,
739 2125 790 2169 et
817 2117 1189 2170 constituens:
1219 2116 1356 2170 dans
1403 2117 1737 2185 sapientibus
1764 2118 2108 2188 sapientiam,

529 2216 582 2259 et
612 2197 1019 2275 intelligentiam
1054 2206 1160 2271 his,
1191 2207 1283 2276 qui
1318 2216 1447 2260 sunt
1471 2208 1525 2261 in
1553 2209 1800 2263 scientia.

600 2295 690 2350 22.
734 2297 999 2350 lievelans
1053 2295 1316 2364 profunda
1372 2304 1425 2350 et
1479 2297 1710 2350 obscura
1743 2337 1759 2362 ,
1805 2306 1857 2351 et
1904 2313 2107 2368 cegno-

531 2401 688 2440 sccns
709 2402 830 2454 qua:
857 2387 909 2439 in
937 2387 1200 2452 tenebris,
1250 2397 1305 2442 et
1338 2401 1458 2456 qua:
1498 2386 1554 2439 in
1582 2386 1789 2441 iumiue
1824 2404 1838 2452 ;
1881 2399 1932 2440 et
1967 2389 2106 2456 apud

531 2479 709 2547 ipsum
737 2487 820 2531 est
855 2477 1076 2531 solutio.

597 2567 689 2621 23.
709 2565 853 2632 Tibi,
885 2564 1111 2620 Domine
1129 2573 1342 2636 patrum
1370 2582 1638 2635 meorum,
1666 2568 1954 2633 conﬁteor,
1974 2577 2105 2626 acte

531 2659 714 2720 laudo,
739 2658 864 2726 quia
898 2657 1216 2725 sapientiam
1262 2664 1316 2711 et
1355 2657 2100 2727 prudentiam’dedistimihi:

528 2761 584 2805 et
612 2767 757 2805 nunc
785 2749 1074 2804 declarasti
1106 2749 1239 2802 mihi
1268 2763 1390 2818 qua:
1413 2749 1594 2819 rcgavi
1617 2792 1632 2817 ,
1670 2760 1730 2804 ut
1759 2751 2102 2808 ostenderem

528 2841 642 2913 regi
668 2849 874 2910 postea.

596 2932 689 2987 24.
729 2930 1012 3006 ingressus
1042 2938 1224 2985 autem
1255 2929 1442 2985 Daniel
1491 2929 1558 2984 ad
1597 2929 1819 2992 Arioch,
1856 2931 1946 3000 qui
1972 2946 2101 2986 con-

528 3022 752 3078 stitutus
795 3020 969 3074 fuerat
999 3036 1029 3075 a
1063 3035 1210 3090 rege,
1239 3029 1296 3074 ut
1323 3020 1644 3074 interﬁceret
1681 3033 1872 3074 omnes
1915 3019 2100 3087 sophi-

2219 487 2504 556 βασιλέως,
2531 493 2626 544 καὶ
2649 493 2861 563 δηλώσῃ
2892 494 3068 545 πάντα
3098 493 3189 545 ἐπὶ
3213 492 3305 544 τοῦ
3337 491 3617 560 βασιλέως.

2293 577 2375 631 l7.
2406 580 2539 632 Τότε
2569 581 2818 634 ἀπελθὼν
2847 581 3043 653 Δανιὴλ
3071 582 3148 644 είς
3177 581 3267 634 τὸν
3312 579 3458 634 οἷκον
3494 581 3682 646 αὐτοῦ,
3719 582 3798 651 τῷ

2230 667 2469 739 Ἀνανίᾳ,
2500 672 2593 724 καὶ
2619 673 2856 744 Μισαὴλ,
2887 675 2978 726 καὶ
3032 673 3259 744 Ἀζαρία
3303 677 3414 737 τοῖς
3457 673 3796 744 συνεταίροις

2218 760 2466 826 ὑπέδειξε
2491 765 2686 818 πάντα.

2288 853 2374 937 ίξ.
2422 855 2532 908 Καὶ
2586 859 2922 928 παρήγγειλε
2967 859 3216 929 νηστείαν
3266 860 3359 914 καὶ
3389 860 3574 932 δέη-σιν
3607 876 3667 916 -ε-
3700 861 3797 914 καὶ¹

2214 969 2487 1054 τιμωρίαν
2516 986 2827 1059 ζητῆσαι
2862 990 3014 1060 παρὰ
3049 988 3142 1041 τοῦ
3186 989 3390 1058 Κυρίου
3435 993 3530 1046 τοῦ
3562 992 3793 1060 ὑψίστου

2214 1076 2456 1146 περὶτοῦ
2482 1081 2782 1150 μυστηρίου
2812 1080 3002 1133 τούτου
3023 1118 3039 1144 ,
3084 1082 3232 1144 ὅπως
3276 1082 3348 1152 μὴ
3384 1083 3638 1136 ἐκδοθῶσι
3681 1089 3791 1138 Δα-

2212 1165 2330 1237 νιὴλ
2357 1167 2451 1219 καὶ
2481 1169 2529 1220 οἱ
2571 1173 2687 1238 μετ’
2711 1170 2880 1222 αὑτοῦ
2914 1173 2993 1232 εἰς
3019 1170 3294 1223 ἀπώλειαν
3333 1174 3447 1242 ἅμα
3485 1177 3595 1238 τοῖς
3633 1190 3785 1244 σοφι-

2214 1261 2365 1322 σταῖς
2394 1260 2731 1325 Βαϐυλῶνος.

2285 1351 2367 1406 l9.
2402 1354 2534 1405 Τότε
2560 1353 2637 1424 τῷ
2671 1355 2870 1426 Δανιὴλ
2914 1357 2970 1408 ἐν
2999 1356 3235 1428 ὁράματι
3269 1357 3324 1408 ἐν
3363 1357 3498 1426 αὐτῇ
3531 1360 3596 1427 τῇ
3636 1357 3797 1412 νυκτὶ⁵

2209 1441 2271 1494 τὸ
2309 1446 2608 1514 μυστήριον
2631 1445 2726 1498 τοῦ
2764 1446 3030 1516 βασιλέως
3062 1446 3329 1517 ἐξεφάνθη
3365 1448 3636 1518 εὐσήμωςο
3668 1450 3803 1508 τότε¹

2209 1534 2414 1604 Δανιὴλ
2437 1535 2729 1609 εὐλόγησεν
2762 1538 2850 1591 τὸν
2873 1537 3078 1609 Κύριον
3100 1540 3190 1591 τὸν
3226 1539 3469 1606 ὕψιστον,
3501 1540 3594 1593 καὶ
3619 1541 3799 1609 ἐκφω-

2211 1625 2379 1694 νήσας
2407 1622 2563 1680 εἶπεν
2589 1644 2603 1657 ·

2279 1717 2368 1770 20.
2407 1719 2590 1772 Ἔστω
2612 1720 2672 1772 τὸ
2697 1720 2868 1790 ὄνομα
2892 1721 2986 1774 τοῦ
3009 1721 3214 1792 Κυρίου
3244 1720 3339 1774 τοῦ
3368 1719 3606 1791 μεγάλου
3634 1723 3795 1776 εὐλο-

2213 1808 2450 1879 γημένον
2484 1811 2564 1872 είς
2596 1812 2688 1864 τὸν
2727 1811 2918 1880 αἰῶνα,
2953 1814 3034 1866 ὅτι
3072 1817 3105 1883 ή
3157 1813 3317 1882 σοφία
3348 1814 3440 1866 καὶ
3469 1815 3501 1885 ή
3539 1815 3796 1884 μεγαλωο

2215 1898 2347 1969 σύνη
2386 1901 2550 1954 αὐτοῦ
2595 1902 2734 1956 ἐστι.

2280 1991 2370 2044 2|.
2409 1993 2519 2045 Καὶ
2547 1993 2708 2056 αὐτὸς
2743 1993 2948 2048 ἀλλοιοῖ
2997 1996 3223 2066 καιροὺς
3257 1997 3352 2050 καὶ
3392 1997 3650 2067 χρόνους,
3686 2014 3795 2067 με-

2213 2080 2408 2134 θιστῶν
2437 2082 2694 2152 βασιλεῖς,
2726 2087 2822 2139 καὶ
2847 2086 3137 2152 καθιστῶν,
3167 2087 3338 2151 διδοὺς
3367 2091 3549 2158 σοφοῖς
3571 2090 3793 2158 σοφίαν,

2213 2173 2306 2226 καὶ
2328 2173 2543 2227 σύνεσιν
2575 2179 2686 2239 τοῖς
2717 2178 2774 2240 ἐν
2801 2179 3078 2249 ἐπιστήμῃ
3113 2174 3282 2233 οὖσιν.

2280 2263 2368 2315 22.
2411 2266 2832 2322 Ἀνακαλύπτων
2859 2269 2929 2321 τὰ
2964 2268 3133 2339 βαθέα
3163 2271 3256 2323 καὶ
3281 2271 3547 2334 σκοτεινὰ,
3573 2272 3666 2324 καὶ
3699 2288 3797 2339 γι-

2210 2348 2438 2410 νώσκων
2458 2358 2528 2412 τὰ
2561 2360 2620 2411 ἐν
2650 2359 2729 2430 τῷ
2768 2361 2978 2428 σκότει,
3022 2363 3114 2415 καὶ
3142 2363 3210 2416 τὰ
3253 2363 3310 2415 ἐν
3354 2362 3429 2434 τῷ
3475 2365 3642 2431 φωτὶ,
3693 2367 3796 2417 καὶ

2210 2448 2340 2517 παρ’
2373 2448 2521 2519 αὐτῷ
2560 2451 2872 2515 κατάλυσις.

2277 2540 2368 2594 23.
2405 2541 2517 2604 Σοὶ,
2558 2543 2730 2612 Κύριε
2758 2544 2866 2597 τῶν
2894 2545 3147 2617 πατέρων
3185 2565 3304 2618 μου,
3339 2549 3790 2620 ἐξομολογοῦμαι,

2209 2632 2304 2685 καὶ
2326 2633 2479 2696 αἰνῶ,
2506 2634 2588 2687 ὄτι
2625 2635 2815 2704 σοφίαν
2851 2637 2944 2690 καὶ
2991 2639 3252 2709 φρόνησιν
3296 2641 3500 2706 ἔδωκάς
3545 2661 3654 2714 μοι,
3690 2645 3794 2696 καὶ

2207 2722 2302 2776 νῦν
2333 2722 2614 2794 ἐσήμᾳνάς
2648 2743 2738 2796 μοι
2767 2727 2866 2780 ὅσα
2899 2729 3124 2798 ἠξίωσα,
3148 2731 3242 2785 τοῦ
3276 2733 3511 2804 δηλῶσαι
3533 2735 3609 2806 τῷ
3634 2735 3794 2805 βασι-

2205 2815 2289 2868 λεῖ
2310 2816 2448 2888 πρὸς
2479 2815 2672 2872 ταῦτα.

2273 2905 2363 2962 24.
2402 2907 2670 2962 Εἰσελθὼν
2698 2909 2753 2963 δὲ
2792 2911 2988 2984 Δανιὴλ
3024 2915 3160 2985 πρὸς
3191 2915 3281 2968 τὸν
3343 2917 3541 2988 Ἀριὼχ
3570 2919 3659 2973 τὸν
3682 2937 3792 2973 κα·

2203 2999 2539 3055 τασταθέντα
2565 3000 2670 3054 ὑπὸ
2685 3003 2776 3054 τοῦ
2802 3003 3066 3072 βασιλέως
3083 3007 3403 3062 ἀποκτεῖναι
3426 3011 3633 3075 πάντας
3655 3017 3790 3077 τοὺς

523 3121 637 3167 stas
670 3109 983 3181 Babylonis,
1008 3089 1146 3163 dixit
1177 3108 1226 3163 ei
1258 3124 1274 3161 :
1307 3108 1598 3178 Sophistas
1629 3108 1845 3177 quidem
1871 3107 2101 3179 Babylo-

2207 3091 2464 3158 σοφιστὰς
2493 3093 2592 3162 τῆς
2622 3093 2988 3160 Βαϐυλωνίας,
3023 3092 3174 3150 εἶπεν
3197 3099 3366 3170 αὐτῷ,
3384 3102 3523 3165 Τοὺς
3553 3103 3650 3173 μὲν
3687 3122 3785 3157 σο-

524 3203 610 3258 nis
635 3219 705 3257 ne
734 3203 931 3272 perdas
963 3219 978 3254 :
1005 3201 1098 3256 sed
1124 3201 1381 3256 introduc
1411 3217 1497 3255 me
1528 3200 1595 3255 ad
1623 3216 1829 3270 regem,
1882 3209 1937 3254 et
1986 3201 2100 3254 sin-

521 3293 644 3362 gula
669 3293 778 3362 regi
811 3292 1073 3361 aperiam.

590 3380 680 3436 25.
745 3383 900 3436 Tunc
950 3381 1151 3436 Arioch
1205 3396 1328 3436 cum
1396 3381 1744 3436 festinatione
1797 3381 2100 3437 introduxit

520 3472 798 3528 Danielem
829 3473 895 3527 ad
926 3489 1129 3543 regem,
1158 3481 1213 3528 et
1267 3475 1405 3528 dixit
1455 3475 1501 3528 ei
1530 3491 1543 3526 :
1606 3475 1789 3528 Inveni
1823 3476 2096 3530 hominem

521 3566 819 3633 sapientein
857 3563 923 3617 de
957 3565 1269 3631 captivitate
1312 3566 1550 3618 ﬁliorum
1607 3564 1826 3632 Iudaeae,
1854 3567 1946 3636 qui
1989 3566 2097 3635 regi

521 3654 726 3722 aperiet
758 3653 990 3717 singula.

591 3742 680 3794 26.
724 3739 1079 3809 Respondens
1109 3750 1286 3796 autem
1314 3758 1406 3796 rex
1432 3742 1564 3798 dixit
1601 3745 1828 3812 Danieli,
1850 3747 1942 3817 qui
1969 3763 2096 3818 cog-

523 3832 907 3884 nominabatur
947 3830 1238 3886 Chaldaice
1279 3832 1529 3888 Baltasar
1569 3851 1581 3888 :
1617 3835 1830 3891 Poteris
1857 3837 2096 3895 indicare

519 3923 652 3974 mihi
716 3922 1014 3988 visionem,
1068 3938 1233 3992 quam
1281 3924 1422 3988 vidi,
1482 3933 1536 3979 et
1592 3925 2092 3996 interpretationem

518 4014 670 4083 ejus?

583 4105 676 4158 27.
718 4104 1044 4160 Exclamans
1088 4115 1269 4161 autem
1324 4107 1511 4162 Daniel
1559 4124 1744 4162 coram
1799 4125 1923 4179 rege
1973 4111 2086 4166 ait:

518 4195 778 4268 Mysterii,
814 4198 959 4266 quod
984 4199 1114 4252 vidit
1147 4215 1261 4266 rex,
1291 4215 1398 4254 non
1427 4209 1510 4255 est
1543 4204 1871 4271 sapientum,
1901 4211 1953 4256 et
1972 4219 2088 4256 ma-

518 4286 817 4353 leticorum,
845 4297 899 4342 et
927 4289 1347 4356 incantatorum,
1403 4301 1457 4346 et
1499 4307 1891 4361 gazarenorum
1916 4294 2089 4362 expli-

515 4377 680 4430 catio.

582 4471 676 4524 28.
719 4469 821 4526 Sed
849 4481 931 4527 est
958 4472 1101 4529 Deus
1139 4476 1191 4528 in
1219 4476 1360 4530 coelo
1389 4475 1635 4530 revelans
1671 4478 1948 4546 mysteria,
1991 4477 2083 4546 qui

515 4564 839 4635 signiﬁcavit
893 4567 1001 4633 regi
1031 4565 1536 4622 Nabuchodonosor
1574 4585 1696 4638 qua:
1734 4572 2082 4639 oportetlieri

512 4657 568 4708 in
600 4655 912 4709 novissimis
942 4655 1153 4708 diebus.

575 4747 668 4802 29.
710 4747 773 4801 Et
810 4748 902 4814 qui
949 4748 1153 4802 revelat
1205 4749 1462 4819 mysteria
1488 4789 1502 4813 ,
1545 4750 1782 4804 ostendit
1823 4751 1917 4805 tibi
1962 4765 2084 4821 qua:

509 4848 724 4909 oportet
751 4841 886 4893 ﬁeri.

578 4935 668 4988 δυ.
710 4932 838 4985 Mihi
873 4947 1001 4986 vero
1057 4947 1164 4985 non
1203 4940 1425 5002 prOpter
1480 4932 1820 5002 sapientiam.
1852 4949 1974 5003 quae
2012 4935 2082 4988 sit

511 5025 564 5079 in
596 5041 684 5081 me
721 5040 887 5092 super
925 5039 1120 5079 omnes
1146 5024 1414 5088 homines,
1450 5025 1766 5094 mysterium
1801 5025 1904 5078 hoc
1932 5039 2083 5093 aper-

508 5129 624 5174 tum
655 5126 759 5183 est,
791 5117 885 5173 sed
915 5118 1268 5187 explanatum
1297 5124 1381 5170 est
1422 5117 1580 5179 mihi,
1620 5125 1678 5169 ut
1720 5125 1848 5169 nota
1890 5116 2082 5172 ﬁerent

511 5213 642 5279 regi,
677 5225 798 5279 qtue
831 5209 1124 5279 concepisti
1153 5208 1341 5263 animo
1375 5215 1469 5263 tuo
1497 5209 1551 5262 in
1576 5207 1904 5279 cognitione.

572 5388 664 5444 3!.
706 5391 772 5446 Et
806 5401 886 5456 tu,
917 5409 1033 5460 rex,
1064 5392 1270 5456 vidisti,
1295 5401 1350 5447 et
1375 5407 1500 5449 ecce
1524 5393 1702 5464 imago
1732 5409 1862 5458 una,
1883 5404 1937 5450 et
1961 5404 2079 5452 erat

510 5483 685 5551 imago
719 5485 806 5537 illa
835 5500 1026 5553 magna
1057 5486 1239 5548 nimis,
1267 5494 1321 5540 et
1346 5495 1598 5555 aspectus
1621 5487 1796 5557 ipsius
1825 5489 2077 5546 sublimis

510 5569 686 5622 stabat
717 5582 906 5626 contra
933 5580 1005 5636 te,
1035 5583 1090 5628 et
1115 5573 1255 5630 visio
1285 5575 1536 5646 imaginis
1568 5580 1850 5636 terribilis.

2206 3183 2402 3248 φιστὰς
2419 3182 2522 3252 τῆς
2551 3184 2897 3250 Βαϐυλωνίας
2924 3189 2996 3260 μὴ
3019 3190 3310 3264 ἀπολέσῃς,
3341 3195 3597 3265 είσάγαγε
3628 3198 3684 3250 δέ
3711 3217 3786 3269 με

2205 3273 2341 3344 πρὸς
2367 3274 2457 3328 τὸν
2487 3274 2733 3344 βασιλέα,
2779 3279 2872 3330 καὶ
2910 3280 3116 3333 ἕκαστα
3155 3283 3232 3353 τῷ
3263 3284 3474 3353 βασιλεῖ
3496 3287 3738 3358 δηλώσω.

2270 3361 2362 3420 25.
2386 3366 2521 3420 Τότε
2561 3369 2761 3440 Ἀριὼχ
2789 3373 2931 3426 κατὰ
2963 3374 3200 3445 σπουδὴν
3239 3378 3503 3447 εἰσήγαγε
3538 3382 3630 3433 τὸν
3667 3383 3776 3434 Δα⁸

2203 3457 2320 3526 νιὴλ
2351 3458 2486 3528 πρὸς
2529 3459 2620 3511 τὸν
2653 3459 2898 3529 βασιλέα,
2927 3465 3019 3515 καὶ
3048 3460 3199 3517 εἶπεν
3223 3467 3394 3537 αὐτῷ,
3440 3470 3520 3522 ὄτι
3552 3469 3780 3541 Εὖρηκα.

2201 3548 2483 3618 ἄνθρωπον
2514 3551 2676 3618 σοφὸν
2732 3552 2796 3604 ἐκ
2837 3553 2934 3621 τῆς
2965 3556 3339 3624 αἰχμαλωσίας
3376 3559 3481 3612 τῶν
3509 3561 3639 3613 υἱῶν
3677 3564 3780 3632 τῆς

2213 3639 2489 3702 Ἰουδαίας,
2515 3639 2573 3702 ὃς
2605 3639 2682 3707 τῷ
2713 3641 2919 3711 βασι)ιεί
2939 3643 3165 3713 δηλώσει
3196 3647 3418 3701 ἕκαστα.

2267 3730 2357 3784 26.
2405 3733 2751 3805 Ἀποκριθεὶς
2801 3735 2856 3787 δὲ
2909 3737 2936 3787 ὁ
2987 3735 3238 3806 βασιλεὺς
3266 3735 3386 3790 εἷπε
3431 3739 3510 3808 τῷ
3554 3741 3770 3812 Δανιὴλ,

2199 3824 2614 3896 ἐπικαλουμένῳ
2640 3826 2696 3878 δέ
2727 3827 3024 3880 Χαλδαῖστὶ
3066 3829 3380 3900 Βαλτάσαρ’
3424 3833 3638 3903 Δυνήσῃ
3681 3834 3776 3904 δη-

2199 3915 2370 3968 λῶσαί
2397 3932 2489 3986 μοι
2522 3917 2585 3969 τὸ
2614 3918 2795 3989 ὅραμα
2824 3918 2852 3970 ὃ
2875 3914 3034 3985 εἶδον,
3065 3921 3156 3972 καὶ
3184 3920 3280 3992 τήν
3309 3921 3499 3975 τούτου
3548 3923 3773 3997 σύγκρι-

2201 4025 2286 4060 σιν
2306 4023 2320 4072 ;

2269 4105 2359 4158 27.
2406 4105 2758 4176 Ἐκφωνήσας
2793 4103 2850 4157 δὲ
2893 4105 2921 4157 ὁ
2969 4104 3163 4176 Δανιὴλ
3215 4105 3307 4158 ἐπὶ
3344 4107 3438 4160 τοῦ
3481 4109 3766 4178 βασιλέως,

2196 4192 2318 4248 εἶπε
2337 4214 2350 4229 ο
2380 4197 2452 4249 Τὸ
2489 4199 2782 4269 μυστήριον
2817 4198 2845 4250 ὂ
2871 4197 3113 4269 ἑώρακεν
3154 4200 3181 4251 ὁ
3210 4200 3482 4269 βασιλεὺς,
3526 4205 3625 4257 οὐκ
3652 4205 3766 4257 ἐστι

2197 4287 2376 4356 σοφῶν
2399 4288 2493 4341 καὶ
2525 4287 2853 4359 φαρμακῶν,
2882 4289 2976 4341 καὶ
3003 4290 3282 4355 ἐπαοιδῶν,
3321 4293 3412 4344 καὶ
3442 4291 3766 4364 γαζαρηνῷν

2119 4423 2165 4478 D
2195 4378 2227 4449 ἡ
2253 4378 2502 4449 δήλωσις.

2259 4469 2349 4524 28.
2396 4469 2534 4522 Ἀλλ’
2567 4469 2682 4522 ἐστι
2713 4470 2844 4534 Θεὸς
2876 4473 2933 4524 ὲν
2969 4473 3197 4550 οὐρανῷ.
3232 4474 3620 4528 ἀνακαλύπτων
3657 4493 3760 4546 μυ-

2192 4565 2410 4634 στήρια,
2452 4562 2510 4623 ὃς
2539 4561 2771 4630 ἐδήλωσε
2822 4562 2898 4632 τῷ
2935 4562 3145 4632 βασιλεῖ
3194 4565 3682 4638 Ναϐουχοδονόσορ,
3725 4567 3762 4622 ἃ

2185 4654 2266 4706 δεῖ
2296 4651 2548 4720 γενέσθαι
2582 4653 2671 4704 ἐπ’
2699 4653 2940 4721 ἐσχάτων
2980 4654 3089 4706 τῶν
3120 4655 3361 4726 ἡμερῶν.

2253 4745 2340 4798 29.
2377 4745 2485 4798 Καὶ
2511 4745 2906 4798 ἀνακαλύπτων
2937 4749 3212 4818 μυστήρια
3244 4747 3480 4819 ἐδήλωσέ
3515 4767 3594 4804 σοι
3626 4750 3760 4806 ἂδεῖ

2183 4837 2456 4905 γενέσθαι.
2938 4863 2942 4865 ·

2255 4929 2342 4982 50.
2380 4930 2562 5000 Κᾲμο“ι
2596 4929 2652 4982 δὲ
2699 4928 2757 4981 οὐ
2807 4929 2957 5000 παρὰ
2996 4931 3094 5001 τήν
3129 4932 3341 5001 σοφίαν,
3377 4934 3472 5004 τὴν
3503 4929 3665 4987 οὖσαν
3696 4937 3752 4989 ἐν

2181 5022 2306 5090 ἐμοὶ
2347 5022 2486 5092 ὑπὲρ
2536 5021 2745 5085 πάντας
2795 5025 2922 5085 τοὺς
2973 5023 3314 5095 ἀνθρώπους,
3347 5026 3409 5078 τὸ
3460 5010 3752 5099 μυστήρβν

2180 5112 2338 5166 τοῦτο
2372 5111 2661 5183 ἐξεφάνθη,
2693 5113 2807 5166 ἀλλ’
2837 5115 3021 5168 ἕνεκεν
3045 5116 3136 5169 τοῦ
3163 5117 3468 5188 δηλωθῆναι
3499 5120 3574 5191 τῷ
3603 5122 3755 5191 βασι-

2180 5205 2264 5258 λεῖ
2284 5204 2563 5277 ἐσημάνθη
2599 5223 2709 5274 μοι,
2736 5206 2773 5260 ἃ.
2810 5207 3079 5271 ὑπέλαϐες
3105 5211 3169 5279 τῇ
3205 5210 3403 5282 καρδίᾳ
3425 5229 3518 5266 σου
3539 5214 3596 5265 ἐν
3616 5215 3756 5283 γνὼ-

2183 5317 2285 5354 σει.

2250 5395 2339 5450 51.
2366 5393 2476 5447 Καὶ
2493 5393 2577 5458 σὺ,
2611 5392 2852 5463 βασιλεῦ,
2883 5392 3153 5464 ἑώρακας,
3181 5397 3276 5449 καὶ
3306 5397 3415 5451 ἰδοὺ
3441 5398 3606 5452 εἰκὼν
3630 5400 3753 5468 μία,

2181 5487 2274 5540 καὶ
2307 5483 2375 5557 ἦν
2403 5489 2435 5557 ή
2461 5484 2625 5539 εἰκὼν
2647 5484 2825 5555 ἐκείνη
2854 5485 3068 5555 μεγάλη
3117 5487 3342 5558 σφόδρα,
3381 5490 3475 5542 καὶ
3507 5492 3540 5561 ή
3590 5492 3758 5561 πρόσ-

2179 5579 2299 5646 οψις
2332 5576 2502 5647 αὐτῆς
2527 5576 2843 5647 ὑπερφερὴς
2879 5577 3103 5647 ἑστήκει
3135 5579 3376 5634 ἐναντίον
3427 5598 3544 5647 σου,
3589 5584 3685 5637 καὶ
3716 5585 3751 5641 ὴ

2183 5667 2439 5740 πρόσοψις
2471 5668 2569 5737 τῆς
2605 5667 2806 5730 εἰκόνος
2842 5667 3066 5736 φοϐερά.
