4122 6320
554 374 693 429 2785

1595 376 2065 436 HEXAPLORUM
2102 374 2269 444 ρυάι
2310 379 2390 437 Sli
2403 377 2742 434 PERSUNT.

3660 379 3797 435 ΠΜ

551 492 726 555 humi,
770 490 1016 545 adoravit
1055 489 1350 558 Danielctn,
1377 503 1426 547 et
1457 493 1729 561 praecepit,
1758 503 1816 544 ut
1858 494 2101 546 sacritlci:

2228 491 2516 561 πρόσωπον
2553 492 2746 562 χαμαὶ,
2785 491 3155 562 προσεκύνησε
3201 491 3278 561 τῷ
3323 491 3542 562 Δανιὴλ,
3580 493 3675 544 καὶ
3713 493 3801 545 ἑπ-

547 594 600 638 et
634 584 891 638 libamina
926 582 1165 639 facerent
1203 585 1274 640 ei.

618 675 706 727 47.
742 674 806 729 Ει
833 675 1145 730 exclamans
1175 690 1266 729 rex
1321 674 1387 728 ad
1445 674 1719 729 Danielem
1767 675 1943 729 dixit:
1983 673 2118 729 Vere

544 765 790 821 cstDeus
829 774 1006 822 vester
1055 766 1196 821 Deus
1229 767 1478 830 deorum,
1507 775 1561 820 et
1602 767 1860 821 Dominus
1905 782 2114 837 regum,

543 857 636 925 qui
679 855 936 926 patefacit
985 857 1240 926 mysteria
1297 856 1616 911 abscondita
1658 858 1830 921 solus,
1869 859 1994 926 quia
2023 873 2114 927 po-

545 951 695 1004 luisti
727 948 1078 1003 manifestare
1099 947 1417 1018 mysterium
1460 949 1583 1002 hoc.

611 1041 700 1095 48.
747 1038 899 1094 Tunc
924 1055 1017 1093 rex
1047 1037 1550 1094 Nabuchodonosor
1572 1038 1848 1094 Danielem
1869 1039 2116 1108 magnifi-

539 1146 688 1194 cans,
709 1141 763 1186 et
788 1132 925 1186 dans
949 1130 1088 1185 dona
1115 1145 1308 1200 magna
1349 1141 1402 1186 et
1431 1132 1623 1195 multa,
1641 1131 1924 1185 constituit
1950 1145 2116 1201 super

541 1219 757 1287 negotia
798 1218 1108 1288 Babylonis,
1133 1227 1190 1272 et
1215 1219 1507 1273 declaravit
1562 1234 1686 1272 eum
1720 1219 2020 1288 principem
2062 1229 2115 1273 et

539 1311 730 1365 ducem
765 1312 1010 1365 omnium
1046 1311 1414 1381 sophistarum
1453 1310 1758 1380 Babylonis.

606 1490 696 1546 69.
730 1491 794 1546 Et
825 1489 1010 1548 Daniel
1065 1491 1274 1560 rogavit
1322 1507 1526 1561 regem,
1569 1492 2112 1546 utconstitucrentur

538 1597 704 1652 super
756 1584 970 1654 negotia
1029 1583 1319 1655 Babylonis
1360 1582 1624 1647 Sedrach,
1677 1584 1900 1646 Misach,
1942 1583 2113 1639 Abde-

540 1687 679 1743 nago
710 1691 723 1727 :
753 1683 805 1727 ct
840 1673 1022 1727 Daniel
1064 1685 1179 1729 erat
1211 1675 1262 1727 iu
1301 1675 1444 1744 regia
1470 1677 1612 1730 aula.

1133 1904 1358 1960 CAPUT
1401 1906 1492 1960 Ill.

607 2023 658 2078 l.
697 2022 854 2076 Anno
892 2019 1263 2076 decimoctavo
1317 2020 1822 2078 Nabuchodonosor
1873 2038 1962 2080 rex
2005 2039 2105 2094 gu-

537 2113 774 2168 bernans
821 2112 1100 2175 civitates,
1161 2120 1216 2165 et
1280 2112 1551 2182 regiones,
1613 2123 1665 2168 et
1723 2128 1914 2170 omnes
1954 2113 2105 2169 babi-

537 2215 715 2260 tantes
745 2220 906 2273 super
929 2213 1128 2258 terram
1158 2203 1225 2258 ab
1259 2202 1436 2258 Indica
1475 2220 1646 2274 usque
1680 2205 1746 2258 ad
1770 2205 2104 2276 Ethiopiam

536 2297 662 2352 fecit
696 2296 987 2366 imaginem
1043 2311 1263 2351 auream
1302 2316 1314 2350 :
1359 2297 1587 2354 altitudo
1632 2298 1750 2366 ejus
1797 2298 2106 2353 cubitorum

536 2403 630 2444 sex
669 2407 681 2442 :
723 2397 771 2442 et
811 2389 996 2443 statuit
1036 2404 1154 2446 eam
1187 2390 1239 2442 in
1270 2403 1462 2456 campo
1494 2389 1682 2442 vivarii
1742 2390 1977 2458 regionis
2007 2389 2109 2444 Ba-

538 2478 771 2548 bylonis.

606 2618 661 2671 2.
691 2616 756 2670 Et
809 2616 1309 2676 Nabuchodonosor
1357 2637 1448 2675 rex
1504 2638 1690 2690 regum
1738 2631 1790 2676 ct
1832 2624 2104 2694 imperans

538 2708 658 2763 orbi
697 2717 965 2762 terrarum
998 2711 1120 2773 toti,
1149 2712 1297 2766 misit
1325 2712 1391 2766 ad
1420 2714 1854 2784 congregandum
1889 2716 2104 2769 univer-

538 2818 628 2857 sas
662 2811 875 2872 gentes,
915 2811 969 2858 et
1010 2802 1202 2866 tribus,
1243 2815 1296 2860 et
1335 2805 1568 2875 linguas,
1610 2814 1875 2875 satrapas,
1915 2807 2102 2874 duces,

538 2894 847 2964 toparchas,
906 2904 959 2949 et
1027 2897 1300 2960 consules,
1337 2896 1640 2966 praefectos,
1671 2906 1722 2950 et
1751 2913 1865 2962 eos,
1917 2899 2008 2968 qui
2051 2900 2101 2952 in

536 2987 893 3055 potestatibus
943 2989 1225 3044 constituti
1257 3004 1350 3058 per
1382 2989 1674 3058 regionem,
1706 2999 1758 3044 ct
1797 2992 2101 3055 universos,

532 3077 626 3146 qui
655 3086 807 3132 erant
836 3092 928 3146 per
957 3079 1142 3132 orbem
1172 3087 1459 3143 terrarum,
1492 3086 1550 3132 ut
1582 3079 1824 3134 venirent
1856 3081 1922 3133 ad
1951 3081 2105 3135 dedi-

2223 581 2376 646 έταξε
2403 581 2594 644 θυσίας
2621 582 2712 634 καὶ
2737 581 2966 645 σπονδὰς
2992 583 3214 652 ποιῆσαι
3245 581 3416 651 αὐτῷ.

2291 673 2379 725 47.
2417 673 2528 725 Kal
2562 673 2881 746 ὲκφωνήσας
2917 676 2944 726 6
2975 673 3225 742 βασιλεὺς
3273 673 3407 740 πρὸς
3462 673 3554 726 τὸν
3597 674 3791 744 Δανιὴλ

2219 759 2370 815 εἶπεν
2391 782 2403 795 ο
2435 763 2552 816 Ἐπ’
2566 763 2755 834 ἀληθεῖ
2775 765 2921 819 ἐστὶν
2951 766 2978 816 ὁ
3001 764 3130 828 Θεὸς
3155 765 3308 835 ὑμῶν
3337 764 3466 827 Θεὸς
3490 766 3600 818 τῶν
3633 766 3791 831 θεῶν,

2220 854 2311 906 καὶ
2341 854 2544 924 Κύριος
2573 854 2679 907 τῶν
2710 854 2991 924 βασιλέων,
3022 857 3050 908 6
3072 855 3348 924 ὲκφαίνων
3372 858 3646 927 μυστήρια
3668 875 3800 929 κρυ-

2220 944 2329 998 πτὰ
2347 947 2526 1016 μόνος,
2549 947 2631 1000 ὅτι
2652 945 2948 1016 ἐδυνάσθης
2964 944 3204 1016 δηλῶσαι
3224 946 3283 998 τὸ
3307 948 3602 1020 μυστήριον
3619 950 3796 1003 τοῦτο.

2288 1036 2377 1090 48.
2407 1037 2541 1090 Τότε
2569 1039 2597 1091 ὀ
2623 1036 2876 1106 βασιλεὺς
2909 1053 2965 1092 σε-
3003 1037 3468 1110 Ναϐουχοδονόσορ
3500 1041 3553 1108 /.
3599 1042 3797 1113 Δανιὴλ

2220 1128 2548 1197 μεγαλύνας,
2587 1130 2679 1183 καὶ
2711 1130 2836 1194 δοὺς
2875 1129 3082 1202 δωρεάς
3135 1130 3377 1198 μεγάλας
3425 1132 3519 1184 καί
3549 1133 3747 1196 πολλὰς
3776 1173 3793 1200 ν

2218 1222 2552 1290 κατέστησεν
2599 1223 2690 1274 ὲπί
2728 1221 2836 1275 τῶν
2889 1221 3233 1292 πραγμάτων
3260 1223 3356 1291 τῆς
3404 1223 3750 1288 Βαϐυλωνίας
3778 1269 3792 1290 ,

2216 1313 2307 1364 καὶ
2335 1313 2617 1378 ἀπέδειξεν
2646 1313 2808 1366 αὐτὸν
2837 1314 3074 1383 ἄρχοντα
3107 1314 3202 1366 καὶ
3244 1313 3544 1384 ἡγούμενον
3578 1317 3797 1369 πάντων

2213 1402 2322 1455 τῶν
2358 1404 2626 1470 σοφιστῶν
2659 1404 3021 1467 Βαϐυλωνίας.

2285 1494 2370 1547 49.
2407 1495 2517 1547 Kal
2546 1495 2741 1566 Δανιὴλ
2775 1495 2972 1565 ἠξίωσε
3003 1497 3094 1550 τὸν
3125 1496 3372 1566 βασιλέα,
3410 1499 3496 1551 ἵνα
3528 1516 3795 1551 ttat-stata-

2213 1585 2378 1641 θῶσιν
2409 1589 2501 1640 ἐπὶ
2532 1588 2640 1641 τῶν
2671 1589 3016 1659 πραγμάτων
3047 1589 3144 1659 τῆς
3176 1589 3519 1652 Βαϐυλωνίας
3561 1591 3789 1661 Σεδράχ,

2212 1677 2428 1748 Μισάχ,
2474 1679 2811 1749 Ἀϐδεναγὼο
2855 1681 2947 1735 καὶ
2985 1681 3182 1750 Δανιὴλ
3214 1677 3280 1751 ἦν
3332 1682 3388 1733 ἐν
3421 1684 3484 1751 τῇ
3538 1681 3788 1754 βασιλικῇ

2140 1823 2180 1876 Β
2214 1769 2372 1840 αὐλῇ.

2751 1914 3138 1967 ΚΕΦΑΛΑΙΟΝ
3179 1915 3247 1968 Γ.

2287 2023 2336 2076 1.
2393 2038 2453 2079 -ι-
2499 2025 2688 2088 Ἐτους
2729 2026 3195 2081 ὀκτωκαιδεκάτου
3231 2031 3289 2099 /.
3323 2028 3790 2102 Ναϐουχοδονόσορ

2216 2111 2464 2182 βασιλεὺς
2577 2116 2792 2170 διοικῶν
2819 2118 2997 2180 πόλεις
3024 2133 3085 2174 οι-
3116 2121 3210 2173 καὶ
3237 2120 3441 2190 χώρας,
3467 2121 3560 2174 καὶ
3583 2121 3789 2184 πάντας

2213 2246 2337 2308 τοὺς
2376 2229 2760 2310 κατοικοῦντας
2780 2248 2872 2300 ἐπὶ
2899 2250 2997 2319 τῆς
3028 2253 3132 2320 γῆς
3159 2250 3265 2304 ἀπὸ
3306 2251 3534 2319 Ἰνδικῆς
3567 2251 3671 2315 ἓως
3691 2255 3788 2304 Al-

2216 2334 2432 2400 θιοπίας
2467 2338 2524 2408 /.
2557 2339 2814 2408 ἐποίησεν
2863 2339 3047 2392 εἰκόνα
3082 2341 3290 2410 χρυσῆν
3316 2357 3329 2369 ·
3363 2343 3424 2393 τὸ
3454 2340 3584 2410 ὕψος
3617 2341 3786 2409 αὐτῆς

2216 2428 2406 2498 πηχῶν
2432 2428 2490 2494 ἒξ
2511 2443 2525 2458 ⁶
2551 2430 2644 2482 καὶ
2673 2430 2900 2500 ἔστησεν
2930 2430 3098 2502 αὐτὴν
3142 2433 3199 2484 ἐν
3234 2432 3404 2501 πεδίῳ
3438 2432 3530 2486 τοῦ
3568 2434 3786 2503 περιϐό-

2214 2519 2304 2572 λου
2330 2519 2512 2592 χώρας
2543 2520 2906 2585 Βαϐυλωνίας.

2283 2611 2336 2664 2.
2369 2611 2478 2664 Kal
2519 2612 2988 2685 Ναϐουχοδονόσορ
3041 2613 3290 2684 βασιλεὺς
3334 2630 3390 2670 -ιμ
3430 2614 3692 2683 βασιλέων
3721 2631 3776 2670 -1-

2213 2702 2306 2755 καὶ
2335 2701 2603 2772 κυριεύων
2639 2703 2738 2772 τῆς
2767 2704 3088 2774 οἰκουμένης
3125 2720 3184 2759 -ε-
3213 2705 3342 2776 ὅλης
3384 2708 3439 2775 /.
3469 2706 3785 2759 ἀπέστειλεν

2214 2796 2634 2864 ἐπισυναγαγεῖν
2673 2811 2729 2850 +
2776 2799 2955 2851 πάντα
2998 2798 3066 2850 τὰ
3096 2797 3245 2867 ἔθνη,
3279 2800 3372 2852 καὶ
3422 2798 3660 2866 φυ-ι-λὰς
3692 2801 3786 2852 καὶ

2211 2885 2460 2954 γλώσσας
2485 2889 2540 2956 /.
2600 2890 2902 2958 σατράπας,
2955 2891 3312 2960 στρατηγοὺς,
3364 2891 3662 2960 τοπάρχας,
3693 2893 3787 2944 καὶ

2218 2977 2468 3041 ὑπάτους,
2506 2979 2802 3044 διοικητὰς,
2839 2983 2932 3034 καὶ
2963 2981 3090 3043 τοὺς
3119 2981 3207 3033 ἐπ’
3233 2979 3488 3045 ἐξουσιῶν
3514 2981 3654 3034 κατὰ
3677 2981 3782 3049 χώ-

2214 3084 2332 3137 ραν.
2373 3068 2468 3120 καὶ
2502 3069 2710 3131 πάντας
2743 3070 2866 3132 τοὺς
2901 3071 3042 3122 κατὰ
3089 3070 3189 3140 τὴν
3235 3070 3578 3141 οἰκουμένην,
3612 3070 3784 3123 ἐλθεῖν

533 3170 800 3224 cationem
835 3170 1086 3241 imaginis
1109 3185 1306 3236 aureze,
1344 3185 1507 3239 quam
1531 3169 2101 3226 statueratNabucho-

2209 3159 2289 3221 εἰς
2324 3159 2414 3213 τὸν
2441 3160 2789 3230 ὲγκαινισμὸν
2811 3161 2909 3231 τῆς
2935 3161 3139 3224 εἰκόνος
3163 3161 3263 3232 τῆς
3281 3163 3504 3234 χρυσῆς,
3539 3165 3604 3234 ην
3626 3164 3784 3230 ἕστη-

533 3263 772 3317 donosor
794 3279 906 3318 rex.

601 3351 654 3405 3.
686 3349 842 3407 Tunc
872 3353 1181 3423 congregati
1241 3363 1369 3408 sunt
1400 3353 1673 3420 consules,
1716 3355 1904 3418 duces,
1934 3365 2106 3425 topar-

532 3445 667 3507 chze,
715 3451 992 3512 praetores,
1055 3443 1292 3513 tyranni,
1340 3445 1522 3513 magni
1559 3446 1610 3496 in
1637 3446 2021 3512 potestatibus,
2051 3457 2105 3501 et

532 3549 725 3587 omnes
771 3534 1042 3601 principes
1091 3534 1396 3603 regionum,
1440 3544 1498 3587 ut
1523 3536 1766 3589 venirent
1792 3537 1858 3591 ad
1883 3538 2101 3591 dedica—

532 3624 737 3675 tionem
781 3622 1056 3690 imaginis,
1102 3637 1268 3691 quam
1310 3632 1571 3677 statuerat
1601 3622 2104 3682 Nabuchodonosor

531 3726 651 3776 rex,
669 3720 723 3765 et
737 3719 1000 3766 steterunt
1018 3713 1108 3780 qui
1127 3713 1384 3782 adscripti
1409 3724 1565 3769 erant
1585 3718 1635 3769 in
1656 3728 1945 3786 conspectu
1966 3720 2102 3774 ima-

532 3804 674 3874 ginis
695 3819 859 3872 quam
899 3813 1163 3859 statuerat
1201 3803 1718 3863 Nabuchodonosor.

599 3985 652 4037 4.
683 3983 747 4037 Et
784 3997 960 4052 praeco
993 3984 1354 4052 promulgarit
1383 3984 1556 4041 turbis
1588 4005 1600 4040 :
1647 3986 1813 4042 Vobis
1849 3989 2098 4047 edicitur.

528 4087 714 4146 gentes
751 4084 805 4130 et
829 4075 1100 4146 regiones,
1129 4075 1336 4146 populi,
1364 4086 1414 4130 et
1445 4077 1660 4147 linguae.

600 4166 652 4220 5.
688 4164 906 4222 Utcum
974 4167 1256 4222 audieritis
1315 4183 1499 4222 vocem
1559 4169 1723 4235 tubas,
1779 4169 1992 4236 fistulie,
2047 4181 2096 4226 et

527 4259 772 4322 citharae,
835 4258 1129 4323 sambucze,
1192 4268 1246 4313 et
1307 4258 1570 4328 psalterii,
1623 4261 1982 4331 symphonia,
2044 4275 2097 4318 et

524 4352 762 4406 universi
821 4352 1034 4422 generis
1090 4352 1428 4406 musicorum
1462 4390 1477 4416 ,
1542 4351 1798 4406 cadentes
1860 4354 2098 4409 adoretis

523 4443 816 4514 imaginem
857 4457 1099 4508 auream,
1140 4457 1302 4513 quam
1362 4441 1552 4496 statuit
1589 4439 2096 4500 Nabuchodonosor

521 4549 638 4589 rex.

589 4623 643 4678 6.
686 4622 1026 4690 Quicumque
1087 4629 1265 4676 autem
1332 4639 1439 4677 non
1495 4623 1694 4678 cadens
1769 4623 2092 4688 adoraverit,

517 4719 708 4776 eadem
764 4716 896 4770 hora
936 4713 1179 4784 injicient
1211 4730 1333 4769 eum
1376 4715 1428 4768 in
1470 4715 1745 4770 fornacem
1808 4716 1946 4784 ignis
2000 4729 2091 4767 ar-

516 4808 755 4864 dentem.

589 4897 643 4953 7.
671 4897 813 4952 Etin
843 4905 1084 4966 tempore
1137 4895 1249 4959 illo,
1300 4898 1521 4966 quando
1559 4898 1847 4952 audierunt
1900 4916 2091 4955 omnes

515 5003 703 5062 gentes
739 5006 928 5046 vocem
953 4990 1116 5055 tubae,
1146 4988 1359 5057 θειιιιω,
1383 5000 1437 5044 et
1463 4990 1707 5055 citharae,
1748 4991 2019 5045 sambuca:
2038 5003 2090 5046 et

513 5080 754 5150 psalterii
789 5087 842 5133 et
884 5079 1063 5133 omnis
1118 5078 1332 5134 sonitus
1395 5079 1776 5142 musicorum,
1836 5079 2088 5133 cadentes

512 5187 706 5228 omnes
739 5179 950 5243 gentes,
981 5169 1178 5235 tribus,
1211 5179 1266 5224 et
1291 5169 1493 5241 lingua:
1534 5170 2085 5238 atloraverunLima-

513 5264 695 5333 ginem
715 5276 960 5325 auream,
975 5277 1137 5331 quam
1163 5271 1428 5318 statuerat
1446 5260 1950 5315 Nabuchodonosor
1970 5278 2084 5327 rex,

517 5353 571 5405 in
598 5361 895 5422 conspectu
929 5351 1070 5420 ejus.

579 5527 634 5579 8.
670 5525 727 5580 In
755 5527 846 5582 illo
903 5536 1143 5596 tempore
1195 5532 1516 5588 accedentes
1569 5530 1668 5584 viri
1729 5529 2084 5586 Chaldaica-

510 5619 758 5687 lnmniatt
783 5631 912 5676 sunt
946 5620 1185 5678 Iudaeos.

579 5712 633 5767 9.
662 5710 727 5767 Et
743 5710 1098 5780 suscipientes
1125 5711 1378 5769 dixerunt
1405 5713 1908 5769 Nabuchodonosor
1933 5717 2042 5784 regi
2069 5736 2079 5769 :

509 5806 738 5863 Domine
762 5818 879 5863 rex.
913 5803 968 5857 in
992 5810 1246 5858 aeternum
1277 5805 1418 5861 vive.

2210 3268 2299 3302 σεν
2333 3251 2804 3322 Ναϐουχοδονόσορ
2837 3253 2864 3304 6
2890 3251 3164 3322 βασιλεύς.

2275 3345 2327 3397 5.
2364 3346 2429 3411 >ε<
2458 3344 2590 3396 Τότε
2621 3343 2966 3415 συνήχθησαν
2995 3341 3212 3410 ὕπατοι,
3238 3347 3553 3416 στρατηγοὶ,
3589 3347 3781 3417 τοπάρ-

2206 3439 2273 3502 >κ
2303 3452 2414 3505 χαι,
2435 3435 2748 3505 ἡγούμενοι,
2787 3436 3075 3507 τύραννοι,
3127 3437 3350 3506 μεγάλοι
3387 3438 3473 3490 ἐπ’
3502 3437 3779 3503 ἐξουσιῶν,

2204 3531 2271 3595 Ξ(
2299 3527 2392 3580 καὶ
2428 3527 2623 3591 πάντες
2656 3530 2703 3581 οἱ
2729 3528 2986 3599 ἄρχοντες
3011 3529 3119 3583 τῶν
3143 3530 3356 3602 χωρῶν,
3387 3528 3478 3582 τοῦ
3507 3529 3676 3582 ἐλθεῖν
3701 3531 3782 3593 εἰς

2206 3621 2274 3686 Χ
2299 3618 2390 3670 τὸν
2416 3618 2767 3689 ὲγκαινισμὸν
2793 3620 2891 3690 τῆς
2924 3621 3146 3683 εἰκόνος,
3181 3613 3250 3691 ἧς
3279 3619 3474 3689 ἔστησε
3501 3619 3780 3688 Ναϐουχο-

2204 3712 2272 3777 3K
2305 3709 2521 3780 δονόσορ
2545 3711 2572 3762 ὁ
2612 3710 2863 3779 βασιλεὺς
2899 3712 2954 3780 /.
2989 3725 3048 3766 -ι-
3081 3712 3172 3764 καὶ
3198 3711 3432 3782 ἔστησαν
3464 3713 3511 3764 οι
3547 3729 3780 3780 προσγε-

2202 3801 2511 3871 γραμμένοι
2542 3801 2830 3856 κατέναντι
2854 3801 2952 3871 τῆς
2977 3803 3183 3866 εἰκόνος
3224 3805 3290 3870 χ
3325 3797 3390 3874 ἧς
3426 3801 3618 3872 ἔστησε
3666 3802 3779 3855 Να-

2203 3890 2579 3961 ϐουχοδονόσορ
2610 3892 2667 3962 /.

2271 3982 2322 4036 4.
2358 3984 2468 4039 Καὶ
2495 3985 2522 4036 6
2545 3983 2718 4054 κήρυξ
2749 3982 2982 4054 ἐκήρυξε
2997 3986 3106 4046 τοῖς
3128 3983 3303 4054 ὄχλοις
3325 4000 3339 4014 ο
3381 3985 3540 4055 Ὑμῖν
3569 4003 3781 4056 παραγ-

2200 4073 2467 4142 γέλλεται,
2493 4075 2641 4145 ἔθνη,
2669 4075 2762 4129 καὶ
2787 4074 2981 4147 χώραι,
3017 4075 3157 4142 λαοὶ,
3187 4077 3280 4129 καὶ
3313 4076 3572 4144 γλῶσσαι.

2269 4166 2323 4220 5.
2363 4167 2479 4220 ”ὐτ’
2507 4166 2574 4221 ἂν
2621 4167 2892 4238 ἀκούσητε
2938 4169 3040 4238 τῆς
3086 4168 3268 4240 φωνῆς
3321 4168 3420 4237 τῆς
3455 4168 3775 4237 σάλπιγγος,

2201 4255 2478 4330 σύριγγος,
2503 4257 2596 4312 καὶ
2624 4258 2856 4330 κιθάρας
2875 4299 2889 4324 ,
2940 4258 3258 4330 σαμϐύκης,
3303 4259 3397 4312 καὶ
3437 4258 3736 4330 ψαλτηρίου
3758 4299 3774 4321 ,

2199 4349 2537 4420 συμφωνίας,
2571 4351 2666 4402 κοιλ⁹
2696 4350 2896 4414 παντὸς
2931 4350 3118 4418 γένους
3160 4349 3455 4416 μουσικῶν,
3516 4350 3773 4414 πεσόντες

2197 4439 2613 4508 προσκυνήσατε
2643 4441 2708 4508 τῇ
2734 4437 2901 4492 εἰκόνι
2930 4439 2998 4509 τῇ
3020 4439 3214 4508 χρυσῇ,
3248 4439 3312 4509 ἣν
3336 4437 3530 4509 ἔστησε
3562 4439 3773 4494 Ναϐου-

2127 4501 2171 4555 D
2200 4501 2479 4596 χοδονόσορ
2511 4501 2784 4594 βασιλευς.

2271 4616 2321 4670 ϐ.
2355 4618 2462 4669 Kal
2502 4618 2608 4680 πᾶς
2639 4617 2697 4680 ὃς
2726 4616 2791 4670 ἂν
2817 4618 2889 4688 μὴ
2929 4618 3109 4672 πεσὼν
3150 4624 3502 4691 προσκυνήση
3540 4625 3600 4689 χ(
3634 4622 3771 4692 αὐτῇ

2193 4710 2259 4779 τῇ
2285 4709 2403 4780 ὥρᾳ
2432 4708 2758 4779 ἐμϐαλοῦσιν
2779 4709 2940 4762 αὐτόν
2973 4711 3053 4774 εἰς
3081 4711 3178 4781 τὴν
3208 4712 3436 4783 κάμινον
3473 4713 3566 4766 τοῦ
3601 4713 3772 4784 πυρὸς

2193 4800 2290 4871 τὴν
2321 4802 2636 4872 καιομένην.

2265 4892 2315 4943 7.
2345 4893 2451 4944 Kal
2482 4895 2538 4944 ὲν
2570 4892 2644 4962 τῷ
2667 4892 2843 4964 καιρῷ
2870 4893 3084 4966 ἐκείνῳ,
3110 4895 3198 4948 ὅτε
3237 4895 3475 4967 ἥκουσαν
3497 4895 3673 4948 πάντα
3699 4897 3772 4950 τὰ

2192 4983 2317 5052 ἔθνη
2348 4983 2445 5053 τῆς
2481 4985 2661 5054 φωνῆς
2691 4984 2789 5054 τῆς
2835 4985 3135 5054 σάλπιγγος
3176 4989 3244 5056 >κ
3284 4985 3543 5058 σύριγγός
3585 5005 3641 5040 τε
3672 4989 3772 5041 καὶ

2191 5075 2442 5146 κιθάρας,
2479 5076 2764 5147 σαμϐύκης
2792 5079 2858 5144 >ε<
2881 5094 2940 5129 τε
2971 5077 3064 5130 καὶ
3088 5077 3384 5148 ψαλτηρίου
3415 5081 3469 5146 /.
3502 5080 3596 5132 καὶ
3626 5097 3766 5132 παν-

2189 5168 2278 5230 τὸς
2303 5168 2432 5238 ἤχου
2470 5168 2763 5238 μουσικῶν,
2807 5168 3074 5222 πίπτοντα
3104 5169 3280 5222 πάντα
3303 5168 3371 5222 τὰ
3397 5169 3545 5241 ἔθνη,
3580 5169 3766 5238 φυλαὶ,

2191 5260 2283 5312 καὶ
2315 5259 2557 5327 γλῶσσαι
2596 5259 3009 5334 προσεκύνησαν
3041 5262 3106 5330 τῇ
3137 5259 3306 5313 εἰκόνι
3354 5262 3417 5331 τῇ
3465 5261 3662 5331 χρυσῇ,
3700 5262 3770 5331 ἢν

2188 5350 2381 5421 ἔστησε
2427 5349 2898 5424 Ναϐουχοδονόσορ
2949 5353 3016 5419 Χ
3067 5353 3094 5403 6
3135 5350 3389 5420 βασιλεὺς
3413 5392 3428 5415 ,
3478 5351 3772 5406 κατέναντι

2187 5439 2399 5494 τούτου.
3629 5443 3634 5448 ’

2258 5533 2310 5588 8.
2356 5534 2443 5587 Ἐν
2466 5533 2658 5606 ἐκείνῳ
2687 5536 2762 5606 τῷ
2787 5537 2965 5608 καιρῷ
2993 5537 3380 5609 προσελθόντες
3402 5534 3596 5606 ἄνδρες
3621 5533 3770 5586 Χαλ-

2186 5623 2322 5677 δαῖοι
2348 5623 2590 5679 διέϐαλον
2613 5629 2738 5690 τοὺς
2776 5629 3080 5691 Ἰουδαίους.

2256 5715 2309 5771 9.
2341 5718 2451 5772 Καὶ
2476 5719 2832 5781 ὑπολαϐόντες
2860 5716 3009 5776 εἷπον
3058 5725 3126 5788 Ξε(
3170 5719 3638 5790 Ναϐουχοδονόσορ
3686 5717 3770 5790 τῷ

2191 5807 2414 5875 βασιλεῖ·
2458 5807 2624 5880 Κύριε
2663 5808 2902 5880 βασιλεῦ,
2936 5812 3014 5874 εἰς
3044 5811 3136 5864 τδν
3168 5811 3336 5864 αἰῶνα
3366 5808 3506 5880 ζῆθι.
