4122 6320
386 332 534 387 2785

1659 319 1908 377 DANEL
1947 313 2177 372 CAPUT
2211 318 2295 373 Ill.

3497 315 3635 371 9786

452 438 538 495 10.
567 440 662 506 Σὺ,
698 439 938 510 βασιλεῦ,
965 440 1300 510 προσέταξας
1320 441 1413 494 καὶ
1450 440 1688 513 ἔκρινας,
1722 440 1810 494 ῑνα
1847 441 1948 504 πᾶς

2130 438 2218 491 l0.
2252 438 2354 502 Tu,
2381 454 2498 500 rex,
2529 438 2794 495 mandasti
2819 447 2872 492 et
2896 437 3205 499 decrevistl,
3240 443 3296 490 ut
3329 434 3506 490 omnis
3538 433 3636 486 lm-

374 530 683 599 ἄνθρωπος,
724 529 782 594 ὃς
808 529 872 584 ἂν
913 530 1119 602 ἀκούσῃ
1160 531 1260 600 τῆς
1294 531 1476 602 φωνῆς
1506 531 1603 602 τῆς
1656 531 1952 601 σάλπιγγος

374 623 444 687 Χ
475 619 734 690 σύριγγός
775 639 837 674 τε
882 625 977 676 καὶ
1019 622 1306 693 σαμϐύκης
1339 624 1408 690 Χ
1443 621 1672 693 κιθάρας
1693 660 1708 685 ,
1744 621 1953 692 ψαλτη-

2062 545 2175 594 mo,
2207 532 2301 600 qui
2334 531 2567 586 audierit
2598 545 2788 585 vocem
2823 530 2990 594 tubae,
3021 527 3234 593 ﬁstulae,
3263 535 3316 582 et
3340 526 3632 588 sambucw,

2061 619 2304 687 citharae,
2339 620 2580 690 psalterii
2611 629 2666 676 ct
2690 620 2871 676 omnis
2901 618 3114 675 sonitus
3149 617 3509 680 musicorum,
3539 631 3632 671 ca-

372 711 493 779 ρίου
531 711 588 781 /.
625 713 719 766 καὶ
748 713 948 777 παντὸς
990 713 1125 785 ἤχου
1173 713 1469 785 μουσικῶν,
1511 712 1692 769 πεσὼν
1715 731 1948 785 προσκυ·

2061 712 2197 769 dens
2224 715 2416 769 adoret
2446 713 2734 784 imaginem
2764 727 3010 770 auream.

369 803 513 874 νήσῃ
541 806 609 875 τῇ
650 805 818 858 εἰκόνι
842 808 908 876 τῇ
940 808 1138 878 χρυσῇ.

447 892 537 944 il.
575 893 682 946 Καὶ
715 892 773 957 ὃς
796 893 860 946 ἂν
894 894 969 964 μὴ
1003 893 1185 948 πεσὼν
1207 895 1581 966 προσκυνήσῃ,
1610 895 1953 968 ὲμϐληθήσε·

365 999 459 1035 ται
486 985 566 1046 εἰς
595 982 692 1054 τὴν
711 985 937 1055 κάμινον
971 984 1064 1038 τοῦ
1094 985 1265 1056 πυρὸς
1298 982 1398 1056 τὴν
1420 985 1736 1058 καιομένην.

447 1075 536 1128 12.
569 1076 689 1129 Εἰσὶ
716 1077 772 1130 δέ
803 1094 946 1140 τινες
973 1077 1163 1149 ἄνδρες
1196 1077 1460 1142 Ἰουδαῖοι,
1489 1076 1583 1142 οὓς
1611 1077 1953 1148 κατέστησας

367 1167 466 1218 ἐπὶ
491 1166 593 1236 τῆς
627 1166 810 1240 χώρας
853 1169 953 1239 τῆς
996 1168 1337 1232 Βαϐυλωνίας
1363 1208 1380 1235 ,
1437 1169 1644 1241 Σεδρὰχ
1671 1212 1686 1237 ,
1741 1169 1950 1241 Μισὰχ,

383 1256 714 1326 Ἀϐδεναγὼ,
745 1261 792 1312 οί
832 1259 1107 1330 ἄνθρωποι
1136 1262 1332 1315 ἐκεῖνοι
1365 1261 1464 1314 οὐκ
1487 1262 1833 1334 ὲφοὸήθησάν
1857 1280 1951 1317 σου

366 1345 470 1416 τὴν
491 1347 732 1419 ἐντολὴν,
764 1352 860 1402 καὶ
883 1349 958 1421 τῷ
990 1349 1190 1420 εἰδώλῳ
1219 1368 1310 1404 σου
1341 1352 1441 1407 οὐκ
1467 1351 1818 1424 ἐλάτρευσαν,
1857 1355 1952 1410 καὶ

362 1440 437 1509 τῇ
469 1439 641 1492 εἰκόνι
664 1457 756 1494 σου
781 1443 845 1513 τῇ
868 1444 1063 1514 χρυσῇ,
1156 1441 1408 1514 ἐστησας,
1427 1444 1489 1498 οὐ
1516 1445 1948 1518 προσεκύνησαν,

443 1609 533 1663 13.
566 1610 694 1664 Τότε
727 1612 1191 1686 Ναϐουχοδονόσορ
1218 1614 1492 1686 θυμωθεὶς
1517 1620 1654 1692 ὀργῇ
1685 1621 1951 1692 προσέτα-

361 1696 461 1764 ξεν
494 1701 722 1769 ἀγαγεῖν
747 1703 836 1758 τὸν
865 1705 1092 1777 Σεδράχ.
1122 1707 1327 1779 Μισὰχ,
1371 1710 1692 1780 Ἀϐδεναγώ.
1718 1703 1874 1768 ’Τότε
1898 1715 1948 1768 οί

363 1790 649 1862 ἂνθρωποι
688 1794 931 1865 ἤχθησαν
965 1798 1098 1868 πρὸς
1131 1799 1221 1856 τὸν
1254 1801 1498 1871 βασιλέα.

442 1882 532 1936 14.
564 1883 672 1947 Οὓς
719 1887 812 1939 καὶ
851 1889 1073 1942 συνιδὼν
1126 1891 1598 1967 Ναϐουχοδονόσορ
1632 1897 1660 1949 ὁ
1698 1895 1951 1965 βασιλεὺς

362 1969 526 2027 εἶπεν
555 1977 758 2042 αὐτοῖς,
789 1979 959 2044 Διατί,
984 1981 1211 2053 Σεδρὰχ,
1234 1984 1419 2055 Μισὰχ
1438 2025 1452 2048 ,
1479 1986 1802 2056 ⁸Α6δεναγὼ,
1837 1991 1951 2053 τοῖς

363 2065 516 2132 θεοῖς
561 2086 660 2138 μου
688 2072 749 2122 οὐ
792 2071 1100 2143 λατρεύετε,
1135 2075 1226 2128 καὶ
1247 2079 1313 2147 τῇ
1345 2078 1514 2131 εἰκόνι
1555 2082 1620 2151 τῇ
1661 2083 1860 2151 χρυσῇ,
1885 2081 1952 2152 ἣν

363 2154 596 2224 ἔστησα,
616 2158 676 2209 οὐ
714 2164 1066 2227 προσκυνεῖτε
1083 2179 1097 2228 ;

442 2249 533 2302 15.
565 2248 673 2301 Καὶ
694 2248 786 2301 νῦν
812 2252 858 2303 εί
891 2252 988 2322 μὲν
1010 2252 1163 2324 ἔχετε
1193 2257 1428 2328 ἑτοίμως
1461 2258 1578 2330 ἅμα
1613 2260 1691 2332 τῷ
1721 2261 1952 2320 ἀκοῦσαι

361 2337 467 2407 τῆς
504 2339 800 2408 σάλπιγγος
829 2345 895 2412 >ε<
925 2343 1183 2415 σύριγγός
1218 2365 1276 2400 τε
1318 2349 1412 2402 καὶ
1455 2350 1709 2422 κιθάρας,
1744 2353 1954 2424 σαμϐύ-

363 2431 438 2498 x
464 2448 568 2501 κης
591 2448 670 2493 τε,
697 2435 790 2486 καὶ
811 2435 1112 2507 ψαλτηρίου
1140 2438 1232 2492 καὶ
1269 2441 1590 2510 συμφωνίας
1614 2441 1670 2513 /.
1699 2444 1794 2496 καὶ
1814 2462 1952 2497 παν-

361 2523 458 2586 τὸς
487 2525 619 2594 ἦχου
653 2525 948 2595 μουσικῶν,
986 2528 1245 2592 πεσόντες
1286 2533 1666 2602 προσκυνῆσαι
1692 2537 1758 2607 τῇ
1785 2535 1953 2590 εἰκόνι

360 2618 429 2685 τῇ
455 2619 628 2687 χρυσῇ
667 2616 710 2671 /.
800 2618 1032 2689 ἑστησα·
1062 2621 1109 2673 εἰ
1130 2620 1188 2673 δὲ
1221 2622 1386 2692 μήγε,
1414 2623 1730 2690 γινώσκετε,
1765 2626 1847 2680 ὅτι
1876 2629 1950 2700 μὴ

362 2709 868 2776 προσκυνησάντων
915 2709 1104 2778 ὑμῶν,
1155 2711 1365 2784 αὐθωρὶ
1415 2713 1822 2788 ἔμϐληθήσεσθε
1872 2720 1953 2780 είς

357 2794 462 2865 τὴν
490 2796 720 2864 κάμινον
766 2797 862 2850 τοῦ
914 2799 1088 2869 πυρὸς
1133 2801 1232 2872 τὴν
1288 2805 1619 2876 καιομένην⁹
1661 2808 1758 2861 καὶ
1803 2811 1952 2872 ποῖος

354 2884 497 2949 Θεὸς
537 2888 796 2954 ὲξελεῖται
832 2889 977 2958 ὑμᾶς
1008 2891 1074 2943 ἐκ
1099 2890 1208 2945 τῶν
1259 2894 1459 2965 χειρῶν
1492 2913 1634 2966 μου;

433 2976 522 3030 is.
569 2977 1060 3048 Ἀποκριθὲντεςδὲ
1091 2980 1321 3052 Σεδρὰχ,
1353 2983 1562 3054 Μισὰχ,
1622 2985 1951 3072 Ἀϐδεναγώ,

2134 891 2220 947 ii.
2254 891 2318 946 Ει
2343 893 2432 962 qui
2468 909 2576 948 non
2636 894 2928 963 procidens
2979 893 3307 948 adoraverit.
3356 891 3640 948 immissus

2057 984 2132 1040 sit
2169 984 2224 1038 in
2259 984 2540 1040 fornacem
2574 987 2717 1058 ignis
2749 987 3052 1042 ardentem.

2136 1077 2226 1132 1‘2.
2261 1075 2401 1132 Sunt
2465 1087 2643 1132 autem
2698 1079 2917 1148 quidam
2953 1079 3052 1132 viri
3086 1076 3277 1141 Judaei,
3318 1091 3458 1144 quos
3505 1091 3638 1132 con-

2061 1169 2281 1225 stituisti
2300 1185 2464 1237 super
2485 1169 2760 1240 regionem
2780 1169 3090 1241 Babylonis,
3129 1167 3390 1232 Sedrach,
3409 1167 3636 1230 Misacli,

2059 1259 2389 1329 Abdenago:
2424 1259 2670 1314 homines
2703 1257 2793 1312 isti
2821 1273 2928 1311 non
2984 1258 3283 1312 timuerunt
3341 1267 3490 1311 tuum
3543 1258 3638 1312 de-

2059 1357 2288 1412 cretum,
2327 1359 2379 1403 et
2403 1349 2604 1403 idolum
2660 1360 2812 1402 tuum
2866 1362 2970 1401 non
3032 1347 3636 1413 coluerunt,etimagi-

2059 1458 2183 1498 nem
2247 1453 2394 1498 tuam
2457 1458 2700 1508 auream,
2757 1457 2919 1512 quam
2973 1442 3232 1506 statuisti,
3280 1457 3388 1496 non
3443 1442 3638 1497 adora-

2061 1541 2272 1588 verunt.

2127 1622 2214 1679 15.
2251 1620 2406 1676 Tunc
2447 1620 2954 1680 Nabuchodonosor
2979 1638 3278 1679 succensus
3304 1623 3405 1688 ira,
3434 1635 3636 1690 praece-

2056 1711 2154 1782 pit,
2175 1723 2233 1767 ut
2250 1713 2578 1767 adducerent
2612 1713 2874 1778 Sedracli,
2898 1713 3125 1778 Misach,
3150 1712 3478 1781 Abdenago:
3505 1721 3635 1767 tunc

1981 1787 2030 1848 Β
2061 1805 2312 1860 homines
2344 1805 2562 1861 adducti
2601 1814 2727 1861 sunt
2766 1805 2834 1860 ad
2864 1821 3068 1876 regem.

2130 1896 2222 1951 14.
2281 1897 2431 1962 Quos
2489 1898 2652 1951 etiam
2724 1898 3073 1967 conspicatus
3131 1894 3638 1951 Nabuchodonosor

2058 2001 2152 2042 rex
2187 1987 2323 2042 dixit
2354 1989 2436 2043 eis
2464 2004 2476 2038 :
2510 1986 2710 2054 Quare,
2745 1985 3009 2051 Sedrach,
3065 1987 3289 2051 Misach,
3317 1986 3632 2056 Abdenago,

2057 2078 2191 2134 deos
2219 2093 2371 2134 meos
2409 2092 2516 2134 non
2552 2079 2752 2145 colitis,
2777 2090 2830 2134 et
2866 2079 3158 2150 imaginem
3192 2093 3434 2144 auream,
3469 2093 3632 2150 quam

2059 2171 2248 2238 statui,
2285 2185 2393 2225 non
2423 2172 2707 2226 adoratis?

2133 2264 2223 2318 l5.
2262 2264 2325 2318 Et
2354 2281 2500 2320 nunc
2533 2264 2800 2334 siquidem
2833 2263 2964 2320 estis
2991 2265 3185 2333 parati,
3221 2263 3401 2318 statim
3429 2277 3493 2317 ac
3533 2278 3634 2318 au-

2059 2353 2274 2413 dieritis
2307 2357 2514 2422 tubam,
2557 2357 2818 2420 ﬁstulam,
2865 2365 2916 2410 et
2969 2356 3258 2418 citharam,
3291 2355 3634 2418 sambucam,

2059 2458 2114 2505 et
2165 2450 2504 2520 psalterium,
2557 2459 2609 2502 ct
2651 2447 3028 2518 symphoniam
3055 2456 3343 2502 etomnem
3395 2445 3632 2502 sonitum

2061 2543 2422 2604 musicorum,
2461 2539 2804 2610 procidentes
2833 2539 3061 2594 adorate
3091 2538 3378 2608 imaginem
3412 2552 3633 2591 auream

2060 2651 2224 2705 quam
2252 2635 2456 2690 statui:
2488 2633 2536 2688 si
2582 2647 2712 2686 vero
2753 2646 2883 2698 non,
2929 2631 3144 2696 scitote,
3178 2630 3321 2700 quod
3364 2645 3468 2683 non
3510 2629 3636 2683 ado-

2065 2738 2246 2783 rantes
2284 2742 2401 2792 vos,
2434 2726 2622 2781 eadem
2675 2725 2806 2780 hora
2863 2723 3225 2778 immittemini
3273 2724 3325 2777 in
3359 2722 3630 2777 fornacem

2061 2819 2204 2889 ignis
2269 2818 2551 2873 ardentem
2582 2817 2822 2888 :etquis
2849 2815 2992 2872 Deus
3015 2815 3206 2886 eripiet
3237 2831 3334 2869 vos
3365 2815 3431 2870 de
3456 2814 3632 2873 mani.

2061 2911 2163 2965 bus
2184 2911 2320 2965 meis
2341 2911 2364 2963 ?

2133 3001 2220 3056 16.
2257 3000 2666 3070 Rcspondcntes
2719 3009 2900 3054 autem
2923 2997 3191 3058 Sedrach.
3217 2995 3442 3062 Misaeb,
3465 2998 3633 3051 Abde-

355 3063 525 3121 εἶπαν
549 3067 624 3139 τῷ
648 3067 857 3137 βασιλεῖ
874 3069 1364 3143 Ναϐουχοδονόσορ·
1397 3073 1644 3140 Βασιλεῦ,
1667 3078 1728 3130 οὐ
1763 3063 1948 3148 χρείαν

2063 3107 2200 3161 nago
2216 3092 2473 3147 dixerunt
2496 3094 2604 3163 regi
2621 3090 3167 3146 Nabuchodonosor:
3198 3089 3330 3150 Rex,
3361 3104 3466 3143 non
3498 3103 3634 3160 opus

357 3159 558 3251 ἔχομεν
591 3161 751 3228 ἡμεῖς
778 3159 870 3213 ἐπὶ
890 3163 956 3232 τῇ
981 3138 1219 3234 emam
1252 3138 1423 3236 ταύτῃ
1447 3138 1812 3238 ἀποκριθῆναί
1839 3187 1942 3224 σοι.

2063 3138 2197 3161 ---,,ν
2219 3138 2473 3147 νην-ν..-
2496 3138 3121 3163 .-ο.-.-------.----ν---
3155 3138 3167 3143 -

2056 3185 2320 3239 habemus
2349 3199 2447 3238 nos
2470 3185 2522 3237 in
2567 3183 2822 3238 mandato
2857 3182 2960 3238 hoc
2986 3182 3310 3251 respondere
3337 3181 3454 3236 tibi.

434 3250 524 3303 Π.
567 3253 722 3304 Ἐστι
754 3251 863 3322 γὰρ
897 3252 1029 3315 Θεὸς
1067 3268 1128 3309 +
1163 3255 1222 3306 ὲν
1252 3254 1501 3326 οὐρανοῖς
1536 3253 1618 3320 εἷς
1665 3259 1868 3327 Κύριος
1888 3262 1943 3331 /.

355 3342 541 3413 ἡμῶν,
575 3343 634 3396 ὃν
662 3343 996 3414 φοῦούμεθα,
1021 3346 1080 3410 ὃς
1113 3348 1229 3399 ἐστι
1252 3347 1472 3413 δυνατὸς
1499 3349 1776 3414 ἐξελέσθαι
1798 3355 1948 3423 ἡμᾶς

355 3435 427 3486 ὲκ
464 3433 565 3502 τῆς
603 3435 832 3503 καμίνου
862 3438 956 3490 τοῦ
989 3437 1162 3506 πυρὸς
1202 3441 1269 3506 ὴ(
1305 3438 1407 3509 τῆς
1441 3443 1736 3511 καιομένης
1763 3443 1816 3512 /.
1855 3445 1948 3498 καὶ

363 3527 433 3576 ἐκ
462 3523 570 3577 τῶν
594 3525 792 3596 χειρῶν
820 3543 935 3592 σου,
970 3525 1213 3596 βασιλεῦ,
1261 3528 1526 3594 ὲξελεῖται
1560 3535 1728 3602 ἡμᾶς.

443 3639 531 3694 18.
561 3640 671 3693 Καὶ
693 3641 814 3693 τότε
848 3644 1080 3716 φανερόν
1121 3661 1202 3698 σοι
1238 3644 1390 3699 ἔσται
1415 3649 1483 3716 3K
1515 3647 1735 3718 βασιλεῦ
1767 3650 1824 3720 /.
1865 3651 1946 3704 ὅτι

353 3731 486 3784 οὔτε
529 3729 606 3800 τῷ
641 3731 846 3803 εἰδώλῳ
877 3752 970 3787 σου
997 3735 1356 3808 λατρεύομεν,
1393 3737 1516 3792 οὔτε
1554 3742 1620 3812 τῇ
1650 3740 1818 3794 είκόνι
1852 3759 1944 3800 σου

354 3824 427 3892 τῇ
458 3825 657 3894 χρυσῇ,
699 3824 766 3894 ἢν
795 3825 1050 3895 ἕστησας,
1087 3829 1147 3880 οὐ
1174 3828 1602 3900 προσκυνοῦμεν.

434 3935 520 3990 19.
555 3936 688 3989 Τότε
716 3937 1186 4012 Ναϐουχοδονόσορ
1225 3943 1471 4014 ἐπλήσθη
1529 3943 1724 4015 θυμοῦ,
1767 3947 1862 4001 καὶ
1910 3947 1944 4018 ἡ

357 4027 546 4098 μορφὴ
592 4027 687 4082 τοῦ
736 4029 1028 4099 προσώπου
1060 4031 1225 4086 αὑτοῦ
1280 4033 1548 4106 ἠλλοιώθη
1581 4037 1676 4089 ἐπὶ
1711 4037 1941 4110 Σεδρὰχ,

355 4119 566 4189 Μισὰχ,
592 4121 686 4173 καὶ
729 4120 1059 4190 ’Λὸδεναγὼ,
1092 4124 1184 4176 καὶ
1218 4123 1448 4190 ἐπέταξε
1477 4125 1678 4195 καῆναι
1713 4127 1813 4198 τὴν
1845 4127 1946 4183 κνά-

355 4225 514 4277 μινον
542 4209 948 4277 ἐπταπλασίως,
983 4211 1114 4283 παρ’
1136 4212 1164 4265 ὃ
1184 4212 1290 4266 ἔδει
1317 4212 1488 4284 αὐτὴν
1522 4215 1743 4285 καῆναι.

427 4383 517 4439 20.
551 4385 664 4438 Kal
699 4385 899 4454 ἄνδρας
944 4387 1332 4458 ἰσχυροτάτους
1370 4389 1480 4442 τῶν
1515 4391 1572 4443 ὲν
1604 4393 1672 4462 τῇ
1715 4391 1943 4462 δυνάμει

2125 3277 2214 3332 i7.
2241 3276 2337 3330 Est
2359 3276 2504 3331 enim
2536 3275 2679 3330 Deus
2710 3277 2763 3329 in
2792 3275 2945 3330 caelis
2976 3291 3115 3328 unus
3138 3273 3402 3327 Dominus
3423 3281 3631 3340 noster,

2052 3383 2214 3440 quem
2253 3369 2533 3430 timemus,
2567 3367 2659 3436 qui
2693 3374 2777 3421 est
2805 3376 2994 3435 potens
3032 3365 3242 3434 eripere
3281 3381 3379 3420 nos
3417 3364 3484 3419 de
3518 3363 3633 3418 for-

2052 3474 2186 3514 nace
2213 3459 2354 3530 ignis
2380 3457 2773 3522 ardente,etdc
2804 3458 3056 3512 manibus
3080 3458 3206 3524 tuis,
3242 3472 3356 3523 rex,
3383 3456 3634 3512 liberabit

2048 3563 2176 3604 nos.

2122 3643 2208 3698 18.
2241 3641 2307 3697 Et
2343 3652 2471 3698 tunc
2494 3641 2844 3696 manifestum
2865 3639 2962 3695 tibi
2987 3640 3110 3705 erit,
3144 3656 3260 3705 rex,
3297 3639 3426 3708 quia
3459 3654 3633 3709 neque

2051 3735 2254 3790 idolum
2292 3745 2445 3790 tuum
2476 3736 2732 3801 colimus,
2793 3747 2970 3803 neque
3021 3733 3313 3803 imaginem
3343 3740 3497 3786 tuam
3535 3746 3638 3786 au—

2049 3843 2221 3894 ream,
2249 3843 2412 3899 quam
2452 3828 2711 3891 statuisti,
2752 3827 3065 3881 adoramus.

2122 3941 2209 3995 l9.
2240 3940 2392 3993 'l‘unc
2453 3935 2956 3992 Nabuchodonosor
3001 3934 3237 4005 repletus
3295 3943 3379 3988 est
3422 3933 3632 4001 furore,

2047 4041 2102 4086 et
2122 4039 2373 4101 aspectus
2399 4029 2553 4084 faciei
2591 4021 2712 4097 ejus
2732 4028 3047 4081 immutatus
3067 4034 3150 4085 est
3173 4039 3337 4094 super
3368 4022 3631 4088 Sedrach,

2047 4122 2275 4185 Misach,
2312 4131 2364 4176 et
2390 4119 2686 4190 Abdenago
2717 4137 2730 4173 :
2766 4126 2821 4173 et
2854 4117 3106 4188 praecepit
3128 4125 3188 4172 ut
3213 4117 3635 4172 suecendcretur

2049 4211 2243 4268 fornax
2286 4211 2593 4282 septuplum
2634 4211 2777 4265 ultra
2806 4210 2955 4282 quod
2989 4210 3274 4280 oportebat
3307 4210 3478 4278 ipsam
3507 4222 3636 4264 suc-

2044 4302 2228 4357 cendi.

2116 4393 2207 4448 20.
2244 4392 2310 4447 Et
2338 4392 2469 4448 viris
2502 4392 2825 4449 fortissimis
2857 4406 3070 4460 eorum,
3095 4391 3188 4460 qui
3219 4401 3372 4446 erant
3396 4391 3449 4444 in
3473 4405 3633 4446 exer-

351 4475 584 4542 ἐπέταξε
612 4517 627 4542 ,
689 4477 1125 4547 συμποδίσαντας
1175 4482 1243 4548 >κ
1295 4480 1388 4534 τὸν
1445 4480 1650 4552 Σεδρὰχ
1676 4523 1690 4548 ,
1737 4483 1944 4553 Μισὰχ,

2055 4489 2164 4543 citu
2185 4487 2458 4558 praecepit,
2478 4496 2538 4542 ut
2563 4485 2833 4558 colligatis
2856 4485 3085 4556 pedibus
3113 4483 3376 4548 Sedracb,
3398 4483 3628 4552 Misach,

369 4566 675 4636 ’Δὸδεναγὼ
715 4577 772 4640 /.
814 4569 1076 4640 ὲμῦαλεῖν
1122 4572 1204 4634 είς
1231 4569 1330 4642 τὴν
1361 4572 1594 4642 κάμινον
1626 4573 1721 4631 τοῦ
1775 4575 1946 4646 πυρὸς

354 4657 453 4730 τὴν
487 4661 802 4732 καιομένην.

425 4770 515 4825 21.
548 4772 682 4825 Τότε
706 4775 754 4826 οἱ
779 4774 972 4846 ἄνδρες
991 4778 1186 4832 ἐκεῖνοι
1218 4779 1697 4850 συνεποδίσθησαν,
1731 4781 1946 4852 ἔχοντες

357 4863 424 4916 τὰ
457 4864 786 4936 ὑποδήματα
807 4867 1008 4934 αὐτῶν,
1039 4869 1134 4922 καὶ
1163 4870 1265 4934 τὰς
1290 4871 1485 4944 τιάρας
1514 4874 1692 4928 αὐτῶν
1721 4875 1946 4930 ἐπὶτῶν

359 4955 610 5025 κεφαλῶν
641 4954 824 5011 αὐτῶν
853 4959 953 5012 σὺν
983 4959 1066 5027 τῷ
1104 4961 1387 5032 ἱματισμῷ
1419 4963 1630 5028 αὐτῶν,
1663 4965 1758 5020 καὶ
1781 4965 1946 5037 ἐϐλή-

353 5045 530 5118 θησαν
567 5050 650 5112 εἰς
678 5049 779 5118 τὴν
812 5050 1045 5122 κάμινον
1077 5054 1143 5121 χ(
1170 5052 1265 5106 τοῦ
1296 5054 1465 5126 πυρὸς
1495 5056 1596 5128 τὴν
1623 5059 1940 5131 καιομένην.

424 5137 515 5191 22.
555 5138 776 5210 Ἐπειδὴ
808 5141 870 5194 τὸ
901 5142 1232 5214 πρόσταγμα
1271 5144 1368 5198 τοῦ
1411 5144 1676 5215 βασιλέως
1703 5150 1898 5219 ἤπειγε
1925 5167 1940 5184 ο

359 5227 450 5280 καὶ
479 5229 511 5299 ὴ
542 5229 776 5298 κάμινος
807 5231 1074 5303 ἐξεκαύθη
1109 5232 1250 5304 ὑπὲρ
1287 5233 1348 5286 τὸ
1379 5236 1638 5307 πρότερον
1663 5238 1942 5294 ἑπταπλαο

361 5315 508 5384 σίως,
549 5319 646 5372 καὶ
677 5319 727 5372 οἱ
754 5319 946 5391 ἄνδρες
966 5322 1016 5375 οί
1047 5322 1540 5394 προχειρισθέντες,
1575 5329 1942 5395 συμποδίσαν⁴

2053 4581 2348 4651 Abdenago
2373 4580 2657 4650 injicerent
2679 4580 2733 4633 in
2766 4578 3044 4634 fornacem
3075 4577 3215 4649 ignis
3237 4579 3538 4632 ardentem.

2123 4783 2216 4838 ει.
2259 4779 2416 4838 Tunc
2449 4780 2551 4836 viri
2573 4780 2649 4835 illi
2665 4781 3027 4850 compedibus
3048 4779 3215 4836 vincti
3247 4786 3398 4846 sunt,
3427 4779 3634 4838 haben-

2053 4886 2134 4932 tes
2164 4876 2531 4930 calceamenta
2569 4889 2690 4938 sua,
2731 4883 2787 4928 et
2839 4873 3005 4929 tiaras
3039 4887 3170 4928 suas
3225 4887 3387 4943 super
3445 4875 3629 4945 capita

2053 4985 2149 5024 sua
2182 4984 2308 5024 cum
2341 4969 2670 5026 vestimento
2693 4983 2817 5036 suo,
2841 4976 2896 5024 et
2923 4967 3073 5023 missi
3110 4974 3237 5023 sunt
3265 4967 3321 5022 in
3346 4966 3627 5022 fornacem

2049 5061 2194 5132 ignis
2227 5061 2531 5117 ardentem.

2121 5153 2213 5208 ΞΩ.
2257 5153 2396 5220 Quia
2449 5151 2764 5208 mandatum
2811 5156 2956 5222 regis
2987 5151 3212 5222 urgebat
3253 5168 3267 5205 :
3333 5159 3388 5207 et
3427 5151 3628 5206 fama:

2047 5259 2318 5301 succensa
2350 5252 2470 5299 erat
2490 5244 2618 5314 plus
2643 5259 2805 5313 quam
2834 5252 3000 5297 antea
3029 5242 3371 5312 septuplum;
3415 5250 3473 5297 et
3496 5242 3624 5306 viri,

2051 5337 2144 5406 qui
2168 5335 2308 5404 iussi
2342 5335 2557 5390 fuerant
2586 5350 2711 5391 cum
2734 5334 3098 5390 revinxissen-t
3137 5349 3254 5400 eos,
3283 5343 3338 5391 et
3367 5335 3628 5392 adduxis-

356 5424 448 5471 τες
481 5409 680 5474 αὐτοὺς
704 5412 801 5465 καὶ
822 5415 1267 5485 προσαγαγόντες
1288 5418 1356 5488 τῇ
1383 5417 1600 5488 καμίνῳ
1619 5419 1943 5478 ἐνεϐάλοσαν

2055 5439 2170 5485 sent
2194 5430 2260 5485 ad
2293 5429 2589 5494 fornacem,
2618 5429 2963 5496 immiserunt
3009 5428 3062 5482 in
3093 5441 3237 5484 eam.

358 5499 438 5560 είς
462 5500 654 5570 αὑτήν.

428 5608 520 5664 23.
555 5613 696 5678 Τοὺς
722 5613 822 5686 μὲν
847 5608 942 5670 οὖν
971 5615 1169 5688 ἄνδρας
1203 5617 1330 5683 τοὺς
1352 5620 1787 5692 συμποδίσαντας
1816 5627 1941 5691 τοὺς

364 5703 491 5772 περὶ
513 5703 603 5758 τὸν
637 5703 898 5778 ’Λζαριαν
929 5705 1217 5772 δξελθοῦσα
1247 5711 1280 5781 ἡ
1314 5711 1445 5780 φλὸξ
1474 5713 1537 5766 ἐκ
1557 5711 1656 5784 τῆς
1680 5717 1937 5787 καμίνου,

2114 5627 2208 5684 85.
2257 5624 2417 5682 Viros
2443 5627 2626 5700 igitur,
2661 5627 2754 5698 qui
2783 5626 3138 5698 compedibus
3185 5627 3472 5685 vinxerant
3502 5641 3620 5693 eos,

2048 5720 2144 5794 qui
2175 5729 2332 5777 erant
2357 5727 2484 5777 cum
2513 5718 2730 5787 Azaria,
2779 5733 2996 5791 egressa
3026 5720 3250 5779 ﬂamma
3286 5721 3355 5780 de
3403 5720 3627 5778 fornace
