4122 6320
484 333 620 394 9,787

481 442 724 498 incendit
757 481 772 506 ,

482 544 633 589 sunt.

550 627 640 680 24.
686 626 776 682 Sic
807 643 936 699 ergo
968 642 1221 699 precatus
1250 640 1333 685 est
1360 631 1625 694 Ananias,
1648 641 1701 684 et
1728 633 1970 697 Azarias,
2001 639 2053 686 et

486 715 692 785 Misael,
742 728 795 773 et
823 719 1181 775 laudaverunt
1213 719 1522 785 Dominum,
1565 722 1784 791 quando
1822 737 1917 777 eos
1956 738 2050 775 rex

485 806 644 875 jussit
674 809 891 863 immitti
924 811 975 862 in
1013 809 1311 864 fornacem.

554 918 643 972 23.
686 918 849 974 Stans
877 930 1054 974 autem
1083 921 1304 976 Azarias
1332 932 1585 992 precatus
1611 934 1691 979 est
1723 925 1823 989 sic,
1854 935 1906 981 et
1926 942 2053 996 ape—

488 1012 633 1065 riens
688 1026 750 1066 os
805 1026 986 1074 suum,
1028 1013 1388 1067 confitebatur
1440 1013 1670 1069 Domino
1710 1015 1872 1069 simul
1928 1033 2049 1071 cum

486 1102 762 1157 sodalibus
810 1102 924 1156 suis
969 1103 1022 1156 in
1065 1105 1242 1159 medio
1286 1105 1409 1176 igne
1445 1105 1685 1163 fornacis
1718 1123 1991 1165 succensae
2020 1126 2049 1164 a

483 1190 750 1246 Chaldzeis
782 1193 1147 1259 vehementer,
1176 1202 1229 1248 et
1255 1195 1509 1251 dixerunt
1544 1214 1556 1248 :

551 1371 641 1428 ‘26.
683 1372 1007 1429 Benedictus
1041 1388 1121 1441 es,
1157 1373 1387 1431 Domine
1413 1374 1554 1432 Deus
1576 1386 1806 1447 'patrum
1834 1388 2050 1433 nostro—

484 1474 603 1513 rum
637 1501 651 1525 ,
696 1470 751 1515 et
806 1462 1075 1517 laudabile
1148 1472 1202 1517 et
1246 1464 1542 1534 gloriosum
1592 1481 1786 1522 nomen
1811 1476 1961 1522 tuum
1996 1470 2048 1521 in

484 1552 708 1609 saecula.

550 1667 641 1723 27.
684 1667 820 1735 Quia
842 1670 1025 1737 justus
1048 1684 1107 1723 es
1146 1670 1651 1742 inomnibus,qu:e
1679 1671 1852 1727 fecisti
1870 1662 2047 1739 nobis,

482 1766 537 1811 et
565 1760 750 1813 omnia
777 1773 939 1829 Opera
977 1771 1065 1813 tua
1103 1775 1250 1827 vera,
1276 1770 1329 1815 et
1360 1761 1459 1817 viae
1482 1772 1586 1818 tuae
1623 1773 1800 1828 rectae,
1842 1775 1896 1819 et
1925 1780 2047 1820 om-

485 1848 573 1902 nia
597 1848 805 1918 judicia
833 1857 926 1903 tua
952 1864 1100 1903 vera.

550 1962 643 2018 ‘38.
685 1962 755 2016 Et
779 1960 983 2031 judicia
1015 1963 1260 2018 veritatis
1286 1962 1457 2019 fecisti
1510 1966 1808 2021 secundum
1847 1971 2052 2037 omnia,

482 2070 606 2125 qua:
631 2054 902 2110 adduxisti
935 2056 1116 2121 nobis,
1151 2063 1205 2109 et
1240 2070 1403 2124 super
1429 2056 1703 2111 civitatem
1745 2068 1893 2115 tuam
1928 2078 2056 2117 san-

482 2156 627 2200 ctam
660 2154 874 2215 patrum
924 2156 1238 2200 nostrorum
1291 2144 1638 2202 Jerusalem:
1688 2150 1946 2218 quoniam
1998 2153 2052 2206 in

485 2236 711 2291 veritate
768 2244 823 2292 et
851 2236 1059 2306 judicio
1083 2236 1260 2293 fecisti
1296 2238 1476 2292 omnia
1509 2238 1621 2292 haec
1657 2248 1875 2309 propter
1928 2255 2056 2311 pec-

484 2338 602 2383 cata
643 2336 827 2383 nostra
837 2368 850 2382 .
1392 2380 1397 2385 .

553 2420 644 2475 29.
688 2418 960 2485 Quoniam
990 2420 1337 2489 peccavimus
1377 2419 1431 2472 in
1479 2420 1759 2486 omnibus,
1788 2433 1841 2477 et
1872 2422 2057 2492 inique

483 2510 695 2579 egimus
732 2508 1060 2564 discedendo
1088 2524 1119 2564 a
1155 2518 1205 2566 te
1236 2549 1251 2573 ,
1300 2519 1355 2565 et
1393 2512 1740 2580 peccavimus
1786 2512 1840 2565 in
1879 2514 2055 2568 omni-

487 2600 615 2654 bus.

555 2691 648 2755 30,
689 2690 1051 2746 Et-mandatis
1079 2690 1211 2761 legis
1253 2703 1359 2746 tua:
1395 2707 1501 2747 non
1540 2693 1939 2759 obaudivimus,
1963 2710 2057 2751 nc-

485 2796 593 2851 que
618 2781 1052 2846 observavimus,
1085 2796 1259 2851 neque
1291 2781 1521 2837 fecimus
1560 2784 1704 2839 sicut
1746 2788 2055 2855 pnccepisti

486 2872 668 2936 nobis,
702 2881 760 2925 ut
788 2871 926 2926 bene
956 2873 1113 2926 nobis
1146 2882 1311 2928 esset.

553 2964 645 3018 5i.
685 2962 752 3018 Et
781 2979 926 3018 nunc
971 2966 1152 3018 omnia
1182 2979 1545 3035 quaecumque
1575 2968 1733 3023 nobis
1773 2968 2053 3036 induxisli,

485 3064 539 3109 et
561 3054 742 3109 omnia
769 3069 1124 3125 quaecumque
1152 3054 1328 3111 fecisti
1373 3058 1527 3113 nobis
1583 3059 1637 3113 in
1685 3075 1813 3115 vero
1847 3061 2055 3130 judicio

492 3146 692 3202 fecisti.

557 3239 647 3293 52.
690 3234 755 3293 Et
791 3236 1059 3294 tradidisti
1108 3254 1208 3294 nos
1257 3241 1307 3295 in
1358 3252 1553 3296 manus
1572 3242 2058 3301 inimicorumno-

488 3337 728 3383 strorum
758 3328 1068 3399 iniquorum
1089 3369 1105 3393 ,
1147 3337 1201 3383 et.
1238 3330 1745 3388 inimicissimorum
1777 3345 2055 3404 apostata-

488 3434 633 3484 rum,
662 3428 716 3475 et
741 3422 853 3490 regi
886 3420 1076 3490 iniquo
1158 3429 1212 3475 et
1259 3423 1594 3491 nequissimo
1642 3439 1804 3495 supra
1839 3441 2055 3484 omnem

490 3519 692 3564 terram
704 3551 718 3564 .

560 3601 650 3654 53.
692 3599 757 3653 Et
787 3614 932 3653 nunc
959 3615 1064 3653 non
1094 3601 1399 3658 licetanobis
1443 3605 1655 3673 aperire
1692 3621 1754 3662 os
1797 3623 1811 3660 :
1860 3609 2057 3665 confu-

491 3689 576 3744 sio
603 3698 655 3743 et
704 3689 1049 3757 exprobratio
1076 3690 1213 3743 facta
1249 3702 1330 3745 est
1375 3707 1656 3749 servorum
1726 3705 1964 3766 tuorum,
2006 3711 2060 3756 et

491 3779 789 3834 colentium
820 3788 893 3837 te.

562 3871 652 3925 54.
693 3868 771 3926 Ne
794 3869 978 3928 tradas
1010 3887 1109 3927 nos
1132 3872 1186 3927 in
1218 3872 1382 3929 ﬁnem
1410 3884 1631 3947 propter
1665 3894 1861 3933 nomen
1882 3890 2034 3936 tuum

492 3971 541 4017 et
566 3977 635 4017 ne
655 3963 889 4033 dissipes
910 3971 1295 4019 testamentum
1331 3974 1507 4023 tuum.

562 4051 651 4106 55.
697 4050 760 4106 Et
788 4067 853 4106 ne
879 4062 1097 4106 avertas
1155 4053 1587 4110 miscricordiam
1644 4068 1790 4112 tuam
1844 4073 1875 4113 a
1905 4060 2060 4116 nobis

495 4155 713 4214 propter
735 4144 1005 4198 Abraham
1036 4144 1293 4200 dilectum
1314 4162 1345 4201 a
1373 4157 1444 4210 te,
1466 4156 1521 4202 et
1536 4159 1754 4219 propter
1773 4147 1922 4206 Isaac
1943 4167 2061 4207 ser-

495 4250 621 4286 vum
657 4241 832 4297 tuum,
859 4241 913 4286 et
941 4232 1104 4287 Israel
1129 4245 1377 4288 sanctum
1404 4244 1577 4288 tuum.

563 4324 651 4378 35.
693 4321 1155 4389 Quemadmodum
1202 4326 1459 4395 loquutus
1498 4340 1557 4381 es
1589 4326 1654 4379 ad
1701 4341 1818 4393 eos,
1847 4326 2058 4393 dicens,

1540 332 2011 392 IIEXAPLORUM
2049 334 2216 400 QUAE
2255 329 2684 390 SUPERSUNT.

857 452 910 498 et
983 443 1275 511 interfecit,
1336 443 1441 515 ipsi
1494 455 1673 501 autem
1746 449 2052 504 conservati

2163 449 2241 500 ὲνε
2256 449 2443 517 ﬁdem:
2477 447 2569 499 καὶ
2596 444 2934 508 ἀπέκτεινεν,
2972 442 3127 498 αὐτοὶ
3165 441 3221 496 δὲ
3256 438 3730 512 συνετηρήθησαν.

3587 300 3725 382 2788

2224 624 2318 676 24.
2355 623 2540 687 Οὕτως
2560 619 2653 676 οὖν
2676 623 3019 693 προσηύξατο
3054 621 3319 685 Ἁνανίας,
3344 620 3438 672 καὶ
3453 618 3732 688 Ἀζαρίας,

2162 717 2254 769 καὶ
2274 717 2524 786 Μισαήλ⁹
2567 716 2664 769 καὶ
2702 714 2953 785 ὕμνησαν
2997 714 3075 783 τῷ
3108 713 3330 785 Κυρίῳ,
3366 714 3453 765 ὅτε
3482 710 3681 772 αὐτοὺς
3707 712 3736 762 ό

2162 806 2410 874 βασιλεὺς
2436 804 2763 877 προσέταξεν
2781 804 3117 876 ἐμϐληθῆναι
3143 806 3222 866 είς
3248 803 3347 871 τὴν
3377 800 3627 870 κάμινον.

2228 919 2316 973 25.
2347 918 2485 979 Στὰς
2500 918 2558 971 δὲ
2589 916 2846 988 Ἀζαρίας
2875 914 3222 987 προσηύξατο
3242 913 3435 975 οὕτως,
3472 912 3567 965 καὶ
3591 910 3738 963 ἀνοί-

2160 1011 2255 1076 ξας
2282 1011 2342 1063 τὸ
2367 1010 2541 1079 στόμα
2587 1007 2775 1071 αὐτοῦ,
2832 1006 3218 1076 ἐξωμολογεῖτο
3265 1004 3346 1073 τῷ
3381 1002 3569 1073 Κυρίῳ
3618 1003 3737 1069 ἅμα

2157 1106 2267 1166 τοῖς
2298 1102 2634 1173 συνεταίροις
2667 1101 2853 1167 αὑτοῦ,
2878 1103 2935 1154 ὲν
2966 1100 3116 1171 μέσῳ
3140 1100 3218 1168 τῷ
3245 1099 3377 1168 mpl
3406 1095 3736 1162 ὑποκαιομέ-

2157 1212 2255 1269 νης
2285 1198 2386 1267 τῆς
2437 1195 2670 1267 καμίνου
2730 1194 2837 1247 ὑπδ
2875 1193 2984 1248 τῶν
3021 1192 3301 1247 Χαλδαίων
3353 1189 3576 1260 σφόδρα,
3637 1186 3735 1239 καὶ

2157 1283 2338 1341 εἶπανο

2218 1377 2315 1431 26.
2348 1378 2648 1447 Εὐλογητὸς
2667 1373 2742 1446 εἷ,
2759 1378 2841 1433 Κὺ
2852 1395 2930 1445 ριε
2953 1379 2985 1430 ό
3000 1374 3132 1439 Θεὸς
3147 1374 3256 1427 τῶν
3282 1372 3531 1441 πατέρων
3550 1368 3729 1441 ἡμῶν,

2157 1467 2249 1519 καὶ
2277 1468 2485 1521 alveth
2512 1470 2606 1521 καὶ
2626 1467 3014 1537 δεδοξασμένον
3051 1464 3110 1518 τὸ
3145 1462 3317 1533 ὅνομά
3356 1478 3448 1514 σου
3489 1459 3568 1521 εἰς
3605 1457 3734 1519 τοὺς

2156 1556 2379 1620 αἰῶνας.

2219 1661 2318 1726 ~27.
2343 1672 2465 1726 ’Ότι
2494 1672 2701 1735 δίκαιος
2731 1667 2785 1724 εἷ
2805 1670 2895 1723 ἐπὶ
2923 1672 3108 1733 πᾶσιν,
3138 1663 3219 1731 οἷς
3262 1665 3523 1734 ἐποίησας
3571 1662 3731 1733 ἡμῖν,

2157 1762 2252 1815 καὶ
2284 1762 2460 1816 πάντα
2478 1763 2547 1815 τὰ
2577 1762 2713 1833 ἔργα
2739 1779 2832 1815 σου
2862 1760 3115 1831 ἀληθινὰ,
3152 1760 3246 1813 καὶ
3284 1758 3340 1811 αἱ
3368 1756 3476 1809 ὁδοί
3503 1772 3594 1808 σου
3640 1753 3732 1806 so-

2159 1853 2320 1917 Θεῖαι,
2359 1851 2451 1905 καὶ
2486 1854 2658 1906 πᾶσαι
2689 1854 2746 1904 αἱ
2778 1850 2986 1923 κρίσεις
3017 1866 3111 1902 σου
3141 1846 3410 1919 ἀληθιναί.

2222 1964 2309 2019 28.
2338 1966 2447 2019 Kal
2484 1965 2725 2037 κρίματα
2768 1963 3025 2034 ἀληθείας
3079 1962 3341 2032 ἐποίησας
3378 1957 3520 2012 κατά
3553 1958 3731 2011 πάντα

2155 2054 2191 2109 ὃ.
2213 2058 2489 2127 ἐπήγαγες
2516 2058 2671 2128 ήμῖν,
2697 2056 2792 2109 xal
2816 2056 2909 2109 ἐπὶ
2953 2055 3052 2124 τ-ὴν
3098 2055 3253 2108 πόλιν
3299 2069 3390 2105 σου
3421 2051 3518 2122 τὴν
3567 2050 3731 2117 ἀγίαν

2155 2144 2252 2217 τὴν
2285 2146 2393 2199 τῶν
2420 2145 2671 2217 πατέρων
2716 2146 2873 2217 ήμῶν
2907 2145 3277 2216 Ἰερουσαλήμ.
3322 2142 3465 2195 Διότι
3511 2142 3569 2193 ὲν
3598 2140 3727 2210 eaq»-

2158 2236 2279 2307 θείᾳ
2328 2236 2420 2288 καὶ
2444 2236 2623 2309 κρίσει
2640 2235 2900 2306 ἐποίησας
2917 2236 3095 2289 πάντα
3124 2234 3292 2289 ταῦτα
3313 2232 3401 2287 διὰ
3432 2234 3527 2295 τὰς
3549 2232 3731 2300 ἀμαρ-

2156 2328 2271 2391 τίας
2303 2329 2478 2398 ἡμῶν.

2226 2419 2314 2472 29.
2349 2419 2470 2471 Ὅτι
2524 2418 2846 2489 ἡμάρτομεν
2898 2418 2956 2470 ὲν
3000 2418 3133 2469 πᾶσι
3159 2456 3175 2482 ,
3240 2416 3332 2470 καὶ
3375 2417 3731 2486 ὴνομήσαμεν

2157 2512 2457 2583 ἀποστῆναι
2484 2512 2594 2565 ἀπό
2628 2528 2721 2564 σου
2775 2511 2867 2564 καὶ
2905 2510 3286 2583 ὲξημάρτομεν
3314 2512 3371 2563 ὲν
3402 2511 3559 2565 πᾶσι.

2225 2693 2315 2748 '50.
2355 2692 2465 2747 Kal
2489 2694 2596 2747 τῶν
2620 2695 2854 2748 ἐντολῶν
2884 2693 2977 2747 τοῦ
3012 2698 3178 2763 νόμου
3213 2709 3307 2745 σου
3343 2694 3444 2761 οὐχ
3488 2690 3729 2761 ὑπηκού-

2159 2801 2351 2855 σαμεν,
2376 2784 2497 2838 οὐδὲ
2538 2786 3000 2855 συνετηρήσαμεν,
3023 2783 3141 2836 οὐδὲ
3167 2784 3518 2854 ἐποιήσαμεν,
3544 2782 3729 2846 καθὼς

2158 2875 2404 2929 ἐνετείλω
2436 2878 2587 2947 ἡμῖν,
2617 2876 2708 2929 ἵνα
2740 2870 2799 2927 εὖ
2832 2876 2964 2944 ἡμῖν
2989 2872 3236 2944 γένηται.

2226 2967 2314 3021 3f.
2350 2968 2459 3019 Kal
2490 2965 2583 3018 νῦν
2607 2966 2783 3020 πάντα
2815 2965 2915 3019 ὅσα
2940 2966 3070 3035 ἡμῖν
3095 2966 3396 3036 ἐπήγαγες,
3432 2964 3527 3018 καὶ
3550 2963 3731 3017 πάντα

2157 3058 2257 3110 ὅσα
2291 3057 2552 3128 ἐποίησας
2573 3058 2797 3128 ἡμῖν,ὲν
2822 3056 3054 3129 ἀληθινῇ
3087 3060 3266 3127 κρίσει
3299 3056 3578 3127 ἐποίησας.

2226 3238 2317 3292 '52.
2343 3237 2453 3290 Kal
2479 3235 2797 3307 παρέδωκας
2819 3240 2964 3311 ἡμᾶς
2998 3236 3078 3299 εἰς
3108 3237 3298 3307 χεῖρας
3326 3235 3539 3307 ἐχθρῶν
3570 3236 3731 3307 ἡμῶν

2159 3324 2396 3395 ἀνόμων,
2432 3323 2525 3377 καὶ
2552 3324 2812 3394 ἐχθίστων
2834 3324 3176 3388 ἀποστατῶν,
3208 3325 3301 3376 καὶ
3329 3325 3539 3399 βασιλεῖ
3558 3327 3730 3397 ἀδίκῳ

2160 3412 2254 3464 xal
2281 3412 2631 3482 πονηροτάτῳ
2656 3412 2803 3482 παρά
2836 3414 3015 3466 πᾶσαν
3052 3412 3150 3482 τὴν
3182 3412 3286 3481 γῆν

2233 3596 2320 3650 35.
2353 3596 2464 3648 Kal
2492 3593 2586 3648 νῦν
2613 3593 2713 3647 οὐκ
2735 3593 2879 3649 ἔστιν
2915 3598 3047 3667 ήμῖν
3076 3595 3281 3661 ἀνοῖξαι
3317 3596 3377 3650 τὸ
3413 3596 3613 3667 στόμα·
3638 3598 3730 3650 αἰ-

2164 3690 2328 3760 σχύνη
2357 3692 2451 3743 καὶ
2480 3689 2677 3751 ὄνειδος
2704 3688 2932 3761 ἐγενήθη
2961 3687 3069 3741 τῶν
3103 3686 3305 3741 δούλων
3349 3704 3442 3740 σου
3498 3688 3591 3741 καὶ
3618 3686 3735 3740 τῶν

2162 3780 2286 3834 σεϐο
2292 3781 2468 3851 μένων
2497 3797 2577 3833 σε.

2230 3874 2319 3928 54.
2350 3871 2440 3943 Μὴ
2469 3868 2723 3941 παραδῷς
2747 3871 2895 3941 ἡμᾶς
2919 3877 2999 3935 εἰς
3022 3864 3167 3935 τέλος
3203 3870 3294 3925 διὰ
3326 3866 3582 3944 τὺ’δνομά
3613 3888 3733 3936 σου,

2162 3964 2254 4017 καὶ
2286 3961 2359 4033 μὴ
2389 3962 2745 4034 διασκεδάσῃς
2776 3979 2869 4015 σου
2895 3962 2993 4033 τὴν
3020 3962 3305 4034 διαθήκην.

2231 4056 2320 4109 δᾶ
2355 4056 2461 4109 Kal
2489 4055 2564 4126 μὴ
2602 4056 2915 4126 ἀποστήσῃς
2940 4054 3010 4107 ’τὸ
3041 4055 3189 4118 ἔλεός
3212 4072 3303 4108 σου
3332 4054 3425 4122 ἀφ’
3450 4056 3485 4125 ή
3496 4053 3611 4123 μῶν
3643 4051 3732 4106 διὰ

2175 4144 2422 4216 Ἀϐραὰμ
2469 4145 2561 4198 τὸν
2614 4146 2969 4216 ἠγαπημένον
3008 4147 3114 4199 ὑπό
3144 4160 3259 4211 σου,
3292 4146 3385 4198 καὶ
3410 4144 3496 4199 διὰ
3545 4143 3734 4197 Ἰσαὰκ

2162 4237 2251 4290 τὸν
2280 4236 2462 4289 δοῦλόν
2498 4250 2616 4299 σου,
2650 4238 2743 4289 καὶ
2773 4235 2991 4307 Ἰσραὴλ
3018 4238 3107 4290 τὸν
3134 4236 3288 4304 ἅγιόν
3322 4253 3435 4291 σου.

2235 4328 2322 4384 56.
2364 4328 2451 4391 Ὡς
2477 4328 2743 4397 ὲλάλησας
2770 4327 2905 4399 πρὸς
2935 4327 3133 4386 αὐτοὺς
3164 4328 3358 4396 λέγων,
3394 4326 3731 4398 πολυπληθῦ-

495 4413 639 4482 quod
660 4413 1111 4483 multiplicaretur
1136 4429 1321 4470 semen
1347 4430 1535 4471 eorum
1567 4417 1724 4485 quasi
1751 4417 1918 4472 stellae
1933 4418 2054 4471 οωιὶ

2164 4439 2250 4474 ναι
2275 4422 2336 4473 τὸ
2363 4420 2582 4491 σπέρμα
2615 4420 2792 4473 αὐτῶν
2839 4419 2915 4483 ὡς
2946 4419 3015 4473 τά
3043 4420 3217 4491 ἄστρα
3254 4420 3347 4473 τοῦ
3378 4419 3605 4492 οὐρανοῦ
3656 4419 3735 4489 τῷ

497 4505 861 4572 multitudine,
892 4516 946 4562 et
978 4507 1136 4577 quasi
1159 4521 1346 4572 arena,
1387 4522 1507 4577 quae
1534 4515 1617 4563 est
1647 4507 1715 4561 ad
1758 4523 1908 4562 oram
1942 4523 2057 4561 ma-

496 4598 591 4653 ris.

566 4688 656 4743 57.
697 4686 858 4755 Quia,
889 4686 1135 4752 Domine,
1167 4687 1421 4742 minorati
1448 4702 1640 4742 sumus
1675 4702 1782 4756 pra:
1804 4688 2060 4742 omnibus

498 4780 839 4849 gentibus,et
859 4795 1050 4835 sumus
1080 4779 1312 4835 humiles
1343 4778 1729 4833 inomni-terra
1749 4779 1905 4833 hodie
1935 4793 2061 4847 pro-

500 4880 619 4939 pter
647 4880 869 4939 peccata
901 4878 1107 4925 nostra.

568 4961 656 5018 38.
697 4962 763 5017 Et
796 4977 904 5017 non
936 4970 1019 5017 est
1051 4962 1104 5016 in
1135 4969 1377 5032 tempore
1407 4961 1509 5017 hoc
1550 4962 1821 5032 princeps,
1855 4968 1910 5015 et
1939 4976 2063 5026 pro-

502 5054 682 5124 pheta,
708 5069 882 5124 neque
910 5053 1040 5121 dux,
1072 5069 1247 5124 neque
1269 5052 1669 5117 holocaustum,
1687 5066 1857 5120 neque
1895 5052 2064 5105 sacri-

502 5146 710 5213 ticium,
736 5162 909 5216 neque
932 5147 1351 5216 oblatio,neque
1380 5148 1680 5211 incensum,
1713 5158 1888 5214 neque
1916 5143 2065 5198 locus

503 5236 762 5291 offerendi
794 5238 847 5291 in
880 5246 1169 5307 conspectu
1201 5250 1313 5292 tuo.

574 5327 662 5381 59.
705 5327 771 5381 Et
796 5327 1095 5383 inveniendi
1132 5328 1559 5385 misericordiam
1599 5346 1612 5381 :
1661 5327 1755 5381 sed
1797 5326 2069 5379 inanima

504 5420 886 5483 contribulata,
918 5430 972 5474 et
1001 5420 1192 5489 spiritu
1236 5422 1516 5476 humiliato
1546 5419 1924 5490 suscipiamur.

576 5554 665 5605 ιυ.
705 5552 873 5618 Quasi
905 5554 957 5607 in
991 5556 1315 5611 holocaustis
1337 5558 1586 5622 arietum,
1610 5564 1663 5611 et
1696 5566 1995 5619 taurorum,
2016 5562 2071 5607 et

508 5644 664 5711 quasi
694 5644 748 5695 in
779 5644 1015 5699 millibus
1044 5660 1301 5713 agnorum
1331 5648 1608 5715 pinguium
1638 5667 1651 5700 :
1681 5648 1756 5702 sic
1785 5649 1875 5701 flat
1900 5648 2070 5700 sacri-

509 5730 692 5790 ficium
725 5742 966 5787 nostrum
992 5735 1046 5787 ia
1080 5747 1368 5804 conspectu
1394 5748 1486 5792 tuo
1504 5738 1682 5803 hodie,
1709 5747 1761 5792 et
1795 5736 2071 5806 prepitiari

2166 4512 2380 4582 πλήθει,
2414 4509 2506 4563 καὶ
2528 4509 2602 4573 ὡς
2623 4509 2721 4578 τὴν
2746 4510 2928 4580 ἄμμον
2955 4510 3053 4580 τὴν
3074 4510 3223 4580 παρά
3243 4510 3300 4563 τὸ
3320 4510 3492 4582 χεῖλος
3512 4511 3611 4582 τῆς
3634 4510 3735 4565 θα-

2164 4600 2386 4669 λάςσης.

2235 4691 2322 4745 37.
2357 4690 2501 4753 Ὅτι,
2527 4688 2792 4753 Δέσποτα,
2814 4688 3255 4761 ὲσμικρύνθημεν
3283 4689 3434 4761 παρά
3460 4693 3632 4745 πάντα
3662 4692 3731 4745 τὰ

2167 4781 2316 4850 ἔθνη,
2368 4782 2462 4833 καὶ
2517 4780 2685 4850 ἐσμὲν
2726 4781 2971 4833 ταπεινοὶ
2998 4782 3056 4833 ὲν
3088 4781 3237 4853 πάσῃ
3280 4784 3345 4852 τῇ
3388 4784 3459 4852 γῇ
3493 4783 3736 4853 σήμερον

2169 4875 2255 4927 διὰ
2273 4874 2370 4937 τὰς
2400 4874 2673 4944 ἁμαρτίας
2702 4873 2880 4944 ήμῶν.

2239 4966 2326 5020 ⁸58.
2357 4965 2466 5017 Kal
2486 4964 2584 5017 οὐκ
2615 4963 2763 5017 ἐστιν
2795 4968 2852 5018 ὲν
2880 4964 2958 5035 τῷ
2998 4966 3175 5036 καιρῷ
3218 4965 3394 5036 τούτῳ
3423 4967 3607 5037 ἄρχων
3641 4969 3737 5019 καὶ

2172 5054 2474 5124 προφήτης,
2501 5050 2621 5104 οὐδὲ
2655 5052 2956 5123 ἡγούμενος
2974 5093 2989 5116 ,
3017 5053 3138 5106 οὐδὲ
3185 5053 3568 5118 ὁλοκαύτωσις,
3614 5054 3738 5106 οὐδὲ

2173 5141 2352 5203 θυσία,
2382 5141 2500 5194 οὐδὲ
2529 5142 2834 5212 προσφορὰ,
2860 5141 2979 5195 οὐδὲ
3001 5142 3271 5213 θυμίαμα,
3295 5144 3411 5197 οὐδὲ
3445 5144 3609 5206 τόπος
3644 5143 3740 5195 τοῦ

2173 5232 2463 5303 καρπῶσαι
2486 5232 2717 5285 ἐνώπιόν
2747 5250 2858 5287 σου.

2246 5326 2331 5380 59.
2364 5326 2473 5378 Καὶ
2491 5325 2677 5396 εὑρεῖν
2694 5324 2842 5388 ἕλεος
2859 5341 2872 5359 ο
2903 5327 3017 5379 ἀλλ’
3040 5328 3098 5380 ὲν
3116 5327 3263 5397 ψυχῇ
3288 5327 3738 5397 συντετριμμένῃ,

2176 5419 2267 5471 καὶ
2302 5418 2567 5489 πνεύματι
2598 5420 3049 5489 τεταπεινωμένῳ
3082 5419 3560 5490 προσδεχθείημεν.

2247 5552 2334 5605 40.
2373 5552 2461 5614 Ὠς
2500 5554 2557 5604 ὲν
2588 5551 3000 5623 ὁλοκαυτῶμασι
3031 5553 3201 5624 κριῶν
3245 5555 3338 5606 καὶ
3369 5552 3604 5624 ταύρων,
3650 5552 3748 5605 καὶ

2177 5641 2250 5704 ὼς
2288 5643 2345 5695 ὲν
2379 5642 2635 5713 μυριάσιν
2669 5642 2847 5714 ἀρνῶν
2891 5644 3118 5696 πιόνων⁹
3150 5643 3289 5696 οὕτω
3320 5643 3556 5709 γενέσθω
3588 5641 3748 5711 ήμῶν

2181 5735 2213 5804 ή
2248 5732 2407 5786 θυσία
2432 5733 2659 5789 ἐνώπιόν
2688 5754 2791 5789 σου
2826 5736 3083 5809 σήμερον,
3116 5734 3209 5789 καὶ
3255 5734 3493 5801 emam
3528 5733 3747 5788 ὖπισθέν
