4122 6320
343 400 479 458 2789

1593 403 1839 459 DANIEL
1893 401 2119 461 CAPUT
2162 401 2252 458 ΙΙΙ.

3433 399 3576 457 2790

341 538 456 586 σου,
490 519 572 572 ὅτι
603 518 704 571 οὐκ
742 517 886 571 ἔστιν
917 517 1144 589 αἰσχύνη
1181 520 1292 583 τοῖς
1339 518 1651 573 πεποιθόσιν
1696 522 1786 575 ὲπί
1821 538 1889 573 σοι

2006 531 2127 591 post
2150 520 2380 590 te,un
2408 533 2512 574 non
2548 526 2630 574 est
2654 516 3319 576 confusioconfldemibus
3348 518 3403 572 in
3435 525 3488 573 te
3519 528 3577 575 et

338 616 394 653 τ’
432 610 528 664 καὶ
553 607 836 662 τελειῶσαι
874 608 1096 662 δπισθέν
1128 626 1222 663 σου
1247 610 1304 679 /.

295 701 306 748 ξ
405 700 494 753 Η..
522 699 636 754 Kal
673 697 767 752 νῦν
790 697 1250 770 ἐξακολουθοῦμεν
1284 700 1479 774 nam
1508 702 1704 774 καρδίᾳ
1726 703 1900 773 ἡμῶν,

334 791 433 846 καὶ·
457 789 774 860 φοϐούμεθά
801 807 881 854 σε,
921 791 1016 847 καὶ
1054 791 1324 863 ζητοῦμεν
1351 793 1413 846 τὸ
1433 794 1721 865 πρόσωπόν
1751 811 1864 846 σου.

405 882 617 953 43.1w}
655 881 1025 952 καταισχύνῃς
1085 883 1272 952 ἡμᾶς,
1321 881 1458 940 ἀλλὰ
1510 882 1734 954 ποίησον
1784 883 1902 952 μεθ’

331 973 488 1044 ἡμῶν
515 977 667 1037 ἔλεος
700 974 744 1028 /.
778 972 920 1029 κατὰ
945 974 1045 1045 τὴν
1065 975 1366 1032 ἐπιείκειάν
1401 992 1518 1040 σου,
1557 976 1648 1029 καὶ
1679 977 1814 1032 κατὰ
1842 976 1902 1028 τὸ

329 1061 536 1132 πλῆθος
565 1061 661 1115 τοῦ
696 1061 880 1124 ἐλέους
906 1078 1034 1117 σου..

399 1154 491 1208 45.
514 1153 623 1206 Kal
661 1152 843 1218 ἑξελοῦ
871 1155 1017 1224 ἡμᾶς
1043 1154 1186 1207 κατὰ
1224 1153 1294 1208 τὰ
1325 1153 1603 1226 θαυμάσιά
1645 1171 1760 1220 σου,
1809 1156 1903 1209 καὶ

321 1243 415 1307 δὸς
442 1243 599 1308 δόξαν
626 1243 706 1313 τῷ
731 1243 955 1314 ὀνόματί
979 1261 1096 1308 σου,
1129 1243 1326 1316 Κύριε.

397 1334 485 1388 M.
510 1335 620 1388 Kal
645 1336 1045 1407 ἐντραπείησαν
1070 1337 1269 1400 πάντες
1293 1338 1341 1390 oi
1371 1337 1776 1408 ἐνδεικνύμενοι,
1788 1339 1900 1400 τοῖς

319 1425 532 1489 δούλοις
558 1442 654 1478 σου
683 1425 847 1490 κακὰ,
878 1426 971 1478 καὶ
1001 1425 1531 1497 καταισχυνθείησαν
1573 1426 1680 1480 ἀπὸ
1721 1426 1899 1494 πάσης

319 1516 667 1581 δυναστείας,
693 1517 846 1587 καὶὴ
881 1517 1035 1587 ἰσχὺς
1073 1516 1252 1570 αὐτῶν
1285 1517 1618 1589 συντριϐείη.

394 1611 484 1664 45.
510 1607 809 1662 Γνὼτωσαν
841 1610 927 1662 ὅτι
966 1610 1032 1662 σύ
1061 1603 1115 1661 εῐ
1156 1608 1314 1679 μόνος
1353 1608 1556 1680 Κύριος
1581 1611 1609 1662 ό
1629 1608 1782 1675 Θεὸς,
1806 1609 1902 1662 καὶ

323 1699 535 1768 ἔνδοξος
561 1701 646 1770 ἐφ’
676 1699 804 1770 ὅλην
826 1698 922 1770 τὴν
945 1700 1286 1771 οἰκουμένην.
1307 1753 1312 1756 .

2005 610 2263 678 perlicere
2292 617 2413 679 post
2441 618 2511 663 te.

2075 702 2180 759 ll.~
2205 700 2270 754 Et
2292 718 2440 758 nunc
2465 700 2816 773 exsequimur
2853 699 3052 754 in.toto
3082 699 3246 754 corde
3284 708 3492 766 nostro,
3523 711 3576 755 et

2006 792 2259 849 timemus
2296 801 2449 856 te,.et
2477 793 2772 862 quaerimus
2801 790 3195 850 facieni,tuam.

2077 885 2162 940 42.
2204 882 2282 940 Ne
2318 883 2622 939 confundas
2653 899 2774 948 nos,
2828 884 2921 943 sed
2968 882 3053 940 fac
3094 883 3379 942 nobiscum
3406 882 3574 936 misc-

2005 973 2294 1028 ricordiam
2325 973 2625 1028 secundum
2667 974 3140 1030 mansuetudinem
3190 981 3361 1038 tuam,
3398 983 3452 1028 et
3484 990 3573 1027 sc-

2002 1062 2244 1119 cundum
2270 1063 2671 1120 multitudinem
2707 1063 3080 1121 miserationis
3115 1077 3240 1123 tua.

2069 1155 2159 1208 45.
2202 1152 2266 1208 Ει
2293 1153 2598 1213 liberanos
2621 1153 2920 1212 secundum
2963 1155 3233 1215 mirabilia
3287 1163 3398 1220 tua,
3427 1164 3479 1210 et
3505 1157 3573 1216 da

2001 1243 2228 1314 gloriam
2259 1244 2466 1299 nomini
2498 1253 2613 1307 tuo,
2645 1241 2902 1302 Domine..

2069 1335 2158 1392 M.
2199 1335 2265 1390 Et
2292 1334 2700 1391 confundantur.
2722 1337 3050 1406 omnesgqui
3083 1337 3373 1392 ostendunt
3401 1337 3574 1392 servis

2001 1427 2113 1482 tuis
2133 1426 2300 1492 mala,
2356 1435 2413 1482 et
2459 1425 2867 1484 confundantur
2914 1429 2983 1486 ab
3039 1429 3187 1486 omni
3233 1430 3493 1498 potentia,
3521 1439 3571 1486 et

1999 1513 2258 1570 fortitudo
2286 1530 2475 1572 eorum
2510 1524 2848 1573 conteratur.

2069 1607 2158 1662 45.
2198 1606 2560 1677 Cognoscant,
2592 1610 2851 1678 quoniam
2893 1616 2948 1663 tu
3007 1624 3066 1664 es
3114 1609 3264 1664 solus
3308 1609 3571 1665 Dominus

1999 1697 2237 1764 Deus,ct
2266 1698 2538 1768 gloriosus
2594 1713 2758 1768 super
2805 1699 3118 1755 universum
3179 1701 3365 1756 orbem
3400 1711 3570 1757 terra-

1999 1804 2144 1842 rum.

394 1882 482 1937 46.
513 1883 622 1936 Kal
648 1883 709 1936 οὐ
741 1881 973 1936 διέλιπον
997 1882 1046 1934 οἰ
1077 1880 1433 1952 ἐμϐάλλοντες
1464 1882 1659 1947 αὐτοὺς
1686 1882 1889 1954 ὑπηρέ-

2066 1880 2153 1934 46.
2196 1879 2261 1933 Et
2289 1896 2396 1935 non
2432 1881 2744 1948 cessabant,
2774 1882 2868 1952 qui
2918 1881 3237 1952 injiciebant
3261 1897 3376 1947 eos,
3411 1883 3536 1938 min.‘

318 1993 412 2028 ται
455 1973 548 2029 τοῦ
580 1973 864 2044 βασιλέως,
896 1972 1138 2035 καίοντες
1176 1972 1276 2043 τὴν
1313 1973 1575 2044 κάμινονο
1611 1975 1704 2026 καὶ
1733 1975 1894 2045 ἡνίκα

319 2063 646 2118 ὲνεϐάλοσαν
678 2063 803 2126 τοὺς
848 2064 996 2132 τρεῖς
1024 2063 1254 2128 εἰσάπαξ
1287 2065 1364 2127 εἰς
1389 2066 1486 2134 τὴν
1531 2065 1782 2134 κάμινον,
1804 2067 1895 2119 καὶ

320 2158 358 2225 ὴ
385 2156 612 2225 κάμινος
650 2150 718 2224 ἦν
760 2155 1021 2226 διάπυρος
1057 2155 1198 2209 κατὰ
1243 2156 1340 2226 τὴν
1390 2157 1690 2228 θερμασίαν
1727 2159 1895 2227 αὐτῆς

321 2247 744 2310 έπταπλασίως·
785 2247 878 2300 καὶ
931 2248 1021 2301 ὅτε
1075 2249 1272 2311 αὐτοὺς
1317 2249 1658 2314 ἐνεϐάλοσαν,
1713 2251 1761 2303 oi
1797 2252 1894 2322 μὲν

321 2339 680 2410 ἐμϐάλλοντες
713 2341 911 2402 αὐτοὺς
939 2335 1081 2410 ἦσαν
1109 2338 1364 2409 ὑπεράνω
1401 2339 1602 2404 αὐτῶν,
1629 2342 1681 2392 oi
1706 2341 1763 2393 δὲ
1792 2343 1895 2393 ὐπ-

320 2430 506 2484 έκαιον
530 2431 882 2486 ὑποκάτωθεν
909 2431 1088 2484 αὐτῶν
1107 2429 1338 2499 νάφθαν,
1377 2432 1470 2485 καί⁵
1517 2430 1762 2499 στυπίον,
1800 2433 1894 2488 καὶ

323 2522 545 2589 πίσσαν,
575 2521 672 2576 καὶ
697 2521 1021 2595 κληματίδα.

387 2611 480 2664 47.
511 2612 622 2664 Καὶ
663 2611 890 2682 διεχεῖτο
928 2616 964 2683 ή
1017 2612 1150 2682 φλὸξ
1177 2611 1364 2667 ἐπάνω
1392 2615 1490 2684 τῆς
1535 2612 1762 2683 καμίνου
1801 2615 1892 2668 ἐπὶ

323 2702 517 2773 πήχεις
537 2705 1122 2774 τεσσαρακονταεννέα.

387 2790 477 2846 48.
502 2792 614 2844 Kal
637 2791 1004 2858 διεξώδευσεν,
1031 2793 1127 2847 καὶ
1149 2795 1466 2865 ἐνεπύρισεν
1488 2793 1582 2858 οὒς
1612 2789 1739 2864 εὗρε
1764 2794 1890 2862 περὶ

322 2882 416 2952 τὴν
446 2881 676 2951 κάμινον
703 2885 811 2936 τῶν
845 2882 1148 2937 Χαλδαίων.

388 2970 477 3026 49.
522 2971 784 3040 Ἀγγελος
813 2971 869 3024 δὲ
896 2972 1100 3043 Κυρίου
1132 2973 1443 3042 συγκατέση
1481 2973 1596 3044 ἃμα
1621 2976 1732 3038 τοῖς
1762 2975 1890 3045 περὶ

323 3060 410 3115 τὸν
457 3060 713 3132 Ἀζαρίαν
770 3063 850 3123 είς
905 3063 1003 3131 τὴν
1045 3063 1296 3132 κάμινον,
1337 3063 1430 3116 καὶ
1482 3063 1749 3129 ὲξετίναξε
1793 3064 1889 3133 τὴν

323 3153 492 3224 φλόγα
509 3152 602 3207 τοῦ
630 3153 803 3224 πυρὸς
835 3155 899 3205 ὲκ
925 3153 1025 3224 τῆς
1056 3153 1309 3223 καμίνου.
1332 3192 1348 3220 ,

389 3245 480 3303 50.
510 3244 620 3296 Καὶ
652 3243 876 3314 ἐποίησε
905 3243 966 3296 τὸ
1001 3243 1162 3313 μέσον
1183 3244 1281 3312 τῆς
1303 3244 1534 3316 καμίνου
1564 3244 1695 3301 ὡσεὶ
1723 3244 1880 3296 πνεῦ-

323 3352 396 3403 μα
423 3336 616 3406 δρόσου
640 3333 972 3405 διασυρίζον,
1001 3335 1097 3392 καὶ
1129 3335 1226 3404 οὐχ
1249 3333 1426 3403 ἥψατο
1450 3334 1628 3388 αὐτῶν
1659 3333 1886 3387 καθόλου

319 3426 378 3480 τό
414 3425 544 3498 πῦρ,
570 3427 664 3480 καὶ
691 3427 788 3483 οὐκ
811 3425 1069 3496 ἐλύπησε,
1098 3426 1191 3485 καὶ
1232 3427 1294 3484 οὐ
1335 3426 1761 3500 παρηνώχλησεν
1791 3428 1887 3481 ωὐ-

315 3534 458 3581 τους.

385 3610 473 3664 51.
518 3609 902 3672 ’Δναλαὸόντες
934 3609 990 3662 δὲ
1017 3610 1066 3663 οἰ
1094 3613 1240 3681 τρεῖς
1270 3611 1344 3674 ὡς
1385 3610 1443 3676 ἐξ
1472 3609 1590 3671 ἑνὸς
1622 3609 1885 3680 στόματος

320 3703 540 3770 ὕμνουν,
571 3700 664 3756 καὶ
687 3701 956 3766 ἐδόξαζον,
986 3701 1080 3759 καὶ
1107 3701 1361 3769 εὐλόγουν
1382 3714 1444 3758 σε·
1468 3701 1560 3754 καὶ
1579 3701 1807 3770 ἑξύψουν
1825 3702 1882 3770 /.

316 3793 404 3845 τὸν
433 3791 564 3845 Θεὸν
584 3793 643 3844 ἐν
669 3794 736 3862 τῇ
759 3791 994 3862 καμίνῳ,
1024 3791 1298 3859 λέγοντες

383 3885 471 3939 52.
532 3883 837 3954 Εὐλογητὸς
881 3878 950 3950 εἰ,
998 3883 1170 3954 Κύριε
1216 3885 1244 3936 ὁ
1290 3882 1422 3945 Θεὸς
1473 3881 1580 3937 τῶν
1633 3883 1884 3954 πατέρων

317 3974 492 4045 ἡμῶν,
521 3975 612 4028 καὶ
645 3973 874 4038 αἰνετὸς,
905 3974 998 4026 καὶ
1033 3972 1476 4044 ὑπερυψούμενος
1505 3974 1586 4036 εἰς
1610 3974 1736 4037 τοὺς
1761 3975 1886 4026 αἰῶ-

320 4081 431 4129 ναςο
486 4067 582 4119 καὶ
634 4065 998 4137 εὐλογημένον
1028 4065 1088 4117 τὸ
1114 4065 1284 4134 ὄνομα
1327 4065 1429 4133 τῆς
1485 4064 1643 4135 δόξης
1696 4082 1791 4118 σου
1824 4065 1886 4118 τὸ

320 4156 490 4224 ἅγιον,
521 4157 617 4210 καὶ
646 4154 1019 4227 ὑπεραινετὸν.
1049 4155 1143 4208 καὶ
1181 4155 1608 4225 ὑπερυψωμένον
1641 4159 1720 4219 εἰς
1750 4157 1885 4210 πάν-

318 4266 408 4312 τας
428 4251 553 4312 τοὺς
576 4249 798 4312 αἰῶνας.

506 4337 882 4410 Εὐλογημένος
907 4330 962 4390 εἷ
1005 4337 1064 4390 ὲν
1111 4333 1189 4407 τῷ
1228 4335 1342 4406 ναῷ
1370 4337 1468 4404 τῆς
1518 4337 1678 4405 ἁγίας
1727 4335 1884 4407 δόξης

318 4445 431 4498 σου,
451 4431 547 4485 καὶ
576 4429 980 4503 ὑπερυμνητὸς,
1001 4429 1096 4484 καὶ
1123 4427 1477 4499 ὑπερένδοξος
1501 4430 1580 4493 εἰς
1599 4430 1726 4493 τοὺς
1755 4429 1886 4482 αἰῶ-

317 4539 428 4578 νας.

384 4612 470 4668 54.
505 4612 810 4684 Εὐλογητὸς
840 4608 892 4666 εἴ
926 4613 1018 4667 ἐπὶ
1061 4613 1250 4684 θρόνου
1287 4613 1446 4684 δόξης
1474 4614 1573 4683 τῆς
1611 4612 1886 4684 βασιλείας

299 4722 428 4770 σου,
458 4706 551 4758 καὶ
577 4705 833 4775 ὑμνητὸς,
854 4705 948 4758 καὶ
963 4705 1387 4776 ὑπερύψωμένος
1407 4707 1486 4769 εἰς
1505 4708 1630 4770 τοὺς
1660 4706 1881 4769 αἰῶνας.

384 4799 472 4853 55.
504 4797 808 4866 Εὐλογητὸς
842 4793 893 4849 εἴ
917 4797 946 4849 ὁ
980 4796 1190 4867 βλέπων
1232 4797 1504 4860 ἀϐύσσους
1527 4837 1542 4864 ,
1576 4797 1885 4870 καθήμενος

319 4889 405 4942 ἐπὶ
431 4889 730 4962 Χερουϐὶμ,
755 4889 849 4942 καὶ
874 4889 1106 4954 αἰνετὸς,
1137 4889 1231 4942 καὶ
1251 4888 1632 4959 δεδοξασμένος
1662 4891 1740 4953 εἰς
1759 4889 1885 4951 τοὺς

318 4994 535 5040 αιωνας.

383 5069 470 5123 56.
501 5068 807 5139 Εὐλογητὸς
837 5064 887 5122 εἴ
918 5071 976 5123 ὲν
1007 5067 1085 5140 τῷ
1119 5069 1460 5140 στερεώματι
1491 5074 1558 5138 )9:
1587 5070 1681 5123 τοῦ
1723 5070 1886 5140 οὐρα-

315 5157 426 5223 νοῦ,
456 5158 548 5212 καὶ
575 5158 835 5229 ὑμνητὸς,
871 5160 966 5212 καὶ
993 5158 1376 5230 δεδοξασμένος
1405 5162 1484 5224 είς
1508 5161 1632 5223 τοὺς
1658 5160 1879 5222 αἰῶνας.

383 5251 468 5305 57.
504 5250 792 5320 Εὐλογεῖτε
818 5251 996 5305 πάντα
1026 5252 1095 5304 τὰ
1125 5252 1262 5323 ἔργα
1297 5251 1390 5304 τοῦ
1425 5252 1631 5322 Κυρίου
1665 5251 1886 5304 τὸνηΚύ-

317 5357 448 5408 ριον,
477 5341 718 5410 ὑμνεῖτε,
738 5340 832 5392 καὶ
857 5338 1196 5410 ὐπερυψοῦτε
1219 5340 1383 5393 αὐτὸν
1405 5340 1482 5401 εἰς
1507 5341 1632 5400 τοὺς
1660 5338 1880 5401 αἰῶνας.

380 5431 467 5486 58.
491 5431 776 5499 Εὑλογείτε
804 5431 1024 5499 ἄγγελοι
1040 5432 1244 5502 Κυρίου
1273 5431 1362 5485 τὸν
1386 5430 1618 5501 Κύριον,
1642 5432 1878 5500 ὑμνεῖτε,

319 5523 406 5577 καὶ
426 5522 768 5594 ὐπερυψοῦτε
797 5523 958 5576 αὐτὸν
991 5525 1071 5586 είς
1103 5524 1228 5586 τοὺς
1252 5522 1469 5585 αἰῶνας.

372 5612 463 5669 59.
498 5615 788 5684 Εὐλογεῖτε
826 5616 1044 5686 οὐρανοὶ
1081 5616 1170 5668 τὸν
1197 5614 1402 5684 Κύριον
1425 5655 1438 5680 ,
1489 5616 1705 5684 ὑμνεῖτε
1727 5655 1740 5680 ,
1794 5617 1882 5668 καὶ

283 5735 290 5740 -
319 5706 652 5776 ὐπερυψοῦτε
681 5707 844 5762 αὐτὸν
870 5710 949 5771 εἰς
972 5709 1095 5778 τοὺς
1130 5709 1350 5770 αἰῶνας.

383 5800 466 5854 ϐυ.
503 5801 788 5872 Εὐλογείτε
811 5801 994 5869 ὕδατα,
1023 5803 1111 5856 καὶ
1142 5804 1314 5858 πάντα
1345 5801 1411 5856 τὰ
1440 5803 1621 5857 ἐπάνω
1656 5801 1747 5855 τοῦ
1788 5802 1877 5854 οὐ-

1997 1973 2095 2028 slri
2134 1973 2272 2043 regis
2296 1973 2689 2030 succendentes
2717 1974 2993 2030 fornacem
3025 1993 3038 2029 :
3070 1983 3124 2029 et
3151 1976 3370 2044 quando
3392 1976 3542 2029 immt

1997 2068 2185 2115 serunt
2217 2069 2326 2116 tres
2352 2061 2515 2116 simul
2553 2063 2607 2116 in
2668 2063 2968 2130 fornacem,
3021 2064 3184 2118 etiam
3234 2062 3426 2120 fornax
3455 2075 3571 2120 erat

1997 2165 2260 2206 succensa
2308 2152 2604 2206 secundum
2646 2151 3128 2209 inﬂammationem
3179 2169 3334 2210 suam
3381 2167 3566 2226 septu-

1997 2241 2164 2309 plum,
2189 2252 2243 2298 et
2263 2244 2484 2312 quando
2515 2244 2816 2312 injeccrunt
2838 2259 2955 2311 eos,
2983 2247 3074 2314 qui
3103 2246 3320 2316 quidem
3353 2247 3566 2317 injicieo

1997 2331 2127 2384 bant
2155 2345 2273 2398 eos,
2303 2340 2461 2386 erant
2492 2348 2656 2402 supra
2685 2347 2818 2401 eos;
2873 2334 2967 2388 alii
3003 2349 3131 2390 vero
3159 2337 3566 2390 succendebant

1995 2422 2184 2475 subter
2211 2437 2305 2478 eos
2339 2422 2656 2494 naphtham,
2696 2432 2751 2480 et
2775 2435 3006 2494 stupam,
3059 2435 3112 2480 et
3137 2427 3334 2496 picem,
3361 2436 3413 2482 et
3441 2441 3561 2482 sar-

1996 2522 2196 2566 menta.

2063 2603 2154 2657 47.
2200 2601 2671 2660 Etell'undebatur
2724 2607 2938 2665 ﬂamma
2987 2623 3150 2678 super
3193 2608 3467 2666 fornacem
3496 2613 3563 2666 ad

1994 2693 2210 2749 cubitus
2239 2695 2596 2766 quadraginta
2624 2712 2842 2752 novem.

2064 2784 2153 2840 48.
2197 2784 2262 2839 Et
2319 2795 2610 2857 pervagata
2642 2797 2750 2853 est,
2794 2795 2848 2842 et
2904 2787 3144 2846 incendit
3201 2806 3338 2860 quos
3369 2792 3566 2860 reperit

1992 2873 2134 2928 circa
2169 2872 2440 2930 fornacem
2463 2876 2531 2931 de
2555 2877 2844 2935 Chaldaeis.

2061 2964 2149 3018 49.
2195 2965 2430 3036 Angelus
2462 2977 2643 3022 autem
2678 2966 2892 3022 Domini
2923 2967 3207 3027 descendit
3243 2970 3407 3024 simul
3437 2986 3562 3024 cum

1991 3056 2090 3120 eis,
2117 3057 2206 3127 qui
2237 3069 2538 3114 erantcum
2566 3060 2761 3117 Azaria
2791 3062 2846 3113 in
2897 3060 3202 3127 fornacem,
3252 3073 3304 3121 et
3325 3064 3564 3116 excussit

1993 3145 2267 3200 flammam
2293 3147 2431 3216 ignis
2455 3149 2521 3202 de
2541 3149 2782 3203 fornace.

2061 3237 2150 3292 50.
2193 3239 2260 3293 Et
2287 3239 2411 3293 fecit
2443 3241 2683 3295 medium
2721 3240 2960 3301 fornacis
3004 3243 3161 3312 quasi
3193 3244 3442 3312 spiritum
3471 3261 3560 3299 ro-

1991 3329 2066 3383 ris
2101 3328 2344 3395 flantem,
2373 3339 2426 3384 et
2448 3346 2555 3384 non
2596 3331 2766 3401 tetigit
2803 3348 2897 3388 eos
2931 3348 3156 3402 prorsus
3191 3334 3354 3405 ignis,
3389 3352 3563 3407 neque

1989 3419 2351 3485 contristavit,
2386 3436 2562 3491 neque
2596 3424 2902 3479 molestiam
2934 3425 3118 3479 intulit
3149 3427 3251 3482 eis.

2056 3599 2146 3653 5i.
2189 3601 2541 3658 Assumentes
2596 3611 2777 3657 autem
2843 3611 2952 3660 tres
3005 3605 3162 3675 quasi
3215 3622 3280 3661 ex
3320 3623 3429 3661 uno
3467 3625 3561 3664 ore

1989 3688 2253 3762 hymnum
2278 3692 2528 3746 dicebant
2551 3702 2604 3747 et
2636 3693 3031 3764 glorificabant,
3057 3703 3112 3750 et
3146 3695 3556 3763 benedicebant,

1986 3783 2370 3838 etexaltabant
2403 3783 2569 3839 Deum
2600 3786 2656 3839 in
2688 3784 2911 3841 fornace
2943 3787 3185 3844 dicentes
3226 3807 3238 3842 :

2057 3871 2144 3926 52.
2186 3872 2510 3931 Benedictus
2540 3890 2620 3942 es,
2660 3873 2890 3930 Domine
2913 3875 3056 3931 Deus
3086 3887 3305 3950 patrum
3337 3890 3557 3935 nostro-

1987 3978 2134 4029 rum,
2170 3973 2225 4019 et
2251 3965 2562 4031 laudabilis,
2603 3977 2660 4020 et
2686 3969 3120 4037 superexaltatus
3154 3970 3208 4022 in
3237 3972 3431 4026 saecula
3459 3989 3475 4026 :
3505 3983 3560 4026 et

1987 4053 2332 4110 benedictum
2365 4071 2564 4111 nomen
2599 4057 2784 4126 gloria:
2829 4067 2938 4112 tuae
2970 4067 3324 4123 sanctum,et
3367 4075 3556 4130 super-

1988 4146 2276 4212 laudabile,
2308 4155 2361 4202 et
2385 4148 2846 4217 superexaltatum
2879 4147 2952 4213 in.
2973 4149 3158 4212 omnia
3196 4150 3394 4213 saecula

2058 4329 2146 4382 55.
2214 4328 2571 4392 Benedictus.
2623 4344 2695 4395 es,
2737 4331 2790 4392 in
2850 4331 3052 4401 templo
3112 4343 3314 4390 sancta:
3371 4336 3556 4407 gloriae

1989 4429 2115 4485 tuae,
2161 4430 2216 4476 et
2276 4422 2745 4496 superlaudabilis,
2777 4431 2829 4478 et
2876 4423 3308 4496 supergloriosus
3350 4431 3404 4482 in
3452 4446 3546 4484 sa:-

1919 4538 1961 4591 D
1990 4513 2130 4566 cuia.

2059 4604 2160 4664 5L
2190 4603 2514 4670 Benedictus
2537 4621 2599 4663 es
2623 4607 2683 4671 in
2732 4610 2930 4664 throno
2958 4609 3145 4679 gloria:
3185 4609 3334 4680 regni
3371 4611 3471 4675 lui,
3506 4621 3560 4666 et

1988 4695 2298 4764 laudabilis,
2327 4710 2380 4754 et
2410 4701 2846 4768 superesaltatus
2893 4702 2946 4756 in
2987 4703 3208 4767 saecula.

2059 4791 2150 4846 55.
2176 4789 2501 4848 Benedictus
2546 4808 2605 4848 es
2639 4795 2733 4864 qui
2762 4797 2942 4854 cernis
2967 4795 3217 4866 abyssos,
3249 4795 3442 4852 sedens
3468 4813 3552 4851 su-

1987 4899 2084 4954 per
2133 4885 2454 4953 Cherubin),
2510 4893 2566 4942 et
2611 4887 2941 4954 laudabilia
2975 4899 3028 4946 et
3084 4888 3558 4960 gloriosusinsae-

1987 4977 2128 5030 cula.

2059 5067 2148 5123 56.
2190 5067 2524 5130 Benedictus
2539 5070 2684 5127 es.in
2718 5071 3061 5131 firmamento
3102 5072 3252 5136 coeli,
3289 5083 3342 5126 et
3375 5072 3562 5126 lauda-

1988 5160 2136 5227 bilis,
2160 5169 2213 5215 et
2243 5161 2522 5231 gloriosus
2554 5162 2607 5216 in
2637 5163 2858 5218 saecula.

2057 5255 2145 5309 57.
2186 5255 2515 5322 Belledicile,
2566 5257 2748 5311 omnia
2798 5272 2962 5325 opera
3010 5256 3246 5321 Domini,
3311 5258 3558 5319 Domino,

1989 5349 2250 5420 hymnum
2275 5351 2457 5414 dicite,
2491 5361 2545 5404 et
2568 5352 2968 5419 superexaltate
3009 5366 3134 5404 eum
3167 5351 3222 5404 in
3257 5350 3476 5404 saacula.

2059 5438 2145 5497 5:8.
2189 5438 2518 5503 Bcnedicitc,
2549 5440 2722 5509 angeli
2757 5438 2991 5505 Domini,
3028 5439 3278 5506 Domino,
3299 5439 3560 5511 hymnum

1986 5533 2169 5594 dicite,
2195 5544 2246 5586 et
2274 5533 2671 5602 superexaltate
2700 5548 2823 5587 eum
2866 5535 2918 5586 in
2953 5534 3168 5588 saecula.

2059 5623 2144 5676 '59.
2184 5621 2513 5687 Bcncdicite,
2547 5623 2691 5688 caeli,
2728 5622 2974 5688 Domino,
3009 5624 3269 5695 hymnum
3300 5624 3482 5691 dicite,
3509 5632 3564 5678 ct

1988 5715 2385 5785 supereraltate
2410 5732 2533 5770 cum
2565 5716 2618 5769 in
2644 5717 2862 5774 saecula.

2057 5803 2143 5858 60.
2187 5801 2510 5871 Benedicilc,
2536 5820 2709 5875 aquae,
2730 5812 2778 5859 el
2808 5805 3012 5874 omnia,
3041 5819 3160 5876 quae
3184 5821 3344 5875 super
3362 5806 3558 5862 ClDllllll
