4122 6320
557 423 688 476 2:91
1640 418 2104 476 HEXAPLORUM
2141 417 2306 486 ρωε
2348 412 2772 475 secessum.
3649 405 3794 461 2792

559 551 708 607 Iunt,
770 542 1018 607 Domino,
1058 546 1318 618 hymnum
1374 537 1554 604 dicite,
1613 546 1668 592 et
1727 535 2187 606 superexsltateA

2164 542 2193 597 Α
2225 535 2388 606 ρανοῦ
2435 535 2526 588 τὸν
2576 533 2801 603 Κύριον,
2850 530 3086 600 ὑμνεῖτε,
3119 529 3212 581 καί¹
3242 520 3585 595 ὑπερνψούτε
3628 523 3792 577 αὑτὸν

559 643 684 683 eum
723 627 775 680 in
805 629 1017 682 saecula.

2223 627 2303 688 εἰς
2333 625 2458 684 τοὺς
2481 622 2701 685 αἰῶνας.

628 719 720 777 61.
759 721 1085 789 Benedicite,
1118 737 1308 779 omnes
1339 723 1566 776 virtutes
1600 718 1838 783 Domini,
1869 715 2112 785 Domino,

2299 713 2382 770 6|.
2417 711 2702 776 Εὑλογεῖτε
2727 709 2898 761 πᾶσαι
2921 709 2976 761 αἰ
3029 705 3286 772 δυνάμεις
3331 702 3536 772 Κυρίου
3556 701 3650 754 τὸν
3681 701 3795 754 Κύ-

561 814 819 885 hyinnum
849 813 1026 876 dicite,
1059 821 1112 865 et
1145 810 1538 881 superexaltate
1556 823 1680 863 eum
1711 808 1765 861 in
1797 807 2013 861 saecula.

2225 817 2361 872 ριον,
2397 801 2638 869 ὑμνεῖτε,
2667 798 2761 853 καὶ
2779 793 3121 866 empti-{.0523
3141 793 3303 847 αὑτὸν
3323 794 3401 854 εἰς
3429 793 3556 853 τοὺς
3569 789 3791 852 αἰῶνας.

628 901 717 958 62.
760 903 1085 966 Benedicite,
1114 902 1217 964 sol,
1245 912 1300 955 et
1332 902 1478 965 luna,
1510 898 1757 963 Domino,
1802 897 2036 959 laudate,
2071 910 2125 951 et

2292 893 2380 946 62.
2407 890 2691 957 Εὑλογεῖτε
2718 888 2889 960 ἥλιος,
2921 887 3016 940 καὶ
3033 886 3229 955 σελήνη
3245 884 3336 936 τὸν
3359 883 3583 956 Κύριον,
3610 883 3796 951 ὑμνεῖο

559 996 956 1065 superexaltate
988 1008 1111 1048 eum
1148 993 1200 1046 in
1241 992 1459 1046 saecula.

2219 1001 2300 1046 τε,
2333 983 2424 1036 καὶ
2451 981 2786 1052 ὑπερυψοῦτε
2812 979 2976 1033 αὑτὸν
3001 981 3081 1042 εἰς
3107 978 3233 1039 τοὺς
3261 975 3479 1037 αἰῶνας.

631 1063 720 1137 65.
756 1082 1081 1145 Benedicite,
1110 1081 1278 1136 stella:
1307 1081 1452 1147 caeli,
1478 1079 1728 1145 Domino,
1756 1079 2015 1151 hymnum
2036 1078 2120 1133 di~

2293 1072 2382 1126 65.
2423 1071 2706 1139 Εὑλογεῖτε
2756 1069 2931 1140 ἄςτρα
2978 1067 3072 1120 τοὺ
3126 1063 3355 1137 ούρανοῦ
3405 1064 3495 1117 τὸν
3545 1063 3793 1135 Κύριον,

557 1172 684 1234 tite,
714 1182 768 1226 et
793 1172 1194 1242 supercxaltate
1219 1188 1341 1227 eum
1367 1173 1418 1225 in
1452 1171 1670 1226 saecula.

2223 1163 2460 1233 ὑμνεῖτε,
2497 1161 2592 1214 καὶ
2619 1159 2960 1231 ὑπερυψοῦτε
2989 1159 3150 1210 αὑτὸν
3182 1157 3263 1218 εἰς
3299 1156 3425 1218 τοὺς
3453 1153 3681 1217 αἰῶνας.

630 1265 719 1318 64.
753 1265 1081 1330 Benedicite,
1101 1265 1281 1319 omnis
1301 1263 1474 1319 imber
1501 1275 1554 1320 et
1592 1279 1703 1330 ros,
1737 1261 1984 1326 Domino,
2004 1262 2121 1316 lau-

2292 1253 2379 1307 61.
2413 1253 2694 1320 Εὑλογεῖτε
2728 1252 2833 1314 πᾶς
2855 1249 3080 1320 ὑμϐρος,
3107 1248 3202 1301 καὶ
3233 1247 3419 1317 δρόσος
3441 1245 3534 1298 τὸν
3565 1244 3797 1317 Κύριον,

558 1357 702 1416 date,
740 1364 794 1410 et
818 1357 1213 1424 superexaltate
1239 1371 1361 1410 eum
1397 1357 1449 1410 in
1484 1356 1704 1410 saecula.

2223 1345 2461 1416 ὑμνεῖτε,
2502 1346 2594 1398 καί
2625 1342 2964 1416 ὑπερυψοῦτε
2991 1341 3153 1394 αὑτὸν
3172 1340 3251 1402 εἰς
3277 1341 3402 1402 τοὺς
3427 1337 3648 1401 αἰῶνας.

627 1444 716 1499 65.
760 1445 1086 1511 Benedicite,
1113 1444 1304 1502 omnes
1331 1446 1578 1515 spiritus,
1600 1443 1854 1510 Domino,
1883 1443 2120 1509 laudate,

2291 1437 2380 1492 65.
2436 1437 2720 1506 Εὑλογεῖτε
2759 1434 2937 1488 πάντα
2977 1433 3045 1488 τὰ
3091 1432 3376 1502 πνεύματα
3424 1431 3513 1484 τὸν
3564 1431 3791 1503 Κύριον,

558 1549 612 1591 et
645 1537 1043 1606 supercxaltate
1079 1552 1208 1592 eum
1229 1537 1284 1591 in
1315 1536 1535 1590 saecula.

2223 1529 2463 1600 ὑμνεῖτε,
2493 1527 2587 1582 καὶ
2616 1525 2955 1598 ὑπερυψοὺτε
2985 1522 3144 1577 αὑτὸν
3168 1524 3246 1586 εἰς
3277 1521 3404 1584 τοὺς
3428 1520 3646 1584 αἰῶνας.

627 1627 715 1684 66.
755 1627 1084 1692 Benedicite,
1116 1629 1254 1699 ignis
1285 1636 1338 1683 et
1367 1637 1552 1692 aestus,
1586 1625 1849 1692 Domino,
1883 1623 2119 1687 laudate,

2293 1621 2381 1677 66.
2417 1620 2699 1689 Εὑλογεῖτε
2729 1617 2862 1689 πῦρ,
2903 1617 2998 1671 καὶ
3029 1615 3216 1685 καῦμα
3245 1613 3333 1667 τὸν
3354 1612 3578 1683 Κύριον,
3605 1612 3796 1682 ὑμνεῖ-

556 1729 611 1773 et
639 1719 1031 1789 superexaltate
1056 1735 1178 1774 eum
1219 1720 1270 1772 in
1305 1719 1522 1773 saecula.

2221 1725 2303 1774 τε,
2335 1708 2428 1761 καὶ
2452 1705 2793 1775 ὑπερυψοῦτε
2820 1704 2982 1758 αὑτὸν
3013 1705 3092 1766 εἰς
3119 1702 3244 1766 τοὺς
3285 1701 3509 1764 αἰῶνας.

627 1809 715 1863 67.
760 1809 1089 1875 Benedicite,
1127 1810 1246 1880 gelu
1274 1820 1328 1863 et
1357 1810 1548 1879 frigus,
1581 1806 1810 1861 Domino
1831 1849 1844 1872 ,
1875 1807 2118 1873 laudate,

2293 1800 2380 1854 67.
2418 1799 2700 1867 Εύλοτεῖτε
2728 1797 2900 1869 ῥῖγος,
2934 1795 3026 1848 καὶ
3049 1794 3216 1864 ψύχος
3235 1792 3327 1846 τὸν
3358 1791 3582 1862 Κύριον,
3603 1791 3794 1862 ὑμνεῖ-

557 1907 611 1955 et
634 1900 1031 1969 superexaltate
1059 1914 1182 1955 eum
1211 1901 1263 1954 in
1292 1900 1506 1955 Saecula.
2153 1885 2185 1939 Β

2153 1885 2193 1939 Β
2222 1911 2301 1958 τε,
2334 1893 2428 1944 καὶ
2451 1889 2789 1961 ὑπερυψοῦτε
2819 1887 2978 1942 αὑτὸν
3007 1888 3085 1950 εἰς
3119 1887 3242 1948 τοὺς
3271 1883 3490 1946 αἰῶνας.

626 1986 716 2042 68.
759 1987 1093 2052 Benedicite,
1124 2002 1278 2042 rores
1299 1997 1351 2042 et
1379 1987 1552 2051 nives,
1585 1983 1846 2050 Domino,
1879 1986 2117 2054 laudate,

2295 1982 2383 2037 68.
2417 1981 2702 2050 Εὑλογεῖτε
2753 1979 2951 2050 δρόσοι,
3010 1977 3105 2030 καὶ
3156 1974 3362 2045 νιφετοὶ
3413 1973 3504 2027 τὸν
3554 1973 3793 2046 Κύριον,

556 2087 604 2132 et
641 2077 1043 2148 superexaltate
1071 2091 1192 2134 cum
1225 2079 1279 2132 in
1310 2079 1530 2134 saecula.

2225 2077 2462 2146 ὑμνεῖτε,
2497 2075 2589 2128 καί⁵
2617 2070 2957 2145 ὑπερυψοὺτε
2991 2069 3150 2124 αὑτὸν
3183 2071 3262 2131 εἰς
3293 2068 3418 2130 τοὺς
3447 2065 3665 2128 αἰῶνας.

627 2168 716 2223 69.
757 2169 1084 2235 Benedicite,
1120 2170 1318 2239 glacies
1368 2181 1422 2225 et
1485 2167 1678 2242 frigus,
1714 2170 1963 2235 Domino,
2001 2171 2121 2225 lau-

2291 2163 2381 2222 69.
2408 2166 2691 2233 Εὑλογεῖτε
2718 2165 2903 2231 πάγοι,
2928 2161 3022 2215 καί
3041 2161 3209 2231 ψύχος
3233 2159 3325 2213 τὸν
3347 2159 3568 2230 Κύριον,
3603 2159 3798 2228 ὑμνεῖ-

557 2257 700 2322 date,
726 2267 780 2312 et
804 2260 1195 2328 superexaltate
1221 2275 1344 2315 eum
1378 2263 1430 2315 in
1466 2265 1682 2317 saecula.

2224 2274 2304 2322 τε,
2334 2258 2427 2311 καὶ
2449 2256 2790 2328 ὑπερυψοὺτε
2825 2253 2986 2307 αὑτὸν
3015 2255 3094 2316 εἰς
3115 2253 3240 2316 τοὺς
3277 2251 3500 2314 αἰῶνας.

627 2349 716 2404 70.
759 2349 1107 2416 Benedicite,
1137 2352 1346 2421 pruinae
1385 2362 1439 2406 et
1484 2353 1672 2420 nives,
1705 2350 1967 2416 Domino,
2005 2353 2122 2407 lau-

2295 2348 2382 2403 70.
2423 2347 2707 2416 Εύλογεῖτε
2762 2345 2987 2414 πάχναι,
3036 2344 3127 2426 καὶ
3179 2343 3352 2413 χιόνες
3401 2342 3493 2394 τὸν
3550 2339 3793 2410 Κύριον,

557 2441 703 2508 date,
729 2450 784 2494 et
815 2443 1216 2510 supercxaltate
1244 2455 1368 2497 eum
1400 2443 1454 2497 in
1481 2445 1699 2498 saecula.

2226 2442 2462 2512 ὑμνεῖτε,
2493 2439 2588 2492 καὶ
2613 2434 2951 2508 ὑπερνψοὺτε
2979 2433 3139 2488 αὑτὸν
3164 2438 3243 2496 εἰς
3271 2434 3398 2496 τοὺς
3426 2433 3647 2496 αἰῶνας.

629 2534 718 2588 71.
758 2533 1084 2602 Benedicite,
1113 2540 1299 2591 nectes
1331 2545 1385 2590 et
1429 2537 1564 2602 dies,
1595 2535 1855 2604 Domino,
1880 2538 2118 2604 laudate,

2295 2533 2383 2586 71.
2418 2531 2700 2599 Εὑλογεῖτε
2737 2528 2966 2592 νύκτες,
3022 2527 3114 2580 καὶ
3160 2525 3366 2598 ἡμέραι
3419 2525 3510 2580 τὸν
3564 2525 3793 2596 Κύριον,

559 2635 614 2678 et
646 2626 1046 2694 superexaltate
1070 2640 1194 2681 eum
1221 2627 1275 2680 in
1312 2629 1532 2682 saecula.

2227 2624 2463 2693 ὑμνεῖτε,
2488 2622 2583 2675 καὶ
2609 2618 2951 2691 ὑπερυψοῦτε
2975 2617 3138 2670 αὑτὸν
3168 2619 3248 2680 εἰς
3277 2616 3402 2680 τοὺς
3435 2616 3656 2680 αἰῶνας.

633 2715 720 2768 7‘2.
764 2713 1092 2782 Benedicite,
1121 2716 1214 2770 lux
1239 2725 1294 2772 et
1321 2718 1578 2784 tenebrae,
1597 2718 1848 2785 Domino,
1880 2718 2120 2783 laudate,

2297 2714 2383 2766 72.
2409 2714 2692 2781 Εὐλογεῖτε
2717 2710 2852 2780 φῶς,
2877 2711 2970 2764 καί
2987 2709 3178 2771 σκότος
3198 2708 3288 2760 τὸν
3310 2706 3533 2778 Κύριον,
3551 2707 3794 2777 ὑμνεῖτε,

559 2813 611 2858 et
635 2805 1030 2874 superexaltate
1060 2820 1184 2860 eum
1227 2808 1279 2860 in
1315 2809 1535 2862 smcula.

2227 2805 2322 2856 καί
2360 2803 2700 2874 ὑπερυψοὺτε
2732 2802 2894 2855 αὑτὸν
2915 2802 2996 2864 εἰς
3029 2803 3156 2864 τοὺς
3188 2799 3407 2862 αἰῶνας.

630 2893 720 2947 75.
761 2891 1095 2955 Benedicite,
1139 2894 1350 2965 fulgura
1385 2907 1439 2950 et
1488 2897 1682 2961 nubes,
1727 2896 1978 2961 Domino,
2014 2900 2124 2952 lau-

2296 2895 2387 2949 75.
2418 2894 2700 2962 Εὑλογεῖτε
2728 2895 3035 2965 ἀστραπαὶ,
3075 2894 3168 2947 καὶ
3193 2892 3410 2961 νεφέλαι
3434 2891 3526 2943 τὸν
3564 2889 3797 2962 Κύριον,

560 2986 702 3050 date,
731 2991 784 3037 et
812 2983 1209 3052 superexaltate
1233 2998 1358 3038 eum
1399 2985 1453 3039 in
1486 2988 1701 3040 saecula.

2228 2988 2466 3058 ὑμνεῖτε,
2502 2986 2593 3041 καὶ
2618 2985 2959 3057 ὑπερνψοὺτε
2997 2986 3063 3038 αὑ
3075 2985 3158 3038 τὸν
3186 2986 3265 3046 εἰς
3294 2984 3416 3045 τοὺς
3443 2979 3663 3044 αἰῶνας.

633 3076 720 3130 74.
763 3075 1055 3131 Benedicat
1101 3084 1240 3131 terra
1289 3075 1545 3145 Domino,
1601 3079 1803 3142 laudet,
1832 3090 1883 3133 et
1934 3095 2123 3148 supcr-

2299 3079 2386 3132 74.
2427 3077 2734 3146 Εὑλογείτω
2784 3077 2921 3146 ήγῆ
2971 3076 3062 3128 τὸν
3112 3074 3356 3144 Κύριον,
3389 3073 3646 3140 ὑμνεῖται,
3700 3069 3798 3124 καὶ

560 3168 759 3223 exultet
783 3183 907 3224 eum
937 3168 990 3222 in
1020 3170 1238 3224 saecula.
2153 3223 2188 3241 Α

2153 3223 2190 3241 Α
2229 3168 2586 3241 ὑπερυψούτω
2619 3167 2779 3222 αὑτὸν
2810 3169 2888 3230 εἰς
2923 3168 3047 3229 τοὺς
3077 3165 3301 3228 αἰῶνας.

630 3259 720 3315 75.
764 3257 1089 3325 Benedicite,
1112 3223 1327 3315 montes
1365 3269 1418 3315 et
1452 3262 1651 3328 colles,
1687 3260 1936 3328 Domino,
1967 3263 2122 3334 hym-
2150 3223 2192 3282 ο
2239 3223 2250 3225 ἡ

2165 3223 2192 3282 Β
2239 3223 2250 3225 ἡ
2274 3223 2385 3318 V7.5.
2417 3223 2705 3328 ἰῖὑλογεῖτε
2727 3259 2849 3329 ὅρη,
2870 3223 2968 3311 'mt
2988 3223 3275 3327 βουνοὶτὸν
3293 3256 3514 3328 Κύριον,
3551 3255 3793 3325 ὑμνεῖτε,

562 3367 692 3406 num
727 3351 921 3417 dicite,
957 3360 1010 3407 et
1039 3352 1433 3422 superexaltate
1463 3368 1585 3407 eum
1619 3355 1670 3407 in
1712 3355 1928 3410 smcula.

1741 3355 1928 3409 (ecula.
2227 3357 2319 3410 καὶ
2344 3351 2681 3425 ὑπερυψοῦτε
2704 3348 2864 3403 αὑτὸν
2886 3349 2964 3411 εἰς
2999 3349 3126 3410 τοὺς
3150 3347 3369 3411 αἰῶνας.

631 3442 721 3496 76.
766 3443 1090 3509 Benedicite,
1107 3443 1289 3498 omnia
1313 3446 1586 3499 nascentia
1607 3445 1658 3498 in
1688 3455 1853 3512 terra,
1875 3443 2124 3512 Domino,

2298 3445 2384 3500 76.
2407 3444 2689 3511 Εὑλογεῖτε
2713 3441 2892 3494 πάντα
2923 3438 2990 3491 τὰ
3013 3437 3256 3508 φυόμενα
3297 3437 3391 3490 ἐπὶ
3435 3439 3534 3508 τῆς
3565 3437 3665 3507 γῆς
3702 3437 3797 3491 τὸν

564 3527 825 3597 ltymnum
857 3529 1042 3592 dicite,
1073 3539 1126 3583 et
1158 3531 1554 3599 superexaltate
1584 3547 1706 3585 eum
1742 3535 1794 3584 in
1837 3535 2052 3589 saecula.

2227 3535 2452 3604 Κύριον,
2479 3535 2714 3603 ὑμνεῖτε,
2745 3531 2835 3584 καί
2857 3527 3194 3599 ὑπερυψοῦτε
3225 3528 3383 3581 αὑτὸν
3410 3529 3488 3591 εἰς
3511 3527 3637 3591 τοὺς
3663 3528 3800 3581 αἰῶ-

2227 3645 2345 3690 νας.

637 3704 722 3760 77.
744 3704 1070 3771 Benedicite,
1088 3702 1280 3774 pluviae
1297 3716 1349 3760 et
1371 3707 1573 3772 fontes,
1593 3706 1837 3774 Domino,
1869 3709 2126 3782 hymnum

2299 3719 2386 3774 77.
2420 3717 2702 3784 Εὑλογεῖτε
2737 3715 2953 3788 ὄμϐροι,
2985 3715 3080 3768 καὶ
3121 3714 3178 3766 αἰ
3231 3715 3406 3784 πηγαὶ
3444 3713 3536 3766 τὸν
3567 3712 3795 3784 Κύριον,

567 3798 761 3863 dicite,
786 3807 839 3852 et
861 3798 1257 3866 superexaltatc
1283 3813 1406 3852 eum
1431 3799 1482 3853 in
1508 3801 1725 3855 saecula.

2228 3813 2465 3883 ὑμνεῖτε,
2487 3809 2583 3864 καὶ
2619 3807 2959 3879 ὑπερυψοῦτε
2985 3806 3146 3860 αὑτὸν
3174 3806 3252 3868 εἰς
3277 3806 3405 3867 τοὺς
3431 3804 3651 3868 αἰῶνας.

640 3885 726 3942 78.
768 3887 1094 3955 Benedicite,
1129 3889 1298 3942 maria
1321 3899 1375 3944 et
1403 3889 1650 3956 ﬂumina,
1682 3892 1933 3958 Domino,
1974 3895 2129 3964 hym-

2298 3904 2388 3958 78.
2413 3903 2697 3972 Εύλογεῖτε
2730 3901 3012 3966 Θάλασσαι,
3042 3899 3138 3954 καὶ
3169 3899 3403 3970 ποταμοὶ
3445 3898 3537 3952 τὸν
3568 3895 3795 3968 Κύριον,

569 3995 696 4034 num
723 3979 906 4045 dicite,
937 3988 991 4035 et
1024 3981 1420 4050 superexaltate
1451 3997 1575 4036 eum
1618 3984 1671 4037 in
1699 3986 1918 4039 szccula.

2231 3997 2466 4067 ὑμνεῖτε,
2492 3994 2584 4048 καὶ
2611 3992 2949 4064 ὑπερυψοῠτε
2981 3990 3142 4045 αὑτὸν
3173 3993 3254 4054 εἰς
3279 3991 3404 4054 τοὺς
3430 3989 3652 4054 αἰῶνας.

641 4065 730 4126 79.
771 4065 1100 4136 Benedicite,
1124 4079 1240 4124 cete
1275 4080 1329 4125 et
1355 4073 1560 4135 omnia,
1593 4087 1715 4142 quae
1746 4082 2032 4128 moventur
2075 4074 2128 4127 in

2272 4065 2387 4138 ‘79.
2419 4081 2703 4151 Εὑλογεῖτε
2747 4082 2912 4152 κήτη,
2957 4081 3051 4134 καὶ
3086 4080 3260 4134 πάντα
3292 4080 3363 4134 ’τὰ
3401 4079 3695 4150 κινούμενα
3737 4081 3798 4132 ὲν

569 4160 742 4230 aquis,
798 4158 1046 4226 Domino,
1091 4161 1350 4231 hymnum
1394 4163 1555 4218 dicite
1581 4203 1596 4229 ,
1637 4173 1690 4220 et
1735 4166 2131 4235 superexaltate

2229 4175 2342 4237 τοῖς
2371 4171 2525 4226 ὕδασι
2546 4171 2634 4224 τὸν
2663 4171 2890 4242 Κύριον,
2920 4170 3158 4240 ὑμνεῖτε,
3195 4169 3290 4225 καὶ
3315 4169 3656 4241 ὑπερυψοὺτε
3693 4169 3797 4222 αὑ-

569 4267 691 4304 eum
715 4252 766 4304 in
795 4254 1010 4306 saecula.

2229 4262 2320 4316 τὸν
2348 4265 2428 4326 εἰς
2450 4263 2576 4325 τοὺς
2607 4261 2823 4324 αἰῶνας.

640 4340 729 4394 80.
771 4339 1106 4410 Benedicite,
1149 4358 1338 4401 omnes
1386 4347 1632 4402 volucres
1673 4347 1830 4413 caeli,
1861 4347 2090 4403 Domino

2300 4353 2387 4408 80.
2426 4352 2710 4421 Εὐλογεῖτε
2739 4351 2916 4406 πάντα
2951 4351 3019 4405 τὰ
3054 4352 3273 4406 πετεινὰ
3311 4353 3407 4406 τοῦ
3437 4350 3665 4423 ούρανοῦ
3702 4351 3798 4405 τὺν

573 4430 830 4500 hymnum
865 4432 1049 4498 dicite,
1081 4441 1138 4488 et
1169 4435 1569 4505 superexaltate
1595 4451 1722 4491 eum
1754 4438 1808 4491 in
1847 4438 2068 4494 saecula.

2230 4445 2463 4517 Κύριον,
2512 4445 2762 4516 ὑμνεῖτε,
2803 4444 2898 4497 καὶ
2943 4441 3282 4514 ὑπερυψοῦτε
3327 4444 3488 4497 αὑτὸν
3534 4446 3616 4506 εἰς
3667 4442 3798 4506 τοὺς

2158 4547 2203 4602 ι)
2230 4538 2450 4600 αἰῶνας.

637 4611 728 4668 81.
769 4612 1094 4680 Benedicite,
1136 4629 1327 4668 omnes
1371 4613 1498 4669 ferae
1525 4625 1579 4669 et
1603 4615 1850 4685 jumenta
1889 4617 2133 4687 quadru-

2303 4625 2391 4679 81.
2430 4624 2714 4691 Εὑλογεῖτε
2743 4624 2920 4678 πάντα
2954 4623 3025 4678 τὰ
3054 4623 3246 4694 Θηρία,
3291 4625 3388 4677 καὶ
3413 4623 3480 4677 τὰ
3505 4623 3672 4694 κτήνη
3702 4640 3795 4677 τε-

569 4705 727 4774 peda.
761 4713 815 4759 et
846 4704 1034 4758 bestiae
1074 4713 1249 4769 terrae,
1283 4703 1535 4771 Domino,
1562 4706 1823 4775 hymnum
1861 4706 2043 4772 dicite,
2078 4715 2133 4762 ct

2232 4712 2494 4785 τράποδα,
2548 4711 2643 4765 καὶ
2675 4711 2840 4782 θηρία
2876 4709 2975 4781 τῆς
3021 4712 3124 4782 γῆς
3163 4714 3252 4764 τὸν
3299 4711 3527 4782 Κύριον,
3553 4712 3793 4781 ὑμνεῖτε,

569 4796 969 4865 superexaltate
1002 4809 1126 4849 eum
1157 4797 1210 4849 in
1236 4797 1452 4850 saecula.

2234 4799 2327 4854 καὶ
2357 4797 2698 4868 ὑπερυψοῦτε
2728 4797 2890 4852 αὑτὸν
2919 4799 2998 4862 εἰς
3027 4799 3151 4862 τοὺς
3177 4799 3399 4863 αἰῶνας.

637 4885 729 4940 82.
767 4886 1098 4951 Benedicite,
1128 4886 1222 4940 lilii
1255 4887 1558 4950 hominum,
1593 4887 1852 4954 Domino,
1870 4889 2131 4958 hymnum

2302 4889 2392 4943 8‘2.
2419 4891 2702 4957 Εὑλογεῖτε
2731 4891 2779 4942 οἰ
2808 4890 2913 4943 υἰοὶ
2935 4889 3045 4944 τῶν
3086 4888 3390 4960 ἀνθρώπων
3431 4891 3526 4944 τὸν
3573 4891 3799 4962 Κύριον,

569 4977 763 5044 dicite,
781 4986 838 5032 et
857 4975 1255 5046 superexaltate
1296 4990 1420 5029 eum
1449 4977 1504 5029 in
1530 4977 1754 5030 saecula.

2235 4983 2474 5052 ὑμνεῖτε,
2499 4981 2592 5034 καὶ
2615 4979 2952 5051 ὑπερυψοῦτε
2979 4979 3139 5033 αὑτὸν
3165 4982 3245 5043 εἰς
3269 4980 3394 5044 τοὺς
3431 4980 3650 5044 αἰῶνας.

643 5069 736 5122 85.
773 5068 1094 5134 Benedicite,
1114 5066 1297 5131 Israel,
1322 5065 1574 5133 Domino,
1595 5068 1854 5139 hymnum
1876 5067 2058 5134 dicite,
2081 5079 2141 5124 ct

2303 5073 2392 5129 85.
2428 5073 2708 5141 Εὑλογεῖτε
2766 5071 2981 5143 Ἰσραὴλ
3004 5072 3094 5125 τὸν
3138 5069 3374 5143 Κύριον,
3414 5071 3631 5142 ὑμνεῖτε
3655 5112 3672 5140 ,
3710 5076 3805 5127 καὶ

571 5161 968 5231 super-exaltate
988 5175 1114 5216 eum
1138 5161 1190 5214 in
1221 5160 1437 5214 saecula.

2237 5163 2576 5236 ὑπερνιίιοῢτε
2595 5163 2754 5218 αὑτὸν
2775 5165 2856 5226 εἰς
2884 5164 3008 5226 τοὺς
3035 5161 3256 5226 αἰῶνας.

642 5253 733 5307 84.
774 5252 1099 5320 Benedicite,
1116 5251 1427 5306 sacerdotes
1459 5249 1599 5307 servi
1616 5249 1856 5317 Domini,
1885 5251 2134 5317 Domino,

2306 5255 2396 5309 81.
2435 5251 2719 5322 Εὑλογεῖτε
2773 5253 2938 5323 ἰερεῖς
2983 5250 3158 5304 δοῦλοι
3199 5251 3406 5322 Κυρίου
3443 5253 3534 5307 τὸν
3579 5253 3801 5324 Κύριον,

577 5349 840 5417 hymnum
866 5346 1050 5409 dicite,
1074 5355 1128 5401 et
1166 5344 1568 5416 supercxaltate
1593 5357 1719 5398 eum
1758 5344 1812 5398 in
1845 5345 2063 5400 saecula.

2028 5361 2063 5400 ι.
2238 5345 2476 5416 ὑμνεῖτε,
2509 5344 2600 5397 καί.
2633 5341 2972 5415 ὑπερυψοὺτε
2995 5342 3154 5395 αὑτὸν
3179 5343 3260 5405 εἰς
3290 5342 3417 5405 τοὺς
3438 5343 3656 5406 αἰῶνας.

648 5437 739 5492 85.
779 5436 1107 5500 Benedicite,
1131 5437 1294 5500 servi,
1321 5435 1570 5498 Domino,
1596 5435 1859 5506 hymnum
1881 5436 2066 5501 dicite,
2084 5446 2138 5493 et

2308 5433 2397 5488 85.
2429 5433 2714 5501 Εὐλογεῖτε
2764 5431 2942 5486 δοῦλοι
2985 5431 3075 5484 τὸν
3129 5431 3335 5503 Κύριον
3361 5471 3376 5498 ,
3416 5433 3656 5503 ὑμνεῖτε,
3711 5434 3807 5487 καὶ

579 5527 977 5595 superexaltate
1002 5541 1127 5581 eum
1163 5528 1218 5580 in
1250 5527 1466 5582 smcula.

2241 5525 2579 5598 ὑπερυψοῦτε
2618 5525 2779 5580 αὑτὸν
2807 5527 2886 5588 εἰς
2920 5525 3049 5586 τοὺς
3077 5523 3297 5587 αἰῶνας.

652 5617 742 5670 86.
784 5615 1112 5680 Benedicite,
1137 5618 1382 5686 spiritus,
1405 5627 1462 5673 et
1485 5618 1680 5672 anima:
1703 5617 2000 5688 justorum,
2032 5616 2138 5671 Do-

2310 5616 2398 5670 86.
2433 5615 2714 5685 Εὑλογεῖτε
2763 5615 3068 5685 πνεύματα,
3102 5614 3197 5668 καὶ
3224 5613 3398 5685 ψυχαὶ
3439 5614 3662 5669 δικαίων
3712 5615 3805 5668 τὸν

587 5704 754 5766 mino,
783 5704 1045 5771 hymnum
1072 5703 1258 5770 dicite,
1285 5717 1338 5762 et
1361 5709 1756 5776 superexaltate
1781 5724 1906 5764 eum
1935 5709 1995 5763 in
2033 5721 2137 5762 sac-

2244 5705 2462 5777 Κύριον,
2491 5708 2728 5777 ὑμνεῖτε,
2764 5707 2855 5760 καὶ
2882 5704 3221 5776 ὑπερυψοῦτε
3242 5704 3406 5763 αὑτὸν
3429 5707 3508 5770 εἰς
3531 5707 3655 5770 τοὺς
3674 5705 3806 5760 αἰῶ-

585 5795 728 5848 cula.
2245 5815 2357 5861 νας.
