4122 6320
336 318 476 377 2795

1629 317 1878 375 υΑΝιιιι.
1922 317 2147 375 CAPUT
2191 315 2277 370 lli.

3439 323 3579 382 2791

400 434 488 486 87.
523 431 803 502 Εὐλογεῐτε
836 431 991 494 ὅσιοι,
1027 432 1119 486 καὶ
1143 433 1390 487 ταπεινοὶ
1424 432 1619 505 καρδίᾳ
1660 432 1750 486 τὸν
1784 432 1900 486 Κύ-

2071 429 2159 484 87.
2200 426 2530 493 Benedicite,
2558 429 2754 496 sancti,
2777 439 2829 503 et
2855 430 3090 489 humiles
3115 434 3300 503 corde,
3326 436 3578 506 Domino,

334 539 468 596 ριον,
494 523 731 590 ὑμνεῖτε,
751 521 846 575 καὶ
868 519 1210 592 ὑπερυψοῦτε
1239 521 1401 576 αὑτὸν
1426 523 1507 586 είς
1537 522 1662 585 τοὺς
1681 520 1901 585 αἰῶνας.

400 606 487 662 88.
522 604 812 675 Εὐλογεϊτε
859 606 1097 673 ⁹Δνανία,
1132 608 1360 682 Ἀζαρία
1380 649 1396 676 ,
1428 608 1645 676 Μισαὴλ
1673 608 1764 662 τὸν
1793 608 1907 661 Κύ-

337 715 467 773 ριον,
500 698 720 768 ὑμνεῖτε
741 737 756 761 ,
812 699 906 752 καὶ
937 697 1280 770 ῦπερυψοῦτε
1310 701 1471 754 αὐτὸν
1500 702 1581 764 είς
1625 700 1749 763 τοὺς
1775 699 1907 753 ait?)-

333 808 446 854 νας.
477 787 867 855 ὐτιλέξείλετο
886 792 1035 861 ἡμᾶς
1064 790 1123 857 ἐξ
1152 789 1303 861 ᾅδου,
1326 791 1422 844 καὶ
1448 791 1651 846 ἔσωσεν
1674 793 1818 862 ἡμᾶς
1843 792 1908 844 ἐκ

332 882 511 954 χειρὸς
546 882 779 937 θανάτου
802 921 818 946 ,
850 883 947 935 καὶ
966 881 1239 954 ἐρρύσατο
1268 882 1414 952 ἡμᾶς
1445 882 1510 935 ἐκ
1545 881 1711 952 μέσου
1755 897 1906 934 stato-

336 973 505 1045 μένης
536 971 754 1042 φλογὸς,
780 971 875 1025 καὶ
896 972 961 1025 ἐκ
987 972 1081 1026 τοῦ
1111 972 1283 1044 πυρὸς
1304 970 1647 1044 ἐλυτρώσατο
1674 974 1841 1043 ἡμᾶς.

399 1063 489 1120 89.
525 1058 966 1134 Ἐξομολογείσθε
997 1061 1075 1134 τῷ
1096 1062 1306 1134 Κυρίῳ,
1324 1062 1412 1116 ῦτι
1442 1062 1699 1136 χρηστὸς,
1723 1059 1907 1128 amt;

333 1156 420 1208 τὸν
454 1153 629 1208 αίῶνα
657 1154 719 1207 τὸ
740 1153 886 1216 ἔλεος
914 1153 1100 1207 αὐτοῦ.

397 1243 490 1302 90.
517 1244 804 1314 Εὐλογεῖτε
830 1244 1033 1309 πάντες
1059 1245 1111 1297 οἱ
1138 1244 1417 1315 σεϐόμενοι
1458 1245 1553 1299 τὸν
1583 1245 1784 1316 Κύριον
1816 1245 1908 1299 τὸν

333 1339 465 1393 Θεὸν
491 1336 600 1391 τῶν
628 1334 789 1400 θεῶν,
820 1338 1059 1407 ὑμνεῖτε,
1085 1336 1182 1390 καὶ
1219 1334 1652 1407 ἐξομολογεῖσθε,
1701 1338 1785 1390 ὅτι
1826 1338 1908 1401 είς

333 1433 422 1482 τον
442 1426 614 1482 αἰῶνα
635 1427 696 1480 τὸ
722 1425 867 1490 ἕλεος
884 1425 1049 1480 αὐτοῦ
1084 1439 1147 1482 4-
1183 1426 1276 1481 atat
1304 1429 1385 1490 είς
1409 1427 1499 1481 τὸν
1519 1441 1583 1484 -t~
1602 1427 1774 1482 αίῶνα
1798 1428 1907 1483 τῶν

332 1517 566 1574 αἰώνων.
1216 1544 1219 1548 -

398 1608 491 1664 9i.
522 1609 633 1663 Καὶ
653 1607 943 1677 ﬁxed-vexo
979 1606 1038 1662 ἐν
1074 1607 1154 1679 τῷ
1188 1606 1418 1662 ἀκοῦσαι
1457 1606 1548 1663 τὸν
1584 1609 1809 1680 βασιλέα
1843 1626 1905 1666 +

333 1701 643 1774 ὑμνούντων
670 1699 849 1754 αὐτῶν
875 1713 938 1754 4—
965 1699 1059 1753 καὶ
1086 1698 1259 1763 ἐστὼς
1282 1697 1511 1771 ἐθεώρει
1543 1700 1739 1765 αὐτοὺς
1768 1702 1906 1767 ζῶν·
1931 1744 1934 1746 η

2006 520 2267 592 hymnum
2296 518 2476 584 dicite,
2499 528 2554 575 et
2583 521 2983 590 superexaltate
3013 539 3135 578 eum
3182 526 3237 579 in
3266 529 3485 586 saecula.

2078 614 2168 670 88.
2210 612 2540 681 Benedicite,
2568 614 2801 679 Anania,
2850 600 3066 681 Azaria,
3091 616 3299 685 Misael,
3328 617 3575 689 Domino,

2009 705 2269 777 hymnum
2301 705 2465 761 dicite
2499 744 2516 772 ,
2550 713 2606 759 et
2640 705 3041 776 superexaltate
3077 721 3209 777 eum“
3252 709 3304 762 in
3361 712 3578 767 saecula.

2008 794 2277 861 Quoniam
2305 793 2506 864 eripuit
2530 807 2630 850 nos
2658 794 2727 848 de
2755 792 2964 861 inferis,
3019 805 3072 850 et
3115 794 3298 852 salvos
3325 796 3452 852 fecit
3484 816 3580 857 nos

2008 885 2075 940 de
2100 898 2262 939 manu
2294 885 2513 951 mortis,
2542 893 2597 941 et
2624 886 2875 942 liberavit
2907 899 3008 941 nos
3042 893 3109 943 de
3149 886 3329 944 medio
3350 888 3583 945 ﬂammai

2007 977 2266 1041 ardentis,
2295 984 2350 1033 et
2375 976 2443 1032 de
2466 977 2590 1048 igne
2618 978 2850 1034 redemit
2875 994 2997 1034 nos.
3276 1036 3282 1041 ,

2078 1064 2168 1120 89.
2205 1065 2553 1121 Conmemini
2589 1065 2820 1122 Domino
2871 1069 3128 1139 quoniam
3183 1069 3395 1138 bonus,
3444 1086 3582 1142 quo-

2009 1158 2156 1211 niam
2188 1156 2243 1211 in
2271 1157 2529 1214 saeculum
2551 1157 2921 1214 misericordia
2950 1162 3089 1230 ejus.

2077 1246 2166 1302 90.
2208 1247 2549 1313 Benedicite,
2579 1262 2770 1304 omnes
2808 1251 3049 1307 colentes
3080 1249 3369 1307 Dominum
3410 1251 3579 1308 Deum

2006 1339 2254 1405 deorum,
2290 1338 2526 1405 laudate,
2554 1349 2609 1394 et
2637 1338 2994 1403 conﬁtemini,
3024 1340 3283 1410 quoniam
3322 1341 3379 1396 in
3409 1354 3581 1398 saecu-

2009 1431 2119 1485 lum
2145 1431 2515 1489 misericordia
2539 1431 2660 1501 ejus
2699 1438 2752 1488 et
2786 1431 2839 1484 in
2877 1432 3138 1487 saeculum
3191 1432 3538 1489 saeculorum.
3560 1436 3582 1505 ί

2079 1614 2167 1670 9i.
2206 1611 2273 1669 Et
2300 1612 2501 1669 factum
2533 1624 2648 1680 est,
2704 1628 2828 1670 cum
2877 1613 3089 1670 audiret
3137 1629 3231 1670 rex
3296 1614 3581 1669 laudantes

2008 1706 2131 1763 illos
2158 1715 2213 1762 et
2235 1715 2386 1762 stans
2414 1705 2618 1762 videret
2650 1720 2745 1763 eos
2789 1707 3046 1762 viventes.
3086 1704 3241 1762 Tunc
3285 1704 3580 1762 Nabucho-

333 1808 427 1857 τας
451 1789 677 1865 /..T6:s
726 1788 1193 1862 Ναὸουχοδονόσορ
1233 1792 1264 1844 ὁ
1296 1791 1550 1862 βασιλεὺς
1602 1791 1900 1863 ἐθαύμασε,

2009 1798 2247 1854 donosor
2270 1813 2363 1853 rex
2391 1798 2693 1868 obstupuit,
2722 1805 2776 1853 et
2810 1799 3046 1854 surrexit
3084 1796 3337 1864 festinus,
3361 1806 3417 1852 et
3444 1796 3582 1853 dixit

336 1886 428 1940 καὶ
461 1883 659 1954 ἀνέστη
692 1882 951 1945 σπεύσας,
987 1884 1083 1935 καὶ⁸
1130 1877 1285 1935 εἶπεν
1315 1885 1426 1945 τοῖς
1466 1881 1639 1951 φίλοις
1667 1883 1903 1940 αὑτοῦ-ι-

337 1976 537 2045 Χοὺχὶ
554 1973 749 2045 ἄνδρας
766 1974 916 2044 τρεῖς
933 1972 1200 2043 ἐσάλομεν
1218 1974 1299 2037 εἰς
1325 1974 1486 2043 μέσον
1506 1975 1600 2028 τοῦ
1625 1992 1696 2027 πυ
1704 1978 1793 2046 ρος
1811 1993 1907 2028 πε-

333 2067 665 2139 πεδημένους
684 2110 698 2131 ,
729 2068 834 2119 Καὶ
848 2061 1002 2119 εἶπον
1019 2065 1097 2135 τῷ
1118 2066 1344 2136 βασιλεῖ·
1376 2067 1636 2138 Ἀληθῶς,
1659 2068 1900 2139 βασιλεῦ.

399 2160 488 2214 9‘2.
523 2160 634 2212 Καὶ
658 2155 812 2211 εἶπεν
838 2159 880 2210 ὁ.
900 2158 1152 2228 βασιλεύς
1169 2157 1225 2228 /.
1257 2158 1390 2212 Ἰδοὺ
1414 2158 1526 2227 ἐγὼ
1562 2159 1675 2231 ὁρῶ
1703 2159 1900 2231 ἄνδρας

332 2249 602 2319 τέσσαρας
630 2249 952 2319 λελυμένους
971 2248 1408 2321 περιπατοῦντας
1439 2251 1496 2304 ὲν
1517 2249 1605 2320 τῷ
1633 2251 1785 2320 πυρὶ,
1811 2252 1905 2305 καὶ

336 2338 508 2411 φθορὰ
533 2339 760 2408 οὐδεμία
798 2340 1028 2411 ἐγενήθη
1051 2341 1109 2393 ἐν
1138 2340 1342 2407 αὐτοῖς,
1377 2340 1472 2395 καὶ
1505 2343 1538 2412 ὴ
1579 2341 1769 2412 ὅρασις
1811 2340 1903 2396 τοῦ

332 2433 592 2502 τετάρτου
614 2430 866 2502 ὁμοίωμα
893 2431 1125 2500 ἀγγέλου
1146 2430 1304 2486 Θεοῦ.

400 2523 488 2579 93.
520 2523 632 2576 Καὶ
649 2521 963 2593 προσελθὼν
987 2525 1016 2576 ὁ
1037 2521 1292 2592 βασιλεὺς
1325 2524 1461 2596 πρὸς
1492 2525 1589 2596 τὴν
1613 2523 1781 2595 θύραν
1808 2526 1904 2594 τῆς

337 2614 573 2687 καμίνου
587 2613 886 2684 καιομένης
909 2612 985 2684 τῷ
1014 2613 1168 2685 πυρὶ,
1207 2614 1464 2669 ἐκάλεσεν
1492 2615 1689 2679 αὐτοὺς
1713 2615 1774 2681 ἐξ
1792 2617 1907 2670 ὀνό-

334 2720 539 2776 ματος·
580 2704 808 2775 nam,
859 2705 1067 2775 Μισὰχ,
1128 2707 1456 2777 Ἀὁδεναγὼ,
1503 2710 1553 2761 οἱ
1594 2709 1784 2772 παῖδες
1809 2708 1903 2761 τοῦ

336 2797 467 2851 Θεοῦ
491 2796 601 2851 τῶν
629 2795 767 2850 θεῶν
806 2795 899 2849 τοῦ
933 2796 1156 2865 ὑψίστου
1175 2835 1190 2861 ,
1221 2797 1465 2864 ἐξέλθετε
1492 2801 1557 2852 ἐκ
1586 2799 1680 2852 τοῦ
1713 2798 1902 2870 πυρός.

332 2887 518 2951 οὕτως
536 2883 629 2942 οὖν
667 2886 891 2956 ἐξῆλθον
921 2889 970 2940 oi
1002 2887 1194 2959 ἄνδρες
1228 2891 1292 2942 ἐκ
1323 2890 1489 2960 μέσου
1514 2889 1610 2944 τοῦ
1643 2891 1832 2961 πυρός.

403 2981 491 3038 οι.
526 2982 635 3035 Καὶ
662 2981 1009 3052 συνήχθησαν
1039 2983 1088 3035 oi
1117 2981 1646 3057 ὔπατοι,.τοπάρχαι,
1688 2983 1782 3038 καὶ
1810 2984 1906 3055 ἁρ-

2005 1889 2199 1945 amicis
2227 1889 2342 1944 suis
2372 1906 2386 1943 :
2413 1886 2603 1964 Nonne
2624 1888 2774 1945 viros
2834 1900 2943 1944 tres
2976 1888 3229 1943 misimus
3256 1888 3311 1942 in
3341 1888 3576 1943 medium

2006 1981 2146 2052 ignis
2175 1980 2428 2035 vinctos?
2455 1977 2520 2033 Et
2545 1978 2803 2033 dixerunt
2836 1978 2946 2049 regi
2977 1994 2991 2030 :
3021 1976 3175 2043 Vere,
3203 1993 3319 2032 rex.

2075 2152 2164 2208 92.
2206 2151 2272 2207 Et
2296 2151 2431 2208 dixit
2464 2164 2557 2205 rex
2592 2166 2607 2202 τ
2639 2149 2777 2207 Ecce
2812 2166 2912 2223 ego
2956 2152 3114 2207 video
3145 2152 3293 2208 viros
3343 2161 3580 2224 quatuor

2006 2242 2218 2298 solutos
2247 2241 2658 2297 deambulantes
2688 2242 2744 2296 in
2802 2241 2944 2313 igne,
3002 2250 3057 2296 et
3102 2242 3382 2312 corruptio
3430 2243 3576 2298 nulla

2005 2337 2150 2391 facta
2176 2346 2263 2390 est
2290 2336 2344 2389 in
2375 2334 2489 2397 eis,
2539 2342 2593 2389 et
2623 2344 2874 2404 aspectus
2923 2335 3105 2403 quarti
3141 2334 3445 2393 similitudo
3481 2351 3579 2391 an-

2006 2426 2109 2496 geli
2134 2422 2249 2479 Dei.

2078 2514 2167 2570 95.
2210 2513 2417 2587 Etcum
2452 2512 2779 2568 accessisset
2836 2525 2930 2567 rex
2960 2514 3027 2568 ad
3088 2514 3290 2568 ostium
3338 2514 3580 2572 fornacis

2006 2604 2252 2663 ardentis
2279 2607 2427 2677 igne,
2484 2605 2701 2662 vocavit
2747 2616 2843 2661 eos
2895 2618 2961 2660 ex
3009 2606 3265 2662 nomine:
3317 2604 3577 2671 Sedrach,

2007 2698 2236 2765 Hisacb,
2268 2697 2586 2768 Abdenago,
2613 2698 2759 2752 servi
2788 2695 2883 2751 Dei
2913 2695 3142 2752 deorum
3172 2699 3395 2764 excelsi,
3435 2713 3582 2769 egre-

2006 2790 2196 2845 dimini
2233 2788 2301 2843 de
2332 2789 2473 2861 igne.
2509 2786 2599 2844 Sic
2631 2788 2790 2860 igitur
2822 2788 3027 2860 egressi
3070 2797 3200 2844 sunt
3227 2790 3330 2844 viri
3361 2790 3429 2845 de
3464 2802 3582 2846 me-

2007 2881 2099 2936 dio
2126 2882 2290 2954 ignis.
3506 2932 3519 2940 .

2077 2974 2168 3029 94.
2208 2972 2278 3029 Et
2331 2971 2645 3044 congregati
2698 2980 2827 3028 sunt
2888 2972 3162 3039 consules,
3200 2970 3492 3040 toparchae,
3526 2978 3584 3026 et

336 3074 719 3147 χιπατριῶται,
746 3076 839 3129 καὶ
856 3076 905 3128 οί
931 3074 1073 3144 φίλοι
1089 3073 1184 3128 τοῦ
1207 3074 1488 3145 βασιλέως,
1521 3076 1616 3130 καὶ
1639 3075 1906 3148 ἐθεώρουν

2011 3064 2285 3136 principes
2329 3063 2681 3130 familiarum,
2727 3072 2784 3117 et
2825 3062 2989 3117 amici
3035 3063 3202 3131 regis,
3247 3069 3303 3117 et
3333 3072 3582 3117 contem-

334 3168 456 3231 τοὺς
479 3165 798 3238 ἀνθρώπους
823 3164 1085 3230 ἐκείνους,
1109 3167 1194 3219 ὅτι
1233 3167 1331 3237 οὐχ
1366 3166 1544 3237 ἥψατο
1561 3166 1629 3234 ,τδ
1680 3160 1788 3238 πῦρ
1814 3166 1907 3221 τοῦ

339 3259 581 3328 σώματος
610 3255 814 3323 αὐτῶν,
831 3259 924 3312 καὶ
947 3259 1004 3311 αἱ
1029 3257 1213 3329 τρίχες
1241 3258 1418 3312 αὐτῶν
1446 3260 1505 3312 οὐ
1540 3259 1908 3330 κατεκάησαν,

337 3351 427 3405 καὶ
457 3351 529 3405 τὰ
551 3349 839 3421 σαράσαρα
860 3348 1037 3403 αὐτῶν
1070 3347 1173 3401 οὐκ
1198 3349 1591 3421 ἠλλοιώθησαν,
1620 3349 1740 3402 οὐδὲ
1765 3348 1908 3419 ὀσμή

334 3440 426 3496 τοῦ
465 3440 637 3511 πυρὸς
661 3437 730 3512 ἦν
762 3441 820 3492 ἐν
842 3440 1048 3504 αὐτοῖς.

402 3532 491 3587 95.
537 3531 856 3586 Ὑπολαόὼν
887 3530 944 3584 δέ
983 3530 1448 3602 Ναϐουχοδονόσορ
1482 3533 1510 3584 ὁ
1551 3528 1805 3600 βασιλεὺς
1832 3526 1911 3584 εἶ-

340 3640 466 3679 πενδ
503 3623 808 3694 Εὐλογητὸς
853 3622 1056 3693 Κύριος
1085 3623 1179 3676 τοῦ
1204 3623 1429 3693 Σεδρὰχ,
1460 3622 1675 3691 Μισάχ,
1727 3620 1911 3675 Ἀδδε-

337 3713 502 3783 ναγὼ,
543 3715 603 3777 ὃς
647 3713 931 3767 ἀπέστειλε
970 3716 1061 3768 τὸν
1103 3712 1332 3782 ἄγγελον
1378 3711 1565 3776 αὐτοῦ,
1605 3715 1701 3766 καὶ
1739 3712 1909 3765 ἔσωσε

337 3810 458 3872 τοὺς
486 3810 682 3871 παῖδας
714 3806 900 3872 αὐτοῦ,
946 3806 1074 3868 τοὺς
1118 3807 1442 3870 ἐλπίσαντας
1468 3807 1555 3858 ἐπ’
1582 3805 1764 3859 αὐτόν.
1800 3805 1909 3877 Τὴν

337 3900 444 3972 γὰρ
467 3899 781 3971 προσταγὴν
821 3896 913 3950 τοῦ
951 3896 1213 3967 βασιλέως
1246 3896 1553 3967 ἠθέτησαν,
1594 3896 1687 3949 καὶ
1732 3897 1907 3967 παρέ.-

337 3993 514 4045 δωκαν
549 3988 886 4059 τὰσώματα
936 3988 1116 4041 αὐτῶν
1161 4001 1223 4043 -ι-
1253 3990 1333 4051 είς
1366 3989 1514 4058 ἐμπυ
1541 4000 1599 4042 αι-
1630 3988 1824 4057 ρνσμὸν
1851 3988 1905 4058 /.

340 4081 424 4136 ἴνα
446 4081 521 4151 μὴ
547 4080 906 4150 λατρεύσωσι,
946 4079 1078 4150 μηδὲ
1114 4081 1533 4148 προσκυνήσωσι
1561 4077 1679 4148 Θεῷ
1716 4077 1908 4150 ἑτέρῳ,

340 4170 450 4225 ἁλλ’
482 4171 514 4241 ἢ
544 4169 622 4241 τῷ
658 4168 777 4240 Θεῷ
798 4169 995 4223 αὐτῶν.

405 4261 493 4319 96.
530 4262 639 4316 Καὶ
664 4261 759 4315 νῦν
789 4262 900 4330 ἐγὼ
930 4261 1120 4332 κρίνω,
1154 4261 1242 4314 ἴνα
1272 4261 1380 4313 πᾶν
1417 4259 1586 4325 ἕονος,
1620 4261 1710 4312 καὶ
1736 4262 1909 4313 πᾶσαι

340 4355 539 4425 φυλαὶ,
588 4353 684 4408 καὶ
711 4355 881 4407 πᾶσαι
918 4352 1185 4421 γλῶσσαι,
1228 4350 1283 4413 ὃς
1323 4350 1389 4404 ἂν
1434 4349 1802 4422 βλασφημήσῃ
1830 4352 1910 4415 είς

2009 3154 2297 3225 plabantur
2327 3153 2576 3209 homines
2602 3154 2747 3218 illos,
2776 3153 3036 3222 quoniam
3092 3166 3200 3206 non
3245 3151 3419 3222 tetigit
3440 3150 3582 3222 ignis
3612 3192 3635 3201 κ

2010 3258 2208 3314 corpus
2239 3258 2450 3310 eorum,
2480 3251 2536 3299 et
2566 3242 2744 3314 capilli
2771 3257 2963 3298 eorum
2989 3255 3095 3297 non
3136 3241 3323 3297 adusti
3349 3249 3497 3303 sunt,
3525 3248 3583 3294 et

2010 3337 2272 3390 sarabara
2297 3349 2486 3389 eorum
2519 3348 2628 3388 non
2692 3333 2976 3386 immutata
3024 3340 3175 3396 sunt,
3233 3345 3408 3402 neque
3443 3331 3581 3386 odor

2010 3428 2158 3498 ignis
2190 3435 2306 3482 erat
2333 3427 2388 3479 in
2416 3426 2521 3480 eis.

2079 3518 2171 3574 95.
2241 3514 2598 3585 Respondcns
2657 3525 2838 3569 autem
2903 3511 3414 3568 Nabuchodonosor
3480 3524 3583 3567 rex

2009 3610 2146 3668 dixit
2175 3626 2189 3662 :
2223 3607 2548 3662 Benedictus
2605 3604 2871 3660 Dominus
2914 3603 3180 3669 Sedrach,
3218 3602 3581 3667 Misach,Ab-

2009 3697 2243 3765 denago,
2266 3693 2358 3762 qui
2389 3692 2540 3748 misit
2571 3692 2827 3762 angelum
2855 3699 3116 3755 suum,et
3130 3691 3360 3747 salvavit
3383 3698 3582 3760 pueros

2011 3801 2161 3851 suos,
2216 3784 2314 3854 qui
2358 3792 2717 3853 speraverant
2754 3782 2810 3837 in
2859 3798 3024 3848 cum;
3071 3782 3388 3837 mandatum
3433 3780 3580 3836 enim

2010 3877 2152 3948 regis
2207 3883 2551 3946 spreverunt,
2600 3885 2657 3929 et
2710 3873 3051 3931 tradiderunt
3101 3888 3331 3943 corpora
3385 3887 3484 3927 sua
3526 3872 3583 3927 in

2009 3967 2442 4021 combustionem
2469 3980 2538 4020 uc
2565 3964 2827 4030 colerent,
2878 3977 3055 4034 neque
3102 3963 3394 4019 adorarent
3419 3963 3581 4019 deum

2009 4057 2175 4112 alium
2198 4067 2398 4126 praeter
2432 4053 2601 4110 Deum
2642 4069 2829 4109 suum.

2082 4256 2171 4312 96.
2219 4256 2286 4312 Et
2309 4270 2457 4311 nunc
2489 4266 2592 4326 ego
2622 4255 2877 4317 decerno,
2906 4261 2967 4308 ut
2997 4252 3177 4309 omnis
3202 4266 3356 4323 gens,
3394 4258 3449 4307 et
3471 4266 3587 4308 om-

2013 4364 2111 4404 nes
2142 4348 2339 4413 tribus,
2363 4356 2419 4402 et
2467 4358 2658 4402 omnes
2700 4346 2917 4416 liiignas,
2959 4345 3290 4414 quicumque
3328 4343 3581 4413 blasphea

340 4446 427 4499 τὸν
455 4444 659 4515 Κύριον
686 4441 930 4498 τὺνηΘεόν
950 4441 1176 4514 Σεδρὰχ,
1194 4442 1401 4511 Μισαχ,
1440 4438 1768 4509 ἰλὸδεναγὼ,
1791 4440 1905 4495 δια-

2010 4439 2306 4495 maveritin
2340 4434 2631 4493 Dominum
2661 4436 2828 4491 Deum
2856 4434 3117 4501 Sedracb,
3150 4434 3378 4501 Misaeh,
3404 4434 3584 4490 Abde-

346 4535 746 4607 μελισθήσεται,
767 4535 858 4589 καὶ
878 4535 911 4606 ἡ
935 4534 1082 4587 οἰκία
1119 4531 1283 4586 αὐτοῦ
1315 4534 1377 4604 δη
1388 4531 1746 4603 μευθήσεται·
1775 4532 1908 4586 διότι

342 4628 437 4682 οὐκ
459 4628 573 4681 ἐστι
600 4626 734 4690 Θεὸς
757 4625 964 4697 ἕτερος,
992 4627 1050 4690 ὃς
1080 4626 1363 4697 δυνήσεται
1400 4624 1678 4692 ἐξελέσθαι
1713 4622 1904 4689 οὕτως.

406 4721 496 4776 97.
529 4720 716 4783 Οὕτως
748 4716 841 4774 οῦν
870 4719 1120 4790 βασιλεὺς
1149 4719 1226 4790 τῷ
1252 4719 1479 4790 Σεδρὰχ,
1502 4718 1910 4790 Μισὰχ,’Δϐδε-

342 4810 508 4880 ναγὼ,
542 4810 790 4875 ἐξουσίαν
817 4810 940 4875 δοὺς
965 4811 1050 4878 ἐφ’
1079 4810 1205 4881 ὅλης
1224 4811 1321 4880 τῆς
1346 4810 1548 4881 χώρας,
1579 4810 1910 4882 κατέστησεν

341 4903 536 4967 αὐτοὺς
561 4902 825 4974 ἄρχοντας
862 4904 950 4970 λ.

406 5012 579 5079 98.;‘A
590 5013 694 5085 ρχὴ
720 5013 819 5084 τῆς
860 5012 1178 5085 Ἐπιστολῆς
1192 5011 1908 5082 »(ΝΑΒοΥχοΔοΝοΣοΡ

341 5107 408 5171 »ξ
444 5105 473 5156 ὁ
513 5103 782 5174 βασιλεὺς,
826 5105 962 5156 πᾶσι
997 5105 1109 5168 τοῖς
1141 5104 1325 5171 λαοτς,
1364 5104 1575 5174 φυλαῖς,
1608 5105 1704 5157 καὶ
1737 5101 1911 5172 γλώσ-

345 5198 410 5262 3(
440 5211 582 5258 σαις,
616 5196 727 5258 τοῖς
760 5192 997 5248 οἰκοῦσιν
1040 5196 1097 5247 ἐν
1138 5195 1284 5266 πάσῃ
1309 5196 1375 5266 τῇ
1399 5198 1505 5267 τῇ*
1555 5194 1745 5265 είρήνη
1778 5195 1909 5264 ὑμῖν

347 5288 412 5353 Ἀ(
441 5284 790 5356 πληθυνθείη.

412 5397 501 5453 99.
537 5400 606 5464 ἴ(
628 5397 710 5451 Τὰ
742 5401 941 5468 σημεῖα
978 5398 1072 5451 καὶ
1107 5399 1175 5452 τὰ
1210 5398 1410 5469 τέρατα
1452 5397 1488 5451 ἃ
1534 5398 1760 5469 ἐποίησε
1793 5400 1910 5470 μετ’

350 5492 414 5555 ὶί
440 5486 574 5559 ἐμοῦ
607 5490 636 5542 ὁ
659 5487 789 5553 Θεὸς
809 5490 836 5542 ὁ
865 5488 1108 5559 ὕψιστος,
1127 5489 1323 5561 ἧρεσεν
1351 5489 1592 5543 ἐναντίον
1627 5507 1726 5560 μου
1745 5491 1914 5561 ἀναγ-

351 5586 417 5651 ὶί
443 5585 620 5654 γεῖλαι
648 5587 798 5658 ὑμῖν,
831 5584 905 5649 ὡς
943 5585 1151 5657 μεγάλα
1177 5583 1271 5637 καὶ
1297 5584 1510 5656 ίσχυρά.
1535 5630 1537 5633 ,

423 5698 539 5755 100.
576 5721 631 5766 τ-
683 5695 772 5762 '0;
791 5695 999 5769 μεγάλη
1017 5697 1112 5752 καὶ
1138 5696 1332 5769 ίσχυρά
1351 5697 1384 5768 ὴ
1403 5693 1646 5767 βασιλεία
1665 5695 1829 5751 αὐτοῦ
1849 5696 1907 5768 /.

2013 4545 2173 4601 nago,
2205 4529 2547 4585 membratim
2581 4527 2914 4594 concidatur,
2944 4536 2998 4581 et
3023 4525 3220 4581 domus
3256 4525 3376 4595 ejus
3403 4523 3583 4596 publi-

2012 4633 2186 4685 cetur,
2217 4622 2344 4692 quia
2371 4636 2479 4676 non
2516 4628 2602 4676 est
2634 4618 2776 4675 Deus
2806 4618 2968 4684 alius,
3008 4618 3100 4688 qui
3131 4616 3322 4687 possit'
3347 4617 3420 4671 ita
3452 4617 3584 4674 libe-

2014 4730 2072 4769 ra
2080 4729 2152 4769 re.

2082 4823 2173 4880 97.
2216 4822 2309 4879 Sic
2337 4823 2500 4894 igitur
2522 4836 2637 4889 rex,
2666 4820 2933 4886 Sedracb,
2985 4820 3212 4885 Misach,
3265 4820 3582 4893 Abdenago,

2014 4922 2336 4984 potestatem
2361 4914 2498 4969 dans
2521 4927 2686 4983 super
2711 4913 3022 4968 universam
3044 4912 3344 4983 regionem,
3377 4913 3583 4969 conati.

2015 5003 2119 5058 tuit
2148 5018 2244 5059 eos
2271 5002 2563 5073 principes.

2087 5110 2176 5168 98.
2213 5110 2427 5168 initium
2477 5110 2748 5181 Epistolas.
2784 5104 3436 5168 NABUCHODONOSOR
3491 5125 3586 5168 rex

2015 5200 2270 5256 omnibus
2296 5198 2529 5270 populis,
2558 5200 2828 5265 tribubus,
2880 5207 2935 5255 et
2967 5199 3164 5269 linguis
3219 5198 3588 5256 habitantibus

2015 5292 2069 5347 in
2102 5292 2352 5348 universa
2384 5298 2557 5358 terra;
2574 5298 2679 5362 pax
2710 5291 2863 5347 vobis
2892 5291 3301 5361 multiplicetur.

2084 5403 2174 5460 99.
2219 5403 2406 5475 Signa,
2445 5412 2499 5459 et
2526 5413 2758 5469 ostenta,
2788 5417 2911 5473 quae
2941 5400 3069 5457 fecit
3096 5416 3307 5458 mecum
3333 5399 3473 5458 Deus
3491 5414 3590 5457 ex-

2017 5490 2215 5561 celsus,
2243 5494 2449 5564 placuit
2482 5495 2537 5548 in
2567 5502 2858 5564 conspectu
2902 5507 3023 5548 meo
3057 5494 3383 5550 annuntiare
3410 5491 3586 5559 vobis,

2016 5602 2083 5644 eo
2121 5586 2266 5658 quod
2302 5599 2519 5656 magna,
2548 5594 2603 5640 et
2630 5584 2811 5642 fortia.

2087 5696 2209 5754 £00.
2249 5696 2424 5765 Quam
2458 5706 2713 5772 magnum
2740 5708 2794 5756 et
2822 5709 3011 5770 potens
3034 5714 3257 5774 regnum
3309 5697 3428 5766 elus
3450 5736 3470 5773 ,
3505 5710 3593 5754 re-
