4122 6320
535 316 683 373 2795

1599 324 2070 384 IIEXAPIDRUM
2112 327 2277 395 ρυλε
2321 328 2757 387 SUPERSUNT.

3636 331 3783 388 εἴθε

530 452 695 508 gnum
730 436 871 506 ejus,
907 452 1131 508 regnum
1169 440 1582 509 sempiternum,
1620 455 1859 517 potestas
1893 449 2010 516 ejus
2047 451 2070 501 i1

2172 506 2173 509 η
2206 458 2272 517 3K
2299 454 2330 521 ἠ
2363 450 2610 521 βασιλεία
2632 451 2818 515 αὑτοῦ,
2848 451 3092 522 βασιλεία
3120 453 3355 517 αἰώνιος,
3390 454 3425 523 ἡ
3449 451 3667 516 ἐξουσία
3690 453 3782 505 αὖ·

527 528 927 599 generationem
962 539 1016 584 et
1034 532 1458 601 generationem.

1124 648 1356 703 CAPUT
1393 649 1479 703 IV.

595 735 647 793 1.
683 737 1070 796 Annodecimo
1089 748 1282 793 octavo
1350 741 1503 809 regni
1579 741 2091 799 Nabuchodonosor

2203 548 2269 611 )s(
2299 544 2393 596 τοῦ
2429 546 2507 607 εἰς
2540 546 2732 612 γενεὰν
2771 545 2864 598 καὶ
2888 546 3101 614 γενεάν.

2796 660 3046 717 ΚΕΦᾹΛ.
3096 660 3169 721 ΔΓ.

2267 753 2318 806 1.
2354 767 2414 806 σε·
2446 754 2638 817 Ἕίτους
2661 755 3128 808 ὀκτωκαιδεκάτου
3150 756 3246 824 τῆς
3268 754 3545 823 βασιλείας
3578 752 3635 822 ,’.
3664 752 3779 806 Na.-

520 829 656 884 dixit
691 847 705 883 :
740 831 1008 886 Paciﬁcus
1054 845 1203 885 eram
1251 832 1304 885 in
1352 832 1515 887 domo
1555 849 1697 899 mea,
1746 845 1800 889 et
1856 834 1979 889 felix
2037 836 2070 888 it

2195 843 2574 916 ϐουχοδονόσορ
2622 840 2807 897 εἶπεν·
2852 846 3162 916 Είρηνεύων
3202 847 3349 917 ἥμην
3400 846 3458 898 ἐν
3512 844 3590 915 τῷ
3642 845 3777 914 οἴκῳ

522 922 721 975 throno
753 936 893 977 meo.

588 1016 644 1069 2.
672 1014 958 1071 Somnium
980 1015 1119 1080 vidi,
1147 1024 1201 1070 et
1218 1017 1424 1071 veritus
1450 1032 1593 1082 sum,
1623 1027 1676 1072 et
1700 1018 1865 1073 timor
1894 1021 2091 1075 cecidit

516 1122 684 1176 Super
720 1123 827 1161 me.

586 1195 641 1249 7.
700 1195 756 1249 In
797 1194 969 1251 cubili
1024 1210 1146 1251 meo
1205 1196 1539 1253 tlormiebam
1581 1216 1595 1253 :
1646 1210 1698 1254 et
1748 1216 1873 1255 ecce
1924 1202 2089 1257 arbor

515 1288 756 1354 excelsa,
789 1303 913 1357 quae
946 1288 1274 1343 nascebatur
1297 1303 1463 1358 super
1494 1300 1718 1354 terram.
1747 1301 1801 1346 et
1833 1301 2087 1362 aspectus

514 1380 636 1450 ejus
670 1394 924 1449 magnus,
958 1389 1016 1437 et
1041 1394 1147 1433 non
1175 1389 1295 1435 erat
1326 1381 1431 1435 alia
1466 1382 1664 1437 similis
1698 1384 1769 1438 ei.

584 1470 637 1522 9.
688 1468 847 1523 Rami
888 1469 1008 1539 ejus
1060 1469 1399 1539 longitudine
1429 1472 1585 1539 quasi
1635 1474 1938 1529 stadiorum
1988 1476 2089 1530 tri-

514 1560 686 1629 ginta,
715 1569 771 1615 et
794 1561 985 1615 subter
1005 1576 1124 1616 eam
1146 1562 1465 1620 habitabant
1486 1578 1678 1620 omnes
1697 1564 1877 1626 bestite
1906 1575 2083 1632 terrae,

2194 950 2320 1003 μου,
2348 936 2442 988 καὶ
2469 936 2712 1006 εὐθηνῶν
2741 938 2837 995 ἐπὶ
2862 936 2955 991 τοῦ
2991 939 3181 1008 θρόνου
3214 957 3330 1009 μου.

2260 1024 2315 1083 2.
2357 1025 2638 1081 Ἐνύπνιον
2658 1024 2817 1095 εἶδον,
2848 1028 2940 1082 καὶ
2976 1028 3315 1100 εὐλαϐήθην.
3353 1030 3448 1084 καὶ
3482 1027 3647 1098 φόϐος
3680 1043 3771 1095 μοι

2190 1115 2478 1172 ἐπέπεσεν.

2261 1207 2312 1259 7.
2354 1208 2479 1262 Ἐπὶ
2501 1211 2600 1280 τῆς
2620 1211 2806 1281 κοίτης
2833 1230 2935 1282 μου
2961 1212 3272 1274 ἐκάθευδον,
3301 1214 3395 1267 καὶ
3419 1213 3528 1267 ἰδοὺ
3552 1213 3769 1284 δένδρον

2189 1297 2390 1367 ὑψηλὸν
2417 1300 2685 1369 φυόμενον
2712 1301 2805 1358 ἐπὶ
2836 1303 2932 1373 τῆς
2972 1302 3080 1373 γῆς
3104 1344 3119 1367 ,
3149 1304 3245 1359 καὶ
3276 1306 3312 1374 ἡ
3354 1305 3545 1373 ὅρασις
3597 1305 3768 1359 αὐτοῦ

2189 1388 2422 1458 μεγάλη,
2450 1392 2543 1443 καὶ
2570 1391 2671 1444 οὐκ
2700 1387 2769 1462 ἦν
2798 1392 2927 1445 ἄλλο
2948 1394 3132 1465 ὅμοιον
3169 1394 3338 1464 αύτῷ.

2256 1478 2304 1531 9.
2335 1480 2395 1532 Οἱ
2426 1480 2606 1535 κλάδοι
2637 1484 2799 1536 αὐτοῦ
2829 1485 2906 1552 τῷ
2942 1486 3108 1557 μήκει
3142 1485 3218 1548 ὡς
3244 1487 3475 1540 σταδίων
3503 1486 3765 1557 τριάκον-

2182 1586 2273 1634 τα,
2309 1571 2401 1624 καὶ
2427 1573 2684 1628 ὑποκάτω
2713 1575 2879 1631 αὑτοῦ
2902 1576 3156 1640 ἐσκίαζον
3176 1580 3353 1632 πάντα
3374 1577 3446 1631 τὰ
3470 1578 3634 1649 Θηρία
3661 1578 3767 1647 τῆς

510 1659 568 1705 et
607 1651 662 1705 in
708 1666 777 1706 ea
807 1651 1062 1705 volucres
1094 1653 1225 1707 caeli
1264 1653 1657 1719 nidiﬁcahant;
1708 1654 1916 1712 fructus
1963 1659 2070 1727 ejus

2182 1661 2307 1730 γῆς,
2343 1665 2436 1717 καὶ
2464 1667 2523 1719 ἐν
2543 1667 2693 1737 αὑτῷ
2718 1668 2787 1723 τὰ
2813 1669 3032 1724 πετεινὰ
3058 1670 3154 1723 τοῦ
3182 1669 3413 1741 οὐρανοῦ
3441 1670 3725 1723 ἐνόσσευον
3746 1683 3760 1697 ·

512 1742 741 1806 multus,
777 1750 831 1796 et
863 1742 1075 1801 bonus,
1099 1752 1151 1795 ct
1184 1743 1638 1801 subministrabat
1670 1748 1927 1802 omnibus
1959 1749 2070 1802 ani-

2181 1752 2210 1802 ὁ
2238 1753 2449 1824 καρπὸς
2500 1756 2666 1809 αὑτοῦ
2726 1758 2914 1824 πολὺς,
2953 1759 3046 1813 καὶ
3092 1759 3317 1829 ἀγαθὸς,
3369 1759 3464 1813 καὶ
3506 1761 3764 1830 ἐχορήγει

510 1834 765 1887 malihus.

580 1927 630 1978 8.
677 1923 740 1977 Et
779 1923 1004 1993 species,
1033 1923 1153 1990 ejus
1206 1940 1425 1992 magna,
1469 1937 1652 1982 vertex
1699 1930 1845 1986 illius
1884 1947 2079 2001 appro-

508 2016 809 2086 pinquabat
838 2031 1009 2084 usque
1053 2017 1118 2069 ad
1150 2017 1372 2079 caelum,
1406 2028 1458 2071 et
1493 2026 1719 2074 truncus
1756 2022 1875 2090 ejus
1905 2040 2077 2093 usque

506 2107 573 2160 ad
610 2106 804 2168 nubes,
851 2105 1067 2174 replens
1098 2121 1199 2169 ea,
1227 2122 1351 2175 qua:
1381 2107 1568 2162 subter
1597 2110 1794 2163 caelum
1844 2130 1867 2164 :-
1912 2114 1990 2166 sol
2025 2125 2078 2168 et

507 2197 634 2251 luna
668 2206 844 2262 crant,
884 2197 938 2252 in
969 2196 1409 2263 cababitabant,
1453 2208 1505 2255 et
1533 2199 1913 2258 illuminahant
1954 2207 2072 2260 uni-

505 2303 659 2343 versa
668 2304 716 2340 m
742 2295 965 2341 terram.

576 2380 662 2433 10.
700 2377 1125 2449 Contemplabar
1155 2379 1208 2434 in
1226 2396 1420 2438 somno
1441 2398 1586 2447 meo,
1610 2391 1665 2439 et
1688 2399 1815 2441 ecce
1836 2385 2075 2457 Angelus

504 2470 718 2527 missus
738 2479 824 2524 est
852 2472 905 2523 in
939 2469 1258 2529 fortitudine
1279 2473 1346 2528 de
1371 2475 1532 2530 caelo.

574 2560 663 2614 11.
693 2559 760 2614 Et
788 2560 1066 2625 clamavit,
1109 2571 1177 2617 et.
1200 2564 1339 2617 dixit
1385 2565 1434 2618 ei
1468 2584 1491 2621 ι.
1524 2566 1804 2622 Succidite
1844 2585 1986 2634 eam,
2022 2581 2077 2627 et

501 2652 771 2707 destruite
796 2667 916 2709 eam
956 2671 971 2709 :
1003 2654 1318 2709 mandatum
1368 2657 1515 2710 enim
1552 2667 1637 2713 est
1665 2660 1734 2714 ab
1768 2660 2071 2729 Altissimo,

501 2755 559 2799 ut
594 2745 921 2811 eradicetur,
958 2754 1010 2800 et
1051 2746 1258 2801 inutilis
1282 2748 1373 2801 ﬁat
1412 2748 1549 2817 ipsa.

573 2838 659 2892 12.
701 2837 769 2892 Et
806 2839 885 2893 sic
914 2839 1049 2893 dixit
1086 2857 1100 2891 :
1136 2839 1390 2895 Hadicem
1431 2857 1595 2895 unam
1624 2843 1745 2912 ejus
1783 2846 2073 2914 relinquite

499 2934 554 2987 in
592 2940 771 2997 terra,
801 2940 860 2987 ut
900 2947 1025 2987 cum
1059 2932 1248 2988 bestiis
1291 2941 1449 2988 terrae
1487 2934 1543 2991 iu
1596 2936 1875 2992 montibus
1925 2938 2072 2993 foeno

498 3024 642 3080 sicut
671 3024 768 3079 bos
805 3032 1086 3094 pascatur.

571 3115 661 3173 13.
702 3115 772 3169 Et
791 3117 859 3169 de
908 3131 1031 3170 rure
1082 3116 1207 3171 εαξη
1236 3132 1439 3187 corpus
1482 3118 1601 3187 ejus
1641 3118 1975 3183 immutetur,
2016 3131 2069 3175 ct
2101 3132 2143 3189 (ζ

494 3217 703 3278 septem
737 3207 909 3262 annis
931 3217 1190 3278 pascatur
1229 3224 1353 3264 cum
1384 3210 1485 3266 eis.

566 3301 653 3355 M.
698 3300 878 3356 Donec
924 3303 1243 3372 cognoverit
1268 3301 1559 3356 Dominum
1592 3304 1729 3358 coeli.
1749 3314 2069 3373 potestatem

496 3391 694 3445 habere
738 3391 1006 3454 omnium,
1048 3406 1172 3461 qua:
1214 3400 1343 3445 sunt
1400 3393 1453 3445 in
1497 3394 1658 3456 caelo,
1702 3404 1757 3449 ct
1797 3397 2067 3459 omnium,

493 3498 617 3551 qua:
640 3498 806 3552 super
846 3491 1068 3547 terram,
1113 3491 1167 3537 et
1198 3500 1557 3554 quaecumque
1592 3486 1833 3539 voluerit.
1862 3486 2066 3551 facere,

492 3572 622 3626 facit
662 3572 715 3625 in
744 3573 846 3626 eis.

566 3662 653 3714 15.
696 3662 756 3715 In
787 3672 1099 3731 conspectu
1119 3679 1239 3717 meo
1271 3665 1501 3719 succisa
1525 3676 1609 3720 est
1638 3666 1691 3720 in
1723 3667 1812 3721 die
1852 3685 1980 3733 una,
2017 3678 2071 3723 et

492 3752 796 3807 destructio
828 3753 949 3822 ejus
976 3754 1030 3808 in
1073 3755 1207 3809 hora
1235 3771 1341 3810 una
1378 3755 1508 3822 diei,
1541 3766 1597 3812 et
1633 3760 1779 3813 rami
1816 3761 1935 3829 ejus
1955 3763 2065 3816 dati

492 3852 627 3898 sunt
654 3844 721 3898 ad
757 3859 973 3900 omnem
1002 3856 1243 3912 ventum,
1273 3856 1327 3901 et
1350 3857 1591 3903 extracta
1622 3861 1727 3915 est,
1748 3860 1801 3905 et
1829 3853 2066 3921 projecta

490 3944 621 3992 est:
674 3945 728 3991 et
762 3937 968 3993 {mnum
1019 3946 1179 3993 terra
1210 3939 1553 4003 comedebat,
1587 3951 1642 3995 et
1674 3942 1727 3995 in
1763 3945 2063 3998 custodiam

488 4032 687 4085 tradita
710 4041 815 4095 est,
846 4040 901 4085 et
942 4030 995 4084 in
1039 4031 1417 4099 compedibus,
1451 4040 1502 4086 et
1542 4032 1596 4085 in
1639 4035 1871 4090 manicis
1908 4037 2066 4092 aereis

492 4124 657 4192 ligata
691 4133 775 4178 est
801 4122 870 4177 ab
898 4123 999 4178 eis.
1025 4120 1389 4177 Vehementer
1421 4124 1724 4181 admiratus
1754 4142 1876 4181 sum
1903 4142 2066 4197 super

492 4214 601 4277 bis,
633 4223 687 4267 et
734 4229 980 4269 somnus.
1006 4228 1164 4269 meus
1205 4218 1432 4271 recessit
1462 4218 1532 4271 ab
1562 4217 1739 4273 oculis
1772 4220 1909 4274 meis
1955 4238 1968 4275 :
2011 4229 2066 4275 et

496 4321 727 4375 surgens
765 4322 924 4361 mane
950 4307 1016 4361 de
1044 4308 1208 4363 cubili
1242 4323 1363 4363 meo
1386 4324 1573 4364 vocari
1610 4309 1883 4365 Dauielem
1911 4313 2063 4381 prin-

491 4394 670 4463 cipem
739 4396 1133 4465 sophistarum,
1192 4409 1247 4452 et
1317 4398 1513 4453 ducem
1584 4401 2057 4469 interpretantium

2181 1847 2317 1900 πᾶσι
2349 1850 2461 1911 τοῖς
2490 1848 2649 1913 ζώοις
2684 1863 2770 1905 4-.

2250 1937 2304 1991 8.
2349 1939 2400 2005 2
2430 1940 2539 1992 Καὶ
2565 1941 2597 2010 ἡ
2622 1941 2809 2010 ὅρασις
2840 1940 3003 1995 αὑτοῦ
3038 1940 3328 2011 μεγάλη,ή
3352 1940 3567 2011 κορυφὴ
3591 1940 3763 1993 αὑτοῦ

2179 2029 2238 2101 κ
2271 2026 2497 2095 ἤγγισεν
2534 2027 2639 2090 ἕως
2666 2029 2759 2082 τοῦ
2786 2029 3040 2099 ούρανοῦ,
3068 2031 3166 2085 καὶ
3191 2030 3251 2083 τὸ
3278 2029 3443 2093 κύτος
3461 2029 3629 2082 αὐτοῦ
3654 2029 3761 2090 ἕως

2186 2121 2237 2185 2
2270 2118 2379 2171 τῶν
2407 2120 2666 2188 νεφελῶν,
2695 2121 2936 2191 πληροῦν
2969 2122 3036 2175 τὰ
3066 2123 3324 2177 ὑποκάτω
3358 2122 3451 2176 τοῦ
3483 2121 3718 2192 ούρανοῦ
3742 2138 3757 2151 ’

2185 2213 2237 2277 2
2273 2213 2300 2264 ὁ
2327 2212 2477 2281 ἥλιος
2508 2213 2602 2266 καὶ
2625 2215 2657 2283 ἡ
2686 2214 2884 2284 σελήνη
2912 2210 3003 2284 ἦν,
3030 2216 3088 2267 ἐν
3115 2215 3264 2283 αὐτῷ
3284 2214 3462 2289 ᾠκουν
3488 2216 3582 2269 καὶ
3610 2213 3761 2283 ἐφώρ

2185 2307 2238 2372 κ
2272 2304 2419 2368 τιζον
2454 2305 2633 2360 πᾶσαν
2660 2307 2759 2377 τὴν
2788 2307 2912 2377 γῆν.

2248 2396 2335 2450 10.
2378 2397 2676 2470 Ἐθεώρουν
2708 2400 2764 2450 ἐν
2785 2399 2862 2470 τῷ
2886 2400 3041 2471 ὕπνῳ
3071 2418 3192 2471 μου,
3222 2401 3316 2453 καὶ
3357 2401 3467 2455 ἰδοὺ
3526 2399 3761 2467 ἄγγελος

2176 2488 2535 2558 ἀπεστάληέν
2578 2490 2722 2560 ίσχύϊ
2752 2492 2815 2543 ἐκ
2841 2491 2934 2544 τοῦ
2968 2491 3221 2562 ούρανοῦ.

2248 2583 2336 2636 11.
2353 2583 2461 2635 Καὶ
2485 2582 2665 2653 ἐφὼνη
2676 2602 2756 2645 σε,
2781 2585 2874 2637 καὶ
2900 2581 3052 2638 εἶπεν
3085 2584 3253 2655 αὐτῷ·
3283 2583 3583 2653 Ἐκκόψατε
3601 2583 3756 2645 αὐτὸ,

2176 2674 2269 2727 καὶ
2297 2675 2696 2746 καταφθείρατε
2730 2676 2895 2730 αὑτό·
2944 2677 3345 2748 προστέτακται
3385 2676 3490 2746 γὰρ
3525 2677 3633 2729 ἀπὸ
3661 2674 3758 2728 τοῦ

2186 2767 2442 2835 Ὑψίστου
2474 2766 2776 2838 ἐκριζῶσοιι
2806 2769 2905 2823 καὶ
2932 2769 3228 2839 ἀχρειῶσαι
3258 2768 3413 2821 αὐτό.

2246 2858 2332 2912 12.
2372 2859 2480 2911 Καὶ
2512 2858 2687 2921 οὕτως
2718 2856 2859 2913 εἷπε·
2908 2860 3092 2925 Ῥίζαν
3130 2861 3259 2931 μίαν
3292 2861 3460 2930 ἄφετε
3494 2861 3659 2914 αὑτοῦ
3698 2863 3758 2913 ἐν

2172 2952 2238 3019 τῇ
2264 2953 2359 3021 γῇ,
2387 2951 2535 3013 ὅπως
2566 2951 2705 3033 μετὰ
2725 2952 2836 3004 τῶν
2857 2951 3063 3023 θηρίων
3083 2954 3183 3023 τῆς
3228 2953 3337 3024 γῆς
3376 2955 3577 3016 ἐντοῖς
3604 2954 3757 3022 ὄρεσι

2174 3043 2366 3114 χόρτον
2397 3044 2472 3105 ὡς
2500 3043 2625 3113 βοῦς
2657 3044 2910 3115 νέμηται.

2249 3134 2336 3189 13.
2370 3135 2479 3190 Καὶ
2506 3134 2625 3189 ἀπὸ.
2646 3135 2744 3205 τῆς
2763 3135 2955 3206 δρόσου
2983 3136 3080 3188 τοῦ
3104 3136 3433 3208 οὺρανοῦ.τδ
3473 3138 3639 3207 σῶμα
3655 3138 3756 3196 αὐτ-

2172 3226 2265 3279 τοῦ
2292 3227 2579 3299 ἁλλοιωθῇ,
2616 3230 2709 3282 καὶ
2729 3230 2869 3283 ἑπτὰ
2890 3228 2984 3298 ἔτη
3016 3228 3255 3301 βοσκηθῇ
3299 3230 3396 3283 σὺν
3423 3230 3626 3292 αὐτοῖς.

2244 3317 2331 3373 Mx.
2365 3317 2511 3381 Ἕως
2535 3318 2601 3372 ἂν
2618 3319 2733 3388 γνῷ
2773 3319 2864 3371 τὸν
2890 3319 3094 3391 Κύριον
3116 3320 3212 3373 τοῦ
3242 3320 3473 3392 οὐρανοῦ
3503 3320 3756 3385 ἐξουσίαν

2173 3406 2316 3476 ἔχειν
2350 3409 2568 3461 πάντων
2614 3409 2722 3461 τῶν
2772 3411 2830 3461 ἐν
2873 3410 2951 3480 τῷ
2978 3410 3215 3481 οὐρανῷ,
3257 3411 3353 3465 καὶ
3390 3410 3500 3463 τῶν
3527 3412 3622 3467 ἐπὶ
3653 3412 3755 3480 τῆς

2172 3498 2296 3563 γῆς,
2326 3498 2419 3551 καὶ
2452 3497 2551 3550 ὅσα
2580 3496 2645 3551 ἂν
2676 3497 2805 3569 θέλῃ
2839 3502 3203 3565 ποιεῖν,νποιεῖ
3230 3502 3290 3553 ἐν
3313 3500 3519 3563 αὐτοῖς.

2246 3653 2332 3707 15.
2386 3652 2648 3707 Ἐνὼπιόν
2702 3673 2802 3725 μου
2832 3656 3079 3724 ἐξεκόπη,
3105 3657 3160 3709 ἐν
3186 3657 3369 3727 ἡμέρα
3414 3658 3531 3727 μιᾷ,
3585 3659 3679 3711 καὶ
3720 3659 3753 3727 ή

2172 3745 2489 3816 καταφθορὰ
2536 3747 2700 3799 αὑτοῦ
2753 3749 2810 3799 ἐν
2846 3748 2966 3819 ὥρα
3013 3751 3113 3820 μιᾷ
3146 3752 3242 3819 τῆς
3291 3749 3525 3821 ἡμέρας,
3576 3750 3670 3801 καὶ
3700 3752 3751 3801 οἱ

2171 3835 2353 3888 κλάδοι
2386 3838 2551 3890 αὑτοῦ
2583 3837 2842 3910 ἐδόθησαν
2873 3841 2953 3902 εἰς
2982 3841 3157 3893 πάντα
3182 3840 3401 3910 ἄνεμον,
3439 3840 3533 3893 καὶ
3567 3839 3753 3893 εἱλκύ-

2171 3928 2294 3999 σθη,
2332 3930 2423 3982 καὶ
2453 3930 2674 4001 ἐρρίφη.
2704 3933 2813 3988 Καὶ
2840 3933 2928 3985 τὸν
2962 3932 3152 4002 χόρτον
3191 3935 3290 4003 τῆς
3323 3932 3425 4001 γῆς
3452 3931 3627 4003 ήσθιε,
3655 3932 3753 3983 καὶ

2170 4022 2249 4083 εἰς
2278 4019 2525 4091 φυλακὴν
2564 4022 2859 4093 παρεδόθη,
2898 4024 2992 4079 καὶ
3030 4025 3089 4075 ὲν
3116 4023 3328 4083 πέδαις,
3360 4022 3453 4075 καὶ
3482 4023 3539 4073 ἐν
3568 4036 3749 4090 χειροο

2170 4111 2355 4174 πέδαις
2385 4112 2614 4182 χαλκαῖς
2651 4113 2807 4183 ἐδέθη
2854 4114 2945 4166 ὑπ’
2977 4113 3182 4167 αὐτῶν.
3210 4112 3422 4182 Σφόδρα
3460 4111 3752 4180 ἐθαύμασα

2167 4203 2259 4255 ἐπὶ
2279 4201 2509 4265 τούτοις,
2542 4202 2690 4257 me
2715 4204 2880 4267 ὕπνος
2911 4222 3012 4273 μου
3045 4202 3257 4274 ἀπέστη
3287 4202 3393 4255 ἀπὸ
3415 4201 3523 4254 τῶν
3546 4199 3748 4269 ὀφθαλ-

2169 4291 2287 4361 μῶν
2323 4309 2446 4361 μου,
2478 4293 2570 4346 καὶ
2599 4293 2837 4355 ἀναστὰς
2871 4294 2931 4345 τὸ
2970 4292 3115 4363 πρωῒ
3146 4294 3209 4344 ἐκ
3240 4291 3336 4361 τῆς
3382 4291 3571 4357 κοίτης
3619 4306 3743 4358 μου,

2167 4384 2402 4438 ἐκάλεσα
2428 4385 2515 4438 τὸν
2541 4385 2738 4456 Δανιὴλ
2770 4386 2860 4438 τὸν
2893 4386 3128 4455 ἄρχοντα
3166 4385 3273 4437 τῶν
3323 4380 3611 4451 σοφιστῶν,
3650 4380 3746 4432 καὶ

491 4485 737 4547 souutia,
763 4496 818 4539 et
854 4489 1115 4541 enarravi
1141 4488 1190 4541 ei
1223 4489 1522 4554 somnium,
1564 4499 1618 4544 et
1668 4490 2063 4547 demonstravit

2172 4477 2255 4530 τὸν
2286 4478 2587 4549 ἡγούμενον
2615 4477 2725 4530 τῶν
2758 4478 3049 4549 κρινόντων
3072 4478 3138 4530 τὰ
3162 4476 3406 4538 ἐνύπνια,
3438 4475 3531 4527 καὶ
3552 4473 3744 4543 διηγη-

491 4575 624 4629 mihi
658 4590 874 4631 omnem
904 4576 1405 4646 interpretationem
1424 4579 1564 4649 ejus.

564 4777 649 4831 16.
693 4777 1017 4849 Magnopere
1048 4792 1177 4832 vero
1219 4778 1496 4850 obstupuit
1529 4778 1737 4845 Daniel,
1769 4792 1823 4833 et
1872 4782 2061 4851 ροιιίιι-

487 4877 643 4924 ctura
694 4870 1061 4925 couturhabat
1112 4885 1274 4934 eum;
1335 4879 1390 4925 et
1439 4885 1837 4939 expavescens.
1889 4887 2057 4940 quum

489 4974 695 5019 tremor
736 4964 1185 5034 apprehendisset
1231 4978 1379 5028 eum,
1431 4973 1485 5017 et
1534 4963 1855 5017 immutatus
1915 4971 2062 5018 esset

487 5064 743 5125 aspectus
768 5054 915 5124 ejus,
942 5070 1173 5109 movens
1196 5064 1380 5123 caput,
1424 5054 1557 5108 hora
1600 5070 1707 5107 una
1736 5054 2059 5117 admiratus,

486 5147 772 5218 respondit
808 5148 940 5202 mihi
972 5162 1106 5203 voce
1132 5147 1237 5201 leni
1271 5165 1284 5200 :
1318 5146 1454 5212 Rex,
1478 5148 1751 5200 somnium
1781 5146 1924 5201 istud
1954 5146 2058 5210 his,

484 5238 578 5309 qui
610 5249 662 5293 te
714 5240 975 5305 oderunt,
1010 5251 1066 5294 et
1116 5236 1495 5308 interpretatio
1516 5237 1636 5308 ejus
1679 5252 1843 5307 super
1879 5238 2061 5293 hostes

487 5339 613 5386 tuos
650 5331 852 5386 veniat.

564 5445 652 5501 I7.
690 5443 889 5510 Arbor,
924 5460 1045 5514 quae
1078 5445 1136 5498 in
1158 5453 1298 5500 terra
1332 5452 1467 5500 nata
1489 5453 1594 5513 cst,
1622 5444 1783 5515 cujus
1809 5455 2061 5516 aspectus

487 5548 565 5589 est
600 5552 855 5606 magnus,
894 5545 948 5589 tu
981 5551 1060 5599 es,
1087 5552 1204 5591 rex.

564 5645 653 5698 18.
694 5644 761 5696 Et
789 5659 980 5699 omnes
1007 5646 1262 5700 volucres
1294 5648 1437 5712 caeli,
1467 5665 1589 5719 qua:
1625 5650 1977 5707 nidiﬁcabant
2006 5652 2058 5705 in

488 5751 577 5794 οη,
606 5734 866 5785 fortitudo
899 5746 1078 5798 terrae,
1116 5744 1165 5781 et
1217 5739 1477 5800 gentium.
1503 5750 1554 5793 et
1597 5740 1907 5809 linguarum
1944 5757 2059 5796 om-

2166 4569 2347 4641 σάμην
2369 4570 2518 4643 αὐτῷ
2549 4571 2609 4623 τὸ
2631 4570 2901 4634 ἐνύπνιον,
2931 4570 3025 4623 καὶ
3053 4568 3297 4634 ὑπέδειξὲ
3330 4585 3421 4637 μοι
3445 4569 3625 4619 πᾶσαν
3644 4566 3744 4634 τὴν

2167 4661 2451 4730 σύγκρισιν
2473 4660 2657 4717 αὐτοῦ.

2239 4772 2323 4827 16.
2365 4774 2634 4843 Μεγάλως
2654 4774 2711 4827 δὲ
2748 4772 3059 4845 ἐθαύμασεν
3091 4777 3119 4829 ὁ
3151 4776 3366 4846 Δανιὴλ,
3391 4779 3483 4831 καὶ
3516 4779 3742 4835 ὑπόνοια

2167 4867 2533 4919 κατέσπευδεν
2559 4866 2741 4919 αὐτόν’
2787 4869 2881 4919 καὶ
2914 4867 3207 4937 φοϐηθεὶς,
3246 4868 3449 4939 τρόμου
3484 4871 3741 4933 λαϐόντος

2165 4959 2346 5023 αὐτὸν,
2370 4958 2464 5010 καὶ
2483 4958 2871 5029 ἀλλοιωθείσης
2899 4960 2998 5031 τῆς
3024 4962 3267 5031 ὁράσεως
3292 4962 3480 5024 αὑτοῦ,
3514 4964 3742 5034 κινήσας

2165 5049 2262 5119 τὴν
2293 5048 2535 5119 κεφαλὴν
2560 5090 2575 5114 ,
2611 5051 2761 5119 ὥραν
2808 5050 2939 5120 μίαν
2974 5051 3373 5121 ἁποθαυμάσας
3396 5095 3411 5119 ,
3464 5053 3738 5123 ἀπεκρίθη
3766 5044 3772 5051 ”

2170 5161 2259 5214 μοι
2296 5146 2461 5215 φωνῇ.
2482 5144 2682 5216 πραείᾳ
2701 5163 2713 5174 ·
2738 5144 2967 5197 Βασιλεῦ
2991 5184 3007 5209 ,
3052 5145 3113 5197 τὸ
3142 5146 3392 5200 ἐνύπνιον
3432 5146 3591 5200 τοῦτο
3627 5152 3739 5212 τοῖς

2167 5236 2385 5306 μισοῦσί
2416 5254 2496 5303 σε,
2534 5238 2628 5290 καὶ
2660 5240 2692 5306 ἡ
2728 5238 3013 5309 σύγκρισις
3051 5239 3215 5293 αὑτοῦ
3256 5243 3365 5304 τοῖς
3405 5241 3618 5311 ἐχθροῖς
3646 5258 3741 5295 σου

2162 5327 2399 5383 ἐπέλθοι.

2239 5445 2321 5497 17.
2348 5445 2420 5498 Τὸ
2451 5444 2784 5516 δὲνδρονμτὸ
2828 5446 2889 5500 ἐν
2926 5449 2988 5517 τῇ
3024 5449 3100 5517 γῇ
3137 5448 3545 5517 πεφυτευμένον
3566 5486 3583 5512 ,
3616 5441 3678 5500 οὗ
3709 5448 3741 5518 ἠ

2164 5537 2351 5607 ὅρασις
2376 5536 2609 5606 μεγάλη,
2645 5538 2709 5590 σὺ
2744 5531 2814 5603 εἴ,
2849 5536 3086 5607 βασιλεῦ.

2236 5647 2321 5702 18.
2352 5648 2460 5703 Καὶ
2490 5649 2666 5703 πάντα
2707 5650 2777 5703 τὰ
2819 5650 3040 5704 πετεινὰ
3073 5649 3167 5704 τοῦ
3198 5651 3429 5721 ούρανοῦ
3496 5651 3565 5703 τὰ
3614 5668 3738 5705 νοσ-

2166 5738 2391 5792 σεύοντα
2419 5740 2476 5792 ἐν
2506 5739 2676 5811 αὐτῷ,
2699 5742 2730 5810 ἡ
2753 5741 2903 5812 ίσχὺς
2926 5742 3023 5813 τῆς
3046 5741 3169 5812 γῆς,
3191 5742 3283 5796 καὶ
3308 5743 3415 5796 τῶν
3430 5742 3618 5801 ἐθνῶν.
3643 5740 3736 5795 καὶ
