4122 6320
343 319 491 379 3797

1648 335 1898 395 DANIEL
1933 338 2162 398 CAPUT
2196 337 2285 395 IV.

3443 349 3587 409 2735

338 441 449 496 τῶν
478 438 754 510 γλωσσῶν
774 441 960 497 πασῶν
990 441 1097 508 ἕως
1127 444 1232 499 τῶν
1264 447 1514 518 περάτων
1541 451 1638 522 τῆς
1665 452 1788 522 γῆς,
1826 473 1886 508 κα

1988 505 1991 514 _
2026 453 2176 508 nium
2212 471 2386 524 usque
2413 455 2479 510 ad
2511 457 2774 514 terminos
2795 466 2972 525 terrae,
3013 471 3069 517 et
3113 478 3305 522 omnes
3336 466 3586 536 regiones

340 533 512 588 πᾶσαι
534 534 589 585 αί
620 538 794 603 χῶραι
818 534 898 586 σοὶ
923 534 1283 592 δουλεύσουσι.

412 620 494 676 19.
526 619 601 673 Τὸ
623 621 679 674 δὲ
703 621 1056 694 ἀνυψωθῆναι
1078 625 1138 678 τὸ
1164 626 1378 697 δένδρον
1409 628 1602 692 ἐκεῖνο,
1642 634 1734 686 καὶ
1768 635 1917 703 ἐγγί-

336 727 429 766 σαι
447 710 528 782 τῷ
547 711 784 782 οὐρανῷ,
819 714 916 765 καὶ
942 714 1002 767 τὸ
1036 714 1199 778 κύτος
1237 716 1400 770 αὐτοῦ
1437 719 1677 787 ἅψασθαι
1697 721 1806 776 τῶν
1831 741 1916 776 νε-

334 800 534 870 φελῶν,
554 803 643 870 σὺ,
665 803 907 875 βασιλεῦ,
933 804 1150 875 ὖψώθης
1167 807 1306 878 ὑπὲρ
1328 807 1533 873 πάντας
1557 813 1683 874 τοὺς
1705 813 1914 883 ἀνθρὼ-

334 910 499 957 τεους,
535 893 667 956 τοὺς
696 893 855 956 ὄντας
913 895 1008 948 ἐπὶ
1063 896 1354 966 προσώπου
1409 900 1591 970 πάσης
1636 902 1735 970 τῆς
1770 904 1872 974 γῆς
1896 925 1910 938 ·

335 981 526 1051 ὑψώθη
556 999 652 1036 σου
675 983 710 1053 ή
737 983 933 1054 καρδία
982 985 1332 1056 ὑπερηφανίᾳ
1366 987 1460 1040 καὶ
1491 989 1634 1059 ἰσχύϊ
1671 992 1810 1062 ὑπὲρ
1841 993 1912 1047 τὰ

335 1071 470 1141 πρὸς
497 1073 590 1126 τὸν
617 1074 773 1142 ἅγιον
823 1075 920 1128 καὶ
967 1077 1095 1140 τοὺς
1139 1078 1406 1147 ἀγγέλους
1435 1081 1632 1135 αὑτοῦ·
1675 1083 1744 1136 τὰ
1773 1083 1909 1156 ἔργα

333 1179 428 1216 σου
457 1162 638 1234 ὤφθη,
660 1165 784 1219 καθ’
809 1165 890 1219 ὅτι
915 1164 1285 1237 ὲξηρήμωσας
1326 1169 1418 1224 τὸν
1460 1167 1611 1226 οἷκον
1648 1173 1742 1226 τοῦ
1771 1172 1906 1228 Θεοῦ

331 1251 425 1306 τοῦ
442 1252 646 1319 ζῶντος
673 1253 767 1307 ἐπὶ
795 1256 913 1318 ταῖς
934 1255 1232 1327 ἁμαρτίαις
1253 1257 1348 1312 τοῦ
1365 1258 1496 1314 λαοῦ
1522 1261 1616 1317 τοῦ
1648 1262 1908 1333 ἡγιασμέ-

331 1361 444 1399 νου.

400 1433 491 1488 20.
519 1433 627 1486 Καὶ
656 1435 691 1506 ή
714 1433 924 1503 ὅρασις,
951 1435 1018 1506 ἢν
1051 1429 1211 1501 εἶδες,
1247 1437 1329 1491 ὅτι
1375 1440 1604 1508 ἄγγελος
1651 1443 1708 1496 ἐν
1759 1443 1904 1514 ἰσχύϊ

333 1523 611 1592 ἀπεστάλη
640 1524 785 1594 παρὰ
811 1525 904 1578 τοῦ
928 1527 1134 1598 Κυρίου
1157 1568 1172 1593 ,
1213 1530 1307 1581 καὶ
1349 1530 1430 1582 ὃτι
1464 1527 1636 1586 εἶπενο
1680 1535 1900 1606 Ἐξᾶραι

330 1614 391 1667 τὸ
419 1613 652 1683 δένδρον,
688 1615 780 1669 καὶ
801 1615 1052 1686 ἐκκόψαι,
1081 1619 1114 1686 ή
1149 1619 1329 1690 κρίσις
1369 1619 1462 1673 τοῦ
1493 1620 1626 1674 θεοῦ
1666 1624 1762 1676 τοῦ
1805 1642 1900 1694 με-

329 1703 495 1770 γάλου
529 1705 648 1775 ἥξει
676 1706 770 1760 ἐπὶ
793 1707 874 1762 σέ.

2020 547 2258 600 servient
2297 547 2414 602 tibi.

2093 635 2180 691 l9.
2217 634 2374 702 Quod
2414 646 2594 692 autem
2651 640 2897 696 exaltata.
2945 640 3109 697 fuerit
3156 645 3318 699 arbor
3371 646 3482 710 illa,
3531 656 3586 702 et

2017 729 2538 799 appropinquaverit
2577 731 2740 797 caelo,
2795 742 2850 787 et
2895 741 3125 790 truncus
3179 733 3300 804 ejus
3349 737 3584 805 tetigerit

2017 820 2187 874 nubes
2225 839 2237 873 :
2268 828 2352 887 tu,
2381 836 2488 887 rex,
2505 822 2746 879 elevatus
2787 839 2848 879 es
2880 840 3044 896 super
3078 842 3270 882 omnes
3309 827 3579 894 homines,

2013 909 2103 979 qui
2143 918 2271 965 sunt
2308 925 2472 980 super
2502 909 2699 966 faciem
2738 913 3004 970 universae
3051 924 3208 969 terrae
3240 931 3252 970 :
3311 914 3578 970 elevatum

2011 1009 2094 1055 est
2128 1016 2225 1055 cor
2254 1011 2406 1056 tuum
2437 1003 2713 1072 superbia,
2741 1017 2794 1060 et
2812 1004 3130 1061 fortitudine
3159 1023 3323 1076 supra
3350 1021 3434 1071 ea,
3458 1024 3580 1078 qua:

2010 1092 2184 1145 sancti
2208 1099 2362 1159 sunt,
2389 1100 2443 1147 et
2472 1093 2790 1165 angelorum
2817 1095 2957 1165 ejus.
2990 1095 3165 1166 Opera
3202 1106 3292 1151 tua
3334 1099 3578 1167 inspecta

2009 1191 2156 1246 sunt,
2198 1184 2500 1239 secundum
2528 1184 2674 1254 quod
2699 1184 2990 1241 devastasti
3022 1189 3243 1242 domum
3269 1186 3364 1244 Dei
3395 1190 3578 1245 viven-

2009 1275 2076 1330 tis
2109 1286 2324 1346 propter
2351 1287 2569 1348 peecata
2597 1278 2780 1348 populi
2814 1280 3165 1335 sanetilicati.

2077 1429 2168 1484 20.
2213 1432 2278 1484 Et
2316 1431 2473 1495 visio,
2521 1447 2684 1500 quam
2722 1433 2930 1497 vidisti,
2959 1433 3089 1503 quia
3121 1434 3349 1502 angelus
3384 1434 3435 1488 in
3461 1433 3572 1488 for-

2006 1523 2238 1578 titudine
2267 1525 2466 1578 missus
2495 1534 2580 1578 est
2612 1540 2642 1579 a
2683 1524 2939 1589 Domino,
2973 1534 3027 1581 et
3057 1525 3182 1595 quia
3210 1526 3349 1580 dixit
3375 1545 3388 1579 :
3421 1525 3575 1581 Toiie

2002 1613 2276 1678 arborem,
2312 1623 2366 1669 et
2403 1615 2624 1671 surcide
2666 1635 2679 1671 :
2719 1618 2989 1688 judicium
3044 1616 3138 1672 Dei
3174 1617 3358 1688 magni
3391 1616 3573 1672 veniet

2002 1716 2168 1771 super
2197 1710 2268 1757 te.

395 1795 485 1851 21.
517 1799 628 1852 Καὶ
669 1800 698 1852 6
731 1799 1010 1870 ’Υψιστος,
1047 1801 1142 1856 καὶ
1168 1802 1218 1854 οί
1255 1801 1476 1871 ἄγγελοι
1521 1805 1685 1860 αὐτοῦ
1718 1807 1810 1860 ἐπὶ
1841 1807 1886 1861 σὲ

2072 1795 2160 1849 21.
2204 1795 2268 1850 Ει
2300 1795 2635 1862 Altissimus,
2662 1806 2716 1852 et
2744 1797 2919 1868 angeli
2956 1796 3076 1866 ejus
3102 1790 3156 1849 in
3182 1804 3232 1852 te
3260 1795 3568 1858 incurrunt,

330 1884 769 1954 κατατρέχουσιν,
801 1888 880 1952 είς
901 1889 1147 1963 φυλακὴν
1169 1891 1434 1956 ἀπάξουσι
1465 1911 1545 1962 σε,
1577 1897 1672 1949 καὶ
1702 1899 1780 1962 εἰς
1811 1898 1896 1951 τό-

329 1990 426 2027 πον
462 1974 670 2046 ἔρημον
689 1978 1044 2035 ἀποστελοῦσί
1071 1999 1152 2036 σε.

393 2065 482 2120 25.
516 2067 628 2121 Καὶ
659 2070 694 2140 ή
717 2069 840 2140 ῥίζα
867 2071 961 2125 τοῦ
984 2071 1226 2144 δένδρου,
1255 2080 1288 2148 ή
1323 2078 1608 2147 ἀφεθεῖσα,
1650 2080 1773 2132 ἐπεὶ
1795 2079 1894 2132 οὐκ

324 2152 640 2228 εξεριζώθη,
670 2160 700 2212 6
725 2159 887 2225 τόπος
916 2163 1008 2216 τοῦ
1037 2165 1227 2234 θρόνου
1250 2185 1345 2221 σου
1370 2170 1452 2222 σοὶ
1489 2171 1892 2242 συντηρηθήσε-

324 2261 412 2298 ται
438 2247 518 2309 είς
544 2248 736 2318 καιρὸν
783 2251 877 2304 καὶ¹
913 2252 1082 2324 ὥραν.
1129 2257 1259 2310 Ἰδοὺ
1284 2261 1378 2312 ἐπὶ
1409 2260 1468 2314 σὲ
1493 2262 1890 2331 ὲτοιμάζονται,

323 2336 417 2389 καὶ
437 2339 842 2410 μαστιγώσουσί
879 2361 958 2413 σε,
984 2349 1080 2402 καὶ
1102 2350 1362 2417 ἐπάξουσι
1393 2351 1460 2406 τὰ
1477 2355 1777 2424 κεκριμένα
1802 2355 1892 2408 ἐπί

326 2445 402 2485 σε.
439 2429 646 2500 Κύριος
685 2433 751 2505 ζῇ
780 2436 838 2488 ὲν
863 2437 1077 2510 οὐρανῷ
1103 2481 1118 2506 ,
1146 2443 1240 2494 καὶ
1266 2444 1300 2514 ἡ
1340 2443 1561 2508 ἐξουσία
1593 2446 1756 2500 αὑτοῦ
1799 2449 1891 2500 ἐπὶ

322 2519 464 2591 πάσῃ
493 2523 559 2592 τῇ
585 2525 680 2593 γῇ-

385 2608 474 2666 24.
507 2610 684 2665 Αὐτοῦ
701 2612 923 2686 δεήθητι
947 2619 1074 2690 περὶ
1094 2623 1202 2678 τῶν
1221 2625 1508 2695 ἁμαρτιῶν
1532 2646 1647 2694 σου,
1672 2631 1765 2684 καὶ
1796 2633 1890 2686 πά-

319 2713 415 2790 σας
441 2699 542 2790 τὰς
570 2701 783 2790 ἀδικίας
811 2722 904 2760 σου
936 2711 994 2763 ὲν
1033 2713 1421 2783 ὲλεημοσύναις
1463 2719 1764 2790 λύτρωσαι,
1801 2723 1886 2776 ἵνα

317 2787 582 2844 ἂπιείκεια
608 2789 733 2863 δοθῇ
767 2809 870 2857 σοι,
895 2797 988 2850 καὶ
1009 2798 1350 2874 πολυήμερος
1381 2804 1512 2876 γένῃ
1537 2787 1628 2858 ἐπὶ
1648 2805 1739 2859 τοῦ
1763 2806 1886 2877 θρό-

315 2893 404 2936 νου
428 2879 529 2948 τῆς
551 2878 827 2948 βασιλείας
863 2903 980 2952 σου,
1012 2890 1106 2941 καὶ
1139 2890 1214 2961 μὴ
1254 2895 1594 2966 καταφθείρῃ
1620 2913 1701 2951 σε.

382 2969 472 3027 25.
498 2970 733 3038 Τούτους
763 2976 890 3040 τοὺς
931 2977 1122 3048 λόγους
1151 2982 1433 3054 ἀγάπησον
1454 3002 1466 3016 ·
1517 2986 1751 3058 ἀκριῦής
1778 2989 1884 3060 γάρ

316 3078 417 3132 μου
445 3064 475 3116 6
510 3063 688 3133 λόγος,
722 3068 814 3120 καὶ
837 3069 1051 3141 πλήρης
1073 3074 1101 3125 6
1122 3074 1313 3143 χρόνος
1341 3062 1456 3130 σου.
1490 3077 1598 3130 Καὶ
1631 3079 1724 3131 ἐπὶ
1759 3097 1884 3132 συν-

2000 1886 2052 1940 in
2076 1888 2380 1942 custodiam
2405 1889 2674 1944 abducent
2703 1901 2774 1954 te,
2790 1899 2842 1943 et
2869 1889 2923 1942 in
2946 1888 3126 1942 locum
3149 1885 3423 1940 desertum
3444 1885 3570 1938 mit-

2000 1987 2113 2033 tent
2145 1987 2218 2032 te.

2065 2071 2155 2126 25.
2191 2070 2258 2125 Et
2288 2071 2440 2126 radix
2493 2071 2725 2137 arboris,
2767 2087 2888 2141 quae
2923 2069 3128 2125 relicta.
3157 2077 3263 2136 est,
3308 2068 3564 2140 quoniam

1993 2163 2266 2216 eradicala
2299 2179 2406 2216 non
2448 2173 2560 2230 est,
2588 2164 2740 2218 locus
2769 2162 2947 2216 throni
2985 2162 3062 2216 tui
3095 2161 3187 2216 tibi
3215 2158 3564 2215 conservabi-

1997 2263 2084 2305 tur
2107 2253 2172 2307 ad
2210 2263 2444 2323 tempus,
2489 2263 2543 2308 et
2571 2255 2784 2309 horam.
2813 2255 2949 2308 Ecce
2979 2267 3142 2322 super
3175 2259 3228 2306 te
3261 2265 3567 2319 praeparan-

1993 2353 2104 2406 tur,
2157 2352 2212 2397 et
2241 2342 2590 2414 ﬂagellabunt
2639 2352 2725 2408 te,
2753 2353 2808 2399 et
2857 2343 3140 2409 inducent,
3185 2357 3306 2412 quae
3346 2341 3562 2396 decreta

1991 2444 2121 2490 sunt
2151 2450 2318 2505 super
2343 2446 2395 2490 te
2432 2454 2446 2490 :
2485 2435 2749 2490 Dominus
2777 2435 2917 2490 vivit.
2949 2434 3004 2489 in
3040 2434 3202 2500 caelo,
3238 2441 3292 2488 et
3319 2440 3562 2503 potestas

1990 2527 2109 2597 ejus
2139 2529 2190 2580 in
2227 2528 2479 2582 universa
2514 2537 2676 2583 terra.

2059 2618 2148 2671 24.
2193 2617 2374 2688 Ipsum
2402 2619 2696 2688 deprecare
2725 2634 2825 2688 pro
2853 2618 3095 2689 peccatis
3130 2617 3260 2681 tuis,
3293 2625 3348 2670 et
3370 2630 3562 2669 omnes

1989 2709 2284 2778 injustitias
2315 2718 2437 2764 tuas
2461 2710 2825 2780 eleemosynis
2847 2710 3080 2775 redime,
3103 2718 3164 2762 ut
3196 2705 3560 2761 mansuetudo

1986 2800 2144 2854 detur
2188 2799 2305 2864 tibi,
2363 2807 2417 2853 et
2473 2801 2657 2856 multis
2709 2800 2907 2854 diebus
2947 2799 3023 2855 sis
3081 2813 3246 2870 super
3301 2797 3558 2851 thronum

1987 2892 2137 2961 regni
2173 2892 2271 2952 tui,
2302 2899 2356 2945 et
2389 2905 2495 2945 non
2517 2891 2795 2962 disperdat
2827 2901 2898 2946 te.

2053 2981 2144 3035 25.
2206 2980 2318 3037 Hos
2369 2997 2653 3038 sermones
2703 2983 2936 3038 observa
2986 3001 3005 3036 ε,
3043 2990 3224 3035 certus
3274 2980 3418 3034 enim
3475 2986 3560 3033 est

1986 3087 2141 3127 meus
2184 3087 2384 3138 sermo,
2437 3082 2492 3128 et
2537 3074 2868 3142 completum
2910 3082 3131 3141 tempus.
3171 3081 3345 3124 tuum.
3392 3069 3456 3123 Et
3502 3069 3554 3122 in

310 3154 492 3226 τελείᾳ
517 3157 626 3212 τῶν
666 3157 840 3228 λόγων
871 3163 1340 3238 Ναϐουχοδονόσορ
1365 3209 1380 3233 ,
1429 3169 1504 3232 ὡς
1533 3172 1734 3241 ἤκουσε
1782 3174 1881 3244 τὴν

1988 3165 2092 3217 line
2125 3165 2412 3219 verborum
2453 3164 2980 3228 Nabuchodonosor,
3026 3172 3312 3232 postquam
3347 3161 3556 3214 audivit

312 3245 492 3316 κρίσιν
518 3248 614 3302 τοῦ
645 3251 917 3326 ὁράματος
940 3294 955 3318 ,
979 3256 1108 3327 τοὺς
1137 3256 1329 3326 λόγους
1353 3261 1410 3312 ὲν
1431 3263 1498 3332 τῇ
1529 3263 1725 3337 καρδίᾳ
1759 3281 1884 3317 συν-

313 3337 571 3413 ετήρηςτεο

379 3430 466 3484 26.
499 3433 612 3486 Καὶ
655 3436 795 3504 μετὰ
839 3438 1018 3508 μῆνας
1061 3441 1276 3503 δώδεκα,
1302 3446 1330 3497 6
1358 3444 1610 3514 βασιλεὺς
1640 3449 1732 3506 ἐπὶ
1773 3450 1881 3504 τῶν

310 3523 502 3593 τειχῶν
533 3526 632 3596 τῆς
656 3528 862 3593 πόλεως
889 3531 1025 3601 μετὰ
1057 3534 1238 3605 πάσης
1264 3537 1364 3606 τῆς
1395 3537 1554 3607 δόξης
1595 3540 1759 3593 αὐτοῦ
1785 3559 1880 3594 πε-

314 3617 589 3687 ριεπάτει,
632 3620 728 3673 κα)⁵
770 3622 862 3675 ἐπὶ
887 3623 997 3680 τῶν
1027 3625 1254 3697 πύργων
1287 3629 1456 3698 αὐτῆς
1487 3631 1832 3703 διεπορεύετο
1861 3674 1875 3697 ,

311 3706 401 3767 καὶ
431 3710 752 3781 ἀποκριθεὶς
772 3709 947 3776 εἶπενο

377 3800 462 3856 27.
499 3800 649 3872 Αὕτη
682 3805 798 3858 ἐστὶ
827 3806 1083 3870 Βαϐυλὼν
1115 3811 1152 3880 ἡ
1181 3811 1414 3883 μεγάλη,
1458 3816 1523 3886 ἢν
1547 3816 1658 3884 ἐγὼ
1687 3817 1880 3888 ᾠκοδό·

311 3906 479 3980 βησα,
515 3892 608 3944 καὶ
637 3889 784 3958 οἶκος
809 3896 1085 3964 βασιλείας
1126 3917 1225 3970 μου
1255 3905 1312 3956 ὲν
1345 3905 1487 3974 ἰσχύϊ
1515 3908 1748 3977 κράτους
1775 3928 1876 3980 μου

311 3978 635 4056 κληθήσεται
662 3985 741 4047 είς
768 3986 933 4058 τιμὴν
961 3989 1062 4058 τῆς
1087 3991 1242 4064 δόξης
1264 4011 1388 4064 μου.

376 4071 463 4131 28.
514 4073 635 4128 Ἔτι
677 4074 780 4137 τοῦ,
813 4076 972 4146 λόγου
1008 4082 1066 4133 ἐν
1102 4081 1179 4153 τῷ
1213 4085 1440 4154 στόματι
1481 4087 1575 4140 τοῦ
1617 4089 1876 4159 βασιλέως

309 4161 476 4226 ὄντος,
511 4164 605 4216 ἐπὶ
622 4166 930 4233 συντελείας
950 4171 1053 4232 τοῦ.
1079 4173 1242 4242 λόγου,
1267 4177 1452 4239 αὐτοῦ,
1483 4179 1664 4250 φωνὴν
1695 4184 1758 4234 ἐκ
1781 4182 1874 4234 τοῦ

310 4251 535 4342 οὐρανοῦ
565 4253 782 4324 ἧκουσε*
829 4258 920 4311 Σοὶ
959 4260 1196 4330 λέγεται,
1223 4265 1690 4342 Ναϐουχοδονόσορ
1725 4273 1876 4340 βασι-

310 4338 420 4430 λεῦ,
449 4343 482 4412 ή
512 4341 762 4412 βασιλεία
786 4346 1101 4413 Βαϐυλῶνος
1128 4351 1403 4424 ἀφῄρηταί
1437 4371 1552 4420 σου,
1580 4338 1674 4409 καί
1705 4338 1876 4430 ἑτέρῳ

307 4429 504 4486 δίδοται
533 4432 940 4511 ὲξουθενημὲνῳ
973 4441 1245 4515 ἀνθρώπῳ
1292 4447 1350 4498 ἐν
1376 4446 1458 4517 τῷ.
1485 4447 1618 4518 οἴκῳ
1647 4465 1764 4505 σου.

383 4521 514 4576 Ἰδοὺ
547 4523 660 4592 ἐγὼ
693 4527 991 4602 καθίστημι
1022 4531 1185 4587 αὐτὸν
1213 4534 1304 4586 ἐπὶ
1325 4537 1425 4605 τῆς
1456 4537 1731 4606 βασιλείας
1753 4556 1868 4602 σου,

307 4612 394 4670 καὶ
433 4612 534 4684 τὴν
573 4614 824 4685 ἐξουσίαν
870 4636 984 4684 σου,
1023 4623 1116 4676 καὶ
1152 4623 1248 4696 τὴν
1295 4625 1453 4691 δόξαν
1506 4647 1618 4691 σου,
1652 4632 1746 4684 καὶ⁹
1775 4632 1872 4702 τὴν

303 4706 512 4776 τρυφήν
541 4723 636 4765 σου
669 4709 1083 4782 παραλήψεται·
1128 4715 1276 4780 ὅπως
1309 4719 1566 4789 ἐπιγνῷς,
1601 4721 1681 4774 ὅτι
1721 4721 1872 4787 ἐξου-

307 4794 422 4847 σίαν
444 4794 562 4865 ἔχει
585 4798 614 4850 6
651 4797 786 4861 Θεὸς
814 4801 911 4853 τοῦ
944 4802 1174 4872 οὐρανοῦ
1197 4806 1254 4857 ὲν
1279 4809 1344 4877 τῇ
1376 4807 1622 4881 βασιλείᾳ
1650 4811 1756 4864 τῶν
1778 4813 1871 4866 ἀν-

301 4884 556 4954 θρώπων,
595 4890 688 4941 καὶ
719 4882 763 4956 ᾧ
808 4891 902 4944 ἐὰν
934 4892 1206 4964 βούληται,
1242 4896 1401 4950 δώσει
1443 4901 1648 4971 αὑτήνο
1684 4901 1786 4966 ἕως
1814 4903 1869 4956 δὲ

301 4977 450 5043 ἡλίου
497 4978 784 5052 ἀνατολῆς,
823 4983 1076 5053 βασιλεὺς
1119 4987 1304 5060 ἕτερος
1351 4991 1782 5062 εὐφρανθήσεται
1812 4996 1870 5047 ὲν

300 5067 375 5136 τῷ
401 5071 537 5140 οἴκῳ
567 5088 683 5134 σου,
733 5075 827 5127 καὶ
853 5078 1119 5147 κρατήσει
1169 5081 1269 5150 τῆς
1307 5080 1462 5153 δόξης
1492 5101 1618 5149 σου,
1649 5086 1742 5138 καὶ
1772 5087 1870 5157 τῆς

303 5157 483 5228 ἰςχύος
515 5179 630 5228 σου,
658 5165 751 5217 καὶ
776 5165 876 5236 τῆς
909 5166 1154 5234 ἐξουσίας
1182 5185 1296 5230 aeu.

367 5249 457 5305 ἓξ).
492 5253 602 5306 Καὶ
621 5256 670 5307 oi
701 5255 921 5324 ἄγγελοι
946 5257 1228 5323 διώξονταί
1259 5278 1318 5314 σε
1349 5262 1443 5315 ἐπὶ
1469 5263 1564 5331 ἔτη
1587 5264 1746 5328 ἑπτὰ,
1779 5266 1869 5318 καὶ⁹

298 5339 358 5392 οὐ
389 5341 464 5414 μὴ
486 5343 682 5416 ὀφθῇς,
727 5348 837 5400 οὐδ’
878 5349 938 5402 οὺ
972 5349 1049 5420 μὴ
1078 5349 1316 5424 λαλήσῃς
1352 5354 1488 5423 μετὰ
1540 5355 1740 5418 παντὸς
1777 5357 1870 5408 ἀν-

298 5429 538 5500 θρώπου,
569 5436 758 5508 χόρτον
779 5438 855 5502 ὡς
895 5439 1021 5509 βοῦν
1049 5459 1109 5494 σε
1138 5442 1466 5513 ψωμίσουσι,
1512 5445 1604 5498 καὶ
1635 5446 1742 5499 ἀπὸ
1771 5447 1870 5517 τῆς

297 5519 456 5590 χλόης
486 5524 585 5594 τῆς
605 5526 710 5595 γῆς
730 5525 882 5582 ἔσται
899 5530 932 5597 ἡ
962 5532 1100 5601 νομή
1135 5549 1251 5585 σου.
1291 5533 1421 5586 Ἰδοὺ
1443 5535 1562 5586 ἀντὶ
1589 5534 1686 5602 τῆς
1711 5535 1868 5604 δόξης

300 5627 394 5665 σου
431 5612 658 5686 δήσουσί
698 5633 756 5670 σε
782 5657 796 5682 ,
839 5621 931 5673 καὶ
964 5621 1053 5674 τὸν
1085 5618 1233 5676 οἷκον
1262 5623 1358 5694 τῆς
1387 5626 1593 5696 τρυφῆς
1622 5643 1736 5690 σου,
1777 5627 1867 5680 καὶ

299 5701 396 5774 τῆς
420 5703 698 5774 βασιλείας
730 5725 822 5762 σου
852 5710 1037 5781 ἕτερος
1064 5712 1194 5780 ἕξει.

1987 3254 2494 3324 interpretationem
2535 3255 2782 3318 visionis,
2819 3257 2980 3310 verba
3033 3256 3087 3308 in
3139 3254 3300 3308 corde
3329 3268 3556 3309 conser-

1983 3345 2147 3400 vavit.

2051 3437 2143 3492 9.6.
2182 3438 2244 3493 Et
2279 3449 2402 3508 post
2435 3455 2652 3495 menses
2690 3439 2977 3496 duodecim
3015 3455 3106 3494 rex
3153 3454 3319 3507 super
3365 3453 3554 3491 muros

1983 3529 2222 3585 civitatis
2261 3546 2382 3585 cum
2416 3533 2566 3586 omni
2606 3532 2889 3602 majestate
2921 3547 3020 3587 sua
3068 3529 3471 3595 deambulabat,
3499 3538 3555 3584 et

1981 3637 2146 3692 super
2179 3633 2356 3678 turres
2383 3622 2500 3692 ejus
2534 3624 2920 3693 pertransibat,
2949 3621 3354 3690 etrespomlens
3377 3621 3512 3675 dixit
3536 3639 3548 3673 :

2047 3795 2140 3850 ΕΠ.
2186 3794 2309 3855 llaec
2332 3805 2415 3852 est
2450 3795 2689 3868 Babylon
2714 3813 2932 3866 magna,
2954 3813 3117 3868 quam
3142 3813 3242 3868 ego
3265 3797 3550 3862 aediﬁcavi,

1977 3900 2030 3944 et
2064 3892 2262 3946 dOIIIUS
2311 3893 2460 3960 regni
2514 3892 2617 3946 mei
2665 3892 2717 3944 in
2759 3891 3081 3946 fortitudine
3119 3893 3371 3960 potentia:
3417 3906 3552 3946 mea:

1980 3977 2264 4030 vocabitur
2289 3975 2356 4030 ad
2386 3978 2652 4031 honorem
2682 3978 2868 4046 gloriae
2893 3993 3053 4032 meae.

2045 4066 2138 4121 28.
2178 4066 2313 4121 Cum
2344 4068 2521 4121 adhuc
2560 4082 2741 4122 sermo
2773 4067 2826 4121 in
2859 4082 2952 4122 ore
2982 4067 3126 4137 regis
3156 4070 3333 4134 esset,‘
3357 4069 3411 4122 in
3443 4068 3549 4123 line

1977 4159 2249 4214 sermonis
2273 4159 2357 4214 sui
2385 4173 2573 4215 vocem
2615 4159 2680 4214 de
2707 4160 2846 4215 caelo
2888 4159 3130 4215 audivit:
3167 4158 3290 4214 Tibi
3323 4161 3544 4225 dicitur,

1976 4248 2484 4306 Nabuchodonosor
2535 4267 2628 4306 rex
2665 4269 2677 4304 :
2727 4267 2958 4322 regnum
2988 4252 3279 4323 Babylonis
3303 4255 3544 4310 ablatum

1974 4351 2060 4396 est
2099 4358 2128 4396 ο
2172 4350 2244 4408 te,
2282 4350 2337 4397 et
2385 4341 2541 4397 alteri
2581 4342 2742 4397 datur
2782 4342 2992 4412 ahjecto
3043 4344 3249 4399 homini
3294 4345 3346 4399 in
3381 4346 3546 4400 domo

1904 4466 1946 4518 Ι)
1978 4442 2091 4492 tua.

2050 4525 2188 4581 Ecce
2211 4541 2313 4594 ego
2340 4527 2618 4583 constituo
2643 4545 2765 4582 eum
2811 4542 2975 4598 super
3003 4544 3228 4599 regnum
3271 4539 3446 4592 tuum,
3491 4537 3546 4583 et

1977 4627 2301 4687 potestatem
2336 4627 2510 4683 tuam,
2538 4630 2592 4675 et
2623 4621 2850 4691 gloriam
2893 4629 3066 4684 tuam,
3094 4631 3147 4675 et
3168 4620 3395 4676 delicias
3423 4630 3546 4675 luas

1975 4709 2222 4778 accipiet,
2275 4719 2334 4764 ut
2371 4726 2591 4776 noscas,
2641 4712 2776 4782 quia
2827 4721 3151 4781 potestatem
3204 4711 3368 4766 habet
3404 4709 3545 4764 Deus

1973 4801 2097 4856 coeli
2123 4802 2178 4854 in
2220 4818 2388 4871 regno
2434 4803 2744 4871 hominum,
2789 4813 2846 4860 et
2878 4805 2979 4859 cui
3004 4804 3259 4868 voluerit,
3299 4802 3446 4859 dabit
3479 4803 3545 4858 il-

1974 4893 2088 4948 lud.
2133 4894 2320 4964 Usque
2361 4894 2431 4949 ad
2481 4895 2614 4950 solis
2649 4903 2828 4951 ortum
2862 4913 2953 4951 rex
3000 4897 3135 4952 alter
3171 4897 3440 4952 lzetabitur
3489 4897 3542 4950 in

1972 4986 2137 5039 domo
2170 4995 2285 5049 tua,
2321 4996 2376 5041 et
2396 4987 2665 5042 obtinebit
2691 4988 2920 5059 gloriam
2954 4997 3126 5052 tuam,
3163 4997 3215 5042 et
3267 4986 3542 5043 fortitudi-

1972 5093 2095 5137 nem
2129 5087 2298 5144 tuam,
2323 5085 2377 5133 et
2400 5087 2724 5147 potestatem
2744 5086 2913 5133 tuam.

2040 5257 2130 5310 29.
2170 5256 2234 5310 Et
2277 5259 2451 5325 angeli
2492 5269 2895 5328 persequentur
2919 5267 2970 5313 te
3001 5259 3068 5312 ad
3093 5273 3267 5313 annos
3292 5269 3537 5327 septem:

1971 5360 2024 5400 et
2068 5363 2175 5401 non
2231 5349 2536 5417 aspicieris,
2588 5366 2764 5419 neque
2817 5350 3055 5418 loqueris
3095 5366 3216 5404 cum
3258 5349 3407 5406 omni
3446 5351 3540 5403 ho-

1974 5437 2116 5488 mine
2150 5452 2162 5487 :
2203 5435 2351 5490 Γωηο
2391 5449 2450 5489 ut
2491 5438 2678 5491 bovem
2723 5448 2946 5507 pascent
2991 5447 3064 5504 te,
3098 5449 3152 5493 et
3191 5441 3256 5494 de
3296 5439 3540 5508 gramine

1973 5531 2128 5577 terra:
2161 5525 2261 5578 erit
2291 5526 2546 5594 pabulum
2579 5538 2751 5581 tuum.
2782 5525 2920 5581 Ecce
2960 5543 3058 5597 pro
3086 5527 3255 5598 gloria
3284 5538 3370 5583 tua
3409 5529 3538 5600 liga-

1972 5613 2105 5667 bunt
2138 5624 2208 5676 te,
2234 5624 2288 5670 et
2318 5621 2540 5670 dommn
2575 5618 2895 5675 deliciarum
2938 5628 3254 5688 tuarum,et
3285 5622 3436 5695 regni
3463 5623 3537 5676 tui

1973 5705 2093 5766 alter
2131 5705 2368 5767 habebit.
