  <div class='ocr_page' id='page_1' title='image "/cluster/home/n/w/nwhite01/storage/ocr_20150623/16 pt.3/mdp.39015008568431/213.png"; bbox 0 0 4122 6320; ppageno 0'>
   <div class='ocr_carea' id='block_1_1' title="bbox 567 353 708 409">
    <p class='ocr_par' dir='ltr' id='par_1_1' title="bbox 567 353 708 409">
     <span class='ocr_line' id='line_1_1' title="bbox 567 353 708 409; baseline 0.007 -1"><span class='ocrx_word' id='word_1_1' title='bbox 567 353 708 409; x_wconf 69' lang='lat'><strong>2799</strong></span> 
     </span>
    </p>
   </div>
   <div class='ocr_carea' id='block_1_2' title="bbox 1653 349 2802 419">
    <p class='ocr_par' dir='ltr' id='par_1_2' title="bbox 1653 349 2802 419">
     <span class='ocr_line' id='line_1_2' title="bbox 1653 349 2802 419; baseline 0.001 -10"><span class='ocrx_word' id='word_1_2' title='bbox 1653 353 2129 412; x_wconf 73' lang='lat' dir='ltr'>HEXAPLORUM</span> <span class='ocrx_word' id='word_1_3' title='bbox 2169 349 2334 419; x_wconf 67' lang='grc' dir='ltr'>(ὶοΕ</span> <span class='ocrx_word' id='word_1_4' title='bbox 2377 351 2802 411; x_wconf 76' lang='lat' dir='ltr'>SUPERSUNT.</span> 
     </span>
    </p>
   </div>
   <div class='ocr_carea' id='block_1_3' title="bbox 3665 353 3808 410">
    <p class='ocr_par' dir='ltr' id='par_1_3' title="bbox 3665 353 3808 410">
     <span class='ocr_line' id='line_1_3' title="bbox 3665 353 3808 410; baseline 0.021 -3"><span class='ocrx_word' id='word_1_5' title='bbox 3665 353 3808 410; x_wconf 65' lang='lat'>1800</span> 
     </span>
    </p>
   </div>
   <div class='ocr_carea' id='block_1_4' title="bbox 635 462 2139 537">
    <p class='ocr_par' dir='ltr' id='par_1_4' title="bbox 635 464 2132 537">
     <span class='ocr_line' id='line_1_4' title="bbox 635 464 2132 537; baseline -0.001 -16"><span class='ocrx_word' id='word_1_6' title='bbox 635 465 727 521; x_wconf 76' lang='lat'>50.</span> <span class='ocrx_word' id='word_1_7' title='bbox 765 464 870 520; x_wconf 87' lang='lat' dir='ltr'>Sed</span> <span class='ocrx_word' id='word_1_8' title='bbox 895 480 1070 536; x_wconf 72' lang='lat' dir='ltr'><strong>usque</strong></span> <span class='ocrx_word' id='word_1_9' title='bbox 1087 481 1246 521; x_wconf 82' lang='lat' dir='ltr'><strong>tuane</strong></span> <span class='ocrx_word' id='word_1_10' title='bbox 1274 466 1460 521; x_wconf 83' lang='lat' dir='ltr'><strong>omnia</strong></span> <span class='ocrx_word' id='word_1_11' title='bbox 1480 466 1850 536; x_wconf 86' lang='lat' dir='ltr'><strong>lmplebuntur</strong></span> <span class='ocrx_word' id='word_1_12' title='bbox 1871 481 2036 537; x_wconf 74' lang='lat' dir='ltr'><strong>super</strong></span> <span class='ocrx_word' id='word_1_13' title='bbox 2060 475 2132 531; x_wconf 86' lang='lat' dir='ltr'>te,</span> 
     </span>
    </p>
   </div>
   <div class='ocr_carea' id='block_1_5' title="bbox 2242 462 3810 537">
    <p class='ocr_par' dir='ltr' id='par_1_5' title="bbox 2307 462 3810 536">
     <span class='ocr_line' id='line_1_5' title="bbox 2307 462 3810 536; baseline 0.001 -18"><span class='ocrx_word' id='word_1_14' title='bbox 2307 462 2396 518; x_wconf 80' lang='lat'>30.</span> <span class='ocrx_word' id='word_1_15' title='bbox 2424 464 2570 527; x_wconf 85' lang='grc' dir='ltr'>Ἕως</span> <span class='ocrx_word' id='word_1_16' title='bbox 2597 464 2652 517; x_wconf 71' lang='grc' dir='ltr'>δέ</span> <span class='ocrx_word' id='word_1_17' title='bbox 2684 463 2832 534; x_wconf 74' lang='grc' dir='ltr'>πρωῒ</span> <span class='ocrx_word' id='word_1_18' title='bbox 2859 463 3033 518; x_wconf 86' lang='grc' dir='ltr'>πάντα</span> <span class='ocrx_word' id='word_1_19' title='bbox 3057 463 3439 536; x_wconf 75' lang='grc' dir='ltr'>τελεσθήσεται</span> <span class='ocrx_word' id='word_1_20' title='bbox 3467 463 3561 518; x_wconf 70' lang='grc' dir='ltr'>ἐπί</span> <span class='ocrx_word' id='word_1_21' title='bbox 3586 479 3664 530; x_wconf 73' lang='grc' dir='ltr'>σε,</span> <span class='ocrx_word' id='word_1_22' title='bbox 3693 465 3810 519; x_wconf 75' lang='lat' dir='ltr'>Na-</span> 
     </span>
    </p>
   </div>
   <div class='ocr_carea' id='block_1_6' title="bbox 568 557 2133 630">
    <p class='ocr_par' dir='ltr' id='par_1_6' title="bbox 568 557 2133 630">
     <span class='ocr_line' id='line_1_6' title="bbox 568 557 2133 630; baseline 0.002 -19"><span class='ocrx_word' id='word_1_23' title='bbox 568 557 1065 614; x_wconf 75' lang='lat' dir='ltr'><strong>Nabuchodonosor</strong></span> <span class='ocrx_word' id='word_1_24' title='bbox 1114 575 1206 614; x_wconf 82' lang='lat' dir='ltr'>rex</span> <span class='ocrx_word' id='word_1_25' title='bbox 1246 557 1557 630; x_wconf 84' lang='lat' dir='ltr'><strong>Babylonis,</strong></span> <span class='ocrx_word' id='word_1_26' title='bbox 1605 568 1658 612; x_wconf 87' lang='lat' dir='ltr'><strong>et</strong></span> <span class='ocrx_word' id='word_1_27' title='bbox 1716 574 1820 613; x_wconf 90' lang='lat' dir='ltr'>non</span> <span class='ocrx_word' id='word_1_28' title='bbox 1872 558 2133 614; x_wconf 85' lang='lat' dir='ltr'><strong>deeritde</strong></span> 
     </span>
    </p>
   </div>
   <div class='ocr_carea' id='block_1_7' title="bbox 567 648 2133 721">
    <p class='ocr_par' dir='ltr' id='par_1_7' title="bbox 567 648 2133 721">
     <span class='ocr_line' id='line_1_7' title="bbox 567 648 2133 721; baseline -0.001 -17"><span class='ocrx_word' id='word_1_29' title='bbox 567 649 820 704; x_wconf 89' lang='lat' dir='ltr'><strong>omnibus</strong></span> <span class='ocrx_word' id='word_1_30' title='bbox 866 650 986 706; x_wconf 88' lang='lat' dir='ltr'><strong>istis</strong></span> <span class='ocrx_word' id='word_1_31' title='bbox 1021 651 1341 721; x_wconf 75' lang='lat' dir='ltr'><strong>quidquam.</strong></span> <span class='ocrx_word' id='word_1_32' title='bbox 1373 650 1484 720; x_wconf 86' lang='lat' dir='ltr'><strong>Ego</strong></span> <span class='ocrx_word' id='word_1_33' title='bbox 1512 648 2013 704; x_wconf 75' lang='lat' dir='ltr'>Nabuchodonosor</span> <span class='ocrx_word' id='word_1_34' title='bbox 2041 665 2133 705; x_wconf 84' lang='lat' dir='ltr'>rex</span> 
     </span>
    </p>
   </div>
   <div class='ocr_carea' id='block_1_8' title="bbox 568 738 2133 812">
    <p class='ocr_par' dir='ltr' id='par_1_8' title="bbox 568 738 2133 812">
     <span class='ocr_line' id='line_1_8' title="bbox 568 738 2133 812; baseline 0.001 -18"><span class='ocrx_word' id='word_1_35' title='bbox 568 738 862 812; x_wconf 83' lang='lat' dir='ltr'><strong>Babylonis</strong></span> <span class='ocrx_word' id='word_1_36' title='bbox 901 752 1109 812; x_wconf 88' lang='lat' dir='ltr'><strong>septem</strong></span> <span class='ocrx_word' id='word_1_37' title='bbox 1136 742 1296 796; x_wconf 82' lang='lat' dir='ltr'><strong>annis</strong></span> <span class='ocrx_word' id='word_1_38' title='bbox 1322 742 1612 810; x_wconf 77' lang='lat' dir='ltr'><strong>colligatus</strong></span> <span class='ocrx_word' id='word_1_39' title='bbox 1642 739 1739 807; x_wconf 84' lang='lat' dir='ltr'><strong>fui,</strong></span> <span class='ocrx_word' id='word_1_40' title='bbox 1768 739 1914 795; x_wconf 78' lang='lat' dir='ltr'><strong>foeno</strong></span> <span class='ocrx_word' id='word_1_41' title='bbox 1948 749 2008 795; x_wconf 93' lang='lat' dir='ltr'><strong>ut</strong></span> <span class='ocrx_word' id='word_1_42' title='bbox 2034 741 2133 795; x_wconf 90' lang='lat' dir='ltr'>bo-</span> 
     </span>
    </p>
   </div>
   <div class='ocr_carea' id='block_1_9' title="bbox 569 832 2132 902">
    <p class='ocr_par' dir='ltr' id='par_1_9' title="bbox 569 832 2132 902">
     <span class='ocr_line' id='line_1_9' title="bbox 569 832 2132 902; baseline 0 -15"><span class='ocrx_word' id='word_1_43' title='bbox 569 849 687 887; x_wconf 80' lang='lat' dir='ltr'>vem</span> <span class='ocrx_word' id='word_1_44' title='bbox 723 843 990 902; x_wconf 68' lang='lat' dir='ltr'><strong>paverunt</strong></span> <span class='ocrx_word' id='word_1_45' title='bbox 1026 848 1131 895; x_wconf 88' lang='lat' dir='ltr'>me.</span> <span class='ocrx_word' id='word_1_46' title='bbox 1163 843 1216 887; x_wconf 89' lang='lat' dir='ltr'>et</span> <span class='ocrx_word' id='word_1_47' title='bbox 1253 833 1320 888; x_wconf 90' lang='lat' dir='ltr'><strong>de</strong></span> <span class='ocrx_word' id='word_1_48' title='bbox 1350 833 1515 888; x_wconf 86' lang='lat' dir='ltr'><strong>herba</strong></span> <span class='ocrx_word' id='word_1_49' title='bbox 1565 841 1723 888; x_wconf 69' lang='lat' dir='ltr'><strong>terra:</strong></span> <span class='ocrx_word' id='word_1_50' title='bbox 1761 832 2132 888; x_wconf 87' lang='lat' dir='ltr'><strong>comedebam.</strong></span> 
     </span>
    </p>
   </div>
   <div class='ocr_carea' id='block_1_10' title="bbox 639 921 2134 994">
    <p class='ocr_par' dir='ltr' id='par_1_10' title="bbox 639 921 2134 994">
     <span class='ocr_line' id='line_1_10' title="bbox 639 921 2134 994; baseline -0.001 -17"><span class='ocrx_word' id='word_1_51' title='bbox 639 924 728 979; x_wconf 76' lang='lat' dir='ltr'>5i.</span> <span class='ocrx_word' id='word_1_52' title='bbox 769 922 834 977; x_wconf 75' lang='lat' dir='ltr'><strong>Et</strong></span> <span class='ocrx_word' id='word_1_53' title='bbox 873 933 996 994; x_wconf 88' lang='lat' dir='ltr'><strong>post</strong></span> <span class='ocrx_word' id='word_1_54' title='bbox 1051 937 1226 977; x_wconf 84' lang='lat' dir='ltr'><strong>annos</strong></span> <span class='ocrx_word' id='word_1_55' title='bbox 1255 932 1462 992; x_wconf 82' lang='lat' dir='ltr'><strong>septem</strong></span> <span class='ocrx_word' id='word_1_56' title='bbox 1499 921 1620 978; x_wconf 86' lang='lat' dir='ltr'><strong>dedi</strong></span> <span class='ocrx_word' id='word_1_57' title='bbox 1669 924 1908 978; x_wconf 87' lang='lat' dir='ltr'><strong>animam</strong></span> <span class='ocrx_word' id='word_1_58' title='bbox 1959 937 2134 976; x_wconf 85' lang='lat' dir='ltr'><strong>meam</strong></span> 
     </span>
    </p>
   </div>
   <div class='ocr_carea' id='block_1_11' title="bbox 569 1014 2136 1086">
    <p class='ocr_par' dir='ltr' id='par_1_11' title="bbox 569 1014 2136 1086">
     <span class='ocr_line' id='line_1_11' title="bbox 569 1014 2136 1086; baseline -0.003 -14"><span class='ocrx_word' id='word_1_59' title='bbox 569 1016 637 1072; x_wconf 84' lang='lat' dir='ltr'>ad</span> <span class='ocrx_word' id='word_1_60' title='bbox 685 1017 1142 1078; x_wconf 80' lang='lat' dir='ltr'><strong>obsecrationem.</strong></span> <span class='ocrx_word' id='word_1_61' title='bbox 1177 1025 1231 1070; x_wconf 91' lang='lat' dir='ltr'><strong>et</strong></span> <span class='ocrx_word' id='word_1_62' title='bbox 1275 1016 1460 1086; x_wconf 84' lang='lat' dir='ltr'><strong>rogavi</strong></span> <span class='ocrx_word' id='word_1_63' title='bbox 1507 1031 1607 1086; x_wconf 90' lang='lat' dir='ltr'><strong>pro</strong></span> <span class='ocrx_word' id='word_1_64' title='bbox 1635 1017 1872 1086; x_wconf 79' lang='lat' dir='ltr'>peccatis</span> <span class='ocrx_word' id='word_1_65' title='bbox 1908 1015 2044 1070; x_wconf 87' lang='lat' dir='ltr'><strong>meis</strong></span> <span class='ocrx_word' id='word_1_66' title='bbox 2082 1014 2136 1068; x_wconf 93' lang='lat' dir='ltr'><strong>in</strong></span> 
     </span>
    </p>
   </div>
   <div class='ocr_carea' id='block_1_12' title="bbox 570 1107 2136 1179">
    <p class='ocr_par' dir='ltr' id='par_1_12' title="bbox 570 1107 2136 1179">
     <span class='ocr_line' id='line_1_12' title="bbox 570 1107 2136 1179; baseline -0.001 -15"><span class='ocrx_word' id='word_1_67' title='bbox 570 1109 708 1165; x_wconf 81' lang='lat' dir='ltr'><strong>facie</strong></span> <span class='ocrx_word' id='word_1_68' title='bbox 729 1109 944 1164; x_wconf 87' lang='lat' dir='ltr'><strong>Domini</strong></span> <span class='ocrx_word' id='word_1_69' title='bbox 966 1107 1058 1163; x_wconf 87' lang='lat' dir='ltr'>Dei</span> <span class='ocrx_word' id='word_1_70' title='bbox 1075 1109 1222 1174; x_wconf 73' lang='lat' dir='ltr'><strong>cmli,</strong></span> <span class='ocrx_word' id='word_1_71' title='bbox 1245 1118 1301 1164; x_wconf 91' lang='lat' dir='ltr'><strong>et</strong></span> <span class='ocrx_word' id='word_1_72' title='bbox 1323 1124 1420 1178; x_wconf 91' lang='lat' dir='ltr'><strong>pro</strong></span> <span class='ocrx_word' id='word_1_73' title='bbox 1447 1110 1775 1179; x_wconf 78' lang='lat' dir='ltr'><strong>ignorantiis</strong></span> <span class='ocrx_word' id='word_1_74' title='bbox 1796 1108 1936 1163; x_wconf 85' lang='lat' dir='ltr'><strong>meis</strong></span> <span class='ocrx_word' id='word_1_75' title='bbox 1965 1107 2136 1162; x_wconf 90' lang='lat' dir='ltr'><strong>Deum</strong></span> 
     </span>
    </p>
   </div>
   <div class='ocr_carea' id='block_1_13' title="bbox 568 1203 2137 1273">
    <p class='ocr_par' dir='ltr' id='par_1_13' title="bbox 568 1203 2137 1273">
     <span class='ocr_line' id='line_1_13' title="bbox 568 1203 2137 1273; baseline -0.001 -16"><span class='ocrx_word' id='word_1_76' title='bbox 568 1203 792 1257; x_wconf 87' lang='lat' dir='ltr'><strong>deorum</strong></span> <span class='ocrx_word' id='word_1_77' title='bbox 834 1217 1089 1273; x_wconf 88' lang='lat' dir='ltr'><strong>magnum</strong></span> <span class='ocrx_word' id='word_1_78' title='bbox 1135 1203 1458 1272; x_wconf 80' lang='lat' dir='ltr'>deprecatus</span> <span class='ocrx_word' id='word_1_79' title='bbox 1493 1217 1612 1257; x_wconf 91' lang='lat' dir='ltr'><strong>sum</strong></span> <span class='ocrx_word' id='word_1_80' title='bbox 1663 1211 1770 1257; x_wconf 23' lang='lat' dir='ltr'>:‘et</span> <span class='ocrx_word' id='word_1_81' title='bbox 1820 1203 2000 1272; x_wconf 88' lang='lat' dir='ltr'>capilli</span> <span class='ocrx_word' id='word_1_82' title='bbox 2031 1203 2137 1257; x_wconf 89' lang='lat' dir='ltr'><strong>mei</strong></span> 
     </span>
    </p>
   </div>
   <div class='ocr_carea' id='block_1_14' title="bbox 571 1293 2136 1363">
    <p class='ocr_par' dir='ltr' id='par_1_14' title="bbox 571 1293 2136 1363">
     <span class='ocr_line' id='line_1_14' title="bbox 571 1293 2136 1363; baseline 0.002 -17"><span class='ocrx_word' id='word_1_83' title='bbox 571 1293 696 1346; x_wconf 82' lang='lat' dir='ltr'><strong>facti</strong></span> <span class='ocrx_word' id='word_1_84' title='bbox 737 1302 865 1348; x_wconf 89' lang='lat' dir='ltr'><strong>sunt</strong></span> <span class='ocrx_word' id='word_1_85' title='bbox 913 1293 1200 1362; x_wconf 65' lang='lat' dir='ltr'><strong>quasi—alae</strong></span> <span class='ocrx_word' id='word_1_86' title='bbox 1229 1293 1446 1363; x_wconf 71' lang='lat' dir='ltr'><strong>aquilae,</strong></span> <span class='ocrx_word' id='word_1_87' title='bbox 1495 1302 1550 1348; x_wconf 83' lang='lat' dir='ltr'>et</span> <span class='ocrx_word' id='word_1_88' title='bbox 1581 1308 1789 1363; x_wconf 90' lang='lat' dir='ltr'><strong>ungues</strong></span> <span class='ocrx_word' id='word_1_89' title='bbox 1843 1294 1948 1348; x_wconf 91' lang='lat' dir='ltr'><strong>mei</strong></span> <span class='ocrx_word' id='word_1_90' title='bbox 1981 1293 2136 1363; x_wconf 84' lang='lat' dir='ltr'><strong>quasi</strong></span> 
     </span>
    </p>
   </div>
   <div class='ocr_carea' id='block_1_15' title="bbox 572 1383 2139 1452">
    <p class='ocr_par' dir='ltr' id='par_1_15' title="bbox 572 1383 2139 1452">
     <span class='ocr_line' id='line_1_15' title="bbox 572 1383 2139 1452; baseline 0.002 -14"><span class='ocrx_word' id='word_1_91' title='bbox 572 1383 764 1448; x_wconf 81' lang='lat' dir='ltr'><strong>leonis,</strong></span> <span class='ocrx_word' id='word_1_92' title='bbox 789 1385 1076 1440; x_wconf 83' lang='lat' dir='ltr'><strong>immutata</strong></span> <span class='ocrx_word' id='word_1_93' title='bbox 1126 1395 1207 1439; x_wconf 85' lang='lat' dir='ltr'>est</span> <span class='ocrx_word' id='word_1_94' title='bbox 1233 1401 1360 1438; x_wconf 89' lang='lat' dir='ltr'><strong>caro</strong></span> <span class='ocrx_word' id='word_1_95' title='bbox 1390 1401 1508 1440; x_wconf 90' lang='lat' dir='ltr'>mea</span> <span class='ocrx_word' id='word_1_96' title='bbox 1533 1394 1585 1440; x_wconf 92' lang='lat' dir='ltr'><strong>et</strong></span> <span class='ocrx_word' id='word_1_97' title='bbox 1609 1401 1703 1441; x_wconf 89' lang='lat' dir='ltr'><strong>cor</strong></span> <span class='ocrx_word' id='word_1_98' title='bbox 1733 1402 1934 1452; x_wconf 89' lang='lat' dir='ltr'><strong>meum,</strong></span> <span class='ocrx_word' id='word_1_99' title='bbox 1959 1387 2139 1442; x_wconf 88' lang='lat' dir='ltr'><strong>nudus</strong></span> 
     </span>
    </p>
   </div>
   <div class='ocr_carea' id='block_1_16' title="bbox 571 1477 1501 1532">
    <p class='ocr_par' dir='ltr' id='par_1_16' title="bbox 571 1477 1501 1532">
     <span class='ocr_line' id='line_1_16' title="bbox 571 1477 1501 1532; baseline 0 -2"><span class='ocrx_word' id='word_1_100' title='bbox 571 1477 919 1531; x_wconf 86' lang='lat' dir='ltr'><strong>ambulabam</strong></span> <span class='ocrx_word' id='word_1_101' title='bbox 954 1493 1076 1531; x_wconf 91' lang='lat' dir='ltr'>cum</span> <span class='ocrx_word' id='word_1_102' title='bbox 1105 1477 1291 1532; x_wconf 70' lang='lat' dir='ltr'><strong>bestiis</strong></span> <span class='ocrx_word' id='word_1_103' title='bbox 1329 1489 1501 1532; x_wconf 71' lang='lat' dir='ltr'><strong>terrae.</strong></span> 
     </span>
    </p>
   </div>
   <div class='ocr_carea' id='block_1_17' title="bbox 643 1652 2144 1727">
    <p class='ocr_par' dir='ltr' id='par_1_17' title="bbox 643 1652 2144 1727">
     <span class='ocr_line' id='line_1_17' title="bbox 643 1652 2144 1727; baseline 0.006 -20"><span class='ocrx_word' id='word_1_104' title='bbox 643 1655 730 1707; x_wconf 71' lang='lat'>5:2.</span> <span class='ocrx_word' id='word_1_105' title='bbox 775 1652 1059 1711; x_wconf 91' lang='lat' dir='ltr'><strong>Somnium</strong></span> <span class='ocrx_word' id='word_1_106' title='bbox 1091 1656 1222 1722; x_wconf 78' lang='lat' dir='ltr'><strong>vidi,</strong></span> <span class='ocrx_word' id='word_1_107' title='bbox 1259 1666 1313 1712; x_wconf 90' lang='lat' dir='ltr'>et</span> <span class='ocrx_word' id='word_1_108' title='bbox 1342 1658 1680 1727; x_wconf 87' lang='lat' dir='ltr'><strong>suspiciones</strong></span> <span class='ocrx_word' id='word_1_109' title='bbox 1717 1674 1802 1713; x_wconf 89' lang='lat' dir='ltr'><strong>me</strong></span> <span class='ocrx_word' id='word_1_110' title='bbox 1839 1674 2144 1727; x_wconf 79' lang='lat' dir='ltr'><strong>occupave-</strong></span> 
     </span>
    </p>
   </div>
   <div class='ocr_carea' id='block_1_18' title="bbox 574 1751 2138 1819">
    <p class='ocr_par' dir='ltr' id='par_1_18' title="bbox 574 1751 2138 1819">
     <span class='ocr_line' id='line_1_18' title="bbox 574 1751 2138 1819; baseline 0.003 -19"><span class='ocrx_word' id='word_1_111' title='bbox 574 1758 722 1810; x_wconf 90' lang='lat' dir='ltr'><strong>runt,</strong></span> <span class='ocrx_word' id='word_1_112' title='bbox 752 1755 806 1800; x_wconf 92' lang='lat' dir='ltr'><strong>et</strong></span> <span class='ocrx_word' id='word_1_113' title='bbox 835 1762 898 1800; x_wconf 85' lang='lat' dir='ltr'><strong>ex</strong></span> <span class='ocrx_word' id='word_1_114' title='bbox 937 1756 1179 1817; x_wconf 79' lang='lat' dir='ltr'><strong>tempore</strong></span> <span class='ocrx_word' id='word_1_115' title='bbox 1196 1763 1423 1803; x_wconf 89' lang='lat' dir='ltr'><strong>somnus</strong></span> <span class='ocrx_word' id='word_1_116' title='bbox 1447 1751 1625 1818; x_wconf 90' lang='lat' dir='ltr'><strong>gravis</strong></span> <span class='ocrx_word' id='word_1_117' title='bbox 1649 1765 1735 1804; x_wconf 91' lang='lat' dir='ltr'><strong>me</strong></span> <span class='ocrx_word' id='word_1_118' title='bbox 1762 1751 2138 1819; x_wconf 88' lang='lat' dir='ltr'><strong>apprehendit,</strong></span> 
     </span>
    </p>
   </div>
   <div class='ocr_carea' id='block_1_19' title="bbox 2235 553 3810 626">
    <p class='ocr_par' dir='ltr' id='par_1_19' title="bbox 2235 553 3810 626">
     <span class='ocr_line' id='line_1_19' title="bbox 2235 553 3810 626; baseline 0.002 -20"><span class='ocrx_word' id='word_1_119' title='bbox 2235 553 2615 624; x_wconf 83' lang='grc' dir='ltr'>6ουχοδονόσορ</span> <span class='ocrx_word' id='word_1_120' title='bbox 2648 553 2870 624; x_wconf 76' lang='grc' dir='ltr'>βασιλεῦ</span> <span class='ocrx_word' id='word_1_121' title='bbox 2897 553 3234 618; x_wconf 73' lang='grc' dir='ltr'>Βαϐυλῶνος,</span> <span class='ocrx_word' id='word_1_122' title='bbox 3266 556 3362 608; x_wconf 62' lang='grc' dir='ltr'>καὶ⁹</span> <span class='ocrx_word' id='word_1_123' title='bbox 3381 554 3479 624; x_wconf 79' lang='grc' dir='ltr'>οὐχ</span> <span class='ocrx_word' id='word_1_124' title='bbox 3515 555 3810 626; x_wconf 75' lang='grc' dir='ltr'>ὑπερήσει</span> 
     </span>
    </p>
   </div>
   <div class='ocr_carea' id='block_1_20' title="bbox 2236 641 3810 716">
    <p class='ocr_par' dir='ltr' id='par_1_20' title="bbox 2236 641 3810 716">
     <span class='ocr_line' id='line_1_20' title="bbox 2236 641 3810 716; baseline 0.003 -21"><span class='ocrx_word' id='word_1_125' title='bbox 2236 641 2344 695; x_wconf 82' lang='grc' dir='ltr'>ἀπὸ</span> <span class='ocrx_word' id='word_1_126' title='bbox 2394 642 2610 695; x_wconf 84' lang='grc' dir='ltr'>πάντων</span> <span class='ocrx_word' id='word_1_127' title='bbox 2655 642 2860 696; x_wconf 85' lang='grc' dir='ltr'>τούτων</span> <span class='ocrx_word' id='word_1_128' title='bbox 2896 641 3074 697; x_wconf 74' lang='grc' dir='ltr'>οὐθέν.</span> <span class='ocrx_word' id='word_1_129' title='bbox 3139 643 3282 711; x_wconf 86' lang='grc' dir='ltr'>Ἐγὼ</span> <span class='ocrx_word' id='word_1_130' title='bbox 3334 641 3810 716; x_wconf 77' lang='grc' dir='ltr'>Ναόουχοδονόσορ</span> 
     </span>
    </p>
   </div>
   <div class='ocr_carea' id='block_1_21' title="bbox 2238 732 3807 806">
    <p class='ocr_par' dir='ltr' id='par_1_21' title="bbox 2238 732 3807 806">
     <span class='ocr_line' id='line_1_21' title="bbox 2238 732 3807 806; baseline 0.002 -21"><span class='ocrx_word' id='word_1_131' title='bbox 2238 732 2491 802; x_wconf 74' lang='grc' dir='ltr'>βασιλεὺς</span> <span class='ocrx_word' id='word_1_132' title='bbox 2523 733 2840 798; x_wconf 72' lang='grc' dir='ltr'>Βαϐυλῶνος</span> <span class='ocrx_word' id='word_1_133' title='bbox 2877 735 3017 788; x_wconf 80' lang='grc' dir='ltr'>ἑπτὰ</span> <span class='ocrx_word' id='word_1_134' title='bbox 3058 735 3151 806; x_wconf 80' lang='grc' dir='ltr'>ἔτη</span> <span class='ocrx_word' id='word_1_135' title='bbox 3183 734 3474 806; x_wconf 80' lang='grc' dir='ltr'>ἐπεδὴθην,</span> <span class='ocrx_word' id='word_1_136' title='bbox 3509 734 3700 806; x_wconf 80' lang='grc' dir='ltr'>χόρτον</span> <span class='ocrx_word' id='word_1_137' title='bbox 3733 735 3807 800; x_wconf 85' lang='grc' dir='ltr'>ὡς</span> 
     </span>
    </p>
   </div>
   <div class='ocr_carea' id='block_1_22' title="bbox 2237 823 3806 896">
    <p class='ocr_par' dir='ltr' id='par_1_22' title="bbox 2237 823 3806 896">
     <span class='ocr_line' id='line_1_22' title="bbox 2237 823 3806 896; baseline 0.003 -18"><span class='ocrx_word' id='word_1_138' title='bbox 2237 823 2365 894; x_wconf 80' lang='grc' dir='ltr'>βοῦν</span> <span class='ocrx_word' id='word_1_139' title='bbox 2389 824 2674 894; x_wconf 75' lang='grc' dir='ltr'>ὲψὼμισάν</span> <span class='ocrx_word' id='word_1_140' title='bbox 2697 842 2785 895; x_wconf 83' lang='grc' dir='ltr'>με,</span> <span class='ocrx_word' id='word_1_141' title='bbox 2805 826 2898 878; x_wconf 74' lang='grc' dir='ltr'>καὶ</span> <span class='ocrx_word' id='word_1_142' title='bbox 2923 825 3031 878; x_wconf 81' lang='grc' dir='ltr'>άπὸ</span> <span class='ocrx_word' id='word_1_143' title='bbox 3045 826 3146 895; x_wconf 84' lang='grc' dir='ltr'>τῆς</span> <span class='ocrx_word' id='word_1_144' title='bbox 3165 825 3326 894; x_wconf 81' lang='grc' dir='ltr'>χλόης</span> <span class='ocrx_word' id='word_1_145' title='bbox 3349 825 3448 894; x_wconf 82' lang='grc' dir='ltr'>τῆς</span> <span class='ocrx_word' id='word_1_146' title='bbox 3473 824 3577 894; x_wconf 81' lang='grc' dir='ltr'>γῆς</span> <span class='ocrx_word' id='word_1_147' title='bbox 3598 825 3806 896; x_wconf 67' lang='grc' dir='ltr'>ἤσθιον.</span> 
     </span>
    </p>
   </div>
   <div class='ocr_carea' id='block_1_23' title="bbox 2305 916 3806 989">
    <p class='ocr_par' dir='ltr' id='par_1_23' title="bbox 2305 916 3806 989">
     <span class='ocr_line' id='line_1_23' title="bbox 2305 916 3806 989; baseline 0 -19"><span class='ocrx_word' id='word_1_148' title='bbox 2305 916 2394 970; x_wconf 78' lang='lat' dir='ltr'>3i.</span> <span class='ocrx_word' id='word_1_149' title='bbox 2431 917 2542 970; x_wconf 77' lang='grc' dir='ltr'>Καὶ</span> <span class='ocrx_word' id='word_1_150' title='bbox 2573 917 2710 988; x_wconf 84' lang='grc' dir='ltr'>μετὰ</span> <span class='ocrx_word' id='word_1_151' title='bbox 2738 917 2830 989; x_wconf 79' lang='grc' dir='ltr'>ἔτη</span> <span class='ocrx_word' id='word_1_152' title='bbox 2861 916 2999 970; x_wconf 82' lang='grc' dir='ltr'>ἐπτά</span> <span class='ocrx_word' id='word_1_153' title='bbox 3031 917 3202 970; x_wconf 71' lang='grc' dir='ltr'>ἔδωκα</span> <span class='ocrx_word' id='word_1_154' title='bbox 3240 916 3335 986; x_wconf 81' lang='grc' dir='ltr'>τὴν</span> <span class='ocrx_word' id='word_1_155' title='bbox 3365 917 3544 987; x_wconf 78' lang='grc' dir='ltr'>ψυχήν</span> <span class='ocrx_word' id='word_1_156' title='bbox 3581 934 3681 988; x_wconf 86' lang='grc' dir='ltr'>μου</span> <span class='ocrx_word' id='word_1_157' title='bbox 3729 919 3806 982; x_wconf 86' lang='grc' dir='ltr'>είς</span> 
     </span>
    </p>
   </div>
   <div class='ocr_carea' id='block_1_24' title="bbox 2234 1006 3809 1078">
    <p class='ocr_par' dir='ltr' id='par_1_24' title="bbox 2234 1006 3809 1078">
     <span class='ocr_line' id='line_1_24' title="bbox 2234 1006 3809 1078; baseline 0.002 -18"><span class='ocrx_word' id='word_1_158' title='bbox 2234 1008 2418 1078; x_wconf 80' lang='grc' dir='ltr'>δέησιν</span> <span class='ocrx_word' id='word_1_159' title='bbox 2444 1050 2458 1074; x_wconf 93' lang='grc'>,</span> <span class='ocrx_word' id='word_1_160' title='bbox 2490 1007 2584 1061; x_wconf 74' lang='grc' dir='ltr'>καὶ</span> <span class='ocrx_word' id='word_1_161' title='bbox 2635 1007 2844 1078; x_wconf 68' lang='grc' dir='ltr'>⁴ίγξίωσα</span> <span class='ocrx_word' id='word_1_162' title='bbox 2885 1009 3014 1078; x_wconf 74' lang='grc' dir='ltr'>περὶ</span> <span class='ocrx_word' id='word_1_163' title='bbox 3057 1007 3163 1061; x_wconf 83' lang='grc' dir='ltr'>τῶν</span> <span class='ocrx_word' id='word_1_164' title='bbox 3209 1006 3490 1077; x_wconf 82' lang='grc' dir='ltr'>ἁμαρτιῶν</span> <span class='ocrx_word' id='word_1_165' title='bbox 3537 1024 3636 1078; x_wconf 89' lang='grc' dir='ltr'>μου</span> <span class='ocrx_word' id='word_1_166' title='bbox 3667 1009 3809 1063; x_wconf 69' lang='grc' dir='ltr'>κατὰ</span> 
     </span>
    </p>
   </div>
   <div class='ocr_carea' id='block_1_25' title="bbox 2239 1093 3810 1168">
    <p class='ocr_par' dir='ltr' id='par_1_25' title="bbox 2239 1093 3810 1168">
     <span class='ocr_line' id='line_1_25' title="bbox 2239 1093 3810 1168; baseline 0.001 -18"><span class='ocrx_word' id='word_1_167' title='bbox 2239 1097 2526 1168; x_wconf 89' lang='grc' dir='ltr'>πρόσωπον</span> <span class='ocrx_word' id='word_1_168' title='bbox 2557 1097 2760 1167; x_wconf 83' lang='grc' dir='ltr'>Κυρίου</span> <span class='ocrx_word' id='word_1_169' title='bbox 2782 1093 2876 1151; x_wconf 86' lang='grc' dir='ltr'>τοῦ</span> <span class='ocrx_word' id='word_1_170' title='bbox 2901 1096 3036 1150; x_wconf 78' lang='grc' dir='ltr'>Θεοῦ</span> <span class='ocrx_word' id='word_1_171' title='bbox 3059 1095 3150 1149; x_wconf 82' lang='grc' dir='ltr'>τοῦ</span> <span class='ocrx_word' id='word_1_172' title='bbox 3170 1095 3417 1166; x_wconf 75' lang='grc' dir='ltr'>οὐρανοῦ,</span> <span class='ocrx_word' id='word_1_173' title='bbox 3443 1097 3536 1148; x_wconf 78' lang='grc' dir='ltr'>καὶ</span> <span class='ocrx_word' id='word_1_174' title='bbox 3559 1096 3810 1166; x_wconf 73' lang='grc' dir='ltr'>περὶτῶν</span> 
     </span>
    </p>
   </div>
   <div class='ocr_carea' id='block_1_26' title="bbox 2237 1185 3806 1260">
    <p class='ocr_par' dir='ltr' id='par_1_26' title="bbox 2237 1185 3806 1260">
     <span class='ocr_line' id='line_1_26' title="bbox 2237 1185 3806 1260; baseline 0.001 -20"><span class='ocrx_word' id='word_1_175' title='bbox 2237 1186 2470 1254; x_wconf 80' lang='grc' dir='ltr'>ἁγνοιῶν</span> <span class='ocrx_word' id='word_1_176' title='bbox 2501 1204 2600 1256; x_wconf 91' lang='grc' dir='ltr'>μου</span> <span class='ocrx_word' id='word_1_177' title='bbox 2623 1186 2717 1239; x_wconf 80' lang='grc' dir='ltr'>τοῦ</span> <span class='ocrx_word' id='word_1_178' title='bbox 2741 1186 2875 1241; x_wconf 90' lang='grc' dir='ltr'>Θεοῦ</span> <span class='ocrx_word' id='word_1_179' title='bbox 2898 1187 3006 1240; x_wconf 84' lang='grc' dir='ltr'>τῶν</span> <span class='ocrx_word' id='word_1_180' title='bbox 3027 1185 3162 1240; x_wconf 86' lang='grc' dir='ltr'>θεῶν</span> <span class='ocrx_word' id='word_1_181' title='bbox 3187 1187 3280 1240; x_wconf 83' lang='grc' dir='ltr'>τοῦ</span> <span class='ocrx_word' id='word_1_182' title='bbox 3307 1187 3541 1257; x_wconf 73' lang='grc' dir='ltr'>μεγάλου</span> <span class='ocrx_word' id='word_1_183' title='bbox 3561 1187 3806 1260; x_wconf 72' lang='grc' dir='ltr'>ἐδεήθηνο</span> 
     </span>
    </p>
   </div>
   <div class='ocr_carea' id='block_1_27' title="bbox 2239 1275 3811 1347">
    <p class='ocr_par' dir='ltr' id='par_1_27' title="bbox 2239 1275 3811 1347">
     <span class='ocr_line' id='line_1_27' title="bbox 2239 1275 3811 1347; baseline 0.001 -19"><span class='ocrx_word' id='word_1_184' title='bbox 2239 1277 2332 1329; x_wconf 74' lang='grc' dir='ltr'>καὶ</span> <span class='ocrx_word' id='word_1_185' title='bbox 2364 1278 2421 1328; x_wconf 84' lang='lat' dir='ltr'><strong>al</strong></span> <span class='ocrx_word' id='word_1_186' title='bbox 2459 1277 2641 1347; x_wconf 78' lang='grc' dir='ltr'>τρίχες</span> <span class='ocrx_word' id='word_1_187' title='bbox 2682 1293 2781 1346; x_wconf 87' lang='grc' dir='ltr'>μου</span> <span class='ocrx_word' id='word_1_188' title='bbox 2816 1277 3063 1344; x_wconf 76' lang='grc' dir='ltr'>ἐγένοντο</span> <span class='ocrx_word' id='word_1_189' title='bbox 3099 1275 3174 1340; x_wconf 88' lang='grc' dir='ltr'>ὼς</span> <span class='ocrx_word' id='word_1_190' title='bbox 3216 1277 3485 1347; x_wconf 81' lang='grc' dir='ltr'>πτέρυγες</span> <span class='ocrx_word' id='word_1_191' title='bbox 3527 1275 3705 1341; x_wconf 81' lang='grc' dir='ltr'>ἀετοῦ,</span> <span class='ocrx_word' id='word_1_192' title='bbox 3759 1278 3811 1331; x_wconf 88' lang='lat' dir='ltr'><strong>ol</strong></span> 
     </span>
    </p>
   </div>
   <div class='ocr_carea' id='block_1_28' title="bbox 2239 1365 3811 1438">
    <p class='ocr_par' dir='ltr' id='par_1_28' title="bbox 2239 1365 3811 1438">
     <span class='ocr_line' id='line_1_28' title="bbox 2239 1365 3811 1438; baseline 0.003 -21"><span class='ocrx_word' id='word_1_193' title='bbox 2239 1365 2426 1433; x_wconf 81' lang='grc' dir='ltr'>ὅνυχὲς</span> <span class='ocrx_word' id='word_1_194' title='bbox 2451 1383 2552 1435; x_wconf 87' lang='grc' dir='ltr'>μου</span> <span class='ocrx_word' id='word_1_195' title='bbox 2601 1365 2730 1419; x_wconf 74' lang='grc' dir='ltr'>ὡσεὶ</span> <span class='ocrx_word' id='word_1_196' title='bbox 2757 1366 2987 1430; x_wconf 84' lang='grc' dir='ltr'>λέοντος,</span> <span class='ocrx_word' id='word_1_197' title='bbox 3033 1365 3354 1437; x_wconf 77' lang='grc' dir='ltr'>ὴλλοιώθηή</span> <span class='ocrx_word' id='word_1_198' title='bbox 3394 1367 3529 1438; x_wconf 82' lang='grc' dir='ltr'>σάρξ</span> <span class='ocrx_word' id='word_1_199' title='bbox 3564 1384 3666 1436; x_wconf 90' lang='grc' dir='ltr'>μου</span> <span class='ocrx_word' id='word_1_200' title='bbox 3714 1369 3811 1421; x_wconf 68' lang='grc' dir='ltr'>καὶ</span> 
     </span>
    </p>
   </div>
   <div class='ocr_carea' id='block_1_29' title="bbox 2240 1457 3810 1530">
    <p class='ocr_par' dir='ltr' id='par_1_29' title="bbox 2240 1457 3810 1530">
     <span class='ocr_line' id='line_1_29' title="bbox 2240 1457 3810 1530; baseline 0.001 -20"><span class='ocrx_word' id='word_1_201' title='bbox 2240 1458 2272 1527; x_wconf 76' lang='grc' dir='ltr'>ἡ</span> <span class='ocrx_word' id='word_1_202' title='bbox 2303 1458 2494 1528; x_wconf 79' lang='grc' dir='ltr'>καρδία</span> <span class='ocrx_word' id='word_1_203' title='bbox 2523 1475 2644 1527; x_wconf 84' lang='grc' dir='ltr'>μου,</span> <span class='ocrx_word' id='word_1_204' title='bbox 2670 1459 2871 1529; x_wconf 73' lang='grc' dir='ltr'>γυμνὸς</span> <span class='ocrx_word' id='word_1_205' title='bbox 2910 1459 3273 1529; x_wconf 81' lang='grc' dir='ltr'>περιεπάτουν</span> <span class='ocrx_word' id='word_1_206' title='bbox 3299 1459 3440 1529; x_wconf 85' lang='grc' dir='ltr'>μετά</span> <span class='ocrx_word' id='word_1_207' title='bbox 3474 1457 3582 1511; x_wconf 87' lang='grc' dir='ltr'>τῶν</span> <span class='ocrx_word' id='word_1_208' title='bbox 3607 1459 3810 1530; x_wconf 76' lang='grc' dir='ltr'>θηρίων</span> 
     </span>
    </p>
   </div>
   <div class='ocr_carea' id='block_1_30' title="bbox 2239 1549 2487 1619">
    <p class='ocr_par' dir='ltr' id='par_1_30' title="bbox 2239 1549 2487 1619">
     <span class='ocr_line' id='line_1_30' title="bbox 2239 1549 2487 1619; baseline 0 -5"><span class='ocrx_word' id='word_1_209' title='bbox 2239 1549 2338 1618; x_wconf 81' lang='grc' dir='ltr'>τῆς</span> <span class='ocrx_word' id='word_1_210' title='bbox 2369 1549 2487 1619; x_wconf 76' lang='grc' dir='ltr'>γῆς.</span> 
     </span>
    </p>
   </div>
   <div class='ocr_carea' id='block_1_31' title="bbox 2314 1639 3810 1713">
    <p class='ocr_par' dir='ltr' id='par_1_31' title="bbox 2314 1639 3810 1713">
     <span class='ocr_line' id='line_1_31' title="bbox 2314 1639 3810 1713; baseline -0.001 -19"><span class='ocrx_word' id='word_1_211' title='bbox 2314 1641 2403 1696; x_wconf 72' lang='grc'>52.</span> <span class='ocrx_word' id='word_1_212' title='bbox 2444 1642 2724 1695; x_wconf 82' lang='grc' dir='ltr'>Ἐνύπνιον</span> <span class='ocrx_word' id='word_1_213' title='bbox 2756 1639 2913 1707; x_wconf 75' lang='grc' dir='ltr'>εἶδον,</span> <span class='ocrx_word' id='word_1_214' title='bbox 2948 1643 3041 1696; x_wconf 70' lang='grc' dir='ltr'>καὶ</span> <span class='ocrx_word' id='word_1_215' title='bbox 3065 1642 3306 1696; x_wconf 84' lang='grc' dir='ltr'>ὐπόνοιαί</span> <span class='ocrx_word' id='word_1_216' title='bbox 3332 1660 3395 1712; x_wconf 84' lang='grc' dir='ltr'>με</span> <span class='ocrx_word' id='word_1_217' title='bbox 3419 1642 3690 1713; x_wconf 80' lang='grc' dir='ltr'>εἰλήφασι,</span> <span class='ocrx_word' id='word_1_218' title='bbox 3716 1641 3810 1695; x_wconf 80' lang='grc' dir='ltr'>καὶ</span> 
     </span>
    </p>
   </div>
   <div class='ocr_carea' id='block_1_32' title="bbox 2241 1731 3813 1803">
    <p class='ocr_par' dir='ltr' id='par_1_32' title="bbox 2241 1731 3813 1803">
     <span class='ocr_line' id='line_1_32' title="bbox 2241 1731 3813 1803; baseline 0.002 -20"><span class='ocrx_word' id='word_1_219' title='bbox 2241 1731 2328 1784; x_wconf 78' lang='grc' dir='ltr'>διὰ</span> <span class='ocrx_word' id='word_1_220' title='bbox 2359 1733 2550 1802; x_wconf 88' lang='grc' dir='ltr'>χρόνου</span> <span class='ocrx_word' id='word_1_221' title='bbox 2591 1732 2756 1797; x_wconf 79' lang='grc' dir='ltr'>ὕπνος</span> <span class='ocrx_word' id='word_1_222' title='bbox 2793 1751 2862 1803; x_wconf 89' lang='grc' dir='ltr'>με</span> <span class='ocrx_word' id='word_1_223' title='bbox 2910 1734 3069 1787; x_wconf 78' lang='grc' dir='ltr'>ἔλαϐε</span> <span class='ocrx_word' id='word_1_224' title='bbox 3121 1734 3324 1797; x_wconf 77' lang='grc' dir='ltr'>πολὺς,</span> <span class='ocrx_word' id='word_1_225' title='bbox 3375 1735 3468 1787; x_wconf 75' lang='grc' dir='ltr'>καὶ</span> <span class='ocrx_word' id='word_1_226' title='bbox 3504 1732 3813 1803; x_wconf 82' lang='grc' dir='ltr'>νυσταγμδς</span> 
     </span>
    </p>
   </div>
   <div class='ocr_carea' id='block_1_33' title="bbox 572 1791 2139 1912">
    <p class='ocr_par' dir='ltr' id='par_1_33' title="bbox 572 1791 2138 1912">
     <span class='ocr_line' id='line_1_33' title="bbox 575 1791 2138 1819; baseline 0.003 -19"><span class='ocrx_word' id='word_1_227' title='bbox 755 1791 806 1800; x_wconf 65' lang='grc' dir='ltr'>ν-</span> <span class='ocrx_word' id='word_1_228' title='bbox 838 1791 898 1800; x_wconf 58' lang='grc' dir='ltr'>ν..</span> <span class='ocrx_word' id='word_1_229' title='bbox 937 1791 1423 1817; x_wconf 70' lang='grc' dir='ltr'>.....,,,,....,ν........,</span> <span class='ocrx_word' id='word_1_230' title='bbox 1447 1791 1625 1818; x_wconf 60' lang='grc' dir='ltr'>ουν...</span> <span class='ocrx_word' id='word_1_231' title='bbox 1651 1791 1735 1804; x_wconf 69' lang='grc' dir='ltr'>...ν</span> <span class='ocrx_word' id='word_1_232' title='bbox 1762 1791 2138 1819; x_wconf 61' lang='grc' dir='ltr'>μ,.,..ν..........,</span> 
     </span>
     <span class='ocr_line' id='line_1_34' title="bbox 572 1837 2136 1912; baseline 0.003 -21"><span class='ocrx_word' id='word_1_233' title='bbox 572 1847 627 1891; x_wconf 89' lang='lat' dir='ltr'>et</span> <span class='ocrx_word' id='word_1_234' title='bbox 671 1837 986 1892; x_wconf 85' lang='lat' dir='ltr'><strong>dormitatio</strong></span> <span class='ocrx_word' id='word_1_235' title='bbox 1025 1839 1222 1893; x_wconf 88' lang='lat' dir='ltr'><strong>cecidit</strong></span> <span class='ocrx_word' id='word_1_236' title='bbox 1256 1856 1419 1909; x_wconf 90' lang='lat' dir='ltr'><strong>super</strong></span> <span class='ocrx_word' id='word_1_237' title='bbox 1465 1856 1572 1894; x_wconf 89' lang='lat' dir='ltr'>me.</span> <span class='ocrx_word' id='word_1_238' title='bbox 1626 1840 1688 1896; x_wconf 88' lang='lat' dir='ltr'><strong>Et</strong></span> <span class='ocrx_word' id='word_1_239' title='bbox 1715 1842 1768 1895; x_wconf 93' lang='lat' dir='ltr'>in</span> <span class='ocrx_word' id='word_1_240' title='bbox 1800 1842 1905 1896; x_wconf 83' lang='lat' dir='ltr'><strong>fine</strong></span> <span class='ocrx_word' id='word_1_241' title='bbox 1933 1850 2136 1912; x_wconf 81' lang='lat' dir='ltr'><strong>septem</strong></span> 
     </span>
    </p>
   </div>
   <div class='ocr_carea' id='block_1_34' title="bbox 2242 1791 3810 1912">
    <p class='ocr_par' dir='ltr' id='par_1_34' title="bbox 2243 1791 3810 1897">
     <span class='ocr_line' id='line_1_35' title="bbox 2243 1791 3810 1897; baseline 0.002 -23"><span class='ocrx_word' id='word_1_242' title='bbox 2243 1791 2475 1876; x_wconf 61' lang='grc' dir='ltr'>ἐπέπεσέ</span> <span class='ocrx_word' id='word_1_243' title='bbox 2519 1841 2628 1893; x_wconf 83' lang='grc' dir='ltr'>μοι.</span> <span class='ocrx_word' id='word_1_244' title='bbox 2672 1791 2906 1878; x_wconf 48' lang='grc' dir='ltr'>Κάίέπὶ</span> <span class='ocrx_word' id='word_1_245' title='bbox 2952 1825 3230 1897; x_wconf 81' lang='grc' dir='ltr'>συντελείᾳ</span> <span class='ocrx_word' id='word_1_246' title='bbox 3270 1791 3392 1880; x_wconf 30' lang='grc' dir='ltr'>ντῶν</span> <span class='ocrx_word' id='word_1_247' title='bbox 3442 1826 3583 1878; x_wconf 79' lang='grc' dir='ltr'>ἐτττά</span> <span class='ocrx_word' id='word_1_248' title='bbox 3614 1791 3810 1878; x_wconf 70' lang='grc' dir='ltr'>ἐτῶνό</span> 
     </span>
    </p>
   </div>
   <div class='ocr_carea' id='block_1_35' title="bbox 572 1930 2145 2002">
    <p class='ocr_par' dir='ltr' id='par_1_35' title="bbox 572 1930 2145 2002">
     <span class='ocr_line' id='line_1_36' title="bbox 572 1930 2145 2002; baseline 0.004 -21"><span class='ocrx_word' id='word_1_249' title='bbox 572 1944 841 1983; x_wconf 89' lang='lat' dir='ltr'><strong>annorum</strong></span> <span class='ocrx_word' id='word_1_250' title='bbox 896 1938 1108 2000; x_wconf 89' lang='lat' dir='ltr'><strong>tempus</strong></span> <span class='ocrx_word' id='word_1_251' title='bbox 1143 1930 1532 2001; x_wconf 86' lang='lat' dir='ltr'><strong>redemptionis</strong></span> <span class='ocrx_word' id='word_1_252' title='bbox 1569 1948 1703 1988; x_wconf 69' lang='lat' dir='ltr'><strong>mete</strong></span> <span class='ocrx_word' id='word_1_253' title='bbox 1740 1933 1906 1998; x_wconf 75' lang='lat' dir='ltr'><strong>venit,</strong></span> <span class='ocrx_word' id='word_1_254' title='bbox 1935 1942 1988 1986; x_wconf 95' lang='lat' dir='ltr'><strong>ct</strong></span> <span class='ocrx_word' id='word_1_255' title='bbox 2016 1948 2145 2002; x_wconf 83' lang='lat' dir='ltr'><strong>pec-</strong></span> 
     </span>
    </p>
   </div>
   <div class='ocr_carea' id='block_1_36' title="bbox 571 2022 2137 2093">
    <p class='ocr_par' dir='ltr' id='par_1_36' title="bbox 571 2022 2137 2093">
     <span class='ocr_line' id='line_1_37' title="bbox 571 2022 2137 2093; baseline 0.003 -19"><span class='ocrx_word' id='word_1_256' title='bbox 571 2030 690 2074; x_wconf 83' lang='lat' dir='ltr'><strong>cata</strong></span> <span class='ocrx_word' id='word_1_257' title='bbox 739 2036 856 2074; x_wconf 90' lang='lat' dir='ltr'>mea</span> <span class='ocrx_word' id='word_1_258' title='bbox 917 2029 969 2075; x_wconf 95' lang='lat' dir='ltr'><strong>ct</strong></span> <span class='ocrx_word' id='word_1_259' title='bbox 1007 2022 1326 2092; x_wconf 75' lang='lat' dir='ltr'><strong>ignorantia:</strong></span> <span class='ocrx_word' id='word_1_260' title='bbox 1377 2039 1510 2077; x_wconf 65' lang='lat' dir='ltr'><strong>mete</strong></span> <span class='ocrx_word' id='word_1_261' title='bbox 1561 2025 1842 2093; x_wconf 72' lang='lat' dir='ltr'><strong>completa:</strong></span> <span class='ocrx_word' id='word_1_262' title='bbox 1898 2033 2025 2079; x_wconf 90' lang='lat' dir='ltr'><strong>sunt</strong></span> <span class='ocrx_word' id='word_1_263' title='bbox 2083 2024 2137 2078; x_wconf 91' lang='lat' dir='ltr'><strong>in</strong></span> 
     </span>
    </p>
   </div>
   <div class='ocr_carea' id='block_1_37' title="bbox 571 2109 2138 2184">
    <p class='ocr_par' dir='ltr' id='par_1_37' title="bbox 571 2109 2138 2184">
     <span class='ocr_line' id='line_1_38' title="bbox 571 2109 2138 2184; baseline 0.001 -18"><span class='ocrx_word' id='word_1_264' title='bbox 571 2121 864 2180; x_wconf 82' lang='lat' dir='ltr'><strong>conspectu</strong></span> <span class='ocrx_word' id='word_1_265' title='bbox 902 2109 995 2166; x_wconf 91' lang='lat' dir='ltr'><strong>Dei</strong></span> <span class='ocrx_word' id='word_1_266' title='bbox 1042 2113 1188 2177; x_wconf 71' lang='lat' dir='ltr'><strong>caeli,</strong></span> <span class='ocrx_word' id='word_1_267' title='bbox 1235 2125 1288 2167; x_wconf 92' lang='lat' dir='ltr'><strong>et</strong></span> <span class='ocrx_word' id='word_1_268' title='bbox 1333 2114 1615 2169; x_wconf 78' lang='lat' dir='ltr'><strong>obsecravi</strong></span> <span class='ocrx_word' id='word_1_269' title='bbox 1666 2129 1764 2183; x_wconf 90' lang='lat' dir='ltr'>pro</span> <span class='ocrx_word' id='word_1_270' title='bbox 1821 2113 2138 2184; x_wconf 87' lang='lat' dir='ltr'><strong>ignorantiis</strong></span> 
     </span>
    </p>
   </div>
   <div class='ocr_carea' id='block_1_38' title="bbox 572 2201 2138 2276">
    <p class='ocr_par' dir='ltr' id='par_1_38' title="bbox 572 2201 2138 2276">
     <span class='ocr_line' id='line_1_39' title="bbox 572 2201 2138 2276; baseline 0.001 -20"><span class='ocrx_word' id='word_1_271' title='bbox 572 2203 710 2257; x_wconf 88' lang='lat' dir='ltr'><strong>meis</strong></span> <span class='ocrx_word' id='word_1_272' title='bbox 739 2201 908 2258; x_wconf 91' lang='lat' dir='ltr'><strong>Deum</strong></span> <span class='ocrx_word' id='word_1_273' title='bbox 950 2203 1175 2259; x_wconf 87' lang='lat' dir='ltr'><strong>deorqu</strong></span> <span class='ocrx_word' id='word_1_274' title='bbox 1205 2221 1483 2276; x_wconf 87' lang='lat' dir='ltr'><strong>magnum.</strong></span> <span class='ocrx_word' id='word_1_275' title='bbox 1516 2203 1580 2259; x_wconf 82' lang='lat' dir='ltr'>Et</span> <span class='ocrx_word' id='word_1_276' title='bbox 1608 2220 1732 2260; x_wconf 86' lang='lat' dir='ltr'><strong>ecce</strong></span> <span class='ocrx_word' id='word_1_277' title='bbox 1755 2205 1980 2274; x_wconf 82' lang='lat' dir='ltr'><strong>angelus</strong></span> <span class='ocrx_word' id='word_1_278' title='bbox 1997 2219 2138 2258; x_wconf 90' lang='lat' dir='ltr'><strong>unus</strong></span> 
     </span>
    </p>
   </div>
   <div class='ocr_carea' id='block_1_39' title="bbox 574 2293 2140 2360">
    <p class='ocr_par' dir='ltr' id='par_1_39' title="bbox 574 2293 2140 2360">
     <span class='ocr_line' id='line_1_40' title="bbox 574 2293 2140 2360; baseline 0.003 -16"><span class='ocrx_word' id='word_1_279' title='bbox 574 2295 788 2348; x_wconf 64' lang='lat' dir='ltr'><strong>vocavit</strong></span> <span class='ocrx_word' id='word_1_280' title='bbox 819 2309 905 2348; x_wconf 89' lang='lat' dir='ltr'>me</span> <span class='ocrx_word' id='word_1_281' title='bbox 932 2295 998 2350; x_wconf 88' lang='lat' dir='ltr'><strong>de</strong></span> <span class='ocrx_word' id='word_1_282' title='bbox 1021 2295 1158 2350; x_wconf 80' lang='lat' dir='ltr'><strong>ccelo</strong></span> <span class='ocrx_word' id='word_1_283' title='bbox 1197 2295 1384 2352; x_wconf 91' lang='lat' dir='ltr'><strong>dicens</strong></span> <span class='ocrx_word' id='word_1_284' title='bbox 1419 2293 1982 2360; x_wconf 84' lang='lat' dir='ltr'><strong>:Nabucltodonosor,</strong></span> <span class='ocrx_word' id='word_1_285' title='bbox 2023 2310 2140 2350; x_wconf 88' lang='lat' dir='ltr'><strong>ser-</strong></span> 
     </span>
    </p>
   </div>
   <div class='ocr_carea' id='block_1_40' title="bbox 573 2383 2152 2456">
    <p class='ocr_par' dir='ltr' id='par_1_40' title="bbox 573 2383 2152 2456">
     <span class='ocr_line' id='line_1_41' title="bbox 573 2383 2152 2456; baseline 0.003 -20"><span class='ocrx_word' id='word_1_286' title='bbox 573 2386 682 2438; x_wconf 77' lang='lat' dir='ltr'><strong>rito</strong></span> <span class='ocrx_word' id='word_1_287' title='bbox 712 2384 822 2440; x_wconf 90' lang='lat' dir='ltr'><strong>Deo</strong></span> <span class='ocrx_word' id='word_1_288' title='bbox 850 2386 972 2441; x_wconf 70' lang='lat' dir='ltr'><strong>coeli</strong></span> <span class='ocrx_word' id='word_1_289' title='bbox 1005 2394 1217 2455; x_wconf 87' lang='lat' dir='ltr'><strong>sancto,</strong></span> <span class='ocrx_word' id='word_1_290' title='bbox 1247 2396 1300 2440; x_wconf 95' lang='lat' dir='ltr'>et</span> <span class='ocrx_word' id='word_1_291' title='bbox 1332 2385 1399 2440; x_wconf 91' lang='lat' dir='ltr'><strong>da</strong></span> <span class='ocrx_word' id='word_1_292' title='bbox 1433 2386 1663 2456; x_wconf 78' lang='lat' dir='ltr'><strong>gloriam</strong></span> <span class='ocrx_word' id='word_1_293' title='bbox 1689 2385 1998 2442; x_wconf 84' lang='lat' dir='ltr'><strong>Altissimo.</strong></span> <span class='ocrx_word' id='word_1_294' title='bbox 2035 2383 2152 2440; x_wconf 75' lang='lat' dir='ltr'>Re-</span> 
     </span>
    </p>
   </div>
   <div class='ocr_carea' id='block_1_41' title="bbox 572 2478 1498 2547">
    <p class='ocr_par' dir='ltr' id='par_1_41' title="bbox 572 2478 1498 2547">
     <span class='ocr_line' id='line_1_42' title="bbox 572 2478 1498 2547; baseline 0.005 -20"><span class='ocrx_word' id='word_1_295' title='bbox 572 2493 738 2547; x_wconf 82' lang='lat' dir='ltr'><strong>gnum</strong></span> <span class='ocrx_word' id='word_1_296' title='bbox 769 2478 946 2547; x_wconf 87' lang='lat' dir='ltr'><strong>gentis</strong></span> <span class='ocrx_word' id='word_1_297' title='bbox 977 2486 1082 2532; x_wconf 77' lang='lat' dir='ltr'><strong>tuae</strong></span> <span class='ocrx_word' id='word_1_298' title='bbox 1113 2479 1204 2532; x_wconf 90' lang='lat' dir='ltr'><strong>tibi</strong></span> <span class='ocrx_word' id='word_1_299' title='bbox 1235 2479 1498 2532; x_wconf 88' lang='lat' dir='ltr'><strong>redditur.</strong></span> 
     </span>
    </p>
   </div>
   <div class='ocr_carea' id='block_1_42' title="bbox 645 2652 2140 2723">
    <p class='ocr_par' dir='ltr' id='par_1_42' title="bbox 645 2652 2140 2723">
     <span class='ocr_line' id='line_1_43' title="bbox 645 2652 2140 2723; baseline -0.001 -14"><span class='ocrx_word' id='word_1_300' title='bbox 645 2655 735 2709; x_wconf 78' lang='lat'>&#39;53.</span> <span class='ocrx_word' id='word_1_301' title='bbox 779 2652 838 2707; x_wconf 81' lang='lat' dir='ltr'>in</span> <span class='ocrx_word' id='word_1_302' title='bbox 869 2655 962 2708; x_wconf 92' lang='lat' dir='ltr'><strong>illo</strong></span> <span class='ocrx_word' id='word_1_303' title='bbox 985 2662 1226 2723; x_wconf 90' lang='lat' dir='ltr'><strong>tempore</strong></span> <span class='ocrx_word' id='word_1_304' title='bbox 1252 2654 1561 2708; x_wconf 90' lang='lat' dir='ltr'><strong>restitutum</strong></span> <span class='ocrx_word' id='word_1_305' title='bbox 1591 2665 1674 2708; x_wconf 89' lang='lat' dir='ltr'>est</span> <span class='ocrx_word' id='word_1_306' title='bbox 1706 2669 1930 2723; x_wconf 80' lang='lat' dir='ltr'><strong>regnum</strong></span> <span class='ocrx_word' id='word_1_307' title='bbox 1958 2667 2140 2708; x_wconf 90' lang='lat' dir='ltr'><strong>meum</strong></span> 
     </span>
    </p>
   </div>
   <div class='ocr_carea' id='block_1_43' title="bbox 575 2746 1700 2815">
    <p class='ocr_par' dir='ltr' id='par_1_43' title="bbox 575 2746 1700 2815">
     <span class='ocr_line' id='line_1_44' title="bbox 575 2746 1700 2815; baseline 0.001 -15"><span class='ocrx_word' id='word_1_308' title='bbox 575 2746 730 2813; x_wconf 83' lang='lat' dir='ltr'><strong>mihi,</strong></span> <span class='ocrx_word' id='word_1_309' title='bbox 759 2755 810 2802; x_wconf 90' lang='lat' dir='ltr'><strong>et</strong></span> <span class='ocrx_word' id='word_1_310' title='bbox 837 2747 1004 2815; x_wconf 84' lang='lat' dir='ltr'><strong>gloria</strong></span> <span class='ocrx_word' id='word_1_311' title='bbox 1039 2761 1154 2801; x_wconf 89' lang='lat' dir='ltr'>mea</span> <span class='ocrx_word' id='word_1_312' title='bbox 1186 2747 1397 2800; x_wconf 85' lang='lat' dir='ltr'><strong>reddita</strong></span> <span class='ocrx_word' id='word_1_313' title='bbox 1436 2756 1520 2801; x_wconf 91' lang='lat' dir='ltr'>est</span> <span class='ocrx_word' id='word_1_314' title='bbox 1547 2746 1700 2801; x_wconf 90' lang='lat' dir='ltr'><strong>mihi.</strong></span> 
     </span>
    </p>
   </div>
   <div class='ocr_carea' id='block_1_44' title="bbox 643 2835 2138 2901">
    <p class='ocr_par' dir='ltr' id='par_1_44' title="bbox 643 2835 2138 2901">
     <span class='ocr_line' id='line_1_45' title="bbox 643 2835 2138 2901; baseline -0.003 -8"><span class='ocrx_word' id='word_1_315' title='bbox 643 2838 732 2893; x_wconf 71' lang='grc'>54.</span> <span class='ocrx_word' id='word_1_316' title='bbox 773 2839 1056 2894; x_wconf 83' lang='lat' dir='ltr'><strong>Aitissimo</strong></span> <span class='ocrx_word' id='word_1_317' title='bbox 1087 2839 1371 2900; x_wconf 83' lang='lat' dir='ltr'><strong>confiteor,</strong></span> <span class='ocrx_word' id='word_1_318' title='bbox 1398 2850 1450 2892; x_wconf 90' lang='lat' dir='ltr'>et</span> <span class='ocrx_word' id='word_1_319' title='bbox 1478 2837 1644 2891; x_wconf 79' lang='lat' dir='ltr'><strong>laudo</strong></span> <span class='ocrx_word' id='word_1_320' title='bbox 1671 2853 1685 2890; x_wconf 86' lang='lat'><strong>:</strong></span> <span class='ocrx_word' id='word_1_321' title='bbox 1715 2836 1958 2892; x_wconf 83' lang='lat' dir='ltr'><strong>Creatori</strong></span> <span class='ocrx_word' id='word_1_322' title='bbox 1989 2835 2138 2901; x_wconf 72' lang='lat' dir='ltr'><strong>coeli,</strong></span> 
     </span>
    </p>
   </div>
   <div class='ocr_carea' id='block_1_45' title="bbox 574 2929 2141 2996">
    <p class='ocr_par' dir='ltr' id='par_1_45' title="bbox 574 2929 2141 2996">
     <span class='ocr_line' id='line_1_46' title="bbox 574 2929 2141 2996; baseline -0.001 -14"><span class='ocrx_word' id='word_1_323' title='bbox 574 2940 627 2983; x_wconf 86' lang='lat' dir='ltr'>et</span> <span class='ocrx_word' id='word_1_324' title='bbox 666 2940 843 2996; x_wconf 71' lang='lat' dir='ltr'><strong>terrm,</strong></span> <span class='ocrx_word' id='word_1_325' title='bbox 879 2937 933 2984; x_wconf 91' lang='lat' dir='ltr'>et</span> <span class='ocrx_word' id='word_1_326' title='bbox 967 2931 1156 2992; x_wconf 80' lang='lat' dir='ltr'><strong>muris,</strong></span> <span class='ocrx_word' id='word_1_327' title='bbox 1195 2939 1248 2983; x_wconf 90' lang='lat' dir='ltr'><strong>ct</strong></span> <span class='ocrx_word' id='word_1_328' title='bbox 1288 2929 1593 2992; x_wconf 87' lang='lat' dir='ltr'><strong>numinum,</strong></span> <span class='ocrx_word' id='word_1_329' title='bbox 1627 2939 1679 2982; x_wconf 89' lang='lat' dir='ltr'>et</span> <span class='ocrx_word' id='word_1_330' title='bbox 1719 2930 1984 2991; x_wconf 86' lang='lat' dir='ltr'><strong>omnium,</strong></span> <span class='ocrx_word' id='word_1_331' title='bbox 2019 2943 2141 2996; x_wconf 79' lang='lat' dir='ltr'><strong>qua:</strong></span> 
     </span>
    </p>
   </div>
   <div class='ocr_carea' id='block_1_46' title="bbox 575 3019 2140 3091">
    <p class='ocr_par' dir='ltr' id='par_1_46' title="bbox 575 3019 2140 3091">
     <span class='ocr_line' id='line_1_47' title="bbox 575 3019 2140 3091; baseline 0.001 -17"><span class='ocrx_word' id='word_1_332' title='bbox 575 3023 628 3075; x_wconf 93' lang='lat' dir='ltr'><strong>in</strong></span> <span class='ocrx_word' id='word_1_333' title='bbox 661 3023 740 3076; x_wconf 90' lang='lat' dir='ltr'><strong>eis</strong></span> <span class='ocrx_word' id='word_1_334' title='bbox 774 3031 924 3083; x_wconf 86' lang='lat' dir='ltr'><strong>sunt,</strong></span> <span class='ocrx_word' id='word_1_335' title='bbox 961 3022 1246 3084; x_wconf 84' lang='lat' dir='ltr'><strong>confiteor,</strong></span> <span class='ocrx_word' id='word_1_336' title='bbox 1275 3031 1329 3075; x_wconf 93' lang='lat' dir='ltr'>et</span> <span class='ocrx_word' id='word_1_337' title='bbox 1360 3021 1544 3085; x_wconf 82' lang='lat' dir='ltr'><strong>laudo,</strong></span> <span class='ocrx_word' id='word_1_338' title='bbox 1579 3021 1705 3091; x_wconf 89' lang='lat' dir='ltr'><strong>quia</strong></span> <span class='ocrx_word' id='word_1_339' title='bbox 1740 3022 1854 3089; x_wconf 84' lang='lat' dir='ltr'><strong>ipse</strong></span> <span class='ocrx_word' id='word_1_340' title='bbox 1887 3031 1969 3075; x_wconf 89' lang='lat' dir='ltr'>est</span> <span class='ocrx_word' id='word_1_341' title='bbox 1999 3019 2140 3076; x_wconf 89' lang='lat' dir='ltr'><strong>Deus</strong></span> 
     </span>
    </p>
   </div>
   <div class='ocr_carea' id='block_1_47' title="bbox 2241 1912 3811 1988">
    <p class='ocr_par' dir='ltr' id='par_1_47' title="bbox 2241 1912 3811 1988">
     <span class='ocr_line' id='line_1_48' title="bbox 2241 1912 3811 1988; baseline 0.003 -23"><span class='ocrx_word' id='word_1_342' title='bbox 2241 1913 2429 1983; x_wconf 79' lang='grc' dir='ltr'>χρόνος</span> <span class='ocrx_word' id='word_1_343' title='bbox 2463 1932 2562 1984; x_wconf 89' lang='grc' dir='ltr'>μου</span> <span class='ocrx_word' id='word_1_344' title='bbox 2584 1917 2683 1985; x_wconf 84' lang='grc' dir='ltr'>τῆς</span> <span class='ocrx_word' id='word_1_345' title='bbox 2705 1915 3134 1987; x_wconf 75' lang='grc' dir='ltr'>ἀπολυτρώσεως</span> <span class='ocrx_word' id='word_1_346' title='bbox 3161 1912 3314 1988; x_wconf 78' lang='grc' dir='ltr'>ἦλθε,</span> <span class='ocrx_word' id='word_1_347' title='bbox 3340 1917 3432 1970; x_wconf 77' lang='grc' dir='ltr'>καὶ</span> <span class='ocrx_word' id='word_1_348' title='bbox 3461 1915 3517 1970; x_wconf 83' lang='grc' dir='ltr'>αἱ</span> <span class='ocrx_word' id='word_1_349' title='bbox 3547 1913 3811 1986; x_wconf 83' lang='grc' dir='ltr'>ἁμαρτίαι</span> 
     </span>
    </p>
   </div>
   <div class='ocr_carea' id='block_1_48' title="bbox 2245 2002 3811 2078">
    <p class='ocr_par' dir='ltr' id='par_1_48' title="bbox 2245 2002 3811 2078">
     <span class='ocr_line' id='line_1_49' title="bbox 2245 2002 3811 2078; baseline -0.001 -21"><span class='ocrx_word' id='word_1_350' title='bbox 2245 2022 2345 2074; x_wconf 89' lang='grc' dir='ltr'>μου</span> <span class='ocrx_word' id='word_1_351' title='bbox 2401 2007 2494 2058; x_wconf 73' lang='grc' dir='ltr'>καὶ</span> <span class='ocrx_word' id='word_1_352' title='bbox 2519 2008 2575 2058; x_wconf 88' lang='grc' dir='ltr'>αί</span> <span class='ocrx_word' id='word_1_353' title='bbox 2609 2007 2822 2074; x_wconf 82' lang='grc' dir='ltr'>ἄγνοιαί</span> <span class='ocrx_word' id='word_1_354' title='bbox 2865 2025 2966 2078; x_wconf 88' lang='grc' dir='ltr'>μου</span> <span class='ocrx_word' id='word_1_355' title='bbox 3011 2007 3406 2078; x_wconf 74' lang='grc' dir='ltr'>ἐπληρώθησαν</span> <span class='ocrx_word' id='word_1_356' title='bbox 3441 2005 3682 2060; x_wconf 80' lang='grc' dir='ltr'>ἐναντίον</span> <span class='ocrx_word' id='word_1_357' title='bbox 3719 2002 3811 2058; x_wconf 72' lang='grc' dir='ltr'>τοῦ</span> 
     </span>
    </p>
   </div>
   <div class='ocr_carea' id='block_1_49' title="bbox 2239 2095 3814 2170">
    <p class='ocr_par' dir='ltr' id='par_1_49' title="bbox 2239 2095 3814 2170">
     <span class='ocr_line' id='line_1_50' title="bbox 2239 2095 3814 2170; baseline 0.001 -21"><span class='ocrx_word' id='word_1_358' title='bbox 2239 2095 2376 2150; x_wconf 83' lang='grc' dir='ltr'>Θεοῢ</span> <span class='ocrx_word' id='word_1_359' title='bbox 2409 2096 2502 2150; x_wconf 84' lang='grc' dir='ltr'>τοῦ</span> <span class='ocrx_word' id='word_1_360' title='bbox 2549 2097 2780 2169; x_wconf 79' lang='grc' dir='ltr'>οὐρανοῦ</span> <span class='ocrx_word' id='word_1_361' title='bbox 2806 2114 2819 2128; x_wconf 83' lang='lat'><strong><em>°</em></strong></span> <span class='ocrx_word' id='word_1_362' title='bbox 2871 2099 2966 2153; x_wconf 74' lang='grc' dir='ltr'>καὶ</span> <span class='ocrx_word' id='word_1_363' title='bbox 3007 2098 3230 2170; x_wconf 79' lang='grc' dir='ltr'>ἐδεήθην</span> <span class='ocrx_word' id='word_1_364' title='bbox 3265 2099 3393 2170; x_wconf 76' lang='grc' dir='ltr'>περὶ</span> <span class='ocrx_word' id='word_1_365' title='bbox 3425 2098 3530 2150; x_wconf 88' lang='grc' dir='ltr'>τῶν</span> <span class='ocrx_word' id='word_1_366' title='bbox 3581 2095 3814 2164; x_wconf 85' lang='grc' dir='ltr'>ἀγνοιῶν</span> 
     </span>
    </p>
   </div>
   <div class='ocr_carea' id='block_1_50' title="bbox 2243 2187 3810 2259">
    <p class='ocr_par' dir='ltr' id='par_1_50' title="bbox 2243 2187 3810 2259">
     <span class='ocr_line' id='line_1_51' title="bbox 2243 2187 3810 2259; baseline -0.001 -18"><span class='ocrx_word' id='word_1_367' title='bbox 2243 2205 2344 2259; x_wconf 87' lang='grc' dir='ltr'>μου</span> <span class='ocrx_word' id='word_1_368' title='bbox 2369 2187 2463 2241; x_wconf 82' lang='grc' dir='ltr'>τοῦ</span> <span class='ocrx_word' id='word_1_369' title='bbox 2485 2189 2620 2242; x_wconf 81' lang='grc' dir='ltr'>Θεοῦ</span> <span class='ocrx_word' id='word_1_370' title='bbox 2641 2190 2750 2242; x_wconf 90' lang='grc' dir='ltr'>τῶν</span> <span class='ocrx_word' id='word_1_371' title='bbox 2776 2189 2915 2244; x_wconf 89' lang='grc' dir='ltr'>θεῶν</span> <span class='ocrx_word' id='word_1_372' title='bbox 2943 2190 3036 2243; x_wconf 78' lang='grc' dir='ltr'>τοῦ</span> <span class='ocrx_word' id='word_1_373' title='bbox 3061 2189 3320 2258; x_wconf 83' lang='grc' dir='ltr'>μεγάλου.</span> <span class='ocrx_word' id='word_1_374' title='bbox 3357 2189 3466 2244; x_wconf 73' lang='grc' dir='ltr'>Καὶ</span> <span class='ocrx_word' id='word_1_375' title='bbox 3501 2187 3610 2240; x_wconf 75' lang='grc' dir='ltr'>ἰδοὺ</span> <span class='ocrx_word' id='word_1_376' title='bbox 3642 2187 3810 2256; x_wconf 80' lang='grc' dir='ltr'>ἀγγε-</span> 
     </span>
    </p>
   </div>
   <div class='ocr_carea' id='block_1_51' title="bbox 2238 2275 3815 2352">
    <p class='ocr_par' dir='ltr' id='par_1_51' title="bbox 2238 2275 3815 2352">
     <span class='ocr_line' id='line_1_52' title="bbox 2238 2275 3815 2352; baseline 0.001 -19"><span class='ocrx_word' id='word_1_377' title='bbox 2238 2280 2329 2343; x_wconf 84' lang='grc' dir='ltr'>λος</span> <span class='ocrx_word' id='word_1_378' title='bbox 2360 2275 2441 2344; x_wconf 73' lang='grc' dir='ltr'>εἷς</span> <span class='ocrx_word' id='word_1_379' title='bbox 2477 2281 2700 2335; x_wconf 77' lang='grc' dir='ltr'>ἐκάλεσὲ</span> <span class='ocrx_word' id='word_1_380' title='bbox 2737 2297 2804 2352; x_wconf 86' lang='grc' dir='ltr'>με</span> <span class='ocrx_word' id='word_1_381' title='bbox 2829 2285 2892 2336; x_wconf 80' lang='grc' dir='ltr'>ἐκ</span> <span class='ocrx_word' id='word_1_382' title='bbox 2922 2282 3014 2335; x_wconf 75' lang='grc' dir='ltr'>τοῦ</span> <span class='ocrx_word' id='word_1_383' title='bbox 3031 2283 3278 2352; x_wconf 78' lang='grc' dir='ltr'>ούρανοῦ,</span> <span class='ocrx_word' id='word_1_384' title='bbox 3312 2282 3506 2350; x_wconf 74' lang='grc' dir='ltr'>λέγων’</span> <span class='ocrx_word' id='word_1_385' title='bbox 3535 2279 3815 2350; x_wconf 62' lang='grc' dir='ltr'>Ναόουχου</span> 
     </span>
    </p>
   </div>
   <div class='ocr_carea' id='block_1_52' title="bbox 2236 2370 3812 2444">
    <p class='ocr_par' dir='ltr' id='par_1_52' title="bbox 2236 2370 3812 2444">
     <span class='ocr_line' id='line_1_53' title="bbox 2236 2370 3812 2444; baseline -0.002 -17"><span class='ocrx_word' id='word_1_386' title='bbox 2236 2373 2475 2444; x_wconf 89' lang='grc' dir='ltr'>δονόσορ,</span> <span class='ocrx_word' id='word_1_387' title='bbox 2526 2373 2808 2426; x_wconf 84' lang='grc' dir='ltr'>δούλευσον</span> <span class='ocrx_word' id='word_1_388' title='bbox 2854 2373 2932 2444; x_wconf 84' lang='grc' dir='ltr'>τῷ</span> <span class='ocrx_word' id='word_1_389' title='bbox 2977 2373 3095 2444; x_wconf 83' lang='grc' dir='ltr'>Θεῷ</span> <span class='ocrx_word' id='word_1_390' title='bbox 3131 2374 3224 2427; x_wconf 83' lang='grc' dir='ltr'>τοῦ</span> <span class='ocrx_word' id='word_1_391' title='bbox 3275 2371 3504 2444; x_wconf 79' lang='grc' dir='ltr'>ούρανοῦ</span> <span class='ocrx_word' id='word_1_392' title='bbox 3537 2370 3614 2442; x_wconf 82' lang='grc' dir='ltr'>τῷ</span> <span class='ocrx_word' id='word_1_393' title='bbox 3647 2373 3812 2443; x_wconf 78' lang='grc' dir='ltr'>ἁγίῳ,</span> 
     </span>
    </p>
   </div>
   <div class='ocr_carea' id='block_1_53' title="bbox 2240 2463 3816 2536">
    <p class='ocr_par' dir='ltr' id='par_1_53' title="bbox 2240 2463 3816 2536">
     <span class='ocr_line' id='line_1_54' title="bbox 2240 2463 3816 2536; baseline 0 -19"><span class='ocrx_word' id='word_1_394' title='bbox 2240 2463 2334 2517; x_wconf 75' lang='grc' dir='ltr'>καὶ</span> <span class='ocrx_word' id='word_1_395' title='bbox 2363 2463 2450 2526; x_wconf 77' lang='grc' dir='ltr'>δὸς</span> <span class='ocrx_word' id='word_1_396' title='bbox 2477 2464 2634 2527; x_wconf 78' lang='grc' dir='ltr'>δόξαν</span> <span class='ocrx_word' id='word_1_397' title='bbox 2663 2464 2740 2534; x_wconf 83' lang='grc' dir='ltr'>τῷ</span> <span class='ocrx_word' id='word_1_398' title='bbox 2784 2464 3039 2536; x_wconf 79' lang='grc' dir='ltr'>’Υψίστῳ.</span> <span class='ocrx_word' id='word_1_399' title='bbox 3077 2465 3149 2517; x_wconf 81' lang='grc' dir='ltr'>Τὸ</span> <span class='ocrx_word' id='word_1_400' title='bbox 3185 2464 3452 2535; x_wconf 86' lang='grc' dir='ltr'>βασίλειον</span> <span class='ocrx_word' id='word_1_401' title='bbox 3499 2463 3592 2518; x_wconf 79' lang='grc' dir='ltr'>τοῦ</span> <span class='ocrx_word' id='word_1_402' title='bbox 3628 2463 3816 2528; x_wconf 78' lang='grc' dir='ltr'>ἔθνους</span> 
     </span>
    </p>
   </div>
   <div class='ocr_carea' id='block_1_54' title="bbox 2240 2553 2792 2608">
    <p class='ocr_par' dir='ltr' id='par_1_54' title="bbox 2240 2553 2792 2608">
     <span class='ocr_line' id='line_1_55' title="bbox 2240 2553 2792 2608; baseline 0.004 -2"><span class='ocrx_word' id='word_1_403' title='bbox 2240 2571 2336 2608; x_wconf 90' lang='grc' dir='ltr'>σου</span> <span class='ocrx_word' id='word_1_404' title='bbox 2361 2553 2444 2607; x_wconf 75' lang='grc' dir='ltr'>σοὶ</span> <span class='ocrx_word' id='word_1_405' title='bbox 2467 2555 2792 2608; x_wconf 84' lang='grc' dir='ltr'>ἀποδίδοται.</span> 
     </span>
    </p>
   </div>
   <div class='ocr_carea' id='block_1_55' title="bbox 2309 2643 3817 2718">
    <p class='ocr_par' dir='ltr' id='par_1_55' title="bbox 2309 2643 3817 2718">
     <span class='ocr_line' id='line_1_56' title="bbox 2309 2643 3817 2718; baseline -0.003 -18"><span class='ocrx_word' id='word_1_406' title='bbox 2309 2645 2397 2700; x_wconf 79' lang='lat'>35.</span> <span class='ocrx_word' id='word_1_407' title='bbox 2439 2647 2526 2699; x_wconf 86' lang='grc' dir='ltr'>Ἐν</span> <span class='ocrx_word' id='word_1_408' title='bbox 2559 2646 2751 2716; x_wconf 81' lang='grc' dir='ltr'>ἐκείνῳ</span> <span class='ocrx_word' id='word_1_409' title='bbox 2788 2646 2866 2717; x_wconf 84' lang='grc' dir='ltr'>τῷ</span> <span class='ocrx_word' id='word_1_410' title='bbox 2920 2646 3099 2718; x_wconf 86' lang='grc' dir='ltr'>καιρῷ</span> <span class='ocrx_word' id='word_1_411' title='bbox 3133 2646 3548 2717; x_wconf 81' lang='grc' dir='ltr'>ἀποκατεστάθη</span> <span class='ocrx_word' id='word_1_412' title='bbox 3595 2648 3628 2716; x_wconf 76' lang='grc' dir='ltr'>η</span> <span class='ocrx_word' id='word_1_413' title='bbox 3661 2643 3817 2716; x_wconf 65' lang='grc' dir='ltr'>βασις</span> 
     </span>
    </p>
   </div>
   <div class='ocr_carea' id='block_1_56' title="bbox 2239 2737 3678 2812">
    <p class='ocr_par' dir='ltr' id='par_1_56' title="bbox 2239 2737 3678 2812">
     <span class='ocr_line' id='line_1_57' title="bbox 2239 2737 3678 2812; baseline 0.001 -23"><span class='ocrx_word' id='word_1_414' title='bbox 2239 2737 2358 2791; x_wconf 88' lang='grc' dir='ltr'>λεία</span> <span class='ocrx_word' id='word_1_415' title='bbox 2389 2752 2453 2793; x_wconf 77' lang='lat'><em>+</em></span> <span class='ocrx_word' id='word_1_416' title='bbox 2482 2755 2581 2808; x_wconf 90' lang='grc' dir='ltr'>μου</span> <span class='ocrx_word' id='word_1_417' title='bbox 2613 2741 2756 2810; x_wconf 69' lang='grc' dir='ltr'>ἐμοὶ,</span> <span class='ocrx_word' id='word_1_418' title='bbox 2789 2740 2882 2794; x_wconf 60' lang='grc' dir='ltr'>καὶ⁵</span> <span class='ocrx_word' id='word_1_419' title='bbox 2911 2741 2942 2812; x_wconf 85' lang='grc' dir='ltr'><strong>ή</strong></span> <span class='ocrx_word' id='word_1_420' title='bbox 2972 2739 3095 2806; x_wconf 70' lang='grc' dir='ltr'>δόξα</span> <span class='ocrx_word' id='word_1_421' title='bbox 3123 2759 3221 2812; x_wconf 87' lang='grc' dir='ltr'>μου</span> <span class='ocrx_word' id='word_1_422' title='bbox 3246 2740 3480 2811; x_wconf 81' lang='grc' dir='ltr'>ἀπεδόθη</span> <span class='ocrx_word' id='word_1_423' title='bbox 3515 2757 3604 2810; x_wconf 87' lang='grc' dir='ltr'>μοι</span> <span class='ocrx_word' id='word_1_424' title='bbox 3621 2740 3678 2809; x_wconf 95' lang='lat'>/.</span> 
     </span>
    </p>
   </div>
   <div class='ocr_carea' id='block_1_57' title="bbox 2308 2829 3819 2902">
    <p class='ocr_par' dir='ltr' id='par_1_57' title="bbox 2308 2829 3819 2902">
     <span class='ocr_line' id='line_1_58' title="bbox 2308 2829 3819 2902; baseline -0.001 -17"><span class='ocrx_word' id='word_1_425' title='bbox 2308 2830 2397 2885; x_wconf 80' lang='grc'>54.</span> <span class='ocrx_word' id='word_1_426' title='bbox 2422 2829 2512 2900; x_wconf 86' lang='grc' dir='ltr'>Τῷ</span> <span class='ocrx_word' id='word_1_427' title='bbox 2552 2830 2790 2902; x_wconf 74' lang='grc' dir='ltr'>Ὑψίστῳ</span> <span class='ocrx_word' id='word_1_428' title='bbox 2836 2831 3344 2902; x_wconf 83' lang='grc' dir='ltr'>ἀνθομολογοῦμαι,</span> <span class='ocrx_word' id='word_1_429' title='bbox 3399 2832 3491 2885; x_wconf 80' lang='grc' dir='ltr'>καὶ</span> <span class='ocrx_word' id='word_1_430' title='bbox 3537 2829 3705 2883; x_wconf 77' lang='grc' dir='ltr'>αίνῶο</span> <span class='ocrx_word' id='word_1_431' title='bbox 3738 2829 3819 2902; x_wconf 82' lang='grc' dir='ltr'>τῷ</span> 
     </span>
    </p>
   </div>
   <div class='ocr_carea' id='block_1_58' title="bbox 2241 2919 3817 2993">
    <p class='ocr_par' dir='ltr' id='par_1_58' title="bbox 2241 2919 3817 2993">
     <span class='ocr_line' id='line_1_59' title="bbox 2241 2919 3817 2993; baseline -0.002 -19"><span class='ocrx_word' id='word_1_432' title='bbox 2241 2919 2484 2974; x_wconf 72' lang='grc' dir='ltr'>κτίσαντι</span> <span class='ocrx_word' id='word_1_433' title='bbox 2503 2921 2592 2974; x_wconf 77' lang='grc' dir='ltr'>τὸν</span> <span class='ocrx_word' id='word_1_434' title='bbox 2619 2923 2865 2993; x_wconf 77' lang='grc' dir='ltr'>οὐρανὸν,</span> <span class='ocrx_word' id='word_1_435' title='bbox 2893 2923 2982 2976; x_wconf 73' lang='grc' dir='ltr'>καὶ</span> <span class='ocrx_word' id='word_1_436' title='bbox 3009 2922 3107 2992; x_wconf 79' lang='grc' dir='ltr'>τὴν</span> <span class='ocrx_word' id='word_1_437' title='bbox 3133 2924 3254 2992; x_wconf 81' lang='grc' dir='ltr'>γῆν,</span> <span class='ocrx_word' id='word_1_438' title='bbox 3279 2923 3373 2975; x_wconf 77' lang='grc' dir='ltr'>καὶ</span> <span class='ocrx_word' id='word_1_439' title='bbox 3401 2921 3496 2984; x_wconf 81' lang='grc' dir='ltr'>τὰς</span> <span class='ocrx_word' id='word_1_440' title='bbox 3517 2919 3817 2984; x_wconf 83' lang='grc' dir='ltr'>θαλάσσας,</span> 
     </span>
    </p>
   </div>
   <div class='ocr_carea' id='block_1_59' title="bbox 2241 3008 3820 3082">
    <p class='ocr_par' dir='ltr' id='par_1_59' title="bbox 2241 3008 3820 3082">
     <span class='ocr_line' id='line_1_60' title="bbox 2241 3008 3820 3082; baseline -0.002 -19"><span class='ocrx_word' id='word_1_441' title='bbox 2241 3011 2479 3076; x_wconf 72' lang='grc' dir='ltr'>καὶτοὺς</span> <span class='ocrx_word' id='word_1_442' title='bbox 2498 3013 2793 3082; x_wconf 76' lang='grc' dir='ltr'>ποταμοὺς,</span> <span class='ocrx_word' id='word_1_443' title='bbox 2828 3011 2920 3066; x_wconf 76' lang='grc' dir='ltr'>καὶ</span> <span class='ocrx_word' id='word_1_444' title='bbox 2945 3012 3123 3066; x_wconf 75' lang='grc' dir='ltr'>πάντα</span> <span class='ocrx_word' id='word_1_445' title='bbox 3147 3013 3214 3066; x_wconf 72' lang='grc' dir='ltr'>τὰ</span> <span class='ocrx_word' id='word_1_446' title='bbox 3245 3013 3301 3064; x_wconf 84' lang='grc' dir='ltr'>ἐν</span> <span class='ocrx_word' id='word_1_447' title='bbox 3327 3013 3530 3075; x_wconf 75' lang='grc' dir='ltr'>αὐτοῖς,</span> <span class='ocrx_word' id='word_1_448' title='bbox 3561 3008 3820 3079; x_wconf 75' lang='grc' dir='ltr'>ἐξομολοο</span> 
     </span>
    </p>
   </div>
   <div class='ocr_carea' id='block_1_60' title="bbox 575 3098 2139 3184">
    <p class='ocr_par' dir='ltr' id='par_1_60' title="bbox 575 3110 2135 3180">
     <span class='ocr_line' id='line_1_61' title="bbox 575 3110 2135 3180; baseline -0.001 -15"><span class='ocrx_word' id='word_1_449' title='bbox 575 3113 824 3176; x_wconf 74' lang='lat' dir='ltr'><strong>tleorum,</strong></span> <span class='ocrx_word' id='word_1_450' title='bbox 872 3122 924 3166; x_wconf 92' lang='lat' dir='ltr'><strong>et</strong></span> <span class='ocrx_word' id='word_1_451' title='bbox 959 3110 1220 3166; x_wconf 75' lang='lat' dir='ltr'><strong>Dominus</strong></span> <span class='ocrx_word' id='word_1_452' title='bbox 1263 3111 1681 3176; x_wconf 88' lang='lat' dir='ltr'><strong>dominantium,</strong></span> <span class='ocrx_word' id='word_1_453' title='bbox 1712 3118 1765 3164; x_wconf 89' lang='lat' dir='ltr'>et</span> <span class='ocrx_word' id='word_1_454' title='bbox 1801 3127 1892 3164; x_wconf 79' lang='lat' dir='ltr'><strong>rex</strong></span> <span class='ocrx_word' id='word_1_455' title='bbox 1927 3125 2135 3180; x_wconf 86' lang='lat' dir='ltr'><strong>regum,</strong></span> 
     </span>
    </p>
   </div>
   <div class='ocr_carea' id='block_1_61' title="bbox 2242 3098 3816 3184">
    <p class='ocr_par' dir='ltr' id='par_1_61' title="bbox 2242 3098 3816 3171">
     <span class='ocr_line' id='line_1_62' title="bbox 2242 3098 3816 3171; baseline -0.001 -17"><span class='ocrx_word' id='word_1_456' title='bbox 2242 3100 2466 3171; x_wconf 83' lang='grc' dir='ltr'>γοῦμαι,</span> <span class='ocrx_word' id='word_1_457' title='bbox 2507 3103 2600 3156; x_wconf 80' lang='grc' dir='ltr'>καὶ</span> <span class='ocrx_word' id='word_1_458' title='bbox 2656 3102 2810 3165; x_wconf 79' lang='grc' dir='ltr'>αἰνῶ,</span> <span class='ocrx_word' id='word_1_459' title='bbox 2843 3102 2925 3155; x_wconf 82' lang='grc' dir='ltr'>ὅτι</span> <span class='ocrx_word' id='word_1_460' title='bbox 2977 3103 3135 3164; x_wconf 77' lang='grc' dir='ltr'>αὑτός</span> <span class='ocrx_word' id='word_1_461' title='bbox 3189 3103 3304 3154; x_wconf 81' lang='grc' dir='ltr'>ἐστι</span> <span class='ocrx_word' id='word_1_462' title='bbox 3337 3101 3470 3164; x_wconf 83' lang='grc' dir='ltr'>Θεὸς</span> <span class='ocrx_word' id='word_1_463' title='bbox 3519 3099 3625 3154; x_wconf 86' lang='grc' dir='ltr'>τῶν</span> <span class='ocrx_word' id='word_1_464' title='bbox 3652 3098 3816 3164; x_wconf 85' lang='grc' dir='ltr'>θεῶν,</span> 
     </span>
    </p>
   </div>
   <div class='ocr_carea' id='block_1_62' title="bbox 574 3202 2143 3272">
    <p class='ocr_par' dir='ltr' id='par_1_62' title="bbox 574 3202 2143 3272">
     <span class='ocr_line' id='line_1_63' title="bbox 574 3202 2143 3272; baseline 0.001 -18"><span class='ocrx_word' id='word_1_465' title='bbox 574 3203 830 3270; x_wconf 85' lang='lat' dir='ltr'><strong>quoniam</strong></span> <span class='ocrx_word' id='word_1_466' title='bbox 867 3202 981 3272; x_wconf 88' lang='lat' dir='ltr'><strong>ipse</strong></span> <span class='ocrx_word' id='word_1_467' title='bbox 1008 3202 1136 3257; x_wconf 82' lang='lat' dir='ltr'><strong>facit</strong></span> <span class='ocrx_word' id='word_1_468' title='bbox 1176 3203 1331 3272; x_wconf 88' lang='lat' dir='ltr'><strong>signa</strong></span> <span class='ocrx_word' id='word_1_469' title='bbox 1367 3211 1420 3256; x_wconf 90' lang='lat' dir='ltr'><strong>et</strong></span> <span class='ocrx_word' id='word_1_470' title='bbox 1452 3210 1684 3264; x_wconf 83' lang='lat' dir='ltr'><strong>ostenta,</strong></span> <span class='ocrx_word' id='word_1_471' title='bbox 1710 3209 1762 3254; x_wconf 92' lang='lat' dir='ltr'><strong>et</strong></span> <span class='ocrx_word' id='word_1_472' title='bbox 1797 3210 1970 3255; x_wconf 88' lang='lat' dir='ltr'><strong>mutat</strong></span> <span class='ocrx_word' id='word_1_473' title='bbox 2007 3210 2143 3255; x_wconf 84' lang='lat' dir='ltr'><strong>tem-</strong></span> 
     </span>
    </p>
   </div>
   <div class='ocr_carea' id='block_1_63' title="bbox 576 3293 2142 3364">
    <p class='ocr_par' dir='ltr' id='par_1_63' title="bbox 576 3293 2142 3364">
     <span class='ocr_line' id='line_1_64' title="bbox 576 3293 2142 3364; baseline 0.001 -17"><span class='ocrx_word' id='word_1_474' title='bbox 576 3311 704 3362; x_wconf 78' lang='lat' dir='ltr'><strong>pora</strong></span> <span class='ocrx_word' id='word_1_475' title='bbox 745 3303 798 3350; x_wconf 88' lang='lat' dir='ltr'><strong>et</strong></span> <span class='ocrx_word' id='word_1_476' title='bbox 822 3303 1030 3357; x_wconf 60' lang='lat' dir='ltr'><strong>aetates.</strong></span> <span class='ocrx_word' id='word_1_477' title='bbox 1077 3294 1330 3348; x_wconf 83' lang='lat' dir='ltr'><strong>auferens</strong></span> <span class='ocrx_word' id='word_1_478' title='bbox 1360 3309 1584 3363; x_wconf 83' lang='lat' dir='ltr'><strong>regnum</strong></span> <span class='ocrx_word' id='word_1_479' title='bbox 1613 3308 1820 3364; x_wconf 89' lang='lat' dir='ltr'><strong>regum,</strong></span> <span class='ocrx_word' id='word_1_480' title='bbox 1847 3302 1902 3348; x_wconf 91' lang='lat' dir='ltr'>et</span> <span class='ocrx_word' id='word_1_481' title='bbox 1932 3293 2142 3349; x_wconf 86' lang='lat' dir='ltr'><strong>consti-</strong></span> 
     </span>
    </p>
   </div>
   <div class='ocr_carea' id='block_1_64' title="bbox 576 3387 2141 3457">
    <p class='ocr_par' dir='ltr' id='par_1_64' title="bbox 576 3387 2141 3457">
     <span class='ocr_line' id='line_1_65' title="bbox 576 3387 2141 3457; baseline 0.001 -17"><span class='ocrx_word' id='word_1_482' title='bbox 576 3399 733 3440; x_wconf 88' lang='lat' dir='ltr'><strong>lucus</strong></span> <span class='ocrx_word' id='word_1_483' title='bbox 764 3388 901 3442; x_wconf 85' lang='lat' dir='ltr'><strong>alios</strong></span> <span class='ocrx_word' id='word_1_484' title='bbox 940 3403 1040 3457; x_wconf 92' lang='lat' dir='ltr'>pro</span> <span class='ocrx_word' id='word_1_485' title='bbox 1077 3387 1176 3441; x_wconf 87' lang='lat' dir='ltr'><strong>eis.</strong></span> <span class='ocrx_word' id='word_1_486' title='bbox 1213 3389 1290 3441; x_wconf 82' lang='lat' dir='ltr'>Ex</span> <span class='ocrx_word' id='word_1_487' title='bbox 1318 3387 1420 3441; x_wconf 87' lang='lat' dir='ltr'><strong>hoc</strong></span> <span class='ocrx_word' id='word_1_488' title='bbox 1446 3398 1695 3456; x_wconf 86' lang='lat' dir='ltr'><strong>tempore</strong></span> <span class='ocrx_word' id='word_1_489' title='bbox 1737 3387 1914 3456; x_wconf 91' lang='lat' dir='ltr'><strong>ipsum</strong></span> <span class='ocrx_word' id='word_1_490' title='bbox 1942 3387 2141 3452; x_wconf 89' lang='lat' dir='ltr'><strong>colam,</strong></span> 
     </span>
    </p>
   </div>
   <div class='ocr_carea' id='block_1_65' title="bbox 573 3478 2142 3548">
    <p class='ocr_par' dir='ltr' id='par_1_65' title="bbox 573 3478 2142 3548">
     <span class='ocr_line' id='line_1_66' title="bbox 573 3478 2142 3548; baseline 0.001 -15"><span class='ocrx_word' id='word_1_491' title='bbox 573 3487 628 3533; x_wconf 90' lang='lat' dir='ltr'>et</span> <span class='ocrx_word' id='word_1_492' title='bbox 661 3495 689 3531; x_wconf 88' lang='lat' dir='ltr'>a</span> <span class='ocrx_word' id='word_1_493' title='bbox 721 3479 914 3532; x_wconf 91' lang='lat' dir='ltr'><strong>timore</strong></span> <span class='ocrx_word' id='word_1_494' title='bbox 941 3480 1061 3548; x_wconf 81' lang='lat' dir='ltr'><strong>ejus</strong></span> <span class='ocrx_word' id='word_1_495' title='bbox 1093 3488 1298 3533; x_wconf 88' lang='lat' dir='ltr'><strong>tremor</strong></span> <span class='ocrx_word' id='word_1_496' title='bbox 1329 3478 1690 3548; x_wconf 86' lang='lat' dir='ltr'><strong>apprehendit</strong></span> <span class='ocrx_word' id='word_1_497' title='bbox 1722 3493 1825 3541; x_wconf 90' lang='lat' dir='ltr'>me,</span> <span class='ocrx_word' id='word_1_498' title='bbox 1856 3488 1909 3533; x_wconf 92' lang='lat' dir='ltr'>et</span> <span class='ocrx_word' id='word_1_499' title='bbox 1949 3495 2142 3536; x_wconf 89' lang='lat' dir='ltr'><strong>omnes</strong></span> 
     </span>
    </p>
   </div>
   <div class='ocr_carea' id='block_1_66' title="bbox 576 3569 2145 3639">
    <p class='ocr_par' dir='ltr' id='par_1_66' title="bbox 576 3569 2145 3639">
     <span class='ocr_line' id='line_1_67' title="bbox 576 3569 2145 3639; baseline 0.003 -19"><span class='ocrx_word' id='word_1_500' title='bbox 576 3580 797 3623; x_wconf 79' lang='lat' dir='ltr'><strong>sanctos</strong></span> <span class='ocrx_word' id='word_1_501' title='bbox 839 3570 958 3638; x_wconf 77' lang='lat' dir='ltr'><strong>ejus</strong></span> <span class='ocrx_word' id='word_1_502' title='bbox 986 3570 1149 3622; x_wconf 83' lang='lat' dir='ltr'><strong>laudo</strong></span> <span class='ocrx_word' id='word_1_503' title='bbox 1191 3588 1204 3622; x_wconf 89' lang='lat'><strong>:</strong></span> <span class='ocrx_word' id='word_1_504' title='bbox 1237 3569 1313 3623; x_wconf 87' lang='lat' dir='ltr'><strong>dii</strong></span> <span class='ocrx_word' id='word_1_505' title='bbox 1338 3571 1484 3624; x_wconf 91' lang='lat' dir='ltr'><strong>enim</strong></span> <span class='ocrx_word' id='word_1_506' title='bbox 1521 3571 1758 3639; x_wconf 89' lang='lat' dir='ltr'><strong>gentium</strong></span> <span class='ocrx_word' id='word_1_507' title='bbox 1797 3584 1906 3624; x_wconf 93' lang='lat' dir='ltr'>non</span> <span class='ocrx_word' id='word_1_508' title='bbox 1943 3571 2145 3625; x_wconf 86' lang='lat' dir='ltr'><strong>habent</strong></span> 
     </span>
    </p>
   </div>
   <div class='ocr_carea' id='block_1_67' title="bbox 578 3658 2145 3730">
    <p class='ocr_par' dir='ltr' id='par_1_67' title="bbox 578 3658 2145 3730">
     <span class='ocr_line' id='line_1_68' title="bbox 578 3658 2145 3730; baseline 0.001 -16"><span class='ocrx_word' id='word_1_509' title='bbox 578 3661 633 3714; x_wconf 90' lang='lat' dir='ltr'>in</span> <span class='ocrx_word' id='word_1_510' title='bbox 667 3660 976 3728; x_wconf 87' lang='lat' dir='ltr'><strong>semetipsis</strong></span> <span class='ocrx_word' id='word_1_511' title='bbox 1018 3660 1272 3712; x_wconf 85' lang='lat' dir='ltr'><strong>virtutem</strong></span> <span class='ocrx_word' id='word_1_512' title='bbox 1323 3658 1682 3714; x_wconf 80' lang='lat' dir='ltr'><strong>transferendi</strong></span> <span class='ocrx_word' id='word_1_513' title='bbox 1735 3673 1960 3729; x_wconf 82' lang='lat' dir='ltr'><strong>regnum</strong></span> <span class='ocrx_word' id='word_1_514' title='bbox 2000 3661 2145 3730; x_wconf 82' lang='lat' dir='ltr'><strong>regis</strong></span> 
     </span>
    </p>
   </div>
   <div class='ocr_carea' id='block_1_68' title="bbox 579 3748 2146 3816">
    <p class='ocr_par' dir='ltr' id='par_1_68' title="bbox 579 3748 2146 3816">
     <span class='ocr_line' id='line_1_69' title="bbox 579 3748 2146 3816; baseline 0.002 -15"><span class='ocrx_word' id='word_1_515' title='bbox 579 3751 631 3802; x_wconf 92' lang='lat' dir='ltr'>in</span> <span class='ocrx_word' id='word_1_516' title='bbox 673 3749 837 3800; x_wconf 90' lang='lat' dir='ltr'><strong>alium</strong></span> <span class='ocrx_word' id='word_1_517' title='bbox 907 3762 1109 3816; x_wconf 77' lang='lat' dir='ltr'><strong>regem,</strong></span> <span class='ocrx_word' id='word_1_518' title='bbox 1151 3758 1203 3801; x_wconf 91' lang='lat' dir='ltr'><strong>et</strong></span> <span class='ocrx_word' id='word_1_519' title='bbox 1253 3748 1633 3811; x_wconf 81' lang='lat' dir='ltr'><strong>interficiendi,</strong></span> <span class='ocrx_word' id='word_1_520' title='bbox 1689 3749 2036 3812; x_wconf 82' lang='lat' dir='ltr'><strong>vivificandi,</strong></span> <span class='ocrx_word' id='word_1_521' title='bbox 2091 3758 2146 3804; x_wconf 88' lang='lat' dir='ltr'>et</span> 
     </span>
    </p>
   </div>
   <div class='ocr_carea' id='block_1_69' title="bbox 578 3835 2140 3909">
    <p class='ocr_par' dir='ltr' id='par_1_69' title="bbox 578 3835 2140 3909">
     <span class='ocr_line' id='line_1_70' title="bbox 578 3835 2140 3909; baseline -0.001 -16"><span class='ocrx_word' id='word_1_522' title='bbox 578 3837 836 3909; x_wconf 86' lang='lat' dir='ltr'><strong>uperandi</strong></span> <span class='ocrx_word' id='word_1_523' title='bbox 880 3837 1054 3906; x_wconf 88' lang='lat' dir='ltr'><strong>signa,</strong></span> <span class='ocrx_word' id='word_1_524' title='bbox 1087 3845 1141 3889; x_wconf 81' lang='lat' dir='ltr'>rt</span> <span class='ocrx_word' id='word_1_525' title='bbox 1185 3835 1453 3891; x_wconf 83' lang='lat' dir='ltr'><strong>mirabilia</strong></span> <span class='ocrx_word' id='word_1_526' title='bbox 1511 3854 1705 3908; x_wconf 88' lang='lat' dir='ltr'><strong>magna</strong></span> <span class='ocrx_word' id='word_1_527' title='bbox 1744 3847 1798 3892; x_wconf 90' lang='lat' dir='ltr'><strong>et</strong></span> <span class='ocrx_word' id='word_1_528' title='bbox 1857 3839 2140 3900; x_wconf 86' lang='lat' dir='ltr'><strong>terribilia,</strong></span> 
     </span>
    </p>
   </div>
   <div class='ocr_carea' id='block_1_70' title="bbox 575 3927 2144 3998">
    <p class='ocr_par' dir='ltr' id='par_1_70' title="bbox 575 3927 2144 3998">
     <span class='ocr_line' id='line_1_71' title="bbox 575 3927 2144 3998; baseline -0.001 -15"><span class='ocrx_word' id='word_1_529' title='bbox 575 3938 630 3983; x_wconf 89' lang='lat' dir='ltr'>et</span> <span class='ocrx_word' id='word_1_530' title='bbox 664 3927 1006 3998; x_wconf 89' lang='lat' dir='ltr'><strong>permulandi</strong></span> <span class='ocrx_word' id='word_1_531' title='bbox 1055 3927 1196 3981; x_wconf 90' lang='lat' dir='ltr'><strong>ultra</strong></span> <span class='ocrx_word' id='word_1_532' title='bbox 1231 3927 1450 3981; x_wconf 88' lang='lat' dir='ltr'><strong>modum</strong></span> <span class='ocrx_word' id='word_1_533' title='bbox 1486 3943 1596 3992; x_wconf 88' lang='lat' dir='ltr'><strong>res,</strong></span> <span class='ocrx_word' id='word_1_534' title='bbox 1627 3927 1768 3982; x_wconf 90' lang='lat' dir='ltr'><strong>sicut</strong></span> <span class='ocrx_word' id='word_1_535' title='bbox 1798 3927 1925 3982; x_wconf 90' lang='lat' dir='ltr'><strong>fecit</strong></span> <span class='ocrx_word' id='word_1_536' title='bbox 1972 3929 2026 3982; x_wconf 93' lang='lat' dir='ltr'>in</span> <span class='ocrx_word' id='word_1_537' title='bbox 2057 3942 2144 3983; x_wconf 90' lang='lat' dir='ltr'><strong>me</strong></span> 
     </span>
    </p>
   </div>
   <div class='ocr_carea' id='block_1_71' title="bbox 578 4018 1930 4089">
    <p class='ocr_par' dir='ltr' id='par_1_71' title="bbox 578 4018 1930 4089">
     <span class='ocr_line' id='line_1_72' title="bbox 578 4018 1930 4089; baseline 0.001 -17"><span class='ocrx_word' id='word_1_538' title='bbox 578 4018 719 4077; x_wconf 89' lang='lat' dir='ltr'><strong>Deus</strong></span> <span class='ocrx_word' id='word_1_539' title='bbox 752 4019 896 4085; x_wconf 75' lang='lat' dir='ltr'><strong>cceli,</strong></span> <span class='ocrx_word' id='word_1_540' title='bbox 923 4027 974 4074; x_wconf 91' lang='lat' dir='ltr'>et</span> <span class='ocrx_word' id='word_1_541' title='bbox 1005 4019 1328 4089; x_wconf 86' lang='lat' dir='ltr'><strong>permutavit</strong></span> <span class='ocrx_word' id='word_1_542' title='bbox 1371 4019 1425 4073; x_wconf 93' lang='lat' dir='ltr'>in</span> <span class='ocrx_word' id='word_1_543' title='bbox 1462 4034 1548 4076; x_wconf 90' lang='lat' dir='ltr'>me</span> <span class='ocrx_word' id='word_1_544' title='bbox 1569 4034 1793 4089; x_wconf 88' lang='lat' dir='ltr'><strong>magnas</strong></span> <span class='ocrx_word' id='word_1_545' title='bbox 1824 4033 1930 4075; x_wconf 89' lang='lat' dir='ltr'><strong>res.</strong></span> 
     </span>
    </p>
   </div>
   <div class='ocr_carea' id='block_1_72' title="bbox 648 4261 2139 4334">
    <p class='ocr_par' dir='ltr' id='par_1_72' title="bbox 648 4261 2139 4334">
     <span class='ocr_line' id='line_1_73' title="bbox 648 4261 2139 4334; baseline -0.003 -15"><span class='ocrx_word' id='word_1_546' title='bbox 648 4266 761 4334; x_wconf 86' lang='lat' dir='ltr'>Ego</span> <span class='ocrx_word' id='word_1_547' title='bbox 817 4263 1028 4320; x_wconf 88' lang='lat' dir='ltr'><strong>cunctis</strong></span> <span class='ocrx_word' id='word_1_548' title='bbox 1079 4261 1274 4317; x_wconf 86' lang='lat' dir='ltr'><strong>diebus</strong></span> <span class='ocrx_word' id='word_1_549' title='bbox 1320 4263 1470 4332; x_wconf 89' lang='lat' dir='ltr'><strong>regni</strong></span> <span class='ocrx_word' id='word_1_550' title='bbox 1516 4261 1622 4317; x_wconf 90' lang='lat' dir='ltr'><strong>mci</strong></span> <span class='ocrx_word' id='word_1_551' title='bbox 1675 4277 1774 4330; x_wconf 88' lang='lat' dir='ltr'>pro</span> <span class='ocrx_word' id='word_1_552' title='bbox 1806 4263 1987 4318; x_wconf 82' lang='lat' dir='ltr'><strong>anima</strong></span> <span class='ocrx_word' id='word_1_553' title='bbox 2021 4274 2139 4316; x_wconf 83' lang='lat' dir='ltr'><strong>mea</strong></span> 
     </span>
    </p>
   </div>
   <div class='ocr_carea' id='block_1_73' title="bbox 577 4351 2141 4412">
    <p class='ocr_par' dir='ltr' id='par_1_73' title="bbox 577 4351 2141 4412">
     <span class='ocr_line' id='line_1_74' title="bbox 577 4351 2141 4412; baseline -0.003 -1"><span class='ocrx_word' id='word_1_554' title='bbox 577 4355 846 4412; x_wconf 78' lang='lat' dir='ltr'><strong>sacriﬁcia</strong></span> <span class='ocrx_word' id='word_1_555' title='bbox 882 4355 1166 4409; x_wconf 79' lang='lat' dir='ltr'><strong>Altissimo</strong></span> <span class='ocrx_word' id='word_1_556' title='bbox 1203 4353 1426 4409; x_wconf 71' lang='lat' dir='ltr'><strong>offeram</strong></span> <span class='ocrx_word' id='word_1_557' title='bbox 1482 4353 1535 4407; x_wconf 92' lang='lat' dir='ltr'>in</span> <span class='ocrx_word' id='word_1_558' title='bbox 1584 4353 1809 4408; x_wconf 88' lang='lat' dir='ltr'><strong>odorem</strong></span> <span class='ocrx_word' id='word_1_559' title='bbox 1855 4351 2141 4408; x_wconf 78' lang='lat' dir='ltr'><strong>suavitatis</strong></span> 
     </span>
    </p>
   </div>
   <div class='ocr_carea' id='block_1_74' title="bbox 2245 3190 3818 3264">
    <p class='ocr_par' dir='ltr' id='par_1_74' title="bbox 2245 3190 3818 3264">
     <span class='ocr_line' id='line_1_75' title="bbox 2245 3190 3818 3264; baseline -0.001 -18"><span class='ocrx_word' id='word_1_560' title='bbox 2245 3193 2338 3246; x_wconf 75' lang='grc' dir='ltr'>καὶ</span> <span class='ocrx_word' id='word_1_561' title='bbox 2363 3191 2566 3264; x_wconf 85' lang='grc' dir='ltr'>Κύριος</span> <span class='ocrx_word' id='word_1_562' title='bbox 2592 3192 2697 3246; x_wconf 88' lang='grc' dir='ltr'>τῶν</span> <span class='ocrx_word' id='word_1_563' title='bbox 2723 3193 2947 3264; x_wconf 78' lang='grc' dir='ltr'>κυρίων,</span> <span class='ocrx_word' id='word_1_564' title='bbox 2985 3193 3078 3246; x_wconf 76' lang='grc' dir='ltr'>καὶ</span> <span class='ocrx_word' id='word_1_565' title='bbox 3105 3191 3367 3255; x_wconf 78' lang='grc' dir='ltr'>Βασιλεὺς</span> <span class='ocrx_word' id='word_1_566' title='bbox 3392 3191 3498 3244; x_wconf 84' lang='grc' dir='ltr'>τῶν</span> <span class='ocrx_word' id='word_1_567' title='bbox 3529 3190 3818 3258; x_wconf 82' lang='grc' dir='ltr'>βασιλέων·</span> 
     </span>
    </p>
   </div>
   <div class='ocr_carea' id='block_1_75' title="bbox 2244 3282 3820 3354">
    <p class='ocr_par' dir='ltr' id='par_1_75' title="bbox 2244 3282 3820 3354">
     <span class='ocr_line' id='line_1_76' title="bbox 2244 3282 3820 3354; baseline -0.001 -17"><span class='ocrx_word' id='word_1_568' title='bbox 2244 3284 2324 3337; x_wconf 83' lang='grc' dir='ltr'>ὅτι</span> <span class='ocrx_word' id='word_1_569' title='bbox 2352 3283 2514 3348; x_wconf 81' lang='grc' dir='ltr'>αὐτὸς</span> <span class='ocrx_word' id='word_1_570' title='bbox 2548 3285 2693 3337; x_wconf 86' lang='grc' dir='ltr'>ποιεῖ</span> <span class='ocrx_word' id='word_1_571' title='bbox 2726 3285 2926 3354; x_wconf 86' lang='grc' dir='ltr'>σημεῖα</span> <span class='ocrx_word' id='word_1_572' title='bbox 2956 3285 3050 3338; x_wconf 73' lang='grc' dir='ltr'>καὶ</span> <span class='ocrx_word' id='word_1_573' title='bbox 3076 3283 3292 3354; x_wconf 83' lang='grc' dir='ltr'>τέρατα,</span> <span class='ocrx_word' id='word_1_574' title='bbox 3333 3282 3432 3338; x_wconf 77' lang='grc' dir='ltr'>καὶ</span> <span class='ocrx_word' id='word_1_575' title='bbox 3461 3283 3662 3336; x_wconf 84' lang='grc' dir='ltr'>ἀλλοιοῖ</span> <span class='ocrx_word' id='word_1_576' title='bbox 3697 3299 3820 3337; x_wconf 71' lang='grc' dir='ltr'>και⁹</span> 
     </span>
    </p>
   </div>
   <div class='ocr_carea' id='block_1_76' title="bbox 2250 3374 3822 3447">
    <p class='ocr_par' dir='ltr' id='par_1_76' title="bbox 2250 3374 3822 3447">
     <span class='ocr_line' id='line_1_77' title="bbox 2250 3374 3822 3447; baseline 0 -19"><span class='ocrx_word' id='word_1_577' title='bbox 2250 3376 2374 3446; x_wconf 80' lang='grc' dir='ltr'>ροὺς</span> <span class='ocrx_word' id='word_1_578' title='bbox 2400 3375 2493 3429; x_wconf 73' lang='grc' dir='ltr'>καὶ</span> <span class='ocrx_word' id='word_1_579' title='bbox 2531 3376 2777 3447; x_wconf 82' lang='grc' dir='ltr'>χρόνους,</span> <span class='ocrx_word' id='word_1_580' title='bbox 2817 3375 3062 3447; x_wconf 79' lang='grc' dir='ltr'>ἀφαιρῶν</span> <span class='ocrx_word' id='word_1_581' title='bbox 3093 3374 3374 3445; x_wconf 85' lang='grc' dir='ltr'>βασιλείαν</span> <span class='ocrx_word' id='word_1_582' title='bbox 3406 3375 3693 3444; x_wconf 79' lang='grc' dir='ltr'>βασιλέων,</span> <span class='ocrx_word' id='word_1_583' title='bbox 3722 3374 3822 3428; x_wconf 83' lang='grc' dir='ltr'>καὶ</span> 
     </span>
    </p>
   </div>
   <div class='ocr_carea' id='block_1_77' title="bbox 2248 3463 3819 3537">
    <p class='ocr_par' dir='ltr' id='par_1_77' title="bbox 2248 3463 3819 3537">
     <span class='ocr_line' id='line_1_78' title="bbox 2248 3463 3819 3537; baseline 0.001 -19"><span class='ocrx_word' id='word_1_584' title='bbox 2248 3465 2521 3519; x_wconf 87' lang='grc' dir='ltr'>καθιστῶν</span> <span class='ocrx_word' id='word_1_585' title='bbox 2544 3467 2761 3537; x_wconf 84' lang='grc' dir='ltr'>ἐτέρους</span> <span class='ocrx_word' id='word_1_586' title='bbox 2785 3467 2901 3519; x_wconf 78' lang='grc' dir='ltr'>ἀντ’</span> <span class='ocrx_word' id='word_1_587' title='bbox 2938 3465 3116 3520; x_wconf 81' lang='grc' dir='ltr'>αὐτῶν</span> <span class='ocrx_word' id='word_1_588' title='bbox 3137 3481 3150 3495; x_wconf 76' lang='grc'><strong>⁸</strong></span> <span class='ocrx_word' id='word_1_589' title='bbox 3174 3465 3279 3519; x_wconf 73' lang='grc' dir='ltr'>ἀπὸ</span> <span class='ocrx_word' id='word_1_590' title='bbox 3303 3465 3394 3519; x_wconf 84' lang='grc' dir='ltr'>τοῦ</span> <span class='ocrx_word' id='word_1_591' title='bbox 3426 3465 3518 3518; x_wconf 80' lang='grc' dir='ltr'>νῦν</span> <span class='ocrx_word' id='word_1_592' title='bbox 3539 3464 3686 3536; x_wconf 76' lang='grc' dir='ltr'>αὐτῷ</span> <span class='ocrx_word' id='word_1_593' title='bbox 3718 3463 3819 3519; x_wconf 78' lang='grc' dir='ltr'>λα-</span> 
     </span>
    </p>
   </div>
   <div class='ocr_carea' id='block_1_78' title="bbox 2243 3555 3818 3628">
    <p class='ocr_par' dir='ltr' id='par_1_78' title="bbox 2243 3555 3818 3628">
     <span class='ocr_line' id='line_1_79' title="bbox 2243 3555 3818 3628; baseline 0.001 -19"><span class='ocrx_word' id='word_1_594' title='bbox 2243 3555 2478 3628; x_wconf 86' lang='grc' dir='ltr'>τρεύσω,</span> <span class='ocrx_word' id='word_1_595' title='bbox 2503 3559 2595 3610; x_wconf 78' lang='grc' dir='ltr'>καὶ</span> <span class='ocrx_word' id='word_1_596' title='bbox 2617 3558 2725 3612; x_wconf 85' lang='grc' dir='ltr'>ἀπὺ</span> <span class='ocrx_word' id='word_1_597' title='bbox 2755 3556 2847 3610; x_wconf 76' lang='grc' dir='ltr'>τοῦ</span> <span class='ocrx_word' id='word_1_598' title='bbox 2876 3557 3038 3626; x_wconf 73' lang='grc' dir='ltr'>φόϐου</span> <span class='ocrx_word' id='word_1_599' title='bbox 3085 3557 3247 3612; x_wconf 81' lang='grc' dir='ltr'>αὑτοῦ</span> <span class='ocrx_word' id='word_1_600' title='bbox 3279 3557 3477 3628; x_wconf 84' lang='grc' dir='ltr'>τρόμος</span> <span class='ocrx_word' id='word_1_601' title='bbox 3505 3557 3693 3628; x_wconf 74' lang='grc' dir='ltr'>εἴληφέ</span> <span class='ocrx_word' id='word_1_602' title='bbox 3722 3574 3818 3628; x_wconf 82' lang='grc' dir='ltr'>με,</span> 
     </span>
    </p>
   </div>
   <div class='ocr_carea' id='block_1_79' title="bbox 2247 3646 3820 3716">
    <p class='ocr_par' dir='ltr' id='par_1_79' title="bbox 2247 3646 3820 3716">
     <span class='ocr_line' id='line_1_80' title="bbox 2247 3646 3820 3716; baseline 0.001 -16"><span class='ocrx_word' id='word_1_603' title='bbox 2247 3647 2340 3700; x_wconf 81' lang='grc' dir='ltr'>καὶ</span> <span class='ocrx_word' id='word_1_604' title='bbox 2371 3647 2578 3711; x_wconf 82' lang='grc' dir='ltr'>πάντας</span> <span class='ocrx_word' id='word_1_605' title='bbox 2599 3649 2726 3711; x_wconf 78' lang='grc' dir='ltr'>τοὺς</span> <span class='ocrx_word' id='word_1_606' title='bbox 2753 3647 2939 3716; x_wconf 79' lang='grc' dir='ltr'>ἁγίους</span> <span class='ocrx_word' id='word_1_607' title='bbox 2967 3646 3133 3702; x_wconf 81' lang='grc' dir='ltr'>αὐτοῦ</span> <span class='ocrx_word' id='word_1_608' title='bbox 3156 3647 3288 3701; x_wconf 79' lang='grc' dir='ltr'>αίνῶ</span> <span class='ocrx_word' id='word_1_609' title='bbox 3307 3664 3321 3678; x_wconf 76' lang='grc' dir='ltr'>ο</span> <span class='ocrx_word' id='word_1_610' title='bbox 3348 3650 3396 3700; x_wconf 78' lang='lat' dir='ltr'><strong>oi</strong></span> <span class='ocrx_word' id='word_1_611' title='bbox 3429 3649 3538 3716; x_wconf 80' lang='grc' dir='ltr'>γὰρ</span> <span class='ocrx_word' id='word_1_612' title='bbox 3569 3647 3680 3700; x_wconf 77' lang='grc' dir='ltr'>θεοὶ</span> <span class='ocrx_word' id='word_1_613' title='bbox 3711 3647 3820 3701; x_wconf 88' lang='grc' dir='ltr'>τῶν</span> 
     </span>
    </p>
   </div>
   <div class='ocr_carea' id='block_1_80' title="bbox 2246 3737 3822 3812">
    <p class='ocr_par' dir='ltr' id='par_1_80' title="bbox 2246 3737 3822 3812">
     <span class='ocr_line' id='line_1_81' title="bbox 2246 3737 3822 3812; baseline 0.001 -22"><span class='ocrx_word' id='word_1_614' title='bbox 2246 3737 2411 3791; x_wconf 82' lang='grc' dir='ltr'>ἐθνῶν</span> <span class='ocrx_word' id='word_1_615' title='bbox 2433 3739 2533 3792; x_wconf 83' lang='grc' dir='ltr'>οὐκ</span> <span class='ocrx_word' id='word_1_616' title='bbox 2563 3739 2776 3809; x_wconf 76' lang='grc' dir='ltr'>ἔχουσιν</span> <span class='ocrx_word' id='word_1_617' title='bbox 2800 3742 2855 3794; x_wconf 84' lang='grc' dir='ltr'>ὲν</span> <span class='ocrx_word' id='word_1_618' title='bbox 2880 3741 3090 3804; x_wconf 82' lang='grc' dir='ltr'>ἐαυτοϊς</span> <span class='ocrx_word' id='word_1_619' title='bbox 3122 3742 3271 3810; x_wconf 81' lang='grc' dir='ltr'>ίσχὺν</span> <span class='ocrx_word' id='word_1_620' title='bbox 3301 3740 3640 3812; x_wconf 74' lang='grc' dir='ltr'>ἀποστρέψαι</span> <span class='ocrx_word' id='word_1_621' title='bbox 3671 3741 3822 3810; x_wconf 67' lang='grc' dir='ltr'>βασις</span> 
     </span>
    </p>
   </div>
   <div class='ocr_carea' id='block_1_81' title="bbox 2245 3828 3816 3901">
    <p class='ocr_par' dir='ltr' id='par_1_81' title="bbox 2245 3828 3816 3901">
     <span class='ocr_line' id='line_1_82' title="bbox 2245 3828 3816 3901; baseline 0.003 -21"><span class='ocrx_word' id='word_1_622' title='bbox 2245 3828 2394 3882; x_wconf 89' lang='grc' dir='ltr'>λείαν</span> <span class='ocrx_word' id='word_1_623' title='bbox 2417 3828 2679 3898; x_wconf 81' lang='grc' dir='ltr'>βασιλέως</span> <span class='ocrx_word' id='word_1_624' title='bbox 2713 3832 2792 3893; x_wconf 89' lang='grc' dir='ltr'>είς</span> <span class='ocrx_word' id='word_1_625' title='bbox 2820 3830 3006 3901; x_wconf 78' lang='grc' dir='ltr'>ἕτερον</span> <span class='ocrx_word' id='word_1_626' title='bbox 3040 3829 3288 3900; x_wconf 83' lang='grc' dir='ltr'>βασιλέα,</span> <span class='ocrx_word' id='word_1_627' title='bbox 3339 3832 3433 3884; x_wconf 71' lang='grc' dir='ltr'>καὶ</span> <span class='ocrx_word' id='word_1_628' title='bbox 3470 3831 3816 3894; x_wconf 78' lang='grc' dir='ltr'>ἀποκτεῖναι,</span> 
     </span>
    </p>
   </div>
   <div class='ocr_carea' id='block_1_82' title="bbox 2245 3921 3820 3994">
    <p class='ocr_par' dir='ltr' id='par_1_82' title="bbox 2245 3921 3820 3994">
     <span class='ocr_line' id='line_1_83' title="bbox 2245 3921 3820 3994; baseline 0.001 -20"><span class='ocrx_word' id='word_1_629' title='bbox 2245 3923 2339 3975; x_wconf 78' lang='grc' dir='ltr'>καὶ</span> <span class='ocrx_word' id='word_1_630' title='bbox 2360 3921 2458 3993; x_wconf 77' lang='grc' dir='ltr'>ζῇν</span> <span class='ocrx_word' id='word_1_631' title='bbox 2481 3923 2723 3993; x_wconf 82' lang='grc' dir='ltr'>ποιῆσαι,</span> <span class='ocrx_word' id='word_1_632' title='bbox 2757 3923 2850 3977; x_wconf 71' lang='grc' dir='ltr'>καὶ</span> <span class='ocrx_word' id='word_1_633' title='bbox 2885 3924 3106 3994; x_wconf 81' lang='grc' dir='ltr'>ποιῆσαι</span> <span class='ocrx_word' id='word_1_634' title='bbox 3151 3924 3371 3993; x_wconf 82' lang='grc' dir='ltr'>σημεῖα,</span> <span class='ocrx_word' id='word_1_635' title='bbox 3413 3923 3508 3976; x_wconf 69' lang='grc' dir='ltr'>καὶ</span> <span class='ocrx_word' id='word_1_636' title='bbox 3538 3921 3820 3992; x_wconf 81' lang='grc' dir='ltr'>θαυμάσια</span> 
     </span>
    </p>
   </div>
   <div class='ocr_carea' id='block_1_83' title="bbox 2247 4013 3814 4087">
    <p class='ocr_par' dir='ltr' id='par_1_83' title="bbox 2247 4013 3814 4087">
     <span class='ocr_line' id='line_1_84' title="bbox 2247 4013 3814 4087; baseline 0.003 -23"><span class='ocrx_word' id='word_1_637' title='bbox 2247 4013 2459 4082; x_wconf 84' lang='grc' dir='ltr'>μεγάλα</span> <span class='ocrx_word' id='word_1_638' title='bbox 2523 4015 2616 4066; x_wconf 76' lang='grc' dir='ltr'>καὶ</span> <span class='ocrx_word' id='word_1_639' title='bbox 2665 4013 2870 4084; x_wconf 74' lang='grc' dir='ltr'>φοϐερά</span> <span class='ocrx_word' id='word_1_640' title='bbox 2898 4055 2912 4079; x_wconf 87' lang='grc'>,</span> <span class='ocrx_word' id='word_1_641' title='bbox 2971 4017 3066 4068; x_wconf 76' lang='grc' dir='ltr'>καὶ</span> <span class='ocrx_word' id='word_1_642' title='bbox 3119 4015 3408 4068; x_wconf 81' lang='grc' dir='ltr'>ἀλλοιῶσαι</span> <span class='ocrx_word' id='word_1_643' title='bbox 3459 4014 3814 4087; x_wconf 84' lang='grc' dir='ltr'>ὑπερμεγέθη</span> 
     </span>
    </p>
   </div>
   <div class='ocr_carea' id='block_1_84' title="bbox 2244 4103 3816 4176">
    <p class='ocr_par' dir='ltr' id='par_1_84' title="bbox 2244 4103 3816 4176">
     <span class='ocr_line' id='line_1_85' title="bbox 2244 4103 3816 4176; baseline 0 -18"><span class='ocrx_word' id='word_1_644' title='bbox 2244 4104 2566 4174; x_wconf 83' lang='grc' dir='ltr'>πράγματα,</span> <span class='ocrx_word' id='word_1_645' title='bbox 2602 4103 2782 4169; x_wconf 86' lang='grc' dir='ltr'>καθὼς</span> <span class='ocrx_word' id='word_1_646' title='bbox 2815 4105 3070 4176; x_wconf 83' lang='grc' dir='ltr'>ἐποίησεν</span> <span class='ocrx_word' id='word_1_647' title='bbox 3095 4109 3153 4160; x_wconf 81' lang='grc' dir='ltr'>ἐν</span> <span class='ocrx_word' id='word_1_648' title='bbox 3182 4106 3304 4175; x_wconf 70' lang='grc' dir='ltr'>ἐμοὶ</span> <span class='ocrx_word' id='word_1_649' title='bbox 3327 4107 3354 4159; x_wconf 83' lang='grc' dir='ltr'><strong>ὁ</strong></span> <span class='ocrx_word' id='word_1_650' title='bbox 3376 4106 3507 4170; x_wconf 84' lang='grc' dir='ltr'>Θεὸς</span> <span class='ocrx_word' id='word_1_651' title='bbox 3539 4106 3630 4158; x_wconf 84' lang='grc' dir='ltr'>τοῦ</span> <span class='ocrx_word' id='word_1_652' title='bbox 3653 4107 3816 4176; x_wconf 79' lang='grc' dir='ltr'>οὐρα-</span> 
     </span>
    </p>
   </div>
   <div class='ocr_carea' id='block_1_85' title="bbox 2243 4192 3649 4266">
    <p class='ocr_par' dir='ltr' id='par_1_85' title="bbox 2243 4192 3649 4266">
     <span class='ocr_line' id='line_1_86' title="bbox 2243 4192 3649 4266; baseline 0.001 -19"><span class='ocrx_word' id='word_1_653' title='bbox 2243 4193 2358 4256; x_wconf 75' lang='grc' dir='ltr'>νοῦ,</span> <span class='ocrx_word' id='word_1_654' title='bbox 2394 4195 2489 4248; x_wconf 79' lang='grc' dir='ltr'>καὶ</span> <span class='ocrx_word' id='word_1_655' title='bbox 2518 4192 2806 4264; x_wconf 76' lang='grc' dir='ltr'>ὴλλοίωσεν</span> <span class='ocrx_word' id='word_1_656' title='bbox 2831 4195 2916 4246; x_wconf 85' lang='grc' dir='ltr'>ἐπ’</span> <span class='ocrx_word' id='word_1_657' title='bbox 2949 4195 3072 4264; x_wconf 76' lang='grc' dir='ltr'>ἐμοὶ</span> <span class='ocrx_word' id='word_1_658' title='bbox 3100 4195 3311 4265; x_wconf 88' lang='grc' dir='ltr'>μεγάλα</span> <span class='ocrx_word' id='word_1_659' title='bbox 3336 4195 3649 4266; x_wconf 81' lang='grc' dir='ltr'>πράγματα.</span> 
     </span>
    </p>
   </div>
   <div class='ocr_carea' id='block_1_86' title="bbox 2326 4284 3818 4357">
    <p class='ocr_par' dir='ltr' id='par_1_86' title="bbox 2326 4284 3818 4357">
     <span class='ocr_line' id='line_1_87' title="bbox 2326 4284 3818 4357; baseline 0.001 -18"><span class='ocrx_word' id='word_1_660' title='bbox 2326 4284 2465 4353; x_wconf 86' lang='grc' dir='ltr'>Ἐγὼ</span> <span class='ocrx_word' id='word_1_661' title='bbox 2495 4285 2673 4349; x_wconf 88' lang='grc' dir='ltr'>πάσας</span> <span class='ocrx_word' id='word_1_662' title='bbox 2705 4285 2803 4350; x_wconf 80' lang='grc' dir='ltr'>τὰς</span> <span class='ocrx_word' id='word_1_663' title='bbox 2855 4287 3064 4357; x_wconf 79' lang='grc' dir='ltr'>ἡμέρας</span> <span class='ocrx_word' id='word_1_664' title='bbox 3093 4287 3190 4356; x_wconf 77' lang='grc' dir='ltr'>τῆς</span> <span class='ocrx_word' id='word_1_665' title='bbox 3237 4285 3512 4356; x_wconf 80' lang='grc' dir='ltr'>βασιλείας</span> <span class='ocrx_word' id='word_1_666' title='bbox 3544 4303 3643 4356; x_wconf 91' lang='grc' dir='ltr'>μου</span> <span class='ocrx_word' id='word_1_667' title='bbox 3685 4285 3818 4356; x_wconf 79' lang='grc' dir='ltr'>περὶ</span> 
     </span>
    </p>
   </div>
   <div class='ocr_carea' id='block_1_87' title="bbox 2243 4377 3818 4450">
    <p class='ocr_par' dir='ltr' id='par_1_87' title="bbox 2243 4377 3818 4450">
     <span class='ocr_line' id='line_1_88' title="bbox 2243 4377 3818 4450; baseline 0 -20"><span class='ocrx_word' id='word_1_668' title='bbox 2243 4378 2341 4448; x_wconf 85' lang='grc' dir='ltr'>τῆς</span> <span class='ocrx_word' id='word_1_669' title='bbox 2359 4377 2536 4449; x_wconf 76' lang='grc' dir='ltr'>ψυχῆς</span> <span class='ocrx_word' id='word_1_670' title='bbox 2559 4396 2660 4450; x_wconf 86' lang='grc' dir='ltr'>μου</span> <span class='ocrx_word' id='word_1_671' title='bbox 2675 4378 2753 4449; x_wconf 83' lang='grc' dir='ltr'>τῷ</span> <span class='ocrx_word' id='word_1_672' title='bbox 2778 4377 3018 4449; x_wconf 77' lang='grc' dir='ltr'>’Υψίστῳ</span> <span class='ocrx_word' id='word_1_673' title='bbox 3040 4377 3228 4441; x_wconf 88' lang='grc' dir='ltr'>θυσίας</span> <span class='ocrx_word' id='word_1_674' title='bbox 3255 4378 3527 4448; x_wconf 84' lang='grc' dir='ltr'>προσοίσω</span> <span class='ocrx_word' id='word_1_675' title='bbox 3545 4380 3623 4439; x_wconf 88' lang='grc' dir='ltr'>είς</span> <span class='ocrx_word' id='word_1_676' title='bbox 3637 4377 3818 4448; x_wconf 76' lang='grc' dir='ltr'>ὀσμὴν</span> 
     </span>
    </p>
   </div>
   <div class='ocr_carea' id='block_1_88' title="bbox 577 4443 2139 4542">
    <p class='ocr_par' dir='ltr' id='par_1_88' title="bbox 577 4443 2137 4514">
     <span class='ocr_line' id='line_1_89' title="bbox 577 4443 2137 4514; baseline -0.003 -13"><span class='ocrx_word' id='word_1_677' title='bbox 577 4447 810 4503; x_wconf 78' lang='lat' dir='ltr'><strong>Domino</strong></span> <span class='ocrx_word' id='word_1_678' title='bbox 849 4465 861 4500; x_wconf 88' lang='lat'>:</span> <span class='ocrx_word' id='word_1_679' title='bbox 899 4453 953 4501; x_wconf 91' lang='lat' dir='ltr'>et</span> <span class='ocrx_word' id='word_1_680' title='bbox 983 4446 1125 4513; x_wconf 93' lang='lat' dir='ltr'><strong>quod</strong></span> <span class='ocrx_word' id='word_1_681' title='bbox 1161 4446 1421 4514; x_wconf 87' lang='lat' dir='ltr'><strong>placitum</strong></span> <span class='ocrx_word' id='word_1_682' title='bbox 1447 4452 1531 4498; x_wconf 91' lang='lat' dir='ltr'><strong>est</strong></span> <span class='ocrx_word' id='word_1_683' title='bbox 1572 4443 1627 4497; x_wconf 92' lang='lat' dir='ltr'>in</span> <span class='ocrx_word' id='word_1_684' title='bbox 1659 4453 1956 4513; x_wconf 90' lang='lat' dir='ltr'><strong>conspectu</strong></span> <span class='ocrx_word' id='word_1_685' title='bbox 1995 4443 2137 4513; x_wconf 84' lang='lat' dir='ltr'><strong>ejus,</strong></span> 
     </span>
    </p>
   </div>
   <div class='ocr_carea' id='block_1_89' title="bbox 2242 4443 3816 4542">
    <p class='ocr_par' dir='ltr' id='par_1_89' title="bbox 2244 4443 3816 4542">
     <span class='ocr_line' id='line_1_90' title="bbox 2244 4443 3816 4542; baseline 0.001 -21"><span class='ocrx_word' id='word_1_686' title='bbox 2244 4443 2470 4532; x_wconf 66' lang='grc' dir='ltr'>εύωδίας</span> <span class='ocrx_word' id='word_1_687' title='bbox 2495 4443 2593 4540; x_wconf 69' lang='grc' dir='ltr'>⁹τῶ</span> <span class='ocrx_word' id='word_1_688' title='bbox 2632 4443 2822 4542; x_wconf 82' lang='grc' dir='ltr'>Κυρίῳ</span> <span class='ocrx_word' id='word_1_689' title='bbox 2843 4443 2868 4536; x_wconf 34' lang='grc'>,⁷</span> <span class='ocrx_word' id='word_1_690' title='bbox 2904 4443 3001 4523; x_wconf 65' lang='grc' dir='ltr'>καί</span> <span class='ocrx_word' id='word_1_691' title='bbox 3030 4469 3089 4522; x_wconf 78' lang='grc' dir='ltr'>τὸ</span> <span class='ocrx_word' id='word_1_692' title='bbox 3124 4443 3351 4539; x_wconf 59' lang='grc' dir='ltr'>ἀρεστόν</span> <span class='ocrx_word' id='word_1_693' title='bbox 3383 4467 3613 4521; x_wconf 85' lang='grc' dir='ltr'>ἐνώπιον</span> <span class='ocrx_word' id='word_1_694' title='bbox 3647 4443 3816 4522; x_wconf 73' lang='grc' dir='ltr'>αύτόῦ</span> 
     </span>
    </p>
   </div>
   <div class='ocr_carea' id='block_1_90' title="bbox 575 4537 2139 4609">
    <p class='ocr_par' dir='ltr' id='par_1_90' title="bbox 575 4537 2139 4609">
     <span class='ocr_line' id='line_1_91' title="bbox 575 4537 2139 4609; baseline -0.003 -14"><span class='ocrx_word' id='word_1_695' title='bbox 575 4541 770 4595; x_wconf 88' lang='lat' dir='ltr'><strong>faciam</strong></span> <span class='ocrx_word' id='word_1_696' title='bbox 797 4553 918 4609; x_wconf 84' lang='lat' dir='ltr'><strong>ego,</strong></span> <span class='ocrx_word' id='word_1_697' title='bbox 953 4547 1006 4591; x_wconf 91' lang='lat' dir='ltr'><strong>et</strong></span> <span class='ocrx_word' id='word_1_698' title='bbox 1029 4537 1260 4606; x_wconf 88' lang='lat' dir='ltr'><strong>populus</strong></span> <span class='ocrx_word' id='word_1_699' title='bbox 1283 4550 1459 4595; x_wconf 88' lang='lat' dir='ltr'><strong>meus,</strong></span> <span class='ocrx_word' id='word_1_700' title='bbox 1485 4551 1616 4604; x_wconf 89' lang='lat' dir='ltr'><strong>gens</strong></span> <span class='ocrx_word' id='word_1_701' title='bbox 1644 4550 1784 4598; x_wconf 88' lang='lat' dir='ltr'><strong>mea,</strong></span> <span class='ocrx_word' id='word_1_702' title='bbox 1816 4543 1869 4590; x_wconf 87' lang='lat' dir='ltr'>et</span> <span class='ocrx_word' id='word_1_703' title='bbox 1891 4537 2139 4604; x_wconf 85' lang='lat' dir='ltr'><strong>regiones</strong></span> 
     </span>
    </p>
   </div>
   <div class='ocr_carea' id='block_1_91' title="bbox 576 4625 2140 4698">
    <p class='ocr_par' dir='ltr' id='par_1_91' title="bbox 576 4625 2140 4698">
     <span class='ocr_line' id='line_1_92' title="bbox 576 4625 2140 4698; baseline -0.002 -14"><span class='ocrx_word' id='word_1_704' title='bbox 576 4646 729 4694; x_wconf 59' lang='lat' dir='ltr'><strong>mete,</strong></span> <span class='ocrx_word' id='word_1_705' title='bbox 779 4642 900 4698; x_wconf 78' lang='lat' dir='ltr'><strong>qua:</strong></span> <span class='ocrx_word' id='word_1_706' title='bbox 938 4628 1150 4681; x_wconf 86' lang='lat' dir='ltr'><strong>suntin</strong></span> <span class='ocrx_word' id='word_1_707' title='bbox 1185 4634 1454 4695; x_wconf 87' lang='lat' dir='ltr'><strong>potestate</strong></span> <span class='ocrx_word' id='word_1_708' title='bbox 1491 4641 1631 4681; x_wconf 84' lang='lat' dir='ltr'><strong>mea.</strong></span> <span class='ocrx_word' id='word_1_709' title='bbox 1691 4625 1756 4679; x_wconf 86' lang='lat' dir='ltr'>Et</span> <span class='ocrx_word' id='word_1_710' title='bbox 1807 4627 2140 4696; x_wconf 82' lang='lat' dir='ltr'><strong>quicumque</strong></span> 
     </span>
    </p>
   </div>
   <div class='ocr_carea' id='block_1_92' title="bbox 575 4717 2138 4792">
    <p class='ocr_par' dir='ltr' id='par_1_92' title="bbox 575 4717 2138 4792">
     <span class='ocr_line' id='line_1_93' title="bbox 575 4717 2138 4792; baseline -0.002 -16"><span class='ocrx_word' id='word_1_711' title='bbox 575 4721 786 4792; x_wconf 85' lang='lat' dir='ltr'><strong>loquuti</strong></span> <span class='ocrx_word' id='word_1_712' title='bbox 837 4718 1038 4773; x_wconf 86' lang='lat' dir='ltr'><strong>fuerint</strong></span> <span class='ocrx_word' id='word_1_713' title='bbox 1077 4729 1267 4772; x_wconf 79' lang='lat' dir='ltr'><strong>contra</strong></span> <span class='ocrx_word' id='word_1_714' title='bbox 1311 4717 1480 4771; x_wconf 82' lang='lat' dir='ltr'><strong>Deum</strong></span> <span class='ocrx_word' id='word_1_715' title='bbox 1528 4717 1678 4782; x_wconf 69' lang='grc' dir='ltr'>εαξη,</span> <span class='ocrx_word' id='word_1_716' title='bbox 1712 4727 1768 4771; x_wconf 91' lang='lat' dir='ltr'><strong>et</strong></span> <span class='ocrx_word' id='word_1_717' title='bbox 1807 4719 2138 4788; x_wconf 88' lang='lat' dir='ltr'><strong>quicumque</strong></span> 
     </span>
    </p>
   </div>
   <div class='ocr_carea' id='block_1_93' title="bbox 570 4809 2140 4884">
    <p class='ocr_par' dir='ltr' id='par_1_93' title="bbox 570 4809 2140 4884">
     <span class='ocr_line' id='line_1_94' title="bbox 570 4809 2140 4884; baseline -0.001 -15"><span class='ocrx_word' id='word_1_718' title='bbox 570 4812 899 4884; x_wconf 84' lang='lat' dir='ltr'><strong>deprehensi</strong></span> <span class='ocrx_word' id='word_1_719' title='bbox 947 4809 1151 4866; x_wconf 85' lang='lat' dir='ltr'><strong>fuerint</strong></span> <span class='ocrx_word' id='word_1_720' title='bbox 1195 4809 1482 4880; x_wconf 86' lang='lat' dir='ltr'><strong>loquentes</strong></span> <span class='ocrx_word' id='word_1_721' title='bbox 1534 4809 1760 4879; x_wconf 89' lang='lat' dir='ltr'><strong>aliquid,</strong></span> <span class='ocrx_word' id='word_1_722' title='bbox 1817 4810 1918 4866; x_wconf 90' lang='lat' dir='ltr'>bos</span> <span class='ocrx_word' id='word_1_723' title='bbox 1964 4819 2140 4867; x_wconf 89' lang='lat' dir='ltr'><strong>morte</strong></span> 
     </span>
    </p>
   </div>
   <div class='ocr_carea' id='block_1_94' title="bbox 573 4905 867 4959">
    <p class='ocr_par' dir='ltr' id='par_1_94' title="bbox 573 4905 867 4959">
     <span class='ocr_line' id='line_1_95' title="bbox 573 4905 867 4959; baseline -0.01 0"><span class='ocrx_word' id='word_1_724' title='bbox 573 4905 867 4959; x_wconf 89' lang='lat' dir='ltr'><strong>damuabo.</strong></span> 
     </span>
    </p>
   </div>
   <div class='ocr_carea' id='block_1_95' title="bbox 646 4992 2136 5066">
    <p class='ocr_par' dir='ltr' id='par_1_95' title="bbox 646 4992 2136 5066">
     <span class='ocr_line' id='line_1_96' title="bbox 646 4992 2136 5066; baseline -0.002 -15"><span class='ocrx_word' id='word_1_725' title='bbox 646 4997 876 5066; x_wconf 85' lang='lat' dir='ltr'><strong>Scripsit</strong></span> <span class='ocrx_word' id='word_1_726' title='bbox 915 5003 1094 5050; x_wconf 90' lang='lat' dir='ltr'><strong>autem</strong></span> <span class='ocrx_word' id='word_1_727' title='bbox 1144 5008 1238 5050; x_wconf 78' lang='lat' dir='ltr'>rex</span> <span class='ocrx_word' id='word_1_728' title='bbox 1298 4992 1800 5050; x_wconf 84' lang='lat' dir='ltr'><strong>Nabuchodonosor</strong></span> <span class='ocrx_word' id='word_1_729' title='bbox 1851 4994 2136 5065; x_wconf 80' lang='lat' dir='ltr'><strong>epistolam</strong></span> 
     </span>
    </p>
   </div>
   <div class='ocr_carea' id='block_1_96' title="bbox 570 5087 2137 5158">
    <p class='ocr_par' dir='ltr' id='par_1_96' title="bbox 570 5087 2137 5158">
     <span class='ocr_line' id='line_1_97' title="bbox 570 5087 2137 5158; baseline -0.003 -11"><span class='ocrx_word' id='word_1_730' title='bbox 570 5089 895 5147; x_wconf 88' lang='lat' dir='ltr'><strong>circularem</strong></span> <span class='ocrx_word' id='word_1_731' title='bbox 929 5088 1185 5143; x_wconf 87' lang='lat' dir='ltr'><strong>omnibus</strong></span> <span class='ocrx_word' id='word_1_732' title='bbox 1215 5102 1310 5157; x_wconf 87' lang='lat' dir='ltr'><strong>per</strong></span> <span class='ocrx_word' id='word_1_733' title='bbox 1349 5087 1529 5142; x_wconf 90' lang='lat' dir='ltr'><strong>locum</strong></span> <span class='ocrx_word' id='word_1_734' title='bbox 1562 5087 1835 5158; x_wconf 88' lang='lat' dir='ltr'><strong>gentibus,</strong></span> <span class='ocrx_word' id='word_1_735' title='bbox 1867 5097 1920 5142; x_wconf 90' lang='lat' dir='ltr'><strong>et</strong></span> <span class='ocrx_word' id='word_1_736' title='bbox 1957 5089 2137 5158; x_wconf 88' lang='lat' dir='ltr'><strong>regio-</strong></span> 
     </span>
    </p>
   </div>
   <div class='ocr_carea' id='block_1_97' title="bbox 571 5176 2136 5248">
    <p class='ocr_par' dir='ltr' id='par_1_97' title="bbox 571 5176 2136 5248">
     <span class='ocr_line' id='line_1_98' title="bbox 571 5176 2136 5248; baseline 0.001 -15"><span class='ocrx_word' id='word_1_737' title='bbox 571 5179 756 5241; x_wconf 78' lang='lat' dir='ltr'><strong>nibus,</strong></span> <span class='ocrx_word' id='word_1_738' title='bbox 800 5186 853 5232; x_wconf 90' lang='lat' dir='ltr'><strong>et</strong></span> <span class='ocrx_word' id='word_1_739' title='bbox 889 5176 1088 5248; x_wconf 75' lang='lat' dir='ltr'><strong>linguis</strong></span> <span class='ocrx_word' id='word_1_740' title='bbox 1124 5178 1380 5234; x_wconf 91' lang='lat' dir='ltr'><strong>omnibus</strong></span> <span class='ocrx_word' id='word_1_741' title='bbox 1441 5177 1812 5233; x_wconf 87' lang='lat' dir='ltr'><strong>habitantibus</strong></span> <span class='ocrx_word' id='word_1_742' title='bbox 1842 5179 1895 5233; x_wconf 93' lang='lat' dir='ltr'><strong>in</strong></span> <span class='ocrx_word' id='word_1_743' title='bbox 1925 5182 2136 5236; x_wconf 89' lang='lat' dir='ltr'><strong>cunctis</strong></span> 
     </span>
    </p>
   </div>
   <div class='ocr_carea' id='block_1_98' title="bbox 572 5269 1955 5339">
    <p class='ocr_par' dir='ltr' id='par_1_98' title="bbox 572 5269 1955 5339">
     <span class='ocr_line' id='line_1_99' title="bbox 572 5269 1955 5339; baseline 0 -15"><span class='ocrx_word' id='word_1_744' title='bbox 572 5269 906 5339; x_wconf 81' lang='lat' dir='ltr'><strong>regionibus,</strong></span> <span class='ocrx_word' id='word_1_745' title='bbox 937 5269 1378 5339; x_wconf 80' lang='lat' dir='ltr'><strong>generationibus</strong></span> <span class='ocrx_word' id='word_1_746' title='bbox 1407 5277 1460 5323; x_wconf 86' lang='lat' dir='ltr'>et</span> <span class='ocrx_word' id='word_1_747' title='bbox 1491 5270 1955 5339; x_wconf 84' lang='lat' dir='ltr'><strong>generationibus.</strong></span> 
     </span>
    </p>
   </div>
   <div class='ocr_carea' id='block_1_99' title="bbox 644 5358 2139 5422">
    <p class='ocr_par' dir='ltr' id='par_1_99' title="bbox 644 5358 2139 5422">
     <span class='ocr_line' id='line_1_100' title="bbox 644 5358 2139 5422; baseline 0.003 -10"><span class='ocrx_word' id='word_1_748' title='bbox 644 5359 936 5414; x_wconf 91' lang='lat' dir='ltr'><strong>Dominum</strong></span> <span class='ocrx_word' id='word_1_749' title='bbox 979 5358 1144 5414; x_wconf 91' lang='lat' dir='ltr'><strong>Deum</strong></span> <span class='ocrx_word' id='word_1_750' title='bbox 1180 5360 1302 5415; x_wconf 74' lang='lat' dir='ltr'><strong>cteli</strong></span> <span class='ocrx_word' id='word_1_751' title='bbox 1344 5361 1579 5422; x_wconf 85' lang='lat' dir='ltr'><strong>laudate,</strong></span> <span class='ocrx_word' id='word_1_752' title='bbox 1630 5369 1683 5414; x_wconf 90' lang='lat' dir='ltr'><strong>et</strong></span> <span class='ocrx_word' id='word_1_753' title='bbox 1719 5361 2047 5417; x_wconf 78' lang='lat' dir='ltr'><strong>sacrificium</strong></span> <span class='ocrx_word' id='word_1_754' title='bbox 2085 5371 2139 5416; x_wconf 89' lang='lat' dir='ltr'><strong>et</strong></span> 
     </span>
    </p>
   </div>
   <div class='ocr_carea' id='block_1_100' title="bbox 571 5449 1476 5522">
    <p class='ocr_par' dir='ltr' id='par_1_100' title="bbox 571 5449 1476 5522">
     <span class='ocr_line' id='line_1_101' title="bbox 571 5449 1476 5522; baseline 0.002 -20"><span class='ocrx_word' id='word_1_755' title='bbox 571 5449 899 5504; x_wconf 82' lang='lat' dir='ltr'><strong>oblationem</strong></span> <span class='ocrx_word' id='word_1_756' title='bbox 934 5450 1123 5504; x_wconf 75' lang='lat' dir='ltr'><strong>oﬂerte</strong></span> <span class='ocrx_word' id='word_1_757' title='bbox 1157 5451 1204 5504; x_wconf 91' lang='lat' dir='ltr'>ei</span> <span class='ocrx_word' id='word_1_758' title='bbox 1225 5452 1476 5522; x_wconf 88' lang='lat' dir='ltr'><strong>gloriose.</strong></span> 
     </span>
    </p>
   </div>
   <div class='ocr_carea' id='block_1_101' title="bbox 645 5539 2138 5613">
    <p class='ocr_par' dir='ltr' id='par_1_101' title="bbox 645 5539 2138 5613">
     <span class='ocr_line' id='line_1_102' title="bbox 645 5539 2138 5613; baseline 0.005 -22"><span class='ocrx_word' id='word_1_759' title='bbox 645 5539 756 5607; x_wconf 75' lang='lat' dir='ltr'><strong>Ego</strong></span> <span class='ocrx_word' id='word_1_760' title='bbox 806 5553 899 5593; x_wconf 80' lang='lat' dir='ltr'>rex</span> <span class='ocrx_word' id='word_1_761' title='bbox 929 5554 1118 5609; x_wconf 87' lang='lat' dir='ltr'><strong>regum</strong></span> <span class='ocrx_word' id='word_1_762' title='bbox 1151 5544 1414 5596; x_wconf 84' lang='lat' dir='ltr'><strong>confiteor</strong></span> <span class='ocrx_word' id='word_1_763' title='bbox 1459 5542 1505 5596; x_wconf 89' lang='lat' dir='ltr'><strong>ei</strong></span> <span class='ocrx_word' id='word_1_764' title='bbox 1541 5541 1846 5613; x_wconf 83' lang='lat' dir='ltr'><strong>magniﬁce,</strong></span> <span class='ocrx_word' id='word_1_765' title='bbox 1879 5545 2005 5613; x_wconf 88' lang='lat' dir='ltr'><strong>quia</strong></span> <span class='ocrx_word' id='word_1_766' title='bbox 2059 5544 2138 5599; x_wconf 84' lang='lat' dir='ltr'>sic</span> 
     </span>
    </p>
   </div>
   <div class='ocr_carea' id='block_1_102' title="bbox 573 5627 952 5684">
    <p class='ocr_par' dir='ltr' id='par_1_102' title="bbox 573 5627 952 5684">
     <span class='ocr_line' id='line_1_103' title="bbox 573 5627 952 5684; baseline 0.011 -4"><span class='ocrx_word' id='word_1_767' title='bbox 573 5627 699 5683; x_wconf 84' lang='lat' dir='ltr'><strong>fecit</strong></span> <span class='ocrx_word' id='word_1_768' title='bbox 719 5641 952 5684; x_wconf 91' lang='lat' dir='ltr'><strong>mecum.</strong></span> 
     </span>
    </p>
   </div>
   <div class='ocr_carea' id='block_1_103' title="bbox 647 5717 2134 5790">
    <p class='ocr_par' dir='ltr' id='par_1_103' title="bbox 647 5717 2134 5790">
     <span class='ocr_line' id='line_1_104' title="bbox 647 5717 2134 5790; baseline 0.007 -22"><span class='ocrx_word' id='word_1_769' title='bbox 647 5717 703 5769; x_wconf 91' lang='lat' dir='ltr'>lu</span> <span class='ocrx_word' id='word_1_770' title='bbox 743 5720 858 5786; x_wconf 86' lang='lat' dir='ltr'><strong>ipsa</strong></span> <span class='ocrx_word' id='word_1_771' title='bbox 896 5718 985 5772; x_wconf 89' lang='lat' dir='ltr'><strong>die</strong></span> <span class='ocrx_word' id='word_1_772' title='bbox 1017 5717 1303 5772; x_wconf 69' lang='lat' dir='ltr'><strong>collocarit</strong></span> <span class='ocrx_word' id='word_1_773' title='bbox 1334 5737 1416 5777; x_wconf 89' lang='lat' dir='ltr'><strong>me</strong></span> <span class='ocrx_word' id='word_1_774' title='bbox 1441 5739 1605 5790; x_wconf 85' lang='lat' dir='ltr'><strong>supra</strong></span> <span class='ocrx_word' id='word_1_775' title='bbox 1631 5725 1886 5778; x_wconf 86' lang='lat' dir='ltr'><strong>thronum</strong></span> <span class='ocrx_word' id='word_1_776' title='bbox 1933 5740 2134 5787; x_wconf 91' lang='lat' dir='ltr'><strong>meum,</strong></span> 
     </span>
    </p>
   </div>
   <div class='ocr_carea' id='block_1_104' title="bbox 2249 4557 3818 4632">
    <p class='ocr_par' dir='ltr' id='par_1_104' title="bbox 2249 4557 3818 4632">
     <span class='ocr_line' id='line_1_105' title="bbox 2249 4557 3818 4632; baseline -0.001 -18"><span class='ocrx_word' id='word_1_777' title='bbox 2249 4557 2459 4619; x_wconf 77' lang='grc' dir='ltr'>ποιήσω</span> <span class='ocrx_word' id='word_1_778' title='bbox 2492 4560 2623 4630; x_wconf 81' lang='grc' dir='ltr'>ἐγὼ,</span> <span class='ocrx_word' id='word_1_779' title='bbox 2670 4562 2764 4614; x_wconf 79' lang='grc' dir='ltr'>καὶ</span> <span class='ocrx_word' id='word_1_780' title='bbox 2812 4563 2839 4614; x_wconf 84' lang='grc' dir='ltr'><strong>ὁ</strong></span> <span class='ocrx_word' id='word_1_781' title='bbox 2867 4561 2996 4625; x_wconf 83' lang='grc' dir='ltr'>λαός</span> <span class='ocrx_word' id='word_1_782' title='bbox 3042 4579 3163 4632; x_wconf 86' lang='grc' dir='ltr'>μου,</span> <span class='ocrx_word' id='word_1_783' title='bbox 3207 4561 3267 4615; x_wconf 79' lang='grc' dir='ltr'>τὸ</span> <span class='ocrx_word' id='word_1_784' title='bbox 3297 4560 3446 4624; x_wconf 79' lang='grc' dir='ltr'>ἔθνος</span> <span class='ocrx_word' id='word_1_785' title='bbox 3479 4578 3601 4632; x_wconf 86' lang='grc' dir='ltr'>μου,</span> <span class='ocrx_word' id='word_1_786' title='bbox 3633 4561 3729 4614; x_wconf 74' lang='grc' dir='ltr'>καὶ</span> <span class='ocrx_word' id='word_1_787' title='bbox 3757 4560 3818 4613; x_wconf 88' lang='grc' dir='ltr'>αί</span> 
     </span>
    </p>
   </div>
   <div class='ocr_carea' id='block_1_105' title="bbox 2246 4651 3818 4724">
    <p class='ocr_par' dir='ltr' id='par_1_105' title="bbox 2246 4651 3818 4724">
     <span class='ocr_line' id='line_1_106' title="bbox 2246 4651 3818 4724; baseline 0 -19"><span class='ocrx_word' id='word_1_788' title='bbox 2246 4653 2421 4724; x_wconf 83' lang='grc' dir='ltr'>χῶραί</span> <span class='ocrx_word' id='word_1_789' title='bbox 2447 4655 2581 4722; x_wconf 75' lang='grc' dir='ltr'>μου,</span> <span class='ocrx_word' id='word_1_790' title='bbox 2611 4653 2667 4706; x_wconf 90' lang='grc' dir='ltr'>αί</span> <span class='ocrx_word' id='word_1_791' title='bbox 2694 4655 2751 4706; x_wconf 83' lang='grc' dir='ltr'>ἐν</span> <span class='ocrx_word' id='word_1_792' title='bbox 2775 4655 2842 4724; x_wconf 77' lang='grc' dir='ltr'>τῇ</span> <span class='ocrx_word' id='word_1_793' title='bbox 2874 4651 3090 4723; x_wconf 75' lang='grc' dir='ltr'>ἐξουσίᾳ</span> <span class='ocrx_word' id='word_1_794' title='bbox 3127 4671 3249 4723; x_wconf 87' lang='grc' dir='ltr'>μου.</span> <span class='ocrx_word' id='word_1_795' title='bbox 3276 4654 3385 4706; x_wconf 83' lang='grc' dir='ltr'>Καὶ</span> <span class='ocrx_word' id='word_1_796' title='bbox 3407 4654 3518 4706; x_wconf 81' lang='grc' dir='ltr'>ὅσοι</span> <span class='ocrx_word' id='word_1_797' title='bbox 3547 4652 3818 4723; x_wconf 79' lang='grc' dir='ltr'>ἐλάλησαν</span> 
     </span>
    </p>
   </div>
   <div class='ocr_carea' id='block_1_106' title="bbox 2245 4743 3821 4818">
    <p class='ocr_par' dir='ltr' id='par_1_106' title="bbox 2245 4743 3821 4818">
     <span class='ocr_line' id='line_1_107' title="bbox 2245 4743 3821 4818; baseline 0.002 -22"><span class='ocrx_word' id='word_1_798' title='bbox 2245 4747 2323 4808; x_wconf 86' lang='grc' dir='ltr'>είς</span> <span class='ocrx_word' id='word_1_799' title='bbox 2350 4744 2442 4797; x_wconf 75' lang='grc' dir='ltr'>τὸν</span> <span class='ocrx_word' id='word_1_800' title='bbox 2470 4745 2601 4798; x_wconf 70' lang='grc' dir='ltr'>Θεὸν</span> <span class='ocrx_word' id='word_1_801' title='bbox 2643 4745 2735 4798; x_wconf 83' lang='grc' dir='ltr'>τοῦ</span> <span class='ocrx_word' id='word_1_802' title='bbox 2767 4745 3020 4816; x_wconf 79' lang='grc' dir='ltr'>οὐρανοῦ,</span> <span class='ocrx_word' id='word_1_803' title='bbox 3055 4745 3150 4799; x_wconf 72' lang='grc' dir='ltr'>καὶ</span> <span class='ocrx_word' id='word_1_804' title='bbox 3173 4746 3285 4798; x_wconf 83' lang='grc' dir='ltr'>ὅσοι</span> <span class='ocrx_word' id='word_1_805' title='bbox 3333 4743 3399 4798; x_wconf 78' lang='grc' dir='ltr'>ἂν</span> <span class='ocrx_word' id='word_1_806' title='bbox 3429 4745 3821 4818; x_wconf 79' lang='grc' dir='ltr'>καταληφθῶσι</span> 
     </span>
    </p>
   </div>
   <div class='ocr_carea' id='block_1_107' title="bbox 2244 4836 3479 4909">
    <p class='ocr_par' dir='ltr' id='par_1_107' title="bbox 2244 4836 3479 4909">
     <span class='ocr_line' id='line_1_108' title="bbox 2244 4836 3479 4909; baseline 0.002 -19"><span class='ocrx_word' id='word_1_807' title='bbox 2244 4836 2527 4901; x_wconf 74' lang='grc' dir='ltr'>λαλοῦντες</span> <span class='ocrx_word' id='word_1_808' title='bbox 2560 4854 2634 4904; x_wconf 90' lang='grc' dir='ltr'>τι,</span> <span class='ocrx_word' id='word_1_809' title='bbox 2659 4837 2878 4902; x_wconf 83' lang='grc' dir='ltr'>τούτους</span> <span class='ocrx_word' id='word_1_810' title='bbox 2905 4837 3218 4909; x_wconf 90' lang='grc' dir='ltr'>κατακρινῶ</span> <span class='ocrx_word' id='word_1_811' title='bbox 3245 4837 3479 4908; x_wconf 85' lang='grc' dir='ltr'>θανάτῳ.</span> 
     </span>
    </p>
   </div>
   <div class='ocr_carea' id='block_1_108' title="bbox 2319 4993 3818 5068">
    <p class='ocr_par' dir='ltr' id='par_1_108' title="bbox 2319 4993 3818 5068">
     <span class='ocr_line' id='line_1_109' title="bbox 2319 4993 3818 5068; baseline 0.002 -22"><span class='ocrx_word' id='word_1_812' title='bbox 2319 4993 2565 5064; x_wconf 68' lang='grc' dir='ltr'>Ἔγραψε</span> <span class='ocrx_word' id='word_1_813' title='bbox 2597 4994 2653 5046; x_wconf 79' lang='grc' dir='ltr'>δὲ</span> <span class='ocrx_word' id='word_1_814' title='bbox 2674 4996 2702 5049; x_wconf 86' lang='grc' dir='ltr'>ό</span> <span class='ocrx_word' id='word_1_815' title='bbox 2735 4993 2985 5064; x_wconf 80' lang='grc' dir='ltr'>βασιλεὺς</span> <span class='ocrx_word' id='word_1_816' title='bbox 3021 4993 3490 5066; x_wconf 78' lang='grc' dir='ltr'>Ναϐουχοδονόσορ</span> <span class='ocrx_word' id='word_1_817' title='bbox 3526 4996 3818 5068; x_wconf 79' lang='grc' dir='ltr'>ἐπιστολὴν</span> 
     </span>
    </p>
   </div>
   <div class='ocr_carea' id='block_1_109' title="bbox 2246 5086 3812 5159">
    <p class='ocr_par' dir='ltr' id='par_1_109' title="bbox 2246 5086 3812 5159">
     <span class='ocr_line' id='line_1_110' title="bbox 2246 5086 3812 5159; baseline 0 -18"><span class='ocrx_word' id='word_1_818' title='bbox 2246 5087 2533 5156; x_wconf 79' lang='grc' dir='ltr'>ἐγκύκλιον</span> <span class='ocrx_word' id='word_1_819' title='bbox 2559 5088 2690 5141; x_wconf 76' lang='grc' dir='ltr'>πᾶσι</span> <span class='ocrx_word' id='word_1_820' title='bbox 2710 5089 2824 5150; x_wconf 81' lang='grc' dir='ltr'>τοῖς</span> <span class='ocrx_word' id='word_1_821' title='bbox 2848 5087 2989 5141; x_wconf 82' lang='grc' dir='ltr'>κατὰ</span> <span class='ocrx_word' id='word_1_822' title='bbox 3013 5088 3178 5141; x_wconf 86' lang='grc' dir='ltr'>τόπον</span> <span class='ocrx_word' id='word_1_823' title='bbox 3215 5086 3392 5140; x_wconf 68' lang='grc' dir='ltr'>ἔθνεσι</span> <span class='ocrx_word' id='word_1_824' title='bbox 3416 5129 3430 5152; x_wconf 90' lang='grc'>,</span> <span class='ocrx_word' id='word_1_825' title='bbox 3459 5088 3552 5141; x_wconf 75' lang='grc' dir='ltr'>καὶ</span> <span class='ocrx_word' id='word_1_826' title='bbox 3581 5088 3812 5159; x_wconf 83' lang='grc' dir='ltr'>χώραις,</span> 
     </span>
    </p>
   </div>
   <div class='ocr_carea' id='block_1_110' title="bbox 2246 5177 3817 5248">
    <p class='ocr_par' dir='ltr' id='par_1_110' title="bbox 2246 5177 3817 5248">
     <span class='ocr_line' id='line_1_111' title="bbox 2246 5177 3817 5248; baseline 0.001 -16"><span class='ocrx_word' id='word_1_827' title='bbox 2246 5180 2340 5232; x_wconf 76' lang='grc' dir='ltr'>καὶ</span> <span class='ocrx_word' id='word_1_828' title='bbox 2371 5179 2642 5248; x_wconf 86' lang='grc' dir='ltr'>γλώσσαις</span> <span class='ocrx_word' id='word_1_829' title='bbox 2679 5179 2881 5242; x_wconf 84' lang='grc' dir='ltr'>πάσαις</span> <span class='ocrx_word' id='word_1_830' title='bbox 2899 5181 3020 5242; x_wconf 86' lang='grc' dir='ltr'>ταῖς</span> <span class='ocrx_word' id='word_1_831' title='bbox 3049 5177 3324 5242; x_wconf 86' lang='grc' dir='ltr'>οίκούσαις</span> <span class='ocrx_word' id='word_1_832' title='bbox 3365 5180 3425 5234; x_wconf 80' lang='grc' dir='ltr'>ἐν</span> <span class='ocrx_word' id='word_1_833' title='bbox 3465 5179 3666 5244; x_wconf 85' lang='grc' dir='ltr'>πάσαις</span> <span class='ocrx_word' id='word_1_834' title='bbox 3694 5184 3817 5247; x_wconf 75' lang='grc' dir='ltr'>ταῖς</span> 
     </span>
    </p>
   </div>
   <div class='ocr_carea' id='block_1_111' title="bbox 2245 5270 3098 5343">
    <p class='ocr_par' dir='ltr' id='par_1_111' title="bbox 2245 5270 3098 5343">
     <span class='ocr_line' id='line_1_112' title="bbox 2245 5270 3098 5343; baseline -0.006 -15"><span class='ocrx_word' id='word_1_835' title='bbox 2245 5270 2473 5343; x_wconf 78' lang='grc' dir='ltr'>χώραις,</span> <span class='ocrx_word' id='word_1_836' title='bbox 2496 5274 2711 5340; x_wconf 84' lang='grc' dir='ltr'>γενεαῖς</span> <span class='ocrx_word' id='word_1_837' title='bbox 2734 5271 2828 5324; x_wconf 77' lang='grc' dir='ltr'>καὶ</span> <span class='ocrx_word' id='word_1_838' title='bbox 2865 5273 3098 5340; x_wconf 81' lang='grc' dir='ltr'>γενεαῖς.</span> 
     </span>
    </p>
   </div>
   <div class='ocr_carea' id='block_1_112' title="bbox 2313 5360 3816 5434">
    <p class='ocr_par' dir='ltr' id='par_1_112' title="bbox 2313 5360 3816 5434">
     <span class='ocr_line' id='line_1_113' title="bbox 2313 5360 3816 5434; baseline 0 -17"><span class='ocrx_word' id='word_1_839' title='bbox 2313 5364 2503 5434; x_wconf 82' lang='grc' dir='ltr'>Κυρίῳ</span> <span class='ocrx_word' id='word_1_840' title='bbox 2551 5361 2630 5432; x_wconf 82' lang='grc' dir='ltr'>τῷ</span> <span class='ocrx_word' id='word_1_841' title='bbox 2656 5361 2775 5432; x_wconf 89' lang='grc' dir='ltr'>Θεῷ</span> <span class='ocrx_word' id='word_1_842' title='bbox 2811 5361 2905 5415; x_wconf 82' lang='grc' dir='ltr'>τοῦ</span> <span class='ocrx_word' id='word_1_843' title='bbox 2944 5360 3179 5432; x_wconf 84' lang='grc' dir='ltr'>οὐρανοῦ</span> <span class='ocrx_word' id='word_1_844' title='bbox 3219 5362 3440 5428; x_wconf 83' lang='grc' dir='ltr'>αίνεττε,</span> <span class='ocrx_word' id='word_1_845' title='bbox 3497 5363 3590 5416; x_wconf 80' lang='grc' dir='ltr'>καὶ</span> <span class='ocrx_word' id='word_1_846' title='bbox 3620 5363 3816 5418; x_wconf 85' lang='grc' dir='ltr'>θυσίαν</span> 
     </span>
    </p>
   </div>
   <div class='ocr_carea' id='block_1_113' title="bbox 2245 5452 3479 5526">
    <p class='ocr_par' dir='ltr' id='par_1_113' title="bbox 2245 5452 3479 5526">
     <span class='ocr_line' id='line_1_114' title="bbox 2245 5452 3479 5526; baseline 0.001 -18"><span class='ocrx_word' id='word_1_847' title='bbox 2245 5456 2340 5508; x_wconf 78' lang='grc' dir='ltr'>καὶ</span> <span class='ocrx_word' id='word_1_848' title='bbox 2366 5455 2680 5526; x_wconf 76' lang='grc' dir='ltr'>προσφοράν</span> <span class='ocrx_word' id='word_1_849' title='bbox 2699 5452 3034 5525; x_wconf 82' lang='grc' dir='ltr'>προσφέρετε</span> <span class='ocrx_word' id='word_1_850' title='bbox 3061 5453 3210 5524; x_wconf 81' lang='grc' dir='ltr'>αὐτῷ</span> <span class='ocrx_word' id='word_1_851' title='bbox 3237 5454 3479 5519; x_wconf 79' lang='grc' dir='ltr'>ἐνδόξως.</span> 
     </span>
    </p>
   </div>
   <div class='ocr_carea' id='block_1_114' title="bbox 2327 5544 3813 5618">
    <p class='ocr_par' dir='ltr' id='par_1_114' title="bbox 2327 5544 3813 5618">
     <span class='ocr_line' id='line_1_115' title="bbox 2327 5544 3813 5618; baseline 0 -18"><span class='ocrx_word' id='word_1_852' title='bbox 2327 5547 2468 5615; x_wconf 84' lang='grc' dir='ltr'>Ἐγὼ</span> <span class='ocrx_word' id='word_1_853' title='bbox 2493 5547 2742 5616; x_wconf 81' lang='grc' dir='ltr'>βασιλεὺς</span> <span class='ocrx_word' id='word_1_854' title='bbox 2775 5545 3037 5615; x_wconf 74' lang='grc' dir='ltr'>βασιλέων</span> <span class='ocrx_word' id='word_1_855' title='bbox 3061 5544 3524 5618; x_wconf 79' lang='grc' dir='ltr'>ἀνθομολογοῢμαι</span> <span class='ocrx_word' id='word_1_856' title='bbox 3546 5545 3695 5618; x_wconf 74' lang='grc' dir='ltr'>αὐτῷ</span> <span class='ocrx_word' id='word_1_857' title='bbox 3721 5547 3813 5600; x_wconf 67' lang='lat' dir='ltr'>tv-</span> 
     </span>
    </p>
   </div>
   <div class='ocr_carea' id='block_1_115' title="bbox 2243 5639 3314 5708">
    <p class='ocr_par' dir='ltr' id='par_1_115' title="bbox 2243 5639 3314 5708">
     <span class='ocr_line' id='line_1_116' title="bbox 2243 5639 3314 5708; baseline 0.001 -16"><span class='ocrx_word' id='word_1_858' title='bbox 2243 5639 2426 5704; x_wconf 76' lang='grc' dir='ltr'>δόξως,</span> <span class='ocrx_word' id='word_1_859' title='bbox 2458 5641 2538 5693; x_wconf 83' lang='grc' dir='ltr'>ὅτι</span> <span class='ocrx_word' id='word_1_860' title='bbox 2567 5640 2738 5702; x_wconf 77' lang='grc' dir='ltr'>οὕτως</span> <span class='ocrx_word' id='word_1_861' title='bbox 2767 5641 2985 5708; x_wconf 82' lang='grc' dir='ltr'>ἐποίησε</span> <span class='ocrx_word' id='word_1_862' title='bbox 3006 5640 3124 5708; x_wconf 83' lang='grc' dir='ltr'>μετ’</span> <span class='ocrx_word' id='word_1_863' title='bbox 3157 5640 3314 5708; x_wconf 77' lang='grc' dir='ltr'>ἐμοῦ.</span> 
     </span>
    </p>
   </div>
   <div class='ocr_carea' id='block_1_116' title="bbox 2328 5730 3809 5802">
    <p class='ocr_par' dir='ltr' id='par_1_116' title="bbox 2328 5730 3809 5802">
     <span class='ocr_line' id='line_1_117' title="bbox 2328 5730 3809 5802; baseline 0.003 -20"><span class='ocrx_word' id='word_1_864' title='bbox 2328 5731 2413 5782; x_wconf 80' lang='grc' dir='ltr'>Ἐν</span> <span class='ocrx_word' id='word_1_865' title='bbox 2444 5731 2578 5800; x_wconf 77' lang='grc' dir='ltr'>αὐτῇ</span> <span class='ocrx_word' id='word_1_866' title='bbox 2620 5732 2686 5799; x_wconf 80' lang='grc' dir='ltr'>τῇ</span> <span class='ocrx_word' id='word_1_867' title='bbox 2740 5731 2926 5802; x_wconf 70' lang='grc' dir='ltr'>ἡμέρᾳ</span> <span class='ocrx_word' id='word_1_868' title='bbox 2971 5731 3188 5785; x_wconf 77' lang='grc' dir='ltr'>ἐκάθισᾶ</span> <span class='ocrx_word' id='word_1_869' title='bbox 3244 5749 3309 5800; x_wconf 81' lang='grc' dir='ltr'>με</span> <span class='ocrx_word' id='word_1_870' title='bbox 3351 5731 3443 5784; x_wconf 77' lang='grc' dir='ltr'>ἐπὶ</span> <span class='ocrx_word' id='word_1_871' title='bbox 3490 5731 3583 5784; x_wconf 78' lang='grc' dir='ltr'>τοῦ</span> <span class='ocrx_word' id='word_1_872' title='bbox 3615 5730 3809 5802; x_wconf 81' lang='grc' dir='ltr'>θρόνου</span> 
     </span>
    </p>
   </div>
  </div>
