4122 6320
321 375 452 434 2801

1543 397 1571 427 ε.
1653 376 1906 433 ΒΔΜΕΙ.
1944 378 2175 436 CAPUT
2215 378 2276 433 ν.

3420 378 3564 435 εδει

322 510 449 564 μου,
480 491 575 546 καὶ
608 490 707 562 τῆς
738 490 986 556 ἐξουσίας
1009 507 1145 562 μου,
1163 489 1258 545 καὶ
1294 490 1395 562 τῆς
1428 489 1706 561 βασιλείας
1749 508 1853 563 μου
1875 508 1888 522 °

2001 501 2049 549 et
2081 500 2400 564 potestatem
2442 505 2642 556 meam,
2673 497 2728 545 et
2753 501 2983 560 regnum
3016 504 3233 557 meum;
3268 489 3324 546 in
3364 494 3564 562 populo

320 584 377 637 ἐν
395 581 471 652 τῷ
489 579 602 651 λαῷ
625 598 728 651 μου
749 582 1048 656 ἐκράτησα,
1078 581 1176 636 καὶ
1198 581 1231 652 ἠ
1257 580 1616 653 μεγαλωσύνη
1640 599 1745 653 μου
1765 584 1896 638 άπο-

318 671 626 743 κατεστάθη
661 689 774 741 μοι.
1681 727 1689 730 ,

386 759 864 833 Ναϐουχοδονόσορ
912 761 1168 832 βασιλεὺς
1207 763 1344 817 πᾶσι
1393 764 1504 828 τοῖς
1547 762 1746 830 ἔθνεσι,
1801 764 1897 819 καὶ

319 852 521 913 πάσαις
546 854 665 916 ταῖς
701 852 941 925 χώραις,
986 856 1082 910 καὶ
1121 856 1257 909 πᾶσι
1288 857 1398 919 τοίς
1429 855 1669 911 οίκοῦσιν
1697 856 1758 909 ἐν
1796 856 1896 910 uti-

315 946 456 1005 ταῖς·
496 943 702 1014 Εἰρήνη
735 945 864 1015 ὑμῖν
890 943 1216 1019 πληθυνθείη
1250 948 1311 1001 ἐν
1352 946 1518 1001 παντὶ
1566 946 1760 1019 καιρῷ.
1785 947 1896 1001 Καὶ

317 1033 413 1087 νῦν
442 1033 707 1101 ὑποδείξω
732 1035 860 1106 ὑμῖν
882 1035 981 1101 τὰς
1005 1037 1259 1108 πράξεις,
1287 1037 1354 1101 ἃς
1374 1038 1599 1108 ἐποίησε
1624 1039 1739 1109 μετ’
1758 1036 1894 1107 ἐμοῦ

318 1125 348 1177 6
375 1124 506 1187 Θεὸς
535 1129 562 1180 6
595 1129 767 1196 μέγας
790 1145 804 1159 ο
834 1127 981 1193 εδοξε
1008 1129 1066 1184 δέ
1088 1145 1180 1200 μοι
1195 1129 1473 1195 ἀποδεῖξαι
1495 1130 1644 1199 ὑμῖν,
1671 1129 1898 1192 καὶτοῖς

323 1216 605 1280 σοφισταῖς
627 1214 802 1283 ὑμῶν,
833 1215 917 1269 ὅτι
948 1216 1064 1271 ἐστι
1091 1217 1245 1281 Θεὸς,
1272 1219 1369 1272 καὶ
1396 1217 1466 1271 τὰ
1492 1217 1772 1288 θαυμάσια
1803 1217 1898 1270 αύ-

321 1303 416 1357 τοῦ
452 1304 666 1374 μεγάλα
686 1323 700 1337 ο
729 1306 792 1360 τὸ
825 1306 1093 1377 βασίλειον
1140 1309 1304 1363 αὐτοῦ
1331 1349 1346 1372 ,
1385 1309 1651 1379 βασίλειον
1697 1312 1776 1374 είς
1807 1311 1898 1364 τὸν

323 1396 525 1450 αἰῶνα·
557 1399 590 1468 η
618 1397 838 1464 ἐξουσία
869 1399 1033 1454 αὐτοῦ
1062 1401 1171 1455 άπὸ
1199 1402 1402 1470 γενεῶν
1428 1404 1507 1464 είς
1538 1402 1748 1471 γενεάς.
1789 1404 1899 1456 Καὶ

324 1486 647 1540 ἀπέστειλεν
690 1488 977 1554 ἐπιστολὰς
1011 1490 1140 1561 περὶ
1165 1491 1385 1546 πάντων
1412 1493 1519 1545 τῶν
1560 1491 1897 1563 γενηθέντων

326 1580 473 1651 αὐτῷ
506 1584 567 1635 ἐν
605 1585 671 1652 τῇ
719 1583 965 1656 βασιλείᾳ
1011 1584 1212 1649 αὑτοῦ,
1259 1588 1395 1640 πᾶσι
1423 1588 1536 1650 τοῖς
1577 1583 1763 1640 ἔθνεσι
1786 1587 1898 1649 τοῖς

324 1667 474 1727 οὖσιν
506 1673 611 1727 ὑπὸ
634 1675 733 1744 τὴν
768 1674 1045 1745 βασιλείαν
1076 1676 1263 1731 αὐτοῦ.

922 1768 1175 1823 ΚΕΦΑΔ.
1224 1769 1282 1823 E'

1996 600 2117 640 meo
2163 583 2405 655 regnavi,
2453 589 2507 638 et
2545 580 2948 653 magniﬁcentia
3014 595 3135 636 mea
3183 582 3432 637 restituta
3480 590 3564 637 est

1996 675 2150 731 milii.

2063 765 2567 822 Nabuchodonosor
2590 776 2683 822 rex
2696 765 2965 821 omnibus
2988 765 3262 836 gentibus.
3283 775 3339 820 et
3356 766 3566 820 cunctis

1997 857 2334 927 regionibus,
2374 866 2429 911 et
2462 856 2736 911 universis
2787 855 3164 912 habitantibus
3214 856 3268 911 in
3310 855 3412 910 eis.
3453 854 3565 910 Pax

1998 947 2155 1002 vobis
2184 946 2579 1017 multiplicetur
2610 946 2664 1001 in
2692 946 2842 1001 omni
2876 953 3141 1016 tempore.
3171 945 3237 1000 Et
3272 960 3419 1002 nunc
3448 961 3567 1002 ma-

1998 1036 2270 1092 nifestabo
2305 1036 2463 1092 vobis
2493 1051 2681 1105 opera,
2708 1051 2829 1104 quae
2863 1036 2990 1093 fecit
3018 1051 3232 1091 mecum
3275 1035 3418 1092 Deus
3451 1051 3569 1092 ma-

1997 1146 2137 1201 gnus
2178 1129 2401 1186 :visum
2442 1141 2527 1185 est
2567 1139 2750 1187 autem
2797 1129 2931 1184 mihi
2981 1129 3270 1185 ostendere
3304 1129 3480 1194 vobis,
3514 1137 3570 1184 et

1999 1221 2262 1292 sopbistis
2287 1222 2506 1288 vestris,
2543 1222 2673 1292 quia
2699 1232 2784 1277 est
2818 1221 2976 1283 Deus.
3028 1230 3084 1275 et
3138 1220 3410 1275 mirabilia
3445 1222 3569 1291 ejus

1999 1330 2195 1386 magna
2228 1333 2242 1371 :
2279 1330 2509 1386 regnum
2538 1315 2660 1383 ejus
2710 1329 2936 1384 regnum
2965 1313 3019 1366 in
3064 1322 3326 1367 aeternum
3366 1330 3378 1366 :
3422 1321 3570 1382 pote.

1999 1416 2113 1462 stas
2142 1407 2265 1477 ejus
2294 1422 2323 1461 a
2350 1406 2796 1476 generationibus
2827 1405 2877 1459 in
2906 1405 3309 1476 generationes.
3336 1403 3405 1460 Et
3421 1407 3570 1463 misit

1998 1500 2260 1569 epistolas
2293 1500 2361 1554 de
2386 1500 2664 1564 omnibus,
2689 1515 2813 1570 qua:
2833 1507 3132 1555 evenerant
3164 1500 3265 1554 sibi
3304 1500 3359 1555 in
3404 1512 3571 1571 regno

1999 1606 2102 1646 suo
2131 1593 2388 1649 omnibus
2412 1593 2685 1664 gentibus,
2720 1604 2842 1660 quae
2866 1599 3026 1646 erant
3051 1591 3154 1647 sub
3183 1604 3350 1663 regno
3382 1593 3523 1658 ejus.

2619 1771 2853 1829 CAPUT
2888 1772 2951 1826 V.

399 1859 452 1914 1.
494 1857 783 1931 Βαλτάσαρ
815 1861 845 1914 ὁ
868 1858 1117 1930 βασιλεὺς
1138 1860 1362 1932 ἐποίησε
1376 1860 1542 1932 δοχὴν
1571 1860 1813 1930 μεγάλην
1844 1861 1899 1913 ἐν

2077 1871 2127 1921 1.
2170 1867 2417 1924 Baltasar
2460 1881 2553 1921 rex
2589 1863 2716 1920 iecit
2746 1864 3064 1920 convivium
3102 1876 3359 1933 magnum
3402 1862 3455 1915 in
3485 1860 3576 1916 die

328 1948 510 2020 ἡμέρᾳ
551 1949 907 2020 ἐγκαινισμοῦ
942 1948 1052 2002 τῶν
1085 1949 1370 2020 βασιλειῶν
1414 1949 1578 2004 αὑτοῦ
1599 1965 1614 1981 ο
1646 1949 1900 2004 ἐκάλεσεν

326 2039 523 2111 ἄνδρας
554 2040 869 2111 δισχιλίους.

393 2131 450 2189 4.
502 2132 594 2187 Ἐν
640 2135 708 2205 τῇ
759 2135 941 2206 ἡμέρα
989 2134 1174 2207 ἐκείνῃ
1202 2134 1489 2206 Βαλτάσαρ
1539 2133 1911 2205 ἐνυψούμενος

328 2223 434 2276 ἀπὸ
465 2222 559 2277 τοῦ
598 2223 766 2287 οἴνου,
790 2225 887 2278 καὶ
912 2224 1262 2296 καυχώμενος
1290 2225 1524 2296 ἐπῄνεσε
1552 2226 1758 2288 πάντας
1777 2226 1903 2289 τοὺς

329 2313 481 2379 θεοὺς
503 2314 613 2368 τῶν
642 2315 835 2381 ἐθνῶν,
864 2316 991 2380 τοὺς
1033 2317 1358 2386 χωνευτοὺς,
1392 2317 1487 2370 καὶ
1529 2316 1800 2385 γλυπτοὺς
1843 2318 1904 2370 ἐν

328 2404 405 2477 τῷ
434 2405 585 2479 τόπῳ
618 2407 807 2473 αὐτοῦ,
846 2408 938 2463 καὶ
966 2407 1043 2479 τῷ
1061 2407 1184 2479 Θεῷ
1214 2408 1291 2480 τῷ
1332 2408 1543 2480 ὑψίστῳ
1582 2409 1682 2463 οὐκ
1703 2408 1905 2463 ἔδωκεν

329 2498 550 2553 αῖνεσιν.

395 2587 449 2641 5.
495 2589 582 2641 ‘Ev
609 2589 749 2660 αὐτῇ
789 2591 855 2661 τῇ
884 2590 1040 2643 νυκτῖ
1073 2589 1298 2660 ἐξῆλθον
1342 2590 1594 2645 δάκτυλοι
1639 2589 1773 2644 ὡσεὶ
1808 2590 1905 2643 ἀν⁸

328 2677 567 2749 θρώπου,
603 2679 698 2732 καὶ
730 2681 1048 2751 ἐπέγραψαν
1085 2685 1175 2734 ἐπὶ
1203 2681 1297 2735 τοῦ
1323 2682 1500 2753 τοίχου
1548 2683 1695 2737 οίκου
1735 2681 1900 2736 αὐτοῦ

328 2772 418 2824 ἐπὶ
455 2770 551 2825 τοῦ
583 2772 911 2843 κονιάματος
946 2774 1233 2827 κατέναντι
1273 2774 1368 2827 τοῦ
1410 2774 1658 2845 λύχνους.
1699 2774 1898 2842 Μανῆ,

326 2861 535 2931 Φάρος,
567 2865 772 2919 Θεκέλ.
819 2866 976 2918 Ἐστι
996 2865 1053 2918 δὲ
1090 2868 1122 2938 ἡ
1156 2867 1419 2937 ἑρμηνεία
1456 2865 1657 2920 αὐτῶνθ
1697 2868 1901 2921 MANE

328 2956 651 3027 ἡρίθμηται,
685 2957 904 3012 ΦΔΡΕΣ
934 2958 1186 3028 ἐξῆρται,
1217 2958 1449 3012 ΘΕΚΕΛ
1479 2959 1724 3013 ἐσταται.

397 3046 449 3100 1.
478 3047 767 3120 Βαλτάσαρ
792 3051 820 3102 6
851 3049 1107 3119 βασιλεὺς
1144 3051 1399 3123 ἐποίησεν
1430 3053 1774 3123 ἐστιατορίαν
1806 3070 1904 3123 με-

327 3137 497 3210 γάλην
515 3141 630 3202 τοῖς
656 3141 893 3213 ἑταίροις
931 3142 1116 3197 αὐτοῦ.

397 3227 451 3280 2.
482 3228 593 3281 Καὶ
618 3228 801 3281 ἔπινεν
826 3225 986 3289 οἶνον,
1012 3229 1107 3283 καὶ
1134 3230 1393 3303 ἀνυψώθη
1429 3233 1462 3302 ὴ
1489 3233 1686 3302 καρδία
1712 3233 1900 3298 αὑτοῦ,

331 3320 421 3372 καὶ
442 3314 595 3372 εἶπεν
620 3319 840 3388 ἐνέγκαι
860 3322 929 3376 τὰ
959 3323 1126 3393 σκεύη
1152 3321 1221 3375 τὰ
1247 3326 1441 3393 χρυσᾶ,
1474 3325 1657 3377 καὶτὰ
1687 3327 1903 3396 ἀργυρᾶ

331 3408 423 3463 τοῦ
450 3410 603 3462 οἴκου
633 3409 727 3463 τοῦ
754 3409 914 3473 Θεοῦ,
934 3410 971 3464 ὃ.
993 3411 1193 3480 ἤνεγκε
1233 3411 1702 3483 Ναϐουχοδονόσορ
1741 3416 1770 3467 6
1800 3430 1904 3467 παρ

330 3498 432 3570 τὴρ
453 3499 628 3565 αὑτοῦ,
650 3499 760 3553 ἀπὸ
784 3500 1164 3573 Ἰερουσαλὴμ,
1184 3502 1281 3556 καὶ
1299 3502 1607 3574 οἰνοχοῆσαι
1634 3506 1694 3557 ἐν
1718 3504 1902 3568 αὐτοῖς

332 3595 441 3657 τοῖς
473 3594 713 3665 ἑταίροις
744 3592 930 3651 αὐτοῦ.

402 3685 458 3739 5.
481 3685 593 3738 Καὶ
623 3683 846 3759 ἠνέχθη,
887 3683 980 3737 καὶ
1010 3684 1194 3739 ἔπινον
1208 3687 1269 3741 ἐν
1292 3687 1497 3754 αὐτοῖς,
1527 3688 1619 3740 καὶ
1636 3686 1904 3757 ηύλόγουν

334 3775 401 3830 τὰ
427 3776 625 3830 εἴδωλα
653 3776 723 3829 τὰ
747 3775 1103 3848 χειροποίητα
1127 3777 1324 3831 αὐτῶν.

400 3870 452 3927 4.
491 3872 604 3926 Καὶ
634 3871 726 3925 τὸν
758 3871 891 3925 Θεὸν
935 3868 1028 3925 τοῦ
1061 3872 1256 3936 αίῶνος
1288 3871 1390 3925 οὐκ
1433 3869 1768 3940 εὗλὸγησαν,
1809 3869 1901 3923 τὸν

335 3960 524 4031 ἔχοντα
551 3961 650 4031 τὴν
688 3960 936 4028 ἐξουσίαν
953 3960 1046 4015 τοῦ
1080 3961 1387 4032 πνεύματος
1410 3958 1610 4014 αὐτῶν.

401 4052 455 4108 5.
506 4053 596 4107 Ἐν
618 4053 755 4124 αὐτῇ
787 4056 853 4124 τῇ
879 4051 999 4123 ὥρᾳ
1016 4053 1200 4124 ἐκείνη
1233 4052 1452 4124 ἐξῆλθον
1471 4053 1744 4116 δάκτυλοι,
1770 4053 1902 4107 ὡσεὶ

334 4145 511 4217 χειρὸς
549 4143 860 4213 ἀνθρώπου,
894 4145 988 4198 καὶ
1032 4144 1277 4216 ἔγραψαν
1316 4147 1410 4199 ἐπὶ
1441 4146 1536 4199 τοῦ
1578 4147 1761 4218 τοίχου
1805 4146 1899 4200 τοῦ

334 4237 478 4292 οῐκου
500 4235 664 4290 αὐτοῦ
694 4237 787 4288 ἐπὶ
815 4237 910 4289 τοῦ
943 4236 1271 4306 κονιάματος
1291 4237 1580 4291 κατέναντι
1602 4237 1696 4291 τοῦ
1724 4237 1902 4308 φωτὸς

334 4322 512 4377 ἔναντι
542 4322 638 4377 τοῦ
672 4321 933 4392 βασιλέως
961 4322 1273 4396 Βαλτάσαρ,
1307 4326 1401 4379 καὶ
1430 4321 1538 4379 εἶδε
1575 4329 1733 4397 χεῖρα
1766 4327 1902 4399 γρά-

333 4426 556 4485 φουσαν.

2002 1961 2361 2018 dedicationis
2401 1975 2692 2031 regnorum
2740 1974 3005 2024 suorum;
3052 1956 3261 2011 vocavit
3302 1955 3453 2009 viros
3491 1952 3576 2009 bis

2003 2051 2172 2106 mille.

2072 2142 2127 2196 4.
2150 2140 2215 2197 ·Ιη
2242 2139 2330 2196 die
2370 2140 2461 2195 illa
2508 2139 2754 2194 Baltasar
2781 2138 2958 2193 elatus
2986 2153 3017 2191 a
3049 2136 3177 2191 vino
3196 2177 3211 2200 ,
3240 2143 3298 2191 ct
3332 2133 3577 2202 glorians

2002 2234 2243 2289 laudavit
2278 2246 2473 2288 omnes
2520 2232 2658 2288 deos
2696 2231 2940 2303 gentium
2981 2229 3305 2292 conﬂatiles,
3342 2236 3399 2283 et
3427 2225 3577 2283 scul-

2004 2326 2163 2395 ptiles
2202 2325 2256 2379 in
2295 2324 2416 2380 loco
2454 2337 2592 2389 suo,
2624 2330 2679 2378 et
2716 2321 2828 2377 Deo
2873 2322 3089 2378 excelso
3121 2336 3231 2375 non
3271 2317 3420 2374 dedit
3460 2316 3579 2380 lau-

2002 2418 2152 2473 dem.

2074 2601 2128 2656 5.
2168 2601 2226 2655 in
2257 2599 2450 2655 eadem
2480 2608 2643 2655 nocte
2671 2597 2925 2654 exierunt
2944 2596 3099 2667 digiti
3122 2595 3281 2667 quasi
3310 2588 3574 2658 hominis,

2002 2702 2057 2750 et
2101 2692 2440 2762 scripserunt
2476 2691 2529 2745 in
2577 2704 2738 2745 muro
2769 2688 2968 2743 domus
3005 2687 3125 2758 ejus
3167 2702 3332 2757 super
3367 2688 3579 2741 albario

2002 2785 2227 2856 parietis
2257 2799 2288 2838 e
2315 2785 2540 2852 regione
2572 2783 2808 2837 iuccrnaa
2842 2796 2857 2832 :
2894 2777 3075 2840 Hane.
3106 2777 3329 2844 Phares,
3368 2777 3575 2834 Thesei.

2003 2873 2101 2930 Est
2131 2883 2310 2927 autem
2335 2872 2707 2942 interpretatio
2737 2884 2925 2926 eorum
2964 2889 2977 2921 :
3005 2869 3199 2923 MANE
3231 2877 3577 2925 numeratum

2001 2978 2108 3029 est,
2132 2964 2406 3021 PHARES
2429 2967 2668 3021 ablatum
2709 2975 2812 3029 est,
2834 2963 3111 3019 THECEL
3145 2974 3449 3032 appensum
3469 2968 3574 3015 est.

2074 3058 2128 3111 1.
2170 3055 2415 3111 Baltasar
2455 3071 2550 3111 rex
2590 3055 2719 3111 fecit
2747 3053 3054 3110 convivium
3096 3066 3356 3124 magnum
3385 3050 3578 3106 amicis

2003 3148 2143 3203 suis.
3592 3144 3597 3147 ’

2072 3236 2125 3288 2.
2160 3235 2226 3289 Et
2249 3236 2467 3290 bibebat
2496 3235 2707 3297 viuum,
2734 3243 2788 3288 et
2812 3234 3083 3289 elevatum
3113 3240 3200 3287 est
3226 3245 3321 3286 cor
3352 3230 3492 3300 ejus,
3523 3236 3578 3283 et

2003 3325 2141 3380 dixit
2169 3326 2346 3381 aﬂerri
2371 3341 2498 3380 vasa
2523 3341 2712 3387 aurea,
2734 3333 2792 3379 et
2822 3333 3077 3393 argentea
3101 3318 3433 3384 domusDeL
3456 3336 3578 3391 quae

2005 3427 2380 3487 asportaverat
2411 3417 2926 3471 Nabuchodonosor
2974 3423 3129 3485 pater
3157 3413 3276 3482 ejus
3313 3412 3380 3466 de
3413 3409 3576 3467 Jeru-

2003 3509 2194 3571 salem,
2234 3516 2288 3563 et
2318 3507 2617 3562 ministrari
2653 3506 2706 3561 in
2735 3507 2816 3562 eis
2850 3507 3041 3561 vinum
3069 3505 3263 3561 amicis
3293 3504 3432 3560 suis.

2073 3684 2127 3738 '5.
2172 3682 2239 3737 Et
2266 3683 2429 3737 allata
2470 3690 2625 3749 sunt;
2657 3688 2711 3736 et
2752 3681 3011 3736 bibebant
3044 3680 3099 3734 in
3123 3678 3228 3741 eis,
3263 3685 3320 3734 et
3348 3677 3577 3734 benedi-

2002 3775 2201 3830 cebant
2230 3775 2393 3830 idolis
2415 3775 2529 3830 suis
2564 3772 2913 3829 manufactis.

2070 3869 2125 3922 4.
2171 3869 2234 3921 Et
2268 3866 2379 3922 Deo
2404 3867 2586 3922 saeculi
2622 3881 2730 3921 non
2767 3865 3182 3926 benedixerunt,
3213 3863 3309 3934 qui
3343 3861 3575 3920 habebat

2002 3968 2324 4030 potestatem
2359 3959 2587 4029 spiritus
2626 3971 2838 4011 eorum.

2071 4051 2127 4105 ὅ.
2177 4049 2233 4103 In
2264 4050 2380 4119 ipsa
2421 4050 2551 4103 hora
2596 4047 2684 4101 illa
2718 4047 2969 4101 exierunt
2998 4044 3150 4114 digiti
3186 4043 3342 4113 quasi
3380 4057 3577 4098 manus

2003 4140 2270 4203 hominis,
2312 4149 2367 4196 et
2388 4140 2727 4209 scripserunt
2764 4138 2817 4191 in
2847 4151 3003 4191 muro
3032 4137 3232 4190 domus
3263 4135 3382 4204 ejus
3410 4148 3576 4205 super

2002 4233 2214 4288 albario
2255 4232 2479 4302 parietis
2536 4246 2568 4286 e
2615 4231 2837 4301 regione
2889 4229 3114 4283 luminis
3168 4231 3222 4282 in
3278 4237 3573 4298 conspectu

2005 4324 2147 4395 regis
2175 4324 2460 4391 Baltasar;
2496 4333 2550 4378 et
2581 4323 2713 4378 vidit
2745 4338 2966 4377 manum
3006 4321 3356 4379 scribentem.

401 4503 458 4560 6.
491 4506 667 4577 Καλή
708 4506 899 4574 ὅρασις
941 4506 1107 4562 αὐτοῦ
1147 4506 1435 4579 ἠλλοιώθη,
1474 4509 1568 4561 καὶ
1610 4509 1762 4578 φόϐοι
1809 4508 1899 4564 καὶ

2075 4502 2129 4557 6.
2165 4502 2230 4557 Et
2251 4509 2507 4573 aspectus
2532 4503 2653 4572 ejus
2682 4501 3005 4557 immutatus
3027 4509 3137 4565 est,
3167 4510 3219 4557 et
3245 4502 3470 4557 timores
3522 4509 3580 4556 et.

333 4595 579 4651 ὑπόνοιαι
601 4596 766 4651 αὑτὸν
791 4594 1180 4653 κατέσπευδον.
1224 4598 1533 4655 Ἐσπευσεν
1559 4596 1652 4654 οὖν
1692 4603 1720 4655 ὁ
1741 4599 1900 4672 βασιο

332 4687 477 4753 λεὺς,
518 4689 612 4741 καὶ
645 4688 928 4760 ἐξανέστη,
967 4690 1062 4743 καὶ
1105 4688 1254 4762 ἐώρα
1296 4691 1395 4761 τὴν
1422 4691 1638 4764 γραφὴν
1662 4691 1898 4763 ἐκείνην,

334 4777 424 4830 καὶ
453 4778 503 4831 οἱ
533 4778 837 4848 συνετατροι
856 4777 1042 4848 κύκλῳ
1061 4777 1224 4831 αὑτοῦ
1266 4779 1598 4850 ἐκαυχῶντο.

402 4868 455 4923 7.
486 4870 598 4924 Καὶ
625 4871 655 4922 6
684 4869 935 4940 βασιλεὺς
966 4868 1213 4941 ἐφώνησε
1234 4873 1386 4941 φωνῇ
1421 4871 1653 4943 μεγάλῃ,
1673 4871 1901 4927 καλέσαι

332 4962 455 5023 τοὺς
476 4960 780 5025 ἐπαοιδοὺς,
814 4960 910 5013 καὶ
937 4961 1262 5033 φαρμακοὺς
1280 5003 1295 5028 ,
1330 4960 1423 5016 καὶ
1461 4962 1780 5028 Χαλδαίους,
1808 4963 1903 5017 καὶ

334 5051 694 5122 γαζαρηνοὺς,
746 5052 1077 5121 ἀπαγγεῖλαι
1125 5053 1186 5106 τὸ
1215 5052 1494 5126 σύγκριμα
1518 5055 1619 5126 τῆς
1658 5057 1897 5127 γραφῆς.

334 5141 440 5195 Καὶ
478 5142 889 5214 εἰσεπορεύοντο
919 5144 1013 5197 ἐπὶ
1041 5143 1295 5217 θεωρίαν,
1353 5146 1481 5201 ἰδεῖν
1525 5148 1623 5220 τὴν
1657 5149 1898 5221 γραφὴν,

333 5237 422 5288 καὶ
448 5237 511 5289 τὸ
546 5236 829 5309 σύγκριμα
857 5237 957 5309 τῆς
977 5238 1195 5308 γραφῆς
1215 5238 1316 5292 οὐκ
1345 5238 1596 5294 ἐδύναντο
1616 5241 1902 5311 συγκρίναι

332 5326 410 5397 τῷ
443 5326 672 5396 βασιλεῖ.
715 5328 850 5382 Τότε
896 5331 926 5382 6
973 5327 1227 5399 βασιλεὺς
1266 5328 1493 5401 ἐξέθηκε
1545 5330 1896 5402 πρόσταγμα.

2005 4595 2349 4665 suspiciones
2371 4610 2496 4649 eum
2543 4595 2860 4648 incitabant.
2898 4592 3193 4648 Festinavit
3233 4592 3417 4660 itaque
3454 4605 3573 4648 rex.

2001 4694 2057 4742 et
2095 4684 2351 4749 surreait,
2386 4691 2440 4739 et
2471 4683 2684 4738 videbat
2717 4687 3049 4753 scripturam
3110 4682 3258 4737 illam
3286 4698 3302 4748 ;
3331 4693 3384 4736 et
3412 4679 3574 4736 amici

2004 4778 2056 4831 in
2091 4777 2324 4832 circuitu
2363 4775 2483 4846 ejus
2519 4775 2913 4846 gloriabantur.

2074 4868 2126 4924 7.
2162 4866 2229 4923 Et
2278 4883 2372 4922 rex
2439 4882 2569 4921 voce
2608 4882 2802 4938 magna
2856 4868 3145 4932 clamavit,
3198 4875 3259 4922 ut
3315 4872 3576 4921 vocarent

2003 4962 2394 5026 incantatorcs,
2428 4969 2482 5014 et
2510 4959 2808 5024 maleﬁcos,
2849 4969 2903 5013 et
2940 4957 3244 5020 Chaldaeos,
3274 4964 3329 5011 et
3351 4971 3575 5027 gazare-

2003 5069 2104 5109 nos
2140 5054 2206 5108 ad
2247 5051 2676 5108 annuntiandam
2723 5050 3222 5119 interpretationem
3263 5048 3569 5119 scripture.

2003 5142 2067 5200 Et
2095 5143 2321 5212 ingressi
2347 5155 2476 5197 sunt
2501 5141 2566 5197 ad
2592 5143 2985 5212 spectaculum,
3021 5148 3079 5195 ut
3120 5139 3364 5194 viderent
3403 5138 3574 5208 scrip-

2004 5246 2202 5303 turam,
2225 5247 2279 5292 et
2299 5235 2799 5306 interpretationem
2840 5234 3125 5302 scripturae
3149 5245 3257 5285 non
3280 5238 3576 5301 potuerunt

2003 5326 2348 5397 interpretari
2374 5326 2506 5397 regi.
2536 5324 2692 5380 Tunc
2734 5339 2831 5379 rex
2870 5322 3039 5377 edidit
3066 5314 3311 5376 edictunf
3337 5320 3523 5376 dicens
3553 5335 3585 5369 ε.

331 5417 504 5487 λέγων
523 5438 537 5452 ο
582 5421 699 5485 Πᾶς
749 5420 886 5491 ἀνὴρ
912 5420 972 5484 ὃς
997 5420 1064 5474 ἂν
1098 5419 1360 5492 ὑποδείξῃ
1402 5420 1466 5474 τὸ
1491 5422 1771 5493 σύγκριμα
1800 5423 1899 5494 τῆς

2001 5419 2190 5475 Omnis
2221 5418 2301 5473 vir
2319 5418 2652 5487 quicumque
2677 5412 3135 5470 demonstraverit
3161 5411 3568 5482 interpretatio-

334 5512 567 5581 γραφῆς,
591 5511 790 5564 στολιεῖ
822 5511 985 5565 αὐτὸν
1015 5511 1325 5583 πορφύραν,
1355 5513 1449 5566 καὶ
1473 5514 1744 5583 μανιάκην
1769 5532 1891 5585 χρυι

336 5595 459 5652 σοῦν
478 5598 762 5671 περιθήσει
784 5599 952 5671 αὐτῷ,
972 5602 1067 5654 καὶ
1087 5600 1374 5670 δοθήσεται
1395 5600 1542 5671 αὺτῷ
1569 5599 1788 5666 ἐξουσία
1804 5603 1902 5656 τοῦ

335 5689 513 5758 τρίτου
541 5687 742 5761 μέρους
770 5688 869 5760 τῆς
897 5687 1193 5760 βασιλείας.

402 5780 456 5834 8.
489 5781 611 5834 Καὶ.
628 5778 1037 5849 εἰσεπορεύοντο
1055 5780 1104 5834 οί
1128 5778 1369 5833 ἐπαοιδοὶ
1402 5780 1493 5835 καὶ
1513 5781 1563 5834 oi
1589 5781 1893 5853 φαρμακοὶ,

2004 5525 2123 5564 nem
2159 5509 2472 5578 scripturas,
2509 5505 2772 5561 vestietur
2815 5504 2931 5575 ipse
2959 5518 3198 5575 purpura
3219 5543 3234 5568 ,
3266 5511 3320 5559 et
3350 5513 3570 5574 torques

2001 5616 2201 5656 aureus
2245 5600 2689 5669 circumponetur
2725 5596 2798 5663 ei,
2850 5604 2905 5651 et
2945 5595 3165 5652 dabitur
3200 5596 3249 5650 ei
3330 5605 3570 5670 potestas

2005 5692 2177 5748 tertia:
2224 5690 2391 5763 partis
2428 5690 2601 5762 regni.

2075 5782 2127 5837 8.
2158 5779 2221 5835 Et
2245 5782 2538 5838 introibant
2563 5780 2926 5838 incantatores
2944 5821 2959 5848 ,
2986 5787 3038 5836 et
3060 5778 3316 5849 maleﬁci,
3340 5786 3391 5834 et
3418 5792 3573 5849 sum
