4122 6320
505 385 649 442 2803

1559 380 2038 446 HEXAPLORUM
2079 377 2249 445 ρυΑε
2294 375 2725 432 SUPERSUNT.

3602 369 3744 425 28111

507 507 657 571 reni,
693 515 745 560 et
785 520 944 561 nemo
989 515 1197 577 poterat
1237 506 1735 575 interpretationem
1777 504 2067 570 scriptura:

2183 498 2261 549 (αὶ
2287 497 2609 566 γαξαρηνοὶ,
2641 495 2735 548 καὶ
2769 491 2870 546 οὐκ
2894 490 3124 561 ἠδύνατο
3155 489 3327 552 οὐδεὶς
3372 487 3431 540 τὸ
3466 486 3748 557 σύγκριμα

506 593 853 648 annnntiare.

575 683 628 738 9.
659 683 811 738 Tunc
835 700 924 738 rex
955 687 1165 740 vocavit
1193 686 1432 755 reginam
1457 694 1672 754 propter
1700 684 1802 736 hoc
1830 683 2068 753 signum,

504 785 558 829 et
598 777 833 831 ostendit
869 778 948 840 ei,
985 793 1147 846 quam
1184 791 1438 845 magnum
1472 784 1639 837 esset,
1680 783 1731 828 et
1765 775 1910 843 quod
1945 775 2071 827 nul-

509 869 591 920 lus
636 867 798 921 homo
847 877 1028 937 posset
1055 866 1379 920 annuntiare
1419 865 1546 934 regi-
1571 865 2069 933 interpretationem

509 957 809 1024 scripturae.

581 1048 668 1102 10.
712 1048 912 1105 Eodem
965 1059 1205 1119 tempore
1238 1050 1434 1119 regina
1467 1048 1792 1102 mentionem
1838 1046 2073 1101 Danielis

507 1137 647 1206 apud
693 1152 817 1191 eum
855 1137 1012 1199 fecit,
1049 1138 1143 1207 qui
1177 1146 1294 1190 erat
1331 1138 1398 1192 de
1450 1136 1764 1204 captivitate
1812 1133 2032 1188 Judaere.

578 1226 663 1279 11.
708 1225 771 1280 Et
797 1227 935 1281 dixit
977 1229 1086 1295 regi
1132 1246 1144 1280 :
1178 1227 1352 1281 Homo
1385 1226 1611 1281 scientia
1648 1225 1906 1294 praeditus
1931 1233 2068 1287 erat,

506 1323 560 1367 et
589 1316 829 1383 sapiens,
860 1327 915 1370 et
943 1331 1208 1386 superans
1233 1331 1426 1370 omnes
1453 1315 1726 1384 sapientes
1757 1313 2070 1384 Babylonis,

505 1414 562 1456 et
585 1402 824 1474 Spiritus
862 1415 1086 1461 sanctus
1115 1407 1168 1459 in
1210 1421 1284 1460 eo.
1320 1416 1404 1460 est
1441 1425 1455 1460 :
1485 1418 1539 1460 et
1579 1406 1634 1459 in
1665 1405 1859 1459 diebus
1901 1404 2072 1472 patris

509 1495 586 1549 tui
634 1497 778 1564 regis
841 1497 1310 1566 interpretationes
1359 1497 1621 1552 sublimes
1672 1496 2070 1550 demonstravit

506 1582 1008 1646 Nabuchodonosor
1035 1588 1172 1658 patri
1203 1597 1318 1643 tuo.

580 1677 668 1732 15.
706 1676 858 1733 Tune
902 1677 1086 1733 Daniel
1127 1678 1471 1733 introductus
1515 1686 1596 1733 est
1634 1679 1699 1732 ad
1748 1693 1968 1748 regem,
2021 1686 2076 1732 et

508 1774 846 1841 respondens
877 1788 972 1826 rex
1001 1771 1140 1825 dixit
1165 1771 1214 1825 ei
1247 1790 1260 1823 :

580 1865 665 1917 H.
697 1863 971 1926 ODaniel,
993 1872 1144 1933 potes
1174 1861 1558 1917 indicarentilti
1577 1859 2073 1929 interpretationem
2111 1843 2147 1895 Β

506 1955 792 2024 scriptura:
809 1955 840 2007 ?-

579 2047 663 2101 16.
697 2045 761 2100 Ει
797 2046 1021 2101 vestiam
1063 2055 1115 2100 te
1150 2060 1411 2115 purpura,
1449 2052 1503 2098 et
1538 2053 1731 2113 torque
1765 2058 1938 2097 anrco
1969 2043 2077 2095 cir-

507 2141 789 2196 cumdabo.
827 2149 876 2194 te
899 2181 914 2206 ,
955 2149 1010 2194 et-
1050 2138 1276 2193 babebis
1315 2145 1643 2207 potestatem
1690 2135 1866 2189 tertiae
1902 2134 2076 2206 partis

507 2231 658 2298 regni
683 2230 809 2284 mei.

578 2318 666 2374 1-7.
703 2318 857 2372 Tunc
904 2317 1090 2371 Daniel
1138 2317 1286 2372 stetit
1329 2330 1360 2370 e
1403 2315 1627 2384 regione
1672 2313 1993 2380 scripturae,
2025 2322 2078 2366 et

508 2409 656 2479 legit,
695 2418 748 2463 et
788 2411 868 2462 sic
916 2407 1196 2477 respondit
1235 2407 1344 2474 regi
1385 2423 1397 2458 :
1450 2404 1576 2460 Haec
1620 2415 1702 2459 est
1752 2406 2021 2472 scriptura
2060 2421 2073 2457 :

509 2502 863 2555 Numen-ataui
896 2511 1005 2561 est,
1039 2509 1414 2568 computatum
1446 2507 1549 2561 est,
1591 2497 1832 2552 ablatum
1862 2503 1946 2550 cst
1979 2513 1993 2548 :
2026 2502 2080 2547 et

509 2593 665 2647 stetit
691 2607 889 2648 manus
924 2592 1202 2658 scribens,
1238 2599 1291 2646 et
1323 2591 1437 2646 haec
1469 2599 1548 2646 est
1589 2588 1962 2659 interpretatio
1987 2600 2078 2640 eo-

509 2699 653 2737 κωιι.

578 2776 668 2828 23.
711 2773 859 2840 Rex,
901 2782 966 2829 tu.
997 2773 1174 2829 fecisti
1224 2772 1534 2828 convivium
1586 2770 1780 2825 amicis
1833 2772 1940 2824 tuis
1969 2811 1984 2832 ,
2027 2776 2080 2822 et

510 2863 734 2919 bibebas
763 2865 949 2918 vinum
976 2905 992 2930 ,
1023 2873 1080 2918 et
1116 2879 1243 2917 vasa
1286 2862 1482 2916 domus
1517 2861 1612 2915 Dei
1652 2861 1889 2914 viventis
1918 2859 2078 2912 allata

511 2965 637 3009 sunt
667 2955 863 3020 tibi,et.
883 2955 1160 3010 bibebatis.
1175 2955 1229 3008 in
1262 2955 1364 3020 eis,
1407 2961 1465 3007 tu
1495 2961 1546 3006 et
1575 2953 1862 3021 optimates
1897 2949 1995 3011 tui,
2027 2956 2082 3003 et

510 3046 774 3104 laudastis
807 3047 988 3102 omnia
1023 3047 1162 3101 idola
1192 3046 1474 3100 hominum
1507 3044 1817 3098 manuI'acta
1839 3082 1854 3106 ,
1884 3049 1938 3096 et
1973 3041 2080 3094 Deo

2173 588 2272 657 τῆς
2305 589 2518 658 γραφῆς
2537 585 2888 652 ἀπαγγεῖλαι.

2244 681 2294 734 9.
2332 679 2465 730 Τότε
2516 681 2544 731 ό
2579 675 2828 746 βασιλεὺς
2868 675 3094 729 ἐκάλεσε
3127 673 3225 744 τὴν
3272 671 3585 744 βασίλισσαν
3617 671 3748 740 περὶ

2172 774 2362 825 τούτου
2385 769 2634 840 σημείου,
2671 767 2764 822 καὶ
2793 766 3067 833 ὑπέδειξεν
3101 767 3272 834 αὐτῇ,
3308 763 3384 826 ὡς
3419 761 3565 831 μέγα
3603 760 3746 825 ἐστὶ,

2175 863 2268 916 καὶ
2296 864 2377 916 ὅτι
2403 862 2510 923 πᾶς
2537 860 2821 930 ἄνθρωπος
2851 857 2912 910 οὐ
2939 858 3160 911 δύναται
3186 852 3521 922 ἀπαγγεῖλαι
3550 851 3628 922 τῷ
3650 852 3749 920 βαρ

2176 953 2312 1006 σιλεί
2340 952 2402 1006 τὺ
2428 953 2710 1021 σύγκριμα
2735 948 2834 1018 τῆς
2861 948 3100 1020 γραφῆς.

2246 1044 2333 1098 10.
2369 1043 2499 1097 Τότε
2545 1041 2890 1114 ήβασίλισσα
2938 1039 3184 1110 ἐμνήσθη
3240 1040 3376 1111 πρὸς
3423 1041 3585 1093 αὑτὸν
3617 1041 3751 1109 περὶ

2173 1136 2266 1188 τοῦ
2297 1135 2509 1204 Δανιὴλ,
2539 1135 2597 1198 ὃς
2623 1129 2692 1204 ἦν
2722 1134 2786 1185 ἐκ
2807 1133 2906 1200 τῆς
2927 1131 3300 1201 αἰχμαλωσίας
3325 1131 3424 1200 τῆς
3461 1131 3746 1194 Ἰουδαίας.

2246 1229 2331 1280 11.
2373 1228 2483 1280 Καὶ
2507 1222 2627 1279 εἶπε
2646 1224 2728 1295 τῷ
2771 1224 3013 1294 βασιλεῖ·
3034 1224 3092 1276 '0
3115 1223 3400 1294 ἄνθρωπος
3430 1223 3751 1293 ἐπιστήμων

2173 1315 2242 1388 ἦν
2269 1319 2360 1370 καὶ
2383 1318 2563 1386 σοφὸς,
2595 1317 2685 1370 καὶ
2719 1315 3002 1386 ὑπερέχων
3030 1315 3237 1378 πάντας
3270 1315 3396 1378 τοὺς
3427 1315 3624 1382 σοφοὺς
3648 1315 3750 1366 Βα-

2175 1407 2435 1470 ϐυλῶνος,
2466 1407 2558 1460 καὶ
2581 1405 2806 1476 Πνεῦμα
2825 1405 2977 1473 ἅγιον
3005 1406 3063 1459 ἐν
3091 1404 3236 1474 αὐτῷ
3265 1405 3398 1470 ἐστι,
3433 1404 3528 1457 καὶ
3551 1404 3608 1456 ἐν
3630 1405 3753 1465 ταῖς

2177 1498 2410 1568 ἡμέραις
2447 1498 2539 1550 τοῦ
2587 1499 2792 1568 πατρός
2833 1514 2925 1550 σου
2960 1497 3053 1550 τοῦ
3095 1496 3356 1566 βασιλέως
3404 1496 3755 1566 συγκρίματα

2178 1588 2456 1655 ὑπέρογκα
2489 1585 2731 1652 ὑπέδειξε
2756 1586 3226 1657 Ναϐουχοδονόσορ
3255 1585 3332 1655 τῷ
3363 1585 3530 1654 πατρί
3559 1602 3675 1637 σου.

2208 1713 2214 1721 -
2249 1679 2332 1732 15.
2367 1678 2500 1731 Τότε
2528 1679 2728 1749 Δανιὴλ
2779 1677 3008 1748 εἰσήχθη
3058 1679 3194 1748 πρὸς
3234 1679 3324 1730 τδν
3358 1676 3601 1748 βασιλέαο
3657 1677 3757 1728 καὶ

2179 1769 2496 1840 ἀποκριθεὶς
2529 1773 2556 1822 ό
2597 1769 2846 1836 βασιλεὺς
2878 1766 3032 1822 εἶπεν
3053 1769 3221 1838 αὐτῷ·

2253 1859 2338 1913 14.
2371 1855 2440 1911 Ὦ
2492 1858 2710 1930 Δανιὴλ,
2740 1857 2873 1931 δύνῃ
2922 1875 3010 1929 μοι
3061 1858 3348 1924 ὑποδεῖξαι
3377 1855 3437 1911 τὸ
3470 1855 3755 1926 σύγκριμα

2177 1951 2275 2022 τῆς
2301 1951 2520 2020 γραφῆς
2539 1967 2554 2015 ;

2250 2043 2336 2097 16.
2370 2043 2478 2095 Καὶ
2524 2041 2717 2095 στολιῶ
2745 2059 2803 2094 σε
2851 2041 3158 2112 πορφύραν,
3187 2041 3281 2094 καὶ
3317 2039 3591 2110 μανιάκην
3619 2054 3756 2109 χρυο

2182 2133 2308 2188 σοῦν
2342 2131 2624 2203 περιθήσω
2669 2150 2772 2194 σοι,
2823 2134 2916 2186 καὶ
2970 2132 3111 2199 ἱξεις
3154 2131 3401 2196 ἐξουσίαν
3445 2129 3541 2184 τοῦ
3564 2130 3754 2200 τρίτου

2183 2227 2380 2296 μέρους
2407 2225 2504 2293 τῆς
2543 2223 2821 2293 βασιλείας
2850 2241 2974 2294 μου.

2253 2317 2338 2368 17.
2375 2315 2508 2368 Τότε
2548 2313 2744 2384 Δανιὴλ
2771 2313 2902 2383 ἔστη
2949 2313 3236 2366 κατέναντι
3261 2315 3358 2384 τῆς
3387 2312 3628 2383 γραφῆς,
3659 2313 3758 2364 καὶ

2179 2407 2426 2476 ἀνέγνω,
2475 2407 2568 2460 καὶ
2605 2405 2775 2469 οὕτως
2805 2405 3078 2476 ἀπεκρίθη
3120 2405 3198 2475 τῷ
3255 2404 3493 2474 βασιλεῖ·
3526 2403 3673 2474 Αὕτη
3715 2406 3750 2475 ἡ

2181 2500 2388 2572 γραφὴ,
2407 2499 2758 2570 Ἢρίθμηται,
2780 2498 3160 2566 κατελογίσθη,
3185 2495 3536 2568 ἐξῆρται,κα’ί
3564 2497 3697 2560 ἔστη
3721 2499 3754 2564 ἡ

2180 2593 2438 2665 γράψασα
2468 2594 2610 2663 χεὶρ,
2649 2592 2740 2645 καὶ
2770 2589 2910 2660 αὕτη
2949 2592 2982 2661 ή
3016 2590 3303 2660 σύγκρισις
3338 2589 3538 2641 αὐτῶν.

2248 2775 2338 2828 25.
2373 2770 2621 2837 Βασιλεῦ,
2654 2770 2719 2823 σὺ
2753 2770 2995 2840 ἐποιήσω
3041 2768 3532 2838 ἐστιατορίανιτοίς
3582 2764 3758 2832 φίλοις

2182 2885 2298 2932 σου,
2335 2867 2430 2918 καὶ
2474 2864 2655 2926 ἔπινες
2705 2857 2846 2916 οἶνον
2869 2902 2883 2929 ,
2921 2863 3017 2915 καὶ
3050 2861 3117 2914 τὰ
3154 2861 3321 2930 σκεύη
3356 2858 3449 2912 τοῦ
3479 2857 3630 2910 οἴκου
3661 2855 3756 2908 τοῦ

2181 2956 2314 3010 Θεοῦ
2348 2955 2440 3010 τοῦ
2477 2955 2676 3020 ζῶντος
2709 2954 2912 3025 ἠνέχθη
2955 2971 3057 3014 σοι,
3093 2953 3188 3006 καὶ
3225 2951 3437 3005 ἐπίνετε
3457 2952 3514 3003 ἐν
3549 2949 3754 3010 αὐτοῖς,

2184 3049 2247 3101 σὺ
2293 3049 2384 3101 καὶ
2413 3048 2461 3100 οἱ
2489 3047 2818 3116 μεγιστᾶνες
2847 3061 2961 3110 σου,
2995 3044 3086 3097 καὶ⁵
3109 3043 3338 3114 ῂνέσατε
3368 3041 3542 3094 πάντα
3573 3038 3640 3091 τὰ
3679 3038 3759 3091 εί-

511 3139 713 3193 viventi
753 3155 859 3195 non
891 3139 1274 3204 benediaistis,
1323 3147 1376 3193 et
1405 3137 1634 3209 spiritus
1669 3145 1794 3192 tuus
1825 3136 1878 3189 in
1913 3148 2078 3188 manu

2183 3139 2324 3192 δωλα
2349 3137 2417 3190 τὰ
2445 3136 2798 3208 χειροποίητα
2821 3135 2927 3188 τῶν
2963 3134 3060 3188 ἀνθ
3071 3133 3288 3204 ρώπων,
3319 3131 3506 3201 καὶτῷ
3532 3129 3649 3196 Θεῷ
3679 3131 3758 3198 τῷ

510 3230 650 3298 ejus,
675 3239 725 3285 et
762 3244 986 3300 regnum
1021 3241 1173 3284 tuum
1215 3231 1329 3298 ipse
1355 3229 1503 3284 dedit
1533 3229 1627 3283 tibi
1648 3269 1665 3293 ,
1697 3239 1747 3282 et
1773 3242 1882 3282 non
1916 3225 2076 3280 benc-

509 3322 695 3378 dixisti
725 3323 798 3388 ei,
823 3338 998 3393 neque
1023 3323 1256 3378 laudasti
1287 3337 1433 3377 eum.

582 3499 671 3554 26.
709 3499 833 3556 Haec
857 3510 941 3554 est
969 3501 1342 3569 interpretatio
1373 3501 1652 3568 scriptura:
1683 3516 1695 3550 :
1729 3495 2080 3550 Numeratum

512 3599 598 3643 est
637 3599 850 3656 tempus
880 3591 1032 3658 regni
1073 3590 1172 3642 tui.

585 3680 674 3732 27.
719 3679 863 3732 Finit
902 3695 1125 3746 regnum
1177 3689 1361 3744 tuum;
1405 3678 1687 3747 praecisum
1720 3689 1835 3743 est,
1868 3685 1920 3731 ct
1957 3691 2083 3730 con-

516 3778 851 3822 summatum
879 3777 983 3820 05L

583 3859 674 3916 28.
717 3857 962 3928 Regnum
998 3871 1148 3911 tuum
1182 3856 1350 3912 Medis
1374 3866 1429 3912 et
1453 3857 1634 3912 Persis
1667 3859 1847 3911 datur.

584 4037 674 4090 29.
703 4037 855 4091 Tune
886 4035 1133 4091 Baltasar
1175 4052 1268 4091 rex
1299 4036 1476 4090 induit
1514 4035 1788 4090 Danieleni
1822 4050 2078 4104 purpura,

515 4139 567 4182 et
591 4139 836 4197 torquem
870 4144 1095 4182 aureum
1135 4128 1533 4197 circumposuit
1564 4129 1612 4182 ci
1632 4161 1652 4186 ν
1682 4137 1734 4181 ct
1758 4128 1904 4180 dedit
1935 4134 2082 4194 pote-

515 4229 709 4276 Statcm
734 4223 782 4274 ei
817 4222 984 4276 tertia:
1021 4221 1188 4290 partis
1210 4221 1358 4291 regni
1385 4221 1489 4277 sui.

591 4395 681 4450 30.
717 4395 781 4464 Et
810 4397 1180 4468 interpretatio
1211 4399 1355 4454 venit
1392 4413 1554 4468 super
1593 4397 1837 4452 Baltasar
1864 4412 2080 4467 regem:

2184 3227 2346 3293 ζῶντι
2370 3227 2470 3280 οὐκ
2492 3226 2846 3297 εὖλογήσατε,
2877 3223 2972 3277 καὶ
2994 3223 3056 3276 τὸ
3082 3222 3296 3292 πνεῦμά
3325 3237 3418 3274 σου
3452 3222 3508 3273 ἐν
3528 3222 3593 3290 τῇ
3616 3220 3761 3290 χειρὶ

2185 3319 2372 3384 αὐτοῦ,
2407 3318 2500 3372 καὶ
2529 3318 2589 3370 τδ
2619 3316 2886 3388 βασίλειόν
2917 3333 3010 3368 σου
3051 3315 3210 3377 αὐτὸς
3241 3314 3409 3366 ἔδωκέ
3442 3329 3523 3364 σοι
3545 3314 3598 3350 -'-
3621 3327 3634 3342 '
3661 3312 3760 3365 καὶ

2183 3411 2280 3463 οὑκ
2308 3410 2604 3480 εὐλόγησας
2627 3410 2809 3473 αὑτὸν,
2831 3407 2952 3460 οὺδέ
2975 3407 3172 3478 ᾔνεσας
3205 3403 3368 3473 αὐτῷ.

2253 3502 2344 3556 26.
2381 3500 2551 3553 Τοῦτο
2579 3500 2640 3552 τδ
2666 3500 2947 3568 σύγκριμα
2973 3500 3067 3568 τῆς
3089 3495 3307 3567 γραφῆς
3327 3511 3341 3525 ·
3379 3493 3707 3564 Ἦρίθμηται
3729 3495 3761 3547 ό

2186 3592 2376 3662 χρόνος
2412 3607 2502 3643 σου
2533 3590 2634 3658 τῆς
2670 3587 2968 3657 βασιλείας.

2254 3681 2343 3733 27.
2391 3679 2680 3748 Ἀπολήγει
2709 3680 2742 3748 ή
2778 3675 3026 3747 βασιλεία
3062 3690 3188 3728 σουο
3218 3672 3613 3742 συντέτμηται,
3663 3668 3762 3722 καὶ

2190 3771 2614 3824 συντετέλεσται.

2255 3861 2348 3916 28.
2386 3862 2450 3913 Ἡ
2480 3859 2725 3931 βασιλεία
2753 3877 2863 3912 σου.
2894 3861 3014 3922 τοῖς·
3029 3857 3234 3927 Μήδοις
3259 3855 3353 3908 καὶ
3380 3855 3491 3915 τοῖς
3524 3851 3762 3922 Πέρσαις

2187 3953 2408 4007 δίδοται.
3097 4012 3107 4021 _

2257 4045 2348 4101 29.
2386 4044 2516 4097 Τότε
2551 4041 2888 4111 Βαλτάσαρὸ
2930 4039 3178 4111 βασιλεὺς
3204 4037 3419 4092 ἐνέδυσε
3441 4035 3536 4089 τὸν
3562 4033 3761 4102 Δανιὴλ

2191 4135 2498 4207 πορφύραν,
2529 4135 2623 4188 καὶ
2665 4133 2936 4202 μανιάκην
2974 4130 3207 4202 χρυσοῦν
3240 4127 3563 4199 περιέθηκεν
3587 4124 3759 4193 αὐτῷ,

2190 4229 2283 4282 καὶ
2312 4229 2513 4281 ἔδωκεν
2565 4225 2814 4291 ἐξουσίαν
2862 4221 3012 4292 αὐτῷ
3059 4221 3152 4276 τοῦ
3181 4211 3382 4292 ’τρίτου
3437 4218 3635 4289 μέρους
3659 4217 3761 4285 τῆς

2192 4320 2464 4390 βασιλείας
2488 4317 2672 4372 αὑτοῦ.

2263 4412 2350 4463 50.
2389 4411 2495 4462 Καὶ
2525 4409 2582 4461 τὸ
2612 4407 2890 4477 σύγκριμα
2921 4403 3121 4473 ἐπῆλθε
3164 4401 3452 4471 Βαλτάσαρ
3496 4399 3572 4470 τῷ
3603 4399 3761 4468 βασιο

517 4501 567 4543 et
603 4505 830 4560 regnum
881 4490 1119 4544 ablatum
1155 4501 1241 4546 est
1273 4506 1305 4545 a
1343 4490 1612 4545 Chaldaeis
1635 4531 1656 4555 ,
1689 4500 1744 4545 et
1781 4491 1966 4545 datum
2005 4499 2081 4542 est

2189 4502 2299 4554 λεί·
2347 4502 2439 4554 καὶ
2488 4501 2547 4552 τὸ
2588 4499 2853 4569 βασίλειον
2899 4497 3122 4568 ἐξῆρται
3178 4493 3298 4546 ἀπὸ.
3320 4491 3424 4545 τῶν
3455 4488 3756 4550 Χαλδαίων,

518 4579 711 4644 Medis,
735 4590 789 4634 et
824 4579 1024 4636 Persis.

587 4674 676 4726 3t.
717 4674 780 4726 Et
840 4673 1165 4728 Artaxerxes
1210 4673 1398 4728 Medus
1451 4675 1662 4742 accepit
1716 4689 1978 4742 regnum,
2035 4679 2089 4725 et

519 4761 716 4818 Darius
746 4765 936 4834 plenus
969 4765 1216 4829 dierum,
1244 4775 1296 4819 et
1329 4765 1605 4834 gloriosus
1631 4765 1685 4818 in
1716 4773 2012 4818 senectute.

1117 4989 1345 5045 CAPUT
1390 4989 1474 5044 Vl.

596 5107 645 5160 l.
689 5105 752 5158 Et
788 5107 1074 5161 constituit
1117 5117 1366 5175 satrapas
1395 5114 1613 5161 centum
1657 5104 1844 5175 viginti
1883 5115 2086 5175 septem

519 5215 684 5270 Super
711 5198 1019 5253 ιιιιίινθτδιιιιι
1051 5214 1272 5269 regnum
1309 5213 1488 5252 suum.

593 5292 644 5344 2.
687 5289 754 5343 Et
787 5305 950 5360 super
975 5306 1106 5354 eos,
1136 5292 1280 5344 viros
1319 5299 1423 5343 tres
1450 5289 1614 5342 duces
1638 5304 1825 5340 eorum
1857 5305 1868 5339 :
1905 5299 1954 5341 et
1989 5287 2084 5340 Da-

521 5384 630 5437 niel
665 5400 804 5438 unus
830 5393 945 5436 erat
969 5399 1032 5436 ex
1073 5385 1245 5438 tribus
1271 5383 1434 5451 vitis,

592 5473 647 5528 5.
687 5472 860 5542 Super
895 5490 1085 5529 omnes
1120 5476 1321 5529 habens
1355 5483 1673 5542 potestatem
1708 5474 1761 5527 in
1797 5490 1979 5542 regno.

595 5562 648 5614 4.
693 5560 875 5615 Daniel
899 5573 1076 5617 autem
1107 5565 1460 5618 eratindutus
1499 5580 1756 5634 purpura,
1783 5572 1833 5617 et
1863 5579 2090 5633 magnus

527 5661 580 5702 ct
615 5651 909 5705 honoratus
955 5653 1007 5705 in
1047 5662 1342 5721 conspectu
1393 5653 1536 5707 Darii
1580 5656 1723 5724 regis
1750 5695 1763 5718 ,
1807 5664 2088 5723 propterea

531 5739 672 5808 quod
696 5748 834 5792 esset
861 5741 1087 5794 celi-bris
1110 5780 1123 5804 ,
1167 5750 1216 5794 ct
1253 5744 1477 5797 scientia
1509 5745 1783 5810 praeditus,
1816 5751 1867 5796 et
1897 5743 2094 5796 intelli—

2191 4591 2283 4644 καὶ
2308 4590 2462 4659 ἐδόθη
2495 4591 2606 4651 τοίς
2633 4589 2838 4658 Μήδοις
2870 4587 2962 4639 καὶ
2992 4589 3103 4648 τοῖς
3132 4585 3387 4654 Πέρσαις.

2259 4683 2346 4736 51.
2385 4681 2496 4734 Καὶ
2543 4678 2905 4750 Ἀρταξέρξης
2929 4681 2956 4730 ὁ
2983 4678 3097 4730 τῶν.
3131 4677 3328 4745 Μήδων
3359 4673 3639 4744 παρέλαϐε
3659 4673 3761 4741 τὴν

2191 4770 2488 4842 βασιλείαν,
2508 4770 2602 4822 καὶ
2635 4769 2858 4838 Δαρεῖος
2886 4767 3094 4835 πλήρης
3125 4764 3232 4817 τῶν
3278 4761 3524 4834 ἡμερῶν,
3555 4761 3647 4814 καὶ
3675 4764 3762 4812 ἐν-

2189 4863 2337 4929 δοξος
2368 4864 2424 4914 ἐν
2447 4861 2624 4930 γήρει.

2788 4992 3033 5045 ΚΕΦΑΛ.
3077 4994 3168 5058 (τ’.

2264 5109 2312 5160 1.
2347 5105 2454 5157 Καὶ
2493 5104 2793 5173 κατέστησε
2836 5105 3122 5176 σατράπας
3167 5104 3359 5158 ἑκατὸν
3401 5104 3570 5156 εἴκοσι
3619 5103 3761 5154 ἑπτὰ

2193 5201 2283 5252 ἐπὶ
2316 5198 2492 5266 πάσης
2521 5195 2618 5264 τῆς
2654 5196 2928 5264 βασιλείας
2955 5195 3143 5250 αὐτοῦ.

2260 5292 2313 5343 2.
2352 5290 2460 5341 Καὶ
2484 5287 2569 5340 ἐπ’
2599 5286 2776 5339 αὐτῶν
2805 5287 3002 5358 ἄνδρας
3027 5289 3174 5358 τρεῖς
3201 5286 3530 5357 ἡγουμένους
3555 5283 3756 5338 αὐτῶν·

2195 5388 2285 5438 καὶ
2314 5381 2507 5451 Δανιὴλ
2531 5378 2608 5442 εἷς
2633 5376 2700 5449 ἦν
2737 5379 2846 5432 τῶν
2877 5381 3042 5452 τριῶν
3073 5381 3298 5451 ἀνδρῶν.

2264 5476 2316 5528 5.
2362 5473 2532 5542 Ὑπὲρ
2573 5471 2778 5534 πάντας
2813 5470 2950 5540 ἔχων
2983 5470 3230 5535 ἐξουσίαν
3263 5473 3320 5523 ἐν
3361 5473 3424 5541 τῇ
3456 5469 3721 5540 βασιλείᾳ.

2262 5566 2313 5618 ιίι.
2347 5565 2453 5618 Καὶ
2475 5563 2671 5634 Δανιὴλ
2698 5557 2764 5631 ἧν
2791 5563 3134 5632 ἐνδεδυμένος
3187 5562 3470 5634 πορφύραν
3494 5603 3509 5628 ,
3544 5560 3634 5612 καὶ
3661 5560 3759 5628 μὲ-

2194 5673 2292 5723 72;
2341 5655 2431 5707 καὶ
2454 5652 2660 5716 ἔνδοξος
2691 5652 2866 5705 ἔναντι
2889 5652 3111 5720 Δαρείου
3140 5653 3232 5704 τοῦ
3265 5650 3550 5720 βασιλέως,
3571 5648 3761 5700 καθότι

2194 5744 2258 5816 ἦν
2290 5744 2515 5808 ἔνδοξος,
2551 5744 2640 5796 καὶ
2667 5745 3001 5814 ἐπιστήμων,
3030 5746 3121 5796 καὶ
3154 5743 3390 5804 συνετὸς,
3420 5743 3511 5794 καὶ
3535 5737 3762 5808 Πνεῦμα
