4122 6320
280 360 413 418 2805

1532 373 1782 429 DANIEL
1819 375 2046 430 CAPUT
2081 378 2170 432 Vl.

3381 377 3528 434 2806'

281 483 432 551 ἅγιον
462 485 518 536 ἒν
547 485 701 555 αὐτῷ
734 501 820 552 +,
840 487 931 541 καὶ
955 489 1376 561 εὐ-ι-οδούμενος
1414 495 1472 547 ὲν
1512 498 1631 560 ταῖς
1667 513 1840 566 πραγ-

1958 511 2110 565 gens,
2136 509 2188 553 et
2220 499 2452 570 Spiritus
2471 509 2690 556 sanctus
2715 500 2766 553 in
2794 514 2876 564 eo,
2906 508 2957 552 et
2991 513 3245 569 prospere
3271 512 3435 569 agens
3465 500 3518 552 in

287 574 537 644 ματείαις
565 589 630 630 οι·-
661 577 757 630 τοῦ
788 577 1076 647 βασιλέως,
1108 576 1195 645 αἷς
1230 583 1492 654 ἔπρασσε.

353 662 486 715 Τότε
510 665 539 717 6
563 663 818 734 βασιλεὺς
870 667 1226 725 ἐϐουλεύσατο
1267 678 1604 747 καταστῆσαι
1626 679 1717 732 τὸν
1747 682 1850 733 Δα-

290 751 403 822 νιὴλ
447 754 538 806 ἐπὶ
585 755 768 827 πάσης
798 759 896 829 τῆς
941 759 1218 829 βασιλείας
1261 764 1446 831 αὐτοῦ,
1479 768 1725 833 καὶτοὺς
1757 771 1853 823 δύο

285 843 500 911 ἄνδρας,
540 844 634 907 οὓς
679 849 985 919 κατέστησε
1037 853 1156 921 μετ’
1183 853 1352 907 αὑτοῦ
1377 893 1392 918 ,
1434 857 1528 909 καὶ
1568 861 1851 930 σατράπας

285 932 476 985 ἑκατὸν
508 932 867 993 εἰκοσιεπτά.
906 939 1035 992 "Ore
1053 941 1111 993 δὲ
1139 942 1496 998 ἐϐουλεύσατο
1537 949 1566 999 6
1599 947 1851 1016 βασιλεὺς

286 1023 621 1094 καταστῆσαι
643 1026 733 1079 τὸν
767 1029 966 1099 Δανιὴλ
994 1032 1086 1084 ἐπὶ
1115 1033 1293 1103 πάσης
1330 1036 1428 1105 τῆς
1455 1036 1735 1107 βασιλείας
1763 1043 1851 1094 αὑ-

283 1129 398 1169 του.

349 1203 405 1257 5.
440 1205 797 1280 Τότετβουλὴν
851 1212 944 1264 καὶ
975 1214 1198 1286 γνώμην
1221 1217 1603 1273 ἐϐουλεύσαντο
1646 1223 1702 1274 ὲν
1727 1223 1852 1276 ἑαυ-

287 1296 396 1358 τοῖς
424 1299 472 1347 oi
499 1296 594 1349 δύο
628 1301 896 1354 νεανίσκοι
946 1305 1083 1374 πρὸς
1133 1307 1394 1378 ἀλλήλους
1425 1311 1673 1379 λέγοντες
1705 1313 1851 1384 (ἐπεὶ

285 1384 535 1454 οὐδεμίαν
565 1388 839 1460 ἁμαρτίαν
877 1395 997 1447 οὐδὲ
1025 1396 1245 1464 ἄγνοιαν
1278 1399 1538 1471 ηὕρισκον
1571 1405 1716 1459 κατὰ
1755 1406 1849 1459 τοῦ

288 1476 499 1547 Δανιὴλ,
533 1477 754 1568 περιῆς
787 1490 1248 1556 κατηγορήσουσιν
1280 1492 1444 1546 αὑτοῦ
1468 1495 1604 1563 πρὸς
1634 1496 1722 1550 τὸν
1751 1498 1848 1568 βα-

290 1569 486 1640 σιλέα),
512 1571 605 1624 καὶ
622 1567 801 1630 εἶπαν·
823 1577 1008 1645 Δεῦτε,
1033 1584 1318 1654 στήσωμεν
1329 1587 1556 1657 ὁρισμὸν
1574 1589 1697 1642 καθ’
1719 1567 1849 1642 ἐαυ-

288 1658 416 1748 τών,
440 1661 528 1748 ,ὅτι
558 1665 666 1726 πᾶς
689 1664 974 1737 ἄνθρωπος
1005 1673 1104 1725 οὐκ
1130 1673 1351 1738 ἀξιώσει
1381 1676 1618 1748 ἀξίωμα,
1663 1682 1757 1734 καὶ
1788 1681 1848 1735 οὐ

294 1746 366 1818 μὴ
391 1747 617 1820 εὔξηται
640 1753 803 1824 εύχὴν
825 1757 933 1810 ἀπὸ
953 1761 1150 1824 παντὸς
1180 1762 1303 1816 θεοῦ
1329 1764 1432 1828 ἕως
1454 1746 1675 1838 ἡμερῶν
1698 1770 1850 1840 τριά-

1955 590 2187 656 negotiis
2219 591 2361 659 regis
2382 607 2502 660 quae
2526 592 2766 660 gerebat.

2028 681 2180 737 Tunc
2220 700 2312 737 rex
2348 685 2588 740 decrevit
2638 685 2974 738 constituere
3025 682 3299 737 Dauielem
3355 699 3520 752 super

1956 773 2264 828 universum
2303 791 2526 846 regnum
2563 792 2745 840 suum,
2777 784 2830 829 et
2867 775 3005 830 duos
3031 774 3196 837 viros,
3225 787 3363 842 quos
3387 789 3518 827 con-

1954 865 2135 918 stituit
2164 881 2288 918 cum
2328 881 2414 930 eo,
2455 876 2508 920 et
2539 875 2786 936 satrapas
2809 871 3027 920 centum
3055 865 3246 935 viginti
3285 873 3513 933 septem.

1955 953 2184 1020 Quando
2212 965 2388 1010 autem
2426 957 2744 1011 deliberavit
2778 971 2873 1011 rex
2923 956 3256 1012 constituere
3315 944 3511 1010 Danie-

1955 1050 2056 1101 lem
2100 1062 2263 1116 super
2290 1062 2450 1102 omne
2475 1063 2698 1118 regnum
2735 1063 2917 1102 suum.

2021 1221 2072 1274 5.
2116 1220 2268 1276 Tunc
2315 1222 2602 1276 consilium
2673 1230 2728 1276 et
2775 1221 3103 1277 sententiam
3154 1221 3394 1274 inierunt
3437 1220 3511 1273 illi

1951 1309 2061 1364 duo
2101 1310 2472 1367 adolescentes
2507 1314 2645 1367 inter
2673 1327 2732 1367 se
2775 1313 3058 1382 loquentes
3087 1312 3314 1366 invicem
3349 1313 3516 1382 (quo-

1953 1405 2097 1456 niam
2127 1404 2332 1458 nullum
2363 1405 2641 1471 delictum,
2671 1420 2847 1474 neque
2881 1405 3242 1473 ignorantiam
3269 1405 3512 1458 invenie-

1951 1495 2080 1549 bant
2140 1505 2330 1550 eontra
2390 1497 2702 1561 Dauielem,
2757 1497 2824 1551 de
2867 1511 2974 1565 qua
3033 1504 3351 1550 accusarent
3387 1510 3510 1548 eum

1952 1587 2092 1654 apud
2124 1586 2343 1657 regem)
2391 1597 2444 1641 et
2487 1588 2741 1642 dixerunt
2775 1605 2788 1641 :
2823 1585 3050 1649 Venite,
3085 1596 3389 1642 statuamus
3426 1585 3515 1637 de.

1952 1678 2156 1732 finitam
2207 1679 2376 1749 legem
2435 1690 2626 1735 contra
2682 1679 3082 1749 nosmetipsos,
3127 1679 3270 1747 quod
3329 1677 3512 1730 nullus

1953 1769 2113 1823 homo
2144 1771 2360 1840 rogabit
2391 1771 2728 1840 petitionem,
2756 1787 2930 1841 neque
2962 1769 3344 1839 deprecabitnr
3371 1785 3511 1838 qua-

293 1855 466 1908 κοντα,
495 1841 612 1896 ἀλλ’
639 1843 672 1914 ἢ
707 1846 861 1916 παρὰ
888 1849 1112 1919 Δαρείου
1148 1851 1240 1905 τοῦ
1271 1829 1533 1921 βασιλέως
1553 1829 1642 1910 ’.εί
1669 1829 1840 1930 δὲ’μὴς

1951 1859 2278 1928 lemcunque
2309 1860 2472 1916 deum
2516 1877 2690 1931 usque
2725 1867 2789 1916 ad
2842 1863 2957 1917 dies
2986 1861 3202 1930 triginta
3225 1901 3240 1925 ,
3292 1869 3513 1929 praeter-

289 1933 665 1987 ἀποθανεῖταιο
701 1935 787 1988 ἵνα
818 1939 1091 2009 ὴττήσωσι
1127 1941 1217 1996 τὸν
1249 1945 1444 2016 Δανιὴλ
1487 1949 1729 2002 ἐναντίον
1755 1950 1846 2002 τοῦ

291 2023 566 2094 βασιλέως,
613 2028 707 2080 καὶ
756 2031 886 2101 eum
920 2035 998 2096 εἰς
1044 2033 1134 2087 τὸν
1185 2035 1384 2090 λάκκον
1439 2038 1547 2092 τῶν
1594 2039 1845 2094 λεόντων.

292 2115 542 2185 ᾟδεισαν
569 2117 700 2188 γὰρ,
744 2121 825 2173 ὅτι
863 2123 1058 2194 Δανιὴλ
1105 2127 1495 2197 προσεύχεται,
1539 2131 1635 2184 καὶ⁹
1666 2131 1846 2184 δεῖται

287 2206 487 2277 Κυρίου
521 2207 615 2261 τοῦ
639 2208 774 2262 Θεοῦ
801 2211 1105 2284 αὑτοῦ-τρὶς
1132 2215 1230 2286 τῆς
1260 2218 1493 2288 ἡμέρας.

348 2385 400 2441 6.
418 2387 553 2449 Τότε
578 2391 953 2462 προσήλθοσαν
973 2394 1021 2448 oi
1045 2395 1316 2468 ἄνθρωποι
1334 2400 1548 2466 ἐκεῖνοι,
1576 2403 1668 2455 καὶ
1688 2400 1846 2459 εἶπαν

285 2479 514 2534 ἐναντίον
543 2479 639 2534 τοῦ
673 2482 952 2552 βασιλέως.

349 2572 399 2624 7.
441 2571 702 2644 Ὀρισμὸν
753 2577 847 2628 καὶ
865 2577 1055 2631 στάσιν
1069 2579 1393 2651 ἐστήσαμεν,
1415 2583 1496 2636 ὅτι
1524 2586 1632 2650 πᾶς
1644 2587 1846 2658 ἄνθρω-

281 2676 406 2728 πος,
437 2663 497 2726 ὃς
527 2664 595 2717 ἂν
625 2665 844 2736 εὔξηται
874 2669 1057 2739 εὐχὴν,
1083 2669 1115 2740 ἢ
1142 2670 1346 2744 ἀξιώσῃ
1369 2672 1587 2744 ἀξίωμά
1614 2694 1664 2730 τι
1697 2678 1846 2748 παρὰ

282 2755 476 2819 παντὸς
530 2755 660 2810 θεοῦ
703 2758 808 2821 ἓως
847 2761 1068 2832 ἡμερῶν
1109 2763 1436 2832 τριάκοντα,
1471 2766 1585 2820 ἀλλ’
1631 2768 1663 2838 ἢ
1694 2769 1843 2841 παρὰ

269 2845 498 2917 Δαρείου
523 2847 617 2900 τοῦ
643 2848 925 2917 βασιλέως.
962 2914 967 2918 η

321 2935 396 2993 -8,
433 2939 745 3009 Ῥιφήσεται
773 2941 852 3002 είς
877 2941 968 2994 τὸν
1001 2942 1201 2998 λάκκον
1228 2946 1334 2998 τῶν
1357 2946 1606 3002 λεόντων.

343 3025 394 3083 9.
422 3029 534 3081 Kal
565 3029 738 3092 οὕτως
764 3033 792 3082 6
822 3029 1073 3099 βασιλεὺς
1094 3036 1316 3106 Δαρεῖος
1347 3037 1564 3107 ἔστησε,
1591 3038 1686 3090 καὶ
1715 3039 1842 3091 ἐκύ-

279 3135 468 3190 ρωσεν.

347 3210 429 3262 10.
474 3210 758 3278 Ἐπιγνοὺς
789 3211 844 3264 δὲ
871 3213 1068 3284 Δανιὴλ
1113 3214 1202 3267 τὸν
1234 3216 1459 3286 ὁρισμὸν
1481 3257 1496 3282 ,
1543 3221 1602 3271 δν
1644 3218 1839 3289 ἔστησε

275 3300 393 3350 κατ’
452 3299 640 3359 αὐτοῦ,
677 3299 894 3370 θυρίδας
933 3300 1139 3372 ἤνοιξεν
1179 3303 1236 3354 ὲν
1269 3303 1346 3372 τῷ
1396 3305 1625 3376 ὑπερῴῳ
1673 3305 1840 3357 αὐτοῦ

274 3388 556 3443 κατέναντι
602 3390 955 3462 Ἰερουσαλήμ
982 3409 992 3420 ·
1051 3395 1142 3445 καὶ
1173 3393 1402 3446 ἔπιπτεν
1433 3395 1524 3446 ἐπὶ
1553 3395 1842 3465 πρόσωπον

273 3481 434 3535 αὑτοῦ
464 3481 584 3551 τρὶς
611 3485 712 3554 τῆς
737 3483 966 3554 ἡμέρας,
991 3485 1172 3549 καθὼς
1201 3486 1373 3538 ἐποίει
1397 3486 1725 3556 ἔμπροσθεν,
1748 3487 1842 3540 καὶ

272 3573 461 3627 ἐδεῖτο.

331 3665 428 3719 -1Ι.
461 3666 571 3718 Kal
612 3665 768 3719 αὐτοὶ
806 3667 1079 3738 ἐτήρησαν
1106 3667 1196 3720 τὸν
1231 3668 1451 3740 Δανιὴλ,
1484 3669 1577 3722 καὶ
1608 3669 1838 3723 κατελά-

210 3782 219 3788 ·
257 3757 432 3812 ΰοσαν
456 3759 619 3812 αὑτὸν
642 3759 933 3829 εὐχόμενον
956 3763 1075 3831 τρὶς
1096 3761 1196 3833 τῆς
1223 3761 1434 3832 ἡμέρας
1459 3761 1580 3816 καθ’
1603 3763 1838 3833 ἑκάστην

257 3851 501 3920 animv-

341 3965 426 4019 12.
475 3966 608 4018 Τότε
632 3961 778 4019 οὗτοι
805 3966 858 4017 οἱ
903 3965 1178 4036 ἄνθρωποι
1221 3965 1468 4036 ἐνέτυχον
1500 3966 1578 4037 τῷ
1607 3967 1835 4036 βασιλεῖ,

254 4057 361 4112 καὶ
388 4055 568 4111 εἶπαν·
603 4059 792 4128 Δαρεῖε
843 4057 1086 4126 βασιλεῦ,
1118 4058 1216 4127 οὐχ
1235 4059 1462 4128 ὁρισμὸν
1509 4060 1715 4130 ὡρίσω,
1753 4062 1838 4113 ἴνα

265 4153 374 4213 πᾶς
402 4148 687 4219 ἄνθρωπος
720 4147 794 4218 μὴ
819 4147 1040 4214 εὔξηται
1067 4147 1250 4218 εὐχὴν,
1276 4149 1408 4219 μηδὲ
1439 4148 1644 4222 ἀξιώσῃ
1672 4152 1834 4215 ἀξίω-

271 4260 344 4312 μα
370 4241 524 4312 παρὰ
549 4241 750 4302 παντὸς
787 4240 922 4294 Θεοῦ
969 4240 1072 4304 ἕως
1097 4241 1320 4312 ἡμερῶν
1356 4243 1667 4313 τριάκοντα,
1702 4245 1838 4298 ἀλλὰ

261 4335 417 4404 παρὰ
441 4332 559 4399 σοῦ,
595 4331 850 4402 βασιλεῦ;
883 4333 932 4385 εί
963 4332 1021 4386 δὲ
1053 4333 1148 4403 μὴ,
1175 4335 1461 4404 ριφήσεται
1490 4336 1571 4398 είς
1592 4333 1683 4388 τὸν
1701 4334 1836 4388 λάκ-

265 4442 358 4480 κον
382 4426 492 4479 τῶν
517 4425 770 4479 λεόντων.

333 4540 418 4594 13.
449 4538 792 4609 Ἀποκριθεὶς
819 4538 875 4591 δὲ
905 4540 932 4590 6
951 4539 1204 4608 βασιλεὺς
1231 4534 1384 4592 εἶπεν
1414 4539 1622 4604 αὐτοῖς,
1644 4541 1834 4613 Ἀκρι-

267 4631 361 4702 ὕὴς
389 4633 420 4684 6
447 4631 623 4701 λόγος,
649 4633 740 4685 καὶ
778 4635 929 4702 μενεῖ
951 4635 979 4686 6
1023 4633 1269 4703 ὁρισμός.
1323 4635 1432 4687 Καὶ
1481 4629 1634 4687 εἷπον
1660 4634 1830 4706 αὐτῷ·

277 4724 596 4796 Ὀρκίζομέν
614 4742 672 4778 σε
696 4727 806 4788 τοῖς
833 4725 1034 4795 Μήδων
1079 4727 1172 4778 καλ
1194 4727 1420 4798 Περσῶν
1440 4726 1722 4795 δόγμασιν,
1749 4728 1836 4780 ἵνα

271 4813 342 4884 μὴ
370 4814 671 4886 ἀλλοιώσῃς
704 4814 762 4866 τὺ
791 4814 1141 4885 πρόσταγμα,
1178 4815 1309 4885 μηδὲ
1346 4815 1631 4887 θαυμάσῃς
1668 4817 1833 4886 πρόσ-

267 4921 411 4957 ωπον
429 4919 443 4931 °
478 4907 573 4957 καὶ
595 4904 684 4957 ἵνα
716 4902 788 4974 μὴ
818 4902 1122 4976 ὲλαττώσῃς
1151 4920 1202 4956 τι
1221 4904 1328 4957 τῶν
1343 4905 1668 4976 εἰρημένων,
1698 4906 1834 4960 ἀλλὰ

268 4996 358 5048 καὶ
390 4994 629 5068 κολάσῃς
658 4994 747 5048 τὸν
785 4994 1091 5065 ἄνθρωπον,
1124 4995 1181 5059 ὃς
1207 4996 1306 5050 οὐκ
1329 4997 1571 5067 ἐνέμεινε
1604 4997 1682 5068 τῷ
1722 5001 1832 5068 ὁρι-

269 5086 387 5155 σμῷ
405 5087 598 5155 τούτῳ.
619 5087 731 5140 Kal
750 5082 919 5141 εἶπενο
949 5086 1134 5150 Οῦτως
1151 5088 1379 5157 ποιήσω,
1409 5087 1592 5153 καθὼς
1621 5088 1828 5157 λέγετε,

268 5174 356 5226 καὶ
374 5175 571 5247 ἕστηκέ
598 5193 688 5245 μοι.
717 5175 891 5231 τοῦτο.

335 5286 419 5339 14.
448 5285 557 5338 Καὶ
587 5281 778 5339 εἶπανο
813 5286 940 5340 Ἰδοὺ
963 5285 1198 5357 εὕρομεν
1226 5286 1423 5356 Δανιὴλ
1450 5286 1542 5340 τὸν
1572 5285 1720 5354 φίλον
1738 5303 1828 5339 σου

268 5374 553 5444 εὐχόμενον
577 5376 681 5428 καὶ
703 5375 954 5444 δεόμενον
977 5374 1070 5428 τοῦ
1103 5375 1393 5446 προσώπου
1433 5376 1526 5430 τοῦ
1572 5375 1705 5428 Θεοῦ
1735 5379 1833 5429 αύ-

267 5462 354 5516 τοῦ
397 5465 520 5535 τρὶς
564 5468 664 5535 τῆς
689 5465 918 5536 ἡμέρας.
961 5465 1070 5518 Kal
1117 5463 1452 5536 λυπούμενος
1496 5467 1523 5518 6
1554 5465 1827 5535 βασιλεὺς,

263 5553 414 5607 εἶπεν
447 5555 668 5625 ῥιφῆναι
696 5555 787 5609 τὸν
816 5556 1014 5625 Δανιὴλ
1044 5557 1124 5618 είς
1157 5555 1248 5608 τὸν
1282 5555 1482 5609 λάκκον
1525 5557 1634 5609 τῶν
1680 5557 1828 5610 λεόν-

264 5664 386 5710 των,
417 5647 556 5701 κατὰ
581 5648 672 5700 τὸν
691 5648 914 5719 ὁρισμὸν
943 5649 1002 5702 ὃν
1032 5649 1225 5720 ἔστησε
1263 5649 1383 5702 κατ’
1418 5649 1605 5703 αὑτοῦ.
1639 5651 1768 5703 Τότε
1800 5653 1828 5704 6

266 5737 511 5804 βασιλεὺς
547 5739 750 5810 σφόδρα
774 5740 1014 5811 ἐλυπήθη
1040 5741 1131 5794 επὶ
1167 5741 1256 5795 τὸν
1289 5741 1507 5814 Δανιὴλ,
1537 5741 1630 5796 xal
1665 5742 1824 5813 ἐϐοή-

1946 1965 2110 2020 quam
2147 1950 2366 2006 Darium
2420 1968 2640 2021 regem:
2683 1954 2825 2021 quod
2872 1953 2928 2006 ni
2970 1950 3162 2011 faciat,
3213 1952 3526 2015 morietur;

1947 2050 2006 2095 ut
2033 2041 2312 2098 vincerent
2343 2043 2619 2098 Dauielem
2663 2044 2715 2097 in
2749 2052 3039 2112 conspectu
3089 2043 3252 2112 regis,
3292 2051 3346 2094 ct
3380 2056 3508 2109 pro-

1941 2130 2206 2200 jiceretur
2244 2133 2299 2187 in
2343 2133 2521 2188 laeum
2567 2135 2808 2189 leonum.
2842 2131 3117 2188 Noverant
3149 2131 3325 2194 enim,
3362 2133 3507 2200 quod

1951 2221 2136 2277 Daniel
2187 2234 2392 2287 oraret.
2440 2233 2495 2280 et
2556 2225 2939 2295 deprecaretur
2991 2225 3278 2280 Dominum
3338 2225 3506 2278 Deum

1945 2328 2104 2367 suum
2133 2324 2211 2369 ter
2243 2315 2296 2370 in
2321 2315 2429 2372 die.

2015 2403 2070 2460 6.
2102 2404 2256 2462 Tunc
2305 2419 2655 2466 accesserunt
2703 2409 2956 2464 homines
2997 2409 3114 2472 illi,
3148 2417 3203 2463 et
3249 2407 3507 2462 dixerunt

1943 2508 2128 2550 coram
2161 2511 2308 2566 rege.

2016 2587 2066 2642 7.
2105 2588 2388 2645 Dellnitam
2414 2593 2606 2663 legem,
2638 2602 2692 2648 et
2715 2593 3154 2648 constitutionem
3192 2592 3505 2650 statuimus,

1943 2681 2089 2749 quod
2125 2683 2303 2739 omnis
2330 2685 2494 2740 homo
2533 2687 2865 2756 quicumque
2893 2686 3166 2748 oraverit,
3194 2693 3248 2737 et
3279 2697 3506 2752 rogave-

1943 2773 2016 2827 rit
2043 2775 2355 2843 petitionem
2385 2777 2622 2846 aliquam
2659 2778 2729 2831 ab
2767 2776 2914 2832 omni
2945 2777 3047 2831 deo
3084 2789 3258 2845 usque
3283 2774 3350 2828 ad
3378 2773 3498 2827 dies

1941 2865 2185 2935 triginta,
2214 2867 2318 2922 nisi
2352 2884 2382 2922 a
2431 2867 2589 2924 Dario
2617 2883 2741 2940 rege
2762 2907 2777 2931 ,

2012 2956 2065 3009 8.
2096 2957 2421 3026 Projicietur
2448 2959 2500 3012 in
2531 2959 2705 3014 lacum
2739 2959 2976 3014 leonum.

2011 3047 2065 3103 9.
2104 3048 2168 3102 Et
2199 3051 2266 3104 ita
2295 3066 2387 3105 rex
2419 3051 2612 3107 Darius
2641 3054 2849 3116 statuit,
2877 3059 2928 3106 et
2955 3061 3128 3104 ratum
3159 3048 3301 3104 fecit.

2015 3225 2102 3279 10.
2139 3225 2276 3280 Cum
2305 3233 2481 3280 autem
2532 3225 2721 3280 Daniel
2763 3223 3107 3294 cognovisset
3158 3219 3504 3276 constitutio-

1943 3331 2064 3368 nem
2094 3354 2110 3379 ,
2140 3331 2302 3385 quam
2336 3325 2606 3370 statuerat
2647 3324 2837 3370 contra
2875 3330 2956 3380 se,
2990 3313 3254 3369 fenestras
3293 3313 3505 3382 aperuit

1942 3405 1994 3458 in
2033 3421 2248 3460 summa
2279 3407 2475 3460 aedium
2510 3422 2734 3460 suarum
2776 3414 2930 3475 parte
2955 3413 3145 3459 contra
3175 3403 3502 3466 Jerusalem,

1939 3505 1993 3550 et
2032 3496 2342 3565 procidebat
2375 3512 2539 3567 super
2573 3497 2770 3552 faciem
2815 3513 2970 3552 suam
3003 3508 3084 3553 ter
3115 3497 3168 3551 in
3207 3497 3328 3561 die,
3360 3496 3501 3551 sicut

1942 3586 2171 3643 faciebat
2195 3597 2373 3652 antea,
2407 3599 2457 3643 et
2495 3591 2904 3660 deprecabatur.

2012 3680 2098 3734 11.
2136 3679 2203 3735 Et
2238 3681 2338 3750 ipsi
2377 3682 2741 3736 observarunt
2777 3681 3082 3745 Danielem,
3116 3691 3171 3734 et
3204 3679 3502 3750 deprehen-

1939 3773 2132 3829 derunt
2155 3789 2278 3828 eum
2307 3783 2553 3828 orantem
2581 3784 2660 3829 ter
2688 3774 2741 3828 in
2778 3773 2864 3828 die
2884 3771 3146 3843 quotidie.

2013 3975 2096 4028 l2.
2136 3973 2290 4029 Tunc
2329 3973 2418 4028 isti
2465 3973 2717 4028 homines
2759 3979 3130 4026 convenerunt
3177 3985 3394 4040 regem,
3445 3979 3502 4024 et

1938 4067 2195 4120 dixerunt
2229 4085 2242 4119 :
2282 4063 2442 4118 Darie
2470 4079 2587 4129 rex,
2627 4077 2808 4116 nonne
2834 4062 3003 4132 legem
3028 4060 3352 4126 statuisti,ut
3381 4077 3500 4114 om-

1940 4156 2024 4210 nis
2043 4156 2204 4209 homo
2225 4171 2330 4209 non
2364 4163 2505 4220 oret,
2529 4169 2706 4222 neque
2728 4159 2878 4222 roget
2907 4151 3222 4220 petitionem
3250 4151 3318 4205 ab
3349 4153 3496 4204 omni

1938 4243 2048 4298 Deo
2079 4259 2252 4314 usque
2294 4243 2360 4297 ad
2399 4243 2516 4297 dies
2546 4242 2765 4312 triginta
2791 4282 2806 4306 ,
2846 4241 2948 4295 nisi
2986 4255 3015 4292 a
3056 4248 3128 4304 te,
3165 4255 3293 4294 rex:
3339 4256 3500 4296 secus

1937 4348 2089 4399 vero,
2113 4331 2432 4403 projiciatur
2462 4332 2514 4386 in
2549 4332 2721 4385 lacum
2763 4330 3012 4384 leonum?

2011 4537 2092 4590 15.
2135 4534 2489 4604 Rcspondens
2519 4543 2697 4588 autem
2743 4549 2834 4586 rex
2863 4532 3000 4587 dixit
3043 4531 3160 4588 eis:
3195 4534 3388 4588 Certus
3417 4544 3499 4590 est

1937 4642 2136 4692 sermo,
2165 4637 2219 4681 et
2263 4625 2504 4680 manebit
2535 4625 2640 4679 lex.
2669 4623 2733 4677 Et
2765 4624 3019 4677 dixerunt
3044 4622 3093 4676 ei
3128 4639 3142 4676 :
3170 4621 3499 4692 Adjuramus

1935 4727 1987 4772 te
2017 4733 2113 4786 per
2144 4717 2420 4770 Medorum
2472 4725 2526 4770 et
2564 4713 2846 4768 Persarum
2876 4713 3111 4773 decreta,
3150 4721 3206 4767 ut
3237 4729 3340 4766 non
3375 4728 3498 4782 per-

1936 4821 2113 4863 mutes
2139 4815 2464 4878 prmceptum
2487 4848 2503 4872 ,
2537 4821 2711 4876 neque
2750 4806 3038 4860 admireris
3069 4819 3357 4875 personam
3398 4821 3410 4859 :
3445 4813 3500 4859 et

1936 4911 1991 4953 ut
2026 4914 2131 4952 non
2173 4899 2427 4952 detrahas
2477 4896 2774 4965 quidquam
2827 4911 2892 4950 ex
2945 4895 3064 4960 his,
3110 4910 3232 4962 qua:
3281 4895 3496 4949 decreta

1934 5001 2094 5057 sunt;
2127 4990 2258 5059 quin
2301 4989 2410 5043 imo
2450 4987 2646 5058 punias
2674 4987 2950 5040 hominem
2973 5026 2986 5047 ,
3017 4988 3345 5055 quicumque
3386 5003 3496 5040 non

1933 5082 2142 5135 steterit
2185 5080 2560 5135 constitutioni
2609 5079 2756 5132 huic.
2825 5076 2892 5130 Et
2939 5077 3118 5130 dixit:
3181 5077 3253 5131 Ita
3278 5075 3494 5143 faciam,

1933 5169 2388 5238 quemadmodum
2420 5169 2622 5232 dicitis,
2645 5176 2700 5222 et
2720 5177 2894 5222 ratum
2923 5176 3004 5222 est
3035 5165 3164 5220 mihi
3189 5166 3353 5222 istud.

2004 5281 2089 5334 14.
2127 5283 2189 5334 Et
2214 5282 2502 5336 dixerunt;
2539 5279 2679 5335 Ecce
2718 5281 3026 5334 invenimus
3060 5279 3330 5335 Dauielem
3365 5281 3500 5336 ami-

1932 5389 2053 5426 cum
2095 5381 2245 5426 tuum
2275 5382 2541 5438 orantem,
2573 5381 2624 5426 et
2657 5372 3034 5435 deprecantem
3077 5373 3264 5427 faciem
3293 5372 3381 5427 Dei
3411 5373 3495 5427 sui

1933 5473 2014 5518 ter
2057 5465 2108 5516 in
2161 5464 2269 5517 die.
2307 5463 2370 5519 Et
2399 5465 2757 5519 contristatus
2808 5479 2922 5530 rex,
2977 5463 3113 5518 dixit
3152 5471 3209 5517 ut
3264 5465 3492 5534 projice-

1931 5565 2080 5610 retur
2111 5555 2293 5609 lianiel
2319 5555 2372 5607 in
2404 5555 2579 5608 lacum
2609 5555 2822 5607 leonum
2852 5555 3004 5622 juxta
3037 5554 3492 5621 constitutionem,

1930 5663 2090 5716 quam
2123 5656 2384 5705 statuerat
2423 5648 2682 5702 adversus
2707 5661 2852 5700 cum.
2891 5645 3041 5701 Tunc
3065 5662 3152 5700 rex
3196 5647 3493 5701 vehementi

1929 5740 2118 5796 dolore
2149 5739 2374 5795 affectus
2420 5751 2504 5794 est
2550 5754 2714 5811 super
2760 5736 3056 5805 Danie'em,
3108 5747 3162 5794 et
3211 5737 3500 5809 adjuvahat
