4122 6320
552 362 695 418 2807

1630 363 2099 423 HEXAPLORUM
2139 362 2309 430 QUE
2351 363 2781 422 SUPERSUNT.

3644 367 3788 423 2808

546 492 720 544 usque.
746 477 812 534 ad
835 491 1088 536 occasum
1116 482 1270 545 solis,
1292 492 1349 537 ut
1375 483 1602 553 eriperet
1625 499 1746 539 eum
1770 485 1836 538 de
1861 483 2114 537 manibus

2223 477 2296 531 Bst
2323 479 2418 533 τοῦ
2442 479 2718 542 ἐξελέσθαι
2747 480 2907 534 αὑτὸν
2937 481 3038 545 ῑως
3081 479 3301 552 δυσμῶν
3347 477 3494 549 ἡλίου
3542 478 3650 532 ἀπὸ
3676 479 3789 532 τῶν

545 581 909 639 satraparum.

614 662 702 716 15.
729 662 792 717 Et
815 679 922 718 non
960 666 1132 733 potuit
1167 667 1394 722 liberare
1417 682 1539 720 eum
1569 667 1635 721 ab
1660 667 1752 721 eis.

615 755 702 811 l6.
735 755 1056 812 Exclamaus
1105 766 1286 811 autem
1341 757 1534 812 Darius
1569 773 1661 812 rex
1687 757 1823 812 dixit
1853 755 2060 811 Danieli
2094 774 2107 810 :

546 845 689 900 Deus
739 855 884 910 tuus,
945 863 1104 916 quem
1137 858 1190 900 tu
1229 849 1364 902 colis
1383 848 1585 918 jugiter
1631 857 1711 903 ter
1749 848 1940 911 indie,
1994 848 2110 917 ipse

545 939 766 1007 erripiet
797 947 849 993 te
872 939 939 992 de
981 954 1143 992 manu
1184 939 1428 1004 leonum;
1473 955 1645 1009 usque
1695 956 1854 996 mane
1880 940 2109 996 conﬁde.

617 1116 703 1168 l7.
748 1112 900 1168 Tunc
925 1112 1110 1167 Daniel
1150 1115 1424 1185 projectus
1459 1126 1539 1171 est
1568 1116 1620 1170 in
1656 1117 1834 1172 lacum
1868 1119 2107 1172 leonum.

548 1205 609 1259 Et
649 1206 842 1260 allatus
869 1216 950 1259 est
977 1205 1133 1275 lapis,
1163 1217 1216 1261 et
1237 1209 1445 1273 positus
1486 1216 1570 1263 est
1597 1223 1760 1278 super
1790 1225 1854 1263 os
1883 1210 1981 1264 laci
2011 1229 2025 1276 ;
2059 1220 2112 1264 et

545 1298 849 1367 obsignavit
877 1313 970 1352 rex
1001 1299 1202 1353 annulo
1218 1315 1337 1366 suo,
1351 1310 1405 1355 et
1427 1301 1641 1356 annulis
1656 1303 1974 1370 optimatum
1993 1316 2113 1357 suo.

547 1405 690 1454 rum,
711 1401 767 1443 ut
796 1405 900 1444 non
929 1390 999 1444 ah
1027 1391 1135 1446 illis
1163 1391 1440 1446 tolleretur
1462 1391 1670 1460 Daniel,
1708 1403 1905 1449 autrex
1925 1404 2111 1450 extra-

549 1481 699 1536 heret
725 1497 846 1537 eum
871 1485 936 1538 de
961 1483 1102 1538 lacu.

620 1658 706 1713 18.
741 1657 891 1713 Tunc
944 1675 1196 1715 reversus
1235 1668 1318 1715 est
1356 1676 1452 1716 rex
1502 1661 1556 1715 in
1577 1661 1778 1731 regiam
1829 1675 2005 1725 suam,
2059 1667 2113 1715 et

548 1752 881 1819 pernoctavit
915 1752 1156 1821 jejunus,
1184 1761 1238 1807 et
1262 1761 1379 1807 erat
1414 1763 1642 1808 moestus
1671 1762 1889 1823 propter
1914 1753 2110 1809 Danie-

2217 573 2415 643 χειρῶν
2445 573 2552 626 τῶν
2585 573 2898 642 σατραπῶν.

2291 664 2374 718 15.
2409 665 2518 716 Καὶ
2546 663 2646 716 οὐκ
2668 663 2896 734 ἠδύνατο
2919 663 3191 730 ἐξελέσθαι
3221 663 3384 716 αὐτὸν
3405 661 3501 716 ἀπ’
3517 661 3715 716 αὐτῶν.

2291 754 2376 808 16.
2423 754 2753 822 Ἀναϐοήσας
2783 755 2838 806 δὲ
2863 757 3084 825 Δαρεῖος
3111 757 3139 809 6
3169 753 3420 824 βασιλεὺς
3441 749 3564 806 εἷπε
3589 753 3667 824 τῷ
3687 761 3791 806 Δα-

2216 847 2357 916 νιὴλ·
2394 837 2460 898 Ὀ
2498 847 2630 909 Θεός
2661 863 2774 908 σου,
2819 839 2864 912 ᾧ
2891 847 2954 899 σὺ
2995 845 3278 917 λατρεύεις
3321 844 3632 915 ἐνδελεχῶς,
3667 846 3791 915 τρὶς

2215 938 2314 1007 τῆς
2339 939 2572 1008 ἡμέρας.
2603 937 2763 1000 αὐτὸς
2797 936 3058 1000 ὲξελεϊταί
3087 953 3146 989 σε
3174 939 3236 989 ἐκ
3280 936 3463 1006 χειρὸς
3509 935 3620 988 τῶν
3642 935 3791 989 λεόν-

2217 1047 2343 1095 των,
2374 1030 2477 1092 ἓως
2499 1029 2642 1099 πρωῒ
2672 1030 2883 1100 θάρῤει.

2291 1121 2375 1173 17.
2405 1118 2537 1172 Τότε
2567 1119 2764 1188 Δανιὴλ
2789 1117 2988 1189 ἐρρίφη
3019 1115 3095 1179 εἰς
3123 1115 3215 1168 τὸν
3261 1114 3461 1168 λάκκον
3498 1113 3607 1166 τῶν
3641 1113 3792 1167 λεόν-

2217 1229 2322 1264 των
2341 1250 2355 1274 ,
2406 1211 2498 1263 καὶ
2524 1210 2722 1279 ἠνέχθη
2754 1208 2920 1271 λίθος,
2955 1208 3048 1261 κα)⁵
3086 1205 3244 1276 ἐτέθη
3275 1207 3354 1268 εἰς
3381 1205 3440 1258 τὸ
3489 1207 3663 1274 στόμα
3690 1202 3787 1259 τοῦ

2215 1301 2439 1365 λάκκου,
2471 1302 2567 1353 καὶ
2596 1300 2964 1370 ὲσφραγίσατο
2988 1302 3015 1352 6
3044 1297 3293 1368 βασιλεὺς
3327 1298 3386 1350 ὲν
3410 1297 3487 1366 τῷ
3518 1295 3789 1366 δακτυλίῳ

2217 1391 2431 1456 ἑαυτοῦ,
2465 1393 2558 1445 καὶ
2593 1395 2652 1444 ὲν
2681 1394 2791 1453 τοῖς
2828 1389 3130 1452 δακτυλίοις
3169 1390 3276 1442 τῶν
3306 1377 3644 1458 μεγιστάνων
3683 1389 3786 1441 αὐ-

2215 1483 2331 1549 τού,
2359 1483 2507 1544 ὅπως
2543 1483 2616 1552 μὴ
2643 1482 2736 1536 ἀπ’
2764 1482 2941 1536 αὐτῶν
2968 1480 3106 1552 ἀρθῇ
3128 1482 3156 1533 6
3189 1480 3385 1548 Δανιὴλ
3421 1479 3559 1548 4ηῆ
3587 1481 3613 1532 ὁ
3640 1478 3792 1547 βασις

2216 1572 2340 1636 λεὺς
2372 1573 2533 1626 αὐτὸν
2558 1572 2850 1645 ἀνασπάσῃ
2882 1573 2945 1626 ὲκ
2968 1571 3061 1624 τοῦ
3084 1570 3285 1624 λάκκου
3307 1570 3344 1640 /

2295 1668 2377 1721 18.
2413 1667 2546 1720 Τότε
2594 1667 2932 1736 ὑπέστρεψεν
2970 1668 2998 1718 6
3049 1664 3300 1734 βασιλεὺς
3345 1663 3424 1724 εις
3451 1663 3520 1716 τὰ
3541 1661 3789 1734 βασίλεια

2219 1757 2381 1813 αὑτοῦ
2405 1801 2420 1824 ,
2454 1759 2548 1812 καὶ
2581 1757 2806 1829 ηὐλίσθη
2829 1758 3050 1827 νήστης,
3082 1755 3175 1808 καὶ
3203 1751 3271 1824 ἦν
3300 1753 3633 1821 λυπούμενος
3658 1751 3791 1820 περὶ

549 1844 674 1896 inm.
696 1843 848 1899 'l‘unc
875 1843 1015 1898 Deus
1045 1845 1300 1912 Danielis,
1329 1861 1515 1900 curam
1544 1847 1751 1902 habens
1788 1847 1951 1910 illius,
1979 1861 2112 1901 con-

2223 1851 2312 1906 τοῦ
2343 1853 2561 1922 Δανιὴλ.
2592 1825 2723 1904 Τότε
2742 1853 2770 1903 ό
2796 1825 2928 1913 Θεδς
2955 1825 3048 1901 τοῦ
3067 1847 3287 1917 Δανιὴλ,
3319 1846 3575 1915 πρόνοιαν
3609 1846 3790 1900 ποιού-

548 1936 711 1990 clusit
757 1950 852 1990 ora
899 1936 1138 2005 leonum,
1191 1946 1245 1994 et
1293 1938 1598 1994 molestiam
1664 1953 1769 1992 non
1821 1942 2118 1994 attulerunt

548 2024 779 2080 Danieli.

619 2115 707 2172 19.
733 2115 800 2171 Ει
828 2133 923 2171 rex
968 2116 1164 2174 Darius
1219 2120 1454 2174 surrexit
1490 2120 1747 2184 diluculo,
1773 2128 1828 2175 et
1852 2119 2144 2190 assumpsit

549 2221 734 2262 secum
800 2219 1066 2280 satrapas,
1119 2218 1174 2266 et
1228 2211 1417 2267 abiens
1480 2212 1633 2266 stetit
1673 2227 1837 2281 super
1893 2227 1955 2266 os
2015 2211 2116 2265 laci

548 2299 790 2356 leonum.

616 2390 706 2446 20.
734 2392 926 2448 Postea
953 2409 1043 2448 rex
1074 2395 1288 2450 vocavit
1309 2393 1582 2450 Danielem
1613 2409 1746 2448 voce
1773 2407 1966 2462 magna
1990 2407 2113 2446 eum

549 2485 676 2537 lletu
715 2485 900 2539 dicens
930 2503 943 2539 :
978 2485 1022 2539 Ο
1052 2486 1256 2553 Daniel,
1287 2487 1331 2542 si
1362 2486 1498 2541 forte
1528 2485 1683 2549 vivis,
1715 2495 1769 2539 et
1799 2483 1940 2539 Deus
1970 2493 2114 2548 tuus,

550 2590 710 2644 quem
751 2575 886 2631 colis
916 2592 1150 2646 semper,
1187 2580 1420 2634 servavit
1447 2588 1501 2636 te
1537 2577 1610 2633 de
1631 2577 1899 2643 leonibus,
1919 2585 1973 2631 et
2008 2591 2114 2630 non

550 2668 924 2722 contriverunt
949 2677 1000 2722 te
1019 2669 1042 2720 ?

619 2760 710 2814 21.
744 2757 898 2813 Tunc
921 2759 1106 2814 Daniel
1133 2760 1388 2814 clamavit
1418 2775 1550 2815 voce
1571 2774 1786 2829 magna,
1817 2756 2043 2812 etdixit:

619 2852 710 2906 22.
737 2850 872 2916 Rex,
909 2853 1085 2905 adhuc
1106 2866 1224 2907 sum
1265 2852 1469 2918 vivens,
1508 2862 1563 2907 et
1589 2851 1840 2906 liberavit
1867 2865 1950 2904 me
1979 2849 2118 2904 Deus

550 2944 618 2998 de
640 2943 907 3009 leonibus,
929 2959 995 2997 eo
1011 2945 1153 3013 quod
1173 2943 1384 3012 iustitia
1405 2945 1456 2997 in
1475 2959 1562 2998 me.
1586 2943 1804 2996 inventa
1828 2950 1911 2996 est
1931 2955 2114 2996 coram

553 3052 654 3102 eo;
696 3037 789 3091 sed
820 3047 874 3090 et
907 3036 961 3090 in
995 3046 1282 3104 conspectu
1307 3044 1419 3099 tuo,
1445 3050 1557 3099 rex,
1593 3049 1767 3102 neque
1791 3031 2116 3104 ignorantia,

2221 1959 2378 2013 μενος
2400 1942 2584 2005 αὐτοῦ,
2614 1940 2903 1995 ἀπέκλεισε
2928 1939 2994 1992 τὰ
3021 1939 3266 2009 στόματα
3285 1937 3392 1989 τῶν
3419 1936 3669 1997 λεόντων,
3693 1932 3790 1987 καὶ

2216 2037 2274 2088 ού
2317 2035 2748 2105 παρηνώχλησαν
2775 2033 2852 2103 τῷ
2872 2032 3096 2102 Δανιὴλ.

2289 2125 2373 2180 l9.
2406 2128 2513 2179 Καὶ
2555 2127 2583 2176 ό
2617 2124 2866 2194 βασιλεὺς
2919 2125 3140 2193 Δαρεῖος
3186 2119 3422 2191 ὦρθρισε
3471 2115 3637 2188 πρωῒ,
3691 2113 3788 2168 καὶ

2217 2218 2492 2285 παρέλαϐε
2522 2217 2638 2287 μεθ’
2667 2215 2862 2270 ἑαυτοῦ
2891 2216 3017 2279 τοὺς
3049 2213 3351 2286 σατράπας,
3382 2213 3478 2266 καὶ
3504 2207 3791 2282 πορευθεὶς

2216 2308 2344 2377 ἔστη
2375 2311 2466 2362 ἐπὶ
2489 2308 2580 2362 τοῦ
2624 2309 2888 2378 στόματος
2915 2306 3008 2359 τοῦ
3034 2306 3234 2360 λάκκου
3258 2305 3366 2357 τῶν
3393 2303 3643 2368 λεόντων.

2287 2400 2379 2456 20.
2413 2399 2544 2452 Τότε
2578 2401 2605 2452 6
2637 2398 2892 2468 βασιλεὺς
2919 2398 3142 2451 ἐκάλεσε
3170 2396 3260 2449 τὸν
3286 2394 3482 2465 Δανιὴλ
3512 2395 3659 2462 φωνῇ
3689 2407 3788 2460 με⁹

2219 2492 2356 2562 γάλῃ
2391 2490 2529 2561 μετὰ
2565 2489 2862 2559 κλαυθμοῦ,
2888 2490 3058 2557 λέγων
3079 2504 3090 2516 ·
3119 2484 3187 2540 Ὦ
3210 2485 3428 2556 Δανιὴλ,
3457 2487 3503 2538 εἰ
3535 2484 3642 2554 ἄρα
3665 2483 3787 2551 ζῇς,

2217 2584 2370 2637 καὶὸ
2393 2582 2523 2645 Θεός
2570 2599 2684 2647 σου,
2801 2580 3083 2647 λατρεύεις
3127 2577 3437 2648 ἐνδελεχῶς,
3473 2575 3678 2628 σέσωκέ
3727 2590 3786 2626 σε

2218 2676 2326 2731 ἀπὸ
2353 2676 2461 2729 τῶν
2483 2677 2733 2738 λεόντων,
2763 2675 2856 2727 καὶ
2877 2674 2978 2726 οὐκ
3000 2671 3308 2742 ἠχρεξωκάν
3341 2686 3398 2722 σε
3419 2685 3434 2732 ;

2286 2768 2376 2821 21.
2406 2768 2538 2820 Τότε
2561 2765 2759 2836 Δανιὴλ
2781 2765 3049 2834 ὲπήχουσε
3069 2763 3218 2831 φωνῇ
3241 2758 3471 2830 μεγάλῃ,
3492 2757 3584 2810 καὶ
3610 2750 3786 2808 εἶπεν·

2288 2860 2379 2914 22.
2407 2858 2656 2922 Βασιλεῦ,
2687 2857 2767 2910 ἔτι
2796 2856 2912 2925 εἰμὶ
2945 2854 3074 2917 ζῶν,
3111 2853 3204 2906 καὶ
3251 2850 3457 2904 σέσωκέ
3491 2865 3559 2920 με
3603 2849 3632 2900 6
3657 2847 3788 2908 Θεὸς

2217 2952 2327 3007 ἀπὸ
2357 2951 2464 3004 τῶν
2491 2950 2737 3015 λεόντων,
2769 2948 2890 3002 καθ’
2919 2947 2998 3000 ὅτι
3031 2943 3342 3013 δικαιοσύνη
3369 2944 3424 2994 ὲν
3450 2941 3571 3010 ἐμοὶ
3591 2938 3789 3009 εὑρέθη

2219 3041 2459 3096 ἐναντίον
2495 3040 2688 3094 αὐτοῦ’
2735 3038 2828 3091 καὶ
2871 3035 3109 3089 ἐναντιον
3140 3033 3198 3086 δέ
3235 3049 3351 3096 σου,
3381 3019 3636 3100 βασιλεῦ,’
3665 3025 3792 3078 οὗτε

554 3145 730 3198 neque
765 3128 1023 3183 delictum
1051 3128 1445 3196 deprehensum
1485 3134 1568 3182 est
1600 3126 1651 3178 in
1681 3141 1766 3179 me
1801 3145 1814 3178 :
1857 3133 1911 3178 tu
1937 3131 2113 3178 autem

2223 3132 2432 3202 ἄγνοια,
2464 3131 2587 3184 οὔτε
2608 3131 2851 3201 ἁμαρτία
2885 3127 3080 3197 εὑρέθη
3109 3128 3166 3177 ὲν
3193 3125 3312 3195 ἐμοί
3331 3138 3344 3154 ⁸
3374 3123 3438 3175 σὺ
3469 3122 3524 3174 δὲ
3551 3123 3790 3192 ἤκουσας

552 3220 751 3276 audisti
783 3221 1049 3284 homines,
1067 3221 1158 3286 qui
1182 3219 1446 3276 seducunt
1470 3233 1642 3289 reges,
1664 3226 1717 3272 et
1735 3216 2008 3287 proiecisti
2033 3231 2119 3271 me

553 3313 606 3368 in
649 3314 826 3367 lacum
859 3312 1070 3366 leonum
1100 3313 1166 3366 ad
1188 3311 1560 3380 perditionem.

621 3404 711 3458 25.
738 3403 936 3458 Eodem
966 3411 1204 3471 tempore
1226 3399 1535 3469 congregati
1559 3407 1687 3452 sunt
1711 3410 1902 3451 omnes
1953 3393 2121 3463 magi-

553 3503 777 3560 stratus,
804 3503 857 3548 et
901 3495 1248 3548 intuebantur
1278 3492 1584 3555 Danielem,
1611 3488 1889 3560 quomodo
1917 3487 2117 3542 nullam

555 3586 857 3642 molestiam
882 3585 1191 3639 attulissent
1217 3585 1264 3637 ei
1287 3584 1490 3638 leones.

623 3677 714 3730 24.
739 3675 892 3728 'l‘unc
930 3674 1040 3728 duo
1069 3675 1318 3728 homines
1367 3675 1462 3738 illi,
1505 3673 1597 3741 qui
1631 3672 1892 3728 adversus
1926 3668 2121 3724 Danie-

453 3804 460 3812 .
555 3765 660 3819 lem
686 3763 1052 3818 testimonium
1103 3763 1373 3830 dixerant,
1411 3763 1536 3832 ipsi,
1563 3771 1617 3816 et
1655 3775 1852 3816 uxores
1905 3774 2118 3823 eorum,

556 3868 611 3912 et
640 3857 732 3911 lilii
772 3871 960 3912 eorum
1016 3854 1242 3925 projecti
1285 3864 1414 3909 sunt
1463 3855 1730 3916 leonibus,
1757 3863 1810 3907 et
1838 3853 2022 3907 leones
2047 3850 2125 3904 in-

558 3947 893 4006 terfecerunt
917 3963 1032 4012 eos,
1065 3955 1120 4002 et
1139 3947 1580 4001 comminuerunt
1606 3961 1730 4001 ossa
1751 3959 1961 3999 eorum.

621 4128 715 4183 23.
749 4127 902 4182 Tunc
948 4125 1140 4181 Darius
1188 4125 1405 4195 scripsit
1458 4125 1712 4179 omnibus
1764 4123 2036 4193 gentibus,
2071 4129 2125 4175 et

558 4220 779 4288 linguis,
825 4229 877 4273 et
927 4219 1257 4289 regionibus,
1284 4227 1336 4273 et
1375 4217 1746 4273 habitantibus
1789 4217 1843 4271 in
1873 4215 2124 4270 universa

559 4321 701 4364 terra
730 4309 866 4376 ejus,
893 4308 1078 4364 dicens
1109 4327 1123 4362 :

627 4399 716 4453 26.
751 4403 952 4453 Omnes
974 4400 1242 4464 homines,
1284 4398 1377 4469 qui
1412 4400 1614 4454 suntin
1643 4415 1809 4469 regno
1835 4413 1976 4462 meo,
2017 4397 2126 4452 sint

2223 3221 2525 3293 ἀνθρώπων
2567 3220 2894 3276 πλανώντων
2926 3218 3183 3289 βασιλεῖς,
3218 3216 3314 3270 καὶ
3341 3214 3569 3287 ερῤιῲάς
3613 3229 3682 3282 με
3712 3212 3791 3274 εἰς

2223 3316 2314 3368 τὸν
2339 3315 2539 3368 λάκκον
2560 3313 2666 3367 τῶν
2695 3312 2921 3365 λεόντων
2942 3311 3020 3373 εἰς
3040 3307 3332 3362 ἀπώλειαν.

2293 3407 2383 3461 25.
2415 3406 2548 3458 Τότε
2571 3404 2915 3474 συνήχθησαν
2940 3403 3108 3454 πᾶσαι
3140 3402 3197 3452 αι
3226 3397 3502 3469 δυνάμεις,
3535 3395 3627 3448 καὶ
3655 3388 3795 3445 εἶδον

2225 3496 2316 3550 τὸν
2343 3495 2562 3566 Δανιὴλ,
2600 3496 2675 3558 ὡς
2707 3494 2768 3546 οὐ
2800 3491 3237 3565 παρηνώχλησαν
3275 3487 3423 3558 αὐτῷ
3454 3488 3504 3538 oi
3525 3485 3755 3545 λέοντες.

2295 3677 2386 3730 24.
2416 3675 2550 3728 Τότε
2585 3673 2634 3726 οἱ
2667 3671 2760 3726 δύο
2787 3671 3065 3742 ἅνθρωποι
3105 3669 3300 3722 ἐκεῖνοι
3347 3667 3395 3718 οἱ
3443 3677 3798 3732 καταμαρτυο

2231 3769 2491 3840 ρήσαντες
2515 3764 2608 3818 τοῦ
2635 3763 2852 3835 Δανιὴλ,
2893 3762 3065 3828 αὐτοὶ,
3105 3759 3200 3813 καὶ
3219 3760 3275 3812 αἱ
3312 3759 3566 3827 γυναῖκες
3594 3754 3795 3815 αὐτῶν,

2227 3860 2322 3913 καὶ
2351 3857 2419 3910 τὰ
2442 3857 2606 3909 τέκνα
2650 3854 2824 3908 αὐτῶν
2853 3853 3156 3925 ἐρρίφησαν
3211 3852 3322 3910 τοῖς
3363 3847 3582 3910 λέουσι,
3627 3845 3722 3898 καὶ
3746 3844 3798 3896 οἱ

2226 3951 2438 4014 λέοντες
2458 3947 2784 4002 ἀπέκτειναν
2813 3944 3027 4008 αὐτοὺς,
3058 3942 3152 3996 καὶ
3181 3938 3412 3994 ἕθλασαν
3445 3935 3514 3989 τὰ
3531 3935 3668 3988 ὀστᾶ
3701 3932 3798 3988 αὖ·

2226 4055 2335 4094 των
2343 4082 2356 4094 .

2299 4130 2390 4184 25.
2439 4130 2571 4183 Τότε
2595 4129 2822 4199 Δαρεῖος
2865 4125 3071 4194 ἔγραψε
3117 4125 3251 4178 πᾶσι
3293 4123 3408 4185 τοῖς
3454 4119 3650 4178 ἔθνεσι,
3704 4117 3802 4170 καὶ

2229 4222 2519 4293 γλώσσαις,
2553 4222 2646 4275 καὶ
2669 4219 2894 4292 χώραις,
2928 4220 3041 4280 τοῖς
3075 4215 3316 4271 οἰκοῦσιν
3358 4215 3415 4266 ὲν
3442 4211 3589 4281 πάσῃ
3627 4211 3695 4278 τῇ
3723 4212 3796 4280 τῇ

2230 4316 2416 4381 αὐτοῦ,
2448 4316 2641 4384 λέγων’

2299 4407 2389 4462 26.
2427 4407 2633 4468 Πάντες
2671 4405 2718 4456 οξ
2756 4401 3052 4471 ἄνθρωποι,
3080 4400 3131 4451 οἱ
3174 4397 3327 4460 ὄντες
3371 4397 3428 4448 ὲν
3453 4395 3519 4464 τῇ
3553 4388 3802 4462 βασιλεία

555 4490 898 4556 adoratores,
945 4501 997 4546 et
1038 4492 1273 4547 cultores
1330 4492 1424 4546 Dei
1479 4491 1758 4546 Danielis:
1802 4493 1915 4561 ipse
1981 4490 2117 4544 enim

2234 4518 2361 4571 μου,
2395 4499 2637 4552 ἔστωσαν
2672 4492 3101 4566 προσκυνοῦντες
3169 4489 3266 4542 καὶ
3317 4485 3668 4558 λατρεύοντες
3721 4485 3801 4550 τῷ

555 4594 646 4639 est
671 4582 812 4638 Deus
838 4598 1083 4648 manens,
1116 4593 1167 4638 ct
1196 4584 1383 4638 vivens
1407 4585 1457 4638 in
1489 4584 1859 4654 generationes
1901 4596 2125 4652 genera-

554 4677 767 4733 tionum
808 4689 981 4744 usque
1005 4676 1058 4728 iu
1083 4686 1368 4730 aeternum.

626 4768 716 4820 27.
761 4767 871 4836 Ego
922 4765 1118 4822 Darius
1168 4782 1264 4821 ero
1316 4766 1549 4822 adorans
1599 4783 1745 4833 eum,
1795 4778 1846 4821 et
1886 4766 2127 4821 serviens

559 4861 775 4916 cunctis
821 4860 1013 4915 dielms
1063 4859 1220 4914 meis.
1268 4857 1412 4913 ldola
1465 4860 1609 4914 enim
1671 4858 1981 4914 manufacla
2017 4873 2126 4914 non

562 4961 792 5021 possunt
830 4966 1068 5017 servare,
1129 4951 1271 5006 sicut
1313 4952 1556 5006 liberavit
1598 4951 1738 5006 Deus
1771 4949 2004 5004 Danielis
2029 4947 2128 5002 Da-

562 5046 780 5100 nielem.

626 5140 698 5194 28
729 5139 792 5192 Et
828 5154 918 5193 rex
964 5137 1157 5193 Darius
1191 5137 1472 5207 appositus
1504 5147 1586 5191 est
1617 5137 1682 5192 ad
1715 5151 1887 5207 genus
1942 5151 2123 5199 suum,

560 5241 614 5282 et
667 5228 849 5284 Daniel
905 5232 1236 5285 constitutus
1287 5239 1369 5285 est
1419 5244 1581 5298 super
1607 5245 1829 5299 regnum
1871 5227 2032 5282 Darii.
2064 5226 2129 5282 lit

556 5320 734 5390 Cyrus
755 5319 917 5376 Persa
949 5320 1186 5392 suscepit
1208 5335 1430 5392 regnum
1463 5320 1598 5391 ejus.

1153 5540 1380 5596 CAPUT
1422 5539 1530 5596 VII.

639 5651 686 5702 l.
733 5651 884 5704 Anno
960 5653 1135 5719 prium
1189 5655 1487 5721 imperante
1536 5655 1774 5708 Baltasar
1820 5651 2128 5721 regionibus

568 5736 877 5808 Babylonis,
912 5741 1096 5793 Daniel
1149 5743 1408 5796 visionem
1468 5743 1600 5796 vidit
1657 5759 1820 5812 supra
1881 5752 2038 5811 eaput
2076 5742 2126 5792 in

2231 4590 2350 4660 Θεῷ
2403 4588 2496 4642 τοῦ
2527 4587 2759 4657 Δανιήλ·
2798 4585 2959 4648 αὐτὸς
2983 4584 3091 4654 γάρ
3131 4583 3246 4635 ἐστι
3275 4578 3408 4640 Θεὸς
3456 4576 3648 4647 μένων,
3707 4572 3806 4625 καὶ

2232 4680 2340 4745 ζῶν
2362 4680 2442 4743 εἰς
2469 4677 2660 4746 γενεὰς
2692 4674 2893 4744 γενεῶν
2915 4674 3020 4736 ’έως
3057 4671 3147 4724 τοῦ
3173 4668 3389 4730 αἰῶνος.

2300 4771 2390 4824 27.
2434 4766 2577 4837 Ἐγὼ
2619 4769 2842 4838 Δαρεῖος
2885 4765 3079 4834 ἔσομαι
3123 4755 3268 4832 α’ὺτῷ
3321 4755 3665 4828 προσκυνῶν,
3704 4753 3805 4806 καὶ

2230 4861 2493 4918 δουλεύων
2515 4861 2691 4922 πάσας
2718 4858 2817 4921 τὰς
2845 4857 3058 4927 ἡμέρας
3087 4871 3187 4926 μου
3209 4869 3222 4882 ⁸
3262 4851 3328 4905 τὰ
3359 4849 3468 4921 γάρ
3509 4845 3701 4902 εῐδωλα
3731 4843 3803 4896 τὰ

2232 4953 2584 5025 χειροποίητα
2630 4952 2688 5004 οὐ
2726 4949 2977 5004 δύνανται
3027 4946 3220 5010 σῶσαι,
3269 4944 3346 5006 ὡς
3389 4939 3731 5011 ὲλυτρώσατο
3775 4937 3805 4987 6

2231 5043 2363 5106 Θεὸς
2387 5041 2479 5095 τοῦ
2507 5039 2724 5110 Δανιὴλ,
2754 5039 2843 5091 τὸν
2875 5036 3092 5107 Δανιὴλ.

2302 5133 2391 5188 28.
2431 5131 2542 5186 Καὶ
2570 5134 2597 5185 ό
2629 5131 2878 5201 βασιλεὺς
2922 5131 3144 5199 Δαρεῖος
3198 5123 3497 5196 προσετέθη
3552 5121 3690 5191 πρὸς
3744 5121 3810 5172 τὸ

2232 5226 2387 5296 γένος
2419 5223 2581 5278 αὐτοῦ
2608 5223 2795 5289 omne).
2816 5220 3014 5291 Δανιὴλ
3040 5233 3100 5274 -ι-
3126 5216 3432 5284 κατεστάθη
3458 5213 3551 5267 ἐπὶ
3581 5213 3680 5281 τῆς
3710 5209 3810 5282 βα-

2236 5318 2437 5378 σιλείας
2459 5315 2687 5386 Δαρείου
2801 5313 2894 5366 καὶ
2915 5310 3094 5382 Κύρος
3117 5309 3143 5360 ό
3163 5309 3378 5378 Πέρσης
3401 5302 3674 5374 παρέλαϐε
3704 5299 3807 5371 τὴν

2233 5409 2505 5481 βασιλείαν
2532 5406 2719 5466 αὐτοῦ,

2841 5539 3085 5594 ΚΕΦΛΛ.
3129 5541 3203 5593 τ’.

2307 5662 2357 5712 1.
2386 5660 2580 5720 Ἐτους
2615 5652 2832 5724 πρώτου
2863 5649 3239 5722 βασιλεύοντος
3286 5644 3569 5712 Βαλτάσαρ
3617 5644 3807 5713 χώρας

2240 5745 2606 5812 Βαϐυλωνίας,
2658 5743 2856 5816 Δανιὴλ
2888 5744 3068 5815 ὅραμα
3103 5739 3206 5796 εἶδε
3259 5739 3404 5812 παρὰ
3437 5735 3679 5809 mea)ij
3700 5737 3808 5792 ιπι
3837 5813 3844 5817 ι
