4122 6320
303 396 446 456 280.9

1579 415 1824 470 DANIEL
1861 417 2094 478 CAPUT
2129 419 2236 476 VII.

3419 427 3558 484 23m

297 509 399 580 τῆς
433 510 620 581 κοίτης
660 514 844 571 αὑτοῦ.
896 518 1025 570 Τότε
1076 521 1273 592 Δανιὴλ
1318 525 1376 576 το
1401 524 1606 595 ὅραμα,
1637 525 1666 578 δ
1695 523 1834 581 εἶδεν

1983 527 2147 582 cubili
2174 542 2294 583 suo.
2335 527 2490 584 Tunc
2523 530 2711 587 Daniel
2743 532 3030 600 visionem,
3057 552 3220 608 quam
3253 540 3408 608 vidit,
3433 543 3561 599 scri-

301 603 537 672 ἔγραψεν
565 605 645 666 είς
670 605 940 673 κεφάλαια
967 609 1165 678 λόγων.

373 692 427 745 2.
473 691 598 745 Ἐπὶ
629 697 730 765 τῆς
753 697 938 768 κοίτης
968 716 1070 768 μου
1108 698 1376 771 ἐθεώρουν
1405 703 1525 759 καθ’
1567 705 1766 770 ῦπνους
1787 726 1879 761 νυ-

305 782 430 846 κτός
451 801 462 812 ·
493 784 589 836 καί
616 785 726 839 ἰδοὺ
749 787 1012 859 τέσσαρες
1042 792 1230 862 ἄνεμοι
1253 793 1347 847 τοῦ
1367 797 1599 867 οὐρανοῦ
1625 798 1880 854 ἐνέπεσον

299 876 379 937 είς
399 875 500 945 τὴν
534 876 810 932 θάλασσαν
839 880 936 951 τὴν
965 884 1232 954 μεγάλην.

370 966 423 1021 5.
448 967 555 1019 Kal
575 968 820 1041 τέσσαρα
849 971 1014 1044 θηρία
1042 975 1326 1031 ἀνέόαινον
1364 980 1428 1032 ἐκ
1452 981 1551 1052 τῆς
1579 981 1876 1053 θαλάσσης,

297 1056 620 1128 διαφέροντα
645 1060 704 1113 ἒν
740 1062 891 1134 παρὰ
916 1064 976 1118 τὸ
1008 1066 1086 1120 ἓν.

367 1146 420 1200 4.
449 1149 521 1201 Τὸ
549 1149 770 1220 πρῶτον
794 1152 924 1207 ὡσεὶ
951 1155 1137 1209 λέαινα
1166 1157 1361 1227 ἔχουσα
1394 1163 1570 1231 πτερὰ
1608 1165 1740 1220 ὡσεὶ
1771 1168 1878 1222 ἀε-

299 1236 410 1288 τοῦ.
460 1237 758 1309 Ἐθεώρουν
788 1240 897 1304 ἕως
922 1242 1044 1296 ὅτου
1075 1245 1222 1317 ἐτίλη
1246 1247 1313 1300 τὰ
1355 1252 1528 1320 πτερὰ
1561 1255 1750 1323 αὐτῆς,
1782 1259 1876 1310 καὶ

303 1326 436 1398 ⁴ᾗρθη
453 1329 562 1381 ἀπὸ
579 1331 678 1400 τῆς
701 1334 824 1402 γῆς,
850 1333 941 1386 καὶ
959 1335 1050 1386 ἐπὶ
1077 1336 1250 1390 ποδῶν
1272 1340 1630 1411 ἀνθρωπίνων
1648 1347 1872 1420 ἐστάθη,

302 1418 394 1471 καὶ
422 1418 736 1492 ἀνθρωπίνη
764 1424 963 1492 καρδία
985 1425 1140 1498 ἐδόθη
1182 1429 1344 1501 αὐτῇ.

368 1509 420 1564 5.
454 1511 562 1564 Kal
587 1512 696 1566 ἰδοὺ
733 1516 849 1583 μετ’
880 1517 1046 1588 αὐτὴν
1066 1519 1194 1573 ἄλλο
1227 1521 1414 1593 θηρίον
1450 1527 1709 1597 ὁμοίωσιν
1751 1531 1874 1601 ἔχον

301 1600 484 1671 ἄρκου,
536 1602 628 1656 καὶ
660 1606 752 1659 ἐπὶ
796 1606 890 1659 τοῦ
921 1609 1039 1672 ἐνὸς
1083 1611 1318 1678 πλευροῦ
1349 1617 1573 1690 ἐστάθη.
1619 1622 1713 1675 καὶ
1747 1600 1872 1694 τρία

304 1692 504 1762 πλευρὰ
532 1689 602 1764 ἦν
635 1696 693 1748 ὲν
717 1696 793 1766 τῷ
820 1699 1050 1769 στόματι
1083 1703 1254 1774 αὐτῆς
1289 1709 1356 1774 )t(
1383 1709 1439 1760 ἐν
1461 1689 1612 1783 μέσῳ
1646 1689 1873 1768 ὀδόντων

301 1783 460 1853 αὐτῆς
489 1785 546 1852 /.
575 1787 669 1840 καὶ
690 1787 862 1854 οὕτως
886 1788 1060 1846 εἶπενο
1080 1796 1331 1860 Ἀνάστα,
1352 1803 1635 1872 κατάφαγε
1660 1807 1873 1878 σάρκας

301 1875 512 1940 πολλάς.

363 1968 415 2020 6.
448 1969 558 2022 Kal
613 1971 753 2041 μετὰ
783 1973 956 2029 ταῦτα
1004 1978 1274 2052 ἐθεώρουν
1308 1983 1498 2056 θηρίον
1550 1988 1680 2042 ἄλλο
1736 1991 1869 2044 ὡσεὶ

298 2058 572 2128 πάρδαλιν,
593 2063 686 2116 καὶ
713 2066 888 2136 πτερά
906 2069 1147 2138 τέσσαρα
1167 2073 1445 2129 ἐπέτεινον
1471 2078 1654 2133 ἐπάνω
1679 2083 1866 2150 αὐτοῦ,

299 2151 384 2204 καὶ
404 2152 675 2224 τέσσαρες
700 2159 934 2226 κεφαλαὶ
967 2161 1044 2232 τῷ
1067 2161 1259 2235 θηρίῳ.

358 2241 410 2298 7.
440 2244 599 2298 Μετὰ
621 2246 678 2299 δὲ
707 2249 885 2304 ταῦτα
909 2252 1173 2325 ἐθεώρουν
1200 2258 1257 2311 ἐν
1283 2258 1524 2328 ὁράματι
1553 2263 1652 2332 τῆς
1675 2267 1868 2331 νυκτὸς

293 2331 473 2403 θηρίον
504 2335 766 2408 τέταρτον
789 2341 1038 2414 φοϐερὸν,
1065 2348 1158 2400 καὶ
1185 2350 1214 2403 ό
1240 2349 1403 2418 φόϐος
1426 2352 1590 2406 αὐτοῦ
1623 2355 1866 2428 ὑπερφέα

293 2441 396 2493 ρων
432 2427 601 2497 ἰσχύϊ.
647 2429 768 2502 ἕχον
800 2433 1020 2499 ὀδόντας
1057 2438 1310 2510 σιδηροῦς
1347 2444 1637 2511 μεγάλους,
1685 2427 1866 2504 ἐσθίον

288 2516 377 2568 καὶ
403 2519 718 2584 κοπανίζον,
753 2521 935 2593 κύκλῳ
960 2525 1072 2588 τοῖς
1095 2528 1225 2581 ποσὶ
1253 2535 1600 2587 καταπατοῦν
1622 2574 1637 2597 ,
1675 2537 1863 2606 διαφό-

286 2623 393 2676 ρως
423 2608 708 2680 χρώμενον
729 2613 877 2684 παρὰ
901 2616 1076 2668 πάντα
1102 2619 1168 2670 τὰ
1198 2621 1300 2690 πρὸ
1327 2623 1496 2677 αὑτοῦ
1519 2625 1684 2698 θηρία
1708 2647 1722 2661 ·
1751 2624 1865 2700 εἶχε

281 2695 335 2748 δὲ
368 2699 578 2767 κέρατα
617 2702 780 2768 δέκα,
831 2706 926 2758 καὶ
963 2707 1150 2776 βουλαὶ
1180 2711 1371 2767 πολλαὶ
1404 2719 1462 2768 ἐν
1495 2695 1607 2783 τοίς
1637 2695 1863 2792 κέρασίν

280 2791 466 2846 αὐτοῦ.

347 2883 402 2938 8.
429 2886 540 2939 Καὶ
582 2888 693 2943 ίδοὺ
721 2891 849 2944 ἄλλο
873 2891 932 2946 ἓν
956 2893 1124 2965 κέρας
1155 2897 1362 2970 άνεφύη
1384 2901 1656 2972 ἀναμέσον
1682 2907 1866 2962 αὐτῶν

281 2975 476 3046 μικρὸν
507 2979 565 3030 ἐν
598 2982 712 3045 τοῖς
745 2983 970 3053 κέρασιν
986 2986 1172 3051 αὐτοῦ,
1204 2991 1298 3043 καὶ
1315 2993 1443 3063 τρία
1467 2995 1575 3048 τῶν
1615 2999 1862 3067 κεράτιον

276 3067 386 3119 τῶν
412 3068 644 3138 πρώτων
672 3072 1053 3144 ἐξηράνθησαν
1075 3080 1142 3134 δι’
1175 3082 1340 3136 αὐτοῦ
1367 3099 1387 3115 ·
1407 3087 1501 3138 καὶ
1529 3087 1638 3141 ἰδοὺ
1663 3089 1861 3156 ὀφθαλ-

279 3159 371 3228 μοὶ
390 3159 580 3234 ὥσπερ
602 3165 934 3239 ἀνθρώπινοι
961 3171 1020 3224 ἐν
1040 3171 1118 3242 τῷ
1143 3175 1332 3245 κέρατι
1355 3177 1548 3248 τούτῳ,
1569 3181 1662 3232 καὶ
1687 3183 1862 3252 στόμα

275 3252 471 3307 λαλοῦν
515 3257 729 3326 μεγάλα
765 3275 824 3316 οι-
875 3264 969 3318 καὶ
1019 3266 1192 3320 ἐποίει
1250 3269 1488 3340 πόλεμον
1545 3273 1680 3344 πρὸς
1731 3277 1859 3340 τοὺς

278 3358 342 3400 ιιι
383 3349 568 3415 ἁγίους
594 3352 650 3419 /.

349 3439 399 3494 9.
439 3440 743 3513 Ἐθεώρουν
768 3445 872 3509 ἓως
889 3447 975 3502 ὅτε
999 3448 1176 3520 θρόνοι
1200 3453 1484 3525 ἐτέθησαν,
1507 3457 1601 3510 καὶ
1620 3459 1856 3526 Παλαιὺς

274 3531 498 3601 ἡμερῶν
529 3534 786 3605 ἐκάθητο,
822 3536 958 3607 ἔχων
988 3542 1282 3612 περιϐολὴν
1311 3545 1444 3598 ὡσεὶ
1471 3549 1645 3617 χιόνα,
1676 3552 1770 3603 καὶ
1796 3555 1858 3604 τὸ

271 3622 526 3694 τρίχωμα
549 3625 651 3696 τῆς
672 3629 917 3700 κεφαλῆς
942 3631 1127 3696 αὐτοῦ,
1159 3634 1291 3689 ὡσεὶ
1333 3637 1481 3708 ἔριον
1529 3640 1724 3696 λευκὸν
1754 3661 1854 3699 κα-

273 3712 464 3784 θαρὸν,
513 3719 541 3770 ό
570 3717 758 3789 θρόνος
789 3720 921 3774 ὡσεὶ
976 3723 1106 3792 φλὸξ
1152 3728 1325 3796 πυρὸς
1377 3734 1443 3797 χε
1469 3734 1654 3804 τροχοὶ
1688 3736 1853 3789 αὑτοῦ

274 3805 384 3876 πῦρ
421 3809 734 3880 καιόμενον..

349 3897 430 3951 10.
460 3901 528 3966 Ἀ(
571 3901 822 3972 Ποταμὸς
863 3907 1036 3978 πυρὸς
1087 3908 1262 3964 ἕλκων
1287 3953 1302 3978 ,
1350 3915 1443 3966 καὶ
1496 3915 1852 3989 ἐξεπορεύετο

273 3987 412 4040 κατὰ
446 3989 738 4058 πρίσωπον
765 3993 931 4046 αὐτοῦ
961 3999 1205 4068 ποταμὸς
1234 4003 1404 4070 πυρός
1427 4019 1440 4032 ·
1481 4006 1642 4075 χίλιαι
1680 4011 1852 4078 χιλιά-

269 4073 358 4138 δες
395 4075 730 4148 ἐθεράπευον
770 4084 951 4146 αὐτὸν,
995 4090 1088 4140 καὶ
1119 4089 1309 4160 μύριαι
1356 4073 1614 4166 μυριάδες
1656 4073 1848 4173 παρει-

273 4170 567 4237 στήκεισαν
601 4173 768 4244 αὐτῷ,
801 4176 894 4229 καὶ
939 4181 1221 4250 κριτήριον
1251 4182 1471 4237 ἐκάθισε
1493 4227 1508 4250 ,
1547 4190 1639 4241 καὶ
1677 4192 1849 4260 βίϐλοι

270 4259 640 4331 Ιἡνεῴχθηοάν.

340 4353 424 4406 11.
473 4354 775 4427 Ἐθεώρουν
799 4359 919 4412 τότε
950 4361 1051 4430 τὴν
1077 4365 1261 4434 φωνὴν
1293 4366 1400 4420 τῶν
1431 4367 1606 4440 λόγων
1624 4375 1732 4428 τῶν
1757 4395 1850 4447 με-

269 4441 472 4508 γάλων,
501 4438 576 4499 ὧν
609 4447 668 4500 τὸ
698 4449 865 4519 κέρας
889 4451 1070 4506 ἐλάλει
1093 4470 1105 4483 ·
1131 4453 1352 4527 θεωρῶν
1388 4438 1558 4533 ἥμην,
1605 4468 1700 4518 καὶ
1737 4438 1846 4521 άπ-

1986 618 2093 687 psit
2124 620 2177 673 in
2200 621 2472 690 capitibus
2499 637 2836 680 sermonum.

2051 711 2104 765 2.
2134 710 2191 765 1η
2222 713 2387 768 cubili
2427 729 2547 768 meo
2571 715 2818 772 videbam
2854 733 2950 787 per
2989 734 3215 777 somnos
3244 724 3422 779 noctis
3457 744 3473 779 :
3507 735 3560 780 et

1981 813 2108 856 ecce
2129 810 2366 870 quatuor
2393 803 2538 858 venti
2563 805 2686 860 cteli
2715 807 2990 863 irruerunt
3025 810 3081 863 in
3106 825 3255 866 mare
3275 827 3563 882 magnum.

2049 979 2101 1032 '5.
2147 978 2210 1034 Et
2243 989 2478 1049 quatuor
2506 982 2693 1038 bestia:
2713 986 3081 1040 ascendebant
3107 988 3172 1041 de
3210 988 3368 1051 mari,
3404 988 3555 1043 (litie-

1979 1079 2159 1125 rentes
2185 1086 2294 1124 una
2317 1072 2387 1126 ab
2405 1072 2530 1126 alia.

2049 1160 2101 1213 4.
2144 1161 2325 1216 Prima
2359 1164 2514 1231 quasi
2545 1165 2714 1220 leaena
2745 1166 2953 1222 habens
2993 1167 3108 1223 alas
3159 1169 3298 1224 sicut
3334 1169 3549 1240 aquilzr.

1978 1253 2322 1319 Aspieiebam
2361 1256 2532 1312 donec
2564 1257 2768 1312 evulsas
2799 1268 2928 1312 sunt
2954 1259 3052 1313 ala:
3075 1259 3215 1328 ejus,
3259 1268 3313 1316 et
3342 1261 3550 1317 sublata

1976 1351 2059 1396 est
2087 1343 2152 1397 de
2175 1353 2337 1410 terra,
2373 1355 2427 1400 et
2452 1361 2614 1415 super
2641 1348 2805 1417 pedes
2855 1349 3127 1405 humanos
3159 1353 3327 1416 stetit,
3375 1362 3428 1407 et
3452 1351 3552 1406 hu—

1977 1449 2197 1487 manum
2223 1451 2318 1490 cor
2350 1437 2536 1492 datum
2566 1447 2648 1494 est
2668 1441 2738 1493 ei.

2043 1523 2098 1576 5.
2139 1524 2361 1582 Etecee
2414 1538 2534 1597 pOSt
2589 1543 2710 1584 eam
2752 1529 2858 1584 alia
2918 1530 3086 1585 bestia
3139 1533 3548 1589 similitudinem

1977 1613 2183 1672 habens
2218 1618 2354 1682 ursi,
2384 1627 2438 1673 et
2477 1619 2528 1673 in
2558 1620 2726 1675 latere
2769 1637 2877 1677 uno
2900 1625 3049 1678 stetit
3079 1639 3092 1674 :
3139 1634 3193 1678 et
3242 1625 3345 1680 tria
3378 1627 3548 1680 latera

1973 1713 2128 1759 erant
2156 1707 2210 1760 in
2234 1723 2328 1763 ore
2352 1708 2471 1779 ejus
2494 1711 2548 1765 in
2566 1713 2747 1768 medio
2774 1714 3015 1770 dentium
3039 1717 3237 1786 ejus,et
3269 1718 3349 1773 sic
3375 1718 3545 1773 dixit:

1977 1792 2170 1865 Surge,
2213 1799 2482 1855 manduca
2517 1817 2710 1858 carnes
2734 1805 2953 1860 multas.

2044 1972 2097 2026 6.
2140 1972 2204 2029 Et
2256 1985 2378 2046 post
2411 1979 2525 2033 hate
2574 1982 2900 2050 aspicieham
2940 1985 3166 2042 bestiam
3207 1989 3366 2044 aliam
3408 1991 3550 2048 sicut

1973 2065 2224 2132 pardum,
2259 2076 2314 2122 et
2345 2070 2445 2124 alae
2473 2081 2712 2141 quatuor
2742 2079 3176 2134 extendebantur
3209 2095 3373 2151 super
3399 2099 3544 2146 eam,

1971 2162 2024 2207 et
2047 2163 2284 2224 quatuor
2316 2161 2492 2229 capita
2526 2163 2732 2219 bestiae.
3039 2161 3052 2173 ’

2044 2245 2092 2299 7.
2138 2246 2265 2303 Post
2290 2259 2470 2306 autem
2510 2253 2624 2308 haec
2665 2255 2992 2323 aspiciebam
3043 2260 3098 2316 in
3140 2265 3346 2321 visione
3368 2271 3546 2325 noctis

1968 2334 2196 2390 bestiam
2226 2351 2475 2407 quartam
2509 2344 2828 2412 terribilem,
2863 2357 2916 2402 et
2951 2361 3125 2408 terror
3153 2356 3272 2424 ejus
3316 2363 3542 2415 excede-

1967 2427 2061 2482 bat
2087 2427 2444 2487 fortitudine:
2515 2451 2639 2504 quae
2683 2439 2912 2495 habebat
2961 2442 3148 2501 dentes
3198 2447 3404 2505 ferreos
3431 2468 3544 2507 ma-

1967 2535 2123 2589 gnos,
2176 2525 2554 2592 manducans,
2610 2537 2664 2584 ct
2717 2533 3098 2592 comntinueus
3132 2577 3148 2601 ,
3199 2540 3252 2592 in
3311 2543 3540 2598 circuitu

1967 2610 2196 2680 pedibus
2223 2616 2574 2682 conculcans,
2603 2619 2816 2675 diverse
2862 2637 3095 2692 operans
3142 2627 3211 2681 ab
3261 2630 3539 2695 omnibus,

1965 2717 2086 2772 quas
2113 2702 2336 2760 fuerunt
2358 2717 2486 2762 ante
2513 2724 2654 2775 eam,
2691 2711 2914 2782 bestiis;
2954 2716 3188 2772 habebat
3223 2731 3400 2776 autem
3417 2737 3540 2778 cor-

1965 2806 2074 2844 ntta
2106 2792 2312 2859 decem,
2349 2805 2402 2850 et
2435 2800 2663 2855 consilia
2695 2805 2865 2859 multa
2893 2805 2947 2859 in
2978 2809 3240 2864 cornibus
3261 2811 3398 2880 ejus.

2033 2882 2086 2938 8.
2129 2883 2194 2938 Et
2226 2901 2352 2943 ecce
2383 2889 2532 2944 aliud
2566 2907 2732 2947 unum
2760 2909 2930 2949 cornu
2958 2909 3205 2953 renatum
3233 2914 3316 2956 est
3343 2904 3396 2956 in
3428 2920 3538 2958 mc-

1960 2973 2053 3027 dio
2079 2989 2266 3030 eorum
2300 2993 2526 3047 parvum
2586 2983 2639 3037 in
2697 2987 2956 3043 cornibus
3007 2990 3167 3058 ejus:
3215 3002 3268 3046 et
3327 2995 3429 3048 tria
3473 2996 3540 3050 de

1962 3067 2220 3123 cornibus
2248 3072 2441 3139 primis
2476 3088 2809 3132 exaruerunt
2837 3090 3064 3148 prapter
3091 3082 3218 3136 illud
3248 3101 3263 3137 :
3312 3095 3365 3138 et
3413 3101 3540 3140 ceco

1962 3157 2124 3219 oculi,
2153 3159 2297 3212 sicut
2323 3163 2464 3215 oculi
2500 3166 2724 3220 humani
2754 3168 2806 3222 in
2855 3184 3027 3224 cornu
3085 3173 3211 3240 isto,
3257 3185 3312 3228 et
3352 3189 3417 3230 os
3455 3177 3536 3230 lo-

1888 3223 1928 3279 c
1961 3261 2134 3317 quens
2158 3264 2374 3319 magna,
2401 3262 2456 3306 et
2477 3252 2714 3310 faciebat
2742 3256 2938 3313 bellum
2966 3263 3228 3318 adversus
3259 3276 3496 3322 sanctos.

2028 3430 2079 3484 9.
2119 3429 2402 3498 Videbam,
2461 3438 2821 3508 quoadusque
2859 3440 3037 3496 throni
3081 3443 3242 3512 positi
3277 3456 3443 3510 sunt,
3483 3457 3536 3502 et

1959 3519 2220 3578 Yetustus
2248 3524 2458 3579 dierum
2482 3528 2723 3596 sedebat,
2750 3530 2956 3587 habens
2995 3534 3255 3588 amictum
3283 3537 3425 3592 sicut
3450 3541 3536 3593 ni-

1956 3628 2100 3677 vem,
2123 3626 2176 3669 et
2197 3617 2512 3686 capillitium
2535 3622 2729 3691 capitis
2746 3624 2830 3678 sui
2855 3625 2997 3680 sicut
3031 3627 3212 3681 lanam
3245 3629 3530 3685 candidam

1955 3706 2246 3774 mundam;
2298 3710 2532 3766 thronus
2579 3713 2722 3769 sicut
2748 3715 2967 3770 ﬂamma
3018 3717 3184 3786 ignis,
3213 3727 3349 3774 rotte
3409 3720 3531 3790 ejus

1954 3795 2095 3866 ignis
2124 3799 2340 3855 ardens.

2025 3887 2110 3942 10.
2149 3888 2373 3948 Flumen
2435 3893 2575 3964 ignis
2605 3895 2826 3951 trahens
2849 3939 2864 3964 ,
2899 3908 2952 3952 et
3001 3901 3379 3968 egrediebatur
3405 3911 3532 3961 ante

1954 3978 2147 4035 faciem
2177 3983 2296 4050 ejus
2320 3983 2517 4039 ﬂuvius
2542 3987 2681 4054 ignis
2705 4005 2720 4053 ;
2747 3988 2894 4043 mille
2918 3990 3084 4043 millia
3113 3994 3420 4051 serviebant
3455 3999 3528 4062 ei,

1953 4080 2007 4126 et
2037 4073 2175 4127 dena
2209 4075 2376 4130 millia
2403 4077 2602 4132 denum
2631 4080 2860 4133 millium
2895 4082 3230 4138 assistebant
3260 4085 3331 4149 ei,
3355 4095 3408 4141 et
3437 4087 3528 4157 ju-

1951 4165 2158 4222 dicium
2185 4169 2346 4235 sedit,
2377 4179 2431 4224 et
2453 4169 2576 4224 libri
2599 4172 2772 4240 aperti
2791 4181 2938 4227 sunt.

2023 4346 2108 4402 11.
2152 4345 2573 4417 Contemplabar
2632 4361 2760 4406 tunc
2813 4366 3002 4406 vocem
3063 4367 3379 4411 sermonum
3409 4372 3526 4412 ma-

1951 4453 2207 4507 gnorum,
2239 4455 2378 4510 quos
2412 4457 2583 4497 cornu
2617 4442 2980 4513 loquebatur:
3031 4445 3301 4514 aspiciens
3346 4462 3523 4516 eram,

269 4537 646 4610 ετυμπανίσθη
671 4541 730 4593 τὸ
755 4541 962 4613 θηρίον,
989 4546 1084 4599 καὶ
1106 4546 1354 4603 ἀπώλετο
1376 4530 1440 4606 to
1465 4530 1624 4626 σῶμα
1653 4559 1842 4626 αὑτοῦ,

1958 4540 2002 4586 et
2029 4530 2266 4587 fustibus
2295 4549 2432 4589 eaasa
2468 4546 2552 4590 est
2570 4536 2765 4599 bestia,
2799 4545 2854 4591 et
2875 4538 3035 4606 periit
3063 4553 3264 4608 corpus
3305 4538 3448 4609 ejus,
3471 4549 3525 4594 et

270 4625 361 4676 καὶ
381 4624 538 4696 ἐδόθη
570 4630 648 4691 εὶς
672 4629 868 4685 καῦσιν
899 4635 1089 4705 πυρός.

339 4717 426 4771 12.
460 4720 574 4772 Kal
603 4723 728 4784 τοὺς
759 4723 944 4793 κύκλῳ
966 4728 1131 4781 αὐτοῦ
1160 4731 1435 4804 ἀπέστησε
1470 4737 1568 4807 τῆς
1595 4739 1844 4806 ἐξουσίας

271 4807 484 4875 αὐτῶν,
531 4813 626 4865 καὶ
667 4816 857 4885 χρόνος
891 4815 1038 4890 ζωῆς
1072 4821 1228 4894 ἐδόθη
1274 4826 1460 4892 αὐτοῖς
1505 4830 1613 4888 ἕως
1649 4835 1843 4904 χρόνου

269 4901 358 4952 καὶ
392 4903 609 4974 καιροῦ.

337 4991 424 5047 15.
459 4994 758 5068 Ἐθεώρουν
781 5001 838 5053 ἐν
864 5003 1104 5074 ὁράματι
1121 5008 1219 5079 τῆς
1244 5013 1457 5078 νυκτὸς,
1484 5016 1578 5069 καὶ
1612 5019 1720 5073 ἰδοὺ
1749 5021 1843 5074 ἐπὶ

266 5081 374 5138 τῶν
407 5087 647 5156 νεφελῶν
670 5091 764 5144 τοῦ
788 5093 1040 5164 οὐρανοῦ,
1065 5098 1139 5163 ὡς
1161 5102 1275 5165 υίὸς
1303 5104 1591 5177 ἀνθρώπου
1619 5110 1839 5182 ἤρχετο,

269 5174 361 5227 καὶ
391 5178 470 5239 ὡς
496 5179 733 5246 Παλαιὸς
768 5185 990 5256 ἡμερῶν
1026 5192 1203 5262 παρῆν
1223 5232 1237 5256 ,
1284 5196 1376 5248 καὶ
1408 5174 1467 5250 *οἱ
1500 5174 1842 5273 παρεστίιικόζ

268 5281 354 5330 τες
381 5270 635 5342 παρῆσαν
664 5302 736 5314 -ο
765 5278 933 5348 αὐτῷ.

337 5361 424 5415 ﬂ.
454 5365 563 5418 Kal
587 5367 747 5438 ἐδόθη
781 5371 928 5443 αὐτῷ
957 5375 1173 5439 ἐξουσία
1202 5382 1269 5449 χ(
1303 5382 1396 5434 καὶ
1429 5385 1498 5453 Χ
1526 5386 1659 5456 τιμὴ
1689 5388 1842 5458 βασι-

269 5449 388 5524 λική
419 5455 477 5523 /.
526 5458 624 5511 καὶ
657 5461 833 5516 πάντα
860 5466 929 5518 τά
958 5465 1086 5537 ἔθνη
1125 5469 1224 5539 τῆς
1258 5472 1360 5542 γῆς
1387 5449 1528 5528 κατὰ
1551 5449 1716 5549 γένη,
1749 5482 1843 5535 καὶ

269 5546 416 5600 πᾶσα
449 5548 579 5614 δόξα
609 5553 756 5624 αὐτῷ
788 5555 1147 5627 λατρεύουσα,
1193 5563 1347 5633 καὶ-ἠ
1382 5564 1601 5630 ἐξουσία
1649 5546 1837 5637 αὐτοῦ,

267 5637 483 5705 ἐξουσία
505 5641 742 5710 αίώνιος,
768 5647 891 5717 ἣτις
909 5650 970 5702 οὐ
995 5651 1070 5721 μὴ
1099 5651 1264 5725 ἀρθῇ,
1292 5655 1384 5708 καὶ
1409 5658 1441 5726 ἡ
1468 5656 1716 5727 βασιλεία
1738 5663 1837 5716 αὺ-

267 5730 380 5797 τοῦ,
417 5735 540 5804 ἥτις
577 5737 637 5791 οὐ
676 5738 753 5810 μὴ
785 5739 988 5814 φθαρῇ.

338 5823 420 5876 15.
460 5825 570 5878 Kal
601 5826 902 5898 ἀκηδιάσας
937 5833 1046 5901 ἐγὼ
1078 5837 1274 5908 Δανιὴλ
1316 5841 1375 5894 ἐν
1414 5841 1625 5908 τούτοις
1665 5845 1725 5899 ἐν
1758 5846 1838 5917 τῷ

1950 4623 2138 4680 datum
2163 4635 2249 4680 est
2273 4626 2326 4681 in
2362 4628 2793 4685 combustionem
2827 4631 2988 4700 ignis.

2019 4717 2107 4772 12.
2150 4716 2216 4773 Et
2237 4719 2306 4774 ab
2327 4718 2416 4786 iis,
2440 4722 2532 4792 qui
2556 4723 2610 4777 in
2639 4723 2872 4782 circuitu
2924 4724 3044 4794 ejus
3092 4733 3268 4788 erant,
3304 4725 3528 4780 abstulit

1947 4821 2268 4880 potestatem
2292 4829 2505 4881 eorum,
2554 4826 2607 4870 et
2659 4827 2871 4886 tempus
2927 4819 3048 4873 vita:
3100 4818 3286 4873 datum
3334 4828 3417 4874 est
3445 4819 3527 4874 eis

1948 4919 2120 4974 usque
2153 4907 2218 4961 ad
2245 4917 2458 4978 tempus
2485 4917 2540 4964 et
2561 4912 3038 4980 opportunitatem.

2017 4997 2104 5052 15.
2147 4996 2404 5054 Videbam
2430 5001 2484 5055 in
2517 5001 2728 5057 visione
2755 5005 2953 5069 noctis,
2991 5014 3043 5060 et
3071 5020 3198 5061 ecce
3237 5021 3403 5076 super
3428 5021 3530 5062 rtu-

1947 5085 2042 5141 bes
2070 5089 2192 5143 coeli
2223 5092 2366 5146 sicut
2406 5091 2550 5148 illius
2577 5093 2814 5148 hominis
2859 5096 3127 5162 veniebat,
3165 5106 3218 5152 et
3246 5099 3390 5153 sicut
3414 5095 3524 5152 Ve—

1947 5186 2124 5237 tustus
2151 5183 2362 5238 dierum
2392 5185 2604 5254 aderat,
2631 5196 2687 5243 et
2708 5187 2987 5245 adstantes
3013 5189 3236 5247 aderant
3272 5193 3344 5246 ei.

2016 5359 2102 5414 14.
2145 5360 2212 5417 Et
2233 5363 2358 5418 data
2390 5373 2476 5418 est
2527 5364 2576 5419 ei
2633 5374 2875 5436 potestas
2917 5378 2971 5422 et
3010 5368 3188 5423 honor
3236 5371 3440 5441 regius,
3471 5381 3526 5427 et

1945 5465 2138 5505 omnes
2169 5462 2360 5523 gentes
2401 5463 2558 5510 terra:
2607 5457 2908 5512 secundum
2959 5474 3154 5530 genera
3180 5498 3195 5525 ,
3248 5471 3302 5517 et
3343 5464 3522 5519 omnis

1942 5542 2114 5612 gloria
2146 5546 2389 5600 serviens
2417 5547 2505 5601 ei:
2551 5557 2606 5602 et
2648 5557 2896 5618 potestas
2943 5550 3084 5620 ejus,
3116 5560 3361 5621 potestas
3399 5571 3522 5626 per-

1945 5646 2125 5704 petua,
2166 5653 2288 5707 quae
2323 5654 2428 5692 non
2461 5639 2756 5706 auferetur,
2793 5649 2848 5697 et
2895 5658 3121 5714 regnum
3183 5645 3326 5713 ejus,
3373 5641 3546 5721 quod

1945 5744 2051 5784 non
2077 5730 2407 5787 destruetur.

2014 5821 2101 5876 l5.
2147 5824 2212 5878 Et
2238 5839 2361 5879 cum
2393 5840 2626 5881 incerare
2652 5828 2802 5899 gravi
2823 5827 3048 5889 allectus
3077 5848 3254 5893 essem
3290 5850 3390 5909 ego
3413 5833 3519 5890 Da-
