4122 6320
556 393 696 450 $821

1579 385 2050 442 ...ηιηιιμυιιωι
2091 386 2258 454 ρυλε
2301 382 2733 441 surensuur.

3679 386 3826 444 2812

563 505 668 559 niel
697 502 971 574 superbis
1030 503 1081 556 in
1127 503 1334 558 visione
1377 502 1553 558 noctis
1603 503 2002 557 conturbabant
2049 517 2134 556 me

2242 499 2480 571 ὁράματι
2497 499 2598 569 τῆς
2620 499 2810 562 νυκτὸς
2849 501 2909 566 >κ
2939 499 3311 570 ἐτάχρασσόν
3334 516 3400 570 με
3419 498 3467 551 οἱ
3488 497 3826 571 διαλογισμοί

562 593 921 663 cogitationes
954 609 1106 647 meae.

635 685 722 737 16.
764 684 985 739 Accessi
1008 683 1078 737 ad
1101 697 1269 737 unum
1296 681 1580 744 stantium,
1621 691 1669 734 et
1689 680 1970 734 veritatem
1991 694 2142 749 qua:-

563 779 748 831 rebam
781 777 850 830 ab
877 792 940 830 eo
973 791 1138 844 super
1160 774 1416 827 omnibus
1445 771 1551 825 his.
1575 770 1930 839 Respondens
1957 780 2138 824 autem

563 867 696 920 dicit
725 868 878 932 mihi,
911 877 963 920 et
999 863 1501 934 interpretationem
1547 876 1864 917 sermonum
1894 861 2142 916 declara-

564 960 642 1010 vit
663 957 817 1009 mihi.

638 1049 724 1102 l7.
768 1047 858 1101 Ilre
889 1047 1076 1101 bestia:
1111 1059 1320 1116 magna}
1350 1054 1478 1101 sunt
1519 1055 1758 1116 quatuor
1805 1061 1989 1117 regna,
2024 1062 2145 1116 qua:

565 1141 821 1209 peribunt
853 1139 919 1192 de
951 1147 1114 1190 terra.

639 1227 728 1281 l8.
771 1227 837 1281 Et
867 1227 1134 1296 accipient
1164 1241 1393 1298 regnum
1426 1227 1602 1283 sancti
1633 1227 1919 1295 Altissimi,
1965 1238 2018 1284 et
2047 1228 2143 1283 ob-

564 1321 816 1376 tinebunt
850 1335 1081 1391 regnum
1113 1334 1290 1390 usque
1324 1321 1378 1374 in
1429 1320 1689 1375 saeculum
1723 1321 2069 1377 saeculorum.

640 1501 728 1556 I9.
774 1499 974 1554 Eodem
1007 1508 1252 1568 tempore
1283 1499 1431 1554 volui
1472 1514 1717 1569 quaerere
1761 1501 2051 1572 diligenter
2077 1503 2146 1557 de

567 1593 739 1648 bestia
778 1598 975 1661 quarta
997 1590 1311 1645 destruente
1339 1591 1544 1656 omnia,
1587 1600 1640 1645 et
1671 1592 1917 1646 horribili
1957 1595 2140 1648 valde:

565 1695 621 1739 et
650 1699 779 1739 ecce
805 1684 996 1738 dentes
1028 1683 1148 1752 ejus
1183 1679 1364 1746 ferrei,
1394 1688 1448 1734 et
1479 1697 1684 1752 ungues
1703 1681 1824 1750 ejus
1853 1683 2001 1748 aerei,
2024 1699 2145 1752 qu:e

569 1774 868 1830 devorabat
899 1788 1092 1828 omnes
1123 1773 1177 1826 in
1209 1769 1466 1838 circuitu,
1506 1782 1560 1827 et
1589 1774 1949 1830 conculcabat
1992 1775 2145 1846 pedi-

565 1867 688 1922 bus.

633 1955 726 2010 20.
769 1954 936 2018 Et,de
965 1955 1152 2010 decem
1177 1954 1441 2010 cornibus
1469 1955 1609 2025 ejus,
1646 1970 1768 2025 quae
1795 1963 1954 2012 erant
1981 1973 2145 2026 super

566 2054 750 2116 caput,
784 2046 931 2100 etde
963 2059 1074 2100 uno
1103 2045 1231 2110 alio,
1256 2045 1401 2115 quod
1425 2046 1683 2099 adnatum
1735 2045 1938 2110 fuerat,
1969 2055 2022 2100 et
2045 2049 2142 2101 de-

565 2135 812 2188 ciderant
846 2144 1070 2204 promer
1099 2134 1230 2188 illud
1266 2134 1366 2188 tria
1394 2173 1408 2196 ,
1457 2145 1510 2189 et
1549 2150 1720 2189 cornu
1755 2135 1885 2190 illud
1913 2137 2144 2190 habebat

566 2227 779 2292 oculos,
811 2235 864 2280 et
898 2241 960 2281 os
993 2227 1222 2296 loquens
1257 2241 1475 2297 magna,
1506 2235 1560 2281 et
1609 2239 1863 2297 aspecms
1893 2229 2010 2298 ejus
2049 2245 2144 2285 su-

567 2317 793 2387 perabat
817 2318 947 2372 alia.

636 2409 726 2462 21.
768 2406 834 2460 Et
882 2407 1296 2462 eunsiderabam
1350 2423 1522 2464 cornu
1570 2410 1724 2476 illud,
1761 2410 1904 2481 quod
1941 2410 2141 2466 bellum

579 2498 819 2553 faciebat
850 2501 1113 2554 adversus
1142 2507 1386 2564 sanctos,
1415 2510 1468 2554 et
1501 2500 1721 2570 lugebat
1747 2517 1860 2557 eos.

637 2588 729 2643 22.
773 2587 1144 2658 Quoadusque
1171 2591 1319 2644 venit
1354 2589 1608 2647 Vetuslus
1655 2592 1890 2660 dierum,
1929 2603 1982 2648 et
2005 2594 2146 2663 judio

567 2680 712 2734 cium
747 2678 896 2733 dedit
925 2682 1132 2736 sanctis
1168 2681 1458 2748 Altissimi,
1487 2690 1542 2737 et
1575 2696 1787 2754 tempus
1815 2686 2003 2740 datum
2037 2695 2142 2755 est,

572 2775 629 2821 et
661 2783 890 2837 regnum
918 2769 1276 2824 obtinuerunt
1313 2773 1510 2827 sancti.

637 2859 728 2914 25.
763 2859 828 2914 Et
853 2860 1058 2916 dictum
1100 2871 1185 2918 est
1228 2863 1362 2917 mihi
1405 2866 1473 2919 de
1525 2877 1720 2936 quarta
1777 2867 1974 2934 bestia,
2014 2871 2142 2940 quia

569 2966 796 3021 regnum
824 2960 1081 3022 quartum
1112 2954 1218 3008 erit
1244 2970 1408 3025 super
1447 2963 1669 3022 terram,
1695 2960 1838 3028 quod
1883 2961 2145 3017 eminebit

569 3059 731 3113 supra
764 3059 979 3098 onmem
1007 3053 1229 3113 terram,
1262 3056 1311 3104 el
1337 3049 1620 3104 devorabit
1655 3067 1876 3106 onmem
1911 3065 2136 3121 terram,

567 3143 623 3190 et
649 3135 930 3191 subvertet
957 3151 1098 3202 eam,
1131 3146 1184 3191 et
1211 3140 1461 3195 concidet
1486 3156 1628 3196 eam.

639 3225 728 3280 2t.
753 3225 818 3280 Et
845 3229 1030 3284 decem
1052 3243 1260 3283 cornua
1292 3230 1466 3300 regni,
1489 3231 1674 3286 decem
1701 3249 1853 3304 reges
1880 3235 2101 3289 stabunt
2126 3253 2139 3289 :

567 3327 623 3370 et
651 3319 791 3372 alius
820 3333 914 3374 rex
945 3327 1070 3388 post
1099 3335 1196 3374 eos
1223 3320 1410 3386 stabit,
1441 3331 1496 3376 et
1527 3323 1644 3392 ipse
1679 3325 1837 3381 malis
1867 3328 2145 3397 superabit

569 3410 799 3478 primos,
834 3420 886 3466 et
917 3419 1026 3467 tres
1058 3427 1212 3482 reges
1250 3413 1578 3468 liumiliabit.

639 3588 730 3642 25.
772 3587 840 3641 Et
892 3586 1053 3640 verba
1090 3598 1279 3641 contra
1338 3591 1676 3645 Altissimum
1738 3593 2032 3663 loquetur,
2093 3611 2146 3652 et

570 3688 798 3734 sanctos
857 3677 1125 3730 Altissimi
1183 3687 1425 3733 conteret
1475 3699 1489 3732 :
1547 3692 1602 3735 et
1639 3697 1881 3741 assumet
1936 3698 2148 3744 mutare

572 3775 838 3837 tempora,
867 3777 920 3821 et
945 3767 1138 3838 legem,
1163 3778 1217 3823 et
1247 3770 1528 3824 tradentur
1565 3775 1748 3829 omnia
1800 3777 1853 3830 in
1897 3781 2148 3835 manibus

572 3858 693 3926 ejus
724 3873 896 3927 usque
919 3860 985 3912 ad
1042 3867 1278 3928 tempus,
1332 3869 1387 3914 et
1439 3871 1703 3933 tempora,
1765 3875 1817 3921 et
1871 3885 2043 3939 usque
2079 3871 2145 3926 ad

570 3950 851 4005 dimidium
878 3951 1156 4020 temporis.

639 4040 730 4096 26.
776 4042 837 4094 Et
859 4040 1128 4110 judicium
1161 4042 1392 4111 sedebit,
1425 4053 1478 4099 et
1496 4055 1817 4116 potestatem
1840 4050 2142 4120 destruent,

570 4141 625 4186 et
658 4133 1037 4188 deliberabunt
1064 4135 1459 4204 contaminare,
1505 4149 1558 4194 et
1590 4142 1814 4209 perdere
1858 4160 2032 4215 usque
2089 4148 2142 4202 in

569 4223 753 4276 ﬁnem.

639 4313 727 4367 27.
771 4311 839 4367 Et
872 4329 1120 4383 regnum,
1147 4325 1200 4371 et
1234 4325 1576 4388 potestatem,
1605 4334 1659 4377 et
1684 4328 2140 4396 magniﬁcentiam

568 4417 780 4468 eorum,
820 4413 872 4458 et
904 4405 1262 4476 principatum
1323 4410 1567 4464 omnium
1625 4415 1727 4467 sub
1774 4416 1914 4470 coelo
1945 4433 2140 4487 regno-

2245 608 2367 660 μου.

2318 683 2403 734 16.
2439 680 2751 751 Προσῆλθον
2805 681 2935 752 πρὸς
2983 681 3079 735 Eva
3119 681 3228 735 τῶν
3272 680 3548 747 ἑστώτων,
3586 682 3681 735 καὶ
3726 682 3792 754 τὴ

2243 772 2533 844 ἀκρίϐειαν
2562 771 2792 840 ἐζήτουν
2824 773 2956 842 παρ’
2985 772 3150 826 αὑτοῦ
3175 773 3315 845 ὑπὲρ
3347 776 3566 828 πάντων
3594 777 3802 828 τούτων

2243 864 2566 936 ἀποκριθεὶς
2593 863 2648 917 δὲ
2681 862 2827 932 λέγει
2855 881 2966 934 μοι,
3011 865 3232 940 καὶιτὴν
3268 865 3450 937 κρίσιν
3494 865 3598 919 τῶν
3650 865 3810 935 λόγωι.

2244 953 2477 1024 ἐδήλωσέ
2509 971 2618 1024 μοι.
3078 939 3088 952 ’

2319 1047 2404 1099 I7.
2439 1047 2627 1102 Ταῦτα
2655 1047 2724 1102 τὰ
2753 1047 2916 1119 θηρία
2944 1049 3012 1102 τὰ
3050 1048 3263 1119 μεγάλα
3303 1051 3410 1102 εἰσὶ
3439 1050 3702 1123 τέσσαρες
3730 1052 3827 1123 βα-

2247 1137 2462 1201 σιλεῖαι,
2501 1139 2557 1192 αἶ
2585 1139 2914 1193 ἀπολοῦνται
2939 1140 3047 1193 ἀπὸ
3069 1140 3168 1211 τῆς
3188 1140 3312 1210 γῆς.

2318 1229 2404 1282 I8.
2438 1230 2549 1284 Kal.
2589 1231 3004 1303 παραλήψονται
3035 1231 3134 1302 τὴν
3173 1231 3449 1301 βασιλείαν
3485 1234 3628 1301 ἅγιοι
3661 1234 3823 1304 Ὑψί-

2246 1338 2410 1385 στου,
2453 1323 2547 1374 καὶ
2589 1322 2879 1387 καθέξουσι
2919 1324 3019 1396 τὴν
3060 1323 3339 1394 βασιλείαν
3367 1325 3472 1389 ἓως
3509 1325 3604 1378 τοῦ
3629 1327 3825 1390 αίῶνος

2243 1409 2352 1462 τῶν
2380 1409 2611 1465 αἰώνων.

2318 1500 2404 1555 I9.
2435 1502 2569 1555 Τότε
2602 1503 2792 1574 ήθελον
2820 1503 3298 1572 ἐξακριϐὠσασθαι
3342 1508 3470 1577 περὶ
3511 1507 3608 1560 τοῦ
3633 1507 3829 1579 θηρίου

2245 1590 2339 1642 τοῦ
2371 1593 2656 1662 τετάρτου,
2695 1593 2790 1646 τοῦ
2823 1595 3230 1668 διαφθείροντος
3270 1601 3469 1663 πάντα,
3520 1599 3614 1652 καὶ
3655 1600 3832 1672 ὕπερ-

2247 1683 2412 1751 φόϐου
2435 1700 2448 1713 ·
2492 1685 2585 1740 καὶ
2617 1687 2726 1739 ἰδοὺ
2751 1687 2798 1740 oi
2821 1687 3035 1752 ὀδόντες
3055 1688 3220 1743 αὐτοῦ
3258 1691 3485 1762 σιδηροῖ,
3519 1691 3611 1743 καὶ
3635 1693 3682 1743 oi
3701 1691 3831 1744 όνυ-

2245 1791 2339 1843 χες
2369 1774 2532 1828 αὑτοῦ
2553 1777 2760 1846 χαλκοῖ,
2792 1779 3168 1845 κατεσθίοντος
3195 1782 3400 1846 πάντας
3427 1784 3712 1851 κυκλόθεν,
3734 1785 3834 1837 καὶ

2251 1867 2688 1939 καταπατοῦντος
2717 1871 2827 1932 τοῖς
2863 1871 3010 1927 ποσί.

2313 1957 2402 2012 20.
2433 1959 2542 2012 Καὶ
2573 1961 2702 2032 περὶ
2735 1962 2842 2016 τῶν
2869 1962 2998 2016 δέκα
3025 1964 3271 2033 κεράτων
3292 1964 3456 2018 αὐτοῦ
3482 1966 3587 2018 τῶν
3617 1967 3708 2020 ἐπὶ
3728 1966 3837 2036 τῆς

2245 2050 2522 2118 κεφαλῆς,
2556 2053 2649 2105 καὶ
2687 2052 2780 2106 τοῦ
2823 2053 2941 2117 ἐνὸς
2969 2053 3060 2107 τοῦ
3093 2053 3253 2108 ἄλλου
3291 2053 3385 2108 τοῦ
3436 2058 3834 2127 προσφυέντος,

2246 2141 2337 2192 καὶ
2362 2140 2624 2206 ἐξέπεσαν
2645 2141 2712 2194 δι’
2736 2142 2900 2195 αὑτοῦ
2921 2142 3064 2214 τρία,
3093 2143 3186 2196 καὶ
3211 2144 3270 2196 τὸ
3293 2144 3458 2215 κέρας
3481 2148 3655 2200 ἐκεῖνο
3683 2143 3837 2218 εἶχεν

2243 2230 2572 2302 ὀφθαλμοὺς,
2607 2234 2699 2286 καὶ
2733 2233 2909 2304 στόμα
2959 2234 3152 2288 λαλοῦν
3183 2237 3429 2306 μεγάλα·
3477 2238 3572 2291 καὶ
3597 2239 3630 2308 ἡ
3653 2239 3835 2310 πρόσ-
3909 2261 3919 2273 ο

2244 2322 2365 2392 οψις
2385 2323 2550 2376 αὑτοῦ
2582 2323 2886 2395 ὑπερέφερε
2911 2324 2980 2378 τὰ
3009 2325 3165 2383 ἄλλα.

2313 2414 2402 2467 21.
2436 2415 2544 2466 Καὶ
2580 2415 2864 2468 κατενόουν
2916 2416 2978 2469 τὸ
3007 2416 3176 2487 κέρας
3206 2418 3382 2471 ἐκεῖνο
3436 2419 3672 2488 πόλεμον
3701 2436 3842 2473 συν-

2249 2506 2537 2575 ιστάμενον
2561 2505 2698 2578 πρὸς
2715 2506 2839 2570 τοὺς
2861 2507 3070 2576 ἁγίους,
3099 2509 3194 2562 καὶ
3215 2510 3584 2582 τροπούμενον
3604 2511 3838 2574 αύτούς.

2313 2596 2404 2649 22.
2433 2597 2580 2661 Ἕως
2606 2596 2702 2650 τοῦ
2733 2597 2904 2651 ἐλθεῖν
2931 2600 3023 2652 τὸν
3049 2600 3284 2654 Παλαιὸν
3323 2601 3568 2672 ἡμερῶν,
3595 2602 3691 2656 καὶ
3727 2602 3841 2672 τὴν

2245 2686 2426 2755 κρίσ.ν
2449 2686 2616 2740 ἔδωκε
2644 2689 2760 2752 τοῖς
2788 2688 2964 2757 ἁγίοις
2992 2689 3087 2742 τοῦ
3141 2690 3398 2760 Ὑψίστου
3424 2709 3440 2722 ’
3465 2691 3559 2744 καὶ
3585 2693 3613 2745 ό
3635 2690 3840 2762 καιρὸς

2245 2775 2421 2846 ἐδόθη,
2446 2777 2540 2830 καὶ
2574 2776 2636 2830 τὸ
2667 2775 2935 2847 βασίλειον
2969 2779 3232 2850 κατέσχον
3255 2782 3303 2834 σί
3339 2781 3501 2850 ἅγιοι.

2314 2866 2402 2918 25.
2433 2867 2540 2919 Καὶ
2565 2867 2768 2939 ἐρρέθη
2802 2885 2892 2938 μοι
2923 2871 3051 2941 περὶ
3075 2871 3171 2924 τοῦ
3202 2871 3388 2943 θηρίου
3417 2871 3510 2926 τοῦ
3539 2873 3837 2943 τετάρτου,

2243 2953 2325 3006 ὅτι
2357 2953 2602 3023 βασιλεία
2627 2957 2858 3030 τετάρτη
2879 2958 3032 3012 ἔσται
3063 2963 3154 3015 ἐπὶ
3175 2965 3273 3033 τῆς
3299 2966 3432 3035 γῆς,
3477 2966 3598 3035 ἥτις
3635 2967 3838 3020 διοίσει

2245 3047 2396 3115 παρὰ
2430 3049 2612 3101 πᾶσαν
2649 3048 2748 3119 τὴν
2771 3051 2972 3121 γῆνχί,
2991 3052 3084 3106 καὶ
3115 3055 3489 3125 καταφάγεται
3520 3061 3700 3112 πᾶσαν
3728 3057 3840 3129 τὴν

2185 3177 2212 3234 Β
2247 3135 2351 3204 γῆν
2361 3136 2420 3206 /.
2439 3137 2532 3189 καὶ
2552 3137 2926 3194 ἁναστατώσει
2965 3143 3155 3215 αὐτὴν,
3177 3146 3272 3199 καὶ
3294 3145 3614 3202 καταλεανεί
3635 3149 3839 3222 αὑτήν.

2316 3229 2406 3286 24.
2438 3231 2547 3284 Καὶ
2576 3232 2646 3286 τὰ
2668 3231 2801 3288 δέκα
2822 3235 3025 3308 κέρατα
3056 3236 3158 3307 τῆς
3186 3237 3481 3307 βασιλείας,
3513 3240 3642 3293 δέκα
3673 3240 3843 3311 βασι-

2247 3321 2360 3385 λεῖς
2390 3323 2707 3393 στήσονται·
2745 3326 2840 3380 καὶ
2866 3328 2894 3379 ό
2921 3327 3079 3392 ἄλλος
3119 3327 3374 3398 βασιλεὺς
3425 3331 3565 3402 μετὰ
3603 3332 3842 3398 τούτους

2251 3415 2526 3485 στήσεται,
2559 3418 2655 3472 καὶ
2694 3420 2855 3483 αὐτὸς
2877 3420 3066 3474 διοίσει
3101 3424 3292 3487 κακοῖς
3325 3423 3466 3495 ὑπὲρ
3511 3425 3635 3489 τοὺς
3674 3426 3828 3497 πρώ-

2247 3523 2394 3570 τους,
2434 3511 2526 3562 καὶ
2564 3514 2712 3580 τρεῖς
2745 3512 2984 3581 βασιλεῖς
3022 3515 3368 3568 ταπεινώσει.

2318 3598 2408 3653 25.
2442 3599 2553 3652 Kal.
2602 3602 2819 3673 ῥήματα
2875 3605 2956 3668 είς
3008 3605 3098 3658 τὸν
3129 3605 3394 3675 ’Ὕψιστον
3443 3607 3689 3679 λαλήσει,
3735 3609 3846 3663 καὶ

2248 3685 2374 3749 τοὺς
2407 3685 2596 3755 ἁγίους
2615 3689 2709 3742 τοῦ
2755 3691 3011 3761 Ὑψίστου
3047 3695 3390 3766 κατατρίψει,
3423 3697 3518 3750 καὶ
3538 3698 3845 3769 προσδέξε-

2248 3792 2340 3830 ται
2369 3777 2659 3834 ἀλλοιῶσαι
2700 3784 2925 3851 καιροὺς
2958 3784 3052 3837 καὶ
3085 3785 3270 3856 νόμον,
3302 3787 3398 3839 καὶ
3448 3789 3842 3861 παραδοθήσε-

2247 3880 2340 3916 ται
2371 3864 2548 3919 πάντα
2574 3869 2654 3931 είς
2683 3870 2780 3934 τάς
2813 3875 2998 3944 χεῖρας
3022 3873 3186 3927 αὐτοῦ
3211 3873 3316 3938 ἕως
3346 3877 3538 3948 καιροῦ
3573 3879 3665 3933 καὶ
3703 3898 3840 3934 και-

2234 3956 2382 4026 ·ρῶν,
2407 3957 2500 4010 καὶ
2532 3960 2636 4024 ἕως
2670 3961 2900 4031 ἡμίσους
2932 3965 3145 4036 καιροῦ.

2317 4048 2406 4103 26.
2445 4051 2554 4103 Καὶ
2585 4052 2618 4122 ἡ
2645 4053 2826 4123 κρίσις
2849 4055 3154 4123 καθίσεται,
3177 4061 3270 4114 καὶ
3297 4061 3396 4131 τὴν
3416 4061 3663 4126 ἐξουσίαν
3693 4063 3838 4116 ἀπο-

2246 4138 2418 4205 λοῦσι,
2465 4143 2560 4198 καὶ
2594 4143 2970 4214 βουλεύσονται
3013 4151 3199 4220 μιᾶναι
3253 4152 3348 4205 καὶ
3401 4153 3665 4207 ἀπολέσαι
3715 4155 3835 4218 ἕως

2244 4231 2451 4296 τέλους.

2315 4326 2407 4380 27.
2441 4327 2552 4381 Kal.
2579 4329 2678 4401 τὴν
2708 4329 3005 4400 βασιλείαν,
3039 4335 3132 4389 καὶ
3162 4336 3259 4408 τὴν
3297 4338 3563 4405 ἐξουσίαν,
3600 4343 3693 4396 καὶ
3725 4342 3835 4413 τὴν

2251 4419 2647 4492 μεγαλειότητα
2669 4423 2871 4488 αὐτῶν,
2901 4427 2997 4479 καὶ
3038 4426 3136 4498 τὴν
3164 4429 3339 4500 ἀρχὴν
3369 4431 3557 4483 πασῶν
3582 4431 3690 4485 τῶν
3716 4433 3834 4486 ὑπὸ

569 4509 714 4560 rum,
751 4494 899 4549 dedit
932 4497 1133 4566 populo
1183 4508 1376 4553 sancto
1424 4501 1644 4556 excelso
1689 4504 1755 4556 ad
1806 4509 2138 4577 regnandum

2243 4509 2336 4561 τὸν
2381 4511 2608 4581 οὐρανὸν
2658 4511 2978 4582 βασιλειῶν,
3025 4494 3366 4589 ἕδῷκεμλαῷ
3415 4521 3559 4592 ἁγίῳ
3613 4522 3832 4594 ὑψίστῳ

568 4598 736 4656 regno
765 4585 1118 4653 sempiterno,
1146 4597 1200 4642 et
1231 4605 1422 4644 omnes
1452 4598 1746 4659 potestates
1769 4597 1818 4650 ei
1846 4599 2142 4668 subjicien-

569 4685 678 4742 tur,
717 4686 770 4731 et
790 4677 1045 4731 ubedient
1075 4678 1123 4732 ei
1161 4694 1332 4748 usque
1359 4681 1426 4735 ad
1455 4683 1614 4738 linem
1638 4688 1927 4743 sermonis.

635 4852 726 4906 '28.
770 4851 880 4921 Ego
918 4853 1099 4906 Daniel
1138 4853 1307 4908 multo
1351 4865 1572 4927 stupore
1601 4872 1887 4930 correptus
1911 4879 2055 4930 sum,
2087 4877 2142 4921 et

558 4943 744 4999 Iorma
769 4960 887 5000 mea
921 4946 1208 5000 immutata
1238 4959 1315 5000 est
1346 4965 1510 5019 super
1563 4968 1668 5015 me,
1719 4964 1773 5006 et
1823 4956 2046 5010 verbum
2085 4959 2138 5012 in

569 5037 730 5092 corde
756 5052 878 5093 meo
913 5041 1138 5096 ﬁrmiter
1173 5042 1360 5096 statui.

1147 5192 1374 5250 CAPUT
1415 5193 1550 5250 VIII.

643 5304 694 5358 I.
736 5307 894 5359 Anno
942 5307 1100 5361 tertio
1159 5319 1419 5376 regnante
1463 5307 1729 5377 Baltasar,
1778 5314 1936 5379 visio,
1973 5333 2137 5388 quam

565 5397 676 5452 vidi
709 5412 810 5465 ego
843 5395 1028 5452 Daniel
1053 5439 1068 5461 .
1099 5408 1383 5469 postquam
1419 5402 1675 5456 vidissem
1706 5405 1959 5472 primam.

633 5489 690 5542 2.
732 5489 795 5542 Et
828 5489 933 5542 vidi
960 5490 1011 5542 in
1040 5491 1248 5545 visione
1277 5494 1474 5546 somnii
1503 5495 1634 5559 mei,
1683 5512 1808 5551 cum
1839 5514 1940 5570 ego
1959 5516 2136 5557 essem

565 5578 622 5629 in
644 5578 800 5630 Susis
835 5579 1073 5646 civitate,
1106 5596 1226 5648 qua:
1275 5595 1356 5637 est
1392 5585 1444 5637 in
1495 5585 1777 5655 Elymaide
1808 5593 2053 5662 regione,
2085 5606 2138 5650 ct

565 5665 676 5717 vidi
721 5667 774 5718 in
825 5668 1057 5727 visione.
1089 5684 1212 5724 cum
1267 5673 1444 5726 adhuc
1492 5690 1666 5729 essem
1716 5679 1870 5748 juxta
1925 5695 2132 5753 portam

564 5751 776 5810 Aelam.

2246 4599 2562 4670 βασιλεῦσαι
2612 4603 2889 4672 βασιλείαν
2935 4606 3170 4676 αἰώνιον,
3226 4611 3320 4663 καὶ
3362 4613 3533 4666 πᾶσαι
3581 4612 3829 4678 ἐξουσίαι

2242 4691 2391 4762 αὐτῷ
2421 4694 2876 4765 ὑποταγήσονται,
2909 4699 3003 4751 καὶ
3045 4702 3506 4774 πειθαρχήσουσιν
3544 4705 3692 4777 αὐτῷ
3719 4706 3829 4770 ἕως

2243 4787 2627 4856 καταστροφῆς
2654 4789 2748 4841 τοῦ
2787 4788 2968 4859 λόγου.

2312 4875 2401 4929 28.
2448 4876 2587 4945 Ἐγὼ
2642 4881 2839 4951 Δανιὴλ
2874 4883 3078 4956 σφόδρα
3131 4887 3388 4942 ἐκστάσει
3441 4890 3824 4962 περιειχόμην,

2243 4970 2338 5022 καὶ
2365 4971 2530 5040 ἡὲξις
2561 4989 2663 5042 μου
2697 4972 2983 5043 διήνεγκεν
3022 4979 3165 5048 ἐμοὶ,
3191 4981 3286 5034 καὶ
3322 4981 3382 5034 τὸ
3419 4983 3564 5053 ῥῆμα
3599 4985 3656 5036 ἐν
3687 4999 3825 5055 καρ-

2241 5060 2328 5130 δία
2363 5077 2466 5130 μου
2493 5063 2770 5133 ἐστήριξα.
3821 5070 3830 5099 ¹

2839 5221 3089 5282 ΚΕΦΛΛ.
3133 5227 3192 5278 H'

2313 5332 2365 5387 I.
2402 5333 2593 5398 Ἔτους
2625 5338 2806 5404 τρίτου
2849 5337 3222 5408 βασιλεύοντος
3267 5342 3576 5413 Βαλτάσαρ,
3612 5344 3818 5415 ὅρασις,

2240 5422 2306 5494 ἣν
2333 5420 2470 5477 εἶδον
2491 5424 2602 5494 ἐγὼ
2631 5427 2851 5498 Δανιὴλ,
2885 5431 3024 5501 μετὰ
3049 5431 3111 5485 τὸ
3143 5433 3270 5486 ἰδεῖν
3313 5453 3378 5504 με
3404 5437 3504 5507 τὴν
3538 5435 3782 5506 πρώτην.

2309 5513 2362 5567 2.
2394 5516 2502 5567 Ka‘l
2524 5511 2662 5571 εἶδον
2683 5519 2740 5572 ἐν
2769 5519 2848 5590 τῷ
2868 5522 3106 5592 ὁράματι
3134 5524 3228 5578 τοῦ
3253 5526 3504 5580 ἐνυπνίου
3533 5543 3658 5597 μου,
3685 5525 3819 5596 ἐμοῦ

2239 5603 2388 5667 όντος
2422 5607 2481 5659 ἐν
2511 5607 2732 5671 Σούσοις
2783 5613 2844 5680 τῇ
2895 5612 3070 5677 πόλει,
3093 5614 3216 5684 ἥτις
3255 5616 3404 5670 ἐστὶν
3430 5618 3489 5669 ἐν
3541 5615 3816 5688 Ἐλυμαῖδι

2239 5691 2392 5762 χώρᾳ
2422 5696 2485 5762 >ε<
2521 5696 2613 5748 καὶ
2639 5695 2776 5751 εἶδον
2808 5701 2864 5752 ὲν
2895 5700 3133 5773 ὁράματι
3161 5704 3218 5774 /.
3254 5704 3331 5758 Et:
3363 5707 3514 5771 όντος
3547 5723 3649 5778 μου
3683 5705 3814 5780 πρὸς

2239 5785 2304 5856 τῇ
2340 5783 2480 5856 πύλῃ
2512 5787 2710 5858 Αἰλάμ.
