4122 6320
347 327 480 386 2815

1564 324 1816 380 ΠΑΝΙΕΙ.
1856 323 2082 380 CAPUT
2118 326 2253 379 V'Ill.

3451 320 3589 380 28!:

416 445 469 500 3.
511 442 842 515 ¹Δναϐλέψαςς
870 437 1009 495 εἶδον
1044 443 1196 513 κριὸν
1222 441 1316 495 ἕνα
1352 443 1522 515 μέγαν
1552 445 1760 498 ἑστῶτα
1810 446 1918 497 ἀπα

2094 444 2146 497 '5.
2192 442 2511 512 Suspiciens
2544 442 2649 497 vidi
2681 441 2904 496 arietem
2936 458 3102 496 unum
3145 458 3396 513 magnum
3434 454 3587 499 stan-

346 540 521 592 έναντι
544 536 645 605 τῆς
674 535 846 607 πύλης
864 553 878 566 ·
909 534 1002 588 καὶ
1016 529 1129 605 εἶχε
1155 534 1382 606 κέρατα,
1403 538 1469 605 )t(
1495 536 1587 590 καὶ
1612 536 1677 591 τὰ
1706 537 1914 608 κέρατα

345 631 409 698 Χ
439 625 639 697 ὑψηλὰ,
665 626 758 679 καὶ
796 625 856 679 τὸ
902 624 959 680 ἓν
988 624 1317 696 ὑψηλότερον
1347 626 1441 679 τοῦ
1467 628 1652 697 ἐτέρου
1672 667 1687 692 ,
1722 628 1814 680 καὶ
1854 626 1915 678 τὸ

347 718 668 790 ὑψηλότερον
700 716 970 770 ἀνέϐαινε.

407 808 461 863 4.
491 808 645 862 Μετὰ
665 808 721 860 δὲ
744 807 915 861 ταῦτα
938 801 1077 859 εἶδον
1105 808 1196 862 τὸν
1219 809 1374 878 κριὸν
1398 826 1458 862 κε
1469 809 1752 879 ρατίζοντα
1781 808 1915 879 πρὸς

344 899 620 963 ἀνατολὰς,
667 898 762 951 καὶ
812 898 950 969 πρὸς
981 899 1203 971 βορρᾶν,
1232 898 1328 952 καὶ
1372 899 1509 970 πρὸς
1551 900 1782 969 δυσμὰς.
1822 898 1915 951 καὶ

348 990 689 1063 μεσημϐρίαν
714 1006 728 1019 ·
760 990 855 1042 καὶ
875 990 1055 1043 πάντα
1079 990 1148 1043 τὰ
1171 989 1337 1061 θηρία
1359 991 1461 1043 οὐκ
1488 989 1722 1060 ἔστησαν
1741 990 1916 1049 ὀπίσω

346 1082 524 1145 αὐτοῦ,
559 1083 653 1134 καὶ
673 1082 772 1134 οὐκ
815 1076 882 1151 ἦν
910 1082 939 1133 6
973 1081 1232 1151 ῥυόμενος
1253 1082 1316 1133 ἐκ
1343 1080 1450 1133 τῶν
1500 1080 1694 1150 χειρῶν
1725 1076 1913 1142 αὐτοῦ,

346 1176 433 1230 καὶ
461 1173 634 1227 ἐποίει
662 1173 737 1236 ὡς
768 1171 945 1243 ἡθελε,
976 1172 1070 1225 καὶ
1090 1171 1296 1242 ὑψώθη.

414 1358 463 1414 5.
501 1356 612 1409 Καὶ
656 1353 769 1424 ἐγὼ
818 1352 1158 1424 διενοούμην,
1208 1354 1299 1406 καὶ
1341 1354 1453 1406 ἰδοὺ
1496 1353 1694 1423 τράγος
1744 1352 1913 1420 αἰγῶν

349 1452 538 1521 ἤρχετο
562 1447 670 1500 ἀπὸ
699 1446 920 1515 δυσμῶν
949 1446 1041 1498 ἐπὶ
1090 1443 1379 1515 προσώπου
1413 1446 1512 1511 τῆς
1558 1445 1689 1514 γῆς’
1729 1445 1822 1497 καὶ
1847 1439 1913 1513 ἦν

350 1541 434 1594 τοῦ
465 1540 670 1611 τράγου
721 1538 887 1609 κέρας
934 1537 992 1591 ἓν
1025 1540 1091 1605 >κ
1126 1537 1396 1609 θεωρητὸν
1418 1538 1475 1607 /.
1508 1536 1778 1608 ἀναμέσον
1808 1537 1914 1591 τῶν

349 1628 637 1698 ὀφθαλμῶν
668 1627 851 1681 αὐτῶν
881 1629 938 1698 /.

413 1720 464 1774 6.
487 1719 599 1773 Καὶ
634 1715 800 1789 ἦλθεν
819 1720 912 1771 ἐπὶ
938 1721 1033 1771 τὸν
1060 1719 1212 1790 κριὸν
1240 1719 1331 1773 τὸν
1356 1721 1422 1774 τά
1460 1721 1666 1791 κέρατα
1701 1719 1909 1791 ἔχοντα,

2019 543 2123 585 tem
2163 548 2193 588 e
2230 533 2448 603 regione
2484 541 2670 602 portae,
2708 541 2761 586 et
2787 532 3018 586 habebat
3053 548 3279 601 cornua,
3304 543 3357 587 et
3382 550 3587 590 cornua

2018 628 2231 681 excelsa
2262 665 2279 689 ,
2329 634 2383 680 et
2407 641 2573 679 unum
2629 625 2897 681 excelsius
2948 625 3158 685 altero,
3218 636 3266 679 et
3321 628 3591 682 excelsius

2021 719 2370 772 ascendebat.

2090 811 2144 863 4.
2187 809 2316 865 Post
2350 818 2529 865 autem
2565 812 2681 865 haec
2741 807 2848 863 vidi
2890 810 3111 862 arietem
3167 807 3427 863 cornibus
3457 824 3590 863 ven-

2016 899 2264 955 tilantem
2298 902 2363 956 ad
2396 902 2683 967 orientem,
2714 910 2768 956 et
2802 901 2867 954 ad
2897 900 3208 971 aquilonem
3231 939 3246 965 ,
3272 909 3326 954 et
3348 896 3409 954 ad
3439 901 3589 955 occi-

2014 989 2252 1057 dentem,
2284 1001 2336 1046 et
2361 993 2425 1045 ad
2463 993 2743 1048 meridiem
2782 1011 2795 1046 :
2849 1001 2902 1045 et
2968 1002 3178 1046 eunctm
3247 991 3433 1046 bestia:
3481 1007 3588 1047 non

2016 1089 2285 1135 steterunt
2326 1092 2449 1151 post
2486 1098 2644 1147 cum,
2673 1093 2726 1136 et
2772 1097 2877 1136 non
2928 1092 3045 1137 erat
3084 1082 3176 1152 qui
3217 1082 3472 1135 liberaret
3523 1081 3592 1135 de

2015 1172 2269 1226 manibus
2302 1173 2440 1242 ejus,
2478 1184 2529 1227 et
2558 1172 2810 1240 faciebat,
2850 1173 2992 1228 sicut
3023 1173 3256 1237 volebat,
3308 1183 3361 1227 et
3391 1172 3591 1227 exalta-

2018 1273 2107 1317 lllS
2147 1271 2250 1317 εει.
3628 1335 3632 1339 4

2087 1354 2141 1406 5.
2182 1352 2250 1407 Et
2279 1369 2381 1424 ego
2434 1355 2929 1408 animadvertebam
2962 1374 2975 1409 :
3005 1361 3056 1409 et
3108 1372 3234 1410 ecce
3287 1357 3468 1411 hircus
3501 1373 3592 1412 ca-

2017 1461 2236 1515 prarum
2272 1447 2519 1500 veniebat
2545 1448 2612 1500 ab
2635 1447 2915 1501 occidente
2959 1463 3123 1515 super
3159 1445 3348 1501 faciem
3397 1456 3591 1512 terrm;

2016 1544 2068 1590 ct
2099 1544 2215 1591 erat
2244 1538 2376 1591 hirci
2412 1553 2582 1591 cornu
2616 1554 2780 1591 unum
2839 1539 3130 1606 spectabile
3162 1538 3215 1591 in
3259 1539 3436 1593 medio
3459 1554 3590 1592 ocu-

2017 1628 2196 1682 lorum
2224 1645 2474 1683 suorum.

2086 1721 2140 1775 6.
2174 1720 2237 1775 Et
2267 1721 2411 1777 venit
2435 1722 2499 1775 ad
2534 1721 2779 1787 arietem,
2801 1723 2892 1792 qui
2923 1738 3128 1778 cornua
3158 1724 3408 1788 habebat,
3430 1740 3593 1792 quem

350 1812 406 1863 ὃν
431 1807 568 1864 εἶδον
593 1809 805 1864 ἑστῶτα
838 1811 972 1882 πρὸς
1003 1813 1067 1882 τῇ
1104 1810 1263 1882 πύλῃ,
1299 1813 1390 1864 καὶ
1427 1812 1626 1882 ἔδραμε
1653 1811 1788 1883 πρὸς
1814 1812 1912 1865 αὑ-

2021 1811 2258 1866 videram
2298 1821 2534 1867 stantem
2563 1814 2715 1879 juxta
2749 1822 2987 1882 portam,
3044 1823 3096 1868 et
3133 1816 3372 1868 cucurrit
3408 1824 3591 1868 contra

350 1902 434 1955 τὸν
454 1903 510 1955 ἐν
540 1901 695 1972 θυμῷ
731 1902 924 1974 ὀργῆς.

416 1993 468 2048 7.
498 1993 607 2047 Καὶ
634 1987 772 2046 εἶδον
798 1993 958 2046 αὑτὸν
988 1993 1327 2064 προσάγοντα
1348 1993 1483 2065 πρὸς
1508 1992 1597 2047 τὸν
1624 1993 1799 2064 κριὸν,
1822 1993 1916 2046 καὶ

349 2084 595 2156 ἐθυμώθη
636 2085 724 2137 ἐπ’
758 2084 941 2147 αὐτὸν,
984 2086 1076 2138 καὶ
1108 2083 1344 2149 ἐπάταξε
1375 2088 1440 2152 >ξ<
1477 2085 1569 2137 τδν
1605 2083 1778 2154 κριὸν,
1822 2082 1917 2135 καὶ

351 2176 627 2246 συνέτριψε
657 2176 722 2229 τὰ
743 2175 836 2228 δύο
862 2177 1063 2247 κέρατα
1090 2175 1275 2238 αὐτοῦ,
1313 2176 1409 2228 καὶ
1435 2177 1534 2229 οὐκ
1559 2174 1638 2227 ἔτι
1667 2170 1735 2245 ἦν
1765 2173 1916 2244 ἰσχὺς

350 2271 404 2322 ἐν
421 2267 496 2338 τῷ
524 2267 665 2337 κριῷ
699 2266 888 2336 στῆναι
918 2267 1204 2320 κατέναντι
1232 2265 1326 2320 τοῦ
1355 2266 1558 2338 τράγου
1578 2267 1718 2333 ικαὶ
1748 2267 1916 2320 ἐσπάο

354 2360 504 2430 ραξεν
530 2360 691 2414 αὐτὸν
718 2362 810 2413 ἐπὶ
837 2361 935 2430 τὴν
963 2359 1091 2429 γῆν,
1139 2360 1232 2412 καὶ
1261 2357 1576 2428 συνέτριψεν
1607 2359 1786 2423 αὐτὸν,
1825 2358 1918 2410 καὶ

348 2453 441 2507 οὐκ
467 2448 535 2523 ἦν
568 2454 596 2504 6
627 2451 888 2522 ῥυόμενος
914 2440 1002 2503 τδν
1029 2452 1180 2522 κριὸν
1204 2450 1313 2504 ἀπὸ
1342 2449 1436 2503 τοῦ
1475 2450 1700 2520 τράγου.

412 2543 463 2598 8.
504 2544 616 2596 Καὶ
651 2545 678 2596 6
700 2543 901 2611 τράγος
929 2541 1036 2595 τῶν
1062 2543 1231 2612 αἰγῶν
1250 2542 1545 2613 κατίσχυσε
1572 2541 1798 2612 σφόδρα,
1821 2542 1916 2594 καὶ

349 2635 431 2688 ὅτε
462 2635 782 2705 κατίσχυσε,
836 2634 1128 2705 συνετρίϐη
1166 2633 1329 2688 αὐτοῦ
1362 2635 1423 2687 τὸ
1452 2635 1621 2705 κέρας
1654 2634 1714 2688 τὸ
1750 2634 1913 2703 μέγα,

352 2727 438 2780 καὶ
463 2727 629 2797 ἀνέϐη
670 2726 832 2797 ἕτερα
862 2725 1105 2796 τέσσαρα
1151 2727 1356 2796 κέρατα
1385 2723 1715 2779 κατόπισθεν
1754 2722 1915 2777 αὑτοῦ

352 2819 425 2882 εἰς
449 2817 573 2880 τοὺς
599 2818 870 2886 τέσσαρας
898 2816 1134 2887 ἀνέμους
1156 2817 1247 2870 τοῦ
1272 2817 1528 2890 οὐρανοῦ.

416 2908 467 2962 9.
497 2908 607 2960 Καὶ
640 2907 699 2972 ἐξ
739 2907 857 2971 ἑνὸς
902 2904 1079 2961 αὐτῶν
1129 2906 1338 2978 ἀνεφύη
1368 2908 1534 2980 κέρας
1573 2906 1789 2978 ἰσχυρὸν
1836 2905 1918 2968 ἓν.

353 2996 442 3052 καὶ
473 2997 792 3067 κατίσχυσε,
820 2998 915 3051 καὶ
961 2996 1230 3062 ἐπάταξεν
1268 2996 1360 3050 ἐπὶ
1411 2998 1777 3070 μεσημϐρίαν,
1827 2996 1919 3050 ἐπὶ

351 3088 519 3155 νότον,
560 3091 656 3143 καὶ
677 3090 762 3142 ἐπ’
789 3088 1074 3152 ἀνατολὰς,
1111 3090 1205 3142 καὶ
1241 3089 1332 3141 ἐπὶ
1367 3089 1591 3161 βορρᾶν.

420 3152 513 3231 Ιθ.
535 3178 648 3231 Καὶ
683 3176 872 3248 ὑψώθη
908 3177 1012 3240 ἕως
1050 3178 1159 3230 τῶν
1209 3152 1594 3250 ἀστέρωντοῦ
1649 3177 1879 3247 οὐρανοῦ
1901 3194 1913 3206 ·
1945 3152 1986 3208 c

353 3268 443 3324 καὶ
463 3266 710 3343 ἐρράχθη
734 3268 826 3322 ἐπὶ
852 3271 951 3341 τὴν
989 3268 1092 3339 γῆν
1121 3269 1229 3322 ἀπὸ
1260 3268 1369 3321 τῶν
1403 3269 1670 3338 ἀστέρων,
1697 3270 1789 3323 καὶ
1812 3267 1919 3322 ἀπὸ

352 3361 523 3415 αὐτῶν
548 3360 923 3431 κατεπατήθη.

421 3453 504 3508 11.
545 3452 692 3514 Ἕως
732 3453 759 3503 6
793 3452 1230 3522 ἀρχιστράτηγος
1257 3451 1478 3521 ῥύσεται
1517 3451 1616 3522 τὴν
1644 3451 1919 3522 αἰχμαλω-

356 3540 501 3593 σίαν*
525 3540 621 3594 καὶ
659 3541 726 3592 δι’
750 3540 911 3593 αὑτὸν
942 3541 1008 3592 τὰ
1030 3539 1130 3612 ὅρη
1168 3540 1238 3593 τὰ
1263 3541 1361 3594 ἀπ’
1406 3541 1600 3604 αἰῶνος
1644 3540 1915 3614 ἐρράχθη·

355 3631 444 3687 καὶ
475 3630 678 3703 ὲξῄρθη
700 3634 728 3684 6
755 3631 920 3695 τόπος
956 3632 1132 3685 αὐτῶν
1153 3672 1166 3694 ,
1219 3632 1311 3685 καὶ
1361 3632 1554 3686 θυσία·
1598 3635 1691 3688 καὶ
1723 3632 1921 3705 ἔθηκεν

355 3722 516 3794 αὐτὴν
546 3723 651 3786 ἕως
680 3723 854 3793 χαμαὶ
888 3723 980 3775 ἐπὶ
1000 3723 1100 3794 τὴν
1131 3723 1255 3794 γῆν,
1290 3724 1382 3777 καὶ
1413 3724 1794 3795 εὐωδώθησαν,
1827 3725 1921 3777 καὶ

356 3815 578 3886 ἐγενήθη
600 3832 613 3844 ·
645 3815 742 3869 καὶ
763 3815 823 3867 τὸ
852 3813 1007 3882 ἅγιον
1035 3815 1470 3888 ἐρημωθήσεται.

422 4000 508 4056 12.
546 3999 655 4055 Καὶ
678 3997 1013 4069 ἐγενήθησαν
1039 3998 1132 4050 ἐπὶ
1152 4001 1216 4070 τῇ
1248 3998 1408 4070 θυσίᾳ
1438 4000 1493 4052 αἱ
1516 3998 1804 4071 ἁμαρτίαι,
1831 4000 1922 4053 καὶ

357 4091 549 4162 ἐρρίφη
583 4089 759 4159 χαμαὶ
789 4089 824 4158 ἡ
851 4087 1165 4157 δικαιοσύνη
1189 4106 1201 4117 ·
1238 4088 1333 4141 καὶ
1373 4090 1595 4160 ἐποίησε
1619 4133 1633 4155 ,
1675 4091 1769 4143 καὶ
1832 4092 1922 4145 5'3-

356 4187 561 4257 ωδὼθη.

424 4280 510 4334 15.
547 4280 657 4334 Καὶ
688 4281 882 4351 ἢκουον
908 4278 1094 4350 ἐτέρου
1118 4277 1272 4346 ἁγίου
1297 4276 1583 4341 λαλοῦντος
1603 4296 1615 4309 ·
1649 4280 1741 4332 καὶ
1771 4274 1925 4332 εἶπεν

355 4370 577 4443 ὀέτερος
601 4371 811 4442 ἅγιοςί.
833 4370 910 4441 τῷ
932 4370 1199 4441 Φελμουνὶ
1225 4369 1302 4440 τῷ
1322 4369 1589 4423 λαλοῦντι·
1615 4369 1758 4433 Ἕως
1781 4369 1927 4434 τίνος

2017 1921 2140 1959 eum
2181 1905 2233 1957 in
2268 1903 2450 1960 furore
2489 1905 2602 1960 im.

2091 1996 2140 2048 7.
2185 1994 2250 2049 Et
2284 1997 2392 2050 vidi
2424 2012 2549 2050 eum
2581 1997 2927 2051 accedentem
2961 1997 3026 2050 ad
3071 1996 3317 2057 arietem,
3367 2006 3417 2051 et
3448 1997 3592 2055 indi-

2018 2096 2217 2156 gnatus
2245 2099 2325 2142 est
2349 2096 2533 2142 contra
2563 2102 2709 2151 eum,
2747 2094 2799 2143 et
2829 2087 3096 2158 percussit
3125 2089 3371 2151 arietem,
3395 2097 3446 2144 et
3463 2104 3596 2145 con-

2020 2177 2166 2231 trivit
2195 2179 2301 2231 duo
2333 2193 2536 2231 cornua
2560 2176 2678 2246 ejus
2708 2216 2722 2237 ,
2763 2186 2816 2231 et
2861 2193 2968 2231 non
3018 2179 3254 2247 amplius
3292 2190 3408 2232 erat
3441 2179 3596 2233 forti-

2022 2267 2155 2321 tudo
2196 2269 2252 2321 in
2289 2269 2459 2322 ariete
2496 2269 2673 2322 standi
2701 2283 2884 2323 coram
2940 2269 3136 2323 hirco:
3200 2277 3253 2323 et
3314 2270 3596 2325 dilaniavit

2017 2371 2139 2410 eum
2179 2370 2344 2424 super
2372 2365 2594 2421 terram,
2627 2364 2681 2409 et
2715 2358 2971 2410 contrivit
3021 2372 3141 2410 eum
3166 2398 3179 2419 ,
3222 2367 3276 2411 et
3332 2375 3438 2413 non
3480 2370 3597 2412 erat

2018 2447 2109 2517 qui
2151 2447 2403 2502 liberaret
2433 2448 2656 2502 arietem
2686 2449 2753 2503 ab
2784 2448 2957 2501 hirco.
3424 2444 3431 2447 ι

2086 2536 2139 2592 8.
2182 2536 2247 2591 Et
2284 2538 2471 2593 hircus
2505 2554 2794 2608 caprarum
2832 2538 3116 2607 praevaluit
3147 2535 3321 2604 valde,
3353 2549 3405 2594 et
3445 2549 3596 2610 post-

2018 2642 2181 2697 quam
2216 2628 2506 2683 roboratus
2537 2628 2661 2690 t‘uit,
2683 2630 2975 2683 contritum
3007 2637 3091 2683 est
3128 2629 3245 2698 ejus
3272 2644 3438 2684 cornu
3475 2645 3595 2684 tua-

2021 2733 2211 2789 gnum,
2252 2728 2308 2773 et
2358 2719 2720 2773 ascenderunt
2778 2719 2885 2773 alia
2944 2735 3151 2774 cornua
3212 2729 3447 2789 quatuor
3476 2730 3595 2790 post

2020 2811 2149 2866 illud
2181 2811 2235 2865 in
2270 2821 2507 2880 quatuor
2537 2823 2727 2866 ventos
2761 2811 2905 2866 cceli.

2090 2900 2144 2954 9.
2185 2898 2251 2954 Et
2290 2903 2355 2954 de
2391 2916 2499 2954 uno
2544 2902 2760 2956 illorum
2805 2912 3054 2956 renatum
3114 2913 3197 2957 est
3240 2918 3409 2958 cornu
3458 2902 3596 2958 forte

2019 3007 2212 3057 unum,
2244 3000 2297 3046 et
2320 2993 2622 3060 prtevaluit,
2673 3001 2725 3046 et
2756 2994 3026 3063 percussit
3072 2995 3136 3047 ad
3175 2995 3491 3057 meridiem,
3527 2995 3593 3047 ad

2020 3088 2293 3143 austrum,
2330 3082 2395 3134 ad
2435 3083 2724 3145 orientem,
2758 3091 2809 3136 et
2847 3083 2912 3136 ad
2937 3084 3271 3151 aquilonem.

2094 3171 2181 3224 10.
2224 3169 2288 3223 Et
2312 3173 2583 3226 elevatum
2611 3184 2694 3227 est
2727 3188 2897 3242 usque
2921 3174 2987 3227 ad
3016 3174 3204 3229 stellas
3236 3173 3387 3240 coeli,
3413 3184 3466 3229 et
3502 3176 3598 3230 dc-

2021 3264 2183 3316 traxit
2216 3277 2379 3331 super
2407 3272 2607 3318 terram
2647 3279 2679 3318 e
2713 3265 2906 3331 stellis,
2933 3274 3096 3335 atque
3117 3267 3183 3320 de
3208 3267 3287 3321 eis
3308 3268 3597 3322 conculca—

2020 3353 2118 3407 vit.

2091 3442 2179 3496 11.
2222 3442 2405 3497 Donec
2453 3446 2707 3514 princeps
2753 3445 2960 3501 militire
3014 3447 3272 3503 liberabit
3309 3448 3597 3519 captivita-

2022 3543 2150 3601 tem,
2202 3543 2255 3589 et
2298 3550 2394 3604 per
2433 3538 2611 3605 ipsum
2651 3548 2903 3602 montes,
2960 3539 3053 3609 qui
3118 3555 3148 3593 a
3189 3543 3387 3596 saeculo
3448 3553 3596 3605 sunt,

2019 3626 2225 3681 eﬂ‘racti
2261 3636 2390 3681 sunt
2423 3649 2433 3683 :
2462 3637 2515 3682 et
2542 3628 2758 3683 ablatus
2787 3640 2868 3683 est
2896 3632 3051 3685 locus
3096 3645 3311 3696 eorum,
3347 3641 3399 3687 et
3430 3632 3600 3687 sacri-

2022 3723 2251 3777 licium:
2291 3731 2346 3777 et
2396 3724 2580 3794 posuit
2643 3722 2777 3778 illud
2816 3740 2990 3794 usque
3041 3725 3107 3779 ad
3163 3725 3390 3780 humum
3437 3740 3601 3796 super

2024 3822 2246 3880 terram,
2279 3823 2334 3869 et
2364 3829 2628 3885 prospere
2682 3825 3005 3880 evenerunt,
3060 3825 3115 3871 et
3169 3814 3310 3872 facta
3360 3826 3509 3883 sunt,
3547 3827 3603 3872 et

2024 3907 2394 3962 sanctuarium
2419 3906 2775 3962 desolabitur.

2096 3999 2185 4055 12.
2230 3998 2297 4053 Et
2323 3998 2547 4054 fuerunt
2571 3998 2624 4052 in
2654 3998 2925 4053 sacriﬁcio
2949 4009 3202 4069 peccata,
3254 4009 3310 4054 et
3360 4001 3601 4071 projccui

2024 4101 2107 4144 est
2135 4090 2188 4144 in
2218 4098 2359 4144 terra
2384 4089 2619 4159 justitia,
2650 4098 2706 4144 et
2730 4089 2876 4155 fecit,
2907 4100 2961 4146 et
2988 4105 3245 4160 prospere
3271 4093 3456 4146 cessit.

2098 4275 2187 4329 15.
2228 4275 2296 4330 Et
2315 4274 2495 4329 audivi
2526 4275 2696 4331 alium
2730 4287 2980 4333 sanctum
3007 4279 3312 4349 loquentem
3343 4299 3355 4334 :
3382 4292 3435 4337 et
3468 4284 3602 4339 dix‘t

2029 4366 2169 4422 alius
2222 4377 2443 4422 sanctus
2481 4368 2769 4423 Phelmuni
2812 4370 3053 4438 loquenti
3093 4390 3106 4425 :
3147 4370 3440 4444 Usquequo
3466 4376 3602 4431 visio

354 4464 413 4517 τὸ
446 4465 632 4535 ὅραμα
673 4467 950 4535 στήσεται,
987 4464 1080 4516 καὶ
1111 4464 1145 4534 ἡ
1179 4462 1340 4516 θυσία
1387 4464 1420 4531 ἡ
1473 4462 1721 4533 ἀρθεῖσα,
1772 4465 1921 4534 καὶή

2031 4459 2218 4523 stabit,
2246 4467 2303 4513 et
2331 4458 2688 4523 sacrilicium,
2722 4462 2865 4528 quod
2899 4462 3136 4517 ablatum
3167 4473 3287 4530 est,
3328 4479 3382 4519 et
3416 4482 3604 4532 pecca-

356 4558 597 4629 ἁμαρτία
617 4557 949 4629 ἐρημώσεως
977 4559 1011 4629 ἡ
1040 4557 1274 4625 δοθεῖσα,
1303 4559 1396 4613 καὶ
1436 4557 1504 4609 τά
1537 4557 1667 4625 ἆγια
1706 4559 1925 4629 ἐρημω-

354 4649 575 4722 θήσεται
603 4652 681 4713 είς
716 4650 1117 4720 καταπάτημας

424 4742 508 4796 14.
540 4743 648 4796 Καὶ
664 4736 818 4795 εἶπεν
840 4741 1006 4811 αὐτῷ·
1033 4742 1171 4804 Ἕως,
1193 4741 1452 4813 ἑσπέρας,
1479 4742 1573 4795 καὶ
1597 4741 1760 4814 πρωῒ,
1793 4742 1927 4812 ὴμέ-

357 4850 444 4903 ραι
484 4834 743 4904 δισχίλιαι
799 4832 1145 4904 τριακόσιαι,
1204 4834 1297 4886 καὶ
1360 4834 1823 4905 καθαρισθησεται
1867 4835 1928 4887 τὸ

354 4924 524 4995 ἅγιον.

422 5015 510 5073 15.
536 5016 646 5070 Καὶ
684 5014 901 5084 ἐγένετο
927 5017 983 5067 ἐν
1010 5013 1089 5084 τῷ
1118 5013 1344 5085 θεωρεῖν
1388 5031 1457 5085 με
1490 5014 1600 5082 ἐγὼ
1642 5014 1839 5086 Δανιὴλ
1868 5014 1929 5068 τὸ

355 5105 556 5177 ὅραμα,
580 5105 810 5176 ἐζήτουν
842 5104 1213 5176 διανοηθῆναι,
1244 5106 1337 5158 καὶ
1371 5106 1480 5160 ἰδοὺ
1511 5105 1640 5176 ἔστη
1668 5122 1926 5159 κατεναν-

353 5194 463 5250 τίον
488 5213 611 5267 μου,
643 5195 719 5257 ὡς
752 5195 942 5266 ὅρασις
974 5195 1285 5266 ἀνθρώπου.

424 5286 512 5341 1ὓ.
545 5288 655 5341 Καὶ
692 5286 898 5357 ἤκουσα
950 5285 1132 5357 φωνὴν
1185 5286 1472 5358 ἀνθρώπου
1518 5288 1796 5358 ἀναμέσον
1833 5287 1927 5341 τοῦ

356 5376 551 5432 Οὐλαϊ·
583 5378 675 5432 καὶ
714 5379 960 5439 ἐκάλεσε,
990 5379 1084 5431 καὶ
1114 5373 1266 5432 εἶπεν
1290 5393 1305 5409 ο
1356 5379 1614 5451 Γαϐριὴλ,
1658 5379 1930 5432 συνὲτισον

354 5471 558 5524 ἰκεῖνον
588 5471 686 5541 τὴν
719 5473 911 5542 ὅρασιν
944 5484 1005 5524 -ε-
1041 5470 1132 5524 καὶ
1155 5470 1467 5540 ἀναϐοήσας
1490 5467 1644 5524 εἶπεν
1673 5472 1701 5523 6
1721 5468 1929 5539 ἀνθρω-

358 5578 454 5624 πος
482 5577 541 5616 +
574 5563 667 5617 ἐπὶ
693 5563 754 5616 τὸ
777 5563 1103 5634 πρόσταγμα
1125 5565 1302 5617 ἐκεῖνο
1327 5566 1359 5632 ἡ
1387 5565 1578 5635 ὅρασις
1598 5566 1653 5634 /.

427 5652 513 5706 l7.
542 5654 645 5709 Καὶ
673 5649 827 5723 ἦλθε,
856 5656 950 5709 καὶ
974 5657 1103 5727 ἔστη
1133 5655 1390 5728 ἐχόμενός
1413 5673 1515 5726 μου
1541 5655 1640 5725 τῆς
1664 5655 1927 5719 στάσεως,

360 5741 448 5795 καὶ
471 5742 529 5796 ἐν
555 5742 630 5812 τῷ
663 5744 916 5813 ἔρχεσθαι
942 5746 1104 5798 αὐτὸν
1129 5745 1487 5817 ἐθορυϐήθην,
1516 5748 1608 5799 καὶ
1644 5746 1813 5801 ἔπεσα
1838 5748 1930 5801 ἐπὶ

674 5833 944 5894 Ριιτῐιοι..
992 5836 1111 5895 (in.
1161 5837 1328 5897 XVI.

2031 4556 2143 4603 tum
2177 4551 2552 4615 desolationis,
2584 4552 2730 4622 quod
2758 4552 2946 4607 datum
2980 4563 3085 4618 est,
3135 4565 3189 4608 et
3215 4566 3403 4610 sancta
3444 4559 3604 4613 deso-

2030 4642 2287 4697 labuntur
2322 4645 2374 4697 in
2419 4646 2928 4701 conculcationcm?

2101 4736 2187 4789 14.
2230 4736 2296 4790 Et
2341 4736 2476 4792 dixit
2513 4739 2559 4792 ei
2617 4755 2630 4792 :
2681 4737 2860 4808 Usque
2905 4738 2971 4794 ad
3008 4755 3310 4811 vesperam,
3341 4749 3393 4795 et
3424 4755 3601 4807 mane,

2030 4830 2146 4885 dies
2171 4832 2281 4886 duo
2314 4832 2485 4884 millia
2511 4834 2759 4900 tercenti,
2788 4842 2843 4888 et
2874 4834 3232 4900 mandabitur,
3262 4845 3534 4891 sanctum.

2104 5015 2191 5070 15.
2234 5014 2460 5071 Factum
2497 5026 2582 5072 est
2612 5028 2819 5085 autem,
2853 5033 2983 5085 eum,
3016 5018 3252 5081 viderem
3286 5035 3386 5089 ego
3420 5020 3605 5078 Daniel

2030 5106 2323 5173 visionem,
2351 5110 2662 5176 quaerebam
2694 5111 2998 5182 intelligere
3037 5131 3049 5166 :
3098 5122 3153 5167 et
3177 5127 3306 5171 ecce
3334 5116 3484 5170 stetit
3512 5128 3598 5168 co-

2032 5213 2144 5252 ram
2176 5215 2262 5255 me
2287 5202 2448 5256 veluti
2475 5212 2728 5272 aspecms
2757 5205 3016 5259 hominis.

2105 5287 2191 5344 16.
2236 5290 2301 5344 Ει
2327 5293 2508 5348 audivi
2540 5309 2727 5349 vocem
2775 5297 2876 5350 viri
2917 5298 3056 5352 inter
3089 5296 3206 5353 Ulai
3238 5317 3252 5352 :
3284 5307 3339 5353 et
3370 5301 3606 5363 vocavit,

2031 5387 2085 5432 et
2114 5379 2252 5435 dixit
2279 5382 2552 5446 :Gabriel,
2584 5383 2669 5439 fac
2700 5387 2852 5442 illum
2888 5387 3184 5459 intelligere
3227 5391 3517 5455 visionem,
3555 5404 3609 5446 et

2033 5473 2346 5532 exclamans
2379 5477 2454 5532 ait
2481 5479 2665 5544 homo,
2692 5480 2758 5535 ad
2786 5481 3101 5537 mandatum
3135 5484 3264 5538 illud
3304 5484 3466 5540 visio.

2107 5656 2195 5710 17.
2235 5656 2302 5712 Et
2327 5660 2491 5723 venit,
2519 5672 2572 5715 et
2600 5664 2748 5717 stetit
2776 5678 2944 5736 prope
2974 5666 3263 5721 stationem
3294 5680 3505 5724 meam;
3541 5667 3609 5722 Bt

2033 5764 2157 5805 cum
2187 5751 2277 5807 ille
2329 5754 2586 5821 venisset,
2620 5758 2966 5826 perturbatus
3005 5774 3154 5817 sum.
3214 5767 3272 5812 et
3319 5773 3505 5816 cornu
3553 5760 3609 5810 in

3165 5850 3243 5913 89
