4122 6320
485 372 624 429 3815

1521 346 1993 410 llEkAPLORUM
2034 341 2203 410 QUIE
2245 333 2680 396 SUPERSUNT.

3598 312 3741 370 ’2816

488 489 678 543 faciem
709 499 905 548 meam,
935 492 987 534 et
1012 479 1147 534 dixit
1178 476 1309 532 mihi
1333 494 1346 529 :
1369 470 1771 533 Animadverte,
1794 467 1864 521 fili
1887 464 2064 520 liomi-
2095 512 2099 523 ,

2201 458 2457 529 πρόσωπόν
2489 472 2589 524 μου
2612 494 2625 517 ,
2665 451 2757 504 καὶ
2797 444 2945 502 εἶπέν
2988 458 3108 514 μοι·
3143 438 3487 507 Διανοήθητι,
3521 435 3604 489 υίὲ
3644 434 3743 487 ἀν⁴

2472 546 2478 548 Α
2612 543 2621 548 ⁸
2731 543 2741 548 ⁸
2812 539 2834 548 ’⁸
3144 531 3171 543 ⁸
3264 532 3289 542 ¹¹¹⁹
3335 546 3350 548 -
3394 529 3441 548 ,ι
3484 528 3661 548 Ξ,μ,Α,,

490 582 595 640 nis,
632 579 807 631 adhuc
844 576 988 628 enim
1019 571 1085 627 ad
1116 571 1305 625 horam
1333 563 1588 634 temporis
1618 563 1719 616 ista
1759 558 1916 613 visio.

564 671 647 724 18.
692 668 939 735 Cumque
966 665 1282 732 loqueretur
1317 658 1428 726 ipse
1467 667 1677 707 mecum
1701 693 1714 715 ,
1754 648 1945 704 culpavi
1973 663 2065 700 su—

2168 549 2389 620 θρώπου
2410 565 2421 576 ·
2456 546 2534 599 ἑτι
2564 543 2671 612 γάρ
2698 543 2776 604 είς
2802 539 2948 609 ὥραν
2980 531 3171 605 καιροῦ
3198 532 3356 585 τοῦτο
3388 529 3449 581 τὸ
3481 528 3682 599 ὅραμα.

2242 638 2323 691 18.
2371 635 2479 689 Καὶ
2535 631 2823 692 λαλοῦντος
2877 626 3044 681 αὐτοῦ
3089 623 3205 696 μετ’
3255 620 3412 692 ἐμοῦ.
3445 616 3750 687 ὲκοιμήθην

568 707 647 724 .υ.
694 707 939 735 πων...
968 707 1273 732 .υ.,-,.-----
1318 707 1425 726 γ--
1704 707 1713 715 ,

492 779 586 832 per
628 760 817 814 feciem
863 757 1045 819 humi;
1077 764 1128 808 et
1161 768 1279 807 cum
1308 749 1570 818 tetigisset
1602 760 1687 799 me
1712 784 1725 808 ,
1781 742 1951 797 erexit
1983 757 2067 795 me

2202 730 2263 781 πί
2296 726 2587 798 πρόσωπον
2626 721 2823 793 χαμαὶ,
2860 719 2954 772 καὶ
2987 715 3264 787 ἁψάμενός
3308 728 3410 782 μου
3460 707 3648 779 ήγειρέ
3682 720 3751 776 με

494 867 657 920 super
686 850 889 913 locum,
920 856 973 899 et
1000 844 1138 898 dixit
1172 840 1302 894 mihi
1348 856 1360 890 :

571 942 655 995 19.
702 938 839 993 Ecce
902 952 1001 1004 ego
1042 931 1311 986 annuntio
1372 928 1486 989 tibi,
1523 944 1644 996 quae
1694 931 1854 980 erunt
1885 924 1937 976 in
1970 937 2067 975 no-

497 1034 723 1087 vissimo
752 1032 846 1083 ἱνιε
882 1025 1006 1080 filiis
1035 1022 1217 1093 populi
1256 1020 1331 1073 lui
1365 1038 1376 1072 :
1410 1019 1588 1072 adhuc
1628 1016 1770 1071 enim
1812 1014 1875 1069 ad
1907 1014 2071 1068 horas

503 1121 763 1191 temporis
794 1113 1287 1173 consummationis
1316 1109 1630 1164 manebunt.

568 1213 657 1263 9.0.
700 1208 876 1271 Aries,
943 1221 1102 1276 quem
1158 1203 1338 1256 vidisti
1383 1203 1667 1255 habentem
1720 1213 1947 1261 cornua,
1980 1211 2073 1249 rex

499 1301 774 1355 βίαιοι-μω
811 1308 864 1354 et
891 1300 1180 1354 Persarum
1234 1308 1337 1349 est.

570 1397 656 1450 2|.
705 1394 768 1447 Et
796 1394 983 1448 hircus
1017 1405 1343 1460 caprarum,
1401 1404 1493 1441 rex
1545 1384 1860 1440 Graecorum
1890 1392 1991 1449 esl,
2025 1392 2077 1437 et

502 1506 674 1545 cornu
705 1488 908 1559 grande
930 1526 945 1549 ,
972 1485 1115 1555 quod
1139 1496 1255 1538 erat
1286 1484 1427 1536 inter
1460 1481 1648 1535 oculos
1684 1479 1822 1548 ejus,
1854 1478 1968 1546 ipse
1997 1485 2079 1530 est

502 1600 593 1637 rex
621 1584 849 1652 primus.

572 1672 663 1726 2:).
706 1669 862 1737 Quod
897 1677 1075 1722 autem
1108 1664 1390 1720 eonfracto
1448 1662 1563 1725 illo,
1605 1660 1766 1714 etiam
1820 1656 2079 1713 ascende—

505 1773 635 1819 runt
664 1771 787 1833 post
819 1759 948 1815 illud
980 1768 1221 1829 quatuor
1274 1770 1480 1809 Cornua
1501 1793 1515 1818 ,
1565 1761 1799 1821 quatuor
1829 1763 1983 1817 reges
2016 1748 2083 1801 de

507 1866 664 1923 gente
718 1853 839 1923 ejus
904 1858 1254 1918 consurgent,
1321 1862 1429 1901 non
1489 1846 1642 1915 juxta
1704 1840 2080 1897 fortitudinem

508 1962 688 2003 suam.

576 2038 667 2092 23.
714 2035 779 2089 Et
829 2035 883 2088 in
946 2033 1247 2088 novissimo
1306 2030 1458 2099 regni
1510 2043 1740 2092 eorum,
1798 2023 2082 2093 completis

509 2129 744 2199 peccatis
772 2128 1015 2197 ipsorum
1044 2132 1301 2192 exsurget
1324 2137 1415 2176 rex
1448 2121 1731 2187 impudens
1754 2116 1911 2183 facie,
1931 2130 2088 2170 exco—

511 2222 691 2293 gitans
715 2221 1023 2287 aenigmata.

583 2313 672 2366 24.
718 2310 781 2365 Et
804 2308 1151 2366 roborabitur
1187 2304 1444 2359 fortitudo
1471 2301 1722 2372 ejus,sed
1742 2316 1847 2354 non
1884 2300 1936 2353 in
1974 2299 2086 2355 vir-

518 2415 631 2460 tute
664 2420 761 2458 sua
792 2417 806 2456 :
840 2412 893 2458 et
922 2399 1243 2455 mirabiliter
1270 2398 1534 2458 destruet,
1574 2406 1626 2449 et
1656 2392 2084 2462 prosperabitur,

515 2510 569 2553 et
616 2496 798 2561 faciet,
856 2490 1326 2548 etexterminabit
1384 2488 1659 2559 principes
1732 2494 1785 2539 et
1830 2483 2087 2554 populum

517 2598 855 2644 sanctorum.

590 2681 680 2735 25.
726 2680 791 2734 Et
812 2691 976 2746 super
1008 2684 1226 2729 sanctos
1259 2672 1514 2741 cogitatio
1541 2670 1659 2739 ejus
1707 2687 1720 2723 :
1780 2676 1833 2722 et
1865 2680 2091 2737 prospe—

517 2770 728 2825 rabitur
761 2765 1103 2821 mendacium
1136 2764 1190 2816 in
1228 2762 1480 2815 manibus
1526 2761 1679 2829 ejus,
1737 2768 1791 2812 et
1845 2772 1939 2812 cor
1974 2755 2093 2824 ejus

520 2861 841 2927 elerabitur,
878 2867 931 2913 et
962 2858 1087 2911 dolo
1124 2854 1397 2923 disperdet
1427 2853 1627 2907 multos
1663 2869 1677 2918 ;
1714 2861 1767 2904 et
1818 2850 1871 2903 iu
1907 2847 2093 2918 perdi-

523 2956 672 3008 tione
694 2954 936 3007 virorum
968 2948 1155 3011 stabit,
1212 2956 1265 3001 et
1292 2944 1644 3015 congregabit
1688 2942 2008 3006 exercitum,
2041 2951 2097 2995 et

525 3045 810 3101 retribuet.

594 3137 682 3191 26.
727 3134 899 3199 Visio,
927 3148 1049 3204 qua:
1073 3143 1155 3187 est
1180 3145 1423 3201 vespere,
1454 3138 1509 3184 et
1553 3142 1732 3192 mane,
1772 3125 1987 3179 inventa
2014 3131 2095 3177 est
2124 3150 2166 3208 ο

525 3228 580 3281 iu
618 3226 845 3280 veritate
869 3243 882 3278 :
914 3224 1007 3279 sed
1036 3238 1183 3278 nunc
1216 3222 1435 3277 occlusa
1461 3229 1541 3275 est
1572 3216 1727 3281 visio,
1756 3215 1935 3270 adhuc
1953 3214 2096 3268 enim

524 3319 591 3373 ad
631 3319 747 3371 dies
772 3316 996 3370 multos.

592 3407 684 3461 9.7.
727 3405 839 3477 Ego
868 3404 1055 3459 Daniel
1084 3403 1343 3475 aegrotavi
1385 3401 1576 3456 diebus
1602 3399 1787 3453 multis
1826 3409 2101 3465 :cumque

526 3498 910 3563 surrexissem,
940 3495 1392 3551 administrabant
1442 3505 1635 3545 rursus
1668 3489 1813 3558 regia
1863 3487 2097 3557 negotia,

525 3599 580 3645 et
614 3586 930 3643 deﬁciebant
966 3598 1132 3653 super
1161 3585 1392 3648 visione,
1426 3591 1479 3636 et
1508 3594 1666 3635 nemo
1721 3586 1838 3632 erat
1889 3576 1980 3646 qui
2013 3576 2099 3630 in-

530 3679 816 3747 telligeret.

1127 3804 1358 3862 CAPUT
1410 3806 1502 3862 IX.

603 3925 656 3979 1.
696 3924 856 3979 Anno
881 3920 1057 3993 primo
1086 3921 1190 3977 sub
1215 3919 1373 3975 Dario
1398 3918 1594 3974 Xerxis
1650 3917 1761 3971 tilio
1806 3915 1873 3972 de
1909 3930 2104 3987 genere

529 4016 832 4083 Medorum,
868 4014 960 4086 qui
995 4020 1293 4083 regnarunt
1322 4012 1375 4066 iu
1409 4009 1637 4079 imperio
1668 4006 2067 4063 Chaldaeorum.

604 4197 658 4249 2.
702 4197 863 4250 Anno
888 4195 1065 4265 primo
1094 4194 1244 4263 regni
1270 4194 1393 4263 ejus
1431 4207 1530 4264 ego
1572 4191 1760 4246 Daniel
1800 4191 2103 4261 excogitavi

530 4289 589 4341 in
640 4286 794 4340 libris
841 4301 1130 4341 numerum
1176 4301 1471 4350 annorum,
1503 4284 1722 4355 quando
1784 4281 1987 4338 factum
2023 4291 2108 4338 est

534 4380 814 4434 decretum
849 4385 1005 4433 terra:
1037 4378 1102 4431 ad
1127 4376 1419 4433 Jeremiam
1444 4377 1786 4447 prophetam,
1833 4384 1892 4430 ut
1927 4376 2105 4431 susei-

2172 820 2262 873 ἐπὶ
2283 817 2377 872 τοῦ
2411 817 2597 876 τόπου,
2632 813 2724 866 καὶ
2757 808 2876 863 εῐπέ
2910 824 3020 877 μοι’

2245 910 2329 965 19.
2366 908 2494 962 Ἰδοὺ
2519 904 2627 974 ἐγὼ
2653 899 2983 969 ἀπαγγέλλω
3010 913 3091 949 σοι
3127 895 3161 948 ἃ
3191 896 3343 947 ἔσται
3393 894 3480 944 ἐπ’
3517 892 3755 962 ἐσχάτου

2173 1002 2271 1073 τῆς
2298 1000 2468 1073 ὀργῆς
2490 1002 2602 1061 τοῖς
2632 997 2765 1057 υίοῖς
2797 991 2889 1045 τοῦ
2913 988 3044 1044 λαοῦ
3074 1005 3166 1041 σου
3190 1004 3202 1017 ·
3230 987 3310 1039 ἔτι
3350 984 3457 1055 γὰρ
3496 987 3574 1047 εἰς
3605 983 3756 1053 ὥρας

2176 1093 2367 1165 καιροῦ
2394 1090 2703 1150 συντελείας
2729 1088 2897 1157 μενεῖ.

2246 1164 2335 1242 21).
2376 1186 2479 1238 Τὸν
2501 1182 2671 1255 κριὸν,
2694 1181 2752 1233 ὃν
2782 1175 2945 1239 εἶδες,
2975 1175 3066 1227 τὸν
3083 1173 3275 1242 ἔχοντα
3303 1169 3374 1222 τὰ
3401 1168 3629 1238 κέρατα,
3660 1164 3757 1236 βα-

2179 1279 2358 1341 σιλεὺς
2385 1276 2583 1345 Μήδων
2620 1274 2712 1326 καὶ
2746 1269 2976 1342 Περσῶν
3014 1266 3152 1319 sm.

2246 1372 2335 1423 2|.
2364 1371 2471 1422 Kal
2501 1370 2528 1419 ό
2554 1366 2755 1436 τράγος
2786 1362 2895 1416 τῶν
2920 1360 3113 1429 αίγῶν,
3145 1355 3397 1426 βασιλεὺς
3420 1352 3529 1405 τῶν
3569 1349 3763 1417 nam,

2180 1480 2286 1516 νων
2336 1461 2451 1513 ὲστί
2474 1479 2485 1490 ·
2546 1458 2640 1512 καὶ
2671 1457 2732 1509 τὸ
2760 1456 2931 1526 κέρας
2970 1451 3030 1503 τὸ
3060 1449 3202 1520 μέγα
3237 1447 3298 1499 τὸ
3352 1444 3624 1514 ἀνάμεσον
3652 1440 3764 1492 τῶν

2181 1549 2476 1620 ὀφθαλμῶν
2502 1546 2687 1611 αὑτοῦ,
2728 1544 2890 1606 αὐτὸς
2926 1544 2954 1594 ὁ
2992 1540 3244 1611 βασιλεὺς
3266 1540 3293 1590 6
3328 1534 3562 1608 πρῶτος.

2251 1642 2341 1695 22.
2390 1641 2500 1693 Καὶ
2542 1637 2638 1692 τοῦ
2674 1634 3068 1707 συντριϐέντος,
3119 1630 3215 1684 καὶ
3271 1627 3547 1683 ἀναϐάντα
3588 1623 3769 1677 ὀπίσω

2185 1730 2348 1785 αὑτοῦ
2376 1732 2616 1799 τέσσαρα
2640 1728 2846 1798 κέρατα
2872 1742 2885 1754 ·
2916 1724 3180 1794 τέσσαρες
3207 1719 3443 1790 βασιλεῖς
3462 1716 3556 1769 τοῦ
3580 1715 3770 1775 ἔθνους

2184 1825 2349 1878 αὐτοῦ
2383 1824 2797 1893 ἀναστήσονται,
2838 1818 2896 1871 οὺ
2930 1814 3071 1869 κατά
3102 1814 3199 1884 τὴν
3234 1812 3387 1881 ἰσχὺν
3421 1808 3620 1862 αὐτῶν.

2256 2010 2348 2064 25.
2384 2006 2494 2061 Kal.
2520 2006 2605 2059 ἐπ’
2629 2001 2857 2073 ἐσχάτου
2881 1999 2980 2069 τῆς
3002 1992 3281 2068 βασιλείας
3300 1992 3500 2057 αὐτῶν,
3528 1987 3637 2058 πλη
3648 2003 3777 2058 ρου-

2192 2102 2367 2173 μένων
2387 2098 2495 2154 τῶν
2530 2092 2813 2169 ἁμαρτιῶν
2840 2090 3042 2155 αὐτῶν,
3098 2086 3462 2155 ἀναστήσεται
3494 2079 3775 2151 βασιλεὺς,

2189 2194 2411 2265 ἀναιδὴς
2442 2188 2739 2263 προσώπῳ,
2770 2183 3146 2255 διανοούμενος
3189 2179 3513 2249 αἰνίγματα.

2259 2290 2349 2342 24.
2391 2286 2499 2339 Καὶ
2524 2280 3011 2354 στερεωθήσεταιή
3046 2277 3199 2348 ίσχυς
3241 2274 3426 2340 αὑτοῦ,
3459 2270 3552 2325 καὶ
3586 2271 3687 2323 οὐκ
3717 2269 3779 2320 ὲν

2190 2383 2256 2451 τῇ
2295 2379 2437 2449 ἰσχύϊ
2469 2375 2655 2439 αὑτοῦ,
2691 2373 2783 2427 καὶ
2813 2368 3143 2442 θαυμαστῶς
3175 2366 3403 2437 φθερεῖ,
3456 2364 3551 2417 καὶ
3580 2362 3781 2415 εὐοδω-

2193 2474 2439 2544 θήσεται,
2464 2469 2558 2524 καὶ
2584 2468 2817 2538 ποιήσει,
2843 2466 2939 2518 καὶ
2958 2464 3147 2533 φθερεῖ
3176 2460 3443 2521 δυνάστας
3485 2457 3577 2509 καὶ
3604 2454 3781 2527 δῆμον

2196 2565 2383 2633 ἁγίων.

2269 2656 2361 2711 ἓὸ.
2393 2656 2503 2709 Καὶ
2529 2653 2622 2706 ἐπὶ
2665 2652 2791 2714 τοὺς
2824 2649 3010 2719 ἀγίους
3041 2647 3103 2700 τὺ
3135 2645 3401 2716 διανόημα
3446 2640 3609 2696 αὐτοῦ
3636 2684 3650 2706 ,
3686 2641 3787 2694 καί

2196 2746 2589 2816 εὑοδωθήσεται
2624 2744 2685 2797 τὸ
2725 2740 2918 2811 ψεῦδος
2962 2742 3018 2793 ὲν
3041 2741 3160 2801 ταῖς
3188 2738 3375 2807 χερσὶν
3400 2734 3586 2798 αὐτοῦ,
3620 2734 3715 2787 καὶ
3747 2735 3785 2805 ή

2198 2838 2392 2909 καρδία
2420 2837 2585 2889 αὐτοῦ
2610 2836 2975 2907 ὑψωθήσεται,
3010 2832 3102 2885 καὶ
3128 2830 3264 2899 δόλῳ
3285 2830 3506 2897 ἀφανιεί
3528 2827 3783 2889 πολλοὺς,

2198 2932 2293 2986 καὶ
2321 2929 2416 2983 ἐπὶ
2446 2928 2718 2993 ἀπωλείας
2740 2928 2948 3001 ἀνδρῶν
2975 2928 3262 2998 στήσεται·
3294 2925 3386 2978 καὶ
3410 2924 3622 2992 ποιήσει
3658 2938 3789 2973 συνο

2199 3026 2422 3096 ἀγωγὴν
2456 3024 2657 3095 χειρὸς,
2691 3022 2786 3076 καὶ
2821 3021 3161 3076 ἀποδώσεται
3191 3025 3243 3059 ὲ-

2270 3118 2358 3171 26.
2393 3117 2466 3169 T6
2487 3117 2668 3187 ὅραμα
2698 3115 2757 3168 τὸ
2807 3116 3041 3186 ἑσπέρας
3095 3116 3191 3169 καὶ
3246 3114 3414 3186 πρωῒ,
3439 3112 3648 3185 ηὑρέθη
3694 3110 3789 3164 ἐπ’

2201 3208 2491 3279 ἀληθείας,
2545 3209 2637 3260 καὶ
2684 3206 2777 3261 νῦν
2812 3206 3201 3277 πεφραγμένον
3230 3206 3288 3258 τὸ
3321 3206 3525 3275 ὄραμα”
3561 3202 3640 3256 ἔτι
3672 3202 3790 3272 γὰρ

2202 3305 2279 3367 είς
2317 3302 2532 3373 ἡμέρας
2565 3301 2786 3362 πολλάς.

2273 3392 2363 3446 27.
2410 3391 2552 3460 Ἐγὼ
2594 3391 2794 3461 Δανιὴλ
2845 3390 3149 3461 ἀσθενήσας
3187 3388 3401 3461 ἡμέρας
3439 3386 3657 3451 πολλὰς,
3691 3388 3793 3439 καὶ

2203 3481 2441 3544 ἀναστὰς
2490 3480 2997 3552 ἐπραγματευόμην
3036 3480 3196 3533 πάλιν
3222 3478 3476 3549 βασιλικά
3504 3516 3519 3541 ,
3573 3477 3666 3529 καὶ
3699 3474 3795 3541 ἐξ·

2205 3574 2441 3646 ελυόμην
2483 3574 2578 3626 ἐπὶ
2619 3573 2697 3644 τῷ
2734 3572 2995 3645 όράματι,
3043 3573 3137 3626 καὶ
3166 3571 3340 3636 οὐδεὶς
3374 3566 3442 3641 ἦν
3481 3572 3509 3624 6
3547 3566 3792 3623 διανοού-

2210 3678 2388 3733 μενος.

2816 3800 3072 3853 ΚΕΦΛΛ.
3117 3799 3194 3855 ϐ’.

2277 3917 2331 3972 1.
2371 3917 2565 3978 Ἐτους
2590 3914 2811 3985 πρώτου
2844 3915 2935 3967 ὲπὶ
2961 3913 3184 3984 Δαρείου
3215 3912 3309 3966 τοῦ
3338 3910 3537 3983 Ξέρξου
3562 3911 3667 3964 ἀπὸ
3687 3910 3791 3981 τῆς

2206 4009 2399 4076 γενεᾶς
2431 4007 2531 4077 τῆς
2561 4006 2844 4077 Μηδικῆς,
2883 4005 2930 4058 οἳ
2965 4004 3316 4058 ἐϐασίλευσαν
3356 4004 3451 4056 ἐπὶ
3493 4003 3591 4074 τὴν
3631 4002 3791 4074 βασι-

2206 4101 2355 4154 λείαν
2383 4100 2491 4154 τῶν
2524 4098 2825 4153 Χαλδαίων.

2278 4194 2334 4247 2.
2363 4194 2452 4264 Τῷ
2480 4192 2684 4263 πρώτῳ
2713 4192 2821 4244 ἔτει
2860 4192 2959 4261 τῆς
2987 4190 3263 4260 βασιλείας
3300 4188 3463 4242 αὑτοῦ
3487 4230 3501 4253 ,
3548 4186 3657 4256 ὲγὼ
3684 4188 3791 4240 Δα-

2209 4286 2329 4359 νιὴλ
2350 4286 2637 4356 διενοήθην
2663 4288 2719 4337 ὲν
2744 4287 2862 4348 ταῖς
2897 4282 3100 4353 βίὸλοις
3129 4282 3218 4335 τὸν
3244 4279 3476 4351 ἀριθμδν
3496 4280 3603 4332 τῶν
3626 4279 3790 4344 ἑτῶν,

2209 4379 2297 4431 ὅτε
2329 4378 2547 4447 ἐγένετο
2574 4377 2904 4448 πρόσταγμα
2921 4376 2984 4444 τῇ
3015 4377 3086 4444 γῇ
3108 4372 3199 4426 ἐπὶ
3238 4371 3510 4442 Ἰερεμίαν
3538 4370 3628 4423 τὸν
3655 4386 3791 4442 προ-

534 4482 783 4526 tarentur
809 4471 877 4526 ad
909 4472 1332 4542 completionem
1357 4471 1635 4540 Opprobrii
1688 4470 1985 4525 Jerusalem
2019 4484 2099 4523 se-

2212 4473 2390 4542 φήτην
2413 4509 2427 4534 ν
2470 4471 2679 4540 ἐγεῖραι
2714 4469 2792 4530 εἰς
2830 4466 3215 4536 ἀναπλήρωσιν
3242 4462 3548 4534 όνειδισμοῦ
3587 4462 3792 4533 Ἰερου-

534 4566 817 4635 ιιιιιλιςίηῑει
848 4564 998 4618 anni.

602 4662 654 4712 5.
691 4659 759 4713 Ει
789 4656 913 4712 dedi
946 4655 1138 4711 faciem
1169 4672 1343 4711 meam
1373 4659 1438 4711 ad
1484 4656 1775 4710 Dominum
1812 4654 2006 4720 Deum,
2045 4661 2106 4708 ut

534 4750 839 4806 invenirem
893 4749 1331 4817 deprecationem
1370 4787 1387 4813 ,
1447 4758 1501 4802 et
1562 4746 1992 4803 misericordiam
2053 4746 2109 4799 in

528 4841 773 4912 jejttlliis,
804 4849 859 4895 et
884 4854 1065 4905 sacco,
1086 4846 1139 4893 et
1170 4839 1373 4894 cinere.

606 4936 659 4989 4.
703 4933 770 4989 Ει
794 4942 1049 5003 precatus
1099 4948 1219 4987 sum
1284 4933 1349 4987 ad
1394 4932 1681 4985 Dominum
1730 4931 1896 4987 Deum
1924 4973 1937 4996 ,
1981 4946 2111 4987 con-

536 5027 716 5080 fessus
738 5039 883 5091 sum,
908 5033 963 5079 et
995 5024 1105 5078 dixi
1136 5042 1147 5077 :
1183 5022 1340 5089 Ecce,
1374 5023 1617 5089 Domine,
1652 5032 1705 5076 tu
1727 5038 1787 5078 es
1816 5022 1958 5078 Deus
1996 5038 2111 5079 ma-

535 5133 700 5184 gnus,
731 5126 786 5171 et
814 5115 990 5181 fortis,
1021 5126 1075 5172 et
1105 5116 1361 5170 terribilis
1384 5158 1397 5180 ,
1441 5130 1666 5171 servans
1702 5124 2108 5179 testamentum,

537 5224 592 5265 et
625 5209 1062 5266 misericordiam
1088 5209 1439 5280 diligentibus
1478 5218 1557 5274 te,
1586 5219 1639 5264 et
1674 5208 2111 5265 custodientibus

538 5302 797 5357 mandata
828 5312 937 5357 tua.

607 5390 662 5443 5.
705 5387 1078 5456 Peccavimus,
1111 5390 1451 5460 iniquitatem
1500 5389 1748 5458 fecimus,
1806 5392 1969 5461 impie
2000 5394 2111 5463 egi-

542 5496 685 5548 mus,
720 5490 773 5535 et
796 5481 1149 5544 recessimus,
1181 5490 1234 5535 et
1259 5484 1584 5553 transgressi
1618 5498 1812 5537 sumus
1856 5483 2113 5537 mandata

543 5580 635 5624 tua
662 5582 717 5626 et
739 5573 943 5640 judicia
977 5580 1093 5625 tua.

614 5661 669 5714 6.
707 5659 774 5711 Et
803 5677 911 5715 non
945 5660 1257 5717 audivimus
1281 5680 1479 5733 pueros
1512 5675 1637 5721 tuos
1675 5670 1986 5736 prophetas,
2016 5666 2109 5735 qui

544 5746 710 5803 locuti
740 5761 866 5805 sunt
896 5754 950 5805 in
985 5749 1211 5804 nomine
1239 5761 1329 5805 tuo
1361 5755 1426 5808 ad
1464 5772 1616 5823 reges
1649 5769 1885 5824 nostros,
1918 5768 1970 5812 et
1998 5774 2106 5811 ma-

2214 4565 2397 4634 σαλὴμ
2431 4562 2801 4631 ἐϐδομήκοντα
2830 4560 2946 4630 ἔτη.

2283 4657 2336 4709 3.
2368 4656 2476 4707 Kal.
2510 4653 2683 4707 ἔδωκα
2723 4654 2782 4705 τὸ
2814 4652 3103 4723 πρόσωπόν
3150 4670 3251 4724 μου
3300 4652 3391 4706 ἐπὶ
3439 4650 3642 4721 Κύριον
3695 4649 3792 4701 τὸν

2211 4747 2364 4809 Θεὸν,
2394 4746 2577 4817 εὑρεῖν
2608 4743 2937 4816 προσευχὴν,
2973 4744 3069 4797 καὶ
3103 4743 3249 4807 ἕλεος
3278 4745 3335 4797 έν
3365 4743 3662 4815 νηστείαις,
3696 4742 3793 4795 καὶ

2214 4840 2422 4907 σάκκῳ,
2455 4838 2550 4891 καὶ
2578 4834 2776 4904 σποδῷ.

2285 4931 2339 4983 4.
2367 4929 2479 4983 Kal.
2507 4927 2901 4999 προσηυξάμην
2922 4928 3057 4998 πρὸς
3092 4928 3295 4998 Κύριον
3315 4927 3404 4980 τὸν
3420 4926 3570 4991 Θεὸν,
3591 4926 3794 4997 ἐξωμο-

2212 5021 2559 5093 λογησάμην,
2597 5019 2692 5072 καὶ
2739 5014 2886 5072 εἶπεν
2938 5018 3299 5088 Ἶδοὺ,Κύριε,
3352 5020 3415 5072 σὺ
3463 5014 3566 5071 εῐό
3605 5018 3791 5080 Θεδςό

2217 5117 2411 5185 μέγας,
2439 5112 2533 5167 καὶ
2556 5114 2585 5165 6
2619 5111 2858 5183 ἰσχυρὸς,
2884 5111 2979 5163 καὶ
3003 5113 3032 5163 6
3057 5109 3307 5181 φοϐερὸς,
3336 5128 3400 5181 τη
3412 5110 3518 5180 ρῶν
3542 5110 3641 5179 τὴν
3671 5109 3785 5161 δια-

2215 5207 2412 5277 θήκην,
2450 5204 2545 5258 καὶ
2573 5205 2634 5256 τὸ
2666 5203 2813 5265 ἔλεος
2841 5206 2953 5269 τοῖς
2984 5201 3242 5270 ἀγαπῶσί
3282 5217 3373 5267 σε,
3416 5202 3509 5253 καὶ
3538 5203 3646 5263 τοῖς
3686 5217 3790 5268 φυ-

2214 5300 2469 5353 λάσσουσι
2506 5296 2575 5351 τά
2605 5294 3001 5367 προστάγματά
3038 5311 3154 5347 σου.

2285 5392 2336 5445 5.
2387 5388 2759 5460 Ἦμάρτομεν,
2788 5386 3146 5457 ἠδικήσαμεν,
3175 5385 3544 5455 ὴσεϐήσαμεν,
3568 5385 3662 5437 καὶ
3688 5385 3792 5437 ἀπ-

2218 5486 2473 5555 έστημεν,
2516 5483 2609 5537 καὶ
2656 5481 2979 5553 παρέόημεν
3025 5480 3123 5543 τὰς
3178 5479 3396 5541 ἐντολάς
3442 5497 3534 5531 σου
3585 5480 3676 5530 καὶ
3725 5481 3793 5531 τά

2218 5576 2462 5646 κρίματά
2485 5591 2597 5628 σου.

2288 5665 2341 5719 6.
2376 5665 2485 5719 Καὶ
2512 5665 2612 5718 οὐκ
2652 5663 2966 5734 ἠκούσαμεν
2999 5662 3107 5715 τῶν
3146 5660 3350 5713 παίδων
3397 5678 3487 5713 σου
3522 5658 3627 5710 τῶι
3664 5676 3800 5728 προ-

2221 5758 2425 5827 φητῶν,
2474 5761 2522 5812 οἳ
2573 5757 2838 5827 ἐλάλησαν
2892 5757 2983 5809 ἐπὶ
3012 5755 3089 5825 τῷ
3121 5754 3345 5824 ὀνόματί
3397 5771 3491 5807 σου
3545 5753 3635 5807 ἐπὶ
3670 5747 3797 5807 τοὶς
