4122 6320
379 320 520 377 28H

1654 301 1909 365 DANIEL
1948 297 2177 354 CAPUT
2222 295 2313 351 |.\.

3461 290 3604 346 2818
3636 284 3637 287 “

377 433 604 511 βασιλεῖς
640 428 823 502 ήμῶν,
874 427 970 483 καὶ
1010 425 1281 489 δυνάστας
1313 425 1491 496 ἡμῶν,
1535 425 1630 479 καὶ
1686 423 1969 497 πατέρας,

2076 419 2303 473 istratus
2333 423 2570 479 nostros,
2598 421 2652 468 et
2682 422 2866 484 patres
2905 420 3143 476 nostros,
3184 418 3238 465 et
3280 410 3427 465 omni
3459 411 3606 481 genti

375 525 542 598 ἡμῶν,
567 519 658 575 καὶ
691 516 854 572 παντὶ
887 515 1033 570 ἔθνει
1054 515 1147 569 ἐπὶ
1170 514 1271 584 τῆς
1296 514 1421 585 γῆς.

443 614 490 666 7.
520 610 629 672 Σοὶ,
660 606 854 676 Κύριε,
910 607 944 677 ή
971 603 1320 675 δικαιοσύνη,
1353 604 1447 656 καὶ
1477 603 1610 674 ἡμῖν
1642 603 1677 671 ή
1704 598 1932 671 αἰσχύνη

2035 525 2201 583 super
2232 518 2453 564 terram.

2107 602 2159 655 7.
2200 600 2343 663 Tibi,
2382 597 2642 664 Domine,
2667 594 2904 667 justitia,
2951 593 3111 649 nobis
3138 601 3317 648 autem
3360 592 3609 648 conlusio

373 701 463 757 τοῦ
487 698 771 771 προσώπου
802 693 945 749 κατὰ
983 693 1083 754 τὴν
1123 693 1339 765 ἡμέραν
1379 691 1585 762 ταύτην
1625 687 1935 761 ἀνθρώποις

2072 690 2197 746 aciei
2262 688 2564 745 secundum
2615 687 2760 743 diem
2810 684 2955 739 hanc
3000 681 3317 738 hominibus
3367 679 3526 745 Iuda,
3557 691 3612 735 et

387 790 566 850 Ἰούδα,
585 789 679 840 καὶ
705 781 1036 854 καθημένοις
1057 785 1115 836 ὲν
1153 781 1529 853 Ἰερουσαλὴμ,
1555 780 1650 835 καὶ
1674 778 1836 833 παντὶ
1861 776 1938 848 τῷ

376 881 482 952 λαῷ
516 876 750 949 Ἰσραὴλ,
779 874 854 946 τῷ
881 874 1131 944 ἔγγιστα,
1171 872 1268 928 καί¹
1307 871 1391 942 ’τῷ
1420 871 1713 942 ἀπωτέρω,
1743 871 1803 926 ὲν
1835 871 1940 925 πά-

380 987 493 1032 σαις
519 969 637 1030 ταῖς
664 963 890 1036 χώραις,
926 964 1006 1025 είς
1045 960 1112 1024 ἃς
1155 960 1543 1031 διεσκόρπισας
1567 959 1767 1022 αὐτοὺς
1801 960 1937 1024 ἐκεῖ,

378 1064 432 1115 ιν
459 1060 523 1131 τῇ
548 1054 913 1128 πλημμελείᾳ,
942 1048 978 1127 ᾖ
1014 1050 1446 1123 ἐπλημμέλησαν
1469 1051 1714 1105 ἐναντίον
1750 1067 1865 1104 σου.

442 1243 492 1301 8.
516 1241 784 1305 Δέσποτα,
814 1239 948 1309 ήμϊν
991 1237 1025 1306 ή
1052 1233 1284 1306 αἰσχύνη
1332 1233 1426 1287 τοῦ
1467 1231 1760 1304 προσώπου
1789 1273 1805 1297 ,
1851 1231 1945 1286 καὶ

377 1333 481 1395 τοῖς
507 1326 824 1400 βασιλεῦσιν
845 1325 1024 1396 ήμῶν,
1053 1323 1146 1376 καὶ
1182 1321 1476 1384 δυνάσταις
1499 1363 1514 1389 ,
1562 1322 1657 1375 καὶ
1700 1325 1812 1384 τοῖς
1842 1338 1948 1374 πα-

375 1424 565 1494 τρὰσιν
599 1419 778 1492 ήμῶν,
803 1419 885 1472 ὅτι
917 1414 1238 1487 ήμάρτομέν
1262 1430 1366 1467 σοι.

441 1515 493 1568 9.
522 1512 618 1583 Τῷ
645 1511 838 1582 Κυρίῳ
876 1510 911 1581 ή
957 1504 1264 1576 δικαιοσύνη
1309 1505 1402 1559 καὶ
1439 1505 1498 1558 τὸ
1522 1505 1690 1570 ἕλεος,
1722 1506 1803 1557 ὅτι
1846 1507 1951 1558 ἁπ-

376 1608 611 1678 ίστημεν
644 1605 752 1659 ἀπὸ
772 1604 890 1658 σοῦ.

443 1697 531 1753 10.
573 1697 685 1751 Καὶ
729 1696 828 1749 οὐκ
875 1693 1186 1763 ἠκούσαμεν
1238 1691 1337 1761 τῆς
1385 1690 1571 1759 φωνῆς
1606 1689 1812 1760 Κυρίου
1856 1688 1949 1743 τοῦ

2040 778 2357 837 sedentibus
2406 778 2458 831 in
2509 775 2837 839 Jerusalem,
2896 781 2952 827 et
2975 770 3125 827 omni
3160 769 3363 841 populo
3427 768 3611 835 Israel,

2042 868 2136 939 qui
2171 882 2337 937 prope
2370 875 2472 932 est,
2499 875 2552 921 et
2576 868 2649 928 ei,
2679 865 2774 935 qui
2806 863 2998 934 procul
3040 863 3094 916 in
3131 862 3403 917 universis
3435 861 3614 929 regio-

2046 961 2229 1026 nibus,
2257 960 2321 1015 ad
2354 975 2494 1031 quas
2517 959 2823 1029 dispersisti
2851 973 2947 1014 eos
2990 957 3122 1011 illuc
3160 964 3381 1026 propter
3416 952 3617 1021 iniqui-

2045 1060 2234 1119 tatem,
2292 1051 2421 1123 quia
2473 1051 2721 1122 improbe
2764 1066 2822 1106 se
2870 1056 3158 1121 gesserunt
3222 1049 3276 1103 in
3318 1055 3615 1117 conspectu

2049 1154 2166 1199 tuo.
3520 1146 3523 1149 ’

2120 1237 2177 1291 8.
2220 1234 2470 1298 Domine,
2504 1234 2662 1290 nobis
2691 1232 2943 1291 confusio
2972 1231 3150 1297 faciei,
3183 1240 3237 1287 et
3271 1230 3487 1301 regibus
3521 1243 3621 1283 no-

2048 1328 2200 1391 stris,
2230 1337 2282 1382 et
2312 1327 2672 1397 principibus,
2708 1334 2762 1380 et
2794 1325 3041 1396 patribus
3071 1324 3305 1389 nostris,
3340 1322 3468 1392 quia
3494 1334 3623 1391 pec-

2051 1420 2295 1476 cavimus
2323 1419 2439 1473 tibi.

2124 1511 2179 1565 9.
2220 1509 2453 1566 Domino
2499 1509 2709 1579 justitia
2735 1517 2786 1563 et
2826 1506 3221 1573 misericordia,
3247 1504 3503 1575 quoniam
3542 1516 3627 1558 reo

2054 1603 2318 1659 cessimus
2344 1616 2373 1656 a
2407 1611 2475 1656 te.

2129 1693 2218 1750 1ο.
2260 1694 2325 1748 Et
2349 1709 2456 1749 non
2482 1694 2791 1749 audivimus
2822 1707 3004 1747 vocem
3062 1691 3276 1746 Domini
3310 1691 3401 1744 Dei
3435 1691 3626 1755 nostri,

378 1788 504 1844 Θεοῦ
549 1792 582 1859 ἡ
592 1788 729 1860 μῶν,
760 1784 1227 1855 κατακολουθῆσαι
1252 1782 1328 1854 τῷ
1353 1784 1505 1854 νόμῳ
1536 1801 1650 1849 σου,
1674 1776 1720 1851 ᾧ
1750 1783 1955 1847 ἔδωκας

2072 1793 2119 1839 ut
2151 1800 2505 1856 sequeremur
2555 1786 2726 1855 legem
2785 1792 2955 1848 tuam,
3007 1798 3169 1852 quam
3223 1782 3415 1837 dedisti
3443 1796 3630 1837 coram

378 1879 606 1934 ἐνώπιον
657 1878 830 1948 Μωσῆ
862 1877 956 1931 καὶ
990 1876 1166 1947 ήμῶν,
1201 1875 1288 1929 διὰ
1314 1875 1423 1929 τῶν
1466 1874 1676 1928 παίδων
1719 1891 1810 1927 σου
1849 1874 1957 1927 τῶν

2072 1879 2208 1934 iiose
2241 1889 2296 1934 et
2321 1879 2501 1944 nobis,
2532 1892 2624 1948 per
2650 1891 2848 1947 pueros
2881 1885 3002 1930 tuos
3032 1875 3343 1944 prophetas.

379 1969 701 2045 προφητῶν.

442 2063 538 2118 il.
569 2061 677 2115 Καὶ
709 2060 814 2123 πᾶς
852 2057 1067 2131 Ἰσραὴλ
1107 2058 1436 2127 ἐγκατέλιπε
1481 2057 1574 2112 τὸν
1629 2058 1794 2128 νόμον
1840 2073 1955 2122 σου,

380 2156 468 2210 καὶ
490 2154 833 2223 ἀπέστησαν,
864 2151 960 2205 τοῦ
994 2151 1070 2222 μὴ
1104 2150 1336 2204 ἀκοῦσαι
1357 2151 1458 2221 τῆς
1487 2149 1672 2220 φωνῆς
1701 2167 1795 2204 σου
1816 2166 1832 2181 ο
1864 2152 1960 2203 καὶ

379 2245 618 2317 ἐπῆλθεν
643 2247 727 2314 ἐφ’
757 2246 903 2315 ἡμᾶς
950 2245 987 2313 ή
1022 2241 1258 2313 κατάρα,
1294 2242 1389 2295 καὶ
1411 2244 1440 2294 ὀ
1461 2242 1620 2312 ὅρκος
1656 2243 1684 2295 ὁ
1710 2256 1959 2312 γεγραμ-

384 2341 545 2409 μένος
568 2338 629 2391 ὲν
658 2336 736 2407 τῷ
763 2336 912 2405 νόμῳ
933 2333 1108 2403 Μωσῆ
1137 2332 1329 2395 παιδὸς
1353 2331 1446 2386 τοῦ
1479 2331 1635 2399 Θεοῦ,
1667 2332 1749 2386 ὅτι
1779 2332 1959 2403 ήμάρ-

377 2445 547 2500 τομεν
573 2426 745 2496 αὐτῷ.

451 2519 545 2573 12.
576 2517 689 2573 Καὶ
715 2515 943 2586 ἔστησεν
967 2516 1099 2587 ήμῖν
1117 2514 1185 2569 τά
1208 2512 1606 2585 προστάγματα
1643 2510 1830 2576 αὐτοῦ,
1860 2512 1962 2565 ὅσα

378 2611 648 2684 ἐλάλησεν
682 2607 766 2679 ἐφ’
794 2609 940 2680 ἡμᾶς
968 2647 983 2672 ,
1013 2608 1109 2662 καὶ
1157 2607 1249 2661 ἐπὶ
1281 2607 1406 2670 τοὺς
1436 2605 1630 2678 κριτὰς
1658 2605 1835 2677 ήμῶν,
1862 2606 1964 2658 ὅσα

380 2696 607 2772 ἔκρινας
629 2700 759 2769 ἡμῖν
788 2698 1087 2766 ἐπαγαγεῖν
1117 2695 1204 2766 ἐφ’
1240 2695 1388 2767 ἡμᾶς
1419 2695 1565 2749 κακὰ
1606 2695 1846 2765 μεγάλα,
1878 2690 1964 2747 οἷα

379 2792 488 2846 οὐκ
524 2788 755 2860 ἐγενήθη
790 2788 896 2841 ὑπὸ
942 2786 1034 2840 τὸν
1081 2785 1329 2855 οὐρανὸν,
1361 2784 1481 2840 καθ’
1509 2786 1592 2839 δτι
1643 2787 1874 2857 ἐγενήθη
1906 2786 1964 2837 ἐν

336 2956 339 2959 η
390 2881 706 2970 Ἱιρρυσαλή
716 2899 774 2952 μ.

330 2968 343 3078 j
432 2967 551 3078 ‘i3.
580 2972 740 3078 ἰξατά
762 2969 1211 3078 ταῆγεγριαμζμινα
1236 2970 1294 3078 é‘v
1317 2967 1549 3078 διμθήκῃ
1563 2968 1761 3078 ⁸ίὶίιυσῆ,
1790 2967 1966 3078 πάντα

2135 2065 2221 2119 11.
2269 2064 2333 2119 Et
2377 2063 2559 2119 omnis
2615 2051 2784 2117 Israel
2830 2061 3120 2132 dereliquit
3164 2061 3332 2131 legem
3366 2068 3547 2114 tuam:
3580 2070 3635 2115 et

2062 2164 2428 2230 recesserunt,
2465 2168 2532 2209 ne
2566 2152 2817 2207 audirent
2847 2166 3034 2207 vocem
3076 2160 3249 2219 tuam,
3291 2158 3342 2205 ct
3370 2163 3631 2219 superve-

2062 2251 2145 2305 nit
2182 2263 2348 2318 super
2403 2261 2500 2300 nos
2564 2244 2893 2309 maledictio,
2930 2252 2984 2298 et
3032 2242 3439 2313 jusjurandum,
3487 2241 3635 2312 quod

2065 2341 2329 2410 scriptum
2365 2336 2525 2391 estin
2555 2337 2669 2407 lt-ge
2691 2335 2856 2391 Μηδὶς
2887 2336 3041 2406 pueri
3100 2335 3230 2400 Dei,
3284 2336 3411 2404 quia
3444 2347 3636 2405 pecca-

2064 2433 2242 2485 vimus
2271 2430 2342 2484 ei.

2137 2524 2224 2578 l2.
2270 2524 2333 2577 Et
2363 2522 2553 2580 statuit
2594 2520 2752 2575 nobis
2814 2525 3079 2589 praecepta
3136 2529 3235 2572 sua
3280 2530 3639 2589 quacumque

2065 2616 2284 2670 locutus
2307 2622 2392 2669 est
2414 2628 2576 2682 super
2601 2626 2723 2675 nos,
2743 2620 2797 2664 et
2816 2624 2978 2678 super
2997 2608 3209 2679 jndices
3232 2615 3469 2674 nostros,
3489 2622 3641 2679 quae-

2067 2705 2583 2776 cumquejudicasti
2622 2703 2779 2758 nobis
2813 2700 3238 2770 superinducere
3268 2699 3322 2753 in
3361 2714 3462 2753 nos
3496 2699 3638 2754 mala

2067 2812 2286 2868 magna,
2317 2794 2498 2867 qualia
2536 2808 2640 2848 non
2669 2791 2809 2845 facta
2845 2798 2972 2846 sunt
3008 2789 3110 2844 sub
3140 2788 3299 2854 coelo,
3335 2788 3473 2843 sicut
3499 2788 3639 2844 facta

2067 2897 2195 2944 sunt
2226 2888 2279 2943 in
2308 2887 2631 2943 Jerusalem.

2141 2981 2231 3036 i3.
2272 2980 2433 3033 Juxta
2473 2994 2559 3043 ea,
2614 2992 2734 3045 qua:
2787 2974 2988 3043 scripta
3043 2981 3170 3027 sunt
3219 2973 3271 3025 in
3314 2981 3639 3027 testamento

385 3065 461 3121 τὰ
501 3063 649 3119 κακὰ
693 3059 928 3133 ἐπῆλθεν
974 3061 1138 3130 ήμῖν⁶
1189 3060 1283 3112 καὶ
1331 3058 1433 3112 οὐκ
1465 3056 1870 3130 ἐξεζητήσαμεν
1906 3054 1968 3107 τὸ

2072 3070 2261 3133 Mosis,
2302 3069 2486 3123 omnia
2528 3067 2668 3122 mala
2733 3071 2998 3119 venerunt
3034 3077 3201 3132 super
3234 3076 3369 3127 nos;
3417 3072 3471 3116 et
3530 3077 3640 3117 nun

389 3156 689 3228 πρόσωπον
718 3150 923 3221 Κυρίου
974 3149 1110 3204 Θεοῦ
1149 3149 1342 3221 ήμῶν,
1381 3149 1685 3217 ἀποστῆναι
1720 3148 1828 3202 άπὸ
1857 3146 1967 3199 τῶν

2072 3161 2470 3232 exquisivimus
2506 3158 2699 3212 faciem
2729 3155 2944 3209 Domini
2983 3154 3075 3209 Dei
3114 3154 3306 3216 nostri,
3341 3165 3399 3208 ut
3425 3156 3644 3210 rccede-
3674 3146 3683 3170 ‘

394 3246 680 3320 ἁμαρτιῶν
734 3243 913 3315 ήμῶν,
946 3242 1041 3295 καὶ
1086 3239 1436 3311 διανοηθῆναι
1480 3239 1579 3309 τὴν
1626 3238 1969 3308 δικαιοσύνην

2074 3267 2257 3306 remus
2288 3265 2317 3306 ο
2346 3251 2584 3320 peccatis
2609 3248 2832 3311 nostris,
2870 3254 2922 3300 ct
2968 3247 3333 3316 cogitaremus
3374 3247 3642 3316 justitiam

401 3356 519 3407 σου,
550 3339 743 3410 Κύριε.

469 3430 558 3485 14.
588 3430 699 3481 Καὶ
730 3426 1047 3498 ήγρύπνησε
1095 3425 1300 3494 Κύριος
1339 3425 1369 3477 ὁ
1394 3422 1529 3487 Θεὸς
1568 3423 1660 3475 ἐπὶ
1704 3420 1774 3474 τά
1806 3420 1973 3486 κακὰ,

405 3522 495 3577 καὶ
544 3522 824 3592 ἐπήγαγεν
858 3518 946 3586 ἐφ’
986 3517 1155 3588 ἡμᾶς,
1201 3516 1281 3589 ὅτι
1323 3514 1530 3578 δίκαιος
1562 3513 1766 3584 Κύριος
1788 3512 1816 3564 ὸ
1843 3511 1975 3574 Θεὸς

403 3611 560 3685 ήμῶν
591 3610 684 3665 ἐπὶ
708 3610 887 3664 πάντα
915 3609 1015 3663 ὅσα
1039 3608 1104 3661 ἂν
1143 3609 1362 3678 ποιήσῃ,
1394 3606 1489 3661 καὶ
1526 3606 1625 3659 οὐκ
1660 3603 1978 3676 ἠκούσαμεν

405 3703 502 3775 τῆς
527 3701 713 3772 φωνῆς
742 3698 930 3754 αὑτοῦ.

476 3793 564 3850 15.
591 3793 700 3846 Καὶ
726 3789 845 3856 νῦν,
864 3791 1113 3844 Δέσποτα
1138 3788 1308 3860 Κύριε
1325 3787 1501 3853 ὀΘεδς
1529 3788 1709 3860 ήμῶν,
1738 3788 1767 3841 6
1783 3787 1981 3856 ἐξαγα-

410 3884 519 3954 γὼν
550 3884 643 3937 τὸν
688 3881 818 3936 λαόν
848 3898 943 3935 σου
991 3880 1051 3944 ἐξ
1080 3879 1359 3948 Αἰγύπτου
1408 3878 1486 3950 τῷ
1514 3878 1760 3950 βραχίονι
1780 3895 1874 3932 σου
1904 3877 1982 3948 τῷ

410 3974 617 4050 ὑψηλῷ,
648 3975 746 4028 καὶ
768 3973 1029 4043 ἐποίησας
1053 3971 1264 4042 σεαυτῷ
1291 3970 1461 4041 δνομα
1482 3971 1625 4025 κατὰ
1645 3971 1743 4041 τὴν
1769 3971 1983 4041 ἡμέραν

408 4067 610 4140 ταύτην
630 4083 643 4097 ·
677 4067 1017 4139 ἡμάρτομεν,
1049 4066 1419 4136 ήγνοήκαμεν.

481 4161 570 4215 16.
613 4161 880 4225 Δέσποτα,
917 4155 1060 4211 κατά
1079 4155 1177 4227 τὴν
1206 4154 1550 4225 δικαιοσύνην
1574 4172 1688 4221 σου,
1707 4156 1986 4224 ἀποστρα-

414 4251 569 4322 φήτω
603 4250 631 4301 ὁ
660 4247 831 4318 θυμός
858 4265 972 4311 σου,
1003 4247 1098 4300 καὶ
1127 4249 1162 4317 ἡ
1192 4246 1327 4318 ὀργή
1377 4262 1471 4299 σου
1501 4245 1610 4298 ἀπὸ
1649 4245 1753 4314 τῆς
1780 4244 1987 4310 πόλεώς

414 4359 507 4396 σου
557 4338 931 4411 Ἰερουσαλήμ,
958 4337 1118 4409 ὅρους
1168 4337 1264 4390 τοῦ
1298 4335 1454 4406 άγίου
1499 4352 1592 4389 σου
1618 4375 1634 4399 ,
1665 4335 1745 4389 ὅτι
1773 4336 1830 4387 ὲν
1868 4337 1989 4399 ταῖς

2074 3353 2247 3407 tuam,
2278 3340 2526 3396 Domine.
3354 3384 3361 3390 .

2147 3435 2234 3488 M.
2276 3433 2342 3488 Et
2362 3431 2605 3503 vigilavit
2662 3430 2929 3485 Dominus
2959 3429 3131 3485 .Dcus
3173 3444 3339 3498 super
3389 3431 3550 3497 maia,
3592 3441 3648 3487 et

2075 3523 2303 3581 adduxit
2329 3537 2491 3593 super
2524 3536 2646 3588 nos,
2674 3520 2933 3591 quoniam
2963 3518 3147 3586 justus
3190 3518 3454 3576 Dominus
3503 3519 3650 3578 Deus

2078 3625 2265 3671 noster
2295 3614 2349 3668 in
2386 3614 2640 3668 omnibus
2682 3628 2803 3683 quae
2831 3610 3038 3678 iecerit,
3094 3619 3149 3667 et
3201 3625 3309 3665 non
3339 3613 3652 3669 audivimus

2078 3719 2269 3762 vocem
2298 3703 2440 3775 ejus.

2156 3798 2243 3853 15.
2286 3795 2353 3851 Et
2375 3811 2540 3863 nunc,
2581 3793 2808 3849 Domine
2855 3792 3000 3849 Deus
3035 3801 3237 3859 noster,
3270 3793 3363 3863 qui
3414 3795 3656 3851 eduxisti

2080 3889 2342 3962 populum
2381 3895 2532 3943 tuum
2555 3887 2622 3942 de
2653 3885 2906 3957 Egypto,
2935 3884 3162 3939 brachio
3209 3895 3302 3940 tuo
3334 3885 3570 3949 excelso,
3602 3893 3657 3940 et

2083 3981 2259 4038 fecisti
2289 3980 2389 4036 tibi
2413 3994 2609 4035 nomen
2667 3975 2966 4034 secundum
3003 3977 3148 4032 diem
3183 3977 3360 4044 hanc;
3400 3978 3655 4047 peccavi-

2086 4090 2233 4140 mus,
2262 4074 2660 4145 ignoravimus.

2157 4166 2246 4222 16.
2288 4165 2535 4230 Domine,
2561 4165 2860 4220 secundum
2890 4163 3160 4234 justitiam
3194 4158 3343 4219 tuam
3378 4169 3660 4219 avertatur

2090 4259 2246 4314 furor
2276 4267 2425 4322 tuus,
2459 4267 2513 4312 et
2558 4257 2637 4310 ira
2692 4264 2785 4309 tua
2842 4269 2873 4309 a
2913 4254 3132 4309 civitate
3194 4265 3283 4309 tua
3328 4252 3658 4318 Jerusalem,

2094 4358 2277 4405 monte
2307 4357 2497 4403 sancto
2549 4356 2663 4401 tuo.
2695 4345 2839 4411 Quia
2867 4345 2920 4399 in
2945 4346 3184 4416 peccatis
3232 4347 3434 4401 nostris
3453 4387 3468 4408 ,
3525 4355 3578 4400 et
3607 4348 3662 4400 in

416 4433 710 4505 ἁμαρτίαις
754 4431 929 4502 ήμῶν,
967 4430 1062 4484 καὶ
1090 4430 1148 4481 ὲν
1168 4430 1288 4491 ταῖς
1315 4427 1560 4496 ἀγνοίαις
1592 4426 1698 4480 τῶν
1734 4425 1969 4497 πατέρωε

2095 4439 2421 4513 ignorantiis
2450 4447 2664 4509 patrum
2695 4446 3032 4501 nostrorum,
3063 4434 3386 4499 Jerusalem,
3408 4445 3460 4490 et
3501 4451 3666 4505 popu-

415 4529 589 4602 ήμῶν,
605 4525 983 4598 Ἰερουσαλὴμ,
1015 4525 1110 4578 καὶ
1138 4523 1167 4576 ὁ
1193 4523 1365 4595 δῆμος
1383 4539 1498 4588 σου,
1522 4521 1719 4593 Κύριε,
1742 4522 1821 4583 είς
1845 4521 1986 4573 ὀνει-

417 4620 607 4692 δισμὸν
640 4620 697 4674 ὲν
727 4618 862 4671 πᾶσι
887 4618 1001 4681 τοῖς
1035 4613 1354 4687 περικύκλῳ
1384 4612 1562 4685 ήμῶν.

486 4712 575 4767 17.
602 4710 716 4765 Καὶ
757 4708 853 4762 νῦν
880 4708 1207 4774 ἐπάκουσον,
1238 4707 1507 4771 Δέσποτα,
1536 4707 1641 4779 τῆς
1682 4704 1991 4777 προσευχῆς

418 4803 511 4858 τοῦ
542 4803 735 4865 παιδός
769 4816 866 4854 σου
911 4800 1002 4853 καὶ
1022 4801 1116 4853 tm.
1143 4799 1238 4864 τὰς
1260 4800 1474 4867 δεήσεις
1504 4815 1628 4869 μου,
1653 4798 1747 4852 καὶ
1775 4795 1994 4851 ἐπιϐλε-

417 4894 572 4965 ψάτω
596 4894 658 4947 τὸ
682 4892 975 4963 πρόσωπόν
1004 4907 1099 4944 σου
1129 4890 1222 4944 ἐπὶ
1254 4889 1314 4943 τὸ
1355 4888 1480 4959 ὅρος
1506 4888 1569 4941 τὸ
1602 4887 1758 4957 αγιόν
1790 4902 1906 4951 σου,
1933 4885 1995 4939 τὸ

420 4985 622 5058 ἔρημον
649 4985 837 5039 ἕνεκεν
854 4983 962 5039 τῶν
990 4983 1190 5037 δούλων
1229 4999 1347 5049 σου,
1373 4980 1642 5036 Δέσποτα.

493 5077 581 5133 18.
616 5077 862 5148 Πρόσχες
886 5116 902 5139 ,
940 5075 1134 5148 Κύριε,
1163 5073 1226 5128 τὸ
1256 5070 1349 5137 οὖς
1382 5088 1502 5137 σου,
1548 5072 1644 5127 καὶ
1692 5071 1997 5126 ὲπάκουσόν

427 5187 560 5240 μου·
587 5168 800 5234 ἄνοιξον
832 5168 958 5232 τοὺς
1005 5164 1320 5238 ὀφθαλμούς
1350 5181 1464 5229 σου,
1499 5164 1595 5219 θοαὶ
1626 5163 1703 5218 ιδε
1734 5164 1839 5234 τὴν
1863 5162 1996 5232 ἱρή-

2099 4537 2182 4590 lns
2220 4542 2367 4599 tuus,
2400 4529 2648 4594 Domine,
2675 4538 2763 4584 est
2795 4530 2848 4582 in
2879 4526 3235 4598 opprobrium
3267 4527 3544 4592 omnibus,
3572 4527 3667 4597 qui

2099 4628 2152 4682 in
2180 4626 2412 4681 circuitu
2445 4632 2631 4679 nostro
2656 4633 2802 4678 sunt.

2176 4719 2259 4773 i7.
2284 4719 2351 4773 Et
2377 4730 2523 4772 nunc
2541 4716 2761 4781 exaudi,
2790 4714 3038 4781 Domine,
3068 4713 3370 4769 orationem
3390 4708 3545 4781 pueri
3569 4710 3668 4775 tui,

2100 4820 2154 4868 et
2177 4826 2341 4881 super
2366 4824 2560 4881 preces
2587 4824 2738 4865 meas
2768 4824 2780 4860 :
2812 4816 2866 4863 et
2895 4807 3148 4877 respiciat
3178 4803 3346 4858 iacies
3382 4810 3475 4856 tua
3509 4815 3674 4872 super

2103 4912 2344 4961 montem
2382 4911 2630 4958 sanctum
2666 4909 2841 4965 tuum,
2898 4900 2990 4970 qui
3043 4899 3292 4954 desertus
3335 4903 3417 4951 est
3456 4904 3677 4965 propter

2104 5011 2292 5052 servos
2322 5005 2467 5060 tuos,
2490 4992 2741 5049 Domine.

2181 5090 2264 5146 i8.
2307 5087 2528 5143 intende
2556 5100 2751 5142 aurem
2779 5093 2947 5148 tuam,
2979 5081 3228 5147 Domine,
3253 5090 3307 5137 et
3323 5076 3519 5137 exaudi
3553 5092 3675 5134 me:

2107 5180 2257 5251 aperi
2285 5179 2478 5235 oculos
2501 5185 2647 5243 tuos,
2680 5184 2733 5232 et
2764 5176 2888 5231 vide
2912 5174 3307 5231 desolationem
3338 5176 3604 5236 nostram,
3625 5175 3681 5223 et

428 5277 600 5332 μωσιν
627 5260 810 5333 ήμῶν,
838 5260 934 5315 καὶ
957 5258 1059 5329 τῆς
1077 5256 1285 5321 πόλεώς
1307 5273 1421 5322 σου,
1448 5255 1533 5325 ἔφ’
1552 5248 1622 5328 ἧς
1645 5252 1921 5323 ἐπεκλήθη
1942 5269 1969 5305 τ

2108 5248 2344 5327 civitatis
2370 5279 2500 5336 tua,
2540 5282 2705 5339 super
2764 5281 2933 5338 quam
2979 5265 3293 5321 invocatum
3343 5269 3429 5318 est
3483 5270 3679 5316 nomen

425 5351 594 5423 ὄνομά
617 5368 715 5406 σου
760 5351 847 5405 ἔπ’
875 5350 1078 5422 αὐτῆςσ
1111 5349 1171 5403 ού
1212 5347 1320 5420 γὰρ
1348 5348 1442 5401 ἰπὶ
1476 5348 1596 5410 ταῖς
1637 5341 1969 5399 δικαιοσύναι

2111 5373 2266 5416 tuum
2300 5375 2469 5431 super
2491 5375 2646 5424 eam;
2681 5373 2788 5412 non
2820 5356 2964 5411 enim
3013 5356 3067 5410 in
3097 5354 3326 5425 justitiis
3355 5348 3561 5407 nostris
3583 5363 3684 5404 nos

427 5442 605 5514 ήμῶν,
637 5444 799 5514 ήμιῖς
826 5441 1063 5514 δεόμεθα
1086 5441 1145 5495 δν
1175 5442 1295 5505 ταῖς
1322 5438 1654 5510 προσευχαῖς
1683 5432 1842 5505 ήμῶν
1868 5432 1969 5523 ivra

2111 5470 2335 5511 oraturus
2389 5455 2443 5508 in
2475 5451 2728 5523 precibus
2768 5450 2973 5505 nostris
3002 5450 3054 5504 in
3096 5452 3395 5518 conspecta
3445 5450 3559 5505 tuo.
3592 5441 3684 5497 sed

430 5531 550 5586 πιόν
586 5549 703 5598 σου,
742 5530 880 5586 ἀλλὰ
930 5531 1019 5586 διὰ
1060 5531 1122 5585 τὸ
1174 5529 1263 5583 σὺν
1314 5528 1482 5593 ἕλεος,
1530 5525 1727 5597 Κύριε,
1770 5524 1834 5577 σὺ
1887 5522 1969 5576 ili

2112 5556 2335 5618 propter
2365 5543 2798 5601 misericordiam
2827 5552 2998 5608 tuam,
3030 5540 3282 5606 Domine,
3314 5550 3370 5593 tu
3419 5534 3687 5606 propitius

431 5637 639 5677 τευσον.
2114 5655 2251 5696 0810.

502 5738 583 5794 i9.
621 5739 819 5809 Κύριε,
862 5740 1166 5793 ἐπάκουσον
1195 5738 1289 5791 καὶ
1323 5737 1566 5808 ποὶησον,
1604 5734 1697 5789 καὶ
1725 5732 1798 5805 μή
1827 5733 1969 5805 χρονέ

2192 5735 2273 5790 i9.
2321 5734 2567 5800 Domine,
2633 5734 2850 5801 exaudi,
2903 5742 2956 5789 et
3006 5733 3109 5800 fac,
3170 5738 3223 5785 et
3277 5744 3343 5782 nc
3388 5718 3687 5780 tardaveris
