4122 6320
436 353 576 406 9819

1704 333 1951 388 υΑΝιΕι.
1982 331 2055 388 JU
2068 333 2201 387 ΧΤΑ
2240 334 2326 388 LX
2340 335 2399 389 Χ.

3529 331 3666 384 2326

440 470 658 532 propter
715 453 1081 524 temetipsum,
1142 453 1414 516 Domine,
1481 447 2002 519 quoniam"nomen

2118 461 2207 516 της
2240 445 2401 499 ἕνεκα
2434 448 2686 511 σεαυτοῦ.
2721 450 2988 510 Δέσποτα,
3024 451 3104 504 ὅτι
3151 449 3210 501 τὸ
3243 447 3412 518 ὄνομά
3444 466 3534 499 σου
3577 451 3672 500 ἐπ-

441 565 592 606 tuum
630 551 937 602 invocatum
964 555 1047 601 est
1078 561 1241 614 super
1269 545 1538 598 civitatem
1578 548 1726 593 luam
1764 536 1914 601 Sion,
1949 546 2005 590 ct

441 658 608 712 super
634 641 891 709 pupulum
926 649 1071 692 tuum
1121 637 1303 690 Israel.

509 734 599 788 20.
646 732 709 785 Et
748 733 876 784 dum
932 747 1030 799 ego
1081 728 1339 796 loqui-bar
1398 739 1579 784 orans,
1637 729 1691 775 et
1745 719 2008 775 conﬁtens

440 832 661 890 peccata
695 837 835 886 mea,
858 834 909 874 et
943 829 1158 889 peccata
1190 817 1368 886 populi
1400 816 1503 869 mei
1535 814 1720 875 lsrael,
1761 822 1811 866 et
1843 827 2008 866 orans

444 917 500 970 in
539 913 1012 982 deprccationibns
1035 926 1215 962 coram
1247 907 1473 960 Domino
1522 905 1628 958 Deo
1680 920 1800 958 meo
1843 905 2006 957 etiam

443 1021 540 1077 pro
575 1013 757 1059 monte
777 1011 965 1056 sancto
997 1001 1086 1054 Dei
1118 999 1309 1054 nostri.

511 1190 602 1244 21.
647 1187 706 1241 Et
732 1186 911 1240 adhuc
957 1199 1043 1237 me
1090 1182 1341 1249 loquente
1383 1180 1433 1232 in
1465 1179 1710 1232 oratione
1750 1192 1906 1239 mea.
1958 1185 2012 1230 et

443 1295 570 1336 ecce
600 1279 704 1336 vir.
745 1292 905 1346 quem
956 1274 1063 1327 vidi
1111 1273 1162 1324 in
1221 1286 1413 1324 somno
1451 1285 1570 1322 meo
1605 1269 1671 1320 ab
1713 1269 1868 1321 initio
1902 1266 2009 1320 Ga-

446 1374 600 1438 briel,
637 1375 746 1428 cito
777 1372 1000 1427 veniens
1039 1363 1490 1434 appropinquavit
1521 1361 1651 1414 mihi
1678 1363 1732 1412 in
1769 1361 1897 1414 liora
1925 1376 2012 1414 sa-

447 1464 631 1517 crilleii
663 1461 976 1532 vespertini.

514 1552 604 1604 22.
646 1551 712 1605 Ει
737 1551 985 1612 accessit,
1009 1554 1062 1600 et
1091 1546 1347 1612 loquutus
1377 1549 1456 1592 est
1488 1553 1723 1600 mecum,
1747 1547 1804 1592 et
1831 1538 1969 1592 dixit
1994 1553 2006 1589 :

445 1640 658 1702 Daniel,
690 1655 837 1694 nunc
858 1637 998 1692 exivi
1032 1635 1320 1690 ostendere
1362 1631 1456 1683 tibi
1486 1643 1728 1683 sensum.

517 1735 607 1788 23.
648 1733 702 1785 In
745 1731 1011 1800 principio
1045 1724 1434 1781 obsecrationis
1483 1730 1586 1774 ttue
1626 1719 1792 1773 exivit
1827 1717 2011 1772 decre-

445 1832 556 1876 tum
598 1837 626 1874 a
659 1821 912 1882 Domino,
941 1827 993 1872 et
1030 1831 1128 1884 ego
1161 1814 1316 1876 veni,
1384 1820 1441 1864 ut
1484 1813 1849 1864 demonstrem
1890 1808 2008 1872 tibi,

443 1913 568 1983 quia
601 1909 1028 1966 misericordiam
1067 1913 1390 1960 consecutus
1419 1917 1514 1968 es;
1568 1900 2012 1954 etauimadverte

445 2005 781 2058 mandatum.

512 2096 602 2149 24.
649 2090 1003 2164 Septuaginta
1032 2083 1398 2141 hebdomades
1424 2081 1654 2136 decretae
1692 2090 1819 2134 sunt
1850 2095 2011 2149 super

445 2187 704 2256 populum
752 2194 925 2245 tuum,
982 2188 1036 2234 et
1087 2191 1250 2246 super
1285 2175 1556 2229 civitatem
1602 2171 1755 2236 Sion,
1789 2178 1848 2224 ut
1879 2187 2012 2224 con-

443 2285 750 2332 summetur
790 2281 1067 2344 peccatum
1095 2305 1110 2332 ,
1166 2279 1220 2321 et
1278 2265 1532 2319 deliciant
1583 2263 1918 2331 iniquitates,
1959 2270 2012 2314 et

442 2368 723 2424 deleantur
752 2363 1051 2434 injustitiaa,
1105 2369 1159 2413 et
1194 2357 1523 2424 intelligatttr
1578 2355 1740 2419 visio,
1775 2365 1828 2407 et
1856 2354 2012 2407 detur

441 2461 652 2531 iustitia
707 2456 1057 2522 sempiterna,
1100 2461 1153 2503 et
1194 2455 1642 2503 consummentur
1692 2444 1931 2499 visiones
1959 2453 2012 2498 et

444 2554 732 2623 propheta,
768 2555 820 2598 et
853 2545 1060 2597 laetetur
1094 2540 1326 2593 Sanctus
1353 2546 1692 2590 sanctorum.

514 2641 606 2694 25.
649 2638 715 2691 Et
748 2637 908 2697 scies,
937 2643 988 2688 et
1016 2632 1300 2698 intelliges,
1338 2639 1392 2681 et
1425 2625 1687 2680 laetaberis
1711 2661 1726 2686 ,
1766 2634 1820 2676 et
1862 2625 2011 2677 inve-

444 2734 568 2790 nies
592 2737 878 2801 praecepta,
911 2734 968 2778 ut
997 2722 1420 2791 respondeatur:
1457 2729 1510 2772 et
1536 2713 1827 2770 :ediiicabis
1859 2712 2014 2768 Jeru-

447 2825 613 2881 salem
653 2821 928 2876 civitatcm
961 2814 1211 2868 Domino.

516 2915 607 2968 26.
651 2911 715 2964 Ει
741 2919 859 2980 post
897 2917 1098 2975 septem
1147 2913 1202 2958 et
1235 2900 1597 2969 septuaginta,
1634 2907 1686 2952 et
1732 2899 2011 2967 sexaginta

447 3010 588 3066 duos
626 3004 841 3061 deficiet
878 3001 1084 3063 unctio,
1116 3006 1170 3051 et
1196 3010 1303 3049 non
1333 2994 1435 3048 erit
1475 3007 1488 3044 :
1537 3001 1590 3045 et
1630 3007 1853 3060 regnum
1885 3007 2016 3060 gen-

2109 533 2309 604 εκλήθη
2341 537 2431 587 ἐπὶ
2475 535 2570 606 τήν
2611 537 2762 588 πόλιν
2803 555 2894 591 σου
2940 537 3098 598 Σιὼν,
3141 539 3233 589 καὶ
3279 538 3370 588 ἐπὶ
3407 537 3494 587 τὸν
3551 536 3680 588 λαόν

2111 641 2202 677 σου
2247 625 2473 694 Ἰσραήλ.

2178 716 2268 770 20.
2293 718 2398 770 Καὶ
2417 718 2520 781 ἕως
2539 716 2648 784 ἐγὼ
2670 717 2889 770 ἐλάλουν
2911 719 3365 789 προσευχόμενος,
3385 721 3475 770 καῖ
3496 720 3681 788 ἐξομο-

2108 809 2435 877 λογούμενος
2462 808 2560 871 τὰς
2593 809 2866 879 ἁμαρτίας
2901 825 3022 878 μου,
3049 810 3141 860 καὶ
3170 808 3265 870 τὰς
3292 808 3562 878 ἁμαρτίας
3587 811 3681 864 τοῦ

2108 899 2236 952 λαοῦ
2274 917 2374 969 μου
2417 899 2651 970 Ἰσραήλ,
2689 901 2780 952 καὶ
2807 899 3059 967 δεόμενος
3099 900 3155 951 ἐν
3199 903 3317 962 ταῖς
3358 904 3684 971 προσευχαῖς

2109 990 2348 1042 ἐναντίον
2387 992 2589 1060 Κυρίου
2623 990 2756 1043 Θεοῦ
2803 1008 2901 1059 μου
2928 1029 2941 1054 ,
2986 993 3077 1042 καὶ
3110 991 3247 1060 ὑπὲρ
3279 991 3369 1042 τοῦ
3398 992 3558 1060 ὅρους
3586 991 3681 1044 τοῦ

2111 1081 2262 1148 ἁγίου
2287 1081 2378 1134 τοῦ
2399 1082 2533 1134 Θεοῦ
2559 1084 2734 1152 ήμῶν.

2180 1173 2266 1225 21.
2299 1175 2406 1226 Καὶ
2447 1174 2524 1225 ἔτι
2575 1172 2862 1235 λαλοῦντός
2892 1189 2994 1242 μου
3050 1175 3106 1224 ἐν
3144 1175 3206 1242 τῇ
3245 1174 3516 1242 προσευχῇ
3556 1189 3678 1241 μου,

2114 1264 2205 1314 καὶ¹
2237 1263 2344 1316 ἰδοὺ
2368 1266 2394 1316 ὁ
2426 1263 2564 1332 ἀνὴρ
2583 1304 2598 1328 ,
2624 1263 2682 1316 ὃν
2707 1259 2845 1314 εἶδον
2879 1265 2935 1314 ὲν
2961 1262 3036 1331 τῷ
3068 1261 3217 1330 ὕπνῳ
3251 1279 3353 1331 μου
3383 1261 3480 1330 τήν
3510 1262 3682 1331 ἀρχὴν

2112 1354 2370 1424 Γαϐριὴλ,
2417 1357 2570 1424 τάχει
2626 1355 2923 1424 φερόμενος
2981 1352 3315 1423 προσήγγισὲ
3366 1370 3451 1422 μοι
3480 1355 3534 1404 ἐν
3565 1351 3684 1422 ὥρᾳ

2113 1445 2300 1508 Θυσίας
2333 1447 2646 1515 ἐσπερινῆς.

2182 1536 2271 1588 22.
2306 1538 2412 1588 Καὶ
2447 1536 2740 1606 προσῆλθε,
2790 1537 2882 1587 καὶ
2930 1534 3158 1603 ἐλάλησε
3215 1538 3328 1602 μετ’
3382 1533 3538 1602 ἐμοῦ,
3593 1535 3684 1585 καὶ

2113 1621 2264 1678 εἶπεν
2290 1643 2302 1657 ο
2331 1628 2545 1697 Δανιὴλ,
2583 1629 2705 1697 ἄρτι
2735 1627 2956 1696 ἐξῆλθον
2989 1626 3261 1692 ὑποδεῖξαί
3297 1644 3378 1678 σοι
3427 1628 3680 1680 διάνοιαν.

2182 1717 2270 1771 25.
2309 1719 2396 1770 Ἐν
2429 1721 2568 1787 ἀρχῇ
2607 1719 2702 1787 τῆς
2732 1717 2966 1786 δεήσεώς
3000 1735 3092 1769 σου
3129 1717 3320 1787 ἐξῆλθε
3358 1719 3685 1788 πρόσταγμα

2115 1809 2263 1878 παρὰ
2293 1808 2520 1878 Κυρίου,
2544 1809 2637 1861 καὶ
2667 1809 2774 1875 ἐγὼ
2795 1804 2955 1878 ἦλθον
2990 1807 3263 1870 ὑποδεῖξαί
3289 1825 3389 1870 σοι,
3425 1809 3503 1860 ὄτι
3533 1809 3686 1876 ἐλεη-

2113 1900 2200 1961 νὶς
2230 1894 2299 1963 εἴ,
2331 1900 2423 1951 καὶ
2449 1899 2759 1968 διανοήθητι
2789 1898 2849 1950 τὸ
2878 1899 3222 1968 πρόσταγμα.

2181 2079 2270 2132 21.
2319 2079 2719 2152 Ἐϐδομήκοντα
2765 2080 3056 2152 ἐϐδομόιδες
3103 2081 3399 2151 ἐκρίθησαν
3450 2082 3564 2152 ἐπὶ,
3593 2082 3685 2134 τὸν

2113 2169 2238 2222 λαόν
2274 2187 2388 2233 σου,
2418 2172 2510 2222 καὶ
2537 2173 2627 2223 ἐπὶ
2663 2172 2759 2241 τὴν
2790 2173 2940 2224 πόλιν
2975 2173 3110 2225 Σιὼν
3144 2173 3556 2243 συντελεσθῆναι
3585 2173 3685 2241 τὴν

2115 2262 2407 2332 ἁμαρτίαν,
2457 2263 2551 2313 καὶ
2582 2261 2677 2325 τὰς
2700 2263 2910 2326 ἀδικίας
2940 2265 3211 2326 σπανίσαι,
3252 2266 3345 2316 καὶ
3388 2264 3685 2330 ἀπαλεῖψαι

2112 2352 2208 2413 τὰς
2245 2351 2473 2414 ἀδικίας,
2511 2353 2603 2404 καὶ
2643 2351 3072 2422 διανοηθῆναιτὸ
3101 2356 3312 2424 ὅραμα,
3345 2357 3438 2406 καὶ
3467 2355 3685 2424 δοθῆναι

2113 2440 2459 2511 δικαιοσύνην
2484 2441 2718 2507 αἰώνιον,
2762 2444 2856 2494 καὶ
2882 2445 3295 2512 συντελεσθῆναι
3332 2445 3399 2497 τὰ
3435 2447 3686 2514 ὁράματα

2115 2535 2182 2598 ὴ(
2209 2531 2304 2583 καὶ
2322 2535 2388 2598 >ο<
2417 2534 2718 2602 προφήτην,
2743 2535 2835 2586 καὶ
2861 2534 3127 2605 εὐφράναι
3163 2535 3350 2602 ’Ἃγιον
3383 2535 3574 2603 ἁγίων.

2185 2623 2274 2677 25.
2303 2624 2409 2675 Καὶ
2439 2623 2640 2696 γνώσῃ,
2693 2625 2785 2677 καὶ
2811 2625 3156 2697 διανοηθήσῃ,
3188 2628 3280 2680 καὶ
3313 2605 3682 2700 εῦφρανθήσῃ,

2116 2714 2208 2764 καὶ
2232 2713 2483 2782 εὑρήσεις
2514 2716 2910 2783 προστάγματα
2951 2718 3332 2786 ἀποκριθῆναι,
3376 2721 3469 2770 καὶ
3491 2720 3690 2772 οἰκοδο-

2120 2804 2313 2872 μήσεις
2360 2805 2712 2874 Ἰερουσαλήμ
2747 2805 2898 2859 πόλιν
2929 2809 3135 2877 Κυρίῳ.

2185 2897 2270 2948 26.
2305 2897 2410 2947 Καὶ
2437 2896 2573 2964 μετὰ
2604 2896 2744 2948 ἑπτὰ
2769 2897 2861 2948 καὶ
2887 2897 3272 2967 ἑϐδομήκοντα,
3308 2900 3401 2951 καὶ
3429 2901 3692 2971 ἑξήκοντα

2115 2985 2206 3038 δύο
2234 2988 2672 3056 ἁποσταθήσεται
2701 2986 2931 3057 χρίσμα,
2961 2989 3053 3040 καὶ
3083 2989 3182 3041 οὐκ
3217 2989 3390 3051 ἔσται,
3425 2994 3516 3044 καὶ
3538 2993 3692 3063 βασι-

450 3103 580 3157 tium
601 3101 842 3154 destruet
866 3093 1159 3154 civitatem,
1197 3096 1248 3141 et
1278 3084 1647 3141 sanctuaritnn
1665 3098 1787 3137 cum
1811 3092 2009 3136 uncto:

2118 3075 2237 3127 λεία
2271 3074 2436 3128 ἐθνῶν
2469 3075 2658 3145 φθερεῖ
2685 3077 2782 3145 τὴν
2829 3076 3001 3140 πόλιν,
3031 3078 3124 3130 καὶ
3158 3079 3218 3130 τὸ
3249 3081 3402 3146 ἆγιον
3434 3084 3569 3150 μετὰ
3596 3083 3691 3136 τοῦ

449 3202 504 3246 ct
534 3191 712 3244 veniet
745 3181 1145 3240 consummatio
1176 3181 1294 3247 ejus
1325 3192 1449 3231 cum
1503 3175 1702 3238 furore,
1757 3183 1811 3228 et
1843 3190 2016 3244 usque

450 3284 520 3340 ad
557 3291 769 3350 tempus
806 3273 1296 3332 consummationis
1328 3286 1358 3323 a
1383 3269 1519 3322 bello
1557 3266 1976 3336 oppugnabitur.

519 3374 608 3428 27.
652 3373 717 3425 Ει
751 3368 1060 3440 prmvalebit
1095 3372 1472 3420 testamentum
1506 3361 1558 3412 in
1600 3359 1804 3421 multis,
1827 3367 2019 3412 etrur-

452 3483 547 3521 sus
575 3471 897 3522 revertetur,
957 3468 1009 3512 et
1071 3455 1484 3510 retediticabitur
1516 3452 1567 3503 in
1621 3450 1925 3510 latitudine,
1966 3458 2020 3500 et.

452 3553 812 3624 longitudine,
839 3559 892 3602 et
923 3550 1074 3617 juxta
1103 3541 1630 3598 consummationem
1674 3547 1974 3604 temporum
2001 3555 2014 3588 :

453 3656 508 3702 et
537 3655 662 3714 post
697 3651 898 3708 septem
948 3646 1001 3690 et
1051 3633 1391 3701 septuaginta
1438 3639 1704 3696 tempma,
1755 3638 1807 3681 et
1863 3643 2019 3681 sexa-

453 3739 605 3807 ginta
633 3734 741 3786 duo
769 3741 1058 3786 annorum,
1097 3739 1268 3790 usque
1311 3720 1376 3773 ad
1422 3732 1631 3788 tempus
1674 3735 2021 3773 consumma-

457 3827 622 3884 tionis
677 3822 835 3883 belli,
889 3831 943 3874 et
985 3816 1263 3872 auferetur
1292 3811 1553 3866 desolatio
1601 3811 1654 3863 in
1683 3811 2022 3879 prmvalendo

459 3922 787 3975 testamento
817 3911 883 3964 ad
920 3909 1119 3962 multas
1153 3903 1538 3964 hebdomadas,
1577 3910 1630 3954 et
1665 3902 1717 3953 in
1753 3902 1858 3955 line
1897 3900 2023 3954 heb-

457 4009 704 4066 domada:
730 4003 1005 4059 auferetur
1061 3997 1410 4057 sacriiicinm,
1465 4001 1520 4047 et
1567 3992 1821 4056 libamen,
1879 3993 2021 4047 etin

460 4101 658 4170 templo
683 4093 1015 4152 abominatio
1039 4089 1431 4144 desolatiouum
1461 4085 1560 4138 erit
1590 4099 1762 4149 usque
1802 4084 1866 4136 ad
1889 4099 2023 4138 con-

459 4189 879 4248 summationem
908 4205 920 4240 :
956 4194 1010 4239 et
1039 4179 1440 4238 consummatio
1475 4176 1694 4230 dabitur
1733 4190 1895 4244 super
1931 4176 2023 4229 de-

461 4283 801 4338 solationem.

1071 4385 1295 4443 CAPUT
1345 4386 1412 4439 Χ.

529 4486 584 4541 1.
624 4485 682 4536 ln
712 4495 856 4536 anno
899 4479 1073 4548 primo
1124 4476 1246 4545 Cyri
1281 4475 1420 4543 regis
1468 4472 1756 4527 Persarum
1799 4471 2022 4525 manda-
2054 4459 2098 4515 ο

459 4587 572 4633 tum
599 4575 1030 4630 demonstratum
1057 4579 1138 4622 est
1164 4566 1389 4630 Danieli,
1408 4565 1493 4618 cui
1514 4565 1827 4634 impositum
1849 4561 2024 4616 fuerat

459 4683 658 4725 nomen
687 4664 955 4723 Baltasar,
995 4668 1049 4714 et
1106 4673 1230 4712 vera
1261 4656 1419 4718 visio,
1479 4663 1530 4708 et
1577 4654 1933 4718 mandatum;
1971 4661 2026 4706 et

459 4757 749 4818 multitudo
790 4754 946 4809 fortis
990 4749 1253 4819 intelliget
1314 4746 1651 4809 mandatum,
1705 4755 1759 4799 et
1787 4744 2021 4799 intellexi

459 4852 589 4906 illud
616 4852 669 4904 in
706 4848 934 4901 visione.

527 4944 584 4996 2.
623 4942 681 4994 ln
716 4939 908 4993 diebus
945 4935 1052 4990 illis
1110 4945 1211 5002 ego
1261 4927 1448 4982 Daniel
1485 4942 1633 4981 eram
1683 4925 1873 4996 lugens
1919 4933 2027 4979 tres

460 5030 848 5090 hebdomadas.

531 5127 585 5180 3.
627 5123 828 5177 Panem
865 5116 1256 5172 desideriorum
1284 5126 1391 5165 non
1437 5107 1671 5171 comedi,
1703 5113 1758 5159 et
1784 5120 1935 5168 caro,
1976 5115 2030 5158 et

465 5219 646 5272 vinum
687 5230 794 5269 non
827 5211 1152 5266 introierunt
1175 5209 1226 5260 in
1267 5220 1328 5258 os
1361 5217 1539 5255 meum
1570 5219 1583 5254 :
1623 5201 1743 5252 oleo
1788 5213 1894 5251 non
1932 5214 2031 5251 un-

466 5319 587 5365 ctus
614 5323 758 5370 sum,
784 5305 958 5360 donec
987 5311 1420 5357 consummarem
1465 5308 1566 5364 ego
1602 5301 1710 5347 tres
1737 5289 2032 5344 hebdoma.

467 5403 563 5455 das
591 5400 828 5454 dierum.

535 5493 589 5544 4.
629 5490 695 5543 Ει
725 5488 926 5541 factum
962 5495 1041 5539 est
1070 5484 1157 5537 die
1203 5489 1396 5550 quarta
1445 5487 1498 5532 et
1533 5476 1790 5547 vigesima
1831 5472 2034 5527 mensis

469 5580 652 5651 primi,
694 5587 747 5631 et
774 5590 873 5644 ego
902 5589 1052 5628 cram
1089 5587 1251 5640 super
1286 5571 1487 5627 labium
1517 5566 1666 5622 ﬂuvii
1704 5564 1905 5634 magni,
1939 5562 2034 5631 qui

461 5681 549 5725 est
587 5667 787 5733 Tigris.

539 5765 592 5817 ὅ.
641 5759 700 5809 lit
733 5756 897 5810 levavi
931 5755 1120 5808 oculos
1151 5768 1318 5820 meos,
1362 5763 1411 5806 et
1469 5750 1597 5813 vidi,
1632 5757 1684 5801 et
1718 5762 1843 5799 cccc
1872 5745 2036 5798 homo

2119 3167 2371 3236 Χριστοῦ·
2404 3169 2496 3219 και
2551 3167 2669 3236 ἥξει
2697 3170 2729 3237 ἡ
2759 3168 3031 3220 συντέλεια
3056 3169 3219 3221 αὑτοῦ
3258 3172 3578 3242 μετ’ἀργῆςν
3602 3176 3694 3227 καὶ

2117 3257 2221 3319 ἕως
2261 3256 2451 3324 καιροῦ
2480 3259 2807 3320 συντελείας,
2839 3257 2944 3310 ἀπὸ
2971 3259 3206 3328 πολέμου
3235 3262 3359 3313 πολε
3371 3264 3689 3332 μηθήσεται.

2188 3345 2276 3398 27.
2311 3347 2416 3398 Καὶ
2447 3347 2794 3399 sum-.3535:
2830 3349 2860 3415 ἡ
2900 3347 3129 3419 διαθήκη
3163 3351 3240 3412 εἰς
3289 3352 3515 3415 πολλοὺς
3539 3393 3554 3416 ,
3599 3357 3694 3407 καὶ

2121 3437 2280 3490 πάλιν
2303 3437 2638 3507 ἐπιστρέψει,
2674 3439 2768 3490 καὶ
2790 3439 3343 3511 ἀνοικοδομηθήσεται
3367 3444 3444 3506 εἰς
3473 3445 3691 3508 πλάτος,

2121 3531 2214 3582 καὶ
2249 3529 2442 3598 μῆκος,
2478 3529 2735 3582 καὶκατὰ
2771 3531 3082 3584 συντέλειαν
3130 3534 3338 3604 καιρῶν
3367 3553 3378 3564 ·
3425 3537 3517 3588 καὶ
3557 3539 3695 3606 μετὰ

2121 3619 2261 3672 ἑπτὰ
2304 3622 2392 3673 καὶ
2443 3621 2814 3690 ἐϐδομήκοντα
2863 3625 3108 3692 καιροὺς,
3146 3628 3234 3676 καὶ
3271 3626 3347 3693 ξρ’
3395 3628 3549 3689 ἐτῶν,
3592 3629 3695 3692 ἓως

2121 3710 2312 3782 καιροῦ
2355 3712 2662 3774 συντελείας
2716 3713 2949 3782 πολέμου
2984 3756 2996 3778 ,
3053 3717 3145 3768 καὶ
3191 3718 3615 3788 ἀφαιρεθήσεται
3661 3723 3695 3791 ή

2121 3803 2398 3873 ἐρήμωσις
2423 3805 2481 3855 ἐν
2505 3803 2580 3874 τῷ
2615 3806 2936 3875 κατισχύσαι
2961 3806 3056 3878 τὴν
3085 3808 3348 3880 διαθήκην
3373 3812 3465 3863 ἐπὶ
3497 3812 3696 3876 πολλὰς

2122 3895 2441 3965 ἑϐδομάδας,
2469 3898 2562 3950 καὶ
2590 3899 2647 3949 ἐν
2679 3897 2756 3966 τῷ
2779 3898 2921 3950 τέλει
2950 3899 3046 3969 τῆς
3079 3900 3370 3969 ἑϐδομάδος
3401 3903 3691 3974 ἀρθήσεται

2122 3989 2153 4056 ή
2186 3986 2345 4038 θυσία
2371 4027 2384 4050 ,
2418 3989 2512 4039 καὶ
2551 3990 2582 4056 ή
2619 3987 2815 4058 σπονδὴ
2842 4029 2854 4051 ,
2898 3990 2990 4041 καὶ
3015 3991 3107 4043 ἐπὶ
3133 3992 3192 4044 τὸ
3232 3992 3373 4061 ἱερὸν
3422 3992 3695 4065 βδέλυγμα

2122 4079 2228 4130 τῶν
2263 4079 2592 4149 ἑρημώσεων
2616 4081 2764 4132 ἔσται
2791 4081 2894 4143 ἕως
2939 4082 3262 4146 συντελείας,
3299 4084 3391 4136 καὶ
3422 4086 3698 4138 συντέλεια

2124 4168 2408 4240 δοθήσεται
2442 4185 2501 4224 -ι-
2537 4171 2628 4223 Er).
2665 4173 2763 4242 τὴν
2799 4174 3096 4242 ἐρήμωσιν.

2741 4358 2962 4408 ΚΕΦΑΛ
2975 4399 2985 4410 .
3029 4359 3080 4408 l'.

2199 4452 2249 4503 1.
2296 4453 2382 4503 Ἐν
2405 4453 2482 4521 τῷ
2511 4451 2741 4520 ἐνιαυτῷ
2769 4451 2847 4521 τῷ
2879 4451 3079 4520 πρώτῳ
3106 4450 3282 4521 Κύρου
3308 4450 3398 4504 τοῦ
3434 4450 3697 4519 βασιλέως

2126 4541 2350 4610 Περσῶν
2385 4543 2710 4612 πρόσταγμα
2742 4541 2953 4612 ἐδείχθη
2975 4541 3052 4609 τῷ
3081 4541 3296 4610 Δανιὴλ,
3329 4541 3386 4604 ὃς
3422 4540 3695 4610 ἐπεκλήθη

2125 4632 2185 4683 τὸ
2213 4631 2386 4700 ὄνομα
2415 4631 2696 4700 Βαλτάσαρ
2719 4647 2730 4661 ·
2774 4630 2868 4683 καὶ
2907 4629 3102 4699 ἀληθὲς
3154 4631 3214 4681 τὸ
3256 4631 3437 4699 ὅραμα
3462 4669 3476 4692 ,
3513 4629 3606 4681 κᾶὶ
3636 4629 3698 4681 τὸ

2129 4723 2488 4793 πρόσταγμα·
2520 4721 2615 4775 καὶ
2647 4722 2708 4774 τὸ
2732 4721 2932 4792 πλῆθος
2953 4720 3013 4773 τὸ
3045 4722 3262 4791 ἰσχυρὸν
3285 4720 3695 4790 διανοηθήσεται

2128 4814 2187 4866 τὸ
2227 4813 2576 4884 πρόσταγμα,
2613 4813 2706 4866 καὶ
2731 4811 3013 4883 διενοήθην
3055 4826 3114 4867 -ε-
3145 4813 3275 4865 αὐτὸ
3303 4813 3358 4863 ἐν
3384 4810 3693 4880 ὁράματιί.

2197 4906 2252 4958 2.
2295 4907 2380 4958 Ἐν
2401 4906 2518 4966 ταῖς
2538 4906 2769 4977 ἡμέραις
2791 4905 3022 4967 ἐκείναις
3050 4903 3160 4971 ἐγὼ
3186 4902 3378 4972 Δανιὴλ
3401 4904 3433 4972 ή
3443 4918 3548 4971 μην
3576 4917 3700 4952 πεν-

2130 4997 2238 5049 θῶν
2269 4999 2414 5068 τρεῖς
2443 4996 2761 5066 ἑϐδομάδας.

2201 5091 2252 5143 5.
2288 5090 2486 5159 Ἀρτον
2521 5088 2825 5157 ἐπιθυμιῶν
2873 5089 2973 5140 οὐκ
3019 5087 3239 5155 ἔφαγον,
3273 5085 3362 5138 καὶ
3392 5084 3578 5154 κρέας,
3611 5083 3701 5135 καὶ

2130 5180 2271 5244 οἶνος
2293 5181 2392 5233 οὐκ
2422 5179 2670 5248 εἰσῆλθεν
2700 5181 2779 5242 εἰς
2802 5178 2863 5230 τὺ
2886 5178 3059 5248 στόμα
3091 5194 3214 5248 μου,
3246 5176 3419 5228 ἔλαιον
3440 5176 3539 5227 οὐκ
3563 5174 3702 5242 ἠλει-

2131 5278 2340 5347 ψάμην,
2367 5276 2472 5338 ἓως
2495 5272 2587 5328 τοῦ
2619 5273 2932 5326 συντελέσαι
2971 5288 3034 5342 με
3062 5271 3160 5334 τὰς
3210 5273 3358 5341 τρεῖς
3404 5268 3703 5336 ἑϐδομάδας

2132 5369 2240 5422 τῶν
2259 5367 2502 5438 ἡμερῶν.

2205 5461 2259 5513 4.
2294 5460 2404 5514 Καὶ
2434 5459 2648 5525 ἐγένετο
2674 5460 2738 5526 τῇ
2781 5456 2961 5525 ήμέρα
3009 5457 3074 5522 τῇ
3110 5453 3343 5522 τετάρτῃ
3403 5450 3496 5503 καὶ
3533 5448 3706 5501 εἰκάδι

2135 5549 2227 5604 τοῦ
2263 5550 2428 5620 μηνὸς
2459 5547 2553 5600 τοῦ
2577 5547 2814 5617 πρώτου,
2850 5544 2940 5596 καὶ
2959 5541 3068 5609 ἐγὼ
3092 5542 3238 5611 ’ήμην
3258 5539 3350 5590 ἐπὶ
3375 5536 3467 5589 τοῦ
3496 5534 3708 5605 χείλους

2137 5639 2227 5694 τοῦ
2269 5639 2509 5709 ποταμοῦ
2541 5638 2634 5691 τοῦ
2664 5637 2920 5707 μεγάλου,
2955 5635 3012 5696 ὃς
3039 5635 3153 5685 ἐστι
3187 5631 3413 5699 Τίγρης.

2215 5737 2262 5789 ὃ.
2296 5733 2403 5786 Καὶ
2429 5730 2531 5803 ἦρα
2560 5732 2680 5793 τοὺς
2702 5727 3010 5796 όιέθαλμούς
3041 5742 3160 5796 μου,
3189 5722 3281 5775 καὶ
3302 5717 3458 5787 εἶδον,
3480 5716 3576 5771 καὶ
3599 5711 3706 5770 ἰδοὺ
