4122 6320
402 406 513 465 9.89.
529 408 546 465 1

1836 414 2066 474 CAPUT
2105 418 2172 473 Χ.

3513 431 3654 487 2822

408 527 695 598 ἄνθρωπος
745 518 827 589 εἷς
860 525 1210 599 ἐνδεδυμένος
1251 528 1499 601 βύσσινα,
1559 532 1652 585 καὶ
1679 533 1778 602 τὴν
1824 534 1980 604 ὀσφὺι

2098 551 2242 592 unus
2276 537 2509 594 vestitus
2539 539 2799 610 byssinis,
2822 548 2875 596 et
2904 556 3063 599 renes
3088 546 3317 601 accincti
3336 546 3579 619 byssina;
3604 561 3659 607 et

408 614 846 684 περιεζωσμένος
902 614 1158 688 βυσσίνῳ,
1214 618 1309 670 καὶ
1337 621 1400 671 ὲκ
1436 619 1604 689 μέσου
1650 621 1815 675 αὐτοῦ
1846 622 1983 693 φῶς,

407 706 499 760 καὶ
530 705 589 758 τὺ
625 706 804 774 στόμα
833 706 997 759 αὑτοῦ
1036 708 1168 761 ὡσεὶ
1192 708 1487 777 θαλάσσης.

473 800 524 854 Β.
559 800 669 852 Καὶ
703 798 764 852 τὸ
785 799 1075 871 πρόσωπον
1095 801 1260 855 αὑτοῦ
1293 802 1426 856 ὡσεὶ
1450 806 1638 874 ὅρασις
1671 805 1983 876 ἀστραπῆς,

407 890 497 947 καὶ
516 889 854 961 οἰόφθαλμοὶ
880 889 1044 944 αὐτοῦ
1083 891 1214 944 ὡσεὶ
1254 894 1537 964 λαμπάδες
1576 895 1765 965 πυρὸς,
1813 898 1905 949 καὶ
1934 898 1984 950 οἱ

409 980 689 1053 βραχίονες
717 980 905 1048 αὐτοῦ,
941 982 1035 1035 καὶ
1072 985 1118 1036 οἱ
1151 984 1306 1047 πόδες
1342 985 1472 1037 ὡσεὶ
1494 985 1693 1056 χαλκὸς
1715 986 1984 1059 ἐξαστρά-

407 1090 574 1136 πτων,
596 1073 690 1125 καὶ
710 1073 863 1142 φωνὴ
887 1072 1076 1137 λαλιᾶς
1110 1075 1274 1128 αὐτοῦ
1305 1076 1435 1129 ὡσεὶ
1462 1076 1615 1148 φωνὴ
1659 1077 1912 1147 θορύϐου.

473 1165 527 1218 7.
560 1164 671 1217 Καὶ
704 1160 841 1217 εἶδον
875 1164 984 1233 ἐγὼ
1011 1166 1210 1239 Δανιὴλ
1234 1168 1332 1239 τὴν
1370 1170 1558 1240 ὅρασιν
1594 1168 1692 1239 τὴν
1740 1170 1984 1240 μεγάλην

404 1256 624 1326 ταύτην,
652 1257 745 1309 καὶ
779 1259 827 1310 οί
850 1256 1127 1326 ἄνθρωποι
1156 1261 1202 1312 οἱ
1235 1259 1385 1323 ὄντες
1419 1262 1536 1330 μετ’
1566 1261 1698 1331 ἐμοῦ
1725 1261 1825 1315 οὐκ
1845 1262 1982 1315 εἴδο-

408 1366 503 1403 σαν
522 1348 619 1419 τὴν
652 1350 841 1421 ὅρασιν
863 1350 1086 1421 ταύτην,
1119 1352 1212 1405 καὶ
1248 1352 1412 1420 φόϐος
1455 1354 1672 1423 ἰσχυρὸς
1714 1354 1984 1409 ἐπέπεσεν

407 1442 489 1494 ἐπ’
520 1441 736 1506 αὐτοὺς,
767 1442 862 1494 καὶ
887 1442 1202 1513 ἀπέδρασαν
1228 1444 1285 1496 ἐν
1324 1444 1552 1515 σπουδῇ.

473 1530 523 1584 8.
547 1531 657 1586 Καὶ
684 1530 794 1598 ἐγὼ
816 1532 1177 1603 κατελείφθην
1210 1534 1389 1603 μόνος,
1420 1536 1515 1588 καὶ
1552 1530 1693 1589 εἶδον
1716 1534 1812 1607 τὴν
1849 1536 1982 1607 ὅρα-

408 1640 489 1676 σιν
510 1622 610 1692 τὴν
646 1621 891 1692 μεγάλην
918 1623 1142 1692 ταύτην,
1176 1623 1271 1679 καὶ
1298 1625 1357 1676 οὐ
1392 1624 1718 1696 κατελείφθη
1760 1627 1819 1678 ὲν
1858 1626 1983 1696 ἐμοὶ

408 1711 575 1783 ἰσχύς⁹
618 1714 715 1768 καὶ
750 1712 858 1766 ἰδοὺ
896 1714 1114 1784 πνεῦμα
1146 1715 1470 1788 ἐπεστράφη
1496 1718 1582 1770 ἐπ’
1616 1718 1717 1787 ἐμὲ
1746 1720 1824 1782 είς
1854 1718 1985 1788 φθοο

407 1804 522 1875 ρὰν,
550 1806 643 1857 καὶ
675 1806 735 1857 οὐ
775 1805 1095 1874 κατίσχυσα.

2092 628 2160 684 de
2189 628 2368 684 medio
2399 630 2520 701 ejus
2541 630 2658 697 lux,
2689 641 2743 687 et
2780 645 2843 689 os
2874 634 2995 705 ejus
3033 636 3188 705 quasi
3216 638 3406 695 maris.

2157 811 2212 866 6.
2254 812 2321 865 Et
2355 812 2525 869 facies
2553 813 2673 882 ejus
2702 815 2860 885 quasi
2892 814 3100 884 species
3133 814 3388 887 fulguris,
3426 827 3479 872 et
3513 822 3657 875 oculi

2088 903 2206 971 ejus
2245 904 2403 972 quasi
2429 904 2704 974 lampades
2734 906 2895 975 ignis,
2922 915 2976 960 et
3002 907 3223 962 brachia
3254 907 3374 977 ejus
3409 918 3464 963 et
3497 910 3673 980 pedes,

2087 995 2241 1064 quasi
2272 1010 2345 1050 aes
2376 995 2649 1066 refulgens
2676 1015 2690 1052 :
2734 1005 2789 1051 et
2820 1012 2922 1051 vox
2961 998 3188 1067 loquelae
3216 999 3335 1068 ejus
3369 1002 3525 1071 quasi
3553 1015 3658 1056 vox

1974 1132 2003 1143 -
2088 1082 2278 1147 turbae.

2160 1172 2212 1227 7.
2253 1170 2318 1226 Et
2343 1172 2451 1230 vidi
2480 1188 2579 1243 ego
2606 1172 2794 1228 Daniel
2837 1174 3097 1229 visionem
3139 1176 3278 1232 hanc
3315 1186 3658 1248 magnam,et

2089 1264 2358 1330 homines,
2389 1264 2480 1332 qui
2512 1275 2667 1324 erant
2698 1280 2908 1322 mecum
2941 1282 3049 1321 non
3092 1267 3341 1323 viderunt
3392 1269 3654 1325 visionem

2086 1354 2227 1407 hanc
2257 1373 2270 1408 :
2306 1364 2359 1407 et
2389 1363 2565 1408 terror
2598 1355 2889 1410 vehemens
2911 1356 3069 1410 irruit
3098 1373 3261 1427 super
3310 1373 3425 1424 eos,
3483 1368 3535 1414 et
3562 1375 3658 1414 au-

2085 1445 2344 1516 fugerunt
2381 1445 2646 1499 celeriter.

2155 1536 2210 1591 8.
2253 1534 2319 1588 Et
2349 1550 2450 1604 ego
2480 1535 2772 1589 derelictus
2802 1549 2922 1588 sum
2959 1534 3128 1600 solus,
3157 1544 3212 1589 et
3250 1535 3356 1589 vidi
3388 1537 3653 1591 visionem

2085 1641 2337 1695 magnam
2374 1626 2516 1679 hanc
2546 1643 2557 1678 :
2591 1634 2645 1680 et
2675 1638 2780 1677 non
2824 1624 3012 1679 relicta
3038 1634 3121 1679 est
3171 1624 3225 1678 in
3258 1641 3343 1680 me
3370 1624 3654 1692 fortitudo,

2085 1728 2136 1773 ct
2163 1734 2292 1772 ecce
2319 1718 2541 1789 spiritus
2578 1731 2878 1771 conversus
2909 1725 2990 1770 est
3028 1716 3082 1769 in
3123 1732 3209 1771 me
3262 1717 3328 1771 ad
3385 1727 3653 1785 mortem;

2084 1819 2137 1863 et
2171 1823 2278 1862 non
2315 1808 2480 1862 habui
2513 1807 2676 1861 vires.

470 1892 522 1945 9.
555 1892 662 1946 Kal
692 1892 792 1944 οὐκ
818 1893 1027 1963 ἤκουσα
1055 1893 1153 1964 τὴν
1188 1895 1368 1967 φωνὴν
1408 1896 1597 1960 λαλιᾶς
1634 1898 1798 1951 αὐτοῦ
1819 1917 1832 1929 ο
1869 1899 1980 1969 ἐγὼ

2150 1899 2203 1955 9.
2247 1900 2315 1953 Et
2353 1914 2460 1951 non
2490 1898 2673 1952 audivi
2705 1913 2891 1953 vocem
2919 1898 3149 1969 loquelae
3172 1897 3290 1967 ejus
3318 1917 3331 1952 :
3369 1912 3468 1967 ego
3501 1911 3653 1952 eram

404 1982 546 2052 ἥμην
569 1982 873 2046 πεπτωκὼς
900 1983 993 2036 ἐπὶ
1026 1985 1315 2053 πρόσωπόν
1352 2003 1454 2056 μου
1488 1988 1580 2040 ἐπὶ
1606 1988 1704 2059 τὴν
1732 1989 1857 2059 γῆν.

469 2071 556 2126 10.
577 2074 687 2125 Καὶ
715 2073 824 2127 ἰδοῦ
855 2075 1013 2145 χεῖρα
1044 2077 1360 2146 προσήγαγέ
1394 2095 1505 2145 μοι,
1553 2079 1648 2132 καὶ
1689 2080 1876 2151 ἤγειρε
1910 2100 1975 2152 με

403 2164 491 2217 ἐπὶ
520 2164 629 2217 τῶν
654 2166 897 2232 γονάτων
920 2167 1012 2218 ἐπὶ
1030 2166 1100 2220 τὰ
1133 2168 1254 2239 ἴχνη
1294 2169 1402 2222 τῶν
1434 2169 1608 2225 ποδῶν
1640 2188 1763 2240 μου.

471 2253 559 2306 11.
591 2255 700 2306 Καὶ
729 2250 886 2308 εἶπέν
918 2273 1042 2326 μοι·
1077 2257 1300 2328 Δανιὴλ,
1339 2258 1626 2330 ἄνθρωπος
1653 2261 1872 2332 ὲλεηνὺς
1906 2259 1975 2326 εἶ,

399 2343 707 2415 διανοήθητι
741 2348 855 2408 τοῖς
884 2347 1301 2419 προστάγμασιν
1335 2342 1418 2412 οἷς
1453 2348 1565 2417 ἐγὼ
1594 2349 1742 2404 λαλῶ
1779 2352 1871 2405 ἐπὶ
1895 2352 1975 2415 σὲ,

400 2437 491 2490 καὶ
544 2436 700 2506 στῆθι
733 2437 824 2489 ἐπὶ
851 2438 945 2491 τοῦ
982 2438 1148 2492 τόπου
1189 2457 1306 2493 σου’
1357 2442 1483 2510 ἄρτι
1512 2441 1622 2513 γάρ
1669 2443 1979 2515 ἀπεστάλην

400 2527 491 2580 ὲπί
515 2544 604 2581 σε·
632 2529 723 2581 καὶ
751 2530 808 2582 ἐν
840 2528 918 2599 τῷ
950 2528 1181 2601 λαλῆσαι
1218 2530 1380 2584 αὑτὸν
1414 2532 1531 2604 μετ’
1557 2531 1693 2604 ἐμοῦ
1724 2533 1785 2586 τὸ
1806 2534 1979 2604 πρόσ-

396 2636 582 2691 ταγμα
615 2621 793 2685 τοῦτο,
821 2621 984 2692 ἔστην
1020 2623 1259 2695 τρέμων.
1537 2637 1540 2640 ’

471 2711 555 2764 12.
592 2710 703 2763 Καὶ
721 2707 871 2764 εἶπεν
902 2712 1040 2782 πρὸς
1071 2712 1139 2783 μέ
1157 2729 1170 2743 ·
1198 2713 1290 2783 Μὴ
1316 2713 1505 2781 φοϐοῦ,
1531 2713 1752 2784 Δανιὴλ,
1773 2716 1854 2769 ὅτι
1872 2717 1979 2770 ἀπὸ

395 2800 492 2871 τῆς
514 2801 729 2871 ἡμέρας
753 2801 852 2868 τῆς
887 2800 1133 2873 πρώτης,
1161 2796 1228 2873 ἧς
1258 2802 1465 2865 ἔδωκας
1484 2803 1545 2856 τὸ
1567 2804 1860 2873 πρόσωπόν
1884 2823 1977 2859 σου

397 2891 760 2961 διανοηθῆναι,
791 2891 886 2944 καὶ
919 2892 1325 2961 ταπεινωθῆναι
1356 2892 1596 2946 ἐναντίον
1645 2895 1848 2965 Κυρίου
1883 2896 1977 2948 τοῦ

396 2982 529 3036 Θεοῦ
564 3000 680 3048 σου,
706 2983 1038 3053 εἰσηκούσθη
1087 2983 1147 3036 τὸ
1182 2983 1336 3055 ῥῆμά
1363 3002 1486 3049 σου,
1532 2987 1626 3039 καὶ
1661 2986 1771 3055 ἐγὼ
1798 2986 1989 3059 εἰσῆλοη

397 3075 486 3128 θον
514 3074 591 3145 τῷ
616 3075 823 3145 ῥήματί
858 3092 972 3129 σου.

2080 1990 2267 2061 lapsus
2301 1990 2354 2043 in
2392 1988 2582 2044 faciem
2622 2005 2798 2044 meam
2827 2004 2991 2058 super
3017 1998 3239 2043 terram.

2151 2082 2241 2138 10.
2282 2081 2349 2136 Et
2377 2097 2505 2137 ecce
2534 2097 2756 2135 manum
2791 2081 3054 2151 applicuit
3083 2081 3238 2147 mihi,
3288 2090 3340 2134 et
3364 2081 3534 2135 erexit
3569 2095 3655 2135 me

2079 2174 2134 2229 in
2161 2173 2577 2244 genubussnper
2590 2173 2800 2240 plantas
2830 2174 3024 2239 pezlum
3057 2184 3318 2224 meorum.

2150 2261 2238 2316 11.
2281 2261 2346 2316 Et
2366 2262 2503 2316 dixit
2528 2261 2695 2315 mihi:
2734 2258 2939 2326 Daniel,
2961 2259 3126 2314 homo
3160 2258 3548 2313 misericordiae
3571 2274 3652 2327 es,

2082 2353 2451 2408 animadverte
2478 2352 2731 2406 mandata
2755 2389 2768 2413 ,
2798 2366 2919 2420 qua:
2935 2365 3034 2421 ego
3067 2349 3263 2419 loquor
3304 2349 3370 2403 ad
3404 2357 3476 2411 te,
3499 2358 3546 2402 et
3571 2358 3654 2404 sta

2079 2446 2136 2501 in
2168 2445 2292 2499 loco
2324 2457 2456 2511 tuo;
2492 2444 2652 2497 modo
2689 2442 2833 2497 enim
2866 2441 3069 2496 missus
3092 2456 3212 2495 sum
3255 2439 3322 2494 ad
3355 2448 3425 2494 te.
3477 2436 3649 2494 Cum-

2079 2552 2189 2607 que
2220 2537 2530 2606 loqueretur
2555 2534 2671 2604 ipse
2712 2547 2926 2588 mecum
2994 2531 3312 2585 mandatum
3360 2530 3483 2597 hoc,
3529 2530 3654 2586 steti

2078 2636 2344 2684 tremens.

2149 2715 2233 2769 1‘2.
2278 2714 2344 2769 Et
2373 2715 2507 2770 dixit
2538 2715 2604 2770 ad
2648 2729 2772 2769 me:
2806 2712 2884 2768 Ne
2921 2713 3139 2776 timeas,
3197 2712 3404 2777 Daniel,
3437 2713 3564 2782 quia
3587 2728 3652 2767 ex

2078 2805 2163 2859 die
2192 2804 2389 2875 prima,
2420 2820 2526 2873 qua
2564 2803 2764 2858 dedisti
2799 2801 2994 2858 faciem
3021 2812 3169 2857 tuam
3232 2802 3298 2856 ad
3350 2803 3656 2872 recogitan-

2078 2898 2206 2952 dum
2251 2905 2304 2951 et
2346 2895 2690 2968 aﬂligendum
2754 2902 2809 2950 te
2846 2910 3030 2950 coram
3087 2893 3474 2963 DominoDeo
3536 2903 3651 2956 tuo.

2077 2988 2391 3044 exauditum
2419 3000 2505 3046 est
2539 2989 2764 3044 verbum
2797 2996 2950 3041 tuum
2975 3028 2988 3053 ,
3028 2994 3083 3040 ct
3133 3001 3233 3057 ego
3263 2985 3458 3040 adveni
3487 2986 3653 3040 verbo

2081 3088 2197 3134 luo.

463 3167 551 3220 15.
590 3166 746 3220 Καὶό
775 3165 1080 3235 στρατηγὸς
1132 3165 1395 3236 βασιλέως
1439 3168 1668 3239 Περσῶν
1696 3152 1979 3243 ἀνθειστή-

2152 3172 2237 3226 15.
2280 3171 2346 3225 Ει
2410 3169 2520 3225 dux
2542 3171 2686 3239 regis
2730 3168 3022 3225 Persarum
3071 3170 3272 3225 restitit
3315 3183 3379 3223 ex
3420 3168 3652 3224 adverso

396 3275 477 3311 κει
506 3256 751 3311 ἐναντίον
785 3274 886 3327 μου
919 3256 1091 3309 εἴκοσι
1122 3258 1216 3309 καὶ
1266 3257 1395 3327 μίαν
1430 3259 1674 3330 ἡμέραν·
1725 3260 1819 3313 καὶ
1870 3261 1976 3316 ἰδοὺ

393 3347 611 3421 Μιχαὴλ
632 3342 712 3411 εἷς
741 3347 847 3401 τῶν
886 3348 1163 3417 ἀρχόντων
1202 3347 1312 3401 τῶν
1347 3348 1580 3421 πρώτων
1614 3349 1816 3420 ἐπῆλθε
1849 3350 1978 3424 βοη-

395 3441 553 3513 θῆσαί
586 3459 697 3512 μοι,
730 3441 824 3495 καὶ
853 3441 1014 3493 αὑτὸν
1046 3443 1166 3494 ἐκεῖ
1188 3441 1478 3494 κατέλιπον
1517 3441 1657 3513 μετὰ
1686 3439 1780 3495 τοῦ
1815 3460 1981 3515 στραο

393 3532 558 3604 τηγοῦ
583 3532 678 3585 τοῦ
713 3531 979 3603 βασιλέως
1001 3532 1246 3602 Περσῶν.

461 3625 549 3678 11.
573 3624 693 3677 Καὶ
718 3620 871 3676 εἶπεν
902 3619 1223 3693 μοι’ἿΙλθον
1250 3623 1525 3690 ὑποδεῖξαί
1558 3641 1640 3677 σοι
1666 3624 1717 3677 τί
1742 3625 1980 3694 ὑπαντή-

397 3733 547 3769 σεται
591 3715 668 3786 τῷ
695 3714 809 3785 λαῷ
840 3732 942 3780 σου¹
970 3714 1058 3766 ἐπ’
1082 3715 1316 3785 ἐσχάτου
1353 3715 1459 3769 τῶν
1489 3716 1733 3790 ἡμερῶν·
1759 3718 1840 3770 ἔτι
1871 3718 1976 3787 γὰρ

393 3810 579 3879 ὅρασις
604 3810 684 3872 εἰς
711 3808 954 3878 ἡμέρας.

463 3899 546 3954 15.
573 3900 683 3953 Καὶ
714 3901 773 3954 ἐν
812 3894 899 3969 ’τῷ
938 3900 1101 3954 αὐτὸν
1134 3900 1364 3971 λαλῆσαι
1401 3904 1518 3972 μετ’
1549 3902 1684 3972 ἐμοῦ
1719 3902 1788 3956 τὰ
1810 3920 1979 3974 προσ-

395 3991 648 4062 τάγματα
683 3991 873 4056 ταῦτα,
909 3991 1085 4046 ἔδωκα
1118 3993 1181 4044 τὸ
1238 3992 1529 4064 πρόσωπόν
1579 4011 1682 4064 μου
1736 3995 1830 4048 ἐπὶ
1879 3994 1978 4066 τὴν

397 4084 518 4159 γῆν,
544 4086 638 4138 καὶ
667 4085 974 4156 ἐσιώπησα.

464 4178 551 4232 16.
588 4176 698 4230 Καὶ
733 4176 844 4236 ἰδοὺ
867 4175 942 4238 ὼς
969 4175 1233 4246 ὁμοίωσις
1264 4175 1444 4246 χειρὸς
1492 4173 1779 4246 ἀνθρώπου
1802 4175 1978 4246 ἣψατό

400 4286 496 4343 μου
533 4268 644 4322 τῶν
670 4267 916 4338 χειλέων,
959 4266 1056 4319 καὶ
1085 4265 1273 4337 ῆνοιξα
1298 4266 1358 4319 τὸ
1388 4266 1561 4334 στόμα
1587 4283 1711 4336 μου,
1740 4266 1834 4319 atati.
1854 4266 1979 4320 ἐλά-

390 4361 551 4431 λησα,
590 4360 686 4413 καὶ
720 4355 850 4412 εἶπα
884 4359 962 4430 τῷ
996 4358 1250 4429 ἑστηκότι
1285 4356 1550 4412 ἀπέναντί
1608 4374 1733 4426 μου·
1770 4357 1974 4430 Κύριεο

395 4452 486 4505 καὶ
507 4452 583 4514 ὡς
598 4452 789 4521 ὅρασις
814 4452 1134 4523 ἐπεστράφη
1158 4450 1249 4503 ἐπὶ
1275 4449 1335 4503 τὸ
1355 4449 1583 4520 πλευρόν
1607 4466 1708 4519 μου
1737 4450 1823 4502 ἐπ’
1852 4450 1973 4521 ἐμὲ,

396 4544 485 4598 καὶ
509 4546 610 4598 οὐκ
639 4541 706 4615 ἦν
740 4544 826 4596 ἐπ’
853 4544 977 4614 ἐμοὶ
1007 4542 1181 4613 ἰσχύς.

464 4637 550 4691 17.
587 4637 698 4691 Καὶ
734 4635 851 4698 πῶς
871 4637 1160 4706 δυνήσεται
1201 4635 1229 4687 ό
1265 4636 1395 4697 παῖς
1429 4632 1659 4704 λαλῆσαι
1706 4632 1845 4702 μετὰ
1883 4633 1976 4686 τοῦ

396 4728 597 4802 Κυρίου
631 4728 828 4793 αὐτοῦ;
855 4727 961 4780 Kal
1009 4724 1119 4794 ἐγὼ
1150 4725 1448 4796 ἠσθένησα,
1492 4724 1587 4778 καὶ
1616 4725 1714 4777 οὐκ
1748 4724 1896 4789 ἔστιν
1921 4726 1978 4778 ἐν

395 4821 514 4889 ἐμοὶ
547 4820 723 4888 ἰσχὺς,
744 4818 837 4872 καὶ
866 4816 1084 4886 πνεῦμα
1111 4817 1170 4869 οὐ
1212 4815 1542 4886 κατελείφθη
1575 4818 1633 4869 ἐν
1655 4815 1799 4885 ἐμοί.

464 4910 532 4964 18
584 4910 695 4963 Καὶ
725 4907 1061 4977 προσέθηκε,
1092 4909 1185 4961 καὶ
1204 4907 1378 4978 ἣψατό
1413 4925 1516 4978 μου
1545 4907 1619 4970 ὡς
1662 4908 1850 4978 ὅρασις
1884 4906 1978 4961 άν-

398 5004 635 5076 θρώπου,
665 5004 760 5057 καὶ
790 5001 1090 5073 κατίσχυσὲ
1120 5019 1211 5073 με.

464 5095 550 5151 19.
574 5096 685 5148 Καὶ
711 5090 862 5147 εἶπέν
883 5109 993 5164 μοιτ
1021 5094 1343 5164 Ἀνθρωπος
1361 5093 1578 5164 ὲλεηνὸς
1608 5089 1679 5157 εἴ,
1697 5095 1772 5165 μὴ
1787 5092 1978 5163 φοϐοῦ,

397 5186 623 5254 ὑγίαινε.
657 5185 932 5255 ἀνδρίζου,
965 5184 1059 5239 καλ⁵
1087 5185 1240 5254 ἴσχυε
1260 5201 1274 5214 ο
1309 5183 1406 5237 καὶ
1431 5185 1487 5236 ὲν
1508 5184 1585 5254 τῷ
1627 5184 1863 5255 λαλῆσαι
1881 5186 1980 5239 αὐ-

394 5275 484 5328 τὸν
514 5276 632 5347 μετ’
660 5275 796 5347 ἐμοῦ
820 5277 1041 5346 ίσχυσα,
1074 5276 1169 5329 καὶ
1193 5271 1326 5329 εἶπα
1348 5292 1361 5305 ·
1383 5273 1689 5345 Λαλησάτω
1711 5278 1739 5330 ὁ
1780 5275 1984 5346 Κύριός

400 5383 517 5436 μου,
547 5368 630 5421 ὅτι
663 5366 913 5437 ὲνίσχυσέ
948 5384 1038 5438 με.

460 5457 546 5512 20.
579 5458 694 5512 Καὶ
714 5454 873 5511 εἶπεν
915 5458 1055 5528 πρὸς
1102 5458 1171 5529 μέ
1192 5472 1205 5487 °
1240 5454 1537 5518 Γινώσκεις
1559 5456 1611 5510 τί
1644 5450 1806 5527 ἦλθον
1848 5456 1985 5525 πρὸς

400 5550 490 5614 σέ;
530 5551 627 5606 καὶ
651 5549 748 5604 νῦν
775 5551 1090 5623 ἐπιστρέψω
1115 5549 1481 5620 διαμάχεσθαι
1515 5548 1655 5619 μετὰ
1693 5545 1788 5601 τοῦ
1820 5564 1986 5618 στρα-

396 5641 563 5711 τηγοῦ
595 5642 863 5713 βασιλέως
877 5642 986 5697 τῶν
1010 5641 1257 5711 Περσῶν.
1291 5641 1404 5696 Καὶ
1419 5639 1532 5709 ἐγὼ
1558 5637 1982 5712 ἐξεπομυόμην.

398 5729 615 5784 καίἰδοὺ
650 5731 959 5803 στρατηγὸς
994 5730 1265 5802 Ἑλλήνων
1293 5728 1699 5801 εἰσεπορεύετο.

466 5818 557 5879 21.
584 5822 691 5876 Καὶ
721 5822 864 5892 μάλά
901 5821 1164 5889 ὑποδείξω
1188 5839 1270 5875 σοι
1302 5822 1368 5876 τὰ
1396 5821 1587 5893 πρῶτα
1610 5822 1668 5875 ὲν
1690 5822 1983 5894 ἀπογραφῇ

2080 3262 2215 3317 mihi
2241 3261 2431 3331 viginti
2460 3272 2514 3316 et
2538 3275 2647 3316 uno
2668 3261 2897 3316 diebus:
2928 3270 2979 3315 et
3010 3276 3134 3315 ecce
3158 3260 3384 3315 Michael
3414 3277 3554 3316 unus
3587 3262 3654 3316 de

2078 3354 2419 3426 principibus
2440 3353 2632 3423 primis
2661 3354 2975 3422 supervenit
3003 3353 3071 3407 ad
3101 3353 3472 3408 auxiliandum
3495 3354 3651 3420 mihi,

2078 3455 2134 3503 et
2166 3446 2345 3519 ipsum
2371 3445 2447 3501 ibi
2486 3445 2682 3519 reliqui
2713 3460 2837 3500 cum
2870 3446 3007 3501 duce
3029 3446 3171 3517 regis
3210 3445 3520 3501 Persarum.

2153 3628 2242 3682 14.
2286 3628 2350 3683 Et
2381 3627 2517 3683 dixit
2547 3626 2719 3682 mihi:
2762 3626 2917 3693 Veni,
2966 3635 3027 3681 ut
3066 3626 3494 3681 demonstrarem
3531 3627 3649 3694 tibi,

2078 3716 2207 3789 quid
2239 3716 2719 3794 obvenietpppulo
2752 3726 2846 3771 tuo
2875 3716 2927 3770 in
2961 3715 3260 3771 novissimo
3288 3715 3494 3770 dierum
3515 3733 3529 3782 ;
3553 3718 3655 3773 ad-

2083 3811 2192 3866 huc
2228 3809 2372 3863 enim
2419 3809 2557 3863 visio
2592 3809 2646 3863 in
2679 3808 2817 3881 dies.

2152 3902 2239 3956 15.
2273 3901 2521 3970 Cumque
2571 3901 2687 3968 ipse
2745 3899 3062 3968 loqueretur
3106 3913 3321 3959 meeum
3394 3897 3651 3953 mandata

2078 3993 2213 4060 haec,
2251 3992 2372 4048 dedi
2401 3990 2594 4065 faciem
2630 4004 2807 4044 meam
2838 4004 3001 4060 super
3030 3997 3248 4054 terram,
3282 3999 3336 4042 et
3364 3990 3511 4044 silui.

2151 4174 2238 4229 16.
2281 4173 2348 4227 Et
2375 4187 2504 4228 ecce
2535 4172 2692 4243 quasi
2726 4172 3026 4227 similitudo
3070 4187 3266 4228 manus
3298 4172 3534 4227 hominis
3577 4184 3655 4228 te-

2078 4266 2199 4338 tigit
2225 4265 2367 4322 labia
2401 4280 2542 4326 mea,
2574 4272 2628 4319 et
2677 4264 2864 4333 aperui
2898 4279 2959 4318 os
2983 4279 3186 4330 meum,
3216 4263 3652 4332 etlocutussum,

2077 4370 2133 4417 et
2168 4358 2280 4413 dixi
2315 4360 2399 4426 ei,
2424 4358 2516 4428 qui
2544 4358 2722 4413 stabat
2746 4372 2930 4411 coram
2964 4373 3051 4413 me
3082 4376 3095 4411 :
3153 4356 3410 4423 Domine;
3459 4370 3510 4413 et
3534 4366 3655 4411 tan-

2078 4467 2242 4522 quam
2276 4450 2414 4505 visio
2437 4465 2698 4505 conversa
2720 4458 2802 4505 est
2827 4450 2881 4504 in
2912 4450 3053 4504 latus
3078 4464 3257 4505 meum
3285 4465 3449 4521 super
3474 4465 3579 4516 me,
3601 4458 3656 4504 et

2011 4547 2052 4602 D
2083 4560 2190 4600 non
2225 4542 2329 4598 fuit
2360 4544 2416 4597 in
2447 4558 2533 4596 me
2563 4540 2842 4596 fortitudo.

2156 4635 2243 4697 17,.
2288 4633 2642 4703 thuomodo
2664 4633 2866 4701 poterit
2892 4647 3082 4688 servus
3109 4631 3256 4702 loqui
3278 4647 3403 4687 cum
3425 4631 3656 4688 Domino

2082 4728 2220 4785 suo?
2247 4728 2315 4782 Et
2340 4741 2441 4795 ego
2470 4723 2666 4790 deieci,
2716 4732 2769 4778 et
2797 4740 2903 4778 non
2933 4732 3018 4779 cst
3065 4725 3121 4779 in
3160 4740 3248 4780 me
3280 4724 3566 4789 fortitudo,
3602 4734 3658 4781 et

2081 4820 2306 4890 spiritus
2331 4832 2440 4872 non
2465 4816 2685 4871 relictus
2715 4826 2797 4871 est
2831 4817 2883 4871 in
2915 4832 3022 4872 me.

2154 4909 2241 4964 18.
2283 4908 2349 4973 Et
2379 4908 2653 4979 apposuit,
2680 4914 2735 4964 et
2757 4909 2930 4979 tetigit
2950 4924 3037 4965 me
3057 4908 3215 4982 quasi
3238 4908 3378 4966 visio
3395 4908 3653 4974 hominis,

2081 5012 2134 5058 et
2157 5001 2483 5057 confortavit
2510 5015 2613 5054 me.

2153 5091 2242 5161 19.
2284 5090 2662 5156 Etdixitmihi
2686 5106 2700 5142 :
2728 5088 2909 5159 Homo
2934 5090 3322 5160 misericordiae
3365 5106 3446 5159 es,
3469 5106 3537 5146 ne
3577 5090 3658 5145 ti-

2083 5182 2437 5247 measzvale,
2490 5181 2719 5237 viriliter
2749 5196 2868 5252 age,
2925 5190 2979 5236 et
3028 5180 3360 5251 confortare.
3411 5179 3659 5253 Cumque

2084 5274 2401 5342 loqueretur
2428 5273 2546 5343 ipse
2577 5288 2812 5339 mecum,
2865 5272 3208 5328 confortatus
3253 5289 3397 5340 sum,
3433 5283 3487 5330 et
3514 5274 3657 5331 dixi:

2084 5364 2364 5434 Loquatur
2392 5363 2655 5427 Dominus
2686 5379 2859 5430 meus,
2888 5365 3036 5434 quia”
3056 5363 3384 5421 confortavit
3409 5382 3515 5421 me.

2153 5455 2244 5508 ΞΟ.
2289 5452 2356 5508 Ει
2387 5455 2522 5509 dixit
2554 5454 2622 5508 ad
2654 5469 2741 5508 me
2768 5472 2782 5510 :
2814 5452 3111 5525 Cognoscis
3129 5470 3301 5525 quare
3325 5456 3565 5511 venerim
3594 5457 3660 5510 ad

2084 5548 2170 5607 te?
2197 5547 2262 5603 Et
2294 5563 2441 5604 nunc
2473 5554 2713 5611 revertar
2741 5546 2808 5602 ad
2834 5548 3183 5619 pugnandum
3211 5563 3336 5604 cum
3360 5548 3497 5604 duce
3521 5549 3660 5616 regis

2085 5639 2396 5696 Persarum.
2433 5638 2501 5695 Et
2530 5652 2633 5711 ego
2660 5638 2805 5695 exivi
2834 5678 2849 5705 ,
2928 5649 2983 5695 et
3013 5654 3141 5697 ecce
3197 5639 3310 5699 dux
3347 5639 3669 5711 Graecorum

2086 5729 2352 5787 introivit.

2165 5822 2253 5877 21.
2298 5820 2363 5876 Et
2389 5836 2517 5878 sane
2544 5821 2826 5877 ostendam
2871 5820 2968 5878 tibi
2999 5822 3270 5893 praecipua
3308 5821 3360 5877 in
3390 5818 3663 5890 scriptura
