4122 6320
355 366 496 422 2323'

1784 369 2012 426 CAPUT
2055 373 2146 428 XI.

3456 383 3596 439 2826

356 477 474 547 ράν,
508 476 600 528 καὶ
631 476 682 528 οἰ
702 476 983 548 βραχίονες
1019 478 1281 549 βασιλέως
1314 479 1589 548 Αἰγύπτου
1638 481 1922 550 στήσονται

2031 487 2171 556 regis
2206 485 2423 558 zEgj-pti
2453 489 2674 544 stalmnt
2703 505 2825 543 eum
2852 491 3189 560 principibus
3237 495 3373 561 suis,
3403 503 3457 550 et
3485 509 3594 550 non

357 566 494 635 μετά
524 566 632 619 τῶν
661 567 934 622 δυναστῶν
965 569 1153 636 αὑτοῦ,
1185 570 1278 623 καὶ
1307 571 1407 625 οὑκ
1423 569 1571 624 ἔσται
1593 571 1740 643 αὐτῷ
1772 574 1924 643 ἰσχὺς

353 659 433 719 εἰς
456 655 518 708 τὸ
541 657 862 728 ἀντιστῆναι
891 658 1059 729 αὐτῷ.

428 746 511 802 16.
545 747 658 802 Καὶ
685 751 902 822 ποιήσει
930 751 959 802 ὁ
988 751 1437 822 εἰσπορευόμενος
1476 755 1563 807 ἐπ’
1584 754 1744 808 αὑτὸν
1785 753 1926 807 κατὰ

353 836 413 890 rb
441 835 651 906 θέλημα
673 837 860 903 αὑτοῦ,
894 838 989 892 καὶ
1021 838 1120 892 οὐκ
1146 839 1295 893 ἔσται
1335 842 1365 893 ὁ
1393 841 1740 914 ἀνθεστηκὼς
1774 847 1925 897 ἐναν-

353 928 462 980 τίον
489 928 686 981 αὑτοῦ·
722 928 816 982 καὶ
847 931 1103 998 στήσεται
1147 933 1204 984 ἐν
1237 933 1304 1002 τῇ
1329 931 1516 1003 χώρᾳ,
1554 935 1646 987 καὶ
1686 935 1926 988 ἐπιτελε-

355 1017 610 1087 σθήσεται
635 1018 809 1071 πάντα
833 1018 901 1072 τὰ
928 1020 987 1072 ἐν
1008 1022 1126 1084 ταῖς
1159 1020 1347 1090 χερσὶν
1380 1021 1570 1076 αὑτοῦ.

419 1110 507 1163 17.
535 1110 645 1163 Kal
672 1109 834 1163 δώσει
862 1110 922 1163 τὸ
943 1111 1235 1183 πρόσωπον
1268 1111 1431 1166 αὑτοῦ
1464 1112 1710 1166 ἐπελθεῖν
1735 1113 1826 1185 βία
1863 1117 1924 1171 τὸ

353 1200 509 1271 ἔργον
556 1201 746 1268 αὐτοῦ,
805 1204 900 1256 καὶ
946 1203 1221 1275 συνθήκας
1252 1208 1371 1274 μετ’
1403 1205 1566 1260 αὑτοῦ
1600 1208 1920 1277 ποιήσεται·

353 1292 442 1346 καὶ
475 1291 748 1364 θυγατέρα
784 1293 1073 1365 ἀνθρώπου
1121 1295 1282 1350 δώσει
1321 1297 1471 1370 αὐτῷ
1504 1301 1583 1362 εἰς
1615 1299 1676 1352 τὸ
1704 1300 1924 1372 φθεῖραι

351 1386 536 1456 αὐτὴν,
560 1387 654 1439 καὶ
687 1387 749 1440 οὐ
775 1387 1043 1452 πείσεται,
1083 1389 1178 1441 καὶ¹
1197 1389 1298 1443 οὐκ
1321 1390 1494 1443 ἔσται.

420 1477 505 1531 18.
537 1477 649 1530 Kal
677 1477 835 1530 δώσει
861 1479 922 1532 τὸ
958 1480 1250 1549 πρόσωπον
1277 1480 1444 1534 αὐτοϋ
1467 1482 1561 1534 ἐπὶ
1584 1481 1683 1552 τὴν
1718 1481 1922 1536 θάλασ-

352 1585 468 1633 σαν,
493 1569 585 1621 καὶ
612 1567 846 1638 λήψεται
870 1570 1120 1637 πολλοὺς,
1148 1570 1241 1624 καὶ
1263 1573 1576 1642 ἐπιστρέψει
1601 1573 1770 1644 ὀργὴν
1788 1573 1924 1627 ὀνει-

349 1657 536 1726 δισμοῦ
567 1657 747 1711 αὐτῶν
777 1661 835 1712 ἐν
857 1661 1006 1732 ὅρκῳ
1043 1661 1184 1715 κατά
1218 1664 1307 1715 τὸν
1334 1663 1636 1733 ὀνειδισμὸν
1664 1663 1850 1717 αὐτοῦ.

418 1751 502 1807 19.
556 1750 910 1822 Ἐπιστρέψει
947 1752 1010 1805 τὸ
1045 1753 1337 1824 πρόσωπον
1374 1751 1540 1807 αὑτοῦ
1585 1755 1664 1817 εἰς
1691 1754 1752 1808 τὸ
1788 1771 1922 1808 κατ-

2027 591 2186 636 erunt
2218 580 2268 634 ei
2305 581 2448 636 vires
2476 580 2540 635 ad
2573 583 2934 637 resistendum
2965 584 3038 638 ei.

2097 742 2181 795 16.
2227 742 2290 794 Et
2323 741 2510 809 faciet,
2530 744 2624 813 qui
2661 745 2960 815 ingreditur
2984 747 3248 804 adversus
3273 764 3422 815 eum,
3441 749 3590 818 juxta

2026 835 2356 888 voluntatem
2412 851 2594 900 suam,
2638 845 2692 890 et
2722 853 2826 890 non
2854 839 2980 901 erit,
3014 837 3108 908 qui
3151 837 3374 893 resistat
3409 851 3594 892 coram

2025 938 2089 978 eo
2117 940 2130 976 :
2167 931 2220 977 et
2249 924 2414 978 stabit
2448 925 2501 978 in
2545 925 2788 995 regione,
2808 928 3228 995 ctperficientur
3258 928 3598 998 omnia,un

2026 1014 2080 1068 in
2109 1016 2361 1070 manibus
2391 1016 2510 1086 ejus
2536 1027 2685 1072 sunt.
2838 1051 2873 1082 λ

2098 1105 2182 1158 17.
2227 1104 2294 1160 Ει
2332 1107 2483 1162 dabit
2508 1107 2695 1163 faciem
2726 1125 2904 1176 suam,
2944 1123 3000 1166 ut
3035 1114 3215 1167 veniat
3269 1129 3364 1183 per
3396 1114 3502 1168 vim
3529 1114 3596 1168 ad

2024 1212 2161 1266 opus
2200 1212 2381 1260 suum,
2414 1209 2467 1253 et
2495 1198 2696 1255 fmdcra
2724 1217 2848 1255 cum
2889 1218 2953 1257 co
2986 1203 3165 1266 faciet,
3205 1214 3258 1260 et
3299 1204 3463 1259 filiam
3499 1205 3598 1259 ho-

2025 1288 2189 1342 minis
2221 1287 2371 1343 dabit
2399 1290 2447 1344 ei
2484 1289 2549 1344 ad
2587 1292 2912 1360 perdendam
2951 1309 3110 1361 eam;
3148 1305 3202 1352 et
3235 1311 3342 1351 non
3371 1311 3600 1366 persua-

2024 1381 2191 1448 debit,
2221 1389 2276 1435 et
2302 1395 2406 1436 non
2436 1382 2560 1436 erit.

2096 1471 2183 1526 18.
2226 1471 2291 1527 Ει
2325 1472 2474 1530 dabit
2501 1473 2691 1530 faciem
2728 1492 2885 1530 suam
2921 1493 3086 1547 super
3126 1494 3296 1542 mare,
3339 1487 3392 1533 et
3422 1482 3598 1549 capiet

2025 1564 2242 1629 multos,
2266 1574 2323 1620 et
2353 1574 2632 1624 convertet
2659 1568 2794 1624 iram
2819 1570 3097 1639 opprobrii
3135 1586 3324 1626 eorum
3351 1573 3405 1627 in
3434 1572 3594 1644 jure-

2019 1657 2255 1725 jnrando
2280 1659 2580 1713 secundum
2611 1660 2961 1730 opprobrium
2988 1676 3148 1718 suum

2096 1747 2182 1802 l9.
2225 1747 2514 1805 Convertet
2577 1750 2771 1807 faciem
2821 1769 2976 1808 suam
3029 1753 3094 1808 ad
3135 1756 3596 1812 corroborandam

353 1840 564 1913 ισχύσαι
592 1840 692 1912 τὴν
720 1841 905 1913 χώραν
925 1842 1115 1909 αὑτοῦ,
1139 1843 1235 1896 καὶ
1272 1843 1594 1914 προσκόψει,
1620 1846 1714 1898 καὶ
1737 1849 1922 1899 πεσεῖ-

2026 1839 2298 1910 regionem
2333 1856 2512 1907 suam,
2549 1852 2600 1899 et
2628 1841 2880 1909 offendet,
2940 1855 2994 1901 et
3056 1847 3229 1915 cadet,
3279 1855 3332 1902 et
3378 1862 3484 1903 non
3515 1849 3596 1903 in-

348 1950 454 1997 ται,
491 1933 586 1986 καὶ
620 1934 720 2004 οὐχ
749 1933 1128 2005 εὑρεθήσεται.

414 2027 504 2082 20.
536 2026 645 2080 Καὶ
668 2026 1040 2096 ἀναστήσεται
1089 2029 1155 2080 ἐκ
1195 2027 1294 2098 τῆς
1337 2026 1498 2100 ῥίζης
1541 2027 1710 2082 αὑτοῦ
1757 2029 1924 2098 φυτὸν

350 2117 622 2189 βασιλείας
655 2119 735 2183 εἰς
769 2118 1102 2186 ἀνάστασιν,
1144 2119 1287 2191 ἀνὴρ
1340 2119 1558 2174 τύπτων
1587 2120 1744 2185 δόξαν
1771 2119 1913 2190 βασι-

346 2211 497 2275 λέως.

411 2302 498 2357 2|.
530 2303 640 2356 Καὶ
681 2304 740 2355 ἐν
787 2303 1024 2374 ἡμέραις
1065 2303 1326 2374 ἐσχάταις
1356 2301 1797 2373 συντριϐήσεται,
1829 2301 1924 2356 καὶ

342 2396 441 2448 οὐκ
477 2395 534 2446 ἐν
559 2395 722 2465 ὀργῇ,
745 2394 867 2446 οὐδὲ
895 2395 952 2446 ἐν
985 2393 1227 2465 πολέμῳ⁶
1268 2396 1362 2448 καὶ
1415 2395 1779 2465 ἀναστήσεται
1829 2396 1924 2449 ἐπὶ

344 2485 429 2540 τὸν
465 2484 630 2540 τόπον
664 2484 828 2538 αὐτοῦ
872 2485 1345 2556 εὐκαταφρόνητος
1367 2527 1386 2551 ,
1425 2485 1520 2537 καὶ
1543 2485 1602 2537 οὐ
1637 2484 1920 2556 δοθήσεται

343 2575 424 2629 ἐπ’
450 2575 614 2630 αὐτὸν
635 2573 764 2640 δόξα
805 2575 1090 2644 βασιλέως,
1113 2576 1206 2628 καὶ
1229 2573 1347 2646 ἥξει
1378 2574 1634 2640 ἐξάπιναι
1662 2575 1920 2646 κατισχύ-

344 2685 422 2722 σει
447 2667 702 2739 βασιλεὺς
735 2671 793 2722 ἐν
834 2667 1159 2740 κληροδοσίᾳ
1197 2667 1384 2725 αὑτοῦ.

404 2761 497 2816 22.
519 2763 629 2816 Kal
656 2762 782 2825 τοὺς
812 2761 1106 2833 βραχίονας
1126 2764 1254 2826 τοὺς
1277 2781 1403 2817 συντ
1415 2763 1662 2834 ριόέντας
1695 2763 1916 2834 συντρί-

340 2855 425 2924 ψει
451 2854 559 2907 ἀπὸ
589 2853 890 2924 προσώπου
911 2852 1100 2908 αὑτοῦ.

404 2948 495 3002 23.
524 2947 636 3000 Kal
661 2947 806 3017 μετά
831 2947 932 3017 τῆς
961 2946 1252 3018 διαθήκης,
1278 2948 1378 3001 καλ⁸
1419 2947 1590 3019 δήμου
1625 2947 1918 3016 συνταγέν-

338 3058 425 3104 τος
451 3040 566 3110 μετ’
593 3038 785 3105 αὐτοῦ,
819 3041 1036 3111 ποιήσει
1056 3038 1273 3110 ψεῦδος,
1308 3040 1401 3093 καὶ
1435 3041 1530 3094 ἐπὶ
1559 3039 1716 3103 ἔθνος
1768 3043 1915 3110 ἰσχυ-

340 3133 430 3204 ρὸν
457 3133 514 3186 ἐν
545 3129 812 3201 ὀλιγοστῷ
833 3129 998 3184 ἔθνει.

402 3223 494 3279 24.
535 3222 798 3287 Ἐξάπινα
823 3220 1104 3293 ἐρημώσει
1126 3221 1301 3284 πόλιν,
1334 3222 1428 3276 καὶ
1449 3223 1668 3294 ποιήσει
1697 3223 1796 3277 ὅσα
1819 3223 1922 3277 οὐκ

340 3313 601 3384 ἐποίησαν
654 3314 704 3366 οι
763 3313 1000 3384 πατέρες
1037 3313 1226 3379 αὐτοῦ,
1267 3313 1387 3367 οὐδὲ
1433 3316 1484 3368 οἰ
1523 3314 1761 3387 πατέρες
1813 3315 1921 3372 τῶν

339 3406 588 3477 πατέρων
619 3403 785 3458 αὐτοῦ
807 3421 822 3435 ·
866 3405 1144 3476 προνομὴν
1193 3405 1286 3459 καὶ
1321 3405 1494 3460 σκῦλα
1539 3407 1635 3461 καὶ
1661 3409 1922 3478 χρήματα

340 3499 522 3562 αὐτοῖς
557 3497 742 3562 δώσει,
773 3497 872 3552 καὶ
892 3497 989 3551 ἐπὶ
1015 3498 1114 3570 τήν
1145 3497 1300 3552 πόλιν
1329 3500 1429 3568 τὴν
1458 3499 1684 3570 ἰσχυρὰν
1707 3499 1922 3571 διανοη-

342 3592 581 3663 θήσεται,
615 3593 711 3645 καὶ
733 3591 784 3644 οἰ
808 3591 1064 3661 λογισμοὶ
1091 3590 1261 3645 αὐτοῦ
1293 3591 1377 3654 εἰς
1402 3591 1602 3662 μάτην.

404 3683 496 3738 25.
525 3682 637 3736 Kal
670 3681 1029 3752 ἐγερθήσεται
1063 3685 1095 3753 ἡ
1127 3683 1282 3753 ἰσχὺς
1312 3682 1499 3748 αὐτοῦ,
1532 3685 1627 3736 καὶ
1659 3687 1691 3754 ή
1723 3685 1920 3755 καρδία

342 3773 504 3828 αὑτοῦ
531 3776 623 3826 ἐπὶ
648 3774 740 3827 τὸν
770 3772 999 3843 βασιλέα
1020 3773 1300 3842 Αἰγύπτου
1330 3774 1390 3828 ἐν
1425 3774 1568 3845 ὄχλῳ
1597 3775 1798 3846 πολλῷ,
1826 3778 1922 3830 καὶ

342 3869 370 3922 ό
409 3866 665 3938 βασιλεὺς
703 3866 980 3936 Αἰγύπτου
1016 3865 1423 3938 ἐρεθισθήσεται
1461 3869 1541 3931 εἰς
1591 3867 1828 3938 πόλεμον
1862 3869 1921 3921 ἐν

344 3959 480 4029 δχλῳ
522 3956 729 4029 ἰσχυρῷ
763 3957 968 4029 σφόδρα
996 3957 1142 4024 λίαν,
1169 3959 1265 4013 καὶ
1295 3960 1356 4012 οὐ
1389 3962 1672 4032 στήσεται,
1700 3961 1784 4015 ὅτι
1807 3960 1924 4014 δια-

342 4048 662 4121 νοηθήσεται
696 4049 784 4101 ἐπ’
815 4047 977 4103 αὐτὸν
1000 4047 1232 4103 διάνοια.

406 4139 494 4196 2‘3.
519 4140 632 4194 Kal
663 4138 1142 4194 καταναλώσουσιν
1197 4139 1360 4192 αὑτὸν
1412 4140 1676 4212 μέριμναι
1727 4143 1920 4208 αὐτοῦ,

345 4235 434 4288 καὶ
462 4232 902 4306 ἀποστρέψουσιν
941 4232 1142 4298 αὑτὸν,
1189 4232 1284 4285 καὶ
1320 4231 1786 4302 παρελεύσονται,
1828 4236 1923 4290 καὶ

343 4327 684 4396 καταωριεῖ,
708 4325 802 4379 καὶ¹
839 4323 1134 4377 πεσοῦνται
1168 4324 1504 4397 τραυματίαι
1535 4324 1742 4381 πολλοί.

405 4417 495 4472 27.
524 4418 636 4471 Καὶ
663 4415 758 4470 δύο
809 4415 1052 4486 βασιλεῖς
1087 4416 1238 4488 μόνοι
1291 4417 1673 4486 δειπνήσουσιν
1711 4420 1804 4472 ἐπὶ
1861 4419 1922 4473 τὸ

2025 1931 2292 1986 venietur.

2094 2021 2184 2076 20.
2229 2022 2292 2076 Et
2328 2035 2514 2092 surget
2543 2025 2610 2079 de
2635 2026 2816 2081 radice
2845 2027 2964 2097 ejus
2998 2029 3183 2096 planta
3214 2028 3364 2098 regni
3407 2028 3473 2083 ad
3513 2045 3597 2084 re-

2023 2115 2404 2179 staurandum,
2436 2116 2516 2170 vir
2549 2119 2860 2186 percutiens
2887 2118 3116 2189 gloriam
3148 2121 3311 2192 regis.

2089 2292 2179 2347 2|.
2220 2293 2285 2347 Et
2311 2295 2362 2348 in
2389 2295 2583 2351 diebus
2619 2299 2933 2355 novissimis
2964 2311 3292 2365 conteretur.
3318 2312 3370 2356 et
3406 2319 3512 2358 non
3541 2305 3592 2357 in

2022 2381 2125 2447 ira,
2152 2398 2330 2454 neque
2373 2384 2427 2438 in
2470 2385 2633 2441 bello.
2691 2387 2757 2442 Et
2783 2400 2972 2460 surget
3023 2405 3190 2461 super
3251 2393 3428 2448 locum
3476 2395 3597 2464 ejus

2019 2474 2462 2544 contemptibilis,
2523 2485 2578 2532 et
2624 2493 2732 2533 non
2769 2479 2988 2537 dabitur
3037 2498 3203 2552 super
3255 2499 3379 2539 eum
3423 2486 3596 2555 gloria

2019 2566 2182 2636 regis,
2217 2575 2274 2622 et
2303 2569 2483 2624 veniet
2510 2579 2734 2641 repente
2758 2589 2773 2638 ;
2807 2574 3257 2630 corroborabitur
3281 2590 3377 2631 rex
3401 2576 3456 2632 in
3486 2577 3598 2633 hae-

2018 2659 2249 2713 reditate
2275 2673 2397 2714 sua.

2084 2751 2175 2805 ετ.
2220 2750 2284 2807 Ει
2313 2752 2558 2822 brachia,
2581 2772 2704 2827 quas
2733 2759 2964 2815 contrita
2995 2770 3141 2827 sunt,
3183 2771 3423 2818 conteret
3454 2779 3484 2818 a
3519 2762 3599 2818 fa»

2013 2844 2097 2898 cie
2134 2858 2252 2900 sua.

2083 2935 2176 2988 23.
2217 2935 2283 2991 Et
2311 2953 2435 2992 cum
2474 2947 2820 3005 testamento,
2873 2950 2928 2996 et
2991 2943 3194 3013 populo
3247 2959 3430 3000 secum
3460 2958 3599 3000 con-

2011 3027 2225 3097 juneto,
2257 3027 2417 3084 faciet
2444 3029 2630 3085 dolum
2679 3050 2691 3084 :
2741 3039 2795 3086 et
2828 3040 3014 3088 contra
3059 3044 3274 3104 gentem
3315 3033 3506 3091 fortem
3544 3037 3596 3090 in

1943 3165 1988 3225 ο
2018 3118 2352 3188 paucissima
2393 3130 2574 3188 gente.

2090 3210 2182 3263 24.
2226 3209 2419 3263 Statim
2463 3211 2768 3266 devastabit
2824 3213 3120 3280 civitatem,
3161 3226 3215 3272 et
3256 3214 3436 3283 faciet,
3477 3234 3598 3288 qua:

2021 3317 2127 3356 non
2155 3299 2402 3356 fecerunt
2421 3310 2603 3371 patres
2629 3303 2770 3371 ejus,
2805 3319 2980 3374 neque
3010 3315 3193 3375 patres
3222 3318 3435 3377 patrum
3455 3310 3595 3380 ejus:

2019 3389 2501 3460 depraedationem,
2530 3399 2583 3445 et
2606 3391 2799 3461 spolia,
2844 3400 2898 3447 et
2927 3395 3187 3463 pecunias
3219 3397 3300 3453 eis
3342 3397 3512 3464 dabit,
3545 3411 3600 3457 et

2019 3496 2183 3551 super
2208 3481 2397 3535 urbem
2430 3481 2625 3537 fortem
2661 3484 2917 3554 cogitabit
2945 3502 2960 3552 ;
2987 3485 3081 3540 sed
3105 3486 3462 3560 cogitationes
3479 3490 3598 3562 ejus

2021 3589 2074 3627 111
2107 3586 2330 3625 vanum.

2089 3662 2177 3718 25.
2223 3662 2288 3717 Et
2313 3663 2641 3719 excitabitur
2675 3665 2936 3723 fortitudo
2965 3667 3106 3739 ejus,
3139 3681 3192 3725 et
3221 3685 3318 3726 cor
3345 3671 3466 3741 ejus
3501 3688 3596 3729 su-

2022 3770 2117 3825 per
2140 3769 2322 3826 regem
2353 3753 2576 3828 )Egyptl
2605 3757 2658 3812 in
2693 3761 2851 3814 turba
2887 3761 3058 3816 multa
3093 3779 3105 3816 :
3142 3772 3196 3818 et
3241 3778 3337 3820 rex
3375 3763 3595 3836 Egypti

2019 3848 2404 3917 pravocabitur
2435 3849 2501 3903 ad
2532 3848 2734 3903 bellum
2778 3850 2834 3906 in
2880 3852 3231 3911 multitudine
3271 3854 3398 3910 forti
3439 3857 3598 3912 valde

2023 3938 2219 3992 nimis:
2262 3947 2316 3993 et
2353 3953 2462 3995 non
2487 3939 2673 4004 stabit,
2699 3939 2826 4009 quia
2856 3943 3255 4013 excogitabitur
3285 3961 3450 4017 super
3472 3963 3594 4005 eum

2021 4027 2330 4082 consilium.

2091 4117 2184 4172 26.
2227 4118 2292 4173 Et
2339 4127 2660 4174 consument
2711 4135 2834 4174 eum
2893 4121 3290 4181 sollicitudines
3340 4127 3482 4198 ejus,
3545 4138 3598 4184 et

2023 4218 2270 4265 avertent
2295 4225 2442 4277 eum,
2493 4220 2547 4265 et
2583 4212 2915 4278 transibunt,
2955 4223 3010 4270 et
3040 4215 3270 4273 buccina
3331 4228 3512 4285 canet,
3544 4231 3599 4278 et

2024 4304 2220 4360 cadent
2246 4305 2517 4360 vulnerati
2553 4306 2732 4362 multi.

2095 4397 2183 4452 27.
2226 4397 2292 4452 Et
2313 4398 2420 4453 duo
2452 4414 2606 4471 reges
2655 4399 2756 4455 soli
2809 4401 3246 4459 convivabuntur
3291 4409 3511 4477 pariter,
3544 4421 3598 4465 et

343 4509 490 4575 αὐτὸ,
507 4508 604 4562 καὶ
620 4509 710 4562 ἐπὶ
731 4510 859 4579 μιᾶς
875 4508 1156 4580 τραπέζης
1181 4508 1471 4579 φάγονται,
1488 4508 1582 4561 καὶ
1602 4508 1922 4582 ψευδολογή-

2027 4503 2190 4561 super
2211 4504 2375 4545 unam
2409 4505 2655 4545 mensam
2687 4493 3004 4560 comedent,
3055 4504 3109 4550 et
3148 4498 3478 4554 mendaciter
3502 4501 3598 4555 lo-

344 4616 513 4662 σουσι.
555 4598 650 4652 καὶ
673 4599 775 4652 οὐκ
800 4597 1227 4670 εὐοδωθήσονται
1247 4614 1260 4628 ο
1289 4597 1370 4651 ἔτι
1396 4597 1506 4671 γὰρ
1538 4599 1818 4653 συντέλεια
1843 4601 1923 4663 εἰς

345 4691 547 4762 καιρόν.

409 4781 498 4836 28.
531 4783 641 4836 Kal
679 4781 1002 4852 ἐπιστρέψει
1027 4782 1108 4846 εἰς
1135 4781 1232 4852 τὴν
1273 4780 1458 4852 χώραν
1502 4781 1666 4836 αὐτοῦ
1701 4784 1758 4836 ἐν
1789 4784 1926 4855 χρή-

351 4890 478 4941 μασι
518 4872 758 4939 πολλοῖς,
786 4875 934 4945 καὶὴ
965 4872 1164 4944 καρδία
1192 4872 1357 4927 αὑτοῦ
1388 4875 1481 4927 ἐπὶ
1511 4875 1612 4947 τὴν
1655 4875 1922 4947 διαθήκην

347 4963 438 5016 τοῦ
475 4964 653 5033 ἁγίου·
690 4967 905 5036 ποιήσει
933 5003 949 5030 ,
978 4965 1075 5019 καὶ
1123 4965 1444 5037 ἐπιστρέψει
1490 4967 1584 5021 ἐπὶ
1610 4967 1710 5039 τὴν
1741 4966 1924 5040 χώραν

348 5055 531 5112 αὐτοῦ.

415 5147 502 5202 29.
536 5150 630 5212 Εἰς
669 5148 858 5219 καιρδν
889 5150 956 5217 Ἀ(
993 5147 1311 5219 ἐπιστρέψει
1335 5147 1392 5219 /.
1428 5150 1524 5203 καὶ
1552 5150 1925 5207 εἰσελεύσεται

339 5240 428 5300 εἰς
468 5240 784 5309 Αἴγυπτον,
831 5239 925 5294 καὶ
975 5240 1076 5294 οὐκ
1105 5239 1262 5294 ἔσται
1308 5239 1385 5304 ὡς
1434 5242 1466 5311 ή
1518 5240 1712 5313 πρώτη
1765 5244 1925 5314 καὶὴ

352 5333 570 5404 ἐσχάτη.

418 5424 506 5479 30.
535 5426 644 5478 Καὶ
699 5425 889 5495 ἥξουσι
932 5425 1214 5498 Ῥωμαῖοι,
1265 5425 1358 5479 καὶ
1398 5424 1693 5511 ἐξώσουσιν
1727 5427 1923 5492 αὐτὸν,

353 5557 440 5607 καὶ
474 5556 908 5628 ἐμὸριμήσονται
936 5556 1087 5627 αὐτῷ
1119 5571 1180 5613 -ι-
1211 5556 1304 5610 καὶ
1335 5541 1686 5627 ἐπιστρέψει,
1715 5559 1807 5612 καὶ
1835 5560 1923 5629 ὀρ-

350 5647 666 5717 γισθήσεται
690 5649 746 5717 /.
777 5649 870 5701 ἐπὶ⁵
900 5649 1001 5719 τὴν
1031 5648 1296 5720 διαθήκην
1320 5647 1416 5702 τοῦ
1448 5649 1624 5716 ἀγίου,
1653 5651 1747 5704 καὶ
1774 5651 1923 5721 ποιή-

353 5754 451 5800 σει,
487 5739 581 5793 καὶ
615 5739 968 5810 ἐπιστρέψει,
1020 5740 1112 5793 καὶ
1144 5739 1562 5810 διανοηθήσεται
1596 5741 1682 5793 ἐπ’
1703 5742 1921 5808 αὐτοὺς,

349 5827 465 5883 ἀνθ’
491 5823 565 5884 ὧν
601 5830 962 5900 ἐγκατέλιπον
987 5831 1083 5904 τὴν
1115 5831 1381 5903 διαθήκην
1415 5833 1508 5886 τοῦ
1546 5833 1720 5902 ἁγίου.

2024 4591 2280 4654 quentur,
2308 4592 2362 4638 et
2395 4599 2501 4638 non
2533 4585 3038 4655 prosperabuntur:
3082 4587 3262 4646 adhuc
3299 4591 3441 4646 enim
3473 4609 3596 4648 con-

2024 4675 2322 4733 summatio
2341 4676 2408 4732 ad
2429 4685 2665 4748 tempus.

2094 4763 2186 4818 28.
2229 4764 2294 4819 Et
2320 4777 2620 4822 revertetur
2648 4768 2700 4822 in
2763 4769 3038 4839 regionem
3071 4785 3226 4826 suam
3286 4773 3340 4826 in
3403 4774 3597 4845 opibus

2027 4858 2234 4925 multis,
2269 4868 2324 4913 et
2349 4873 2445 4914 cor
2481 4859 2602 4930 ejus
2638 4876 2800 4932 super
2839 4871 3228 4920 testamentum
3269 4867 3480 4935 sancti;
3517 4867 3598 4925 fa-

2026 4951 2151 5015 ciet,
2177 4959 2230 5005 et
2264 4960 2563 5007 revertetur
2583 4952 2638 5008 in
2662 4956 2936 5027 regionem
2968 4973 3145 5014 suam.

2094 5132 2184 5188 29.
2225 5134 2305 5188 Ad
2332 5143 2547 5205 tempus
2584 5147 2884 5194 revertetur
2903 5148 2956 5194 et
2992 5140 3395 5210 ingredieturin
3431 5142 3599 5220 JEgy-

2026 5234 2176 5295 ptum
2204 5241 2217 5276 :
2245 5233 2297 5279 et
2319 5241 2424 5280 non
2455 5236 2617 5283 erunt
2639 5229 2781 5284 sicut
2810 5231 2991 5300 priora
3021 5232 3182 5287 etiam
3210 5234 3529 5295 novissima.

2095 5404 2183 5459 '50.
2227 5403 2290 5458 Et
2319 5405 2536 5459 venient
2558 5403 2812 5471 Romani,
2840 5417 2894 5461 et
2918 5409 3187 5479 expellent
3211 5426 3359 5475 eum.
3390 5423 3442 5469 et
3464 5417 3605 5470 acri-

2028 5505 2107 5551 ter
2167 5495 2651 5551 comminabuntur
2699 5497 2770 5563 ei,
2799 5507 2854 5553 et
2883 5510 3205 5570 revertetur,
3243 5515 3296 5561 et
3349 5506 3602 5577 indigna-

2025 5586 2172 5642 bitur
2200 5600 2363 5656 super
2392 5594 2774 5644 testamentum
2810 5592 3006 5658 sancti,
3031 5603 3085 5650 et
3118 5593 3277 5652 faciet
3301 5616 3314 5652 :
3340 5607 3394 5653 et
3421 5614 3604 5656 rever-

2028 5685 2190 5741 tetur,
2230 5685 2286 5733 et
2315 5677 2573 5748 cogitabit
2600 5695 2764 5752 super
2786 5697 2902 5751 eos,
2937 5699 3003 5741 oo
3019 5687 3164 5756 quod
3199 5690 3601 5760 dereliquerunt

2027 5775 2408 5825 testamentum
2441 5769 2634 5824 sancti.
