4122 6320
435 361 571 439 2827

430 677 893 735 abominationem
932 682 1307 740 desolationis.

498 771 586 828 52.
632 772 696 828 Et
731 774 784 828 in
835 774 1067 844 peccatis
1119 778 1428 831 testamenti
1486 775 1727 847 polluent
1773 780 1822 833 in
1865 783 2003 836 duro

428 868 627 935 populo
662 887 675 920 :
710 877 763 922 et
800 867 1032 938 populus
1070 869 1249 929 sciens
1300 869 1434 932 hac,
1496 869 1895 929 eoufortabitur
1952 886 2004 930 et

427 955 609 1010 faciet.

497 1045 584 1097 55.
632 1046 691 1098 Et
720 1047 1012 1115 prudentes
1046 1046 1112 1100 de
1147 1053 1305 1116 gente
1340 1050 1636 1120 intelligent
1685 1053 1737 1106 in
1774 1055 1999 1118 multoS,

423 1146 477 1189 et
509 1136 808 1207 impingent
841 1137 1042 1207 gladio,
1071 1146 1124 1192 et
1169 1139 1567 1197 inveterascent
1620 1144 1672 1197 in
1711 1160 1797 1210 eo,
1828 1153 1882 1199 et
1945 1147 1996 1199 in

422 1229 753 1300 captivitate,
809 1241 862 1285 et
909 1232 961 1284 in
1013 1231 1312 1289 directione
1366 1233 1576 1290 dierum
1641 1238 1995 1291 maculabun-

425 1335 531 1375 tur.

497 1413 587 1467 34.
625 1413 876 1486 Cumque
906 1417 1085 1472 afflicti
1134 1416 1356 1481 fuerint,
1399 1421 1806 1489 congregabunt
1853 1421 1996 1476 vires

422 1505 680 1573 exiguas:
716 1517 769 1559 et
793 1509 1226 1578 aggregabuntur
1265 1512 1330 1563 ad
1365 1525 1458 1564 cos
1491 1511 1642 1564 multi
1677 1511 1728 1565 in
1757 1513 1992 1580 civitate,

422 1607 474 1652 et
502 1597 654 1651 multi
718 1609 973 1668 tanquam
1001 1601 1055 1654 in
1086 1605 1321 1671 partium
1355 1602 1640 1658 divisione.

494 1690 582 1743 55.
630 1689 691 1744 Et
729 1691 794 1745 de
823 1692 1249 1762 intelligentibns
1279 1697 1595 1765 cogitabunt
1619 1698 1684 1752 ad
1721 1699 1991 1754 mundan-

421 1780 550 1833 dum
576 1783 805 1851 seipsos,
842 1791 895 1838 et
926 1793 981 1836 ut
1009 1785 1328 1854 seligantnr,
1358 1796 1411 1840 ct
1443 1789 1797 1856 purificentur
1822 1807 1992 1860 usque

1705 386 1956 442 DANth
1989 383 2207 441 JUXTA
2248 392 2409 448 LXX.

501 495 558 548 5t
632 494 696 548 Et
725 496 944 552 brachia
992 514 1052 553 ex
1093 514 1156 554 eo
1211 503 1454 562 stabunt.
1495 510 1548 556 et
1602 502 1840 571 polluant
1872 519 2002 557 san-
2032 505 2070 562 Α

430 592 577 636 etum
612 583 859 650 timoris;
897 597 948 641 et
976 589 1306 643 amovebunt
1336 590 1688 655 sacrificium,
1716 600 1768 644 et
1801 592 2007 646 dabunt

3538 389 3678 443 91.28

2175 508 2264 563 51.
2297 510 2404 561 Καὶ
2438 508 2720 580 βραχίονες
2744 513 2871 581 παρ’
2902 510 3064 563 αὑτοῦ
3099 508 3384 578 στήσονται
3440 506 3533 559 καὶ
3559 524 3684 576 μια-

2110 598 2258 652 νοῦσι
2289 600 2350 652 τὸ
2376 601 2529 668 ἅγιον
2559 600 2653 655 τοῦ
2689 601 2853 668 φόϐου
2877 619 2888 629 ·
2925 602 3018 655 καὶ
3056 601 3431 668 ἀποστήσουσι
3463 596 3561 667 τὴν
3589 593 3684 648 θυι

2111 689 2252 753 σίαν,
2289 690 2382 742 καὶ
2409 689 2639 743 δώσουσι
2669 690 2944 760 βδέλυγμα
2975 690 3323 761 ἐρημώσεως.

2177 780 2265 834 52.
2299 782 2409 834 Καὶ
2436 783 2492 834 ὲν
2515 782 2813 851 ἁμαρτίαις
2840 782 3102 852 διαθήκης
3130 778 3417 851 μιανοῦσιν
3443 779 3504 830 ἐν
3526 775 3686 844 σκλη-

2108 872 2186 944 ρῷ
2220 874 2364 942 λαῷ·
2415 876 2506 927 καὶ
2544 879 2571 928 6
2616 875 2786 944 δῆμος
2812 877 2838 927 ὁ
2864 875 3148 942 γινώσκων
3205 871 3376 925 ταῦτα
3417 867 3684 938 κατισχύ-

2107 983 2257 1018 σουσι
2294 968 2388 1019 καὶ
2420 968 2643 1037 ποιήσου
2654 983 2722 1018 σι.

2173 1055 2262 1109 35.
2296 1056 2406 1107 Kal.
2459 1053 2796 1124 ἐννοούμενοι
2839 1053 2932 1106 τού
2991 1052 3178 1115 ἔθνους
3228 1053 3556 1120 συνήσουσιν
3602 1050 3686 1112 είς

2103 1145 2329 1205 πολλοὺς
2352 1188 2364 1209 ,
2393 1148 2487 1198 καὶ
2516 1146 2884 1216 προσκόψουσι
2932 1144 3175 1215 ῥομφαίᾳ
3200 1185 3213 1208 ,
3249 1144 3343 1196 καὶ
3372 1141 3687 1211 παλαιωθή-

2104 1252 2282 1288 σονται
2313 1239 2370 1288 ἐν
2400 1238 2558 1306 αὐτῇ,
2593 1238 2684 1289 καὶ
2712 1239 2769 1288 ὲν
2801 1236 3172 1306 αἰχμαλωσίᾳ,
3210 1235 3304 1286 καὶ
3342 1235 3398 1286 ὲν
3433 1235 3679 1302 προνομῇ

2107 1329 2132 1397 ή
2141 1328 2324 1397 μερῶν
2353 1329 2836 1398 κηλιδωθήσονται.

2169 1420 2256 1473 54.
2297 1419 2406 1472 Καὶ
2440 1422 2516 1472 ὅτ’
2552 1420 2617 1472 ἂν
2672 1420 3064 1489 συντρίϐων-ται
3093 1461 3104 1483 ,
3156 1419 3474 1482 συνάξουσιν
3527 1415 3681 1486 ἰσχὺν

2101 1507 2360 1578 βραχεῖαν
2387 1551 2399 1573 ,
2455 1511 2546 1561 καὶ
2599 1509 3124 1578 ἐπισυναχθήσονται
3159 1512 3244 1562 ἐπ’
3265 1511 3462 1570 αὐτοὺς
3495 1507 3681 1560 πολλοὶ

2098 1601 2191 1652 ἐπὶ
2219 1601 2447 1664 πόλεως,
2479 1602 2571 1653 καὶ
2600 1602 2783 1655 πολλοὶ¹
2815 1603 2886 1662 ὡς
2921 1606 2976 1656 ὲν
3020 1602 3360 1673 κληροδοσίᾳ.

2167 1691 2256 1745 55.
2283 1693 2393 1744 Kal
2433 1694 2495 1744 ὲκ
2545 1693 2653 1746 τῶν
2680 1694 2970 1747 συνιέντων
3017 1694 3466 1763 διανοηθήσονται
3513 1694 3592 1754 εἰς
3619 1693 3682 1744 τὸ

2098 1783 2386 1854 καθαρίσαι
2420 1786 2664 1851 ἑαυτοὺς,
2703 1788 2798 1838 καὶ
2833 1788 2913 1848 εἰς
2941 1787 3001 1838 τὸ
3029 1786 3320 1853 ὲκλεγῆναι
3343 1825 3356 1849 ,
3391 1784 3484 1836 καὶ
3509 1784 3587 1845 εἰς
3619 1783 3683 1835 τὸ

421 1871 488 1926 ad
523 1876 1050 1928 consummationem
1081 1877 1370 1944 temporis:
1403 1878 1581 1933 adhuc
1608 1882 1750 1934 enim
1781 1890 1994 1951 tempus

2098 1874 2494 1946 καθαρισθῆναι
2521 1877 2625 1941 ἕως
2659 1878 2850 1947 καιροῦ
2890 1879 3218 1939 συντελείας·
3247 1877 3325 1928 ἔτι
3348 1877 3454 1944 γὰρ
3489 1874 3684 1945 καιρὸς

420 1970 475 2024 in
509 1969 692 2025 horas.

492 2062 578 2116 '56.
626 2063 689 2117 Et
718 2062 875 2119 faciet
904 2063 1059 2132 juxta
1095 2065 1424 2120 voluntatem
1457 2083 1610 2121 suam
1642 2084 1756 2132 rex,
1789 2078 1840 2123 et
1868 2071 1994 2123 irri-

422 2156 647 2221 tabitur,
683 2165 734 2209 et
767 2157 1053 2210 extolletur
1087 2173 1250 2226 super
1305 2173 1522 2212 omnem
1580 2158 1771 2224 Deum,
1812 2170 1864 2214 et
1909 2163 1998 2215 ad-

419 2261 612 2302 versus
648 2247 817 2300 Deum
844 2246 1068 2302 deorum
1104 2247 1388 2316 magnifica
1438 2249 1691 2317 loquetur
1726 2268 1737 2302 :
1779 2259 1832 2304 et
1870 2266 1995 2319 pro-

419 2338 747 2410 sperabitur,
781 2339 951 2396 donec
981 2349 1390 2394 consummetur
1425 2341 1534 2407 ira;
1561 2342 1612 2394 in
1651 2341 1826 2410 ipsum
1848 2342 1992 2396 enim

419 2431 822 2484 consummatio
851 2429 928 2487 fit.

492 2520 581 2573 57.
627 2521 691 2573 Et
727 2536 891 2590 super
915 2521 1046 2575 deos
1069 2532 1282 2591 patrum
1321 2539 1543 2578 suorum
1587 2525 1991 2595 nonintelliget,

421 2621 474 2664 et
507 2611 559 2664 in
592 2612 1033 2680 concupiscentia
1068 2613 1302 2666 foemina:
1342 2629 1446 2668 non
1488 2617 1840 2686 excogitabit,
1866 2617 1992 2686 quia

423 2705 474 2758 in
504 2703 650 2757 omni
680 2702 998 2770 elevabitur,
1025 2713 1075 2757 et
1103 2705 1440 2774 subjcientur
1474 2708 1520 2760 ci
1555 2717 1741 2776 gentes
1769 2708 1956 2763 fortes.

490 2882 580 2941 58.
626 2881 801 2952 Super
833 2885 1008 2939 locum
1029 2901 1184 2940 suum
1209 2887 1464 2941 excitabit
1493 2929 1505 2951 ,
1541 2899 1592 2942 et
1617 2888 1806 2954 Deum,
1832 2907 1991 2960 quem

422 2989 528 3028 non
565 2986 938 3043 cognoverunt
967 2987 1146 3046 patres
1171 2977 1310 3047 ejus,
1355 2979 1646 3035 honorabit
1683 2981 1736 3035 in
1765 2997 1920 3046 auro,
1944 2994 1996 3037 et.

420 3075 665 3134 argento,
692 3076 744 3120 et
771 3067 947 3137 lapide
978 3071 1237 3138 pretioso.

492 3157 578 3210 59.
624 3156 690 3210 Et
746 3159 798 3211 in
835 3161 1294 3228 concupiscentiis
1319 3170 1437 3233 aget
1477 3163 1758 3216 civitatum
1786 3205 1799 3227 ,
1837 3171 1890 3218 et
1937 3164 1990 3217 in
2021 3189 2061 3246 α

423 3251 782 3306 munitionem
832 3251 1022 3306 fortem
1061 3255 1241 3308 veniet
1274 3269 1398 3314 eum
1446 3255 1548 3310 deo
1593 3256 1794 3321 alieno,
1831 3273 1990 3325 quem

420 3357 542 3398 cum
575 3343 906 3411 cognoverit,
941 3344 1322 3412 multiplicabit
1355 3345 1615 3414 gloriam,
1655 3355 1707 3404 et
1740 3346 1992 3400 domina-2

423 3436 569 3488 bitur
595 3436 643 3490 ei
686 3436 937 3500 multum,
977 3445 1030 3488 et
1063 3435 1266 3490 dividet
1300 3436 1571 3503 regionem
1603 3437 1655 3489 in
1689 3437 1852 3490 dono.

492 3526 580 3581 40.
617 3526 681 3580 Et
713 3529 767 3580 in
803 3528 935 3581 hora
993 3529 1484 3584 consummationis
1538 3530 1758 3596 impetet
1823 3545 1993 3583 cornu

423 3635 524 3674 suo
559 3633 682 3672 cum
715 3633 806 3672 rex
841 3617 1056 3687 Egypti
1083 3636 1094 3668 ;
1125 3629 1178 3672 et
1209 3621 1513 3688 impetuose
1545 3619 1747 3673 feretur
1776 3622 1828 3674 in
1869 3637 1993 3676 eum

425 3726 518 3765 rex
547 3709 832 3777 Aquilonis
864 3725 986 3762 cum
1015 3710 1288 3775 curribus,
1340 3720 1392 3764 et
1421 3712 1576 3780 equis
1612 3714 1815 3778 multis,
1851 3725 1902 3768 et
1942 3716 1993 3767 in

425 3801 654 3856 navibus
682 3800 886 3863 multis,
917 3809 968 3854 et
1011 3801 1340 3870 ingredietur
1368 3803 1419 3855 iu
1453 3804 1725 3874 regionem
1754 3804 1991 3876 Egypti.

495 3983 582 4034 41.
609 3982 674 4035 Et
707 3981 922 4036 invadet
949 3982 1222 4047 regionem
1255 3997 1450 4046 meat».
1481 3991 1532 4036 et
1562 3985 1743 4038 multa:
1767 3987 1995 4041 scanda-

426 4073 756 4134 lizabuntur,
780 4081 832 4125 ct
861 4073 941 4125 lue
972 4072 1328 4126 salvabuntnr
1348 4073 1412 4127 de
1440 4089 1605 4136 manu
1631 4075 1772 4144 ejusl
1803 4074 1992 4142 Edom,

423 4174 478 4217 et
503 4162 683 4227 Moab,
719 4173 770 4217 et
802 4173 960 4234 caput
992 4164 1225 4218 filiorum
1255 4165 1510 4219 Ammon.

495 4344 583 4396 αἰξὶ.
612 4342 675 4395 Et
703 4342 874 4396 mittet
897 4358 1117 4397 manum
1143 4358 1297 4397 suam
1324 4343 1375 4397 in
1409 4353 1671 4410 terras,ct
1693 4346 1745 4400 in
1777 4349 1995 4417 regione

429 4436 647 4508 A‘Zgypti
677 4451 780 4491 non
815 4437 916 4490 erit
947 4437 998 4489 in
1025 4450 1086 4490 ea
1114 4436 1204 4506 qui
1243 4436 1500 4490 salvetur.

494 4621 581 4672 45.
628 4619 689 4671 lit
720 4619 985 4672 obtinebit
1017 4620 1192 4672 locum
1223 4620 1362 4682 auri,
1397 4629 1448 4672 et
1477 4619 1651 4673 locum
1685 4622 1911 4689 argenti,
1943 4631 1997 4675 et

423 4725 638 4763 omnem
667 4708 1162 4777 concupiscentiam
1199 4706 1434 4779 ASgypti,
1464 4720 1514 4762 et
1542 4710 1737 4781 Libyes
1781 4710 1996 4765 zEtlzio-

425 4814 628 4867 pesque
658 4807 819 4852 erunt
857 4787 907 4850 in
946 4798 1101 4852 turba
1135 4799 1272 4867 ejus.

494 4977 582 5028 Η.
628 4975 690 5029 lit
725 4991 909 5029 rumor
938 4976 1172 5030 turbabit
1200 4993 1322 5030 eum
1370 4981 1438 5032 ab
1467 4979 1708 5042 Oriente,
1752 4991 1804 5036 et
1838 4983 1997 5052 Aqui-

423 5069 565 5133 lone,
593 5077 644 5121 et
669 5069 971 5137 egredietur
1015 5069 1066 5122 in
1115 5069 1298 5124 furore
1341 5072 1645 5128 vehementi
1695 5083 1748 5130 et
1797 5076 1992 5143 gladio,

423 5160 487 5214 ad
512 5160 933 5231 disperdendum
967 5170 1020 5214 et
1058 5160 1490 5216 interficiendum
1521 5165 1738 5220 multos.

492 5252 581 5306 45.
630 5251 691 5305 Et
718 5261 920 5307 statuet
941 5255 1351 5308 tabernaculum
1377 5273 1535 5310 suum
1569 5267 1697 5310 tunc
1726 5259 1865 5312 inter
1891 5276 1998 5312 ma-

426 5345 526 5402 ria.
554 5354 606 5398 ct
640 5355 877 5398 montem
926 5346 1223 5402 voluntatis
1275 5349 1447 5402 sancti
1484 5367 1496 5402 :
1550 5359 1600 5404 et
1641 5351 1819 5404 veniet
1862 5352 1994 5406 hora

427 5435 911 5488 consummationis
972 5439 1129 5515 eius,
1172 5449 1224 5492 ct
1278 5457 1384 5494 non
1449 5442 1589 5506 erit,
1631 5443 1718 5510 qui
1781 5441 1996 5512 adjuvet

427 5539 570 5579 cum

1004 5659 1233 5717 CAPUT
1285 5664 1400 5717 XII.

449 5809 468 5825 ἢ
510 5745 557 5804 ι.
605 5746 667 5797 Ει
696 5759 787 5815 per
823 5746 1094 5815 regionem
1136 5753 1280 5808 illam
1339 5759 1590 5812 transibit
1632 5759 1855 5815 Michael
1903 5778 1999 5812 an-

2096 1969 2174 2030 είς
2200 1967 2366 2037 ὧρας.

2165 2059 2253 2113 56.
2296 2061 2406 2112 Καὶ
2432 2063 2649 2130 ποιήσει
2681 2059 2818 2113 κατὰ
2843 2060 2900 2112 τὸ
2926 2059 3138 2129 θέλημα
3167 2058 3330 2111 αὑτοῦ
3354 2060 3380 2110 6
3403 2055 3678 2127 βασιλεὺς,

2096 2152 2192 2204 καὶ
2240 2153 2764 2223 παροργισθήσεται,
2827 2153 2919 2205 καὶ
2948 2140 3296 2222 ὑψωθήσεται
3348 2151 3441 2202 ἐπὶ
3500 2150 3682 2203 πάντα

2095 2242 2247 2309 Θεὸν,
2285 2245 2377 2296 καὶ
2412 2245 2506 2297 ὲπὶ
2546 2244 2637 2297 τὸν
2687 2244 2820 2296 Θεὸν
2851 2243 2960 2296 τῶν
3011 2243 3148 2296 θεῶν
3195 2240 3392 2306 ἔξαλλα
3429 2239 3677 2310 λαλήσει,

2095 2334 2190 2386 καὶ
2228 2334 2657 2405 εύοδωθήσεται,
2705 2336 2809 2397 ἕως
2849 2334 2913 2387 ἂν
2955 2333 3281 2403 συντελεσθῇ
3329 2332 3524 2402 ήόργή
3550 2349 3565 2361 ·
3599 2332 3679 2392 εἰς

2095 2423 2257 2476 αὑτὸν
2285 2424 2393 2494 γὰρ
2426 2425 2706 2478 συντέλεια
2743 2425 2971 2492 γίνεται.

2165 2517 2253 2569 57.
2292 2518 2398 2568 Καὶ
2433 2517 2527 2569 ἐπὶ
2549 2520 2670 2580 τοὺς
2705 2517 2859 2580 θεοὺς
2887 2517 2995 2569 τῶν
3031 2516 3282 2585 πατέρων
3312 2514 3478 2568 αὑτοῦ
3506 2515 3567 2567 ού
3603 2513 3678 2584 μὴ

2097 2608 2392 2678 προνοηθῇ,
2417 2611 2509 2661 καὶ
2541 2608 2877 2679 ἐνέπιθυμία
2905 2608 3161 2676 γυναικὸς
3187 2606 3245 2658 ού
3278 2607 3351 2677 μὴ
3378 2604 3676 2676 προνοηθῇ.

2094 2698 2178 2750 ὃτι
2207 2699 2263 2750 ἐν
2300 2701 2464 2751 παντὶ
2502 2699 2849 2778 ὑψωθήσεται
2874 2741 2888 2767 ,
2937 2701 3030 2752 καὶ
3088 2700 3494 2768 ὑποταγήσεται
3528 2698 3680 2767 αὐτῷ

2096 2788 2223 2858 ἔθνη
2258 2791 2474 2860 ίσχυρὰ.

2164 2883 2252 2936 58.
2292 2883 2414 2934 Ἑπὶ
2438 2882 2528 2934 τον
2559 2882 2722 2936 τόπον
2747 2884 2911 2936 αὐτοῦ
2944 2885 3177 2954 κινήσει,
3208 2885 3302 2936 καὶ
3337 2882 3468 2934 Θεὸν
3497 2882 3555 2934 ὃν
3575 2882 3679 2935 οὐκ

2095 2973 2338 3042 ἔγνωσαν
2383 2976 2430 3026 οἱ
2466 2974 2698 3043 πατέρες
2753 2975 2913 3028 αὑτοῦ
2944 2977 3167 3045 τιμήσει
3221 2975 3279 3025 ὲν
3312 2973 3539 3044 χρυσίῳ,
3583 2975 3680 3027 καὶ

2093 3066 2364 3136 ἀργυρίῳ,
2395 3067 2488 3119 καὶ
2509 3067 2640 3132 λίθῳ
2672 3066 2972 3119 πολυτελεῖ.

2165 3156 2252 3210 59.
2283 3159 2391 3210 Καὶ
2430 3159 2486 3209 ὲν
2531 3157 2909 3228 ἐπιθυμήμασι
2944 3159 3160 3228 ποιήσει
3205 3157 3441 3222 πόλεων,
3475 3158 3569 3210 καὶ
3597 3158 3680 3218 εἰς

2095 3249 2356 3320 ὀχύρωμα
2383 3250 2598 3319 ἰσχυρὸν
2622 3248 2739 3319 ἥξει
2769 3249 2905 3319 μετὰ
2955 3247 3078 3300 Θεοῦ
3122 3249 3403 3319 ἀλλοτρίου
3427 3265 3439 3276 ·
3488 3242 3549 3301 οὗ
3582 3247 3679 3300 ἐὰν

2096 3339 2324 3408 ἐπιγνῷ,
2358 3339 2622 3410 πληθυνεῖ
2655 3341 2815 3406 δόξαν
2839 3379 2853 3400 ,
2897 3341 2989 3392 καὶ
3039 3339 3460 3408 κατακυριεύσει
3511 3338 3677 3392 αὑτοῦ

2097 3431 2190 3482 ἐπὶ
2222 3431 2376 3492 πολὺ,
2410 3431 2506 3483 καὶ
2535 3430 2717 3500 χώραν
2742 3430 3036 3499 ἀπομεριεῖ
3068 3431 3148 3492 είς
3179 3429 3406 3498 δωρεάν.

2167 3521 2254 3575 40.
2298 3522 2409 3574 Καὶ
2437 3521 2558 3573 καθ’
2589 3521 2740 3590 ὤραν
2764 3522 3075 3584 συντελείας
3117 3521 3678 3593 συγκερατισθήσεται

2097 3612 2241 3681 αὐτῷ
2263 3615 2290 3665 6
2323 3611 2574 3680 βασιλεὺς
2604 3613 2900 3680 Αἰγύπτου,
2927 3615 3019 3666 καὶ¹
3048 3613 3504 3682 ἐποργισθήσεται
3528 3611 3681 3682 αὺτῷ

2099 3703 2347 3773 βασιλεὺς
2382 3703 2562 3775 Βορρἆ
2607 3705 2664 3754 ἐν
2716 3705 2949 3774 ἅρμασι,
2991 3705 3085 3756 καὶ
3126 3705 3181 3756 ὲν
3218 3705 3405 3765 ἵπποις
3438 3702 3676 3765 πολλοῖς,

2098 3796 2191 3847 καὶ
2212 3797 2269 3846 ὲν
2306 3795 2512 3858 πλοίοις
2558 3795 2795 3858 πολλοῖς,
2824 3798 2919 3848 καὶ
2947 3795 3314 3848 εἰσελεύσεται
3361 3796 3440 3856 εἰς
3491 3792 3680 3864 χώραν

2095 3891 2138 3941 Δ
2147 3887 2231 3951 ίγύ
2240 3905 2370 3941 πτου
2380 3929 2392 3942 .

2165 3979 2254 4034 41.
2292 3980 2399 4032 Καὶ
2447 3981 2799 4033 ἐπελεύσεται
2830 3984 2906 4043 εἰς
2945 3982 3041 4052 τὴν
3071 3980 3255 4051 χώραν
3310 3999 3411 4051 μου
3446 3985 3532 4047 Βείξ,
3581 3982 3679 4034 καὶ

2098 4070 2290 4123 πολλαὶ
2321 4073 2386 4139 >κ
2425 4071 2995 4142 σκανδαλισθήσονται,
3030 4074 3126 4125 καὶ
3155 4067 3312 4126 αὗται
3341 4072 3677 4141 σωθήσονται

2096 4161 2204 4215 ἀπὸ
2227 4163 2411 4234 χειρὸς
2445 4163 2608 4215 αὑτοῦ
2752 4163 2954 4233 Ἐδὼμ,
3007 4165 3101 4216 καὶ
3145 4164 3317 4217 Μωὰϐ
3339 4208 3351 4232 ,
3383 4165 3478 4217 καὶ
3507 4165 3678 4231 κεφά-

2097 4253 2245 4306 λαιον
2272 4253 2400 4305 υἱῶν
2442 4254 2498 4305 Ἀ
2509 4272 2545 4322 μ
2553 4254 2688 4322 μὼν.

2169 4345 2258 4396 42.
2289 4345 2401 4397 Καὶ
2437 4345 2726 4397 ἀποστελεῖ
2754 4349 2910 4415 χεῖρα
2957 4347 3122 4400 αὑτοῦ
3155 4350 3212 4400 ἐν
3253 4353 3374 4412 ταῖς
3413 4351 3591 4417 γαίαις
3616 4350 3674 4419 /.

2097 4437 2190 4488 καὶ
2219 4439 2278 4488 ὲν
2311 4435 2463 4506 χώρα
2516 4437 2791 4504 Αἰγύπτου
2825 4438 2924 4489 οὐκ
2969 4437 3121 4490 ἔσται
3151 4440 3208 4494 ὲν
3240 4441 3375 4511 αὐτῇ
3419 4440 3679 4504 διασωζό-

2027 4519 2071 4570 Ι)
2103 4543 2282 4596 μενος.

2169 4618 2257 4671 45.
2293 4619 2404 4670 Καὶ
2433 4620 2694 4690 κρατήσει
2724 4620 2818 4672 τοῦ
2847 4621 3011 4675 τόπου
3041 4622 3136 4675 τού
3182 4623 3427 4694 χρυσίου,
3463 4625 3556 4676 καὶ
3581 4625 3678 4678 τοῦ

2099 4710 2263 4762 τόπου
2290 4710 2383 4762 τοῦ
2412 4713 2696 4780 ἀργυρίου,
2723 4715 2817 4767 καὶ
2842 4715 3018 4782 πάσης
3044 4716 3143 4784 τῆς
3183 4715 3485 4786 ἐπιθυμίας
3509 4720 3678 4784 Αἰγύ-

2099 4818 2254 4864 πτου,
2288 4805 2382 4855 καὶ
2417 4803 2613 4866 Λιϐύες
2651 4805 2744 4856 καὶ
2777 4805 3032 4869 Αἰθίοπες
3079 4807 3293 4860 ἔσονται
3321 4808 3380 4859 ὲν
3423 4805 3502 4875 τῷ
3533 4805 3678 4877 ὄχλῳ

2099 4889 2282 4944 αὑτοῦ.

2169 4983 2258 5036 44.
2298 4985 2405 5035 Καὶ
2446 4983 2581 5053 ἀκοὴ
2623 4986 2850 5055 ταράξει
2893 4989 3051 5040 αὐτὸν
3097 4989 3204 5041 ἀπὸ
3253 4992 3527 5045 ἀνατολῶν
3580 4991 3676 5041 καὶ

2100 5075 2303 5145 βορῤᾶ·
2335 5075 2426 5127 καὶ
2459 5075 2796 5137 ἐξελεύσεται
2844 5080 2899 5130 ὲν
2927 5079 3082 5149 θυμῷ
3141 5082 3346 5151 ισχυρῷ
3396 5084 3490 5135 καὶ
3537 5083 3675 5150 ῥομ-

2099 5163 2254 5233 φαία,
2286 5164 2545 5230 ἀφανίσαι
2569 5166 2663 5217 καὶ
2691 5167 3011 5220 ἀποκτεῖναι
3042 5168 3290 5232 πολλούς.

2168 5255 2257 5308 45.
2292 5255 2401 5308 Καὶ
2433 5257 2617 5325 στήσει
2663 5256 2827 5310 αὐτοῦ
2855 5259 2952 5328 τὴν
2995 5262 3202 5332 σκηνὴν
3251 5260 3370 5314 τότε
3403 5261 3676 5329 ἀνάμεσον

2099 5345 2205 5397 τῶν
2253 5346 2539 5398 θαλασσῶν
2567 5389 2578 5410 ,
2633 5349 2727 5401 καὶ
2775 5348 2869 5402 τοῦ
2913 5350 3072 5418 ὅρους
3121 5355 3221 5421 τῆς
3271 5350 3541 5420 θελήσεως
3578 5349 3674 5404 τού

2099 5437 2274 5502 ἁγίου,
2314 5439 2408 5489 καὶ
2433 5437 2551 5506 ἥξει
2583 5437 2698 5506 ὥρα
2728 5440 2827 5510 τῆς
2869 5441 3175 5504 συντελείας
3223 5441 3407 5508 αὐτοῦ,
3435 5445 3526 5494 καὶ
3579 5444 3675 5495 οὐκ

2114 5528 2248 5581 ἔσται
2279 5532 2306 5580 ὁ
2343 5528 2552 5596 βοηθῶν
2579 5530 2744 5600 αύτῷ.

2718 5671 2965 5724 ΚΕΦΛΛ.
2999 5673 3096 5724 lB'.

2181 5765 2224 5815 Ι.
2260 5765 2370 5816 Καὶ
2401 5764 2538 5816 κατὰ
2561 5762 2656 5833 τὴν
2687 5762 2868 5832 χώραν
2905 5763 3120 5832 ἐκείνην
3149 5763 3539 5832 παρελεύσεται
3571 5764 3672 5815 Μι-
