4122 6320
286 367 418 425 9829

284 493 421 585 χαῂλ
444 496 473 548 6
508 498 740 566 ἅγγελος
791 505 819 556 6
848 505 1041 585 μέγας,
1084 510 1112 561 ὁ
1141 512 1391 583 έστηκὼς
1437 516 1530 571 ἐπὶ
1558 521 1654 574 τοῦ

284 584 375 681 τοῦ
407 586 540 681 λαοῦ
576 606 680 681 σου
695 609 711 625 θ
737 594 920 668 ἐκείνη
950 599 983 669 ἠ
1014 600 1195 672 ἡμέρα
1218 602 1469 674 θλίψεως,
1503 609 1590 662 οἵα
1613 611 1714 664 οὐκ
1740 584 1861 681 ἐγεἐ

283 675 441 776 sqq-.1,
478 679 577 750 ἀφ’
616 678 684 776 οὗ
738 687 1076 759 ἐγενήθησαν
1109 692 1215 757 ἕως
1261 698 1361 767 τῆς
1385 698 1597 770 ἡμέρας
1624 675 1873 776 ἐκείνης.

285 769 392 862 Kal
421 772 483 824 ὲν
508 772 694 848 ἐκείνῃ
722 781 787 849 τῇ
816 780 999 853 ἡμέρᾳ
1021 783 1370 859 ὑψωθήσεται
1408 769 1515 857 πᾶς
1554 795 1581 847 6
1619 795 1767 860 λαὸς,
1793 769 1863 862 ,ὃς

287 860 348 915 ἂν
379 863 575 937 εὑρεθῇ
603 866 1059 943 ἐγγεγραμμένος
1090 878 1147 929 ἐν
1178 878 1256 949 τῷ
1280 880 1490 952 βιϐλίῳ.

348 952 400 1006 2.
431 955 544 1009 Kal
576 958 762 1013 πολλοὶ
781 961 893 1016 τῶν
921 964 1291 1022 καθευδόντων
1339 972 1395 1023 ὲν
1423 971 1501 1041 τῷ
1541 973 1731 1029 πλάτει
1761 979 1860 1047 τῆς

286 1044 383 1114 γῆς
410 1047 831 1119 ἀναστήσονται,
858 1055 908 1106 οί
934 1055 1033 1124 μὲν
1054 1058 1135 1119 είς
1161 1056 1306 1130 ζωὴν
1346 1061 1592 1131 αἰώνιον,
1621 1066 1671 1117 οί
1695 1066 1751 1120 δὲ
1781 1044 1860 1132 είς

287 1135 618 1208 ὀνειδισμὸν,
653 1142 704 1195 οἱ
745 1143 804 1196 δὲ
842 1145 924 1208 είς
950 1147 1271 1220 διασπορὰν,
1307 1153 1403 1206 καὶ
1431 1155 1694 1227 αἰσχύνην
1732 1156 1862 1211 οιίὼ-

288 1243 413 1281 νιον.

351 1318 405 1373 3.
428 1320 540 1375 Kal
571 1324 619 1376 οἱ
648 1327 921 1394 συνιέντες
948 1335 1209 1402 φανοῦσιν
1228 1337 1303 1401 ὡς
1323 1339 1611 1410 φωστῆρες
1647 1339 1739 1393 τοῦ
1772 1342 1860 1394 οὐ·

292 1412 466 1480 ρανοῦ,
500 1416 597 1468 xal
630 1419 683 1470 οἱ
730 1424 1114 1493 κατισχύοντες
1157 1430 1283 1493 τοὺς
1320 1429 1515 1497 λόγους
1560 1447 1692 1500 μου,
1728 1431 1860 1484 ὡσεὶ

284 1501 352 1588 τὰ
376 1504 547 1575 ἀστρα
570 1508 665 1562 τοῦ
692 1512 924 1581 ούρανοῦ
961 1519 1040 1581 είς
1071 1518 1163 1571 τὸν
1202 1519 1375 1574 αίῶνα
1399 1520 1492 1574 τοῦ
1517 1520 1733 1585 αἰῶνος.

353 1595 403 1650 ι.
432 1598 544 1651 Kal
574 1602 660 1667 σὺ,
695 1604 914 1677 Δανιὴλ,
941 1608 1179 1680 κάλυψον
1199 1611 1270 1664 τά
1310 1613 1727 1683 προστάγματα,
1764 1615 1858 1667 καὶ

292 1691 580 1760 σφραγίσαι
602 1694 664 1747 τὸ
688 1694 892 1765 βιϐλίον
925 1699 1029 1765 ἕως
1069 1706 1263 1773 καιροῦ
1297 1703 1627 1768 συντελείας,
1663 1705 1766 1768 ἕως
1791 1704 1860 1758 ἂν

292 1782 634 1851 ἁπομανῶσιν
673 1789 723 1840 οἱ
755 1789 1090 1856 πολλοὶ,.καὶ
1121 1794 1334 1866 πλησθῇ
1368 1797 1401 1865 ἡ
1449 1796 1520 1865 γῆ
1551 1797 1781 1860 ἀδικίας.

1723 399 1949 460 CAPUT
1987 405 2126 464 XIII.

3394 428 3533 483 2830

1659 537 1686 584 ς
1714 522 1866 588 υἱοὺς
1896 535 1941 589 Α
1969 530 2124 599 gelue
2157 548 2407 604 magnus,
2439 536 2531 607 qui
2564 545 2672 593 stat
2699 551 2860 608 super
2904 537 3045 595 ﬁlios
3079 544 3264 611 populi
3296 543 3372 598 tui
3399 562 3411 597 :
3442 546 3533 602 illa

1967 621 2111 695 (erit)
2131 625 2248 681 dies
2275 627 2717 696 tribulalationis,
2780 631 2955 701 qualis
2990 648 3097 688 non
3151 634 3291 691 facta
3330 647 3431 700 est.
3466 656 3535 697 ex

1964 730 2074 784 quo
2102 716 2259 774 facta:
2288 730 2415 775 sunt
2446 722 2677 793 (gentes)
2710 739 2882 793 usque
2906 725 2971 780 ad
2997 726 3140 782 diem
3187 728 3357 783 illam.
3386 730 3450 785 Et
3480 733 3532 786 in

1964 804 2055 858 illa
2091 806 2178 862 die
2236 810 2563 866 exaltabitur
2622 813 2800 868 omnis
2855 816 3111 885 populus,
3147 817 3239 886 qui
3282 817 3535 875 inventus

1964 895 2127 954 fuerit
2156 901 2452 972 inscriptus
2481 907 2533 959 in
2577 905 2737 960 libro.

2032 991 2086 1046 2.
2130 991 2196 1047 Et
2220 994 2373 1048 multi
2406 997 2792 1053 dormientium
2832 1000 2886 1053 in
2925 999 3208 1055 latitudine
3246 1010 3403 1055 terrae
3437 1018 3535 1056 ex-

1963 1094 2207 1153 surgent,
2252 1086 2342 1140 alii
2381 1088 2600 1158 quidem
2656 1091 2708 1144 iu
2752 1091 2917 1145 \itam
2960 1100 3237 1156 attentam,
3283 1092 3373 1146 alii
3410 1106 3536 1147 vero

1964 1172 2016 1225 in
2050 1175 2427 1243 opprobrium,
2460 1178 2551 1231 alii
2576 1193 2701 1234 vero
2734 1180 2785 1233 in
2818 1179 3235 1250 dispersionem,
3262 1188 3316 1234 et
3340 1179 3533 1236 confu-

1963 1263 2170 1318 sionem
2212 1266 2617 1336 sempiternam.

2032 1355 2086 1408 5.
2126 1354 2193 1410 Et
2238 1357 2601 1428 intelligentes
2638 1361 3000 1429 splendebant
3058 1364 3201 1418 sicut
3245 1364 3533 1418 luminaria

1962 1444 2084 1499 cmli
2111 1460 2122 1496 :
2153 1455 2204 1499 et
2230 1447 2620 1503 conﬁrmantes
2673 1455 2956 1506 sermones
3008 1467 3160 1507 meos
3206 1454 3361 1522 quasi
3389 1463 3535 1507 astra

1960 1534 2086 1589 coeli
2118 1536 2171 1589 in
2199 1538 2458 1593 saeculum
2491 1543 2697 1598 saeculi.

2035 1627 2089 1681 4.
2130 1628 2210 1684 Τιι
2245 1647 2449 1695 autem,
2481 1632 2686 1695 Daniel,
2712 1636 2984 1693 absconde
3005 1639 3280 1703 mandata,
3300 1648 3355 1693 et
3380 1640 3535 1710 signa

1959 1722 2157 1776 librum
2184 1739 2357 1792 usque
2382 1725 2447 1778 ad
2480 1735 2691 1795 tempus
2719 1730 3227 1794 consummationis,
3250 1731 3421 1785 donec
3448 1731 3501 1785 in
3518 1760 3533 1772 -

1961 1813 2180 1868 saniant
2208 1815 2389 1879 multi,
2420 1826 2473 1870 et
2505 1818 2793 1887 impleatur
2822 1830 2964 1872 terra
2996 1821 3322 1890 iniquitatis.

354 1872 404 1927 5.
434 1873 542 1927 Kal
546 1872 697 1974 εἶδον
726 1880 836 1948 ἐγὼ
858 1883 1076 1954 Δανιὴλ,
1095 1885 1189 1938 καὶ
1216 1885 1324 1939 ἰδοὺ
1346 1885 1439 1940 δύο
1468 1887 1643 1957 ἕτεροι
1676 1889 1856 1959 εἱστή-

2030 1902 2083 1957 5.
2126 1902 2190 1957 Et
2227 1904 2334 1957 vidi
2369 1920 2469 1974 ego
2502 1872 2710 1966 Dauiel.
2740 1915 2794 1960 et
2839 1922 2966 1962 ecce
2999 1872 3109 1962 duc;
3156 1909 3247 1962 alii
3297 1909 3534 1973 stabant,

291 1979 485 2023 κεισαν,
518 1961 598 2029 εἷς
624 1967 778 2022 ἐνθεν
806 1973 899 2024 τοῦ
937 1975 1204 2045 ποταμοῦ,
1241 1977 1337 2030 καὶ
1360 1972 1438 2040 εἷς
1473 1978 1642 2031 ἔνθεν.

353 2053 403 2109 6.
434 2057 545 2110 Kal
573 2054 702 2112 εἶπα
723 2061 801 2130 τῷ
836 2063 918 2117 ἐνὶ
948 2064 1027 2133 τῷ
1054 2067 1504 2139 περιϐεϐλημένῳ
1532 2070 1605 2123 τὰ
1631 2068 1857 2138 βύσσινα

288 2145 361 2217 τῷ
393 2147 577 2203 ἐπάνω
603 2150 698 2204 τοῦ
731 2151 921 2219 ὓδατος
944 2155 1039 2209 τοῦ
1076 2161 1320 2230 ποταμοῦ
1340 2175 1352 2187 ·
1388 2160 1525 2213 Πότε
1549 2156 1642 2214 οὖν
1669 2162 1859 2215 συντέ-

289 2238 397 2291 λεια
433 2233 506 2294 ὧν
536 2242 767 2312 εἴρηκάς
802 2264 891 2316 μοι
923 2249 1030 2303 τῶν
1065 2249 1423 2322 θαυμαστῶνς
1464 2266 1525 2307 -ι-
1556 2253 1652 2306 καὶ
1685 2256 1713 2306 6
1760 2271 1859 2307 κα-

288 2328 548 2400 θαρισμὸς
585 2347 646 2387 -ι-
673 2333 877 2391 τούτων

353 2428 401 2482 7.
430 2431 538 2484 K'al
567 2432 776 2502 ηκουσα
807 2434 898 2488 τοῦ
924 2438 1392 2510 περιϐεϐλημένου
1423 2441 1489 2495 τὰ
1515 2441 1763 2512 βύσσινα,
1799 2443 1859 2507 ὃς

283 2516 348 2591 ἦν
370 2522 554 2575 ἐπάνω
573 2523 666 2577 τοῦ
689 2524 880 2591 ὕδατος
903 2529 997 2581 τοῦ
1036 2532 1306 2601 ποταμοῦ·
1336 2533 1481 2598 Ἕως
1514 2535 1705 2606 καιροῦ
1732 2553 1856 2589 συν-

282 2612 518 2678 τελείας·
556 2616 653 2669 καὶ
705 2615 886 2687 ὖψωσε
931 2619 1029 2691 τὴν
1074 2621 1252 2687 δεξιὰν
1286 2624 1382 2677 καὶ
1419 2625 1518 2694 τὴν
1560 2627 1857 2697 ἀριστερὰν

282 2707 361 2768 είς
385 2706 476 2760 τὸν
515 2708 767 2777 οὐρανὸν,
794 2712 887 2765 καὶ
909 2711 1090 2782 ὤμοσε
1120 2713 1211 2769 τὸν
1236 2712 1413 2779 ζῶντα
1445 2719 1526 2781 εἰς
1557 2717 1649 2770 τὸν
1684 2719 1856 2775 αἰῶνα

279 2796 428 2858 Θεὸν,
462 2799 546 2850 ὅτι
575 2800 874 2872 εἰς’καιρδν
904 2803 999 2856 καὶ
1046 2805 1295 2874 καιροὺς,
1328 2807 1423 2885 καὶ
1453 2806 1624 2874 ἥμισυ
1664 2806 1856 2878 καιροῦ

281 2890 315 2956 ἡ
365 2888 646 2944 συντέλεια
687 2892 889 2962 χειρῶν
941 2892 1190 2963 ἀφέσεως
1238 2894 1364 2949 λαοῦ
1397 2896 1576 2965 ἁγίου,
1605 2899 1699 2952 καὶ
1731 2916 1856 2953 συν-

281 2979 662 3052 τελεσθήσεται
698 2983 876 3037 πάντα
911 2984 1104 3038 ταῦτα.

349 3073 400 3124 8.
433 3071 546 3124 Kal
586 3071 697 3140 ἐγὼ
725 3073 957 3143 ἥκουσα,
988 3076 1083 3129 καὶ
1107 3076 1167 3129 οὐ
1202 3077 1483 3148 διενοήθην
1527 3079 1658 3150 παρ’
1692 3079 1854 3133 αὐτὸν

1961 2010 2104 2049 unus
2128 1995 2197 2049 ab
2221 2012 2327 2050 una
2359 2006 2515 2066 parte
2545 1996 2806 2063 ﬂuminis,
2830 2007 2884 2053 et
2910 1999 3051 2053 alius
3075 2001 3143 2053 ab
3174 2000 3340 2053 altera

2029 2085 2081 2139 6.
2125 2086 2193 2139 Et
2218 2084 2331 2139 dixi
2361 2086 2476 2151 uni,
2502 2089 2593 2155 qui
2625 2087 2845 2141 indutus
2870 2096 2981 2142 erat
3013 2088 3269 2158 byssinis,
3298 2088 3388 2157 qui
3422 2097 3535 2142 sta-

1960 2176 2052 2230 bat
2075 2192 2237 2245 supra
2269 2193 2467 2246 aquam
2506 2177 2749 2231 fluminis
2782 2195 2795 2230 :
2826 2179 3056 2244 Quando
3088 2179 3251 2247 igitur
3276 2182 3532 2233 consum-

1961 2268 2127 2321 matio
2169 2269 2397 2323 istorum
2426 2308 2440 2333 ,
2499 2285 2622 2339 qua:
2670 2270 2852 2326 dixisti
2902 2271 3035 2323 mihi
3093 2270 3447 2337 mirabilium,
3481 2282 3535 2325 et

1959 2360 2242 2422 mundatio
2277 2362 2547 2416 istorum?

2030 2450 2084 2505 7.
2121 2448 2187 2503 Et
2217 2451 2395 2504 audivi
2423 2466 2570 2513 eum,
2603 2451 2695 2517 qui
2736 2450 2958 2505 indutus
3000 2460 3118 2505 erat
3139 2450 3375 2519 byssinis
3397 2490 3410 2512 ,
3442 2450 3532 2517 qui

1958 2551 2076 2596 erat
2110 2557 2275 2612 super
2302 2558 2500 2612 aquam
2529 2542 2798 2597 ﬂuminis:
2830 2540 3019 2612 Usque
3047 2543 3111 2595 ad
3150 2552 3365 2610 tempus
3400 2556 3533 2601 con-

1959 2634 2344 2689 summationis
2382 2654 2394 2688 :
2427 2643 2480 2688 et
2513 2634 2743 2689 elevavit
2781 2635 3025 2687 dextram
3072 2641 3127 2687 et
3159 2633 3437 2687 sinistram
3480 2631 3532 2685 in

1958 2726 2181 2790 cmlum,
2215 2739 2267 2782 et
2298 2727 2501 2797 juravit
2532 2743 2629 2797 per
2655 2727 2926 2781 viventem
2962 2727 3014 2780 in
3038 2734 3300 2780 mternum
3342 2725 3532 2790 Deum,

1957 2822 2085 2893 quia
2123 2822 2176 2876 in
2205 2830 2440 2892 tempus,
2467 2832 2519 2877 et
2547 2832 2812 2894 tempora,
2861 2830 2917 2876 et
2951 2820 3235 2875 dimidium
3274 2820 3536 2890 temporis

1957 2915 2358 2970 consummatio
2394 2930 2654 2969 manuum
2690 2913 3028 2968 dimissionis
3083 2912 3269 2983 populi
3325 2913 3536 2979 sancti;

1956 3014 2012 3060 et
2039 3007 2569 3061 consummabuntur
2599 3006 2781 3059 omnia
2810 3007 2949 3060 bazc.

2028 3095 2080 3151 8.
2122 3096 2189 3150 Et
2219 3112 2320 3167 ego
2357 3098 2562 3158 audivi.
2603 3106 2654 3152 et
2709 3112 2816 3151 non
2884 3096 3122 3151 intellexi
3161 3096 3302 3149 circa
3354 3095 3532 3165 ipsum

281 3160 368 3217 τὸν
398 3162 610 3233 καιρὸν,
643 3164 739 3218 καὶ
760 3161 891 3220 εἶπα
911 3183 923 3195 ·
954 3167 1149 3239 Κύριε,
1182 3168 1265 3233 τίς
1315 3171 1348 3240 ή
1381 3169 1536 3234 λύσις
1568 3169 1663 3225 τοῦ
1695 3170 1853 3239 λόγου

1961 3196 2193 3258 tempus,
2220 3197 2274 3242 et
2298 3188 2408 3242 dixi
2455 3203 2469 3238 :
2506 3186 2759 3252 Domine,
2787 3203 3037 3256 (“uenam
3078 3186 3279 3242 solutio
3322 3203 3531 3242 sermo-

278 3251 488 3316 τούτου,
514 3257 610 3309 καὶ
636 3256 781 3321 τίνος
812 3259 869 3312 ai
899 3259 1209 3330 παραϐολαὶ
1238 3254 1433 3326 abeat;

346 3345 398 3401 9.
435 3348 547 3401 Kal
578 3344 699 3401 εἶπέ
729 3365 839 3419 μοι’
858 3350 1173 3422 Ἀπότρεχε,
1193 3353 1412 3423 Δανιὴλ,
1432 3354 1514 3407 ὅτι
1551 3371 1860 3408 κατακεκα-

282 3435 550 3508 λυμμένα,
579 3440 676 3493 καὶ
700 3442 800 3509 tot?
810 3443 1114 3512 ραγισμένα
1127 3444 1196 3495 τὰ
1217 3444 1636 3515 προστάγματα,
1667 3444 1771 3508 ἕως
1794 3444 1858 3499 ἂν

282 3528 613 3598 πειρασθῶσι
648 3532 742 3583 καὶ
779 3532 1080 3599 ἁγιασθῶσι
1107 3532 1312 3586 πολλοί.

348 3619 438 3679 10.
466 3621 579 3677 Kal
597 3622 916 3694 ἁμάρτωσιν
950 3625 995 3677 oi
1031 3624 1370 3695 ἁμαρτωλοὶ,
1395 3629 1491 3681 καὶ
1537 3629 1598 3681 οὐ
1638 3628 1715 3700 μὴ
1743 3630 1859 3683 δια-

282 3711 511 3784 νοηθῶσι
542 3713 746 3778 πάντες
774 3714 824 3768 οἱ
863 3715 1181 3787 ἁμαρτωλοὶ
1204 3759 1217 3784 ,
1264 3718 1360 3771 καὶ
1404 3719 1454 3770 οἱ
1487 3717 1859 3790 διανοούμενοι

284 3805 653 3876 προσέξουσιν.

349 3898 438 3952 Η.
477 3897 594 3966 Ἀφ’
628 3891 691 3952 οῦ
722 3899 788 3952 ἂν
811 3900 1094 3971 ἀποσταθῇ
1127 3903 1160 3973 ἡ
1199 3902 1358 3956 θυσία
1404 3902 1697 3966 διαπαντὸς
1718 3948 1732 3970 ,
1764 3907 1860 3960 καὶ

285 3986 578 4059 ἑτοιμασθῇ
643 3987 867 4059 δοθῆναι
911 3990 972 4043 τὸ
1022 3990 1298 4063 βδέλυγμα
1351 3993 1452 4063 τῆς
1502 3995 1856 4066 ἐρημώσεως,

285 4080 493 4151 ἡμέρας
519 4081 696 4151 χιλίας
726 4081 1004 4146 διακοσίας
1031 4085 1373 4155 ἐνενήκοντα.

350 4172 436 4227 12.
470 4172 757 4243 Μακάριος
789 4175 817 4227 6
847 4174 1103 4245 ἐμμένων
1138 4177 1235 4230 καὶ
1270 4175 1488 4240 συνάξει
1523 4179 1602 4241 εἰς
1645 4178 1861 4250 ἡμέρας

285 4262 456 4335 χιλίας
487 4265 807 4337 τριακοσίας
833 4266 1126 4336 τριάκοντα
1158 4266 1338 4319 πέντε.

350 4369 434 4426 13.
475 4369 588 4422 Kal
617 4368 681 4420 σὺ
714 4366 957 4437 βάδιζον,
1003 4365 1283 4420 ἀναπαύου
1331 4381 1392 4421 +
1438 4366 1517 4419 ἔτι
1567 4366 1676 4438 γὰρ
1724 4370 1861 4422 εἰσὶν

286 4460 485 4531 ἡμέραι
527 4462 623 4515 καὶ
655 4459 796 4531 ὧραι
832 4461 911 4523 είς
941 4458 1327 4530 ἀναπλήρωσιν
1358 4458 1668 4522 συντελείας
1686 4459 1742 4530 /.
1767 4462 1862 4514 καὶ

1959 3278 2048 3334 nis
2083 3279 2246 3347 hujus
2266 3319 2280 3339 .
2312 3287 2366 3332 et
2399 3277 2556 3344 cujus
2581 3277 2854 3344 parabolae
2881 3278 3040 3332 istaa?

2029 3370 2082 3425 9.
2124 3366 2189 3421 Et
2219 3368 2356 3422 dixit
2390 3367 2557 3421 mihi:
2595 3366 2905 3432 Revertere,
2925 3368 3131 3433 Daniel,
3158 3369 3284 3436 quia
3321 3369 3534 3423 obtecta

1960 3470 2015 3516 et
2048 3460 2333 3529 obsignata
2367 3468 2496 3513 sunt
2531 3461 2806 3524 mandata,
2844 3458 3204 3529 quoadusque
3261 3467 3538 3515 tententur

1960 3564 2014 3608 et
2041 3552 2448 3608 sanctiﬁcentur
2475 3552 2651 3606 multi.

2032 3644 2119 3697 10.
2163 3642 2228 3696 Et
2261 3652 2484 3712 peccent
2505 3649 2842 3713 peccatores,
2871 3651 3047 3696 etnon
3071 3642 3378 3713 intelligant
3413 3657 3536 3696 om-

1961 3748 2058 3789 nes
2093 3744 2429 3804 peccatores,
2456 3741 2509 3786 et
2536 3731 2897 3802 intelligentes
2921 3732 3217 3786 attendert.

2032 3908 2115 3962 ll.
2161 3905 2236 3960 Ex
2269 3921 2379 3977 quo
2409 3913 2653 3976 tempore
2683 3905 2941 3961 deiecerit
2964 3907 3460 3977 sacriﬁcinmjuge,
3486 3917 3539 3962 et

1960 4008 2208 4068 paratum
2248 3997 2432 4059 fuerit.
2471 4009 2529 4053 ut
2556 4000 2713 4052 detur
2758 3998 3096 4052 abominatio
3156 3998 3532 4069 desolationis,

1962 4091 2081 4147 dies
2115 4091 2261 4145 mille
2291 4091 2512 4144 ducenti
2545 4089 2861 4157 nonaginta.

2035 4184 2120 4236 12.
2153 4182 2351 4236 Beatus
2371 4181 2462 4251 qui
2498 4188 2796 4249 exspectat,
2823 4189 2874 4235 et
2909 4182 3258 4252 congregabit
3302 4182 3367 4236 ad
3422 4183 3538 4239 dies

1963 4275 2112 4329 mille
2138 4281 2413 4328 trecentos
2445 4272 2664 4344 triginta
2691 4274 2952 4342 quinque.

2036 4366 2122 4419 15.
2164 4362 2245 4418 Tu
2281 4372 2461 4418 autem
2492 4363 2650 4426 vade,
2683 4364 2984 4433 requiesce,
3022 4363 3200 4420 adhuc
3239 4365 3382 4420 enim
3412 4376 3541 4421 sunt

1964 4457 2103 4521 dies,
2133 4468 2188 4511 et
2242 4456 2390 4510 boue
2439 4453 2507 4509 ad
2561 4454 2976 4524 complctionem
3029 4457 3536 4512 conisummationis.

287 4550 591 4623 ἀναπαύσῃ.
625 4553 721 4604 καὶ
748 4552 1026 4622 ἀναστήσῃ
1057 4552 1151 4604 ἐπὶ.
1167 4549 1266 4621 τὴν
1305 4548 1464 4614 δόξαν
1500 4567 1593 4603 σου
1626 4552 1706 4615 εἰς
1736 4568 1859 4606 συν-

1970 4548 2298 4619 Requiesces
2320 4557 2524 4610 autem,
2556 4557 2611 4602 et
2638 4563 2888 4618 resurges
2916 4561 3083 4618 super
3128 4545 3353 4619 gloriam
3391 4557 3538 4603 tuam

287 4641 487 4695 πέλειαν
516 4641 759 4712 ἡμερῶν.

351 4734 551 4805 Δανιὴλ
589 4733 731 4788 κατὰ
753 4736 878 4797 τοὺς
909 4735 986 4798 0',
1024 4731 1240 4805 ἐγράφη
1273 4731 1331 4798 ἐξ
1352 4734 1690 4804 ἀντιγράφου
1715 4734 1864 4806 έχον-

290 4839 373 4889 to;
406 4825 506 4894 τὴν
535 4827 712 4895 ὑποση
722 4827 945 4895 μείωσιν
971 4824 1211 4894 ταύτην·
1248 4824 1492 4895 Ἐγράφη
1520 4827 1585 4879 ἐκ
1623 4826 1731 4881 τῶν
1757 4826 1860 4881 Τε-

291 4916 535 4986 τραπλῶυ
567 4915 629 4981 ἐξ
653 4911 728 4970 ὦν
755 4917 850 4970 καὶ
882 4915 1177 4987 παρετέθη.

884 5049 1138 5105 ΚΕΦΑΛ.
1169 5048 1241 5102 II"

895 5141 1237 5196 Σουσάννα.

356 5237 407 5291 I.
440 5239 494 5307 2
531 5236 647 5290 Kal
670 5232 738 5308 ἦν
771 5236 909 5306 ἀνὴρ
933 5232 1099 5287 οἰκῶν
1128 5236 1186 5287 ὲν
1218 5236 1519 5305 Βαϐυλῶνι,
1565 5243 1660 5295 καὶ
1689 5241 1858 5312 ὄνομα

297 5328 347 5396 2
378 5328 527 5400 αὐτῷ
577 5328 788 5382 Ἰωακεί
795 5344 854 5398 μ.

353 5419 405 5474 Ξ.
437 5423 491 5491 2
524 5421 637 5474 Kal
660 5419 818 5474 έλαόε
840 5424 1095 5491 γυναῖκα,
1179 5424 1349 5492 ὄνομα
1378 5422 1668 5488 Σουσάννα,
1694 5420 1861 5491 θυγά-

298 5513 348 5581 2
379 5528 485 5584 τηρ
517 5512 774 5579 Χελκίου,
827 5513 968 5586 καλὴ
1009 5515 1238 5586 σφόδρα,
1278 5513 1376 5567 καὶ
1429 5511 1739 5583 φοσουμένη
1767 5512 1861 5565 τὸν

299 5601 348 5667 2
380 5599 603 5673 Κύριον.
1158 5673 1162 5679 ,

358 5692 409 5748 5.
537 5695 650 5748 Kal
674 5697 723 5749 οἱ
769 5700 949 5765 γονεῖς
1003 5697 1174 5768 αὐτῆς
1207 5696 1427 5762 δίκαιοι,
1485 5697 1579 5750 καὶ
1616 5695 1858 5762 ἐδίδαξαν

300 5783 349 5854 7,
378 5784 478 5854 τὴν
500 5784 774 5859 θυγατέρα
799 5788 976 5843 αὐτῶν
1014 5789 1158 5845 κατά
1182 5790 1272 5844 τὸν
1304 5789 1467 5861 νόμον
1502 5788 1732 5859 Μωῧσῆ.

358 5875 410 5932 fa.
444 5877 495 5943 Ζ
527 5877 637 5932 Kal
674 5876 741 5952 ἦν
786 5881 1042 5954 Ἰωακεὶμ
1082 5882 1334 5947 πλούσιος
1382 5884 1585 5954 σφόδρα
1611 5922 1624 5949 ,
1667 5881 1756 5935 καὶ
1790 5877 1856 5954 ἦν

1968 4641 2022 4695 in
2048 4639 2524 4695 consummatione
2550 4637 2787 4692 dierum.

2042 4726 2229 4784 Daniel
2252 4727 2408 4795 juxta
2445 4725 2585 4781 LXX
2641 4725 2950 4795 descriptus
3000 4734 3084 4782 est
3135 4727 3203 4781 ab
3244 4727 3541 4796 exemplari

1966 4822 2202 4876 habente
2235 4818 2697 4888 subscriptionem
2733 4818 2876 4874 banc
2919 4817 3278 4889 :Descriptus
3341 4830 3422 4874 est
3473 4834 3540 4873 ex

1967 4911 2237 4981 Tetraplis
2269 4926 2393 4966 cum
2422 4910 2623 4980 quibus
2657 4911 2820 4965 etiam
2857 4911 3091 4966 collatus
3117 4922 3221 4965 est.

2543 5045 2773 5101 CAPUT
2820 5044 2963 5101 XIII.

2619 5136 2890 5192 Susanna.

2034 5244 2083 5297 l.
2129 5242 2190 5299 Et
2213 5251 2332 5299 erat
2358 5242 2443 5295 vir
2498 5241 2750 5296 habitans
2801 5241 2855 5294 in
2919 5240 3213 5312 Babylone,
3261 5250 3314 5296 et
3346 5255 3539 5298 nomen

1964 5340 2084 5411 ejus
2112 5338 2344 5395 Joacim.

2034 5431 2088 5486 2.
2131 5429 2198 5484 Ει
2225 5428 2436 5498 accepit
2464 5442 2712 5492 uxorem,
2745 5428 3048 5483 cuiuomen
3099 5427 3347 5484 Susanna
3375 5471 3389 5494 ,
3433 5428 3540 5484 lilia

1964 5521 2199 5581 CheIcia:
2225 5521 2456 5591 pulchra
2490 5520 2669 5586 valde,
2702 5528 2756 5574 et
2792 5521 2989 5575 timens
3022 5519 3334 5576 Dominum.

2038 5699 2091 5753 5.
2133 5696 2195 5751 Et
2223 5706 2475 5769 parentes
2526 5697 2646 5767 ejus
2686 5697 2858 5767 justi;
2911 5708 2965 5754 et
3014 5699 3319 5755 docuerunt
3373 5698 3535 5756 tiliam

1962 5802 2116 5843 suam
2149 5786 2446 5843 secundum
2484 5787 2652 5858 legem
2678 5786 2870 5860 Moysi.

2031 5880 2087 5935 4.
2124 5877 2253 5934 Erat
2279 5888 2461 5935 autem
2476 5876 2681 5935 Joacim
2699 5880 2850 5937 dives
2881 5881 3053 5948 valde,
3074 5889 3258 5938 cterat
3285 5883 3330 5936 ei
3345 5895 3537 5951 poma-
