4122 6320
466 389 596 443 285i

1695 374 1944 430 DAML‘L
1983 369 2208 426 JUKTA
2249 368 2389 423 LXX

3575 349 3721 401 2832

469 502 609 552 rium
643 497 878 553 \icinttm
904 496 1089 552 domui
1137 509 1281 557 sua';
1324 503 1375 548 et
1409 492 1475 546 ad
1507 493 1682 560 ipsum
1711 489 2040 550 accedebant

2162 489 2201 553 ζ
2237 481 2385 552 αύτῷ
2428 478 2753 550 παράδεισος
2781 470 3032 543 γειτνιῶν
3085 465 3162 536 τῷ
3199 466 3331 533 οίκῳ
3369 457 3562 512 αὐτοῦ’
3610 457 3724 560 νκαὶ,

465 590 659 654 Judaei.
684 604 748 644 eo
777 588 921 659 quod
959 595 1103 643 esset
1130 584 1509 640 lionorabilior
1554 582 1828 636 omnibus.

541 767 595 820 5.
640 764 702 819 Et
728 765 985 820 declarati
1017 772 1146 818 sunt
1171 761 1282 816 duo
1333 760 1576 814 seniores
1621 758 1686 812 de
1726 756 2044 826 populoju-

469 857 618 912 dices
645 857 696 910 in
720 871 865 910 anno
892 855 1004 917 illo,
1031 854 1096 908 de
1118 853 1317 922 quibus
1344 852 1604 920 loquutus
1633 859 1717 903 est
1743 847 2039 902 Dominus:

2238 539 2374 642 πρὸς
2407 539 2568 624 αύτέν
2600 566 2934 636 προσήγοντο
2971 561 3019 611 oi.
3065 554 3331 614 Ἰουδαῖοι,
3379 549 3466 602 δια
3494 547 3553 598 τὸ
3585 539 3722 598 εἶναι

2153 669 2204 734 2
2239 664 2400 718 αὑτὸν
2433 658 2770 726 ἐνδοξότερον
2801 656 3036 708 πάντων.

2217 756 2268 810 5.
2306 756 2357 821 Ζ
2392 751 2503 806 Kal
2548 722 2948 817 ἀπεδείχθησαν
2983 741 3076 795 δύο
3117 731 3482 808 πρεσϐύτεροι
3535 728 3606 821 ἐκ
3627 722 3725 821 τρῦ

2154 809 2373 913 κλαοὸ
2425 841 2612 912 κριταὶ
2659 839 2717 890 ἐν
2741 809 2845 905 "alii
2897 827 3130 898 ἐνιαυτῷ
3168 823 3363 892 ἐκείνῳ
3491 817 3619 913 περὶ
3637 809 3726 913 ιῖιν

472 947 606 1014 Quia
631 960 849 1017 egressa
882 953 964 999 est
998 905 1258 1011 iniquitas
1295 940 1362 994 de
1411 905 1689 1010 liabylone
1737 953 1766 992 a
1810 936 2044 990 seniori-

2162 905 2407 1006 ξλάλησεν
2437 905 2474 986 ὁ.
2494 930 2791 998 Δεσπότης·
2835 927 2956 978 “Ott
2983 917 3206 989 ἐξῆλθεν
3234 912 3444 1017 ἀνομία
3465 905 3728 1017 ἐκρΒαϐυο

473 1039 576 1095 bus
596 1038 894 1110 judicibus,
926 1035 1019 1105 qui
1054 1033 1378 1089 videbantur
1399 1045 1586 1102 regere
1619 1027 1900 1100 populum.

544 1212 597 1265 6.
642 1211 710 1265 Et
735 1210 1026 1266 veniebam
1065 1207 1452 1264 controversia:
1485 1207 1547 1260 de
1573 1206 1694 1261 aliis
1728 1203 2046 1258 civitatibus

427 1314 434 1321 '
474 1305 542 1358 ad
568 1318 679 1357 eos.

547 1396 599 1450 7.
640 1395 728 1450 Isti
753 1410 876 1448 cum
907 1393 1153 1448 viderent
1187 1392 1465 1445 mulierem
1510 1391 1809 1460 elegantem
1850 1387 2046 1451 forma,

479 1487 762 1542 mulierem
805 1485 991 1540 fratris
1027 1485 1110 1538 sui
1145 1485 1210 1538 de
1238 1483 1362 1538 filiis
1392 1481 1557 1537 Israel
1587 1481 1806 1534 nomine
1842 1478 2048 1533 Susan-

478 1579 803 1644 nam,liliam
823 1576 1075 1640 Chelciaa,
1105 1590 1327 1628 uxorem
1347 1571 1577 1636 Joacim,
1605 1571 2045 1626 deambulantrm

479 1669 534 1722 in
563 1668 810 1738 pomario
847 1668 947 1721 viri
984 1667 1068 1721 sui
1099 1675 1342 1734 tempore
1369 1663 1762 1734 pomeridiano.

550 1846 603 1900 8.
648 1845 714 1899 Et
741 1861 864 1899 cum
896 1845 1281 1914 concupissent
1310 1858 1454 1898 eam.

552 1939 606 1993 9.
651 1938 1035 1992 Perverterunt
1068 1946 1303 1991 mentem
1337 1951 1513 1997 suam,
1552 1943 1605 1987 ct
1642 1933 2054 1987 declinaverunt

479 2030 670 2086 oculos
695 2045 846 2092 suns,
884 2043 952 2082 ne
987 2026 1292 2096 aspicerent
1321 2028 1374 2079 in
1405 2025 1627 2088 coelum,
1672 2038 1845 2092 neque
1880 2036 2055 2075 recor-

480 2119 1087 2189 darenturjudiciorum
1119 2118 1419 2185 justorum.

557 2211 641 2265 10.
685 2210 931 2266 Etambo
955 2217 1112 2265 erant
1150 2208 1390 2264 stimulis
1435 2207 1619 2277 agitati
1653 2221 1782 2274 erga
1822 2219 1962 2266 eam,
2000 2210 2055 2256 et

483 2299 621 2353 alter
656 2299 807 2352 alteri
833 2297 1216 2353 dissimulabat
1237 2295 1525 2357 malitiam,
1581 2308 1697 2362 quae
1747 2292 2056 2362 possidebat

484 2405 582 2446 eos
609 2398 830 2461 propter
856 2389 1065 2460 ipsam;
1106 2403 1283 2458 neque
1341 2385 1536 2440 mulier
1576 2390 1905 2453 cognoverat
1943 2397 2054 2435 rem

486 2482 649 2538 hanc.

556 2571 641 2626 l2.
683 2571 748 2625 Et
782 2572 965 2626 statim
991 2570 1232 2626 diluculo
1261 2569 1534 2623 venientes
1584 2567 1835 2621 fallebant
1887 2583 1944 2620 se
1979 2565 2060 2618 in-

485 2652 684 2734 vicem,
720 2665 1086 2719 accelerantes
1107 2663 1231 2734 quis
1261 2670 1544 2732 appareret
1575 2661 1623 2716 ei
1675 2661 1844 2729 prior,
1889 2672 1941 2714 et
1983 2664 2060 2713 lo-

486 2765 748 2827 queretur
775 2755 840 2809 ad
871 2771 1012 2810 eam.

561 2849 648 2902 15.
691 2846 756 2902 Ει
788 2863 914 2902 ecce
941 2848 1054 2918 ipsa
1095 2847 1251 2917 juxta
1297 2843 1750 2900 consuetudinem
1794 2843 2060 2897 deambu-

489 2938 656 2999 labat.
681 2947 734 2992 et
763 2953 906 2992 unus
934 2939 1000 2991 de
1039 2937 1349 2992 senioribus
1385 2945 1636 3000 venerat;
1674 2944 1727 2990 et
1765 2949 1891 2989 ecce
1921 2934 2061 2988 allus

489 3031 727 3095 advenit,
763 3039 814 3084 et
840 3046 982 3085 unus
1015 3029 1180 3084 alium
1211 3027 1589 3098 interrogavit,
1631 3027 1818 3081 dicens
1846 3045 1859 3080 :
1885 3025 2062 3092 Quare

490 3129 549 3176 tu
588 3121 657 3174 ita
685 3135 841 3174 mane
870 3135 1122 3188 egressus
1150 3132 1229 3182 es,
1264 3130 1371 3170 non
1394 3115 1667 3184 accipiens
1689 3113 1816 3167 me?

566 3212 652 3265 14.
695 3211 759 3266 Ει
789 3209 1024 3266 confessi
1058 3217 1187 3263 sunt
1219 3207 1591 3276 unusquisque
1638 3205 1779 3259 inter
1805 3219 1864 3258 se
1908 3202 2062 3257 dolo-

491 3318 607 3360 rem
641 3317 824 3356 suum.

566 3394 652 3450 19.
693 3394 759 3448 Et
788 3394 924 3448 dixit
952 3407 1094 3447 unus
1128 3388 1280 3444 alteri
1313 3406 1326 3442 :
1371 3385 1568 3442 Eamus
1598 3386 1829 3441 adeam.
1857 3383 1920 3436 Et
1941 3398 2068 3438 con-

487 3487 667 3561 junCti
716 3493 1067 3542 accesserunt
1112 3480 1181 3535 ad
1238 3495 1383 3543 eam,
1414 3488 1468 3533 et
1528 3479 1634 3530 vim
1686 3475 1956 3530 faciebant
2014 3475 2065 3527 in

565 3593 637 3630 m.

565 3593 637 3630 m.

493 3593 656 3720 ea22.
697 3665 764 3717 Et
793 3663 930 3716 dixit
956 3663 1061 3715 illis
1087 3659 1274 3713 Judaea
1301 3675 1314 3709 :
1343 3657 1476 3712 Novi
1499 3657 1626 3727 quia
1654 3655 1700 3710 si
1749 3670 1910 3724 egero
1941 3653 2064 3719 hoc,

497 3772 649 3815 mors
678 3753 810 3809 mihi
837 3764 941 3819 est,
968 3761 1022 3806 et
1044 3752 1088 3806 si
1124 3766 1231 3806 non
1260 3764 1440 3820 egero,
1473 3763 1578 3803 non
1598 3746 1850 3818 effugiam
1876 3760 2069 3800 manus

497 3857 727 3902 vestras.

567 3943 659 3996 23.
697 3938 799 3992 Sed
829 3935 1112 3991 honestius
1143 3933 1273 3986 mihi
1307 3941 1391 3986 est
1430 3945 1534 3984 non
1586 3928 1876 3984 facientem
1927 3928 2067 3983 inci-

496 4036 626 4092 dere
655 4033 709 4086 in
741 4045 935 4085 manus
967 4037 1195 4091 vestras,
1223 4039 1382 4093 quam
1422 4035 1644 4092 peccare
1693 4021 1744 4074 in
1777 4028 2070 4090 conspectu

499 4125 736 4182 Domini.

567 4219 658 4272 28.
699 4213 873 4284 lniqui
906 4222 1082 4267 autem
1115 4211 1214 4263 viri
1265 4209 1465 4264 reversi
1513 4215 1641 4263 sunt
1677 4205 2072 4261 comminantes

501 4311 557 4367 in
579 4309 906 4376 semetipsis,
932 4314 985 4360 et
1019 4303 1246 4358 insidias
1273 4309 1548 4371 parantes,
1594 4309 1652 4353 ut
1699 4307 1874 4352 morte
1896 4297 2073 4351 allice—

501 4412 626 4461 rent
653 4417 790 4458 eam.
829 4399 891 4454 Et
922 4406 1185 4451 venerunt
1218 4394 1283 4448 ad
1312 4393 1657 4464 Synagogam
1689 4391 1951 4455 civitatis,
1978 4388 2070 4444 ubi

2146 997 2312 1091 λῶνος
2335 1027 2397 1079 ἐκ
2430 1019 2816 1094 πρεσϐυτέρων
2845 1012 3069 1086 κριτῶν,
3119 1009 3168 1062 οἳ
3200 1004 3420 1059 ἐδόκουν
3455 997 3727 1069 κυϐερνᾷν

2145 1117 2236 1172 τὸν
2261 1117 2408 1171 λαόν.

2219 1209 2271 1262 6.
2311 1209 2421 1262 Kal
2463 1207 2693 1276 ήρχοντο
2753 1196 2961 1267 κρίσεις
3003 1193 3061 1257 ἐξ
3111 1189 3288 1245 ἀλλων
3328 1185 3532 1238 πόλεων
3586 1181 3728 1254 πρὸς

2149 1299 2367 1362 αὐτούς.

2223 1396 2272 1448 '7.
2304 1388 2462 1448 Οὗτοι
2493 1390 2690 1450 ἰδόντες
2714 1387 2947 1454 γυναῖκα
2975 1376 3197 1432 ἀστείαν
3223 1373 3301 1444 τῷ
3321 1371 3469 1425 εῖδει.
3497 1369 3732 1436 γυναῖκα

2149 1483 2378 1553 ἀδελφοῦ
2412 1479 2589 1534 αὐτῶν
2624 1478 2688 1529 ἐκ
2715 1474 2822 1528 τῶν
2861 1469 2991 1525 υἱῶν
3038 1465 3255 1536 Ἰσραὴλ
3297 1461 3472 1553 ὄνομα
3496 1459 3734 1511 Σουσάν-

2149 1592 2266 1638 ναν,
2292 1551 2580 1640 θυγατέρα
2607 1563 2860 1626 Χελκίου,
2897 1559 3134 1629 γυναῖκα
3178 1551 3457 1620 Ἰωακεὶμ,
3492 1561 3736 1640 περιπα-

2149 1637 2349 1720 τούσαν
2378 1637 2434 1717 ἐν
2453 1637 2531 1732 τῷ
2561 1656 2874 1730 παραδείσῳ
2901 1650 2996 1706 τοῦ
3040 1645 3232 1718 ἀνδρὸς
3279 1641 3450 1713 αὐτῆς
3468 1638 3529 1693 τὸ
3554 1637 3737 1692 δειλι-

2151 1759 2263 1814 νόν.

2083 1819 2126 1873 Β
2226 1851 2280 1903 8.
2313 1847 2423 1900 Kal
2462 1841 2905 1910 ἐπιθυμήσαντες
2926 1835 3115 1901 αὐτῆς.

2223 1940 2276 1994 9.
2312 1907 2645 2004 Διέστρεψαν
2672 1907 2763 1982 τὸν
2782 1925 2905 1980 νούν
2931 1921 3128 1984 αὐτῶν,
3166 1916 3259 1972 καὶ
3293 1912 3570 2004 ἐξέκλιναν
3606 1907 3738 2004 τοὺς

2154 1996 2702 2102 ὀφθαλμοὺςούτῶν,
2736 2017 2831 2072 τοῦ
2875 2015 2950 2086 μὴ
2986 2011 3202 2084 βλέπειν
3235 2009 3314 2071 είς
3355 2003 3446 2058 τὸν
3482 1996 3734 2068 οὐρανὸν,

2159 2101 2294 2196 μηδὲ
2330 2115 2692 2192 μνημονεύειν
2715 2109 3000 2182 χριμάτων
3024 2101 3268 2158 δικαίων.

2231 2183 2312 2268 l0.
2330 2183 2465 2263 ’Κάὶ
2491 2205 2794 2277 ἀμφότεροι
2816 2196 2954 2270 ἦσαν
2983 2187 3444 2260 κατανενυγμένοι
3472 2184 3602 2277 περὶ
3631 2183 3735 2277 αύ-

2155 2302 2276 2371 τῆς,
2309 2299 2404 2351 καὶ
2424 2270 2612 2366 ἕτερος
2635 2270 2720 2361 τῷγ
2755 2287 2927 2358 ἑτέρῳ
2964 2283 3025 2337 ού
3072 2277 3444 2351 προσεποιεῖτο
3476 2273 3536 2326 τὸ
3564 2270 3734 2324 κακὸν

2157 2361 2366 2460 τὸμέχον
2417 2361 2618 2447 αὐτοὺς
2668 2381 2798 2452 περὶ
2837 2376 3006 2446 αὐτῆς
3030 2414 3044 2438 ,
3082 2369 3203 2424 ούδέ
3250 2369 3284 2438 ή
3338 2365 3474 2436 γυνὴ
3503 2363 3642 2432 ἔγνω
3675 2361 3737 2412 τὸ

2163 2484 2392 2554 πρᾶγμα
2416 2475 2592 2530 τοῦτο.
3396 2484 3405 2495 ’

2356 2571 2469 2624 Kal
2519 2568 2594 2629 ὼς
2637 2563 2848 2632 ἐγίνετο
2879 2558 3105 2630 δρθρος,
3161 2552 3441 2624 ἐρχόμενοι
3479 2546 3738 2598 ἔκλεπτον

2160 2664 2420 2737 ἀλλήλους
2455 2658 2798 2718 σπεύδοντες,
2825 2652 2908 2714 τίς
2957 2648 3255 2720 φανήσεται
3280 2643 3418 2711 αὐτῇ
3453 2637 3734 2708 πρότερος.

2164 2759 2257 2813 καὶ
2287 2755 2512 2824 λαλήσει
2539 2748 2675 2818 πρὸς
2713 2744 2900 2814 αὑτήν.

2236 2849 2319 2902 15.
2357 2815 2469 2898 Kal
2496 2815 2604 2894 ἰδού
2630 2837 2773 2906 αὕτη
2795 2832 2939 2888 κατά
2963 2831 3023 2883 τὸ
3045 2827 3234 2890 εἰωθὸς
3265 2821 3585 2895 περιεπάτει
3605 2833 3618 2846 '
3644 2815 3738 2869 καὶ

2162 2943 2189 2994 ὁ
2218 2933 2299 3002 εἷς
2325 2937 2433 2990 τῶν
2474 2929 2861 3004 πρεσϐυτέρων
2895 2920 3160 2994 ἐληλύθει,
3219 2915 3315 2970 xal
3373 2911 3535 3004 ἰδοὺᾉὸ
3553 2909 3738 3004 ἑτερο-ς

2167 2996 2638 3102 παρεγένετοξκαὶ
2677 2996 2768 3083 εἷς’
2796 3017 2888 3070 τὸν
2917 3015 3104 3084 ἐτερον
3137 3008 3409 3079 ἀνέκρινε,
3444 3002 3652 3070 λέγων’
3675 2996 3742 3051 Τί

2089 3141 2132 3197 c
2167 3123 2230 3176 σὺ
2252 3097 2431 3182 οὕτως
2463 3116 2658 3187 ὄρθρου
2690 3108 2912 3180 ἐξῆλθες
2938 3105 2999 3158 ού
3033 3097 3362 3197 παραλαὸῳν
3395 3109 3500 3197 μεξ

2238 3212 2322 3266 ιι.
2357 3210 2467 3262 Kal
2495 3185 2971 3275 ἐξωμολογήσαντο
2999 3195 3135 3264 πρὸς
3164 3189 3430 3260 ἀλλήλους
3483 3185 3742 3254 ἑκάτερος

2165 3306 2263 3376 τὴν
2291 3301 2484 3372 ὀδύνην
2515 3294 2698 3352 αὐτοῦ.
3603 3325 3607 3328 .

2236 3391 2322 3446 19.
2354 3365 2466 3443 Kal
2512 3382 2666 3439 εἶπεν
2705 3385 2789 3448 τὶς
2839 3380 2919 3452 τῷ
2951 3377 3154 3448 ἑτέρῳ*
3181 3368 3544 3444 Πορευθῶμεν
3601 3365 3741 3434 πρὸς

2167 3485 2358 3552 αὑτήν.
2396 3481 2510 3534 Kal
2539 3474 2852 3547 συνθέμενοι
2894 3467 3268 3543 προσήλθοσαν
3314 3463 3475 3533 αὐτῇ,
3515 3457 3611 3512 καὶ
3656 3457 3745 3521 ἐξ·

2167 3573 2450 3637 εϐιὰζοντο
2475 3569 2668 3639 αὑτήν.

2236 3664 2328 3718 22.
2358 3662 2468 3715 Kal
2489 3655 2640 3712 εἶπεν
2663 3657 2845 3719 αὐτοῖς
2868 3656 2901 3726 ή
2940 3652 3186 3706 ’Ῑουδαία’
3203 3643 3354 3713 Οἶδα,
3372 3645 3455 3698 ὅτι
3479 3643 3572 3697 ἐᾶν
3606 3641 3748 3712 πρά-

2170 3757 2246 3824 ξω
2273 3752 2448 3818 τοῦτο,
2482 3748 2709 3811 θάνατός
2742 3763 2832 3816 μοι
2851 3743 2986 3797 ἐστί·
3021 3742 3116 3796 καὶ
3148 3741 3244 3795 ἐάν
3285 3736 3360 3808 μὴ
3395 3733 3622 3807 πράξω,
3645 3733 3747 3786 οὐκ

2169 3841 2501 3913 ἐκφεύξομαι
2531 3838 2628 3900 τὰς
2654 3838 2841 3906 χεῖρας
2871 3830 3045 3902 ὑμῶν.

2238 3911 2331 3988 23.
2363 3929 2597 3986 Κάλλιον
2630 3927 2687 3980 δέ
2715 3942 2782 3996 με
2809 3923 2883 3996 μὴ
2908 3921 3196 3994 πράξασαν
3238 3919 3499 3988 ἐμπεσεῖν
3541 3916 3618 3977 είς
3646 3911 3745 3976 τὰς

2171 4029 2360 4098 χεῖρας
2385 4022 2558 4093 ὑμῶν,
2584 4021 2617 4092 ἢ
2653 4018 2919 4090 ἁμαρτεῖν
2944 4012 3173 4067 ἐνώπιον
3200 4009 3432 4082 Κυρίου.

2242 4209 2332 4263 28.
2360 4208 2423 4260 Οἱ
2449 4206 2506 4259 δὲ
2536 4203 2838 4273 παράνομοι
2865 4197 3054 4269 ἄνδρες
3078 4190 3430 4264 ἀπέστρεψαν
3462 4187 3748 4243 άπειλοῦνο

2172 4317 2262 4363 τες
2287 4301 2344 4352 ἐν
2379 4297 2612 4359 ἑαυτοῖς,
2645 4293 2740 4346 καλ⁹
2769 4288 3159 4360 ἐνεδρεύοντες,
3203 4285 3292 4339 ἵνα
3343 4279 3749 4336 θανατώσουσιν

2175 4389 2347 4458 αὑτήν
2362 4404 2376 4418 ’
2419 4387 2516 4440 και
2535 4384 2780 4444 ἐλθόντες
2800 4379 2896 4433 ἐπὶ
2919 4377 3017 4446 τὴν
3057 4371 3391 4442 Συναγωγὴν
3408 4369 3504 4439 τῆς
3537 4367 3746 4431 πόλεως

503 4495 840 4556 habitabant,
879 4499 933 4544 et
984 4459 1372 4549 consederunt,
1423 4459 1515 4555 qui
1542 4459 1722 4538 erant
1769 4484 1843 4538 ibi
1878 4498 2062 4538 omnes

2176 4478 2235 4537 οὗ
2256 4481 2576 4553 παρῴκουν,
2601 4475 2697 4530 καὶ
2733 4471 3101 4543 συνήδρευσαν
3129 4467 3178 4520 οί
3206 4465 3358 4526 ὄντες
3395 4463 3512 4516 ἐκεῖ
3544 4459 3750 4522 πάντες

500 4586 596 4646 ﬁlii
625 4583 810 4640 Israel.

569 4675 662 4733 29.
705 4673 770 4727 Et
801 4679 1089 4740 surgentes
1120 4667 1229 4722 duo
1291 4665 1537 4720 seniores
1570 4671 1624 4717 et
1670 4663 1884 4733 judices
1925 4663 2074 4717 dixe-

500 4775 634 4825 runt
664 4781 677 4818 :
711 4764 904 4818 Mittite
931 4759 997 4814 ad
1025 4759 1334 4813 Susannam
1363 4753 1526 4808 liliam
1565 4752 1816 4817 Clielciae,
1845 4767 1965 4822 qua:
1991 4760 2075 4806 est

499 4872 646 4918 uxor
670 4853 901 4912 Joacim.
944 4849 1024 4904 llli
1063 4857 1244 4903 autem
1273 4846 1456 4901 statim
1487 4852 1831 4913 vocaverunt
1857 4857 1999 4897 eam.

573 5038 661 5093 50.
708 5035 771 5091 Ut
808 5041 988 5088 autem
1017 5029 1233 5085 advenit
1266 5026 1461 5080 mulier
1507 5040 1630 5079 cum
1684 5030 1836 5094 patre
1869 5037 1990 5085 suo,
2022 5033 2071 5077 et

505 5141 700 5194 matre,
749 5138 800 5182 et
825 5125 989 5188 servi,
1019 5133 1073 5177 ct
1121 5119 1330 5175 ancillae
1380 5117 1520 5186 ejus,
1577 5129 1700 5169 cum
1759 5123 1943 5168 essent
1974 5130 2076 5167 nu-

505 5238 658 5279 mero
713 5215 1127 5291 quinquaginta,
1188 5209 1482 5266 adfuerunt
1531 5215 1584 5262 et
1624 5205 1774 5261 filioli
1811 5204 2075 5260 Susanna:

505 5324 758 5386 quatuor.

574 5407 664 5458 5|.
708 5401 837 5455 Erat
860 5408 1039 5454 autem
1073 5395 1267 5450 mulier
1298 5391 1529 5449 delicata
1570 5389 1752 5444 nimis.

577 5494 663 5547 32.
707 5493 770 5546 Et
799 5493 1084 5561 jusserunt
1117 5489 1288 5558 iniqui
1335 5483 1687 5554 discooperiri
1711 5498 1855 5550 eam,
1898 5491 1956 5537 ut
1988 5500 2076 5538 sa-

511 5585 777 5638 tiareutur
807 5583 1006 5638 decore
1037 5577 1494 5648 concupiscentiae
1527 5575 1666 5645 ejus.

579 5674 667 5726 35.
713 5675 774 5726 Et
812 5673 1076 5726 ﬂeverunt
1106 5670 1187 5722 sui
1223 5683 1432 5733 onmes,
1472 5667 1635 5734 ctqui
1669 5683 1787 5721 eam
1816 5677 2079 5722 noverant

519 5777 722 5816 (1111105.

2175 4576 2224 4627 οἱ
2247 4573 2355 4626 υἱοὶ
2400 4567 2636 4640 Ἰσραήλ.

2243 4665 2334 4719 29.
2359 4663 2465 4715 Kal
2499 4657 2829 4715 ἀναστάντες
2855 4656 2905 4708 oi
2923 4653 3015 4707 δύο
3034 4650 3391 4721 πρεσϐύτεροι
3442 4649 3536 4703 καὶ
3565 4647 3750 4718 κριταὶ

2176 4755 2339 4812 εἶπαν
2360 4774 2373 4786 ·
2421 4748 2805 4807 Ἀποστείλατε
2836 4746 2928 4799 ἐπὶ
2974 4745 3280 4798 Σουσάνναν
3304 4741 3582 4811 θυγατέρα
3615 4739 3750 4791 Χελ-

2177 4850 2318 4914 κίου,
2346 4848 2467 4917 ήτις
2499 4843 2617 4897 ἐστὶ
2640 4838 2777 4910 γυνὴ
2817 4835 3088 4906 Ἰωακείμ.
3119 4833 3181 4889 Οἱ
3218 4832 3274 4887 δέ
3315 4831 3520 4895 εὐθέως
3563 4829 3753 4883 ἐκάλε-

2179 4959 2276 4996 σαν
2303 4939 2494 5008 αὑτήν.

2247 5032 2336 5087 50.
2376 5029 2464 5090 Ὧς
2492 5025 2548 5078 δὲ
2573 5019 2924 5094 παρεγενήθη
2949 5019 2980 5089 ή
3017 5015 3156 5086 γυνὴ
3184 5014 3280 5068 σὺν
3319 5015 3398 5083 τῷ
3420 5012 3590 5082 πατρὶ
3618 5011 3750 5062 ἐαυ-

2176 5126 2293 5193 τῆς,
2325 5121 2420 5174 καὶ
2468 5119 2534 5189 τῇ
2567 5114 2755 5186 μητρὶ,
2789 5113 2883 5166 καλ⁵
2912 5113 2961 5164 οί
2986 5109 3196 5170 παῖδες,
3253 5106 3348 5160 καὶ
3377 5105 3433 5158 αἱ
3465 5103 3747 5156 παιδίσκαι

2175 5211 2344 5280 αὐτῆς
2367 5207 2518 5271 ὄντες
2544 5205 2635 5259 τὸν
2678 5201 2906 5275 ἀριθμὸν
2956 5197 3340 5269 πεντηκοστοὶ,
3390 5193 3750 5266 παρεγένοντο

2177 5305 2273 5358 καὶ
2294 5302 2361 5355 τὰ
2393 5298 2579 5354 παιδία
2609 5295 2915 5356 Σουσάννας
2944 5292 3208 5359 τέσσαρα.

2248 5395 2334 5452 51.
2355 5388 2464 5446 Ἦν
2493 5389 2552 5444 δὲ
2579 5391 2610 5460 ή
2642 5386 2778 5459 γυνὴ
2808 5387 3055 5456 τρυφερά
3100 5381 3322 5452 σφόδρα.

2249 5484 2338 5538 52.
2368 5483 2478 5536 Kal
2537 5476 2878 5552 προσέταξαν
2930 5476 2976 5528 οἱ
3027 5471 3332 5544 παράνομοι
3401 5465 3750 5535 ἀποκαλύψαι

2179 5576 2369 5645 αὐτὴν,
2407 5574 2493 5625 ἵνα
2514 5568 2869 5642 ἐμπλησθῶσι
2902 5566 3128 5630 κάλλους
3161 5561 3460 5632 ἐπιθυμίας
3494 5558 3686 5628 αὐτῆς.

2250 5666 2338 5719 55.
2367 5665 2483 5720 Kal
2509 5660 2798 5715 ἐκλαίοσαν
2819 5659 2869 5710 oi
2901 5656 3030 5728 παρ’
3053 5655 3221 5724 αὐτῆς
3271 5651 3490 5714 πάντες,
3520 5647 3612 5700 ml
3637 5647 3749 5699 ὅσοι

2183 5757 2348 5818 αὐτὴν
2374 5749 2588 5818 ᾔδεισαν
2631 5750 2845 5811 πάντες.
