4122 6320
250 411 390 467 2833

321 524 409 579 54.
455 524 812 586 umnam-3;
854 521 909 577 δὲ
962 522 1011 575 οἱ
1079 521 1443 592 πρεσϐύτεροι

254 615 526 682 ἐπέθηκαν
561 613 661 674 τὰς
682 613 870 682 χεῖρας
908 610 1086 664 αὐτῶν
1116 612 1210 663 ἐπὶ
1234 611 1334 680 τῆς
1368 609 1612 679 κεφαλῆς
1639 609 1829 678 αὐτῆς.

324 705 411 758 55.
456 702 523 754 Ἡ
541 703 600 755 δὲ
630 702 826 771 καρδία
861 702 1032 772 αὐτῆς
1073 702 1356 755 ἐπεποίθει
1397 703 1492 754 ἐπὶ
1539 700 1729 771 Κυρίῳ
1755 699 1834 770 τῷ

252 793 371 863 θεῴ
391 793 583 862 αὐτῆς,
614 794 708 846 καὶ
727 793 1072 863 ἀνακύψασα,
1101 793 1366 846 ἔκλαυσεν
1386 795 1444 845 ὲν
1475 794 1614 863 αὐτῇ
1641 793 1832 860 λέγου-

256 904 350 938 σα·
381 885 555 954 Κύριε
590 887 620 937 ό
645 884 777 947 Θεὸς
804 887 833 937 ό
860 885 1099 950 αἰώνιος,
1138 887 1167 939 ὀ
1197 884 1352 948 εἰδὼς
1379 884 1448 938 τὰ
1494 884 1673 937 πάντα
1704 884 1834 953 πρὶν

256 976 517 1044 γενέσεως
539 975 741 1043 αὐτῶν,
774 978 838 1030 σὺ
875 971 1042 1042 οἶδας,
1069 977 1152 1030 ὅτι
1179 977 1278 1030 οὐκ
1311 976 1544 1047 ἐποίησα
1585 975 1622 1029 ἃ
1667 993 1836 1044 πονη-

259 1069 504 1138 ρεύονται
528 1069 577 1121 οί
602 1067 794 1136 ἄνομοι
826 1062 972 1122 οὗτοι
993 1069 1080 1121 ἐπ’
1111 1069 1252 1139 ἐμοί.
1276 1069 1389 1122 Kal
1423 1070 1705 1140 εἰσήκουσε
1731 1067 1837 1122 Κύ-

263 1175 372 1228 ριος
393 1157 492 1227 τῆς
524 1158 760 1228 δεήσεως
790 1158 982 1230 αὐτῆς.

327 1249 414 1304 36.
449 1250 514 1302 Οί
536 1249 594 1304 δὲ
619 1247 711 1302 δύο
749 1251 1307 1324 πρεσϐύτεροιεῖπαν·
1348 1253 1537 1322 Ἡμεῖς
1565 1269 1832 1324 περιεπα-

261 1340 456 1411 τοῦμεν
485 1344 542 1394 ὲν
571 1341 648 1413 τῷ
681 1343 999 1414 παραδείσῳ
1017 1344 1110 1398 τοῦ
1137 1344 1328 1416 ἀνδρὸς
1358 1345 1552 1414 αὐτῆς.

329 1433 416 1486 57.
451 1433 563 1485 Kal
618 1432 947 1497 κυκλοῦντες
995 1435 1056 1490 τὸ
1089 1435 1322 1502 στάδιον,
1377 1435 1589 1505 εἴδομεν
1631 1434 1836 1505 ταύτην

263 1524 679 1595 ἁναπαυομένην
701 1528 838 1596 μετὰ
864 1526 1078 1596 ἀνδρὸς,
1119 1528 1216 1580 καὶ
1244 1529 1468 1590 στάντες
1495 1527 1836 1598 ὲθεωροῦμεν

266 1615 455 1678 αὐτοὺς
483 1615 804 1685 ὁμιλοῦντας
827 1616 1099 1688 ἀλλήλοις.

333 1704 416 1759 58.
443 1706 554 1758 Kal
589 1706 743 1759 αὐτοὶ
769 1707 868 1759 οὐκ
896 1707 1136 1777 ᾔδεισαν,
1169 1708 1250 1760 ὃτι
1279 1709 1628 1778 εἱστήκειμεν
1649 1722 1662 1735 ⁸
1715 1708 1836 1760 τότε

270 1795 635 1905 σὲνειπὰμεθα
663 1797 914 1869 ἀλλήλοις
933 1798 1201 1867 λέγοντες·
1222 1798 1498 1868 Μάθωμεν
1528 1798 1672 1862 τίνες
1699 1799 1838 1851 εἰσὶν

268 1902 425 1940 ουτοι.

331 1975 416 2031 39.
451 1977 563 2030 Kal
589 1977 979 2048 προσελθόντες
1005 1977 1322 2049 ἐπέγνωμεν
1349 1979 1521 2050 αὑτήν
1544 1997 1558 2011 ·
1582 1978 1610 2030 ὁ
1631 1979 1687 2032 δὲ
1715 1996 1841 2034 νεα-

268 2069 442 2133 νίσκος
479 2070 648 2140 ἔφυγε
679 2071 1222 2142 συγκεκαλυμμένος.

332 2159 421 2217 40.
454 2161 675 2232 Ταύτης
706 2163 763 2216 δὲ
791 2162 1196 2232 ἐπιλαϐόμενοι,
1227 2163 1606 2234 ὲπηρωτῶμεν
1649 2162 1838 2233 αὐτὴν,

270 2251 346 2314 τίς
369 2253 396 2304 ὀ
429 2250 736 2322 ἄνθρωπος,
793 2255 890 2308 καὶ
938 2257 1038 2308 οὐκ
1068 2253 1406 2326 ἀπήγγειλεν
1457 2257 1590 2325 ἡμῖν
1626 2254 1707 2319 τίς
1748 2249 1837 2326 ἦν.

273 2339 449 2394 Ταῦτα
486 2343 894 2414 μαρτυροῦμεν.

335 2433 422 2490 ll.
456 2435 568 2487 Kal
597 2436 918 2492 ἐπίστευσεν
950 2441 1134 2505 αὐτοῖς
1163 2442 1196 2510 ἡ
1225 2439 1524 2510 Συναγωγὴ
1555 2440 1728 2504 πᾶσα,
1766 2439 1843 2501 ὡς

274 2523 654 2594 πρεσϐυτέρων
695 2525 866 2581 ὄντων
897 2530 993 2582 καὶ
1025 2530 1227 2600 κριτῶν
1257 2530 1350 2584 τοῦ
1382 2529 1534 2583 λαοῦ.

337 2613 422 2667 45.
457 2615 570 2668 Kal
615 2615 722 2668 ἰδοὺ
753 2617 982 2686 ἄγγελος
1012 2622 1241 2691 Κυρίου,
1273 2621 1490 2693 ἐκείνης
1507 2621 1844 2691 ἑξαγομένης

274 2705 584 2773 ἀπολέσθαι,
621 2711 714 2764 καὶ
736 2710 974 2764 ἐδωκενό
1000 2712 1254 2782 ἄγγελος,
1290 2712 1473 2776 καθὼς
1504 2713 1840 2782 προσετάγη,

273 2796 483 2868 πνεῦμα
511 2801 780 2867 συνέσεως
805 2805 1051 2875 νεωτέρῳ
1075 2805 1189 2859 ὄντι
1219 2807 1437 2879 Δανιήλ.

337 2978 427 3033 48.
454 2981 774 3046 Διαστείλας
810 2984 867 3037 δὲ
911 2985 1109 3056 Δανιὴλ
1142 2984 1231 3038 τὸν
1282 2985 1458 3056 ὗχλον,
1508 2987 1604 3039 καὶ
1628 2988 1759 3050 στὰς
1785 2989 1843 3040 ὲν

274 3071 422 3142 μέσῳ
450 3074 629 3128 αὐτῶν
660 3071 812 3129 εἶπεν
836 3095 848 3108 ο
882 3077 1088 3144 Οὕτως,
1119 3082 1294 3150 μωροὶ
1315 3082 1422 3134 υἱοὶ
1463 3081 1698 3152 Ἰσραὴλ,
1742 3084 1843 3136 οὐκ

1693 402 1924 459 CAPUT
1975 401 2109 456 XIII.

1522 523 1618 575 καὶ
1651 521 1839 592 κριταὶ

2013 522 2101 578 54.
2144 521 2546 592 Consurgentes
2603 530 2784 577 autem
2867 519 3114 574 seniores
3191 528 3244 573 et
3303 519 3518 588 judice:

3374 401 3518 457 29.5}.

1942 616 2320 683 imposuerunt
2343 631 2538 668 manus
2579 630 2704 668 suas
2735 628 2898 682 super
2933 623 3097 679 caput
3128 611 3266 677 ejus.

2009 705 2098 760 55.
2141 706 2248 760 Cor
2280 717 2460 760 autem
2493 707 2612 776 ejus
2649 705 2900 760 lidnciam
2935 702 3163 756 habebat
3199 703 3251 754 in
3287 701 3517 754 Domino

1941 795 2051 851 Deo
2078 812 2200 860 suo,
2241 807 2295 851 et
2359 797 2666 866 suspiciens
2727 795 2873 849 ﬂevit
2927 794 2980 848 in
3020 793 3234 861 seipsa,
3287 790 3514 845 dicens:

1943 888 2170 943 Domine
2195 888 2334 942 Deus
2361 897 2582 954 zetzrne,
2643 890 2732 958 qui
2793 886 2932 940 nosti
2988 884 3170 938 omnia
3224 892 3515 951 antequam

1943 985 2156 1048 tierent,
2186 990 2240 1036 tu
2271 983 2400 1046 scis,
2431 983 2558 1051 quia
2589 997 2695 1035 non
2721 980 2842 1045 feci,
2898 994 3018 1047 qua:
3047 977 3320 1030 malitiose
3351 989 3517 1028 com-

1942 1085 2149 1144 ponunt
2188 1074 2360 1143 iniqui
2394 1075 2480 1128 isti
2537 1075 2590 1127 in
2648 1089 2750 1127 me.
2810 1071 2876 1126 Et
2932 1068 3208 1125 exaudivit
3253 1066 3516 1120 Dominus

1942 1166 2377 1235 deprecationem
2407 1165 2548 1234 ejus.

2012 1257 2100 1311 56.
2134 1256 2250 1312 Duo
2274 1265 2456 1311 autem
2487 1255 2730 1311 seniores
2759 1255 3018 1309 dixerunt
3047 1273 3060 1307 :
3093 1251 3205 1308 Nos
3242 1249 3519 1305 deambu~

1943 1348 2192 1402 labamus
2223 1349 2275 1400 in
2309 1347 2556 1416 pomario
2589 1345 2688 1399 viri
2729 1345 2867 1414 ejus.

2013 1439 2102 1494 '57.
2158 1437 2227 1492 Et
2274 1439 2680 1492 circumeuntes
2730 1435 2964 1490 stadium
2996 1473 3012 1494 .
3079 1432 3316 1486 vidimus
3376 1430 3518 1483 hanc

1943 1533 2315 1601 quiescentem
2353 1544 2476 1583 cum
2514 1529 2654 1592 viro,
2687 1535 2742 1581 et
2776 1534 2984 1580 stantes
3011 1520 3518 1590 contemplabamur

1943 1637 2043 1677 eos
2073 1621 2524 1676 consuetudinem
2554 1619 2814 1672 habentes
2858 1616 3000 1669 inter
3023 1628 3102 1668 se.

2013 1713 2101 1767 58.
2149 1713 2212 1765 Et
2243 1712 2343 1780 ipsi
2367 1726 2472 1763 non
2493 1715 2779 1770 noverant.
2812 1705 2958 1775 quod
2992 1704 3368 1767 adstaremus;
3391 1709 3518 1756 tunc

1944 1806 2106 1860 simul
2140 1805 2352 1876 loquuti
2386 1816 2579 1856 sumus
2607 1801 2674 1853 ad
2707 1799 2940 1852 invicem
2995 1796 3276 1851 dicentes:
3311 1791 3518 1862 Depreo

1871 1880 1913 1934 Β
1944 1899 2252 1954 hendamus
2281 1895 2374 1965 qui
2406 1902 2534 1948 sunt
2565 1891 2676 1945 isti.

2014 1989 2103 2046 39.
2148 1989 2214 2043 Et
2247 1987 2571 2043 accedentes
2605 1983 2964 2054 cognovimus
2996 1994 3152 2045 eam;
3202 1976 3516 2031 adolescens

1943 2097 2074 2140 vero
2110 2081 2247 2151 fugit
2279 2088 2588 2148 coopertus.

2029 2175 2120 2230 40.
2167 2172 2317 2226 Hanc
2345 2180 2524 2225 autem
2574 2183 2698 2222 cum
2741 2157 3519 2235 apprcln‘ndissemus,inter-

1944 2265 2259 2336 rogavimus
2287 2277 2432 2326 eam,
2469 2261 2722 2330 quisnam
2749 2265 2896 2311 esset
2927 2256 3110 2319 homo,
3140 2262 3190 2305 et
3233 2265 3340 2304 non
3375 2247 3516 2300 imii-

1945 2357 2088 2411 cavit
2113 2354 2274 2409 nobis
2306 2354 2428 2422 quis
2461 2360 2612 2405 erat:
2646 2349 2762 2403 haec
2788 2356 3069 2401 testamur.

2013 2448 2102 2502 41.
2147 2445 2213 2500 Et
2240 2446 2470 2500 credidit
2505 2443 2585 2498 eis
2639 2441 2925 2512 SynagOga
2989 2435 3191 2492 omnis.
3256 2447 3322 2487 eo
3372 2429 3516 2499 quod

1941 2549 2127 2597 essent
2161 2535 2464 2608 presbyteri
2495 2545 2548 2590 et
2576 2533 2789 2604 judices
2825 2529 3031 2600 populi.

2015 2631 2105 2686 45.
2149 2632 2216 2684 Et
2239 2643 2366 2684 ecce
2387 2627 2616 2696 angelus
2665 2622 2903 2687 Domini,
2962 2634 3086 2674 cum
3158 2615 3522 2670 adduceretur

1943 2725 2056 2788 illa,
2101 2731 2160 2777 ut
2189 2721 2430 2791 periret:
2464 2728 2518 2773 et
2557 2717 2700 2771 dedit
2743 2713 2998 2783 angelus,
3033 2711 3174 2764 sicut
3203 2705 3518 2760 mandatum

1941 2824 2082 2878 erat,
2115 2813 2373 2883 spiritum
2403 2807 2776 2880 intelligentia:
2805 2800 3234 2861 adolescentulo.
3275 2795 3366 2866 qui
3404 2801 3521 2849 erat

1945 2906 2153 2960 Daniel.

2011 2997 2102 3051 48.
2145 2997 2280 3050 Cum
2320 3003 2498 3048 autem
2538 2991 2724 3046 Daniel
2750 2995 3025 3057 separaret
3059 2983 3294 3043 turbam,
3325 2989 3380 3032 et
3410 2987 3520 3032 sta-

1947 3097 2026 3139 rct
2057 3086 2110 3138 in
2137 3085 2318 3138 medio
2351 3097 2560 3146 eorum,
2591 3083 2666 3134 ait
2692 3098 2704 3133 :
2743 3076 2854 3139 Sic,
2879 3074 3030 3130 stulti
3075 3071 3166 3125 ﬁlii
3194 3069 3378 3133 Israel,
3412 3079 3520 3119 non

271 3163 680 3263 ανακρίναντες,
709 3168 830 3221 οὐδὲ
861 3170 921 3221 τὸ
942 3171 1108 3239 σαφὲς
1128 3172 1457 3239 ἐπιγνόντες,
1487 3173 1843 3226 ἀπεκτείνατε

1949 3177 2370 3245 interrogantes,
2399 3188 2574 3242 neque
2602 3171 2746 3240 quod
2800 3167 3150 3222 manifestum
3201 3171 3284 3217 est
3321 3173 3523 3228 cogno-

272 3252 546 3326 θυγατέρα
589 3256 802 3328 Ἰσραήλ
821 3278 836 3325 ;

341 3346 428 3400 51.
458 3349 570 3402 Kal
595 3349 688 3402 νῦν
709 3349 1070 3422 διαχωρίσατέ
1115 3370 1203 3422 μοι
1251 3353 1447 3416 αὐτοὺς
1483 3355 1578 3406 ἀπ’
1603 3353 1845 3424 ἀλλήλων

277 3439 513 3510 μακρὰν,
546 3441 629 3494 ἵνα
663 3442 842 3496 ὲτάσω
881 3442 1109 3505 αὐτούς’
1155 3441 1232 3504 ὡς
1271 3443 1328 3496 δὲ
1386 3445 1842 3515 διεχωρίσθησαν,

273 3524 430 3584 εἶπεν
463 3531 664 3603 Δανιὴλ
718 3535 784 3604 τῇ
819 3535 1107 3604 συναγωγῇ
1128 3550 1141 3562 ·
1175 3533 1288 3588 Νῦν
1345 3535 1419 3605 μὴ
1471 3533 1726 3605 βλέψητε,
1763 3536 1846 3587 ὃτι

272 3615 542 3676 οὖτοιείσὶ
577 3623 956 3696 πρεσϐύτεροι,
993 3624 1241 3692 λέγοντες
1264 3641 1276 3652 ·
1309 3626 1384 3678 Οὐ
1415 3626 1490 3696 μὴ
1515 3623 1843 3695 ψεύσωνται,

275 3712 410 3765 ἀλλὰ
437 3714 716 3784 ἀνακρινῶ
751 3715 948 3778 αὐτοὺς
978 3714 1118 3768 κατὰ
1138 3714 1205 3768 τὰ
1243 3715 1620 3769 ὑποπίπτοντὰ
1663 3733 1772 3786 μοι.

345 3804 433 3858 52.
485 3807 596 3859 Kal
643 3807 868 3860 ἐκάλεσε
896 3805 986 3860 τὸν
1023 3806 1118 3859 ἕνα
1155 3806 1352 3872 αὐτῶν,
1381 3808 1476 3860 καὶ
1500 3809 1848 3878 προσήγαγον

275 3894 364 3948 τὸν
383 3897 758 3969 πρεσϐύτερον
773 3897 850 3968 τῷ
871 3899 1143 3970 νεωτέρῳ,
1162 3900 1256 3952 καὶ
1278 3895 1430 3952 εἶπεν
1455 3899 1602 3971 αὐτῷ
1627 3901 1844 3971 Δανιήλ·

283 3990 500 4054 Ἀκουε,
528 3989 714 4056 ἄκουε,
771 3990 1191 4059 πεπαλαιωμένε
1223 3988 1447 4061 ἡμερῶν
1495 3989 1704 4058 κακῶν,
1754 3989 1849 4044 νῦν

278 4081 442 4151 ﬁxas!
475 4098 569 4134 σου
599 4081 655 4134 αἱ
677 4081 942 4152 ἁμαρτίαι
970 4079 1036 4144 ἃς
1058 4080 1260 4142 ἐποίεις
1290 4080 1350 4134 τὸ
1381 4080 1665 4151 πρότερον.

345 4174 434 4228 55.
469 4170 790 4235 Πιστευθεὶς
843 4171 1084 4235 ἀκούειν,
1144 4171 1240 4223 καὶ
1280 4169 1488 4239 κρίνειν
1518 4170 1730 4242 κρίσεις
1756 4171 1852 4225 θά-

281 4281 432 4318 νατον
461 4262 853 4334 ἐπιφερούσας,
888 4261 1102 4316 καὶτὸν
1137 4260 1235 4331 μὲν
1277 4259 1455 4314 ἀθῶον
1500 4262 1848 4334 κατέκρινας,

280 4357 403 4420 τοὺς
431 4356 492 4410 δὲ
524 4355 744 4424 ἐνόχους
760 4353 962 4424 ἡφίεις,
984 4353 1078 4406 τοῦ
1107 4352 1313 4423 Κυρίου
1339 4351 1612 4420 λέγοντος·
1651 4353 1852 4407 Ἀθῶον

283 4449 372 4506 καὶ
391 4448 601 4501 δίκαιον
630 4447 732 4499 οὐκ
764 4446 1100 4508 ἀποκτενεῖς.

1949 3275 2186 3327 scentes,
2214 3273 2390 3318 morte
2422 3261 2670 3317 multatis
2702 3260 2866 3313 tiliam
2899 3257 3100 3311 Israel?

2017 3360 2105 3414 5i.
2148 3358 2214 3411 Et
2239 3371 2386 3411 nunc
2415 3362 2666 3423 separate
2698 3351 2830 3404 mihi
2866 3365 2960 3405 eos
2991 3349 3059 3402 ab
3118 3345 3348 3400 invicem
3400 3353 3526 3409 pro-

1948 3450 2056 3513 cul,
2090 3456 2148 3502 ut
2191 3447 2498 3502 examinem
2559 3457 2677 3496 eos.
2729 3439 3026 3508 Postquam
3067 3444 3246 3490 autem
3285 3429 3522 3500 separati

1948 3551 2095 3607 sunt,
2118 3541 2258 3595 dixit
2294 3537 2482 3592 Daniel
2510 3535 2841 3590 multitudini
2876 3552 2888 3586 ε
2920 3531 3075 3584 Nunc
3105 3545 3171 3582 ne
3195 3522 3521 3594 respiciatis,

1947 3635 2074 3705 quia
2113 3633 2202 3687 isti
2225 3629 2692 3699 suntpresbyteri,
2723 3628 2988 3684 dicentes,
3026 3619 3143 3675 Non
3165 3617 3521 3677 mentiuntur,

1949 3726 2042 3782 sed
2073 3722 2422 3791 interrogabo
2445 3733 2539 3774 eos
2559 3718 2712 3787 juxta
2745 3731 2832 3780 ea,
2856 3729 2977 3782 quae
3022 3711 3151 3765 mihi
3181 3723 3238 3763 se
3271 3705 3549 3760 oderunt:

2019 3815 2108 3871 52.
2136 3813 2201 3868 Et
2231 3811 2443 3867 vocavit
2476 3824 2642 3864 unum
2665 3825 2726 3861 ex
2760 3808 2862 3871 eis,
2894 3815 2947 3858 et
2977 3802 3319 3856 adduxerunt
3345 3794 3526 3851 senio-

1951 3922 2066 3962 rem
2098 3901 2536 3962 adolescentulo,
2554 3909 2608 3952 et
2627 3898 2762 3951 dixit
2782 3899 2830 3950 ei
2850 3894 3034 3947 Daniel
3057 3913 3070 3944 :
3089 3891 3252 3952 Audi,
3276 3887 3424 3953 audi,
3441 3886 3526 3940 in-

1950 4006 2186 4054 veterate
2211 3996 2422 4050 dierum
2455 3992 2756 4054 malorum,
2795 4001 2941 4040 nunc
2980 3991 3242 4038 venerunt
3281 3987 3521 4050 peccata,

1951 4105 2071 4162 qua!
2091 4088 2330 4143 faciebas
2355 4093 2536 4138 antea.

2022 4183 2110 4238 5'5.
2139 4181 2276 4235 Cum
2309 4177 2406 4232 tibi
2432 4173 2786 4230 commissum
2816 4170 2981 4224 fuerit
3011 4166 3220 4231 audire,
3247 4172 3294 4218 et
3325 4161 3526 4215 discer-

1951 4289 2082 4331 nere
2111 4271 2317 4342 judicia
2361 4276 2590 4322 mortem
2625 4263 2926 4327 aﬂ'erentia,
2953 4269 3006 4314 et
3034 4260 3376 4313 innocentem
3405 4254 3528 4323 qui-

1951 4366 2074 4421 dem
2097 4358 2499 4424 condemnasti,
2527 4372 2651 4412 reos
2679 4361 2860 4409 autem
2921 4351 3260 4413 dimittehas,
3311 4347 3526 4401 dicente

1955 4456 2220 4512 Domino:
2243 4451 2590 4506 Innocentem
2625 4449 2902 4517 etjustum
2930 4459 3036 4499 non
3077 4441 3388 4496 interllcies.

346 4541 435 4596 54.
467 4538 582 4593 Νῦν
607 4535 702 4594 οὖν
727 4538 832 4592 ύπδ
867 4537 920 4590 τί
953 4536 1190 4607 δένδρον,
1241 4536 1338 4591 καὶ
1373 4535 1599 4608 ποταπῷ
1627 4535 1720 4590 τοῦ
1749 4556 1843 4592 πα-

2023 4549 2114 4605 54.
2155 4548 2313 4602 Nunc
2339 4545 2505 4616 igitur
2531 4542 2633 4598 sub
2655 4557 2762 4612 qua
2794 4540 3010 4600 arbore,
3037 4545 3090 4591 et
3113 4535 3260 4606 quali
3291 4529 3521 4602 pomarii

283 4635 528 4712 ραδείσου
559 4633 710 4703 τόπῳ
755 4629 1007 4701 ἑώρακας
1036 4628 1234 4692 αὐτοὺς
1265 4628 1426 4692 ὂντας
1459 4628 1556 4684 σὺν
1601 4632 1848 4699 ἐαυτοῖς;

283 4727 388 4781 Kal
416 4723 855 4794 εἷπενόὰσεϐής·
890 4721 1024 4775 Ὑπὸ
1053 4723 1251 4792 σχῖνον.

350 4819 440 4875 55.
470 4813 640 4871 Εἶπεν
668 4816 726 4869 δὲ
756 4815 785 4867 ὁ
810 4812 1092 4885 νεώτερος·
1129 4811 1335 4883 Ὀρθῶς
1358 4810 1582 4882 ἔψευσαι
1627 4815 1707 4876 εἰς
1755 4812 1853 4884 τὴν

285 4909 510 4965 σεαυτοῦ
543 4909 756 4978 ψυχήνο
791 4906 821 4958 ό
865 4905 975 4977 γὰρ
1015 4904 1248 4973 ἄγγελος
1296 4904 1502 4977 Κυρίου
1553 4904 1726 4976 σχίσει
1760 4923 1853 4960 σου

284 5001 377 5073 τὴν
408 5001 585 5071 ψυχὴν
617 4998 878 5068 σήμερονο

351 5091 438 5148 56.
465 5090 573 5144 Kal
587 5088 776 5142 τοῦτον
800 5087 1148 5158 μεταστήσας
1169 5080 1289 5138 εἷπε
1317 5075 1688 5156 προσαγαγεῖν
1708 5087 1855 5158 αὑτῷ

286 5181 373 5234 τὸν
392 5181 582 5250 ἕτερον
605 5193 618 5209 '
647 5179 744 5231 καὶ
771 5177 945 5248 τούτῳ
963 5177 1018 5231 δὲ
1028 5171 1201 5230 εἶπεν·
1225 5175 1326 5228 Διὰ
1351 5175 1402 5228 τί
1424 5175 1854 5248 διεστραμμένον

286 5274 343 5326 τὸ
387 5273 606 5342 σπέρμα
638 5286 733 5323 σου
769 5269 847 5332 ὼς
894 5267 1144 5330 Σιδῶνος,
1183 5267 1277 5320 καὶ
1310 5267 1408 5338 οὐχ
1445 5267 1520 5331 ὡς
1562 5267 1760 5334 Ἰούδας
1796 5270 1856 5322 τὸ

289 5363 478 5427 κάλλος
512 5363 572 5416 σὲ
605 5361 909 5432 ἠπάτησεν,
945 5360 978 5429 ἡ
1014 5356 1185 5428 μικρὰ
1216 5356 1502 5428 ἐπιθυμία.

353 5454 443 5512 5'7.
473 5457 589 5509 Kal
610 5453 783 5518 οὕτως
811 5453 1046 5506 ἐποιεῖτε
1088 5448 1427 5519 θυγατράσιν
1480 5451 1693 5522 Ἰσραήλ
1715 5469 1727 5488 '~
1765 5456 1856 5508 ml

291 5551 488 5603 ἐκεῖναι
519 5545 870 5617 φοϐούμεναι,
903 5539 1212 5614 ὡμιλοῦσαν
1243 5540 1394 5610 ὑμῖνο
1433 5541 1549 5594 ἀλλ’
1594 5543 1655 5596 οὐ
1686 5545 1856 5612 θυγά-

289 5655 390 5709 τηρ
427 5637 595 5691 Ἰούδα
639 5636 904 5706 ὑπέμεινε
947 5634 1046 5703 τὴν
1080 5633 1236 5686 νόσον
1261 5629 1417 5701 ὑμῶν
1441 5631 1500 5683 ὲν
1528 5632 1729 5702 ἀνομίᾳ
1758 5636 1858 5688 ὑπ-

292 5733 551 5798 ενεγκεϊν.

360 5819 446 5882 58.
475 5819 586 5874 Νῦν
605 5814 698 5874 οὖν
723 5819 845 5886 λέγε
873 5833 980 5886 μοι·
1019 5815 1154 5870 Ὑπὸ
1188 5818 1238 5868 τί
1257 5817 1493 5885 δένδρον,
1517 5818 1612 5870 καὶ
1636 5821 1690 5870 ἐν
1723 5829 1857 5886 ποίῳ

1957 4640 2078 4695 loco
2128 4636 2308 4692 vidisti
2371 4649 2468 4690 eos
2535 4649 2722 4690 secum
2779 4624 3219 4686 commorantes?
3263 4625 3330 4678 Et
3387 4620 3526 4676 dixit

1957 4727 2156 4797 impius
2181 4746 2193 4777 :
2225 4725 2340 4780 Sub
2368 4724 2580 4779 schino.

2025 4820 2115 4875 55.
2149 4817 2494 4871 Dixitautem
2535 4813 2973 4869 adolescentulus
3017 4826 3030 4861 :
3076 4808 3238 4862 Recte
3269 4802 3526 4858 mentitus

1954 4929 2014 4968 es
2042 4911 2096 4966 in
2122 4911 2360 4966 animam
2387 4917 2557 4974 tuam,
2605 4906 2829 4978 angelus
2864 4913 3044 4960 autem
3073 4899 3288 4957 Domini
3319 4896 3529 4954 scindet

1956 5006 2191 5061 animam
2225 5011 2370 5057 tuam
2399 4999 2580 5054 hodie.

2027 5096 2116 5151 56.
2147 5093 2210 5149 Et
2241 5109 2364 5148 cum
2396 5092 2542 5146 hunc
2577 5088 2929 5152 removisset,
2982 5084 3138 5149 dixit,
3180 5093 3241 5136 ut
3287 5080 3526 5136 adduce-

1955 5194 2076 5241 rent
2096 5185 2198 5238 sibi
2227 5184 2479 5246 alterum,
2509 5179 2602 5234 sed
2631 5186 2685 5232 et
2707 5178 2835 5231 huic
2861 5176 2968 5229 ait:
3000 5173 3180 5241 Quare
3209 5187 3525 5242 perversum

1954 5286 2038 5332 est
2069 5290 2252 5330 semen
2289 5283 2439 5326 tuum
2475 5271 2616 5325 sicut
2661 5266 2902 5331 Sidonis,
2933 5273 2987 5318 et
3014 5279 3118 5317 non
3168 5263 3309 5317 sicut
3351 5258 3530 5315 Juda?

1955 5368 2162 5439 species
2195 5364 2410 5421 seduxit
2445 5372 2516 5423 te,
2541 5375 2705 5431 parva
2745 5354 3205 5425 concupiscentia.

2027 5459 2114 5512 57.
2160 5457 2224 5512 Et
2271 5457 2352 5511 sic
2395 5450 2678 5508 faciebatis
2740 5448 2956 5504 ﬁliabus
3012 5445 3199 5507 Israel,
3239 5452 3292 5498 et
3323 5443 3428 5498 illa:
3461 5441 3528 5495 ti-

1957 5558 2167 5605 mentes
2206 5543 2676 5601 convcrsabantur
2710 5539 2992 5594 vobiscum
3045 5555 3057 5590 :
3090 5537 3183 5593 sed
3235 5536 3344 5590 lilia
3385 5533 3526 5589 Juda

1958 5656 2066 5697 non
2107 5634 2370 5694 sustinuit
2393 5632 2642 5689 morbum
2684 5638 2926 5686 vestrum
2979 5629 3034 5684 in
3081 5628 3372 5698 iniquitate
3406 5625 3524 5682 suf-

1964 5734 2125 5787 fc'l‘e.

2033 5824 2114 5878 58.
2157 5819 2308 5874 Nunc
2337 5835 2466 5889 ergo
2497 5817 2586 5873 dic
2613 5817 2744 5872 mihi
2791 5835 2801 5871 :
2847 5816 2958 5872 Sub
2991 5830 3096 5886 qua
3137 5814 3354 5878 arbore,
3385 5819 3440 5868 et
3472 5812 3526 5867 in
