4122 6320
534 392 678 448 2855

1823 397 2070 451 ιλιλιει.
2101 398 2172 454 JL‘
2189 398 2324 452 XTA
2367 399 2528 453 LXX.

3645 397 3793 452 9.836

540 515 686 582 quali
729 513 844 567 loco
904 515 1044 569 borti
1095 515 1549 585 comprehendisti
1592 530 1688 570 eos
1714 517 1854 569 inter
1895 532 1952 570 se
1980 533 2110 570 cou-

2217 519 2306 571 τοῦ
2341 523 2517 586 κήπου
2549 520 2695 588 τόπῳ
2726 518 3014 580 κατέλαϐες
3038 518 3232 580 αὐτοὺς
3270 514 3591 585 ὁμιλοῦντας
3623 516 3796 586 άλλη·

539 606 882 660 suetudinem
921 609 1223 662 babentcs‘!
1262 607 1364 674 Qui
1402 623 1530 661 vero
1569 608 1664 671 ait,
1701 608 1815 660 Sub
1859 609 2035 676 prino.

610 699 699 752 50.
746 700 998 769 Dixitque
1035 700 1224 754 Daniel
1259 718 1272 753 :
1315 701 1524 770 Inique,
1569 715 1711 752 nunc
1737 702 1962 769 angelus
2007 701 2111 755 Do-

541 791 672 844 nrini
709 791 859 845 stetit
891 793 1131 859 gladium
1164 793 1388 855 habens,
1433 801 1490 844 ut
1524 792 1758 847 dissecet
1813 802 1882 857 te,
1938 793 2111 848 donec

539 884 771 952 populus
810 882 1251 936 exterminaverit
1286 897 1402 934 vos.

610 973 698 1027 60.
728 973 790 1026 Et
828 973 1006 1026 omnis
1049 987 1319 1042 synagoga
1354 973 1862 1044 exclamavitsuper
1893 976 2110 1030 adoles-

539 1066 809 1120 centulum
840 1081 853 1127 ;
888 1067 1013 1132 quia
1037 1080 1102 1117 ex
1127 1082 1221 1119 ore
1279 1069 1498 1136 prOprio
1527 1068 1766 1122 convicit
1798 1084 1894 1122 eos
1919 1068 2112 1123 ambos

538 1153 817 1208 confessos
838 1151 1002 1207 falsos
1035 1162 1218 1207 testes.

609 1244 696 1298 6|.
731 1245 795 1298 Et
828 1253 886 1298 ut
917 1246 996 1299 lex
1028 1247 1288 1316 praaripit,
1334 1247 1577 1301 fecerunt
1612 1248 1712 1312 eis,
1757 1250 2110 1319 quemadmo-

537 1335 664 1389 dum
694 1336 936 1405 improbe
972 1348 1200 1405 egerunt
1233 1341 1284 1393 in
1326 1357 1588 1394 sororem.

608 1427 696 1482 62.
731 1427 795 1480 Εῑ
823 1431 1210 1500 colligaverunl
1245 1447 1339 1485 eos
1373 1432 1632 1499 capistro,
1679 1447 1730 1484 et
1775 1432 2110 1486 abducentes

538 1519 884 1588 projecerunt
936 1525 986 1576 in
1054 1525 1263 1576 vallem.
1331 1523 1526 1578 Eodem
1591 1535 1831 1593 tempore
1887 1526 2112 1593 angelus

542 1611 755 1666 Domini
783 1617 1007 1670 immisit
1049 1616 1224 1685 ignem
1278 1615 1419 1670 inter
1455 1632 1570 1680 eos,
1633 1626 1686 1670 et
1740 1617 1981 1671 salvatus
2027 1625 2111 1670 est

539 1707 761 1773 sanguis
785 1708 1039 1762 innoxius
1064 1710 1114 1761 in
1153 1710 1238 1762 die
1263 1707 1373 1761 illa.

610 1797 697 1851 65.
731 1797 856 1853 ldeo
880 1799 1126 1868 iuniores
1165 1800 1349 1854 dilecti
1387 1810 1514 1856 sunt
1549 1800 1752 1856 Jacobo
1780 1803 1832 1855 in
1897 1801 2110 1870 simpli-

539 1888 704 1942 citate
733 1905 852 1944 sua.

607 1979 694 2034 Gil.
734 1983 798 2036 Et
837 1999 937 2037 nos
959 1985 1302 2041 attendamus
1341 1986 1404 2040 ad
1446 1988 1587 2040 lilios
1645 1994 1891 2055 potentes
1927 1984 2113 2053 junio-

541 2089 657 2128 rcs:
699 2075 949 2143 pietatem
974 2078 1118 2130 enim
1160 2080 1489 2132 exercebunt
1523 2079 1790 2149 juniores.
1819 2087 1871 2132 et
1918 2078 2014 2130 erit
2059 2079 2110 2132 in

538 2164 618 2216 eis
673 2165 896 2233 spiritus
931 2167 1171 2221 scientiae
1215 2177 1268 2222 et
1330 2168 1700 2238 intelligentiae
1749 2170 1802 2222 in
1853 2168 2110 2223 sacculum

540 2253 748 2308 surculi.

1123 2347 1352 2404 CAPUT
1396 2349 1533 2405 XIV.

536 2431 617 2488 Ex
654 2435 965 2492 Pnornmu
998 2439 1257 2494 Aunacun
1304 2457 1434 2494 ῐ-Ὶιιι
1485 2439 1615 2496 Jesu
1652 2457 1718 2494 ne
1752 2457 1911 2494 'rntau
1957 2439 2108 2492 [ενι.

612 2593 662 2644 1.
704 2591 876 2647 Homo
904 2595 1127 2662 quidam
1163 2607 1284 2650 erat
1351 2598 1628 2664 sacerdos,
1660 2597 1745 2651 cui
1780 2612 1976 2650 nomen
2010 2595 2114 2649 Da-

541 2683 669 2749 niel,
699 2684 842 2741 filius
867 2686 1021 2750 Abal,
1054 2689 1282 2743 conviva
1315 2689 1459 2760 regis
1488 2689 1800 2758 Babylonis.

610 2772 663 2825 2.
695 2773 758 2826 Ει
789 2783 906 2828 erat
931 2776 1133 2830 idolum
1172 2777 1284 2842 Bel,
1323 2779 1467 2847 quod
1509 2779 1755 2832 colebant
1786 2775 2066 2847 Babylonii
2095 2792 2107 2826 :

541 2862 993 2930 impemlcbantur
1025 2877 1204 2920 autent
1250 2868 1303 2921 in
1339 2884 1403 2921 eo
1448 2884 1545 2938 per
1584 2867 1830 2936 singulos
1865 2867 1979 2919 dies
2034 2865 2112 2916 si-

537 2959 683 3012 mil-.e
707 2961 906 3014 artabat:
967 2960 1278 3026 duodecim,
1322 2972 1376 3015 et
1432 2976 1562 3016 oves
1620 2970 1876 3029 quatuor.
1918 2968 1971 3012 et
2004 2956 2111 3012 olei

540 3065 782 3108 ιιιριτειαξ
808 3070 922 3107 ερκ.

609 3149 662 3200 5.
705 3146 771 3200 Et
800 3164 895 3201 rex
922 3149 1132 3202 colebat
1170 3164 1317 3213 etim,
1344 3159 1397 3201 et
1437 3149 1548 3201 ibat
1605 3163 1697 3202 rex
1741 3163 1836 3216 per
1866 3146 2112 3216 singulos

2216 608 2355 673 λοις;
2399 609 2458 660 '0
2487 608 2540 660 δὲ
2577 605 2726 660 εἶπεν
2750 625 2761 636 ·
2815 606 2950 660 Ὑπὸ
2976 609 3182 676 πρῖνον.

2288 700 2373 753 59.
2411 701 2520 752 Καὶ
2551 693 2702 752 εἶπεν
2726 698 2926 768 Δανιὴλ
2946 713 2957 726 ·
3012 695 3354 767 Ἀμαρτωλὲ,
3374 695 3472 746 νῦν
3494 697 3521 746 6
3561 694 3795 763 ἄγγελος

2216 795 2420 865 Κυρίου
2453 792 2550 864 τὴν
2579 791 2852 863 ῥομφαίαν
2879 791 3108 860 ἐστηκεν
3136 790 3274 858 ἔχων
3295 828 3308 850 ,
3342 787 3448 848 ἕως
3485 789 3512 840 6
3540 787 3666 851 λαὸς
3709 786 3799 850 ἐξ⁸

2213 885 2522 954 ολοθρεύσει
2545 886 2707 954 ὑμᾶς,
2751 885 2836 936 ἵνα
2857 883 3167 953 καταπρίσῃ
3197 897 3275 933 σε.

2285 978 2372 1030 60.
2407 976 2519 1029 Kal
2552 978 2702 1027 πᾶσα
2727 976 2759 1044 ἡ
2793 973 3080 1041 συναγωγὴ
3111 972 3402 1040 ἀνεϐόησεν
3439 971 3530 1023 ἐπὶ
3556 970 3634 1040 τῷ
3662 986 3798 1022 νεω-

2213 1071 2377 1142 τέρῳ,
2423 1069 2499 1131 ὡς
2546 1071 2607 1122 ἐκ
2653 1066 2746 1119 τοῦ
2793 1066 2922 1119 ἰδίου
2966 1065 3231 1132 στόματος
3274 1063 3568 1132 ὁμολόγους
3595 1063 3796 1126 αὐτοὺς

2214 1162 2548 1229 κατέστησεν
2581 1158 2924 1229 ἀμφοτέρους
2957 1155 3301 1226 ψευδομάρτυ
3310 1172 3428 1223 ρας.

2285 1253 2372 1307 6|.
2401 1253 2510 1304 Kal
2537 1251 2612 1313 ὡς
2653 1252 2680 1302 6
2709 1255 2872 1318 νόμος
2903 1245 3237 1316 διαγορεύει,
3283 1245 3544 1315 ἐποίησαν
3584 1247 3791 1308 αὐτοῖς,

2214 1343 2396 1407 καθὼς
2421 1341 2855 1411 ἐπονηρεύσαντο
2889 1339 3028 1391 κατὰ
3048 1339 3145 1407 τῆς
3179 1336 3434 1405 ἀδελφῆς.

2283 1435 2371 1489 62.
2402 1435 2512 1486 Kal
2543 1433 2828 1500 ἐφίμωσαν
2861 1430 3076 1491 αὐτοὺς,
3109 1428 3204 1480 καὶ
3253 1427 3607 1495 ἐξαγαγόντες
3639 1427 3794 1497 ἐρῤιο

2212 1527 2320 1596 ψαν
2349 1529 2427 1589 εἰς
2459 1525 2716 1594 φάραγγα
2741 1539 2755 1553 ·
2784 1522 2903 1574 τότε
2931 1525 2958 1574 6
2983 1520 3210 1588 ἄγγελος
3233 1518 3431 1592 Κυρίου
3465 1519 3652 1588 ἔρριψε
3679 1519 3795 1590 πῦρ

2213 1616 2302 1670 διὰ
2337 1617 2504 1686 μέσου
2545 1613 2742 1674 αὐτῶν,
2804 1613 2898 1664 καὶ
2927 1609 3104 1680 ἐσώθη
3137 1604 3277 1678 αἷμα
3325 1609 3566 1662 ἀναίτιον
3613 1610 3670 1660 ἐν
3724 1613 3791 1679 τῇ

2214 1711 2400 1782 ἡμέρα
2431 1707 2631 1777 ἐκείνῃ.

2285 1803 2370 1855 65.
2405 1802 2501 1854 Δια
2541 1799 2696 1851 τοῦτο
2721 1799 2769 1849 οἱ
2808 1795 3062 1864 νεώτεροι
3086 1795 3363 1863 ἀγαπητοῖ
3412 1791 3607 1846 Ἰακὼϐ
3638 1795 3694 1844 ἐν
3727 1795 3792 1862 τῇ

2145 1887 2185 1940 Β
2215 1892 2477 1960 ἁπλότητι
2507 1889 2704 1940 αὐτῶν.

2283 1983 2506 2037 64.Καὶ
2547 1982 2707 2051 ἡμεῖς
2766 1975 3168 2046 φυλασσώμεθα
3215 1977 3294 2037 είς
3334 1976 3481 2036 υίοὺς
3535 1974 3795 2036 δυνατοὺς

2213 2077 2540 2146 νεωτέρους·
2584 2072 2938 2140 εὐσεϐἡσουσι
2968 2073 3076 2146 γὰρ
3118 2067 3394 2137 νεώτεροι,
3427 2069 3522 2118 καὶ
3551 2066 3705 2118 ἔσται
3737 2067 3796 2116 ἐν

2214 2167 2398 2228 αὐτοῖς
2447 2165 2662 2234 πνεῦμα
2711 2164 3023 2232 ἐπιστήμης
3071 2162 3164 2215 καὶ
3207 2160 3472 2222 συνέσεως
3513 2161 3590 2221 εἰς
3621 2156 3799 2211 α-ίῶνα

2215 2257 2429 2320 αἰῶνος.

2822 2348 3072 2401 ΚΕΦΛᾹ.
3116 2349 3211 2400 ΙΔ’.

2226 2443 2318 2493 Ὲιι
2353 2439 2714 2508 προφητείας
2767 2437 3092 2508 Ἀιιϐακοὺμ
3132 2438 3266 2490 υἱοῦ
3323 2436 3526 2503 Ἰησοῦ
3570 2434 3636 2488 ἐκ
3685 2433 3799 2501 τῆς

2801 2507 2998 2577 φυλῆς
3037 2509 3198 2560 Λευΐ.

2285 2600 2336 2654 Ι.
2375 2600 2692 2670 Ἀνθρωπος
2719 2616 2803 2661 τις
2834 2594 2901 2668 ὴν
2943 2599 3138 2668 ἱερεὺς,
3235 2597 3406 2664 ὄνομα
3431 2594 3651 2664 Δανιὴλ,
3682 2593 3800 2655 υίὸς

2217 2693 2414 2756 Ἀϐαλ,
2441 2691 2756 2762 συμϐιωτὴς
2779 2690 2874 2742 τοῦ
2902 2689 3168 2758 βασιλέως
3197 2687 3541 2748 Βαϐυλῶνος.

2282 2785 2336 2837 2.
2371 2785 2480 2836 Kal
2508 2779 2576 2853 ἦν
2602 2782 2817 2835 εἴδωλον
2851 2781 2978 2850 Βὴλ,
3015 2781 3043 2832 ὃ
3075 2779 3326 2832 ἐσέϐοντο
3347 2782 3393 2831 οἱ
3439 2778 3797 2831 Βαϐυλώνιοι·

2214 2876 2535 2946 ἀνηλίσκετο
2555 2875 2608 2927 δὲ
2635 2875 2784 2943 αύτῷ
2811 2873 2931 2926 καθ’
2956 2873 3194 2941 ἑκάστην
3222 2872 3435 2940 ἡμέραν
3460 2870 3803 2939 σεμιδάλεως

2213 2967 2445 3038 ἀρτάϐαι
2478 2965 2727 3029 δεκαδύο,
2765 2966 2859 3019 καὶ
2906 2963 3156 3034 πρόϐατα
3191 2963 3456 3033 τέσσαρα,
3486 2964 3578 3016 καὶ
3613 2961 3802 3014 ἐλαίου

2217 3058 2488 3128 μετρηταὶ
2517 3058 2596 3123 ἓξ.

2283 3153 2334 3205 5.
2366 3153 2476 3204 Καὶ
2499 3155 2525 3205 6
2558 3152 2808 3222 βασιλεὺς
2830 3153 3048 3206 ἐσέϐετο
3091 3154 3272 3216 αὐτὸν,
3315 3155 3410 3206 καὶ
3445 3151 3741 3223 ἐπορεύετο
3773 3151 3803 3202 6

537 3241 678 3303 dies,
738 3256 971 3307 eumque
1030 3241 1310 3295 adorabat.
1353 3239 1538 3294 Daniel
1601 3249 1780 3294 autem
1813 3239 2006 3292 orabat
2043 3237 2107 3289 ad

2220 3244 2470 3314 βασιλεὺς
2493 3244 2614 3296 καθ’
2637 3245 2873 3314 ἑκάστην
2898 3245 3127 3314 ἡμέραν,
3158 3247 3251 3297 καὶ
3273 3245 3596 3314 προσεκύνει
3621 3243 3797 3312 αύτῷ.

539 3329 847 3384 Dominum.
887 3329 1139 3401 Dixitque
1193 3346 1286 3384 rex
1321 3329 1530 3384 Danieli
1578 3327 1812 3393 :Quare
1866 3341 1973 3380 non
2025 3327 2114 3380 ad-

537 3435 662 3476 oras
689 3421 815 3475 Bel?

608 3513 662 3566 4.
691 3513 754 3566 Et
791 3514 928 3567 dixit
960 3515 1145 3568 Daniel
1173 3515 1238 3568 ad
1273 3531 1452 3583 regem
1481 3529 1496 3566 ι
1531 3513 1813 3568 Neminem
1842 3513 1963 3568 colo
1988 3528 2109 3582 ego,

539 3603 645 3655 nisi
679 3602 966 3654 Dominum
1005 3602 1194 3665 Deum,
1226 3605 1318 3671 qui
1344 3604 1545 3656 creavit
1567 3603 1767 3656 caelum
1801 3611 1856 3657 et
1886 3614 2106 3667 terram,

541 3704 595 3747 et
634 3693 790 3746 habet
833 3692 1012 3746 omnis
1065 3693 1244 3745 carnis
1274 3693 1720 3746 dominationem.

613 3871 666 3924 5.
703 3869 846 3923 Dixit
879 3876 1058 3923 autem
1085 3885 1177 3922 rex
1205 3869 1254 3923 ei
1283 3886 1297 3924 :
1327 3868 1425 3924 llic
1457 3869 1624 3940 igitur
1654 3885 1764 3924 non
1805 3879 1888 3925 est
1929 3870 2110 3926 Deus?

541 3977 650 4016 non
684 3961 832 4016 vides
859 3970 1059 4031 quanta
1087 3961 1140 4014 in
1174 3975 1297 4016 eum
1326 3972 1720 4016 consumantur
1753 3978 1850 4032 per
1868 3963 2111 4033 singulos

539 4050 696 4107 dies?

611 4145 664 4199 6.
689 4145 752 4198 Et
787 4143 924 4198 dixit
953 4144 1001 4197 ei
1041 4141 1228 4197 Daniel
1261 4161 1276 4198 :
1316 4142 1694 4213 Nequaquam,
1723 4143 1909 4198 nullus
1937 4153 1989 4198 te
2018 4143 2112 4198 de-

541 4237 708 4305 cipiat
742 4236 868 4289 :hic
893 4235 1037 4288 enim
1073 4236 1401 4290 intrinsecus
1423 4237 1640 4305 quidem
1674 4237 1853 4291 luteus
1888 4245 1990 4300 est,
2027 4236 2108 4291 fo-

542 4329 791 4382 rinsecus
822 4338 997 4382 autem
1027 4346 1200 4384 :nreus
1227 4347 1240 4395 ;
1266 4330 1390 4398 jnro
1412 4345 1538 4383 vero
1573 4330 1668 4384 tibi
1699 4346 1793 4399 per
1821 4331 2108 4385 Dominum

542 4418 709 4473 Demn
760 4420 1006 4485 deorum,
1055 4421 1197 4488 quod
1256 4422 1388 4474 nihil
1424 4422 1658 4475 comedit
1709 4439 1946 4490 unquam
1984 4423 2105 4476 iste.

616 4510 668 4565 7.
702 4509 768 4563 Et
806 4512 981 4565 iratus
1038 4529 1128 4566 rex
1189 4514 1400 4566 vocavit
1461 4513 1746 4582 pra-lectos
1801 4515 2008 4583 templi,
2059 4525 2112 4570 et

541 4603 680 4658 dixit
713 4603 794 4656 eis
829 4621 840 4654 :
877 4601 1116 4656 lndicatc
1152 4605 1326 4665 illum,
1365 4605 1456 4672 qui
1489 4606 1744 4667 comedit.
1769 4621 1891 4674 qua:
1923 4621 2114 4675 paran-

542 4705 632 4749 tur
671 4694 782 4755 Bel,
815 4709 971 4748 sccus
1012 4710 1140 4748 vero
1175 4694 1502 4750 moriemini.

613 4873 665 4926 8.
697 4873 807 4927 Aut
842 4872 1052 4937 Daniel,
1084 4874 1176 4942 qui
1209 4884 1482 4930 asseverat
1520 4892 1627 4930 non
1665 4879 1874 4934 comedi
1913 4879 2025 4935 haec
2047 4881 2116 4935 ab

543 4983 630 5021 eo.
659 4964 721 5019 lli
765 4975 940 5019 autem
967 4966 1224 5019 dixerunt
1261 4966 1418 5035 :lpse
1466 4967 1558 5020 Bel
1589 4977 1695 5028 est.
1743 4970 1836 5038 qui
1891 4971 2117 5025 devorat

544 5061 669 5115 ista.
698 5058 1088 5113 Danielautem
1122 5060 1258 5112 dixit
1285 5060 1349 5112 ad
1377 5075 1556 5126 regem
1599 5079 1611 5113 :
1657 5059 1775 5114 Fiat
1843 5063 1946 5126 ita;
2012 5063 2114 5119 nisi

544 5153 857 5215 ostendero,
900 5152 1044 5221 quod
1089 5168 1194 5204 non
1235 5152 1306 5206 sit
1344 5151 1458 5218 Bel,
1519 5151 1612 5221 qui
1656 5153 1948 5207 manducat
1988 5155 2112 5221 ista,

544 5246 749 5302 moriar
779 5260 900 5314 ego.
936 5253 990 5298 et
1012 5260 1204 5298 omnes
1249 5245 1372 5299 mei.

615 5339 661 5392 9.
697 5336 864 5390 Erant
891 5343 1066 5389 autem
1087 5336 1397 5392 sacerdotes
1426 5338 1518 5393 Bel
1547 5341 1884 5411 septuaginta
1912 5342 2118 5412 absque

549 5429 812 5483 uxoribus
863 5437 917 5483 et
948 5427 1093 5482 ﬁliis.
1126 5427 1412 5486 Duxerunt
1436 5441 1618 5486 autem
1648 5448 1828 5502 regem
1853 5434 1920 5488 ad
1955 5434 2115 5489 delu-

549 5521 704 5577 brum
731 5522 881 5576 idoli.

621 5615 705 5665 10.
747 5613 814 5667 Ει
843 5614 1103 5681 apposita:
1135 5627 1261 5672 sunt
1291 5634 1430 5674 escae
1467 5621 1518 5674 in
1547 5630 1842 5690 conspectu
1889 5622 2030 5692 regis
2065 5631 2120 5677 et

557 5700 832 5766 Danielis;
875 5713 928 5756 et
991 5703 1177 5758 vinum
1242 5709 1467 5762 mixtum
1501 5710 1870 5768 introductum
1927 5725 2028 5779 est,
2068 5724 2120 5768 et

557 5787 860 5856 appositum
903 5799 984 5845 est
1016 5788 1162 5843 Belo.

2217 3334 2412 3404 Δανιὴλ
2430 3335 2487 3386 δὲ
2519 3335 2860 3406 προσηύχετο
2887 3337 3023 3407 πρὸς
3055 3335 3258 3407 Κύριον
3277 3379 3291 3401 ,
3332 3338 3426 3390 καὶ
3466 3333 3615 3388 εἶπεν
3647 3338 3675 3388 6
3699 3335 3805 3404 βα-

2219 3429 2399 3490 σιλεὺς
2422 3427 2496 3497 τῷ
2527 3429 2745 3498 Δανιήλ·
2775 3429 2928 3480 Διατί
2957 3429 3015 3480 ού
3052 3432 3374 3498 προσκυνεῖς
3399 3429 3475 3496 τῷ
3507 3429 3649 3498 Βὴλ;

2287 3520 2338 3572 4.
2375 3520 2484 3570 Καὶ
2519 3512 2639 3570 εἶπε
2661 3519 2859 3588 Δανιὴλ
2879 3519 3016 3586 πρὸς
3032 3519 3120 3571 τὸν
3146 3518 3388 3587 βασιλέα·
3417 3520 3622 3572 Οὐδένα
3652 3519 3808 3571 σέϐο-

2221 3628 2320 3676 μαι
2351 3610 2482 3678 ἐγὼ,
2516 3613 2564 3664 εί
2619 3611 2693 3681 μὴ
2726 3611 2928 3681 Κύριον
2958 3610 3048 3663 τὸν
3080 3610 3212 3664 Θεὸν
3254 3611 3347 3662 τδν
3394 3610 3656 3664 κτίσαντα
3706 3612 3806 3664 τὸν

2217 3702 2444 3772 οὐρανὸν
2480 3703 2572 3753 καὶ
2597 3702 2694 3771 τὴν
2732 3701 2857 3771 γῆν,
2884 3703 2978 3756 καὶ
3003 3702 3195 3772 ἔχοντα
3246 3703 3426 3771 πάσης
3467 3702 3665 3772 σαρκὸς
3705 3720 3806 3756 κυ-

2221 3792 2395 3864 ρείαν.

2293 3885 2347 3938 5.
2386 3881 2552 3937 Εἶπεν
2591 3886 2646 3939 δὲ
2673 3889 2700 3939 6
2732 3885 2983 3955 βασιλεὺς
3003 3886 3173 3957 αὐτῷ·
3207 3881 3376 3949 Οὗτος
3423 3882 3514 3940 οὖν
3543 3887 3644 3939 οὐκ
3683 3885 3804 3939 ἔστι

2215 3974 2376 4039 Θεός;
2401 3975 2496 4043 ούχ
2519 3975 2648 4045 ὁρᾷς
2674 3975 2771 4027 ὅσα
2796 3977 2874 4038 εἰς
2901 3976 3061 4028 αὑτὸν
3084 3976 3387 4030 δαπανᾶται
3415 3977 3538 4029 καθ’
3560 3976 3804 4044 ἑκάστην

2219 4065 2431 4136 ἡμέραν
2449 4083 2463 4131 ;

2288 4160 2341 4213 6.
2365 4160 2471 4213 Kal
2491 4153 2642 4212 εἶπεν
2671 4161 2819 4231 αὐτῷ
2837 4162 3053 4232 Δανιὴλ·
3082 4161 3384 4232 Μηδαμῶς,
3414 4161 3605 4231 μηδείς
3627 4177 3685 4212 σε
3700 4175 3807 4213 πα.-

2221 4253 2586 4326 ραλογιζέσθω
2606 4269 2619 4283 ·
2655 4246 2811 4317 οὗτος
2843 4253 2950 4324 γὰρ
2983 4253 3188 4306 ἔσωθεν
3222 4255 3322 4323 μὲν
3371 4252 3593 4324 πήλινός
3625 4257 3800 4335 ἐστιν,

2219 4345 2414 4410 ἔξωθεν
2443 4345 2498 4397 δέ
2528 4343 2763 4414 χαλκοῦς
2785 4358 2799 4373 ·
2847 4342 3033 4411 ὀμνύω
3082 4343 3138 4394 δέ
3183 4359 3264 4415 σοι
3316 4341 3519 4412 Κύριον
3547 4342 3636 4394 τὸν
3663 4340 3804 4393 Θεὸν

2217 4437 2323 4489 τῶν
2353 4436 2509 4499 θεῶν,
2542 4436 2622 4488 ὃτι
2649 4434 2804 4487 ούθέν
2840 4433 3083 4504 βέϐρωκε
3123 4433 3342 4487 πώποτε
3371 4429 3541 4496 οὗτος.

2289 4530 2339 4582 7.
2367 4529 2477 4582 Kal
2503 4527 2774 4598 θυμωθεὶς
2800 4528 2828 4578 ὁ
2850 4526 3102 4595 βασιλεὺς
3136 4527 3360 4579 ἐκάλεσε
3384 4528 3508 4587 τοὺς
3533 4542 3799 4595 προεστη-

2219 4623 2380 4684 κότας
2413 4619 2505 4673 τοῦ
2538 4619 2704 4691 ἱεροῦ,
2739 4620 2832 4672 καὶ
2865 4615 3020 4671 εἶπεν
3052 4619 3235 4681 αὐτοῖς
3255 4636 3266 4646 ·
3305 4617 3671 4689 Παραδείξατε
3707 4618 3802 4670 τὸν

2218 4712 2465 4763 ἐσθίοντα
2504 4710 2572 4762 τὰ
2603 4708 3134 4779 παρασκευαζόμενα
3158 4707 3236 4779 τῷ
3261 4708 3372 4778 Βὴλ
3395 4723 3408 4736 ·
3443 4707 3491 4758 εί
3513 4706 3568 4758 δὲ
3605 4706 3680 4775 μή
3709 4722 3798 4771 γε,

2217 4803 2595 4858 ἀποθανεῖσθε.
3203 4850 3205 4852 .

2289 4896 2341 4949 8.
2377 4895 2445 4947 Ἢ
2477 4893 2674 4963 Δανιὴλ
2697 4895 2724 4945 6
2751 4894 2977 4963 φάσκων
3009 4892 3082 4964 μὴ
3111 4891 3386 4945 ἐσθίεσθαι
3418 4889 3557 4942 αὐτὰ
3585 4888 3674 4941 ὑπ’
3698 4887 3803 4940 a6-

2217 4987 2331 5040 τοῦ.
2362 4988 2424 5040 Οἱ
2455 4986 2510 5038 δὲ
2539 4983 2697 5038 εἶπαν
2722 5001 2734 5014 ⁸
2771 4985 2942 5049 Αὐτὸς
2989 4987 3018 5037 6
3066 4985 3175 5054 Βήλ
3223 4987 3371 5038 ἐστιν
3415 4986 3443 5036 6
3497 4981 3802 5035 κατεσθίων

2219 5079 2376 5131 αὑτά.
2412 5073 2544 5130 Εἷπε
2573 5077 2628 5130 δὲ
2653 5077 2852 5146 Δανιὴλ
2879 5076 3014 5146 πρὸς
3049 5077 3140 5129 τὸν
3168 5075 3410 5145 βασιλέα·
3435 5072 3673 5126 Γινέσθω
3706 5070 3802 5122 οὖ-

2218 5185 2346 5232 τως·
2378 5167 2474 5221 ἐὰν
2528 5169 2602 5239 μὴ
2635 5166 2963 5238 παραδείξω,
2995 5168 3076 5220 ὅτι
3107 5167 3206 5219 ούκ
3238 5165 3382 5218 ἐστιν
3408 5167 3435 5217 6
3483 5163 3590 5233 Βὴλ
3614 5165 3641 5215 6
3675 5178 3804 5215 κατι

2221 5260 2415 5314 εσθίων
2437 5260 2628 5321 ταῦτα,
2664 5258 3060 5328 ἀποθανοῦμαι,
3087 5259 3182 5311 καὶ
3205 5258 3404 5319 πάντες
3419 5256 3469 5309 oi
3488 5255 3613 5322 παρ’
3649 5254 3795 5322 ἐμοί.

2291 5349 2343 5404 9.
2378 5347 2559 5402 τΗσαν
2591 5349 2646 5401 δὲ
2667 5347 2745 5418 τῷ
2775 5347 2883 5419 Βὴλ
2913 5349 3078 5417 ἱερεῖς
3098 5347 3469 5416 ἐϐδομήκοντα
3500 5345 3670 5416 χωρὶς
3694 5361 3801 5411 γυο

2224 5439 2426 5494 ναικῶν
2471 5441 2566 5494 καὶ
2605 5440 2812 5493 τέκνων
2833 5456 2847 5470 ·
2877 5441 3084 5510 ἡγαγον
3136 5438 3194 5490 δὲ
3241 5439 3334 5491 τὸν
3369 5436 3594 5506 βασιλέα
3622 5438 3701 5499 είς
3733 5435 3799 5488 τὸ

2221 5531 2506 5585 εἰδωλεῖον.

2293 5624 2381 5678 10.
2412 5624 2522 5676 Kal
2548 5622 2822 5694 παρετέθη
2861 5621 2928 5674 τὰ
2954 5619 3219 5692 βρώματα
3257 5617 3486 5672 ἐνώπιον
3517 5617 3610 5672 τοῦ
3643 5615 3797 5685 βασι-

2223 5713 2356 5776 λέως
2384 5715 2477 5767 καὶ
2504 5712 2596 5766 τοῦ
2619 5714 2843 5784 Δανιὴλ·
2876 5713 2969 5767 καὶ
2993 5707 3132 5774 οῐνος
3164 5709 3452 5779 κερασθεὶς
3483 5706 3794 5777 εἰσηνέχθη,

2226 5805 2317 5855 καὶ
2352 5805 2618 5875 παρετέθη
2651 5804 2726 5867 τῷ
2758 5804 2884 5862 mil.
