4122 6320
258 332 387 385 28757

257 540 443 605 ταῦτα,
488 539 738 610 βασιλεῦ.

325 633 408 686 12.
437 633 509 686 Σὺ
546 626 640 685 οὗν
684 628 1106 699 ὲπισφραγίσεις
1142 629 1241 694 τὰς
1272 629 1487 693 κλεῖδας
1528 627 1622 683 τοῦ
1655 629 1783 683 ναοῦ
1811 672 1824 694 ,

258 723 388 775 ἐπὰν
412 722 637 792 κλεισθῇ
663 740 676 752 ·
702 722 864 792 ἤρεσε
900 720 955 772 δὲ
983 721 1012 772 6
1041 719 1196 784 λόγος
1238 719 1316 789 τῷ
1353 718 1578 788 βασιλεῖ.

324 816 407 870 13.
457 815 516 868 Ὀ
542 815 601 868 δὲ
632 814 829 884 Δανιὴλ
868 812 1118 867 ἐκέλευσε
1144 813 1270 874 τοὺς
1304 812 1432 880 παρ’
1454 810 1636 873 αὐτοῦ,
1666 810 1830 864 ἐκϐα-

258 908 441 969 λόντας
469 905 679 968 πάντας
700 906 764 957 ἐκ
783 903 876 956 τοῦ
897 902 1046 969 ναοῦ,
1079 902 1414 970 καταστῆσαι
1439 901 1558 954 ὅλον
1591 900 1682 954 τὸν
1703 900 1829 952 ναὸν

263 996 453 1066 σποδῷ,
504 994 719 1056 οὐδενὸς
756 993 864 1046 τῶν
910 994 1066 1056 ἐκτὸς
1098 991 1261 1047 αὐτοῦ
1300 991 1519 1053 εἰδότος.
1569 991 1679 1043 Kal
1709 988 1829 1041 τότε

264 1085 700 1156 σφραγισάμενος
730 1085 822 1137 τὸν
847 1084 973 1137 ναὸν
1005 1082 1258 1136 ἐκέλευσε
1287 1082 1588 1152 σφραγίσας
1626 1080 1703 1150 τῷ
1733 1080 1828 1133 τοῦ

265 1177 525 1246 βασιλέως
553 1174 840 1245 δακτυλίῳ,
881 1174 979 1228 καὶ
1019 1175 1133 1232 τοῖς
1173 1173 1474 1236 δακτυλίοις
1499 1172 1660 1226 τινῶν
1688 1171 1832 1224 ἐνδό-

266 1266 363 1331 ξων
393 1266 612 1335 ἱερέων·
644 1263 740 1318 καὶ
766 1262 982 1332 ἐγένετο
1006 1260 1199 1324 οὕτως.

330 1356 411 1409 14.
454 1355 565 1408 Kal
591 1355 828 1422 ἐγένετο,
858 1355 923 1423 τῇ
946 1352 1205 1421 ἐπαύριον
1235 1351 1598 1421 παρεγένοντο
1624 1350 1717 1403 ἐπὶ
1739 1350 1832 1402 τὸν

264 1444 418 1499 τόπον
442 1459 455 1472 ’
479 1444 530 1495 οἱ
555 1442 612 1495 δὲ
642 1445 807 1512 ἱερεῖς
834 1442 929 1495 τοῦ
970 1442 1078 1512 Βὴλ
1101 1441 1191 1495 διὰ
1235 1439 1629 1510 ψευδοθυρίδων
1658 1437 1831 1491 εἰσελ-

267 1535 461 1597 θόντες,
489 1532 867 1601 καταράτοσαν
896 1532 1072 1586 πάντα
1094 1531 1161 1585 τὰ
1187 1530 1562 1604 παρακείμενα
1592 1528 1670 1600 τῷ
1701 1528 1828 1600 Βὴλ,

269 1625 358 1678 καὶ
382 1623 599 1689 ἐξέπιον
632 1622 725 1675 τὸν
759 1619 921 1676 οἶνον.

335 1715 415 1769 15.
459 1714 571 1766 Kal
617 1708 772 1765 εἶπεν
826 1711 1054 1782 Δανιήλ·
1100 1713 1343 1766 Ἐπίδετε
1371 1712 1471 1775 τὰς
1531 1711 1834 1782 σφραγῖδας

269 1806 431 1877 ὑμῶν,
449 1807 499 1858 εί
525 1805 795 1876 μένουσιν,
822 1805 1012 1874 ἄνδρες
1041 1806 1224 1876 ἱερεῖς·
1260 1805 1357 1859 καὶ
1388 1806 1452 1859 σὺ
1477 1804 1557 1871 δὲ,
1589 1803 1831 1875 βασιλεῦ,
1865 1795 1908 1852 Β

275 1896 482 1967 σκέψαι,
515 1896 590 1967 μὴ
614 1896 669 1949 τί
702 1912 785 1948 σοι
806 1895 1137 1966 ἀσύμφωνον
1166 1896 1485 1967 γεγένηται.

336 1988 418 2044 16.
449 1990 557 2043 Kal
593 1985 749 2059 εὖρον
775 1985 851 2049 ὡς
894 1982 963 2058 ἦν
994 1987 1249 2058 σφραγὶς,
1292 1988 1387 2042 xal
1422 1986 1693 2042 ἀπέϐαλον
1742 1986 1838 2058 τὴν

272 2080 554 2150 σφραγῖδα-

336 2173 422 2227 17.
456 2173 566 2226 Kal
591 2169 899 2237 ἀνοίξαντες
925 2172 1025 2236 τὰς
1054 2171 1245 2244 θύρας,
1287 2170 1496 2224 εῖδοσαν
1534 2169 1839 2245 δεδαπανη-

274 2264 402 2335 μένα
423 2264 599 2317 πάντα
624 2263 693 2317 τὰ
721 2263 1093 2334 παρατεθέντα
1110 2303 1125 2329 ,
1173 2263 1268 2317 καὶ
1304 2261 1403 2326 τὰς
1427 2260 1705 2331 τραπέζας
1748 2276 1841 2312 κε-

271 2357 360 2417 νάς
380 2372 393 2385 ·
417 2356 514 2408 καὶ
542 2356 717 2427 ἐχάρη
742 2357 770 2409 6
800 2354 1073 2424 βασιλεὺς,
1113 2354 1208 2408 καὶ
1234 2348 1387 2406 εἶπεν
1436 2351 1574 2423 πρὸς
1609 2351 1701 2405 τὸν
1736 2352 1841 2403 Δα-

269 2449 414 2519 νιήλ·
457 2448 647 2517 Μέγας
696 2447 845 2501 ἐστὶν
876 2449 905 2501 6
932 2447 1066 2518 Βὴλ,
1114 2447 1211 2500 xal
1246 2446 1345 2499 οὐκ
1377 2444 1493 2499 ἔστι
1532 2443 1664 2515 παρ’
1689 2440 1841 2512 αὑτῷ

267 2540 428 2603 δόλος.

335 2633 419 2688 18.
449 2633 561 2686 Kal
581 2632 808 2699 ἐγέλασε
829 2629 1025 2702 Δανιὴλ
1050 2630 1275 2701 σφόδρα,
1299 2628 1392 2684 καὶ
1414 2624 1566 2681 εἶπεν
1592 2626 1669 2698 τῷ
1692 2627 1842 2697 βασι-

267 2723 377 2777 λα’
408 2723 580 2793 Δεῦρο
615 2723 693 2776 ῐδε
728 2722 818 2775 τὸν
848 2721 995 2775 δόλον
1025 2721 1133 2774 τῶν
1171 2720 1381 2792 ἱερέων.
1410 2720 1522 2773 Kal
1551 2715 1703 2772 εἶπεν
1733 2719 1838 2770 Δα-

266 2814 413 2884 νιήλ-
444 2813 697 2871 Βασιλεῦ.
721 2812 893 2866 ταῦτα
924 2812 992 2865 τὰ
1016 2811 1138 2883 ῐχνη
1166 2814 1311 2874 τίνος
1333 2810 1485 2876 toti;

338 2902 424 2958 19.
460 2904 570 2957 Kal
597 2898 752 2956 εἶπεν
774 2903 803 2954 6
827 2900 1078 2973 βασιλεύς
1095 2916 1108 2930 ⁸
1148 2900 1404 2972 Ἀνδρῶν,
1428 2897 1834 2969 καὶγυναικῶν,

266 2996 361 3049 καὶ
388 2994 636 3049 παιδίων.

334 3085 423 3138 20.
450 3085 561 3138 Καὶ
583 3083 816 3153 ἐπῆλθεν
843 3083 938 3136 ἐπὶ
959 3082 1051 3135 τὸν
1078 3078 1224 3135 οἶκον
1254 3082 1311 3134 ἐν
1337 3072 1382 3149 ᾧ
1409 3074 1549 3151 ἦσαν
1588 3080 1637 3133 οἱ
1675 3081 1841 3150 ἱερεῖς

1675 323 1906 379 CAPUT
1946 323 2065 380 xw
2122 390 2129 395 ι

328 450 406 503 11.
444 451 559 504 Kal
585 447 737 504 εἶπεν
766 446 993 519 Δανιήλ-
1032 448 1101 500 Eb
1128 447 1289 510 αὐτὸς
1332 448 1485 518 δρᾷς,
1534 446 1615 499 δτι
1657 446 1833 498 κεῖται
1861 449 1908 506 Α

3364 333 3503 387 2838

2007 444 2093 499 11.
2128 444 2194 498 Et
2224 444 2363 498 dixit
2386 444 2569 500 Daniel
2605 463 2619 499 :
2660 444 2741 499 Tu
2768 446 2878 514 ipse
2908 447 3075 512 vides,
3111 448 3238 517 quia
3308 465 3506 522 propo—

1935 535 2037 592 sita
2060 548 2187 590 sunt
2211 537 2335 601 ista,
2368 553 2484 592 rex.

2008 629 2097 685 12.
2146 628 2225 684 Tu
2292 645 2421 700 ergo
2485 630 2799 699 obsignabis
2843 630 3024 686 claves
3088 633 3292 701 templi,
3362 644 3507 703 post-

1935 735 2099 788 quam
2134 721 2378 775 clausum
2414 720 2593 776 fuerit.
2620 721 2829 776 Placuit
2858 731 3037 776 autem
3066 739 3248 778 sermo
3263 724 3395 791 regi.

2010 812 2094 866 15.
2129 811 2315 867 Daniel
2341 813 2653 882 verojussit
2682 815 2789 877 liis,
2811 815 2904 883 qui
2945 829 3069 870 cum
3130 831 3196 869 eo
3232 823 3410 877 erant,
3448 825 3507 869 nt

1936 901 2125 969 ejectis
2163 903 2417 957 onmibus
2452 905 2519 957 de
2553 906 2776 973 templo,
2802 916 3228 974 conspergerent
3263 906 3502 960 cinerem

1937 1006 2033 1059 per
2065 999 2238 1044 totum
2273 991 2555 1060 templum,
2581 994 2793 1048 nemine
2813 1008 3025 1053 eorum.
3049 994 3142 1063 qui
3167 992 3299 1048 foris
3326 1004 3500 1059 erant,

1936 1081 2163 1135 sciente.
2200 1080 2266 1134 Et
2293 1082 2485 1137 eodem
2521 1090 2765 1150 tempore
2791 1083 2977 1138 clauso
2996 1085 3197 1153 templo
3229 1085 3501 1153 praecepit,

1938 1179 1998 1224 ut
2028 1170 2378 1240 obsignarent
2410 1173 2613 1226 annulo
2635 1174 2799 1243 regis.
2819 1176 3108 1230 etannulis
3137 1176 3502 1244 quorumdam

1938 1261 2230 1331 insignium
2262 1263 2605 1317 sacerdotum
2636 1279 2652 1327 ;
2692 1273 2745 1317 et
2773 1263 2975 1318 factum
3010 1275 3093 1320 est
3126 1267 3219 1320 ita.
3400 1316 3405 1319 _

2009 1352 2095 1405 14.
2125 1351 2190 1406 Ει
2220 1352 2419 1407 factum
2438 1363 2775 1423 est,postero
2796 1355 3163 1411 dievenerunt
3186 1359 3250 1411 ad
3283 1359 3461 1413 locum
3486 1376 3501 1416 :

1938 1447 2249 1501 sacerdotes
2300 1455 2481 1501 autem
2540 1446 2633 1501 Bel
2693 1463 2787 1517 per
2841 1446 3009 1504 falsas
3051 1449 3197 1505 fores
3246 1452 3503 1520 ingressi,

1940 1537 2296 1592 comederunt
2359 1539 2565 1602 omnia,
2624 1554 2746 1607 quae
2797 1549 2984 1609 parata
3025 1540 3242 1596 fuerant
3295 1542 3408 1610 Bel,
3452 1556 3507 1599 et

1938 1628 2196 1685 biberunt
2224 1631 2432 1686 vinum.

2014 1718 2099 1773 15.
2130 1720 2197 1774 Ει
2253 1722 2391 1775 dixit
2436 1721 2623 1778 Daniel
2659 1739 2671 1775 :
2708 1722 2959 1795 Inspicite
2994 1727 3169 1795 sigilla
3202 1738 3396 1791 vestra,
3430 1743 3497 1782 an

1937 1822 2209 1877 maneant,
2241 1813 2341 1868 viri
2377 1816 2688 1871 sacerdotes
2724 1818 2857 1873 :sed
2887 1818 3051 1872 etiam
3070 1828 3148 1883 tu,
3175 1833 3289 1882 rex,
3326 1819 3503 1873 consi-

1938 1902 2087 1967 dera,
2115 1920 2180 1958 ne
2212 1905 2339 1971 quid
2368 1906 2462 1960 tibi
2492 1908 2826 1962 contrarium
2876 1909 3078 1963 factum
3113 1908 3294 1966 fuerit.

2009 1992 2094 2046 16.
2135 1993 2200 2047 Et
2230 1997 2553 2051 invenerunt
2578 1997 2722 2053 sicut
2750 2006 2870 2053 erat
2899 1998 3266 2068 signaculum,
3309 2012 3364 2053 et
3408 2002 3508 2056 ab—

1938 2084 2184 2154 iecerunt
2221 2087 2481 2157 sigillum.

2010 2176 2097 2232 17.
2130 2176 2198 2231 Et
2256 2180 2560 2247 aperientes
2608 2179 2840 2249 ianuas.
2895 2182 3150 2237 viderunt
3211 2183 3504 2254 absumpta

1939 2267 2145 2331 omnia,
2180 2284 2299 2338 quae
2326 2271 2571 2338 apposita
2618 2269 2854 2335 fuerant,
2890 2280 2946 2325 et
2997 2287 3215 2327 mensas
3264 2288 3503 2333 vacuas;

1939 2367 1992 2413 et
2024 2360 2244 2428 gavisus
2280 2369 2364 2415 est
2393 2376 2508 2424 rex,
2538 2374 2592 2415 et
2614 2362 2750 2416 dixit
2798 2362 2866 2416 ad
2921 2362 3196 2418 Danielein
3224 2382 3237 2417 :
3270 2362 3499 2435 Magnus

1937 2460 2020 2504 est
2041 2449 2156 2517 Bel,
2189 2460 2244 2506 et
2275 2467 2383 2507 non
2409 2462 2493 2506 est
2523 2454 2575 2506 in
2604 2468 2670 2508 eo
2690 2454 2868 2509 dolus.

2009 2624 2098 2679 18.
2122 2624 2188 2678 Et
2246 2625 2369 2682 risit
2427 2627 2614 2683 Daniel
2664 2629 3051 2695 vehementer;
3084 2640 3138 2686 et
3178 2631 3314 2685 dixit
3344 2633 3453 2703 ιιεεί
3492 2652 3506 2686 :

1936 2713 2168 2779 Accede,
2190 2717 2322 2789 vide
2355 2717 2535 2772 dolum
2566 2722 2935 2774 sacerdotum.
2966 2719 3034 2774 Et
3085 2720 3223 2775 dixit
3264 2719 3453 2775 Daniel
3491 2739 3505 2774 :

1939 2807 2078 2872 Rex,
2098 2811 2210 2864 haec
2242 2810 2473 2882 vestigia
2501 2811 2660 2880 cujus
2702 2813 2874 2868 sunt?

2011 2898 2099 2953 19.
2140 2899 2473 2956 Etdixitrex
2515 2920 2528 2957 :
2563 2901 2840 2970 Virorum,
2873 2915 2924 2959 et
2951 2905 3264 2971 mulierum,
3295 2916 3349 2959 ct
3376 2921 3509 2975 pue-

1941 3004 2146 3043 I'OI‘llm.

2009 3082 2100 3135 20.
2127 3082 2193 3137 Et
2230 3084 2364 3139 abiit
2391 3085 2443 3139 in
2490 3084 2736 3146 domum.
2772 3086 2824 3140 in
2876 3102 2982 3156 qua
3035 3087 3343 3142 sacerdmes
3385 3104 3507 3143 vcr-

267 3149 686 3246 καταγινόμενοι
707 3215 722 3239 ,
772 3174 866 3228 καὶ
890 3167 1015 3245 εὗρε
1042 3174 1112 3227 τὰ
1144 3172 1408 3245 βρώματα
1434 3149 1542 3225 Ῠτοῦ
1578 3169 1708 3240 Βὴλ,
1744 3170 1840 3223 καὶ

1944 3173 2225 3238 sabantur,
2249 3181 2304 3228 et
2339 3174 2544 3229 invenit
2601 3191 2755 3231 escas
2793 3174 2953 3242 Belis,
2985 3186 3038 3231 et
3070 3179 3252 3232 vinum
3284 3196 3298 3243 ;
3325 3188 3378 3232 ct
3426 3181 3508 3233 in-

269 3266 357 3317 τδν
386 3262 545 3329 οἶνον,
575 3265 667 3318 καὶ
692 3264 931 3329 ἐπέδειξε
955 3263 1150 3334 Δανιὴλ
1176 3262 1255 3333 τῷ
1300 3260 1506 3332 βασιλεῖ
1552 3260 1620 3314 τὰ
1646 3258 1839 3329 ψευδο-

268 3357 445 3430 θύρια,
469 3357 538 3410 δι’
567 3350 642 3410 ὧν
672 3355 1113 3427 εἰσπορευόμενοι
1142 3355 1190 3408 οἱ
1238 3355 1423 3425 ἱερεῖς,
1461 3351 1743 3406 ἐδαπάνων
1772 3348 1842 3405 τὰ

269 3448 678 3519 παρατιθέμενα
705 3447 781 3516 τῷ
807 3447 937 3518 Βὴλ.

334 3539 394 3591 21
411 3580 427 3594 .
443 3538 556 3591 Kal
581 3537 844 3608 ἐξήγαγεν
866 3535 1063 3598 αὐτοὺς
1087 3537 1115 3588 6
1136 3534 1389 3606 βασιλεὺς
1416 3536 1478 3587 ὲκ
1496 3533 1590 3587 τοῦ
1620 3533 1837 3604 Βηλίου,

268 3628 363 3681 καὶ
382 3628 699 3695 παρέδωκεν
732 3628 932 3689 αὐτοὺς
968 3626 1046 3696 τῷ
1068 3626 1286 3697 Δανιὴλ,
1326 3626 1421 3679 καὶ
1457 3625 1555 3696 τὴν
1596 3625 1841 3696 δαπάνην

268 3723 364 3792 τὴν
399 3724 480 3784 είς
527 3720 690 3773 αὑτὸν
730 3719 896 3774 ἔδωκε
938 3718 1015 3773 τῶ
1047 3719 1278 3790 Δανιήλ-
1328 3718 1417 3773 τδν
1458 3718 1515 3770 δὲ
1553 3718 1663 3789 Βὴλ
1708 3733 1842 3770 κατ-

271 3812 495 3881 έστρεψε
506 3854 520 3868 .

336 3904 424 3959 22.
463 3906 575 3959 Kal
598 3900 667 3975 ἦν
698 3902 912 3974 δράκων
931 3903 988 3957 ὲν
1012 3900 1092 3973 τῷ
1112 3900 1261 3973 αὐτῷ
1288 3902 1460 3971 τόπῳ,
1480 3898 1573 3954 καὶ
1594 3899 1843 3954 ἐσέϐοντο

272 3998 319 4052 οἱ
356 3994 709 4052 Βαϐυλώνιοι.

337 4088 425 4143 25.
458 4088 572 4141 Kal
598 4082 751 4139 εἷπεν
773 4086 800 4139 6
831 4085 1081 4157 βασιλεὺς
1104 4084 1182 4156 τῷ
1207 4084 1403 4156 Δανιήλ
1422 4100 1436 4115 ο
1477 4083 1568 4155 Μὴ
1595 4084 1690 4138 καὶ
1724 4082 1845 4137 τοῦ-

269 4196 358 4235 τον
398 4182 547 4250 ἐρεῖς
570 4220 584 4244 ,
618 4180 700 4232 δτι
739 4172 973 4249 χαλκοῦς
1021 4179 1206 4241 ὲστιν;
1252 4176 1360 4230 ἰδοὺ
1394 4174 1484 4247 ζῇ,
1521 4175 1616 4229 καὶ
1645 4173 1838 4239 ἐσθίει,

272 4271 365 4327 xal
388 4272 552 4335 πίνει,
584 4269 963 4341 προσκύνησον
985 4267 1155 4339 αὐτῷ.

337 4362 425 4418 25.
452 4363 565 4416 Kal
588 4357 738 4413 εἶπεν
757 4359 974 4429 Δανιήλ’
1003 4356 1255 4419 Βασιλεῦ,
1284 4357 1372 4419 δός
1412 4373 1502 4428 μοι
1542 4357 1642 4427 τὴν
1687 4355 1841 4422 ἐξου-

1940 3263 2142 3318 dicavit
2196 3264 2384 3318 Daniel
2451 3266 2562 3335 regi
2622 3265 2789 3322 falsas
2838 3265 3007 3332 fores,
3036 3282 3129 3337 per
3157 3284 3296 3338 quas
3329 3269 3508 3340 ingrc.

1939 3356 2150 3411 dientes
2186 3357 2501 3413 sacerdotes
2542 3358 2904 3413 absumebant
2930 3374 3053 3429 qua:
3096 3361 3508 3430 appozrebantnr

1941 3447 2053 3503 Bel.

2009 3539 2099 3593 21.
2141 3539 2205 3592 Et
2227 3539 2387 3609 eiecit
2411 3555 2506 3594 eos
2538 3554 2629 3594 rex
2664 3540 2729 3595 de
2794 3541 2995 3611 templo
3028 3541 3142 3607 Bel,
3180 3551 3235 3597 et
3279 3534 3524 3599 tradidit.

1939 3645 2034 3684 eos
2069 3629 2296 3693 Danieli,
2332 3640 2387 3684 et.
2415 3632 2738 3699 impensam,
2764 3647 2885 3699 quae
2914 3633 2962 3685 in
2988 3648 3113 3686 eum
3149 3636 3501 3702 erogabatur,

1941 3720 2089 3776 dedit
2121 3720 2327 3776 Danieli
2354 3738 2368 3787 ;
2403 3719 2489 3775 Bel
2520 3730 2701 3775 autem
2720 3723 2942 3777 .evcrtit.

2009 3898 2100 3952 22.
2131 3896 2194 3950 Et
2222 3895 2522 3951 eratdraco
2548 3896 2600 3950 in
2631 3897 2750 3968 ipso
2771 3897 2912 3966 loco,
2946 3910 3000 3956 et
3055 3901 3304 3956 colebant
3341 3899 3508 3970 Baby-

1940 3990 2094 4046 lonii.
2896 3986 2899 3991 '

2008 4083 2097 4136 2‘5.
2125 4081 2188 4137 Et
2216 4083 2352 4138 dixit
2375 4100 2468 4139 rex
2501 4083 2710 4138 Danieli
2735 4081 3035 4153 :Numqnid
3075 4093 3131 4139 et
3157 4085 3303 4139 hunc
3332 4083 3504 4147 dices,

1942 4175 2085 4243 quod
2115 4191 2287 4231 aereus
2318 4176 2418 4231 sit?
2448 4191 2574 4231 ecce
2608 4176 2758 4243 vivit,
2796 4176 3054 4240 comedit,
3091 4186 3145 4232 et
3166 4176 3505 4242 bibit,adora

1941 4277 2087 4319 eum.

2010 4355 2100 4409 25.
2134 4355 2199 4410 Ει
2220 4357 2354 4412 dixit
2390 4357 2575 4413 Daniel
2606 4378 2618 4413 :
2656 4357 2790 4423 Rex,
2823 4357 2891 4411 da
2920 4355 3050 4409 mihi
3081 4368 3422 4427 potestatem,
3450 4369 3506 4414 et

275 4455 408 4516 σίαν,
458 4454 553 4508 καὶ
601 4453 777 4506 ἀνελῶ
812 4453 902 4504 τὸν
970 4450 1241 4522 δράκοντα
1289 4449 1419 4504 ἄνευ
1470 4448 1689 4521 σιδήρου
1715 4448 1841 4540 ’καὶ

1944 4447 2263 4503 interliciam
2322 4449 2612 4505 draconem
2683 4452 2889 4522 absque
2940 4451 3085 4507 ferro
3118 4463 3172 4508 et
3230 4452 3391 4507 fuste.
3442 4450 3509 4505 Et

274 4544 485 4615 ῥάϐδου.
512 4543 624 4598 Kal
647 4541 1020 4613 συνεχώρησεν
1046 4538 1194 4611 αὐτῷ
1215 4540 1244 4593 6
1265 4538 1540 4610 βασιλεὺς,
1573 4537 1670 4592 καὶ
1687 4533 1841 4590 εἶπεν

1945 4542 2189 4611 permisit
2221 4543 2269 4597 ci
2300 4558 2429 4610 rex;
2468 4552 2523 4598 et
2556 4544 2696 4598 dixit
2727 4544 2775 4598 ei
2817 4563 2830 4600 :
2873 4544 3006 4599 Data
3028 4553 3113 4599 est
3149 4544 3266 4599 tibi.

273 4635 436 4707 αὐτῷ·
457 4634 674 4688 Δέδοταί
700 4651 801 4687 σοι.

339 4727 429 4783 26.
461 4728 574 4782 Kal
593 4726 773 4780 λαϐὼν
802 4725 1000 4797 Δανιὴλ
1020 4724 1219 4795 πίσσης
1252 4724 1389 4794 μνᾶς
1414 4722 1725 4793 τριάκοντα,
1749 4722 1845 4777 καὶ

277 4819 458 4891 στέαρ,
488 4820 584 4872 καὶ
611 4818 823 4888 τρίχας,
854 4817 1063 4888 ἥψησεν
1091 4815 1185 4869 ἐπὶ
1221 4814 1282 4867 τὸ
1312 4813 1463 4875 αὐτὸ,
1499 4813 1596 4867 καὶ
1624 4813 1844 4884 εποίησε

280 4909 474 4979 μάζαν,
495 4910 593 4963 καὶ
617 4908 872 4961 ἐνέϐαλεν
897 4910 977 4971 εἱς
999 4909 1061 4960 τὸ
1092 4907 1267 4977 στόμα
1296 4904 1391 4959 τοῦ
1418 4906 1728 4979 δράκοντος,
1753 4906 1846 4959 xal

276 4998 462 5070 φαγὼν
486 4999 770 5072 saepem,
811 4998 907 5051 καὶ
950 4997 1149 5062 ἔδειξεν
1177 4996 1337 5050 αὑτὸν
1366 4996 1444 5067 τῷ
1488 4995 1715 5067 βασιλεῖ,
1760 4994 1845 5048 λέ-

272 5109 411 5165 γων’
434 5094 510 5148 Οὐ
534 5091 705 5145 ταῦτα
736 5088 979 5152 σέϐεσθε,
1003 5087 1255 5159 βασιλεῦς

340 5185 431 5240 2⁷.
464 5186 576 5239 Kal
606 5182 952 5253 συνήχθησαν
984 5181 1034 5233 οἱ
1061 5179 1169 5232 ἀπὸ
1192 5178 1292 5245 τῆς
1316 5176 1499 5247 χώρας
1533 5177 1729 5239 πάντες
1753 5178 1845 5229 ἐπὶ

273 5276 361 5330 τδν
399 5275 597 5347 Δανιὴλ
622 5314 636 5337 ,
693 5274 789 5326 καὶ
837 5269 996 5325 εἶπαν
1021 5286 1035 5300 ·
1090 5269 1340 5331 Ἰουδαῖος
1383 5267 1607 5335 γέγονεν
1639 5269 1666 5320 6
1694 5267 1846 5338 βασι-

274 5364 423 5428 λεύς·
468 5363 559 5417 τὸν
598 5354 715 5434 Βὴλ
748 5358 1086 5431 κατέστρεψε
1116 5397 1130 5421 ,
1164 5358 1260 5410 καὶ
1291 5357 1380 5409 τὸν
1430 5355 1697 5426 δράκοντα
1736 5355 1844 5408 ἁπ-

275 5455 499 5509 ἔκτεινε.

340 5544 435 5601 29:
472 5545 585 5600 Kal
609 5543 733 5598 ἱδὼν
767 5546 794 5597 6
826 5542 1101 5614 βασιλεὺς,
1137 5542 1219 5594 ὅτι
1254 5538 1590 5609 ὲπισυνήχθη
1633 5539 1662 5589 6
1694 5536 1847 5607 ὄχλος

274 5635 374 5707 τῆς
394 5636 579 5708 χώρας
598 5636 685 5689 ἐπ’
712 5636 893 5699 αὐτὸν,
920 5635 1141 5688 ἐκάλεσε
1171 5633 1297 5695 τοὺς
1322 5648 1382 5683 συ
1392 5627 1633 5700 prima;
1658 5628 1845 5693 αὑτοῦ,

276 5730 370 5783 καὶ
399 5725 570 5784 εἶπεν
612 5729 811 5799 Δίδωμι
842 5728 931 5781 τὸν
951 5727 1144 5797 Δανιὴλ
1173 5728 1250 5789 εἰς
1271 5723 1562 5777 ἀπώλειαν.

2016 4717 2106 4773 26.
2134 4716 2204 4773 Et
2246 4719 2519 4789 accipiens
2558 4718 2742 4775 Daniel
2787 4720 2923 4789 picis
2984 4737 3142 4777 mnas
3189 4721 3432 4791 triginta,
3458 4728 3513 4777 et

1945 4810 2183 4880 adipem,
2222 4817 2277 4863 ct
2311 4809 2471 4878 pilos.
2509 4811 2657 4864 coxit
2695 4811 2879 4865 omnia
2913 4811 3097 4874 simul,
3126 4820 3179 4866 et
3213 4810 3340 4866 fecit
3364 4826 3511 4867 mas-

1945 4917 2082 4965 sam,
2119 4909 2172 4955 et
2199 4900 2347 4955 misit
2381 4900 2434 4954 in
2466 4916 2527 4955 os
2558 4901 2835 4970 draconis,
2887 4912 2940 4958 et
2971 4902 3261 4969 comedens
3294 4900 3513 4973 disrup-

1946 5000 2035 5047 tus
2067 4999 2171 5057 est,
2202 4998 2257 5046 et
2286 4990 2524 5048 ostendit
2560 5007 2684 5046 eum
2726 4993 2857 5063 regi,
2894 4994 3081 5048 dicens
3118 5011 3131 5047 :
3170 4989 3359 5048 Nonne
3398 4992 3514 5048 haec

1946 5084 2143 5148 colitis,
2185 5100 2276 5139 rex
2299 5084 2322 5137 ?

2015 5177 2104 5230 27.
2140 5176 2203 5230 Et
2223 5176 2532 5247 congregati
2558 5185 2684 5230 sunt
2707 5176 2773 5230 de
2801 5176 3019 5246 regione
3039 5189 3227 5230 omnes
3249 5174 3512 5231 adversus

1950 5269 2244 5332 Danielcm,
2307 5279 2360 5324 et
2412 5270 2671 5324 dixerunt
2706 5287 2719 5321 :
2753 5266 2973 5323 Judazus
3025 5267 3206 5323 Iactus
3256 5277 3340 5323 est
3392 5281 3508 5323 rex.

1947 5359 2038 5415 Bel
2062 5361 2276 5423 evertit,
2319 5368 2372 5414 ct
2402 5360 2692 5414 draconem
2728 5358 3016 5413 interfecit.

2015 5536 2106 5591 29.
2150 5534 2215 5589 Et
2237 5535 2426 5590 videns
2447 5550 2559 5599 rex,
2595 5534 2739 5605 quod
2773 5541 3097 5605 congregata
3128 5544 3272 5592 esset
3321 5537 3511 5595 multi-
3574 5590 3577 5591 ν

1949 5629 2078 5685 tudo
2112 5626 2354 5698 regionis
2387 5626 2647 5682 adversus
2698 5640 2778 5691 se,
2811 5625 3024 5681 vocavit
3066 5627 3324 5686 convivas
3355 5643 3510 5699 suos,

1951 5732 1996 5773 cl
2035 5719 2200 5774 dixit:
2224 5719 2402 5775 Trade
2436 5718 2706 5775 Danielcm
2737 5717 2802 5771 ad
2828 5715 3211 5799 perditionem.
