4122 6320
576 333 717 390 9859

1637 340 1888 397 DANIEL
1928 343 1954 396 «Ι
1967 341 2155 398 υΧΤΔ
2197 341 2737 400 THEODOTIONEM

3694 344 3846 399 29H)

646 457 737 511 51.
774 454 902 512 Erat
931 466 1111 513 autem
1134 458 1304 524 lacus,
1340 460 1392 514 iu
1421 475 1532 531 quo
1566 463 1949 518 nutriebantur
1973 463 2141 518 leones

2330 467 2416 519 51.
2451 462 2558 518 Ἦν
2585 466 2644 519 δέ
2679 467 2879 529 λάκκος
2922 468 2977 518 ἐν
3019 459 3063 533 ᾧ
3103 464 3393 537 ἐτρέφοντο
3416 462 3629 526 λέοντες
3672 462 3842 524 ἑπτὰ.

576 553 804 616 septem,
867 547 1069 617 quibus
1125 548 1481 605 tradebantur
1515 550 1866 606 insidiatores
1899 554 2064 622 regis,
2097 561 2151 606 et

574 639 1137 694 subministrabantur
1189 640 1270 695 eis
1337 639 1581 710 quotidie
1655 641 2148 696 condemnatorum

573 731 682 786 duo
714 746 964 799 corpora.
1537 744 1539 746 ‘

643 823 734 877 50.
769 821 833 876 Et
866 823 1168 891 injecerunt
1194 822 1467 877 Danielcm
1496 825 1738 879 turbain
1771 823 1920 878 illutn
1949 825 2147 889 lacum,

575 924 634 969 ut
666 915 1044 978 devoraretur,
1075 923 1127 967 et
1157 929 1331 982 neque
1365 916 1658 984 sepulturae
1693 929 1920 983 compos
1971 915 2144 969 ﬁt‘l‘cl.

573 1005 636 1060 Et
663 1015 782 1060 erat
814 1006 869 1058 in
899 1005 1020 1059 lacu
1065 1003 1248 1058 Daniel
1271 1005 1466 1059 diebus
1499 1022 1614 1060 sex.
1773 1071 1784 1083 .

644 1097 732 1151 52.
771 1095 836 1150 Ει
873 1095 1074 1150 factum
1101 1105 1186 1152 est
1209 1097 1260 1150 in
1291 1099 1378 1152 die
1406 1108 1578 1164 sexta,
1611 1108 1667 1153 et
1694 1109 1810 1153 erat
1845 1099 2146 1152 Ambacum

574 1188 781 1242 habens
809 1203 980 1257 panes
1019 1188 1234 1241 intritus
1282 1189 1334 1243 in
1371 1190 1580 1244 alveolo
1622 1191 1675 1244 in
1730 1192 2032 1260 pulmento,
2097 1200 2149 1244 et

573 1293 668 1333 vas
705 1279 814 1332 vini
846 1279 1021 1345 mixti,
1050 1287 1102 1334 et
1127 1281 1239 1333 ibat
1267 1279 1322 1334 in
1352 1295 1603 1350 campum
1641 1281 1706 1336 ad
1745 1296 2038 1336 messores.

643 1453 733 1507 55.
765 1453 831 1506 Ει
861 1454 1120 1522 loquutus
1143 1462 1226 1508 est
1249 1455 1474 1524 angelus
1495 1453 1708 1510 Domini
1738 1457 1803 1511 ad
1823 1458 2145 1521 Ambacum.

573 1545 759 1599 dicens
794 1563 807 1597 :
846 1543 970 1600 Hrec
1001 1547 1096 1599 tibi
1130 1545 1262 1600 dicit
1299 1545 1564 1602 Dominus
1591 1546 1735 1602 Deus
1765 1567 1778 1602 :
1829 1548 2144 1613 Prandium,

573 1637 718 1705 quod
755 1638 946 1700 habes,
970 1637 1100 1692 aﬂ‘er
1136 1640 1340 1694 Danieli
1368 1641 1420 1693 in
1457 1641 1636 1695 lacum
1674 1642 1891 1697 leonum
1944 1644 1996 1697 in
2048 1643 2148 1698 Ba-

573 1731 788 1801 bylone.

2254 550 2334 618 οἷς
2368 554 2705 625 παρεδίδοντο
2732 557 2781 608 οί
2808 550 3078 609 ἐπιεουλοι
3106 553 3198 606 τοῦ
3222 553 3505 624 βασιλέως,
3534 552 3630 605 xal.
3648 553 3844 624 ἐχορη-

2253 648 2401 713 γεῖτο
2433 647 2614 708 αὐτοῖς
2646 646 2765 698 καθ’
2799 647 2901 698 ἑκά
2922 662 3034 715 πτην
3077 645 3294 716 ἡμέραν
3327 643 3437 697 τῶν
3477 642 3841 698 ἑπιθανατίων

2255 735 2480 807 σώματα
2497 735 2609 789 δύο.

2324 829 2411 882 50.
2448 827 2557 880 Kal.
2588 827 2906 880 ἐνεϐάλοσαν
2928 827 3018 879 τὸν
3051 826 3245 896 Δανιὴλ
3273 828 3322 880 ot
3352 825 3500 896 ϐχλοι
3528 827 3608 889 είς
3630 828 3838 879 ἐκεῖνον

2252 919 2344 972 τὸν
2369 917 2593 982 λάκκον,
2638 917 2725 969 ἵνα
2752 914 3080 988 καταϐρωθῇ
3106 955 3120 979 ,
3168 916 3262 967 καὶ
3297 915 3430 983 μηδὲ
3458 913 3634 983 ταφῆς
3669 913 3832 985 τύχῃ.

2253 1011 2363 1063 Kal.
2394 1005 2462 1081 ἦν
2492 1011 2552 1062 ἐν
2575 1007 2652 1078 τῷ
2683 1007 2872 1076 λάκκῳ
2901 1005 3097 1076 Δανιὴλ
3127 1005 3339 1076 ἡμέρας
3361 1003 3442 1068 ἐξ.

2321 1102 2412 1158 52.
2439 1102 2549 1154 Καὶ
2578 1099 2798 1168 ἐγένετο
2825 1101 2892 1170 τῇ
2919 1098 3102 1169 ἡμέρα
3130 1101 3197 1167 τῇ
3228 1097 3384 1168 ἕκτῃ,
3409 1095 3504 1149 καὶ¹
3522 1089 3591 1166 ἦν
3622 1095 3677 1147 Ἀ
3690 1092 3835 1164 μϐα-

2252 1193 2398 1262 κοὺμ
2429 1191 2568 1261 ἔχων
2596 1190 2794 1260 ἄρτους
2819 1188 3289 1260 ἐντεθρυμμένους
3310 1190 3367 1240 ἐν
3401 1187 3583 1260 σκάφῃ
3604 1191 3661 1242 ἐν
3698 1189 3836 1260 ἐψή-

2256 1303 2406 1355 ματι,
2425 1284 2521 1337 καὶ
2549 1284 2784 1353 στάμνον
2799 1283 2944 1335 οίνου
2967 1279 3395 1350 κεκερασμένου,
3419 1281 3514 1334 καὶ
3541 1282 3834 1353 ἐπορεύετο

2251 1379 2331 1439 είς
2355 1375 2416 1428 τὸ
2455 1375 2638 1428 πεδίον
2675 1373 2807 1445 πρὸς
2830 1374 2956 1436 τοὺς
2989 1371 3265 1442 θεριστάς.

2322 1469 2412 1521 55.
2440 1468 2550 1520 Kal.
2573 1466 2832 1536 ἐλάλησεν
2850 1463 3081 1532 ἄγγελος
3103 1462 3306 1534 Κυρίου
3332 1463 3539 1534 πρὸςἈ
3551 1463 3830 1533 μϐακοῦμ,

2250 1559 2451 1628 λέγων·
2484 1559 2625 1611 Τάδε
2655 1557 2802 1625 λέγει
2845 1557 2928 1609 σοὶ
2954 1555 3197 1624 Κύριοςὸ
3225 1553 3359 1617 Θεὸς
3379 1571 3395 1586 ·
3429 1554 3501 1606 T6
3536 1554 3756 1625 ἄριστον
3803 1555 3834 1607 ὃ

2251 1650 2417 1719 ἔχεις,
2457 1648 2726 1716 ἀπένεγκε
2767 1647 2964 1716 Δανιὴλ
2996 1648 3074 1708 εἰς
3103 1645 3196 1697 τὸν
3224 1645 3426 1699 λάκκον
3461 1643 3570 1696 τῶν
3604 1645 3834 1698 λεόντοιν

2252 1744 2308 1793 ἐν
2339 1738 2638 1794 Βαϐυλῶνι.

648 1823 738 1877 ⁸54.
776 1823 841 1878 Ει
869 1824 1004 1878 dixit
1025 1825 1325 1880 Ambacum
1373 1846 1385 1882 :
1424 1827 1654 1882 Domine
1707 1828 1872 1892 Deus,
1903 1844 2007 1882 non
2044 1828 2141 1882 ridi

2321 1829 2410 1886 54.
2428 1832 2538 1884 Καὶ
2562 1823 3067 1898 εἷπενἊμϐακουμ·
3087 1823 3258 1895 Κύριε
3273 1825 3300 1876 6
3317 1822 3471 1885 Θεὸς,
3490 1821 3587 1890 οὐχ
3606 1821 3832 1892 ἑώρακα

569 1915 922 1988 Babylonem,
945 1926 1000 1972 et
1031 1918 1209 1972 lacum
1237 1920 1420 1975 nescio
1448 1921 1540 1975 ubi
1572 1921 1662 1975 sit.

642 2007 732 2063 55.
765 2006 827 2061 Ει
880 2008 1295 2077 apprehendens
1335 2010 1514 2080 ipsum
1567 2011 1870 2066 Ambacum
1910 2012 2141 2082 angelus

573 2098 786 2153 Domini
820 2113 974 2153 coma
997 2101 1189 2169 capitis
1213 2103 1354 2172 ejus,
1389 2104 1709 2173 posuiteum
1745 2117 1908 2173 super
1940 2105 2140 2170 larum,

569 2192 663 2261 qui
701 2200 817 2246 erat
849 2192 1144 2263 Babylone.
1698 2196 1700 2198 ’

639 2285 728 2338 56.
765 2283 828 2336 Et
880 2285 1016 2339 dixit
1071 2286 1372 2341 Ambacum
1424 2286 1489 2341 ad
1543 2287 1818 2343 Danielem
1859 2288 2145 2357 :Surgens

569 2377 795 2432 comede
826 2380 1137 2445 prandium.
1174 2381 1316 2448 quod
1360 2380 1510 2435 misit
1545 2381 1640 2433 tibi
1671 2379 1937 2436 Dominus
1979 2380 2141 2434 Dens.

640 2469 729 2522 57.
763 2469 829 2522 Et
857 2469 933 2522 ait
964 2470 1187 2525 Daniel:
1225 2472 1564 2526 ltecordatus
1589 2481 1674 2527 est
1724 2474 1870 2526 enim
1901 2473 2004 2526 mei
2041 2472 2149 2527 Do-

569 2563 755 2614 minus
794 2560 953 2618 Deus.
989 2561 1080 2630 qui
1123 2578 1228 2616 non
1257 2564 1853 2634 dercliqnitdiligentes
1885 2580 1961 2619 se.

641 2653 730 2707 58.
759 2651 824 2707 Et
850 2654 1086 2708 comedit
1134 2655 1338 2710 Daniel.
1385 2657 1624 2727 Angelus
1686 2667 1868 2711 autem
1927 2656 2142 2712 Domini

567 2744 809 2800 restituit
859 2745 1182 2810 Ambacum,
1221 2746 1365 2800 unde
1414 2747 1590 2817 ipsum
1631 2758 2005 2817 assumpserat
2051 2763 2144 2802 ea-

568 2835 690 2890 dem
716 2836 802 2889 die
825 2852 840 2888 :
865 2834 1124 2889 Dominus
1145 2851 1271 2890 vero
1284 2837 1426 2890 Deus
1445 2838 1761 2892 recordatus
1781 2846 1862 2892 ost
1884 2836 2141 2892 Daniclis.

639 2925 728 2981 59.
766 2925 938 2980 Porro
971 2942 1221 2990 egressus
1251 2937 1335 2983 est
1365 2945 1457 2983 rex
1492 2938 1612 2998 post
1644 2929 1758 2984 haec
1787 2929 2008 2999 plorans
2041 2927 2144 2982 Da-

567 3017 785 3084 nielem,
816 3029 870 3072 et
900 3019 1194 3088 inspiciens
1249 3020 1301 3073 in
1353 3020 1555 3085 lacum,
1591 3019 1738 3073 videt
1788 3034 1910 3074 eum
1949 3020 2143 3074 seden-

566 3118 699 3164 tem.

634 3201 724 3256 ιο.
763 3200 828 3256 Et
852 3202 1170 3259 exclamans
1197 3204 1272 3258 ait
1293 3219 1386 3260 rex
1426 3223 1439 3259 :
1482 3207 1714 3276 Magnus
1754 3211 1838 3259 cst
1881 3201 2144 3257 Dominus

566 3291 733 3354 Deus,
774 3302 828 3348 et
853 3308 961 3348 non
1001 3303 1086 3349 est
1125 3305 1322 3366 prmter
1354 3311 1478 3351 eum
1520 3297 1681 3351 alius.

644 3386 734 3442 Μ.
772 3386 836 3442 Ει
865 3387 1052 3443 eduxit
1075 3406 1168 3444 rex
1208 3389 1485 3447 Danielem
1518 3392 1586 3447 de
1626 3392 1768 3456 lacu,
1796 3400 1851 3446 et
1891 3398 2145 3445 auctores

565 3481 890 3550 perditionis
923 3483 1045 3551 ejus
1075 3485 1303 3539 immisit
1329 3485 1384 3538 in
1415 3485 1596 3540 lacum
1628 3485 1683 3538 in
1708 3493 2005 3553 conspectu
2034 3481 2144 3536 Da-

576 3572 758 3638 nielis,
785 3582 840 3627 et
873 3574 1116 3629 devorati
1148 3585 1298 3630 sunt.

1082 3751 1602 3863 DANIEL

732 3918 1058 3997 JUXTA
1137 3921 2004 4090 nglgnlOTIONEM.

639 4124 691 4179 Ι.
745 4124 798 4178 In
833 4139 977 4179 anno
1014 4125 1175 4180 tertio
1203 4127 1355 4196 regni
1383 4127 1596 4182 Joakim
1632 4129 1777 4200 regis
1805 4128 1966 4196 Juda,
1998 4131 2144 4185 venit

565 4213 1075 4270 Nabuchodonosor
1131 4233 1226 4271 rex
1279 4217 1568 4289 Babylonis
1603 4221 1659 4274 in
1709 4218 2011 4277 Jerusalem
2039 4262 2053 4286 ,
2090 4231 2142 4275 et

565 4306 847 4361 obsidebat
882 4322 1022 4361 eam.

633 4398 768 4454 2.Et
801 4400 947 4454 dedit
976 4401 1242 4457 Dominus
1276 4403 1328 4456 in
1355 4419 1516 4459 manu
1545 4406 1664 4475 ejus
1691 4405 1902 4461 Joakim
1957 4421 2138 4476 regem

2246 1922 2348 1992 τὴν
2374 1921 2670 1975 Βαϐυλῶνα
2693 1962 2707 1986 ,
2731 1920 2823 1973 καὶ
2847 1919 2940 1972 τον
2965 1917 3168 1970 λάκκον
3192 1915 3253 1969 οὔ
3282 1912 3538 1984 γινώσκω
3561 1912 3663 1966 ποῦ
3688 1916 3829 1966 ἐστι.

2321 2013 2409 2071 55.
2437 2015 2548 2068 Καὶ
2565 2012 2956 2083 ἐπιλαϐόμενος
2984 2009 3148 2064 αὐτοῦ
3180 2011 3208 2062 6
3235 2007 3466 2076 ἄγγελος
3497 2006 3704 2077 Κυρίου
3735 2005 3832 2057 τοῦ

2247 2108 2571 2180 Ἀμϐακοὺμ
2597 2107 2695 2175 τῆς
2720 2105 2896 2175 κόμης
2943 2100 3106 2156 αὑτοῦ
3163 2101 3265 2170 τῆς
3300 2099 3544 2169 κεφαλῆς
3570 2138 3584 2162 ,
3635 2096 3835 2167 ἔθηκεν

2248 2198 2410 2254 αὐτὸν
2447 2198 2629 2251 ἐπάνω
2663 2195 2754 2248 τοῦ
2783 2193 2989 2249 λάκκου
3019 2191 3111 2246 τοῦ
3136 2196 3191 2245 ἐν
3222 2191 3526 2245 Βαϐυλῶνι.

2318 2292 2406 2346 56.
2441 2291 2550 2344 Kal.
2590 2282 2744 2342 εἶπεν
2775 2287 3101 2357 Ἀμϐακοῦμ
3138 2283 3272 2354 πρὸς
3302 2282 3523 2352 Δανιὴλ·
3565 2278 3833 2341 ’Δναστὰς

2249 2384 2389 2450 φάγε
2417 2381 2478 2434 τὸ
2503 2381 2747 2451 ἄριστον,
2776 2379 2803 2432 6
2832 2375 3122 2432 ἀπέστειλέ
3162 2393 3243 2429 σοι
3279 2375 3482 2444 Κύριος
3509 2375 3537 2426 6
3567 2372 3718 2434 Θεός.

2319 2471 2409 2526 57.
2439 2471 2554 2523 Kal.
2593 2464 2749 2522 εἶπεν
2776 2468 3002 2538 Δανιήλ·
3041 2467 3314 2537 Ἐμνήσθη
3353 2465 3462 2536 γὰρ
3493 2463 3593 2535 μοῦ
3624 2463 3834 2533 Κύριος

2246 2564 2275 2617 6
2311 2563 2462 2626 Θεὸς,
2499 2565 2527 2615 6
2555 2560 2629 2632 μὴ
2655 2560 3060 2628 ἐγκαταλείπων
3088 2561 3213 2620 τοὺς
3241 2556 3574 2627 ἀγαπῶντας
3605 2553 3792 2608 αὐτόν.

2317 2656 2404 2711 58.
2448 2654 2559 2708 Kal
2580 2654 2746 2723 ἔφαγε
2777 2650 2994 2721 Δανιήλ.
3038 2650 3096 2702 Ὁ
3118 2649 3174 2702 δὲ
3201 2646 3428 2716 ἄγγελος
3456 2645 3662 2716 Κυρίου
3691 2661 3832 2698 κατ-

2248 2749 2441 2819 ἐστησε
2471 2748 2562 2800 τὸν
2612 2744 2937 2815 Ἀμϐακοῦμ
2987 2741 3104 2796 ὅθεν
3162 2740 3322 2793 αὐτὸν
3375 2738 3536 2791 ἔλαϐε
3581 2739 3648 2807 τῇ
3683 2735 3816 2803 αὐτῇ

2244 2841 2431 2911 ἡμέρα
2452 2855 2464 2868 ·
2500 2840 2528 2891 6
2560 2837 2616 2890 δὲ
2646 2836 2851 2907 Κύριος
2873 2835 2901 2887 6
2937 2832 3069 2895 Θεὸς
3095 2830 3340 2902 ἐμνήσθη
3379 2827 3473 2881 τοῦ
3500 2825 3713 2896 Δανιὴλ.

2317 2933 2404 2987 59.
2454 2927 2676 2999 Ἐξῆλθε
2705 2929 2762 2981 δὲ
2793 2929 2823 2982 6
2849 2925 3102 2996 βασιλεὺς
3129 2923 3266 2994 μετὰ
3294 2921 3465 2975 ταῦτα
3492 2918 3703 2973 πενθῶν
3733 2915 3829 2971 τὸν

2245 3022 2466 3094 Δανιὴλ,
2501 3022 2596 3074 καὶ
2622 3018 2866 3088 ἐγκύψας
2896 3018 2973 3079 είς
3001 3015 3093 3068 τὸν
3120 3015 3343 3077 λάκκον,
3373 3014 3475 3083 ὁρᾷ
3503 3010 3665 3064 αὐτὸν
3694 3007 3827 3062 καθ-

2247 3113 2279 3182 ή
2289 3128 2469 3182 μενον.

2316 3201 2406 3255 40.
2443 3201 2555 3254 Kal.
2576 3199 2905 3268 ἀναϐοήσας,
2949 3190 3104 3248 εἶπεν
3123 3196 3151 3248 6
3186 3192 3436 3264 βασιλεὺς
3461 3209 3474 3223 ·
3497 3193 3687 3260 Μέγας
3706 3189 3828 3245 ἐστὶ

2247 3291 2449 3363 Κύριος
2479 3293 2507 3344 6
2541 3291 2692 3355 Θεὸς,
2717 3290 2812 3342 καὶ
2833 3289 2932 3342 οὐκ
2963 3287 3109 3340 ἐστιν
3141 3284 3277 3356 πλὴν
3303 3283 3466 3338 αὐτοῦ
3505 3284 3680 3346 ἄλλος.

2315 3382 2403 3436 41.
2437 3382 2547 3435 Kal.
2589 3381 2854 3452 ἐξήγαγεν
2896 3381 2924 3432 6
2969 3377 3222 3448 βασιλεὺς
3255 3376 3346 3428 τὸν
3392 3373 3588 3444 Δανιὴλ
3624 3375 3689 3426 ἐκ
3726 3371 3824 3425 τοῦ

2246 3474 2471 3539 λάκκου,
2507 3475 2602 3526 καὶ
2627 3474 2755 3535 τοὺς
2775 3472 2981 3533 αἰτίους
3008 3471 3108 3539 τῆς
3135 3467 3408 3530 ἀπωλείας
3438 3465 3603 3522 αὑτοῦ
3639 3462 3828 3518 ἐνέϐα-

2244 3567 2334 3620 λεν
2356 3567 2435 3629 ei;
2457 3566 2546 3620 τὸν
2568 3565 2771 3618 λάκκον
2805 3563 3034 3616 ἐνώπιον
3058 3561 3152 3615 τοῦ
3181 3561 3400 3632 Δανιὴλ,
3428 3560 3522 3613 καὶ
3545 3555 3828 3627 κατεϐρώ-

2729 3734 3360 3870 ΔΑΝΙΗΑ

2350 3916 2647 4000 ΚΑΤΑ
2683 3917 2912 4002 TON
2957 3911 3706 4004 ΘΕΟΔΟΤΙΩΝΑ.

2773 4033 3171 4087 ΚΕΦΑΛΑΙΟΝ
3209 4033 3288 4085 Α’.

2317 4127 2365 4180 Ι.
2384 4127 2472 4180 Ἐν
2511 4125 2620 4180 ἔτει
2642 4125 2810 4197 τρίτῳ
2828 4128 2927 4194 τῆς
2955 4124 3233 4195 βασιλείας
3247 4123 3527 4192 Ἰωακεὶμ,
3559 4119 3823 4190 βασιλέως

2256 4216 2442 4279 Ἰούδα,
2469 4212 2599 4288 ἦλθε
2630 4215 3121 4286 Ναϐουχοδονόσορ,
3161 4214 3415 4285 βασιλεὺς
3471 4212 3814 4277 Βαϐυλῶνος,

2243 4311 2323 4372 εἰς
2352 4309 2727 4382 Ἰερουσαλὴμ,
2761 4309 2856 4363 καὶ
2886 4308 3196 4380 ἐπολιόρκει
3222 4309 3414 4380 αὐτήν.

2312 4402 2366 4456 2.
2394 4399 2503 4454 Kal.
2529 4400 2696 4454 ἔδωκε
2724 4400 2930 4470 Κύριος
2967 4401 3023 4452 ἐν
3048 4401 3192 4470 χειρὶ
3225 4399 3390 4454 αὑτοῦ
3417 4399 3504 4453 τὸν
3539 4398 3821 4469 ’ῐωακεὶμ,

561 4487 722 4558 Juda,
755 4501 809 4546 et
846 4493 912 4547 de
953 4501 1104 4562 parte
1144 4510 1399 4549 vasorum
1433 4495 1631 4551 domus
1671 4497 1764 4552 Dei
1812 4517 1825 4551 :
1858 4507 1912 4553 et
1940 4512 2135 4567 aspor-

2246 4493 2465 4564 βασιλέα
2505 4493 2694 4556 Ἰούδα,
2743 4493 2839 4545 xal.
2884 4492 2992 4546 ἀπὸ
3036 4493 3238 4564 μέρους
3281 4493 3390 4545 τῶν
3434 4489 3641 4544 σκευῶν
3667 4489 3824 4542 οἴκου

561 4584 698 4637 tavit
741 4600 802 4638 ea
862 4587 913 4638 in
943 4595 1144 4639 terram
1192 4585 1398 4641 Senaar
1434 4588 1488 4640 in
1534 4588 1756 4643 domum
1801 4589 1886 4644 dei
1931 4589 2037 4653 sui,
2081 4596 2136 4640 ct

560 4690 690 4730 vasa
728 4676 909 4730 intulit
940 4677 992 4730 in
1018 4678 1236 4731 donmm
1271 4679 1513 4734 thesauri
1553 4679 1639 4733 dei
1668 4681 1772 4734 sui.

629 4853 682 4908 5.
730 4854 795 4909 Et
827 4854 964 4910 dixit
996 4871 1085 4910 rex
1119 4855 1410 4925 Asphanex
1436 4858 1726 4927 praeposito
1749 4859 2132 4915 cunuchorum

559 4958 806 5010 suorum,
842 4955 902 5001 ut
931 4946 1307 5002 introduceret
1343 4948 1410 5002 de
1453 4949 1576 5004 [iliis
1627 4949 1957 5018 captivitatis
1993 4949 2135 5003 lilio~

559 5052 680 5092 rum
713 5038 901 5106 Israel,
953 5049 1005 5095 et
1034 5041 1100 5095 de
1146 5041 1354 5096 semine
1391 5042 1561 5110 regni,
1616 5050 1671 5095 et
1709 5041 1776 5095 de
1813 5040 2135 5110 phorthom-

559 5131 694 5184 min.

629 5223 682 5280 4.
701 5221 924 5288 Pueros,
943 5224 994 5278 in
1012 5225 1211 5294 quibus
1230 5239 1336 5279 non
1356 5234 1439 5280 est
1454 5225 1505 5278 in
1525 5225 1603 5278 eis
1621 5226 1858 5292 macula,
1875 5225 2134 5296 pulchros

562 5317 764 5388 specie,
803 5327 858 5373 et
892 5318 1250 5389 intelligentcs
1291 5319 1344 5373 in
1375 5318 1523 5373 omni
1553 5319 1841 5388 sapientia,
1878 5326 1934 5374 et
1955 5320 2134 5374 scieno

560 5418 644 5464 tes
672 5411 981 5476 scientiam,
1016 5420 1071 5464 et
1100 5411 1408 5481 cogitantes
1443 5409 1809 5481 prudentiam,
1842 5420 1896 5465 et
1928 5412 2131 5481 quibus

560 5511 646 5557 est
667 5504 836 5558 robur
864 5502 918 5557 in
943 5503 1022 5558 eis
1051 5505 1226 5559 standi
1269 5504 1323 5558 in
1351 5503 1518 5559 domo
1550 5505 1713 5573 regis,
1741 5514 1792 5559 et
1823 5513 1884 5558 ut
1911 5502 2132 5559 doceret

561 5607 656 5650 eos
685 5593 914 5657 litteras,
939 5599 991 5648 et
1021 5593 1259 5663 linguam
1289 5595 1688 5650 Chaldaeorum.

635 5767 685 5820 5.
729 5765 792 5819 Et
847 5763 1129 5818 constituit
1174 5765 1252 5819 eis
1300 5780 1394 5818 rex
1442 5767 1752 5822 dimensum
1839 5770 2123 5835 diurnum,

2243 4587 2337 4639 τοῦ
2365 4583 2522 4647 Θεοῦ,
2559 4584 2655 4637 καὶ
2673 4583 2870 4653 ἤνεγκε
2901 4584 3040 4637 αὐτὰ
3069 4586 3149 4647 είς
3180 4583 3282 4654 γῆν
3317 4581 3525 4652 Σεναὰρ
3554 4581 3644 4634 τὸν
3673 4575 3824 4634 οίκον

2242 4678 2335 4730 τοῦ
2389 4677 2512 4730 θεοῦ
2556 4675 2742 4741 αὐτοῦ,
2777 4677 2873 4730 καὶ
2913 4676 2982 4730 τὰ
3031 4677 3198 4746 σκεύη
3248 4678 3563 4748 εἰσήνεγκεν
3610 4676 3689 4738 είς
3729 4673 3824 4725 τὸν

2242 4765 2388 4822 οἶκον
2415 4768 2510 4822 τοῦ
2544 4767 2813 4839 θησαυροῦ
2837 4767 2930 4821 τοῦ
2965 4767 3088 4821 θεοῦ
3122 4768 3307 4822 αὐτοῦ.

2313 4861 2366 4914 5.
2399 4862 2510 4914 Kal.
2537 4857 2689 4913 εἶπεν
2711 4863 2738 4913 6
2769 4859 3024 4929 βασιλεὺς
3062 4859 3325 4929 Ἀσφανὲξ
3346 4858 3424 4930 τῷ
3448 4856 3826 4930 ἀρχιευνούχῳ

2241 4952 2428 5018 αὑτοῦ,
2489 4955 2804 5020 εἰσαγαγεῖν
2850 4952 2960 5006 ἀπὸ
2993 4951 3102 5005 τῶν
3136 4951 3265 5005 υίῶν
3306 4952 3403 5021 τῆς
3442 4950 3825 5021 αἰχμαλωσίας

2241 5043 2348 5096 τῶν
2379 5042 2509 5095 υἱῶν
2550 5042 2787 5112 Ἰσραὴλ,
2813 5043 2908 5096 καὶ
2934 5041 3042 5096 ἀπὸ
3073 5043 3167 5097 τοῦ
3207 5043 3515 5112 σπέρματος
3545 5041 3640 5110 τῆς
3665 5024 3854 5111 βασι(

2242 5136 2404 5200 λείας,
2439 5136 2531 5188 καὶ
2554 5135 2660 5188 ἀπὸ
2691 5134 2800 5186 τῶν
2820 5134 3179 5206 φορθομμείν.

2309 5227 2362 5282 4.
2385 5227 2736 5291 Νεανίσκους,
2759 5229 2816 5280 ἐν
2837 5221 2914 5288 οἷς
2958 5226 3060 5280 οὐκ
3093 5227 3244 5279 ἔστιν
3280 5227 3340 5278 ὲν
3372 5225 3567 5288 ἀὐτοῖς
3603 5223 3824 5294 μῶμος,

2241 5321 2333 5373 καὶ
2361 5319 2557 5383 καλοὺς
2593 5322 2658 5390 τῇ
2685 5318 2828 5388 ὄψει,
2880 5319 2975 5372 καὶ
3026 5319 3306 5382 συνιόντας
3349 5317 3408 5368 ἐν
3453 5315 3601 5388 πάσῃ
3634 5313 3822 5385 σοφία,

2241 5412 2336 5464 καὶ
2360 5409 2721 5478 γινώσκοντας
2745 5410 2966 5479 γνῶσιν,
2991 5411 3085 5462 καὶ
3099 5407 3513 5479 διανοουμένους
3533 5407 3822 5478 φρόνησιν,

2240 5505 2334 5557 καὶ
2352 5498 2432 5568 οἷς
2464 5505 2610 5557 ἐστιν
2643 5503 2795 5574 ἰσχὺς
2825 5504 2883 5556 ἐν
2910 5502 3094 5564 αὐτοῖς
3136 5499 3230 5555 τοῦ
3257 5501 3480 5554 ἐστᾶναι
3504 5502 3562 5553 ὲν
3583 5497 3659 5569 τῷ
3681 5499 3824 5568 οἴκῳ

2239 5592 2332 5646 τοῦ
2375 5592 2634 5662 βασιλέως
2662 5632 2677 5654 ,
2726 5593 2821 5645 καὶ
2853 5591 2944 5645 τοῦ
2975 5591 3249 5645 διδάσκειν
3271 5591 3466 5654 αὐτοὺς
3489 5591 3819 5663 γράμματα,

2241 5686 2333 5736 καὶ
2356 5684 2605 5751 γλῶσσαν
2631 5683 2932 5737 Χαλδαίων.

2313 5775 2362 5826 5.
2404 5775 2511 5827 Kal.
2548 5773 2788 5838 διέταξεν
2818 5775 2998 5838 αὐτοῖς
3026 5777 3053 5828 6
3084 5775 3335 5846 βασιλεὺς
3364 5773 3423 5826 τὸ
3469 5774 3566 5844 τῆς
3603 5773 3820 5843 ἡμέρας
