4122 6320
300 343 427 400 98H

1763 334 1992 392 CAPUT
2032 335 2069 394 Ι.

3410 333 3554 393 2863

301 460 418 515 καθ’
447 462 685 533 ἡμέραν,
716 462 824 515 ἀπὸ
854 462 953 532 τῆς
1005 461 1282 534 τραπέζης
1318 461 1410 515 τοῦ
1460 461 1743 532 βασιλέως,
1779 457 1873 513 καὶ

1976 454 2219 529 quotidie
2241 454 2308 511 de
2326 471 2512 512 mensa
2542 457 2706 527 regis,
2745 464 2801 511 et
2827 457 2893 511 de
2925 456 3049 510 vino
3084 464 3246 526 potus
3277 455 3469 525 ipsius,
3494 468 3550 510 ut

302 555 406 608 ἀπὸ
432 552 524 607 τοῦ
551 553 696 608 οἴνου
725 553 817 607 τοῦ
847 553 1012 608 ποτοῦ
1039 553 1225 610 αὐτοῦ.
1264 556 1360 608 ical
1387 554 1648 627 ἐκθρέψαι
1677 555 1874 620 αὐτοὺς

302 644 393 714 ἔτη
440 643 567 713 τρία
590 685 605 709 ,
642 644 739 698 καὶ
773 644 912 714 μετὰ
958 645 1129 698 ταῦτα
1168 644 1361 714 στῆναι
1410 647 1607 710 αὐτοὺς
1646 646 1873 700 ἐνώπιον

302 735 390 789 τοῦ
426 735 710 805 βασιλέως.

366 824 416 879 ϐ.
450 825 563 879 Kal
590 825 840 892 ἐγένοντο
874 825 931 878 ἐν
961 826 1145 889 αὐτοῖς
1169 827 1231 879 ἐκ
1252 825 1359 879 τῶν
1392 827 1523 880 υἱῶν
1564 828 1736 883 Ἰούδα
1768 830 1872 882 Δα-

300 917 435 989 νιὴλ,
466 918 562 972 καὶ
610 918 876 982 Ἀνανίας,
920 920 1015 974 καὶ
1058 918 1333 991 Ἀζαρίας,
1363 921 1455 975 xal
1487 923 1726 993 Μισαήλ.

365 1008 417 1063 7.
443 1009 555 1063 Kal
598 1008 873 1080 ἐπέθηκεν
913 1010 1098 1074 αὐτοῖς
1145 1013 1174 1065 ό
1199 1011 1581 1083 ἀρχιευνοῦχος
1611 1015 1870 1086 ὀνόματα,

302 1098 373 1169 τῷ
399 1098 601 1171 Δανιὴλ
619 1099 927 1172 Βαλτάσαρ,
949 1102 1042 1155 καὶ
1066 1100 1145 1171 τῷ
1180 1102 1397 1175 Ἀνανίᾳ
1419 1104 1648 1176 Σεδρὰχ,
1678 1107 1772 1160 καὶ
1796 1107 1874 1179 τῷ

314 1191 535 1263 Ἀζαρία
567 1190 895 1260 Ἀὃδεναγὼ,
928 1193 1024 1247 καὶ
1055 1193 1134 1265 τῷ
1162 1194 1383 1266 Μισαὴλ
1412 1195 1621 1267 Μισάχ.

366 1282 416 1338 8.
442 1283 552 1337 Kal
570 1282 725 1338 ἔθετο
742 1284 939 1355 Δανιὴλ
966 1286 1060 1339 ἐπὶ
1092 1285 1193 1357 τὴν
1230 1286 1459 1358 καρδίαν
1482 1288 1648 1342 αὐτοῦ
1676 1288 1771 1345 τοῦ
1797 1293 1873 1363 μὴ

303 1375 654 1447 tumeant
688 1378 747 1431 ὲν
777 1379 844 1449 τῇ
864 1377 1111 1450 τραπέζῃ
1151 1376 1245 1432 τοῦ
1275 1378 1558 1450 βασιλέως,
1594 1382 1692 1435 καὶ
1714 1384 1772 1435 ἐν
1797 1383 1874 1454 τῷ

301 1465 423 1538 οἴνῳ
448 1466 545 1521 τοῦ
579 1466 746 1522 ποτοῦ
768 1468 934 1522 αὑτοῦ
958 1485 969 1499 ο
1002 1470 1098 1524 καὶ
1125 1469 1325 1542 ὴξίωσε
1354 1470 1447 1525 τὸν
1467 1472 1871 1547 ἀρχιευνοῦχον,

303 1559 440 1621 ὅπως
474 1556 548 1628 μὴ
578 1556 868 1631 mmor].

365 1647 415 1703 9.
447 1647 551 1703 Kal
579 1648 780 1703 ἔδωκεν
805 1651 836 1703 ὁ
859 1649 991 1713 Θεὸς
1011 1649 1103 1704 τὸν
1128 1651 1330 1724 Δανιὴλ
1366 1655 1448 1717 αις
1474 1653 1644 1722 ἔλεον,
1672 1658 1767 1711 καὶ
1793 1659 1874 1722 είς

302 1738 570 1810 οἰκτιρμδν
588 1738 823 1794 ἐνώπιον
843 1738 936 1793 τοῦ
965 1740 1379 1813 ἅρχιευνούχου.

366 1913 451 1966 10.
489 1914 600 1967 Καὶ
627 1908 782 1968 εἶπεν
820 1917 848 1967 ὁ
879 1914 1264 1986 ἀρχιευνοῦχος
1311 1914 1389 1986 τῷ
1420 1916 1639 1988 Δανιήλο
1673 1917 1876 1973 Φοϐοῦ-

305 2020 395 2073 μαι
422 2002 532 2072 ἐγὼ
566 2004 658 2058 τὸν
686 2003 876 2078 κύριόν
918 2022 1022 2077 μου
1058 2004 1150 2059 τὸν
1179 2004 1425 2077 βασιλέα,
1448 2008 1539 2063 τὸν
1570 2008 1876 2074 ἐκτάξαντα

301 2094 395 2165 τὴν
419 2093 623 2165 βρῶσιν
659 2094 834 2166 ὑμῶν,
868 2096 965 2150 καὶ
987 2095 1087 2168 τὴν
1115 2097 1276 2151 πόσιν
1299 2098 1455 2169 ὑμῶν
1479 2139 1493 2165 ,
1539 2100 1750 2172 μήποτε
1789 2100 1875 2174 ῐδῃ

300 2183 364 2236 τὰ
383 2183 649 2254 πρόσωπα
682 2183 836 2256 ὑμῶν
875 2184 1177 2256 σκυθρωπὰ
1206 2186 1358 2259 παρὰ
1400 2188 1471 2243 τὰ
1508 2188 1773 2260 παιδάρια
1806 2191 1877 2244 τὰ

301 2274 556 2345 συνήλικα
590 2275 767 2347 ὑμῶν,
798 2277 893 2331 καὶ
918 2275 1323 2347 καταδικάσητε
1355 2277 1455 2348 τὴν
1493 2278 1737 2348 κεφαλήν
1770 2296 1874 2350 μου

298 2365 370 2434 τῷ
397 2364 628 2435 βασιλεῖ.

366 2460 449 2513 11.
482 2460 594 2514 Kal
621 2454 773 2513 εἶπεν
819 2459 1020 2532 Δανιὴλ
1071 2461 1209 2531 πρὸς
1252 2461 1697 2534 Ἀμελλασὰρ,δν
1745 2479 1875 2517 κατ-

298 2552 521 2622 έστησεν
547 2555 575 2606 ό
603 2552 990 2624 ἁρχιευνοῦχος
1024 2554 1118 2606 ἐπὶ
1150 2553 1375 2626 Δανιὴλ,
1419 2555 1697 2626 Ἀζαρίαν,
1715 2555 1873 2607 Ἀνα-

294 2643 426 2707 νίαν,
458 2643 555 2696 καὶ
580 2644 821 2715 Μισαήλ.

361 2734 448 2789 12.
478 2733 750 2806 Πείρασον
778 2735 843 2807 δὴ
869 2736 1009 2802 τοὺς,
1027 2735 1221 2800 παῖδας
1248 2753 1344 2790 σου
1373 2738 1587 2810 ἡμέρας
1606 2736 1759 2803 δέκα,
1777 2738 1873 2792 καὶ

293 2824 528 2880 δότωσαν
559 2827 689 2897 ἡμῖν
718 2828 828 2884 ἀπὸ
852 2828 962 2884 τῶν
993 2828 1326 2902 σπερμάτων
1356 2829 1456 2898 τῆς
1485 2830 1610 2901 γῆς,
1641 2831 1735 2883 καὶ
1770 2847 1874 2900 φα-

294 2915 519 2987 γόμεθα,
551 2918 649 2971 καὶ
675 2916 822 2990 ὕδωρ
849 2919 1112 2991 πιόμεθα.

362 3009 447 3063 15.
474 3009 587 3062 Kal
609 3008 936 3080 όφθήτωσαν
965 3010 1196 3068 ἐνώπιόν
1220 3032 1316 3069 σου
1340 3014 1398 3068 αἱ
1418 3012 1552 3086 ἰδέαι
1582 3013 1758 3085 ἡμῶν,
1777 3014 1874 3068 καὶ

1978 546 2209 603 nutriret
2230 562 2326 603 eos
2353 548 2514 604 annis
2549 548 2745 614 tribus,
2775 555 2829 603 et
2860 540 3049 617 postea
3092 554 3296 600 starent
3324 545 3426 617 ipsi
3453 559 3550 601 co-

1976 653 2096 693 ram
2123 652 2269 711 rege.

2043 859 2098 912 6.
2140 857 2209 913 Et
2237 859 2456 916 fuerunt
2490 860 2543 914 in
2577 859 2657 913 eis
2686 857 2752 913 de
2785 858 2911 912 {iliis
2932 855 3071 912 Juda
3100 855 3313 920 Daniel,
3344 855 3552 910 etAna-

1978 950 2121 1016 nias,
2152 959 2206 1007 et
2233 952 2482 1019 Azarias,
2521 960 2576 1008 et
2603 951 2811 1007 Misael.

2049 1039 2100 1094 7.
2135 1040 2201 1095 Et
2241 1042 2506 1112 imposuit
2558 1042 2640 1098 eis
2678 1042 3003 1113 pmpositus
3034 1042 3416 1098 cunuchorum
3451 1057 3552 1099 no-

1977 1131 2161 1199 mina;
2209 1133 2417 1189 Danieli
2448 1133 2734 1201 Baltasar;
2785 1142 2841 1190 et
2892 1134 3117 1188 Ananiae
3161 1133 3435 1202 Sedrach;
3498 1145 3551 1189 et

1974 1221 2186 1279 Azan-ias
2212 1224 2544 1296 Abdenago;
2577 1235 2632 1282 et
2656 1225 2866 1281 Misaeli
2887 1224 3116 1281 Misach.

2048 1315 2101 1371 8.
2146 1315 2212 1371 Et
2240 1319 2424 1388 posuit
2453 1317 2644 1375 Daniel
2684 1319 2737 1373 in
2777 1319 2944 1374 corde
2970 1333 3092 1383 suo,
3127 1327 3186 1373 ut
3211 1332 3320 1374 non
3345 1318 3552 1389 pollue-

1976 1416 2126 1463 retur
2147 1409 2204 1463 in
2224 1422 2411 1465 mensa
2440 1411 2607 1482 regis,
2640 1421 2694 1466 et
2723 1410 2778 1465 in
2800 1410 2932 1465 vino
2957 1421 3119 1481 potus
3160 1409 3282 1480 ejus
3313 1428 3327 1464 :
3373 1422 3427 1466 et
3460 1425 3552 1465 ro-

1976 1502 2123 1571 gavit
2192 1504 2573 1560 cunuchorum
2626 1505 3020 1575 praepositum,
3083 1518 3152 1559 ne
3212 1504 3551 1558 contamina-

1975 1605 2149 1651 1⁵81111⁸.

2045 1686 2098 1741 9.
2141 1684 2206 1742 Et
2236 1687 2384 1744 dedit
2410 1688 2552 1745 Deus
2585 1687 2862 1744 Dauielem
2907 1689 2961 1743 in
2996 1687 3465 1751 misericordiam,
3499 1696 3553 1739 et

1909 1778 2035 1871 Bin
2062 1780 2466 1835 miserationem
2499 1781 2555 1835 in
2606 1790 2901 1851 conspectu
2954 1780 3218 1851 principis
3271 1778 3554 1835 eunucho-

1977 1883 2134 1994 mill):
2179 1937 2394 1995 Etdixit
2421 1941 2675 2012 princeps
2695 1939 3072 1996 cunuchorum
3106 1937 3309 1993 Danieli
3330 1955 3345 1990 :
3367 1936 3551 1991 Timeo

1975 2042 2076 2100 ego
2103 2028 2386 2085 dominum
2439 2045 2619 2086 meum
2663 2046 2876 2102 regem,
2921 2031 3015 2101 qui
3055 2030 3339 2086 constituit
3366 2028 3549 2084 cibum

1975 2129 2239 2187 vestrum,
2266 2129 2321 2176 et
2342 2130 2529 2191 potum
2565 2129 2831 2188 vestrum,
2860 2138 2930 2178 ne
2967 2121 3110 2177 forte
3145 2121 3328 2176 videat
3384 2118 3552 2174 facies

1973 2222 2186 2267 vestras
2217 2210 2400 2267 tristes
2427 2227 2540 2282 pm
2568 2212 2817 2281 puerulis
2842 2212 3041 2269 coaevis
3074 2211 3296 2272 vestris,
3343 2219 3397 2264 et
3419 2225 3550 2264 eon-

1974 2300 2244 2356 demnetis
2272 2308 2436 2370 caput
2461 2316 2643 2355 meum
2679 2304 2814 2374 regi.

2049 2476 2134 2530 ll.
2177 2474 2244 2532 Et
2280 2476 2624 2533 dixitDaniel
2656 2477 2726 2533 ad
2770 2476 3094 2537 Amellasar,
3145 2491 3305 2546 quem
3346 2476 3550 2530 consti-

1975 2574 2153 2623 tuerat
2184 2568 2438 2639 princeps
2458 2569 2838 2625 cunuchorum
2887 2584 3052 2640 super
3086 2567 3381 2633 Danielem,
3406 2567 3548 2621 Aza-

1974 2661 2135 2724 riam,
2170 2661 2462 2727 Ananiam,
2482 2670 2536 2716 et
2562 2660 2769 2717 Misael.

2046 2750 2133 2805 12.
2176 2749 2369 2820 Tenta,
2397 2752 2649 2820 obsecro,
2689 2767 2888 2824 pueros
2909 2759 3033 2808 tuos
3054 2750 3249 2807 diebus
3266 2749 3475 2811 decem,
3498 2759 3553 2803 et

1973 2839 2172 2896 dentur
2209 2842 2369 2898 nobis
2397 2842 2467 2900 de
2504 2844 2809 2900 seminibus
2859 2853 3036 2910 terrae,
3085 2851 3140 2898 et
3170 2840 3548 2904 comedemus,

1974 2943 2028 2986 ct
2058 2948 2257 3003 aquam
2295 2933 2570 2991 bibemus.

2047 3026 2135 3080 l5.
2179 3027 2246 3081 Et
2270 3036 2566 3097 appareant
2601 3042 2783 3082 coram
2814 3036 2865 3082 te
2897 3025 3062 3082 facies
3093 3032 3313 3088 nostrae.
3367 3032 3422 3079 et
3472 3024 3553 3077 fa-

293 3102 350 3157 αἱ
373 3102 507 3155 ἰδέαι
536 3100 643 3155 τῶν
672 3103 976 3175 παιδαρίων
1000 3106 1112 3161 τῶν
1143 3107 1436 3163 ἐσθιόντων
1466 3107 1566 3176 τὴν
1595 3106 1873 3179 τράπεζαν

1979 3115 2091 3172 cies
2123 3118 2497 3186 puerulorum,
2531 3118 2625 3187 qui
2652 3120 2820 3173 edunt
2870 3132 3114 3173 mensam
3145 3116 3285 3193 regis
3313 3130 3327 3169 :
3360 3125 3413 3171 et
3444 3115 3553 3170 sie-

292 3194 382 3248 τοῦ
417 3192 701 3273 βασιλέως,
729 3194 824 3249 καὶ
844 3194 1031 3262 καθὼς
1061 3197 1157 3252 ἐὰν
1187 3197 1302 3269 ἴδῃς
1320 3196 1543 3267 ποίησον
1587 3196 1726 3267 μετὰ
1763 3196 1869 3250 τῶν

1977 3215 2037 3261 ut
2071 3208 2292 3273 videris,
2330 3208 2495 3263 facito
2528 3223 2652 3263 cum
2691 3209 2874 3279 pueris
2906 3209 3039 3263 tuis.

291 3272 495 3341 παίδων
524 3303 641 3341 σου.
1050 3359 1058 3365 _

361 3378 448 3435 ιι.
480 3379 589 3434 Kal
615 3381 937 3452 εἰσήκουσεν
970 3379 1151 3436 αὐτῶν
1183 3381 1265 3446 είς
1292 3381 1352 3435 τὸ
1382 3379 1534 3451 ῥῆμα
1565 3377 1741 3443 τοῦτο,
1777 3379 1872 3433 καὶ

291 3470 581 3542 ιπείρασεν
605 3472 800 3536 αὐτοὺς
823 3472 1036 3543 ἡμέρας
1063 3472 1218 3527 δέκα.

360 3563 449 3621 15.
474 3565 589 3619 Kal
625 3563 765 3636 μετὰ
804 3563 864 3618 τὸ
897 3564 1049 3629 τέλος
1075 3563 1182 3618 τῶν
1205 3564 1339 3620 δέκα
1372 3564 1618 3638 ἡμερῶν,
1654 3563 1872 3636 ὡράθη-

294 3673 390 3711 σαν
417 3657 475 3712 αἱ
504 3656 636 3711 ἰδέαι
661 3657 840 3711 αὐτῶν
869 3656 1094 3726 ἀγαθαὶ,
1134 3658 1232 3712 καὶ
1278 3658 1434 3713 αὐτοὶ
1489 3658 1701 3730 ἰσχυροὶ
1749 3658 1870 3720 ταῖς

293 3747 482 3821 σαρξὶν
508 3749 646 3820 ὑπὲρ
685 3748 755 3802 τὰ
778 3748 1041 3820 παιδάρια
1071 3748 1139 3802 τὰ
1167 3748 1416 3804 ἐσθίοντα
1449 3749 1547 3820 τὴν
1590 3749 1870 3821 τράπεζαν

290 3838 382 3893 τοῦ
418 3840 704 3912 βασιλέως.
752 3830 762 3837 ’

358 3931 449 3988 16.
481 3932 592 3987 Kal
620 3931 839 4002 ιγένετο
874 3931 1220 4003 ’Δμελλασὰρ
1246 3932 1643 4005 ἀναιρούμενος
1677 3933 1738 3986 τὺ
1761 3933 1865 3987 δεῖ·

292 4040 422 4078 πνον
448 4022 650 4089 αὐτῶν,
690 4023 784 4078 καὶ
832 4023 925 4078 τὸν
967 4019 1108 4078 οἶνον
1136 4021 1233 4078 τοῦ
1264 4024 1510 4094 πόματος
1541 4022 1743 4090 αὐτῶν,
1775 4024 1871 4077 καὶ

293 4112 464 4167 ἐδίδου
494 4114 687 4177 αὐτοῖς
705 4112 1016 4184 σπέρματα.

361 4205 448 4258 17.
490 4206 600 4259 Kal
643 4206 755 4268 τοῖς
804 4204 1118 4275 παιδαρίοις
1160 4205 1275 4267 τοῖς
1328 4203 1620 4277 τέσσαρσιν
1671 4202 1873 4258 ἔδωκεν

296 4298 475 4361 αὐτοῖς
493 4299 522 4351 ό
550 4297 684 4361 Θεὸς
713 4297 955 4363 σύνεσιν,
994 4297 1091 4350 καὶ
1130 4297 1392 4369 φρόνησιν
1435 4298 1494 4352 ἐν
1517 4298 1667 4371 πάσῃ
1691 4314 1872 4370 γραμ-

299 4389 498 4459 ματικῇ
530 4388 625 4441 καὶ
657 4388 820 4460 σοφίᾳ
841 4404 855 4417 ·
885 4389 981 4443 καὶ
998 4387 1197 4459 Δανιὴλ
1228 4388 1460 4459 συνῆκεν
1488 4391 1547 4445 ιν
1575 4390 1723 4461 πάσῃ
1747 4390 1873 4460 6ρά-

298 4492 377 4530 σει
409 4477 509 4532 καὶ
537 4478 833 4543 ἐνυπνίοις.
1146 4506 1149 4507 ν

363 4564 447 4621 18.
484 4567 597 4621 Kal
649 4567 788 4638 μετὰ
836 4567 898 4621 τὺ
931 4567 1083 4633 τέλος
1116 4568 1226 4625 τῶν
1267 4569 1512 4644 ἡμερῶν,
1554 4563 1629 4625 ὧν
1674 4566 1826 4624 εἶπεν
1844 4569 1873 4623 ὁ

297 4656 548 4727 βασιλεὺς
570 4658 889 4728 εἰσαγαγεῖν
920 4659 1139 4724 αὐτοὺς,
1170 4661 1264 4714 καὶ
1292 4661 1588 4731 εισήγαγεν
1621 4660 1816 4723 αὐτοὺς
1846 4662 1874 4714 ό

295 4748 674 4821 ὰρχιευνοῦχος
717 4749 955 4804 ἐναντίον
982 4750 1481 4823 Ναϐουχοδονόσορ.

364 4840 449 4897 19.
481 4842 594 4897 Kal
612 4841 848 4912 ὲλάλησε
894 4841 1013 4913 μετ’
1042 4842 1221 4895 αὐτῶν
1253 4845 1282 4898 ὁ
1322 4842 1606 4914 βασιλεὺς,
1650 4846 1744 4899 καὶ
1776 4845 1874 4917 οὐχ

296 4933 595 5007 εὑρέθησαν
617 4935 683 4987 ὲκ
712 4933 930 4989 πάντων
956 4932 1135 4988 αὐτῶν
1161 4933 1338 5006 ὅμοιοι
1364 4936 1586 5008 Δανιὴλ,
1608 4936 1875 4992 καὶἋνα-

213 5030 224 5038 ’
295 5027 401 5098 via,
439 5026 536 5080 καὶ
566 5025 816 5098 ’Δζαρία,
850 5026 945 5080 καὶ
975 5026 1226 5098 Μισαήλ·
1259 5028 1356 5082 καὶ
1382 5026 1617 5101 ἔστησαν
1645 5027 1873 5083 ἐνώπιον

296 5117 387 5173 τοῦ
417 5118 704 5189 βασιλέως.

360 5206 449 5263 20.
490 5207 601 5260 Kal
638 5207 698 5261 ἐν
735 5208 898 5260 παντὶ
925 5207 1132 5277 ῥήματι
1171 5205 1385 5274 σοφίας,
1414 5206 1512 5259 καὶ
1541 5205 1870 5277 ἐπιστήμης,

297 5296 436 5369 ὑπὲρ
460 5291 538 5353 ὧν
564 5296 800 5370 ἐζήτησε
823 5300 955 5368 παρ’
985 5296 1164 5351 αὐτῶν
1192 5297 1221 5349 ό
1255 5295 1528 5367 βασιλεὺς,
1580 5289 1739 5366 εὗρεν
1777 5294 1875 5349 αὐ-

292 5387 418 5452 τοὺς
455 5386 887 5450 δεκαπλασίονας
935 5385 1078 5457 ὑπὲρ
1133 5384 1341 5449 πάντας
1389 5386 1518 5447 τοὺς
1568 5384 1870 5449 ὲπαοιδοὺς,

295 5477 391 5530 καὶ
431 5478 560 5541 τοὺς
604 5476 812 5548 μάγους
837 5516 852 5542 ,
883 5478 1009 5541 τοὺς
1036 5476 1197 5539 ὄντας
1228 5477 1287 5530 ὲν
1342 5475 1494 5547 πάσῃ
1528 5476 1594 5545 τῇ
1628 5473 1874 5546 βασιλείᾳ

294 5567 479 5623 αὑτοῦ.
622 5604 639 5611 -
1475 5560 1489 5577 ¹“

364 5659 455 5714 21.
485 5659 601 5713 Kal
628 5659 845 5730 εγενετο
869 5657 1065 5713 Δανιὴλ
1091 5658 1197 5723 ἓως
1226 5655 1378 5723 ἔτους
1410 5655 1526 5720 ἑνὸς
1561 5655 1746 5728 Κύρου
1778 5655 1872 5710 τοῦ

298 5750 581 5822 βασιλέως.

2051 3388 2135 3444 li.
2179 3387 2245 3442 Et
2263 3386 2543 3443 exaudivit
2570 3402 2665 3443 eos
2694 3388 2748 3444 in
2781 3388 2948 3444 verbo
2973 3385 3098 3454 hoc,
3119 3395 3176 3444 et
3203 3385 3429 3442 tentavit
3455 3401 3550 3442 eos

1975 3480 2165 3539 diebus
2195 3479 2404 3535 decem.

2044 3573 2133 3629 15.
2176 3574 2245 3629 Ει
2276 3579 2400 3643 post
2434 3571 2594 3627 ﬁnem
2652 3571 2838 3627 decem
2895 3571 3132 3634 dierum,
3184 3579 3550 3639 apparuerunt

1972 3666 2157 3721 vultus
2189 3679 2378 3720 eorum
2410 3664 2534 3720 boni
2562 3681 2578 3731 ;
2612 3673 2666 3720 et
2697 3663 2799 3735 ipsi
2836 3663 3050 3719 robusti
3099 3663 3357 3721 carnibus
3386 3677 3550 3732 super

1982 3758 2264 3829 puerulos,
2296 3757 2390 3824 qui
2421 3756 2654 3813 edebant
2684 3771 2928 3812 mensam
2959 3755 3104 3826 regis

2044 3933 2131 3989 16.
2176 3932 2240 3989 Et
2268 3933 2370 3988 fuit
2400 3931 2704 3986 Amellasar
2760 3929 2956 3985 tollens
3014 3928 3196 3983 cibum
3248 3942 3456 3994 eorum,
3493 3938 3549 3985 et

1972 4026 2160 4082 vinum
2195 4035 2360 4096 potus
2393 4038 2604 4089 eorum,
2634 4030 2690 4076 et
2714 4020 2877 4076 dabat
2899 4020 2979 4075 eis
3003 4019 3299 4090 legumina.

2043 4201 2131 4255 17.
2175 4196 2241 4254 Ει
2268 4197 2513 4270 puerulis
2539 4204 2774 4268 quatuor
2831 4194 2980 4251 dedit
3034 4194 3115 4250 eis
3144 4193 3288 4251 Deus
3337 4194 3548 4249 intelle-

1973 4301 2119 4347 ctum
2152 4301 2205 4346 et
2234 4290 2578 4362 prudenliam
2624 4290 2680 4343 in
2718 4287 2865 4342 omni
2897 4287 3177 4343 literatura
3199 4329 3214 4354 ,
3252 4296 3306 4344 et
3333 4290 3549 4359 sapien-

1972 4385 2087 4450 tia;
2118 4393 2172 4439 et
2216 4381 2409 4436 Daniel
2463 4380 2728 4436 intellexit
2792 4380 2846 4434 in
2877 4380 3026 4434 omni
3062 4379 3275 4435 visione
3312 4390 3367 4435 et
3400 4396 3546 4436 som-

1903 4490 1947 4547 D
1976 4475 2105 4536 uiis.

2046 4565 2135 4620 l8.
2176 4564 2246 4621 Et
2277 4574 2400 4636 post
2426 4563 2588 4620 linem
2629 4562 2841 4618 dierum
2875 4601 2892 4628 ,
2937 4561 3159 4632 quando
3210 4561 3421 4617 dixerat
3454 4579 3546 4618 rex

1973 4657 2247 4715 introduci
2270 4673 2389 4721 eos,
2418 4668 2473 4714 et
2517 4656 2820 4711 introduxit
2859 4670 2954 4712 eos
3000 4656 3326 4727 pra'positus
3373 4670 3550 4710 cunu-

1973 4751 2202 4807 chorum
2233 4751 2288 4805 in
2324 4758 2621 4821 conspectu
2664 4747 3187 4804 Nabuchodonosor.

2046 4843 2137 4901 l9.
2176 4841 2243 4897 Et
2269 4842 2534 4913 loquutus
2559 4850 2643 4896 est
2670 4856 2796 4896 cum
2820 4841 2903 4897 eis
2934 4854 3053 4908 rex,
3083 4848 3140 4896 et
3168 4854 3276 4895 non
3303 4847 3432 4895 sunt
3459 4839 3547 4892 in-

1973 4933 2121 4989 venti
2152 4933 2219 4988 de
2253 4932 2525 4988 universis
2556 4931 2689 5003 ipsis
2723 4932 2932 4989 similes
2967 4931 3197 4997 Danieli,
3224 4941 3277 4987 et
3299 4930 3544 4998 Ananiae,

1973 5033 2028 5080 et
2064 5026 2291 5092 Azariae,
2330 5032 2384 5079 et
2412 5023 2637 5080 Misael:
2667 5034 2720 5081 et
2746 5032 3012 5081 steterunt
3045 5023 3099 5078 in
3129 5031 3422 5093 conspectu
3456 5036 3544 5077 re-

1973 5116 2076 5187 gis.

2042 5202 2132 5257 20.
2174 5201 2242 5257 Et
2281 5203 2336 5259 in
2385 5203 2534 5259 omni
2570 5204 2736 5261 verbo
2780 5204 3061 5274 sapientiae
3096 5211 3146 5257 et
3183 5204 3444 5269 scientiae,
3478 5204 3546 5261 de

1975 5295 2176 5366 quibus
2209 5295 2527 5352 sciscitatus
2556 5282 2641 5353 est
2661 5297 2730 5352 ab
2758 5297 2840 5352 eis
2901 5312 3020 5361 rex,
3076 5296 3284 5351 invenit
3309 5310 3404 5351 eos
3450 5295 3547 5352 de-

1974 5384 2139 5454 cuplo
2186 5384 2463 5454 potiores,
2521 5401 2634 5455 pra:
2692 5386 2947 5442 omnibus
3004 5385 3440 5441 incantatoribus
3491 5397 3549 5442 et

1974 5477 2170 5548 magis,
2201 5476 2295 5547 qui
2334 5487 2491 5533 erant
2522 5479 2576 5532 in
2607 5479 2862 5534 universo
2891 5493 3061 5551 regno
3091 5480 3231 5550 ejus.

2045 5657 2135 5760 21.
2178 5656 2243 5715 Ει
2278 5656 2381 5714 fuit
2407 5657 2593 5720 Daniel
2652 5677 2827 5733 usque
2870 5662 2938 5719 ad
2975 5675 3181 5718 annum
3225 5675 3394 5717 unum
3419 5660 3546 5734 Cyri

1977 5760 2140 5819 regis.
