4122 6320
553 314 695 370 Ἱθῑῗῖ

1169 429 1400 485 CAPUT
1439 429 1504 484 11.

620 519 671 573 1.
705 519 763 574 In
792 535 936 573 anno
969 521 1209 576 secundo
1238 523 1386 592 regni
1422 521 1943 582 Nabuchodonosor,
1976 536 2120 574 som-

546 613 715 666 niavit
744 610 1254 669 Nabuchodonosor
1278 615 1576 677 sonmium,
1605 622 1656 666 et
1698 612 1977 681 obstupuit
2013 613 2121 681 spi-

545 703 683 755 ritus
715 703 857 771 ejus,
892 713 940 757 et
979 720 1207 758 somnus
1237 704 1358 772 ejus
1389 704 1616 756 recessit
1641 704 1816 756 abeo.

610 881 663 934 2.
710 881 770 934 Et
796 880 932 935 dixit
963 897 1075 941 rex,
1110 891 1165 934 ut
1196 887 1454 934 vocarent
1486 880 1710 944 ariolos,
1746 890 1798 936 et
1835 897 2041 953 magos,
2065 889 2120 936 et

542 974 908 1034 maleﬁcos,et
937 973 1220 1026 (Lhaldaeos
1252 972 1317 1025 ad
1347 973 1782 1026 annunt'raudum
1822 974 1932 1043 regi
1965 989 2116 1028 som-

542 1065 690 1117 nium
723 1065 859 1133 ejus.
905 1062 969 1117 Et
1019 1063 1253 1133 ingressi
1305 1074 1470 1127 sunt,
1509 1072 1560 1117 et
1606 1072 1872 1118 stett’runt
1929 1079 2115 1119 coram

540 1171 682 1226 rege.

605 1343 658 1396 5.
700 1337 763 1392 Et
800 1339 936 1393 dixit
971 1338 1052 1393 eis
1086 1353 1178 1392 rex
1219 1353 1233 1390 :
1287 1336 1563 1392 Somniari
1604 1337 1904 1399 somnium,
1936 1347 1988 1392 et
2017 1337 2115 1393 ob-

536 1430 749 1496 stupuit
771 1429 1002 1497 spiritus
1036 1443 1189 1482 meus
1236 1427 1303 1480 ad
1339 1428 1779 1497 cognoscendum
1813 1429 2108 1482 somnium.

601 1608 652 1662 4.
698 1607 761 1661 Ει
788 1605 997 1675 loquuti
1021 1613 1149 1660 sunt
1179 1604 1417 1660 Chaldaei
1447 1605 1556 1675 regi
1588 1604 1807 1676 Syriace
1843 1648 1854 1660 .
1891 1603 2028 1667 Rex,
2055 1607 2108 1660 in

533 1699 926 1767 sempiternum
959 1698 1116 1762 vive;
1151 1705 1204 1749 tu
1241 1697 1328 1750 dic
1367 1697 1640 1751 somnium
1673 1701 1857 1767 pueris
1900 1699 2028 1764 tuis,
2056 1706 2111 1754 et

535 1790 1036 1859 interpretationem
1062 1789 1180 1856 ejus
1206 1789 1591 1842 indicabimus.

600 1969 652 2020 5.
699 1967 996 2029 Respondit
1023 1981 1139 2032 rex,
1170 1977 1225 2020 et
1259 1967 1396 2022 dixit
1425 1967 1695 2022 Chaldaeis
1741 1984 1754 2021 :
1795 1967 1988 2022 Sermo
2022 1983 2106 2023 re-

529 2062 693 2114 cessit
721 2077 750 2113 a
773 2076 854 2112 inc
878 2077 892 2124 ;
913 2061 1014 2113 nisi
1043 2061 1206 2131 igitur
1228 2061 1597 2116 indicaveritis
1631 2061 1760 2114 mihi
1807 2062 2104 2124 somnium,

527 2162 579 2204 et
609 2151 977 2220 conjecturam
1005 2151 1148 2219 ejus,
1178 2152 1230 2204 in
1253 2151 1611 2221 perditionem
1639 2151 1816 2215 erilis,
1841 2152 2106 2206 etdomus

526 2256 723 2299 vestrae
757 2245 1106 2314 diripienltlt'.

601 2337 654 2389 6.
700 2337 755 2390 Si
790 2348 971 2390 autem
1005 2338 1277 2391 somnium
1313 2347 1367 2392 et
1408 2339 1778 2408 conjecturam
1811 2339 1932 2408 ejus
1966 2339 2104 2394 indi-

525 2427 780 2481 caveritis
819 2426 977 2492 mihi,
1009 2427 1250 2495 praemia,
1284 2438 1338 2482 et
1375 2429 1536 2493 dona,
1575 2438 1628 2483 et
1669 2431 1900 2482 multum
1927 2431 2102 2483 bono-

527 2535 639 2572 rem
677 2519 958 2587 accipietis
987 2534 1017 2572 a
1057 2535 1141 2573 me
1184 2538 1197 2574 :
1231 2529 1470 2575 ceterum
1506 2523 1778 2576 somnium
1819 2531 1872 2576 et
1915 2523 2103 2592 conje~
2138 2565 2140 2567 -

524 2620 736 2664 cturam
773 2608 890 2677 ejus
919 2609 1152 2663 indicate
1185 2610 1340 2663 mihi.

599 2701 649 2754 7.
673 2699 1094 2769 Responderunt
1120 2699 1385 2763 secundo,
1418 2708 1470 2752 et
1502 2698 1761 2753 dixerunt
1785 2698 1894 2769 regi
1925 2717 1938 2752 :
1965 2697 2098 2762 Rex,

526 2793 614 2847 die
644 2795 920 2846 somnium
951 2801 1099 2845 tuum
1126 2791 1314 2860 pueris
1347 2790 1477 2855 tuis,
1509 2802 1563 2845 et
1595 2790 2099 2859 interpretationem

524 2887 642 2956 ejus
673 2888 1056 2942 iudicabimus.

596 2985 650 3039 8.
693 2982 756 3036 Et
788 2983 1205 3052 responditrcx,
1247 2981 1496 3035 etdixit:
1558 2980 1613 3034 in
1674 2980 1898 3034 veritate
1950 2980 2096 3043 novi,

524 3079 666 3143 quod
700 3086 914 3146 tempus
951 3091 1047 3130 vos
1077 3075 1380 3137 redimitis,
1429 3073 1727 3130 secundum
1777 3074 1922 3142 quod
1947 3075 2102 3126 novi-

522 3173 643 3231 suis,
672 3170 799 3239 quia
830 3168 1054 3222 recessit
1077 3183 1107 3221 a
1140 3184 1225 3221 me
1251 3167 1499 3220 verbum.

593 3262 646 3318 9.
690 3263 745 3315 Si
780 3276 909 3330 ergo
940 3261 1213 3314 somnium
1244 3275 1350 3312 non
1408 3257 1779 3313 indicaveritis
1811 3257 1965 3320 mihi,
1994 3273 2100 3310 una

523 3364 606 3408 est
639 3353 914 3407 sententia
944 3361 1147 3418 vestra,
1171 3363 1224 3404 et
1252 3350 1399 3413 novi,
1443 3352 1572 3419 quia
1613 3351 1842 3404 verbum
1899 3349 2100 3404 falsum

523 3455 576 3498 et
599 3453 915 3513 corruptum
949 3445 1111 3496 simul
1152 3443 1354 3496 dicturi
1387 3444 1518 3496 estis
1552 3457 1739 3495 coram
1778 3458 1887 3503 me,
1927 3442 2104 3497 donec

525 3548 739 3604 tempus
769 3542 1130 3603 pertranseat.
1186 3533 1471 3585 Somnium
1524 3547 1705 3586 meum
1740 3534 1905 3586 dicite
1941 3536 2098 3598 mibi,

525 3635 578 3679 et
607 3626 801 3686 sciam,
827 3624 953 3692 quia
984 3624 1146 3675 etiam
1197 3621 1694 3687 interpretationem
1741 3627 1861 3692 ejus
1894 3625 2103 3679 indica-

527 3721 654 3774 bitis
692 3719 845 3772 mihi.

597 3811 685 3865 10.
730 3808 1149 3877 Responderunt
1179 3823 1371 3862 rursus
1405 3808 1642 3863 Chaldzei
1673 3824 1858 3864 coram
1884 3825 2028 3880 rege,
2049 3820 2102 3864 et

526 3904 817 3957 dixerunt:
845 3900 961 3954 Non
1011 3910 1093 3954 est
1126 3903 1290 3955 homo
1331 3918 1495 3971 super
1541 3904 1771 3968 aridam,
1805 3904 1897 3974 qui
1933 3907 2106 3974 possit

525 4007 714 4051 notum
748 3995 926 4050 facere
954 3996 1174 4052 verbum
1209 3997 1387 4065 regis:
1443 3997 1583 4050 sicut
1614 3998 1794 4051 omnis
1857 4013 1949 4052 rex
1983 4013 2103 4051 ma-

525 4105 664 4158 guns
697 4098 749 4142 et
788 4090 1042 4157 princeps
1077 4088 1298 4141 verbum
1338 4090 1652 4157 bujusmodi
1697 4106 1804 4145 non
1853 4092 2102 4147 sciscita—

528 4193 617 4234 tur
653 4181 718 4233 ab
744 4181 889 4233 omni
913 4181 1104 4245 ariolo,
1137 4198 1318 4252 mago,
1349 4195 1400 4236 et
1435 4182 1710 4237 Chaldaeo.

598 4359 683 4413 11.
729 4358 866 4425 Quia
893 4375 1094 4425 sermo,
1122 4376 1282 4428 quem
1313 4359 1614 4429 interrogat
1643 4376 1760 4424 rex,
1795 4363 1976 4432 gravis
1998 4372 2099 4417 est:

1626 303 1880 358 DANIEL
1919 279 2144 357 Juxni
2187 300 2731 360 THEODOTIONEM

3665 315 3800 370 98M

2838 429 3090 483 ΚΕΦΑΛ.
3134 430 3206 483 Β¹.

2304 517 2353 570 1.
2395 518 2482 568 Ἐν
2511 518 2590 587 τῷ
2615 518 2722 570 ἔτει
2755 518 2833 588 τῷ
2862 519 3099 591 δευτέρῳ
3142 520 3242 589 τῆς
3275 520 3548 588 βασιλείας
3597 522 3806 578 Ναϐουι

2229 603 2551 675 χοδονόσορ,
2610 607 2944 678 ὲνυπνιάσθη
3008 609 3474 681 Ναϐουχοδονόσορ
3533 611 3804 680 ἐνύπνιον,

2229 697 2322 749 καὶ
2354 698 2544 768 ἐξέστη
2579 699 2638 751 τὸ
2669 699 2887 760 πνεῦμα
2921 701 3106 762 αὐτοῦ,
3144 703 3235 754 καὶ
3266 703 3294 754 6
3319 700 3484 766 ὕπνος
3508 704 3672 758 αὑτοῦ
3701 708 3807 759 ἀπε

2228 788 2443 854 εγένετο
2470 791 2563 842 ἀπ’
2600 790 2785 844 αὑτοῦ.

2296 878 2348 930 2.
2387 880 2499 932 Καὶ
2539 874 2689 932 εἶπεν
2718 882 2745 933 6
2796 880 3048 951 βασιλεὺς
3082 882 3174 935 τοῦ
3205 882 3432 937 καλέσαι
3465 886 3590 948 τοὺς
3620 889 3808 941 ἐπαοι-

2224 968 2367 1031 δοὺς,
2395 970 2636 1033 καὶτοὺς
2675 973 2903 1041 μάγους,
2929 972 3166 1036 καὶτοὺς
3198 976 3544 1044 φαρμακοὺς,
3565 979 3807 1042 καὶτοὺς

2222 1061 2544 1126 Χαλδαίους,
2595 1063 2689 1116 τοῦ
2722 1064 3040 1132 ἀναγγεῖλαι
3074 1065 3147 1134 τῷ
3191 1064 3402 1135 βασιλεῖ
3444 1069 3504 1121 τὸ
3553 1071 3806 1124 ἐνύπνιον

2223 1152 2414 1219 αὑτοῦ,
2450 1155 2546 1206 καὶ
2573 1155 2841 1224 εἰσῆλθον,
2878 1157 2973 1209 καὶ
3014 1156 3248 1226 ἔστησαν
3274 1158 3505 1212 ἐνώπιον
3532 1160 3624 1212 τοῦ
3652 1161 3808 1230 βασι-

2222 1242 2376 1307 λέως.

2293 1332 2346 1384 5.
2401 1333 2513 1386 Καὶ
2553 1329 2705 1386 εἶπεν
2762 1334 2946 1397 αὐτοῖς
2995 1336 3022 1387 6
3066 1334 3357 1404 βασιλεύς’
3404 1339 3808 1410 Ἐνυπνιάσθην

2219 1421 2493 1490 ἐνύπνιον,
2526 1426 2620 1478 καὶ
2647 1425 2838 1496 ἐξέστη
2877 1425 2937 1478 τὸ
2985 1425 3206 1497 πνεῦμά
3239 1445 3363 1499 μου,
3392 1429 3484 1482 τοῦ
3514 1430 3713 1498 γνῶναι
3744 1431 3808 1483 τὸ

2220 1529 2308 1565 ενυ
2318 1530 2486 1571 πνιον.

2287 1607 2341 1661 4.
2377 1609 2489 1660 Καὶ⁸
2518 1607 2786 1678 ἐλάλησαν
2817 1609 2864 1662 οἱ
2907 1607 3160 1660 Χαλδαῖοι
3192 1607 3268 1678 τῷ
3302 1607 3512 1676 βασιλεῖ
3538 1611 3803 1681 Συριστί·

2218 1699 2471 1765 Βασιλεῦ,
2503 1702 2582 1763 εξς
2620 1702 2744 1765 τοὺς
2775 1701 2977 1762 αἰῶνας
3022 1699 3182 1768 ζῆθι·
3216 1703 3280 1754 σὺ
3307 1701 3426 1754 εἰπὲ
3456 1703 3518 1753 τὸ
3547 1703 3807 1756 ἐνύπνιον

2141 1786 2184 1840 Β
2214 1795 2324 1856 τοῖς
2349 1793 2503 1844 παισί
2531 1811 2644 1859 σου,
2677 1794 2772 1846 καὶ
2811 1793 2910 1862 τὴν
2943 1792 3227 1862 σύγκρισιν
3253 1793 3418 1846 αὑτοῦ
3452 1792 3806 1862 ἀπαγγελοῦ-

2256 1899 2333 1936 εν.

2256 1899 2333 1936 εν.

2213 1899 2252 1952 μ
2280 1972 2335 2026 5.
2376 1972 2670 2044 ’Λπεκρίθη
2693 1973 2721 2025 6
2752 1973 3023 2044 βασιλεὺς.
3050 1973 3144 2026 καὶ
3171 1969 3321 2025 εἶπεν
3347 1975 3460 2037 τοῖς
3487 1973 3803 2039 Χαλδαίοις

2221 2064 2280 2115 Ὀ
2297 2063 2454 2132 λόγος
2485 2065 2694 2136 ἀπέστη
2729 2066 2822 2117 ἀπ’
2840 2065 2973 2134 ἐμοῦ
2997 2082 3008 2094 ·
3034 2065 3129 2117 ἐὰν
3162 2060 3254 2118 οὖν
3275 2064 3350 2135 μὴ
3370 2066 3673 2137 γνωρίσητέ
3704 2084 3807 2137 μοι

2207 2152 2267 2204 τὸ
2297 2152 2566 2216 ἐνύπνιον,
2599 2154 2694 2206 καὶ¹
2724 2154 2821 2223 τὴν
2850 2155 3136 2224 σύγκρισιν
3166 2153 3328 2206 αὐτοῦ
3353 2197 3367 2220 ,
3409 2156 3488 2216 εις
3520 2155 3807 2210 ἀπώλειαν

2207 2244 2415 2308 ἔσεσθε,
2444 2246 2537 2297 καὶ
2569 2247 2617 2296 οἱ
2645 2240 2781 2298 οἶκοι
2813 2245 2964 2313 ὑμῶν
2987 2245 3470 2316 διαρπαγήσονται.

2277 2335 2332 2391 6.
2376 2335 2500 2389 Ἐἀν
2538 2335 2593 2388 δὲ
2627 2337 2686 2388 τὸ
2729 2335 2977 2388 ἐνύπνιον
3011 2335 3106 2388 καὶ
3146 2338 3244 2403 τὴν
3294 2335 3580 2406 σύγκρισιν
3624 2333 3804 2388 αὐτ·ιῦ

2205 2428 2511 2500 γνωρίσητε
2554 2445 2663 2498 μοι,
2689 2426 2923 2496 δόματα,
2960 2428 3055 2479 καὶ
3081 2426 3307 2496 δωρεὰς,
3340 2427 3437 2479 καὶ
3481 2426 3681 2495 πολλὴν
3711 2443 3808 2479 τι-

2209 2523 2316 2592 μὴν
2345 2520 2582 2591 λήψεσθε
2616 2521 2746 2591 παρ’
2779 2519 2945 2588 ἐμοῦ·
2985 2520 3124 2590 πλὴν
3164 2519 3223 2572 τὸ
3259 2520 3509 2572 ἐνύπνιον
3561 2519 3655 2573 καὶ
3693 2520 3806 2591 τὴν

2207 2613 2494 2682 σύγκρισιν
2520 2612 2683 2665 αὐτοῦ
2707 2611 3076 2680 ἀπαγγείλατέ
3109 2629 3217 2681 μοι.

2277 2709 2326 2761 7.
2375 2705 2777 2777 Ἀπεκρίθησαν
2811 2706 2872 2757 τὸ
2909 2705 3179 2775 δεύτερον,
3223 2705 3318 2757 καὶ
3346 2699 3507 2756 εἶπαν
3532 2701 3607 2772 τῷ
3633 2702 3805 2773 βασις-

2203 2797 2302 2851 λεῖ·
2335 2797 2587 2861 Βασιλεῦ,
2620 2798 2738 2850 εἰπὲ
2788 2797 2847 2850 τὸ
2881 2797 3128 2849 ἐνύπνιόν
3168 2813 3263 2848 σου
3295 2799 3405 2859 τοῖς
3465 2797 3619 2849 παισί
3670 2813 3803 2860 σου,

2205 2891 2300 2944 καὶ
2329 2892 2426 2960 τὴν
2464 2891 2750 2961 σύγκρισιν
2776 2888 2940 2943 αὑτοῦ
2973 2887 3414 2957 ἀπαγγελοῦμεν.

2272 2981 2326 3033 8.
2353 2984 2464 3036 Καὶ
2491 2984 2762 3055 ἀπεκρίθη
2789 2987 2816 3037 6
2845 2983 3117 3053 βασιλεὺς,
3161 2979 3440 3036 καὶεῖπεν
3466 2998 3478 3009 ·
3520 2981 3806 3048 Ἐπ“ἀλη-

2205 3073 2354 3137 θείας
2385 3070 2520 3138 οἶδα,
2557 3075 2639 3128 ὅτι
2673 3076 2861 3144 καιρὸν
2908 3075 3063 3142 ὑμεῖς
3120 3073 3506 3144 ἑξαγοράζετε,
3550 3072 3668 3125 καθ’
3705 3073 3808 3126 ὅτι

2203 3166 2398 3230 οἴδατε,
2429 3169 2509 3220 ὅτι
2531 3168 2742 3236 ἀπέστη
2766 3169 2859 3218 ἀπ’
2895 3166 3030 3237 ἐμοῦ
3065 3165 3125 3218 τὸ
3159 3167 3328 3236 ῥῆμα.

2273 3260 2326 3315 9.
2375 3261 2498 3311 Ἐὰν
2527 3255 2619 3311 οὖν
2673 3258 2734 3311 τὸ
2767 3258 3016 3310 ἐνύπνιον
3062 3258 3135 3328 μὴ
3186 3256 3557 3326 ἀπαγγείλητέ
3593 3273 3704 3327 μοι,
3731 3255 3810 3309 ἓν

2206 3355 2320 3406 ἐστι
2348 3353 2408 3406 τὸ
2435 3352 2612 3421 δόγμα
2645 3350 2816 3420 ὑμῶν,
2842 3351 2934 3403 καὶ
2967 3346 3084 3401 οἶδα
3125 3348 3207 3401 ὃτι
3243 3349 3392 3418 ῥῆμα
3439 3347 3630 3416 ψευδὲς
3695 3347 3810 3400 καὶ

2204 3442 2602 3512 διεφθαρμένον
2629 3441 2917 3494 συνέσεσθε
2946 3443 3120 3493 εἰπεῖν
3159 3439 3388 3492 ἐνώπιόν
3433 3458 3554 3510 μου,
3587 3440 3692 3502 ἕως
3727 3433 3808 3494 οὗ

2204 3537 2231 3588 6
2261 3534 2450 3605 καιρὸς
2479 3533 2724 3602 παρέλθῃ
2745 3550 2756 3561 ·
2786 3533 2844 3584 τὸ
2869 3532 3118 3586 ἐνύπνιόν
3156 3550 3257 3601 μου
3292 3532 3480 3584 εἴπατέ
3529 3549 3616 3601 μοι
3641 3573 3654 3593 ,
3696 3533 3810 3585 καὶ

2205 3625 2485 3695 γνώσομαι
2514 3663 2529 3689 ,
2555 3625 2637 3676 ὅτι
2669 3625 2763 3676 καὶ
2794 3625 2892 3694 τὴν
2928 3623 3212 3694 σύγκρισιν
3241 3623 3405 3677 αὐτοῦ
3440 3624 3808 3693 ἀναγγελείτὲ

2209 3735 2320 3786 μοι.

2281 3809 2365 3860 10.
2412 3807 2816 3878 Ἀπεκρίθησαν
2847 3808 3002 3860 πάλιν
3029 3809 3075 3860 οἱ
3127 3807 3380 3861 Χαλδαῖοι
3420 3807 3649 3862 ἐνώπιον
3695 3807 3804 3862 τοῦ⁹

2208 3900 2508 3971 βασιλέως,
2547 3901 2640 3951 xui.
2691 3896 2877 3951 eimv'
2909 3901 3022 3952 Οὐκ
3061 3899 3204 3952 ἔστιν
3239 3899 3524 3969 ἄνθρωπος
3553 3900 3649 3952 ἐπὶ
3691 3900 3804 3970 τῆς

2207 3994 2395 4065 ξηρᾶς,
2423 3993 2568 4054 ὅστις
2607 3991 2894 4060 δυνήσεται
2921 3993 3184 4062 γνωρίσαι
3222 3992 3280 4044 τὸ
3323 3993 3474 4062 ῥῆμα
3508 3991 3603 4044 τοῦ
3637 3991 3801 4061 βασι-

2205 4087 2360 4148 λέως.
2389 4084 2576 4138 καθότι
2607 4085 2711 4146 πᾶς
2744 4083 2998 4152 βασιλεὺς
3060 4085 3232 4153 μέγας
3297 4085 3390 4136 καὶ
3422 4085 3605 4155 ἄρχων
3633 4085 3799 4154 ῥῆμα.

2205 4179 2442 4232 τοιοῦτον
2480 4179 2578 4230 οὐκ
2619 4177 2870 4246 ἐπερωτᾷ
2929 4176 3102 4228 πάντα
3157 4174 3425 4238 ἐπαοιδδν,
3459 4177 3650 4245 μάγον,
3691 4175 3797 4228 καὶ

2206 4272 2485 4324 Χαλδαῖον.

2277 4365 2363 4418 11.
2402 4365 2524 4416 Ὅτι
2555 4364 2580 4416 ὁ
2615 4362 2791 4430 λόγος,
2826 4361 2884 4413 ὃν
2933 4362 3184 4431 ἐπερωτᾷ
3223 4362 3250 4413 6
3289 4360 3558 4429 βασιλεὺς.
3590 4359 3786 4429 βαρὺς,

525 4461 580 4504 et
613 4451 754 4504 alius
786 4467 892 4504 non
929 4461 1030 4512 est,
1062 4452 1154 4520 qui
1192 4452 1391 4505 indicet
1425 4451 1574 4504 illum
1602 4453 1653 4505 in
1688 4463 1988 4523 conspectu
2016 4470 2102 4509 re-

2209 4460 2303 4510 κςιὶ
2343 4457 2531 4526 ἕτερος
2563 4456 2663 4507 οὐκ
2697 4453 2862 4513 ἔστιν,
2902 4453 2960 4514 ὃς
3011 4451 3301 4519 ἀναγγελεῖ
3347 4451 3505 4504 αὑτὸν
3555 4451 3791 4504 ἐνώπιον

527 4543 630 4612 gis,
665 4543 768 4595 nisi
797 4541 893 4607 dii,
932 4557 1166 4610 quorum
1211 4557 1316 4595 non
1377 4553 1458 4596 cst
1504 4544 1766 4598 habitatio
1814 4558 1912 4598 sua
1973 4560 2097 4600 cum

526 4636 672 4690 oumi
706 4651 892 4699 carne,
938 4635 1081 4688 unde
1109 4651 1214 4688 non
1245 4645 1422 4704 potest
1454 4637 1566 4690 licri
1597 4638 1741 4691 sicut
1778 4646 1957 4706 putas.

600 4821 684 4876 19..
730 4809 884 4873 Tunc
925 4833 1016 4872 rex
1051 4819 1103 4872 in
1167 4817 1349 4873 furore
1383 4827 1436 4872 et
1497 4819 1574 4872 ira
1624 4819 1793 4874 multa
1846 4819 2002 4886 dixit,
2049 4830 2107 4874 ut

527 4913 816 4982 perderent
846 4912 1119 4981 sapientes
1149 4909 1438 4980 Babylonis

603 5023 690 5076 15.
735 5020 800 5073 Et
832 5019 1100 5075 sententia
1133 5034 1350 5088 egressa
1377 5027 1461 5072 est
1487 5060 1501 5083 ,
1537 5029 1590 5072 et
1643 5018 1918 5086 sapientes
1959 5019 2103 5071 oeci-

527 5114 796 5168 debantur
832 5131 843 5165 :
878 5125 930 5165 et
965 5111 1299 5180 quaesierunt
1336 5108 1613 5163 Danielem
1645 5119 1696 5162 et
1737 5109 1944 5161 amicos
1989 5109 2108 5176 ejus

530 5207 596 5260 ad
630 5204 1085 5261 interliciendum.

603 5322 689 5375 11.
733 5319 887 5374 Tunc
915 5317 1101 5372 Daniel
1135 5317 1491 5387 interrogavit
1517 5318 1582 5370 de
1613 5318 1846 5371 consilio
1872 5328 1925 5372 et
1981 5335 2104 5376 seu.

532 5413 698 5466 tentia
737 5411 938 5466 Arioch
966 5411 1266 5480 principem
1291 5425 1595 5479 coquorum
1627 5412 1791 5480 regis,
1817 5413 1908 5480 qui
1931 5427 2110 5482 egres-

530 5520 625 5559 sus
663 5504 834 5558 fuerat
874 5501 940 5554 ad
973 5502 1376 5556 interﬁciendos
1409 5502 1680 5570 sapientes
1720 5501 2032 5572 Babylonis.

607 5615 693 5671 15.
737 5617 803 5670 Et
831 5614 1214 5671 sciscitabatur
1252 5615 1322 5668 ab
1347 5629 1434 5676 eo,
1470 5615 1657 5668 dicens
1695 5634 1706 5667 :
1736 5614 1994 5684 Princeps
2025 5632 2108 5669 re-

535 5707 643 5778 gis,
675 5721 842 5774 quare
883 5718 1100 5770 egressa
1144 5714 1225 5756 est
1282 5705 1544 5759 sententia
1590 5705 1877 5773 impudens
1921 5707 2033 5760 inec
2078 5725 2106 5758 a

2207 4547 2299 4600 τοῦ
2338 4546 2618 4617 βασιλέως,
2649 4544 2762 4596 ἀλλ’
2790 4544 2821 4614 ἢ
2853 4542 2982 4606 θεοὶ,
3019 4536 3094 4596 ὧν
3135 4544 3234 4596 οὐκ
3276 4542 3422 4595 ἐστιν
3452 4545 3499 4594 οἱ
3536 4542 3790 4596 κατοικία

2209 4639 2386 4694 αὐτῶν
2425 4637 2560 4707 μετά
2605 4636 2782 4704 πάσης
2834 4635 3066 4704 σαρκὸς,
3117 4637 3183 4702 >ε<
3214 4633 3334 4687 ὅθεν
3377 4635 3476 4686 ούκ
3513 4634 3790 4703 ἐνδέχεται

2207 4730 2458 4800 γενέσθαι
2484 4729 2736 4797 καθάπερ
2763 4727 2882 4779 οἴει.

2283 4824 2364 4878 12.
2398 4823 2533 4875 Τότε
2560 4824 2588 4874 6
2623 4819 2876 4891 βασιλεὺς
2905 4820 2960 4871 ἐν
3002 4817 3158 4888 θυμοῖ)
3207 4819 3301 4870 καὶ
3325 4817 3462 4888 ὀργῇ
3509 4816 3672 4886 πολλῇ
3708 4811 3786 4869 εἷα

2211 4934 2309 4970 πεν
2342 4914 2428 4967 τοῦ
2455 4912 2713 4967 ἀπολέσαι
2742 4913 2867 4974 τοὺς
2899 4911 3094 4978 σοφοὺς
3127 4909 3461 4974 Βαϐυλῶνος.

2291 5030 2370 5081 15.
2411 5027 2521 5078 Καὶ
2557 5026 2615 5077 τὸ
2662 5023 2838 5092 δόγμα
2869 5021 3078 5091 ἐξῆλθε,
3113 5023 3205 5074 καὶ
3233 5025 3279 5075 οἱ
3332 5023 3486 5091 σοφοὶ
3533 5020 3792 5074 ἀπεκτείο

2210 5135 2393 5172 νοντο·
2430 5117 2523 5169 καὶ
2547 5113 2816 5184 ἐζήτησαν
2845 5114 2935 5167 τὸν
2963 5115 3160 5185 Δανιὴλ
3193 5115 3286 5166 καὶ
3322 5116 3447 5176 τοὺς
3474 5115 3658 5183 φίλους
3690 5115 3790 5166 αὐ-

2212 5210 2302 5263 τοῦ
2342 5209 2568 5263 ἀνελεῖν.

2282 5326 2367 5379 Η.
2402 5324 2533 5376 Τότε
2555 5322 2752 5392 Δανιὴλ
2787 5322 3058 5392 ἀπεκρίθη
3090 5321 3281 5393 βουλὴν
3317 5325 3410 5375 καὶ
3443 5323 3665 5393 γνώμην
3711 5319 3794 5389 τῷ

2224 5413 2420 5484 Ἀριὼχ
2448 5413 2526 5482 τῷ
2569 5412 2952 5483 ἀρχιμαγείρῳ
3007 5411 3101 5464 τοῦ
3132 5411 3416 5478 βασιλέως,
3471 5413 3528 5475 ὃς
3570 5411 3794 5480 ἐξῆλθεν

2211 5506 2421 5557 ἀνελεῖν
2452 5504 2576 5566 τοῦς
2600 5504 2797 5574 σοφοὺς
2826 5501 3165 5564 Βαϐυλῶνος.

2401 5615 2512 5668 Καὶ
2540 5613 2866 5667 ἐπυνθάνετο
2889 5613 3074 5678 αὑτοῦ,
3107 5614 3279 5682 λέγων
3300 5630 3311 5644 ο
3333 5617 3550 5686 ’Δρχων
3568 5614 3659 5667 τοῦ
3692 5612 3792 5681 βα·

2214 5707 2422 5771 σιλέως,
2452 5707 2579 5777 περὶ
2611 5707 2752 5768 τίνος
2777 5707 2997 5775 ἐξῆλθεν
3027 5708 3059 5775 ἡ
3095 5706 3286 5777 γνώμη
3320 5710 3351 5778 ἡ
3397 5708 3617 5778 ἀναιδὴς
3647 5704 3788 5767 αὕτη
