4122 6320
312 367 454 426 2845

1773 368 2003 428 CAPUT
2045 370 2111 427 ll.

3417 382 3560 438 2846

309 491 370 544 ἐκ
394 488 691 559 προσώπου
707 486 798 544 τοῦ
826 455 1122 560 βασιλέως
1154 488 1288 543 Τότε
1320 489 1379 543 τὸ
1412 490 1561 562 ῥῆμα
1592 490 1880 561 ἐγνώρισεν

1989 489 2127 546 faeie
2154 487 2298 561 regis
2331 489 2354 543 ‘2
2391 486 2542 546 Tunc
2593 488 2820 547 verbum
2875 490 3136 548 indicavit
3193 493 3395 552 Arioeh
3450 497 3557 552 Da-

312 583 336 635 ὁ
383 579 584 652 ’Δριὼχ
610 580 696 652 .τῷ
731 581 949 654 Δανιήλ.

373 673 460 729 16.
497 674 611 728 Καὶ
642 673 842 746 Δανιὴλ
868 673 1110 746 εἰσῆλθε,
1139 678 1236 732 καὶ
1273 677 1475 748 ἠξίωσε
1515 674 1608 729 τὸν
1639 673 1884 746 βασιλέα,

312 766 450 828 ὅπως
476 765 669 838 χρόνον
693 765 768 837 δῷ
789 766 958 838 αὐτῷ,
996 767 1092 822 καὶ
1121 767 1220 840 τὴν
1259 768 1547 839 σύγκρισιν
1579 765 1887 837 ἀπαγγείλῃ

312 855 381 928 τῷ
412 857 625 927 βασιλεῖ
644 857 740 911 τοῦ
771 858 1023 912 ἐνυπνίου
1048 857 1237 915 αὐτοῦ.

377 950 464 1004 Π.
490 950 603 1003 Kal
638 950 858 1023 εἰσῆλθε
893 952 1093 1023 Δανιὴλ
1123 952 1204 1017 είς
1243 951 1333 1005 τὸν
1381 945 1530 1004 οἶκον
1576 949 1763 1015 αὑτοῦ,
1789 948 1885 1002 καὶ

313 1039 384 1112 τῷ
421 1041 662 1113 Ἀνανίᾳ,
709 1043 807 1096 καὶ
853 1041 928 1113 τῷ
974 1041 1222 1114 Ἀζαρία,
1270 1043 1367 1097 καὶ
1410 1040 1488 1112 τῷ
1523 1040 1742 1113 Μισαὴλ
1773 1042 1881 1103 τοῖς

311 1132 478 1202 φίλοις
501 1130 670 1185 αὑτοῦ
703 1131 968 1204 ἐγνώρισε
997 1133 1060 1186 τὺ
1092 1134 1265 1204 ῥῆμα.

375 1224 462 1279 18.
498 1225 612 1278 Kal
660 1225 980 1296 οίκτιρμοὺς
1026 1223 1255 1296 ἐζήτουν
1293 1224 1446 1297 παρά
1476 1223 1570 1280 τοῦ
1612 1224 1747 1280 Θεοῦ
1787 1225 1881 1280 τοῦ

311 1316 533 1390 οὐρανοῦ
591 1316 734 1389 ὑπὲρ
771 1317 865 1371 τοῦ
924 1318 1225 1390 μυστηρίου
1274 1319 1487 1385 τούτου,
1538 1320 1685 1384 ὅπως
1708 1320 1774 1375 ἂν
1806 1321 1880 1394 μὴ

310 1410 609 1464 ἀπόλωνται
638 1408 839 1478 Δανιὴλ
894 1410 990 1464 atal
1017 1411 1062 1464 oi
1098 1409 1243 1480 φίλοι
1265 1409 1431 1465 αὑτοῦ
1468 1410 1606 1482 μετὰ
1631 1410 1739 1466 τῶν
1759 1413 1880 1465 ἐπι-

309 1500 500 1557 λοίπων
529 1501 709 1571 σοφῶν
729 1500 1074 1567 Βαϐυλῶνος.

374 1594 459 1650 19.
495 1593 630 1647 Τότε
651 1593 730 1663 τῷ
765 1593 966 1666 Δανιὴλ
995 1596 1053 1648 ἐν
1086 1594 1326 1666 ὁράματι
1359 1596 1456 1668 τῆς
1486 1596 1680 1662 νυκτὸς
1700 1596 1761 1650 τὸ
1779 1613 1882 1668 μυ-

310 1685 402 1756 στή
412 1701 524 1756 ριον
544 1683 904 1754 ἀπεκαλύφθη
931 1701 946 1716 ·
976 1685 1072 1739 καὶ
1101 1685 1375 1758 ηὑλὸγησε
1397 1687 1490 1741 τὸν
1515 1688 1648 1743 Θεὸν
1667 1688 1761 1742 τοῦ
1785 1688 1878 1742 ού-

312 1777 467 1849 ρανοῦ
492 1779 521 1830 ὁ
545 1776 766 1848 Δανιὴλ,
789 1777 885 1831 καὶ
923 1771 1100 1831 εἶπεν·

373 1865 462 1921 20.
502 1866 605 1937 Εἴη
632 1866 694 1920 τὸ
713 1865 886 1938 ὄνομα
917 1865 1012 1919 τοῦ
1041 1866 1177 1922 Θεοῦ
1221 1867 1584 1939 εὐλογημένον
1626 1869 1736 1924 ἀπὸ
1783 1869 1878 1924 τοῦ

308 1957 516 2020 αἰῶνος,
544 1957 641 2012 καὶ
665 1956 771 2021 ἓως
801 1956 894 2010 τοῦ
928 1956 1145 2026 αἰῶνος,
1169 1958 1252 2013 ὅτι
1277 1961 1311 2031 ὴ
1348 1960 1512 2030 σοφία
1567 1961 1664 2016 καὶ
1689 1963 1723 2032 ή
1759 1960 1884 2016 σύν-

309 2065 419 2112 εσις
439 2047 606 2102 αὐτοῦ
632 2048 771 2103 ἐστι.

374 2141 464 2195 21.
499 2140 613 2194 Kal
639 2140 803 2205 αὐτὸς
830 2139 1035 2195 ἀλλοιοῖ
1062 2141 1287 2212 καιροὺς
1334 2142 1434 2196 καὶ
1477 2141 1723 2214 χρόνους,
1749 2143 1884 2197 καθα

313 2233 427 2303 ιιι-τᾷ
452 2231 692 2303 βασιλεῖς
743 2233 839 2287 καὶ
878 2233 1142 2304 μεθιστᾷ,
1195 2233 1373 2298 διδοὺς
1415 2234 1608 2306 σοφίαν
1648 2236 1760 2300 τοῖς
1790 2252 1880 2290 σο·

312 2326 445 2394 φοῖς,
476 2323 576 2377 καὶ
609 2323 871 2395 φρόνησιν
891 2325 1004 2388 τοῖς
1027 2323 1192 2378 εἰδόσι
1217 2323 1454 2380 σύνεσιν.

373 2415 462 2469 22.
491 2414 668 2478 Αὐτὸς
718 2415 1095 2470 ἀποκαλύπτει
1174 2415 1344 2488 βαθέα
1421 2417 1519 2471 καὶ
1563 2415 1880 2488 ἀπόκρυφα,

308 2505 586 2576 γινώσκων
613 2507 682 2562 τά
722 2509 781 2562 ἐν
803 2507 881 2580 τῷ
913 2508 1094 2562 σκότει
1114 2551 1130 2577 ,
1179 2509 1276 2564 καὶ¹
1311 2508 1373 2564 τὸ
1419 2508 1534 2581 φῶς
1574 2511 1695 2581 μετ’
1716 2507 1881 2564 αὐτοῦ

309 2601 445 2654 ἐστι.

373 2691 463 2746 25.
495 2691 616 2758 Σοὶ,
653 2691 838 2757 ὁΘεδς
865 2691 974 2749 τῶν
997 2692 1251 2765 πατέρων
1286 2708 1417 2763 μου,
1453 2693 1881 2767 ἐξομολογοῦμαι

306 2786 400 2840 καὶ
418 2785 572 2850 αίνῶ,
597 2786 678 2839 ὅτι
700 2785 893 2855 σοφίαν
939 2786 1035 2839 καὶ
1052 2785 1279 2858 δύναμιν
1299 2786 1504 2851 ἔδωκάς
1531 2804 1644 2858 μοι,
1667 2787 1765 2840 καὶ
1785 2787 1882 2841 νῦν

306 2877 607 2948 ἐγνώρισάς
657 2895 746 2947 μοι
793 2877 830 2932 ἃ
876 2878 1190 2951 ἠξιώσαμεν
1239 2879 1390 2951 παρὰ
1431 2878 1547 2947 σοῦ,
1577 2880 1674 2934 καὶ
1705 2879 1790 2934 ὅτι
1818 2877 1883 2934 τὸ

305 2971 486 3042 ὅραμα
516 2970 610 3024 τοῦ
645 2970 908 3041 βασιλέως
945 2971 1245 3044 ἐγνώρισάς
1277 2989 1388 3044 μοι.
1725 3023 1736 3032 .

370 3061 462 3116 24.
506 3063 614 3115 Kal
648 3060 850 3125 εὐθέως
866 3057 996 3132 ἦλθε
1015 3061 1216 3132 Δανιὴλ
1245 3061 1382 3134 πρὸς
1421 3061 1643 3135 Ἀριὼχ,
1666 3063 1726 3118 δν
1748 3082 1881 3120 κατ-

305 3151 528 3224 ἔστησεν
551 3155 580 3208 δ
611 3152 866 3224 βασιλεὺς
905 3155 1168 3209 ἀπολέσαι
1212 3157 1341 3218 τοὺς
1381 3157 1579 3224 σοφοὺς
1622 3152 1878 3211 Βαϐυλῶ-
1904 3176 1948 3235 ο

303 3261 410 3307 νος,
446 3244 542 3297 καὶ
589 3241 742 3297 εἶπεν
791 3243 939 3315 αὐτῷ
963 3261 978 3276 ⁸
1013 3245 1154 3309 Τοὺς
1205 3245 1402 3314 σοφοὺς
1454 3245 1775 3310 Βαϐυλῶνος
1803 3247 1877 3317 μὴ

305 3335 599 3408 ἀπολέσῃς,
624 3335 888 3404 εἰσάγαγε
912 3335 969 3389 δέ
1001 3353 1066 3407 με
1099 3334 1329 3390 ἐνώπιον
1356 3335 1451 3388 τοῦ
1481 3335 1763 3406 βασιλέως,
1784 3338 1880 3389 καὶ

305 3424 398 3497 τὴν
421 3426 714 3498 σύγκρισιν
732 3426 826 3480 τοῦ
855 3427 1130 3498 ὁράματος
1163 3427 1452 3496 ἀναγγελῶ
1481 3426 1560 3498 τῷ
1593 3426 1819 3496 βασιλεῖ.

370 3519 461 3574 25.
498 3519 635 3572 Ῥὁτε
660 3520 690 3571 ὁ
724 3517 924 3589 ’Δριὼχ
943 3521 1002 3572 ἐν
1032 3519 1236 3589 σπουδῇ
1269 3519 1532 3588 εἰσήγαγε
1561 3517 1652 3571 τὸν
1681 3517 1878 3588 Δανιὴλ

306 3610 529 3665 ἐνώπιον
547 3611 644 3665 τοῦ
665 3611 945 3682 βασιλέως,
971 3611 1067 3666 καὶ
1095 3606 1246 3665 εἶπεν
1268 3609 1416 3680 αὐτῷ
1431 3625 1445 3640 ·
1462 3609 1687 3680 Εὖρηκα
1707 3609 1878 3680 ἄνδρα

307 3702 368 3754 ἐκ
397 3701 507 3754 τῶν
545 3702 681 3755 υἱῶν
707 3703 806 3772 τῆς
838 3700 1215 3772 αἰχμαλωσίας
1246 3702 1345 3773 τῆς
1390 3701 1646 3765 Ἰουδαίας
1665 3744 1680 3768 ,
1729 3703 1877 3766 ὅστις

306 3793 378 3864 τῷ
407 3793 622 3864 βασιλεῖ
648 3793 709 3846 τὸ
737 3793 1018 3865 σύγκριμα
1049 3794 1360 3864 ἀναγγελεῖ.

371 3886 458 3940 26.
494 3887 608 3940 Kal
641 3885 914 3956 ἀπεκρίθη
934 3888 962 3939 ὁ
989 3885 1260 3957 βασιλεὺς,
1283 3887 1380 3941 καὶ
1410 3881 1532 3940 εἶπε
1559 3886 1637 3958 τῷ
1658 3887 1874 3960 Δανιὴλ,

306 3969 364 4029 οὗ
395 3978 452 4030 τὸ
484 3975 656 4046 ὄνομα
679 3975 965 4048 Βαλτάσαρ
983 3994 997 4008 ο
1017 3977 1080 4030 El
1102 3977 1326 4032 δύνασαί
1351 3992 1442 4049 μοι
1471 3978 1788 4048 ἀναγγεῖλαι
1817 3979 1877 4031 τὸ

308 4067 549 4121 ἐνύπνιον
575 4069 604 4122 ὃ
630 4063 790 4132 εἶδον,
826 4070 922 4122 καὶ
944 4069 1044 4140 τὴν
1073 4069 1360 4140 σύγκρισιν
1393 4067 1592 4136 αὐτοῦς

370 4158 460 4212 27.
498 4159 608 4212 Kal
637 4158 909 4230 ἀπεκρίθη
949 4159 1149 4227 Δανιὴλ
1181 4158 1410 4212 ἐνώπιον
1443 4160 1538 4212 τοῦ
1588 4160 1870 4229 βασιλέως,

308 4252 400 4304 καὶ
431 4247 584 4304 εἶπεν
603 4267 617 4281 ·
653 4251 726 4304 Τὸ
754 4251 1046 4322 μυστήριον
1067 4249 1096 4302 ὃ
1126 4253 1154 4302 ὁ
1185 4249 1435 4318 βασιλεὺς
1461 4237 1734 4320 ἐπερῶτᾷ,
1774 4251 1877 4304 οὐκ

309 4341 417 4395 ἔστι
448 4343 648 4412 σοφῶν,
701 4343 910 4413 μάγων,
959 4340 1248 4406 ἐπαοιδῶν,
1296 4340 1619 4411 γαζαρηνῶν
1647 4341 1877 4411 δύναμις

311 4432 626 4502 ἀναγγεῖλαι
650 4433 729 4503 τῷ
763 4432 990 4503 βασιλεῖ.

1987 581 2136 636 nieli.

2059 673 2150 728 16.
2192 671 2258 728 Ει
2281 673 2472 729 Daniel
2509 673 2791 745 ingressus
2819 681 2923 741 est,
2947 683 3002 731 et
3029 675 3240 748 rogavit
3277 692 3478 748 regem,
3499 689 3559 734 ut

1987 774 2200 836 tempus
2224 766 2379 823 daret
2427 767 2552 834 sibi,
2607 775 2664 823 et
2714 768 3085 840 conjecturam
3127 769 3394 826 indicaret
3445 776 3555 842 regi

1985 859 2184 914 somnii
2214 859 2320 914 sui.

2057 949 2146 1005 17.
2188 949 2256 1006 Et
2283 951 2568 1020 ingressus
2591 961 2675 1008 est
2700 951 2889 1008 Daniel
2929 953 2983 1009 in
3023 954 3244 1010 domum
3290 971 3469 1021 suam,
3504 963 3559 1010 et

1983 1041 2228 1108 Ananize,
2255 1049 2311 1098 et
2338 1041 2568 1110 Azariaa,
2597 1052 2648 1100 et
2671 1043 2858 1102 Misael
2904 1047 3099 1102 amicis
3150 1045 3267 1102 suis
3299 1046 3560 1102 indicavit

1983 1132 2233 1188 verbum.

2055 1224 2154 1284 18..
2184 1223 2254 1279 Ει
2309 1223 2694 1281 miserationes
2743 1227 3062 1296 quaerebant
3099 1243 3130 1282 a
3164 1227 3274 1283 Deo
3305 1228 3428 1283 coeli
3459 1243 3559 1298 pro

1982 1317 2245 1388 mysterio
2270 1317 2396 1383 hoc,
2426 1325 2486 1372 ιιι
2511 1332 2620 1372 non
2647 1317 2888 1388 perirent
2918 1319 3107 1374 Daniel
3159 1328 3214 1376 et
3249 1320 3409 1376 amici
3437 1319 3556 1390 ejus

1983 1423 2108 1464 cum
2138 1407 2351 1465 exteris
2378 1408 2720 1479 sapientibus
2745 1407 3062 1480 Babylonis.

2052 1588 2140 1645 £9.
2180 1587 2336 1646 Tune
2359 1588 2568 1645 Danieli
2629 1588 2684 1644 in
2745 1587 2956 1645 visione
3015 1589 3196 1644 noctis
3231 1588 3553 1659 mysterium

1979 1683 2278 1738 revelatum
2317 1690 2446 1739 est:
2474 1689 2528 1737 et
2558 1679 2832 1737 benedixit
2863 1680 3034 1736 Deum
3083 1681 3208 1737 coeli
3262 1680 3470 1748 Daniel,
3500 1691 3556 1737 et

1979 1773 2116 1829 dixit
2150 1789 2165 1826 :

2053 1865 2144 1920 20.
2210 1864 2294 1921 Sit
2350 1879 2546 1921 nomen
2585 1863 2682 1920 Dei
2743 1864 3088 1920 benedictum
3151 1877 3182 1918 a
3246 1862 3453 1919 saeculo
3500 1873 3557 1918 et

1982 1971 2158 2027 usque
2189 1956 2244 2011 in
2272 1955 2534 2013 saeculum
2564 1971 2578 2008 :
2617 1955 2746 2027 quia
2775 1955 3040 2026 sapientia
3093 1963 3148 2011 et
3197 1953 3553 2024 intelligentia

1981 2048 2101 2119 ejus
2128 2056 2276 2104 sunt.

2051 2139 2140 2193 2i.
2179 2138 2246 2194 Et
2277 2138 2393 2209 ipse
2419 2146 2595 2194 mutat
2621 2148 2864 2210 tempora
2922 2146 2978 2194 et
3014 2146 3223 2204 aetates,
3267 2137 3556 2194 constituit

1980 2245 2137 2303 reges
2184 2239 2240 2287 et
2289 2230 2557 2296 destituit,
2593 2231 2729 2286 dans
2763 2229 3089 2301 sapientiam
3122 2229 3479 2301 sapientibus,
3498 2237 3554 2285 et

1981 2322 2326 2393 prudentiam
2358 2322 2784 2395 intelligentibus
2809 2322 3178 2392 disciplinam.

2049 2415 2141 2470 22.
2185 2415 2305 2486 Ipse
2336 2414 2540 2472 revelat
2567 2412 2839 2484 profunda
2885 2421 2938 2469 et
2961 2412 3302 2480 abscondita,
3342 2427 3552 2485 cognoo

1981 2521 2141 2566 scens
2171 2522 2294 2580 quae
2313 2505 2370 2563 in
2400 2505 2658 2575 tenebris,
2681 2514 2738 2562 et
2766 2504 2859 2560 lux
2891 2520 3020 2562 cum
3045 2518 3114 2560 eo
3137 2513 3240 2561 est.

2047 2687 2139 2745 23.
2157 2687 2302 2754 Tibi,
2334 2682 2480 2744 Deus
2502 2693 2723 2758 patrum
2753 2699 3028 2750 meorum,
3063 2684 3328 2741 confiteor
3346 2690 3406 2738 et
3433 2682 3551 2738 lan-

1981 2781 2102 2837 dem
2130 2781 2221 2849 do,
2249 2781 2378 2851 quia
2424 2779 2746 2849 sapientiam
2810 2786 2865 2832 et
2918 2776 3292 2832 fortitudinem
3353 2773 3547 2830 dedisti

1980 2871 2136 2936 mihi,
2167 2879 2222 2926 et
2247 2884 2394 2925 nunc
2423 2867 2710 2924 ostendisti
2743 2865 2899 2932 mihi,
2959 2880 3080 2935 qua
3134 2864 3448 2935 rogavimus
3473 2871 3544 2935 te,

1980 2970 2036 3017 et
2065 2962 2193 3032 quia
2223 2960 2488 3016 visionem
2515 2957 2657 3028 regis
2686 2965 2870 3011 notam
2909 2955 3088 3012 fecisti
3119 2955 3276 3014 mihi.

2049 3053 2140 3108 24.
2181 3052 2248 3106 Ει
2275 3052 2455 3109 statim
2485 3050 2632 3104 venit
2660 3048 2850 3106 Daniel
2871 3047 2939 3107 ad
2971 3048 3192 3114 Arioeh,
3225 3067 3386 3121 quem
3417 3067 3549 3106 con-

1982 3147 2236 3202 stituerat
2268 3160 2382 3209 rex,
2416 3150 2477 3197 ut
2522 3141 2774 3210 perderet
2829 3143 3100 3214 sapientes
3144 3143 3459 3214 Babylonis,
3495 3153 3552 3199 et

1979 3237 2116 3293 dixit
2149 3235 2232 3288 ei:
2263 3233 2548 3302 Sapientes
2575 3232 2868 3303 Babylonis
2899 3248 2968 3288 ne
2990 3233 3184 3302 perdas
3204 3272 3218 3298 ,
3251 3233 3343 3288 sed
3376 3233 3550 3286 intro-

1978 3328 2085 3383 duc
2111 3341 2198 3380 me
2229 3325 2284 3378 in
2319 3331 2619 3393 conspectu
2643 3323 2810 3393 regis,
2838 3333 2892 3378 et
2912 3323 3283 3393 conjecturam
3316 3323 3548 3379 visionis

1979 3417 2217 3474 narrabo
2253 3416 2385 3488 regi.

2046 3508 2139 3564 25.
2181 3506 2336 3561 Tunc
2357 3505 2559 3562 Arioch
2617 3505 2671 3560 in
2696 3504 3052 3561 festinatione
3089 3505 3395 3562 introduxit
3444 3507 3550 3563 Da-

1978 3598 2174 3653 nielem
2206 3597 2260 3651 in
2289 3604 2584 3666 conspectu
2622 3599 2785 3667 regis,
2820 3608 2876 3653 et
2921 3598 3057 3652 dixit
3109 3599 3194 3653 ei:
3247 3598 3428 3652 Inveni
3470 3598 3551 3652 vi-

1978 3703 2100 3743 rum
2138 3687 2204 3742 de
2230 3686 2356 3742 filiis
2388 3684 2716 3756 captivitatis
2739 3683 2963 3750 Judaae,
2993 3685 3086 3757 qui
3119 3684 3231 3755 regi
3274 3685 3551 3756 conjectu-

1979 3796 2097 3836 ram
2133 3779 2414 3835 indicabit.

2047 3870 2138 3925 26.
2185 3869 2252 3925 Et
2280 3868 2563 3940 respondit
2585 3884 2704 3934 rex,
2739 3877 2793 3924 et
2818 3868 2957 3924 dixit
2991 3867 3222 3931 Danieli,
3260 3867 3420 3937 cujus
3449 3883 3550 3922 no—

1979 3975 2104 4017 men
2139 3969 2258 4015 erat
2284 3960 2576 4015 Baltasar:
2637 3957 2694 4012 Si
2729 3965 2883 4027 potes
2937 3957 3070 4011 mihi
3124 3958 3365 4012 indicare
3404 3972 3550 4013 som-

1976 4055 2152 4117 nium,
2183 4052 2327 4122 quod
2353 4051 2483 4116 vidi,
2514 4061 2569 4105 et
2591 4049 3086 4118 interpretationem
3109 4048 3270 4118 ejus?

2047 4143 2142 4198 27.
2179 4144 2248 4198 Et
2298 4135 2582 4212 respOndit
2626 4140 2813 4195 Daniel
2844 4155 3030 4196 coram
3063 4155 3206 4210 rege,
3269 4149 3325 4196 et
3373 4142 3542 4198 dixit:

1979 4232 2316 4306 Mysterium,
2377 4232 2524 4302 quod
2577 4248 2669 4286 rex
2711 4233 3028 4302 interrogat,
3053 4247 3160 4287 non
3200 4243 3286 4288 est
3336 4234 3549 4303 sapien-

1977 4325 2137 4389 tium,
2170 4338 2476 4394 magorum,
2531 4323 2827 4378 ariolorum
2863 4364 2878 4391 ,
2927 4338 3324 4394 gazarenorum
3377 4327 3546 4382 virtus

1978 4414 2220 4472 indicare
2239 4412 2375 4484 regi.

372 4523 460 4577 28.
510 4523 650 4576 Ἀλλ’
705 4524 738 4594 ὴ
786 4525 902 4577 ἐστι
947 4523 1081 4586 Θεὸς
1114 4524 1171 4577 ἐν
1215 4521 1428 4596 οὐρανῷ
1475 4523 1876 4579 ἀποκαλύπτων

2048 4508 2140 4565 28.
2183 4507 2289 4562 Sed
2313 4513 2402 4562 est
2462 4504 2605 4561 Deus
2636 4505 2690 4560 in
2722 4505 2863 4560 coelo
2915 4504 3163 4560 revelans
3188 4505 3466 4576 mysteria,
3494 4514 3547 4560 et

310 4617 600 4686 μυστήρια,
633 4616 730 4670 καὶ
754 4613 1019 4685 ἐγνώρισε
1057 4614 1134 4685 τῷ
1159 4614 1368 4685 βασιλεῖ
1404 4615 1876 4686 Ναϐουχοδονόσορ

305 4703 338 4756 ἀ
364 4703 443 4756 δεῖ
468 4703 727 4772 γενέσθαι
748 4705 834 4756 ἐπ’
858 4703 1104 4774 ἐσχάτων
1125 4705 1234 4758 τῶν
1259 4706 1508 4777 ὴμερῶψ
1539 4706 1601 4759 τὸ
1625 4706 1876 4761 ἐνύπνιόν

305 4811 412 4861 σου,
449 4799 544 4850 καὶ
577 4799 633 4850 αἱ
664 4797 881 4867 ὁράσεις
903 4797 1005 4867 τῆς
1037 4797 1279 4868 κεφαλῆς
1304 4815 1396 4852 σου
1436 4801 1531 4852 ἐπὶ
1562 4800 1663 4870 τῆς
1689 4800 1876 4871 κοίτης

305 4902 415 4952 σου,
445 4889 717 4942 τουτέστι.

366 5001 455 5056 29.
480 5001 735 5066 Βασιλεῦ,
766 5002 815 5055 oi
836 5001 1173 5072 διαλογισμοί
1200 5019 1292 5057 σου
1314 5003 1408 5056 ἐπὶ
1435 5005 1533 5073 τῆς
1565 5003 1752 5077 κοίτης
1781 5021 1872 5058 σου

299 5091 590 5163 ἀνέϐησαν,
618 5093 672 5146 τί
709 5094 792 5147 δεῖ
819 5093 1069 5162 γενέσθαι
1097 5093 1236 5164 μετὰ
1260 5095 1454 5148 ταῦτα·
1488 5097 1584 5149 καὶ
1611 5096 1640 5149 ὁ
1667 5097 1874 5150 ἀποκα-

297 5181 515 5238 λύπτων
553 5185 847 5256 μυστήρια,
877 5184 1140 5256 ἐγνώρισέ
1169 5202 1251 5239 σοι
1269 5185 1306 5240 ἀ
1336 5185 1415 5238 δεῖ
1453 5187 1730 5255 γενέσθαι.

357 5294 451 5355 50.
484 5297 597 5351 Kal
622 5298 746 5368 ἐμοὶ
765 5298 865 5352 οὐκ
893 5301 951 5352 ἐν
983 5297 1144 5369 σοφίᾳ
1173 5300 1240 5368 τῇ
1260 5297 1394 5370 οὔσῃ
1424 5299 1548 5369 ἐμοὶ
1570 5299 1720 5372 παρὰ
1744 5300 1872 5354 πάν-

291 5404 388 5452 τας
420 5389 550 5452 τοὺς
589 5389 806 5454 ζῶντας
846 5388 908 5443 τὸ
953 5391 1250 5462 μυστήριον
1282 5390 1442 5444 τοῦτο
1483 5391 1865 5461 ἀπεκαλύφθη,

289 5481 405 5534 ἀλλ’
429 5482 614 5536 ἕνεκεν
647 5483 740 5536 τοῦ
766 5484 865 5556 τὴν
896 5484 1182 5555 σύγκρισιν
1215 5483 1291 5555 τῷ
1335 5483 1543 5554 βασιλεῖ
1579 5484 1868 5553 γνωρίσαι,

288 5575 385 5627 καὶ
415 5575 504 5629 ἵνα
526 5574 668 5646 γνῷς
695 5577 821 5640 τοὺς
845 5577 1228 5648 διαλογισμοὺς
1253 5577 1352 5646 τῆς
1384 5573 1610 5645 καρδίας
1647 5591 1762 5628 σου.

359 5689 560 5752 51.Σὺ,
589 5687 832 5759 βασιλεῦ,
863 5688 1138 5760 ἐθεώρεις,
1174 5691 1269 5743 καὶ
1311 5689 1420 5742 ἰδοὺ
1451 5687 1613 5742 είκὼν
1643 5687 1739 5757 μία
1770 5705 1871 5757 με-

294 5779 432 5852 γάλη
464 5781 654 5852 πολλή·
688 5781 722 5850 ἡ
747 5780 908 5833 εἰκὼν
932 5781 1113 5852 ἐκείνη
1150 5781 1380 5852 μεγάλη,
1412 5781 1506 5834 xal
1537 5782 1570 5851 ἡ
1600 5779 1864 5855 πρόσοψις

399 5895 401 5898 ‘
610 5875 884 5932 Ρλτιιοι..
929 5875 1042 5935 Gn.
1094 5874 1260 5934 XVI.

1979 4611 2107 4656 nota
2131 4598 2262 4656 fecit
2290 4597 2402 4668 regi
2428 4595 2966 4661 Nabuchodonosor,
3020 4613 3144 4668 quae
3192 4606 3406 4667 oportet
3432 4597 3545 4654 fieri

1979 4693 2034 4746 in
2063 4691 2377 4748 novissimis
2405 4691 2617 4746 diebus.
2657 4688 2942 4744 Somnium
2991 4699 3169 4757 tuum,
3212 4698 3266 4744 et
3311 4689 3547 4746 visiones

1977 4784 2170 4855 capitis
2196 4784 2273 4839 tui
2305 4783 2358 4838 in
2387 4782 2638 4839 cubiculo
2665 4790 2782 4850 tuo,
2821 4781 2935 4838 haec
2972 4792 3120 4839 sunt.

2047 5005 2138 5060 29.
2183 5003 2227 5060 Ο
2262 5019 2353 5060 rex
2383 5043 2396 5069 ,
2453 5003 2812 5074 cogitationes
2873 5013 2977 5058 tuae
3042 5003 3094 5057 in
3154 5003 3408 5059 cubiculo
3454 5013 3547 5061 tuo

1977 5098 2366 5162 ascenderunt,
2392 5096 2522 5166 quid
2549 5095 2793 5151 futurum
2825 5097 2896 5151 sit
2926 5106 3046 5166 post
3082 5095 3229 5152 haec:
3255 5105 3308 5151 rt
3345 5099 3438 5168 qui
3465 5114 3546 5153 re-

1975 5190 2122 5244 velat
2153 5189 2434 5262 mysteria,
2458 5187 2694 5242 ostendit
2725 5187 2842 5252 tibi,
2875 5201 2996 5256 quae
3031 5197 3243 5258 Oportet
3269 5187 3404 5243 fieri.

2047 5300 2137 5358 30.
2181 5303 2244 5357 Et
2271 5302 2403 5357 mihi
2451 5317 2559 5357 non
2605 5302 2663 5357 in
2694 5301 2981 5372 sapientia,
3011 5317 3133 5372 qua!
3166 5301 3238 5356 sit
3266 5302 3398 5356 mihi
3438 5318 3549 5372 prze

1975 5396 2230 5450 omnibus
2263 5389 2591 5458 viventibus,
2633 5395 2950 5464 mysterium
2973 5395 3077 5449 hoe
3111 5395 3404 5450 revelatum
3435 5404 3546 5451 est:

1975 5487 2070 5540 sed
2106 5495 2164 5540 ut
2199 5484 2700 5554 interpretationem
2763 5485 2876 5555 regi
2922 5484 3268 5542 manifestam
3326 5485 3544 5552 faciam,

1972 5587 2027 5634 et
2057 5587 2115 5632 ut
2140 5578 2282 5634 scias
2315 5578 2670 5650 e0gitationes
2698 5579 2880 5635 cordis
2914 5581 3012 5654 tui.

2041 5690 2129 5743 ει.
2172 5687 2274 5756 Τυ,
2304 5705 2420 5754 rex,
2456 5687 2771 5756 videbas,et
2801 5705 2927 5746 ecce
2970 5691 3149 5763 imago
3195 5709 3300 5747 una
3348 5709 3542 5763 magna

1971 5779 2156 5846 nimis;
2198 5779 2378 5850 imago
2406 5779 2496 5834 illa
2535 5793 2752 5848 magna,
2794 5789 2848 5835 et
2881 5792 3131 5851 aspectus
3165 5784 3337 5853 ipsius
3382 5785 3546 5838 subli-
