4122 6320
466 367 610 426 2847

1526 352 1777 411 DANIEL
1815 348 2041 410 JUXTA
2082 345 2627 406 THEODOTIONEH

3582 341 3730 398 2848

465 488 608 554 mis;
645 493 796 542 stans
819 489 944 537 ante
969 479 1166 536 faciem
1191 486 1361 545 tuam,
1415 483 1470 532 et
1493 474 1636 531 visio
1667 473 1788 544 ejus
1833 469 2050 528 terribi-

2165 468 2322 540 ιύτῆς
2347 466 2683 540 ύπερφερὴς,
2715 465 2930 523 ἑστῶσα
2959 466 3066 540 πρὸ
3095 463 3390 540 προσώπου
3424 479 3542 530 σου,
3574 467 3672 520 καὶ
3700 469 3736 538 ή

465 580 558 634 lis.

534 669 627 723 52.
667 665 872 736 lmago,
911 662 1072 734 cujus
1101 669 1266 732 caput
1295 668 1415 716 erat
1453 673 1521 713 ex
1553 669 1690 711 auro
1728 669 1892 726 puro,
1925 669 2046 710 ma-

2146 560 2338 630 ὅρασις
2358 559 2530 628 αὐτῆς
2559 558 2787 630 φοϐερά.

2217 649 2308 704 52.
2336 649 2534 716 Είκὼν,
2567 645 2634 722 ἦς
2659 651 2694 721 ή
2727 649 2940 722 κεφαλὴ
2970 648 3194 722 χρυσίου
3222 646 3464 720 καθαροῦ
3484 689 3499 714 ,
3530 647 3589 701 αἰ
3623 650 3742 719 χεῖ-

465 775 593 823 nus,
620 768 675 815 et
705 765 918 830 pectus,
962 764 1018 812 et
1074 753 1298 810 brachia
1362 749 1484 821 ejus
1502 756 1805 848 .argeutea,
1857 755 2048 804 venter

2165 759 2266 811 atq,
2297 742 2478 795 καὶτὸ
2502 740 2718 813 στῆθος,
2755 743 2852 795 καὶ
2889 743 2939 797 οἰ
2973 741 3260 814 βραχίονες
3287 741 3461 823 αὐτῆς
3480 741 3739 812 ἀργυροί,

464 859 521 906 et
549 848 756 905 funera
781 861 942 902 aerea.

536 943 626 998 55.
664 940 732 998 Ει
767 941 914 996 tibiae
952 937 1159 1003 ferreae,
1187 932 1375 1006 pedes,
1429 946 1560 1004 pars
1591 931 1842 1004 quaedam
1892 930 2047 999 ferri,

464 1050 595 1106 pars
626 1042 805 1088 autem
836 1038 1009 1086 ιεειεε.

430 1161 434 1164 -
535 1125 627 1182 54.
674 1124 928 1189 Videbas,
954 1121 1130 1176 donec
1162 1119 1440 1176 abscissus
1473 1127 1558 1175 est
1595 1117 1664 1173 de
1700 1124 1886 1171 monte
1910 1114 2050 1184 lapis

469 1219 587 1272 sine
615 1216 902 1271 manibus:
927 1222 982 1269 et
1007 1212 1283 1284 percussit
1331 1212 1625 1283 imaginem
1681 1223 1846 1280 super
1885 1208 2050 1278 pedes

469 1309 701 1376 ferreos,
740 1317 795 1364 et
820 1306 1058 1379 ﬁglinos,
1103 1315 1157 1363 et
1185 1306 1512 1364 comminuit
1552 1321 1648 1362 eos
1681 1304 1747 1360 ad
1789 1304 1973 1359 ﬁnem.

539 1485 631 1541 55.
675 1484 832 1540 Tunc
858 1484 1195 1541 comminuta
1223 1492 1352 1540 sunt
1381 1483 1587 1554 pariter
1627 1481 1853 1546 ferrum,
1888 1487 2048 1544 testa,

468 1591 563 1642 aes,
600 1584 909 1647 argentum,
939 1591 1157 1642 aurum,
1191 1584 1246 1632 et
1277 1574 1418 1630 facta
1444 1582 1575 1629 sunt
1602 1571 1759 1643 quasi
1782 1570 1958 1642 pulvis
1984 1569 2053 1624 de

469 1683 595 1725 area
628 1669 838 1734 aestiva,
874 1677 929 1724 et
967 1668 1192 1725 sustulit
1230 1682 1356 1723 eum
1402 1665 1692 1722 multitudo
1716 1663 1958 1734 spiritus,
1998 1667 2054 1716 et

469 1763 652 1818 omnis
671 1752 826 1816 locus
855 1775 964 1816 non
989 1769 1073 1816 est
1096 1761 1353 1815 inventus
1379 1758 1460 1815 eis
1489 1774 1501 1809 :
1543 1765 1598 1839 et
1624 1755 1892 1827 lapis,qui
1929 1769 2052 1824 per-

2147 837 2180 906 ή
2212 833 2387 888 κοιλία
2419 835 2513 887 καὶ
2541 836 2590 888 οί
2625 838 2792 905 μηροὶ
2813 834 3023 903 χαλκοῖ.

2220 925 2311 981 55.
2349 924 2461 977 Kal
2497 923 2556 976 αἰ
2577 924 2787 994 κνῆμαι
2818 922 3058 993 σιδηραῖ,
3083 923 3137 975 οἰ
3164 922 3320 986 πόδες
3350 921 3517 993 μέρος
3553 921 3656 994 μέν
3686 938 3744 976 τι

2151 1013 2395 1085 σιδήρου,
2431 1013 2599 1084 μέρος
2627 1013 2686 1066 δέ
2714 1030 2768 1066 τι
2790 1012 3086 1083 ὀστράκου.

2220 1107 2310 1162 54.
2358 1106 2645 1178 Ἐθεώρεις
2682 1105 2788 1170 ἓως
2817 1106 2941 1159 ὅτου
2979 1102 3286 1175 ἀπεσχίσθη
3324 1102 3431 1157 ἀπὸ
3476 1104 3637 1175 ὅρους
3663 1103 3749 1158 λί-

2153 1197 2246 1259 θος
2290 1197 2419 1252 ἄνευ
2451 1196 2669 1269 χειρῶν,
2718 1197 2815 1250 καὶ
2862 1193 3102 1260 ἐπάταξε
3127 1196 3226 1265 τὴν
3259 1195 3445 1248 εἰκόνα
3483 1196 3578 1248 ἐπὶ
3615 1197 3745 1257 τοὺς

2155 1289 2324 1354 πόδας
2353 1291 2480 1355 τοὺς
2509 1289 2784 1359 σιδηροῦς,
2821 1291 2916 1344 καὶ
2947 1287 3304 1360 ὀστρακίνους
3329 1327 3344 1352 ,
3383 1287 3481 1341 καὶ
3517 1287 3747 1342 ὲλέπτυ·

2153 1400 2242 1438 νεν
2274 1384 2472 1448 αὐτοὺς
2504 1386 2584 1448 εἰς
2604 1386 2781 1448 τέλος.

2225 1479 2315 1533 55.
2364 1479 2499 1533 Τότε
2547 1478 2960 1550 ὲλεπτύνθησαν
3006 1477 3242 1544 εἰσάπαξ
3286 1479 3316 1532 6
3371 1479 3588 1550 σίδηρος
3618 1523 3632 1547 ,
3681 1483 3750 1537 τὸ

2151 1568 2441 1641 ὄστρακον,
2466 1572 2496 1625 6
2538 1571 2758 1642 χαλκὸς,
2793 1571 2823 1624 6
2855 1571 3117 1643 ἄργυρος,
3164 1573 3193 1624 ὀ
3225 1571 3452 1641 χρυσός·
3484 1573 3580 1625 καὶ
3619 1570 3749 1638 ἐγέ-

2153 1676 2304 1714 νοντο
2321 1660 2454 1715 ὡσεί
2483 1661 2758 1732 κονιορτὸς
2779 1660 2889 1715 ἀπὸ
2916 1660 3122 1724 ἅλωνος
3149 1660 3370 1732 θερινῆς
3388 1677 3400 1692 ο
3421 1661 3517 1715 καὶ
3548 1661 3750 1733 ἐξῆρεν

2155 1752 2320 1807 αὐτὸν
2347 1753 2409 1806 τὸ
2433 1752 2636 1822 πλῆθος
2669 1750 2765 1806 τοῦ
2789 1752 3122 1822 πνεύματος,
3143 1753 3241 1806 καὶ
3275 1755 3343 1822 >κ
3374 1755 3482 1816 πᾶς
3497 1753 3554 1824 /.
3579 1753 3751 1815 τόπος

469 1861 718 1910 cusserat
742 1851 1035 1922 imaginem
1061 1851 1238 1908 factus
1269 1860 1354 1908 est
1378 1852 1432 1906 in
1474 1862 1717 1906 montem
1755 1862 2012 1920 magnum
2037 1886 2052 1912 ,

2165 1844 2256 1914 οὐχ
2282 1843 2479 1916 εὑρέθη
2507 1846 2713 1909 αὐτοῖς,
2742 1843 2889 1898 καἰό
2907 1842 3056 1907 λίθος
3077 1845 3106 1898 ὀ
3139 1843 3388 1908 πατάξας
3430 1845 3528 1914 τὴν
3562 1843 3752 1899 εἰκόνα

469 1957 526 2002 et
549 1945 796 2013 implevit
827 1945 1142 2000 universam
1174 1954 1398 2000 terram.
1448 1963 1467 1982 -

539 2035 630 2091 56.
679 2033 794 2091 Hoc
826 2042 912 2091 est
938 2036 1214 2091 somnium
1249 2050 1264 2088 :
1313 2044 1368 2092 et
1401 2033 1904 2106 interpretationem
1928 2031 2048 2103 ejus

469 2129 716 2184 dicemus
748 2143 934 2184 coram
971 2142 1118 2200 rege.

540 2222 631 2278 57.
673 2221 780 2288 Τυ,
807 2239 901 2278 rex
947 2222 1264 2294 regum,cui
1297 2221 1440 2279 Deus
1471 2221 1597 2278 caeli
1626 2234 1857 2291 regnum
1885 2217 2047 2284 forte,

468 2323 523 2368 ct
544 2313 808 2381 validum,
837 2324 892 2370 et
918 2313 1247 2370 honoratum
1278 2313 1428 2370 dedit
1451 2313 1507 2369 in
1530 2312 1681 2368 omni
1705 2313 1848 2367 loco.

541 2490 631 2546 58.
671 2488 776 2545 Ubi
811 2489 1057 2545 habitant
1084 2490 1178 2545 ﬁlii
1229 2489 1553 2555 hominum;
1609 2487 1811 2545 bestias
1843 2486 2051 2558 pariter

475 2581 610 2652 agri,
644 2589 696 2635 et
712 2580 964 2635 volucres
986 2580 1134 2646 caeli,
1152 2588 1206 2634 et
1232 2579 1410 2650 pisces
1440 2579 1609 2634 maris
1632 2578 1780 2634 dedit
1805 2579 1858 2631 in
1885 2592 2050 2630 manu

473 2681 591 2736 tua,
622 2681 676 2726 et
705 2671 1061 2728 constituitte
1088 2671 1373 2727 dominum
1393 2671 1659 2727 omnium.
1687 2668 1769 2724 Tu
1794 2683 1854 2724 es
1890 2674 2055 2738 caput

475 2777 724 2818 aureum.
1916 2817 1924 2826 _

546 2853 640 2908 59.
680 2851 746 2906 Et
775 2859 900 2922 post
927 2861 977 2907 te
1001 2859 1294 2922 consurget
1315 2865 1541 2921 regnum
1561 2849 1924 2905 aliudminus
1965 2855 2050 2902 te:

475 2952 530 2999 et
553 2956 776 3012 regnum
811 2941 1052 3009 tertium,
1104 2944 1254 3013 quod
1309 2950 1404 2998 est
1435 2956 1531 3010 aes,
1561 2939 1712 3010 quod
1765 2939 2056 3010 imperabit

476 3033 751 3089 universae
781 3040 961 3088 terrae.
1061 3090 1064 3092 ν

547 3122 637 3178 40.
675 3122 742 3177 Et
775 3139 1002 3195 regnum
1037 3132 1292 3194 quartum
1315 3124 1420 3180 erit
1453 3123 1594 3181 forte
1623 3124 1792 3181 veluti
1821 3123 2052 3180 ferrum:

477 3215 753 3285 quomodo
785 3215 930 3271 enim
972 3214 1179 3271 ferrum
1243 3216 1568 3271 comminuit
1627 3224 1682 3272 et
1737 3209 2060 3284 domat,'sic

477 3309 666 3363 omnia
691 3310 1026 3364 comminuet
1057 3317 1112 3364 et
1147 3309 1410 3364 domabit.

547 3399 640 3456 4i.
685 3399 752 3456 Et
784 3401 910 3471 quia
942 3401 1128 3457 vidisti
1159 3402 1345 3472 pedes,
1376 3407 1431 3456 et
1455 3399 1676 3472 digitos,
1703 3408 1914 3469 partem
1935 3399 2062 3471 qui-

481 3492 604 3546 dem
635 3492 874 3563 aliquam
911 3492 1060 3559 ferri,
1118 3501 1328 3562 partem
1367 3507 1498 3547 vero
1532 3493 1827 3562 quamdam
1884 3501 2060 3559 testae,

482 3598 710 3654 regnum
737 3582 978 3637 divisum
1012 3583 1119 3637 erit
1142 3583 1198 3637 in
1251 3599 1330 3648 se,
1381 3582 1846 3652 quemadmodum
1871 3583 2060 3639 vidisti

483 3671 689 3727 ferrum
725 3673 1082 3728 commixtum
1114 3682 1265 3728 testa!
1297 3674 1476 3730 lutete.

554 3764 646 3818 42.
690 3764 755 3818 Et
784 3762 936 3832 digiti
976 3763 1174 3834 pedum
1206 3779 1335 3834 pars
1387 3764 1634 3834 quaedam
1684 3762 1861 3820 ferrea
1885 3804 1902 3831 ,
1938 3779 2066 3834 pars

487 3867 670 3914 autem
699 3854 951 3927 quaedam
986 3855 1140 3927 regni
1171 3857 1277 3912 erit
1337 3855 1515 3926 fortis,
1553 3866 1608 3912 et
1639 3856 1707 3913 de
1763 3871 1830 3913 eo
1873 3865 2066 3912 conte-

488 3962 658 4008 I’Cllll‘.

557 4048 647 4102 45.
689 4046 755 4103 Et
779 4045 908 4118 quia
938 4043 1121 4100 vidisti
1154 4042 1357 4100 ferrum
1389 4043 1692 4099 admixtum
1710 4042 2063 4110 testaeluteae,

481 4139 772 4196 commixti
807 4147 969 4194 erunt
1021 4137 1076 4192 in
1132 4138 1340 4195 semine
1378 4137 1687 4201 hominum,
1745 4144 1800 4191 et
1831 4151 1940 4190 non
1978 4136 2068 4189 ad-

491 4232 775 4288 haerebunt
804 4231 938 4286 alter
967 4229 1145 4295 alteri,
1201 4229 1344 4286 sicut
1395 4227 1604 4284 ferrum
1643 4244 1754 4284 non
1803 4227 2068 4284 miscetur

491 4338 617 4379 cum
651 4331 808 4378 48842.

2155 1936 2372 2001 ἐγένετο
2397 1936 2476 2000 εἰς
2495 1936 2622 2008 ὅρος
2647 1935 2813 2007 μέγα,
2837 1936 2934 1991 καὶ
2963 1935 3252 2008 ἐπλήρωσε
3281 1937 3463 1991 πᾶσαν
3493 1937 3594 2008 τὴν
3617 1936 3749 2007 γῆν.

2227 2026 2317 2081 56.
2351 2027 2524 2082 Τοῦτό
2543 2028 2660 2080 ἐστι
2688 2027 2750 2081 τὸ
2771 2027 3045 2094 ἐνύπνιον,
3072 2029 3170 2082 καὶ
3199 2029 3298 2100 τὴν
3333 2029 3620 2102 σύγκρισιν
3647 2029 3756 2084 a6-

2155 2117 2251 2172 τοῦ
2277 2118 2508 2190 ἐροῦμεν
2536 2119 2768 2174 ἐνώπιον
2799 2119 2894 2174 τοῦ
2930 2119 3215 2191 βασιλέως.

2229 2211 2320 2268 57.
2344 2211 2440 2275 Σὺ,
2469 2211 2692 2282 βασιλεῦ
2731 2211 3019 2282 βασιλέων,
3043 2208 3086 2282 ᾧ
3128 2215 3158 2268 6
3209 2213 3342 2278 Θεὸς
3385 2211 3482 2268 τοῦ
3515 2215 3754 2287 ούρανοῦ

2160 2302 2439 2374 βασιλείαν
2471 2304 2722 2376 ἰσχυρὰν,
2746 2305 2844 2358 καὶ
2873 2306 3162 2377 κραταιὰν,
3193 2306 3290 2360 καὶ
3312 2305 3529 2378 ἔντιμον
3547 2306 3754 2364 ἔδωκεν

2159 2395 2218 2450 ὲν
2244 2395 2410 2449 παντί
2444 2395 2618 2466 τόπῳ.

2229 2485 2319 2540 58.
2353 2486 2529 2539 Ὅπου
2560 2485 2910 2540 κατοικοῦσιν
2944 2487 2995 2539 οί
3028 2487 3137 2540 υἱοί
3155 2486 3263 2552 τῶν
3282 2487 3588 2560 ἀνθρώπων
3609 2507 3623 2520 ·
3653 2489 3753 2562 θης

2161 2573 2254 2645 ρία
2277 2591 2336 2627 τε
2359 2573 2554 2645 ἀγροῦ,
2589 2575 2686 2628 καὶ
2720 2575 2942 2630 πετεινὰ
2974 2574 3206 2646 ούρανοῦ
3227 2617 3240 2642 ,
3286 2578 3382 2631 καὶ
3416 2577 3604 2647 ἰχθύας
3649 2579 3748 2632 θα-

2159 2665 2366 2736 λάσσης
2419 2664 2616 2720 ἔδωκεν
2663 2665 2721 2720 ὲν
2763 2667 2832 2737 τῇ
2889 2665 3032 2737 χειρί
3063 2683 3179 2733 σου,
3217 2667 3313 2720 καί
3355 2667 3660 2740 κατέστησέ
3691 2687 3752 2722 σε

2162 2755 2354 2828 κύριον
2377 2757 2624 2812 πάντων·
2656 2757 2722 2812 σὺ
2745 2757 2848 2828 εῐή
2882 2758 3094 2831 κεφαλὴ
3134 2761 3167 2831 ἠ
3197 2761 3400 2832 χρυσῆ.

2231 2851 2322 2907 59.
2354 2853 2466 2907 Kal
2502 2852 2680 2906 ὀπίσω
2734 2867 2828 2905 σου
2877 2853 3244 2924 ἀναστήσεται
3292 2853 3540 2925 βασιλεία
3588 2854 3755 2927 ἑτέρα

2160 2941 2342 3013 ἦττων
2373 2959 2487 3009 σου,
2518 2945 2614 2997 καὶ
2646 2944 2892 3015 βασιλεία
2939 2948 3121 3019 τρίτη,
3160 2949 3195 3018 ἥ
3223 2949 3374 3004 ἐστιν
3407 2951 3435 3004 6
3457 2950 3680 3022 χαλκὸς,
3716 2951 3754 3023 ἢ

2161 3031 2445 3104 κυριεύσει
2475 3033 2656 3104 πάσης
2687 3034 2788 3106 τῆς
2809 3037 2936 3108 γῆς.

2232 3121 2320 3178 40.
2356 3123 2469 3176 Kal
2497 3122 2748 3193 βασιλεία
2782 3125 3019 3198 τετάρτη
3055 3125 3206 3182 ἔσται
3257 3127 3454 3202 ἰσχυρά
3482 3130 3559 3194 ὡς
3603 3130 3757 3202 σίδη-

2167 3229 2286 3288 ρος·
2318 3214 2378 3268 ὸν
2406 3214 2606 3286 τρόπον
2629 3213 2738 3287 γὰρ
2765 3218 2794 3270 6
2817 3217 3036 3290 σίδηρος
3059 3218 3311 3274 λεπτύνει
3349 3222 3444 3276 καὶ
3496 3222 3755 3294 δαμάζει,

2165 3305 2338 3372 οὕτως
2362 3306 2540 3361 πάντα
2572 3307 2824 3362 λεπτυνεῖ
2846 3310 2942 3363 καὶ
2980 3309 3232 3380 δαμάσει.

2235 3399 2324 3454 4i.
2365 3399 2478 3454 Kal
2509 3399 2592 3452 ὅτι
2619 3395 2759 3464 εἶδες
2789 3401 2918 3465 τοὺς
2939 3402 3127 3470 πόδας,
3164 3404 3256 3457 καὶ
3290 3404 3416 3468 τοὺς
3435 3403 3754 3470 δακτύλους,

2167 3491 2336 3563 μέρος
2363 3490 2464 3560 μέν
2484 3507 2539 3543 τι
2563 3490 2806 3562 σιδήρου,
2834 3491 2998 3563 μέρος
3023 3493 3080 3546 δέ
3097 3509 3151 3546 τι
3178 3495 3474 3566 ὀστράκου,
3506 3495 3756 3566 βασιλεία

2163 3581 2471 3654 διῃρημένη
2492 3580 2643 3636 ἔσται
2673 3586 2732 3636 ὲν
2761 3585 2921 3656 αὐτῇ,
2953 3585 3014 3639 ὃν
3044 3587 3247 3658 τρόπον
3269 3583 3411 3653 εἶδες
3432 3589 3523 3643 τὸν
3541 3588 3762 3660 σίδηρον

2166 3673 2613 3744 ἀναμεμιγμένον
2649 3674 2727 3746 τῷ
2752 3675 3009 3747 ὀστράκῳ
3041 3677 3119 3748 τῷ
3148 3679 3379 3750 πηλίνῳ.

2239 3765 2332 3820 42.
2375 3766 2487 3818 Kal
2511 3767 2561 3818 οἰ
2583 3765 2837 3820 δάκτυλοι
2867 3768 2977 3823 τῶν
3005 3770 3182 3824 ποδῶν
3211 3770 3378 3841 μέρος
3407 3770 3506 3841 μέν
3521 3788 3575 3824 τι
3608 3771 3762 3842 σιδη-

2169 3855 2322 3930 ροῦν,
2351 3856 2518 3930 μέρος
2547 3857 2605 3909 δέ
2639 3875 2692 3911 τι
2724 3859 2822 3930 τῆς
2864 3860 3145 3929 βασιλείας
3179 3861 3334 3916 ἔσται
3378 3862 3622 3934 ἰσχυρὸν,
3663 3864 3762 3918 καὶ

2168 3947 2263 4002 ἀπ’
2287 3949 2458 4019 αὐτῆς
2478 3948 2631 4002 ἔσται
2667 3952 3108 4022 συντριϐόμενον.

2238 4041 2328 4096 45.
2375 4042 2485 4095 Kal
2512 4044 2594 4096 ὅτι
2634 4038 2774 4106 εἷδες
2803 4042 2894 4097 τὸν
2932 4043 3152 4116 σίδηρον
3201 4045 3650 4117 ἀναμεμιγμένον
3681 4045 3763 4116 τῷ

2169 4134 2425 4206 ὀστράκῳ
2451 4135 2530 4206 τῷ
2554 4135 2787 4205 πηλίνῳ,
2823 4139 3118 4207 συμμιγεῖς
3151 4136 3364 4192 ἔσονται
3387 4141 3445 4192 ὲν
3478 4140 3758 4211 σπέρματι

2170 4227 2501 4298 ἀνθρώπων,
2547 4228 2644 4282 καὶ
2686 4228 2787 4280 οὐκ
2831 4226 3042 4281 ἔσονται
3089 4228 3563 4300 προσκολλώμενοι
3602 4226 3761 4294 οὗτος

2173 4320 2314 4392 μετὰ
2345 4320 2558 4386 τούτου,
2595 4319 2778 4386 καθὼς
2805 4323 2832 4374 ό
2860 4320 3080 4392 σίδηρος
3111 4323 3214 4376 οὐκ
3233 4321 3596 4393 ἀναμίγνυται
3616 4322 3762 4392 μετά

2168 4411 2264 4466 τοῦ
2290 4412 2584 4484 ὀστράκου.

560 4501 651 4557 44.
695 4501 761 4556 Et
790 4500 845 4555 in
875 4499 1070 4557 diebus
1098 4515 1286 4571 regum
1331 4500 1552 4555 illorum
1595 4499 1885 4556 suscitabit
1920 4498 2061 4554 Deus

2238 4504 2328 4559 44.
2359 4505 2474 4557 Kal
2533 4505 2591 4556 ἐν
2635 4505 2758 4567 ταῖς
2797 4503 3034 4575 ήμέραις
3073 4503 3183 4557 τῶν
3223 4503 3486 4573 βασιλέων
3533 4502 3764 4557 ἐκείνων

493 4595 614 4651 ραιιί
657 4607 908 4664 regnum,
967 4593 1196 4661 quodin
1234 4593 1434 4648 saecula
1495 4607 1606 4646 non
1664 4591 2064 4662 dissipabitur:

497 4697 551 4742 et
572 4702 797 4756 regnum
833 4685 953 4756 ejus
979 4685 1183 4755 populo
1209 4685 1361 4740 alteri
1393 4699 1503 4740 non
1537 4685 1809 4751 tradetur;
1840 4684 2072 4740 commi-

493 4788 628 4834 nuet
677 4788 731 4834 et
758 4777 1043 4833 ventilabit
1066 4777 1322 4832 universa
1374 4791 1559 4848 regna,
1595 4785 1650 4833 et
1691 4775 1872 4847 ipsum
1905 4774 2073 4832 stabit

492 4875 550 4929 in
577 4871 800 4929 sacula.

563 5046 654 5102 45.
700 5045 856 5102 Sicut
886 5045 1092 5117 vidisti,
1123 5045 1269 5118 quod
1335 5046 1398 5102 de
1453 5055 1639 5101 monte
1669 5045 1948 5101 abscissus
1987 5056 2072 5102 est

493 5139 634 5210 lapis
662 5140 781 5194 sine
804 5139 1081 5207 manibus,
1103 5146 1155 5193 et
1173 5139 1579 5194 comminuebat
1595 5145 1816 5204 testam,
1840 5136 2069 5202 ferrum,

495 5251 590 5298 res.
625 5244 933 5306 argentum,
979 5249 1196 5299 aurum,
1220 5233 1364 5290 Deus
1394 5249 1628 5305 magnus
1669 5232 1907 5288 ostendit
1933 5232 2070 5304 regi,

497 5343 619 5398 quae
646 5335 862 5397 Oportet
891 5326 1007 5382 ﬁeri
1049 5327 1305 5398 posthaec
1333 5345 1346 5382 :
1375 5337 1428 5383 et
1445 5341 1634 5382 verum
1667 5335 1750 5381 est
1773 5325 2069 5392 somnium,

497 5427 551 5473 et
584 5417 760 5473 ﬁdelis
795 5418 1173 5488 interpretatio
1196 5419 1340 5490 ejus.

566 5509 658 5565 46.
701 5510 856 5568 Tunc
886 5526 980 5566 rex
1012 5510 1517 5570 Nabuchodonosor
1546 5511 1744 5568 cecidit
1765 5513 1818 5567 in
1855 5509 2071 5575 faciem,

497 5610 551 5654 et
586 5600 858 5656 Danielcm
891 5601 1160 5665 adoravit,
1201 5613 1254 5658 et
1305 5618 1526 5669 manaa,
1567 5613 1620 5660 et
1670 5603 1911 5659 suavitas
1941 5602 2075 5657 odo-

510 5688 610 5753 ris,
639 5690 780 5744 dixit
807 5698 867 5744 ut
897 5689 1220 5744 libarentur.

569 5781 663 5834 47.
703 5779 768 5834 Et
800 5779 1135 5850 respondens
1163 5795 1255 5835 rex
1281 5782 1418 5836 dixit
1451 5782 1660 5837 Danieli
1706 5802 1718 5836 :
1763 5784 1819 5837 In
1845 5783 2072 5839 veritate

2170 4596 2468 4666 ἀναστήσει
2505 4595 2534 4647 ὀ
2573 4594 2706 4658 Θεὸς
2743 4595 2837 4648 τοῦ
2890 4595 3122 4666 ούρανοῦ
3179 4596 3482 4667 βασιλείαν,
3529 4597 3652 4666 ἥτις
3679 4596 3763 4658 εἰς

2170 4686 2297 4750 τοὺς
2326 4685 2528 4749 αἰῶνας
2566 4687 2628 4739 οὐ
2655 4685 3104 4758 διαφθαρήσεται,
3134 4688 3231 4741 καὶ
3259 4689 3292 4758 ή
3317 4685 3566 4757 βασιλεία
3593 4685 3760 4739 αὑτοῦ

2170 4777 2281 4850 λαῷ
2306 4779 2482 4850 ἑτέρῳ
2509 4778 2608 4848 οὐχ
2639 4778 3115 4849 ὑσιιπολειφθήσετοιι⁶
3139 4780 3396 4833 λεπτυνετ
3443 4780 3537 4833 καί⁵
3564 4779 3764 4848 λικμή-

2173 4889 2257 4925 σει
2287 4872 2467 4935 πάσας
2490 4871 2592 4934 τὰς
2628 4869 2927 4940 βασιλείας,
2958 4872 3053 4925 καὶ
3095 4870 3237 4943 αῦτη
3275 4873 3642 4943 ἀναστήσεται
3679 4873 3763 4935 εἰς

2172 4967 2300 5028 τοὺς
2339 4964 2564 5026 αἰῶνας.
2805 4986 2817 5002 ο

2244 5057 2334 5113 45.
2371 5057 2468 5109 Ὃν
2492 5055 2694 5126 τρόπον
2728 5048 2887 5119 εἶδες,
2915 5054 2997 5108 ὀτι
3031 5053 3140 5107 ἀπὸ
3167 5053 3329 5125 ὅρους
3362 5053 3577 5125 ἐτμήθη
3609 5051 3758 5117 λίθος

2174 5149 2304 5203 ἀνευ
2326 5145 2547 5220 χειρῶν,
2577 5146 2673 5200 καί⁹
2694 5145 2952 5200 ὲλέπτυνε
2973 5145 3033 5199 τὸ
3055 5146 3322 5218 ὄστρακον
3341 5185 3354 5209 ,
3387 5145 3480 5200 τὸν
3517 5145 3758 5216 σίδηρον,

2175 5241 2265 5296 τὸν
2297 5239 2521 5313 χαλκὸν,
2540 5239 2632 5293 τὸν
2661 5239 2923 5310 ἀργυρον,
2945 5238 3036 5292 τὸν
3066 5238 3267 5310 χρυσόν
3283 5255 3296 5268 ·
3319 5241 3347 5292 6
3373 5237 3506 5301 Θεὸς
3527 5240 3556 5290 6
3583 5237 3762 5308 μέγας

2176 5330 2442 5406 ἐγνώρισε
2467 5331 2546 5402 τῷ
2575 5330 2785 5402 βασιλεῖ
2807 5329 2842 5385 a
2869 5330 2951 5383 δεῖ
2972 5329 3223 5398 γενέσθαι
3268 5329 3405 5400 μετὰ
3437 5327 3639 5383 ταῦτα·
3664 5329 3764 5382 καὶ

2176 5425 2431 5497 ἀληθινὸν
2466 5424 2527 5478 τὸ
2564 5422 2838 5488 ἐνύπνιον,
2862 5423 2958 5476 καὶ
2992 5423 3158 5493 πιστὴ
3190 5424 3222 5490 ἡ
3251 5421 3539 5492 σύγκρισις
3568 5419 3757 5474 αὐτοῦ.

2246 5515 2337 5569 46.
2378 5515 2512 5568 Τότε
2551 5515 2579 5567 ὀ
2615 5513 2869 5584 βασιλεὺς
2910 5509 3381 5582 Ναϐουχοδονόσορ
3433 5511 3632 5564 ἔπεσεν
3663 5511 3762 5562 ἐπὶ

2177 5605 2493 5676 πρόσωπον,
2529 5605 2626 5658 καὶ
2645 5604 2725 5676 τῷ
2756 5603 2956 5676 Δανιὴλ
2996 5603 3391 5674 προσεκύνησε,
3438 5602 3536 5656 καὶ
3571 5601 3758 5674 μαναὰ

2176 5695 2272 5749 καὶ
2293 5695 2520 5749 εὐωδίαν
2555 5691 2709 5748 εἶπεν
2737 5697 2976 5750 σπεῖσαι.

2244 5787 2335 5842 47.
2375 5787 2486 5842 Kal
2507 5787 2830 5856 ἀποκριθεὶς
2869 5788 2898 5841 ὀ
2929 5787 3202 5859 βασιλεὺς,
3230 5781 3384 5841 εἶπεν
3421 5783 3500 5856 τῷ
3520 5752 3768 5853 Δανιήλο1
