4122 6320
343 378 480 432 2319

1794 369 2028 428 CAPUT
2064 369 2152 425 Ill.

3457 374 3598 430 2850

355 495 471 548 Ἐπ’
485 491 746 563 ἀληθείας
767 492 794 544 6
818 484 950 554 Θεὸς
971 489 1126 558 ὑμῶν
1167 488 1328 555 αὐτός
1354 489 1615 554 turmae;
1639 490 1798 553 θεῶν,
1831 491 1926 544 καὶ

2052 491 2171 545 )eus
2209 496 2386 544 vester
2415 488 2531 559 ipse
2561 497 2646 544 est
2671 487 2817 545 Deus
2843 490 3072 546 deorum
3093 527 3110 553 ,
3139 499 3194 545 et
3228 489 3492 546 Dominus
3511 507 3594 546 re-

346 584 547 657 Κύριος
575 583 684 636 τῶν
724 583 1012 653 βασιλέων,
1043 583 1139 636 καὶ
1179 582 1580 638 ἀποκαλύπτων
1632 584 1923 655 μυστήρια,

343 681 425 734 ὅτι
455 676 718 748 ἐδυνήθης
743 674 1090 744 ἀποκαλύψαι
1123 675 1184 729 τὸ
1216 677 1515 747 μυστήριον
1534 677 1712 730 τοῦτο.
1772 725 1775 730 .

415 767 503 823 ιε.
530 769 641 822 Καὶ
663 768 1002 838 ἐμεγάλυνεν
1023 769 1052 820 6
1075 767 1330 838 βασιλεὺς
1360 768 1450 822 τὸν
1477 767 1696 839 Δανιὴλ,
1723 767 1818 821 καὶ
1841 766 1928 820 δό-

349 877 494 932 ματα
528 858 744 930 μεγάλα
801 860 898 912 καὶ
924 859 1093 912 πολλὰ
1114 859 1312 914 ἔδωκεν
1345 859 1514 930 αὐτῷ,
1545 861 1640 914 καὶ
1660 859 1929 930 κατέστης

350 969 440 1006 σεν
472 952 637 1005 αὐτὸν
665 951 759 1004 ἐπὶ
781 952 964 1022 πάσης
985 951 1085 1021 τῆς
1105 954 1288 1022 χώρας
1318 951 1658 1017 Βαϐυλῶνος,
1701 952 1796 1005 καὶ¹
1826 951 1929 1020 ἀρ-

349 1061 512 1115 χοντα
545 1043 861 1114 σατραπῶν,
894 1043 988 1097 καὶ
1018 1044 1113 1098 ἐπὶ¹
1138 1043 1319 1113 πάσης
1340 1043 1439 1113 τῆς
1471 1041 1654 1114 χώρας
1676 1041 1930 1095 Βαϐυλῶ-

349 1153 456 1199 νος.

418 1228 506 1283 49.
549 1227 662 1282 Καὶ
686 1226 885 1298 Δανιὴλ
915 1228 1156 1298 ᾐτήσατο
1185 1226 1336 1298 παρὰ
1380 1227 1474 1280 τοῦ
1514 1225 1798 1296 βασιλέως,
1833 1226 1930 1280 καὶ

353 1320 681 1390 κατέστησεν
715 1320 808 1372 ἐπὶ
861 1320 932 1373 τὰ
961 1319 1099 1390 ἔργα
1135 1320 1234 1390 τῆς
1279 1320 1462 1391 χώρας
1496 1319 1812 1382 Βαϐυλῶνος
1839 1320 1930 1373 τὸν

355 1411 579 1482 Σεδρὰχ,
622 1410 829 1480 Μισάχ,
893 1410 1203 1482 ’Δϐδεναγὼ
1225 1430 1238 1444 ⁸
1269 1413 1366 1467 καὶ
1412 1412 1610 1483 Δανιὴλ
1655 1407 1724 1483 ἦν
1772 1413 1830 1466 ἐν
1861 1413 1927 1482 τῇ

356 1503 488 1574 αὐλῇ
515 1500 610 1556 τοῦ
637 1501 923 1573 βασιλέως.

941 1593 1192 1646 ΚΕΦΑΛ.
1237 1593 1310 1647 [⁸⁸.

431 1689 478 1743 1.
510 1689 707 1751 Ἐτους
725 1686 1198 1742 ὀκτωκαιδεκάτου
1230 1685 1702 1758 Ναϐουχοδονόσορ
1721 1688 1750 1740 6
1778 1685 1931 1756 βασι-

2025 599 2178 654 gum,
2211 591 2264 638 et
2297 575 2546 638 revelatis
2575 582 2830 654 mysteria
2855 598 2869 648 ;
2901 581 3161 651 quoniam
3190 583 3415 652 potuisti
3446 600 3600 639 reve-

2026 673 2138 728 lare
2163 673 2485 744 mysterium
2517 672 2642 726 hoc.

2095 764 2186 820 48.
2229 763 2296 818 Et
2328 765 2695 834 magnilicavit
2751 778 2845 818 rex
2902 760 3204 826 Danielem,
3257 769 3312 818 et
3369 777 3597 816 munera

2027 872 2224 928 magna
2262 864 2317 911 et
2346 856 2516 911 multa
2575 854 2719 910 dedit
2741 853 2790 909 ei
2819 873 2833 908 :
2874 861 2926 909 et
2956 853 3240 909 constituit
3270 869 3395 908 eum
3439 869 3602 922 super

2028 949 2339 1004 universam
2373 947 2650 1018 regionem
2669 946 2984 1018 Babylonis,
3014 955 3068 1000 et
3099 945 3398 1016 principem
3428 954 3603 1000 satra-

2027 1049 2243 1111 parum,
2267 1048 2324 1096 et
2353 1054 2516 1109 super
2545 1055 2761 1094 omnem
2785 1039 3121 1110 provinciam
3149 1037 3462 1109 Babylonis.

2100 1221 2190 1278 69.
2227 1219 2294 1276 Et
2331 1219 2522 1274 Daniel
2549 1218 2846 1290 postulavit
2875 1234 2906 1273 a
2933 1233 3082 1289 rege,
3115 1229 3168 1274 et
3198 1217 3482 1273 constituit
3512 1231 3606 1272 su-

2029 1329 2128 1385 per
2178 1328 2344 1384 opera
2400 1311 2696 1383 provinciae
2753 1311 3046 1382 Babylonis
3083 1309 3348 1378 Sedracb,
3377 1307 3604 1372 Misacb,

2029 1405 2328 1478 Abdenago
2347 1423 2367 1493 _:
2399 1413 2454 1461 et
2476 1404 2666 1460 Daniel
2699 1413 2816 1459 erat
2843 1403 2897 1458 in
2925 1404 3050 1458 aula
3075 1403 3237 1473 regis.

2637 1593 2866 1650 CAPUT
2921 1592 3010 1647 III.

2106 1687 2158 1743 1.
2192 1688 2350 1740 Anno
2377 1683 2590 1741 decimo
2623 1693 2817 1739 octavo
2844 1680 3351 1737 Nabuchodonosor
3395 1693 3487 1732 rex
3529 1675 3610 1731 fe-

361 1781 482 1844 λεὺς
518 1780 775 1851 ἐποίησεν
813 1779 998 1834 εἰκόνα
1057 1778 1262 1850 χρυσῆν
1286 1794 1301 1808 ο
1351 1777 1486 1848 Wo;
1534 1777 1706 1846 αὐτῆς
1739 1775 1931 1846 πηχῶν

2052 1781 2114 1838 :it
2146 1780 2438 1851 imaginem
2491 1792 2756 1832 auream:
2803 1773 3036 1830 altitudo
3086 1771 3258 1841 ipsius
3302 1770 3610 1824 cubitorum

360 1842 639 1943 ἐξήκοντα,
664 1842 762 1923 καὶ
789 1865 946 1941 εὖρος
995 1842 1163 1939 αὐτίῆς
1217 1842 1411 1940 πηχῶν
1440 1867 1534 1933 EE,’
1589 1842 1679 1923 Kal.
1707 1842 1935 1940 ἔστησεν

2052 1842 2343 1944 sexaginta,
2369 1879 2423 1926 et
2449 1869 2676 1924 latitudo
2703 1867 2822 1938 ejus
2847 1865 3158 1920 cubitorum
3183 1877 3315 1927 sex;
3341 1868 3395 1914 et
3424 1859 3615 1914 statuit

364 1961 531 2034 αὐτὴν
559 1962 616 2014 ἐν
643 1960 812 2030 πεδίῳ
842 1962 1056 2030 Δεειρᾷ,
1079 1961 1137 2013 ἐν
1168 1958 1324 2030 χώρα
1358 1957 1697 2022 Βαϐυλῶνος.

428 2053 482 2107 2.
513 2052 625 2107 Καὶ
653 2050 1126 2121 Ναϐουχοδονόσορ
1156 2050 1185 2104 6
1208 2049 1461 2120 βασιλεὺς
1487 2047 1776 2103 ἀπέστειλε
1809 2063 1940 2100 συνε-

364 2147 588 2214 αγαγεῖν
614 2144 820 2207 πάντας
845 2144 972 2207 τοὺς
1004 2143 1265 2209 ὑπάτους,
1296 2143 1394 2196 καὶ
1421 2143 1548 2205 τοὺς
1577 2143 1937 2214 στρατηγοὺς,

364 2239 606 2301 καὶτοὺς
644 2237 946 2308 τοπάρχας,
977 2236 1337 2306 ἡγουμένους,
1373 2236 1470 2288 καὶ
1497 2233 1816 2304 τυράννους,
1847 2232 1942 2286 καλ¹

365 2331 485 2394 τοὺς
535 2330 621 2382 ἐπ’
673 2327 954 2395 ἐξουσιῶν,
1000 2327 1096 2381 καὶ
1140 2327 1351 2390 πάντας
1378 2327 1502 2389 τοὺς
1538 2326 1805 2405 ἄρχοντας
1833 2323 1942 2376 τῶν

367 2421 577 2494 χωρῶν,
605 2419 781 2472 ἐλθεῖν
809 2420 889 2482 είς
919 2419 986 2471 τὰ
1007 2418 1262 2487 ἐγκαίνια
1279 2418 1377 2489 τῆς
1401 2418 1628 2481 εἰκόνος,
1651 2413 1718 2488 ἦς
1747 2416 1942 2486 ἔστησε

368 2511 838 2583 Ναϐουχοδονόσορ
867 2512 896 2563 ὁ
936 2509 1208 2580 βασιλεύς.

435 2605 489 2659 3.
520 2605 632 2658 Kal.
663 2601 1006 2674 συνήχθησαν
1031 2603 1080 2654 οἱ
1112 2601 1408 2672 τοπάρχαι,
1447 2600 1664 2665 ὕπατοι,
1709 2616 1946 2671 στρατη-

367 2700 473 2770 γοὶ,
504 2698 820 2770 ἡγούμενοι,
851 2697 1104 2768 τύραννοι
1151 2695 1400 2766 μεγάλοι,
1457 2698 1504 2749 ot
1546 2696 1632 2749 ἐπ’
1661 2693 1942 2759 ἐξουσιῶν,

368 2793 460 2844 καὶ
489 2791 690 2852 πάντες
739 2791 788 2842 οἱ
820 2788 1078 2859 ἄρχοντες
1129 2788 1237 2841 τῶν
1273 2787 1488 2858 χωρῶν,
1521 2787 1613 2839 τοῦ
1663 2785 1835 2838 ἐλθεῖν
1867 2787 1948 2846 είς

371 2884 458 2938 τὸν
484 2880 837 2951 ἐγκαινισμὸν
863 2880 962 2951 τῆς
1009 2880 1236 2946 εἰκόνος,
1271 2874 1338 2950 ἧς
1376 2879 1570 2948 ἔστησε
1616 2877 1950 2948 Ναϐουχοδο-

370 2974 525 3042 νόσορ
547 2973 574 3024 6
609 2969 861 3042 βασιλεύς
879 2987 893 3000 ·
925 2970 1021 3023 καὶ
1053 2970 1400 3040 είστήκεισαν
1420 2968 1649 3022 ἐνώπιον
1678 2968 1785 3038 τῆς¹
1806 2968 1950 3021 εἰκό-

373 3084 479 3128 νος,
511 3060 578 3136 ἧς
609 3063 836 3129 ἔστησεν
865 3065 894 3116 6
927 3061 1417 3133 Ναϐουχοδονόσορ.

2038 1981 2158 2022 eam
2193 1966 2247 2020 in
2278 1978 2472 2032 campo
2504 1960 2661 2016 Deira
2690 1961 2743 2014 in
2769 1957 3048 2029 provincia
3081 1952 3398 2025 Babylonis.

2110 2057 2165 2112 2.
2211 2057 2274 2111 Et
2301 2055 2807 2110 Nabuchodonosor
2852 2065 2946 2104 rex
2983 2047 3132 2101 misit
3157 2045 3226 2099 ad
3276 2056 3616 2114 congregan-

2041 2151 2141 2207 dos
2162 2166 2354 2206 omnes
2385 2148 2663 2214 consules,
2707 2154 2760 2199 et
2793 2144 2979 2208 duces,
3025 2147 3080 2194 et
3127 2136 3442 2206 toparchas,
3475 2153 3614 2207 pra-.—

2042 2243 2239 2308 fectos,
2269 2251 2322 2298 et
2347 2251 2632 2313 tyrannos,
2682 2245 2736 2291 et
2769 2250 2884 2301 eos,
2943 2231 3036 2304 qui
3077 2241 3233 2288 erant
3286 2233 3340 2286 in
3383 2239 3620 2301 potesta-

2043 2336 2192 2390 tibus
2221 2333 2525 2397 constituti,
2579 2340 2633 2386 et
2667 2343 2858 2384 omnes
2909 2327 3182 2397 principes
3224 2326 3529 2395 regionum,
3563 2331 3622 2378 ut

2045 2421 2297 2482 venirent
2331 2426 2396 2480 ad
2431 2423 2828 2480 dedicationem
2859 2418 3138 2490 imaginis,
3173 2432 3335 2486 quam
3359 2425 3624 2471 statuerat

2047 2518 2552 2574 Nabuchodonosor
2589 2531 2704 2571 rex.

2117 2613 2171 2666 5.
2206 2611 2269 2665 Et
2301 2608 2616 2680 congregati
2649 2615 2776 2661 sunt
2824 2607 3118 2676 toparcbae,
3139 2601 3621 2666 consules,duces,

2048 2700 2312 2772 praafecti,
2346 2700 2560 2771 tyranni
2588 2699 2789 2769 magni,
2823 2700 2915 2768 qui
2943 2707 3102 2753 erant
3133 2698 3186 2752 in
3212 2705 3478 2767 potestate
3493 2709 3626 2748 eon—

2051 2794 2251 2856 stituti,
2278 2799 2333 2847 et
2354 2806 2545 2846 onmes
2571 2792 2844 2861 principes
2875 2791 3182 2861 regionum,
3219 2788 3624 2843 utvenirentad

2051 2885 2452 2940 dedicationem
2489 2883 2779 2953 imaginis,
2813 2898 2977 2952 quam
3025 2889 3290 2937 statuerat
3336 2879 3629 2934 Nabucho-

2050 2978 2292 3033 donosor
2326 2993 2418 3031 rex
2458 2993 2472 3028 :
2510 2984 2562 3050 et
2609 2983 2878 3030 steterunt
2921 2973 2976 3027 in
3016 2982 3310 3045 conspectu
3353 2972 3662 3044 imaginis.,

2053 3085 2215 3142 quam
2247 3077 2514 3124 statuerat
2540 3066 3070 3121 Nabuchodonosor.

439 3159 494 3212 4.
528 3158 636 3212 Καὶ
659 3160 687 3211 ὁ
711 3153 887 3227 κῆρυξ
919 3155 1048 3208 ἐϐόα
1074 3157 1131 3209 ἐν
1157 3154 1329 3225 ἰσχύϊ·
1347 3154 1510 3226 Ὑμῖν
1535 3153 1775 3222 λέγεται,
1797 3152 1946 3223 ἔθνη,

2123 3160 2176 3213 4.
2199 3158 2264 3212 Ει
2298 3173 2474 3228 praeco
2503 3158 2774 3212 clamabat
2803 3155 3017 3212 valide:
3055 3153 3222 3214 Vobis
3247 3153 3467 3220 dicitur,
3501 3169 3630 3224 gen-

374 3250 510 3312 λαοὶ,
541 3249 730 3318 φυλαὶ,
760 3248 1023 3315 γλῶσσαι.

437 3343 492 3398 5.
525 3336 604 3414 ’ῌ
637 3341 702 3395 ἂν
742 3339 1165 3412 ῶραάκούσητε
1205 3340 1389 3412 φωνῆς
1420 3339 1739 3408 σάλπιγγος,
1768 3339 1956 3410 σύριγ-

377 3431 470 3502 γός
503 3449 563 3486 τε
596 3432 694 3486 καὶ
739 3430 992 3504 κιθάρας,
1043 3430 1353 3502 σαμϐύκης,
1393 3432 1490 3486 καὶ
1511 3431 1834 3503 ψαλτηρίου,
1861 3431 1956 3484 καὶ

377 3523 714 3594 συμφωνίας,
759 3522 853 3574 καὶ
880 3520 1084 3585 παντὸς
1111 3521 1306 3589 γένους
1339 3523 1637 3590 μουσικῶν,
1666 3522 1957 3585 πίπτοντες

375 3615 729 3687 προσκυνεῖτε
781 3615 850 3683 τῇ
885 3611 1056 3666 είκὸνι
1080 3614 1148 3686 τῇ
1175 3615 1375 3685 χρυσῇ,
1399 3614 1466 3686 ἣν
1493 3613 1719 3686 ἔστησεν
1745 3614 1958 3668 Ναϐου-

376 3706 654 3780 χοδονόσορ
683 3705 711 3758 6
734 3703 1008 3775 βασιλεύς.

445 3794 498 3850 6.
543 3795 659 3848 Καὶ
702 3795 764 3858 ὂς
812 3796 909 3848 ἐὰν
952 3793 1028 3866 μὴ
1063 3793 1244 3848 πεσὼν
1299 3797 1678 3868 προσκυνήσῃ,
1714 3798 1853 3869 αὐτῇ
1888 3800 1954 3869 τῇ

377 3890 494 3961 ὥρᾳ
523 3886 854 3960 βληθήσεται
873 3889 954 3952 είς
981 3889 1079 3960 τὴν
1109 3888 1340 3960 κάμινον
1366 3890 1460 3944 τοῦ
1485 3891 1654 3963 πυρὸς
1683 3891 1782 3964 τὴν
1803 3909 1956 3945 καιο-

384 3982 570 4054 μένην.

450 4076 501 4129 7.
535 4075 646 4131 Καὶ
682 4073 899 4143 ἐγένετο
929 4075 1016 4128 ὅτε
1041 4074 1239 4146 ἤκουον
1275 4075 1325 4128 οἱ
1363 4075 1484 4129 λαοὶ
1509 4075 1610 4144 τῆς
1645 4077 1828 4146 φωνῆς
1860 4079 1960 4150 τῆς

381 4167 703 4237 σάλπιγγος,
738 4165 998 4236 σύριγγός
1024 4183 1082 4219 τε
1109 4169 1207 4220 καὶ
1251 4166 1507 4238 κιθάρας,
1533 4170 1843 4239 σαμϐύκης,
1864 4172 1959 4224 καὶ

378 4258 700 4331 ψαλτηρίου,
733 4258 828 4312 καὶ
856 4258 1198 4327 συμφωνίας,
1223 4259 1322 4312 καὶ
1357 4259 1559 4322 παντὸς
1603 4260 1795 4328 γένους
1828 4279 1961 4332 μου·

384 4350 568 4414 σικῶν,
594 4352 884 4413 πίπτοντες
905 4351 955 4402 οἱ
984 4349 1125 4416 λαοὶ,
1152 4351 1317 4419 φυλαὶ
1339 4391 1353 4415 ,
1387 4351 1649 4419 γλῶσσαι,
1693 4355 1962 4426 προσεκύ⁴

378 4460 503 4496 νουν
523 4443 589 4513 τῇ
618 4443 786 4500 εικόνι
817 4444 883 4513 τῇ
916 4445 1111 4513 χρυσῇ,
1141 4443 1208 4513 ἢν
1234 4441 1460 4513 ἔστησεν
1488 4444 1960 4520 Ναϐουχοδονόσορ

379 4537 410 4587 6
440 4534 714 4605 βασιλεὺς,
742 4534 1028 4588 κατέναντι
1053 4535 1262 4587 τούτου.

450 4632 504 4683 8.
535 4628 669 4681 Τότε
700 4626 1004 4698 προσῆλθον
1044 4628 1236 4699 ἄνδρες
1258 4628 1547 4698 Χαλδαῖοι,
1593 4630 1688 4685 καὶ
1717 4629 1962 4688 διέϐαλον

384 4719 505 4780 τοὺς
545 4717 847 4782 Ἰουδαίους.

453 4808 506 4863 9.
543 4811 656 4863 Καὶ
692 4809 1084 4880 ἀποκριθέντες
1130 4807 1282 4865 εἶπον
1325 4811 1407 4881 τῷ
1442 4812 1656 4883 βασιλεῖ
1691 4815 1966 4886 Ναϐουχο-

385 4897 626 4970 δονόσορ⁴
674 4899 924 4964 Βασιλεῦ,
963 4902 1040 4963 είς
1065 4901 1189 4963 τοὺς
1215 4900 1418 4964 αίῶνας
1432 4901 1578 4972 ζῆθι.

458 4989 545 5043 10.
562 4989 656 5054 Σὺ,
675 4988 919 5059 βασιλεῦ,
949 4989 1153 5058 εθηκας
1172 4989 1370 5059 δόγμα,
1393 4991 1572 5046 πάντα
1589 4993 1894 5068 ἄνθρωπον,
1909 4996 1968 5057 ὃς

390 5079 455 5132 ἂν
483 5079 692 5150 ἀκούσῃ
729 5081 830 5150 τῆς
872 5080 1056 5150 φωνῆς
1087 5083 1184 5151 τῆς
1238 5082 1558 5150 σάλπιγγος,
1594 5087 1854 5158 σύριγγός
1907 5107 1966 5144 τε

391 5171 484 5224 καὶ
509 5171 765 5243 κιθάρας,
803 5173 1092 5244 σαμϐύκης
1116 5190 1178 5226 τε
1220 5176 1317 5228 καλ.
1348 5175 1671 5247 ψαλτηρίου,
1705 5181 1800 5232 καὶ
1831 5198 1968 5252 συμ·

394 5261 616 5328 φωνίας,
661 5262 758 5314 καὶ
783 5261 986 5324 παντὸς
1017 5263 1208 5330 γένους
1237 5265 1534 5334 μουσικῶν,
1567 5270 1834 5333 πεσεῖται,
1874 5275 1968 5325 καὶ

394 5352 757 5422 προσκυνήσει
779 5354 842 5422 τῇ
877 5352 1048 5405 εικόνι
1076 5355 1141 5423 τῇ
1172 5356 1367 5424 χρυσῇ.

463 5444 548 5499 11.
580 5445 690 5499 Καὶ
727 5444 786 5508 ὃς
821 5445 915 5498 ἐὰν
959 5445 1043 5516 μὴ’
1059 5444 1241 5499 πεσὼν
1285 5448 1658 5522 προσκυνήσῃ,
1692 5449 1968 5524 ἐμϐληθή-

396 5550 543 5588 σεται
570 5537 650 5599 εἰς
675 5535 775 5608 τὴν
795 5536 1023 5606 κάμινον
1052 5537 1144 5591 τοῦ
1175 5537 1343 5609 πυρὸς
1369 5539 1468 5610 τὴν
1506 5541 1824 5614 καιομένην.

463 5625 548 5681 12.
584 5627 738 5684 Είσὶν
787 5624 878 5682 οὖν
931 5629 1121 5694 ἄνδρες
1154 5629 1419 5695 Ἰουδαῖοι,
1474 5629 1566 5693 οὓς
1628 5633 1972 5704 κατέστησας

395 5716 484 5769 ἐπὶ
514 5719 582 5770 τὰ
615 5718 758 5789 ἔργα
782 5719 880 5789 τῆς
904 5719 1087 5790 χώρας
1127 5719 1464 5787 Βαϐυλῶνος,
1501 5721 1725 5794 Σεδράχ,
1759 5724 1965 5795 Μισάχ,

406 5807 747 5880 Ἀϐδεναγιῖν
788 5813 835 5865 oi
891 5813 1084 5883 ἄνδρες
1131 5815 1327 5869 ἐκεῖνοι
1375 5814 1474 5885 οὐχ
1529 5815 1846 5888 ὑπήκουσαν
1890 5818 1968 5887 τῷ

2057 3261 2158 3317 tes,
2187 3249 2394 3321 populi,
2421 3249 2595 3303 tribus
2620 3256 2674 3302 et
2700 3248 2916 3318 linguae.

2125 3343 2178 3398 5.
2222 3322 2577 3410 Quacumque
2600 3339 2738 3393 hora
2795 3338 3083 3394 audieritis
3139 3353 3329 3393 vocem
3379 3337 3548 3404 tubae,
3581 3347 3635 3392 et

2055 3435 2253 3492 ﬁstula:
2280 3443 2333 3490 et
2365 3433 2612 3497 citharae,
2645 3430 2954 3496 sambuete,
3005 3439 3062 3486 et
3097 3431 3366 3501 psalterii,
3404 3439 3457 3484 et
3491 3443 3634 3500 sym-

2055 3530 2294 3602 phoniaa,
2331 3538 2384 3582 et
2426 3524 2608 3581 omnis
2663 3524 2879 3596 generis
2935 3525 3274 3580 musicorum
3307 3564 3320 3588 ,
3376 3523 3634 3578 cadentes

2055 3623 2283 3678 adorate
2314 3620 2607 3691 imaginem
2643 3633 2866 3674 auream
2890 3632 3054 3687 quam
3095 3617 3288 3672 statuit
3345 3615 3633 3675 Nabucho-

2057 3713 2299 3769 donosor
2329 3726 2445 3766 rex.

2128 3804 2182 3859 6.
2224 3803 2571 3874 Quicumque
2598 3814 2780 3859 autem
2809 3821 2915 3859 non
2949 3804 3149 3859 cadens
3180 3803 3511 3871 adoraverit,
3543 3821 3635 3862 ea-

2057 3895 2179 3953 dem
2211 3897 2347 3952 bora
2382 3896 2626 3950 mittetur
2650 3896 2702 3950 in
2727 3895 3000 3950 fornacem
3030 3895 3168 3965 ignis
3192 3896 3496 3952 ardentem.

2136 4080 2188 4134 7.
2231 4078 2297 4133 Et
2329 4078 2529 4133 factum
2561 4083 2666 4138 est,
2701 4074 2920 4146 quando
2974 4073 3272 4129 audiebant
3328 4077 3512 4146 populi
3546 4091 3640 4130 vo-

2059 4187 2178 4226 cem
2205 4171 2368 4232 tnbte,
2397 4178 2449 4223 et
2481 4168 2696 4229 fistulae.
2729 4176 2781 4222 et
2807 4167 3048 4230 citharae,
3083 4167 3378 4232 sambucae,
3409 4177 3461 4222 et
3493 4169 3638 4239 psal-

2063 4264 2206 4329 terii,
2246 4261 2692 4333 eLsymphonim,
2717 4270 2772 4313 et
2807 4259 2988 4314 omnis
3017 4259 3230 4327 generis
3277 4262 3636 4324 musicorum,

2062 4353 2316 4408 cadentes
2340 4351 2545 4423 p0puli,
2573 4351 2770 4414 tribus,
2799 4350 2995 4419 lingua:
3016 4349 3315 4404 adorabant
3347 4351 3637 4422 imaginem

2061 4461 2282 4502 auream
2317 4487 2332 4512 ,
2374 4460 2540 4515 quam
2595 4451 2862 4498 statuerat
2905 4442 3414 4498 Nabuchodonosor
3456 4461 3550 4498 rex
3589 4447 3638 4498 in

1992 4548 2036 4602 D
2067 4547 2358 4606 conspectu
2397 4538 2588 4608 ipsius.

2137 4630 2189 4684 8.
2234 4628 2389 4684 Tunc
2411 4636 2761 4686 accesserunt
2819 4626 2916 4682 viri
2957 4628 3215 4695 Chaldaei,
3273 4639 3322 4684 et
3355 4643 3644 4685 accusave-

2068 4731 2201 4778 runt
2227 4721 2466 4778 Judmos.

2139 4814 2195 4871 9.
2237 4814 2302 4872 Et
2333 4815 2724 4883 respondentes
2751 4813 3009 4868 dixerunt
3041 4814 3152 4885 regi
3206 4811 3643 4869 Nabuchodono-

2070 4923 2162 4962 sor
2184 4925 2196 4959 :
2217 4905 2354 4972 Rex,
2393 4905 2444 4958 in
2468 4907 2665 4966 saecula
2690 4906 2830 4960 vive.

2142 4998 2229 5053 10.
2254 4995 2360 5059 Τυ,
2393 5011 2512 5059 rex,
2545 4995 2778 5066 posuisti
2811 4995 3111 5060 decretum,
3153 5003 3213 5048 ut
3241 4995 3418 5050 omnis
3454 4995 3644 5055 homo.
3681 5012 3685 5017 ·

2071 5093 2404 5162 quicumque
2427 5088 2660 5144 audierit
2691 5102 2876 5142 vocem
2894 5087 3056 5151 lubze,
3078 5097 3131 5141 et
3157 5087 3368 5150 fistulae,
3384 5096 3436 5141 et
3467 5087 3647 5141 citha-

2073 5199 2165 5246 rae,
2199 5190 2253 5237 et
2281 5181 2578 5242 sambueaa,
2607 5188 2660 5233 et
2690 5177 2958 5248 psalterii,
2989 5185 3044 5231 et
3075 5178 3430 5247 symphonim,
3453 5185 3506 5231 et
3531 5191 3648 5231 om-

2074 5277 2160 5329 nis
2187 5273 2401 5344 generis
2424 5271 2785 5336 musicorum,
2815 5268 2999 5335 cadat,
3054 5277 3108 5322 et
3131 5269 3320 5323 adoret
3354 5268 3645 5338 imaginem

2073 5377 2322 5417 auream.

2147 5456 2234 5508 11.
2280 5453 2347 5508 Et
2377 5451 2710 5522 quicumque
2743 5466 2851 5505 non
2881 5450 3081 5504 cadens
3108 5450 3435 5514 adoraverit,
3464 5451 3644 5505 mitte-

2076 5556 2164 5600 tur
2195 5546 2248 5598 in
2276 5544 2550 5600 fornacem
2579 5541 2721 5611 ignis
2748 5542 3049 5596 ardentem.

2148 5638 2236 5691 12.
2282 5635 2422 5691 Sunt
2445 5636 2608 5706 igitur
2631 5635 2732 5688 viri
2765 5632 2959 5702 Judaei,
3005 5651 3145 5706 quos
3185 5637 3517 5692 constituisti
3558 5652 3651 5693 su-

2078 5747 2171 5801 per
2203 5745 2367 5800 opera
2419 5727 2656 5798 regionis
2715 5726 3026 5798 Babylonis,
3096 5728 3355 5793 Sexlraeh,
3419 5729 3648 5789 Misach.

2073 5822 2368 5890 Abdenago
2393 5840 2404 5876 ε
2443 5819 2543 5876 viri
2574 5819 2650 5876 illi
2683 5833 2787 5896 non
2809 5819 3137 5896 _obedierunt
3167 5821 3383 5879 decreto
3412 5832 3642 5888 tuo.rex,
