4122 6320
428 377 563 431 285i

1500 370 1753 423 DANIEL
1789 371 1866 423 JU
1882 369 2021 423 ΧΤᾹ
2050 369 2602 427 THEODOTIONEM

3526 371 3674 427 285')

421 506 477 547 ct
496 493 630 548 deos
656 500 779 547 tuos
804 505 908 545 non
931 489 1138 553 colunt,
1166 497 1221 543 et
1247 487 1537 558 imaginem
1565 500 1989 554 auream,quam

2090 484 2319 555 δόγματί
2348 504 2463 554 σου,
2498 486 2739 559 βασιλεῦ,
2771 488 2863 543 καὶ
2882 486 3154 551 τοῖςλθεοῖς
3175 502 3268 540 σου
3286 486 3348 539 οὑ
3378 485 3677 557 λατρεύου-

423 583 684 650 statuisti,
711 597 816 637 non
842 581 1090 636 adorant.

493 759 581 812 15.
642 755 797 812 Tunc
861 754 1366 809 Nabuchodonosor
1430 750 1482 804 in
1533 750 1717 804 furore
1795 757 1849 803 et
1910 747 1994 801 ira

424 848 582 915 dixit,
609 856 669 901 ut
696 847 1031 902 adducerent
1090 842 1361 906 Sedrach,
1400 840 1608 895 Misacb
1633 880 1649 906 ,
1707 848 1760 895 et
1814 839 1995 894 Abde-

427 955 567 1011 nago
600 959 613 994 :
644 949 699 994 et
728 939 827 993 viri
856 938 930 991 illi
967 935 1183 990 adducti
1209 943 1340 990 sunt
1366 934 1419 988 in
1443 943 1733 1003 conspectu
1764 932 1928 1001 regis.

498 1031 584 1086 H.
630 1031 695 1085 Et
720 1028 999 1098 respondit
1038 1024 1561 1090 Nabuchodonosor,
1610 1032 1665 1078 et
1705 1023 1841 1078 dixit
1877 1021 1993 1079 eis:

423 1126 505 1179 An
540 1138 667 1180 vere
700 1122 961 1184 Sedrach,
994 1118 1227 1185 Misach,
1266 1125 1321 1172 et
1346 1116 1643 1186 Abdenago
1679 1115 1812 1170 deos
1841 1129 1994 1169 meos

423 1233 530 1270 non
562 1215 741 1269 colitis
762 1252 778 1277 ,
809 1222 862 1268 et
890 1212 1180 1282 imaginem
1203 1224 1447 1274 auream,
1474 1224 1637 1279 quam
1666 1207 1855 1274 statui,
1885 1220 1994 1262 non

420 1302 697 1359 adoratis?

493 1394 581 1449 15.
619 1392 778 1447 Nunc
803 1407 933 1462 ergo
965 1391 1009 1445 si
1039 1390 1171 1445 estis
1200 1389 1395 1459 parati,
1436 1397 1496 1443 ut
1538 1388 1595 1443 in
1648 1400 1994 1458 quocumque

422 1497 666 1555 tempore
703 1483 988 1539 audieritis
1014 1497 1201 1537 vocem
1239 1482 1402 1546 tubae,
1454 1490 1508 1536 et
1547 1480 1739 1536 ﬁstula:
1764 1520 1779 1546 ,
1833 1489 1880 1533 et
1916 1479 1995 1532 ci-

421 1579 629 1642 tharaa,
670 1575 977 1638 sambucaa,
1018 1582 1072 1628 et
1100 1572 1339 1645 psalterii
1367 1612 1381 1637 ,
1418 1578 1472 1625 et
1514 1570 1852 1641 symphoniae
1877 1608 1892 1633 ,
1940 1576 1995 1623 et

418 1668 603 1721 omnis
630 1666 846 1735 generis
882 1664 1241 1728 musicorum,
1276 1660 1532 1716 cadentes
1580 1659 1819 1714 adoretis
1849 1657 1991 1711 ima-

422 1758 626 1825 ginem,
651 1771 815 1824 quam
866 1753 970 1809 feci
1017 1768 1031 1805 :
1070 1751 1215 1823 quod
1250 1751 1297 1806 si
1334 1766 1443 1805 non
1483 1747 1864 1811 adoraveritis,
1899 1761 1989 1800 eao

419 1823 544 1904 dem
575 1823 707 1902 hora
732 1846 1021 1900 mittemini
1071 1847 1126 1899 in
1179 1843 1462 1899 fornacem
1499 1841 1639 1910 ignis
1669 1838 1987 1894 ardentem:
2024 1823 2066 1879 Β

418 1949 474 1995 et
508 1940 636 2010 quis
658 1947 743 1994 est
765 1937 927 2003 Deus,
968 1936 1061 2006 qui
1094 1934 1289 2005 eripiet
1308 1948 1406 1989 vos
1442 1932 1510 1988 de
1539 1932 1793 1989 manibus
1814 1927 1992 1984 meis?

490 2119 578 2175 16.
624 2118 690 2173 Et
727 2115 1127 2187 responderunt
1154 2113 1425 2179 Sedrach,
1459 2112 1684 2176 Ilisach,
1723 2122 1775 2168 et
1808 2110 1989 2166 Abde-

420 2221 582 2276 nago,
611 2213 667 2260 et
696 2204 953 2259 dixerunt
980 2201 1487 2258 Nabuchodonosor
1513 2203 1625 2272 regi
1662 2222 1678 2256 :
1712 2199 1829 2257 Non
1853 2217 1991 2271 opus

421 2298 683 2353 habemus
710 2311 813 2352 nos
839 2294 908 2350 de
938 2295 1103 2350 verbo
1129 2293 1232 2349 hoc
1260 2294 1589 2363 respondere
1621 2293 1742 2348 tibi.

490 2482 579 2536 17.
620 2479 717 2535 Est
742 2480 887 2535 enim
940 2477 1083 2534 Deus
1122 2486 1308 2535 noster
1362 2478 1419 2533 in
1470 2478 1641 2540 coelo.
1694 2492 1856 2548 quem
1890 2492 1992 2532 nos

418 2573 673 2638 colimus,
724 2581 920 2642 potens
976 2571 1187 2641 eripere
1220 2586 1320 2625 nos
1367 2570 1435 2625 de
1471 2568 1694 2625 fornace
1728 2569 1868 2639 ignis
1901 2585 1991 2623 ar-

418 2668 600 2730 dente,
629 2674 684 2720 et
710 2664 777 2721 de
816 2664 1072 2719 manibus
1098 2663 1231 2730 tuis,
1265 2676 1299 2717 ο
1325 2677 1442 2728 rex,
1473 2661 1729 2717 liberabit
1761 2675 1882 2717 nos.

489 2846 577 2901 18.
618 2845 687 2901 Et
713 2845 761 2902 si
788 2860 919 2913 non,
947 2854 1137 2901 notum
1176 2844 1247 2900 sit
1277 2844 1397 2910 tibi,
1428 2859 1461 2899 o
1504 2860 1634 2909 rex,
1684 2842 1813 2914 quia
1863 2844 1993 2898 deos

418 2951 545 2994 tuos
584 2953 693 2992 non
726 2936 981 3002 colimus,
1014 2945 1069 2992 et
1106 2935 1399 3007 imaginem
1428 2951 1673 3001 auream,
1702 2950 1864 3006 quam
1884 2945 1995 2990 sta-

419 3030 591 3097 tuisti,
628 3044 737 3085 non
762 3029 1074 3085 adoramus.

2097 594 2170 643 σι,
2203 579 2299 632 καὶ
2334 582 2402 651 τῇ
2433 579 2601 633 εικόνι
2644 582 2711 651 τῇ
2748 582 2921 651 χρυσῇ
3030 580 3286 651 ἐστησας,
3337 578 3398 630 οὐ
3429 594 3675 648 προσκυι⁸

2096 683 2266 723 νουσι.

2166 760 2254 816 15.
2295 760 2429 815 Τότε
2461 761 2928 833 Ναϐουχοδονόσορ
2954 763 3011 816 ἐν
3039 762 3195 834 θυμῷ
3216 762 3310 816 καὶ
3353 760 3491 833 ὀργῇ
3522 755 3679 814 εἴπεν

2095 851 2325 920 ἀγαγεῖν
2348 853 2440 905 τὸν
2464 853 2696 924 Σεδρὰχ,
2726 854 2944 924 Μισάχ,
2977 853 3075 908 καὶ
3110 852 3421 921 Ἀϐδεναγώ
3439 870 3454 886 ο
3498 852 3597 907 καὶ
3626 854 3676 905 oi

2095 943 2284 1015 ἄνδρες
2314 944 2511 998 ἐκεῖνοι
2538 944 2785 1016 ήχθησαν
2809 944 3038 999 ἐνώπιον
3067 944 3160 997 τοῦ
3196 944 3481 1016 βασιλέως.

2165 1031 2253 1085 14.
2287 1034 2396 1086 Καὶ
2418 1033 2689 1105 ἀπεκρίθη
2728 1034 3228 1105 Ναϐουχοδονόσορ,
3270 1036 3366 1088 καὶ
3392 1030 3545 1088 εἶπεν
3578 1038 3679 1091 αὑ-

2093 1123 2206 1187 τοῖς
2226 1139 2241 1153 ⁶
2269 1122 2332 1176 Ei
2353 1124 2570 1195 άληθῶς
2598 1124 2825 1197 Σεδρὰχ,
2857 1124 3063 1194 Μισὰχ,
3090 1126 3185 1177 καὶ
3238 1124 3542 1193 Ἀϐδεναγὼ
3560 1128 3674 1191 τοῖς

2096 1215 2239 1279 θεοῖς
2277 1233 2378 1287 μου
2413 1218 2473 1269 οὐ
2510 1217 2823 1289 λατρεύετε,
2858 1219 2955 1271 καὶ
2996 1220 3063 1288 τῇ
3106 1218 3273 1271 είκόνι
3305 1220 3372 1288 τῇ
3402 1222 3595 1290 χρυσῇ,

2098 1304 2322 1377 ἔστησα,
2353 1308 2415 1361 οὐ
2451 1312 2809 1379 προσκυνεῖτε
2830 1327 2845 1375 ;

2167 1396 2257 1450 15.
2287 1396 2402 1451 Νῦν
2426 1394 2519 1452 οὖν
2547 1401 2595 1452 εί
2629 1399 2778 1470 ἔχετε
2812 1401 3063 1471 ἑτοίμως,
3093 1401 3181 1456 ἵνα
3208 1400 3282 1466 ὡς
3313 1401 3381 1456 ἂν
3404 1401 3675 1473 ἀκούσητε

2094 1490 2195 1559 τῆς
2221 1489 2404 1560 φωνῆς
2423 1490 2523 1560 τῆς
2549 1490 2869 1560 σάλπιγγος,
2896 1490 3153 1562 σῦριγγός
3196 1509 3257 1545 τε
3289 1494 3387 1547 καὶ
3420 1494 3673 1562 κιθάρας,

2096 1578 2393 1650 σαμὸύκης
2440 1598 2502 1633 τε
2530 1583 2627 1635 καὶ
2654 1581 2953 1655 ψαλτηρίου
2982 1623 2997 1649 ,
3051 1584 3144 1638 καὶ
3192 1584 3528 1654 συμφωνίας,
3579 1586 3676 1637 καὶ

2095 1671 2294 1735 παντὸς
2339 1672 2532 1740 γένους
2574 1675 2870 1744 μουσικῶν,
2923 1675 3181 1739 πεσόντες
3218 1679 3572 1747 προσκυνεῖτε
3605 1680 3674 1748 τῇ

2094 1763 2285 1828 είκόνι,
2375 1764 2637 1835 ἐποίησα·
2680 1766 2773 1821 ἐὰν
2809 1766 2866 1819 δὲ
2903 1767 2980 1839 μή
3007 1770 3421 1839 προσκυνήσητε
3441 1810 3457 1835 ,
3502 1769 3673 1841 ταύτῃ

2092 1858 2159 1926 τῇ
2181 1854 2301 1927 ὥρᾳ
2327 1856 2740 1929 ἐμϐληθήσεσθε
2769 1859 2849 1923 είς
2870 1858 2968 1930 τὴν
2994 1860 3224 1929 κάμινον
3252 1860 3346 1914 τοῦ
3383 1863 3553 1933 πυρὸς
3572 1862 3674 1934 τὴν

2092 1947 2393 2018 καιομένην
2413 1963 2427 1977 ο
2475 1950 2570 2003 καὶ
2592 1949 2677 2011 τίς
2704 1951 2821 2003 ἐστι
2864 1950 3016 2016 Θεὸς,
3056 1950 3115 2015 ὃς
3150 1950 3406 2016 ἐξελεῖται
3432 1954 3575 2023 ὑμᾶς
3607 1953 3673 2007 ἐκ

2094 2038 2201 2092 τῶν
2228 2040 2425 2109 χειρῶν
2456 2058 2556 2111 μου
2572 2058 2587 2104 ;

2166 2128 2252 2183 16.
2287 2131 2398 2184 Καὶ
2422 2133 2798 2205 ἀπεκρίθησαν
2836 2133 3063 2204 Σεδρᾶχ,
3099 2134 3285 2206 Μισάχ
3308 2174 3323 2198 ,
3355 2136 3451 2189 καὶ
3492 2136 3673 2190 Ἀϐδε-

2092 2218 2264 2288 ναγὼ,
2316 2221 2411 2274 καὶ
2448 2216 2601 2275 εἷπον
2644 2222 2722 2293 τῷ
2784 2223 2994 2292 βασιλεῖ
3049 2225 3519 2297 Ναϐουχοδονόσορ
3543 2243 3556 2257 ·
3592 2230 3668 2281 Οὐ

2093 2311 2282 2381 χρείαν
2323 2311 2518 2394 ἔχομεν
2560 2314 2718 2385 ἡμεῖς
2749 2314 2999 2386 περὶτοῦ
3028 2317 3271 2387 ῥήματος
3302 2318 3495 2372 τούτου
3537 2321 3672 2375 ἀποο

2094 2399 2349 2472 κριθῆναί
2381 2419 2483 2457 σοι.

2166 2492 2254 2547 17.
2291 2494 2447 2547 ’Ἐστι
2475 2493 2585 2565 γὰρ
2625 2497 2653 2548 ὁ
2680 2496 2811 2560 Θεὸς
2862 2497 3020 2568 ήμῶν
3054 2498 3113 2553 ἐν
3154 2498 3387 2571 οὐρανῷ,
3416 2494 3461 2569 ᾦ
3508 2504 3670 2573 ἡμεῖς

2094 2582 2449 2655 λατρεύομεν,
2472 2586 2693 2650 δυνατὸς
2720 2586 2998 2651 ἐξελέσθαι
3024 2590 3171 2659 ήμᾶς
3202 2592 3267 2643 ἐκ
3306 2592 3403 2663 τῆς
3434 2593 3669 2663 καμίνου

2093 2673 2189 2727 τοῦ
2219 2675 2389 2746 πυρὸς
2423 2677 2521 2746 τῆς
2551 2677 2870 2747 καιομένης,
2919 2679 3015 2732 καὶ
3054 2681 3118 2732 ἐκ
3147 2680 3254 2734 τῶν
3301 2683 3498 2754 χειρῶν
3550 2700 3667 2750 σου,

2097 2764 2343 2835 βασιλεῦ,
2379 2766 2601 2836 ῥύσεται
2639 2770 2805 2839 ἡμᾶς.

2166 2856 2253 2912 18.
2299 2858 2410 2911 Καὶ
2440 2858 2532 2912 ἐὰν
2561 2859 2657 2931 μὴ,
2684 2860 2925 2929 γνωστὸν
2973 2861 3112 2916 ἔστω
3162 2881 3263 2929 σοι,
3310 2865 3550 2936 βασιλεῦ,
3584 2869 3667 2922 ὅτι

2094 2949 2207 3010 τοῖς
2234 2947 2376 3011 θεοῖς
2406 2966 2498 3003 σου
2528 2950 2589 3003 οὐ
2622 2950 2974 3022 λατρεύομεν,
3013 2954 3109 3007 καὶ
3148 2957 3213 3026 τῇ
3240 2956 3407 3011 είκόνι
3434 2960 3499 3029 τῇ
3531 2972 3667 3030 χρυ-

2096 3037 2187 3105 σῇ,
2222 3036 2288 3105 ἢν
2318 3035 2575 3108 ἕστησας,
2607 3038 2666 3091 οὐ
2708 3040 3144 3111 προσκυνοῦμεν.

488 3126 576 3181 19.
618 3124 774 3179 Tunc
802 3122 1301 3179 Nabuchodonosor
1330 3122 1570 3191 repletus
1604 3129 1684 3175 est
1714 3119 1914 3185 furore,
1938 3128 1991 3175 et

2166 3128 2252 3182 19.
2290 3128 2424 3181 Τότε
2468 3130 2935 3203 Ναϐουχοδονόσορ
2984 3132 3229 3204 ἐπλήσθη
3257 3133 3449 3204 θυμοῦ,
3502 3134 3598 3188 καὶ
3632 3137 3668 3207 ή

413 3225 667 3288 aspectus
692 3215 849 3271 [aciei
882 3215 1027 3271 illius
1066 3215 1387 3270 immutatus
1420 3224 1503 3269 est
1534 3228 1697 3283 super
1724 3210 1985 3276 Sedrach,

414 3310 640 3377 Misach,
666 3309 992 3379 Abdenago,
1018 3316 1073 3363 et
1105 3307 1244 3362 dixit
1285 3323 1300 3362 :
1337 3304 1661 3362 Suecendite
1710 3303 1987 3359 fornacem

413 3403 746 3473 scptuplum,
779 3402 952 3457 donec
983 3402 1036 3455 in
1072 3401 1236 3455 linem
1277 3399 1490 3453 ardeat.

481 3494 572 3547 20.
618 3492 683 3547 Et
712 3493 845 3546 viris
876 3491 1118 3546 robustis
1142 3489 1458 3544 fortitudine
1481 3486 1639 3551 dixit,
1670 3495 1730 3541 ut
1756 3486 1987 3556 ligantes
2054 3526 2058 3531 ι

414 3584 675 3649 Sedracb,
707 3582 935 3643 Misach,
971 3589 1025 3635 et
1055 3580 1369 3648 Abdenago,
1415 3577 1692 3633 mitterent
1717 3579 1772 3631 in
1798 3578 1986 3632 forna-

412 3692 530 3730 cem
562 3674 703 3744 ignis
742 3673 1047 3726 ardentem.

483 3759 573 3813 2|.
616 3758 771 3812 Tunc
799 3757 876 3811 illi
902 3757 1005 3810 viri
1042 3757 1204 3814 vincti
1232 3768 1508 3815 suntcum
1542 3757 1818 3815 sarabaris
1847 3758 1982 3821 suis.

409 3860 465 3906 et
492 3850 666 3916 tiaris,
706 3858 761 3904 et
790 3849 1087 3916 tibialibus,
1118 3860 1173 3905 et
1197 3851 1535 3907 vestimentis
1562 3851 1679 3907 suis
1701 3891 1716 3919 ,
1748 3860 1803 3907 et
1830 3850 1985 3907 missi

410 3940 608 3998 suntin
631 3939 869 3996 medium
892 3941 1132 3998 fornacis
1161 3942 1301 4015 ignis
1331 3943 1592 3999 ardentis.

476 4134 569 4189 22.
609 4131 743 4187 Nam
773 4129 1000 4186 verbum
1032 4130 1175 4200 regis
1225 4130 1450 4200 urgebat
1490 4145 1504 4184 :
1544 4138 1597 4185 et
1636 4128 1829 4187 fornax
1856 4146 1980 4189 suc-

409 4240 573 4281 censa
602 4232 722 4277 erat
757 4223 937 4278 nimis.
967 4219 1032 4276 Et
1064 4222 1209 4276 viros
1256 4222 1401 4284 illos,
1456 4221 1550 4291 qui
1586 4234 1982 4278 accusaverant

409 4314 673 4377 Sedrach,
702 4313 927 4376 Misach.
950 4323 1003 4369 et
1026 4312 1338 4382 Abdcnago,
1365 4311 1635 4368 interfecit
1652 4329 1744 4369 eos
1760 4313 1976 4371 llannna

408 4406 549 4481 ignis
574 4406 629 4461 in
661 4404 911 4462 circuitu.

470 4590 562 4645 23.
602 4588 669 4644 Et
698 4588 797 4643 viri
827 4587 902 4642 illi
946 4598 1056 4641 tres
1111 4585 1351 4641 Sedrach
1377 4629 1391 4652 ,
1429 4586 1657 4653 Misach,
1694 4596 1748 4642 et
1795 4586 1977 4643 Abde~

405 4698 545 4753 uago
598 4681 915 4737 ceciderunt
968 4679 1023 4732 in
1078 4677 1258 4732 medio
1299 4677 1516 4732 camino
1563 4677 1705 4749 ignis
1748 4679 1975 4735 ardente

398 4773 754 4843 compedibus
782 4772 969 4826 vincti.

468 4864 559 4917 Ἡ.
605 4864 664 4917 Et
698 4861 1048 4916 ambulabant
1083 4858 1134 4912 in
1170 4858 1346 4914 medio
1378 4857 1609 4913 ﬂamma:
1634 4902 1649 4926 ,
1686 4859 1972 4917 laudantes

400 4957 595 5021 Deum,
630 4965 683 5009 et
712 4955 1093 5009 benediccntes
1130 4952 1441 5007 Dominum.
1668 4950 1669 4955 “

465 5050 557 5103 23.
602 5050 763 5103 Stans
796 5031 976 5102 autem
1013 5062 1136 5102 cum
1193 5045 1299 5099 illis
1346 5045 1591 5107 Azarias,
1648 5044 1824 5099 oravit
1852 5046 1969 5104 sic:

395 5152 448 5195 et
480 5142 729 5211 aperiens
755 5155 817 5194 os
842 5154 1004 5194 suum
1036 5139 1088 5193 iu
1116 5137 1297 5192 medio
1332 5135 1493 5208 ignis,
1536 5136 1671 5190 dixit
1707 5155 1721 5189 :

463 5325 553 5379 26.
597 5323 917 5379 Benedictus
952 5338 1030 5387 cs,
1068 5306 1469 5378 DomineDcus
1499 5330 1713 5390 patrum
1752 5331 1969 5375 nostro-

396 5434 536 5485 rum,
598 5430 651 5473 et
684 5416 974 5483 laudabile,
1009 5424 1062 5471 et
1120 5415 1414 5485 gloriosum
1466 5427 1660 5467 nomen
1712 5421 1862 5467 tuum
1912 5412 1965 5466 in

396 5508 616 5563 sarcula.

460 5597 548 5648 27.
590 5595 730 5661 Quia
758 5595 940 5664 justus
964 5609 1024 5650 es
1049 5595 1101 5649 in
1128 5596 1403 5659 omnibus,
1432 5612 1553 5665 qua:
1577 5596 1751 5650 hrcisti
1782 5595 1961 5661 nobis,

392 5697 443 5741 ct
477 5688 726 5741 universa
766 5700 929 5751 Opera
966 5695 1055 5739 tua
1116 5701 1265 5754 vera,
1304 5697 1357 5742 et
1386 5696 1547 5743 recta:
1602 5689 1698 5742 via:
1729 5696 1834 5743 tua:
1858 5726 1872 5753 ,
1910 5694 1965 5742 et

392 5778 575 5835 munia
608 5774 811 5841 iudicia
844 5784 933 5829 tua
965 5790 1130 5855 vera.‘

2091 3219 2213 3289 δψις
2242 3218 2335 3271 τοῦ
2360 3218 2651 3291 προσώπου
2679 3222 2844 3275 αὑτοῦ
2874 3222 3141 3293 ἠλλοιώθη
3181 3225 3274 3278 ἐπὶ
3303 3225 3529 3300 Σεδράχ,
3558 3231 3668 3283 Μι-

2092 3308 2215 3378 σὰχ,
2246 3308 2572 3379 Ἀϐδεναγὼ,
2602 3311 2698 3364 καὶ
2724 3306 2877 3365 εἶπεν
2896 3329 2911 3342 θ
2943 3313 3279 3370 Ἐκκαῦσατε
3302 3318 3401 3389 τὴν
3434 3322 3665 3391 κάμινον

2090 3398 2498 3467 ἐπταπλασίως,
2533 3401 2637 3465 ἐως
2659 3403 2739 3466 είς
2764 3404 2917 3467 τέλος
2946 3405 3137 3477 ἐκκαῇ.

2158 3491 2249 3546 20.
2287 3493 2398 3546 Καὶ
2428 3493 2628 3565 ἄνδρας
2651 3496 2903 3567 ίσχυροὺς
2924 3500 2989 3569 τῇ
3023 3499 3167 3569 ίσχῦῖ
3198 3496 3370 3567 εἶπεν,
3400 3506 3665 3579 πεδήσανο

2087 3598 2186 3644 τας
2219 3583 2310 3635 τὸν
2338 3583 2560 3655 Σεδρὰχ,
2589 3586 2794 3656 Μισάχ,
2824 3589 2921 3641 καὶ
2958 3589 3280 3660 Ἀὅδεναγὼ,
3305 3594 3561 3664 ἐμϐαλεῖν
3582 3602 3664 3665 είς

2089 3671 2188 3743 τὴν
2215 3672 2445 3743 κάμινον
2473 3673 2567 3727 τοῦ
2602 3676 2772 3747 πυρὸς
2803 3677 2900 3747 τήν
2934 3680 3251 3752 καιομένην.

2156 3766 2246 3819 21.
2279 3766 2414 3820 Τότε
2438 3769 2505 3837 ὀί
2538 3768 2729 3841 ἄνδρες
2785 3773 2980 3826 ἐκεῖνοι
3032 3775 3373 3849 ἐπεδήθησαν
3422 3783 3518 3835 σὺν
3545 3786 3660 3849 τοῖς

2088 3856 2420 3929 σαραδάροις
2458 3860 2639 3914 αὐτῶν
2664 3900 2680 3926 ,
2736 3864 2833 3917 καὶ
2860 3865 3095 3937 τιάραις,
3141 3869 3236 3922 καὶ
3262 3874 3618 3944 περικνημίσι
3640 3918 3659 3943 ,

2087 3948 2184 3999 καὶ
2212 3950 2324 4011 τοῖς
2346 3948 2637 4020 ἐνδύμασιν
2674 3951 2874 4019 αὐτῶν,
2903 3957 3000 4009 καὶ
3029 3957 3334 4030 ἐϐλήθησαν
3380 3965 3459 4027 εἰς
3493 3966 3659 4035 μέσον

2084 4039 2186 4109 τῆς
2221 4041 2450 4111 καμίνου
2472 4042 2565 4095 τοῦ
2591 4045 2760 4117 πυρὸς
2786 4046 2884 4116 τῆς
2905 4051 3221 4121 καιομένης.

2152 4129 2243 4184 22.
2295 4132 2450 4186 Ἐπεὶ
2479 4133 2539 4186 τὸ
2568 4138 2719 4206 ῥῆμα
2766 4136 2861 4191 τοῦ
2906 4138 3171 4209 βασιλέως
3200 4144 3525 4217 ὑπερίσχυε·
3561 4151 3658 4205 καὶ

2082 4221 2115 4291 ή
2146 4222 2377 4292 κάμινος
2423 4224 2692 4297 ἐξεκαύθη
2738 4228 2802 4281 ἐκ
2836 4230 3128 4300 περισσοῦ*
3179 4235 3424 4301 καὶτοὺς
3454 4226 3653 4312 ἄνδρας

2081 4314 2320 4379 ἐκείνους
2367 4317 2492 4381 τοὺς
2541 4317 2983 4387 ἐνδιαϐάλλοντας
3032 4324 3124 4378 τὸν
3177 4327 3402 4399 Σεδρὰχ,
3444 4333 3648 4404 Μισάχ,

2080 4408 2175 4461 καὶ
2207 4408 2510 4479 Ἀὅδεναγὼ
2542 4410 2858 4467 ἀπέκτεινεν
2882 4414 3079 4479 αὐτοὺς
3102 4418 3136 4487 ή
3174 4418 3305 4487 φλὸξ
3340 4420 3433 4474 τοῦ
3478 4423 3648 4495 πυρὸς

2006 4482 2052 4539 Ῑ)
2082 4498 2359 4554 κύκλοθεν.

2146 4589 2239 4645 23.
2276 4592 2387 4643 Καὶ
2416 4592 2464 4644 οί
2498 4592 2688 4664 ἄνδρες
2711 4594 2906 4651 ἐκεῖνοι
2930 4599 2979 4651 οἱ
3012 4600 3159 4669 τρεῖς
3192 4602 3417 4674 Σεδράχ.
3440 4606 3649 4679 Μισὰχ,

2075 4684 2171 4736 καλ⁴
2226 4682 2531 4753 Ἀὁδεναγὼ
2581 4684 2774 4739 ἔπεσον
2812 4689 2891 4751 είς
2936 4691 3100 4760 μέσον
3147 4696 3247 4765 τῆς
3281 4696 3515 4766 καμίνου
3554 4698 3647 4751 τοῦ

2075 4773 2249 4845 πυρὸς
2281 4773 2381 4844 τῆς
2414 4776 2709 4847 καιομένης
2732 4780 3118 4851 πεπεδημένοι.

2144 4865 2235 4920 24.
2270 4867 2379 4919 Ka‘t
2400 4868 2766 4938 περιεπάτουν
2795 4872 2851 4924 ἐν
2876 4872 3025 4943 μέσῳ
3055 4873 3154 4945 τῆς
3175 4874 3389 4945 φλογὸς,
3423 4879 3651 4949 ὑμνοῦν.

2074 4975 2164 5023 τες
2193 4957 2284 5011 τὸν
2308 4958 2460 5025 Θεὸν,
2483 4960 2577 5014 καὶ
2605 4959 2954 5031 εὐλογοῦντες
2984 4965 3076 5020 τὸν
3104 4967 3328 5039 Κύριον.

2144 5050 2233 5104 25.
2287 5051 2396 5104 Καὶ
2430 5051 2629 5115 συστὰς
2674 5053 2856 5118 αὐτοῖς
2893 5056 3148 5128 Ἀζαρίας
3177 5059 3521 5131 προσηύξατο
3564 5059 3652 5114 οὔ·

2071 5156 2208 5203 τως·
2245 5140 2339 5192 καὶ
2381 5140 2595 5207 ἀνοίξας
2632 5143 2692 5195 τὸ
2741 5143 2915 5214 στόμα
2953 5145 3114 5199 αὐτοῦ
3144 5147 3202 5201 ἐν
3234 5149 3384 5219 μέσῳ
3412 5149 3507 5203 τοῦ
3547 5169 3649 5203 πυ-

2075 5231 2187 5302 ρὸς,
2220 5226 2374 5286 εἶπεν
2405 5250 2419 5286 :

2142 5320 2233 5375 26.
2260 5316 2644 5392 Εὑλογητὸςεεῖ,
2668 5323 2861 5395 Κύριε,
2875 5325 2903 5377 ὁ
2918 5324 3049 5389 Θεὸς
3063 5327 3170 5381 τῶν
3190 5328 3441 5399 πατέρων
3464 5329 3642 5401 ήμῶν,

2070 5410 2166 5463 καὶ
2194 5409 2422 5477 αίνετὸν,
2452 5413 2546 5465 καὶ
2574 5412 2956 5485 δεδοξασμένον
2992 5415 3053 5468 τὸ
3084 5416 3255 5488 ὄνομά
3284 5435 3377 5472 σου
3418 5421 3496 5483 είς
3519 5421 3647 5486 τοὺς

2068 5502 2287 5567 αἰῶνας.

2136 5595 2226 5650 27.
2264 5597 2382 5650 Ὀτι
2427 5596 2632 5661 δίκαιος
2680 5596 2731 5651 εϊ
2761 5598 2850 5652 ἐπὶ
2878 5601 3042 5653 πᾶσιν
3067 5597 3151 5664 οἷς
3192 5602 3457 5673 ἐποίησας
3488 5604 3644 5673 ἡμῖν,

2068 5684 2161 5737 καὶ
2188 5684 2362 5739 πάντα
2383 5685 2453 5738 τὰ
2478 5686 2615 5757 ἔργα
2646 5703 2739 5739 σου
2764 5687 2992 5759 ἀληθινὰ
3018 5728 3033 5753 ,
3080 5692 3178 5743 καὶ
3210 5690 3416 5749 εὐθεῖαι
3450 5693 3508 5747 ai
3536 5692 3645 5747 ὁδοί

2036 5776 2295 5867 ’σου,καὶ
2320 5777 2489 5831 πᾶσαι
2524 5779 2576 5831 αἱ
2608 5778 2819 5850 κρίσεις
2858 5796 2949 5836 σου
2981 5780 3249 5854 ἀληθιναί.
