4122 6320
332 411 478 469 9855

1771 407 2000 467 CAPUT
2042 408 2128 466 III.

3445 371 3587 468 asas

400 523 492 580 28.
528 521 640 576 Kal
671 518 915 592 κρίματα
954 516 1209 591 ἀληθείας
1242 517 1505 590 ἐποίησας
1538 517 1680 574 κάτὰ
1708 525 1908 587 πάντα,

2083 523 2173 578 28.
2218 521 2284 578 Et
2309 522 2518 595 judicia
2539 521 2789 579 veritatis
2810 521 2988 578 fecisti
3030 522 3186 593 juxta
3230 524 3434 588 omnia,
3467 539 3588 596 quae

336 617 372 672 ὃ.
399 615 680 684 ἐπήγαγες
710 612 862 683 ἡμῖν,
895 611 991 664 καὶ
1013 610 1106 663 ἐπὶ
1131 609 1231 681 τὴν
1281 610 1436 664 πόλιν
1464 610 1562 682 τὴν
1608 611 1770 680 ἁγίαν
1811 611 1911 682 τὴν

339 706 442 761 τῶν
477 703 730 774 πατέρων
758 700 916 772 ἡμῶν
971 700 1348 772 Ἰερουσαλήμ.
1391 700 1514 753 ’Ότι
1565 701 1624 753 ἐν
1683 699 1913 772 ἀληθείᾳ

340 799 430 853 καὶ
463 795 644 868 κρίσει
671 795 949 865 ἐπήγαγες
978 793 1155 847 πάντα
1179 792 1353 846 ταῦτα
1385 793 1470 862 ἐφ’
1506 793 1653 863 ἡμᾶς
1693 793 1781 847 διὰ
1814 800 1913 856 τὰς

339 888 612 961 ἁμαρτίας
649 883 828 957 ἡμῶν.

403 981 491 1036 29.
523 982 647 1034 Ὅτι
675 979 1018 1051 ἡμάρτομεν,
1047 978 1142 1032 καὶ
1171 977 1530 1049 ὴνομήσαμεν
1576 977 1912 1042 ἀποστάντες

339 1075 442 1130 ἀπὸ
472 1074 590 1139 σοὺ,
615 1073 714 1126 καὶ
747 1070 1129 1143 ἐξημάρτομεν
1154 1071 1213 1123 ἐν
1243 1071 1399 1124 πᾶσι.

402 1168 492 1222 50.
529 1164 642 1219 Kal
672 1163 782 1216 τῶν
829 1162 1062 1216 ἐντολῶν
1109 1177 1203 1215 σου
1253 1161 1355 1214 οὐκ
1384 1162 1741 1232 ξηκούσαμεν,
1791 1161 1914 1214 οὐδὲ

340 1257 683 1328 ἐφυλάξαμεν
723 1254 915 1320 αὐτὰς,
936 1253 1057 1306 οὐδὲ
1077 1253 1416 1324 ἐποιήσαμεν
1445 1250 1630 1316 καθὼς
1665 1251 1916 1306 ἐνετείλω

339 1353 488 1422 ἡμῖν,
521 1349 609 1402 ἵνα
635 1341 694 1400 εὖ
725 1347 856 1416 ἡμῖν
877 1344 1125 1415 γένηται,

406 1442 495 1497 51.
523 1439 636 1494 Kal
656 1438 834 1493 πάντα
861 1438 962 1491 ὅσα
987 1436 1250 1508 ἐποίησας
1277 1439 1431 1509 ἡμῖν,
1449 1437 1510 1492 ἐν
1541 1435 1772 1508 ἀληθινῇ
1795 1437 1917 1508 κρί-

345 1551 422 1588 σει
451 1531 731 1603 ἐποίησας.
1291 1579 1311 1595 ,

406 1624 496 1680 52.
537 1624 648 1677 Kal
677 1621 1001 1693 παρέδωκας
1032 1621 1178 1690 ἡμᾶς
1201 1621 1282 1684 είς
1326 1622 1518 1692 χεῖρας
1551 1619 1762 1692 ἐχθρῶν
1796 1619 1917 1673 ἀνό-

347 1729 477 1784 μων,
511 1711 776 1781 ἐχθίστων
827 1709 1170 1774 ἀποστατῶν,
1206 1711 1301 1764 καὶ
1334 1709 1546 1779 βασιλεῖ
1577 1710 1772 1781 ἀδίκῳ,
1823 1711 1916 1764 καὶ

345 1802 693 1876 πονηροτάτῳ
725 1802 880 1874 παρὰ
911 1804 1090 1856 πᾶσαν
1117 1801 1216 1871 τὴν
1243 1802 1347 1873 γῆν
1373 1801 1694 1873 παρέδωκας
1741 1803 1907 1872 ἡμᾶς.

409 1989 497 2044 55.
531 1986 644 2042 Kal
697 1985 792 2041 νῦν
821 1986 922 2040 οὐκ
973 1985 1128 2040 ἐστιν
1163 1986 1294 2056 ἡμῖν
1348 1984 1556 2052 ἀνοῖξαι
1603 1985 1663 2038 τὸ
1708 1986 1908 2057 στόμα·

344 2079 567 2151 αἰσχύνη
623 2078 726 2133 καὶ.
757 2078 958 2142 ὄνειδος
1004 2077 1220 2146 ἐγένετο
1255 2078 1366 2141 τοίς
1412 2075 1619 2142 δούλοις
1658 2093 1777 2144 σου,
1821 2078 1916 2130 καὶ

343 2175 453 2236 τοῖς
481 2169 800 2241 σεδομένοις
824 2186 904 2225 σε.

409 2265 499 2320 54.
526 2263 618 2334 Μὴ
649 2263 708 2316 δὲ
745 2259 1002 2332 παραδῴς
1031 2259 1179 2331 ἡμᾶς
1220 2259 1300 2323 είς
1345 2259 1500 2322 τέλος
1529 2257 1619 2312 διὰ
1656 2257 1718 2312 τὸ
1747 2259 1916 2330 ὄνομά

348 2373 457 2417 σου,
483 2355 578 2409 καὶ
613 2353 688 2426 μὴ
715 2352 1071 2424 διασκεδάσῃς
1101 2351 1198 2424 τὴν
1224 2349 1490 2421 διαθήκην
1519 2366 1633 2404 σου.

409 2447 499 2502 55.
525 2445 639 2499 Kal
678 2445 756 2516 μὴ
783 2445 1100 2515 ἀποστήσῃς
1135 2442 1197 2495 τὸ
1229 2427 1377 2505 ἔλεός
1404 2456 1496 2492 σου
1525 2438 1619 2509 ἀφ’
1652 2439 1811 2510 ἡμῶν
1831 2439 1918 2492 διὰ

360 2537 607 2611 ’Δδραὰμ
650 2538 742 2590 τὸν
791 2535 1148 2606 ἠγαπημένον
1201 2533 1304 2588 ὑπό
1337 2549 1451 2595 σου,
1483 2532 1578 2585 καὶ
1605 2529 1694 2584 διὰ
1735 2531 1918 2585 Ἰσαὰκ

344 2633 434 2684 τὸν
462 2629 648 2682 δοῦλόν
680 2645 796 2694 σου,
823 2627 920 2680 καὶ
963 2625 1178 2698 Ἰσραὴλ
1198 2624 1290 2678 τὸν
1323 2623 1476 2692 ἅγιόν
1503 2639 1616 2675 σου.

411 2721 500 2777 56.
528 2715 623 2784 Οἷς
643 2719 912 2790 ἐλάλησας
933 2718 1115 2780 αὐτοῖς
1143 2716 1316 2784 λέγων
1340 2731 1354 2744 ·
1381 2712 1642 2784 Πληθυνῶ
1669 2711 1728 2766 τὸ
1756 2713 1922 2785 σπέρ-

350 2831 426 2884 μα
453 2812 628 2883 ὑμῶν,
683 2811 818 2864 ὡσεὶ
869 2810 936 2864 τὰ
967 2808 1142 2878 ἄστρα
1191 2807 1284 2860 τοῦ
1317 2804 1566 2877 ούρανοῦ,
1595 2804 1690 2858 καὶ
1718 2803 1793 2867 ὼς
1821 2803 1920 2875 τὴν

348 2912 529 2980 ἄμμον
552 2909 651 2979 τὴν
678 2906 829 2978 παρὰ
851 2905 914 2959 τὸ
939 2905 1112 2976 χεῖλος
1136 2903 1235 2973 τῆς
1268 2902 1563 2972 θαλάσσης.

415 3001 502 3055 57.
537 2997 969 3063 ὀτι,,Δέσποτα,
999 2992 1441 3066 ἐσμικρύνθημεν
1469 2989 1618 3062 παρὰ
1649 2988 1826 3043 πάντα
1852 2985 1923 3039 τὰ

349 3091 495 3162 ἔθνη,
524 3090 618 3143 καὶ
646 3089 812 3160 ἐσμὲν
841 3087 1087 3140 ταπεινοί
1106 3087 1163 3140 ἐν
1197 3083 1345 3156 πάσῃ
1367 3083 1432 3154 τῇ
1467 3083 1539 3152 γῇ
1579 3080 1818 3150 σήμερον
1837 3075 1926 3129 διὰ

347 3180 443 3243 τὰς
466 3179 739 3251 ἁμαρτίας
763 3176 940 3249 ἡμῶν.

419 3271 509 3326 58.
544 3271 656 3324 Kal
677 3269 776 3322 οὐκ
799 3268 944 3321 ἔστιν
974 3269 1032 3321 ἐν
1068 3265 1146 3338 τῷ
1177 3263 1352 3336 καιρῷ
1389 3263 1563 3333 τούτῳ
1597 3261 1800 3331 ἄρχων,
1829 3259 1924 3313 καὶ

356 3364 660 3435 προφήτης,
719 3361 813 3414 καὶ
861 3360 1182 3430 ἡγούμενος,
1232 3356 1352 3409 ούδέ
1390 3351 1776 3415 ὁλοκαύτωσις,
1807 3349 1926 3404 οὐδὲ

352 3453 528 3519 θυσία,
588 3450 709 3504 ούδέ
770 3450 1076 3521 προσφορὰ,
1135 3447 1254 3502 οὐδὲ
1311 3445 1581 3516 θυμίαμα,
1621 3443 1786 3508 τόπος
1832 3441 1926 3496 τοῦ

356 3545 644 3619 καρπῶσαι
672 3543 913 3598 ἐναντίον
939 3558 1055 3609 σου,
1089 3541 1184 3595 καὶ
1232 3539 1414 3610 εὑρεῖν
1442 3535 1610 3590 ἔλεον.

418 3750 506 3808 59.
547 3749 689 3802 Ἀλλ’
739 3747 800 3800 ἐν
840 3746 987 3818 ψυχῇ
1036 3742 1492 3817 συντετριμμένῃ,
1535 3740 1632 3794 καί.
1657 3738 1926 3810 πνεύματι

354 3841 728 3907 ταπεινώσεως
757 3837 1240 3913 προσδεχθείημεν.

421 3937 510 3992 40.
555 3937 643 3999 Ὠς
675 3935 731 3987 ἐν
759 3929 1120 3986 ὁλοκαυτώσει
1143 3927 1339 4000 κριῶν,
1363 3929 1458 3982 καὶ
1482 3927 1719 3999 ταύρων,
1741 3929 1835 3982 καὶ
1852 3926 1929 3991 ὡς

356 4031 411 4084 ἐν
440 4006 700 4102 μυριάσιν
740 4024 922 4097 ἀρνῶν
958 4023 1180 4086 πιόνων,
1231 4020 1374 4074 οὕτω
1414 4020 1654 4090 γενέσθω
1703 4023 1738 4092 ὴ
1771 4019 1931 4074 θυσία

357 4121 510 4194 ἡμῶν
538 4123 779 4192 σήμερον
817 4114 1048 4170 ἐνώπιόν
1080 4130 1197 4178 σου,
1219 4114 1316 4167 καὶ
1353 4111 1446 4166 τοῦ
1495 4111 1776 4166 ἐκτελέσαι
1811 4110 1932 4164 ὄπι-

358 4211 480 4265 σθέν
508 4225 602 4262 σου
621 4223 635 4236 ·
669 4208 751 4262 ὅτι
777 4205 879 4259 οὐκ
909 4204 1056 4259 ἐστιν
1085 4202 1318 4273 αἰσχύνη
1359 4202 1470 4264 τοῖς
1504 4199 1818 4254 πεποιθόσιν
1839 4199 1932 4251 ἐπὶ

358 4305 456 4360 σοί.

422 4397 512 4452 41.
545 4394 660 4449 Kal
705 4389 803 4447 νῦν
852 4384 1318 4457 ἐξακολουθοῦμέν
1363 4402 1444 4438 σοι
1479 4385 1538 4438 ἐν
1584 4383 1687 4454 ὅλῃ,
1713 4382 1931 4454 καρδίᾳ,

359 4491 451 4544 καὶ
477 4484 795 4560 φοϐούμεθα
833 4499 914 4550 σε,
947 4481 1043 4536 καὶ
1063 4477 1336 4550 ζητοῦμεν
1360 4477 1421 4530 τὸ
1454 4475 1744 4547 πρόσωπόν
1777 4491 1909 4528 σου.-

2012 615 2274 671 induxisti
2300 631 2463 686 super
2484 630 2608 680 nos,
2643 625 2697 671 et
2729 629 2894 685 super
2921 613 3192 669 civitatem
3222 623 3467 670 sanctam
3487 629 3583 682 pa-

2011 714 2156 762 trum
2187 715 2501 763 nostrorum
2551 705 2889 772 Jerusalem;
2934 705 3061 776 quia
3147 704 3204 759 in
3261 706 3486 760 veritate
3535 720 3580 760 et

2007 800 2219 870 judicio
2277 800 2541 856 induxisti
2599 799 2782 856 omnia
2839 799 2955 854 haec
3010 812 3176 868 super
3234 812 3334 852 nos
3365 807 3582 868 prapter

2011 900 2237 962 peccata
2267 900 2474 946 nostra.

2086 982 2177 1039 £9.
2217 981 2576 1040 Peccavimus
2601 985 2770 1050 enim,
2797 993 2852 1038 et
2875 981 3062 1052 inique
3087 981 3300 1053 egimus
3325 981 3586 1038 reccdcn.

2013 1086 2095 1131 tes
2119 1089 2149 1129 a
2180 1084 2252 1140 te,
2286 1083 2341 1130 et
2367 1074 2701 1145 deliquimus
2731 1075 2785 1129 in
2815 1073 3092 1128 omnibus.

2082 1165 2173 1221 50.
2217 1163 2284 1220 Et
2317 1165 2573 1220 mandata
2601 1173 2692 1220 tua
2717 1179 2822 1220 non
2853 1163 3184 1226 audivimus,
3213 1178 3389 1234 neque
3413 1173 3588 1220 custo-

2014 1257 2252 1313 divimus
2283 1273 2370 1324 ea,
2406 1273 2581 1328 neque
2620 1258 2876 1322 fecimus,
2906 1257 3049 1312 sicut
3097 1257 3453 1313 mandaveras
3490 1273 3590 1312 no-

2015 1346 2118 1411 bis,
2144 1356 2202 1402 ut
2229 1346 2368 1401 bene
2395 1346 2550 1402 nobis
2579 1357 2746 1402 esset.

2086 1438 2177 1494 51.
2219 1440 2286 1494 Et
2327 1439 2534 1505 omnia,
2569 1454 2690 1510 quae
2715 1436 2906 1495 fecisti
2923 1439 3104 1504 nobis,
3137 1439 3190 1493 in
3223 1453 3354 1494 vero
3382 1437 3590 1508 judicio

2017 1528 2214 1584 fecisti.

2085 1620 2173 1676 52.
2219 1621 2284 1675 Et
2308 1620 2589 1676 tradidisti
2629 1635 2729 1676 nos
2756 1620 2808 1675 in
2843 1636 3038 1677 manus
3087 1621 3434 1676 inimicorum
3483 1621 3589 1676 ini-

2015 1728 2272 1784 quorum,
2304 1713 2812 1768 inimicissimorum
2841 1721 3235 1783 apostatarum,
3271 1721 3326 1767 et
3364 1714 3476 1783 regi
3505 1713 3589 1766 in-

2013 1804 2184 1874 iusto,
2211 1814 2264 1861 et
2290 1805 2530 1875 pessimo
2581 1819 2746 1876 super
2794 1820 3009 1861 omnem
3065 1813 3261 1860 terram
3320 1804 3586 1860 tradidisti

2018 1911 2138 1952 nos.

2085 1991 2174 2045 55.
2217 1988 2284 2042 Et
2312 2005 2457 2043 nunc
2487 2004 2595 2043 non
2626 1997 2710 2046 est
2743 1990 2900 2049 nobis
2936 1990 3152 2059 aperire
3207 2004 3301 2043 os:
3338 1987 3588 2042 confusio

2015 2090 2070 2136 et
2107 2081 2458 2152 exprobratio
2500 2079 2640 2137 facta
2688 2091 2772 2138 est
2803 2081 2977 2138 servis
3009 2081 3137 2150 tuis,
3187 2091 3241 2135 et
3284 2080 3588 2136 colentibus

2023 2184 2090 2233 ιθ.

2086 2269 2177 2324 54.
2221 2267 2326 2322 Sed
2365 2281 2434 2323 ne
2467 2267 2650 2324 tradas
2684 2283 2783 2324 nos
2824 2269 2880 2322 in
2934 2267 3096 2322 finem
3141 2275 3360 2336 propter
3390 2280 3587 2319 nomen

2019 2370 2192 2425 tuum,
2220 2368 2275 2415 et
2296 2374 2364 2414 ne
2387 2360 2619 2430 dissipes
2651 2369 3032 2416 testamentum
3057 2367 3233 2414 tuum.

2087 2451 2178 2506 55.
2219 2448 2288 2504 Et
2312 2465 2380 2504 ne
2408 2457 2622 2505 avertas
2656 2450 3091 2506 misericordiam
3149 2459 3298 2503 tuam
3349 2463 3379 2502 a
3425 2446 3586 2500 nobis

2021 2552 2240 2614 propter
2275 2541 2551 2597 Abraham
2585 2541 2843 2597 dilectum
2887 2551 3037 2597 tuum
3060 2583 3076 2610 ,
3103 2551 3158 2597 et
3194 2548 3413 2613 propter
3439 2539 3591 2596 Isaac

2019 2647 2236 2689 servum
2273 2641 2449 2696 tuum,
2481 2639 2536 2686 et
2564 2632 2728 2688 Israel
2754 2642 3004 2689 sanctum
3037 2642 3209 2688 tuum.

2092 2720 2184 2776 56.
2224 2720 2436 2788 Quibus
2482 2722 2699 2779 locutus
2737 2737 2796 2778 es
2826 2723 2906 2778 eis
2947 2722 3181 2778 dicens:
3218 2720 3590 2792 Multiplicaho

2022 2830 2206 2871 semen
2237 2823 2474 2868 vestrum
2503 2813 2644 2869 sicut
2671 2815 2854 2871 stellas
2882 2815 3038 2884 caeli,
3077 2823 3133 2870 et
3178 2815 3321 2870 sicut
3346 2828 3590 2878 arenam,

2022 2923 2144 2979 quae
2175 2917 2259 2963 est
2291 2908 2345 2962 in
2377 2907 2559 2964 littore
2581 2909 2771 2963 maris.

2095 2999 2186 3056 57.
2228 2999 2387 3066 Quia,
2425 2999 2678 3066 Domine,
2709 3000 3199 3056 imminutisumus
3237 2999 3380 3055 ultra
3404 3013 3594 3054 omnes

2025 3102 2231 3163 gentes,
2261 3100 2320 3148 et
2338 3107 2532 3147 sumus
2563 3091 2800 3147 humiles
2845 3091 2902 3146 in
2945 3092 3200 3147 universa
3253 3101 3398 3146 terra
3434 3089 3596 3145 hodie

1949 3202 1992 3261 ο
2025 3193 2245 3256 propter
2276 3192 2496 3254 peccata
2525 3193 2737 3238 nostra.

2096 3275 2186 3330 58.
2228 3274 2294 3329 Et
2327 3289 2436 3328 non
2465 3282 2549 3329 est
2578 3273 2641 3327 in.
2666 3282 2910 3342 tempore
2937 3273 3042 3330 hoc
3086 3273 3360 3344 princeps,
3393 3283 3445 3328 et
3473 3287 3599 3343 pro-

2026 3365 2210 3435 pheta,
2233 3373 2287 3420 et
2311 3365 2416 3419 dux
2443 3404 2459 3431 ,
2502 3378 2680 3432 neque
2730 3363 3151 3431 holocaustum,
3182 3380 3358 3435 neque
3387 3366 3587 3420 sacrm-

2027 3458 2196 3523 cium,
2230 3472 2405 3528 neque
2427 3456 2652 3522 oblatio,
2676 3471 2854 3526 neque
2887 3458 3206 3528 thymiama,
3239 3475 3414 3528 neque
3445 3460 3600 3514 lorus

2029 3548 2298 3620 primitias
2329 3547 2594 3604 ot'ferendi
2635 3565 2818 3606 coram
2842 3558 2915 3617 te,
2945 3557 3014 3606 ct.
3036 3549 3348 3606 inveniendi
3380 3551 3598 3606 miseri-

2030 3640 2296 3698 cordiam.

2102 3733 2193 3792 59.
2236 3733 2351 3790 Sed
2386 3735 2444 3790 in
2467 3733 2652 3790 anima
2679 3733 2934 3800 contrita,
2967 3741 3032 3789 et.
3053 3732 3251 3804 spiritu
3283 3733 3602 3798 humilitatis

2029 3825 2416 3896 suscipiamur.

2100 3917 2190 3974 40.
2232 3915 2387 3973 Sicut
2419 3917 2474 3972 in
2497 3917 2824 3972 holocausto
2854 3916 3193 3983 arietum,.et‘
3215 3924 3519 3980 taurorum,
3551 3927 3605 3971 et

2031 4011 2176 4067 sicut
2201 4009 2255 4065 in
2283 4009 2524 4064 millibus
2554 4022 2818 4078 agnorum
2859 4007 3170 4077 pinguium;
3212 4006 3293 4061 sic
3317 4007 3408 4061 fiat
3432 4009 3603 4062 sacri-

2031 4100 2215 4156 ficium
2241 4110 2489 4156 nostrum
2525 4097 2688 4153 hodie
2717 4099 2770 4152 in
2803 4106 3094 4169 conspectu
3119 4104 3212 4150 tuo
3237 4136 3252 4161 ,
3310 4106 3364 4152 et
3392 4107 3449 4152 ut
3479 4115 3603 4168 per-

2034 4191 2247 4248 ficiatur
2273 4199 2398 4261 post
2453 4199 2524 4254 te,
2580 4189 2840 4261 quoniam
2895 4203 3003 4244 non
3038 4198 3126 4245 est
3150 4187 3402 4246 confusio
3433 4193 3605 4246 conti-

2033 4284 2290 4341 dentibus
2321 4285 2376 4338 in
2405 4291 2487 4337 te.

2104 4376 2193 4432 41.
2235 4375 2303 4430 Et
2327 4388 2474 4430 nunc
2504 4372 2786 4444 sequimur
2813 4382 2866 4428 te
2895 4372 2948 4427 in
2981 4381 3096 4428 toto
3142 4374 3335 4439 corde,
3371 4384 3425 4430 et
3451 4377 3604 4430 time-

2035 4483 2160 4524 mus
2184 4476 2262 4534 ιο,
2286 4475 2340 4522 et
2363 4465 2658 4536 quaerimus
2693 4463 2886 4519 faciem
2910 4474 3080 4519 tuam.

423 4554 514 4636 ιεέ.
552 4554 665 4650 Mhi
703 4572 1072 4646 καταισχύνῃς
1118 4572 1266 4643 ἡμᾶς
1289 4609 1306 4636 ,
1347 4568 1482 4624 ἀλλὰ
1532 4568 1758 4638 ποίησον
1813 4565 1923 4637 μεθ’

2105 4559 2194 4616 42.
2229 4557 2310 4613 Ne
2343 4555 2647 4614 confundas
2690 4571 2810 4622 nos,
2840 4555 2936 4612 sed
2979 4555 3066 4612 fac
3115 4555 3398 4611 nobiscum
3450 4554 3604 4625 juxta

357 4675 511 4746 ἡμῶν
540 4668 684 4726 κατὰ
706 4667 806 4740 τὴν
837 4663 1140 4720 ἐπιείκειάν
1173 4679 1290 4728 σου,
1330 4661 1428 4715 καὶ
1460 4659 1602 4714 κατὰ
1638 4658 1701 4712 τὸ
1730 4656 1934 4729 πλῆθος

356 4763 446 4817 τοῦ
466 4762 650 4823 ἐλέους
679 4775 796 4812 σου.

330 4895 340 4924 η
423 4852 514 4908 45.
543 4849 657 4904 Kal
693 4843 877 4912 ἐξελοῦ
927 4843 1074 4914 ἡμᾶς
1107 4838 1250 4894 κατὰ
1281 4837 1353 4892 τὰ
1379 4834 1661 4907 θαυμάσιά
1694 4851 1808 4899 σου,
1840 4833 1936 4886 καὶ

336 4925 442 5008 ’δὶς
472 4939 630 5008 δόξαν
655 4940 734 5010 τῷ
759 4936 983 5008 ὀνόματί
1015 4951 1134 4999 σου,
1156 4931 1351 5004 Κύριε.

331 5058 346 5092 .i
425 5033 514 5088 ιιι.
564 5032 678 5087 Kal
723 5025 1125 5100 ἐντραπείησαν
1169 5024 1372 5084 πάντες
1431 5022 1480 5074 oi
1537 5017 1935 5089 ἐνδεικνύμενοι

319 5130 330 5142 ⁷
358 5126 467 5186 τοῖς
499 5121 706 5182 δούλοις
741 5136 834 5172 σου
869 5114 1018 5170 κακὰ
1041 5155 1057 5181 ,
1108 5113 1207 5166 καὶ
1258 5107 1781 5178 καταισχυνθείησαν
1827 5103 1936 5158 ἀπὸ

359 5215 536 5286 πάσης
565 5211 905 5275 δυναστείας,
933 5207 1029 5262 καὶ
1053 5207 1088 5278 ή
1123 5202 1274 5274 ἰσχὺς
1301 5200 1481 5254 αὐτῶν
1529 5195 1862 5268 συντριϐείη.

427 5311 514 5365 45.
551 5306 873 5372 Γνώτωσαν,
902 5304 985 5357 ὅτι
1019 5303 1084 5355 σὺ
1115 5296 1167 5353 εί
1190 5297 1396 5369 Κύριος
1423 5297 1452 5350 ό
1476 5294 1607 5357 Θεὸς
1633 5293 1812 5364 μόνος,
1842 5293 1936 5346 καὶ

356 5402 388 5454 ὁ
413 5398 618 5464 ἔνδοξος
641 5396 725 5466 ἐφ’
754 5395 881 5463 ὅλην
902 5393 1000 5463 τὴν
1023 5386 1374 5457 οἰκουμένην.

427 5489 514 5543 46.
561 5487 673 5541 Kal
708 5485 770 5537 οὐ
818 5481 1059 5535 διέλιπον
1082 5479 1130 5532 oi.
1163 5474 1527 5547 ἐμόάλλοντες
1575 5468 1773 5532 αὐτοὺς
1829 5469 1933 5522 ὑπ-

358 5581 549 5651 ηρέται
577 5579 671 5632 τοῦ
716 5575 979 5648 βασιλέως
1023 5570 1270 5630 καίοντες
1299 5566 1395 5636 τὴν
1437 5565 1668 5634 κάμινον
1706 5561 1932 5630 νάφθαν,

358 5673 453 5727 καὶ
486 5671 734 5734 στίπυον,
764 5669 862 5722 καὶ
887 5666 1115 5727 πίσσαν,
1141 5661 1236 5714 καὶ
1263 5656 1595 5729 κληματίδα.

426 5764 516 5819 47.
542 5763 655 5816 Καὶ
685 5761 922 5830 διηχεῖτο
953 5759 985 5826 ή
1030 5753 1162 5824 φλὸξ
1202 5749 1386 5807 ἐπάνω
1414 5749 1515 5818 τῆς
1560 5745 1796 5818 καμίνου
1839 5745 1933 5801 ἐπὶ

359 5855 551 5928 πήχεις
573 5847 1158 5924 τεσσαρακονταεννέα.

2033 4651 2508 4709 mansuetudinem
2544 4659 2732 4718 tuam,
2768 4659 2822 4706 et
2853 4649 3154 4706 secundum
3202 4649 3605 4704 multitudinem

2033 4743 2425 4800 misericordiae
2455 4750 2584 4798 tuae.

2102 4837 2194 4892 45.
2235 4834 2302 4891 Et
2338 4851 2470 4891 erue
2499 4851 2602 4891 nos
2621 4835 2778 4906 juxta
2804 4835 3076 4892 mirabilia
3119 4840 3231 4898 tua,
3282 4842 3338 4889 et
3392 4833 3460 4889 da
3489 4833 3606 4904 glo-

2034 4929 2170 4986 riam
2205 4929 2414 4984 nomini
2443 4938 2554 4993 tuo,
2591 4927 2839 4985 Domine.

2105 5023 2196 5079 4i.
2234 5021 2301 5078 Et
2329 5021 2738 5078 confundantur
2775 5036 2992 5087 omnes,
3033 5021 3127 5091 qui
3160 5021 3457 5076 ostendunt
3489 5035 3607 5076 ser-

2034 5115 2117 5170 vis
2148 5113 2256 5169 tuis
2283 5111 2451 5178 mala,
2481 5120 2536 5166 et
2562 5109 2966 5166 confundantur
2989 5111 3058 5165 ab
3082 5110 3232 5166 omni
3267 5108 3533 5180 potentia,
3556 5118 3608 5163 et

2034 5208 2202 5265 robur
2228 5220 2419 5261 eorum
2452 5200 2794 5258 conteratur.

2103 5297 2195 5352 45.
2236 5297 2600 5366 Cognoscant,
2637 5294 2765 5364 quia
2789 5303 2845 5348 tu
2874 5308 2933 5349 es
2959 5292 3225 5349 Dominus
3268 5293 3412 5348 Deus
3436 5292 3609 5358 solus,

2033 5397 2088 5444 et
2112 5388 2384 5458 gloriosus
2411 5401 2575 5455 super
2609 5386 2926 5439 universum
2957 5385 3145 5438 orbem
3178 5394 3468 5438 terrarum.

2107 5480 2196 5534 46.
2237 5477 2304 5533 Ει
2333 5493 2438 5532 non
2472 5476 2780 5542 cessabant,
2812 5477 2905 5546 qui
2934 5477 3232 5546 injecerant
3257 5492 3352 5532 eos
3377 5477 3616 5532 ministri

2035 5572 2197 5639 regis,
2230 5567 2934 5625 succendentesfornacem
2975 5569 3237 5638 naphtha,
3276 5578 3324 5624 et
3363 5577 3542 5638 stupa,
3567 5580 3614 5619 ct

2036 5664 2173 5733 pice,
2209 5669 2262 5715 et
2292 5661 2604 5715 sarmentis.

2106 5753 2194 5807 4'1.
2239 5751 2305 5806 Et
2333 5749 2714 5806 effundebatur
2753 5749 2970 5805 ﬂamma
3021 5764 3186 5820 super
3230 5747 3508 5804 fornacem
3543 5745 3611 5802 ad

2037 5845 2249 5902 cubitus
2286 5843 2644 5914 quadraginta
2672 5859 2886 5898 novem.
