4122 6320
530 379 673 439 2865

1601 375 1855 432 DANIEL
1891 375 1918 432 J
1929 373 2119 432 UXTA
2157 375 2700 434 ΤΗΕΟΒΟἸἸΟᾸΕΜ

3619 381 3774 451 esse

489 538 496 542 .
594 498 686 554 ιδ.
729 496 796 553 Et
820 496 1020 568 erupit,
1050 506 1102 553 et
1131 495 1394 565 incendit,
1421 511 1562 569 quos
1590 497 1796 553 invenit
1817 498 1963 553 eirea
1989 497 2094 554 for-

2272 498 2362 554 48.
2393 501 2504 554 Καὶ
2546 499 2822 559 διώδευσε,
2872 501 2967 554 καὶ
2995 499 3318 571 ἐνεπύρισεν
3347 499 3443 563 οὓς
3472 489 3598 569 εὗρε
3647 501 3778 570 περὶ

525 605 718 644 nacem
740 589 808 646 de
840 589 1130 646 Chaldaeis.

596 682 684 737 £9.
725 681 966 752 Angelus
993 690 1174 737 autem
1206 681 1420 737 Domini
1447 680 1608 736 simul
1653 680 1931 737 descendit
1971 695 2098 736 cum

525 774 614 842 iis,
645 775 738 846 qui
765 785 1070 831 erantcum
1110 775 1306 829 Azaria
1339 775 1397 829 in
1425 773 1729 839 fornacem,
1772 785 1826 830 et
1856 774 2099 830 excussit

523 865 798 921 flammam
829 868 966 938 ignis
999 867 1064 920 de
1093 864 1334 929 fornace,
1375 873 1430 920 et
1478 865 1605 922 fecit
1638 864 1877 920 medium
1915 865 2098 922 forna-

522 959 622 1020 cis,
647 960 806 1029 quasi
835 958 1085 1028 spiritum
1114 956 1253 1012 roris
1279 955 1518 1013 flantem.

591 1050 679 1104 50.
720 1049 785 1104 Et
813 1064 922 1104 non
959 1047 1134 1119 tetigit
1161 1065 1257 1106 eos
1285 1050 1512 1104 omnino
1541 1049 1683 1120 ignis
1706 1090 1721 1116 ,
1759 1063 1934 1121 neque
1965 1063 2098 1106 con-

523 1141 756 1196 tristavit
783 1154 898 1205 eos,
932 1153 1110 1210 neque
1143 1141 1448 1196 molestiam
1481 1141 1663 1196 intulit
1691 1143 1791 1198 eis.

489 1339 502 1350 ο
588 1322 676 1378 51.
722 1321 877 1378 Tunc
939 1331 1050 1378 tres
1105 1323 1261 1394 quasi
1305 1339 1372 1379 ex
1400 1338 1509 1390 uno
1559 1339 1653 1379 ore
1698 1324 2012 1392 laudabant,
2043 1334 2096 1381 et

519 1415 918 1488 gloriﬁcabant,
943 1424 997 1470 et
1030 1416 1424 1472 benedicebant
1454 1415 1625 1472 Deum
1670 1415 1725 1471 in
1765 1416 1988 1473 fornace
2013 1418 2095 1472 di-

521 1519 708 1565 centes
730 1527 745 1564 :
1663 1566 1669 1572 ,

592 1601 683 1657 52.
717 1599 1048 1656 Benedictus
1078 1613 1160 1664 es,
1198 1598 1432 1654 Domine
1468 1595 1610 1653 Deus
1634 1607 1847 1668 patrum
1881 1609 2096 1654 nostro—

519 1708 664 1758 rum,
693 1700 748 1749 et
782 1690 1072 1747 laudabilis
1099 1731 1115 1756 ,
1167 1699 1221 1744 et
1281 1691 1722 1760 superexaltatus
1761 1690 1815 1744 in
1849 1691 2045 1745 saecula
2075 1707 2088 1744 :

517 1795 572 1840 et
598 1785 939 1840 benedictum
982 1799 1182 1838 nomen
1217 1781 1402 1855 gloria:
1427 1793 1532 1838 tua:
1566 1793 1813 1838 sanctum
1835 1822 1850 1849 ,
1894 1793 1948 1838 et
1971 1783 2092 1839 lau-

516 1874 719 1938 dabile,
756 1883 811 1929 et
836 1875 1298 1944 superexaltatum
1343 1873 1396 1927 in
1420 1873 1654 1948 'saaeula.

589 1966 679 2020 55.
720 1965 1045 2022 Benedictus
1073 1981 1132 2020 es
1161 1966 1213 2019 in
1244 1966 1443 2034 templo
1477 1975 1680 2020 sanetae
1711 1965 1898 2036 gloriae
1951 1974 2089 2034 tuae,

517 2064 570 2112 et
601 2054 1076 2126 superlaudabilis,
1105 2065 1158 2112 et
1184 2059 1626 2130 supergloriosus
1675 2061 1727 2114 in
1759 2063 1980 2117 saecula.

587 2149 676 2204 54.
719 2148 1044 2204 Benedictus
1086 2165 1146 2205 es
1187 2150 1239 2203 in
1275 2151 1475 2207 throno
1505 2152 1694 2222 gloria:
1732 2153 1885 2224 regni
1917 2153 2016 2220 tui,
2039 2161 2094 2210 et

517 2241 994 2312 superlaudabilis,
1021 2251 1076 2298 et
1101 2244 1534 2313 superexaltalus
1565 2245 1623 2300 in
1653 2247 1871 2303 saecula.

587 2443 678 2499 55.
719 2442 1044 2499 Benedictus
1080 2458 1159 2509 es,
1187 2445 1279 2514 qui
1306 2444 1536 2501 intueris
1586 2445 1847 2517 abyssos,
1899 2447 2095 2505 sedens

520 2551 685 2606 super
728 2535 1025 2590 Cherubim
1055 2575 1068 2601 ,
1117 2543 1172 2591 et
1228 2536 1536 2602 laudabilis,
1582 2547 1638 2593 et
1663 2540 2096 2608 superesaltatus

521 2629 576 2681 in
604 2627 825 2682 saecula.

595 2717 682 2771 56.
725 2717 1056 2774 Benedictus
1085 2732 1145 2774 es
1180 2719 1233 2772 in
1257 2718 1603 2775 firmamento
1636 2722 1780 2788 etnli,
1816 2730 1871 2778 et
1905 2723 2096 2778 lauda-

523 2810 670 2873 bilis,
705 2818 757 2862 et
790 2811 1064 2879 gloriosus
1093 2812 1144 2865 in
1175 2811 1397 2867 saecula.

593 2901 681 2955 57.
729 2899 1042 2956 Benedicite
1065 2902 1248 2957 omnia
1274 2919 1439 2973 opera
1463 2902 1676 2958 Domini
1709 2903 2098 2972 Domino,lau-

523 2994 666 3059 date,
701 3003 755 3049 et
782 2994 1184 3063 superexaltate
1219 3009 1341 3048 eum
1379 2995 1431 3048 in
1469 2996 1689 3050 saecula.

593 3088 682 3142 58.
709 3085 1018 3141 Benedicite
1043 3087 1222 3157 angeli
1252 3084 1465 3141 Domini
1498 3086 1748 3153 Domino,
1777 3089 2012 3155 laudate,
2044 3099 2098 3146 et

523 3182 927 3252 superexaltate
959 3196 1081 3235 eum
1112 3182 1164 3234 in
1206 3182 1428 3237 sa-cula.

594 3274 683 3329 59.
726 3273 1032 3328 Benedicite
1063 3272 1186 3327 ειεΙί
1253 3271 1504 3337 Domino,
1541 3272 1787 3337 laudate,
1821 3282 1875 3328 et
1903 3290 2095 3344 supcr-

521 3367 757 3421 exaltate
793 3381 918 3420 eum
958 3365 1012 3419 in
1041 3366 1258 3419 smcula.

591 3459 681 3514 60.
724 3458 1032 3513 Benedicite
1059 3474 1218 3526 aqua:
1273 3474 1466 3514 omnes
1495 3497 1508 3522 ,
1571 3473 1693 3527 quae
1727 3474 1892 3530 super
1925 3461 2097 3517 coelos

522 3558 675 3614 sunt,
703 3548 935 3603 Domino
963 3587 978 3612 ,
1027 3548 1264 3612 laudate,
1310 3558 1365 3602 et
1425 3549 1822 3617 superexaltate
1865 3565 1990 3604 eum
2041 3552 2095 3606 in

523 3639 741 3693 smeula.

593 3730 683 3784 6i.
727 3728 1035 3783 Benedicite
1063 3741 1255 3783 omnes
1309 3729 1538 3785 virtutes
1571 3729 1787 3785 Domini
1843 3731 2095 3800 Domino,

524 3819 759 3884 laudate,
787 3828 841 3872 et
872 3819 1271 3887 superexaltatc
1301 3835 1426 3880 eum
1468 3821 1522 3876 in
1555 3823 1775 3876 smcula.

594 3905 685 3961 62.
727 3905 1038 3961 Benedicite
1071 3905 1177 3972 sol,
1208 3916 1262 3962 et
1307 3908 1434 3965 luna
1490 3908 1737 3977 Domino,
1768 3911 2001 3978 laudate,
2043 3924 2097 3970 et

522 3998 925 4069 superexaltate
953 4013 1078 4052 eum
1113 3999 1167 4053 in
1203 4001 1422 4055 sarcula.

589 4092 680 4146 65.
722 4089 1036 4147 Benedicite
1069 4092 1239 4147 stellae
1270 4092 1391 4148 εαξιί
1445 4092 1711 4160 Domino,
1771 4097 2010 4165 laudate,
2042 4111 2096 4155 et

522 4183 928 4252 superexaltate
955 4199 1080 4238 cum
1118 4185 1171 4238 in
1208 4186 1426 4241 smcula.

571 4276 682 4360 .64.
726 4274 1039 4331 Benedicite
1072 4279 1250 4333 omnis
1275 4279 1469 4344 imber,
1501 4289 1555 4336 et
1583 4297 1674 4335 ros
1696 4281 1950 4349 Domino,
1979 4285 2096 4340 lau-

520 4372 664 4435 date,
691 4378 745 4425 et
772 4371 1170 4438 superexaltale
1195 4386 1317 4426 eum
1343 4373 1395 4426 in
1427 4374 1644 4428 saecula.

589 4461 677 4516 65.
722 4460 1030 4516 Benedicite
1053 4475 1246 4515 omnes
1298 4461 1522 4531 spiritus
1568 4461 1820 4527 Domino,
1854 4463 2090 4532 laudate,

516 4563 572 4608 et
605 4553 1005 4623 superexaltate
1044 4569 1168 4608 eum
1203 4553 1255 4606 in
1305 4553 1527 4608 saecula.

588 4643 680 4700 66.
723 4644 1034 4700 Benedicite
1064 4644 1227 4713 ignis,
1257 4653 1312 4699 et
1343 4653 1511 4700 aestus
1544 4643 1796 4710 Domino,
1852 4645 2089 4712 laudate,

518 4741 570 4786 et
599 4733 1000 4803 superexaltate
1029 4747 1153 4786 eum
1185 4733 1239 4786 in
1274 4733 1492 4788 saecula.

587 4825 677 4879 67.
719 4824 1030 4880 Benedicite
1064 4823 1259 4894 frigus,
1292 4833 1348 4879 et
1378 4833 1543 4880 astus
1573 4823 1824 4891 Domino,
1854 4828 2091 4898 laudate,

515 4927 572 4972 et
592 4917 993 4988 superexaltate
1022 4931 1147 4970 eum
1181 4917 1234 4970 in
1267 4917 1492 4972 saecula.

589 5008 678 5065 68.
722 5009 1034 5065 Benedicite
1062 5025 1238 5074 rores,
1266 5011 1547 5079 ctpruinaa
1579 5011 1829 5077 Domino,
1853 5011 2092 5079 laudate,

515 5113 570 5157 et
600 5103 997 5174 supercxaltate
1023 5118 1150 5157 eum
1191 5103 1243 5155 in
1273 5104 1492 5157 sazeula'.

586 5195 676 5251 69.
712 5196 1021 5250 Benedicite
1045 5196 1167 5266 gelu
1208 5205 1262 5249 et
1315 5195 1484 5264 frigus
1540 5194 1788 5262 Domino,
1853 5197 2091 5263 laudate,

515 5299 568 5340 et
597 5287 1006 5359 superexaltate
1040 5302 1165 5341 eum
1197 5287 1250 5341 in
1281 5289 1500 5342 smcula.

586 5380 672 5434 70.
712 5379 1022 5434 Benedicite
1043 5380 1265 5451 glacies,
1298 5391 1350 5435 et
1378 5380 1528 5436 nives
1571 5378 1822 5446 Domino,
1855 5381 2090 5448 laudate,

513 5484 568 5524 et
597 5473 1001 5542 superexaltate
1027 5489 1152 5528 eum
1185 5473 1240 5527 in
1275 5474 1492 5528 smcula.

585 5564 671 5618 7i.
715 5564 1255 5629 Benediciteuoctes,
1304 5574 1358 5619 et
1389 5566 1504 5621 dies
1555 5565 1804 5630 Domino,
1859 5566 2090 5631 laudate,

515 5665 565 5707 et
594 5657 992 5724 superexaltatc
1019 5670 1142 5707 eum
1173 5657 1224 5708 in
1255 5658 1474 5712 szccula.

586 5744 674 5798 72.
717 5743 1025 5798 Benedicite
1061 5746 1169 5807 lux,
1197 5757 1251 5799 ct
1295 5749 1527 5803 tenebric
1574 5750 1823 5817 Domino,
1855 5752 2092 5818 laudate,

512 5849 564 5893 ct
601 5836 997 5909 supercxaltatc
1032 5851 1155 5890 eum
1186 5837 1237 5892 in
1268 5841 1483 5894 sazcula.

2198 588 2298 662 την
2335 590 2566 661 κάμινον
2601 591 2710 644 τῶν
2740 590 3044 648 Χαλδαίων.

2269 683 2359 740 49.
2394 684 2454 738 '0
2478 683 2535 737 δὲ
2555 683 2786 754 ἄγγελος
2809 685 3017 756 Κυρίου
3044 685 3162 756 ἅμα
3185 683 3485 754 συνκατωη
3513 684 3625 745 τοῖς
3648 681 3780 753 περὶ

2197 772 2290 828 τόν
2328 774 2586 846 Ἀζαρίαν
2644 777 2724 838 εἰς
2766 775 2866 847 τὴν
2912 777 3166 846 κάμινον,
3219 777 3315 830 καὶ
3353 773 3624 842 ὲξετίναξε
3679 775 3781 845 τὴν

2199 865 2373 934 φλόγα
2396 864 2490 918 τοῦ
2515 866 2686 937 πυρὸς
2709 869 2771 921 ὲκ
2801 867 2903 938 τῆς
2925 869 3179 939 καμίνου,
3212 871 3309 922 καὶ
3336 867 3560 938 ἐποίησε
3592 867 3654 920 τὸ
3679 867 3781 937 μέ-

2200 969 2293 1008 σον
2316 954 2415 1024 τῆς
2435 954 2692 1026 καμίνου,
2718 956 2795 1020 ὡς
2824 957 3044 1028 πνεῦμα
3075 957 3266 1027 δρόσου
3299 957 3632 1025 διασυρίςον.

2270 1043 2358 1098 50.
2394 1046 2506 1098 Καὶ
2550 1046 2648 1116 οὑχ
2687 1046 2864 1116 ἥψατο
2918 1048 3098 1101 αὑτῶν
3131 1047 3193 1102 τὸ
3233 1047 3354 1102 καθ’
3384 1049 3508 1101 ὅλου
3555 1046 3616 1100 τὸ
3641 1047 3780 1120 πῦρ,

2197 1138 2294 1191 καὶ
2331 1138 2431 1191 οὑκ
2455 1137 2724 1210 ἐλύπησεν
2749 1141 2968 1206 αὑτοὺς,
3009 1142 3104 1194 καὶ
3127 1142 3186 1194 οὑ
3221 1141 3650 1212 παρηνώχλησεν
3679 1144 3784 1198 αὑ-

2199 1231 2332 1293 τοῖς.

2268 1322 2355 1376 51.
2389 1320 2521 1374 Τότε
2549 1322 2597 1376 οί
2627 1324 2774 1392 τρεῖς
2799 1322 2873 1386 ὡς
2901 1321 2960 1388 ἐξ
2991 1323 3109 1388 ἑνὸς
3133 1324 3400 1396 στόματος
3437 1324 3656 1397 ὕμνουν,
3683 1330 3781 1382 καὶ

2196 1414 2467 1482 ἐδόξαζον,
2503 1418 2594 1470 καὶ
2621 1417 2877 1487 εὐλόγουν
2903 1418 2996 1474 τὸν
3017 1419 3148 1473 Θεὸν
3174 1419 3230 1472 ὲν
3249 1422 3315 1491 τῇ
3347 1421 3562 1492 καμίνῳ
3591 1421 3782 1491 λέγον-

2195 1525 2306 1572 τις.

2266 1599 2354 1654 52.
2377 1599 2684 1672 Εὐλογητὸς
2701 1597 2773 1669 εἰ,
2793 1601 2988 1675 Κύριε,
3003 1606 3032 1659 ὁ
3047 1604 3182 1671 Θεὸς
3197 1604 3308 1659 τῶν
3322 1607 3574 1678 πατέρων
3597 1605 3782 1677 ἡμῶν,

2196 1694 2290 1746 καὶ
2321 1694 2550 1758 αἰνετὸς,
2593 1696 2689 1749 καὶ
2735 1695 3184 1768 ὑπερυψούμενος
3230 1697 3311 1762 εἰς
3358 1698 3486 1762 τοὺς
3546 1699 3782 1761 αἰῶνας’

2196 1787 2290 1840 καὶ
2317 1785 2682 1857 εὑλογημένον
2715 1789 2776 1842 τὸ
2804 1788 2975 1860 ὄνομα
3006 1790 3106 1860 τῆς
3145 1789 3302 1860 δόξης
3345 1806 3440 1843 σου
3483 1790 3546 1843 τὸ
3581 1792 3737 1860 ἅγιον
3765 1829 3784 1854 ,

2124 1868 2167 1924 Β
2195 1879 2291 1932 καὶ
2314 1878 2544 1945 αἰνετὸν,
2570 1881 2666 1932 καὶ
2698 1880 3148 1952 ὑπερυψούμενον
3178 1885 3259 1946 εἰς
3288 1883 3415 1948 τοὺς
3444 1883 3671 1947 αἰῶνας.

2265 1969 2354 2025 55.
2379 1969 2756 2041 Εὐλογημένος
2779 1967 2829 2024 εἴ
2849 1972 2906 2026 ὲν
2926 1972 3004 2043 τῷ
3028 1969 3142 2043 ναῷ
3162 1973 3261 2044 τῆς
3285 1971 3444 2042 ἁγίας
3472 1970 3631 2045 δόξης
3659 1990 3788 2041 σου,

2194 2063 2290 2117 καὶ
2320 2063 2722 2134 ὑπερυμνητδς,
2757 2066 2852 2118 καὶ
2876 2063 3226 2137 ὑπερένδοξος
3259 2067 3336 2131 εἰς
3367 2067 3493 2130 τοὺς
3515 2066 3742 2131 αἰῶνας.

2266 2157 2355 2212 54.
2389 2157 2769 2228 Εὐλογημένος
2787 2153 2840 2210 εἴ
2857 2159 2950 2212 ἐπὶ
2977 2158 3166 2230 Θρόνου
3183 2157 3340 2228 δόξης
3371 2160 3470 2229 τῆς
3501 2159 3787 2229 βασιλείας

2197 2265 2314 2311 σου,
2344 2250 2440 2304 καὶ
2477 2249 2881 2322 ὑπερυμνητὺς,
2915 2250 3010 2304 καὶ
3053 2249 3500 2322 ὑπερυψούμενος
3537 2253 3616 2314 εἰς
3654 2253 3788 2315 τοὺς

2196 2341 2420 2405 αἰῶνας.

2265 2433 2356 2488 55.
2386 2430 2768 2504 Εὐλογημένος
2794 2427 2848 2486 εἴ
2862 2435 2889 2488 ό
2923 2433 3137 2505 βλέπων
3156 2434 3449 2498 ἀϐύσσους,
3471 2433 3784 2506 καθήμενος

2197 2526 2291 2580 ἐπὶ
2319 2524 2619 2596 Χερουϐὶμ,
2669 2525 2764 2578 καὶ
2818 2525 3050 2590 αἰνετὸς,
3091 2527 3186 2579 καὶ
3220 2524 3661 2596 ὑπερυψούμενος
3693 2529 3780 2591 εἰς

2196 2618 2323 2680 τοὺς
2352 2618 2574 2681 αἰῶνας.

2268 2709 2358 2764 56.
2390 2706 2767 2780 Εὐλογημένος
2808 2702 2858 2761 εἴ
2894 2709 2952 2762 ὲν
3001 2708 3079 2779 τῷ
3113 2708 3456 2780 στερεώματι
3483 2707 3579 2762 τοῦ
3612 2709 3784 2780 οὑρα-

2197 2799 2312 2866 νοῦ,
2345 2801 2441 2854 καὶ
2469 2800 2727 2872 ὑμνητὸς,
2763 2801 2856 2854 καὶ
2883 2801 3268 2872 δεδοξασμένος
3301 2803 3382 2865 εἰς
3400 2803 3524 2864 τοὺς
3551 2801 3784 2865 αἰῶνας.

2271 2893 2358 2948 57.
2397 2893 2685 2963 Εὐλογεῖτε
2709 2895 2888 2949 πάντα
2914 2896 2982 2948 τὰ
3013 2895 3150 2965 ἔργα
3194 2894 3402 2966 Κυρίου
3431 2895 3522 2948 τὸν
3550 2894 3780 2965 Κύριον,

2199 2984 2442 3056 ὑμνεῖτε,
2466 2986 2561 3039 καὶ
2587 2985 2931 3058 ὑπερυψοῦτε
2962 2986 3124 3039 αὑτὸν
3148 2987 3229 3050 εἰς
3254 2987 3380 3050 τοὺς
3408 2985 3633 3049 αἰῶνας.

2270 3077 2358 3132 58.
2392 3077 2675 3147 Εὑλογεῖτε
2702 3079 2921 3147 ἄγγελοι
2944 3079 3148 3149 Κυρίου
3169 3079 3260 3131 τὸν
3287 3078 3511 3150 Κύριον,
3537 3079 3786 3149 ὑμνεῖτε,

2126 3205 2168 3262 C
2201 3164 2299 3227 καῖ’
2325 3172 2668 3243 ὑπερυψούτε
2688 3173 2848 3226 αὑτὸν
2875 3174 2954 3234 εἰς
2975 3173 3098 3234 τοὺς
3132 3170 3356 3234 αἰῶνας.

2276 3265 2361 3320 59.
2397 3265 2686 3333 Εὑλογεῖτε
2733 3265 2954 3335 οὐρανοὶ
2984 3263 3076 3316 τὸν
3109 3262 3340 3334 Κύριον,
3391 3264 3634 3334 ὑμνεῖτε,
3685 3267 3792 3318 καὶ

2205 3355 2547 3427 ὑπερυψοῦτε
2577 3357 2736 3409 αὑτὸν
2759 3358 2837 3419 εἰς
2862 3357 2987 3418 τοὺς
3011 3355 3235 3419 αἰῶνας.

2275 3449 2364 3504 60.
2401 3448 2684 3518 Εὑλογεῖτε
2707 3448 2874 3500 ὕδατα
2908 3449 3079 3502 πάντα
3107 3449 3174 3502 τὰ
3212 3449 3394 3502 ἐπάνω
3423 3448 3517 3502 τοῦ
3549 3447 3790 3520 ούρανοῦ

2204 3542 2295 3596 τὸν
2317 3542 2541 3614 Κύριον,
2571 3542 2813 3612 ὑμνεῖτε,
2840 3542 2936 3594 καὶ
2965 3539 3306 3612 ὑπερυψοῦτε
3335 3540 3496 3595 αὑτὸν
3544 3543 3623 3605 εἰς
3654 3544 3790 3606 τοὺς

2205 3635 2428 3697 αἰῶνας.

2275 3726 2362 3780 61.
2397 3724 2684 3793 Εὐλογεῖτε
2716 3725 2888 3778 πᾶσαι
2913 3724 2970 3778 αί
3003 3724 3262 3794 δυνάμεις
3292 3723 3496 3796 Κυρίου
3536 3724 3628 3776 τὸν
3669 3723 3790 3778 Κύ-

2209 3834 2342 3890 ριον,
2367 3819 2605 3888 ὑμνεῖτε,
2639 3819 2734 3871 καὶ
2755 3817 3096 3889 ὑπερυψοῦτε
3119 3818 3278 3874 αὑτὸν
3301 3821 3380 3881 εἰς
3408 3819 3532 3882 τοὺς
3553 3818 3787 3882 αἰῶνας.

2273 3910 2362 3965 62.
2387 3910 2672 3979 Εὑλογεῖτε
2695 3910 2868 3981 ἥλιος,
2895 3911 2992 3964 κοιλ⁵
3019 3909 3213 3981 σελήνη
3234 3909 3323 3963 τὸν
3350 3909 3574 3980 Κύριον,
3595 3911 3788 3982 ὑμνεῖ-

2201 4020 2282 4068 τε,
2317 4004 2412 4056 καὶ
2440 4001 2782 4073 ὑπερυψοῦτε
2818 4001 2980 4056 αὑτὸν
3013 4004 3094 4066 εἰς
3119 4002 3244 4064 τοὺς
3277 4001 3501 4060 αἰῶνας.

2275 4097 2364 4154 65.
2409 4096 2696 4166 Εὑλογεῖτε
2749 4096 2927 4166 ἄστρα
2972 4095 3065 4149 τοῦ
3113 4095 3349 4167 ούρανοῦ
3394 4097 3486 4150 τὸν
3535 4095 3824 4166 Κύριον,¹

2204 4190 2444 4261 ὑμνεῖτε,
2481 4189 2577 4242 καὶ
2602 4187 2941 4259 ὑπερυψοῦτε
2972 4187 3135 4241 αὑτὸν
3167 4189 3254 4249 εἰς
3283 4187 3409 4250 τοὺς
3432 4188 3657 4251 αἰῶνας.

2269 4281 2358 4336 64.
2386 4280 2672 4348 Εὑλογεῖτε
2704 4281 2810 4343 πᾶς
2829 4279 3053 4350 ὄμϐρος,
3084 4280 3186 4332 καὶ
3221 4278 3411 4349 δρόσος
3441 4279 3530 4332 τὸν
3552 4279 3784 4351 Κύριον,

2202 4373 2442 4445 ὑμνεῖτε,
2474 4371 2570 4424 καὶ
2597 4368 2937 4441 ὑπερυψοῦτε
2961 4368 3126 4422 αὑτὸν
3145 4370 3227 4433 εἰς
3254 4370 3380 4432 τοὺς
3410 4369 3628 4432 αἰῶνας.

2217 4481 2222 4486 ·
2269 4466 2360 4520 65.
2393 4464 2678 4532 Εὑλογεῐτε
2718 4463 2897 4516 πάντα
2952 4463 3022 4516 τὰ
3067 4462 3356 4533 πνεύματα
3411 4462 3503 4515 τδν
3545 4461 3776 4534 Κύριον,

2125 4569 2167 4624 ι)
2197 4558 2436 4629 ὑμνεῖτε,
2468 4557 2565 4609 καὶ
2589 4554 2930 4626 ὑπερυψοῦτε
2958 4553 3125 4608 αὑτὸν
3158 4556 3238 4618 είς
3263 4554 3392 4618 τοὺς
3409 4553 3632 4616 αἰῶνας.

2266 4650 2351 4703 66.
2387 4647 2672 4716 Εὑλογεῖτε
2708 4646 2841 4718 πῦρ,
2874 4646 2970 4699 καὶ
3004 4645 3194 4716 καῦμα
3224 4645 3314 4700 τὸν
3341 4645 3563 4716 Κύριον,
3593 4645 3781 4716 ὑμνεῖ-

2195 4759 2276 4806 τε,
2301 4741 2395 4794 καὶ
2421 4738 2764 4810 ὑπερυψοῦτε
2790 4737 3062 4800 αὑτὸνηείς
3092 4739 3216 4800 τοὺς
3247 4738 3471 4799 αἰῶνας.

2267 4833 2355 4888 67.
2391 4831 2677 4899 Εὑλογεῖτε
2723 4829 2926 4900 ψύχος,
2984 4831 3078 4882 καὶ
3130 4827 3322 4900 καῦμα
3381 4829 3467 4881 τὸν
3522 4828 3776 4898 Κύριον,

2198 4926 2437 4996 ὑμνεῖτε,
2469 4924 2564 4976 καὶ
2582 4921 2925 4993 ὑπερυψοῦτε
2959 4921 3122 4975 αὑτὸν
3149 4923 3229 4985 εἰς
3256 4921 3381 4984 τοὺς
3402 4920 3623 4983 αἰῶνας.

2265 5015 2354 5070 68.
2401 5015 2689 5081 Εὑλογεῖτε
2743 5014 2943 5085 δρόσοι,
2999 5014 3096 5066 καὶ
3148 5013 3355 5081 νιφετοὶ
3393 5012 3486 5064 τὸν
3542 5011 3771 5084 Κύριον,

2197 5109 2440 5180 ὑμνεῖτε,
2468 5107 2563 5160 καὶ
2596 5104 2936 5177 ὑπερυψοῦτε
2975 5104 3138 5159 αὑτὸν
3164 5107 3245 5168 εἰς
3263 5105 3389 5167 τοὺς
3413 5105 3636 5168 αἰῶνας.

2266 5199 2354 5254 69.
2386 5198 2670 5265 Εὑλογεῖτε
2695 5197 2878 5265 πάγοι,
2908 5197 3003 5250 καὶ
3021 5195 3191 5266 ψύχος
3225 5195 3313 5248 τὸν
3345 5195 3568 5266 Κύριον,
3589 5194 3775 5266 ὑμνεῖ-

2196 5309 2277 5357 τε,
2316 5293 2413 5345 καὶ
2448 5289 2791 5361 ὑπερυψοῦτε
2819 5288 2980 5342 αὑτὸν
3012 5289 3093 5351 εἰς
3115 5288 3240 5351 τοὺς
3267 5289 3488 5351 αἰῶνας.

2267 5381 2356 5438 70.
2394 5381 2677 5450 Εὑλογεῖτε
2724 5379 2926 5450 πάχνη,
2979 5379 3072 5432 καὶ
3134 5377 3314 5446 χιόνες
3382 5377 3474 5430 τὸν
3527 5375 3770 5448 Κύριον,

2201 5475 2436 5544 ὑμνεῖτε,
2469 5475 2565 5526 καὶ
2601 5471 2943 5542 ὑπερυψούτε
2977 5471 3140 5523 αὑτὸν
3171 5473 3249 5532 εἰς
3270 5471 3398 5532 τοὺς
3433 5468 3658 5530 αἰῶνας.

2264 5569 2355 5621 7|.
2385 5566 2670 5634 Εὑλογεῖτε
2719 5564 2932 5628 νύκτες,
2993 5564 3089 5617 καὶ
3137 5561 3341 5634 ἡμέραι
3399 5561 3492 5613 τὸν
3541 5559 3770 5630 Κύριον,

2199 5660 2438 5730 ὑμνεῖτε,
2467 5660 2562 5713 καὶ
2601 5656 2942 5728 ὑπερυψοῠτε
2979 5654 3142 5709 αὑτὸν
3177 5655 3256 5717 εἰς
3288 5654 3414 5716 τοὺς
3439 5651 3663 5714 αἰῶνας.

2274 5753 2359 5805 72.
2397 5751 2677 5818 Εὑλογεῖτε
2711 5748 2846 5817 φῶς,
2882 5749 2977 5802 καὶ
3008 5747 3197 5809 σκότος
3219 5745 3309 5799 τὸν
3336 5743 3560 5814 Κύριον,
3580 5743 3772 5813 ὑμνεῖ⁴

2199 5863 2278 5913 τι,
2311 5845 2403 5896 καὶ
2431 5839 2769 5914 ὑπερυεζιοῦτε
2794 5839 2954 5893 αὑτὸν
2989 5839 3067 5902 εἰς
3098 5837 3223 5901 τοὺς
3261 5835 3496 5916 αἰῶνας.
