4122 6320
331 363 468 422 2857

1739 362 1966 421 CAPUT
2001 362 2095 420 ἰῐὶ.

3437 373 3579 431 2858

402 475 492 530 75.
524 473 811 545 Εὑλογεῖτε
839 474 1139 547 ἀστραπαὶ,
1169 478 1263 534 καὶ
1287 479 1508 552 νεφέλαι
1548 477 1644 534 τὸν
1679 478 1894 551 Κύριον1

2077 475 2170 532 75.
2210 475 2520 536 Benedicite
2549 478 2784 551 fulgura,
2831 488 2887 538 et
2917 482 3092 540 nubes
3150 481 3404 553 Domino,
3462 487 3578 548 lam

335 569 574 638 ὑμνεῖτε,
609 568 708 621 καὶ
742 567 1086 638 ὑπερυψοῦτε
1121 570 1286 627 αὑτὸν
1313 573 1395 636 εἰς
1427 571 1555 635 τοὺς
1581 570 1806 634 αἰῶνας.

403 660 489 716 74.
514 660 805 732 Εὑλογήτω
829 663 862 732 ὴ
882 662 955 733 γῆ
976 662 1066 716 τὸν
1089 663 1313 735 Κύρων,
1347 663 1604 734 ὑμνείτω,
1632 663 1727 717 καί
1742 663 1909 733 ὑπερ-

334 751 548 824 υψούτω
566 753 729 806 αὑτὸν
755 754 837 816 εἰς
873 754 998 818 τοὺς
1032 755 1256 820 αἰῶνας.

400 844 490 898 75.
516 843 803 912 Εὑλογεῖτε
823 844 947 916 ὅρη,
975 847 1070 900 καί
1095 846 1276 916 βουνοί
1301 846 1394 902 τὸν
1417 846 1644 920 Κύριον,
1662 847 1904 920 ὑμνεῖτε,

331 936 424 991 καὶ
454 935 799 1008 ὑπερυψοῦτε
836 937 998 993 αὑτὸν
1029 940 1110 1004 εἰς
1137 941 1265 1004 τοὺς
1292 939 1519 1004 αἰῶνας.

402 1027 490 1082 76.
528 1028 817 1096 Εὑλογεῖτε
863 1030 1042 1085 πάντα
1097 1032 1168 1086 τὰ
1201 1035 1446 1103 φυόμενα
1493 1034 1552 1087 έν
1602 1034 1668 1104 τῇ
1707 1034 1778 1104 γῇ
1812 1032 1907 1087 τὸν

332 1117 558 1188 Κύριον,
607 1120 849 1190 ὑμνεῖτε,
905 1123 1003 1176 καὶ
1058 1123 1400 1196 ὑπερυψοῦτε
1446 1123 1612 1178 αὑτὸν
1660 1127 1740 1190 εἰς
1780 1125 1906 1188 τοὺς

329 1210 550 1274 αἰῶνας.

398 1300 485 1356 77.
522 1301 810 1370 Εὑλογεῖτε
838 1303 896 1356 αἰ
925 1303 1103 1374 πηγαὶ
1131 1303 1221 1358 τὸν
1246 1305 1474 1376 Κύριον,
1505 1306 1726 1377 ὑμνεῖτε
1744 1347 1759 1373 ,
1807 1307 1905 1360 καὶ

331 1392 670 1465 ὑπερυψοῦτε
701 1395 863 1448 αὑτὸν
887 1395 969 1458 εἰς
995 1395 1124 1459 τοὺς
1155 1397 1381 1460 αἰῶνας.

399 1487 486 1542 78.
520 1487 812 1556 Εὑλογεῖτε
846 1487 1133 1554 θάλασσαι,
1157 1489 1253 1542 καὶ
1289 1489 1527 1559 ποταμοὶ
1553 1489 1646 1542 τὸν
1673 1487 1900 1560 Κύριον,

329 1577 569 1648 ὑμνεῖτε,
598 1580 694 1632 καὶ
727 1577 1070 1650 ὑπερυψοῦτε
1105 1578 1266 1632 αὑτὸν
1303 1581 1382 1642 εἰς
1412 1579 1542 1642 τοὺς
1569 1578 1793 1643 αἰῶνας.

397 1669 482 1724 79.
519 1669 810 1738 Εὑλογεῖτε
861 1670 997 1740 κήτη
1025 1707 1040 1734 ,
1091 1670 1187 1723 καί
1218 1669 1397 1724 πάντα
1422 1670 1490 1724 τὰ
1520 1671 1813 1741 κινούμενα
1841 1671 1901 1725 έν

326 1762 436 1824 τοῖς
469 1758 623 1813 ὑδασι
653 1759 745 1813 τὸν
781 1758 1008 1830 Κύριον,
1043 1758 1282 1830 ὑμνεῖτε,
1313 1761 1406 1815 καὶ
1438 1761 1780 1832 ὑπερυψοῦτε
1801 1762 1898 1816 αὑ-

329 1853 416 1906 τὸν
440 1854 520 1915 εἰς
545 1853 671 1915 τοὺς
703 1852 928 1916 αἰῶνας.

395 1943 482 2000 80.
525 1943 811 2011 Εὑλογεῖτε
840 1943 1017 1998 πάντα
1060 1943 1128 1997 τὰ
1174 1943 1403 1997 πετεινὰ
1430 1942 1522 1997 τοῦ
1553 1943 1783 2015 οὐρανοῦ
1810 1943 1902 1997 τὸν

333 2035 556 2105 Κύριον,
617 2034 834 2103 ὑμνεῖτε
861 2073 876 2099 ,
924 2037 1022 2089 καί
1054 2033 1399 2106 ὑπερυψοῦτε
1445 2033 1605 2088 αὑτὸν
1647 2036 1727 2099 εἰς
1774 2036 1903 2098 τοὺς

327 2126 540 2189 αἰῶνας.

391 2218 479 2273 81.
517 2217 804 2286 Εὑλογεῖτε
835 2217 1016 2272 πάντα
1055 2215 1124 2271 τὰ
1167 2216 1353 2288 θηρία,
1377 2219 1470 2271 καὶ
1503 2217 1572 2270 τὰ
1603 2215 1772 2289 κτήνη
1809 2218 1900 2271 τὸν

325 2309 547 2380 Κύριον,
579 2311 818 2380 ὑμνεῖτε,
852 2311 947 2364 καὶ
971 2309 1311 2380 ὑπερυψοῦτε
1332 2309 1492 2363 αὑτὸν
1513 2311 1593 2374 εἰς
1621 2311 1748 2373 τοὺς
1770 2309 1902 2364 αἰῶ-

326 2419 435 2465 νας.

390 2492 478 2546 82.
512 2491 803 2560 Εὑλογεῖτε
850 2491 958 2544 υίοί
1012 2489 1120 2545 τῶν
1170 2490 1473 2560 ἀνθρώπων
1523 2491 1617 2544 τὸν
1671 2491 1898 2564 Κύριον,

325 2584 558 2654 ὑμνεῖτε,
579 2584 674 2637 καὶ
705 2583 1049 2656 ὑπερυψοῦτε
1079 2583 1240 2637 αὑτὸν
1261 2585 1341 2646 εἰς
1365 2585 1492 2646 τοὺς
1531 2583 1755 2647 αἰῶνας.

387 2674 476 2728 83.
504 2675 791 2744 Εὑλογεῖτε
839 2677 948 2729 υἰοί
990 2675 1206 2748 Ἰσραὴλ
1239 2675 1328 2729 τὸν
1379 2675 1606 2748 Κύριον,
1656 2678 1896 2748 ὑμνεῖτε,

325 2769 415 2821 καὶ
448 2767 792 2838 ὑπερυψοῦτε
817 2768 978 2822 αὑτὸν
1011 2770 1090 2832 εἰς
1109 2769 1238 2831 τοὺς
1263 2768 1486 2831 αἰῶνας.

389 2859 478 2914 84.
520 2856 809 2926 Εύλογεῖτε
861 2858 1030 2927 ἰερεῖς
1080 2856 1172 2910 τὸν
1223 2856 1450 2926 Κύριον,
1508 2857 1752 2925 ὑμνεῖτε,
1803 2856 1899 2910 καὶ

323 2947 660 3020 ὑπερυψοῦτε
682 2948 843 3002 αὑτὸν
874 2951 954 3011 εἰς
987 2947 1114 3010 τοὺς
1143 2947 1366 3010 αἰῶνας.

387 3039 474 3094 85.
497 3039 784 3106 Εὑλογεῖτε
811 3037 984 3091 δοῦλοι
1031 3021 1238 3109 Κυρίου
1273 3038 1363 3091 τὸν
1397 3037 1620 3109 Κύριον,
1653 3037 1895 3108 ὑμνεῖτε,

324 3130 412 3183 καὶ
435 3129 780 3201 ὑπερυψοῦτε
803 3129 964 3182 αὑτὸν
995 3129 1075 3192 εἰς
1106 3130 1233 3192 τοὺς
1258 3129 1481 3193 αἰῶνας.

388 3222 475 3278 86.
513 3222 798 3290 Εὑλογεῖτε
840 3221 1147 3291 πνεύματα,
1183 3221 1280 3274 κοιλ⁸
1332 3220 1505 3290 ψυχαὶ
1555 3220 1781 3275 δικαίων
1803 3221 1896 3276 τὸν

321 3317 543 3388 Κύριον,
575 3317 816 3387 ὑμνεῖτε,
839 3317 935 3370 καί
955 3313 1299 3386 ὑπερυψοῦτε
1323 3314 1486 3367 αὑτὸν
1510 3315 1588 3378 εἰς
1615 3316 1741 3380 τοὺς
1762 3315 1897 3370 αἰῶ-

322 3425 435 3474 νας.

387 3499 475 3554 87.
512 3499 800 3566 Εὑλογεῖτε
828 3498 986 3562 ὅσιοι,
1035 3499 1130 3550 καὶ
1168 3498 1417 3550 ταπεινοὶ
1457 3499 1524 3568 τῇ
1567 3499 1766 3570 καρδίᾳ
1805 3499 1896 3553 τὸν

321 3590 540 3662 Κύριον,
571 3591 811 3661 ὑμνεῖτε,
838 3591 932 3642 καὶ
958 3588 1299 3660 ὑπερυψοῦτε
1324 3587 1486 3642 αὑτὸν
1509 3590 1587 3652 εἰς
1613 3589 1738 3654 τοὺς
1765 3589 1898 3642 αἰῶ-

320 3700 434 3748 νας.

384 3776 473 3832 88.
511 3775 798 3844 Εὑλογεῖτε
837 3774 1077 3838 Ἀνανία,
1119 3774 1368 3846 Ἀζαρία,
1410 3773 1631 3846 Μισαὴλ
1667 3773 1758 3828 τὸν
1781 3773 1896 3828 Κύ-

321 3885 452 3940 ριον,
490 3869 714 3937 ὑμνεῖτε
738 3909 752 3932 ,
796 3867 892 3919 καὶ
933 3864 1274 3937 ὑπερυψοῦτε
1301 3865 1463 3919 αὑτὸν
1485 3867 1565 3928 εἰς
1594 3865 1720 3928 τοὺς
1757 3865 1896 3918 αἰῶ-

321 3977 432 4024 νας.
470 3960 593 4013 Ὅτι
616 3959 886 4030 ἐρρύσατο
912 3960 1060 4028 ἡμᾶς
1096 3958 1157 4022 ἐξ
1185 3958 1336 4029 ᾅδου,
1371 3958 1467 4010 καί
1493 3960 1557 4010 ὲκ
1586 3957 1767 4029 χειρὸς
1795 3957 1884 4011 θα-

321 4050 476 4103 νάτου
511 4048 716 4102 ἔσωσεν
743 4051 924 4119 ἡμᾶς·
973 4049 1068 4100 καὶ
1108 4047 1381 4120 ἐρρύσατο
1427 4049 1573 4118 ἡμᾶς
1628 4051 1694 4102 ὲκ
1727 4047 1894 4118 μέσου

321 4141 611 4212 καιομένης
653 4139 872 4209 φλογὸς,
927 4141 1025 4194 καὶ
1077 4141 1142 4196 ὲκ
1190 4140 1360 4211 μέσου
1405 4141 1574 4212 πυρὸς
1628 4140 1896 4214 ἐρρύσατο

320 4234 480 4305 ἡμᾶς.

387 4326 475 4381 89.
527 4323 969 4394 Ἐξομολογεῖσθε
1024 4323 1102 4395 τῷ
1132 4323 1360 4394 Κυρίῳ,
1405 4325 1486 4378 ὅτι
1513 4325 1780 4396 χρηστὸς,
1811 4327 1893 4380 ὅτι

323 4417 396 4479 εἰς
427 4419 518 4469 τὸν
549 4417 719 4470 αἰῶνα
747 4417 806 4470 τὸ
840 4417 988 4480 ἔλεος
1018 4416 1203 4471 αὑτοῦ.

2006 566 2152 633 date,
2186 577 2240 624 et
2265 571 2661 642 superexaltate
2697 586 2818 627 eum
2849 573 2904 627 in
2934 574 3153 628 saecula.

2079 659 2168 716 74.
2208 659 2501 719 Benedicat
2536 673 2684 720 terra
2740 663 2990 732 Domino,
3028 665 3232 734 laudet,
3273 678 3330 722 et
3387 683 3576 738 super-

2005 753 2207 809 exaltet
2241 769 2366 810 eum
2397 755 2454 811 in
2483 757 2710 812 saecula.

2077 846 2164 901 75.
2202 845 2510 903 Benedicite
2535 857 2767 915 montes,
2795 855 2849 904 et
2867 848 3032 904 colles
3057 848 3310 914 Domino,
3338 847 3573 916 laudate,

2004 944 2062 993 et
2085 939 2481 1008 superexaltate
2516 955 2642 995 eum
2672 940 2725 994 in
2758 941 2976 997 saecula.

2077 1027 2164 1082 76.
2205 1029 2518 1086 Benedicite
2589 1030 2847 1087 universa
2900 1030 3263 1102 germinantia
3312 1031 3367 1085 in
3432 1038 3576 1091 terra

2005 1119 2261 1189 Domino,
2295 1123 2535 1191 laudate,
2561 1132 2617 1181 et
2643 1125 3044 1196 superexaltate
3062 1139 3186 1180 eum
3219 1125 3273 1180 in
3299 1125 3518 1182 saecula.

2078 1297 2166 1352 77.
2206 1298 2516 1356 Benedicite
2551 1298 2730 1356 fontes
2767 1300 3019 1371 Domino,
3048 1301 3287 1368 laudate,
3310 1310 3364 1357 et
3383 1317 3588 1372 supero

2002 1390 2238 1446 exaltate
2268 1405 2393 1446 eum
2428 1391 2484 1446 in
2523 1393 2743 1448 saecula.
3463 1381 3483 1400 I
3619 1394 3626 1400 ’

2073 1481 2162 1536 78.
2204 1481 2513 1538 Benedicite
2536 1485 2732 1551 maria,
2753 1493 2807 1540 et
2831 1483 3054 1540 ﬂumina
3067 1485 3318 1552 Domino,
3339 1487 3578 1552 laudate,

2000 1582 2054 1629 et
2085 1575 2484 1644 superexaltate
2513 1591 2638 1631 eum
2661 1578 2714 1631 in
2749 1578 2968 1632 saecula.
3115 1585 3117 1588 ‘

2075 1665 2163 1723 79.
2203 1666 2513 1724 Benedicite
2535 1677 2676 1734 cete,
2705 1679 2761 1724 et
2797 1670 3003 1737 omnia,
3033 1686 3155 1742 quae
3203 1680 3492 1726 moventur
3521 1672 3578 1726 in

2002 1759 2161 1829 aquis
2189 1759 2442 1830 Domino,
2465 1761 2702 1828 laudate,
2733 1770 2788 1817 et
2816 1763 3221 1832 superexaltate
3251 1779 3374 1820 eum
3402 1763 3456 1818 in
3478 1779 3579 1819 sae-

1931 1830 1974 1886 Β
2003 1853 2146 1908 cuia.

2073 1945 2160 1999 80.
2205 1944 2514 2002 Benedicite
2568 1959 2762 2002 omnes
2820 1946 3073 2001 volucres
3138 1945 3264 2001 caeli
3323 1945 3576 2011 Domino,

2002 2037 2241 2105 laudate,
2273 2045 2329 2092 et
2363 2037 2767 2107 superexaltate
2799 2053 2926 2092 eum
2959 2037 3014 2091 in
3049 2039 3272 2093 saecula.

2071 2209 2160 2264 8l.
2201 2207 2514 2265 Benedicite
2538 2223 2732 2266 omnes
2769 2209 2979 2276 bestiae,
3021 2217 3075 2265 et
3106 2224 3303 2280 pecora
3317 2208 3572 2276 Domino,

2001 2301 2236 2368 laudate,
2268 2310 2322 2358 et
2353 2301 2752 2372 superexaltate
2781 2316 2907 2357 eum
2931 2301 2986 2356 in
3019 2302 3237 2358 saecula.

2071 2502 2162 2558 82.
2201 2502 2509 2559 Benedicite
2535 2501 2630 2557 lilii
2667 2503 2948 2558 hominum
2978 2503 3231 2569 Domino,
3265 2503 3576 2567 laudate,et

1999 2591 2404 2662 superexaltate
2429 2605 2552 2645 eum
2582 2590 2637 2644 in
2668 2591 2889 2647 sarcula.

2071 2683 2162 2738 83.
2203 2681 2515 2738 Benedicite
2566 2683 2661 2737 ﬁlii
2695 2681 2862 2738 Israel
2920 2683 3153 2741 Domino
3181 2723 3197 2750 ,
3240 2683 3478 2749 laudate,
3522 2693 3577 2738 et

2001 2775 2403 2846 superexaltate
2436 2790 2560 2830 eum
2600 2775 2654 2830 in
2685 2776 2906 2831 saecula.

2072 2869 2160 2923 8L
2204 2867 2520 2924 Benedicite‘
2547 2869 2869 2924 sacerdotes-
2917 2867 3153 2925 Domino
3179 2908 3194 2924 .
3245 2867 3488 2934 laudate,
3521 2877 3576 2924 et

2000 2957 2400 3026 superexaltate
2431 2972 2556 3012 eum
2588 2958 2642 3010 in
2677 2957 2898 3012 saecula.

2071 3048 2160 3103 85.
2201 3048 2512 3104 Benedicite
2549 3049 2692 3104 servi
2730 3050 2944 3104 Domini
2976 3049 3230 3117 Domino,
3267 3049 3500 3112 laudate,
3519 3061 3575 3105 ct

1925 3158 1969 3217 ο
2002 3141 2402 3210 superexaltate
2426 3155 2552 3196 eum
2588 3141 2642 3194 in
2671 3140 2894 3196 saecula.

2075 3233 2164 3288 86.
2205 3231 2514 3288 Benedicite
2539 3232 2786 3301 spiritus,
2829 3241 2883 3288 et
2920 3231 3118 3286 animae
3161 3232 3436 3302 iustorum
3466 3232 3574 3287 Do-

2005 3321 2174 3390 mino,
2209 3320 2448 3388 laudate,
2475 3327 2528 3374 et
2558 3320 2954 3389 superexaltate
2977 3335 3101 3376 eum
3132 3321 3188 3375 in
3213 3321 3432 3377 alecula.

2074 3495 2161 3549 87.
2202 3492 2511 3549 Benedicite
2549 3492 2746 3560 sancti,
2784 3500 2839 3548 et
2873 3494 3105 3551 humiles
3131 3496 3297 3552 corde
3317 3495 3574 3564 Domino,

2003 3581 2241 3646 laudate,
2271 3587 2326 3634 et
2355 3578 2754 3650 superexaltate
2783 3594 2910 3635 eum
2945 3579 3001 3634 in
3035 3581 3232 3636 saecula

2073 3768 2163 3823 88.
2204 3765 2516 3824 Benedicite
2541 3767 2777 3835 Anania,
2805 3768 3020 3837 Azaria,
3076 3767 3264 3826 Misael
3321 3769 3572 3836 Domino,

2002 3859 2239 3924 laudate,
2268 3868 2322 3914 et
2347 3860 2745 3928 superexaltate
2772 3876 2898 3916 eum
2929 3864 2984 3916 in
3037 3863 3253 3916 saecula.
3275 3861 3412 3927 Quia
3432 3863 3576 3917 eruit

2003 3967 2102 4006 nos
2127 3955 2194 4006 de
2215 3950 2448 4016 inferno,
2481 3953 2627 4008 etde
2655 3967 2817 4005 manu
2854 3952 3048 4007 mortis
3077 3953 3257 4007 salvos
3299 3952 3426 4009 fecit
3452 3969 3572 4017 nos,

2002 4053 2057 4100 et
2087 4044 2340 4099 liberavit
2372 4057 2474 4098 nos
2505 4043 2574 4097 de
2627 4043 2808 4098 medio
2847 4043 3088 4098 ardentis
3134 4044 3385 4110 ﬂammae,
3419 4054 3472 4100 et
3505 4047 3573 4100 de

2003 4137 2183 4192 medio
2211 4136 2352 4206 ignis
2381 4133 2524 4190 eruit
2553 4148 2677 4191 nos.

2071 4311 2521 4369 89.Conlitemini
2554 4310 2804 4376 Domino,
2834 4309 3092 4380 quoniam
3110 4309 3568 4382 bonus,quoniam

2000 4409 2056 4463 in
2090 4415 2355 4463 aeternum
2394 4405 2775 4460 misericordia
2806 4403 2948 4474 ejus.

387 4503 476 4557 90.
505 4503 791 4574 Εύλογεῖτε
826 4506 1027 4570 πάντες
1084 4506 1134 4558 οἰ
1190 4504 1474 4576 σεϐόμενοι
1519 4504 1610 4558 τὸν
1661 4505 1889 4577 Κύριον,

2072 4500 2161 4555 90.
2203 4499 2514 4555 Bcnedicite
2560 4513 2753 4553 omnes
2816 4496 3058 4552 colentes
3119 4494 3435 4562 Dominum,
3469 4495 3571 4552 Do-

323 4595 520 4667 Κύριον
541 4597 633 4650 τὸν
665 4596 800 4649 Θεὸν
820 4597 929 4649 τῶν
953 4597 1112 4662 θεῶν,
1149 4599 1393 4668 ὑμνεῖτε,
1423 4597 1518 4650 καὶ
1551 4596 1891 4668 ἐξομολογεῖ-

325 4687 433 4753 σθε,
461 4690 541 4742 ὅτι
572 4691 652 4752 εἰς
686 4689 893 4752 πάντας
917 4689 1044 4752 τοὺς
1069 4688 1272 4752 αἰῶνας
1297 4687 1358 4741 τὸ
1387 4687 1533 4752 ἔλεος
1565 4688 1752 4744 αὑτοῦ.

388 4781 476 4837 91.
519 4782 632 4835 Καὶ
658 4780 1129 4852 Ναϐουχοδονόσορ
1175 4781 1409 4852 ἤκουσεν
1458 4781 1770 4850 ὑμνούντων
1798 4781 1894 4834 αὒ-

321 4871 444 4940 τῶν,
481 4874 577 4926 καί
619 4871 922 4941 ἐθαύμασε,
979 4872 1074 4925 καὶ
1130 4871 1390 4941 ἐξανέστη
1429 4869 1487 4922 ὲν
1517 4871 1744 4942 σπουδῇ,
1797 4872 1894 4926 καὶ

324 4959 439 5017 εἰπε
472 4967 584 5028 τοῖς
623 4965 945 5034 μεγιστᾶσιν
981 4961 1167 5016 αὐτοῦ’
1195 4962 1331 5032 Οὑχί
1357 4961 1556 5034 ἄνδρας
1576 4964 1726 5034 τρεῖς
1765 4961 1889 5016 ἐϐά-

323 5053 485 5126 λομεν
525 5057 605 5122 εἰς
643 5058 806 5126 μέσον
840 5056 932 5112 τοῦ
956 5057 1130 5132 πυρὸς
1163 5059 1606 5130 πεπεδημένους;
1643 5059 1738 5112 καί
1761 5059 1896 5112 ἀπο-

324 5149 600 5220 κριθέντες
619 5149 839 5219 λέγουσι
865 5149 943 5221 τῷ
966 5149 1208 5220 βασιλεῖ’
1254 5150 1515 5222 Ἀληθῶς,
1543 5147 1789 5220 βασιλεῦ.

396 5240 484 5296 92.
517 5242 628 5294 Καὶ
674 5241 992 5313 ἀποκριθεὶς
1035 5237 1188 5295 εἶπεν
1219 5243 1249 5294 ὁ
1298 5241 1548 5312 βασιλεύς
1572 5258 1587 5271 ’
1619 5235 1745 5294 Ὧδε
1785 5240 1896 5309 ἐγὼ

325 5332 432 5404 ὁρῶ
459 5333 658 5403 ἄνδρας
691 5333 962 5402 τέσσαρας
997 5331 1326 5402 λελυμένους
1373 5328 1808 5404 περιπατοῦντας
1837 5333 1895 5384 ὲν

330 5427 476 5494 μέσῳ
495 5424 588 5478 τοῦ
613 5427 803 5496 πυρὸς,
837 5425 934 5479 καὶ
953 5424 1220 5496 διαφθορὰ
1245 5425 1345 5476 οὑκ
1377 5422 1526 5477 ἔστιν
1563 5423 1766 5487 αὑτοῖς,
1797 5423 1894 5476 καὶ

327 5519 358 5587 ή
387 5517 571 5589 ὅρασις
592 5518 686 5570 τοῦ
707 5517 971 5588 τετάρτου
1001 5516 1162 5587 ὁμοία
1193 5514 1294 5586 υίῷ
1323 5513 1480 5568 Θεοῦ.

391 5611 482 5665 95.
504 5609 641 5663 Τότε
669 5607 939 5681 προσῆλθε
961 5605 1433 5678 Ναϐουχοδονόσορ
1458 5603 1592 5676 πρὸς
1607 5605 1705 5675 τὴν
1721 5603 1891 5675 θύραν

325 5699 420 5770 τῆς
446 5702 677 5772 καμίνου
721 5700 812 5754 τοῦ
862 5699 1035 5769 πυρὸς
1083 5698 1183 5770 τῆς
1230 5695 1549 5768 καιομένης,
1579 5697 1674 5750 καὶ
1703 5691 1886 5749 εἶπεν·

326 5789 550 5865 Σεδρὰχ,
576 5792 796 5864 Μισὰχ,
841 5790 1173 5861 Ἀϐδεναγώ,
1216 5793 1264 5845 οἰ
1307 5789 1480 5844 δοῦλοι
1501 5787 1590 5842 τοῦ
1632 5787 1767 5842 Θεοῦ
1796 5786 1889 5841 τοῦ

1997 4593 2148 4649 mino
2175 4590 2287 4647 Deo
2307 4591 2554 4653 deorum,
2585 4590 2820 4657 laudate,
2852 4597 2907 4645 et
2936 4588 3569 4658 conﬁtemini,quoniam

1996 4688 2052 4743 in
2089 4685 2273 4742 omnia
2305 4683 2502 4740 saecula
2534 4682 2910 4738 misericordia
2934 4682 3076 4752 ejus.

2066 4778 2157 4834 9|.
2195 4776 2263 4832 Et
2283 4775 2785 4832 Nabuchodonosor
2814 4775 3023 4830 audivit
3045 4773 3328 4829 laudantes
3356 4772 3571 4835 illos,et

1997 4869 2299 4940 obstupuit,
2329 4875 2382 4924 et
2411 4867 2652 4923 surrexit
2702 4882 2954 4938 propere,
3003 4874 3058 4922 et
3103 4866 3180 4921 ait
3214 4864 3569 4934 optimatibus

1998 4961 2364 5019 suiszNonne
2406 4960 2554 5016 viros
2588 4968 2698 5016 tres
2735 4961 2988 5016 misimus
3033 4959 3086 5013 in
3140 4959 3380 5015 medium
3428 4958 3580 5028 ignis

1997 5050 2376 5124 compeditos?
2410 5061 2465 5107 et
2519 5052 2914 5121 respondentes
2967 5048 3159 5105 dicunt
3213 5047 3372 5119 regi:
3409 5048 3568 5112 Vere,

1997 5160 2115 5199 rex.

2065 5235 2153 5290 92.
2196 5234 2263 5290 Εἰ
2295 5233 2634 5306 respondens
2669 5232 2807 5288 dixit
2835 5247 2968 5287 rex:
3031 5231 3130 5287 llie
3167 5245 3270 5302 ego
3300 5230 3459 5285 video
3491 5229 3569 5281 vi-

1997 5343 2091 5382 ros
2125 5337 2360 5397 quatuor
2395 5327 2606 5381 solutos
2637 5324 2979 5378 ambulantes
3007 5322 3062 5377 in
3099 5324 3279 5378 medio
3318 5322 3481 5393 ignis,
3515 5331 3570 5377 et

1996 5419 2275 5486 corruptio
2302 5431 2410 5470 non
2437 5425 2522 5471 est
2570 5416 2622 5469 in
2651 5417 2754 5482 eis,
2807 5423 2862 5470 et
2903 5415 3112 5484 species
3159 5416 3342 5486 quarti
3372 5416 3568 5472 similis

1997 5509 2110 5562 lilio
2143 5507 2260 5562 Dei.

2066 5601 2156 5656 9'5.
2199 5600 2353 5655 Tune
2397 5601 2633 5656 accessit
2688 5599 3196 5660 Nabuchodonosor
3241 5603 3308 5658 ad
3364 5603 3566 5658 ostium

1996 5694 2236 5749 fornacis
2266 5693 2406 5765 ignis
2429 5693 2692 5761 ardentis,
2714 5702 2769 5749 et
2793 5695 2932 5750 dixit
2974 5713 2988 5749 :
3029 5695 3267 5751 Sedrach
3293 5737 3308 5762 ,
3339 5694 3566 5761 Misach,

1997 5789 2312 5860 Abdenago,
2340 5788 2481 5845 servi
2509 5787 2603 5843 Dei
2628 5787 2848 5857 excelsi,
2875 5788 3215 5858 egredimini,
3270 5798 3322 5847 et
3367 5790 3562 5847 venite.
