4122 6320
535 356 676 415 9859

1605 361 1864 418 DANIEL
1897 358 2120 418 JUXTA
2163 355 2613 415 THEODOTION
2625 357 2711 413 ΕΜ

3642 351 3790 409 2860

535 471 601 529 Ει
624 487 881 545 egressus
910 485 994 533 est
1023 476 1288 549 Sedrach,
1324 481 1551 550 Misach,
1580 479 1874 549 Abdenago
1901 478 1969 533 de
1995 492 2109 534 me-

2214 475 2460 546 ὑψίστου,
2499 475 2765 540 ἐξὲλθετε,
2795 475 2889 528 καὶ
2940 471 3126 528 δεῦτε⁹
3161 471 3257 527 καὶ
3304 469 3498 540 ἐξῆλθε
3557 469 3791 544 seem,

533 566 624 621 dio
658 567 818 638 ignis.

605 659 695 715 9‘.
738 659 803 715 Et
821 670 1219 735 congregantur
1249 674 1502 735 satrapae,
1538 673 1592 720 et
1611 663 1798 731 duces,
1832 671 1888 720 et
1923 674 2111 736 topar-

535 749 673 818 chte,
717 761 772 807 et
797 763 1047 823 potentes
1080 755 1244 825 regis,
1279 765 1335 811 et
1370 754 1882 824 contemplabantur
1937 754 2109 820 viros,

534 844 798 912 quoniam
825 846 960 900 nihil
991 847 1278 916 potestatis
1318 847 1602 902 habuisset
1634 845 1776 917 ignis
1801 847 1853 900 in
1885 861 2112 915 corpore

533 948 749 999 eorum,
779 944 834 991 et
869 937 1098 1006 capillus
1130 937 1326 1008 capitis
1350 951 1537 992 eorum
1565 952 1674 991 non
1691 946 1836 994 esset
1859 937 2110 1005 adustus,

533 1031 588 1077 et
619 1025 878 1079 sarabara
909 1039 1098 1080 eorum
1128 1040 1236 1080 non
1270 1025 1506 1082 fuissent
1537 1026 1846 1094 immutata,
1884 1037 1939 1083 et
1976 1028 2112 1083 odor

535 1109 678 1182 ignis
702 1131 809 1170 non
833 1124 979 1171 esset
1001 1116 1056 1170 in
1087 1116 1188 1173 eis.

603 1204 694 1260 95.
736 1205 802 1260 Et
835 1206 1085 1263 adoravit
1112 1209 1166 1262 in
1203 1219 1497 1280 conspectu
1545 1226 1737 1267 eorum
1777 1226 1869 1267 rex
1921 1210 2108 1267 Domi-

532 1312 685 1363 num,
710 1307 765 1352 et
790 1301 1071 1369 respondit
1103 1301 1626 1370 Nabuchodonosor,
1645 1315 1700 1360 et
1727 1304 1912 1359 dixiL:
1942 1304 2111 1359 Bene-

531 1387 712 1445 dictus
741 1389 886 1447 Deus
923 1391 1184 1459 Sedraeh,
1220 1394 1450 1463 Misaeh,
1491 1396 1806 1467 Abdenago,
1839 1396 1932 1466 qui
1963 1395 2112 1450 misit

531 1482 788 1551 angelum
819 1499 1003 1549 suum,
1028 1495 1084 1540 et
1111 1487 1254 1542 eruit
1281 1502 1472 1544 servos
1507 1503 1657 1552 suos,
1688 1489 1815 1557 quia
1863 1487 2109 1543 credide-

532 1580 664 1626 runt
700 1574 755 1628 in
783 1589 948 1642 eum;
995 1585 1050 1632 et
1083 1577 1311 1633 verbum
1363 1578 1508 1648 regis
1570 1578 2020 1642 immutaverunt,‘
2056 1585 2110 1631 et

532 1661 878 1719 tradiderunt
900 1681 1129 1737 corpora
1161 1684 1260 1723 sua
1293 1669 1349 1724 in
1380 1670 1580 1739 ignem,
1610 1683 1680 1723 ne
1709 1669 1995 1733 servirent,
2015 1681 2109 1722 ne-

532 1767 640 1821 que
665 1753 959 1810 adorarent
981 1771 1198 1813 omnem
1230 1759 1415 1824 deum,
1450 1767 1646 1828 praeter
1673 1757 1845 1814 Deum
1884 1773 2070 1814 suum.

602 1933 692 1991 96.
733 1934 802 1991 Et
829 1952 931 2008 ego
964 1954 1213 2010 propono
1243 1940 1521 1997 decretum
1547 1983 1561 2004 ,
1616 1952 1677 1996 ut
1737 1940 1918 1997 omnis
1943 1956 2110 2011 popu-

531 2025 638 2090 lus,
672 2027 867 2092 tribus.
890 2029 1094 2101 lingua,
1127 2047 1490 2103 quaecumque
1519 2034 1741 2102 quuuta
1775 2033 1936 2088 fuerit
1965 2034 2111 2088 blas-

531 2113 803 2183 phemiam
835 2129 1023 2174 contra
1054 2118 1224 2174 Deum
1252 2119 1512 2186 Sedrach,
1538 2121 1762 2188 Misacb,
1792 2122 2108 2192 Abdenago,

532 2203 585 2257 in
615 2206 976 2274 perditionem
1019 2219 1200 2277 erunt,
1232 2220 1286 2266 et
1315 2213 1511 2268 domus
1549 2228 1737 2268 eorum
1764 2213 1819 2266 in
1858 2213 2111 2283 direptio-

531 2309 654 2350 nem
686 2310 888 2354 erunt:
923 2309 1211 2373 pr0pterea
1237 2304 1384 2376 quod
1409 2320 1517 2362 non
1548 2315 1632 2361 est
1664 2305 1809 2362 Deus
1835 2307 2110 2378 alius,qui

529 2389 706 2456 possit
727 2391 942 2448 salvare
964 2408 1060 2449 eos
1087 2394 1185 2450 ita.

601 2478 691 2534 97.
735 2480 891 2538 Tunc
913 2498 1009 2538 rex
1049 2487 1321 2554 promovit
1352 2485 1614 2552 Sedrach,
1648 2488 1876 2557 Misach,
1927 2489 2110 2545 Abde-

531 2585 674 2640 nago
700 2570 756 2625 in
787 2573 1007 2642 regione
1039 2573 1356 2648 Babylonis,
1387 2587 1440 2633 et
1469 2579 1623 2634 auxit
1667 2595 1784 2643 eos,
1829 2589 1884 2635 et
1917 2581 2111 2652 dignos

533 2661 728 2718 habuit
761 2663 935 2734 ipsos,
983 2668 1077 2736 qui
1115 2680 1413 2738 praeessent
1446 2673 1704 2729 omnibus
1757 2671 1984 2742 Iudaeis,
2015 2675 2110 2747 qui

530 2761 688 2808 erant
713 2754 768 2808 in
799 2771 968 2826 regno
995 2773 1119 2813 suo.

603 2855 692 2910 98.
736 2855 1245 2915 Nabuchodonosor
1270 2876 1365 2916 rex
1399 2864 1663 2920 omnibus
1714 2865 1950 2935 populis,
2009 2866 2110 2920 tri-

533 2945 746 3012 bubus,
795 2949 1022 3021 linguis,
1082 2951 1458 3011 habitantibus
1503 2955 1558 3010 in
1611 2955 1866 3013 universa
1929 2967 2109 3014 terra:

531 3053 635 3108 pax
661 3039 818 3095 vobis
847 3042 1257 3112 multiplicetur.

601 3131 690 3187 99.
735 3131 925 3205 Signa,
962 3143 1020 3191 et
1074 3144 1308 3202 ostenta,
1368 3150 1491 3208 qua:
1541 3137 1669 3193 fecit
1725 3155 1937 3194 mecum
1967 3139 2111 3197 Deus

529 3225 817 3292 excelsus,
877 3227 1083 3298 placuit
1132 3229 1186 3284 in
1245 3239 1540 3300 conspectu
1592 3246 1716 3286 meo
1783 3234 2113 3290 annuntiare

529 3319 708 3384 vobis,
733 3337 898 3392 quam
929 3337 1146 3395 magna,
1177 3332 1232 3379 et
1264 3323 1448 3379 fortia.

602 3412 726 3468 100.
768 3413 1015 3486 Regnum
1047 3415 1169 3486 ejus
1195 3431 1426 3486 regnum
1459 3417 1873 3488 sempiternum,
1912 3427 1968 3474 et
2012 3434 2112 3490 po-

533 3512 703 3561 testas
731 3505 852 3576 ejus
885 3505 940 3560 in
970 3507 1375 3578 generationem
1407 3517 1462 3562 et
1499 3509 1930 3578 generationem.

1133 3617 1363 3675 CAPUT
1418 3619 1510 3674 IV.

607 3710 658 3762 l.
698 3707 812 3778 Ego
835 3705 1346 3765 Nabuchodonosor
1379 3711 1664 3768 abundans
1691 3728 1840 3770 eram
1875 3715 1928 3769 in
1951 3714 2114 3771 domo

535 3816 675 3867 mea,
707 3810 762 3856 et
787 3800 990 3857 ﬂorens
1023 3801 1078 3856 in
1114 3801 1314 3858 throno
1349 3817 1472 3859 meo
1503 3814 1557 3859 et
1587 3805 1801 3879 pinguis
1831 3807 1884 3862 in
1912 3808 2114 3878 populo

534 3911 584 3947 Ill
591 3909 676 3949 θο.

602 3987 656 4041 2.
701 3985 986 4043 Somnium
1020 3987 1148 4055 vidi,
1175 3995 1229 4043 et
1253 3989 1546 4059 perterruit
1585 4005 1696 4056 me,
1753 3999 1808 4047 et
1859 3991 2112 4050 turbatus

531 4094 650 4133 sum
675 4079 727 4133 in
757 4079 920 4134 cubili
945 4095 1088 4148 meo,
1118 4088 1173 4136 et
1211 4080 1450 4137 visiones
1501 4080 1696 4153 capitis
1735 4082 1842 4138 mei
1887 4091 2113 4139 conlur—

533 4172 800 4225 baverunt
823 4187 930 4226 me.

603 4264 656 4317 5.
703 4262 768 4318 Et
795 4279 825 4317 a
852 4277 939 4319 me
968 4265 1306 4336 propositum
1343 4273 1427 4321 est
1461 4265 1764 4334 decretum,
1787 4275 1848 4322 ut
1871 4267 2114 4323 introdu-

531 4361 787 4406 (crcnlur
811 4352 866 4406 in
901 4365 1194 4424 conspectu
1236 4371 1356 4410 meo
1393 4372 1586 4413 omnes
1616 4358 1892 4428 sapientes
1934 4358 2112 4430 Baby-

531 4447 695 4511 lonis,
727 4454 783 4500 ut
807 4445 1306 4516 interpretationem
1347 4450 1546 4504 somnii
1574 4449 1878 4506 indicarent
1901 4451 2076 4507 mihi.‘
2100 4499 2112 4518 ,

600 4537 654 4592 ὁ.
724 4537 792 4592 Ει
851 4538 1298 4608 ingrediebantur
1330 4539 1526 4607 ‘arioli,
1586 4542 1754 4613 magi,
1824 4541 2098 4612 gazareni,

2211 567 2420 638 Μισὰχ,
2463 565 2773 636 Ἀδδεναγὼ
2805 568 2869 619 ἐκ
2901 567 3065 638 μέσου
3093 564 3190 618 τοῦ
3225 563 3416 635 πυρός.

2281 656 2368 712 94.
2406 658 2520 711 Kal
2567 657 2890 725 συνάγονται
2936 658 2984 710 οί
3015 656 3312 727 σατράπαι,
3349 653 3443 706 καὶ
3476 653 3523 705 οί
3549 669 3794 723 στρατη-
3823 643 3828 650 ³

2209 749 2318 818 yol,
2350 749 2446 802 καὶ
2473 750 2522 803 oi
2553 749 2848 820 τοπάρχαι,
2877 749 2974 802 καὶ
2999 750 3049 803 οί
3083 747 3340 801 δυνάσται
3380 744 3476 798 τοῦ
3501 744 3791 814 βασιλέως,

2211 841 2308 895 καὶ
2332 840 2604 913 ἐθεώρουν
2632 841 2759 905 τοὺς
2780 839 2999 912 ἄνδρας,
3032 841 3115 894 ὅτι
3147 840 3247 893 οὐκ
3277 837 3565 909 ἐκυρίευσε
3593 837 3654 890 τὸ
3679 836 3794 908 πῦρ

2209 929 2305 983 τοῦ
2345 929 2599 1001 σώματος
2639 929 2841 994 αὐτῶν,
2873 930 2969 984 καὶ
2995 931 3028 1000 ἡ
3059 928 3182 1000 θρὶξ
3207 928 3306 998 τῆς
3335 927 3579 997 κεφαλῆς
3607 925 3794 981 αὐτῶν

2209 1023 2310 1076 οὐκ
2339 1022 2658 1094 ἐφλογίσθη,
2686 1023 2784 1076 καὶ
2803 1021 2872 1076 τὰ
2898 1019 3188 1093 σαράὸαρα
3217 1018 3396 1073 αὐτῶν
3429 1019 3532 1072 ούκ
3564 1017 3798 1089 ἠλλοιώ-

2213 1113 2303 1183 θη,
2332 1115 2428 1169 καὶ
2455 1115 2601 1187 ὀσμὴ
2629 1115 2802 1186 πυρὸς
2831 1114 2932 1168 οὐκ
2959 1108 3028 1184 ἦν
3049 1115 3108 1166 ὲν
3134 1111 3342 1176 αὐτοῖς.

2280 1206 2370 1262 95.
2413 1207 2524 1262 Kal
2546 1206 2954 1278 προσεκύνησεν
2985 1203 3216 1260 ἐνώπιον
3269 1203 3449 1258 αὐτῶν
3481 1205 3510 1258 ὁ
3541 1201 3799 1274 βασιλεὺς

2208 1297 2286 1368 τῷ
2346 1297 2577 1369 Κυρίῳ⁶
2639 1298 2739 1351 καὶ
2794 1297 3070 1368 ἀπεκρίθη
3125 1295 3599 1367 Ναϐουχοδονόσορ
3626 1338 3640 1361 ,
3695 1296 3798 1348 καὶ

2209 1384 2383 1442 εἷπεν·
2416 1389 2722 1459 Εὐλογητὸς
2745 1391 2774 1443 ὁ
2799 1389 2932 1454 Θεὸς
2959 1386 3056 1441 τοῦ
3089 1387 3319 1460 Σεδρὰχ,
3351 1387 3557 1458 Μισὰχ,
3607 1387 3794 1442 Ἀϐδε-

2210 1479 2379 1550 ναγὼ,
2408 1480 2469 1544 ὸς
2498 1481 2786 1535 ἀπέστειλε
2831 1480 2920 1534 τὸν
2945 1479 3177 1548 ἄγγελον
3219 1479 3409 1543 αὑτοῦ,
3435 1480 3531 1534 καὶ
3557 1479 3797 1543 ἐξείλετο

2209 1572 2336 1635 τοὺς
2371 1572 2566 1636 παῖδας
2589 1572 2777 1638 αὑτοῦ,
2817 1573 2900 1626 ὃτι
2942 1571 3324 1626 ἐπεποίθεισαν
3370 1571 3458 1623 ἐπ’
3485 1570 3660 1640 αὐτῷ·
3698 1570 3799 1624 καὶ

2208 1664 2268 1718 τὸ
2295 1665 2450 1736 ῥῆμα
2477 1665 2571 1719 τοῦ
2604 1665 2868 1736 βασιλέως
2888 1665 3211 1736 ὴλλοίωσαν,
3245 1665 3342 1718 καὶ
3369 1663 3694 1735 παρέδωκαν
3725 1663 3802 1716 τὰ

2213 1755 2443 1828 σώματα
2466 1757 2646 1812 αὐτῶν
2675 1759 2754 1822 είς
2782 1757 2916 1828 πῦρ,
2959 1758 3107 1822 ὅπως
3141 1756 3216 1828 μὴ
3261 1755 3620 1825 λατρεύσωσι,
3659 1755 3802 1826 μηδὲ

2145 1853 2188 1909 Β
2216 1850 2636 1920 προσκυνήσωσι
2660 1851 2826 1902 παντὶ
2854 1848 2982 1920 θεῷ,
3019 1848 3135 1902 ἀλλ’
3165 1847 3198 1918 ἢ
3225 1847 3304 1918 τῷ
3335 1847 3454 1918 Θεῷ
3480 1844 3686 1900 αὐτῶν.

2282 1940 2368 1998 96.
2403 1943 2515 1995 Kal
2545 1940 2656 2010 ἐγὼ
2689 1941 2972 2012 ἐκτίθεμαι
3025 1941 3236 2010 δόγμα,
3289 1940 3438 2003 ὅπως
3486 1941 3594 2002 πᾶς
3644 1937 3802 2005 λαὸς,

2211 2032 2370 2104 φυλὴ,
2395 2032 2636 2102 γλῶσσα,
2667 2033 2702 2104 ἣ
2723 2033 2819 2087 ἐὰν
2852 2033 2983 2105 εῐπῃ
3002 2032 3351 2103 βλασφημίαν
3382 2030 3526 2085 κατὰ
3544 2029 3638 2084 τοῦ
3658 2028 3802 2083 Θεοῦ

2209 2121 2439 2192 Σεδράχ,
2475 2121 2680 2192 Μισὰχ,
2725 2121 3054 2190 Ἀϐδεναγὼ,
3104 2123 3184 2184 είς
3213 2119 3488 2174 ἀπώλειαν
3539 2118 3800 2183 ἔσονται,

2211 2213 2307 2267 καὶ
2341 2215 2390 2266 οί
2431 2209 2572 2266 οἴκοι
2607 2213 2786 2267 αὐτῶν
2837 2213 2917 2276 είς
2947 2211 3256 2283 διαρπαγὴν
3303 2210 3520 2264 ἔσονται
3548 2225 3562 2239 ·
3601 2208 3801 2263 καθότι

2209 2304 2312 2358 οὐκ
2369 2304 2486 2357 ἔστι
2544 2304 2676 2369 Θεὸς
2724 2304 2930 2376 ἕτερος,
2975 2305 3124 2368 ὅστις
3174 2303 3462 2374 δυνήσεται
3526 2295 3798 2371 ῥύσασθαι

2211 2397 2408 2461 αὐτοὺς
2439 2396 2631 2461 οὕτως.

2283 2509 2370 2562 97.
2397 2509 2530 2563 Τότε
2555 2511 2584 2564 ὁ
2613 2509 2866 2574 βασιλεὺς
2894 2509 3192 2564 κατεύθυνε
3219 2506 3311 2560 τὸν
3332 2503 3554 2576 Σεδρὰχ,
3578 2503 3794 2574 Misi],

2223 2597 2548 2667 Ἀὁδεναγὼ,
2587 2599 2645 2652 ἐν
2666 2601 2732 2669 τῇ
2760 2598 2914 2670 χώρα
2943 2597 3283 2662 Βαὸυλῶνος,
3308 2598 3405 2650 καὶ
3434 2594 3667 2668 ηὕξησεν
3687 2595 3793 2650 a6-

2209 2689 2357 2753 τοὺς,
2381 2689 2475 2742 καὶ
2500 2687 2732 2759 ἠξίωσεν
2761 2688 2959 2752 αὐτοὺς
2996 2687 3248 2758 ἡγεῖσθαι
3278 2688 3496 2741 πάντων
3521 2685 3627 2740 τῶν
3657 2687 3796 2740 ἰου-

2209 2779 2396 2844 δαίων,
2429 2779 2536 2832 τῶν
2565 2779 2734 2833 ὄντων
2768 2781 2827 2834 ἐν
2864 2781 2932 2851 τῇ
2958 2778 3207 2850 βασιλείᾳ
3228 2777 3414 2832 αὐτοῦ.

2280 2871 2370 2926 98.
2400 2870 2874 2943 Ναϐουχοδονόσορ
2924 2872 2952 2924 ὁ
2987 2870 3240 2941 βασιλεὺς
3271 2872 3405 2924 πᾶσι
3453 2871 3564 2932 τοῖς
3619 2868 3800 2934 λαοῖς,

2212 2963 2425 3034 φυλαῖς,
2459 2964 2754 3033 γλώσσαις,
2788 2967 2901 3029 τοῖς
2932 2963 3176 3018 οἰκοῦσιν
3209 2965 3266 3017 ἐν
3298 2963 3446 3034 πάσῃ
3480 2963 3548 3034 τῇ
3591 2962 3684 3033 γῇ,
3717 2963 3808 3014 εί-

2213 3059 2348 3129 ρήνη
2381 3057 2508 3128 ύμῖν
2531 3057 2886 3128 πληθυνθείη.

2285 3147 2372 3204 99.
2423 3149 2502 3203 Τὰ
2555 3151 2777 3220 σημεῖα,
2812 3149 2908 3203 καὶ
2944 3148 3013 3201 τὰ
3042 3150 3270 3219 τέρατα,
3309 3143 3344 3200 ά
3397 3145 3623 3216 ἐποίησε
3677 3144 3810 3216 μετ’

2215 3241 2350 3311 ἐμοῦ
2378 3241 2405 3294 ὁ
2429 3239 2560 3304 Θεὸς
2590 3242 2619 3294 ὁ
2662 3239 2918 3310 ὕψιστος,
2959 3240 3157 3312 ἤρεσεν
3207 3239 3450 3292 ἐναντίον
3483 3255 3585 3309 μου
3627 3237 3812 3304 ἀναγ-

2213 3332 2390 3401 γετλαι
2427 3332 2576 3402 ὑμῖν,
2609 3331 2685 3396 ὼς
2711 3332 2944 3403 μεγάλη,
2975 3332 3072 3384 καὶ
3106 3330 3324 3402 ἰσχυρά.

2288 3419 2414 3474 100.
2451 3422 2517 3473 Ἠ
2546 3421 2790 3491 βασιλεία
2828 3421 2993 3475 αὑτοῦ
3027 3419 3276 3490 βασιλεία
3325 3419 3540 3482 αἰώνιος
3567 3458 3581 3485 ,
3617 3419 3713 3473 καὶ
3761 3419 3810 3491 ἡ

2214 3512 2432 3579 ἐξουσία
2460 3513 2624 3569 αὑτοῦ
2649 3516 2726 3580 είς
2757 3515 2951 3583 γενεὰν
2982 3517 3078 3570 καὶ
3109 3514 3323 3585 γενεάν.

2746 3629 3146 3683 ΚΕΦΑΛΑΙΟΝ
3185 3633 3260 3686 A'.

2285 3718 2338 3772 1.
2373 3716 2518 3784 Ἐγὼ
2543 3717 3011 3790 Ναϐουχοδονόσορ
3040 3718 3282 3788 εύθηνῶν
3308 3721 3457 3792 ἥμην
3479 3720 3536 3773 ἐν
3559 3719 3636 3792 τῷ
3661 3721 3811 3792 οἴκῳ

2217 3825 2343 3878 μου,
2376 3808 2472 3861 καὶ
2511 3808 2750 3861 εὐθαλῶν
2780 3809 2874 3862 ἐπὶ
2903 3808 2996 3864 τοῦ
3039 3809 3228 3884 θρόνου
3262 3827 3364 3882 μου
3398 3815 3467 3882 χ(
3517 3813 3610 3867 καὶ
3655 3813 3808 3867 πίων

2213 3901 2283 3969 x
2317 3901 2374 3954 ἐν
2405 3899 2484 3972 τῷ
2507 3900 2622 3972 λαῷ
2654 3918 2774 3970 μου.

2282 3991 2339 4047 2.
2385 3992 2667 4046 Ἐνύπνιον
2700 3989 2858 4061 εἶδον,
2894 3995 2988 4048 καὶ
3019 3993 3308 4066 ἐφοὸἐρισέ
3341 4013 3407 4065 με
3454 3996 3550 4049 καὶ
3597 3995 3807 4068 ἐταρά-

2212 4079 2348 4153 χθην
2375 4081 2469 4134 ἐπὶ
2503 4081 2602 4150 τῆς
2647 4081 2836 4153 κοίτης
2887 4099 3011 4154 μου,
3041 4083 3136 4137 καὶ
3165 4082 3223 4136 αἱ
3249 4082 3466 4154 ὁράσεις
3496 4080 3598 4152 τῆς
3623 4098 3808 4149 κεφα-
3835 4085 3838 4089 '

2213 4172 2312 4243 λῆς
2347 4190 2449 4244 μου
2481 4173 2850 4245 συνετάραξάν
2887 4191 2975 4245 με.

2284 4265 2339 4320 5.
2368 4267 2478 4321 Kal
2506 4267 2636 4339 παρ’
2663 4265 2797 4336 ἐμοῦ
2828 4266 3050 4336 ἐξετέθη
3081 4265 3278 4336 δόγμα,
3329 4265 3426 4318 τοῦ
3476 4264 3804 4332 εἰσαγαγεῖν

2213 4360 2444 4416 ἐνώπιόν
2476 4379 2579 4432 μου
2623 4361 2831 4425 πάντας
2859 4363 2982 4425 τοὺς
3024 4361 3221 4429 σοφοὺς
3271 4357 3612 4421 Βαϐυλῶνος,
3644 4357 3800 4419 ὅπως

2212 4452 2312 4524 τὴν
2339 4451 2628 4524 σύγκρισιν
2655 4452 2750 4505 τοῦ
2783 4451 3035 4506 ἐνυπνίου
3067 4450 3378 4519 γνωρίσωσί
3411 4467 3524 4518 μοι.

2279 4543 2334 4597 4.
2369 4543 2478 4596 Kal
2499 4541 2913 4612 εἰσεπορεύοντο
2948 4543 2995 4594 οἰ
3020 4540 3282 4602 ἐπαοιδοὶ,
3321 4541 3508 4610 μάγοι,
3539 4538 3792 4610 γαζαρη-

530 4630 789 4694 Chaldaei,
823 4641 877 4685 et
901 4631 1176 4684 somnium
1209 4630 1319 4684 dixi
1347 4646 1449 4701 ego
1479 4631 1533 4686 in
1574 4611 1868 4702 conspectu
1896 4647 2107 4696 eorum,

2214 4633 2314 4694 vol,
2350 4632 2648 4696 Χαλδαῖοι,
2692 4633 2789 4686 καὶ
2821 4631 2880 4685 τὸ
2927 4631 3177 4684 ἐνύπνιον
3207 4626 3360 4685 εἷπον
3414 4631 3524 4699 ἐγὼ
3559 4629 3796 4684 ἐνώπιον

531 4729 586 4775 et
611 4720 1118 4789 interpretationem
1145 4720 1266 4790 ejus
1295 4735 1400 4773 non
1429 4721 1744 4776 indicarunt
1775 4721 1931 4778 mihi.

604 4811 659 4866 5.
706 4811 886 4866 Donec
911 4811 1052 4867 alius
1086 4811 1370 4882 ingressus
1401 4822 1484 4869 est
1530 4813 1583 4867 in
1633 4823 1926 4882 conspectu
1966 4828 2108 4880 meo,

534 4903 744 4968 Daniel,
776 4903 935 4974 cujus
963 4918 1158 4958 nomen
1190 4903 1439 4958 Baltasar
1468 4905 1768 4960 secundum
1803 4919 1998 4960 nomen
2018 4904 2111 4959 Dei

531 4996 658 5061 mei,
691 4995 785 5066 qui
811 4996 1076 5066 Spiritum
1105 4993 1199 5050 Dei
1223 5002 1474 5050 sanctum
1510 4995 1672 5051 habet
1701 4996 1752 5050 in
1787 4996 2110 5066 semetipso;

528 5099 584 5143 et
608 5089 880 5144 somnium
909 5102 1093 5143 coram
1116 5102 1182 5142 eo
1202 5086 1336 5142 dixi.

599 5181 654 5236 6.
697 5180 950 5236 Baltasar
1022 5181 1276 5251 princeps
1340 5179 1638 5234 ariolorutn
1670 5221 1685 5245 ,
1742 5193 1905 5248 quem
1960 5179 2109 5246 novi,

531 5277 677 5344 quod
715 5276 954 5346 Spiritus
990 5275 1082 5329 Dei
1115 5284 1340 5330 sanctus
1370 5273 1440 5330 sit
1469 5274 1528 5328 in
1559 5283 1630 5337 te,
1667 5281 1721 5328 et
1753 5288 1913 5328 omne
1931 5289 2113 5328 sacra-

535 5379 776 5422 mentum
809 5384 914 5423 non
949 5379 1032 5424 est
1087 5367 1428 5438 impossibile
1457 5366 1549 5420 tibi
1588 5385 1604 5434 ;
1666 5365 1789 5420 audi
1844 5365 2110 5420 visionem

534 5461 755 5523 somnii,
807 5461 950 5529 quod
1010 5461 1138 5525 vidi,
1195 5471 1251 5514 et
1318 5459 1821 5528 interpretationem
1864 5458 1984 5528 ejus
2023 5459 2110 5514 dic

608 5645 658 5698 7.
702 5643 768 5698 Et
799 5645 1038 5699 visiones
1071 5644 1266 5714 capitis
1295 5645 1399 5698 mei
1430 5645 1482 5700 in
1505 5645 1670 5701 cubili
1698 5661 1818 5701 meo
1842 5645 2108 5711 videbam,

534 5747 588 5791 et
612 5752 739 5792 ecce
768 5739 926 5790 arbor
974 5752 1080 5790 una
1125 5737 1178 5790 in
1225 5738 1405 5792 medio
1445 5746 1622 5802 teme,
1653 5748 1706 5793 et
1740 5737 1964 5793 altitudo
1991 5738 2109 5806 ejus

538 5830 732 5886 multa.

2213 4725 2412 4789 αὐτῶν,
2443 4725 2537 4779 καὶ
2574 4723 2672 4796 τὴν
2709 4723 2996 4798 σύγκρισιν
3026 4724 3186 4778 αὐτοῦ
3217 4727 3316 4778 ούκ
3341 4723 3649 4794 ἐγνώρισαν
3676 4741 3792 4793 μοι.

2283 4813 2335 4868 5.
2376 4811 2524 4877 Ἕως
2555 4805 2616 4866 οὗ
2637 4813 2823 4884 ἕτερος
2852 4812 3102 4882 εἰσῆλθεν
3133 4811 3363 4867 ἐνώπιόν
3407 4831 3531 4884 μου,
3566 4813 3791 4883 Δανιὴλ,

2213 4898 2273 4960 οῦ
2296 4905 2356 4960 τὸ
2381 4906 2553 4976 ὄνομα
2578 4905 2865 4976 Βαλτάσαρ
2886 4905 3028 4959 κατὰ
3060 4905 3120 4957 τὸ
3143 4905 3314 4974 ὄνομα
3345 4905 3439 4958 τοῦ
3483 4905 3616 4958 Θεοῦ
3661 4923 3792 4975 μου,

2212 5000 2270 5062 ὃς
2295 4999 2516 5068 Πνεῦμα
2547 4997 2680 5051 Θεοῦ
2708 4997 2863 5065 ἆγιον
2901 4996 3013 5067 ἔχει
3055 4998 3112 5050 ἐν
3163 4996 3344 5068 ἑαυτῷ
3363 5015 3376 5028 ο
3419 4998 3516 5051 καὶ
3543 4997 3794 5051 ἐνύπνιον

2213 5087 2442 5143 ἐνώπιον
2473 5087 2637 5142 αὐτοῦ
2660 5083 2832 5142 εἷπον.

2285 5181 2336 5236 6.
2372 5180 2658 5252 Βαλτάσαρ
2682 5182 2709 5234 ὁ
2747 5183 2930 5254 ἄρχων
2961 5182 3069 5236 τῶν
3090 5182 3378 5250 ἐπαοιδῶν,
3409 5182 3468 5236 ὃν
3503 5181 3674 5250 ἔγνων
3707 5181 3790 5235 ὅτι

2214 5273 2440 5344 Πνεῦμα
2489 5273 2622 5328 Θεοῦ
2656 5273 2812 5343 ἅγιον
2853 5275 2910 5327 ἐν
2945 5274 3048 5339 σοὶ,
3081 5275 3176 5328 καὶ
3221 5275 3328 5328 πᾶν
3365 5275 3662 5346 μυστήριον
3692 5273 3792 5326 οὐκ

2215 5367 2470 5420 ἀδυνατεῖ
2516 5384 2619 5432 σοι,
2651 5366 2883 5420 ἄκουσον
2917 5368 3014 5438 τὴν
3048 5368 3238 5438 ὅρασιν
3282 5366 3376 5420 τοῦ
3435 5367 3689 5421 ἐνυπνίου
3728 5360 3789 5420 οὗ

2214 5453 2374 5524 εἶδον,
2407 5459 2502 5512 καὶ
2529 5458 2629 5530 τὴν
2663 5456 2950 5528 σύγκρισιν
2982 5457 3147 5512 αὐτοῦ
3179 5458 3300 5511 εἰπὲ
3333 5476 3443 5529 μοι.

2284 5641 2339 5696 7.
2383 5640 2495 5692 Kal
2519 5638 2618 5702 τὰς
2646 5637 2864 5710 ὁράσεις
2889 5636 2987 5705 τῆς
3014 5635 3259 5706 κεεραλῆς
3300 5653 3399 5706 μου
3427 5634 3520 5688 ἐπὶ
3551 5635 3649 5705 τῆς
3673 5633 3786 5687 κοί-

2215 5749 2312 5799 της
2347 5749 2448 5800 μου
2481 5729 2767 5800 ἐθεώρουν,
2802 5728 2895 5779 καὶ
2928 5728 3033 5779 ἰδοὺ
3061 5726 3272 5797 δένδρον
3301 5726 3358 5777 ἒν
3407 5726 3463 5780 ἐν
3509 5724 3658 5796 μέσῳ
3690 5722 3785 5791 τῆς

2217 5825 2338 5894 γῆς,
2367 5824 2460 5876 καὶ
2482 5823 2540 5875 τὸ
2565 5822 2696 5893 ὕψος
2725 5820 2887 5874 αὑτοῦ
2917 5819 3069 5874 πολύ.
