4122 6320
325 350 467 410 8861

1757 352 1988 412 CAPUT
2029 353 2121 414 IV.

3431 365 3577 424 αεω

398 467 454 519 8.
495 461 872 536 Ἑμεγαλύνθη
905 461 968 516 τδ
1014 462 1248 536 δένδρον,
1301 464 1396 518 καὶ
1453 462 1660 535 ἴσχυσε,
1697 465 1794 517 καὶ
1845 464 1906 517 τδ

2083 469 2138 524 8.
2179 469 2247 524 Et
2279 470 2624 541 magniﬁcata
2648 479 2731 528 est
2765 472 2950 538 arbor,
2987 481 3041 528 et
3073 474 3318 540 invaluit,
3370 487 3426 532 et
3451 479 3577 532 alti-

334 557 464 628 ὒψος
501 555 668 610 αὐτοῦ
704 555 941 625 ἔφθασεν
965 556 1070 620 ἕως
1095 556 1187 610 τοῦ
1221 556 1473 628 οὐρανοῦ,
1521 557 1616 611 καὶ
1648 556 1710 609 τὸ
1741 555 1904 618 κῦτος

331 648 495 703 αὑτοῦ
531 648 611 710 είς
643 646 710 700 τὰ
742 647 954 718 πέρατα
981 648 1162 717 πάσης
1189 648 1290 719 τῆς
1316 648 1442 717 γῆς.

401 737 453 792 9.
492 735 575 791 Τὰ
606 736 779 806 φύλλα
827 736 993 790 αὐτοῦ
1018 737 1195 809 ὡραῖα
1219 780 1234 803 ,
1291 738 1386 791 καὶ
1419 738 1449 788 6
1479 736 1688 807 καρπὸς
1741 731 1906 788 αὐτοῦ

333 829 517 893 πολὺς,
545 830 639 881 καὶ
659 827 831 899 τροφὴ
858 828 1077 882 πάντων
1105 830 1164 882 ἐν
1201 827 1368 899 αὐτῷ.
1407 829 1500 881 καὶ
1533 827 1788 881 ὑποκάτω
1810 827 1905 878 αύ-

332 920 423 974 τοῦ
441 921 811 990 κατεσκήνουν
829 919 899 973 τὰ
924 919 1087 991 θηρία
1115 919 1184 972 τά
1208 919 1395 989 ἄγρια,
1431 918 1527 971 καὶ
1556 918 1615 970 ἐν
1641 919 1754 979 τοῖς
1775 915 1906 969 κλά-

334 1013 441 1074 δοις
472 1009 638 1064 αὐτοῦ
666 1009 903 1081 κατῴκει
938 1011 1008 1064 τὰ
1031 1010 1194 1081 ὄρνεα
1225 1010 1321 1064 τοῦ
1351 1009 1610 1083 οὐρανοῦ·
1648 1009 1708 1074 ἐξ
1739 1004 1904 1062 αὑτοῦ

337 1103 594 1176 ἐτρέφετο
619 1103 766 1156 πᾶσα
799 1102 959 1172 σάρξ.

404 1195 488 1250 10.
536 1192 836 1265 Ἐθεώρουν
892 1197 950 1246 ἐν
1002 1193 1241 1264 ὁράματι
1298 1194 1397 1263 τῆς
1435 1193 1628 1256 νυκτὸς
1674 1193 1766 1245 ἐπὶ
1809 1193 1908 1260 τῆς

337 1284 520 1355 κοίτης
555 1303 678 1356 μου,
737 1285 834 1338 καὶ
890 1285 998 1338 ίδοὺ
1030 1284 1131 1356 Εἳρ
1159 1324 1174 1351 ,
1205 1285 1300 1338 καὶ
1327 1283 1480 1354 ἅγιος
1531 1283 1638 1337 ἀπὸ
1675 1281 1906 1354 ούρανοῦ

337 1376 558 1447 κατέϐη.

401 1468 486 1521 11.
517 1469 630 1522 Καὶ
656 1467 933 1540 ἐφώνησεν
955 1469 1012 1522 ἐν
1051 1467 1322 1539 ίσχύϊ,καὶ
1353 1467 1524 1532 οὕτως
1551 1463 1702 1522 εἶπεν
1721 1484 1734 1500 ο
1787 1466 1909 1518 Ἐκ-

336 1561 533 1631 κόψατε
552 1560 614 1614 τὸ
641 1561 874 1632 δένδρον,
909 1562 1004 1614 καὶ
1031 1561 1282 1614 ἐκτίλατε
1305 1561 1433 1620 τοὺς
1465 1559 1692 1622 κλάδους
1718 1559 1907 1624 αὐτοῦ,

336 1655 425 1709 καὶ
460 1652 775 1719 ἐκτινάξατε
800 1653 869 1706 τὰ
895 1652 1070 1722 φύλλα
1104 1651 1268 1705 αὐτοῦ
1290 1695 1304 1719 ,
1349 1654 1444 1705 καὶ
1489 1650 1908 1721 διασκορπίσατε

333 1744 422 1798 τὸν
454 1745 669 1814 καρπὸν
697 1743 862 1797 αὑτοῦ
886 1759 900 1775 ·
930 1743 1245 1815 σαλευθήτω
1268 1745 1337 1796 τὰ
1360 1741 1524 1814 θηρία
1557 1740 1909 1796 ὑποκάτωθεν

335 1835 516 1900 αὑτοῦ,
549 1837 644 1890 καὶ
671 1836 741 1889 τὰ
777 1835 937 1908 ὄρνεα
959 1817 1064 1888 άπὸ
1088 1836 1194 1888 τῶν
1222 1835 1429 1888 κλάδων
1451 1833 1639 1888 αὐτοῦ.

400 1928 486 1982 12.
517 1927 664 1999 Πλὴν
691 1927 790 1998 τὴν
817 1927 960 1998 φυὴν
978 1926 1085 1978 τῶν
1111 1925 1277 1996 ῥιζῶν
1307 1925 1474 1980 αὐτοῦ
1509 1928 1568 1980 ἐν
1609 1928 1674 1996 τῇ
1705 1928 1776 1997 γῇ
1813 1926 1909 1980 ἐά-

337 2035 480 2085 σατε,
520 2020 617 2072 καὶ
660 2019 718 2072 ἐν
751 2015 936 2088 δεσμῷ
979 2015 1202 2086 σιδηρῷ,
1251 2017 1345 2069 καὶ¹
1379 2015 1585 2086 χαλκῷ,
1626 2017 1720 2068 καὶ
1741 2018 1800 2068 ἐν
1840 2019 1907 2086 τῇ

334 2110 465 2182 χλόῃ
496 2112 561 2180 τῇ
593 2109 719 2174 ἔξω,
749 2110 845 2161 καὶ
875 2109 932 2162 ἐν
963 2111 1027 2179 τῇ
1053 2107 1230 2178 δρόσῳ
1254 2106 1347 2160 τοῦ
1373 2106 1606 2177 ούρανοῦ
1653 2104 1912 2174 αὐλισθή·

336 2218 521 2266 σεται,
558 2201 656 2253 καὶ
684 2200 821 2270 μετὰ
849 2199 959 2253 τῶν
1002 2198 1206 2270 θηρίων
1239 2200 1273 2270 ἡ
1325 2199 1480 2270 μερὶς
1527 2196 1694 2250 αὺτοῦ
1729 2197 1786 2249 ἐν
1832 2195 1910 2266 τῷ

332 2290 506 2362 χόρτῳ
537 2292 637 2360 τῆς
667 2291 789 2358 γῆς.

400 2383 490 2437 15.
530 2383 596 2436 Ἦ
628 2382 824 2454 καρδία
851 2380 1019 2436 αὐτοῦ
1053 2381 1162 2435 ἀπὸ
1196 2380 1308 2434 τῶν
1354 2379 1661 2451 ἀνθρώπων
1687 2379 1912 2433 ἀλλοιω-

334 2473 591 2546 θήσεται,
638 2475 734 2528 καὶ
776 2473 974 2544 καρδία
1017 2472 1206 2544 θηρίου
1255 2471 1541 2544 δοθήσεται
1583 2471 1767 2542 αὐτῷ,
1815 2471 1911 2526 καὶ

333 2566 468 2618 ἑπτὰ
501 2567 686 2636 καιροὶ
720 2566 1115 2637 ἀλλαγήσονται
1148 2565 1238 2617 ἐπ’
1275 2564 1466 2634 αὐτήν.

399 2656 486 2711 14.
521 2659 621 2712 Διὰ
649 2657 1022 2728 συγκρίματος
1065 2655 1186 2726 Εἲρ,
1213 2657 1242 2709 6
1271 2655 1448 2724 λόγος,
1468 2656 1565 2709 καὶ
1590 2655 1741 2726 ῥῆμα
1757 2655 1910 2722 ἅγιον

331 2747 388 2800 τὺ
416 2745 753 2818 ἐπερώτημα
777 2787 792 2808 ,
845 2746 933 2800 ἵνα
970 2745 1170 2815 γνῶσιν
1219 2747 1270 2798 oi
1316 2744 1538 2810 ζῶντες,
1597 2745 1678 2798 ὅτι
1710 2745 1913 2816 Κύριός

331 2839 474 2891 ἐστιν
500 2840 530 2892 6
562 2837 825 2908 ’Ύψιστος
852 2837 952 2906 τῆς
987 2837 1261 2908 βασιλείας
1291 2837 1400 2890 τῶν
1442 2836 1765 2908 ἀνθρώπων,
1817 2837 1911 2890 καὶ

329 2922 372 2996 ᾧ
407 2929 472 2984 ἂν
492 2929 641 3001 δόξῃ,
677 2929 840 2983 δώσει
870 2929 1060 3001 αὐτὴν,
1098 2929 1192 2983 καὶ
1227 2929 1565 3001 ἐξουθένημα
1607 2928 1911 3002 ἀνθρώπων

331 3021 625 3092 ἀναστήσει
665 3021 752 3074 ἐπ’
784 3021 976 3091 αὑτήν.

401 3113 488 3167 15.
519 3112 693 3166 Τοῦτο
719 3111 782 3165 τὸ
808 3112 1059 3166 ἐνύπνιον
1105 3107 1246 3166 εἶδον
1291 3110 1402 3181 ἐγὼ
1434 3113 1462 3166 6
1505 3111 1758 3183 βασιλεὺς
1797 3113 1911 3166 Να-

331 3199 732 3270 ϐουχοδονόσορ,
770 3201 980 3265 καὶσὺ,
1020 3200 1330 3272 Βαλτάσαρ,
1359 3201 1419 3253 τὸ
1456 3200 1735 3271 σύγκριμα
1789 3202 1910 3257 εἰπὲ

333 3291 640 3357 κατέναντι,
673 3293 754 3344 ὅτι
785 3293 989 3355 πάντες
1016 3293 1066 3345 οί
1100 3292 1254 3361 σοφοὶ¹
1277 3293 1376 3363 τῆς
1403 3292 1682 3364 βασιλείας
1725 3308 1824 3362 μου
1847 3293 1908 3344 οὐ

332 3382 585 3436 δύνανται
604 3383 666 3436 τὸ
700 3385 980 3455 σύγκριμα
1008 3382 1170 3437 αὐτοῦ
1203 3383 1443 3455 δηλῶσαί
1473 3401 1562 3454 μοι
1585 3397 1600 3412 ⁸
1645 3384 1709 3436 σὺ
1733 3383 1790 3436 δὲ
1821 3382 1912 3437 δύ-

333 3491 513 3541 νασαι,
542 3476 624 3529 ὅτι
657 3475 885 3546 Πνεῦμα
913 3474 1048 3528 Θεοῦ
1079 3475 1235 3543 ἅγιον
1265 3477 1323 3528 ἐν
1359 3475 1461 3528 σοί.

399 3568 485 3622 16.
526 3567 662 3620 Τότε
690 3566 909 3638 Δανιὴλ,
931 3559 991 3620 οὗ
1011 3565 1072 3618 τὸ
1098 3565 1268 3636 ὄνομα
1285 3565 1595 3636 Βαλτάσαρ,
1618 3563 1910 3637 ἀπηνεώθη

334 3658 461 3712 ὡσεὶ
503 3657 654 3730 ὥραν
705 3659 835 3729 μίαν
855 3698 868 3724 ,
903 3657 1000 3710 καὶ
1025 3657 1074 3711 οἱ
1102 3658 1443 3728 διαλογισμοὶ
1471 3657 1638 3711 αὐτοῦ
1684 3657 1909 3710 συνετά-

338 3767 531 3819 ρασσον
559 3751 724 3805 αὐτόν
743 3768 756 3781 ·
789 3749 1060 3822 ἀπεκρίθη
1088 3751 1116 3802 6
1149 3748 1421 3819 βασιλεὺς,
1445 3751 1538 3805 καὶ
1571 3746 1724 3803 εἶπεν
1744 3767 1756 3779 -
1776 3747 1912 3802 Βαλ-

337 3841 532 3914 τάσαρ,
557 3841 619 3895 τὺ
651 3841 925 3906 ἐνύπνιον,
949 3843 1043 3895 καὶ
1084 3843 1118 3911 ἡ
1156 3840 1443 3913 σύγκρισις
1478 3842 1552 3914 μὴ
1594 3857 1912 3895 κατασπευ-

341 3934 482 3988 σάτω
514 3949 612 3987 σεο
667 3932 940 4005 ἀπεκρίθη
999 3932 1310 4002 Βαλτάσαρ,
1364 3933 1458 3986 καὶ
1507 3929 1691 3985 εἶπεν⁵
1734 3931 1909 4002 Κύριὲ

346 4045 463 4099 μου,
499 4027 560 4081 τὸ
588 4025 840 4080 ἐνύπνιον
885 4028 998 4090 τοῖς
1029 4025 1246 4098 μισοῦσί
1277 4042 1359 4092 σε,
1394 4026 1488 4078 καὶ
1535 4027 1568 4096 ή
1618 4025 1910 4096 σύγκρισις

341 4121 500 4175 αὐτοῦ
530 4122 644 4183 τοῖς
678 4119 892 4190 ἐχθροῖς
917 4136 1032 4174 σου.

406 4213 490 4267 17.
528 4213 603 4265 Τὸ
623 4212 838 4284 δένδρον
867 4211 896 4264 ὃ
925 4207 1065 4275 εἶδες
1085 4210 1148 4265 τὸ
1170 4208 1522 4282 μεγαλυνθέν,
1556 4207 1652 4261 καὶ
1678 4207 1740 4260 τδ
1767 4208 1908 4277 ίσχυ·

339 4303 447 4368 κὸς,
467 4297 528 4358 οὗ
554 4302 615 4356 τὸ
635 4303 766 4373 ὕψος
787 4303 1022 4372 ἔφθασεν
1053 4303 1132 4366 είς
1160 4301 1252 4358 τὸν
1274 4298 1523 4372 ούρανδν,
1545 4299 1722 4353 καὶτὸ
1749 4298 1910 4362 κῦτος

341 4395 499 4449 αὐτοῦ
537 4397 617 4458 είς
646 4396 827 4449 πᾶσαν
859 4395 959 4466 τὴν
995 4393 1122 4464 γῆν.

2009 561 2143 616 tudo
2167 561 2288 631 ejus
2313 562 2558 632 pervenit
2592 578 2765 633 usque
2801 565 2868 619 ad
2897 565 3119 631 emtum,
3147 575 3200 620 et
3224 567 3583 638 latitudoejus

2009 654 2078 709 ad
2114 655 2376 710 terminos
2405 655 2672 712 universa:
2693 665 2870 712 terra.

2080 745 2132 801 9.
2174 744 2324 800 Folia
2353 746 2472 816 ejus
2504 747 2748 816 pulchra,
2771 755 2826 802 et
2851 745 3060 802 fructus
3113 748 3232 818 ejus
3266 749 3492 814 multus,
3527 761 3582 807 et

2008 851 2134 892 esca
2155 839 2534 893 universorum
2571 839 2624 892 in
2652 855 2748 906 ea;
2789 847 2842 894 et
2876 840 3064 894 subter
3112 855 3230 894 eam
3265 840 3582 897 habitabant

2008 922 2193 979 bestiae
2219 934 2476 995 agrestes,
2502 937 2555 980 et
2576 927 2629 980 in
2663 928 2830 982 ramis
2851 929 2971 998 ejus
2994 929 3310 985 habitabant
3333 931 3583 988 volucres

2008 1016 2132 1070 caeli
2157 1034 2172 1071 :
2203 1031 2266 1071 ex
2299 1032 2363 1072 ea
2393 1019 2738 1074 nutriebatur
2769 1021 2950 1074 omnis
2970 1035 3100 1075 caro

2083 1196 2170 1249 ιο.
2213 1195 2474 1251 Videbam
2505 1197 2556 1250 in
2583 1198 2792 1254 visione
2827 1202 3003 1256 noctis
3049 1201 3104 1255 in
3155 1202 3322 1257 cubili
3357 1217 3500 1269 meo,
3531 1214 3587 1258 et

2009 1304 2136 1345 ecce
2163 1289 2281 1358 Hir,
2310 1302 2364 1347 et
2393 1292 2626 1348 Sanctus
2658 1295 2725 1349 de
2747 1296 2884 1350 emio
2921 1297 3226 1352 descendit.

2080 1471 2168 1525 H.
2208 1472 2587 1543 Clamavitque
2614 1473 2668 1528 in
2699 1472 3036 1539 fortitudine,
3057 1483 3107 1530 et
3150 1476 3229 1530 sic
3273 1476 3352 1531 ait
3398 1477 3584 1533 :Suc-
3639 1495 3646 1498 ·

2010 1565 2174 1619 cidite
2205 1567 2480 1628 arborem,
2513 1576 2568 1620 et
2595 1567 2812 1622 evellite
2840 1582 3021 1624 ramos
3071 1569 3212 1636 ejus,
3244 1578 3299 1624 et
3347 1571 3587 1624 exeutite

2011 1654 2140 1709 folia
2165 1655 2305 1724 ejus,
2341 1665 2397 1710 et
2429 1655 2728 1727 dispergite
2779 1657 3014 1713 fructum
3078 1659 3238 1728 ejus:
3296 1660 3590 1730 abigantur

2012 1747 2201 1804 bestia:
2227 1751 2413 1804 subter
2441 1764 2586 1814 eam,
2621 1758 2674 1805 et
2710 1749 2961 1806 volucres
2982 1751 3064 1806 de.
3083 1753 3249 1807 ramis
3269 1753 3410 1822 ejus.

2084 1925 2172 1979 12.
2213 1923 2605 1980 Verumtamen
2639 1940 2860 1996 germen
2895 1925 3142 1980 radicum
3174 1925 3294 1994 ejus
3344 1925 3396 1978 in
3442 1933 3589 1980 terra

2011 2019 2196 2085 sinite,
2219 2028 2273 2074 et
2296 2020 2349 2073 in
2370 2019 2588 2074 vinculo
2612 2018 2810 2084 ferreo,
2829 2027 2884 2073 et
2906 2033 3067 2082 aereo,
3096 2027 3150 2072 et
3181 2018 3234 2070 in
3261 2017 3448 2083 herba,
3466 2031 3590 2087 qua:

2012 2110 2146 2168 foris
2178 2121 2282 2179 est,
2310 2122 2365 2167 et
2384 2112 2436 2166 in
2470 2127 2593 2166 rore
2615 2113 2741 2166 caeli
2770 2111 3218 2177 commorabitur,
3236 2117 3432 2165 etcum
3458 2107 3590 2164 feris

2011 2221 2139 2277 pars
2171 2207 2290 2276 ejus
2314 2207 2369 2260 in
2410 2205 2577 2260 herba
2612 2213 2790 2260 teme.

2090 2383 2171 2436 t3.
2211 2379 2318 2436 Cor
2341 2381 2460 2451 ejus
2493 2381 2561 2438 ab
2585 2381 2902 2436 hominibus
2940 2379 3390 2442 commutabitur,
3416 2387 3467 2434 et
3491 2392 3589 2433 cor

2012 2471 2142 2527 fera:
2183 2472 2408 2526 dabitur
2439 2471 2524 2538 ei;
2574 2479 2629 2526 et
2688 2480 2894 2540 septem
2937 2478 3183 2538 tempora
3231 2467 3590 2522 mutabuntur

2011 2580 2175 2635 super
2201 2581 2342 2620 eam.

2084 2657 2171 2711 M.
2213 2656 2319 2712 Per
2349 2658 2624 2712 decretum
2655 2655 2751 2710 Hir
2781 2670 2984 2719 sermo,
3015 2662 3070 2708 et
3093 2652 3318 2707 verbum
3339 2659 3586 2708 sanctum

2011 2750 2201 2820 petitio
2224 2791 2239 2815 ,
2287 2758 2344 2803 ut
2367 2758 2704 2818 cognoscant
2728 2749 2996 2812 viventes,
3027 2745 3172 2816 quod
3217 2743 3483 2798 Dominus
3507 2753 3593 2796 εει

2013 2842 2128 2910 ipse
2163 2840 2477 2896 Altissimus
2531 2840 2685 2911 regni
2722 2839 3030 2902 hominum,
3055 2847 3108 2892 et
3134 2836 3466 2904 quicumque
3497 2847 3618 2908 νο-⁸

2010 2932 2194 2994 luerit,
2227 2932 2376 2986 dabit
2409 2931 2542 2985 illud
2565 2969 2582 2996 ,
2621 2939 2678 2986 et
2711 2930 2855 2999 quod
2894 2944 2992 2998 pro
3046 2927 3218 2982 nihilo
3262 2922 3496 2980 habetur
3521 2923 3590 2976 ab

2012 3022 2350 3087 hominibus,
2377 3023 2548 3090 eriget
2575 3037 2738 3090 super
2773 3019 2928 3075 illud.

2086 3113 2173 3167 15.
2213 3111 2329 3167 Hoc
2363 3113 2640 3168 somnium
2662 3112 2771 3167 vidi
2807 3127 2908 3183 ego
2939 3127 3030 3166 rex
3059 3108 3590 3169 Nabuchodonosor,

2013 3213 2068 3260 et
2097 3214 2178 3269 tu,
2205 3204 2471 3272 Baltasar,
2497 3206 2999 3274 interpretationem
3025 3203 3190 3259 dicito
3210 3217 3396 3257 coram
3427 3200 3591 3270 :quia

2013 3311 2206 3352 omnes
2233 3297 2506 3366 sapientes
2536 3297 2690 3366 regni
2714 3297 2818 3354 mei
2855 3311 2964 3352 non
3001 3303 3230 3366 possunt
3263 3294 3591 3362 interpreta—

2015 3391 2219 3445 tionem
2242 3391 2362 3458 ejus
2392 3390 2671 3445 declarare
2701 3389 2872 3453 mihi;
2925 3397 2980 3443 tu
3024 3394 3208 3442 autem
3254 3396 3428 3457 potes,
3459 3383 3591 3455 quia

2015 3481 2252 3552 Spiritus
2277 3481 2370 3536 Dei
2391 3492 2612 3537 sanctus
2637 3490 2723 3537 est
2755 3481 2810 3536 in
2841 3490 2912 3536 te.

2093 3560 2174 3628 16.
2217 3572 2370 3628 Τιιηο
2398 3573 2611 3639 Daniel,
2647 3573 2806 3642 cujus
2860 3587 3060 3626 nomen
3095 3570 3364 3633 Baltasar,
3395 3569 3593 3622 obmu-

2015 3666 2120 3720 tuit
2143 3666 2301 3736 quasi
2337 3666 2470 3719 hora
2502 3680 2608 3718 una
2635 3705 2650 3730 ,
2705 3672 2761 3718 et
2793 3663 3158 3733 cogitationes
3207 3662 3328 3730 ejus
3365 3669 3593 3714 contur—

2013 3759 2215 3814 babant
2236 3773 2383 3813 eum.
2409 3757 2708 3827 Respondit
2730 3771 2846 3820 rex,
2871 3765 2924 3829 et
2944 3755 3122 3808 dixit:
3151 3753 3418 3819 Baltasar,
3445 3767 3593 3807 soni-

2012 3851 2189 3914 nium,
2223 3860 2277 3904 et
2311 3849 2686 3919 interpretatio
2723 3864 2791 3902 ne
2820 3847 3114 3902 sollicitum
3149 3855 3201 3899 te
3225 3844 3454 3909 reddat;
3495 3858 3587 3897 re-

2014 3943 2232 4013 spondit
2261 3941 2530 4004 Baltasar,
2561 3949 2616 3994 et
2647 3939 2812 3992 dixit:
2852 3937 3078 3991 Domine
3101 3934 3194 3999 mi,
3223 3933 3496 3988 somnium
3521 3933 3592 3986 sit

2016 4034 2123 4097 his,
2156 4032 2250 4102 qui
2281 4040 2333 4086 te
2361 4031 2616 4094 oderunt,
2654 4037 2709 4083 et
2763 4024 3143 4096 interpretatio
3185 4023 3306 4094 ejus
3337 4023 3592 4078 hostibus

2013 4123 2142 4178 tuis.
2718 4174 2720 4176 τ

2086 4216 2175 4270 17.
2217 4215 2396 4270 Arbor
2428 4229 2592 4284 quam
2621 4211 2803 4267 vidisti
2835 4209 3264 4280 magniﬁcatam,
3307 4215 3363 4262 et
3395 4221 3591 4261 corro-

2015 4307 2287 4374 boratam,
2321 4307 2480 4376 cujus
2509 4304 2742 4359 altitudo
2766 4303 3012 4374 pervenit
3043 4301 3110 4356 ad
3136 4300 3359 4363 caelum,
3394 4305 3449 4352 et
3469 4295 3591 4350 lati-

2016 4403 2149 4459 tudo
2179 4401 2298 4473 ejus
2331 4403 2387 4456 in
2417 4403 2725 4456 universam
2759 4408 2980 4453 terram.

402 4487 488 4540 18.
522 4485 631 4538 Καὶ
655 4484 724 4537 τά
752 4485 924 4553 φύλλα
950 4484 1116 4538 αὐτοῦ
1136 4483 1360 4555 εὐθαλῆ,
1381 4481 1476 4536 καὶ
1513 4485 1541 4538 6
1576 4483 1788 4554 καρπὸς
1815 4484 1910 4538 αὖ·

2093 4495 2177 4550 18.
2219 4494 2287 4548 Et
2314 4493 2442 4548 folia
2477 4494 2598 4562 ejus
2625 4490 2893 4556 ﬂorentia,
2924 4497 2978 4543 et
3024 4486 3237 4541 fructus
3278 4483 3398 4553 ejus
3442 4481 3588 4536 mul-

338 4577 426 4630 τοῦ
457 4577 648 4641 πολὺς,
686 4578 781 4631 καὶ
800 4577 974 4648 τροφὴ
1005 4577 1173 4630 πᾶσιν
1203 4577 1260 4629 ἐν
1293 4574 1470 4646 αὐτῷ·
1503 4575 1764 4629 ὑποκάτω
1809 4575 1911 4629 aia-

339 4671 427 4725 τοῦ
465 4670 706 4742 κατῴκει
734 4669 800 4724 τὰ
829 4669 995 4741 θηρία
1015 4670 1086 4723 τά
1114 4670 1303 4740 ἄγρια,
1339 4670 1436 4722 καὶ
1468 4671 1526 4722 ἐν
1554 4671 1669 4732 τοῖς
1697 4669 1914 4734 κλάδοις

339 4761 499 4816 αὐτοῦ
523 4762 898 4832 κατεσκήνουν
921 4760 994 4812 τὰ
1030 4760 1195 4832 ὄρνεα
1223 4759 1319 4813 τοῦ
1357 4760 1609 4831 οὐρανοῦ.

405 4855 493 4910 19.
530 4855 603 4906 Σὺ
633 4849 701 4920 εἷ,
735 4851 978 4924 βασιλεῦ,
1010 4854 1091 4906 ὅτι
1125 4851 1500 4923 ἐμεγαλύνθης
1530 4851 1626 4904 καὶ
1663 4851 1910 4922 ἴσχυσας,

338 4947 427 5000 καὶ
455 4948 488 5018 ἡ
515 4943 874 5016 μεγαλωσύνη
900 4961 994 4997 σου
1028 4942 1367 5014 ἐμεγαλύνθη
1394 4983 1409 5007 ,
1446 4943 1542 4996 καὶ
1580 4941 1814 5012 ἔφθασεν
1835 4944 1915 5006 εις

336 5036 423 5090 τὸν
449 5035 696 5107 οὐρανὸν,
722 5035 868 5106 καὶὴ
901 5035 1095 5105 κυρεία
1118 5049 1210 5087 σου
1234 5035 1312 5096 εις
1340 5033 1408 5088 τὰ
1433 5033 1645 5104 πέρατα
1668 5035 1767 5104 τῆς
1787 5033 1911 5103 γῆς.

402 5127 496 5182 20.
523 5127 636 5180 Καὶ
664 5128 745 5180 δτι
780 5122 920 5180 εἶδεν
940 5127 968 5179 6
1005 5125 1258 5196 βασιλεὺς
1286 5126 1408 5198 Εἲρ,
1435 5127 1527 5179 καὶ
1553 5126 1707 5194 ἅγιον
1740 5141 1914 5180 κατα-

338 5219 590 5274 σαίνοντα
620 5221 683 5272 ἐκ
712 5219 804 5272 τοῦ
836 5217 1089 5290 οὐρανοῦ,
1111 5219 1205 5271 καὶ
1218 5213 1391 5281 εἶπεν,
1409 5218 1690 5271 Ἑκτίλατε
1713 5217 1774 5270 τὸ
1798 5217 1912 5270 δέν-

338 5309 480 5381 δρον,
513 5311 611 5364 καὶ
630 5309 979 5378 διαφθείρατε
1009 5308 1160 5373 αὐτὸ,
1191 5307 1284 5362 καὶ
1321 5307 1460 5378 πλὴν
1498 5312 1596 5378 τὴν
1635 5308 1776 5380 φυὴν
1804 5309 1913 5363 τῶν

342 5402 503 5474 ῥιζῶν
533 5402 700 5457 αὐτοῦ
733 5403 790 5455 ἐν
821 5403 885 5472 τῇ
915 5403 986 5472 γῇ
1008 5401 1227 5464 ἐάσατε,
1263 5398 1360 5453 καὶ
1391 5401 1448 5452 ἐν
1471 5399 1654 5470 δεσμῷ
1685 5401 1910 5473 σιδηρῷ,

335 5495 432 5549 καὶ
458 5493 667 5566 χαλκῷ,
701 5495 796 5548 καὶ⁹
817 5495 874 5546 ἐν
893 5495 959 5563 τῇ
995 5491 1126 5563 χλόῃ
1150 5493 1214 5562 τῇ
1250 5489 1375 5554 ἐξω,
1413 5489 1507 5542 καὶ
1544 5491 1601 5542 ἐν
1631 5493 1696 5562 τῇ
1739 5491 1914 5565 δρόσῳ

336 5585 428 5640 τού
481 5585 712 5654 ούρανοῦ
752 5583 1174 5655 αύλισθήσεται,
1225 5581 1322 5634 καὶ
1373 5580 1510 5650 μετὰ
1548 5581 1653 5635 τῶν
1707 5581 1914 5654 θηρίων

337 5677 546 5748 ἀγρίων
569 5679 603 5749 ἡ
633 5678 787 5749 μερὶς
812 5674 1002 5741 αὑτοῦ,
1034 5675 1136 5738 ἕως
1167 5673 1306 5728 ἑπτὰ
1340 5673 1520 5745 καιροὶ
1546 5673 1914 5732 ἀλλοιωθῶσιν

339 5771 423 5823 ἐπ’
452 5768 632 5826 αὐτόν.

2015 4595 2126 4651 tus,
2148 4595 2201 4642 et
2227 4601 2354 4641 esea
2384 4585 2642 4640 omnibus
2697 4585 2749 4637 in
2801 4597 2865 4638 ea
2900 4599 2913 4635 :
2946 4579 3135 4635 subter
3195 4591 3314 4630 eam
3376 4574 3590 4627 habita-

2014 4680 2146 4735 bant
2174 4679 2361 4735 bestia:
2387 4677 2526 4749 agri,
2549 4684 2604 4733 et
2636 4677 2691 4731 in
2724 4675 2892 4730 ramis
2931 4672 3053 4744 ejus
3107 4666 3593 4726 commorabantur

2016 4785 2146 4825 aves
2174 4769 2320 4824 caeli.

2087 4862 2175 4917 19.
2217 4861 2299 4916 Tu
2327 4876 2408 4928 es,
2443 4874 2476 4915 ο
2507 4875 2624 4924 rex,
2651 4858 2778 4930 quia
2836 4857 3215 4927 magniﬁcatus
3235 4869 3317 4917 es,
3345 4861 3401 4908 et
3437 4850 3593 4905 inva-

2015 4955 2187 5021 luisti,
2228 4963 2282 5010 et
2311 4953 2626 5025 magnitudo
2661 4962 2750 5006 tua
2781 4950 3126 5020 magniﬁcata
3166 4955 3283 5012 est,
3307 4954 3362 5000 et
3399 4955 3594 5014 perve-

2014 5047 2098 5102 nit
2122 5047 2186 5102 ad
2218 5046 2440 5108 C(elum,
2473 5053 2526 5099 et
2558 5044 2796 5113 potentia
2826 5049 2918 5095 tua
2950 5040 3018 5093 ad
3053 5037 3316 5093 terminos
3347 5045 3524 5088 terrae.

2085 5141 2174 5193 20.
2217 5123 2376 5206 Quod.
2403 5147 2585 5194 autem
2616 5136 2754 5191 vidit
2811 5150 2906 5188 rex
2938 5131 3055 5196 Hir,
3103 5140 3157 5185 et
3214 5135 3465 5184 sanctum
3497 5124 3592 5179 de-

2016 5231 2366 5289 scendentem
2401 5230 2467 5284 de
2495 5230 2656 5291 calo,
2681 5237 2738 5282 et
2776 5227 2915 5281 dixit
2943 5243 2956 5281 :
2990 5222 3213 5278 Evellite
3246 5220 3592 5282 arborem,et

2014 5325 2282 5381 destruite
2307 5339 2450 5386 eam,
2501 5331 2743 5377 attamen
2801 5333 3022 5389 germen
3080 5316 3326 5371 radicum
3361 5312 3484 5381 ejus
3535 5308 3588 5363 in

2015 5424 2161 5472 terra
2189 5416 2466 5476 dimittite,
2493 5415 2622 5469 etin
2653 5412 2869 5466 vinculo
2916 5409 3094 5464 ferreo
3114 5448 3127 5473 ,
3160 5415 3214 5461 et
3266 5419 3428 5468 aereo,
3457 5401 3588 5456 etin

2016 5506 2183 5563 herba
2224 5519 2346 5574 quae
2381 5503 2536 5565 foris,
2569 5512 2623 5556 et
2653 5501 2707 5556 in
2739 5515 2862 5556 rore
2893 5498 3015 5553 coeli
3056 5493 3507 5556 commorabitur,
3536 5503 3591 5546 et

2018 5615 2141 5656 eum
2171 5596 2361 5652 bestiis
2395 5594 2700 5665 agrestibus
2753 5607 2879 5662 pars
2935 5589 3094 5662 ejus,
3149 5589 3322 5644 donec
3380 5592 3589 5654 septem

2017 5701 2266 5765 tempora
2298 5696 2576 5745 mutentur
2604 5701 2766 5758 super
2793 5699 2940 5741 eum.
