4122 6320
494 357 640 417 2863

1566 354 1823 410 DANIEL
1853 353 2083 410 JUXTA
2115 352 2656 414 THEODOTIONEM

3621 361 3762 423 2864

562 475 655 529 τι.
697 470 820 528 llzcc
855 469 1230 542 interpretatio
1267 469 1409 541 ejus,
1462 485 1496 526 ο
1522 487 1618 526 rex
1648 511 1664 536 ,
1707 478 1763 524 et
1813 470 2074 526 sententia

2252 471 2343 526 2|.
2373 472 2544 526 Τοῦτο
2591 474 2624 544 ἡ
2656 472 2945 544 σύγκρισις
2991 471 3177 540 αὐτοῦ,
3213 472 3457 546 βασιλεῦ,
3501 475 3596 529 καὶ
3629 476 3762 545 σύγ-

495 564 760 620 Altissimi
784 571 888 630 est,
915 579 1038 633 quae
1071 563 1317 634 pervenit
1350 577 1514 631 super
1564 562 1849 616 dominum
1887 578 2068 616 meum

496 673 701 729 regem,
729 667 782 711 et
815 664 866 710 te
893 655 1113 725 ejicient
1139 656 1207 710 ab
1239 653 1575 719 hominibus,
1621 662 1676 707 et
1725 667 1848 707 cum
1880 653 2073 711 beStiis

495 749 805 822 agrestibus
829 749 934 803 erit
965 747 1233 803 habitatio
1269 757 1380 802 tua.

573 842 666 898 22.
710 841 778 896 Et
802 841 952 896 fmno
985 848 1045 894 υι
1097 839 1288 893 bovem
1345 844 1570 907 pascent
1618 845 1688 902 te,
1720 845 1774 890 et
1823 835 1891 891 de
1946 850 2074 891 rore

497 934 624 990 cceli
679 947 883 1002 corpus
917 941 1072 986 tuum
1113 937 1452 998 aspergetur,
1485 937 1542 983 et
1570 938 1772 998 septem
1828 936 2071 998 tempora

499 1025 862 1081 mutabuntur
895 1036 1062 1091 super
1090 1029 1160 1085 te,
1197 1019 1372 1075 donec
1392 1019 1558 1084 scias,
1579 1020 1727 1090 quod
1759 1021 2072 1074 dominatur

496 1115 758 1171 Excelsus
787 1126 952 1181 super
1005 1124 1229 1180 regnum
1281 1109 1589 1176 hominum,
1631 1118 1686 1164 et
1745 1109 2072 1178 cuicumque

497 1207 749 1269 voluerit,
781 1204 931 1260 dabit
957 1203 1116 1259 illud.

564 1301 654 1354 23.
682 1297 840 1365 Quod
863 1305 1048 1354 autem
1079 1294 1252 1350 dixit:
1283 1291 1550 1348 Dimittite
1575 1305 1797 1362 germen
1823 1290 2072 1352 radicum

497 1391 746 1448 arboris:
774 1405 1002 1461 regnum
1033 1399 1186 1444 tuum
1211 1387 1309 1442 tibi
1338 1387 1618 1453 manebit,
1661 1393 1950 1456 postquam
1979 1399 2075 1439 co-

499 1482 753 1554 gnoveris
785 1489 1108 1553 potestatem
1140 1479 1440 1535 caelestem.

565 1577 657 1630 24.
699 1574 1089 1642 Quamobrem,
1131 1589 1249 1639 rex,
1282 1570 1578 1628 consilium
1631 1585 1812 1626 meum
1863 1570 2074 1640 placeat

496 1669 619 1735 tibi,
644 1678 699 1724 et
727 1677 946 1738 peccata
981 1676 1072 1721 tua
1096 1666 1150 1720 in
1177 1664 1542 1736 eleemosynis
1566 1663 1772 1746 redime
1793 1704 1809 1730 ,
1843 1673 1899 1719 et
1929 1665 2074 1735 inju-

500 1760 677 1815 stitias
707 1768 829 1814 tuas
877 1758 931 1812 in
977 1756 1422 1812 misera-tionibus
1451 1770 1788 1826 pauperum:
1839 1754 2074 1812 fortasse

499 1850 603 1906 erit
629 1849 1014 1918 longanimitas
1047 1862 1145 1918 pro
1170 1847 1382 1902 delictis
1418 1848 1547 1903 tuis.

568 1941 662 1997 25.
702 1939 827 1997 Haec
859 1941 1045 1996 omnia
1099 1948 1367 1995 venerunt
1415 1954 1580 2009 super
1629 1947 1681 1994 te
1707 1936 2072 1995 Nabuchodo-

499 2046 669 2088 nosor
700 2047 907 2104 regem.

570 2125 662 2181 26.
702 2124 837 2182 Post
868 2139 1082 2180 menses
1103 2123 1386 2180 duodecim
1422 2122 1476 2177 in
1528 2121 1727 2192 templo
1772 2120 1925 2191 regni
1987 2119 2072 2176 sui

501 2218 779 2290 Babylone
811 2217 1221 2273 deambulabat.

569 2313 658 2366 ‘27.
702 2310 767 2366 Et
802 2309 1081 2380 respondit
1111 2325 1227 2372 rex,
1276 2314 1331 2363 et
1377 2306 1555 2363 dixit:
1591 2305 1784 2360 Nonne
1815 2305 1929 2360 haec
1990 2312 2074 2360 est

503 2403 738 2474 Babylon
774 2417 992 2473 magna,
1024 2416 1190 2472 quam
1215 2415 1316 2472 ego
1343 2399 1606 2454 aedificavi
1641 2401 1695 2454 in
1728 2399 1952 2454 domum
1985 2414 2075 2454 re-

501 2495 615 2565 gni.
650 2496 704 2549 in
735 2495 929 2550 robore
949 2493 1286 2549 fortitudinis
1319 2493 1491 2548 meae?

574 2586 666 2640 28.
705 2585 843 2640 Cum
865 2585 1046 2639 adhuc
1074 2600 1256 2641 sermo
1279 2592 1426 2640 esset
1450 2583 1504 2637 in
1539 2598 1635 2638 ore
1659 2582 1834 2654 regis,
1868 2598 1974 2636 vox
2008 2582 2076 2638 de

502 2679 642 2735 cmlo
672 2678 815 2732 facta
844 2686 963 2732 est:
988 2678 1111 2732 Tibi
1149 2678 1369 2743 dicitur,
1402 2676 1914 2732 Nabuchodonosor
1936 2690 2066 2730 rex:

503 2789 732 2847 regnum
764 2781 918 2828 tuum
943 2774 1160 2830 transiit
1186 2789 1217 2830 a
1243 2784 1317 2833 te.

573 2948 668 3006 29.
707 2948 772 3004 Et
797 2949 866 3004 ab
894 2949 1211 3007 hominibus
1242 2960 1296 3006 te
1340 2950 1580 3021 ejicient,
1610 2961 1664 3007 et
1724 2967 1847 3008 cum
1884 2953 2076 3010 bestiis

503 3040 811 3112 agrestibus
838 3041 1100 3098 habitatio
1147 3052 1260 3108 tua,
1296 3052 1353 3100 et
1389 3042 1541 3099 foeno
1597 3053 1658 3099 ut
1698 3045 1888 3101 bovem
1929 3047 2078 3102 ciba-

505 3135 648 3188 bnnt-
675 3142 747 3202 te,
781 3142 837 3188 et
863 3141 1067 3204 septem
1104 3142 1348 3206 tempora
1371 3135 1732 3190 mutabuntur
1809 3151 1972 3205 super
2025 3146 2078 3192 te

2180 579 2355 633 κριμα
2393 563 2651 633 Ὑψίστου
2701 565 2871 629 ἐστὶν,
2905 563 2934 616 δ
2959 563 3190 635 ἔφθασεν
3211 567 3304 620 ἐπὶ
3321 565 3414 620 τὸν
3442 566 3628 638 κύριόν
3659 585 3764 638 μου

2177 653 2269 707 τὸν
2312 653 2560 724 βασιλέα,
2588 655 2681 708 καὶ
2704 657 2762 710 σὲ
2785 657 3132 725 ἐκδιώξουσιν
3159 657 3270 712 ἀπὸ
3297 658 3406 713 τῶν
3434 659 3760 730 ἀνθρώπων,

2177 744 2272 798 καὶ
2307 745 2447 813 μετὰ
2472 743 2679 815 θηρίων
2705 748 2910 818 ἀγρίων
2933 748 3082 802 ἔσται
3112 750 3146 819 η
3185 749 3436 810 κατοικία
3465 766 3580 805 σου.

2245 834 2337 889 29..
2375 835 2483 889 Kal
2515 834 2709 908 χόρτον
2755 838 2832 901 ὼς
2870 837 2997 908 βοῦν
3051 839 3359 909 ψωμίσουσί
3394 856 3477 904 σε,
3507 837 3602 894 καὶ
3649 841 3765 896 ἀπὸ

2175 932 2277 1003 τῆς
2307 932 2501 1004 δρόσου
2527 933 2623 988 τοῦ
2650 933 2880 1007 οὐρανοῦ
2900 934 2962 988 τὸ
2992 934 3152 1006 σῶμά
3171 952 3265 989 σου
3296 934 3624 1006 βαφήσεται,
3664 936 3765 989 καὶ

2179 1024 2323 1079 ἑπτὰ
2355 1027 2538 1096 καιροὶ
2565 1025 2965 1096 ἀλλαγήσονται
2993 1026 3088 1080 ἐπὶ
3127 1027 3208 1092 σὲ,
3242 1025 3347 1089 ἓως
3379 1022 3440 1080 οῦ
3479 1027 3644 1097 γνῷς,
3676 1028 3764 1082 ὅτι

2177 1115 2418 1187 κυριεύει
2466 1118 2496 1171 ὁ
2555 1117 2816 1187 ’Υψιστος
2842 1121 2939 1189 τῆς
2961 1116 3239 1187 βασιλείας
3292 1116 3401 1171 τῶν
3431 1118 3762 1191 ἀνθρώπων,

2177 1207 2272 1260 καὶ
2293 1200 2338 1274 ᾧ
2368 1206 2435 1260 ἂν
2459 1206 2608 1279 δόξῃ,
2640 1206 2800 1262 δώσει
2841 1209 3033 1279 αὑτήν.

2244 1298 2335 1353 25.
2366 1297 2478 1351 Καὶ
2498 1298 2580 1351 ὅτι
2610 1293 2782 1365 εἶπεν,
2799 1298 3031 1353 Ἐἀσατε
3051 1298 3152 1369 τὴν
3182 1298 3321 1370 φυὴν
3333 1298 3441 1353 τῶν
3465 1299 3635 1370 ῥιζῶν
3661 1298 3762 1354 τοῦ

2176 1389 2393 1460 δένδρου
2413 1406 2430 1422 ο
2466 1391 2501 1460 ἡ
2537 1388 2784 1459 βασιλεία
2811 1407 2904 1443 σου
2927 1390 3011 1444 σοὶ
3043 1393 3218 1461 μενεῖ,
3249 1391 3366 1462 γάφ’
3397 1386 3465 1464 ἦς
3509 1391 3576 1447 ἂν
3611 1392 3763 1464 γνῷς

2178 1480 2276 1553 τὴν
2303 1480 2550 1546 ἐξουσίαν
2569 1481 2666 1552 τὴν
2687 1482 2958 1553 οὐράνιον.

2250 1573 2340 1628 ει.
2372 1573 2470 1628 Διά
2494 1573 2672 1639 τοῦτο,
2700 1572 2942 1643 βασιλεῦ,
2978 1575 3011 1645 ἠ
3051 1573 3215 1646 βουλή
3237 1591 3338 1645 μου
3367 1574 3619 1647 ἀρεσάτω
3648 1593 3761 1644 σοι,

2180 1663 2276 1719 καὶ
2327 1663 2428 1728 τὰς
2481 1665 2755 1736 ἁμαρτίας
2802 1681 2895 1720 σου
2933 1667 2991 1719 ἐν
3023 1665 3418 1736 ἐλεημοσύναις
3456 1667 3759 1738 λύτρωσαι,

2181 1755 2276 1808 καὶ
2305 1754 2404 1820 τὰς
2445 1755 2660 1820 ἀδικίας
2715 1767 2810 1810 σου
2854 1759 2914 1812 ἐν
2946 1758 3252 1829 οίκτιρμοῖς
3299 1759 3582 1830 πενήτων·
3625 1760 3760 1824 ῐσως

2106 1847 2152 1903 D
2180 1843 2331 1897 ἔσται
2360 1845 2713 1917 μακροθυμία
2731 1849 2843 1910 τοῖς
2872 1846 3281 1918 παραπτώμασί
3317 1864 3433 1904 σου.

2249 1935 2342 1992 25.
2380 1937 2564 1991 Ταῦτα
2593 1939 2772 1993 πάντα
2800 1938 3035 2008 ἔφθασεν
3067 1938 3164 1993 ἐπὶ
3197 1939 3256 1994 σὲ
3282 1939 3758 2018 Ναϐουχοδονόσορ

2177 2027 2269 2079 τὸν
2300 2024 2543 2096 βασιλέα.

2247 2117 2336 2172 26.
2367 2119 2521 2172 Μετά
2566 2118 2948 2190 δωδεκάμηνον
2995 2119 3053 2172 ἐν
3088 2118 3167 2190 τῷ
3207 2119 3321 2192 ναῷ
3350 2120 3450 2192 τῆς
3480 2121 3756 2192 βασιλείας

2178 2209 2342 2263 αὐτοῦ
2375 2211 2432 2263 ἐν
2458 2210 2736 2264 Βαϐυλῶνι
2764 2209 3081 2281 περιπατῶν
3103 2209 3190 2285 ἦν.

2249 2301 2339 2354 27.
2370 2301 2479 2355 Kal
2512 2301 2781 2374 ἀπεκρίθη
2813 2304 2840 2355 ὁ
2863 2301 3134 2372 βασιλεὺς,
3160 2304 3252 2356 καὶ
3279 2298 3453 2370 εἶπεν,
3478 2304 3588 2374 Οὐχ
3614 2303 3758 2375 αῦτη

2178 2393 2296 2445 ἐστὶ
2333 2391 2591 2446 Βαϐυλὼν
2614 2395 2646 2464 ἡ
2681 2394 2912 2464 μεγάλη,
2932 2395 2998 2464 ἦν
3022 2394 3134 2463 ἐγὼ
3160 2395 3486 2466 ᾠκοδόμησα
3509 2397 3587 2460 εἰς
3608 2392 3760 2453 οἶκον

2182 2482 2457 2554 βασιλείας
2484 2485 2542 2538 ἐν
2566 2484 2644 2555 τῷ
2675 2487 2864 2556 κράτει
2893 2486 2992 2557 τῆς
3042 2487 3223 2557 ίσχύος
3257 2505 3395 2558 μους

2250 2577 2342 2631 28-.
2383 2579 2502 2630 Ἔτι
2535 2577 2629 2630 τοῦ
2679 2577 2837 2647 λόγου
2889 2581 2946 2632 ἐν
2973 2579 3051 2650 τῷ
3084 2580 3314 2651 στόματι
3345 2580 3435 2634 τοῦ
3489 2581 3750 2651 βασιλέως

2180 2666 2352 2730 ὄντος.
2371 2667 2521 2740 φωνὴ
2547 2669 2640 2722 ἀπ’
2661 2669 2889 2740 οὐρανοῦ
2916 2671 3152 2739 ἐγένετοο
3175 2672 3266 2724 Σοὶ
3289 2671 3524 2740 λέγεται,
3544 2672 3755 2726 Ναϐου-

2182 2758 2465 2831 χοδονόσορ
2518 2759 2830 2834 βασιλεῦ,ή
2882 2763 3129 2834 βασιλεία
3178 2780 3271 2818 σου
3325 2762 3601 2835 παρῆλθεν
3649 2763 3758 2816 ἀπὸ

2183 2867 2298 2906 σου.

2252 2943 2344 2999 29.
2374 2944 2488 2998 Kal
2529 2943 2640 2997 ἀπὸ
2689 2944 2796 2998 τῶν
2848 2943 3152 3016 ἀνθρώπων
3200 2944 3258 2998 σὲ
3289 2945 3629 3014 ἐκδιώξουσι,
3663 2947 3760 3002 καὶ

2187 3034 2324 3104 μετά
2347 3033 2553 3106 θηρίων
2582 3034 2789 3105 ἀγρίων
2822 3037 2855 3106 ἠ
2883 3036 3136 3088 κατοικία
3165 3053 3258 3088 σου
3283 3075 3297 3102 ,
3331 3036 3426 3088 καὶ
3459 3037 3653 3106 χόρτον
3681 3036 3760 3102 ὼς

2186 3125 2312 3196 βοῦν
2353 3125 2664 3197 ψωμίσουσί
2698 3143 2780 3190 σε,
2822 3126 2917 3183 καὶ
2973 3127 3114 3180 ἑπτὰ
3144 3128 3324 3196 καιροὶ
3361 3128 3759 3196 ἀλλαγήσονται

500 3224 676 3280 donec
731 3225 898 3291 scias,
957 3224 1104 3296 quod
1154 3225 1471 3282 dominatur
1503 3225 1766 3284 Excelsus
1789 3242 1954 3297 super
1993 3243 2074 3283 re-

2177 3218 2274 3271 ἐπὶ
2303 3219 2405 3282 σοὶ,
2421 3218 2524 3281 ἕως
2548 3212 2608 3272 οῦ
2631 3217 2794 3288 γνῷς,
2811 3220 2893 3272 ὅτι
2917 3218 3158 3288 κυριεύει
3184 3219 3213 3270 ὁ
3244 3220 3504 3290 Ὕψιστος
3529 3222 3627 3292 τῆς
3654 3221 3758 3291 βα-

503 3332 670 3385 gnum
699 3318 942 3387 ipsorum
974 3317 1259 3374 hominum
1279 3359 1295 3386 ,
1349 3327 1407 3375 et
1461 3320 1792 3392 cuicumque
1816 3321 2073 3388 voluerit,

500 3408 653 3463 dabit
681 3408 835 3465 illud.

572 3499 662 3554 30.
706 3497 907 3554 Eadem
935 3498 1068 3554 hora
1101 3515 1283 3557 sermo
1305 3500 1610 3570 completus
1642 3511 1727 3556 est
1777 3515 1944 3570 super
1970 3499 2078 3556 Na-

501 3589 926 3644 buchodonosor
956 3628 973 3654 ,
1021 3599 1079 3644 et
1137 3606 1204 3645 ex
1263 3591 1574 3646 hominibus
1634 3592 1844 3660 ejectus
1872 3602 1991 3660 est,
2023 3601 2079 3648 et

504 3680 711 3734 faenum
743 3689 804 3732 ut
830 3679 932 3734 bos
957 3681 1213 3746 comedit,
1236 3689 1292 3735 et
1315 3682 1382 3736 de
1409 3697 1533 3736 rore
1567 3682 1689 3738 caeli
1729 3699 1930 3753 corpus
1955 3684 2075 3754 ejus

504 3767 764 3824 infectum
786 3776 890 3832 est,
917 3767 1092 3822 donec
1122 3769 1303 3839 capilli
1352 3769 1473 3839 ejus
1521 3771 1679 3840 quasi
1706 3769 1924 3827 leonum
1957 3788 2079 3828 cre-

504 3867 722 3924 verunt,
753 3865 808 3912 et
836 3873 1046 3930 ungues
1075 3860 1194 3930 ejus
1217 3859 1377 3930 quasi
1403 3860 1612 3915 avium.

569 4032 659 4088 3i.
702 4030 768 4087 Et
790 4041 914 4102 post
938 4033 1101 4087 finem
1153 4031 1365 4088 dierum
1425 4050 1526 4106 ego
1567 4033 2077 4092 Nabuchodonosor

501 4124 693 4178 oculos
723 4139 874 4179 meos
905 4123 971 4178 ad
1001 4124 1200 4179 caelum
1228 4123 1422 4193 levavi,
1453 4135 1507 4182 et
1535 4142 1729 4183 sensus
1763 4128 1868 4182 mei
1899 4128 1966 4183 ad
1989 4142 2076 4184 ine

500 4216 706 4270 reversi
728 4223 878 4278 sunt,
900 4225 956 4271 et
980 4215 1262 4273 Altissimo
1288 4217 1556 4286 benedixi,
1607 4228 1662 4274 et
1709 4219 1978 4275 viventem
2019 4221 2073 4274 in

503 4307 896 4376 sempiternum
927 4307 1161 4376 laudavi,
1188 4317 1242 4364 et
1268 4310 1604 4380 glorificavi,
1652 4311 1781 4382 quia
1832 4321 2074 4381 potestas

502 4396 624 4465 ejus
653 4406 894 4466 potestas
923 4399 1274 4468 sempiterna,
1306 4409 1361 4455 et
1387 4415 1614 4472 regnum
1657 4402 1778 4473 ejus
1821 4403 1876 4457 in
1910 4419 2074 4474 gene-

501 4488 770 4544 rationem
798 4498 850 4544 et
879 4491 1311 4561 generationem.

571 4669 660 4726 52.
703 4669 770 4722 Et
807 4683 1000 4723 omnes
1031 4669 1365 4723 habitatores
1402 4676 1558 4723 terrae
1579 4667 1738 4738 quasi
1765 4669 1899 4724 nihil
1926 4683 2077 4724 com-

502 4763 677 4834 putati
708 4771 858 4825 sunt,
889 4769 943 4815 et
973 4761 1130 4830 juxta
1169 4761 1502 4815 voluntatem
1526 4775 1683 4817 suam
1716 4760 1850 4817 facit
1878 4763 1933 4816 in
1957 4763 2076 4817 vir-

503 4860 618 4907 tute
641 4853 786 4918 cuali,
816 4861 871 4908 et
900 4852 954 4906 in
990 4851 1323 4906 habitatione
1349 4863 1522 4908 terrae.
1555 4850 1622 4905 Et
1671 4867 1782 4908 non
1814 4863 1920 4921 est,
1979 4853 2074 4924 qui

504 4943 724 5000 resistat
745 4947 932 5001 manui
958 4943 1100 5015 ejus,
1120 4952 1176 5000 et
1199 4945 1348 5000 dicat
1365 4944 1416 5000 ei
1442 4963 1456 4999 :
1476 4943 1618 5010 Quid
1645 4943 1864 5001 fecisti?

573 5147 666 5202 33.
706 5145 831 5217 Ipso
863 5155 1106 5218 tempore
1130 5163 1332 5203 sensus
1353 5146 1463 5202 mei
1493 5146 1695 5203 reversi
1723 5155 1854 5204 sunt
1891 5147 1947 5202 in
1969 5163 2074 5217 me,

503 5247 559 5293 et
581 5237 650 5292 ad
682 5237 946 5294 honorem
999 5239 1150 5309 regni
1196 5238 1304 5294 mei
1360 5237 1508 5303 veni,
1548 5247 1603 5294 et
1632 5237 1805 5310 ligura
1847 5254 1964 5294 mea
1990 5253 2076 5294 re-

504 5345 663 5386 versa
689 5339 774 5386 est
798 5330 865 5386 ad
895 5345 1015 5386 me:
1049 5340 1106 5386 et
1144 5331 1381 5403 tyranni,
1405 5339 1462 5386 et
1489 5341 1771 5402 magnetes
1805 5333 1910 5386 mei
1927 5345 2077 5401 quae-

504 5419 702 5475 rebant
733 5435 840 5485 me,
875 5428 932 5474 et
964 5419 1018 5475 in
1083 5436 1253 5492 regno
1283 5437 1405 5478 meo
1453 5421 1792 5478 confortatus
1843 5437 1964 5479 sum
1989 5429 2079 5490 ,et

505 5511 912 5584 magniﬁcentia
943 5513 1176 5583 amplior
1207 5515 1391 5571 addita
1414 5525 1498 5571 est
1521 5516 1675 5570 mihi.

571 5692 664 5748 δι.
705 5693 774 5748 Et
833 5708 982 5748 nunc
1044 5709 1143 5764 ego
1200 5694 1706 5752 Nabuchodonosor
1767 5696 1965 5761 laudo,
2021 5704 2075 5751 et

504 5785 706 5849 exalto,
735 5794 792 5839 et
821 5783 1063 5854 glorifico
1092 5800 1274 5855 regem
1307 5786 1470 5851 coeli,‘
1495 5788 1623 5856 quia
1679 5789 1862 5843 omnia
1913 5803 2074 5857 opera

2181 3307 2386 3371 σιλείας
2412 3307 2592 3361 αὐτῶν
2621 3307 2730 3363 τῶν
2762 3307 3085 3380 ἀνθρώπων,
3117 3310 3208 3362 καὶ
3231 3303 3277 3379 ᾧ
3301 3310 3399 3365 ἐάν
3418 3311 3564 3385 δόξῃ,
3593 3309 3759 3364 δώσει

2177 3400 2367 3471 αὑτήν.

2249 3491 2338 3544 50.
2379 3489 2528 3560 Αὑτῇ
2557 3491 2621 3560 τῇ
2649 3487 2771 3560 ὥρᾳ
2795 3489 2824 3543 ό
2852 3489 3006 3558 λόγος
3039 3489 3389 3562 συνετελέσθη
3414 3489 3509 3544 ἐπὶ
3542 3490 3764 3545 Ναϐου-

2177 3579 2487 3650 χοδονόσορ,
2545 3579 2639 3633 καὶ
2673 3578 2784 3633 ἀπὸ
2814 3580 2922 3634 τῶν
2974 3580 3274 3652 ἀνθρώπων
3313 3581 3626 3656 ἐξεδιώχθη,
3663 3588 3758 3640 καὶ

2177 3669 2372 3740 χόρτον
2396 3669 2472 3733 ὡς
2502 3668 2628 3740 βοῦς
2655 3668 2832 3741 ἤσθιε,
2859 3667 2964 3724 ’καὶ
2992 3671 3100 3725 ἀπὸ
3127 3671 3228 3741 τῆς
3259 3671 3452 3742 δρόσου
3475 3673 3568 3727 τοῦ
3589 3673 3760 3745 οὐραο

2177 3761 2270 3815 νοῦ
2324 3759 2387 3812 τὸ
2421 3760 2580 3832 σῶμα
2612 3761 2778 3816 αὐτοῦ
2821 3761 3022 3833 ἐδάφη,
3059 3764 3164 3827 ἕως
3209 3756 3269 3817 οῦ
3297 3765 3351 3816 αί
3375 3763 3560 3835 τρίχες
3584 3765 3757 3820 αὐτοῦ

2173 3853 2252 3916 ὼς
2276 3853 2504 3906 λεόντων
2529 3853 3000 3924 ἐμεγαλύνθησαν,
3048 3855 3142 3908 καὶ
3173 3855 3221 3908 οἱ
3261 3855 3451 3925 ὄνυχες
3477 3856 3642 3911 αὑτοῦ
3678 3857 3756 3923 ὡς

2175 3945 2398 4014 ὀρνέων.

2246 4039 2336 4094 51.
2370 4037 2482 4092 Kal
2512 4038 2652 4109 μετὰ
2673 4037 2734 4092 τὸ
2770 4037 2922 4101 τέλος
2949 4037 3057 4092 τῶν
3085 4038 3308 4108 ἡμερῶν
3334 4038 3445 4107 ἐγὼ
3472 4040 3753 4111 Ναϐουχοο

2175 4130 2392 4200 δονόσορ
2419 4130 2544 4194 τοὺς
2567 4129 2876 4200 ὀφθαλμούς
2911 4147 3011 4201 μου
3059 4131 3138 4194 εἰς
3162 4130 3253 4183 τὸν
3291 4132 3516 4203 οὐρανὸν
3539 4132 3750 4196 ἔλαϐον,

2173 4224 2271 4276 καὶ
2303 4225 2361 4276 al
2399 4223 2594 4293 φρένες
2627 4240 2728 4294 μου
2760 4221 2847 4276 ἐπ’
2898 4222 2998 4293 ἐμὲ
3028 4223 3469 4292 ἐπεστράφησαν,
3524 4225 3619 4277 καὶ
3661 4225 3753 4277 τὸν

2177 4313 2439 4384 ’Υψιστον
2474 4315 2749 4386 εὐλόγησα
2770 4355 2785 4379 ,
2814 4314 2908 4368 καὶ
2941 4315 3032 4368 τὸν
3065 4314 3242 4378 ζῶντα
3271 4317 3351 4379 εἰς
3398 4317 3522 4379 τοὺς
3549 4314 3752 4379 αἰῶνας

2174 4402 2378 4474 ᾔνεσα,
2412 4403 2507 4457 καὶ
2534 4401 2762 4467 ἐδόξασα
2788 4442 2803 4467 ,
2833 4403 2916 4455 ὅτι
2962 4403 2995 4473 ἡ
3049 4402 3264 4467 ἐξουσία
3310 4403 3498 4466 αὑτοῦ,
3532 4402 3752 4467 ἐξουσία

2175 4493 2422 4558 αἰώνιος,
2468 4493 2566 4548 καὶ¹
2599 4495 2632 4565 ή
2678 4493 2926 4564 βασιλεία
2953 4493 3119 4548 αὑτοῦ
3163 4495 3246 4558 εἰς
3281 4494 3474 4564 γενεὰν
3531 4495 3624 4548 καὶ
3648 4510 3750 4563 γε-

2176 4605 2302 4642 νεαν
2309 4628 2322 4642 .

2245 4676 2336 4736 52.
2375 4677 2486 4730 Kal
2512 4675 2713 4740 πάντες
2734 4677 2783 4729 oi
2814 4679 3192 4742 κατοικοῦντες
3222 4678 3322 4751 τὴν
3358 4679 3462 4750 γῆν
3501 4678 3576 4742 ὡς
3600 4678 3753 4732 οὐδὲν

2175 4768 2532 4840 ἐλογίσθησαν
2555 4785 2568 4799 ·
2601 4769 2696 4823 καὶ
2730 4770 2872 4824 κατά
2898 4771 2958 4823 τὸ
2993 4769 3206 4842 θέλημα
3239 4770 3407 4826 αὑτοῦ
3429 4773 3573 4824 ποιεῖ
3600 4772 3658 4824 ἐν
3684 4773 3751 4842 τῇ

2173 4861 2402 4932 δυνάμει
2446 4861 2542 4915 τοῦ
2571 4861 2826 4933 οὐρανοῦ,
2863 4863 2958 4916 καὶ
3001 4864 3060 4916 ἐν
3105 4865 3171 4935 τῇ
3205 4863 3460 4934 κατοικία
3490 4862 3591 4932 τῆς
3621 4863 3749 4932 γῆς.

2176 4955 2288 5010 Καὶ
2311 4955 2409 5008 οὐκ
2439 4953 2587 5008 ἔστιν
2614 4954 2674 5018 ὃς
2706 4955 3088 5026 ἀντιστήσεται
3134 4957 3200 5026 τῇ
3232 4955 3376 5026 χειρὶ
3409 4955 3597 5022 αὐτοῦ,
3657 4957 3753 5010 καὶ

2175 5047 2292 5118 ἐρεῖ
2326 5043 2490 5115 αὐτῷ’
2524 5046 2589 5099 Τί
2616 5045 2912 5117 ἐποίησας;

2229 5139 2336 5194 ⁸55.
2368 5136 2529 5209 Αὐτῷ
2553 5137 2634 5209 τῷ
2665 5138 2842 5210 καιρῷ
2869 5139 2924 5192 αἱ
2954 5138 3147 5210 φρένες
3197 5155 3299 5212 μου
3327 5138 3752 5210 ἐπεστράφησαν

2173 5230 2262 5284 ἐπ’
2293 5231 2434 5302 ἐμοὶ,
2473 5230 2567 5285 καὶ
2597 5232 2676 5294 είς
2703 5229 2801 5301 τὴν
2826 5231 2990 5302 τιμὴν
3010 5233 3109 5304 τῆς
3142 5231 3418 5302 βασιλείας
3440 5248 3542 5301 μου
3565 5226 3750 5302 ἦλθον.

2178 5323 2273 5378 καὶ
2311 5325 2344 5394 ή
2377 5323 2560 5395 μορφή
2590 5340 2692 5394 μου
2722 5323 3058 5395 ἐπέστρεψεν
3086 5324 3172 5377 ἐπ’
3221 5322 3341 5394 ἐμὲ,
3405 5322 3500 5375 καὶ
3554 5323 3602 5375 oi
3657 5319 3751 5373 τύ-

2181 5416 2362 5489 ραννοί
2401 5433 2526 5486 μου,
2575 5416 2671 5470 καὶ
2702 5417 2752 5468 οἱ
2783 5417 3108 5487 μεγιστᾶνές
3139 5433 3241 5486 μου
3276 5415 3502 5486 ἐζήτουν
3534 5431 3624 5484 με,
3657 5412 3751 5466 καὶ

2176 5508 2270 5561 ἐπὶ
2289 5508 2388 5577 τὴν
2421 5507 2695 5577 βασιλείαν
2718 5525 2820 5580 μου
2842 5506 3238 5579 ἐκραταιώθην,
3261 5509 3356 5562 καὶ
3390 5505 3748 5577 μεγαλωσύνη

2177 5598 2539 5669 περισσοτέρα
2567 5599 2870 5670 προσετέθη
2901 5617 3012 5670 μοι,

2249 5691 2337 5745 54.
2373 5693 2482 5745 Kal
2515 5691 2613 5746 νῦν
2638 5691 2748 5760 ἐγὼ
2771 5690 3240 5762 Ναόουχοδονόσορ
3269 5690 3405 5746 αἰνῶ
3427 5731 3442 5757 ,
3486 5689 3580 5743 καὶ
3611 5687 3748 5758 ὑψῶ,

2183 5783 2276 5838 καὶ
2325 5783 2531 5848 δοξάζω
2559 5785 2647 5838 τὸν
2684 5784 2902 5853 βασιλέα
2950 5782 3042 5836 τοῦ
3073 5782 3325 5855 οὐρανοῦ,
3360 5784 3441 5838 ὅτι
3471 5783 3649 5839 πάντα
3669 5782 3750 5857 ,τά
