4122 6320
298 399 438 458 2385

1737 387 1969 447 CAPUT
2015 390 2076 446 V.

3407 381 3548 442 2868

299 532 432 596 ιργα
458 517 630 574 αὑτοῦ
675 514 930 596 ἀληθινὰ,
957 515 1052 570 καὶ
1077 514 1133 571 ai
1153 511 1329 586 τρίὸοι
1356 509 1522 566 αύτοῦ
1549 510 1752 583 κρίσις,
1783 509 1878 564 καὶ

1993 509 2102 578 ejus
2131 523 2280 575 vera,
2307 517 2362 564 et
2388 507 2595 565 semitae
2623 506 2746 578 ejus
2784 505 3074 576 judicium,
3105 513 3159 561 et
3195 519 3386 561 omnes
3420 519 3548 572 gra-

300 617 506 676 πάντας
552 613 680 675 τοὺς
729 607 1126 682 πορευομένους
1149 607 1206 660 ἐν
1238 602 1607 677 ὑπερηφανίᾳ,
1651 600 1874 656 δύναται

298 723 648 764 ταπεινωσαι.

820 786 1219 844 ΚΕΦᾹΛΑΙΟΝ
1267 783 1346 838 E'.

367 886 418 942 i.
453 884 742 954 Βαλτάσαρ
774 885 802 936 6
834 880 1082 951 βασιλεὺς
1106 877 1326 948 ἐποίησε
1351 875 1565 928 δεῖπνον
1595 873 1736 944 μέγα
1760 873 1872 938 τοῖς

305 979 621 1050 μεγιστᾶσιν
658 973 824 1029 αὑτοῦ
849 973 1039 1044 χιλίοις
1063 1013 1079 1038 ,
1115 970 1208 1024 καὶ
1243 967 1528 1022 κατέναντι
1554 965 1660 1019 τῶν
1686 965 1872 1035 χιλίων

301 1075 328 1126 6
343 1067 502 1132 οἶνος.

365 1163 418 1218 2.
445 1162 622 1214 Πίνων
664 1157 954 1227 Βαλτάσαρ
981 1157 1010 1208 6
1045 1153 1297 1226 βασιλεὺς
1320 1146 1474 1205 εἶπεν
1499 1151 1556 1203 ἐν
1587 1151 1653 1220 τῇ
1684 1147 1870 1216 γεύσει

302 1251 388 1307 τοῦ
416 1251 584 1316 οῐνου,
613 1248 714 1301 τοῦ
753 1248 1001 1315 ἐνεγκεῖν
1030 1244 1098 1298 τὰ
1130 1242 1296 1312 σκεύη
1327 1241 1397 1295 τὰ
1424 1241 1626 1312 χρυσᾶ,
1682 1237 1775 1292 καὶ
1802 1238 1871 1292 τά

301 1344 530 1415 ἀργυρᾶ,
563 1341 600 1396 ἃ.
630 1340 889 1411 ἐξήνεγκε
917 1334 1391 1405 Ναόουχοδονόσορ
1417 1334 1446 1385 6
1489 1330 1672 1402 πατὴρ
1702 1327 1867 1383 αὐτοῦ

300 1441 361 1493 ἐκ
399 1435 494 1490 τοῦ
544 1430 674 1488 ναοῦ
709 1428 805 1485 τοῦ
833 1431 890 1483 ἐν
936 1423 1314 1498 Ἰερουσαλὴμ,
1351 1423 1447 1477 καὶ
1493 1422 1763 1476 πιέτωσαν
1809 1422 1868 1473 ἐν

300 1529 478 1588 αὐτοῖς
504 1524 533 1577 6
563 1521 835 1594 βασιλεὺς,
878 1518 974 1580 καὶ
1020 1519 1068 1570 οί
1116 1516 1440 1588 μεγιστᾶνες
1468 1511 1658 1577 αὐτοῦ,
1689 1511 1785 1567 καὶ
1809 1511 1868 1564 at

301 1616 619 1689 παράκοιτοι
647 1609 835 1674 αὑτοῦ,
867 1609 960 1662 καὶ
987 1608 1044 1660 at
1077 1604 1348 1659 παλλακαὶ
1373 1599 1561 1657 αὑτοῦ.

366 1708 418 1764 5.
455 1706 567 1759 Καὶ
594 1701 797 1772 ἠνέχθη
826 1700 893 1754 τὰ
922 1697 1089 1768 σκεύη
1112 1695 1180 1750 τὰ
1205 1695 1438 1769 ἀργυρᾶ,
1463 1693 1558 1747 καὶ
1580 1689 1650 1745 τὰ
1668 1691 1865 1762 χρυσᾶ,

1981 600 2191 656 dientes
2220 601 2272 654 in
2301 600 2554 671 superbia
2576 607 2754 669 potest
2782 596 3090 652 bumiliare.

2603 790 2831 850 CAPUT
2874 789 2939 846 γ.

2047 892 2101 946 1.
2146 888 2394 945 Baltasar
2420 903 2516 944 rex
2548 888 2676 944 fecit
2723 886 2925 957 grande
2971 882 3284 939 convivium
3315 879 3549 950 optima-

1978 983 2122 1038 tibus
2139 982 2254 1037 suis
2278 981 2448 1046 mille,
2474 990 2527 1036 et
2545 994 2575 1035 e
2599 979 2820 1050 regione
2849 979 3091 1048 ipsorum
3111 975 3280 1041 mille,
3299 973 3506 1029 vinum.

2044 1165 2100 1219 2.
2142 1165 2343 1220 Bibens
2396 1163 2642 1218 Baltasar
2695 1177 2792 1218 rex
2852 1160 2991 1217 dixit
3035 1159 3089 1214 in
3139 1166 3296 1228 gustu
3327 1157 3458 1224 vini,
3487 1164 3548 1210 ut

1975 1255 2296 1310 aiferrentur
2325 1269 2453 1310 vasa
2489 1249 2673 1318 aurea,
2703 1262 2758 1308 et
2789 1260 3044 1323 argentea
3070 1292 3086 1317 ,
3145 1264 3268 1319 quae
3305 1257 3549 1318 asporta-

1973 1355 2126 1400 verat
2153 1343 2660 1398 Nabuchodonosor
2689 1351 2842 1412 pater
2874 1342 2995 1411 ejus
3044 1341 3109 1396 de
3144 1340 3364 1409 templo,
3399 1338 3544 1408 quod

1973 1445 2092 1490 erat
2120 1435 2177 1489 in
2203 1433 2526 1499 Jerusalem,
2546 1445 2600 1490 et
2631 1434 2876 1489 biberent
2908 1434 2962 1487 in
2988 1434 3068 1488 eis
3095 1447 3210 1496 rex,
3238 1439 3293 1486 et
3312 1429 3546 1501 optima-

1975 1535 2055 1582 tes
2076 1526 2216 1596 ejus,
2238 1535 2293 1582 et
2319 1526 2638 1582 concubina:
2663 1525 2802 1596 ejus,
2827 1533 2880 1580 et
2907 1533 3087 1580 scorta
3123 1524 3262 1594 ejus.

2045 1708 2099 1763 3.
2142 1707 2211 1762 Et
2243 1707 2403 1762 allata
2435 1714 2564 1762 sunt
2595 1720 2724 1760 vasa
2755 1713 3033 1776 argentea,
3083 1712 3138 1759 et
3197 1715 3384 1768 aurea,
3425 1715 3549 1769 qua

301 1802 333 1859 ἃ
357 1800 616 1870 ἐξήνεγκε
645 1791 1116 1862 Ναὸουχοδονόσορ
1141 1789 1205 1841 ἐκ
1231 1786 1326 1841 τοῦ
1348 1786 1477 1840 ναοῦ
1503 1784 1594 1838 τοῦ
1617 1782 1752 1837 Θεοῦ
1773 1781 1867 1837 τοῦ

1993 1808 2349 1869 rsportaverat
2375 1796 2883 1853 Nabuchodonosor
2913 1795 2982 1850 de
3003 1795 3204 1864 templo
3242 1793 3354 1860 Dei,
3400 1791 3547 1862 quod

301 1897 356 1949 ἐν
391 1869 772 1962 Ἰερουσαλὴμ,
808 1885 900 1938 καὶ
930 1883 1112 1937 ἔπινον
1134 1884 1190 1934 ἐν
1215 1881 1396 1943 αὐτοῖς
1428 1879 1456 1932 6
1485 1877 1755 1948 βασιλεὺς,
1779 1875 1874 1929 κοιλ⁸

1993 1891 2154 1946 'uerat
2178 1892 2233 1945 in
2263 1889 2566 1945 Jerusalem
2597 1903 2610 1943 ι
2638 1897 2692 1942 et
2719 1888 2976 1943 bibebant
3005 1887 3058 1939 in
3082 1885 3163 1940 eis
3191 1899 3306 1949 rex,
3327 1892 3381 1938 et
3407 1881 3551 1954 opti-

301 1984 347 2037 οί
374 1980 696 2052 μεγιστᾶνες
715 1973 879 2029 αὑτοῦ
900 2013 916 2041 ,
949 1973 1045 2028 καὶ
1094 1973 1417 2044 παράκοιτοι
1440 1965 1603 2023 αὑτοῦ
1625 2009 1640 2034 ,
1691 1966 1786 2020 καὶ
1816 1965 1872 2018 αἱ

301 2071 573 2128 παλλακαὶ
598 2067 787 2124 αὐτοῦ.

365 2164 420 2218 4,
445 2161 556 2214 Καὶ
593 2157 779 2212 ἔπινον
820 2153 984 2216 οἶνον,
1015 2153 1113 2208 καὶ
1163 2152 1367 2224 ᾔνεσαν
1394 2150 1520 2212 τοὺς
1560 2145 1716 2209 θεοὺς
1749 2145 1875 2208 τοὺς

301 2249 550 2325 χρυσοῦς,
582 2249 677 2302 καὶ
709 2245 1004 2318 ἀργυροῦς,
1056 2243 1154 2297 καὶ
1183 2239 1440 2313 χαλκοῦς,
1471 2238 1566 2293 καὶ
1599 2233 1874 2307 σιδηροῦς,

299 2345 391 2399 καὶ⁷
414 2341 683 2408 ξυλίνους,
727 2338 823 2390 καὶ
852 2334 1089 2397 λιθίνους
1116 2351 1130 2364 ·
1170 2333 1268 2386 καὶ
1298 2331 1390 2385 τὸν
1417 2330 1548 2384 Θεὸν
1576 2327 1672 2381 τοῦ
1707 2327 1892 2397 ούρα-.

300 2434 387 2489 νοῦ
411 2434 510 2487 ούκ
537 2432 860 2502 εὐλόγησαν,
889 2427 982 2481 τὸν
1006 2425 1199 2498 ἔχοντα
1221 2423 1469 2492 ἐξουσίαν
1510 2420 1604 2474 τοῦ
1631 2418 1877 2490 πνεύμα-

274 2543 388 2590 ⁹ιιιος
411 2523 614 2580 αὐτῶν.

368 2620 421 2675 5.
457 2617 548 2671 Ἐν
580 2615 717 2687 αὐτῇ
766 2616 832 2686 τῇ
875 2612 1000 2684 ὥρᾳ
1028 2609 1252 2681 ἐξῆλθον
1299 2606 1552 2662 δάκτυλοι
1576 2603 1759 2676 χειρὸς
1785 2605 1879 2659 ἀν-

301 2709 542 2782 θρώπου,
573 2708 670 2762 καὶ
703 2707 941 2778 ἔγραφον
965 2703 1252 2757 κατέναντι
1277 2699 1377 2770 τῆς
1399 2698 1682 2770 λαμπάδος
1707 2698 1797 2751 ἐπὶ
1818 2696 1880 2750 τὸ

301 2803 538 2872 κονίαμα
565 2799 660 2854 τοῦ
689 2798 866 2869 τοίχου
899 2796 991 2851 τοῦ
1042 2795 1192 2850 οἴκου
1238 2794 1334 2848 τοῦ
1372 2790 1670 2862 βασιλέως·
1719 2791 1814 2844 κει)⁸
1851 2790 1880 2842 6

303 2892 553 2964 βασιλεὺς
589 2887 812 2961 ἐθεώρει
853 2889 978 2952 τοὺς
1022 2885 1396 2955 ἀστραγάλους
1432 2883 1534 2954 τῆς
1573 2881 1755 2954 χειρὸς
1781 2885 1881 2953 τῆς

302 2982 642 3055 γραφούσης-

371 3075 426 3129 6.
456 3074 591 3126 Τότε
623 3071 716 3126 τοῦ
746 3069 1010 3142 βασιλέως
1055 3067 1088 3138 ἡ
1125 3064 1307 3138 μορφὴ
1354 3065 1646 3136 ἠλλοιώθη,
1698 3064 1795 3118 καὶ
1831 3064 1880 3117 οῖ

306 3167 645 3237 διαλογισμοὶ
671 3163 835 3219 αὐτοῦ
861 3162 1257 3234 συνετάρασσον
1279 3160 1439 3214 αὑτὸν
1459 3202 1474 3226 ,
1504 3161 1598 3214 καὶ
1626 3161 1676 3212 οἱ
1702 3157 1884 3212 σύνδε-

309 3277 433 3331 σμοι
464 3259 566 3329 τῆς
590 3257 787 3326 ὀσφύος
821 3255 984 3311 αὐτοῦ
1015 3253 1305 3317 διελύοντο,
1330 3254 1428 3306 καὶ
1457 3251 1526 3305 τὰ
1563 3251 1765 3319 γόνατα
1789 3250 1886 3303 αύ-

308 3350 400 3405 τοῦ
429 3353 498 3419 Χ
531 3349 690 3404 τοῦτο
719 3348 894 3419 τούτῳ
913 3347 971 3418 /.
1005 3344 1381 3416 συνεκρούετο.

375 3444 430 3497 7.
468 3443 581 3496 Καὶ
615 3442 841 3512 ἐϐόησεν
863 3441 890 3492 ὁ
917 3437 1170 3510 βασιλεὺς
1195 3439 1251 3490 ἐν
1285 3435 1430 3507 ἰσχύϊ
1453 3434 1547 3488 τοῦ
1576 3434 1890 3502 εἰσαγαγεῖν

313 3534 540 3603 μάγους,
576 3529 918 3593 Χαλδαίους,
959 3524 1334 3599 γαζαρηνούςο
1387 3525 1482 3578 καὶ
1534 3523 1808 3595 ἀπεκρίθη
1861 3523 1891 3576 6

314 3626 580 3696 βασιλεὺς,
615 3624 708 3678 καὶ
738 3618 891 3677 εἶπεν
924 3624 1032 3685 τοῖς
1060 3621 1244 3689 σοφοῖς
1286 3616 1625 3684 Βαϐυλῶνος,
1661 3617 1746 3670 ὅτι
1773 3619 1891 3681 Πᾶς

315 3719 629 3792 ἄνθρωπος,
671 3717 730 3780 ὃς
770 3714 864 3769 ἐὰν
909 3712 1128 3784 ἀναγνῷ
1160 3711 1257 3783 τὴν
1287 3709 1503 3782 γραφὴν
1524 3709 1762 3779 ταύτην,
1794 3709 1892 3763 καὶ

315 3810 408 3882 τὴν
443 3809 730 3880 σύγκρισιν
752 3805 923 3876 αὐτῆς
949 3803 1190 3876 γνωρίσῃ
1217 3820 1329 3874 μοι,
1363 3800 1654 3875 πορφύραν
1677 3799 1894 3853 ἐνδύσε-

316 3920 424 3970 ται,
445 3903 539 3956 καὶ
564 3902 592 3956 ὁ
623 3901 892 3972 μανιάκης
928 3900 956 3951 6
977 3895 1213 3968 χρυσοῦς
1240 3894 1336 3947 ἐπὶ
1369 3892 1464 3946 τοῦ
1497 3891 1768 3966 τραχήλου
1799 3890 1895 3946 αύ-

318 3993 432 4064 τοῦ,
451 3995 546 4049 καὶ
569 3993 751 4067 τρίτος
777 3991 834 4044 ἐν
856 3991 923 4061 τῇ
957 3987 1206 4060 βασιλείᾳ
1229 4003 1333 4058 μου
1367 3984 1541 4056 ἄρξει.

387 4088 441 4143 8.
477 4085 590 4140 Καὶ
622 4080 1033 4154 εἰσεπορεύοντο
1082 4079 1277 4142 πάντες
1316 4079 1365 4131 οι
1412 4075 1569 4145 σοφοὶ
1607 4070 1700 4128 τοῦ
1745 4073 1886 4144 βασι·

321 4179 478 4244 λέως,
506 4177 600 4232 καὶ
625 4176 728 4229 οὐκ
757 4173 1018 4246 ἠδύναντο
1050 4169 1149 4241 τὴν
1177 4167 1390 4239 γραφὴν
1418 4167 1748 4236 ἀναγνῶναι,
1778 4165 1898 4219 ούδέ

325 4273 417 4345 τὴν
444 4272 732 4341 σύγκρισιν
758 4264 1023 4336 γνωρίσαι
1062 4260 1136 4333 τῷ
1172 4260 1400 4332 βασιλεῖ.

392 4362 447 4418 9.
473 4363 586 4414 Καὶ
616 4359 643 4412 6
671 4353 921 4429 βασιλεὺς
945 4353 1231 4424 Βαλτάσαρ
1256 4349 1553 4421 ἐταράχθη,
1583 4349 1676 4403 καὶ
1709 4348 1742 4416 ἡ
1769 4365 1899 4419 μορ-

328 4452 399 4525 φὴ
422 4451 586 4506 αὐτοῦ
606 4445 873 4521 ἠλλοιώθη
908 4443 994 4500 ἐπ’
1025 4443 1195 4514 αὐτῷ,
1242 4442 1338 4497 καὶ
1379 4443 1426 4495 οἱ
1457 4442 1777 4512 μεγιστᾶνες
1799 4439 1902 4493 αύο

327 4546 419 4605 τοῦ
451 4542 931 4613 συνεταράσσοντο.
1073 4530 1085 4537 ’

398 4636 485 4690 10.
515 4635 628 4688 Καὶ
657 4636 690 4703 ή
723 4630 1008 4703 βασίλισσα
1041 4628 1330 4682 κατέναντι
1355 4625 1463 4679 τῶν
1491 4623 1666 4692 λόγων
1689 4621 1783 4676 τοῦ
1807 4621 1906 4692 βα-

336 4727 543 4791 σιλέως,
576 4726 669 4779 καὶ
694 4723 802 4776 τῶν
831 4721 1171 4792 μεγιστάνων
1195 4715 1359 4771 αὐτοῦ
1401 4717 1480 4780 είς
1517 4714 1608 4768 τὸν
1637 4710 1783 4767 οἶκον
1810 4711 1904 4766 τοῦ

335 4820 496 4873 πότου
519 4816 788 4886 εἰσῆλθεν,
816 4815 912 4868 καὶ
927 4811 1200 4882 ἀπεκρίθη
1219 4813 1252 4881 ή
1282 4809 1588 4880 βασίλισσα,
1615 4808 1709 4861 καὶ
1731 4804 1904 4859 εἶπεν·

337 4906 589 4971 Βασιλεῦ,
614 4909 694 4970 είς
723 4906 850 4968 τοὺς
878 4900 1079 4966 αἰῶνας
1111 4900 1236 4972 ζῆθι
1255 4919 1266 4932 ο
1295 4899 1368 4971 μὴ
1395 4897 1813 4970 ταρασσέτωσάν
1850 4912 1909 4948 σε

336 5003 387 5056 οῖ
414 4996 758 5069 διαλογισμοί
783 5011 899 5061 σου,
924 4995 1022 5048 καὶ
1048 4995 1080 5064 ἡ
1123 4993 1302 5064 μορφή
1332 5007 1425 5044 σου
1459 4989 1534 5060 μὴ
1559 4987 1906 5042 άλλοιούσθω.

407 5093 498 5147 11.
534 5092 726 5145 Ἔστιν
755 5088 892 5159 ἀνὴρ
921 5087 980 5140 ἐν
1011 5087 1078 5156 τῇ
1120 5082 1364 5154 βασιλεία
1394 5098 1510 5146 σου,
1541 5083 1598 5134 ἐν
1618 5075 1662 5149 ᾧ
1688 5078 1910 5148 Πνεῦμα

336 5187 468 5240 Θεοῦ
502 5186 654 5255 ἅγιον
679 5186 734 5237 ἐν
760 5177 926 5251 αὐτῷ,
956 5180 1052 5233 καὶ
1090 5180 1146 5230 ἐν
1177 5179 1295 5240 ταῖς
1323 5176 1555 5246 ἡμέραις
1585 5173 1680 5226 τοῦ
1707 5172 1913 5244 πατρός

341 5296 432 5332 σου
464 5277 799 5351 γρηγόρησις
828 5275 923 5328 καὶ⁵
970 5273 1182 5334 σύνεσις
1233 5267 1430 5338 εὑρέθη
1473 5267 1530 5318 ἐν
1558 5263 1728 5333 αὐτῷ,
1763 5264 1861 5317 καὶ
1886 5263 1914 5315 6

346 5369 595 5440 βασιλεὺς
622 5362 1094 5434 Ναϐουχοδονόσορ
1124 5361 1153 5412 6
1210 5359 1392 5426 πατήρ
1427 5370 1522 5408 σου
1545 5354 1781 5426 ἄρχοντα
1817 5354 1916 5406 ἐπ-

341 5461 530 5516 αοιδῶν
554 5501 570 5527 ,
632 5458 843 5531 μάγων,
901 5451 1184 5510 Χαλδαίων
1205 5445 1592 5519 ,’γαζαρηνῶν
1654 5443 1918 5515 κατέστη..

347 5569 437 5605 σεν
473 5552 654 5606 αὐτόν.

419 5643 507 5696 f2.
535 5641 658 5695 Ὀτι
690 5637 908 5709 πνεῦμα
936 5633 1194 5707 περισσὸν
1217 5634 1276 5686 ἐν
1307 5630 1476 5702 αὐτῷ,
1511 5629 1605 5684 καὶ
1635 5627 1914 5700 φρόνησις,

348 5733 442 5788 καὶ
456 5733 690 5796 σύνεσις,
707 5727 1013 5800 συγκρίνων
1034 5724 1279 5790 ἐνύπνια,
1299 5723 1393 5777 καὶ
1411 5721 1758 5792 ἀναγγέλλων
1783 5737 1919 5790 κρα-

348 5825 584 5899 τούμενα
603 5840 618 5857 ο
651 5823 746 5880 καὶ
764 5823 794 5876 6
825 5819 1075 5893 βασιλεὺς
1104 5813 1544 5894 ἐπέθηκενάύτῷ
1590 5813 1758 5886 ὄνομα
1785 5811 1918 5867 Βαλ-

1977 1994 2150 2039 mates
2178 1983 2320 2054 ejus,
2359 1990 2412 2037 et
2433 1981 2751 2036 concubina:
2778 1980 2918 2050 ejus,
2945 1987 2999 2033 et
3019 1987 3199 2034 scorta
3231 1977 3372 2047 ejus.

2048 2166 2102 2220 ι.
2145 2163 2210 2220 Et
2240 2164 2500 2219 bibebant
2531 2162 2737 2226 vinum,
2772 2169 2826 2214 et
2849 2158 3144 2214 laudabant
3171 2155 3304 2211 deos
3327 2169 3546 2223 aureos,
3578 2149 3584 2156 ’

1977 2267 2028 2314 et
2053 2267 2358 2328 argenteos,
2386 2265 2439 2310 et
2485 2268 2678 2320 aereos,
2730 2261 2786 2308 et
2835 2251 3043 2306 ferreos
3069 2290 3085 2316 ,
3120 2248 3460 2318 ligneosque,
3493 2253 3550 2299 et
3662 2239 3664 2241 ’

1979 2349 2223 2420 lapideos
2253 2363 2266 2399 :
2299 2355 2353 2402 et
2395 2347 2506 2401 Deo
2551 2345 2674 2400 coeli
2726 2358 2832 2398 non
2871 2340 3272 2398 benedixerunt
3327 2336 3548 2393 habenti

1979 2447 2300 2512 potestatem
2331 2437 2552 2509 spiritus
2593 2451 2808 2492 eorum.

2054 2621 2104 2676 5.
2134 2620 2191 2674 in
2217 2619 2403 2674 eadem
2430 2619 2564 2674 hora
2593 2617 2797 2687 egressi
2828 2623 2955 2671 unt
2973 2612 3123 2685 digiti
3148 2625 3344 2668 manus
3366 2609 3551 2665 homi-

1935 2723 1937 2725 ‘
1982 2713 2086 2779 nis,
2116 2721 2168 2766 et
2192 2711 2504 2766 scribebant
2529 2726 2559 2766 e
2581 2710 2803 2780 regione
2830 2707 3096 2777 lampadis
3125 2706 3179 2760 in
3203 2704 3430 2760 tectorio
3455 2718 3553 2773 pa-

1981 2803 2132 2858 rietis
2159 2801 2355 2857 domus
2383 2804 2526 2873 regis
2549 2820 2564 2870 ;
2598 2809 2653 2857 et
2683 2816 2780 2856 rex
2805 2797 3274 2868 contemplabatur
3293 2794 3553 2850 articulos

1981 2909 2177 2950 manus
2204 2895 2514 2950 scribentis.

2054 3077 2108 3133 6.
2149 3077 2304 3132 Tunc
2337 3075 2480 3147 regis
2517 3074 2692 3130 forma
2717 3073 3002 3128 immutata
3033 3077 3136 3136 est,
3169 3074 3223 3123 et
3267 3064 3559 3136 cogitatio-

1989 3185 2088 3225 nes
2137 3170 2256 3238 ejus
2303 3167 2705 3222 conturbabant
2741 3181 2891 3226 eum,
2941 3171 2997 3218 et
3047 3174 3334 3230 compages
3364 3171 3555 3212 renum

1987 3263 2108 3331 ejus
2134 3259 2593 3323 dissolvebantur,
2632 3264 2686 3312 et
2738 3269 2914 3326 genus
2963 3252 3085 3322 ejus
3134 3250 3368 3306 alterum
3400 3246 3560 3303 alteri

1985 3352 2406 3409 collidebantur.
3375 3388 3378 3392 .

2058 3445 2112 3498 7.
2160 3445 2224 3498 Et
2255 3441 2510 3498 clamavit
2546 3453 2644 3496 rex
2677 3441 2732 3494 in
2763 3435 3103 3500 fortitudine,
3153 3441 3213 3488 ut
3251 3429 3563 3486 introduce-

1989 3540 2108 3588 rent
2129 3546 2334 3601 ruagos,
2358 3528 2662 3595 Chaldaeos,
2693 3539 3011 3596 gazarenos.
3047 3521 3114 3576 Et
3137 3520 3419 3590 respondit
3440 3534 3559 3590 rex,

1988 3631 2045 3680 et
2067 3624 2205 3679 dixit
2230 3621 2566 3692 sapientibus
2589 3617 2916 3690 Babylonis,
2973 3614 3119 3684 quod
3151 3611 3346 3668 Omnis
3396 3611 3564 3666 homo

1990 3716 2324 3786 quicumque
2350 3712 2542 3782 legerit
2564 3710 2890 3778 scripturam
2920 3707 3082 3771 hanc,
3106 3712 3162 3760 et
3191 3702 3565 3769 conjecturam

1992 3806 2113 3874 ejus
2143 3803 2489 3858 manifestam
2518 3801 2653 3857 mibi
2681 3799 2889 3864 fecerit,
2918 3807 3158 3867 purpura
3197 3793 3481 3856 vestietur,
3513 3799 3568 3846 et

1994 3906 2218 3968 torques
2247 3911 2410 3950 aurea
2443 3910 2606 3966 super
2626 3894 2827 3949 collum
2862 3891 3003 3961 ejus,
3028 3899 3083 3944 et
3104 3888 3297 3944 tertius
3319 3887 3373 3941 in
3396 3900 3567 3957 regno

1995 4004 2118 4042 meo
2148 3987 2399 4058 princeps
2427 3987 2548 4040 erit.

2067 4077 2121 4130 8.
2167 4075 2232 4130 Et
2266 4073 2706 4144 ingrediebantur
2762 4083 2954 4125 omnes
3003 4065 3273 4136 sapientes
3315 4063 3480 4134 regis,
3515 4071 3569 4118 et

1999 4185 2107 4222 non
2141 4175 2389 4235 poterant
2419 4163 2742 4234 scripturam
2777 4161 2976 4232 legere,
3007 4171 3186 4227 neque
3213 4155 3568 4227 signiﬁcatio-

2000 4275 2123 4314 nem
2153 4257 2392 4311 indieare
2409 4255 2544 4324 regi.

2073 4349 2124 4402 9.
2169 4349 2234 4401 Et
2289 4361 2378 4400 rex
2417 4344 2661 4398 Baltasar
2710 4341 2959 4396 turbatus
3009 4347 3112 4406 est,
3146 4346 3200 4393 et
3249 4335 3420 4391 forma
3453 4333 3572 4404 ejus

2005 4439 2287 4494 immutata
2321 4449 2403 4495 est
2432 4437 2484 4491 in
2516 4437 2628 4501 illo,
2669 4443 2723 4490 et
2769 4435 3057 4505 optimates
3107 4429 3226 4501 ejus
3279 4429 3570 4484 conturba-

1932 4538 1978 4593 D
2007 4539 2225 4590 bantur.

2081 4625 2168 4678 lO.
2212 4622 2276 4676 Et
2307 4620 2488 4692 regina
2515 4628 2733 4691 prapter
2764 4619 2927 4673 verba
2959 4615 3123 4686 regis,
3170 4620 3225 4668 et
3251 4613 3573 4682 optimatum

2009 4715 2130 4783 ejus
2160 4713 2215 4766 in
2248 4713 2469 4766 domum
2500 4707 2733 4764 convivii
2767 4708 3009 4778 ingressa
3055 4713 3179 4771 est,
3214 4713 3269 4758 et
3301 4700 3582 4771 respondit

2012 4805 2216 4876 regina,
2238 4812 2291 4859 et
2315 4803 2452 4857 dixit
2487 4821 2500 4856 :
2541 4801 2678 4866 Rex,
2711 4799 2766 4853 in
2791 4808 3052 4852 aeternum
3085 4797 3205 4852 vive
3247 4811 3260 4847 :
3300 4809 3406 4847 non
3448 4808 3582 4846 con-

2011 4897 2233 4951 turbent
2263 4903 2315 4949 te
2347 4891 2704 4964 cogitationes
2734 4897 2858 4956 tua,
2889 4899 2948 4944 et
2973 4886 3149 4941 forma
3203 4894 3295 4939 tua
3341 4898 3448 4937 non
3481 4883 3587 4935 in.-

2012 4997 2269 5043 mutetur.

2093 5082 2182 5136 ll.
2226 5079 2321 5136 Est
2350 5079 2432 5134 vir
2463 5078 2518 5133 in
2545 5089 2715 5148 regno
2741 5082 2859 5138 tuo,
2887 5071 2941 5126 in
2975 5083 3088 5138 quo
3120 5065 3460 5134 est-Spiritus
3485 5061 3578 5116 Dei

2015 5184 2238 5232 sanctus
2274 5174 2330 5228 in
2365 5187 2454 5236 eo,
2483 5169 2613 5225 etin
2644 5167 2839 5223 diebus
2886 5163 3058 5235 patris
3093 5160 3168 5213 tui
3218 5157 3494 5227 vigilantia
3531 5161 3588 5208 et

2017 5266 2370 5338 intelligentia
2399 5266 2630 5320 inventa
2651 5269 2781 5316 sunt
2804 5259 2861 5312 in
2890 5272 2955 5312 eo
2976 5271 2992 5324 ;
3017 5263 3070 5310 et
3099 5269 3192 5308 rex
3220 5248 3576 5305 Nabuchodo-

2018 5367 2188 5416 nosor
2223 5367 2377 5428 pater
2416 5365 2543 5410 tuus
2583 5353 2882 5424 principem
2935 5349 3358 5408 incantatur-um,
3403 5351 3577 5410 mago-

2019 5461 2164 5515 rum,
2190 5445 2592 5508 Chaldaeorum,
2621 5452 3018 5512 gazarenorum
3047 5431 3336 5490 constituit
3367 5445 3513 5486 eum.

2099 5627 2184 5682 4‘2.
2227 5625 2362 5692 Quia
2393 5621 2617 5693 spiritus
2638 5615 2867 5687 amplior
2893 5613 2946 5668 in
2984 5628 3069 5678 eo,
3097 5620 3151 5666 et
3194 5605 3502 5681 prudentia,
3535 5611 3584 5657 et

2024 5719 2327 5776 intellectus
2372 5713 2669 5784 eonjiciens
2713 5707 2946 5770 somnia,
2977 5716 3035 5762 et
3071 5703 3318 5760 indicans
3341 5706 3588 5754 ostenta:

2023 5822 2073 5867 et
2110 5824 2200 5865 rex
2254 5803 2514 5877 imposuit
2537 5801 2584 5860 ei
2627 5815 2823 5858 nomen
2877 5797 3120 5854 Baltasar
3157 5811 3171 5851 :
3230 5806 3376 5849 nunc
3411 5789 3594 5858 itaque
