4122 6320
482 344 624 401 9867

1542 344 1796 400 DANIEL
1830 345 2057 403 JUXTA
2096 341 2647 399 TIIEODOTIONEM

3601 339 3745 395 2868

482 471 710 518 vocetur
739 459 943 526 Daniel,
972 469 1028 516 et
1049 460 1417 531 conjecturam
1455 458 1575 529 ejus
1616 459 1877 514 indicabit
1907 459 2027 513 tibi.

2192 455 2373 526 τάσαρ’
2398 453 2494 507 νῦν
2528 448 2620 506 οῦν
2642 451 2895 522 κληθήτω
2940 448 3137 520 Δανιὴλ
3155 488 3172 517 ,
3199 447 3292 502 καὶ
3319 445 3417 517 τὴν
3458 446 3747 518 σύγκρισιν

554 640 641 694 l3.
684 636 837 692 Tunc
871 636 1054 690 Daniel
1107 633 1453 689 introductus
1486 642 1570 687 est
1612 646 1795 686 coram
1827 644 1970 701 rege,
2011 639 2065 686 et

483 732 621 787 dixit
648 746 743 783 rex
771 728 1009 783 Danieli:
1044 725 1125 779 Tu
1154 741 1213 780 es
1240 724 1447 789 Daniel,
1496 723 1590 793 qui
1639 722 1705 776 de
1734 721 1862 776 ﬁliis
1892 723 2066 792 capli-
2116 742 2121 747 ·

484 822 672 875 vitatis
701 818 926 887 Iudaeas,
978 833 1143 889 quam
1178 816 1403 871 adduxit
1433 831 1527 870 rex
1586 824 1739 885 pater
1790 830 1943 870 meus
1998 814 2066 868 de

485 907 709 966 Iudaea?

560 1001 646 1055 14.
692 999 755 1054 Et
788 998 968 1053 audivi
1003 998 1069 1052 de
1101 1006 1174 1062 te,
1206 994 1334 1065 quia
1362 992 1603 1064 Spiritus
1635 991 1729 1046 Dei
1764 999 1986 1046 sanctus
2014 990 2067 1044 in

488 1102 563 1154 te,
606 1100 661 1147 et
696 1091 997 1161 vigilantia,
1040 1100 1092 1144 et
1122 1088 1496 1157 intelligentia,
1548 1094 1603 1142 et
1646 1084 1915 1156 sapientia
1949 1098 2069 1137 am-

490 1183 629 1253 plior
656 1184 885 1239 inventa:
918 1190 1045 1238 sunt
1072 1183 1125 1235 in
1157 1188 1231 1236 te.

566 1275 655 1330 15.
696 1275 762 1329 Ει
788 1290 933 1330 nunc
960 1274 1190 1345 ingressi
1220 1282 1349 1329 sunt
1402 1271 1457 1326 in
1497 1278 1791 1341 conspectu
1838 1286 1959 1325 meo
1985 1285 2071 1326 sa-

492 1368 725 1437 pientes,
762 1367 927 1437 magi,
962 1365 1237 1437 gazareni,
1274 1374 1334 1420 ut
1379 1363 1705 1433 scripturam
1745 1362 1888 1418 hanc
1925 1362 2071 1431 lege-

494 1466 640 1523 rent,
670 1468 720 1512 et
743 1457 1121 1527 conjecturam
1148 1456 1268 1524 ejus
1321 1454 1629 1509 indicarent
1668 1451 1823 1518 mihi,
1859 1462 1914 1506 et
1961 1467 2069 1506 non

495 1560 791 1619 potuerunt
840 1547 1341 1619 interpretationem
1398 1545 1665 1601 sermonis
1710 1544 1876 1614 hujus
1932 1545 2071 1600 indi-

496 1658 624 1699 care
657 1643 813 1698 mihi.

570 1735 655 1788 16.
700 1735 765 1788 Ει
794 1749 895 1804 ego
919 1734 1099 1788 audivi
1122 1734 1188 1787 de
1216 1740 1289 1794 te,
1319 1731 1448 1801 quia
1503 1739 1658 1800 potes
1724 1728 1923 1799 judicia
1990 1728 2075 1782 in-

2168 546 2332 599 αὐτοῦ
2361 544 2655 612 ἀναγγελεῖ
2683 560 2785 595 σοι.

2243 636 2330 689 l3.
2371 635 2505 687 Τότε
2566 628 2767 703 Δανιὴλ
2802 631 3027 703 εἰσήχθη
3070 631 3300 685 ἐνώπιον
3338 628 3433 683 τοῦ
3462 628 3750 699 βασιλέως,

2170 726 2266 779 καὶ
2291 720 2445 779 εἶπεν
2467 728 2495 779 6
2526 723 2778 795 βασιλεὺς
2810 723 2887 794 τῷ
2917 723 3137 793 Δανιήλο
3161 724 3234 775 Σὺ
3267 717 3319 775 εἷ
3345 720 3564 791 Δανιὴλ,
3594 723 3622 774 6
3643 720 3753 773 ἀπὸ

2170 817 2279 871 τῶν
2308 816 2439 871 υίῶν
2471 817 2573 887 τῆς
2594 814 2972 886 αἰχμαλωσίας
3005 816 3101 885 τῆς
3135 813 3415 877 Ἰουδαίας,
3443 806 3511 883 ἧς
3542 813 3755 883 ἢγαγεν

2172 912 2200 962 6
2224 909 2475 980 βασιλεὺς
2498 910 2526 962 6
2554 908 2740 978 πατὴρ
2782 923 2882 977 μου
2923 906 3031 959 ἀπὸ
3057 906 3157 975 τῆς
3206 904 3501 969 Ἰουδαίας;
3779 912 3782 917 ’

2245 999 2332 1052 M.
2366 999 2475 1053 Kal
2505 999 2715 1069 ηκουσα
2746 998 2874 1068 περὶ
2902 996 3017 1061 σοῦ,
3048 996 3131 1049 ὅτι
3159 995 3382 1066 Πνεῦμα
3411 995 3546 1048 Θεοῦ
3589 994 3747 1062 ἀγιον

2174 1093 2231 1145 ὲν
2263 1090 2369 1155 σοὶ,
2403 1091 2495 1143 καὶ
2529 1088 2888 1161 γρηγόρησις,
2924 1089 3018 1142 καὶ
3053 1088 3299 1153 σύνεσις,
3334 1088 3428 1140 καὶ
3463 1086 3621 1155 σοφία
3656 1103 3758 1139 πε-

2178 1184 2340 1255 ρισσὴ
2380 1182 2583 1253 εὑρέθη
2612 1184 2671 1235 ὲν
2693 1182 2796 1236 σοί.

2246 1272 2335 1326 15.
2370 1272 2482 1326 Kal
2503 1272 2596 1325 νῦν
2618 1270 2869 1342 εἰσῆλθον
2891 1269 3120 1324 ἐνώπιόν
3153 1286 3253 1341 μου
3283 1269 3333 1322 οἱ
3359 1269 3534 1339 σοφοὶ,
3568 1270 3763 1341 μάγοι,

2178 1363 2498 1433 γαζαρηνοὶ,
2526 1364 2612 1415 ἵνα
2633 1362 2730 1433 τὴν
2755 1361 2973 1433 γραφὴν
2995 1361 3198 1432 ταύτην
3220 1361 3514 1430 ἀναγνῶσι,
3544 1363 3636 1418 καὶ
3658 1363 3764 1432 τὴν

2179 1454 2464 1525 σύγκρισιν
2497 1455 2666 1525 αὐτῆς
2687 1452 2997 1523 γνωρίσωσί
3030 1470 3141 1523 μοι,
3166 1453 3261 1506 καὶ
3291 1453 3391 1506 οὐκ
3412 1453 3769 1526 ἠδυνήθησαν

2177 1545 2274 1617 τὴν
2297 1546 2587 1617 σύγκρισιν
2611 1544 2704 1597 τοῦ
2736 1544 2892 1614 λόγου
2933 1541 3124 1598 τούτου
3147 1542 3467 1612 ἀναγγεῖλαί
3500 1560 3609 1614 μοι.

2250 1747 2338 1800 16.
2368 1747 2477 1799 Kal
2501 1745 2611 1816 ἐγὼ
2639 1747 2844 1817 ηκουσα
2872 1745 2999 1816 περὶ
3027 1742 3143 1809 σοῦ,
3178 1744 3258 1797 ὃτι
3278 1742 3503 1796 δύνασαι
3534 1745 3763 1815 συγκρί-

496 1826 806 1895 terpretari,
837 1834 889 1878 et
912 1825 1123 1879 solvere
1143 1822 1398 1893 perplexa
1444 1836 1458 1874 :
1494 1831 1548 1876 et
1598 1834 1746 1901 nunc
1799 1820 1842 1875 si
1878 1819 2080 1888 poteris

2192 1854 2328 1906 ματα
2362 1837 2692 1907 συγκρίνειν,
2719 1837 2812 1889 καὶ
2843 1834 2989 1888 λύειν
3019 1835 3382 1904 συνδέσμουςο
3412 1834 3507 1888 καὶ
3534 1833 3629 1887 νῦν
3662 1834 3763 1888 ἐὰν

501 1916 676 1984 legere
734 1914 1083 1983 scripturam,
1147 1923 1201 1967 et
1255 1911 1628 1980 conjecturam
1687 1910 1807 1978 ejus
1840 1908 2079 1963 indicare

499 2006 656 2070 mihi,
689 2020 928 2074 purpura
962 2002 1233 2066 vestieris,
1270 2011 1325 2055 et
1353 2010 1578 2070 torques
1612 2016 1813 2056 aureus
1844 2002 1948 2055 erit
1982 2017 2078 2055 su-

501 2112 601 2166 per
626 2096 826 2151 collum
859 2105 1036 2162 tuum,
1064 2104 1118 2149 et
1148 2093 1342 2149 tertius
1381 2093 1436 2147 in
1471 2108 1641 2164 regno
1669 2107 1792 2149 meo
1826 2093 2080 2163 princeps

501 2186 635 2244 eris.

574 2276 661 2331 17.
702 2274 858 2331 Tunc
887 2275 1173 2346 respondit
1203 2275 1413 2340 Daniel,
1442 2286 1496 2332 et
1525 2276 1661 2332 dixit
1700 2292 1881 2331 coram
1916 2290 2041 2346 rege
2062 2291 2081 2328 :

502 2367 727 2423 Munera
755 2377 846 2422 tua
871 2369 965 2423 tibi
994 2378 1175 2433 erunt,
1194 2377 1247 2423 et
1270 2369 1471 2422 donum
1495 2369 1645 2440 regni
1676 2369 1750 2423 tui
1781 2369 1937 2423 alteri
1967 2368 2036 2423 da
2064 2384 2078 2420 :

502 2475 604 2529 ego
648 2469 827 2513 autem
867 2462 1191 2527 scripturam
1222 2458 1395 2530 legam
1427 2460 1575 2531 regi,
1621 2470 1675 2515 et
1712 2460 2082 2530 conjecturam

503 2553 622 2620 ejus
652 2549 937 2605 ostendam
968 2549 1089 2614 tibi,
1120 2565 1154 2604 ο
1179 2564 1295 2606 rex.

580 2744 665 2797 18.
707 2744 853 2798 Deus
881 2742 1182 2799 altissimus
1210 2758 1446 2814 regnum
1468 2783 1484 2810 ,
1516 2750 1571 2798 et
1599 2740 2083 2811 magniﬁcentiam,

509 2842 563 2889 et
594 2834 882 2901 honorem,
921 2843 977 2889 et
1006 2833 1235 2904 gloriam
1265 2834 1415 2891 dedit
1461 2832 1965 2889 Nabuchodonosor
1995 2849 2090 2903 pa-

509 2928 576 2982 tri
608 2936 721 2982 tuo.

581 3020 668 3074 l9.
713 3018 833 3074 Eta
882 3021 1311 3091 magniﬁcentia,
1372 3037 1536 3093 quam
1571 3021 1719 3076 dedit
1771 3021 1844 3086 ei,
1898 3034 2088 3075 omnes

512 3111 719 3181 populi,
758 3112 956 3177 tribus,
986 3113 1184 3183 linguae
1205 3123 1362 3169 erant
1387 3122 1703 3179 trementes,
1739 3119 1793 3165 et
1843 3120 2089 3166 metuen-

2179 1926 2413 1998 δυνηθῇς
2441 1925 2755 1996 ἀναγνῶναι
2801 1924 2901 1996 τὴν
2933 1925 3171 1995 γραφὴν,
3200 1927 3295 1978 καὶ
3344 1925 3442 1996 τὴν
3473 1924 3765 1997 σύγκρισιν

2181 2017 2350 2087 αὐτῆς
2382 2017 2644 2086 γνωρίσαι
2681 2033 2791 2086 μοι,
2826 2015 3110 2087 πορφύραν
3132 2015 3351 2086 ἐνδύσῃ,
3382 2017 3476 2069 καὶ
3505 2018 3534 2069 6
3572 2017 3766 2086 μανιά-

2181 2124 2284 2178 κης
2310 2110 2338 2160 6
2363 2106 2595 2177 χρυσοῦς
2626 2107 2778 2160 ἔσται
2805 2108 2897 2161 ἐπὶ
2930 2106 3021 2159 τὸν
3048 2106 3317 2178 τράχηλόν
3359 2123 3475 2174 σου,
3511 2110 3607 2162 καὶ
3644 2109 3765 2180 τρί-

2180 2216 2271 2261 τος
2304 2202 2361 2252 έν
2395 2201 2460 2269 τῇ
2500 2199 2748 2269 βασιλείᾳ
2778 2216 2880 2268 μου
2910 2196 3116 2268 ἄρξεις.

2254 2287 2341 2341 17.
2382 2288 2513 2340 Τότε
2544 2288 2818 2359 ἀπεκρίθη
2847 2287 3063 2358 Δανιὴλ,
3105 2288 3199 2342 καὶ
3239 2283 3391 2340 εἶπεν
3416 2287 3643 2341 ἐνώπιον
3669 2287 3763 2342 τοῦ

2184 2377 2467 2448 βασιλέως·
2501 2379 2579 2433 Ta
2605 2378 2813 2448 δόματα
2845 2395 2939 2430 σου
2976 2379 3064 2431 σοὶ
3096 2378 3271 2441 ἔσται,
3307 2378 3401 2432 καὶ
3430 2378 3528 2449 τὴν
3553 2379 3763 2449 δωρεὰν

2182 2471 2283 2540 τῆς
2330 2470 2606 2540 βασιλείας
2666 2488 2759 2524 σου
2807 2471 2977 2542 ἑτέρῳ
3035 2470 3152 2534 δός·
3201 2469 3312 2539 ὲγὼ
3336 2470 3392 2523 δὲ
3429 2469 3523 2540 τὴν
3544 2470 3761 2542 γραφὴν

2185 2562 2568 2634 ἀναγνώσομαι
2614 2562 2693 2635 τῷ
2734 2563 2963 2634 βασιλεῖ,
2999 2564 3091 2617 καὶ
3143 2564 3241 2635 τὴν
3279 2563 3562 2633 σύγκρισιν
3591 2563 3764 2632 αὐτῆς

2184 2654 2437 2726 γνωρίσω
2464 2656 2565 2720 σοὶ,
2602 2654 2848 2724 βασιλεῦ.

2258 2749 2344 2803 18.
2390 2747 2450 2802 Ὀ
2479 2747 2611 2810 Θεὸς
2634 2749 2662 2800 6
2695 2746 2920 2815 ὕψιστος
2945 2746 3045 2817 τὴν
3076 2746 3371 2817 βασιλείαν,
3417 2746 3512 2801 καὶ
3538 2746 3634 2816 τὴν
3669 2762 3769 2814 με’-

2186 2838 2529 2909 γαλωσύνην,
2555 2838 2648 2890 καὶ
2678 2837 2778 2908 τὴν
2804 2835 2990 2907 τιμὴν,
3016 2837 3112 2890 καὶ
3133 2837 3232 2909 τὴν
3264 2834 3423 2900 δόξαν
3458 2835 3630 2889 ἔδωκε
3657 2834 3773 2888 Na'o

2189 2929 2571 3001 ϐουχοδονόσορ
2592 2929 2671 2999 τῷ
2696 2916 2862 2999 πατρί
2885 2944 3001 2982 σου.

2261 3023 2347 3078 l9.
2381 3022 2491 3075 Kal
2522 3019 2630 3073 ἀπὸ
2659 3021 2755 3091 τῆς
2790 3018 3202 3091 μεγαλωσύνης,
3231 3012 3299 3090 ἦς
3351 3017 3550 3071 ἔδωκεν
3601 3015 3771 3087 αύτῷ,

2192 3113 2397 3174 πάντες
2429 3112 2479 3163 οί
2499 3110 2639 3177 λαοὶ,
2669 3108 2853 3178 φυλαὶ,
2879 3108 3123 3177 γλῶσσαι
3152 3103 3293 3179 ἦσαν
3336 3107 3653 3177 τρέμοντες,
3680 3106 3777 3159 καὶ

512 3179 598 3256 tes
626 3218 654 3254 a
688 3202 824 3256 facie
853 3203 1011 3272 ejus:
1051 3179 1191 3273 quos
1217 3204 1432 3259 volebat
1475 3204 1589 3275 ipse
1620 3202 1999 3266 interﬂciebat,
2036 3210 2088 3257 et

2192 3205 2513 3276 φοϐούμενοι
2546 3204 2653 3258 ἀπὸ
2688 3203 2980 3274 προσώπου
3018 3200 3181 3256 αὑτοῦ
3203 3218 3223 3232 ο
3251 3201 3341 3265 οὒς
3394 3200 3645 3254 ἐϐούλετο
3678 3200 3776 3253 αὑ-

511 3308 650 3361 quos
678 3294 893 3349 volebat
946 3295 1063 3364 ipse
1089 3296 1361 3372 servabat,
1412 3304 1466 3351 et
1522 3312 1662 3366 quos
1725 3296 1943 3350 volebat
1976 3294 2091 3365 ipse

514 3385 806 3453 exaltabat,
832 3394 885 3441 et
909 3403 1049 3458 quos
1072 3388 1289 3443 volebat
1314 3390 1430 3458 ipse
1472 3387 1813 3441 humiliabat.

582 3564 675 3616 20.
717 3562 786 3617 Et
818 3564 1038 3631 quando
1068 3565 1337 3619 elevatum
1366 3572 1451 3618 est
1480 3578 1576 3617 cor
1604 3563 1745 3631 ejus.
1772 3570 1829 3617 et
1861 3562 2086 3631 spiritus

515 3652 637 3721 ejus
667 3651 987 3705 obdrmatus
1018 3662 1104 3705 est
1140 3654 1206 3706 ad
1238 3652 1687 3720 superbiendum,
1712 3650 1989 3722 depositus
2014 3662 2097 3707 est

518 3743 586 3798 de
614 3742 750 3797 solio
776 3741 928 3811 regni
965 3742 1073 3798 sui.

587 3864 677 3919 2L
721 3864 789 3919 Et
813 3864 990 3919 honor
1009 3864 1129 3935 ejus
1152 3865 1370 3922 ablatus
1400 3874 1485 3921 est
1514 3866 1583 3920 ab
1614 3881 1700 3930 eo,
1746 3875 1799 3922 et
1834 3881 1899 3921 ex
1922 3864 2098 3920 homi-

519 3956 681 4013 nibus
710 3956 917 4024 ejectus
942 3970 1047 4024 est,
1078 3966 1132 4012 et
1152 3973 1248 4012 cor
1271 3959 1391 4027 ejus
1420 3974 1545 4014 cum
1574 3958 1764 4014 bestiis
1786 3957 1970 4013 datum
1991 3966 2095 4023 est,

518 4054 573 4101 et
603 4060 724 4100 eum
758 4046 979 4116 onagris
1014 4047 1279 4102 habitatio
1310 4047 1429 4118 ejus
1460 4066 1474 4103 :
1520 4058 1572 4103 et
1626 4048 1773 4103 [certe
1805 4056 1865 4103 ut
1904 4048 2098 4102 bovem

520 4135 841 4190 cibaverunt
873 4151 1023 4202 eum,
1059 4146 1113 4192 et
1138 4138 1203 4191 de
1233 4151 1358 4192 rore
1380 4138 1501 4193 coeli
1526 4154 1723 4207 corpus
1767 4138 1886 4209 ejus
1913 4137 2100 4193 made-

522 4226 723 4280 factum
755 4234 858 4291 est,
886 4226 1062 4282 donec
1106 4228 1380 4299 cognovit,
1434 4229 1563 4299 quia
1614 4229 1926 4283 dominatur
1961 4228 2101 4284 Deus

523 4317 825 4373 altissimus
853 4335 1016 4389 super
1047 4336 1275 4390 regnum
1325 4321 1633 4387 hominum,
1672 4331 1725 4376 et
1774 4321 2102 4390 cuicumque

522 4409 775 4477 voluerit,
810 4411 957 4465 dabit
980 4411 1134 4466 illud.

2189 3298 2279 3361 τὸς
2308 3294 2516 3367 ἀνῄρει,
2570 3297 2663 3348 καὶ
2692 3295 2785 3359 οὓς
2809 3295 3059 3348 ἐϐούλετο
3105 3292 3266 3356 αὐτὸς
3312 3292 3508 3359 ἔσωζε,
3557 3292 3650 3345 καὶ
3678 3290 3775 3353 οὓς

2193 3387 2441 3442 ἐϐούλετο
2463 3385 2622 3450 αὐτὸς
2653 3387 2813 3457 ῦψου,
2845 3389 2941 3440 καὶ
2972 3385 3065 3450 οὒς
3097 3387 3348 3441 ἐϐούλετο
3374 3386 3536 3448 αὐτὸς
3558 3383 3777 3438 ἐταπεί·

2195 3498 2310 3534 νου.

2263 3571 2351 3626 20.
2380 3571 2491 3623 Kal
2511 3570 2598 3623 ὅτε
2638 3569 2828 3640 ὑψώθη
2863 3571 2895 3639 ὴ
2926 3568 3123 3640 καρδία
3146 3567 3335 3633 αὐτοῦ,
3365 3567 3459 3621 καὶ
3480 3569 3539 3619 τὸ
3563 3564 3778 3635 πνεῦμα

2196 3662 2358 3715 αὑτοῦ
2380 3659 2725 3732 ὲκραταιώθη
2752 3659 2847 3712 τοῦ
2880 3657 3393 3731 ὑπερηφανεύεσθαι
3414 3696 3430 3723 ,
3467 3655 3777 3727 κατηνέχθη

2195 3752 2304 3807 ἀπὸ
2328 3751 2420 3805 τοῦ
2452 3751 2640 3822 θρόνου
2682 3753 2780 3821 τῆς
2816 3750 3093 3820 βασιλείας
3126 3749 3316 3806 αὑτοῦ.

2266 3869 2356 3923 21.
2387 3868 2549 3940 Καὶή
2578 3866 2712 3939 τιμὴ
2734 3866 2900 3921 αὐτοῦ
2933 3868 3184 3941 ἀφῃρέθη
3214 3868 3311 3922 ἀπ’
3340 3865 3528 3932 αὑτοῦ,
3556 3867 3652 3920 καὶ
3672 3866 3779 3920 ἀπὸ

2197 3962 2305 4016 τῶν
2334 3960 2633 4032 ἀνθρώπων
2661 3960 2974 4032 ὲξεδιώχθη,
3015 3962 3110 4014 καὶ
3157 3962 3191 4030 ἡ
3227 3959 3420 4032 καρδία
3442 3959 3608 4013 αὑτοῦ
3641 3958 3779 4029 μετά

2197 4053 2306 4108 τῶν
2341 4053 2545 4125 θηρίων
2573 4052 2750 4122 ἐδόθη,
2785 4052 2882 4106 καὶ
2913 4050 3051 4122 μετὰ
3069 4050 3205 4105 ὄνων
3230 4050 3437 4123 ἀγρίων
3468 4052 3501 4121 ἡ
3528 4050 3779 4104 κατοικία

2200 4144 2387 4209 αὐτοῦ,
2424 4144 2521 4198 καὶ
2551 4144 2742 4215 χόρτον
2770 4142 2846 4207 ὡς
2875 4142 3001 4213 βοῦν
3022 4142 3296 4214 ἐψώμιζον
3325 4141 3509 4208 αὑτὸν,
3541 4142 3636 4195 καὶ
3673 4142 3781 4195 ἀπὸ

2198 4237 2300 4307 τῆς
2324 4236 2515 4309 δρόσου
2544 4234 2639 4289 τοῦ
2667 4234 2896 4307 ούρανοῦ
2937 4235 3000 4288 τὸ
3037 4234 3192 4305 σῶμα
3218 4233 3384 4289 αὐτοῦ
3425 4233 3625 4303 ὲϐάφη,
3674 4232 3781 4295 ἕως

2201 4324 2262 4382 οῦ
2288 4327 2449 4397 ἔγνω,
2484 4328 2564 4380 ὅτι
2595 4325 2840 4397 κυριεύει
2868 4327 2897 4378 6
2925 4324 3059 4387 Θεὸς
3078 4325 3106 4377 6
3131 4323 3350 4393 ὕψιστος
3378 4324 3479 4394 τῆς
3503 4321 3780 4393 βασιλείας

2201 4420 2311 4472 τῶν
2340 4416 2665 4488 ἀνθρώπων,
2693 4407 2853 4482 καὶῷ
2877 4414 2970 4467 ἐὰν
2998 4413 3123 4485 δόξῃ
3148 4412 3309 4467 δώσει
3334 4414 3529 4484 αὐτήν.

592 4523 684 4577 2‘2.
728 4522 793 4578 Et
819 4532 873 4577 tu
903 4523 1045 4579 ﬁlius
1070 4525 1188 4593 ejus
1235 4523 1480 4578 Baltasar
1530 4538 1638 4577 non
1675 4523 1973 4579 humiliasti
2005 4536 2089 4579 cor

2270 4531 2362 4586 ‘22.
2388 4531 2499 4585 Kal
2528 4531 2593 4584 σὺ
2619 4531 2649 4583 6
2677 4529 2791 4593 υίὸς
2811 4528 2977 4583 αὑτοῦ
3008 4528 3315 4600 Βαλτάσαρ,
3356 4529 3457 4581 οὐκ
3488 4525 3783 4581 ἐταπείνωο

524 4622 677 4669 tuum
711 4629 897 4670 coram
926 4613 1057 4679 Deo,
1084 4614 1241 4684 cujus
1274 4614 1459 4669 omnia
1485 4615 1600 4669 haec
1631 4628 1820 4670 noras.

594 4826 682 4880 23.
726 4825 794 4879 Et
831 4840 997 4896 super
1028 4825 1318 4880 Dominum
1360 4826 1529 4881 Deum
1583 4826 1706 4880 ca-li
1746 4825 1988 4881 elevatus
2021 4839 2097 4890 es,

525 4926 578 4972 et
611 4933 739 4972 vasa
769 4919 964 4972 domus
992 4917 1113 4987 ejus
1145 4918 1447 4972 attulerunt
1493 4934 1676 4973 coram
1716 4926 1787 4981 te,
1840 4926 1895 4971 et
1937 4926 2018 4977 tu.
2049 4926 2104 4971 et

527 5010 824 5079 optimates
855 5010 957 5075 tui,
992 5019 1046 5063 et
1070 5007 1393 5063 concubinae
1433 5017 1558 5071 tute,
1616 5016 1670 5061 et
1696 5015 1874 5061 scorta
1902 5015 1992 5060 tua
2023 5004 2104 5059 bi-

528 5098 741 5153 bebatis
774 5099 959 5152 vinum
991 5098 1045 5152 in
1074 5098 1177 5164 eis,
1203 5107 1256 5151 et
1278 5097 1414 5153 deos
1439 5111 1636 5151 aureos
1662 5137 1677 5161 ,
1713 5107 1766 5150 et
1794 5109 2101 5165 argenteos,

528 5200 582 5243 et
612 5204 817 5253 aneos,
851 5197 906 5243 et
932 5188 1161 5255 ferreos,
1180 5196 1234 5242 et
1260 5187 1491 5258 ligneos,
1519 5195 1573 5242 et
1599 5186 1862 5257 lapideos,
1885 5185 1975 5255 qui
1994 5201 2102 5240 non

528 5280 733 5341 vident,
774 5287 828 5333 et
864 5294 969 5333 non
998 5280 1250 5343 audiunt,
1287 5288 1342 5334 et
1370 5294 1478 5334 non
1515 5279 1781 5343 sentiunt,
1828 5277 2100 5345 laudasti;

528 5378 583 5423 et
612 5370 803 5433 Deum,
829 5370 987 5438 cujus
1015 5370 1304 5439 respiratio
1336 5380 1427 5425 tua
1460 5368 1515 5422 in
1544 5383 1708 5423 manu
1732 5368 1871 5439 ejus,
1897 5375 1953 5423 et
1981 5383 2101 5422 om-

530 5474 629 5515 nes
649 5461 751 5515 via:
781 5469 907 5526 tuae,
944 5461 1121 5529 ipsum
1156 5476 1260 5516 non
1294 5461 1628 5532 gloriﬁcasti.

604 5674 693 5728 ει.
739 5675 943 5731 Idcirco
968 5690 996 5729 a
1037 5675 1173 5729 facie
1203 5679 1320 5746 ejus
1351 5680 1556 5733 missus
1584 5690 1665 5734 est
1707 5678 1969 5735 articulus
1993 5695 2107 5733 ma-

533 5774 662 5830 nus,
697 5771 749 5817 et
787 5763 1115 5832 scripturam
1141 5762 1281 5821 hanc
1322 5766 1611 5822 ordinauit.

2210 4637 2309 4684 σας
2336 4622 2435 4691 τὴν
2468 4619 2697 4692 καρδίαν
2736 4636 2829 4673 σου
2864 4616 3196 4672 κατενώπιον
3212 4616 3305 4671 τοῦ
3333 4616 3493 4684 Θεοῦ,
3521 4611 3581 4672 οῦ
3606 4616 3786 4670 πάντα
3817 4610 3832 4630 ⁸

2209 4713 2385 4768 ταῦτα
2409 4714 2601 4782 ἔγνως.

2276 4828 2368 4882 23.
2399 4826 2509 4880 Kal
2556 4825 2650 4879 ἐπὶ
2685 4823 2779 4878 τὸν
2825 4822 3031 4896 Κύριον
3079 4824 3173 4877 τὸν
3226 4822 3359 4877 Θεὸν
3412 4822 3507 4875 τοῦ
3550 4818 3785 4893 ούρανοῦ

2211 4916 2455 4988 ύψώθης,
2483 4915 2578 4969 καὶ
2607 4916 2678 4969 τά
2706 4914 2873 4985 σκεύη
2896 4914 2988 4968 τοῦ
3016 4915 3167 4968 οἴκου
3199 4913 3363 4968 αὐτοῦ
3388 4914 3624 4986 ἧνεγκαν
3656 4910 3787 4964 ὲνὼ-

2210 5008 2336 5062 πιόν
2354 5023 2470 5073 σου,
2492 5006 2588 5060 καὶ
2620 5006 2682 5060 σὺ
2712 5006 2805 5059 καὶ
2836 5007 2885 5059 οἱ
2918 5006 3243 5076 μεγιστᾶνες
3268 5022 3385 5069 σου,
3404 5006 3498 5059 καὶ
3523 5006 3580 5057 αἱ
3604 5003 3784 5074 παρά-

2211 5098 2381 5155 κοιτοί
2410 5116 2527 5163 σου,
2555 5097 2650 5151 καὶ
2675 5097 2732 5149 αἱ
2768 5097 3042 5151 παλλακαί
3071 5115 3164 5150 σου
3191 5097 3405 5150 έπίνετε
3433 5091 3577 5149 οἶνον
3604 5096 3662 5149 έν
3690 5094 3785 5148 αὐ-

2210 5196 2341 5256 τοῖς,
2365 5190 2459 5245 καὶ
2482 5190 2608 5254 τοὺς
2638 5188 2794 5253 θεοὺς
2826 5189 2953 5253 τοὺς
2977 5189 3233 5260 χρυσοῦς,
3257 5191 3351 5242 καὶ
3377 5187 3672 5260 ἀργυροῦς,
3692 5185 3787 5239 καὶ

2211 5281 2471 5354 χαλκοῦς,
2504 5282 2599 5335 καὶ
2628 5279 2899 5351 σιδηροῦς,
2922 5281 3015 5334 καὶ
3047 5280 3311 5345 ξυλίνους,
3335 5281 3429 5333 καὶ
3460 5278 3714 5341 λιθίνους,
3738 5276 3785 5329 οἳ

2211 5376 2273 5428 οὐ
2308 5374 2583 5445 βλέπουσι,
2612 5372 2705 5425 καὶ
2754 5373 2814 5425 οὐ
2865 5370 3248 5441 γινώσκουσιν,
3303 5371 3525 5442 ᾔνεσας,
3558 5370 3649 5422 καὶ
3698 5367 3789 5419 τὸν

2212 5465 2345 5518 Θεὸν
2374 5456 2435 5517 οὗ
2464 5465 2498 5535 ἡ
2522 5464 2656 5533 πνοή
2691 5479 2785 5514 σου
2822 5462 2879 5514 ὲν
2911 5463 2977 5532 τῇ
3014 5460 3157 5532 χειρὶ
3188 5459 3374 5524 αὐτοῦ,
3403 5459 3498 5512 καὶ
3530 5460 3701 5512 πᾶσαι
3731 5456 3790 5510 αἱ

2214 5558 2322 5612 ὁδοί
2347 5574 2465 5621 σου,
2485 5555 2647 5610 αὑτὸν
2672 5555 2774 5607 οὐκ
2795 5553 3072 5619 ὲδόξασας.
3095 5588 3107 5600 .

2282 5671 2373 5723 Ἡ.
2394 5668 2490 5721 Διά
2514 5668 2673 5721 τοῦτο
2702 5668 2765 5720 ἐκ
2790 5664 3080 5736 προσώπου
3106 5664 3266 5719 αὐτοῦ
3291 5664 3570 5734 ἀπεστάλη
3588 5661 3791 5735 ἀστρά-

2216 5761 2377 5832 γαλος
2410 5760 2610 5832 χειρὸς,
2660 5760 2751 5816 καὶ
2784 5758 2881 5857 ¹ςὶλν
2907 5758 3123 5829 γραφὴν
3155 5757 3355 5829 ταύτην
3388 5754 3654 5820 ὲνὲταξεν.
