4122 6320
281 311 424 402 esse

1737 351 1968 406 CAPUT
2003 351 2090 406 Vl.

349 459 440 514 25.
492 460 603 513 Kal.
653 457 792 531 αὕτη
838 461 871 531 ἡ
925 460 1111 534 γραφὴ
1145 461 1179 532 ἠ
1209 461 1599 535 ἑντεταγμίνῆο
1625 464 1845 530 MAN“,

2030 464 2122 521 25.
2167 463 2232 522 Et
2285 467 2400 523 lucc
2462 469 2765 540 scriptura,
2798 486 2918 542 quze
2945 473 3187 530 ordinata
3223 485 3342 534 est:
3375 471 3544 543 usus.

280 549 532 616 ΘΕΚΕΛ,
556 551 794 604 ΦΔΡΕΣ.

356 641 449 697 26.
505 643 617 696 Kal.
669 642 828 696 τοῦτο
871 643 962 696 το
1007 643 1286 716 σύγκριμα
1335 642 1431 698 τοῦ
1483 646 1855 718 ἐρωτήματος·

279 735 501 802 MANE,
553 733 858 806 ἐμέτρησεν
886 738 915 789 6
945 736 1078 800 Θεδς
1123 737 1222 807 τὴν
1253 735 1530 806 βασιλείαν
1578 755 1671 792 σου
1701 779 1717 804 ,
1762 740 1858 794 καὶ

279 828 598 899 ἐπλήρωσεν
628 828 817 900 αὐτήν.

343 921 434 977 27.
465 920 720 987 ΘΕΚΕΛ,
752 920 955 992 ἐστάθη
999 920 1058 976 ὲν
1103 921 1254 993 ζυγῷ
1277 961 1294 987 ,
1340 924 1433 977 καὶ
1457 923 1654 995 εὑρέθη
1697 924 1856 977 ὑστε-

279 1027 464 1083 ρουσα.

341 1103 433 1160 28.
459 1105 701 1167 ΦΑΡΕΣ,
734 1103 987 1176 διῄρηται
1017 1105 1051 1176 ἡ
1082 1104 1328 1176 βασιλεία
1376 1124 1470 1160 σου
1496 1149 1512 1174 ,
1544 1107 1641 1162 καὶ
1695 1108 1850 1182 ἐδόθη

277 1198 500 1268 Μήδοις,
529 1197 624 1251 καὶ
651 1197 912 1268 Πέρσαις.

340 1289 430 1344 29.
462 1289 576 1343 Καὶ
597 1283 751 1342 εἶπεν
784 1289 1094 1363 Βαλτάσαρ,
1131 1290 1228 1344 καὶ
1250 1289 1509 1346 ἐνέδυσαν
1541 1291 1630 1345 τὸν
1653 1293 1851 1362 Δανιὴλ

279 1377 579 1450 πορφύραν,
611 1377 814 1433 καὶτὸν
847 1355 1120 1450 μανιάκην
1141 1380 1232 1434 τὸν
1253 1379 1490 1452 χρυσοῦν
1513 1355 1860 1454 περιέθηκαιῖ

279 1472 401 1542 περὶ
436 1472 529 1524 τὸν
560 1471 828 1543 τράχηλον
857 1471 1046 1539 αὑτοῦ,
1097 1473 1190 1526 καὶ
1230 1472 1463 1544 ἐκήρυξε
1493 1475 1622 1546 περί
1659 1474 1847 1543 αὑτοῦ,

278 1557 410 1617 εἶναι
429 1562 589 1616 αὑτὸν
609 1563 844 1635 ἄρχοντα
872 1564 1052 1636 τρίτον
1083 1565 1142 1616 ὲν
1179 1567 1245 1635 τῇ
1280 1564 1528 1637 βασιλείᾳ
1550 1566 1740 1622 αὑτοῦ.

343 1654 432 1711 30.
469 1655 558 1708 ’Ev
587 1655 762 1730 ταύτῃ
787 1658 853 1727 τῇ
883 1656 1038 1710 νυκτὶ
1059 1655 1305 1730 ᾲνῃρέθη
1329 1655 1614 1729 Βαλτάσαρ
1639 1660 1668 1712 6
1697 1656 1850 1728 βασι-

277 1749 396 1814 λεῖις
422 1751 451 1803 6
477 1749 762 1813 Χαλδαῖος.

344 1841 433 1897 3|.
465 1841 576 1894 Kal.
608 1843 836 1912 Δαρεῖος
885 1841 914 1895 6
957 1841 1141 1912 Μῆδος
1189 1840 1496 1913 παρέλαϐεν
1544 1839 1644 1914 τὴν
1695 1841 1847 1912 βασι-ι
1878 1823 1924 1880 Β

274 1935 438 2004 λείαν,
472 1933 550 1988 ὢν
587 1933 726 1989 ἑτῶν
756 1934 1024 2006 ἑξήκοντα
1059 1934 1172 1988 δύο.

785 2026 1186 2079 ΚΕΦΑΛΑΙΟΝ
1225 2030 1316 2094 q'.

347 2117 398 2173 1.
426 2117 536 2171 Kal.
583 2117 784 2189 ἦρεσεν
833 2115 1065 2171 ἐνώπιον
1095 2116 1342 2188 Δαρείου,
1377 2116 1472 2170 καὶ
1507 2116 1845 2187 κατέστησεν

271 2205 368 2260 ἐπὶ
386 2206 484 2276 τῆς
509 2205 786 2276 βασιλείας
814 2205 1101 2275 σατράπας
1146 2206 1341 2260 ἑκατὸν
1382 2207 1478 2260 καὶ
1518 2206 1712 2274 εῐκοσι,
1745 2205 1842 2260 τοῦ

273 2293 406 2352 εἶναι
428 2297 626 2362 αὐτοὺς
649 2299 706 2350 ὲν
736 2298 832 2370 ὅλῃ
855 2301 920 2369 τῇ
960 2297 1208 2369 βασιλείᾳ
1231 2296 1419 2350 αὑτοῦ.

339 2388 391 2442 2.
425 2389 534 2442 Καὶ
562 2389 748 2443 ὲπάνω
773 2389 993 2443 πάντων
1017 2387 1198 2442 αὐτῶν
1225 2388 1518 2452 τακτικοὺς
1549 2389 1698 2460 τρεῖς
1717 2407 1730 2420 ·
1753 2387 1846 2442 καὶ

269 2475 338 2552 ἦν
365 2480 565 2548 Δανιὴλ
590 2476 672 2544 εἷς
710 2479 770 2544 ἐξ
802 2480 1006 2544 αὐτῶν,
1056 2479 1151 2534 τοῦ
1181 2481 1490 2535 ἀποδιδόναι
1514 2481 1697 2544 αὐτοῖς
1721 2482 1847 2545 τοὺς

270 2573 553 2644 σατράπας
574 2570 754 2640 λόγον,
785 2573 933 2635 ὅπως
950 2575 979 2626 6
1007 2571 1260 2644 βασιλεὺς
1295 2572 1369 2644 μὴ
1401 2572 1703 2643 ἐνοχλῆται.

337 2666 388 2720 3.
411 2665 523 2718 Kal.
543 2659 612 2736 ἦν
632 2663 831 2736 Δανιὴλ
859 2664 1167 2736 ὑπερνικιῖΝ
1199 2665 1338 2735 ὑπὲρ
1379 2665 1505 2728 τοὺς
1555 2664 1846 2728 τακτικοὺς

266 2758 361 2810 καὶ
387 2759 514 2820 τοὺς
535 2756 822 2828 σατράπας
857 2756 1166 2825 κατέναντι,
1208 2757 1290 2810 ὅτι
1327 2756 1545 2828 πνεῦμα
1585 2755 1845 2829 περισσὸν

261 2846 332 2922 ἦν
361 2851 420 2904 ὲν
441 2847 614 2919 αὐτῷ.

333 2946 390 3000 4.
420 2944 532 2997 Καὶ
555 2945 584 2998 6
616 2943 872 3016 βασιλεὺς
903 2941 1241 3012 κατέστησεν
1273 2943 1435 2998 αὐτὸν
1475 2943 1558 3012 ἐφ’
1581 2942 1709 3014 ὅλης
1744 2942 1847 3011 τῆς

267 3032 551 3104 βασιλείας
581 3031 748 3086 αὐτοῦ
769 3048 783 3063 ο
820 3032 918 3085 καὶ
945 3033 993 3085 oi
1021 3031 1274 3085 τακτικοὶ
1341 3032 1438 3084 καὶ
1487 3033 1538 3085 oi.
1570 3031 1845 3100 σατράπαι

264 3125 494 3198 ἐζήτουν
538 3125 813 3198 πρόφασιν
860 3125 1042 3196 εὑρεῖν
1070 3123 1213 3180 κατὰ
1245 3124 1445 3197 Δανιὴλ
1477 3125 1542 3178 ὲκ
1563 3124 1660 3193 τῆς
1694 3123 1845 3194 βασιο

262 3217 436 3282 λείας,
472 3218 569 3272 καὶ
588 3219 770 3272 πᾶσαν
794 3217 1069 3287 πρόφασιν
1123 3217 1220 3270 καὶ
1245 3218 1600 3288 παράπτωμα
1634 3216 1732 3286 οὐχ
1759 3207 1849 3268 εὗ-

261 3327 362 3381 ρον
391 3311 514 3365 κατ’
547 3308 737 3374 αὐτοῦ,
768 3311 851 3363 ὅτι
884 3309 1076 3373 πιστὸς
1094 3304 1179 3380 ἦν.

343 3402 396 3458 5.
429 3401 540 3455 Kal.
559 3397 713 3454 εἷπον
763 3401 812 3454 οἱ
841 3399 1094 3455 τακτικοὶ
1148 3401 1368 3464 ἐκεῖνοι,
1405 3398 1518 3468 Οὐχ
1543 3397 1850 3468 εὑρήσομεν

261 3493 410 3549 κατὰ
439 3493 636 3564 Δανιὴλ
660 3493 933 3566 πρόφασιν
957 3534 972 3558 ,
1003 3494 1050 3546 εί
1081 3492 1156 3564 μὴ
1193 3494 1250 3546 ὲν
1283 3491 1535 3562 νομίμοις
1583 3489 1717 3543 Θεοῦ
1749 3490 1849 3543 αὑ-

266 3604 382 3641 του.

330 3679 391 3733 6.
426 3677 561 3730 Τότε
584 3677 633 3730 οἱ
668 3675 918 3730 τακτικοὶ
963 3677 1060 3730 καὶ
1090 3678 1368 3748 σατράπαι
1405 3676 1752 3748 παρέστησαν
1772 3676 1850 3749 τῷ

271 3769 502 3840 βασιλεῖ,
555 3767 651 3822 καὶ
710 3763 864 3821 εἷπον
912 3767 1080 3840 αὐτῷ·
1118 3770 1309 3840 Δαρεῖε
1335 3768 1579 3840 βασιλεῦ,
1611 3771 1692 3834 είς
1725 3771 1851 3834 τοὺς

269 3860 472 3924 αίῶνας
505 3859 651 3932 ζῆθι.

340 3951 397 4008 ’1.
425 3949 924 4005 Συνεὸουλεύσαντο
972 3950 1174 4015 πάντες
1210 3951 1261 4004 οί
1285 3951 1379 4005 ἐπὶ
1421 3951 1522 4022 τῆς
1575 3951 1852 4023 βασιλείας

273 4061 366 4101 σου
401 4045 720 4118 στρατηγοὶ,
747 4044 842 4097 καὶ
872 4043 1169 4114 σατράπαι,
1202 4042 1419 4110 ὕπατοι,
1443 4047 1536 4098 καὶ
1558 4046 1849 4118 τοπάρχαι,

272 4138 364 4192 τοῦ
393 4139 586 4207 στῆσαι
621 4137 813 4191 στάσιν
845 4135 1150 4206 βασιλικὴν,
1179 4136 1276 4189 καὶ
1296 4135 1575 4207 ἐνισχῦσαι
1600 4137 1848 4208 ὁρισμὸν,

275 4230 418 4293 ὅπως
453 4229 512 4292 δς
569 4227 666 4282 ἐὰν
707 4228 909 4298 αἰτήσῃ
964 4226 1174 4297 αἴτημα
1205 4226 1359 4297 παρὰ
1397 4227 1601 4290 παντὸς
1635 4227 1778 4294 θεοῦ,
1817 4228 1850 4299 ἢ

276 4319 596 4393 ἀνθρώπων,
623 4320 727 4381 ἕως
745 4317 970 4389 ἡμερῶν
1003 4317 1320 4389 τριάκοντα,
1353 4318 1518 4389 ἀλλ’ἢ
1549 4319 1699 4390 παρὰ
1731 4318 1848 4386 σοῦ,

278 4408 518 4480 βασιλεῦ,
551 4409 957 4479 ὲμὸληθήσεται
982 4409 1062 4471 είς
1105 4407 1198 4461 τὸν
1232 4407 1435 4461 λάκκον
1462 4409 1571 4460 τῶν
1600 4407 1849 4462 λεόντων.

342 4501 395 4554 8.
424 4499 540 4553 Νῦν
559 4495 674 4564 οῦν,
699 4498 940 4570 βασιλεῦ,
967 4497 1167 4568 στῆσον
1185 4497 1276 4551 τὸν
1300 4499 1547 4570 ὁρισμὸν,
1578 4501 1672 4552 καὶ
1694 4499 1852 4562 ἔκθες

277 4592 510 4664 γραφὴν,
552 4594 704 4655 ὅπως
748 4589 822 4662 μὴ
855 4589 1120 4662 ἀλλοιωθῇ
1159 4591 1220 4644 τὸ
1270 4591 1448 4663 δόγμα
1494 4592 1695 4662 Μήδων
1751 4592 1849 4646 καὶ

276 4683 518 4756 Περσῶν,
545 4684 694 4746 ὅπως
727 4681 802 4754 μὴ
827 4681 1150 4754 παραλλαγῇ
1175 4682 1463 4736 κατέναντι
1492 4683 1708 4736 τούτου.

341 4777 394 4833 9.
426 4776 562 4829 Τότε
590 4776 620 4828 6
655 4775 909 4846 βασιλεὺς
932 4776 1158 4846 Δαρεῖος
1207 4775 1435 4842 ἐπέταξε
1480 4775 1758 4846 γραφῆναι
1792 4773 1853 4828 τὸ

277 4869 468 4943 δόγμαο

345 4961 430 5016 10.
466 4961 577 5014 Καὶ
595 4958 792 5032 Δανιὴλ
821 4959 982 5032 ἡνίκα
1015 4959 1180 5028 ἔγνω,
1202 4959 1284 5014 δτι
1312 4957 1544 5029 ὲνετάγη
1567 4957 1628 5012 τὸ
1657 4957 1854 5030 δόγμα,

280 5051 523 5122 εἰσῆλθεν
553 5052 633 5114 είς
666 5049 758 5104 τὸν
786 5044 934 5103 οἷκον
956 5048 1148 5113 αὐτοῦ,
1197 5049 1291 5102 καὶ
1337 5047 1550 5119 Θυρίδες
1573 5046 1857 5118 ἀνεῳγμέ-

281 5159 362 5197 ναι
389 5141 540 5213 αὐτῷ
575 5144 634 5195 ἐν
658 5143 773 5205 τοῖς
807 5140 1079 5213 ὐπερῴοις
1125 5139 1292 5194 αὐτοῦ
1327 5140 1614 5194 κατέναντι
1655 5139 1856 5210 Ἰερου-

283 5233 478 5306 σαλὴμ,
529 5234 625 5289 καὶ
669 5234 896 5306 καιροὺς
932 5235 1084 5304 τρεῖς
1115 5233 1217 5304 τῆς
1253 5231 1468 5303 ἡμέρας
1491 5227 1560 5303 ἦν
1585 5231 1854 5300 κάμπτων

283 5325 372 5379 ἐπὶ
398 5326 467 5380 τὰ
497 5327 701 5396 γόνατα
734 5325 920 5392 αὑτοῦ,
945 5326 1042 5380 καὶ
1063 5324 1522 5404 προσευχόμενος,
1554 5324 1648 5377 καὶ
1669 5323 1858 5393 ἐξομο-

283 5417 434 5486 λογού
443 5434 602 5488 μενος
628 5417 870 5472 ἐναντίον
888 5417 983 5470 τοῦ
1002 5415 1138 5470 Θεοῦ
1171 5415 1356 5480 αὑτοῦ,
1387 5413 1570 5478 καθὼς
1593 5409 1857 5484 ὴνποιῶν

285 5509 610 5580 ἔμπροσθεν.
681 5520 690 5537 ’

350 5601 437 5656 Η.
473 5603 606 5656 Τότε
629 5605 679 5656 oi
701 5603 891 5674 ἄνδρες
923 5603 1120 5656 ἐκεῖνοι
1150 5601 1626 5672 παρετηρήσαντο,
1650 5598 1747 5654 καὶ
1769 5591 1860 5652 εὖ-

289 5709 376 5762 ρον
397 5693 488 5745 τδν
510 5693 708 5766 Δανιὴλ
733 5694 1007 5763 ἀξιοῦντα,
1040 5694 1135 5750 καὶ
1154 5693 1407 5765 δεόμενον
1437 5691 1746 5766 ἔμπροσθεν
1766 5689 1860 5746 τοῦ

289 5782 417 5837 Θεοῦ
453 5783 638 5841 αὐτοῦ.
1569 5782 1573 5788 ’

1963 571 2440 618 τηεοει,νηλκεε.

2033 648 2124 702 26.
2168 648 2235 740 Et
2296 651 2412 706 haec
2470 663 2554 708 est
2623 655 3006 726 interpretatio
3062 657 3536 730 interrogationis:

1960 756 2122 806 usus,
2153 757 2373 799 mensus
2399 753 2484 800 est
2517 744 2661 802 Deus
2699 763 2922 818 regnum
2955 757 3131 816 tuum,
3166 760 3221 805 et
3249 755 3537 822 complevit

1957 832 2110 888 illud.

2026 925 2116 979 27.
2155 927 2394 992 Tur-2cm,
2421 944 2720 1000 appensum
2759 940 2842 986 est
2885 931 2940 986 in
2989 940 3212 1002 statera,
3251 941 3306 990 et
3339 935 3532 990 inven-

1957 1026 2071 1072 tum
2101 1028 2183 1074 est
2209 1021 2393 1076 minus
2418 1021 2646 1078 habens.

2023 1113 2113 1168 28.
2155 1115 2391 1179 Panes,
2421 1116 2658 1172 divisum
2694 1128 2779 1174 est
2805 1135 3031 1192 regnum
3064 1131 3215 1178 tuum
3263 1130 3318 1177 et
3341 1120 3530 1176 datum

1951 1212 2037 1260 est
2065 1205 2263 1269 Medis,
2301 1216 2356 1261 et
2393 1205 2592 1264 Persis.

2021 1297 2111 1353 29.
2154 1297 2220 1353 Et
2271 1299 2408 1354 dixit
2467 1300 2740 1368 Baltasar,
2794 1311 2850 1358 et
2903 1303 3200 1359 induerunt
3251 1304 3528 1360 Danielem

1951 1403 2216 1459 purpura,
2251 1399 2308 1446 et
2335 1384 2586 1462 torquem
2616 1409 2837 1450 aureum
2871 1396 3345 1451 circumdederunt
3389 1396 3530 1450 collo

1949 1479 2092 1548 ejus,
2127 1491 2180 1536 et
2228 1484 2540 1553 praedicavit
2591 1485 2659 1540 de
2685 1501 2773 1553 eo,
2825 1501 2949 1542 esse
3006 1488 3184 1557 ipsum
3228 1487 3526 1557 principem

1952 1578 2170 1632 tertium
2207 1580 2263 1634 in
2294 1597 2461 1651 regno
2487 1597 2610 1638 suo.

2021 1667 2110 1722 50.
2155 1668 2212 1723 In
2243 1670 2432 1726 eadem
2466 1682 2625 1728 nocte
2674 1671 2994 1728 interfectus
3028 1682 3112 1728 est
3155 1672 3402 1727 Baltasar
3431 1687 3529 1726 rex

1948 1757 2255 1816 Clialdzeus.

2024 1849 2112 1903 5L
2159 1849 2224 1905 Et
2257 1850 2455 1908 Darius
2502 1851 2692 1908 Medus
2739 1855 3040 1925 assumpsit
3093 1870 3320 1926 regnum
3353 1867 3528 1909 annos

1949 1950 2118 1997 natus
2139 1944 2422 2014 sexaginta
2453 1945 2613 2000 duos.

2516 2045 2522 2051 '
2555 2034 2785 2090 CAPUT
2839 2035 2925 2092 VI.

2025 2124 2078 2179 Ι.
2120 2123 2188 2180 Ει
2222 2125 2426 2196 placuit
2481 2125 2535 2180 in
2579 2135 2876 2196 conspectu
2937 2125 3103 2191 Darii,
3159 2132 3214 2179 et
3243 2124 3528 2180 constituit

1953 2229 2119 2285 super
2155 2233 2380 2287 regnum
2395 2224 2642 2287 satrapas
2669 2229 2888 2281 centum
2951 2226 3006 2272 et
3037 2216 3247 2287 viginti,
3270 2225 3327 2272 ut
3343 2225 3528 2270 essent

1953 2305 2008 2360 in
2051 2314 2164 2360 toto
2190 2321 2360 2376 regno
2393 2321 2515 2362 suo.

2022 2400 2076 2453 2.
2119 2397 2186 2452 Et
2226 2413 2392 2467 super
2431 2412 2625 2454 omnes
2669 2413 2788 2462 eos,
2817 2396 3099 2468 praefectos
3129 2407 3240 2453 tres
3272 2411 3286 2450 :
3319 2405 3373 2451 et
3409 2401 3527 2451 erat

1956 2490 2142 2546 Daniel
2173 2505 2317 2545 unus
2343 2505 2410 2544 ex
2441 2490 2521 2545 eis
2547 2507 2562 2544 :
2596 2498 2658 2544 ut
2685 2501 2916 2561 satrapae
2952 2491 3062 2545 illis
3109 2490 3401 2545 redderent
3431 2501 3522 2541 ra-

1955 2579 2178 2642 tionem,
2220 2588 2282 2634 ut
2303 2595 2396 2634 rex
2429 2595 2537 2634 non
2560 2581 2856 2636 sustineret
2887 2580 3188 2636 molestias.

2023 2668 2078 2723 5.
2119 2667 2186 2722 Ει
2217 2677 2334 2723 erat
2365 2670 2551 2724 Daniel
2583 2672 2882 2740 praevalens
2933 2689 3098 2743 super
3144 2673 3429 2745 praefectos
3472 2682 3527 2730 et

1949 2767 2204 2830 satrapas
2230 2774 2433 2826 coram,
2466 2761 2594 2832 quia
2623 2763 2844 2833 spiritus
2883 2766 3115 2835 amplior
3140 2778 3258 2824 erat
3281 2769 3337 2826 in
3367 2787 3454 2828 eo.

2021 2941 2076 2996 4.
2123 2939 2190 2996 Et
2215 2957 2308 2997 rex
2359 2941 2646 2998 constituit
2695 2956 2822 2998 eum
2878 2958 3042 3013 super
3105 2959 3269 3001 omne
3297 2962 3526 3018 regnum
3632 2999 3638 3008 .

1955 3047 2150 3088 suum:
2186 3043 2241 3089 et
2266 3033 2502 3104 prarfecti
2559 3042 2612 3089 et
2650 3044 2887 3104 satrapa:
2917 3036 3236 3108 quaerebant
3285 3037 3529 3096 invenire

1954 3125 2297 3180 occasionem
2332 3134 2524 3180 contra
2547 3124 2823 3181 Danielem
2855 3127 2922 3184 de
2977 3142 3182 3198 regno:
3214 3137 3268 3183 et
3310 3144 3527 3186 omnem

1951 3217 2298 3273 occasionem
2375 3226 2431 3273 et
2483 3219 2740 3273 delictum
2799 3235 2911 3275 non
2976 3221 3298 3278 invenerunt
3337 3231 3529 3278 contra

1951 3324 2102 3374 eum,
2132 3325 2198 3364 eo
2231 3307 2378 3380 quod
2407 3311 2582 3366 ﬁdelis
2611 3319 2751 3366 erat.

2023 3402 2077 3457 5.
2119 3401 2186 3456 Et
2233 3402 2489 3456 dixerunt
2543 3402 2784 3472 praefecti
2834 3403 2951 3459 illi:
3009 3404 3128 3461 Non
3191 3405 3529 3462 inveniemus

1952 3501 2142 3550 contra
2171 3492 2446 3548 Danielem
2478 3493 2844 3561 occasionem,
2886 3494 2994 3552 nisi
3045 3495 3100 3550 in
3138 3495 3400 3567 legitimis
3432 3495 3527 3552 Dei

1951 3584 2057 3641 sui.

2025 3677 2077 3732 6.
2121 3675 2276 3734 Tunc
2309 3679 2570 3750 praesides
2613 3687 2666 3734 et
2688 3687 2922 3748 satrapa;
2953 3676 3248 3733 astiterunt
3288 3676 3434 3748 regi,
3472 3684 3530 3732 et

1953 3769 2210 3826 dixerunt
2235 3770 2286 3827 ei
2311 3787 2327 3827 :
2360 3769 2486 3825 Dari
2517 3785 2632 3836 rex,
2662 3770 2717 3824 in
2737 3778 3001 3826 aeternum
3029 3768 3170 3824 vive.

2022 3949 2078 4008 7.
2118 3951 2421 4008 Consilium
2446 3952 2688 4007 inierunt
2713 3965 2926 4014 omnes,
2962 3949 3056 4019 qui
3091 3963 3255 4018 super
3297 3963 3526 4020 regnum

1955 4051 2109 4097 tuum
2137 4043 2303 4099 duces
2359 4052 2412 4098 et
2442 4053 2693 4112 satrapas,
2726 4041 2980 4096 consules
3001 4049 3064 4094 et
3099 4039 3392 4110 toparcliaa,
3414 4048 3528 4092 sta-

1955 4143 2111 4190 tuere
2142 4135 2424 4190 decretum
2456 4135 2684 4205 regium,
2713 4142 2768 4188 et
2807 4131 3136 4188 conﬁrmare
3177 4131 3530 4187 constitutio-

1955 4241 2078 4280 nem
2100 4265 2115 4289 ,
2152 4235 2213 4281 ut
2247 4226 2579 4296 quicumque
2612 4225 2832 4295 petierit
2865 4224 3177 4294 petitionem
3204 4239 3234 4278 a
3263 4239 3530 4294 quocum-

1953 4333 2061 4386 que
2091 4315 2218 4378 deo.
2253 4325 2348 4370 aut
2379 4316 2449 4370 ab
2488 4316 2804 4371 hominibus
2832 4330 3005 4386 usque
3034 4316 3101 4370 ad
3143 4316 3363 4386 triginta
3385 4316 3526 4383 dies,

1956 4406 2061 4462 nisi
2095 4421 2126 4461 a
2163 4413 2236 4473 te,
2257 4423 2373 4473 rex,
2393 4407 2644 4462 mittatur
2675 4409 2730 4462 in
2760 4409 2938 4463 lacum
2968 4407 3208 4462 leonum.

2028 4497 2083 4553 8.
2125 4496 2283 4553 Nunc
2321 4499 2505 4569 igitur,
2561 4515 2682 4566 rex,
2733 4507 2912 4554 statue
2966 4495 3442 4561 constitutionem,
3473 4505 3529 4549 et

1956 4603 2200 4659 propone
2225 4590 2578 4660 scripturam,
2616 4601 2676 4646 ut
2725 4607 2831 4647 non
2882 4591 3200 4646 immutetur
3247 4588 3528 4643 decretum

1955 4679 2234 4735 Medorum
2265 4690 2320 4736 et
2341 4681 2653 4748 Persarum,
2684 4697 2858 4752 neque
2890 4681 3125 4737 violetur
3146 4695 3310 4749 super
3343 4679 3468 4733 hoc.

2026 4772 2079 4827 9.
2114 4772 2270 4829 Tunc
2291 4790 2386 4828 rex
2418 4774 2613 4830 Darius
2634 4775 2801 4846 jussit
2827 4773 2991 4829 scribi
3025 4772 3331 4828 decretum.

2033 4953 2122 5009 10.
2166 4954 2232 5010 Ει
2262 4953 2450 5010 Daniel
2473 4950 2705 5026 quando
2733 4953 2988 5025 cognovit
3027 4951 3382 5008 constitutum
3409 4962 3531 5004 esse

1957 5046 2261 5114 decretum,
2286 5048 2566 5118 ingressus
2592 5058 2676 5103 est
2699 5048 2753 5101 in
2777 5047 2999 5101 domum
3033 5059 3190 5100 suam
3225 5057 3240 5095 :
3278 5050 3333 5096 et
3379 5040 3532 5096 fene-

1960 5144 2092 5198 stris
2123 5142 2325 5212 apertis
2355 5141 2405 5196 ei
2437 5141 2492 5195 in
2519 5139 2820 5197 cmnaculis
2849 5138 2963 5194 suis
2992 5146 3180 5192 contra
3205 5132 3530 5195 Jerusalem,

1960 5243 2014 5291 et
2051 5236 2225 5310 tribus
2254 5233 2592 5304 temporibus
2615 5230 2722 5286 diei
2760 5237 2879 5285 erat
2903 5229 3120 5284 ﬂectens
3150 5241 3209 5280 se
3248 5237 3410 5294 super
3443 5237 3535 5293 ge-

1962 5313 2073 5382 nua.
2097 5341 2217 5391 sua,
2277 5333 2332 5379 et
2388 5338 2572 5388 orans,
2605 5333 2658 5378 et
2712 5321 2978 5376 confitens
3030 5333 3216 5373 coram
3266 5314 3378 5370 Deo
3408 5329 3531 5378 suo,

1962 5419 2106 5475 sicut
2133 5426 2257 5472 ante
2287 5415 2468 5472 facere
2505 5420 2884 5471 consueverat.

2037 5591 2124 5646 11.
2165 5591 2318 5646 Tunc
2345 5589 2445 5644 viri
2473 5588 2550 5643 illi
2586 5588 2965 5652 observarunt,
2999 5592 3054 5638 et
3087 5583 3411 5637 invenerunt
3435 5576 3537 5632 Da-

1968 5688 2163 5744 nielem
2195 5685 2568 5743 obsecrantem
2613 5693 2666 5738 et
2695 5689 2940 5738 orantem
2971 5691 3157 5734 coram
3207 5672 3318 5730 Deo
3342 5686 3465 5729 suo.

2439 5873 2471 5887 ο.

3399 339 3542 426 287a
3627 330 3633 344 ’
