4122 6320
614 360 751 418 2871

1678 348 1931 405 DANIEL
1970 347 2195 405 JUXTA
2235 346 2786 403 THEODOTIONEM

3721 346 3871 401 2872

688 474 776 530 42.
820 472 885 529 Et
912 470 1231 529 accedentes
1264 468 1454 526 dicunt
1490 465 1639 539 regi:
1673 465 1811 531 Rex,
1844 481 2026 521 nonne
2057 480 2191 521 con-

2366 464 2458 520 12.
2491 463 2603 520 Καὶ
2642 462 3033 536 προσελθόντες
3068 461 3288 530 λέγουσι
3319 460 3397 532 τῷ
3431 458 3669 530 βασιλεῖ·
3704 460 3873 513 Βασι-

619 566 955 623 stitutionem
985 563 1215 634 posuisti
1253 601 1268 624 ,
1314 569 1375 615 ut
1420 560 1601 615 omnis
1657 558 1823 611 homo
1852 557 2189 626 quicumque

618 658 832 729 petierit
859 671 889 711 a
913 668 1259 725 quocumque
1288 653 1390 708 deo
1456 659 1510 706 et
1538 648 1852 704 hominibus
1874 649 2188 717 petitionem

619 761 792 816 usque
824 746 889 800 ad
926 745 1182 813 tringinta
1211 742 1347 809 dies,
1380 741 1484 795 nisi
1516 755 1547 793 a
1594 748 1665 805 te,
1690 754 1783 794 rex
1810 779 1826 805 ,
1858 738 2103 793 mittatur
2134 739 2188 793 in

621 842 797 895 lacum
826 838 1070 893 leonum?

690 933 776 985 l5.
821 929 884 983 Et
914 930 1049 983 dixit
1078 942 1192 991 rex,
1222 925 1396 980 Verus
1442 931 1526 979 est
1554 939 1765 989 sermo,
1819 934 1873 979 et
1912 924 2189 979 decretum

620 1022 896 1076 Medorum
921 1028 975 1074 et
1002 1016 1291 1071 Persarum
1320 1032 1426 1069 non
1461 1025 1859 1070 contemnetur.

697 1114 781 1169 14.
824 1109 979 1165 Τυηο
1027 1108 1446 1177 responderunt,
1478 1116 1533 1162 et
1583 1107 1773 1161 dicunt
1812 1121 1997 1162 coram
2028 1121 2184 1177 rege:

622 1201 832 1267 Daniel,
864 1199 956 1269 qui
986 1198 1053 1253 de
1084 1198 1209 1251 liliis
1238 1197 1568 1266 captivitatis
1592 1194 1816 1260 Judaaae,
1863 1211 1969 1251 non
2000 1197 2189 1251 subdi-
2226 1206 2231 1212 '

619 1295 699 1348 dit
724 1308 783 1348 se
809 1292 1028 1347 decreto
1054 1299 1146 1344 tuo
1188 1290 1334 1344 circa
1390 1288 1583 1358 legem,
1641 1302 1806 1356 quam
1838 1286 2110 1341 statuisti:
2139 1295 2193 1339 et

622 1384 797 1438 tribus
830 1381 1168 1451 temporibus
1213 1379 1317 1433 diei
1359 1379 1493 1447 petit
1538 1393 1567 1432 a
1624 1376 1733 1431 Deo
1765 1391 1865 1432 suo
1905 1376 2192 1445 petitiones

622 1491 769 1529 suas.
812 1472 968 1528 Tunc
999 1487 1114 1537 rex,
1149 1479 1207 1524 ut
1238 1469 1447 1524 audivit
1479 1468 1706 1524 verbum
1733 1508 1748 1533 ,
1789 1465 1944 1520 valde
1990 1464 2194 1520 contri—

622 1576 797 1622 status
827 1575 907 1621 est
941 1565 993 1618 in
1023 1578 1088 1619 eo
1118 1583 1130 1616 :
1164 1574 1217 1617 et
1248 1577 1348 1631 pro
1384 1560 1602 1615 Daniele
1626 1558 1941 1614 decertabat
1972 1557 2193 1612 adlibe-

622 1658 850 1712 randum
883 1670 1032 1717 eum,
1056 1663 1110 1709 et
1140 1669 1311 1723 usque
1335 1651 1403 1706 ad
1442 1666 1698 1707 occasum
1725 1648 1858 1705 solis
1892 1647 2191 1714 laborabat,

622 1761 682 1804 υῑ
712 1758 926 1804 erueret
953 1762 1098 1801 eum.

692 1945 781 2001 15.
824 1942 978 1998 Tunc
1013 1942 1112 1997 viri
1149 1941 1223 1995 illi
1246 1940 1746 1996 animadverterunt
1773 1953 1939 2009 super
1986 1949 2192 2006 regem,

620 2043 675 2089 ct
702 2034 890 2089 dicunt
920 2033 1063 2103 regi:
1103 2031 1271 2097 Scito,
1306 2046 1422 2094 rex,
1449 2029 1575 2099 quia
1603 2030 1881 2084 decretum
1910 2026 2078 2081 Medis
2146 2032 2199 2078 et

621 2125 807 2183 Persis
822 2135 926 2190 est,
962 2134 1023 2179 ut
1049 2139 1264 2180 omnem
1291 2124 1460 2192 legem
1489 2130 1545 2176 et
1572 2129 1871 2187 statutum,-
1896 2120 2200 2190 quodcum-

621 2232 731 2285 que
751 2230 841 2271 rex
873 2215 1145 2280 statuerit,
1178 2229 1287 2267 non
1333 2218 1583 2283 oporteat
1614 2210 1913 2265 immutari.

695 2395 783 2450 16.
826 2392 981 2449 Tunc
1019 2409 1111 2449 rex
1143 2393 1320 2447 dixit:
1357 2399 1413 2447 et
1443 2390 1790 2447 adduxerunt
1820 2388 2117 2454 Danielem,
2143 2395 2199 2444 et

624 2486 893 2539 miserunt
911 2498 1035 2538 eum
1070 2484 1124 2537 in
1157 2482 1335 2537 lacum
1381 2482 1598 2537 leonum
1636 2521 1651 2545 ,
1697 2489 1752 2536 et
1789 2479 1928 2534 dixit
1952 2494 2046 2534 rex
2089 2480 2197 2534 Da-

625 2573 753 2629 nieli
780 2591 795 2627 :
828 2572 993 2639 Deus,
1022 2588 1183 2642 quem
1214 2582 1270 2627 tu
1318 2572 1455 2627 colis
1502 2587 1717 2641 semper
1739 2609 1756 2636 ,
1802 2571 1917 2640 ipse
1950 2569 2200 2625 liberabit

625 2676 700 2723 te.

697 2757 786 2810 17.
825 2754 891 2810 Et
928 2755 1230 2811 attulerunt
1260 2753 1495 2824 lapidem
1517 2769 1708 2820 unum,
1740 2762 1793 2807 et
1821 2752 2201 2821 imposuerunt

627 2864 791 2919 super
817 2862 879 2903 os
911 2848 1012 2901 laci
1048 2865 1061 2901 :
1097 2855 1151 2901 et
1184 2846 1495 2915 obsignavit
1527 2862 1620 2901 rex
1657 2847 1709 2899 in
1750 2846 1950 2899 annulo
1995 2862 2114 2910 suo,
2148 2854 2202 2899 et

626 2936 829 2992 annulo
851 2937 1173 3005 optimatum
1198 2950 1453 3001 suorum,
1479 2951 1548 2992 ne
1577 2936 1707 3006 quid
1755 2951 1913 2992 secus
1965 2936 2116 2990 ﬁeret
2143 2936 2197 2990 in

626 3029 924 3085 Danielem.

2294 554 2407 619 λεῦ,
2438 557 2535 626 οὐχ
2573 556 2798 625 ὁρισμὸν
2820 554 3035 620 ἔταξας.
3068 554 3216 617 ὅπως
3250 556 3357 616 πᾶς
3379 552 3661 621 ἄνθρωπος
3687 550 3745 615 ὃς
3772 552 3874 605 ἐὰν

2295 648 2499 719 αἰτήσῃ
2529 647 2683 717 παρὰ
2716 648 2915 710 παντὸς
2948 645 3071 701 θεοῦ
3117 646 3211 700 καὶ
3278 644 3581 717 ἀνθρώπων
3631 646 3870 715 αἴτημα,

2296 739 2401 802 ἕως
2430 738 2654 809 ήμερῶν
2700 739 2992 808 τριάκοντα
3016 780 3031 803 ,
3061 739 3178 793 ἀλλ’
3208 739 3239 809 ἢ
3276 740 3431 809 παρὰ
3477 739 3593 803 σοῦ,
3619 738 3872 809 βασιλεῦ,

2296 828 2695 901 ἐμϐληθήσεται
2728 832 2807 892 εἰς
2836 829 2926 883 τὸν
2959 829 3160 882 λάκκον
3188 829 3293 881 τῶν
3318 829 3545 882 λεόντων
3569 846 3583 895 ;

2368 919 2452 972 15.
2487 919 2597 971 Kal.
2635 915 2787 972 εἶπεν
2813 920 2840 972 6
2877 917 3149 989 βασιλεὺς,
3185 918 3459 988 Ἀληθινὸς
3504 922 3533 972 6
3568 918 3747 987 λόγος,
3778 920 3878 975 καὶ

2296 1010 2356 1063 τὸ
2387 1010 2562 1080 δόγμα
2605 1011 2802 1079 Μήδων
2846 1011 2939 1063 καὶ
2967 1011 3191 1081 Περσῶν
3222 1011 3282 1063 οὐ
3310 1011 3727 1083 παρελεύσεται.

2370 1104 2455 1157 14.
2495 1104 2627 1156 Τότε
2656 1102 3051 1173 ἀπεκρίθησαν,
3102 1104 3196 1156 καὶ
3240 1103 3490 1171 λέγουσιν
3520 1103 3748 1157 ἐνώπιον
3779 1105 3876 1159 τοῦ

2304 1195 2565 1266 βασιλέως
2589 1212 2601 1223 ·
2636 1196 2852 1265 Δανιὴλ,
2875 1199 2902 1249 6
2932 1197 3039 1250 ἀπὸ
3071 1197 3180 1249 τῶν
3208 1197 3339 1251 υίῶν
3375 1197 3475 1266 τῆς
3501 1198 3880 1267 αἰχμαλωσίας

2301 1287 2398 1356 τῆς
2424 1286 2705 1351 Ἰουδαίας,
2731 1287 2829 1356 οὐχ
2869 1287 3116 1356 ὑπετάγη
3147 1286 3224 1356 τῷ
3249 1286 3479 1356 δόγματι
3511 1304 3601 1340 σου
3628 1290 3755 1356 περὶ
3778 1289 3877 1342 τοῦ

2300 1376 2550 1449 ὁρισμοῦ,
2579 1370 2641 1431 οὗ
2668 1375 2949 1439 ἐνέταξας,
2978 1377 3072 1429 καὶ
3099 1378 3323 1447 καιροὺς
3352 1378 3501 1448 τρεῖς
3530 1378 3629 1447 τῆς
3662 1378 3879 1449 ἡμέρας

2301 1471 2532 1523 αἰτεῖται
2568 1468 2719 1539 παρὰ
2745 1468 2838 1521 τοῦ
2865 1467 2999 1522 Θεοῦ
3024 1468 3187 1521 αὑτοῦ
3217 1469 3497 1539 αἰτήματα
3522 1468 3707 1526 αὑτοῦ.
3742 1471 3876 1523 Τότε

2301 1563 2329 1614 6
2357 1561 2609 1631 βασιλεὺς
2657 1561 2732 1624 ὼς
2764 1561 2827 1613 τὸ
2873 1561 3025 1630 ῥῆμα
3059 1561 3281 1631 ήκουσε,
3335 1560 3469 1614 πολὺ
3509 1560 3753 1630 ἐλυπήθη
3788 1563 3879 1613 ἐπ’

2301 1647 2471 1719 αὐτῷ,
2500 1648 2593 1701 καὶ
2626 1648 2752 1715 περί
2777 1648 2871 1701 τοῦ
2902 1647 3103 1719 Δανιὴλ
3132 1648 3442 1717 ἠγωνίσατο
3474 1648 3567 1703 τοῦ
3601 1648 3881 1714 ἐξελέσθαι

2303 1739 2486 1801 αὑτὸν,
2511 1738 2604 1791 καὶ
2633 1739 2736 1801 ἓως
2765 1738 2902 1809 πρὸς
2921 1739 3152 1809 δυσμαῖς
3176 1738 3329 1809 ήλίου
3373 1734 3441 1810 ἦν
3479 1738 3882 1813 ἀγωνιζόμενος

2204 1842 2211 1850 '
2232 1824 2276 1883 Β
2305 1828 2580 1894 ἐξελέσθαι
2609 1830 2795 1885 αὐτόν.

2376 1921 2460 1975 15.
2489 1923 2620 1974 Τότε
2642 1924 2689 1975 οί
2715 1922 2905 1992 ἄνδρες
2940 1922 3139 1975 ἐκεῖνοι
3182 1922 3637 1992 παρετηρήσαντο
3663 1923 3756 1977 ἐπὶ
3788 1923 3882 1977 τὸν

2304 2012 2549 2083 βασιλέα,
2579 2015 2673 2067 καί
2700 2013 2919 2082 λέγουσι
2946 2013 3024 2084 τῷ
3051 2013 3291 2083 βασιλεῖ’
3310 2013 3505 2077 Γνῶθι,
3534 2013 3777 2083 βασιλεῦ,
3798 2016 3881 2069 ὅτι

2302 2108 2363 2161 τὸ
2390 2108 2565 2177 δόγμα
2584 2109 2690 2170 τοῖς
2723 2107 2927 2177 Μήδοις
2984 2105 3080 2160 καὶ
3105 2105 3343 2177 Πέρσαις
3365 2146 3379 2170 ,
3425 2105 3520 2159 τοῦ
3551 2106 3728 2160 πάντα
3763 2108 3884 2180 ὁρι-

2306 2200 2462 2271 σμὸν,
2497 2199 2591 2253 καὶ
2635 2199 2824 2253 στάσιν
2850 2238 2866 2265 ,
2899 2200 2966 2270 ἥν
3001 2197 3099 2253 ἐὰν
3124 2200 3153 2251 6
3184 2197 3435 2269 βασιλεὺς
3472 2198 3667 2269 στήσῃ,
3704 2201 3765 2251 οὑ
3803 2199 3884 2253 δεῖ

2306 2291 2669 2365 παραλλάξαι.

2375 2382 2465 2438 16.
2507 2382 2643 2434 Τότε
2678 2383 2706 2435 6
2738 2380 2989 2452 βασιλεὺς
3016 2374 3171 2434 εἰπεν
3198 2396 3211 2411 '
3248 2380 3343 2434 καὶ
3389 2381 3596 2451 ήγαγον
3639 2381 3731 2436 τὸν
3778 2384 3881 2435 Δα-

2304 2472 2445 2545 νιὴλ,
2486 2472 2580 2525 καὶ
2612 2471 2864 2526 ἐνέϐαλον
2891 2470 3055 2525 αὐτὸν
3107 2472 3189 2532 εἰς
3215 2470 3311 2523 τὸν
3340 2470 3540 2523 λάκκον
3588 2470 3695 2522 τῶν
3726 2470 3880 2523 λεόνο

2302 2582 2431 2632 των,
2465 2564 2558 2618 καὶ
2587 2559 2740 2617 εἶπεν
2782 2566 2811 2617 6
2844 2562 3098 2633 βασιλεὺς
3128 2562 3204 2632 τῷ
3242 2562 3463 2633 Δανιήλ’
3498 2561 3554 2614 '0
3580 2560 3710 2625 Θεὸς
3732 2554 3778 2629 ᾧ
3812 2562 3876 2614 σὺ

2304 2655 2585 2725 λατρεύεις
2615 2654 2928 2724 ἐνδελεχῶς,
2956 2654 3119 2717 αὐτὸς
3148 2652 3413 2718 ἐξελετταί
3450 2668 3530 2706 σε.

2379 2746 2465 2800 17.
2498 2746 2609 2800 Καὶ
2635 2747 2873 2816 ἤνεγκαν
2908 2745 3054 2798 λίθον
3102 2745 3220 2809 ἕνα,
3262 2744 3358 2797 καὶ
3395 2742 3671 2813 ἐπέθηκαν
3703 2741 3799 2795 ἐπὶ
3821 2740 3883 2795 τὸ

2308 2836 2482 2907 στόμα
2512 2836 2604 2890 τοῦ
2658 2835 2881 2899 λάκκου,
2932 2836 3024 2889 καὶ
3072 2835 3447 2907 ἐσφραγίσατο
3480 2836 3507 2887 6
3538 2832 3790 2904 βασιλεὺς
3828 2834 3885 2885 ἐν

2305 2931 2384 3002 τῷ
2422 2930 2693 3001 δακτυλίῳ
2724 2928 2911 2995 αὐτοῦ,
2963 2928 3060 2982 καὶ
3089 2928 3145 2982 ὲν
3191 2926 3270 2996 τῷ
3297 2925 3569 2996 δακτυλίῳ
3593 2924 3701 2977 τῶν
3730 2941 3883 2995 μεγι-

2310 3024 2516 3077 στάνων
2538 3021 2725 3088 αὑτοῦ,
2756 3024 2904 3085 ὅπως
2939 3021 3015 3093 μὴ
3049 3018 3319 3090 ἀλλοιωθῇ
3343 3017 3406 3073 τὸ
3448 3019 3684 3088 πρᾶγμα
3715 3018 3774 3071 ἐν
3808 3014 3885 3088 τῷ

2307 3117 2525 3188 Δανιήλ.

698 3215 787 3271 18.
828 3191 891 3270 ῐιξι
922 3214 1058 3269 abiit
1082 3230 1178 3269 rex
1211 3215 1264 3269 in
1292 3214 1514 3270 domum
1540 3227 1720 3279 suam,
1750 3221 1806 3267 et
1836 3211 2095 3267 dormivit
2118 3211 2198 3265 in«

2378 3181 2470 3265 18:
2506 3210 2617 3263 Kal
2644 3207 2884 3277 ἀπῆλθεν
2907 3208 2935 3261 6
2967 3205 3221 3277 βασιλεὺς
3247 3205 3329 3267 εἰς
3374 3202 3467 3258 τὸν
3500 3197 3646 3256 οἷκον
3694 3199 3884 3265 αὑτοῦ,

627 3319 896 3374 cmnatus,
946 3317 999 3361 et
1047 3307 1199 3362 cibos
1255 3322 1362 3360 non
1417 3307 1714 3360 attulerunt
1766 3305 1849 3371 ei,
1888 3313 1943 3359 et
1973 3318 2201 3359 somnus

627 3400 856 3456 recessit
889 3400 956 3453 ab
982 3415 1047 3455 eo
1074 3418 1087 3455 :
1114 3408 1169 3454 et
1197 3398 1465 3454 conclusit
1505 3397 1648 3453 Deus
1700 3412 1796 3454 ora
1854 3397 2096 3463 leonum,
2148 3403 2203 3450 et

628 3507 738 3549 non
765 3493 1064 3549 alfecerunt
1094 3492 1342 3548 molestia
1369 3491 1671 3546 Danielem.

703 3669 788 3723 19.
826 3670 981 3722 Tunc
1004 3682 1097 3722 rex
1131 3668 1370 3722 surrexit
1393 3682 1553 3722 mane
1579 3666 1846 3733 diluculo,
1876 3676 1931 3722 et
1970 3666 2024 3722 in
2052 3666 2204 3722 festi-

629 3758 853 3813 natione
876 3756 1024 3812 venit
1047 3757 1112 3811 ad
1143 3757 1323 3812 lacum
1350 3757 1597 3813 leonum.

700 3847 790 3902 20.
831 3846 1040 3902 Etcum
1069 3847 1530 3918 appropinquaret
1560 3849 1675 3917 ipse
1703 3847 1867 3914 Iacui,
1915 3846 2120 3903 Danieli
2150 3848 2203 3903 in

628 3957 763 3997 voce
794 3940 918 3995 forti
942 3941 1215 4004 clamavit,
1248 3948 1304 3993 et
1364 3940 1649 4007 respondit
1693 3954 1810 4003 rex,
1846 3949 1899 3994 et
1921 3939 2059 3995 dixit
2088 3939 2199 3994 Da-

631 4034 755 4089 nicli
793 4052 807 4087 :
835 4030 1025 4086 Daniel
1055 4046 1212 4086 serve
1233 4029 1330 4086 Dei
1360 4029 1616 4095 viventis,
1652 4028 1796 4085 Deus
1830 4040 1977 4097 tuus,
2019 4033 2107 4088 cui
2144 4045 2201 4087 tu

629 4126 804 4181 servis
832 4138 1066 4193 semper,
1100 4139 1229 4180 num
1258 4122 1436 4193 potuit
1490 4122 1726 4178 liberare
1762 4130 1814 4177 te
1867 4123 1937 4179 de
1978 4139 2073 4179 ore
2100 4124 2204 4180 leo-

629 4217 798 4271 num?

699 4308 788 4363 21.
831 4306 897 4361 Ει
926 4308 1185 4376 loquutus
1207 4314 1296 4363 est
1322 4305 1512 4362 Daniel
1540 4306 1674 4378 regi,
1706 4316 1762 4363 et
1811 4306 1887 4362 ait
1916 4324 1929 4361 :
1968 4307 2109 4376 Rex,
2148 4308 2203 4364 in

633 4399 830 4458 saecula
854 4399 994 4454 vive.

698 4488 789 4544 22.
832 4489 975 4544 Deus
1003 4504 1157 4545 meus
1189 4488 1339 4545 misit
1365 4489 1617 4560 angelum
1649 4505 1831 4553 suum,
1854 4498 1910 4544 et
1930 4490 2204 4546 obstruxit

627 4598 726 4639 ora
755 4583 993 4647 leonum,
1014 4594 1069 4637 et
1095 4596 1203 4636 non
1228 4591 1534 4637 nocuerunt
1568 4582 1729 4646 mihi,
1762 4584 1890 4652 quia
1924 4600 2107 4639 coram
2133 4598 2199 4638 eo

628 4676 897 4731 rectitudo
930 4676 1148 4730 iuventa
1176 4683 1261 4730 est
1284 4675 1419 4729 mihi
1466 4691 1479 4726 :
1521 4676 1617 4730 sed
1662 4686 1717 4731 et
1749 4691 1933 4731 coram
1961 4685 2034 4743 te,
2070 4692 2186 4743 rex,

627 4766 887 4822 delictum
919 4782 1029 4821 non
1070 4765 1195 4821 feci.

697 4945 789 4999 93.
833 4942 988 4998 Tunc
1019 4960 1114 4998 rex
1151 4943 1501 4998 vehementer
1544 4942 1768 5013 gavisus
1800 4952 1883 4998 est
1925 4958 2087 5012 super
2113 4960 2197 5010 eo,

624 5042 682 5089 et
708 5033 982 5088 Danielem
1007 5033 1172 5103 jussit
1195 5033 1353 5087 educi
1377 5032 1443 5088 de
1468 5032 1622 5097 lacu;
1654 5040 1708 5085 et
1739 5032 1973 5089 eductus
2000 5044 2082 5089 est
2096 5032 2203 5089 Da-

628 5125 741 5180 niel
768 5130 835 5180 de
861 5125 1002 5189 lacu,
1034 5134 1089 5180 et
1117 5125 1262 5178 nulla
1310 5124 1459 5177 laasio
1506 5124 1721 5178 inventa
1769 5132 1855 5179 est
1882 5125 1935 5178 in
1963 5140 2048 5190 eo,
2074 5126 2198 5194 quia

627 5216 855 5271 credidit
890 5214 1002 5270 Deo
1026 5231 1147 5271 suo.

697 5309 787 5362 2i.
834 5308 900 5362 Et
919 5310 1057 5363 dixit
1094 5325 1209 5373 rex,
1236 5317 1291 5363 et
1314 5307 1656 5363 adduxerunt
1695 5307 1844 5362 viros
1866 5349 1880 5375 ,
1908 5306 2001 5378 qui
2036 5323 2201 5365 accu-

628 5412 888 5457 saveraut
916 5400 1209 5469 Danielem,
1239 5409 1292 5457 et
1318 5402 1371 5456 in
1401 5402 1580 5457 lacum
1630 5400 1848 5456 leonum
1892 5403 2044 5457 missi
2069 5414 2199 5458 sunt

630 5493 756 5563 ipsi,
796 5504 851 5547 et
878 5493 969 5547 lilii
996 5508 1209 5558 eorum,
1240 5502 1295 5547 et
1326 5510 1523 5549 uxores
1573 5510 1762 5549 eorum
1795 5512 1808 5547 :
1857 5504 1911 5548 et
1944 5510 2049 5550 non
2082 5511 2201 5564 per-

628 5593 896 5639 venerunt
927 5584 995 5639 ad
1023 5586 1389 5653 pavimentum
1418 5586 1544 5649 laci,
1581 5586 1753 5643 donec
1769 5588 2035 5642 dominati
2075 5597 2203 5643 sunt

629 5692 824 5733 eorum
880 5680 1089 5746 leones,
1145 5688 1203 5734 et
1234 5680 1419 5735 omnia
1470 5695 1597 5737 ossa
1652 5697 1843 5738 eorum
1870 5683 2200 5739 comminue-

631 5774 779 5821 ΐυηι.

2306 3302 2400 3356 καὶ
2424 3301 2693 3372 ἐκοιμήθη
2721 3300 2991 3365 ἄδειπνος,
3019 3299 3114 3352 καί
3136 3297 3411 3368 ἐδέσματα
3435 3295 3537 3349 οὐκ
3559 3294 3886 3364 εἰσήνεγκαν

2304 3394 2473 3465 αὐτῷ,
2525 3394 2619 3447 καὶ
2642 3394 2671 3445 6
2727 3391 2891 3454 ὕπνος
2918 3389 3129 3460 ἀπέστη
3157 3388 3251 3443 ἀπ’
3279 3386 3442 3442 αὐτοῦ
3463 3403 3476 3418 ⁸
3511 3385 3606 3441 καί
3629 3383 3882 3439 ἀπέκλει-

2304 3505 2397 3540 σεν
2430 3488 2457 3539 6
2477 3485 2612 3549 Θεὸς
2637 3484 2709 3537 τὰ
2729 3484 2975 3553 στόματα
2998 3481 3105 3536 τῶν
3133 3480 3383 3546 λεόντων,
3434 3480 3533 3533 καὶ
3567 3479 3628 3531 οὐ
3676 3493 3882 3547 παρην-

2304 3577 2551 3648 ώχλησαν
2588 3575 2665 3645 τῷ
2690 3574 2907 3645 Δανιὴλ.

2377 3668 2463 3723 19.
2494 3668 2628 3720 Τότε
2650 3666 2678 3717 6
2705 3664 2958 3735 βασιλεὺς
2982 3664 3179 3735 ἀνέστη
3223 3663 3287 3717 τὸ
3330 3664 3474 3735 πρωῒ
3521 3667 3578 3719 ἐν
3612 3667 3692 3737 τῷ
3722 3666 3887 3736 φωτὶ,

2304 3761 2398 3815 καὶ
2425 3761 2482 3812 ἐν
2508 3758 2710 3828 σπουδῇ
2740 3752 2904 3827 ἦλθεν
2927 3756 3021 3808 ἐπὶ
3049 3754 3140 3808 τὸν
3166 3754 3369 3810 λάκκον
3396 3756 3506 3810 τῶν
3544 3757 3797 3812 λεόντων.

2373 3850 2464 3904 ‘20.
2490 3849 2598 3904 Καὶ
2634 3851 2693 3902 ἐν
2735 3847 2815 3918 τῷ
2847 3847 3087 3915 ἐγγίζειν
3123 3847 3287 3900 αὑτὸν
3319 3846 3398 3916 τῷ
3440 3847 3648 3921 λάκκῳ,
3670 3849 3749 3920 τῷ
3782 3851 3887 3903 Λα.

2304 3943 2425 4013 νιὴλ
2458 3944 2516 3996 ἐν
2555 3943 2704 4011 φωνῇ
2738 3940 2933 4010 ἰσχυρᾷ
2955 3938 3183 4009 ἐϐόησε,
3218 3939 3315 3992 καὶ
3346 3939 3620 4010 ἀπεκρίθη
3657 3941 3688 3993 6
3733 3940 3887 4009 βασι-

2304 4033 2450 4097 λεὺς,
2476 4030 2570 4085 καί
2594 4026 2747 4084 εἶπεν
2771 4028 2850 4098 τῷ
2873 4028 3096 4098 Δανιήλ·
3135 4028 3332 4098 Δανιὴλ
3359 4030 3387 4081 6
3412 4028 3596 4092 δοῦλος
3626 4028 3719 4082 τοῦ
3750 4028 3887 4082 Θεοῦ

2304 4124 2399 4181 τοῦ
2431 4123 2652 4188 ζῶντος,
2682 4125 2710 4176 6
2731 4122 2861 4186 Θεός
2898 4138 2991 4176 σου
3020 4113 3069 4191 ᾧ
3089 4123 3152 4176 σὺ
3177 4120 3461 4191 λατρεύεις
3494 4121 3808 4191 ἐνδελεχῶς,
3838 4121 3887 4174 εἰ

2303 4215 2535 4288 ἐδυνήθη
2570 4215 2849 4279 ἐξελέσθαι
2877 4230 2938 4266 σε
2965 4213 3075 4267 ἀπὸ
3104 4212 3374 4283 στόματος
3403 4213 3512 4266 τῶν
3545 4212 3815 4278 λεόντων;

2374 4309 2464 4364 21.
2516 4308 2626 4363 Καὶ
2674 4307 2901 4378 ἐλάλησε
2938 4304 3138 4375 Δανιὴλ
3188 4304 3267 4375 τῷ
3304 4305 3536 4375 βασιλεῖ,
3565 4304 3660 4358 καὶ
3689 4298 3886 4358 εἶπεν

2304 4402 2555 4464 Βασιλεῦ,
2593 4403 2672 4464 εἰς
2697 4401 2823 4464 τοὺς
2852 4394 3053 4462 αἰῶνας
3083 4398 3228 4469 ζῆθι.

2374 4494 2465 4548 22.
2507 4494 2566 4546 ὐ
2599 4491 2732 4555 Θεός
2766 4508 2867 4562 μου
2896 4490 3183 4544 ἀπέστειλε
3212 4490 3303 4543 τὸν
3323 4488 3553 4557 ἄγγελον
3577 4488 3763 4554 αὐτοῦ,
3789 4491 3889 4545 καὶ

2306 4585 2601 4655 ἐνέφραξεν
2621 4583 2691 4636 τὰ
2717 4585 2962 4653 στόματα
3000 4582 3111 4636 τῶν
3129 4582 3381 4645 λεόντων,
3418 4582 3511 4634 καὶ
3553 4581 3652 4635 οὐκ
3680 4582 3890 4653 ἐλυμῄ-

2308 4675 2466 4729 ναντό
2495 4690 2585 4743 με,
2616 4673 2698 4726 ὅτι
2732 4673 3021 4726 κατέναντι
3064 4669 3231 4723 αὑτοῦ
3271 4668 3503 4740 εὐθύτης
3541 4670 3737 4742 εὑρέθη
3772 4689 3889 4742 μοι,

2308 4768 2403 4821 καὶ
2424 4764 2654 4819 ἐνώπιον
2680 4765 2735 4817 δὲ
2764 4763 2881 4833 σοῦ,
2912 4762 3156 4834 βασιλεῦ,
3203 4762 3559 4833 παράπτωμα
3596 4763 3695 4817 οὐκ
3740 4765 3891 4818 ἐποί-

2308 4877 2437 4931 ησα.

2376 4951 2467 5005 25.
2499 4950 2633 5004 Τότε
2659 4949 2687 5001 6
2718 4947 2970 5018 βασιλεὺς
2994 4947 3129 5000 πολῦ
3162 4946 3447 5019 ὴγαθύνθη
3478 4946 3566 5000 ἐπ’
3600 4948 3771 5018 αὐτῷ,
3795 4950 3889 5001 καὶ

2307 5041 2398 5097 τὸν
2445 5041 2646 5111 Δανιὴλ
2674 5037 2829 5094 εἶπεν
2874 5043 3189 5108 ἀνενεγκεῖν
3243 5042 3307 5093 ἐκ
3364 5041 3458 5093 τοῦ
3497 5040 3699 5094 λάκκου
3722 5057 3735 5070 °
3789 5041 3890 5095 καὶ

2308 5132 2579 5205 ἀνηνέχθη
2601 5132 2798 5201 Δανιὴλ
2824 5132 2887 5184 ἐκ
2923 5131 3018 5185 τοῦ
3046 5132 3250 5186 λάκκου
3275 5173 3289 5199 ,
3327 5132 3422 5187 καὶ
3446 5135 3596 5185 πᾶσα
3621 5132 3891 5204 διαφθορὰ

2306 5226 2407 5295 οὐχ
2432 5223 2630 5295 εὑρέθη
2656 5225 2715 5277 ἐν
2740 5222 2909 5293 αὐτῷ,
2937 5224 3017 5276 ὅτι
3042 5224 3330 5277 ἐπίστευσε
3364 5222 3441 5293 τῷ
3475 5223 3592 5294 Θεῷ
3622 5223 3811 5277 αὐτοῦ.
3895 5266 3904 5296 ς

2378 5317 2467 5371 21.
2491 5315 2600 5368 Καὶ
2629 5310 2781 5368 εἶπεν
2806 5316 2834 5367 6
2870 5314 3142 5384 βασιλεὺς,
3173 5315 3262 5369 καὶ
3299 5316 3504 5385 ὴγαγον
3538 5317 3661 5378 τοὺς
3688 5315 3892 5386 ἄνδρας

2307 5411 2434 5473 τοὺς
2465 5408 2819 5470 διαϐαλόντας
2844 5407 2935 5461 τὸν
2956 5407 3176 5477 Δανιὴλ,
3209 5407 3303 5461 καί⁵
3329 5409 3410 5471 εἰς
3433 5407 3527 5461 τὸν
3551 5407 3753 5461 λάκκον
3776 5406 3890 5458 τῶν

2307 5502 2540 5555 λεόντων
2596 5498 2961 5569 ἐνεϐλήθησαν
3013 5497 3187 5563 αὐτοὶ,
3220 5499 3315 5551 καὶ
3338 5500 3386 5552 οἱ
3409 5499 3513 5551 υίοὶ
3548 5498 3750 5561 αὐτῶν,
3789 5500 3887 5551 καὶ

2306 5594 2363 5646 αἰ
2387 5594 2645 5659 γυναῖκες
2674 5589 2851 5643 αὐτῶν
2875 5606 2889 5621 ο
2921 5590 3017 5643 καὶ
3044 5590 3145 5644 οὐκ
3184 5591 3426 5659 ἔφθασαν
3476 5594 3555 5655 εἰς
3594 5592 3655 5645 τὸ
3689 5591 3889 5657 ἔδαφος

2308 5682 2403 5737 τοῦ
2428 5682 2655 5746 λάκκου,
2680 5681 2785 5744 ἕως
2823 5673 2885 5734 οὗ
2911 5682 3237 5751 ἐκυρίευσαν
3257 5682 3437 5739 αὐτῶν
3460 5686 3510 5738 οἰ
3529 5682 3763 5748 λέοντες,
3789 5682 3889 5737 καὶ

2310 5775 2488 5829 πάντα
2512 5773 2582 5827 τὰ
2609 5774 2742 5828 ὀστᾶ
2774 5772 2953 5827 αὐτῶν
2978 5774 3293 5831 ἐλέπτυναν.
