4122 6320
300 346 445 405 2873

1744 355 1976 416 CAPUT
2006 357 2118 417 VII.

3412 367 3557 424 287ιέ

369 461 463 516 S5.
503 459 638 514 Τότε
682 462 910 535 Δαρεῖος
963 462 993 516 ὸ
1043 462 1298 534 βασιλεὺς
1347 464 1555 539 ἔγραψε
1603 469 1732 525 πᾶσι
1770 475 1884 536 τοῖς

2055 477 2145 534 25.
2183 476 2336 534 Tunc
2362 479 2558 538 Darius
2620 495 2715 538 rex
2765 480 2985 551 scripsit
3029 482 3285 539 omnibus
3321 486 3558 555 populis,

306 554 476 621 λαοῖς.
532 556 752 626 φυλαῖς,
792 558 1090 628 γλώσσαις,
1124 563 1237 627 τοῖς
1262 561 1506 617 οἰκοῦσιν
1554 565 1613 618 ἐν
1643 565 1794 640 πάσῃ
1814 569 1882 639 τῇ

307 650 397 720 τῇ·
428 649 634 721 Εἰρήνη
656 649 789 720 ὑμῖν
819 650 1178 725 πληθυνθείη.

376 741 469 797 26.
511 743 606 796 Ἐκ
645 742 944 813 προσώπου
970 745 1128 818 ἐτέθη
1149 747 1327 819 δόγμα
1354 745 1416 802 ἐν
1447 749 1595 822 πάσῃ
1621 749 1762 823 ἀρχῇ
1785 751 1887 823 τῆς

311 832 585 904 βασιλείας
617 851 745 905 μου,
775 835 870 889 τοῦ
890 833 1031 891 εἶναι
1051 838 1356 908 τρέμοντας
1401 843 1497 895 καὶ
1518 842 1888 911 φοϐουμένους

308 925 415 980 ἀπὸ
447 925 738 997 προσώπου
765 925 862 980 τοῦ
887 926 1024 981 Θεοῦ
1062 930 1284 1001 Δανιὴλ,
1317 932 1398 985 ὅτι
1430 932 1592 995 αὑτός
1622 933 1889 998 ἐστιΘεὺς

309 1017 440 1083 ζῶν,
469 1019 564 1071 καὶ
587 1017 764 1086 μένων
787 1021 871 1082 είς
897 1020 1026 1084 τοὺς
1060 1020 1288 1088 αίῶνας,
1324 1023 1419 1076 καὶ
1455 1025 1488 1094 ἠ
1515 1019 1760 1093 βασιλεία
1791 1025 1890 1077 αὐ-

309 1110 403 1164 τοῦ
426 1113 487 1164 οὐ
509 1111 965 1182 διαφθαρήσεται,
1015 1114 1110 1166 καὶ
1137 1114 1333 1185 κυρεία
1364 1115 1529 1169 αὐτοῦ
1553 1115 1658 1180 ἕως
1681 1116 1886 1178 τέλους.

377 1203 470 1257 27.
520 1202 1025 1273 Ἀντιλαμϐάνεται,
1078 1205 1170 1258 καὶ
1202 1205 1444 1276 ῥύσεται,
1491 1206 1585 1260 καὶ
1614 1208 1760 1260 ποιεῖ
1792 1223 1890 1277 ση-

317 1297 442 1365 μεῖα
498 1295 592 1348 καὶ
624 1295 826 1366 τέρατα
847 1297 905 1350 ὲν
941 1296 1178 1368 οὐρανῷ,
1215 1298 1308 1352 καὶ
1338 1299 1430 1350 ἐπὶ
1462 1301 1562 1369 τῆς
1587 1300 1711 1367 γῆς,
1743 1300 1891 1363 ὅστις

314 1387 547 1455 ἐξείλετο
572 1386 664 1440 τὸν
702 1387 898 1460 Δανιὴλ
928 1391 992 1442 ἐκ
1023 1389 1290 1461 στόματος
1321 1390 1430 1444 τῶν
1463 1391 1712 1445 λεόντων.

379 1478 471 1533 28.
503 1479 615 1533 Καὶ
638 1480 836 1551 Δανιὴλ
880 1477 1036 1545 οὗτος
1087 1483 1421 1537 κατεύθυνεν
1459 1485 1516 1536 ἐν
1544 1487 1609 1555 τῇ
1646 1482 1892 1554 βασιλείᾳ

315 1569 559 1642 Δαρείου,
586 1572 681 1625 καὶ
713 1572 771 1626 ἐν
794 1574 860 1643 τῇ
891 1572 1135 1646 βασιλείᾳ
1170 1573 1355 1644 Κύρου
1390 1574 1482 1628 τοῦ
1516 1575 1747 1648 Πέρσου.

841 1710 1237 1766 ΚΕΦΑΛΛΙΟΝ
1283 1711 1358 1765 Z'.

1987 568 2260 636 tribubus,
2303 569 2524 640 linguis.
2576 571 2951 628 habitantibus
2995 572 3048 628 in
3093 574 3350 630 universa
3383 584 3557 632 terra:

1988 661 2096 716 Pax
2121 660 2273 714 vobis
2304 662 2713 731 multiplicetur.

2055 751 2144 806 26.
2187 750 2229 804 Α
2259 751 2396 808 facie
2427 755 2662 823 positum
2687 763 2771 810 est
2799 755 3077 811 decretum
3129 755 3185 812 in
3227 757 3376 812 omni
3416 759 3565 829 prin-

1987 843 2170 913 cipatu
2196 845 2344 916 regni
2375 846 2500 912 mei,
2533 857 2592 901 ut
2618 848 2727 902 sint
2762 856 3058 904 trementes
3123 857 3173 904 et
3205 858 3507 907 metuentes
3531 868 3562 907 a

1988 931 2127 987 facie
2152 931 2246 988 Dei
2283 932 2538 997 Danielis,
2573 937 2700 1006 quia
2729 920 2845 1008 ipse
2867 948 2950 994 est
2978 939 3119 993 Deus
3141 939 3348 1004 vivens,
3370 950 3424 995 et
3445 958 3562 997 ma-

1989 1040 2126 1080 nens
2156 1026 2210 1080 in
2237 1028 2432 1082 szecula
2472 1046 2486 1082 :
2517 1037 2572 1082 et
2609 1045 2835 1100 regnum
2863 1031 2984 1102 ejus
3014 1047 3122 1087 non
3156 1032 3489 1101 destruetur,
3513 1044 3566 1090 et

1990 1114 2292 1171 dominatio
2321 1118 2439 1188 ejus
2473 1134 2646 1188 usque
2675 1121 2730 1173 in
2760 1123 2948 1177 tinem.

2061 1206 2150 1262 27.
2197 1207 2458 1279 Suscipit,
2486 1217 2540 1264 et
2577 1210 2792 1277 liberat,
2844 1222 2898 1268 et
2929 1213 3059 1269 facit
3103 1214 3254 1285 signa
3305 1213 3568 1283 etprodi-

1993 1295 2077 1365 gia
2118 1297 2171 1350 in
2195 1298 2354 1364 coelo,
2386 1307 2440 1352 et
2466 1298 2520 1352 in
2553 1308 2728 1354 terra:
2766 1301 2859 1372 qui
2902 1301 3151 1357 liberavit
3198 1301 3471 1357 Daniclem
3499 1303 3567 1359 de

1994 1402 2089 1442 ore
2124 1388 2366 1446 leonum.

2061 1477 2152 1530 28.
2176 1479 2244 1532 Et
2274 1477 2461 1534 Daniel
2486 1479 2602 1550 ipse
2625 1497 2882 1552 prospere
2908 1482 3103 1554 agebat
3127 1482 3180 1536 in
3208 1497 3373 1554 regno
3397 1481 3568 1550 Darii,

1992 1576 2048 1623 et
2074 1569 2128 1623 in
2159 1585 2326 1641 regno
2360 1571 2487 1643 Cyri
2518 1571 2718 1629 Persae.

2574 1706 2806 1763 CAPUT
2857 1707 2970 1764 ΥΠ.

386 1861 440 1917 1.
488 1863 578 1916 Ἐν
601 1864 682 1934 τῷ
724 1864 925 1936 πρώτῳ
961 1867 1071 1920 ἔτει
1103 1868 1390 1939 Βαλτάσαρ
1437 1868 1700 1939 βασιλέως
1745 1870 1892 1924 Χαλ-

2067 1840 2117 1896 l.
2155 1839 2211 1894 ln
2235 1856 2378 1895 anno
2426 1841 2604 1910 primo
2678 1841 2927 1898 Baltasar
2975 1844 3120 1914 regis
3165 1844 3567 1904 Chaldaeorum,

316 1954 499 2022 δαίων,
533 1957 1009 2028 Δανιὴλὲνύπνιον
1040 1955 1170 2026 εἶδε,
1206 1961 1298 2013 καὶ
1333 1962 1388 2014 αἱ
1423 1961 1642 2033 ὁράσεις
1668 1960 1769 2031 τῆς
1802 1979 1894 2014 κε-

319 2047 490 2118 φαλῆς
518 2049 685 2102 αὐτοῦ
719 2050 812 2102 ἐπὶ
840 2051 940 2121 τῆς
974 2052 1161 2122 κοίτης
1182 2050 1366 2118 αὐτοῦ,
1414 2053 1506 2106 καὶ
1543 2053 1605 2106 τὸ
1642 2048 1892 2107 ἐνύπνιόν

318 2136 552 2208 ἔγραψεν
571 2154 587 2167 °
620 2138 764 2212 ἀρχὴ
793 2139 966 2209 λόγων
997 2142 1183 2209 αὑτοῦ,
1237 2143 1334 2196 καὶ
1372 2143 1690 2214 ἀποκριθεὶς
1714 2139 1890 2197 εἶπεν.

382 2229 439 2284 2.
475 2229 617 2298 Ἐγὼ
653 2231 855 2302 Δανιὴλ
900 2231 1170 2304 ἐθεώρουν
1198 2235 1256 2286 ἐν
1307 2235 1374 2303 τῇ
1424 2233 1613 2305 ὁράσει
1649 2250 1750 2304 μου
1793 2233 1892 2303 τῆς

315 2321 535 2384 νυκτός·
595 2322 691 2376 καὶ
735 2322 844 2376 ἰδοὺ
894 2323 944 2376 οἱ
995 2323 1262 2394 τέσσαρες
1313 2325 1503 2396 ἄνεμοι
1530 2324 1622 2379 τοῦ
1659 2325 1892 2397 οὐρανοῦ

222 2420 225 2422 ’
318 2412 686 2482 προσέϐαλλον
708 2414 790 2480 είς
822 2413 921 2485 τὴν
950 2413 1226 2470 θάλασσαν
1247 2416 1346 2488 τὴν
1376 2417 1639 2489 μεγάλην.

287 2508 291 2511 ’
384 2501 440 2554 5.
466 2503 576 2555 Καὶ
603 2502 844 2575 τέσσαρα
883 2504 1046 2575 θηρία
1102 2507 1314 2576 μεγάλα
1357 2508 1640 2562 ἀνέϐαινον
1690 2509 1754 2562 ἐκ
1791 2508 1895 2580 τῆς

315 2592 592 2664 θαλάσσης
615 2593 942 2664 διαφέροντα
975 2594 1247 2666 ἀλλήλων.

380 2685 436 2739 4.
461 2687 535 2739 Τὸ
564 2685 780 2757 πρῶτον
815 2687 948 2740 ώσεὶ⁸
973 2687 1184 2753 λέαινα,
1221 2689 1314 2744 καὶ
1349 2689 1525 2760 πτερὰ
1569 2690 1736 2744 αὑτοῦ
1764 2691 1896 2744 ὡσεὶ

314 2777 505 2831 ἀετοῦο
548 2776 816 2848 ἐθεώρουν
859 2779 964 2842 ἕως
1017 2773 1079 2834 οὗ
1115 2779 1327 2853 ἐξετίλη
1359 2781 1429 2835 τά
1467 2782 1644 2853 πτερά
1695 2783 1892 2837 αὐτοῦ·

312 2870 414 2924 καὶ
440 2867 644 2940 ἐξῄρθη
682 2868 790 2924 ἀπὸ
821 2870 921 2938 τῆς
953 2870 1080 2940 γῆς,
1115 2871 1210 2924 καὶ
1254 2873 1347 2925 ἐπὶ
1393 2873 1895 2946 ποδῶνάνθρώπου

313 2961 544 3034 ἐστάθη,
573 2962 669 3015 καὶ
696 2961 895 3031 καρδία
927 2961 1212 3035 ἀνθρώπου
1239 2965 1393 3036 ἐδόθη
1425 2968 1584 3038 αὐτῇ.

387 3051 444 3107 5.
474 3051 584 3105 Καὶ
616 3051 726 3104 ἰδοὺ
773 3050 961 3123 θηρίον
995 3053 1183 3124 ἕτερον
1223 3055 1410 3126 ὅμοιον
1452 3055 1638 3128 άρκῳ,
1679 3057 1774 3111 καὶ
1818 3059 1899 3121 είς

318 3144 487 3214 μέρος
507 3142 564 3195 ἐν
595 3142 819 3214 ἐστάθη,
852 3143 948 3197 καὶ
977 3144 1102 3216 τρία
1129 3145 1338 3217 πλεῦρα
1363 3150 1421 3201 ἐν
1442 3148 1519 3219 τῷ
1545 3149 1773 3218 στόματι
1800 3149 1898 3201 αὐ-

316 3234 437 3305 τῆς,
465 3233 739 3302 ἀνάμεσον
762 3233 870 3286 τῶν
907 3233 1135 3287 ὀδόντων
1163 3236 1338 3307 αὐτῆς
1357 3255 1372 3268 ·
1403 3238 1496 3290 καὶ
1518 3237 1690 3301 οὕτως
1715 3238 1900 3306 ἔλεγον

319 3326 481 3396 αὐτῇ,
516 3324 826 3394 Ἀνάστηθι,
858 3325 999 3394 φάγε
1031 3326 1242 3397 σάρκας
1272 3327 1496 3390 πολλάς.

394 3415 447 3470 6.
493 3417 698 3470 Ὀπίσω
719 3415 912 3470 τούτου
935 3416 1206 3490 ἐθεώρουν
1232 3419 1292 3472 ἐν
1309 3418 1546 3490 ὁράματι
1568 3417 1664 3489 τῆς
1688 3417 1900 3480 νυκτός’

322 3508 421 3562 καὶ
472 3508 584 3562 ίδοὺ
632 3508 822 3580 ἕτερον
872 3509 1061 3581 θηρίον
1111 3510 1244 3564 ὡσεὶ
1281 3510 1580 3580 πάρδαλιςο
1623 3509 1717 3564 καὶ
1765 3509 1904 3579 αὐτῇ

323 3600 503 3672 πτερὰ
530 3601 772 3672 τέσσαρα
794 3602 1041 3656 πετεινοῦ
1068 3603 1326 3675 ὑπεράνω
1367 3603 1559 3672 αὐτῆς,
1589 3603 1682 3656 καὶ
1709 3601 1908 3656 τέσσα-

329 3709 422 3762 ρες
454 3692 691 3760 κεφαλαὶ
715 3691 793 3764 τῷ
819 3692 1015 3765 θηρίῳ,
1039 3693 1136 3748 καὶ
1167 3693 1387 3759 ἐξουσία
1421 3693 1576 3765 ἐδόθη
1607 3693 1778 3765 αὐτῷ.

396 3787 452 3840 ’1.
507 3785 715 3839 Ὀπίσω
764 3785 958 3839 τούτου
992 3786 1263 3858 ἐθεώρουν
1293 3787 1352 3840 ἐν
1403 3787 1642 3859 ὁράματι
1688 3785 1790 3857 τῆς
1818 3803 1908 3838 νυ-

327 3877 486 3940 κτός’
525 3878 618 3929 καὶ
643 3876 750 3929 ἰδοὺ
785 3875 974 3949 θηρίον
1005 3877 1271 3947 τέταρτον
1305 3877 1556 3949 φοϐερὸν,
1577 3877 1671 3932 καὶ
1699 3876 1908 3947 ἔκθαμ-

329 3965 443 4032 ϐον,
469 3966 567 4019 καὶ
598 3964 820 4037 ίσχυρδν
844 3965 1140 4037 περισσῶς,
1173 3966 1270 4020 καὶ
1307 3967 1357 4020 oi
1383 3966 1592 4029 ὀδόντες
1632 3963 1798 4020 αὑτοῦ
1831 3983 1908 4018 σι-

329 4057 507 4130 δηροῖ,
556 4058 650 4110 καὶ
702 4056 948 4128 μεγάλοι,
994 4057 1194 4124 ἐσθίον,
1249 4057 1346 4110 καὶ
1383 4056 1665 4124 λεπτύνον,
1699 4057 1793 4111 καὶ
1841 4055 1912 4110 τὰ

333 4149 589 4202 ἐπίλοιπα
610 4151 726 4212 τοῖς
751 4149 910 4201 ποσὶν
945 4145 1111 4202 αὑτοῦ
1145 4147 1438 4202 συνεπάτει
1458 4189 1474 4214 ,
1515 4149 1612 4202 καὶ
1655 4148 1786 4202 αὐτὸ
1838 4147 1912 4201 δι-

342 4240 503 4312 έφερε
534 4239 810 4312 περισσῶς
837 4240 987 4311 παρὰ
1021 4239 1199 4293 πάντα
1235 4241 1303 4295 τά
1337 4240 1499 4312 θηρία
1514 4240 1583 4295 τὰ
1603 4239 1911 4313 ἔμπροσθεν

335 4330 521 4397 αὐτοῦ,
561 4331 656 4384 καὶ
683 4331 891 4402 κέρατα
919 4330 1070 4403 αὐτῷ
1097 4331 1250 4386 δέκα.

404 4421 457 4478 8.
487 4421 824 4493 Προσενόουν
852 4425 965 4488 τοῖς
988 4423 1216 4495 κέρασιν
1249 4420 1438 4490 αὑτοῦ,
1467 4423 1563 4477 καὶ
1607 4423 1714 4478 ίδοὺ
1743 4421 1912 4498 κέρας

336 4515 519 4587 ἕτερον
559 4515 757 4586 μικρὸν
808 4515 1092 4570 ἀνέϐαινεν
1117 4518 1176 4571 ἐν
1217 4515 1368 4588 μέσῳ
1409 4514 1609 4581 αὐτῶν,
1649 4515 1740 4568 καὶ
1786 4495 1903 4586 τρία

2017 4497 2164 4554 aliud
2196 4514 2424 4568 parvum
2456 4497 2784 4555 ascendebat
2808 4498 2862 4551 in
2891 4495 3072 4552 medio
3092 4510 3282 4551 eorum

337 4611 544 4680 κέρατα
584 4608 694 4661 τῶν
740 4607 1050 4679 ἔμπροσθεν
1077 4608 1242 4663 αὑτοῦ
1266 4607 1563 4680 ἐξεριζώθη
1591 4606 1702 4660 ἀπὸ
1740 4623 1914 4678 προσ-

336 4699 486 4753 ώπου
515 4699 682 4753 αὐτοῦ
705 4715 719 4729 ·
753 4698 848 4752 καὶ⁸
875 4699 985 4754 ίδοὺ
1029 4699 1319 4771 ὀφθαλμοὶ,
1361 4699 1494 4753 ὡσεὶ
1522 4697 1793 4771 ὀφθαλμοὶ
1823 4700 1917 4754 άν-

339 4790 558 4862 θρώπου
589 4793 648 4846 ἐν
671 4789 750 4863 τῷ
777 4790 974 4863 κέρατι
1011 4791 1184 4863 τούτῳ
1203 4831 1219 4854 ,
1251 4791 1347 4847 καὶ
1391 4793 1564 4863 στόμα
1586 4791 1784 4848 λαλοῦν
1817 4810 1917 4865 με·

338 4885 498 4954 γάλα.
1596 4939 1600 4945 .

405 4978 459 5032 9.
491 4977 790 5051 Ἐθεώρουν
810 4975 916 5041 ἓως
943 4977 1031 5031 ὅτε
1055 4975 1234 5049 θρόνοι
1258 4976 1544 5050 ἐτέθησαν,
1565 4977 1659 5033 καὶ
1679 4978 1921 5044 Παλαιὸς

339 5067 563 5138 ἡμερῶν
609 5066 865 5136 ἐκάθητο,
927 5066 1024 5121 καὶ
1071 5066 1136 5120 τὸ
1165 5065 1366 5138 ἔνδυμα
1403 5066 1589 5133 αὑτοῦ,
1622 5066 1756 5120 ὡσεὶ
1788 5065 1921 5136 χιὼν

342 5159 550 5225 λευκὸν,
587 5159 682 5212 καὶ
711 5160 744 5228 ἠ
780 5157 904 5229 θρὶξ
949 5159 1049 5229 τῆς
1081 5159 1326 5228 κεφαλῆς
1357 5157 1546 5223 αὐτοῦ,
1595 5158 1727 5211 ὡσεὶ
1776 5157 1922 5229 ἐριον

343 5249 604 5318 καθαρὸν,
634 5249 662 5300 ὁ
695 5247 883 5320 θρόνος
911 5249 1078 5303 αὑτοῦ
1107 5249 1238 5319 φλδξ
1258 5249 1451 5323 πυρὸς,
1483 5248 1534 5301 0i
1552 5249 1738 5319 τροχοὶ
1756 5247 1922 5301 αὐτοῦ

344 5341 456 5412 πῦρ
479 5342 700 5411 φλέγον.

422 5432 506 5487 10.
540 5432 794 5504 Ποταμὸς
823 5431 994 5502 πυρὸς
1026 5427 1208 5486 εἷλκεν
1250 5429 1685 5502 ἐκπορευόμενος
1719 5429 1927 5502 ἐμπρο-

354 5525 476 5581 σθεν
503 5524 697 5580 αὑτοῦ·
740 5525 909 5595 χίλιαι
949 5523 1188 5593 χιλιάδες
1225 5521 1601 5594 ἐλειτούργουν
1629 5519 1798 5592 αὐτῷ,
1832 5521 1928 5575 καὶ

358 5613 546 5687 μύριαι
579 5615 840 5687 μυριάδες
866 5616 1333 5687 παρειστήκεισαν
1372 5612 1684 5685 ἔμπροσθεν
1725 5611 1890 5667 αὑτοῦ
1910 5628 1924 5642 ·

358 5706 639 5777 κριτήριον
669 5703 910 5768 ἐκάθισε,
938 5705 1034 5758 καὶ
1067 5704 1239 5776 βίϐλοι
1259 5700 1703 5773 ἀνεγνώσθησαν.

427 5795 515 5850 ii.
562 5792 862 5865 Ἐθεώρουν
888 5795 1010 5849 τότε
1034 5794 1143 5851 ἀπὸ
1165 5793 1350 5865 φωνῆς
1382 5792 1493 5849 τῶν
1538 5791 1739 5863 λόγων,
1765 5784 1840 5847 ὧν
1866 5791 1930 5846 τὸ

1996 1930 2184 1987 Daniel
2225 1935 2501 1990 somnium
2549 1933 2710 2001 vidit,
2752 1947 2806 1989 et
2840 1935 3080 1990 visiones
3125 1936 3318 2006 capitis
3363 1935 3482 2006 ejus
3515 1936 3570 1991 in

1994 2026 2247 2081 cubiculo
2270 2027 2414 2096 ejus,
2462 2036 2518 2083 et
2564 2027 2840 2082 somnium
2904 2027 3124 2097 scripsit
3171 2045 3184 2081 :
3242 2027 3570 2097 principium

1994 2131 2310 2172 sermonum
2337 2119 2477 2188 ejus,
2499 2127 2553 2172 et
2589 2118 2924 2188 respondens
2954 2118 3111 2172 dixit.

2064 2208 2118 2261 2.
2160 2205 2273 2277 Ego
2307 2207 2492 2262 Daniel
2521 2208 2769 2263 videbam
2815 2209 2870 2262 in
2895 2208 3106 2263 visione
3136 2223 3256 2263 mea
3286 2209 3484 2276 noctis,
3516 2218 3571 2264 et

1993 2313 2121 2354 ecce
2149 2308 2384 2369 quatuor
2431 2300 2578 2355 venti
2632 2301 2752 2355 coeli
2815 2299 3096 2355 irruebant
3156 2300 3211 2356 in
3269 2315 3416 2354 mare
3455 2315 3572 2356 ma-

1995 2408 2185 2463 gnum.

2066 2487 2120 2540 5.
2163 2485 2228 2539 Et
2289 2494 2525 2554 quatuor
2576 2485 2762 2541 bestiae
2821 2484 3054 2556 grandes
3107 2484 3473 2540 ascendebant
3505 2486 3574 2541 do

1997 2579 2136 2632 mari
2173 2578 2404 2632 diversae
2431 2579 2572 2633 inter
2600 2595 2681 2634 se.

2067 2671 2120 2724 4.
2163 2669 2341 2724 Prima
2374 2671 2535 2740 quasi
2568 2672 2757 2738 leaena,
2791 2678 2845 2726 et
2876 2672 2975 2727 alze
2998 2672 3116 2743 ejus
3151 2673 3294 2728 sicut
3338 2669 3568 2740 aquilae:

1999 2762 2350 2833 aspiciebam,
2374 2763 2551 2820 donec
2569 2765 2770 2819 evulsa:
2793 2774 2923 2819 sunt
2952 2766 3050 2819 alae
3073 2765 3213 2836 ejus,
3281 2774 3335 2819 et
3363 2763 3575 2818 sublata

1999 2865 2085 2910 est
2115 2857 2182 2911 de
2214 2867 2382 2923 terra,
2420 2868 2474 2912 et
2503 2871 2665 2928 super
2695 2857 2858 2927 pedes
2883 2856 3126 2912 hominis
3182 2856 3348 2920 stetit,
3389 2863 3442 2908 et
3481 2868 3577 2908 cor

2000 2949 2240 3003 hominis
2271 2950 2458 3004 datum
2486 2959 2568 3005 est
2601 2950 2672 3004 ei.

2073 3041 2124 3095 5.
2161 3043 2229 3096 Et
2258 3057 2386 3096 ecce
2439 3042 2616 3097 bestia
2672 3042 2778 3096 alia
2833 3040 3027 3096 similis
3072 3053 3226 3105 urso,
3262 3047 3314 3093 et
3345 3038 3399 3091 in
3423 3045 3577 3108 parte

2003 3150 2110 3188 una
2140 3135 2307 3199 stetit,
2339 3145 2394 3189 et
2451 3136 2758 3189 tria‘latera
2807 3135 2860 3189 in
2897 3149 2992 3188 ore
3041 3133 3161 3204 ejus
3215 3133 3356 3186 inter
3385 3131 3576 3185 dentes

2003 3226 2142 3293 ejus,
2174 3237 2227 3280 et
2257 3228 2338 3281 sic
2359 3226 2611 3280 dicebant
2632 3227 2682 3281 ei
2706 3243 2719 3277 :
2749 3225 2945 3298 Surge,
2974 3225 3200 3281 comede
3221 3237 3414 3280 carnes
3436 3220 3578 3275 mul-

2003 3324 2106 3371 tas.

2073 3407 2125 3460 6.
2167 3405 2296 3461 Post
2321 3407 2463 3464 hanc
2489 3407 2814 3477 aspiciebam
2842 3406 2894 3461 in
2927 3406 3140 3462 visione
3169 3404 3367 3470 noctis,
3390 3412 3581 3459 etecce

2004 3499 2109 3554 alia
2140 3499 2312 3554 bestia
2345 3499 2502 3569 quasi
2536 3499 2761 3568 pardus,
2788 3507 2844 3554 et
2872 3499 3000 3554 huic
3029 3501 3129 3553 alae
3165 3506 3403 3567 quatuor
3425 3495 3581 3549 volu-

2005 3591 2115 3646 cris
2149 3605 2313 3659 super
2345 3592 2541 3659 ipsam,
2572 3598 2626 3644 et
2662 3599 2899 3660 quatuor
2936 3590 3112 3659 capita
3143 3579 3447 3654 bestiae,'et
3483 3601 3584 3656 po-

2007 3689 2173 3736 testas
2198 3679 2326 3735 data
2360 3689 2440 3735 est
2463 3680 2532 3736 ei.
2804 3678 2808 3682 ’
3435 3741 3439 3744 λ

2074 3769 2129 3824 7.
2172 3768 2301 3824 Post
2343 3771 2482 3825 hanc
2533 3768 2868 3841 aspiciebam
2919 3768 2974 3822 in
3032 3767 3243 3825 visione
3283 3769 3485 3832 noctis.
3533 3774 3588 3822 et

2007 3877 2134 3919 ecce
2154 3863 2324 3918 bestia
2355 3871 2546 3933 quarta
2573 3861 2853 3923 terribilis,
2892 3871 3057 3932 atque
3081 3862 3367 3926 mirabilis,
3390 3870 3444 3916 et
3475 3859 3588 3915 foro

2008 3954 2080 4010 tis
2114 3955 2297 4021 nimis,
2320 3963 2373 4010 ct
2404 3955 2594 4010 dentes
2625 3953 2747 4024 ejus
2798 3950 2986 4018 ferrei,
3044 3960 3100 4006 et
3149 3951 3353 4022 magni,
3406 3966 3589 4006 come.

2009 4045 2168 4112 dens,
2198 4056 2362 4118 atque
2389 4047 2770 4102 comminuens
2794 4084 2809 4110 ,
2853 4051 2907 4097 et
2952 4042 3163 4113 reliqua
3211 4043 3443 4112 pedibus
3471 4043 3589 4098 suis

2010 4138 2406 4204 conculcabat;
2435 4146 2488 4191 et
2516 4136 2632 4207 ipsa
2664 4132 2953 4189 diﬂ'erebat
2986 4131 3150 4188 nimis
3189 4147 3303 4202 prae
3327 4130 3586 4185 omnibus

2013 4227 2226 4293 bestiis,
2259 4241 2380 4296 qua:
2410 4236 2538 4282 ante
2592 4241 2712 4282 eam
2746 4222 3032 4296 (fuerant),
3071 4231 3127 4278 et
3154 4238 3362 4286 cornua
3414 4222 3466 4278 ei
3491 4222 3589 4278 de-

2013 4332 2156 4374 cem.

2086 4407 2138 4463 8.
2175 4407 2598 4464 Considerabam
2649 4422 2854 4463 cornua
2897 4406 3017 4477 ejus
3048 4447 3063 4473 ,
3123 4413 3180 4460 et
3227 4421 3355 4462 ecce
3417 4418 3592 4460 cornu

3337 4511 3350 4548 :
3402 4503 3456 4549 et
3491 4493 3593 4548 tria

2019 4605 2223 4646 cornua
2252 4606 2463 4660 eorum,
2495 4605 2617 4662 qua:
2653 4596 2810 4645 erant
2833 4598 2960 4645 ante
2999 4588 3176 4658 ipsum
3202 4627 3218 4654 ,
3255 4585 3440 4642 evulsa
3467 4591 3594 4639 sunt

2015 4697 2046 4738 a
2079 4682 2216 4738 facie
2245 4682 2365 4752 ejus
2394 4701 2408 4737 :
2440 4691 2494 4738 et
2525 4696 2653 4738 ecce
2679 4681 2823 4736 oculi
2868 4679 3029 4752 quasi
3074 4679 3217 4736 oculi
3265 4675 3506 4734 hominis
3539 4675 3595 4730 in

2016 4788 2188 4831 cornu
2213 4775 2340 4840 isto,
2374 4781 2429 4830 et
2457 4788 2521 4831 os
2547 4773 2780 4845 loquens
2804 4788 3025 4845 magna.

2087 4954 2142 5010 9.
2184 4950 2550 5022 Aspiciebam,
2598 4951 2774 5008 donec
2805 4950 2988 5006 throni
3018 4947 3183 5020 positi
3222 4953 3372 5011 sunt,
3404 4952 3458 5001 et
3485 4941 3598 4999 An-

2018 5046 2206 5118 tiquus
2258 5046 2470 5100 dierum
2517 5043 2676 5110 sedit,
2727 5052 2783 5100 et
2827 5043 3214 5098 vestimentum
3265 5040 3386 5110 ejus
3440 5037 3600 5109 quasi

2020 5139 2113 5194 nix
2135 5137 2450 5203 candidum,
2491 5144 2546 5191 et
2567 5135 2801 5206 capillus
2857 5133 3053 5204 capitis
3111 5133 3234 5203 ejus
3277 5129 3434 5202 quasi
3473 5129 3600 5185 lana

2020 5229 2225 5284 munda
2253 5247 2266 5284 :
2294 5229 2526 5283 thronus
2557 5225 2678 5297 ejus
2707 5224 2924 5280 ﬂamma
2954 5222 3113 5294 ignis,
3140 5231 3275 5278 rotae
3313 5222 3434 5294 ejus
3459 5222 3602 5292 ignis

2022 5321 2282 5392 ﬂagrans.
2732 5346 2737 5352 -
2987 5301 2996 5309 ’

2097 5414 2186 5483 10,
2225 5412 2454 5467 Flumen
2477 5411 2619 5480 ignis
2650 5409 2900 5466 trahebat
2922 5408 3281 5482 egrediensin
3304 5414 3599 5478 conspectu

2026 5509 2145 5580 ejus
2171 5525 2184 5561 :
2227 5508 2395 5562 millia
2428 5506 2658 5561 millium
2693 5506 3078 5562 deserviebant
3099 5505 3147 5560 ei
3175 5546 3192 5572 ,
3223 5512 3278 5562 et
3307 5505 3447 5561 dena
3475 5503 3602 5557 mil-

2026 5603 2098 5657 lia
2121 5600 2318 5657 denum
2353 5598 2578 5654 millium
2605 5597 2897 5654 adstabant
2942 5605 3066 5653 ante
3121 5613 3245 5654 eum
3278 5616 3292 5652 :
3331 5594 3598 5668 judicium

2029 5694 2192 5761 sedit,
2218 5701 2273 5749 et
2294 5693 2416 5748 libri
2444 5691 2568 5748 lecti
2601 5701 2748 5748 sunt.

2101 5785 2190 5842 ll.
2231 5783 2576 5855 Aspiciebam
2621 5793 2751 5840 tunc
2783 5797 2814 5838 a
2863 5797 2998 5839 voce
3048 5796 3360 5840 sermonum
3397 5819 3412 5849 ,
3459 5794 3600 5849 quos
