4122 6320
519 353 592 407 28
598 350 667 407 75

1579 347 1830 404 DANIEL
1868 347 2099 404 JUXTA
2133 345 2680 405 TIIEODOTIONEM

3626 349 3774 411 9.876

519 479 692 519 cornu
753 461 880 517 illud
939 460 1291 532 loquebatur,
1349 461 1623 532 aspiciens
1693 479 1866 528 erant,
1914 462 2092 534 quoad

2195 460 2362 532 κέρας
2391 464 2567 516 ἐκεῖνο
2603 461 2804 526 ἐλάλει,
2835 461 3058 534 θεωρῶν
3086 465 3253 536 ἥμην,
3285 461 3392 526 ἕως
3425 461 3670 533 ἀνῃρέθη
3711 463 3778 518 τδ

523 570 699 624 usque
731 552 1012 608 interfecta
1039 562 1123 607 est
1152 552 1348 616 bestia,
1374 565 1428 606 et
1461 553 1639 623 periit,
1668 563 1723 608 et
1741 569 1945 623 corpus
1974 555 2094 625 ejus

520 647 707 701 datum
733 655 817 702 est
847 648 898 700 in
933 647 1372 702 combustionem
1406 647 1568 716 ignis.

595 737 680 790 12.
717 735 784 790 Et
811 744 1128 790 camerarum
1159 735 1460 789 bestiarum
1497 733 1795 788 translatus
1831 742 1914 788 est
1940 736 2092 805 prin-

520 827 754 898 cipatus,
784 833 841 881 et
875 825 1158 895 longitudo
1197 825 1324 879 vitae
1373 826 1499 879 data
1544 833 1629 880 est
1686 825 1766 881 eis
1813 843 1988 896 usque
2025 828 2093 883 ad

523 932 735 987 tempus
794 925 848 973 et
885 916 1369 987 opportunitatem.

592 1008 678 1062 15.
723 1006 1067 1076 Aspiciebam
1105 1007 1158 1060 in
1217 1006 1430 1061 visione
1477 1006 1672 1074 noctis,
1697 1016 1750 1062 et
1785 1021 1911 1063 ecce
1967 1023 2092 1063 cum

521 1099 759 1152 nubibus
799 1097 919 1152 coeli
965 1097 1120 1166 quasi
1149 1097 1322 1152 Filius
1351 1099 1590 1155 hominis
1618 1101 1842 1155 veniens
1877 1110 2014 1168 erat,
2038 1110 2094 1156 et

521 1205 694 1258 usque
750 1188 816 1242 ad
849 1188 1148 1259 Antiquum
1185 1189 1397 1245 dierum
1450 1193 1731 1261 pervenit,
1767 1200 1822 1246 et
1877 1193 1930 1247 in
1960 1208 2095 1248 con-

520 1288 707 1348 spectu
739 1279 860 1348 ejus
885 1279 1104 1336 oblatus
1127 1289 1210 1336 est
1248 1281 1320 1337 ei.

589 1369 678 1426 14.
723 1369 790 1425 Ει
821 1371 923 1442 ipsi
958 1372 1119 1428 datus
1155 1382 1240 1428 est
1288 1374 1628 1444 principatus
1650 1417 1665 1442 ,
1717 1385 1770 1432 et
1813 1378 2009 1444 honor,
2039 1386 2095 1434 et

520 1479 769 1536 regnum,
792 1475 847 1520 et
867 1481 1060 1522 omnes
1113 1469 1322 1538 populi,
1374 1470 1569 1537 tribus,
1615 1471 1811 1542 linguae
1835 1472 1937 1542 ipsi
1976 1487 2094 1528 ser-

519 1555 713 1610 viunt:
747 1565 801 1610 et
827 1564 1068 1626 potestas
1111 1561 1462 1629 sempiterna,
1495 1577 1618 1630 quae
1657 1578 1765 1618 non
1817 1573 2094 1634 pertrans-

520 1644 642 1710 ibit,
671 1658 724 1701 et
740 1662 967 1717 regnum
991 1647 1112 1716 ejus
1135 1663 1243 1702 non
1265 1649 1598 1706 destruetur.

593 1737 680 1791 15.
723 1737 947 1792 Horruit
981 1739 1207 1808 Spiritus
1233 1728 1412 1804 meus,
1444 1757 1546 1812 ego
1591 1742 1778 1800 Daniel
1806 1745 1859 1799 in
1904 1745 2092 1801 habitu

519 1843 664 1893 meo,
701 1839 755 1884 et
781 1831 1016 1886 visiones
1045 1831 1238 1900 capitis
1268 1833 1374 1887 mei
1398 1834 1796 1891 conturbabant
1817 1851 1922 1891 me.

591 1919 680 1974 16.
728 1920 790 1974 Et
818 1922 1026 1977 accessi
1052 1923 1118 1978 ad
1154 1939 1323 1978 unum
1355 1927 1726 1982 assistentium
1748 1969 1763 1994 ,
1811 1938 1866 1984 et
1898 1930 2094 1985 verita-

518 2020 629 2064 tem
664 2009 974 2080 quaerebam
1008 2012 1076 2066 ab
1123 2027 1190 2068 eo
1219 2014 1430 2069 discere
1461 2015 1528 2070 de
1577 2018 1833 2074 omnibus
1881 2019 2004 2075 bis:
2039 2029 2094 2075 et

518 2099 658 2155 dixit
697 2101 831 2155 mihi
866 2103 1170 2172 veritatem,
1213 2117 1268 2160 et
1333 2105 1833 2176 interpretationem
1881 2126 2093 2168 sermo-

521 2209 652 2246 num
679 2192 979 2248 declaravit
1009 2195 1162 2249 mihi.

595 2282 685 2337 17.
727 2281 819 2336 Hac
854 2282 1040 2346 bestiae
1082 2300 1295 2355 magnae
1341 2296 1598 2357 quatuor,
1645 2299 1882 2360 quatuor
1929 2307 2093 2364 regna

521 2381 751 2444 surgent
788 2375 845 2429 in
877 2383 1041 2442 terra,
1068 2393 1190 2448 quae
1209 2379 1547 2438 auferentur.

593 2547 680 2601 l8.
719 2547 787 2602 Et
819 2549 1115 2619 suscipient
1146 2567 1369 2623 regnum
1393 2557 1567 2613 sancti
1591 2558 1878 2628 Altissimi,
1911 2571 1965 2618 et
1991 2564 2093 2620 ob—

522 2638 774 2694 tinebunt
810 2639 947 2696 illud
986 2657 1160 2711 usque
1193 2645 1246 2698 in
1281 2647 1543 2702 saeculum
1566 2651 1916 2708 saeculorum.

593 2815 680 2870 19.
721 2815 788 2870 Ει
813 2817 1117 2884 quaerebam
1146 2820 1428 2890 diligenter
1448 2826 1515 2880 de
1543 2826 1713 2882 bestia
1727 2837 1942 2897 quarta,
1966 2831 2093 2900 quia

520 2915 642 2962 erat
675 2907 961 2963 dissimilis
987 2909 1056 2963 ab
1079 2911 1227 2966 omni
1264 2913 1457 2980 bestia,
1489 2927 1543 2972 et
1593 2920 1850 2975 terribilis
1895 2922 2092 2980 nimis:

524 2996 714 3051 dentes
735 2996 856 3066 ejus
884 2996 1067 3065 ferrei,
1100 3013 1154 3056 et
1187 3017 1395 3074 ungues
1437 3005 1556 3075 ejus
1579 3009 1742 3064 aerei:
1781 3013 2093 3079 comedens,

522 3095 579 3142 ct
611 3087 1019 3156 comminuens,
1052 3097 1106 3144 et
1135 3092 1346 3164 reliqua
1376 3096 1605 3164 pedibus
1644 3097 1760 3154 suis
1806 3102 2096 3156 conculca-

520 3177 637 3234 bat.

589 3271 681 3327 20.
719 3271 786 3327 Et
809 3273 875 3355 de
901 3273 1164 3330 cornibus
1186 3275 1304 3346 ejus
1321 3279 1529 3348 decem,
1551 3298 1674 3353 qua:
1695 3282 1747 3336 in
1761 3286 1938 3354 capite
1951 3285 2092 3355 ejus,

517 3371 573 3416 ct
597 3363 704 3418 alio
735 3350 882 3433 quod
914 3366 1181 3432 ascendit,
1213 3377 1267 3422 et
1287 3373 1532 3429 excussit
1559 3350 1626 3430 de
1652 3350 1928 3444 prioribus
1957 3350 2092 3432 triai

518 3464 576 3510 et
596 3472 766 3514 cornu
795 3461 948 3527 illud,
975 3463 1065 3518 cui
1097 3463 1241 3518 oculi
1264 3474 1394 3520 sunt
1413 3465 1484 3528 ei,
1512 3473 1568 3519 et
1587 3480 1648 3520 os
1676 3465 1906 3537 loquens
1932 3484 2097 3537 gran-

521 3550 632 3616 dia,
661 3562 716 3613 et
745 3565 1000 3624 aspectus
1035 3573 1226 3613 eorum
1249 3557 1426 3627 major
1448 3559 1680 3614 caeteris.

590 3725 683 3781 2i.
720 3728 1090 3798 Aspiciebam,
1117 3739 1172 3785 et
1218 3747 1388 3788 cornu
1420 3735 1552 3790 illud
1601 3736 1834 3794 faciebat
1892 3738 2095 3796 bellum

521 3829 648 3869 cum
691 3817 920 3884 sanctis,
949 3827 1004 3873 et
1026 3820 1351 3889 praevalebat
1388 3823 1651 3880 adversus
1684 3842 1794 3883 eos.

589 3903 682 3959 22.
725 3904 914 3972 Quoad
948 3923 1120 3980 usque
1150 3912 1298 3966 venit
1327 3914 1599 3983 Antiquus
1626 3918 1856 3986 dierum,
1879 3931 1932 3977 et
1947 3923 2097 3992 judi-

520 3996 666 4050 cium
706 3999 852 4052 dedit
879 4001 1084 4056 sanctis
1112 4003 1399 4071 Altissimi,
1436 4016 1492 4060 et
1532 4016 1747 4080 tempus
1776 4011 2012 4083 advenit,
2041 4023 2096 4072 et

520 4104 747 4160 regnum
780 4091 1135 4149 obtinuerunt
1171 4098 1364 4153 sancti.

590 4181 681 4236 23.
720 4181 786 4236 Ει
811 4184 949 4239 dixit
977 4185 1096 4241 sic:
1133 4187 1320 4245 Bestia
1367 4202 1559 4262 quarta
1592 4210 1816 4267 regnum
1840 4208 2092 4271 quartum

521 4272 624 4328 erit
655 4274 709 4327 in
741 4283 904 4342 terra,
941 4281 1086 4349 quod
1112 4283 1372 4339 eminebit
1399 4301 1564 4357 super
1606 4292 1788 4346 omnia
1828 4309 2015 4365 regna,
2039 4305 2095 4353 et

521 4362 807 4419 dcvorabit
836 4368 1143 4426 universam
1175 4381 1395 4444 terram,
1425 4388 1479 4433 et
1503 4382 1852 4439 conculcabit
1882 4362 2095 4453 eam,et

519 4453 773 4511 concidet
800 4473 941 4513 eam.

590 4631 680 4686 24.
725 4630 791 4686 Et
819 4633 1006 4689 decem
1039 4652 1243 4694 cornua
1275 4641 1415 4711 ejus,
1451 4643 1638 4700 decem
1672 4662 1826 4717 reges
1863 4665 2092 4709 consur—

517 4735 681 4794 gent:
714 4733 768 4779 et
802 4736 923 4796 post
981 4743 1077 4784 eos
1126 4744 1420 4805 consurget
1445 4737 1608 4805 alius,
1663 4741 1754 4809 qui
1814 4745 2092 4813 superabit

518 4816 679 4872 malis
703 4834 896 4876 omnes
927 4822 1159 4892 priores,
1190 4834 1243 4880 et
1270 4834 1378 4883 tres
1411 4845 1564 4900 reges
1593 4833 1918 4890 liumiliabit.

584 4993 675 5048 25.
718 4994 783 5049 Et
805 5011 1084 5054 sermones
1146 5011 1335 5057 contra
1389 5003 1672 5062 Excelsum
1730 5011 2091 5082 loquetur,et

515 5095 734 5142 sanctos
785 5089 1050 5146 Altissimi
1097 5093 1432 5164 antiquabit,
1483 5107 1538 5152 et
1578 5101 1835 5170 cogitabit
1883 5116 2091 5163 mutare

513 5186 784 5248 tempora,
819 5191 872 5236 et
895 5183 1088 5254 legem,
1117 5195 1172 5241 et
1201 5186 1418 5242 dabitur
1448 5189 1500 5243 in
1547 5207 1710 5246 tnanu
1767 5194 1886 5263 ejus
1917 5213 2089 5269 usque

513 5271 582 5323 ad
614 5281 850 5342 tempus,
881 5285 934 5329 et
965 5286 1232 5349 tempora,
1258 5289 1314 5335 et
1346 5279 1631 5338 dimidium
1661 5291 1940 5359 temporis.

578 5447 670 5504 26.
714 5448 1065 5520 Etjudicium
1096 5456 1256 5539 sedit,
1292 5467 1346 5512 et
1372 5461 1736 5533 principatum
1770 5465 2083 5536 ejustrans-

510 5537 685 5596 ferent
717 5548 781 5598 τιό
841 5537 1318 5607 exterminandum
1352 5563 1406 5610 et
1454 5557 1788 5626 perdendum
1821 5576 1993 5632 usque
2022 5562 2078 5617 in

578 5731 669 5786 27.
714 5733 778 5809 Et
838 5751 1084 5808 regnum,
1119 5751 1172 5796 et
1201 5752 1458 5814 potestas,
1512 5757 1564 5803 et
1612 5749 1927 5819 magnitudo
1986 5767 2072 5809 re-

2194 550 2402 622 θηρίον,
2438 555 2531 606 καὶ
2563 551 2831 618 ἀπώλετο,
2857 555 2954 607 καὶ
2974 553 3036 607 τὸ
3067 553 3228 624 σῶμα
3277 552 3444 607 αὑτοῦ
3490 553 3647 626 ἐδόθη
3694 554 3779 618 είς

2194 640 2390 696 καῦσιν
2433 643 2621 714 πυρός.

2266 731 2353 785 12.
2385 733 2496 786 Kal
2523 733 2631 787 τῶν
2683 734 2886 788 λοιπῶν
2942 733 3148 807 θηρίων
3200 733 3508 806 μετεστάθη
3541 736 3575 804 ἡ
3610 733 3776 808 ἀρχη,

2193 819 2288 873 καὶ
2319 821 2599 893 μακρότης
2645 823 2792 896 ζωῆς
2844 824 3001 895 ἐδόθη
3034 827 3219 888 αὐτοῖς
3258 825 3364 887 ἕως
3415 825 3611 897 χρόνου
3681 826 3776 880 καὶ

2194 911 2412 982 καιροῦ.

2265 1003 2353 1059 13.
2397 1003 2698 1078 Ἐθεώρουν
2740 1007 2797 1060 ἐν
2825 1006 3066 1078 ὁράματι
3099 1007 3201 1078 τῆς
3247 1007 3464 1075 νυκτὸς,
3520 1007 3615 1062 καὶ
3665 1008 3779 1063 ίδοὺ

2196 1093 2336 1164 μετὰ
2377 1094 2488 1149 τῶν
2524 1095 2763 1166 νεφελῶν
2797 1096 2890 1150 τοῦ
2927 1096 3180 1168 οὐρανοῦ,
3209 1096 3284 1160 ὼς
3312 1096 3440 1159 Υίδς
3485 1095 3778 1168 ἀνθρώπου

2195 1185 2488 1256 ἐρχόμενος
2545 1181 2650 1257 ἦν,
2687 1189 2784 1242 καὶ
2838 1188 2942 1251 ἓως
2986 1186 3082 1240 τοῦ
3122 1187 3360 1242 Παλαιοῦ
3404 1186 3516 1241 τῶν
3552 1189 3777 1260 ἡμερῶν

2190 1274 2415 1345 ἔφθασε,
2456 1278 2550 1331 καὶ
2581 1279 2812 1334 ἐνώπιον
2836 1279 3003 1334 αὐτοῦ
3034 1280 3378 1351 προσηνέχθη
3425 1279 3595 1349 αὐτῷ.

2264 1366 2350 1421 14.
2378 1369 2488 1421 Kal
2515 1369 2662 1440 αὐτῷ
2688 1369 2845 1442 ἐδόθη
2877 1372 2910 1442 ἡ
2935 1370 3100 1442 ἀρχὴ,
3133 1371 3229 1424 καὶ⁷
3256 1372 3288 1442 ἡ
3317 1371 3474 1441 τιμὴ,
3499 1373 3593 1424 καὶ
3610 1374 3644 1444 ἠ
3685 1373 3779 1443 βα·

2195 1457 2392 1522 σιλεία,
2447 1460 2540 1512 καὶ
2586 1461 2790 1524 πάντες
2836 1463 2886 1514 οἱ
2941 1461 3080 1526 λαοὶ,
3117 1456 3316 1531 φυλαὶ,
3353 1461 3596 1530 γλῶσσαι
3627 1461 3778 1533 αὑτῷ

2191 1549 2561 1604 δουλεύουσιν·
2589 1554 2684 1606 καὶ
2710 1555 2742 1624 ἠ
2764 1553 2980 1618 ἐξουσία
3003 1552 3239 1618 αίώνιος,
3261 1554 3295 1625 ἦ
3320 1571 3403 1618 τις
3422 1555 3483 1607 οὐ
3507 1553 3781 1625 παρελεύ-

2195 1651 2368 1703 σεται,
2401 1638 2496 1690 καὶ
2526 1641 2559 1710 ὴ
2595 1639 2844 1709 βασιλεία
2879 1642 3045 1695 αὐτοῦ
3079 1643 3140 1695 οὐ
3175 1642 3629 1714 διαφθαρήσεται.

2267 1727 2352 1782 15.
2387 1727 2613 1801 Ἔφριξε
2638 1731 2698 1784 τὸ
2723 1734 2944 1804 πνεῦμά
2975 1733 3227 1804 μου,ὲγὼ
3257 1733 3458 1806 Δανιὴλ
3486 1736 3545 1788 ἐν
3571 1738 3637 1806 τῇ
3664 1734 3778 1802 ἕξει

2123 1826 2167 1882 Β
2199 1834 2322 1889 μου,
2356 1821 2450 1874 καὶ
2467 1823 2521 1874 αἱ
2555 1822 2776 1894 ὁράσεις
2807 1826 2906 1895 τῆς
2935 1825 3185 1896 κεφαλῆς
3215 1843 3319 1897 μου
3351 1826 3654 1898 ὲτάρασσόν
3683 1845 3775 1899 με.

2271 1910 2358 1966 16.
2394 1913 2505 1965 Καὶ
2543 1915 2849 1987 προσῆλθον
2903 1918 2984 1971 ἐνὶ
3017 1917 3124 1971 τῶν
3179 1919 3509 1989 ἑστηκότων,
3550 1920 3644 1973 καὶ
3675 1921 3780 1991 τὴν

2195 2001 2484 2072 ἀκρίϐειαν
2513 2003 2737 2076 ἐζήτουν
2776 2007 2904 2079 παρ’
2948 2007 3116 2062 αὐτοῦ
3161 2009 3355 2079 μαθεῖν
3393 2011 3524 2080 περὶ
3557 2012 3780 2065 πάντων

2197 2092 2433 2147 τούτων·
2489 2094 2584 2150 καὶ
2618 2093 2739 2150 εἶπέ
2773 2116 2862 2168 μοι
2912 2099 3011 2170 τὴν
3037 2101 3361 2172 ἀκρίϐειαν,
3403 2101 3499 2155 καὶ
3521 2101 3618 2174 τὴν
3645 2103 3782 2174 σύγο

2199 2199 2380 2255 κρισιν
2406 2184 2514 2239 τῶν
2548 2185 2723 2254 λόγων
2749 2188 3015 2261 ἐγνώρισε
3050 2208 3161 2262 μοι.

2270 2274 2358 2331 17.
2399 2275 2584 2331 Ταῦτα
2609 2279 2678 2334 τά
2712 2279 2879 2352 θηρία
2902 2282 2971 2337 τά
3017 2285 3230 2354 μεγάλα
3267 2288 3334 2342 τά
3363 2287 3624 2358 τέσσαρα,
3654 2287 3782 2342 τέσσ-

2201 2383 2366 2438 σαρες
2400 2367 2668 2438 βασιλεῖαι
2695 2372 3092 2446 ἀναστήσονται
3129 2377 3221 2432 ἐπὶ
3243 2378 3344 2450 τῆς
3369 2380 3494 2452 γῆς,
3521 2381 3576 2434 αἳ
3601 2380 3777 2452 ἀρθή-

2198 2475 2404 2516 σονται.

2274 2551 2362 2606 18.
2391 2554 2500 2608 Καὶ
2527 2557 2941 2629 παραλήψονται
2967 2560 3068 2632 τὴν
3103 2562 3377 2634 βασιλείαν
3426 2565 3568 2634 ἅγιοι
3614 2565 3771 2634 Ὑψί-

2201 2659 2348 2710 στου,
2381 2646 2476 2699 καὶ
2532 2649 2853 2717 καθέξουσιν
2898 2653 3068 2726 αὐτὴν
3119 2655 3224 2721 ἕως
3275 2657 3490 2724 αἰῶνος,
3526 2658 3620 2712 καὶ
3663 2659 3773 2723 ἕως

2199 2735 2393 2802 αἰῶνος
2429 2738 2536 2792 τῶν
2564 2741 2797 2799 αίώνων.

2272 2827 2358 2882 19.
2396 2831 2506 2885 Kal
2536 2834 2760 2903 ἐζήτουν
2783 2837 3028 2908 ἀκριϐῶς
3055 2840 3186 2912 περὶ
3223 2839 3316 2896 τοῦ
3345 2843 3534 2914 θηρίου
3569 2843 3664 2899 τοῦ
3691 2861 3781 2898 τε·

2197 2919 2419 2991 τάρτου,
2459 2923 2541 2976 ὅτι
2573 2919 2642 2996 ἦν
2670 2925 2923 2998 διάφορον
2944 2929 3097 3001 παρὰ
3124 2933 3232 2987 πᾶν
3257 2933 3470 3004 θηρίον,
3502 2935 3594 2987 καὶ
3616 2933 3784 3003 φοϐε-

2203 3007 2294 3079 ρὸν
2329 3013 2640 3082 περισσῶς’
2670 3016 2719 3068 οἱ
2746 3016 2956 3083 ὀδόντες
2981 3021 3146 3075 αὐτοῦ
3179 3023 3414 3094 σιδηροῖ,
3444 3025 3538 3078 καὶ
3581 3027 3630 3078 οί
3653 3026 3779 3079 6w-

2200 3117 2293 3169 χες
2320 3100 2484 3155 αὐτοῦ
2507 3105 2716 3174 χαλκοῖ,
2741 3107 2940 3175 ἐσθίον,
2973 3111 3066 3164 καὶ
3078 3108 3367 3181 λεπτύνον,
3403 3115 3498 3169 καὶ
3523 3115 3593 3169 τὰ
3610 3115 3783 3170 κατά-

2119 3179 2165 3240 C
2197 3188 2360 3244 λοιπα
2389 3195 2499 3256 τοῖς
2536 3197 2693 3250 ποσὶν
2720 3199 2884 3253 αὐτοῦ
2934 3203 3244 3260 συνεπάτει.

2266 3281 2355 3337 20.
2395 3285 2505 3339 Καὶ
2536 3289 2665 3360 περὶ
2694 3289 2802 3344 τῶν
2824 3293 3073 3364 κεράτων
3104 3295 3269 3350 αὐτοῦ
3293 3296 3401 3350 τῶν
3427 3297 3558 3351 δέκα
3579 3295 3688 3350 τῶν
3719 3297 3783 3349 ἐν

2195 3374 2261 3444 τῇ
2299 3375 2505 3448 κεφαλῇ
2536 3379 2724 3447 αὑτοῦ,
2761 3385 2854 3436 καὶ
2875 3383 2969 3438 τοῦ
2993 3386 3182 3458 ἐτέρου
3208 3387 3303 3441 τοῦ
3334 3389 3654 3455 ἀναϐάντος,
3679 3389 3782 3442 καὶ

2194 3465 2578 3551 ἐκτινάξαντος
2599 3471 2706 3524 τῶν
2738 3474 3018 3544 προτέρων
3048 3477 3194 3548 τρία,
3219 3481 3314 3533 καὶ
3345 3480 3407 3533 τὸ
3440 3480 3607 3551 κέρας
3633 3481 3780 3534 ἐκεῖ-

2194 3573 2275 3622 νο,
2300 3550 2344 3625 ᾧ
2373 3559 2642 3630 ὀφθαλμοὶ
2667 3563 2839 3634 αὐτῷ,
2870 3565 2964 3619 καὶ
2986 3568 3160 3639 στόμα
3189 3569 3387 3624 λαλοῦν
3419 3550 3652 3642 μεγάλα,
3681 3572 3780 3626 καὶ

2197 3647 2231 3718 ἡ
2259 3647 2446 3718 ὅρασις
2467 3650 2646 3706 αὐτῶν
2673 3654 2874 3723 μείζων
2900 3657 3009 3711 τῶν
3030 3659 3252 3714 λοιπῶν.

2265 3738 2358 3792 21.
2405 3739 2731 3813 Ἐθεώρουν,
2772 3746 2866 3800 καὶ
2900 3747 2960 3801 τὸ
3002 3750 3169 3822 κέρας
3198 3753 3374 3807 ἐκεῖνο
3416 3752 3589 3808 ἐποίει
3620 3754 3781 3809 πόλει·

2200 3846 2301 3900 μον
2334 3833 2471 3902 μετὰ
2495 3833 2606 3889 τῶν
2635 3836 2827 3905 ἀγίων,
2856 3841 2951 3893 καὶ
2977 3842 3163 3912 ἴσχυσε
3190 3845 3327 3916 πρὸς
3349 3847 3567 3912 αὐτούς.

2267 3922 2358 3979 2‘2.
2393 3925 2538 3990 Ἕως
2571 3921 2632 3980 οὗ
2672 3924 2836 4001 ἦλθεν
2883 3935 2910 3986 ὁ
2945 3935 3182 4000 Παλαιὸς
3235 3939 3342 3992 τῶν
3387 3939 3642 4011 ἡμερῶν,
3677 3941 3776 3994 καὶ

2193 4013 2254 4066 τὸ
2285 4018 2454 4086 κρῖμα
2467 4017 2664 4073 ἔδωκεν
2689 4022 2866 4090 ἁγίοις
2882 4024 3156 4096 Ὑψίστου,
3175 4029 3270 4083 καὶ
3286 4032 3314 4083 ὁ
3339 4032 3528 4103 καιρὸς
3546 4032 3771 4101 ἔφθασε,

2195 4103 2290 4156 καὶ
2322 4106 2421 4177 τὴν
2449 4107 2727 4177 βασιλείαν
2756 4115 3019 4188 κατέσχον
3043 4120 3090 4171 οἱ
3115 4119 3279 4188 ἅγιοι.

2266 4194 2356 4248 25.
2385 4196 2494 4249 Καὶ
2543 4193 2700 4254 εἶπεν
2754 4201 2962 4268 οὕτως’
3031 4206 3105 4260 Τὸ
3163 4209 3350 4282 θηρίον
3403 4213 3466 4267 τδ
3514 4215 3773 4287 τέταρτον

2196 4285 2444 4380 βασιλεία
2501 4291 2736 4365 τετάρτη
2783 4295 2937 4351 ἔσται
2969 4299 3028 4352 ἐν
3089 4303 3182 4372 τῇ,
3213 4307 3282 4374 γῇ
3332 4305 3456 4375 ἥτις
3516 4285 3773 4380 ὑπερέξει

2195 4373 2377 4443 πάσας
2412 4381 2508 4445 τάς
2535 4382 2850 4452 ’βασιλείας,
2889 4389 2984 4441 καὶ
3022 4373 3398 4462 καταφάγεται
3445 4373 3639 4452 πᾶσαν
3670 4402 3773 4471 τὴν

2122 4514 2168 4570 D
2195 4470 2320 4541 γῆν,
2355 4473 2450 4526 καὶ
2505 4479 2856 4550 συμπατήσει
2935 4481 3127 4554 αὐτὴν,
3175 4487 3266 4539 καὶ
3327 4490 3622 4560 κατακὸψει
3675 4470 3773 4546 αὖ·

2195 4564 2316 4633 τήν.

2266 4657 2355 4713 24.
2391 4660 2502 4714 Kal
2556 4662 2624 4718 τὰ
2671 4664 2806 4721 δέκα
2858 4668 3066 4741 κέρατα
3125 4670 3310 4736 αὑτοῦ,
3362 4671 3496 4726 δέκα
3530 4675 3771 4744 βασιλεῖς

2193 4749 2614 4825 ἀναστήσονται,
2658 4759 2753 4812 καὶ
2791 4760 2967 4815 ὀπίσω
3021 4762 3202 4818 αὐτῶν
3248 4765 3611 4836 ἀναστήσεται
3655 4769 3771 4821 ἐτε-

2198 4861 2311 4915 ρος,
2335 4845 2393 4910 ὃς
2423 4848 2704 4920 ὐπεροίσει
2739 4856 2931 4917 κακοῖς
2983 4854 3192 4918 πάντας
3247 4857 3374 4920 τοὺς
3431 4857 3766 4929 ἔμπροσθεν,

2194 4937 2289 4990 καὶ
2320 4941 2471 5008 τρεῖς
2497 4939 2737 5010 βασιλεῖς
2765 4944 3112 4999 ταπεινώσει.

2261 5028 2352 5083 25.
2384 5031 2494 5084 Kal
2526 5031 2718 5102 λόγους
2778 5035 2916 5106 πρὸς
2936 5037 3026 5089 τὸν
3069 5039 3329 5109 Ὕψιστον
3396 5041 3640 5113 λαλήσει,
3673 5042 3770 5098 καὶ

2191 5122 2318 5185 τοὺς
2354 5123 2543 5190 ἁγίους
2591 5126 2849 5195 Ὑψίστου
2881 5129 3206 5200 παλαιώσει,
3234 5133 3326 5186 καὶ
3347 5134 3636 5206 ὑπονοήσει
3669 5135 3768 5188 τοῦ

2191 5212 2487 5269 ἀλλοιῶσαι
2537 5219 2786 5290 καιροὺς,
2839 5222 2936 5274 καὶ
2990 5223 3174 5292 νόμον,
3215 5225 3310 5278 καὶ
3358 5225 3643 5298 δοθήσεται
3705 5228 3767 5281 ἐν

2189 5304 2334 5374 χειρὶ
2373 5306 2539 5360 αὐτοῦ
2570 5307 2674 5371 ἐως
2699 5311 2914 5382 καιροῦ,
2941 5313 3034 5365 καὶ
3066 5315 3293 5384 καιρῶν,
3325 5316 3418 5368 καὶ
3443 5318 3615 5389 ἣμισυ
3639 5336 3766 5371 και-

2192 5413 2309 5467 ρου.

2257 5488 2350 5543 26.
2391 5488 2500 5542 Kal
2554 5489 2618 5543 τὸ
2671 5494 2952 5566 κριτήριον
3012 5496 3256 5562 ἐκάθισε,
3308 5498 3402 5551 καὶ
3453 5499 3551 5568 τὴν
3584 5499 3762 5570 ἀρχὴν

2187 5580 2351 5633 αὐτοῦ
2377 5585 2776 5655 μεταστήσουσι
2808 5586 2903 5640 τοῦ
2946 5589 3231 5658 ἀφανίσαι,
3263 5589 3356 5644 καὶ
3376 5590 3469 5642 τοῦ
3496 5590 3762 5645 ἀπολέσαι

2187 5671 2289 5734 ἕως
2327 5673 2534 5738 τέλους.

2257 5765 2347 5820 27.
2384 5767 2493 5821 Kal
2533 5770 2564 5836 ἡ
2596 5769 2862 5840 βασιλεία,
2897 5775 2990 5828 καὶ
3023 5776 3056 5844 ἡ
3085 5775 3318 5843 ἐξουσία,
3363 5775 3457 5830 καὶ
3488 5777 3520 5845 ἡ
3577 5789 3752 5847 μεγα-
