4122 6320
253 343 382 400 1877

1674 345 1903 402 CAPUT
1946 347 2082 404 Vill.

3349 307 3545 405 2373'.

250 456 455 528 λωσύνη
517 459 630 514 τῶν
680 461 964 532 βασιλέων,
1003 464 1113 518 τῶν
1173 464 1430 520 ὑποκάτω
1463 465 1662 528 παντὸς
1719 464 1814 520 τοῦ

1933 485 2070 539 gum,
2094 469 2188 540 qui
2221 469 2324 526 sub
2352 469 2504 527 omni
2537 470 2678 527 coelo
2706 470 2880 543 (sunt)
2925 470 3050 526 data
3100 481 3229 527 sunt
3285 473 3492 529 sanctis

250 549 497 620 οὖρανοῦ,
547 551 704 622 ἐδόθη
757 555 937 622 ἁγίοις
1015 555 1307 625 Ὑψίστου*
1371 557 1466 610 καὶ
1494 559 1528 626 ἡ
1569 556 1816 626 βασιλεία

1923 561 2190 616 Altissimi
2221 579 2235 616 :
2269 571 2324 616 et
2353 578 2577 633 regnum
2602 563 2751 632 ejus,
2796 577 3024 632 regnum
3074 563 3489 632 sempiternum,

251 640 413 693 αὐτοῦ
446 641 693 710 βασιλεία
717 645 958 710 αἰώνιος,
997 649 1093 701 καὶ
1131 649 1304 702 πᾶσαι
1356 650 1414 701 αἱ
1459 649 1626 719 ἀρχαὶ
1667 648 1818 718 αὑτῷ

1933 661 1976 706 et
1989 666 2181 707 omnes
2205 653 2546 722 principatus
2569 654 2672 724 ipsi
2689 654 2952 718 servient,
2973 659 3028 708 et
3046 653 3320 709 obedient.
3348 654 3496 710 Huc-

251 729 613 798 δουλεύσουσι,
638 733 734 786 καὶ
758 734 1183 790 ὑπακούσονται.
1219 737 1363 800 Ἕως
1391 731 1492 790 ὧδε
1526 739 1701 810 πέρας
1722 739 1817 792 τοῦ

1933 759 2098 814 usque
2126 744 2250 798 finis
2278 746 2568 801 sermonis.

252 820 425 874 λόγου.

342 838 425 873 ου.

309 838 408 963 ἒΒ.
458 911 602 979 Ἐγὼ
629 913 824 983 Δανιὴλ
851 916 899 968 οί
919 915 1261 985 διαλογισμοί
1286 933 1387 986 μου
1415 919 1508 970 ὲπὶ
1532 917 1664 971 πολὺ
1698 936 1822 972 συν-

253 1000 550 1070 ετάρασσὸν
584 1020 671 1072 με,
720 1006 816 1058 καὶ
860 1008 892 1076 ή
951 1008 1132 1076 μορφή
1168 1023 1269 1076 μου
1323 1007 1614 1077 ἠλλοιώθη,
1643 1009 1822 1062 καὶτὸ

258 1093 398 1162 ῥῆμα
422 1096 482 1146 ὲν
513 1097 580 1164 τῇ
609 1095 806 1166 καρδίᾳ
835 1113 935 1166 μου
966 1099 1328 1170 συνετὴρησα.

778 1233 1176 1292 ΚΕΦΑΔΑῙΟΝ
1219 1236 1299 1288 Η’.

329 1368 374 1424 l.
417 1369 506 1422 'Ev
540 1368 651 1420 ἔτει
686 1368 856 1440 τρίτῳ
879 1368 978 1438 τῆς
1006 1368 1283 1438 βασιλείας
1297 1370 1604 1440 Βαλτάσαρ,
1637 1373 1824 1440 ὅρασις

253 1457 404 1529 ὤφθη
441 1459 580 1530 πρὸς
618 1459 685 1529 μέ
709 1477 722 1488 ·
769 1458 910 1528 Ἐγὼ
933 1459 1131 1529 Δανιὴλ
1157 1459 1294 1530 μετὰ
1321 1460 1420 1529 τὴν
1448 1459 1705 1529 ὀφθείσάν
1736 1477 1824 1529 μοι

257 1549 348 1618 τὴν
379 1551 574 1620 ἀρχήν.

320 1642 373 1694 2.
408 1642 518 1693 Kal
549 1638 687 1694 εἶδον
713 1641 769 1694 ἐν
803 1645 868 1712 τῇ
900 1643 1112 1712 ὁράσει,
1155 1643 1248 1695 καὶ
1281 1643 1497 1710 ἐγένετο
1525 1645 1582 1696 ὲν
1597 1643 1674 1714 τῷ
1697 1644 1825 1697 ἰδεῖν

257 1752 342 1804 με,
377 1737 471 1788 καὶ
510 1736 659 1804 ήμην
684 1737 740 1787 ὲν
763 1735 985 1798 Σούσοις
1011 1738 1078 1805 τῇ
1113 1735 1296 1806 βάρει,
1333 1736 1368 1805 ἦ
1400 1738 1546 1788 ἐστιν
1580 1738 1636 1788 ὲν
1673 1734 1826 1805 χώρᾳ

1993 917 2082 970 28.
2127 916 2242 987 Ego
2270 916 2458 973 Daniel
2508 918 2868 988 nagitationes
2914 933 3052 972 mea:
3095 919 3327 973 multum
3362 933 3498 973 con-

1926 1008 2217 1065 turbabant
2243 1024 2348 1075 me,
2383 1018 2435 1064 et
2469 1008 2644 1064 forma
2675 1026 2796 1066 mea
2823 1021 3029 1066 mutata
3055 1021 3158 1075 est,
3185 1020 3237 1066 et
3268 1011 3495 1066 verbum

1926 1097 1980 1154 in
2007 1099 2172 1154 corde
2206 1115 2328 1154 meo
2354 1105 2694 1155 conservavi.

2502 1235 2730 1291 CAPUT
2772 1236 2910 1290 Vlll.

1998 1368 2048 1418 l.
2093 1367 2151 1420 In
2189 1382 2332 1420 anno
2357 1367 2518 1421 tertio
2551 1367 2701 1436 regni
2744 1366 3022 1431 Baltasar,
3065 1368 3204 1422 visio
3246 1369 3499 1437 apparuit

1928 1458 2060 1512 mihi
2103 1477 2116 1511 :
2151 1473 2252 1526 ego
2284 1457 2471 1515 Daniel
2507 1469 2627 1528 post
2647 1475 2789 1525 eam,
2821 1476 2944 1529 qua:
2987 1471 3314 1528 apparuerat
3362 1463 3496 1514 mihi

1927 1550 1982 1604 in
2019 1551 2306 1620 principio.

1995 1642 2052 1696 2.
2094 1642 2159 1696 Ει
2192 1643 2299 1696 vidi
2329 1643 2381 1696 in
2407 1644 2638 1708 visione,
2661 1654 2713 1699 et
2741 1644 2940 1698 factum
2976 1653 3060 1698 est
3085 1659 3210 1698 cum
3236 1643 3495 1709 viderem,

1927 1741 1982 1786 et
2010 1747 2158 1786 eram
2195 1733 2248 1786 in
2281 1732 2437 1790 Susis
2459 1744 2659 1800 castro,
2678 1736 2821 1804 quod
2850 1744 2934 1789 est
2961 1735 3012 1787 in
3039 1735 3260 1804 regione
3283 1735 3460 1788 {illam
3483 1754 3496 1789 :

255 1829 460 1897 Αίλάμ·
495 1829 592 1880 καὶ
626 1821 766 1880 εἶδον
798 1828 856 1880 ὲν
891 1827 1148 1898 ὁράματι,
1190 1827 1282 1881 καὶ
1313 1828 1460 1896 ήμην
1481 1827 1575 1878 ἐπὶ
1599 1826 1692 1878 τοῦ
1723 1828 1825 1879 Οὑ-

1933 1834 1980 1879 et
2007 1826 2114 1882 vidi
2177 1828 2231 1882 in
2260 1828 2484 1892 visione,
2518 1839 2570 1883 et
2599 1821 2750 1882 erant
2783 1845 2945 1898 super
2973 1827 3222 1881 Ubalnla.

254 1918 510 1972 ὕαλοῦλα.

317 2012 373 2064 5.
398 2013 509 2064 Kal
536 2005 649 2083 ᾗρα
696 2012 822 2072 τοὺς
894 2009 1208 2081 ὀφθαλμούς
1250 2027 1372 2081 μου,
1406 2011 1500 2064 καὶ
1541 2007 1706 2064 εἶδον·
1732 2011 1825 2064 καὶ

258 2102 362 2156 ἰδοὺ
429 2102 584 2172 κριὸς
641 2096 722 2164 εἷς
745 2101 996 2172 ἑστηκὼς
1032 2103 1138 2172 πρὸ
1175 2101 1270 2155 τοῦ
1337 2101 1672 2166 υὺὁαλοῦλα,
1731 2104 1826 2154 καὶ

254 2194 399 2265 αὐτῷ
425 2195 652 2265 κέρατα,
682 2196 777 2248 καὶ
805 2195 874 2248 τὰ
902 2195 1109 2265 κέρατα
1136 2194 1317 2264 ὑψηλά
1337 2212 1350 2223 ·
1376 2196 1472 2247 καὶ
1496 2195 1556 2246 τὸ
1594 2192 1651 2246 ἓν
1686 2194 1824 2263 ὑψη-

254 2286 468 2356 λότερον
521 2286 618 2340 τοῦ
679 2287 890 2356 ἐτέρου,
951 2287 1045 2340 καὶ
1097 2287 1158 2337 τὸ
1189 2286 1393 2356 ὑψηλὸν
1422 2284 1704 2338 ἀνέϐαινεν
1737 2285 1824 2336 ἐπ’

259 2376 483 2445 ἐσχάτῳ.

323 2468 375 2521 4.
403 2467 514 2520 Kal
529 2463 770 2520 εἷδοντὺν
786 2467 938 2538 κριὸν
963 2465 1325 2536 κερατίζοντα
1356 2467 1496 2518 κατὰ
1528 2464 1823 2527 Θάλασσαν,

257 2561 345 2612 καὶ
377 2558 602 2631 βορρᾶν,
635 2561 732 2614 καὶ
758 2560 929 2624 νότον,
964 2561 1058 2611 καὶ
1088 2561 1265 2612 πάντα
1296 2558 1368 2610 τὰ
1393 2557 1556 2628 θηρία
1602 2559 1663 2610 οὐ
1697 2559 1827 2627 στή-

258 2669 436 2705 σονται
472 2651 702 2705 ἐνώπιον
733 2651 918 2714 αὐτοῦ,
952 2652 1048 2704 καὶ
1075 2651 1174 2703 οὐκ
1194 2647 1261 2721 ἦν
1296 2651 1324 2703 6
1353 2648 1736 2719 ἐξαιρούμενος
1764 2651 1828 2701 ἐκ

257 2743 438 2813 χειρὸς
464 2743 633 2795 αὑτοῦ
694 2744 787 2794 καὶ
833 2741 1055 2810 ἐποίησε
1113 2744 1254 2794 κατὰ
1301 2740 1363 2792 τὸ
1391 2739 1605 2810 θέλημα
1637 2738 1826 2802 αὑτοῦ,

259 2838 353 2888 καὶ
374 2835 738 2904 ἐμεγαλύνθη.

326 2927 381 2981 5.
415 2928 528 2980 Kal
589 2925 701 2995 ἐγὼ
733 2927 880 2997 ἢμην
920 2927 1138 2989 συνιῶν,
1170 2927 1264 2978 καὶ
1297 2926 1404 2978 ἰδοὺ
1431 2925 1632 2996 τράγος
1658 2925 1828 2992 αἰγῶν

266 3018 453 3088 ἤρχετο
488 3019 596 3072 ἀπὸ
629 3018 791 3082 Λιὸὸς
813 3019 1220 3088 ὲπὶπρόσωπον
1245 3018 1342 3088 τῆς
1367 3018 1471 3088 γῆς
1493 3019 1674 3088 πάσης
1696 3032 1710 3046 ·
1733 3017 1831 3070 καὶ

264 3109 358 3160 οὐκ
379 3103 448 3178 ἦν
503 3109 810 3179 ἁπτόμενος
862 3112 961 3180 τῆς
1001 3099 1124 3178 γῆς·
1171 3109 1361 3179 καὶτῷ
1407 3109 1598 3180 τράγῳ
1639 3109 1831 3178 ἐκείνῳ

257 3201 423 3272 κέρας
449 3202 726 3272 θεωρητὸν
749 3203 1022 3272 ἀνάμεσον
1059 3202 1166 3256 τῶν
1213 3201 1506 3272 ὀφθαλμῶν
1534 3201 1722 3254 αὑτοῦ.

323 3296 376 3350 6.
412 3296 525 3348 Kal
549 3292 710 3367 ἦλθεν
747 3297 775 3347 6
800 3295 1000 3364 τράγος
1034 3295 1138 3357 ἓως
1168 3293 1262 3346 τοῦ
1310 3291 1468 3364 κριοῦ
1491 3293 1588 3346 τοῦ
1640 3294 1710 3347 τά
1743 3294 1833 3346 κέν

258 3406 395 3460 ρατα
428 3389 667 3460 ἔχοντος,
725 3388 783 3441 ὃν
834 3384 972 3441 εἶδον
1007 3386 1216 3440 ἑστῶτα
1267 3385 1497 3440 ἐνώπιον
1523 3384 1617 3437 τοῦ
1649 3384 1828 3439 Οὐδα-

255 3481 442 3546 λοῦλα,
473 3483 570 3534 καὶ
597 3481 800 3551 ἔδραμε
828 3479 966 3550 πρὸς
991 3478 1176 3543 αὑτὸν,
1210 3481 1268 3531 ὲν
1308 3479 1453 3547 ὁρμῇ
1510 3475 1609 3545 τῆς
1652 3477 1833 3547 ἰσχύος

256 3571 440 3624 αὑτοῦ.

329 3662 380 3714 7.
419 3662 533 3713 Kal
578 3656 716 3713 εἶδον
765 3659 924 3712 αὐτὸν
951 3659 1233 3728 φθάσαντα
1266 3659 1372 3723 ἓως
1403 3662 1497 3714 τοῦ
1529 3663 1708 3736 κριοῦ,
1740 3665 1834 3716 καὶ

259 3751 573 3824 ἐξηγριώθη
618 3752 753 3822 πρὸς
786 3751 966 3815 αὐτὸν,
1009 3752 1104 3804 καὶ
1146 3750 1338 3804 ἔπαισε
1372 3751 1464 3804 τὸν
1512 3752 1683 3822 κριὸν,
1741 3754 1834 3806 καὶ

263 3846 580 3916 συνέτριψεν
619 3845 905 3914 ἀμφότερα
942 3845 1012 3898 τὰ
1075 3845 1285 3915 κέρατα
1339 3845 1526 3909 αὐτοῦ,
1592 3847 1687 3899 καὶ
1734 3846 1835 3898 οὐκ

260 3932 325 4008 ἦν
359 3939 513 4007 ίσχὺς
541 3937 618 4007 τῷ
649 3937 788 4008 κριῷ
835 3937 930 3990 τοῦ
966 3937 1155 4008 στῆναι
1214 3937 1445 3991 ἐνώπιον
1494 3937 1658 3991 αὑτοῦ
1683 3954 1698 3969 ο
1740 3939 1836 3990 καὶ

265 4029 483 4101 ἔρριψεν
511 4029 671 4082 αὐτὸν
709 4031 802 4082 ἐπὶ
828 4029 925 4099 τὴν
963 4030 1090 4099 γῆν,
1125 4031 1222 4084 καὶ
1249 4030 1623 4101 συνεπάτησεν
1650 4011 1832 4095 αὐτὸν,

263 4122 354 4172 καὶ
379 4121 481 4172 οὐκ
498 4116 565 4190 ἦν
594 4123 622 4173 ὀ
673 4119 1060 4191 ἐξαιρούμενος
1116 4121 1206 4174 τὸν
1237 4120 1391 4192 κριὸν
1434 4124 1499 4174 ὲκ
1525 4122 1625 4192 τῆς
1650 4121 1835 4193 χειρὸς

263 4211 447 4264 αὑτοῦ.

333 4304 385 4357 8.
419 4305 530 4359 Καὶ
557 4306 584 4358 6
617 4306 820 4375 τράγος
853 4305 961 4358 τῶν
995 4306 1166 4374 αἰγῶν
1215 4305 1558 4377 ὲμεγαλύνθη
1587 4307 1793 4376 σφόδρα
1817 4325 1830 4338 ο

265 4398 352 4448 καὶ
394 4399 450 4448 ὲν
481 4396 559 4467 τῷ
584 4397 800 4466 ἰσχύσαι
823 4398 1006 4462 αὐτὸν,
1035 4398 1327 4468 συνετρίϐη
1370 4399 1430 4450 τὸ
1469 4398 1636 4469 κέρας
1668 4399 1834 4451 αὑτοῦ

262 4489 322 4540 τὸ
341 4489 506 4558 μέγα,
554 4491 648 4542 καὶ
681 4489 852 4560 ἀνέϐη
880 4491 1122 4561 τέσσαρα
1167 4492 1373 4560 κέρατα
1402 4491 1566 4561 ἔτερα
1595 4491 1834 4544 ὑποκάτ-
1867 4516 1908 4568 ι)

261 4580 402 4634 ωθεν
455 4581 622 4635 αὑτοῦ
676 4583 759 4645 εἰς
812 4583 936 4646 τοὺς
993 4583 1265 4653 τέσσαρας
1307 4583 1542 4654 ἀνέμους
1593 4583 1687 4636 τοῦ
1741 4583 1832 4635 οὐ·

264 4672 447 4742 ρανοῦ.

331 4771 386 4819 9.
416 4767 529 4819 Kal
555 4767 619 4820 ἐκ
647 4766 742 4820 τοῦ
782 4768 901 4828 ἐνὸς
944 4766 1123 4820 αὐτῶν
1156 4767 1344 4837 ἐξῆλθε
1385 4769 1553 4839 κέρας
1580 4769 1637 4821 ἓν
1688 4771 1836 4838 ἰσχυ-

265 4856 376 4926 ρὸν,
406 4858 500 4909 καὶ
530 4857 872 4928 ὲμεγαλύνθη
906 4857 1180 4928 περισσῶς
1206 4859 1338 4928 πρὸς
1392 4860 1482 4910 τὸν
1527 4861 1698 4922 νότον,
1741 4859 1835 4911 καὶ

263 4948 400 5018 πρὸς
422 4949 704 5020 ἀνατολὴν,
742 4950 837 5002 καὶ
868 4949 1004 5017 πρὸς
1021 4949 1118 5020 τὴν
1154 4950 1402 5021 δύναμιν.

337 5041 426 5094 10.
464 5041 576 5095 Καὶ
603 5041 948 5113 ἐμεγαλύνθη
971 5042 1078 5103 ἕως
1109 5043 1208 5112 τῆς
1235 5043 1516 5113 δυνάμεως
1548 5045 1641 5098 τοῦ
1676 5047 1834 5118 οὖρα-

262 5133 353 5186 νοῢ
371 5151 385 5165 ·
414 5135 510 5188 καὶ
528 5135 724 5189 ἔπεσεν
756 5136 850 5188 ἐπὶ
880 5137 980 5206 τὴν
1005 5137 1108 5206 γῆν
1136 5137 1242 5189 ἀπὸ
1270 5138 1366 5207 τῆς
1409 5139 1710 5209 δυνάμεως,
1742 5143 1836 5194 καὶ

260 5226 372 5279 ἀπὸ
393 5227 504 5280 τῶν
538 5227 803 5298 ἀστέρων,
837 5230 932 5282 καὶ
959 5229 1334 5296 συνεπάτησεν
1367 5230 1586 5294 αὐτούς.

339 5319 427 5372 Η.
459 5320 570 5373 Kal
603 5319 710 5383 ἕως
739 5319 1000 5390 ἄρχοντος
1019 5319 1117 5388 τῆς
1139 5319 1422 5390 δυνάμεως
1451 5320 1711 5392 ήδρύνθη,
1743 5324 1838 5376 καὶ

260 5410 370 5474 ἕως
397 5406 457 5466 οὗ
483 5415 511 5465 6
540 5413 980 5484 ἀρχιστράτηγος
1013 5412 1244 5483 ῥύσηται
1295 5411 1394 5484 τὴν
1435 5414 1834 5483 αἰχμαλωσίαν,

261 5506 360 5558 καὶ
410 5503 478 5558 δι’
535 5504 698 5558 αὐτὸν
756 5504 916 5557 θυσία
947 5504 1222 5576 ἐταράχθη
1271 5502 1676 5575 παραπτώματι
1703 5522 1717 5536 ο
1746 5506 1840 5558 xal

261 5597 522 5666 ἐγενήθη,
559 5598 653 5650 καὶ
685 5595 1043 5667 κατευωδὼθη
1084 5596 1234 5668 αὐτῷ
1257 5613 1270 5627 ’
1317 5597 1494 5651 καὶτὸ
1516 5598 1671 5666 ἆγιον
1709 5598 1840 5668 ἐρη-

265 5687 603 5758 μωθήσεται.

200 5786 244 5829 ρο
343 5781 430 5834 η.
463 5777 573 5832 Kal
599 5778 754 5850 ἐδόθη
783 5779 874 5832 ἐπὶ
906 5779 1004 5850 τὴν
1029 5778 1220 5834 θυσίαν
1259 5783 1522 5854 ἁμαρτία,
1554 5782 1648 5836 καὶ
1681 5785 1836 5854 ἐρῤί-

553 5894 822 5954 ιἈΓιιοι..
863 5891 980 5952 Gn.
1017 5896 1182 5955 XVI.

1997 2005 2050 2058 5.
2092 2003 2156 2058 Et
2187 2004 2359 2059 levavi
2389 2006 2580 2060 oculos
2610 2019 2782 2069 meos,
2819 2013 2872 2058 et
2901 2004 3006 2057 vidi
3036 2020 3047 2055 :
3097 2013 3146 2058 el
3198 2018 3327 2057 ecce
3359 2003 3501 2056 arii-s

1931 2109 2072 2148 unus
2105 2103 2257 2148 stans
2285 2104 2410 2149 ante
2444 2093 2697 2158 Ubalula,
2744 2105 2797 2148 et
2849 2094 2899 2147 ei
2939 2109 3167 2158 cornua,
3205 2101 3260 2146 et
3291 2108 3499 2146 cornua

1928 2186 2177 2252 excelsa;
2239 2195 2292 2240 et
2351 2201 2519 2239 unum
2570 2187 2839 2240 excelsius
2881 2185 3073 2249 altero,
3111 2196 3166 2240 et
3225 2185 3500 2239 excelsum

1928 2277 2256 2332 ascendebat
2291 2278 2342 2331 in
2371 2277 2690 2332 novissimo.

1999 2459 2053 2512 4.
2095 2455 2160 2509 Ει
2189 2455 2297 2509 vidi
2327 2457 2551 2510 arietem
2604 2455 2863 2509 cornibus
2915 2453 3267 2508 veniilautem
3313 2462 3502 2507 contra

1932 2566 2100 2614 mare,
2135 2562 2186 2606 et
2211 2552 2519 2620 aquilonem
2572 2564 2625 2604 et
2679 2560 2950 2615 austrum,
2997 2561 3051 2605 et
3086 2566 3279 2604 omnes
3317 2551 3504 2604 liestize

1932 2658 2040 2698 non
2076 2643 2503 2700 stabantcoram
2540 2658 2606 2697 eo
2635 2663 2645 2696 :
2676 2653 2729 2698 et
2761 2658 2865 2697 non
2898 2652 3017 2698 erat
3063 2645 3154 2712 qui
3193 2655 3410 2699 erueret
3439 2645 3504 2696 de

1929 2750 2096 2790 manu
2132 2735 2273 2804 ejus,
2308 2734 2541 2805 fecitque
2563 2737 2861 2790 secundum
2892 2736 3217 2790 voluntatem
3256 2746 3503 2802 suam,et

1931 2827 2312 2897 magniﬁcatus
2341 2837 2448 2882 est.

2000 2916 2053 2970 5.
2097 2916 2164 2972 Et
2200 2933 2299 2988 ego
2337 2933 2486 2972 eram
2517 2918 2825 2990 intelligens
2868 2936 2882 2972 :
2936 2928 2990 2974 et
3021 2936 3149 2975 ecce
3197 2921 3384 2975 hircus
3413 2936 3504 2975 ca-

1930 3024 2154 3080 prarum
2184 3011 2433 3065 veniebat
2466 3012 2535 3066 ab
2561 3013 2748 3066 Africo
2772 3029 2934 3082 super
2966 3013 3157 3067 faciem
3200 3023 3356 3066 terra":
3380 3015 3504 3066 uni-

1932 3115 2122 3165 versae,
2156 3112 2210 3156 et
2234 3118 2342 3156 non
2375 3113 2496 3156 erat
2550 3115 2778 3172 tangens
2830 3113 3032 3158 terram
3074 3123 3086 3158 :
3150 3114 3203 3159 et
3242 3105 3392 3158 hirco
3427 3105 3503 3158 illi

1859 3173 1904 3233 ο
1935 3206 2102 3247 cornu
2133 3194 2486 3261 conspicuum
2517 3194 2658 3250 inter
2687 3195 2878 3250 oculos
2907 3196 3049 3264 ejus.

2005 3285 2057 3338 6.
2095 3284 2161 3340 Et
2194 3289 2338 3341 venit
2373 3288 2557 3342 hircus
2586 3304 2758 3358 usque
2783 3290 2847 3342 ad
2875 3291 3122 3354 arietem,
3151 3290 3244 3358 qui
3276 3289 3504 3377 habebat

1934 3391 2160 3444 cornua,
2195 3394 2358 3447 quem
2393 3379 2633 3434 videram
2692 3390 2925 3434 stantem
2981 3389 3107 3435 ante
3172 3380 3430 3446 Ubalula,
3455 3393 3507 3436 et

1933 3471 2176 3525 cucurrit
2204 3471 2273 3527 ad
2298 3486 2423 3526 eum
2452 3473 2505 3526 in
2531 3472 2737 3541 impetu
2769 3472 3106 3528 fortitudinis
3131 3490 3262 3530 suae.

2007 3651 2059 3704 7.
2101 3648 2167 3703 Et
2194 3651 2298 3706 vidi
2331 3667 2454 3706 enm
2491 3653 2794 3708 venientem
2849 3670 3021 3723 usque
3067 3657 3132 3710 ad
3178 3659 3423 3727 arietem,
3455 3673 3508 3716 et

1935 3743 2190 3800 efferatus
2222 3755 2305 3800 est
2371 3747 2424 3800 in
2459 3763 2605 3813 eum,
2630 3758 2684 3802 et
2711 3750 2977 3818 percussit
3007 3750 3254 3818 arietem,
3289 3763 3341 3808 et
3371 3771 3506 3809 cou-

1937 3835 2086 3890 trivit
2116 3837 2226 3892 duo
2252 3853 2456 3892 cornua
2486 3839 2628 3908 ejus,
2657 3847 2710 3892 et
2749 3853 2856 3893 non
2893 3850 3010 3895 erat
3059 3841 3321 3897 fortitudo
3350 3847 3506 3899 arieti

1937 3928 2115 3983 Slandi
2175 3945 2359 3984 coram
2413 3947 2518 3985 eo:
2580 3941 2634 3986 et
2677 3934 2908 4002 projecit
2945 3949 3068 3987 eum
3103 3935 3156 3987 iu
3211 3945 3508 3998 terram,ct

1936 4022 2278 4077 conculcavit
2311 4039 2458 4088 eum,
2487 4033 2541 4078 et
2571 4040 2679 4080 non
2708 4035 2829 4080 erat
2871 4027 2965 4095 qui
2999 4027 3256 4082 liberaret
3282 4030 3504 4085 arietem

1935 4111 2002 4167 de
2032 4128 2196 4168 manu
2227 4114 2367 4183 ejus.

2007 4292 2059 4346 8.
2107 4292 2169 4346 Et
2200 4292 2389 4347 hircus
2419 4308 2708 4364 caprarum
2759 4295 3139 4366 magniﬁcatus
3189 4309 3272 4352 est
3307 4301 3499 4358 valde:

1937 4394 2010 4448 et,
2046 4386 2176 4438 dum
2196 4383 2569 4450 invalesceret,
2589 4387 2884 4442 contritum
2913 4394 2996 4443 est
3027 4402 3196 4444 cornu
3221 4391 3368 4445 illius
3394 4409 3506 4447 ma-

1939 4491 2124 4546 gnum,
2167 4485 2220 4531 et
2248 4477 2614 4532 ascenderunt
2656 4488 2889 4548 quatuor
2925 4495 3132 4536 cornua
3187 4481 3292 4536 alia
3323 4485 3511 4540 subter

1938 4569 2070 4624 illud
2102 4583 2199 4640 per
2232 4580 2472 4640 quatuor
2499 4583 2687 4628 ventos
2715 4575 2860 4629 caeli.

2007 4743 2061 4798 9.
2101 4742 2168 4798 Et
2189 4745 2253 4801 de
2285 4762 2393 4800 uno
2440 4762 2507 4802 ex
2555 4749 2635 4803 eis
2679 4765 2958 4820 egressum
3016 4763 3099 4807 est
3141 4768 3311 4809 cornu
3343 4771 3509 4810 unum

1937 4831 2096 4899 forte,
2128 4844 2182 4890 et
2215 4837 2618 4907 magniﬁcatum
2654 4851 2739 4895 est
2769 4839 2930 4897 nimis
2970 4855 3164 4899 contra
3224 4853 3471 4901 austrum
3493 4887 3508 4909 ,

1937 4937 1988 4983 et
2015 4938 2202 4984 contra
2234 4930 2497 4986 orientem
2524 4973 2540 4997 ,
2565 4941 2616 4987 et
2648 4943 2837 4989 contra
2865 4933 3262 4992 fortitudinem.

2010 5044 2098 5099 l0.
2141 5045 2207 5099 Et
2230 5047 2638 5118 magniﬁcatum
2669 5058 2752 5105 est
2774 5065 2946 5120 usque
2976 5051 3044 5106 ad
3069 5051 3322 5106 virtutem
3343 5053 3464 5108 cmli
3492 5072 3506 5119 ;

1937 5146 1990 5190 et
2016 5136 2209 5206 dejecit
2239 5139 2293 5194 in
2329 5151 2528 5196 terram
2553 5143 2620 5198 de
2653 5142 2989 5212 fortitudine,
3017 5158 3072 5200 et
3111 5144 3180 5200 de
3227 5145 3419 5209 stellis,
3457 5157 3512 5200 et

1938 5228 2282 5284 conculcavit
2309 5245 2423 5287 eas.

2011 5319 2100 5372 il.
2141 5319 2206 5376 Et
2229 5338 2404 5392 usque
2432 5323 2500 5378 ad
2535 5325 2832 5395 principem
2851 5326 3070 5381 virtutis
3085 5326 3292 5395 grande
3315 5326 3512 5390 evasit,

1940 5421 1995 5466 et
2025 5415 2386 5484 quoadusque
2431 5417 2540 5471 dux
2596 5417 2807 5473 militiae
2852 5418 3168 5473 liberaverit
3228 5419 3514 5488 captivita-

1943 5515 2074 5570 tem,
2100 5515 2155 5560 et
2189 5519 2407 5576 propter
2455 5523 2579 5563 eum
2628 5510 2958 5566 sacrificium
2997 5511 3275 5566 turbatum
3310 5521 3394 5567 est
3423 5513 3516 5566 de-

1941 5596 2099 5652 licto:
2127 5605 2181 5652 et
2213 5597 2418 5652 factum
2456 5608 2562 5664 est,
2601 5609 2656 5657 et
2675 5616 2936 5674 prospere
2966 5603 3134 5660 cessit
3168 5604 3250 5671 ci;
3291 5612 3349 5659 et
3388 5618 3516 5660 san-

1943 5690 2210 5745 ctuarium
2242 5691 2580 5748 desolabitur

2017 5780 2099 5839 12.
2150 5781 2210 5836 Et
2238 5783 2421 5840 datum
2453 5796 2537 5843 est
2570 5803 2736 5859 super
2777 5790 3426 5860 sacriliciumpeccatum,
3463 5802 3516 5845 et

3137 5908 3234 5967 ‘91
