4122 6320
566 380 708 439 8879

601 590 756 646 essit.

601 609 630 646 e
695 606 756 645 ιι.

570 610 599 648 c
773 680 840 736 Et
868 677 1055 736 audivi
1079 690 1247 731 unum
1298 678 1548 726 sanetum
1575 666 1923 732 loquentem:
1949 654 2153 710 etdixit

571 790 714 829 unus
747 781 973 828 sanctus
1025 764 1313 823 Phelmuni
1346 756 1594 829 loquenti
1631 776 1643 810 :

575 865 762 926 stabit,
795 872 851 917 et
875 857 1208 916 sacriﬁcium
1227 851 1493 916 ablatum,
1541 856 1598 902 et
1629 851 1909 914 peccatum
1942 837 2154 894 desola-

575 956 763 1019 tionis,
802 953 944 1025 quod
975 950 1167 1004 datum
1221 953 1326 1009 est,
1358 953 1410 998 et
1463 937 1863 998 sanctuarium,
1901 939 1956 986 et
2001 928 2155 984 forti-

575 1049 708 1102 tullo
730 1039 1181 1100 eoneulcabitur?

653 1139 740 1193 14.
782 1139 848 1192 Ει
882 1135 1017 1191 dixit
1047 1133 1095 1188 ei
1131 1151 1144 1186 :
1189 1130 1377 1199 Usque
1419 1127 1486 1182 ad
1543 1137 1850 1196 vesperam,
1899 1127 1954 1173 et
1999 1129 2161 1170 mane

578 1235 694 1288 dies
718 1232 828 1285 duo
861 1229 1026 1290 mille,
1057 1235 1108 1279 et
1145 1223 1370 1280 trecenti
1396 1240 1408 1276 :
1438 1228 1493 1277 et
1519 1216 1872 1274 mundabitur
1898 1225 2159 1269 sanctua-

582 1327 748 1381 rium.

656 1415 739 1470 l5.
786 1413 849 1468 Et
879 1411 1082 1466 factum
1109 1417 1215 1473 est,
1242 1422 1366 1461 cum
1417 1403 1656 1459 viderem
1718 1415 1819 1471 ego
1863 1397 2052 1453 Daniel
2081 1395 2164 1449 vi-

583 1509 812 1571 sionem,
841 1501 1152 1576 quaerebam
1183 1498 1623 1568 intelligentiam:
1678 1502 1732 1548 et
1774 1505 1902 1547 ecce
1936 1489 2085 1545 stetit
2110 1487 2164 1542 in

583 1607 900 1671 conspectuw
920 1611 1043 1650 meo
1076 1592 1232 1663 quasi
1262 1591 1473 1660 species
1513 1587 1634 1640 viri.

659 1692 746 1748 16.
791 1691 854 1745 Ει
877 1687 1065 1744 audivi
1097 1699 1290 1739 vocem
1331 1681 1433 1735 viri
1467 1681 1608 1734 inter
1636 1675 1893 1738 Ubalula,
1924 1683 1980 1729 et
2008 1684 2167 1726 voca-

586 1787 684 1849 vit,
712 1793 766 1840 et
799 1781 974 1838 dixit:
1009 1775 1252 1838 Gabriel,
1303 1772 1386 1842 fac
1417 1774 1581 1827 istum
1640 1768 1943 1838 intelligere
2001 1763 2168 1818 visio-

590 1893 737 1933 nem.

661 1968 747 2022 l'l.
787 1964 857 2019 Et
879 1962 1048 2027 venit,
1085 1968 1138 2014 et
1163 1958 1312 2013 stetit
1343 1969 1510 2026 prope
1561 1954 1853 2009 stationem
1891 1954 2172 2002 meamzet

585 2077 711 2116 eum
760 2057 1007 2112 venisset
1059 2054 1176 2122 ipse
1227 2048 1452 2119 expavi,
1508 2057 1562 2101 et
1622 2057 1821 2100 corruo
1873 2041 1928 2094 in
1973 2037 2166 2093 faciem

589 2168 804 2210 meam:
830 2149 1035 2204 etdixit
1059 2145 1124 2200 ad
1145 2159 1230 2200 me
1264 2162 1276 2197 :
1311 2141 1576 2211 lntellige,
1604 2139 1679 2192 fili
1705 2134 1965 2200 hominis,
1995 2131 2173 2185 adhuc

589 2247 735 2302 enim
765 2245 824 2298 in
858 2239 1122 2309 temporis
1151 2235 1313 2290 linem
1339 2231 1502 2286 visio.

665 2337 752 2391 l8.
796 2335 1042 2403 Cumque
1071 2330 1389 2399 loqueretur
1422 2325 1538 2394 ipse
1581 2334 1816 2385 meeum,
1849 2315 1986 2372 cado
2016 2313 2069 2367 in
2094 2310 2176 2365 fa-

589 2432 730 2487 ciem
758 2442 933 2482 meam
971 2437 1135 2493 super
1165 2433 1365 2476 terram
1402 2435 1415 2472 :
1453 2424 1507 2470 et
1556 2414 1732 2483 tetigit
1765 2427 1872 2476 me,
1903 2419 1957 2464 et
1986 2405 2180 2463 statuit

592 2541 679 2578 me
711 2536 876 2590 super
915 2517 1079 2588 pedes
1117 2529 1291 2579 meos,
1329 2521 1385 2566 et
1414 2509 1594 2565 dixit:

671 2613 765 2668 l9-
800 2611 940 2666 Ecce
983 2624 1084 2679 ego
1129 2603 1365 2661 ostendo
1421 2603 1517 2656 tibi
1573 2614 1695 2669 qua:
1745 2597 1928 2650 futura
1961 2601 2091 2648 sunt
2121 2590 2175 2643 in

600 2703 918 2762 novissimis
950 2702 1085 2756 irte:
1119 2699 1300 2753 adhuc
1331 2694 1477 2749 enim
1517 2693 1570 2746 in
1613 2688 1876 2758 temporis
1921 2685 2105 2739 flnem.

670 2797 762 2850 9.0.
787 2795 962 2857 Aries,
993 2804 1152 2860 quem
1182 2786 1388 2848 vidisti,
1416 2783 1510 2854 qui
1538 2779 1773 2836 habebat
1815 2790 2044 2840 cornua,
2087 2787 2180 2827 rex

603 2889 882 2944 Medorum
921 2892 1027 2948 est,
1049 2891 1104 2936 et
1131 2878 1449 2933 Persarum.

671 2981 760 3036 21.
803 2981 870 3033 Et
897 2977 1084 3032 hircus
1103 2985 1401 3043 caprarum
1430 2983 1524 3021 rex
1553 2967 1892 3028 Graecorum,
1919 2970 1972 3016 et
2009 2977 2182 3016 cornu

602 3071 830 3146 grande,
857 3067 1004 3141 quod
1033 3077 1153 3122 erat
1199 3065 1340 3118 inter
1371 3059 1564 3116 oculos
1605 3057 1748 3127 ejus,
1807 3055 1928 3125 ipse
1961 3063 2044 3110 est
2087 3069 2179 3107 rex

603 3168 833 3238 primus.

672 3259 763 3314 2-2.
806 3253 961 3324 Quod
1004 3259 1186 3306 autem
1213 3245 1514 3303 contritum
1542 3252 1646 3309 est,
1687 3253 1742 3297 et
1771 3249 2186 3310 steteruntqua-

605 3363 729 3409 tuor
752 3363 956 3407 cornua
981 3346 1169 3400 subter
1192 3341 1346 3407 illud,
1397 3345 1635 3409 quatuor
1664 3351 1820 3407 reges
1855 3340 2187 3404 consurgent

603 3447 673 3502 de
701 3455 860 3516 gente
885 3439 1023 3508 ejus,
1055 3446 1106 3492 et
1127 3449 1240 3490 non
1273 3433 1326 3487 in
1357 3429 1679 3485 fortitudine
1709 3442 1830 3483 sua.

676 3535 769 3588 25.
809 3533 875 3584 Et
905 3531 958 3583 in
990 3526 1298 3580 novissimo.
1323 3519 1474 3590 regni
1504 3533 1721 3582 eorum,
1750 3517 2035 3585 completis
2056 3530 2187 3585 pec-

604 3624 744 3683 catis
761 3635 970 3684 eorum,
1008 3632 1134 3672 cum
1171 3613 1456 3682 obsignata
1493 3609 1698 3665 fuerint
1747 3608 1944 3664 delicta
1972 3624 2186 3672 eorum,

609 3720 906 3782 consurget
935 3724 1029 3763 rex
1060 3706 1344 3776 impudens
1375 3702 1546 3768 faeie,
1601 3711 1655 3756 et
1700 3701 2011 3771 intelligens
2063 3715 2191 3769 pro-

612 3807 932 3881 positiones.

680 3904 772 3960 24.
815 3900 880 3956 Et
913 3899 1137 3955 robusta
1168 3893 1435 3951 fortitudo
1467 3893 1607 3962 ejus,
1636 3891 1730 3946 sed
1770 3905 1878 3944 non
1911 3890 1963 3944 in
1996 3889 2195 3945 robore

611 4012 750 4053 suo:
805 4005 861 4049 et
912 3988 1238 4046 mirabiliter
1286 3986 1539 4049 vastabit,
1588 3996 1641 4039 et
1673 3983 2106 4054 prosperabitur,
2140 3992 2197 4038 et

611 4089 799 4152 faciet,
836 4094 892 4141 et
939 4079 1327 4138 exterminabit
1395 4077 1585 4143 fortes,
1646 4085 1702 4131 et
1763 4075 2019 4148 populum
2061 4090 2194 4130 san-

613 4195 785 4238 ctum.

683 4270 776 4324 25.
823 4267 883 4322 Et
911 4268 1101 4338 jugum
1136 4261 1335 4318 vinculi
1387 4261 1508 4322 eius
1554 4259 1820 4330 dirigetur
1875 4277 1887 4312 :
1949 4257 2111 4315 dolus
2141 4258 2196 4313 in

617 4376 784 4417 manu
815 4360 965 4429 ejus,
1020 4365 1075 4412 et
1135 4357 1188 4408 in
1231 4352 1395 4407 corde
1456 4351 1575 4420 ejus
1627 4351 2109 4422 magnilicabitur:
2145 4360 2198 4406 et

615 4455 744 4511 dolo
767 4455 1086 4519 corrumpet
1116 4446 1340 4510 multos,
1373 4453 1427 4499 et
1461 4443 1514 4497 in
1547 4441 1854 4514 perditione
1895 4443 2194 4498 multorum

615 4547 861 4612 stabitx
881 4551 936 4598 et
955 4551 1145 4596 contra
1164 4537 1462 4607 principem
1480 4538 1547 4604 Χ
1561 4537 1864 4606 principum
1880 4545 2191 4606 consurget,

615 4653 670 4695 et
698 4638 856 4710 quasi
883 4650 984 4691 ova
1012 4635 1066 4687 in
1103 4647 1265 4687 manu
1300 4637 1547 4685 conteret
1573 4643 1686 4683 eos.

687 4817 780 4873 26.
824 4815 889 4870 Et
912 4812 1053 4869 visio
1099 4824 1344 4880 vespere,
1409 4815 1461 4863 et
1513 4821 1696 4873 mane,
1750 4822 1870 4876 quae
1919 4807 2063 4862 dicta
2094 4814 2197 4873 est,

621 4927 747 4967 vera
775 4919 861 4964 est
884 4926 899 4963 :
922 4914 978 4961 et
1000 4915 1056 4959 tu
1082 4903 1236 4967 signa
1270 4900 1559 4965 visionem,
1586 4898 1715 4969 quia
1762 4899 1814 4952 in
1843 4898 1962 4953 dies
2003 4898 2201 4953 multos

655 5020 746 5060 1⁵11.

655 5013 698 5060 ri
731 5041 746 5058 .

620 5022 651 5061 θ
690 5013 783 5152 :7.
826 5091 892 5147 Et
913 5105 1014 5163 ego
1040 5087 1228 5143 Daniel
1290 5083 1550 5148 decubui,
1580 5092 1634 5139 et
1663 5082 1878 5154 elangui
1919 5097 2015 5152 per
2041 5083 2158 5137 dies
2186 5103 2199 5137 ;

621 5203 675 5248 et
702 5186 941 5252 surrexi,
966 5193 1021 5240 et
1061 5180 1328 5238 faciebam
1387 5192 1551 5248 opera
1595 5176 1758 5247 regis,
1811 5188 1866 5232 et
1893 5176 2206 5231 admirabar

627 5286 915 5343 visionem,
939 5288 995 5334 et
1019 5291 1125 5330 non
1155 5281 1272 5330 erat
1298 5273 1393 5343 qui
1429 5269 1772 5340 intelligeret.

1229 5447 1464 5508 CAPUT
1511 5447 1604 5505 IX.

700 5556 755 5608 1.
794 5551 852 5606 1η
893 5549 1071 5618 primo
1111 5560 1258 5600 anno
1308 5542 1454 5598 Darii
1499 5540 1593 5596 filii
1629 5539 1852 5597 Assueri
1899 5538 1966 5593 de
1998 5537 2211 5593 semine

632 5646 935 5708 “edorum,
959 5641 1054 5710 qui
1108 5637 1357 5708 regnavit
1404 5649 1573 5704 super
1635 5648 1862 5705 regnum
1919 5630 2211 5685 Chaldae-

634 5749 791 5788 1⁸111ᾓῖ

702 5824 757 5878 2.
795 5820 856 5874 In
889 5834 1032 5873 anno
1056 5831 1164 5870 uno
1203 5817 1350 5884 regni
1386 5817 1527 5885 ejus.
1561 5829 1658 5885 ego
1713 5813 1902 5867 Daniel
1965 5812 2205 5867 intellexi

1641 354 1894 416 DANIEL
1933 349 2164 409 ιυχτΑ
2215 341 2764 402 'l'llEODOTlONEM
2825 397 2835 414 κ

571 498 813 567 proiecta
841 503 928 552 eet
981 491 1132 548 humi
1182 487 1419 562 justitia,
1477 489 1532 537 et
1590 477 1742 538 fecit.
1799 483 1853 529 et
1887 480 2150 541 prospere

2258 481 2331 535 φη
2364 463 2540 534 χαμαὶ
2569 463 2602 530 ἡ
2644 453 2983 524 δικαιοσύνη,
3018 451 3112 506 καὶ
3147 444 3305 516 ἐποίη

1679 714 1976 820 U—squequo
2014 745 2152 799 visio
2257 730 2338 798 εἷς
2370 733 2524 801 ἅγιος
2549 728 2629 800 τῷ
2650 725 2920 797 Φελμουνὶ
2969 721 3048 791 τῷ
3103 714 3354 770 λαλοῦντι
3375 728 3388 744 ο

2256 796 2446 896 ὅρασις
2497 796 2774 890 στήσεται,
2837 813 2932 868 καὶ
2997 813 3031 882 ἡ
3083 807 3245 862 θυσία
3299 804 3333 873 ἡ
3394 796 3770 872 ἁρθεῖσα,καὶ
3805 796 3840 864 ὴ

2257 890 2507 987 ἁμαρτία
2554 911 2654 980 τῆς
2711 904 3048 979 ἐρημώσεως
3085 904 3118 972 ή
3167 897 3405 960 δοθεῖσα,
3436 893 3534 948 καὶ
3564 891 3624 944 τὸ
3663 890 3844 957 ἆγιον,

2260 1005 2356 1058 καὶ
2393 1006 2426 1075 ἡ
2461 1003 2692 1071 δύναμις
2741 993 3267 1068 συμπατηθήσεται;

2214 3161 2261 3222 C

3682 319 3830 377 2880

3314 459 3395 510 σε,
3425 438 3520 495 καὶ
3551 432 3811 510 εὐωδώθη
3824 471 3837 484 .

2327 642 2416 696 15.
2451 638 2562 694 Kal
2594 639 2803 707 ἤκουσα
2828 632 2947 694 ἐνὸς
2994 626 3148 696 ἁγίου
3191 618 3483 680 λαλοῦντος
3505 630 3522 645 ⁸
3556 613 3652 666 καὶ
3685 607 3840 663 εἶπεν

3443 709 3592 770 Ἕως
3641 704 3777 758 πότε
3805 705 3842 774 ὴ

2333 1069 2426 1152 14.
2453 1096 2564 1150 Kal
2603 1069 2757 1147 εἶπεν
2807 1087 2992 1159 αὐτῷ·
3050 1085 3198 1145 Ἕως
3243 1077 3507 1149 ἑσπέρας,
3561 1073 3658 1129 καὶ
3701 1069 3850 1143 πρωῒ

2263 1189 2467 1262 ἡμέραι
2496 1186 2772 1256 δισχίλιαι,
2809 1181 2906 1236 καὶ
2949 1175 3285 1250 τριακόσιαι,
3317 1170 3414 1223 καὶ
3447 1163 3847 1237 καθαρισθήσε-

2263 1299 2354 1335 ται
2378 1280 2439 1333 τὸ
2465 1279 2640 1348 ἅγιον.

2339 1373 2427 1428 15.
2463 1373 2572 1425 Kal
2590 1369 2810 1438 ἐγένετο
2839 1367 2896 1420 ὲν
2918 1363 2995 1435 τῷ
3047 1362 3177 1416 ἰδεῖν
3211 1376 3301 1430 με,
3357 1354 3468 1426 ἐγὼ
3513 1350 3737 1422 Δανιὴλ,
3754 1348 3852 1418 τὴν

2265 1469 2478 1536 ὅρασιν,
2506 1465 2736 1536 ἐζήτουν
2776 1455 3126 1525 σύνεσιν,καὶ
3157 1454 3267 1508 ἰδοὺ
3304 1451 3438 1520 ἔστη
3469 1445 3703 1501 ἐνώπιόν
3726 1460 3851 1514 μου,

2267 1561 2342 1624 ὼς
2370 1560 2560 1629 ὅρασις
2590 1554 2803 1626 ἀνδρός.

2343 1626 2431 1704 lli.
2458 1648 2570 1702 Kal
2597 1647 2806 1716 ἥκουσα
2840 1641 3023 1712 φωνὴν
3049 1637 3238 1709 ἀνδρὸς
3261 1634 3537 1704 ἀνάμεσον
3561 1628 3654 1684 τοῦ
3674 1626 3850 1681 Οὐδα-

2271 1740 2455 1804 λοῦλα,
2486 1739 2581 1792 καὶ
2641 1735 2892 1800 ἐκάλεσε,
2927 1734 3022 1786 καὶ
3064 1725 3185 1784 εἷπε
3210 1745 3224 1759 ο
3280 1727 3319 1780 Γ
3323 1722 3546 1796 αϐριὴλ,
3581 1720 3849 1774 συνέτισού

2201 1821 2244 1875 Β
2272 1835 2480 1886 ἐκεῖνον
2515 1829 2616 1900 τὴν
2643 1830 2854 1900 ὅρασιν.

2344 1920 2430 1973 17.
2465 1919 2576 1973 Kal
2603 1914 2755 1990 ἦλθε,
2788 1916 2883 1969 καὶ
2906 1914 3037 1983 ἔστη
3065 1911 3302 1983 ἐχόμενα
3326 1911 3426 1981 τῆς
3455 1905 3701 1969 στάσεώς
3725 1920 3851 1975 μου·

2274 2012 2368 2066 καὶ
2401 2012 2461 2064 ἐν
2483 2008 2559 2080 τῷ
2591 2008 2766 2062 ἐλθεῖν
2797 2007 2960 2061 αὑτὸν
3014 2001 3356 2074 ὲθαμὸήθην,
3394 2000 3492 2053 καὶ
3547 1999 3735 2050 πίπτω
3767 1997 3865 2048 ἐπὶ

2275 2103 2568 2176 πρόσωπόν
2600 2120 2701 2174 μου
2721 2119 2734 2132 ο
2761 2102 2858 2155 καὶ
2888 2096 3040 2152 εἶπεν
3072 2097 3208 2169 πρὸς
3250 2096 3319 2167 μέ
3342 2111 3356 2125 ο
3408 2093 3601 2157 Σύνες,
3631 2090 3714 2144 υἱὲ
3765 2089 3860 2143 ἁν-

2277 2196 2521 2268 θρὼπου,
2562 2194 2644 2246 ἔτι
2675 2193 2778 2266 γὰρ
2801 2193 2880 2255 είς
2912 2187 3105 2261 καιροῦ
3134 2188 3362 2260 πέραςὴ
3396 2188 3609 2258 ὅρασις.

2353 2290 2437 2346 18.
2471 2289 2582 2343 Kal
2607 2289 2665 2340 ὲν
2688 2286 2768 2357 τῷ
2797 2285 2978 2339 λαλεῖν
3008 2282 3171 2336 αὑτὸν
3208 2280 3326 2352 μετ’
3351 2279 3508 2350 ἐμοῦ,
3545 2277 3731 2330 πίπτω
3770 2275 3866 2328 ἐπὶ

2281 2381 2576 2455 πρόσωπόν
2601 2398 2704 2451 μου
2739 2380 2834 2432 ἐπὶ
2891 2376 2989 2448 τὴν
3051 2375 3178 2445 γῆν,
3218 2375 3314 2427 καὶ
3364 2373 3541 2450 ἣψατό
3583 2388 3708 2442 μου,
3769 2370 3866 2423 καὶ

2281 2442 2476 2542 ἔστησε
2507 2487 2574 2541 με
2596 2442 2690 2523 ἐπὶ
2713 2471 2838 2531 τοὺς
2863 2442 3029 2530 πόδας
3064 2442 3187 2536 μου,
3214 2465 3308 2518 καὶ
3332 2442 3505 2517 εἶπενί

2354 2565 2441 2619 19.
2487 2563 2617 2616 Ἰδοὺ
2648 2559 2758 2629 ἐγὼ
2783 2559 3036 2630 γνωρίζω
3061 2575 3143 2610 σοι
3195 2557 3261 2610 τὰ
3299 2557 3530 2626 ἐσόμενα
3564 2555 3648 2608 ἐπ’
3688 2554 3856 2623 ἐσχά-

2283 2673 2390 2710 των
2418 2655 2518 2726 τῆς
2555 2655 2726 2726 ὀργῆς
2751 2671 2764 2684 ο
2792 2652 2871 2706 ἐτι
2897 2651 3006 2723 γὰρ
3027 2653 3108 2714 είς
3129 2647 3320 2721 καιροῦ
3359 2650 3554 2720 πέρας.

2355 2747 2448 2803 20.
2475 2749 2533 2800 '0
2567 2747 2717 2817 κριὸς
2743 2744 2800 2797 ὃν
2830 2740 2990 2808 εἶδες,
3026 2745 3054 2796 6
3085 2742 3226 2812 ἕγων
3255 2739 3325 2794 τὰ
3344 2741 3572 2811 κέρατα,
3605 2736 3867 2809 βασιλεὺς

2285 2840 2506 2910 Μήδων,
2532 2839 2629 2891 καὶ
2663 2835 2911 2904 Περσῶν.

2355 2933 2447 2986 21.
2479 2931 2590 2984 Kal
2616 2930 2644 2982 6
2669 2929 2870 3000 τράγος
2909 2926 3018 2980 τῶν
3052 2925 3244 2994 αἰγῶν,
3279 2923 3532 2994 βασιλεὺς
3569 2920 3870 2992 Ἑλλήνων,

2287 3025 2383 3077 καὶ
2405 3023 2465 3076 τὸ
2509 3022 2678 3092 κέρας
2703 3021 2766 3072 τὸ
2785 3020 2951 3090 μέγα,
2990 3019 3019 3071 ὃ
3048 3014 3117 3088 ἦν
3140 3017 3418 3088 ὰνάμεσον
3446 3014 3556 3067 τῶν
3575 3011 3876 3082 ὀφθαλμῶν

2291 3112 2478 3180 αὑτοῦ,
2507 3113 2669 3177 αὑτός
2697 3113 2847 3165 ἐστιν
2880 3112 2910 3164 6
2945 3110 3203 3180 βασιλεὺς
3224 3111 3253 3161 6
3281 3107 3522 3178 πρῶτος.

2361 3208 2452 3262 22.
2486 3208 2597 3260 Kal
2627 3208 2708 3261 ὅτι
2750 3204 3062 3276 συνετρίϐη,
3086 3203 3184 3256 καὶ
3230 3200 3360 3271 ἔστη
3395 3198 3637 3269 τέσσαρα
3665 3196 3885 3269 κέρατα.

2291 3299 2643 3354 ὑποκάτωθεν
2661 3297 2852 3364 αὐτοῦ,
2899 3298 3171 3368 τέσσαρες
3201 3293 3442 3366 βασιλεῖς
3477 3291 3884 3360 ἀναστήσονται

2290 3395 2398 3448 ἀπὸ
2426 3393 2519 3446 τοῦ
2551 3393 2737 3458 ἔθνους
2765 3391 2954 3458 αὑτοῦ,
2985 3392 3082 3446 καὶ
3109 3390 3210 3444 οὐκ
3235 3391 3293 3442 ἐν
3323 3389 3400 3458 ’τῇ
3438 3384 3584 3456 ἰσχύϊ
3611 3381 3802 3436 αὐτοῦ.

2359 3487 2450 3541 25.
2477 3486 2589 3540 Kal
2613 3486 2698 3539 ἐπ’
2734 3484 2948 3555 ἐσχάτῳ
2977 3484 3074 3555 τῆς
3090 3479 3378 3553 ’βασιλείας
3411 3478 3612 3540 αὐτῶν,
3639 3476 3893 3547 πληρου-

2296 3577 2474 3648 μένων
2503 3576 2610 3629 τῶν
2639 3575 2928 3646 ἁμαρτιῶν
2955 3574 3156 3638 αὐτῶν,
3185 3573 3259 3637 ὡς
3301 3573 3368 3626 ἂν
3388 3569 3784 3644 σφραγίσονται
3809 3568 3890 3620 τὰ

2294 3667 2719 3740 παραπτώματα
2742 3669 2942 3733 αὐτῶν,
2973 3668 3340 3738 ἀναστήσεται
3367 3664 3624 3736 βασιλεὺς
3651 3661 3893 3732 ἀναιδὴς

2295 3761 2596 3834 προσώπῳ,
2626 3763 2720 3815 καὶ
2753 3761 2950 3815 συνιῶν
2993 3761 3376 3832 προϐλήματα,

2375 3857 2465 3913 24.
2490 3859 2600 3911 Kal
2622 3856 2861 3928 κραταιὰ
2894 3857 2927 3924 ἡ
2983 3855 3137 3925 ίσχὺς
3193 3850 3380 3916 αὑτοῦ,
3438 3851 3534 3903 καὶ
3572 3848 3674 3901 οὐκ
3722 3847 3781 3898 ὲν
3813 3849 3888 3916 τῇ

2301 3953 2446 4024 ἰσχύϊ
2503 3950 2702 4006 αὐτοῦ’
2755 3951 2852 4003 καὶ
2924 3947 3215 4018 θαυμαστᾶ
3275 3944 3576 4015 διαφθερεῖ,
3636 3941 3729 3994 καὶ
3781 3956 3866 3991 κα

2297 4047 2562 4108 τευθυνεῖ,
2607 4044 2704 4097 καὶ
2736 4042 2976 4112 ποιήσει,
3007 4040 3103 4093 καὶ
3129 4036 3411 4107 διαφθερεῖ
3437 4035 3717 4104 ἰσχυροὺς,
3784 4034 3887 4084 καὶ

2298 4139 2426 4192 λαὸν
2460 4138 2634 4206 ἆγιον.

2371 4232 2598 4287 ‘25.Kal
2633 4231 2660 4282 6
2698 4228 2860 4298 ζυγὸς
2906 4225 2999 4279 τοῦ
3067 4222 3249 4277 κλοιοῦ
3296 4220 3463 4275 αὑτοῦ
3517 4217 3884 4273 κατευθυνεῖ’

2299 4325 2446 4387 δόλος
2473 4325 2528 4375 ὲν
2564 4324 2630 4392 τῇ
2656 4320 2800 4390 χειρὶ
2837 4315 3025 4379 αὑτοῦ,
3066 4315 3161 4368 καὶ
3187 4315 3244 4365 ἐν
3268 4311 3470 4382 καρδίᾳ
3499 4306 3662 4361 αὐτοῦ
3705 4321 3890 4375 μεγα-

2300 4419 2651 4480 λυνθήσεται,
2711 4414 2806 4465 καὶ
2858 4410 2998 4478 δόλῳ
3049 4406 3332 4475 διαφθερεῖ
3374 4401 3625 4463 πολλοὺς,
3667 4399 3764 4450 καὶ
3789 4397 3893 4449 ἐπὶ

2230 4506 2273 4560 1)
2303 4510 2549 4580 ἀπωλείᾳ
2594 4505 2806 4559 πολλῶν
2853 4505 3108 4573 στήσεται
3142 4503 3208 4568 31(
3244 4498 3337 4551 καὶ
3367 4497 3462 4549 ἐπὶ
3515 4494 3680 4563 ἄρχον
3712 4494 3778 4556 x
3816 4507 3890 4542 τα

2298 4603 2577 4675 ἀρχόντων
2615 4599 2899 4667 στήσεται,
2936 4595 3030 4648 καὶ
3075 4593 3151 4657 ὡς
3197 4592 3278 4646 ea;
3309 4592 3366 4642 ὲν
3411 4588 3555 4660 χειρὶ
3599 4583 3891 4655 συντρίψει

2298 4697 2511 4758 αὐτοὺς.

2371 4788 2462 4843 26.
2503 4786 2612 4839 Kal
2643 4786 2677 4854 ἡ
2713 4784 2901 4853 ὅρασις
2953 4778 3053 4848 τῆς
3084 4777 3346 4848 ἑσπέρας,
3380 4776 3474 4828 καὶ
3521 4773 3620 4844 τῆς
3669 4773 3892 4843 πρωΐας

2301 4883 2398 4952 τῆς
2429 4879 2688 4951 ρηθείσης
2707 4873 2915 4944 ἀληθής
2968 4871 3122 4923 ὲστιο
3179 4869 3275 4922 καὶ
3317 4866 3380 4920 σὺ
3432 4865 3732 4938 σφράγισαι
3783 4865 3894 4935 τὴν

2304 4975 2517 5046 ὅρασιν,
2549 4971 2630 5024 ὅτι
2659 4969 2739 5031 είς
2761 4966 2976 5038 ἡμέρας
3013 4962 3216 5022 πολλὰς
3248 4961 3420 5015 ἔσται.

2371 5067 2466 5120 27.
2503 5064 2614 5117 Kal
2640 5061 2750 5131 ἐγὼ
2788 5057 2987 5131 Δανιὴλ
3016 5057 3338 5128 ὲκοιμήθην,
3385 5053 3481 5107 καὶ
3505 5049 3894 5123 ἐμαλακίσθην

2305 5159 2542 5230 ἡμέρας,
2565 5155 2660 5209 καὶ
2687 5153 2938 5222 ἀνέστην,
2977 5152 3071 5204 καὶ
3096 5148 3311 5202 ἐποίουν
3343 5146 3410 5199 τὰ
3441 5144 3578 5216 ἔργα
3607 5142 3700 5196 τοῦ
3733 5143 3891 5214 βασι-

2306 5253 2462 5314 λέως,
2488 5250 2582 5302 καὶ
2613 5246 2920 5318 ἐθαύμαζον
2948 5245 3044 5312 τὴν
3069 5244 3278 5312 ὅρασιν,
3323 5239 3418 5292 καὶ
3455 5237 3558 5290 οὐκ
3593 5232 3664 5307 ἦν
3705 5237 3734 5287 6
3767 5253 3893 5288 συν-

2312 5363 2406 5398 ιων
2415 5385 2427 5396 .

2843 5428 3236 5484 ΚΕΦΛΛΔῙΟΝ
3259 5429 3336 5479 8'.

2387 5532 2436 5583 1.
2475 5531 2564 5583 Ἐν
2599 5527 2677 5599 τῷ
2725 5525 2925 5598 πρώτῳ
2953 5523 3061 5575 ἔτει
3089 5520 3311 5592 Δαρείου
3350 5517 3444 5571 τοῦ
3476 5516 3594 5570 υἱοῦ
3634 5515 3902 5582 Ἀσσουὴ-

2321 5642 2411 5695 ρου
2445 5622 2553 5676 ἀπὸ
2586 5620 2679 5673 τοῦ
2708 5618 3025 5688 σπέρματος
3076 5613 3296 5683 Μήδων,
3330 5611 3389 5673 ὃς
3417 5609 3774 5664 ἐϐασίλευσεν
3801 5609 3898 5660 ἐπὶ

2318 5719 2413 5787 τὴν
2450 5712 2724 5784 βασιλείαν
2756 5707 3058 5766 Χαλδαίων

2391 5807 2444 5862 '2.
2496 5805 2584 5857 Ἐν
2617 5803 2727 5856 ἔτει
2762 5801 2840 5854 ἑνὶ
2873 5799 2970 5868 τῆς
3003 5796 3276 5866 βασιλείας
3329 5791 3519 5857 αὑτοῦ,
3543 5791 3654 5861 ἑγὼ
3697 5792 3893 5847 Δανιὴλ
