4122 6320
266 348 387 406 288i

1683 352 1914 411 CAPUT
1954 353 2045 411 IX.

3371 355 3515 413 388i

266 463 472 533 συνῆκα
510 465 570 517 ἐν
598 467 719 528 ταῖς
754 464 957 535 βίϐλοις
1008 466 1100 519 τὸν
1157 466 1390 538 ἀριθμὸν
1437 466 1546 518 τῶν
1581 465 1740 532 ἐτῶν,
1775 467 1834 531 ὃς

1938 469 1996 523 in
2031 468 2188 524 libris
2212 482 2503 524 numerum
2534 483 2827 530 annorum,
2868 470 2965 538 qui
3007 469 3182 525 factus
3211 480 3296 525 est
3330 485 3514 526 senon

265 554 484 626 ἐγενήθη
522 556 680 624 λόγος
703 557 910 628 Κυρίου
939 560 1075 628 πρδς
1102 559 1372 632 Ἱερεμίαν
1399 559 1494 612 τὸν
1524 560 1834 630 προφήτην,

265 648 339 710 εἰς
397 647 794 720 συμπλήρωσιν
823 649 1158 722 ἐρημώσεως
1194 652 1552 724 Ἰερουσαλὴμ
1600 653 1835 722 ἑϐδομή-

263 757 415 792 κοντα
447 740 563 812 ἔτη.

324 832 376 886 3.
409 835 520 886 Καὶ
540 835 720 889 ἔδωκα
748 834 810 888 τὸ
834 836 1127 906 πρόσωπόν
1165 853 1268 906 μου
1322 836 1458 906 πρὸς
1504 835 1706 908 Κύριον
1743 836 1836 888 τὸν

261 921 405 985 Θεὸν,
455 923 551 976 τοῦ
611 925 942 995 ἐπιζητῆσαι
1006 925 1338 995 προσευχὴν,
1403 927 1497 978 καὶ
1539 925 1746 994 δέησιν,
1776 927 1834 977 ὲν

267 1015 546 1084 νηστείαις,
571 1016 666 1068 καὶ
695 1018 753 1068 ὲν
775 1018 983 1087 σάκκῳ.
1013 1017 1109 1070 καὶ
1140 1018 1339 1088 σποδῷ.

321 1107 374 1158 4.
401 1106 509 1158 Καὶ
537 1107 937 1177 προσηυξάμην
963 1109 1100 1178 πρὸς
1135 1108 1341 1180 Κύριον
1401 1107 1492 1162 τὸν
1541 1108 1676 1162 Θεόν
1704 1125 1830 1178 μου,

261 1199 344 1250 καὶ
399 1198 923 1270 ἐξωμολογησάμην,
981 1201 1074 1253 καὶ
1135 1197 1306 1255 εἶπον·
1343 1199 1514 1272 Κύριε
1561 1202 1590 1253 6
1620 1199 1754 1263 Θεὸς
1805 1201 1834 1252 6

265 1288 446 1358 μέγας,
498 1291 592 1341 καὶ
647 1289 978 1359 θαυμαστὸς,
1021 1293 1049 1344 6
1083 1293 1372 1360 φυλάσσων
1423 1293 1522 1364 τὴν
1569 1293 1834 1365 διαθήκην

261 1382 346 1434 καὶ
371 1382 461 1434 τὸν
492 1380 638 1435 ἔλεον
664 1384 777 1446 τοῖς
809 1383 1065 1450 ἁγαπῶσί
1103 1401 1182 1448 σε,
1239 1385 1336 1438 καὶ
1365 1383 1708 1453 φυλάσσουσι
1733 1385 1834 1448 τὰς

162 1494 172 1508 ι
261 1469 473 1532 ἐντολάς
501 1488 594 1524 σου
606 1511 620 1524 .

325 1562 378 1616 5.
417 1563 788 1634 Ἦμάρτομεν,
839 1563 1219 1636 ἠδικήσαμεν,
1283 1564 1672 1637 ήσεϐήσαμεν,
1737 1568 1832 1620 καὶ

259 1653 588 1722 ἀπέστημεν,
635 1655 732 1707 καὶ
787 1655 1138 1726 ὲξεκλὶναμεν
1169 1656 1277 1709 ἀπὸ
1305 1655 1415 1710 τῶν
1438 1657 1674 1710 ἐντολῶν
1703 1674 1825 1724 σου,

261 1743 347 1796 καὶ
367 1743 474 1796 ἀπὸ
498 1744 606 1795 τῶν
635 1746 929 1816 χριμάτων
963 1764 1086 1801 σου.
1201 1739 1226 1760 ³

1940 559 2154 614 Domini
2185 560 2250 615 ad
2284 557 2600 626 Jeremiam,
2642 562 2962 631 prophetam
3009 559 3065 612 in
3093 560 3512 629 completionem

1937 650 2294 708 desolationis
2329 650 2634 709 Jerusalem
2662 652 3007 724 septuaginta
3047 652 3229 707 annis.

2009 830 2062 884 3.
2107 829 2175 884 Et
2202 829 2324 885 dedi
2356 829 2550 886 faciem
2576 847 2754 888 meam
2795 833 2862 886 ad
2897 832 3188 887 Dominum
3235 831 3426 898 Deum,
3456 843 3516 887 ut

1936 938 2234 994 quaererem
2270 939 2478 992 preces,
2515 935 2571 980 et
2599 925 3040 981 obsecrationem
3075 926 3128 980 in
3178 925 3428 996 jejuniis,
3463 935 3516 980 et

1937 1016 1990 1068 in
2026 1030 2206 1080 sacco,
2241 1023 2296 1072 et
2322 1016 2525 1072 cinere.

2007 1104 2062 1158 4.
2106 1104 2172 1159 Ει
2201 1106 2351 1160 oravi
2385 1106 2452 1159 ad
2484 1105 2780 1161 Dominum
2835 1106 3005 1163 Deum
3055 1124 3262 1172 meum,
3293 1119 3348 1163 et
3381 1125 3513 1165 con-

1935 1194 2115 1250 fessus
2145 1211 2290 1259 sum,
2318 1206 2372 1250 et
2393 1197 2505 1250 dixi
2531 1213 2549 1252 :
2578 1196 2807 1253 Domine
2835 1198 2980 1255 Deus
3015 1217 3231 1270 magne,
3259 1211 3312 1255 et
3348 1203 3514 1254 mita-

1934 1287 2082 1355 bilis,
2113 1288 2430 1346 custodiens
2481 1297 2890 1353 testamentum,
2959 1301 3014 1345 et
3082 1293 3513 1348 misvricordiam

1935 1379 2287 1450 diligentibus
2325 1390 2397 1444 te,
2432 1389 2487 1435 et
2520 1380 2956 1437 cuswdientibtts
2991 1384 3244 1437 mandata
3277 1395 3386 1437 tua.

2005 1566 2062 1620 5.
2102 1565 2478 1628 Peccavimus,
2515 1562 2861 1632 iniquitatem
2896 1560 3148 1624 fecimus,
3201 1561 3363 1629 impie
3394 1561 3511 1628 cgi-

1934 1674 2080 1720 mus,
2130 1668 2183 1712 et
2232 1657 2581 1719 recessimus,
2637 1663 2693 1708 et
2746 1652 3207 1708 declinavimusa
3239 1652 3514 1709 mandatis

1935 1749 2064 1815 tuis,
2095 1755 2148 1802 et
2174 1764 2204 1802 a
2229 1747 2450 1817 iudiciis
2479 1745 2610 1800 tuis.

321 1833 374 1886 6.
402 1833 512 1885 Καὶ
536 1834 636 1886 ούκ
663 1835 978 1906 ἠκούσαμεν
1017 1836 1127 1890 τῶν
1181 1839 1384 1894 δούλων
1424 1859 1516 1894 σου
1550 1842 1660 1894 τῶν
1693 1859 1832 1914 προ-

2007 1812 2062 1893 6.
2099 1840 2162 1893 Et
2188 1812 2294 1893 non
2328 1837 2640 1892 audivimus
2675 1851 2864 1892 servos
2890 1847 3014 1891 tuos
3043 1836 3340 1906 prophetas
3365 1875 3380 1898 ,
3417 1835 3510 1904 qui

259 1922 459 1991 φητῶν,
487 1925 536 1976 οἳ
559 1924 782 1979 ἐλάλουν
809 1928 866 1979 ἐν
891 1927 967 1998 τῷ
995 1929 1224 2000 ὀνόματί
1251 1949 1344 1984 σου
1375 1934 1511 2002 πρὸς
1535 1936 1662 1998 τοὺς
1680 1934 1832 2005 βασιο

256 2013 356 2075 λεῖς
376 2015 409 2084 ή
419 2013 556 2084 μῶν,
587 2017 681 2068 καὶ
703 2017 842 2087 πρὸς
873 2020 998 2082 τοὺς
1027 2021 1292 2091 ἄρχοντας
1319 2023 1495 2095 ήμῶν,
1544 2027 1637 2078 καὶ
1664 2027 1832 2079 πατέ-

257 2123 350 2175 ρας
377 2105 556 2176 ἡμῶν,
598 2109 690 2160 καὶ
724 2109 860 2180 πρὸς
887 2112 1064 2166 πάντα
1091 2114 1181 2166 τὸν
1207 2114 1334 2168 λαὸν
1374 2115 1475 2185 τῆς
1507 2117 1626 2186 γῆς.

321 2194 372 2247 7.
403 2196 514 2261 Σοὶ,
550 2198 746 2269 Κύριε,
789 2202 822 2264 ή
863 2201 1206 2273 δικαιοσύνη,
1234 2207 1326 2258 καὶ
1356 2208 1486 2276 ἡμῖν
1535 2210 1567 2278 ἡ
1603 2209 1832 2278 αἰσχύνη

257 2285 342 2339 τοῦ
381 2287 698 2359 προσώπου,
732 2291 806 2354 ὡς
842 2294 875 2362 ή
909 2294 1096 2364 ἡμέρα
1125 2295 1287 2366 αὓτη,
1321 2298 1475 2368 ἀνδρὶ
1513 2298 1704 2361 Ἰούδα,
1739 2303 1832 2353 καὶ

255 2379 362 2440 τοῖς
389 2380 740 2434 κατοικοῦσιν
764 2383 821 2434 ὲν
857 2385 1234 2457 Ἰερουσαλὴμ.
1265 2389 1358 2441 καὶ
1387 2389 1550 2442 παντὶ
1592 2391 1830 2461 Ἰσραὴλ,

256 2469 360 2529 τοῖς
394 2468 586 2536 ἐγγὺς,
625 2472 850 2535 καὶτοῖς
883 2474 1100 2542 μακρὰν
1123 2479 1180 2528 ἐν
1233 2477 1383 2550 πάσῃ
1418 2482 1483 2549 τῇ
1513 2482 1606 2550 γῇ,
1636 2475 1696 2532 οὗ
1726 2481 1834 2533 διέ-

257 2573 479 2629 σπειρας
510 2561 709 2626 αὐτοὺς
742 2565 857 2617 ἐκεῖ
878 2566 933 2618 ὲν
966 2566 1158 2638 άθεσίᾳ
1187 2570 1366 2622 αὐτῶν
1455 2571 1729 2642 ἠθέτησαν
1773 2575 1832 2625 ἐν

260 2651 358 2703 σοί.

327 2743 382 2798 8.
407 2743 599 2813 Κύριε,
634 2747 766 2816 ἡμῖν
817 2747 1047 2820 αἰσχύνη
1093 2750 1187 2803 τοῦ
1245 2752 1560 2822 προσώπου,
1603 2755 1832 2819 καὶτοῖς

262 2829 566 2900 βασιλεῦσιν
594 2837 626 2904 ἡ
637 2834 776 2903 μῶν,
805 2837 900 2888 καὶ
927 2839 1043 2900 τοῖς
1096 2839 1357 2909 ἄρχουσιν
1388 2849 1420 2912 η
1431 2843 1568 2912 μῶν,
1597 2847 1693 2896 καὶ
1721 2847 1832 2907 τοῖς

263 2925 526 2992 πατράσιν
560 2927 742 2996 ήμῶν,
774 2928 990 2992 οἵτινες
1016 2931 1342 3003 ἡμάρτομεν
1369 2936 1428 2986 ὲν
1462 2936 1565 2988 σοί.

331 3015 375 3068 9.
408 3007 502 3077 Τῷ
533 3017 724 3087 Κυρίῳ
755 3016 1052 3089 Θεῷήμῶν
1078 3021 1128 3072 οἱ
1167 3022 1462 3094 οἰκτιρμοὶ,
1506 3023 1600 3077 καὶ
1629 3026 1679 3077 οἰ
1716 3025 1832 3077 ἰλα-

263 3107 400 3175 σμοί,
421 3108 508 3160 ὅτι
527 3109 865 3180 ἀπέστημεν.

324 3199 413 3252 10.
441 3199 545 3253 Καὶ
566 3201 668 3254 οὐκ
697 3203 1103 3275 εἰσηκούσαμεν
1153 3206 1254 3276 τῆς
1290 3209 1475 3278 φωνῆς
1507 3195 1833 3280 Κυρίουίτοῦ

256 3291 388 3345 Θεοῦ
417 3294 597 3364 ήμῶν,
632 3297 960 3366 πορεύεσθαι
1011 3300 1070 3352 ἐν
1121 3303 1233 3364 τοῖς
1288 3302 1476 3372 νόμοις
1531 3303 1718 3364 αὐτοῦ,
1755 3299 1837 3368 οἷς

257 3382 422 3436 ἔδωκε
469 3385 612 3438 κατὰ
663 3389 957 3458 πρόσωπον
1002 3389 1163 3460 ήμῶν
1197 3393 1256 3443 ὲν
1290 3393 1436 3462 χειρὶ
1490 3393 1598 3446 τῶν
1633 3393 1836 3447 δούλων

257 3474 421 3528 αὑτοῦ
450 3477 562 3528 τῶν
593 3479 911 3548 πῳφητῶν.

329 3569 418 3622 ll.
455 3571 565 3623 Καὶ
595 3575 700 3634 πᾶς
747 3573 966 3645 Ἰσραὴλ
991 3576 1314 3647 παρέὸησαν
1359 3577 1451 3630 τὸν
1512 3577 1676 3649 νόμον
1717 3596 1834 3646 σου,

258 3663 350 3714 καὶ
383 3663 667 3726 ἐξέκλιναν
694 3664 789 3717 τοῦ
842 3668 917 3737 μὴ
963 3666 1196 3722 ἀκοῦσαι
1257 3671 1359 3740 τῆς
1387 3671 1572 3742 φωνῆς
1596 3687 1711 3735 σου,
1742 3673 1837 3725 καὶ

261 3755 496 3825 ἐπῆλθεν
519 3758 603 3824 ἐφ’
637 3759 786 3828 ἡμᾶς
811 3760 845 3829 ἡ
867 3761 1104 3832 κατάρα,
1141 3761 1238 3815 καὶ
1285 3765 1313 3816 ὁ
1339 3763 1501 3833 ὅρκος
1521 3766 1550 3816 6
1585 3781 1837 3835 γεγραμ-

265 3849 421 3917 μένος
443 3849 503 3900 ἐν
526 3848 675 3920 νόμῳ
710 3851 880 3922 Μωσῆ
929 3852 1116 3906 δούλου
1150 3853 1244 3906 τοῦ
1272 3853 1430 3914 Θεοῦ,
1459 3855 1542 3908 ὅτι
1580 3857 1830 3928 ἡμάρτο-

265 3956 359 4008 μεν
383 3939 556 4010 αύτῷ.

329 4033 416 4086 η.
445 4033 557 4085 Καὶ
575 4031 768 4104 ἔστησε
795 4034 922 4094 τοὺς
969 4035 1160 4104 λόγους
1217 4036 1404 4100 αὑτοῦ,
1431 4036 1522 4101 οὓς
1573 4038 1836 4110 ἐλάλησεν

261 4125 344 4191 ἐφ’
377 4125 548 4194 ἡμᾶς,
580 4127 675 4178 καὶ
729 4125 821 4178 ἐπὶ
888 4127 1014 4189 τοὺς
1069 4127 1262 4197 κριτὰς
1306 4126 1485 4198 ήμῶν,
1522 4128 1572 4181 οἳ
1626 4129 1838 4200 ἔκρινον

259 4216 403 4284 ἡμᾶς
415 4218 715 4285 ἐπαγαγεῖν
738 4219 820 4288 ἐφ’
838 4221 869 4288 ή
881 4220 985 4286 μᾶς
1006 4219 1152 4272 κακὰ
1180 4219 1409 4288 μεγάλα,
1429 4215 1514 4272 οἷα
1531 4221 1590 4272 οὐ
1617 4222 1838 4289 γέγονεν

262 4306 516 4360 ὑποκάτω
542 4308 744 4371 παντὸς
780 4307 875 4361 τοῦ
905 4307 1157 4380 ούρανοῦ,
1191 4309 1334 4362 κατὰ
1359 4309 1427 4362 τὰ
1467 4309 1734 4379 γενόμενα
1781 4311 1838 4362 ὲν

267 4398 580 4469 Ἷερουσαλή
591 4417 646 4470 μ.

1935 1929 2298 1998 loquebantur
2326 1928 2548 1982 nomine
2600 1937 2695 1982 tuo
2731 1928 2797 1982 ad
2843 1944 3000 1998 rcges
3050 1940 3268 1984 nostros
3295 1968 3309 1989 ,
3364 1937 3418 1981 et
3446 1928 3510 1980 ad

1933 2020 2210 2091 principes
2241 2028 2480 2084 nostros,
2509 2028 2564 2074 et
2595 2029 2778 2089 patres
2813 2031 3048 2085 nostros,
3095 2031 3148 2074 et
3197 2020 3264 2074 ad
3293 2035 3510 2074 omnem

1933 2111 2193 2182 populum
2231 2121 2409 2165 terrae.

2009 2203 2059 2257 7.
2105 2201 2246 2266 Tibi,
2281 2201 2525 2266 Donziue,
2562 2201 2793 2272 iustitia.
2830 2201 2990 2256 nobis
3017 2214 3200 2257 autem
3260 2201 3513 2255 confusio

1934 2293 2113 2357 faciei,
2143 2294 2285 2348 sicut
2304 2292 2420 2347 dies
2456 2293 2590 2356 haec,
2627 2291 2742 2344 viro
2771 2289 2931 2355 Juda,
2955 2301 3011 2346 et
3058 2292 3430 2347 habitantibus
3459 2293 3511 2345 in

1931 2385 2256 2450 Jerusalem,
2292 2392 2347 2438 et
2381 2384 2528 2437 omni
2575 2383 2765 2445 fsrael.
2814 2385 2898 2438 Itis
2946 2385 3039 2452 qui
3083 2400 3248 2453 prupe
3280 2393 3428 2448 sunt,
3461 2394 3515 2437 et

1934 2476 2022 2531 liis
2078 2476 2171 2545 qui
2203 2474 2394 2544 procul
2441 2475 2496 2527 in
2547 2475 2803 2528 universa
2841 2483 3006 2538 terra,
3058 2490 3168 2544 quo
3205 2475 3512 2544 dispersisti

1933 2583 2026 2622 eos
2056 2568 2207 2632 illuc,
2243 2567 2299 2621 in
2344 2568 2795 2636 praevaricatione
2845 2581 3057 2631 eorum,
3094 2582 3203 2636 qua
3258 2568 3515 2636 primari-

1934 2659 2044 2715 cati
2087 2667 2217 2714 sunt
2240 2659 2293 2714 in
2325 2669 2398 2714 te.

2005 2751 2059 2805 8.
2102 2750 2356 2818 Domine,
2391 2751 2553 2806 nobis
2583 2750 2837 2807 confusio
2872 2749 3050 2814 faciei,
3087 2762 3140 2805 et
3172 2751 3389 2820 regibus
3416 2768 3517 2804 nu-

1933 2843 2086 2908 stris,
2146 2853 2200 2898 et
2258 2844 2600 2914 principibus
2634 2844 2858 2906 nostris,
2899 2853 2954 2897 et
3007 2843 3258 2914 patribus
3289 2843 3512 2907 nostris,

1934 2938 2028 3008 qui
2065 2937 2417 3009 peccavimus
2449 2937 2504 2990 in
2541 2946 2613 2991 te.

2008 3031 2063 3085 9.
2108 3030 2342 3084 Domino
2373 3027 2486 3082 Deo
2523 3038 2714 3083 nostro
2754 3028 3159 3091 miserationes,
3214 3036 3268 3080 et
3327 3027 3514 3096 prom-

1938 3122 2219 3187 tialiones,
2259 3122 2385 3189 quia
2416 3123 2769 3175 recessimus.

2011 3214 2098 3268 10.
2143 3213 2211 3266 Et
2235 3227 2340 3265 non
2375 3211 2755 3267 exaudivimus
2787 3225 2976 3266 vocem
3030 3209 3250 3264 Domini
3289 3208 3385 3264 Dei
3418 3227 3518 3264 no-

1939 3306 2141 3368 stri,ut
2168 3303 2579 3358 ambularemus
2634 3302 2690 3356 in
2753 3301 2964 3372 legibus
3023 3301 3166 3370 ejus,
3202 3317 3340 3371 quas
3369 3303 3518 3357 dedit

1939 3405 2064 3451 ante
2096 3395 2293 3450 faciem
2335 3401 2582 3448 nostram
2635 3393 2692 3446 in
2744 3406 2911 3447 manu
2975 3407 3259 3448 servorum
3293 3409 3516 3448 suorum

1938 3490 2349 3561 prophetarum.

2011 3582 2099 3635 11.
2142 3579 2208 3634 Et
2238 3578 2417 3634 omnis
2444 3578 2611 3632 Israel
2632 3577 2970 3647 pravaricati
2995 3588 3123 3632 sunt
3148 3579 3320 3648 legem
3346 3588 3515 3644 tuam,

1938 3682 1992 3727 et
2029 3671 2462 3733 declinaverunt,
2491 3683 2557 3722 ne
2591 3668 2844 3722 audirent
2888 3682 3078 3722 vocem
3119 3679 3289 3730 tuam,
3341 3677 3395 3722 et
3427 3687 3520 3722 su-

1936 3761 2188 3832 pervenit
2212 3774 2378 3830 super
2405 3773 2508 3814 nos
2530 3757 2870 3820 maledictio,
2897 3767 2953 3812 et
2975 3758 3346 3825 juramentum
3373 3759 3517 3826 quod

1939 3855 2211 3924 scriptum
2246 3860 2329 3907 est
2356 3851 2408 3905 in
2442 3851 2561 3920 lege
2591 3849 2725 3904 Mosi
2761 3849 2910 3902 servi
2929 3848 3042 3916 Dei,
3093 3850 3224 3920 quia
3267 3851 3521 3921 peccavi-

1940 3961 2062 4000 mus
2093 3945 2164 3998 ei.

2011 4037 2098 4090 ιε.
2143 4037 2208 4090 Ει
2239 4035 2432 4090 statuit
2463 4049 2750 4090 sermones
2779 4048 2933 4097 suos,
2981 4046 3122 4102 quos
3170 4032 3384 4086 locutus
3437 4045 3520 4088 est

1939 4146 2104 4200 super
2140 4145 2264 4193 nos,
2300 4141 2354 4183 et
2385 4125 2780 4196 superjudiccs
2813 4135 3052 4186 nostros,
3088 4125 3180 4194 qui
3202 4124 3519 4192 iudicarunt

1941 4239 2058 4289 nos,
2098 4235 2155 4276 nt
2200 4221 2694 4291 superinducetent
2749 4235 2913 4290 super
2970 4233 3068 4288 nos
3127 4219 3267 4272 mala
3294 4234 3514 4288 magna,

1939 4315 2121 4386 qualia
2157 4331 2260 4369 non
2287 4313 2504 4368 fuerunt
2531 4314 2634 4368 sub
2682 4315 2830 4366 omni
2883 4311 3043 4372 coelo.
3102 4318 3400 4367 secundum
3430 4329 3515 4377 ea,

1943 4419 2060 4474 quae
2092 4403 2230 4457 facta
2262 4413 2390 4458 sunt
2429 4404 2482 4457 in
2516 4402 2842 4458 Jerusalem.

329 4491 416 4543 l3.
445 4490 646 4552 Καθὼς
668 4490 975 4562 γέγραπται
994 4493 1050 4542 ἐν
1074 4489 1151 4561 τῷ
1170 4490 1318 4561 νόμῳ
1339 4489 1538 4558 Μωσῆ,
1565 4490 1745 4544 πάντα
1770 4490 1834 4543 τὰ

2013 4497 2103 4551 13.
2148 4495 2302 4551 Sicut
2327 4497 2588 4566 scriptum
2624 4507 2707 4551 est
2741 4493 2793 4549 in
2827 4496 2944 4566 lege
2979 4495 3136 4559 Mosi,
3171 4494 3354 4549 omnia
3375 4496 3515 4549 mala

257 4579 406 4632 κακὰ
430 4578 604 4632 ταῦτα
621 4575 784 4650 ἦλθεν
810 4580 896 4648 ἐφ’
930 4583 1076 4650 ἡμᾶς
1094 4598 1106 4611 ·
1143 4580 1239 4633 καὶ
1282 4581 1381 4633 οὐκ
1413 4579 1712 4652 ἐδεήθημεν
1742 4579 1836 4633 τοῦ

257 4669 553 4740 προσώπου
580 4673 787 4740 Κυρίου
814 4671 909 4725 τοῦ
942 4671 1077 4725 Θεοῦ
1135 4671 1312 4743 ήμῶν,
1343 4673 1682 4744 ἀποστρέψαι
1730 4673 1840 4726 ἀπὸ

253 4762 364 4816 τῶν
393 4762 620 4817 ἀδικιῶν
649 4763 825 4835 ἡμῶν,
877 4765 969 4816 καὶ
997 4763 1091 4816 τοῦ
1147 4764 1382 4817 συνιέναι
1423 4766 1480 4817 ὲν
1521 4765 1672 4840 πάσῃ
1701 4765 1836 4836 ἁλη-

255 4855 396 4927 θείᾳ.

325 4948 418 5002 Η.
443 4948 556 5002 Καὶ
594 4947 935 5018 ὲγρηγόρησε
965 4946 1172 5017 Κύριος
1202 4949 1231 5000 6
1257 4947 1388 5009 Θεὸς
1425 4949 1585 5020 ἡμῶν
1613 4949 1706 5004 ἐπὶ
1738 4952 1838 5023 τὴν

253 5040 458 5093 κακίαν
483 5039 664 5110 ήμῶν,
689 5041 782 5092 καὶ
808 5040 1014 5108 ἢγαγεν
1046 5039 1214 5110 αὐτὴν
1235 5039 1503 5112 ἐφ’ήμᾶς,
1523 5042 1604 5095 ὅτι
1631 5043 1838 5108 δίκαιος

252 5129 464 5200 Κύριος
488 5132 517 5183 6
539 5127 671 5195 Θεὸς
700 5131 859 5202 ήμῶν
899 5132 991 5184 ἐπὶ
1025 5134 1206 5185 πᾶσαν
1243 5132 1342 5202 τὴν
1396 5135 1614 5204 ποίησιν
1647 5133 1836 5199 αὑτοῦ,

249 5224 324 5294 ἢν
375 5223 623 5294 ἐποίησε,
686 5226 816 5278 διότι
863 5225 964 5277 οὐκ
1021 5224 1423 5296 εἰσηκούσαμεν
1500 5225 1598 5294 τῆς
1654 5225 1839 5294 φωνῆς

253 5314 443 5370 αὑτοῦ.

327 5430 418 5484 15.
452 5430 562 5486 Καὶ
589 5428 684 5482 νῦν
714 5427 929 5499 Κύριεὸ
960 5427 1089 5492 Θεὸς
1120 5428 1300 5500 ἡμῶν,
1333 5428 1392 5492 ὃς
1445 5429 1716 5499 ἐξήγαγες
1745 5428 1839 5481 τὸν

250 5521 388 5576 λαόν
437 5537 528 5574 σου
575 5521 640 5573 ὲκ
699 5520 801 5589 γῆς
848 5518 1122 5588 Αἰγύπτου
1167 5521 1224 5572 ὲν
1266 5521 1411 5589 χειρὶ
1450 5521 1707 5590 κραταιᾷ.
1744 5518 1838 5572 κα)⁸

251 5612 517 5684 ἐποίησας
551 5611 764 5680 σεαυτῷ
791 5609 962 5675 ὄνομα
993 5609 1068 5672 ὡς
1097 5611 1130 5680 ή
1177 5609 1363 5681 ήμέρα
1405 5609 1566 5681 αὕτη,
1598 5609 1841 5682 ἡμάρτο-

248 5723 376 5775 μεν,
399 5705 778 5774 ήνομήσαμεν.

321 5794 416 5850 16.
450 5795 646 5863 Κύριε,
665 5795 724 5846 ὲν
748 5794 894 5865 πάσῃ
919 5788 1257 5865 ὶλεημοσύνῃ
1290 5811 1404 5860 σου,
1430 5795 1837 5865 άποστραφήτω

1939 4590 2055 4644 haec
2092 4599 2360 4643 venerunt
2389 4602 2554 4657 super
2589 4601 2726 4643 nos:
2758 4595 2813 4640 et
2841 4603 2948 4641 non
2981 4585 3297 4657 rogavimus
3321 4583 3514 4640 faciem

1942 4681 2156 4736 Domini
2189 4677 2282 4734 Dei
2324 4680 2519 4744 nostri,
2554 4689 2616 4734 ut
2639 4691 3044 4735 reverteremur
3086 4679 3156 4733 ab
3211 4677 3519 4746 iniquitati-

1939 4775 2043 4830 bus
2069 4774 2298 4838 nostris,
2319 4782 2372 4828 et
2401 4781 2460 4826 ut
2483 4772 2910 4843 intelligeremus
2936 4773 2990 4826 in
3016 4772 3164 4827 omni
3197 4769 3441 4825 veritate.

2012 4945 2098 5002 11.
2145 4944 2210 4999 Ει
2241 4945 2484 5016 vigilavit
2511 4943 2778 5001 Dominus
2805 4945 2949 5001 Deus
2980 4957 3165 5002 noster
3190 4964 3354 5018 super
3400 4965 3517 5003 ma-

1939 5036 2110 5091 litiam
2137 5045 2406 5100 nostram,
2439 5044 2494 5092 et
2558 5037 2792 5092 adduxit
2817 5053 2938 5093 eam
2999 5054 3288 5108 supernos
3329 5058 3343 5094 :
3387 5044 3514 5111 quia

1936 5129 2120 5199 justus
2160 5127 2426 5184 Dominus
2479 5129 2623 5186 Deus
2671 5139 2859 5185 noster
2893 5130 2948 5184 in
2998 5130 3149 5184 omni
3192 5146 3356 5202 opere
3389 5147 3512 5197 suo,

1941 5221 2086 5288 quod
2119 5219 2246 5274 fecit
2281 5239 2294 5274 :
2326 5221 2455 5289 quia
2481 5236 2590 5276 non
2614 5221 2998 5276 exaudivimus
3023 5236 3211 5277 vocem
3240 5223 3385 5292 ejus.

2014 5422 2100 5477 l5.
2145 5421 2211 5477 Et
2245 5436 2412 5484 nunc,
2441 5419 2674 5477 Domine
2702 5421 2846 5478 Deus
2897 5434 3104 5491 noster,
3135 5423 3228 5494 qui
3280 5424 3515 5482 eduxieti

1939 5514 2197 5585 populum
2227 5523 2382 5567 tuum
2414 5511 2481 5568 de
2503 5525 2646 5568 terra
2693 5513 2914 5586 Aﬂgypti
2962 5517 3015 5570 in
3066 5531 3230 5571 manu
3264 5515 3415 5582 forti,
3465 5529 3516 5574 et

1940 5604 2115 5661 fecisti
2139 5603 2236 5658 tibi
2277 5617 2473 5659 nomen
2501 5605 2644 5660 sicut
2672 5607 2792 5661 dies
2820 5606 2935 5662 haec
2975 5625 2988 5659 :
3021 5609 3390 5679 peccavimus,
3420 5611 3521 5666 lm-

1942 5697 2027 5768 pie
2057 5697 2287 5767 egimus.
2474 5768 2483 5776 ,
2510 5769 2516 5776 ι
3046 5769 3050 5776 ν
3104 5710 3106 5712 '
3334 5700 3340 5706 ’

2015 5789 2102 5844 l6.
2145 5787 2392 5855 Domine,
2424 5789 2482 5844 in
2529 5791 2678 5846 omni
2736 5791 3114 5849 misericordia
3161 5797 3520 5860 tu‘a,'averta-
