4122 6320
543 314 687 374 2883

1614 314 1862 371 DANIEL
1914 313 2139 370 JUXTA
2178 314 2720 372 THEODOTIONEM

3638 313 3784 372 2884
3797 372 3810 379 ν.

544 443 654 496 tur,
682 432 934 497 obsecro,
967 429 1118 486 furor
1153 441 1300 497 tuus,
1341 439 1398 487 et
1428 431 1510 486 ira
1561 440 1653 488 tua
1705 448 1738 485 a
1771 431 1990 486 civitate
2019 439 2108 485 tua

2219 431 2285 502 δὴ
2308 435 2337 487 δ
2366 432 2539 502 θυμός
2571 449 2684 498 σου,
2710 433 2804 487 καὶ
2835 433 2868 502 ἡ
2902 433 3036 502 ὀργή
3061 447 3155 485 σου
3195 430 3304 485 ἀπὸ
3331 430 3430 501 τῆς
3457 430 3664 494 πόλεώς
3697 448 3790 484 σου

541 525 869 588 Jerusalem,
924 533 1110 579 monte
1146 533 1338 579 sancto
1395 531 1509 578 tuo.
1547 522 1686 589 Quia
1741 531 1965 592 propter
1990 536 2114 591 pec-

543 630 667 674 cata
697 627 903 686 nostra,
931 627 988 673 et
1015 626 1234 688 prepter
1265 617 1580 686 iniquitates
1633 623 1885 678 nostras,
1932 623 1985 669 et
2018 629 2116 684 pa-

545 721 686 765 trum
714 721 1072 774 nostrorum,
1127 707 1454 770 Jerusalem.
1510 714 1566 760 et
1617 706 1848 776 populus
1907 715 2030 760 tuus
2061 706 2114 759 in

543 803 898 873 opprobrium
955 799 1132 856 factus
1186 808 1270 856 est
1315 799 1593 864 omnibus,
1659 799 1751 867 qui
1787 799 1841 852 in
1881 799 2116 854 circuitu

544 902 733 948 nostro
757 903 906 947 sunt.

615 985 700 1038 17.
748 985 814 1038 Et
845 997 990 1037 nunc
1021 981 1239 1046 exaudi,
1275 981 1501 1037 Domine
1518 981 1660 1038 Deus
1678 993 1884 1046 noster,
1912 982 2120 1037 oratio-

543 1091 663 1129 nem
691 1074 833 1128 servi
862 1075 969 1140 tul,
1002 1083 1059 1128 et
1101 1087 1292 1143 preces
1341 1072 1498 1143 ejus,
1555 1082 1611 1128 et
1657 1073 1886 1128 ostende
1918 1071 2113 1128 faciem

543 1177 690 1220 tuam
723 1181 891 1235 super
912 1167 1288 1221 sanctuarium
1319 1172 1500 1231 tuum,
1529 1166 1674 1236 quod
1704 1167 1979 1221 desertum
2009 1174 2113 1231 est,

540 1268 764 1328 propter
795 1267 867 1321 te,
899 1257 1145 1312 Domine.

613 1350 700 1403 18.
743 1349 971 1414 lnclina,
1007 1349 1147 1404 Deus
1180 1362 1355 1413 meus,
1403 1362 1590 1402 aurem
1643 1355 1814 1408 tuam,
1861 1355 1910 1401 et
1944 1347 2109 1402 audi:

541 1441 692 1508 aperi
723 1440 912 1494 oculos
938 1447 1084 1504 tuos,
1111 1447 1164 1493 et
1193 1438 1316 1493 vide
1357 1437 1749 1493 desolationem
1783 1446 2044 1498 nostram,
2067 1445 2122 1490 et

543 1533 779 1588 civitatis
803 1541 926 1596 tuae,
959 1532 1015 1586 in
1045 1547 1154 1600 qua
1190 1531 1502 1585 invocatum
1536 1538 1623 1584 est
1655 1543 1850 1582 nomen
1881 1537 2031 1582 tuum
2063 1529 2117 1581 in

541 1642 605 1679 ea
635 1644 648 1679 :
685 1627 813 1695 quia
846 1641 951 1679 non
994 1625 1056 1678 in
1084 1621 1579 1692 justiﬁeationibus
1615 1621 1818 1676 nostris
1858 1635 1956 1673 nos
1990 1635 2118 1688 pro-

544 1717 842 1771 sternimus
870 1715 1274 1790 miserationem
1307 1728 1491 1768 coram
1518 1721 1592 1776 te,
1630 1711 1726 1766 sed
1768 1726 1928 1780 super
1957 1711 2118 1766 mise-

543 1810 788 1863 rationes
820 1817 945 1861 tuas
967 1806 1190 1871 multas,
1218 1803 1474 1857 Domine.

611 1899 699 1953 19.
721 1898 950 1960 Exaudi,
982 1896 1231 1954 Domine.
1251 1894 1576 1964 propitiare,
1597 1891 1846 1956 Domine,
1883 1891 2119 1955 attende,

540 1990 788 2052 Domine,
823 1987 929 2055 fac,
965 1986 1192 2040 Domine
1242 2003 1256 2040 :
1295 1996 1350 2040 et
1411 2001 1479 2040 ne
1537 1985 1767 2042 moreris
1795 1996 2014 2053 propter
2072 1994 2124 2039 te

541 2081 741 2150 ipsum,
783 2079 922 2134 Deus
950 2069 1101 2133 meus
1134 2093 1147 2128 :
1181 2077 1439 2147 quoniam
1478 2092 1680 2131 nomen
1711 2085 1863 2130 tuum
1892 2077 2114 2130 invoca-

539 2180 650 2222 tum
666 2177 748 2224 est
769 2185 932 2238 super
951 2169 1223 2222 civitatem
1244 2174 1475 2232 tuam,et
1489 2181 1654 2235 super
1669 2167 1924 2235 populum
1947 2175 2118 2220 tuum.

606 2264 699 2318 20.
746 2264 1015 2317 Etadhu-c
1051 2277 1136 2315 me
1164 2262 1419 2331 loquente
1441 2300 1456 2325 ,
1515 2270 1570 2314 et
1626 2271 1837 2319 orante.
1870 2267 1925 2312 et
1955 2261 2124 2312 conli-

540 2361 685 2405 tentc
717 2360 936 2420 peccata
964 2365 1122 2416 mea,
1155 2360 1209 2404 et
1239 2358 1456 2418 peccata
1486 2347 1674 2417 populi
1703 2349 1806 2401 mei
1850 2347 2034 2411 Israel,
2068 2357 2122 2400 et

539 2451 924 2510 prosterneute
971 2439 1381 2494 miserationem
1438 2452 1614 2491 meam
1657 2452 1849 2491 coram
1889 2435 2122 2490 Domino

542 2536 652 2588 Deo
681 2547 822 2596 meo,
856 2549 953 2603 pro
976 2541 1160 2586 monte
1189 2539 1380 2586 sancto
1413 2530 1586 2585 sancti
1637 2528 1731 2583 Dei
1760 2528 1886 2582 mei.

609 2691 700 2762 21.
745 2708 810 2763 Et
835 2709 1012 2763 adhuc
1041 2722 1125 2761 me
1163 2707 1420 2776 loquente
1479 2708 1531 2760 in
1587 2707 1856 2772 oratione,
1887 2717 1941 2762 ct
1994 2721 2122 2763 ecce

540 2802 625 2855 vir
654 2800 900 2865 Gabriel,
927 2816 1091 2869 quem
1126 2801 1364 2854 videram
1395 2800 1449 2852 in
1477 2799 1686 2854 visione
1715 2815 1834 2855 mea
1880 2801 1932 2854 in
1959 2802 2118 2870 princ

542 2894 708 2962 cipio,
746 2892 955 2959 volans,
981 2899 1034 2946 et
1069 2891 1245 2961 tetigit
1277 2907 1363 2944 me
1384 2891 1544 2960 quasi
1571 2891 1705 2945 hora
1740 2892 1995 2947 sacrificii
2027 2909 2120 2948 ve-

538 2985 793 3054 sperlini.

608 3077 699 3130 22.
742 3078 807 3130 Ει
840 3074 1140 3144 intelligere
1176 3074 1305 3130 fecit
1349 3089 1436 3130 me
1475 3114 1490 3140 ,
1524 3083 1576 3128 et
1621 3073 1838 3129 locutus
1870 3085 1953 3130 est
2001 3088 2117 3129 me-

537 3184 686 3234 eum,
718 3176 771 3221 et
793 3166 970 3221 dixit:
1003 3165 1215 3232 Daniel,
1251 3180 1397 3221 nunc
1425 3165 1568 3220 exivi
1589 3164 1838 3220 imbuere
1868 3176 1919 3219 te
1954 3165 2114 3220 intel-

537 3261 781 3330 ligentia.
1161 3305 1171 3315 .

606 3351 695 3404 9.5.
738 3351 796 3404 ln
831 3351 1098 3421 principio
1129 3348 1532 3406 obsecrationis
1557 3357 1664 3404 tute
1689 3349 1860 3404 exivit
1889 3363 2107 3404 sermo:

537 3451 591 3496 et
628 3455 728 3508 ego
761 3442 901 3504 veni,
941 3454 1000 3495 ut
1030 3443 1350 3495 annunticm
1379 3440 1501 3500 tibi,
1529 3439 1660 3509 quia
1687 3439 1771 3494 vir
1808 3441 2112 3496 desiderio-

538 3544 659 3582 rum
685 3542 746 3581 οε
773 3537 864 3593 tu;
894 3536 949 3580 et
977 3529 1213 3596 recogita
1252 3531 1306 3580 in
1329 3527 1513 3580 verbo.

608 3617 698 3670 24.
777 3617 1129 3685 Septuaginta
1188 3617 1554 3671 hebdomades
1605 3616 1935 3671 abbreviata:
1981 3625 2110 3672 sunt

539 3725 705 3780 super
730 3712 986 3780 populum
1021 3722 1190 3778 tuum,
1222 3722 1277 3766 et
1306 3729 1472 3782 super
1524 3715 1792 3770 civitatem
1838 3727 2106 3782 sanctam,

538 3802 896 3872 quoadusque
928 3802 1242 3872 antiquetur
1272 3802 1556 3868 delictum,
1597 3815 1652 3860 et
1697 3816 2109 3862 consummetur

540 3905 840 3963 peccatum,
875 3905 928 3948 et
953 3896 1308 3965 obsignentur
1337 3906 1578 3966 peccata,
1611 3906 1665 3951 et
1699 3899 1981 3953 deleantur
2003 3899 2107 3954 im-

538 3985 784 4054 pietates,
835 3995 889 4038 et
938 3985 1300 4053 propitientur
1338 3985 1674 4053 iniquitates,
1706 3996 1759 4040 et
1807 3986 2106 4040 adducatur

531 4076 742 4145 justitia
770 4078 1121 4145 sempiterna,
1176 4085 1229 4130 et
1277 4077 1519 4144 signetur
1544 4077 1704 4142 visio,
1736 4085 1790 4131 et
1818 4075 2102 4147 propheta,

535 4175 590 4222 et
625 4175 860 4235 ungatur
885 4165 1120 4222 Sanctus
1146 4176 1482 4222 sanctorum.

605 4352 695 4410 25.
732 4349 802 4406 Et
831 4349 1340 4420 scies,etintelliges
1369 4391 1384 4416 ,
1415 4351 1482 4404 ab
1510 4351 1662 4405 exitu
1691 4367 2007 4406 sermonum
2032 4353 2100 4406 ad

2229 523 2588 594 Ἰερουσαλὴμ
2610 524 2771 593 ὅρους
2794 525 2950 592 ἁγίου
2982 541 3076 577 σου
3101 540 3114 553 ·
3139 524 3221 576 ὅτι
3250 524 3308 575 ἐν
3344 524 3464 585 ταῖς
3492 523 3792 596 ἁμαρτίαις

2217 616 2394 685 ἡμῶν,
2425 617 2519 668 καὶ
2543 618 2600 668 ἐν
2637 619 2757 675 ταῖς
2787 600 3021 679 ἀδικίαις
3051 615 3206 686 ήμῶν
3269 613 3364 668 καὶ
3404 613 3512 666 τῶν
3539 615 3792 684 πατέρων

2217 706 2396 777 ἡμῶν,
2427 706 2797 777 Ἰερουσαλὴμ,
2833 709 2926 760 καὶ
2958 711 2986 759 ὁ
3020 707 3150 769 λαός
3210 722 3304 758 σου
3358 706 3438 768 είς
3485 705 3792 776 ὀνειδισμὸν

2219 798 2437 866 ἐγένετο
2465 800 2523 851 ἐν
2544 800 2679 852 πᾶσι
2711 801 2822 863 τοῖς
2853 798 3166 868 περικύκλῳ
3192 797 3372 866 ήμῶν.

2291 975 2378 1028 17.
2414 976 2523 1029 Kal.
2554 974 2648 1028 νῦν
2676 976 3016 1039 εἰσάκουσον,
3053 975 3225 1047 Κύριε
3251 976 3278 1027 ὁ
3307 973 3439 1038 Θεὸς
3470 976 3650 1047 ἡμῶν,
3691 979 3791 1050 τῆς

2223 1067 2533 1136 προσευχῆς
2564 1065 2658 1119 τοῦ
2707 1066 2893 1119 δούλου
2922 1083 3037 1130 σου,
3065 1067 3161 1119 καὶ
3205 1065 3313 1119 τῶν
3345 1067 3581 1136 δεήσεων
3603 1072 3787 1136 αὑτοῦ,

2220 1155 2312 1208 καὶ
2333 1156 2596 1225 ἐπίφανον
2631 1162 2690 1210 τὸ
2718 1157 3010 1228 πρόσωπόν
3041 1174 3136 1210 σου
3153 1157 3246 1210 ἐπὶ
3283 1157 3342 1210 τὺ
3395 1157 3644 1230 ἀγίασμά
3693 1179 3788 1216 σου

2220 1248 2443 1318 ἔρημον,
2478 1249 2662 1302 ἕνεκέν
2694 1267 2810 1314 σου,
2839 1249 3028 1321 Κύριε.

2293 1340 2388 1392 18.
2415 1339 2631 1405 Κλῖνον,
2671 1342 2699 1393 ὁ
2727 1340 2857 1404 Θεός
2888 1358 3013 1411 μου,
3056 1340 3117 1393 τὸ
3141 1336 3232 1404 οὖς
3271 1358 3385 1407 σου,
3410 1341 3504 1394 καὶ
3531 1342 3788 1397 ἄκουσον·

2220 1427 2426 1492 ἄνοιξον
2449 1429 2577 1492 τοὺς
2605 1428 2916 1498 ὀφθαλμούς
2947 1446 3061 1492 σου,
3089 1429 3181 1482 καὶ
3225 1428 3299 1482 ίδε
3351 1431 3441 1481 τὸν
3489 1432 3794 1503 ἀφανισμὸν

2220 1518 2397 1588 ἡμῶν,
2453 1519 2548 1571 καὶ
2596 1519 2691 1588 τῆς
2738 1517 2945 1580 πόλεώς
2975 1535 3090 1581 σου,
3124 1516 3208 1586 ἐφ’
3247 1513 3312 1587 ἧς
3349 1517 3706 1588 ἐπικέκληται
3736 1521 3793 1572 τὸ

2220 1608 2394 1678 ὄνομά
2422 1627 2516 1662 σου
2547 1610 2635 1664 ἐπ’
2665 1611 2804 1680 αὐτῇ
2825 1624 2838 1637 ⁸
2875 1610 2958 1662 ὅτι
3011 1610 3111 1662 οὐκ
3159 1609 3252 1660 ἐπὶ
3278 1611 3395 1670 ταῖς
3430 1609 3808 1673 δικαιοσύναις-

2220 1700 2377 1770 ἡμῶν
2404 1703 2566 1771 ἡμεῖς
2593 1701 2855 1773 ρίπτομεν
2916 1701 3006 1754 τὸν
3063 1702 3346 1772 οἱκτιρμὸν
3405 1699 3625 1753 ἐνώπιόν
3666 1720 3779 1770 σου,

2152 1788 2192 1843 Β
2221 1792 2334 1846 ἀλλ’
2365 1793 2456 1846 ἐπὶ
2475 1795 2596 1857 τοὺς
2619 1795 2934 1866 οἰκτιρμούς
2959 1811 3052 1846 σου
3086 1796 3208 1856 τοὺς
3235 1793 3484 1856 πολλοὺς,
3519 1794 3708 1866 Κύριε.

2299 1883 2382 1938 19.
2417 1883 2750 1938 Εἰσάκουσον
2785 1885 2978 1956 Κύριε,
3041 1884 3287 1954 ἱλάσθητι
3331 1884 3525 1955 Κύριε,
3556 1885 3785 1954 πρὸσχες

2225 1973 2417 2044 Κύριε,
2447 1975 2670 2046 ποίησον
2707 1975 2898 2047 Κύριε,
2921 1977 3014 2029 καὶ
3047 1976 3121 2047 μὴ
3152 1976 3407 2046 χρονίσῃς
3427 1976 3610 2027 ⁹ἐνεκέν
3647 1993 3739 2028 σου
3762 1979 3790 2029 ὁ

2223 2065 2354 2127 Θεὸς
2392 2082 2513 2134 μου,
2546 2067 2628 2118 ὅτι
2667 2065 2726 2118 τὸ
2777 2066 2952 2137 ὄνομά
2989 2084 3082 2120 σου
3139 2067 3500 2136 ἐπικέκληται
3549 2068 3641 2119 ἐπὶ
3695 2069 3792 2139 τὴν

2225 2157 2376 2208 πόλιν
2411 2173 2526 2219 σου,
2555 2158 2649 2209 καὶ
2672 2159 2764 2210 ἐπὶ
2793 2158 2880 2210 τὸν
2919 2158 3044 2210 λαόν
3083 2174 3176 2211 σου

2293 2246 2382 2300 20.
2408 2248 2519 2300 Καὶ
2539 2247 2617 2300 ἔτι
2653 2249 2786 2317 ἐμοῦ
2833 2248 3140 2314 λαλοῦντος,
3195 2250 3292 2302 καὶ
3331 2250 3791 2320 προσευχομένου,

2224 2342 2318 2394 καὶ
2337 2339 2752 2412 ἐξαγορεύοντος
2781 2343 2879 2406 τὰς
2919 2345 3192 2414 ἁμαρτίας
3225 2363 3348 2415 μου,
3369 2347 3462 2399 καὶ
3491 2346 3586 2408 τάς
3616 2348 3792 2416 ἁμαρ-

2222 2434 2341 2496 τίας
2370 2433 2465 2486 τοῦ
2493 2435 2622 2489 λαοῦ
2665 2453 2765 2506 μου
2808 2437 3042 2507 Ἰσραὴλ,
3073 2439 3166 2490 καὶ
3193 2438 3476 2508 ρίπτοντος
3521 2438 3610 2490 τὸν
3644 2439 3794 2491 ἐλεόν

2225 2540 2323 2592 μου
2351 2525 2588 2578 ἐναντίον
2616 2527 2822 2596 Κυρίου
2874 2527 2966 2579 τοῦ
3019 2527 3152 2580 Θεοῦ
3183 2546 3282 2598 μου
3319 2529 3445 2600 περὶ
3501 2528 3596 2581 τοῦ
3634 2529 3792 2600 ὖρους

2221 2615 2314 2668 τοῦ
2344 2617 2498 2685 ἀγίου
2529 2617 2624 2670 τοῦ
2659 2617 2813 2686 ἁγίου
2838 2618 2930 2672 τοῦ
2960 2619 3094 2672 Θεοῦ
3121 2638 3245 2689 μου.

2289 2711 2377 2763 21.
2414 2712 2524 2778 Καὶ
2555 2711 2634 2762 ἐτι
2675 2712 2808 2780 ἐμοῦ
2854 2711 3143 2776 λαλοῦντος
3172 2716 3228 2766 ἐν
3271 2717 3336 2785 τῇ
3368 2719 3665 2786 προσευχῇ,
3696 2716 3793 2770 καὶ

2224 2795 2331 2847 ἰδοὺ
2365 2799 2392 2848 ὁ
2418 2797 2554 2866 ἀνὴρ
2589 2798 2850 2870 Γαϐριὴλ,
2890 2799 2948 2854 ὃν
2973 2798 3108 2853 εἶδον
3136 2804 3190 2854 ἐν
3213 2806 3279 2873 τῇ
3298 2806 3482 2874 ὁράσει
3514 2823 3614 2874 μου
3639 2808 3696 2859 ἐν
3722 2809 3790 2876 τῇ

2220 2889 2360 2958 ἀρχῇ
2386 2929 2400 2952 ,
2429 2890 2726 2960 πετόμενος
2749 2933 2763 2948 .
2792 2894 2887 2946 καὶ
2907 2894 3081 2964 ἣψατό
3108 2912 3231 2964 μου,
3252 2896 3384 2949 ὡσεὶ
3424 2897 3572 2969 ὥραν
3599 2899 3789 2962 θυσίας

2221 2982 2530 3052 ἐσπερινῆς.

2288 3072 2378 3125 22.
2415 3074 2522 3125 Καὶ
2551 3073 2832 3127 ἐσυνὲτισὲ
2855 3091 2942 3144 με,
2970 3077 3065 3128 καὶ
3086 3075 3316 3147 ἐλάλησε
3342 3079 3460 3149 μετ’
3499 3081 3656 3150 ἐμοῦ,
3693 3085 3786 3136 καὶ

2219 3161 2407 3218 εἶπεν·
2461 3166 2686 3237 Δανιὴλ,
2753 3167 2847 3220 νῦν
2897 3168 3118 3239 ἐξῆλθον
3167 3172 3502 3241 συμϐιϐάσαι
3559 3192 3618 3227 σε
3665 3177 3792 3229 σύν-

2214 3271 2350 3307 εσιν.

2282 3347 2370 3401 25.
2411 3348 2500 3400 Ἐν
2526 3349 2666 3420 ἀρχῇ
2698 3349 2793 3418 τῆς
2825 3350 3062 3420 δεήσεὼς
3082 3369 3175 3405 σου
3198 3353 3460 3425 ἐξῆλθενὸ
3486 3355 3661 3424 λόγος,
3688 3360 3788 3414 καὶ

2211 3438 2321 3506 ἐγὼ
2370 3434 2534 3508 ἦλθον
2568 3441 2661 3493 τοῦ
2706 3442 3029 3509 ἀναγγεῖλαί
3063 3461 3162 3511 σοι,
3199 3446 3280 3498 ὅτι
3310 3447 3445 3520 ἀνὴρ
3479 3449 3789 3522 ἐπιθυμιῶν

2211 3525 2263 3581 εἴ
2287 3530 2373 3593 σὺ,
2407 3531 2500 3582 καὶ
2526 3531 2804 3602 ἐννοήθητι
2830 3535 2886 3588 ἐν
2913 3534 2992 3605 τῷ
3032 3536 3256 3607 ῥήματι.

2279 3620 2369 3677 24.
2404 3622 2802 3694 Ἐϐδομήκοντα
2821 3626 3113 3696 ἑϐδομάδες
3138 3629 3554 3700 συνετμήθησαν
3577 3634 3673 3687 ἐπὶ
3693 3635 3787 3687 τὸν

2209 3715 2336 3768 λαόν
2366 3733 2482 3780 σου,
2516 3719 2610 3770 καὶ
2631 3719 2723 3770 ἐπὶ
2753 3718 2851 3790 τὴν
2883 3720 3036 3773 πόλιν
3081 3720 3181 3792 τὴν
3210 3722 3391 3790 ἁγίαν,
3415 3723 3519 3787 ἕως
3550 3725 3646 3778 τοῦ
3687 3744 3790 3781 πα-

2208 3806 2505 3876 λαιωθῆναι
2553 3807 2614 3860 τὸ
2671 3811 3043 3880 παράπτωμα,
3094 3814 3188 3865 καὶ
3237 3812 3333 3866 τοῦ
3369 3815 3783 3888 συντελεσθῆναι

2209 3897 2501 3968 ἁμαρτίαν,
2549 3899 2644 3951 καὶ
2701 3899 2796 3952 τοῦ
2846 3902 3146 3971 σφραγίσαι
3201 3904 3491 3976 ἁμαρτίας,
3545 3908 3638 3961 καὶ
3682 3909 3782 3962 τοῦ

2208 3989 2504 4059 ἀπαλεῖψαι
2528 3990 2777 4060 ἀνομίας,
2809 3994 2904 4044 καὶ
2928 3992 3022 4046 τοῦ
3045 3993 3393 4059 ἐξιλάσασθαι
3426 3997 3664 4062 ἀδικίας,
3683 4000 3782 4052 καὶ

2205 4077 2300 4130 τοῦ
2330 4078 2558 4146 ἀγαγεῖν
2590 4079 2936 4152 δικαιοσύνην
2964 4082 3200 4150 αἰώνιον,
3231 4087 3326 4138 καὶ
3357 4085 3450 4138 τοῦ
3476 4089 3783 4158 σφραγίσαι

2204 4172 2415 4242 ὅρασιν,
2483 4174 2576 4226 καὶ
2642 4175 2965 4246 προφήτην,
3029 4177 3123 4229 καὶ
3185 4177 3283 4232 τοῦ
3347 4183 3530 4250 χρῖσαι
3584 4182 3784 4250 Ἀγιον

2205 4261 2397 4329 ἁγίων.

2271 4354 2362 4407 25.
2391 4355 2500 4407 Καὶ
2529 4355 2734 4428 γνώσῃ,
2767 4358 2862 4410 καὶ
2894 4359 3162 4429 συνήσεις,
3215 4359 3323 4412 ἀπὸ
3373 4360 3556 4426 ἐξόδου
3597 4362 3784 4429 λόγων

535 4442 997 4513 respondendum,
1030 4451 1084 4497 et
1121 4453 1180 4496 ut
1226 4443 1525 4496 aediﬁcetur
1571 4440 1875 4520 Jerusalem
1925 4455 2099 4511 usque

2208 4445 2294 4498 τοῦ
2318 4447 2700 4516 ἀποκριθῆναι,
2720 4450 2814 4501 καὶ
2831 4449 2924 4502 τοῦ
2946 4450 3363 4521 οἰκοδομηθῆναι
3396 4451 3702 4524 Ἱερουσαλὴ
3714 4470 3782 4522 μ,

531 4535 597 4588 ad
630 4535 910 4592 Christum
935 4535 1146 4598 ducem,
1166 4533 1530 4588 bebdomades
1559 4543 1787 4604 septem,
1814 4542 1868 4587 et
1894 4532 2100 4587 hebdo-

533 4629 718 4683 mades
736 4628 1017 4697 sexaginta
1048 4628 1201 4681 dum:
1228 4634 1283 4680 et
1311 4637 1635 4689 revertetur,
1669 4633 1722 4680 et
1743 4624 2102 4680 mdiﬁcahitur

532 4723 706 4789 platea
732 4762 748 4785 ,
772 4729 828 4776 et
861 4720 1298 4786 circummurale,
1323 4729 1376 4775 et
1395 4721 1806 4774 evacuabuntur
1834 4729 2096 4788 tempora.

595 4898 688 4955 26.
733 4897 801 4953 Et
829 4908 950 4968 post
977 4899 1347 4954 hebdomadas
1386 4899 1668 4969 sexaginta
1722 4900 1860 4954 duas
1912 4909 2096 4955 exter-

531 4990 826 5044 minabitur
872 4991 1092 5044 unctio:
1149 4998 1205 5044 et
1248 4989 1516 5058 judicium
1576 5005 1681 5041 non
1713 4998 1798 5044 est
1831 4990 1886 5044 in
1910 5007 1996 5047 eo.
2030 4990 2097 5045 Et

527 5079 823 5143 civitatem,
856 5089 909 5134 et
933 5081 1305 5136 sanctuarium
1332 5080 1618 5149 dissipabit
1648 5095 1773 5134 cum
1807 5081 1946 5136 duce
1995 5081 2096 5136 ad-

476 5174 480 5180 ’
531 5171 864 5236 veniente,et
881 5171 1263 5227 exscindentur
1294 5173 1448 5242 quasi
1477 5172 1528 5224 in
1569 5170 1794 5238 diluvio,
1828 5184 1878 5227 et
1922 5189 2096 5242 usque

524 5261 594 5314 ad
623 5263 784 5316 ﬁnem
811 5262 936 5316 belli
968 5263 1175 5318 concisi
1230 5262 1683 5345 desolationibus.
1737 5261 2096 5317 Conlirmabit

523 5363 704 5409 autem
772 5363 1158 5409 testamentum
1213 5354 1400 5408 multis
1447 5353 1787 5408 hebdomada
1855 5369 1958 5408 una
1999 5363 2095 5408 :et

523 5445 811 5499 dimidium
849 5446 1202 5500 hebdomadas
1239 5460 1453 5501 cessare
1491 5445 1655 5500 faciet
1686 5445 2006 5517 thymiama,
2039 5455 2093 5499 et

523 5537 880 5602 sacriﬁcium,
909 5545 961 5591 et
999 5538 1256 5604 libamen,
1288 5547 1342 5592 et
1396 5553 1555 5607 super
1597 5537 1950 5607 pinnaculum
1999 5552 2086 5590 or-

524 5629 648 5681 dine
685 5629 1059 5694 dcsolationis,
1087 5639 1141 5684 et
1170 5645 1343 5699 usque
1375 5630 1440 5682 ad
1465 5631 2010 5693 consummationem,
2039 5639 2091 5682 et

529 5716 928 5770 festinationem
955 5717 1162 5779 ordine,
1189 5717 1574 5771 destructione.
1659 5783 1663 5785 _
1759 5779 1761 5782 γ

2202 4534 2306 4598 ἕως
2336 4535 2571 4606 Χριστοῦ
2603 4539 2924 4608 ἡγουμένου,
2956 4539 3244 4611 ἑὸδομάδες
3271 4542 3429 4605 ἐπτὰ,
3479 4545 3573 4596 καὶ
3619 4543 3785 4596 ἐϐδο-

2200 4626 2368 4695 μάδες
2389 4625 2652 4695 ἐξήκοντα
2673 4628 2797 4681 δύο·
2839 4633 2934 4684 καὶ
2973 4633 3308 4703 ἐπιστρέψει,
3345 4636 3440 4687 καὶ
3493 4635 3788 4704 οἰκοδομηο

2201 4717 2425 4788 θήσεται
2459 4718 2706 4786 πλατεῖα,
2735 4723 2830 4775 καὶ
2869 4724 3198 4795 περιτειχος.
3241 4727 3336 4779 καὶ
3368 4726 3784 4796 ἐκκενωθήσον-

2197 4826 2286 4862 ται
2310 4811 2360 4862 οἱ
2383 4813 2585 4882 καιροί.

2269 4901 2360 4956 26.
2395 4905 2504 4957 Kal.
2555 4905 2694 4974 μετά
2736 4907 2837 4968 τὰς
2872 4905 3173 4977 ἑϐδομάδας
3225 4907 3324 4971 τὰς
3376 4907 3638 4978 ἐξήκοντα
3675 4909 3784 4962 δύο

2198 4989 2719 5064 ἐξολοθρευθήσεται
2750 4995 2976 5066 χρίσμα,
3019 4999 3114 5051 καὶ
3166 5001 3339 5067 κρῖμα
3389 5000 3489 5051 οὐκ
3541 4999 3687 5053 ἔστιν
3710 5003 3783 5053 ἐν

2196 5083 2346 5154 αὐτῷ
2365 5101 2377 5114 ο
2410 5086 2505 5137 καὶ
2528 5085 2627 5154 τὴν
2659 5086 2833 5152 πόλιν,
2866 5089 3069 5143 καὶτὸν
3088 5089 3242 5157 ἅγιον
3266 5091 3547 5160 διαφθερεῖ
3581 5092 3784 5162 σὺντῷ

2169 5173 2484 5245 -ήγουμένῳ
2537 5174 2614 5245 τῷ
2660 5177 2962 5248 ἐρχομένῳ,
3023 5179 3115 5232 καὶ
3164 5180 3564 5251 ἐκκοπήσονται
3597 5182 3673 5244 ὡς
3709 5185 3783 5234 ἐν

2197 5263 2588 5334 κατακλυσμῷ,
2611 5265 2704 5317 καὶ
2730 5264 2832 5327 ἕως
2852 5265 3039 5330 τέλους
3063 5265 3299 5336 πολέμου
3323 5283 3592 5336 συντετμη
3602 5273 3781 5336 μένου

2194 5355 2540 5426 ἀφανισμοῖς.
2594 5355 2705 5408 Kal.
2751 5355 3339 5428 δυναμὼσειδιαθήκην
3369 5357 3584 5420 πολλοῖς
3619 5358 3785 5411 ἐϐδο-

2197 5447 2304 5514 μάς
2361 5445 2492 5514 μία·
2555 5445 2649 5498 καὶ
2693 5445 2864 5516 ἥμισυ
2922 5450 3021 5517 τῆς
3071 5447 3363 5518 ἑϐδομάδος
3420 5447 3783 5503 καταπαύσει

2195 5536 2467 5606 θυμίαμα,
2498 5537 2592 5590 καὶ
2627 5537 2837 5603 θυσίαν,
2875 5539 2967 5592 καὶ
2998 5540 3251 5611 σπονδὴν,
3295 5541 3390 5594 καὶ
3445 5540 3537 5594 ἐπὶ
3565 5546 3782 5612 πτερύ-

2192 5645 2310 5695 γιον
2337 5627 2486 5692 τάξει
2508 5629 2842 5700 ἀφανισμοῦ,
2872 5635 2965 5686 καὶ
2991 5633 3094 5696 ἕως
3113 5632 3446 5698 συντελείας,
3468 5635 3560 5686 καὶ
3592 5649 3775 5687 σπου-

2193 5718 2286 5787 δῆς
2319 5718 2466 5782 τάξει
2497 5722 2809 5792 ἀφανισμῷ.
