4122 6320
276 341 408 398 2885

1717 343 1948 403 CAPUT
1991 344 2058 399 Χ.

3380 343 3527 402 £836

336 465 428 518 27.
454 445 565 514 και
588 460 898 532 δυναμώσει
921 459 1191 531 διαθήκην
1223 460 1439 524 πολλοῖς
1455 438 1690 530 ἑϐδομὰς
1718 459 1841 530 μία,

2016 459 2109 514 27.
2152 459 2220 514 Et
2251 458 2600 515 conﬁrmabit
2661 464 3045 513 testamentum
3104 457 3293 514 multis
3323 456 3534 513 hebdo-

274 555 364 610 καὶ
384 556 445 606 ὲν
497 552 572 623 τῷ
618 553 809 624 ἡμίσει
853 551 953 622 τῆς
1001 552 1294 623 ἑϐδομάδος
1332 551 1630 624 ἀρθήσεται
1669 550 1851 612 θυσία.

275 648 365 701 καὶ
415 644 639 716 σπονδὴ,
689 644 783 696 καὶ
812 644 903 697 ἐπὶ
929 643 1164 708 τούτοις,
1190 643 1283 697 ἐπὶ
1308 644 1370 697 τὸ
1397 643 1541 715 ίερὺν
1574 642 1855 714 βδέλυγμα

277 737 372 807 τῆς
399 735 758 806 ἐρημώσεως,
786 735 883 789 καὶ
928 733 1036 797 ἕως
1073 734 1388 798 συντελείας
1421 733 1618 807 καιροῦ
1667 732 1856 788 συντέ-

278 826 385 882 λεια
417 826 709 899 δοθήσεται
736 827 830 880 ἐπὶ
860 825 959 898 τὴν
981 827 1285 898 ἐρήμωσιν.

837 1032 1235 1088 ΚΕΦΑΔΑΙΟΝ
1257 1034 1314 1087 l'.

347 1174 398 1228 ι.
434 1174 524 1227 Ἐν
552 1171 667 1226 ἔτει
726 1171 898 1243 τρίτῳ
927 1169 1114 1242 Κύρου
1164 1169 1261 1223 τοῦ
1312 1168 1580 1239 βασιλέως
1627 1168 1855 1239 Περσῶν

280 1265 430 1333 λόγος
459 1261 822 1331 ἀπεκαλύφθη
846 1261 925 1331 τῷ
956 1259 1158 1330 Δανιὴλ
1188 1251 1249 1313 οῦ
1282 1258 1548 1329 τὸ’δνομα
1577 1256 1854 1327 ἐπεκλήθη

280 1355 564 1425 Βαλτάσαρ
588 1370 601 1384 ·
619 1355 715 1407 καὶ
736 1353 988 1422 ἀληθινὸς
1013 1354 1041 1405 ό
1057 1351 1236 1420 λόγος,
1263 1351 1360 1405 καὶ
1370 1350 1598 1421 δύναμις
1617 1349 1853 1421 μεγάλη,

282 1450 373 1501 καὶ
399 1446 614 1507 σύνεσις
656 1442 813 1514 ἐδόθη
839 1441 989 1513 αὐτῷ
1018 1445 1076 1496 ἐν
1114 1446 1182 1514 τῇ
1209 1441 1465 1513 ὀπτασίᾳ.

345 1535 400 1590 2.
441 1535 531 1588 Ἐν
572 1535 696 1596 ταῖς
746 1534 984 1605 ἡμέραις
1030 1532 1266 1595 ἐκείναις
1313 1530 1425 1600 ἐγὼ
1472 1529 1675 1602 Δανιὴλ
1704 1529 1855 1601 ήμην

281 1622 490 1677 πενθῶν
515 1625 666 1693 τρεῖς
703 1622 1007 1692 ἑϐδομάδας
1035 1621 1279 1693 ἡμερῶν.

346 1718 400 1771 '5.
452 1717 651 1786 ’Δρτον
680 1714 907 1787 ἡμερῶν
942 1716 1045 1768 οὐκ
1097 1714 1324 1783 ἔφαγον,
1385 1715 1480 1769 καὶ
1524 1715 1714 1787 κρέας,
1762 1714 1856 1768 καὶ

1953 554 2117 608 mada
2149 569 2279 616 una,
2333 560 2390 607 et
2442 553 2496 606 in
2558 550 2786 607 dimidio
2844 549 3197 606 hebdomadis
3257 549 3535 607 auferetur

1957 646 2308 711 sacriﬁcium,
2339 655 2393 700 ct
2424 646 2684 709 libamen,
2715 652 2770 698 et
2797 651 2920 713 post
2959 644 3073 697 haec
3099 643 3152 696 in
3187 648 3385 712 templo
3401 644 3535 699 alio-

1957 736 2188 791 minatio
2216 735 2573 792 desolationis
2595 750 2615 791 ι
2632 745 2688 791 et
2717 750 2891 804 usque
2911 733 2979 788 ad
3007 734 3535 788 consummationem

1957 827 2222 898 temporis
2278 826 2686 884 consummatio
2733 825 2953 882 dabitur
3006 839 3172 896 super
3247 823 3537 879 desolatio-

1958 933 2107 974 nem.

2504 1026 2520 1046 ”
2556 1029 2790 1087 CAPUT
2861 1029 2931 1085 Χ.

2031 1173 2085 1225 1.
2120 1170 2177 1226 In
2203 1186 2349 1226 anno
2378 1170 2538 1225 tertio
2596 1168 2725 1241 Cyri
2769 1169 2912 1239 regis
2968 1166 3284 1231 Persarum,
3313 1165 3536 1219 verbum

1959 1263 2262 1317 revelatum
2311 1271 2396 1318 est
2448 1261 2692 1323 Danieli,
2742 1259 2901 1329 cujus
2945 1273 3142 1312 nomen
3171 1267 3426 1312 vocatum
3456 1267 3540 1311 est

1959 1354 2230 1420 Baltasar,
2279 1363 2335 1409 et
2368 1368 2559 1408 verum
2588 1352 2836 1417 verbum,
2862 1358 2915 1405 et
2945 1349 3206 1404 fortitudo
3236 1364 3452 1418 magna,
3482 1359 3540 1411 et

1958 1443 2314 1515 intelligentia
2344 1441 2472 1497 data
2512 1450 2598 1497 est
2631 1444 2681 1496 ei
2715 1441 2770 1496 in
2801 1441 3038 1495 visione.

2027 1535 2082 1590 2.
2127 1534 2183 1587 ln
2219 1534 2414 1589 diebus
2459 1533 2571 1588 illis
2631 1547 2734 1604 ego
2763 1530 2956 1587 Daniel
3007 1544 3156 1586 eram
3209 1529 3399 1605 lugens
3424 1539 3539 1585 tres

1959 1626 2327 1683 hebdomadas
2364 1627 2595 1684 dierum.

2032 1718 2086 1773 5.
2126 1717 2330 1772 Panem
2351 1718 2563 1773 dierum
2596 1733 2706 1774 non
2734 1716 2972 1784 comedi,
3007 1727 3062 1773 et
3090 1731 3242 1781 caro,
3273 1724 3328 1770 et
3353 1716 3538 1769 vinum

278 1805 416 1873 οἶνος
436 1809 540 1863 οὐκ
570 1807 821 1878 είσῆλθεν
836 1807 914 1870 εἰς
931 1807 992 1861 τὸ
1019 1807 1195 1877 στόμα
1219 1824 1347 1878 μου,
1368 1810 1460 1862 καὶ
1486 1808 1730 1879 ἄλειμμα
1755 1807 1856 1861 οὐκ

1965 1827 2072 1867 non
2106 1811 2440 1868 introierunt
2466 1812 2518 1867 in
2553 1827 2621 1867 os
2641 1827 2872 1875 meum,,
2895 1820 2951 1866 et
2972 1818 3251 1880 unguento
3281 1824 3389 1863 non
3416 1823 3537 1862 sum

276 1900 710 1972 ὴλειψάμην,ἓως
723 1897 1057 1969 πληρώσεως
1068 1899 1236 1972 τριῶν
1261 1900 1574 1970 ἑϐδομάδων
1601 1903 1710 1972 ήμε
1718 1900 1847 1971 ρῶν.

348 2082 398 2136 ό.
427 2083 538 2137 Kal
566 2083 626 2136 ἐν
662 2081 844 2155 ἡμέρᾳ
881 2083 1101 2154 εἰκοστῇ
1137 2082 1233 2137 καὶ
1286 2083 1527 2156 τετάρτῃ
1564 2081 1659 2137 τοῦ
1688 2082 1854 2154 μηνὸς

279 2171 370 2228 τοῦ
404 2172 621 2245 πρώτου
637 2175 695 2226 ὲν
729 2175 807 2244 τῷ
833 2174 1003 2244 τρίτῳ
1029 2174 1164 2241 ἔτει,
1196 2174 1307 2244 ἐγὼ
1331 2175 1481 2246 ἥμην
1504 2174 1739 2247 ἐχόμενα
1760 2173 1854 2230 τοῦ

281 2265 525 2335 ποταμοῦ
547 2266 641 2319 τοῦ
675 2266 937 2337 μεγάλου,
974 2266 1138 2331 αὐτός
1167 2268 1285 2320 ἐστι
1311 2267 1527 2338 Τίγρις.

346 2356 403 2413 5.
435 2357 549 2410 Kal
608 2357 718 2436 ᾖρα
755 2359 881 2422 τοὺς
937 2358 1248 2431 ὀφθαλμούς
1283 2376 1408 2431 μου,
1441 2360 1537 2414 καὶ
1569 2355 1730 2425 εἶδον,
1758 2360 1858 2413 καὶ

284 2449 387 2505 ίόοὺ
426 2450 568 2520 ἀνὴρ
594 2444 674 2512 εἷς
697 2449 1044 2523 ἐνδεδυμένος
1076 2451 1277 2523 βαδδὶν,
1296 2452 1390 2506 καὶ
1417 2454 1450 2523 ἡ
1484 2453 1658 2522 ὀσφὺς
1694 2453 1859 2507 αὑτοῦ

283 2543 697 2614 περιεζωσμένη
735 2543 947 2616 χρυσίῳ
1013 2543 1213 2614 Ὠφὰζ,
1273 2545 1367 2598 καὶ
1415 2544 1478 2599 τὸ
1508 2544 1670 2616 σῶμα
1692 2544 1860 2600 αὐτοῦ

282 2635 410 2689 ὡσεὶ
429 2637 679 2706 Θαρσεῖς.

350 2728 405 2783 6.
429 2730 538 2782 Kal
567 2729 629 2783 τὸ
662 2729 952 2800 πρόσωπον
977 2729 1140 2785 αὐτοῦ
1167 2730 1302 2785 ὡσεὶ
1323 2730 1522 2801 ὅρασις
1535 2731 1850 2803 ἀστραπῆς,

287 2821 378 2875 καὶ
408 2822 454 2874 oi
488 2821 761 2892 ὀφθαλμοὶ
799 2822 963 2877 αὑτοῦ
990 2822 1121 2877 ὡσεὶ
1164 2824 1445 2897 λαμπάδες
1477 2825 1672 2897 πυρὸς,
1701 2826 1796 2881 καὶ
1815 2832 1863 2885 οί

288 2911 564 2982 βραχίονες
593 2912 783 2977 αὐτοῦ,
817 2916 912 2968 καὶ
951 2916 1020 2969 τὰ
1074 2915 1242 2985 σκέλη
1279 2914 1357 2980 ὡς
1407 2917 1601 2986 ὅρασις
1653 2917 1859 2988 χαλκοῦ

296 3001 612 3067 στίλϐοντος,
640 3004 735 3057 καὶ
768 3006 801 3076 ή
855 3005 1009 3078 φωνὴ
1054 3006 1165 3061 τῶν
1193 3005 1372 3076 λόγων
1403 3007 1573 3061 αὐτοῦ
1603 3009 1680 3073 ὠς
1708 3010 1862 3083 φωνὴ

288 3092 463 3163 ὄχλου.

1957 1912 2156 1961 unctus
2189 1922 2201 1959 :
2230 1919 2407 1974 usque
2435 1905 2501 1959 ad
2530 1904 2945 1975 completionem
2975 1902 3139 1959 trium
3168 1899 3539 1955 hebdomada-

1954 2014 2081 2063 rum
2105 1998 2335 2054 dierum.

2032 2090 2087 2146 4.
2130 2090 2197 2144 Ει
2221 2090 2275 2147 in
2312 2090 2401 2146 die
2439 2089 3056 2160 vigesirrta,et.quarta
3121 2084 3330 2139 mensis
3375 2082 3538 2154 primi

1963 2182 2018 2236 in
2042 2196 2193 2236 anno
2211 2182 2394 2247 tertio,
2427 2196 2529 2253 ego
2576 2196 2727 2236 eram
2778 2181 2934 2250 juxta
2989 2176 3212 2231 [luvium
3258 2189 3539 2244 magnum,

1964 2273 2083 2346 ipse
2110 2283 2194 2329 est
2214 2273 2433 2344 Tigris-

2034 2366 2105 2425 5.,
2132 2365 2435 2421 Etelevavi
2492 2365 2683 2421 oculos
2716 2380 2886 2431 meos,
2937 2373 2991 2418 et
3034 2364 3165 2426 vidi.
3195 2372 3412 2418 et.ecce
3446 2358 3537 2412 vir

1967 2472 2113 2512 unus
2153 2458 2383 2513 vestitus
2402 2457 2741 2522 .baddin,_et
2766 2471 2930 2511 renes
2981 2455 3119 2525 ejus.
3149 2453 3381 2509 accincti
3405 2466 3542 2507 auro

1967 2549 2175 2620 Opliaz,
2206 2557 2263 2604 et
2293 2564 2497 2620 corpus
2525 2549 2647 2618 ejus
2668 2549 2830 2618 quasi
2863 2549 3135 2604 Tharsis..

2038 2732 2092 2788 6.
2132 2732 2199 2788 Ει
2224 2732 2394 2790 facies
2426 2733 2549 2804 ejus
2585 2733 2751 2788 veluti
2792 2732 3004 2802 species
3028 2729 3280 2801 fulguris,
3323 2737 3377 2785 et
3395 2726 3541 2784 oculi

1969 2826 2092 2895 ejus
2127 2836 2187 2881 ut
2217 2826 2694 2895 lampadesignis,
2731 2834 2787 2880 et
2811 2823 3051 2883 brachia.
3086 2822 3230 2893 ejus,
3291 2832 3345 2876 et
3381 2836 3537 2877 crura

1969 2919 2128 2987 quasi
2181 2918 2561 2989 speciesaaris.
2603 2917 2885 2974 candentis
2940 2924 3040 2973 εει
3083 2930 3186 2969 vox
3227 2927 3541 2970 sermonum

1970 3008 2089 3079 ejus
2119 3019 2178 3065 ut
2207 3026 2313 3066 vox
2336 3009 2723 3064 multitudinis.

351 3183 404 3237 7.
436 3184 549 3238 Kal
589 3179 732 3238 εἶδον
762 3184 872 3254 ἐγὼ
903 3186 1102 3259 Δανιὴλ
1132 3188 1294 3259 μόνος
1322 3190 1423 3261 τὴν
1448 3191 1738 3258 ὀπτασίαν,
1763 3193 1860 3247 καὶ

2036 3195 2091 3249 7.
2133 3192 2200 3247 Et
2231 3192 2344 3248 vidi
2377 3207 2478 3263 ego
2507 3191 2694 3247 Daniel
2757 3192 2909 3247 solus
2970 3189 3236 3247 visionem
3264 3205 3276 3240 :
3328 3198 3384 3244 et
3413 3189 3538 3249 viri.

284 3277 330 3329 oi
359 3276 552 3348 ἄνδρες
573 3278 621 3330 οί
663 3279 780 3349 μετ’
813 3279 948 3350 ἐμοῦ
970 3280 1072 3333 οὐκ
1104 3276 1248 3335 εἶδον
1281 3283 1382 3355 τὴν
1415 3285 1703 3353 ὀπτασίαν,
1739 3286 1857 3342 an"

285 3369 318 3437 ή
353 3367 615 3431 ἔκστασις
648 3369 860 3441 μεγάλη
906 3372 1177 3427 ἐπέπεσεν
1222 3374 1310 3428 ἐπ’
1349 3374 1567 3442 αὐτοὺς,
1601 3377 1696 3430 καὶ
1730 3376 1860 3447 ἔφυε-

285 3476 381 3528 γον
410 3461 469 3513 ἐν
497 3459 667 3530 φόϐῳ.
1513 3456 1516 3459 ⁷

351 3552 405 3607 8.
432 3554 544 3608 Kal
566 3552 677 3623 ἐγὼ
700 3555 1034 3631 δπελείφθην
1065 3558 1244 3629 μόνος,
1281 3558 1376 3612 καὶ
1422 3560 1523 3614 οὐκ
1555 3560 1858 3633 ὑπελείφθη

288 3644 344 3698 ἐν
364 3645 489 3714 ἐμοὶ
520 3645 693 3717 ἰσχὺς,
723 3648 819 3700 καὶ
848 3649 880 3719 ἡ
909 3648 1037 3714 δόξα
1071 3666 1173 3721 μου
1207 3652 1558 3725 μετεστράφη
1603 3655 1684 3717 είς
1738 3654 1854 3707 δια⁶

290 3734 514 3808 φθορὰν,
536 3739 630 3791 καὶ
670 3739 769 3792 οὐκ
799 3741 1077 3813 ἐκράτησα
1123 3741 1328 3812 ἰσχύος.

354 3828 408 3882 9.
444 3829 557 3883 Kal
576 3830 795 3901 η’κουσα
817 3832 916 3903 τὴν
942 3833 1125 3906 φωνὴν
1151 3834 1262 3888 τῶν
1312 3835 1490 3906 λόγων
1525 3836 1691 3892 αὐτοῦ
1715 3856 1728 3869 ·
1768 3841 1861 3895 καὶ

292 3912 349 3964 tv
373 3911 453 3981 τῷ
501 3912 748 3969 ἀκοῦσαί·
779 3932 848 3986 με
895 3916 996 3987 τὴν
1028 3918 1211 3991 φωνὴν
1240 3918 1350 3972 τῶν
1382 3921 1643 3992 ῥημάτων
1669 3921 1859 3988 αὐτοῦ,

293 4003 434 4076 ἥμην
487 4009 954 4078 κατανενυγμένος
991 4010 1086 4064 ἐπὶ
1140 4011 1432 4082 πρόσωπόν
1492 4031 1620 4085 μου,
1678 4015 1776 4070 καὶ
1801 4014 1863 4070 τὸ

293 4095 583 4166 πρόσωπόν
604 4115 708 4169 μου
728 4100 823 4154 ἐπὶ
842 4100 940 4172 τὴν
972 4101 1100 4172 γῆν.
1483 4114 1489 4120 ’

361 4188 451 4242 ιθ.
486 4190 615 4244 Kal-
637 4190 747 4244 ίδοὺ
776 4191 901 4263 χεὶρ
929 4193 1211 4266 ἁπτομένη
1250 4212 1374 4266 μου,
1417 4197 1515 4251 καὶ
1573 4196 1761 4271 ἧγειρέ
1794 4216 1863 4268 με

292 4278 387 4334 ἐπὶ
411 4281 484 4336 τὰ
533 4282 741 4350 γόνατά
789 4300 915 4354 μου,
965 4285 1063 4340 καὶ
1111 4286 1205 4340 ἐπὶ
1256 4286 1327 4341 τά
1360 4288 1483 4360 ῐχνη
1530 4288 1642 4344 τῶν
1684 4290 1864 4345 ποδῶν

298 4387 426 4441 μου.

358 4464 451 4521 Η.
477 4466 592 4566 Kal
616 4463 778 4566 εἶπεν
803 4470 946 4566 πρὸς
973 4470 1042 4566 μέ
1071 4488 1097 4566 ’Δ
1117 4472 1317 4566 Δανιηλ
1350 4473 1491 4547 ἀνὴρ
1532 4473 1860 4546 ἐπιθυμιῶν,
1899 4511 1942 4566 D

298 4555 448 4622 σύνες
474 4560 533 4613 ιν
553 4562 669 4626 τοῖς
685 4560 870 4631 λόγοις
895 4560 976 4628 οἷς
1008 4563 1121 4633 ἐγὼ
1147 4564 1297 4620 λαλῶ
1323 4566 1462 4638 πρὸς
1486 4565 1567 4629 σε,
1595 4566 1691 4621 καὶ
1711 4568 1867 4639 στῆθι

295 4649 383 4703 ἐπὶ
408 4652 475 4722 τῇ
516 4651 707 4707 στάσει
740 4670 856 4720 σου,
887 4654 971 4709 ὅτι
995 4655 1092 4710 νῦν
1122 4656 1439 4729 ἀπεστάλην
1476 4657 1614 4728 πρὸς
1642 4657 1723 4712 σέ.
1756 4658 1869 4712 Kal

295 4741 353 4793 ἐν
369 4741 450 4812 τῷ
490 4742 722 4816 λαλῆσαι
785 4747 948 4802 αὐτὸν
997 4750 1139 4821 πρὸς
1199 4750 1270 4822 μέ
1321 4750 1414 4803 τὸν
1461 4748 1620 4820 λόγον
1653 4748 1883 4831 τοῦτον,

294 4832 523 4904 ἀνέστην
537 4835 818 4908 ἔντρομος.
1235 4863 1239 4867 -

362 4925 453 4980 12.
484 4928 597 4982 Kal
645 4924 800 4984 εἶπεν
835 4931 972 5002 πρὸς
998 4930 1065 5002 με
1095 4949 1110 4965 ·
1143 4930 1236 5004 Μὴ
1285 4931 1453 5003 φοϐοῦ
1499 4918 1716 5003 Δανιῆλ,
1785 4935 1870 4990 ὄτι

292 5016 404 5072 ἀπὸ
423 5019 525 5091 τῆς
555 5022 778 5094 πρώτης
800 5023 1018 5096 ἡμέρας
1037 5018 1107 5097 ἧς
1141 5022 1349 5089 ἔδωκας
1374 5025 1478 5096 τὴν
1525 5026 1753 5098 καρδίαν
1773 5043 1867 5081 σου

292 5109 386 5163 τοῦ
421 5112 688 5178 συνιέναι,
719 5113 818 5169 καὶ
871 5114 1189 5184 κακωθῆναι
1240 5116 1487 5170 ἐναντίον
1516 5118 1723 5190 Κυρίου
1773 5117 1868 5171 τοῦ

291 5201 429 5255 Θεοῦ
459 5219 575 5270 σου,
608 5203 955 5277 ἠκούσθησαν
982 5207 1033 5261 οἱ
1068 5205 1227 5276 λόγοι·
1260 5223 1378 5274 σου,
1410 5207 1506 5264 καὶ
1556 5209 1668 5279 ἐγὼ
1705 5205 1869 5282 ἦλθον

290 5293 353 5347 ιν
373 5296 487 5359 τοῖς
504 5294 683 5365 λόγοις
706 5313 819 5353 σου.

364 5385 455 5442 ιδ.
489 5388 642 5442 Καὶό
668 5389 853 5460 ἄρχων
896 5389 1182 5461 βασιλείας¹
1220 5391 1446 5464 Περσῶν
1498 5391 1740 5464 εἱστήκει
1782 5393 1873 5456 ἐξα

294 5474 552 5540 εναντίας
586 5493 690 5547 μου
726 5477 902 5533 εῐκοσι
934 5480 1035 5535 καῖ
1061 5480 1192 5552 μίαν
1218 5478 1466 5552 ἡμέρανο
1500 5481 1595 5534 καὶ
1618 5480 1727 5535 ἰδοὺ
1760 5483 1867 5537 Μι-

292 5563 434 5637 χαὴλ
464 5561 542 5630 εἷς
564 5567 673 5620 τῶν
705 5567 1122 5640 ἁρχόντων·τῶν
1164 5569 1397 5640 πρώτων
1427 5564 1560 5643 ἦλθε
1608 5568 1871 5642 βοηθῆσαί

295 5673 415 5725 μοι,
450 5658 547 5711 καὶ
607 5659 773 5714 αὐτὸν
821 5660 1115 5719 κατέλιπον
1171 5663 1289 5718 ἐκεῖ
1317 5664 1455 5736 μετὰ
1488 5661 1581 5719 τοῦ
1612 5663 1871 5735 ἄρχοντος

296 5749 566 5817 βασιλέως
580 5751 823 5823 Περσῶν.

1964 3287 2061 3360 qui
2086 3293 2242 3341 erant
2270 3299 2506 3349 mecum,
2529 3298 2639 3338 non
2664 3283 2915 3338 viderunt
2934 3282 3219 3347 visionem,
3242 3280 3337 3336 sed
3366 3289 3539 3336 terror

1966 3393 2193 3449 magnus
2226 3377 2386 3433 irruit
2413 3391 2578 3446 super
2604 3390 2721 3443 eos,
2754 3384 2810 3431 et
2843 3373 3102 3446 fugerunt
3135 3374 3189 3427 in
3225 3376 3440 3428 timore.

2038 3561 2091 3616 8.
2138 3559 2204 3615 Et
2234 3576 2337 3630 ego
2367 3559 2590 3615 relictus
2640 3575 2760 3614 sum
2790 3560 2939 3614 solus
2980 3576 2994 3613 :
3052 3566 3105 3611 ct
3134 3571 3243 3611 non
3277 3556 3541 3611 remansit

1966 3654 2023 3710 in
2053 3670 2141 3709 me
2167 3652 2453 3717 fortitudo,
2484 3662 2534 3707 et
2570 3651 2743 3722 gloria
2778 3668 2895 3705 mea
2927 3664 3193 3705 conversa
3227 3659 3310 3703 est
3360 3648 3415 3703 in
3460 3649 3540 3702 in-

1967 3747 2192 3802 teritum
2219 3765 2233 3801 :
2269 3756 2325 3800 et
2350 3760 2458 3799 non
2490 3745 2686 3800 retinui
2718 3743 3117 3800 fortitudinem.

2038 3839 2091 3895 9.
2132 3841 2198 3894 Et
2225 3839 2407 3895 audivi
2444 3855 2635 3894 vocem
2668 3853 2981 3893 sermonum
3006 3837 3165 3905 ejus:
3200 3843 3254 3890 et
3283 3851 3406 3890 cum
3441 3850 3543 3889 au-

1959 3932 2143 3987 direm
2176 3947 2365 3986 vocem
2399 3933 2696 3986 verborum
2756 3931 2876 3998 ejus
2902 3967 2917 3992 ,
2973 3943 3122 3981 eram
3180 3935 3544 3994 compunctus

1970 4038 2132 4095 super
2156 4023 2352 4079 faciem
2388 4036 2589 4089 meam,
2616 4034 2670 4076 et
2704 4019 2874 4075 facies
2906 4033 3025 4073 mea
3061 4032 3226 4086 super
3253 4025 3480 4076 terram.

2042 4209 2131 4265 10.
2176 4207 2244 4262 Et
2268 4222 2397 4263 ecce
2434 4221 2632 4261 manus
2664 4216 2891 4274 tangens
2921 4217 3026 4266 me,
3059 4201 3234 4256 erexit
3274 4215 3357 4255 me
3378 4213 3543 4270 super

1970 4316 2149 4374 genua
2171 4315 2313 4367 mea,
2348 4307 2404 4354 et
2431 4312 2597 4368 super
2620 4296 2836 4367 plantas
2861 4293 3054 4365 pedum
3079 4308 3350 4348 meorum.

2047 4465 2130 4520 ll.
2175 4463 2241 4518 Et
2263 4462 2400 4517 dixit
2428 4461 2491 4516 ad
2521 4474 2628 4514 me:
2661 4457 2849 4513 Daniel
2882 4456 2966 4510 vir
3003 4454 3424 4520 desideriorum,
3455 4454 3545 4508 in-

1973 4555 2154 4627 tellige
2176 4556 2231 4611 in
2260 4554 2466 4618 verbis,
2501 4567 2626 4623 quae
2657 4566 2757 4620 ego
2791 4550 2987 4619 loquor
3030 4548 3097 4603 ad
3140 4557 3236 4601 te:
3285 4556 3449 4601 acsts
3487 4545 3542 4599 in

1972 4648 2144 4718 gradu
2174 4653 2306 4700 tuo:
2338 4644 2465 4714 quia
2515 4656 2662 4697 nunc
2693 4640 2897 4695 missus
2926 4655 3047 4694 sum
3096 4637 3162 4691 ad
3190 4646 3274 4691 te:
3307 4649 3545 4704 eramque

1972 4739 2345 4808 dixisseripse
2372 4735 2442 4792 ad
2476 4749 2562 4790 me
2601 4748 2908 4789 sermonem
2942 4731 3173 4796 istum,»
3194 4728 3407 4784 surrexi
3433 4736 3544 4783 tre-

1971 4845 2149 4887 mens.

2043 4923 2132 4978 19..
2174 4921 2242 4978 Et
2269 4919 2501 4978 dixirad
2530 4935 2660 4975 me:
2694 4917 2815 4974 Noli
2864 4926 3128 4983 metuere,
3180 4914 3386 4980 Daniel,
3414 4913 3542 4982 quia

1971 5033 2038 5073 ex
2070 5016 2249 5087 primo
2275 5016 2384 5082 die,
2409 5015 2776 5087 quaposuisti
2806 5029 2903 5070 cor
2940 5023 3093 5068 tuum
3143 5011 3208 5066 ad
3237 5011 3543 5081 intelligen-

1971 5110 2124 5175 dum,
2145 5120 2201 5166 et
2228 5109 2571 5181 allligendum
2604 5118 2656 5164 te
2684 5122 2868 5163 coram
2906 5103 3138 5159 Domino
3167 5102 3275 5158 Deo
3308 5112 3420 5167 tuo,
3444 5117 3543 5155 au-

1973 5202 2085 5258 dita
2120 5211 2250 5259 sunt
2275 5202 2443 5257 verba
2468 5206 2558 5255 tua
2590 5215 2603 5251 :
2636 5206 2691 5254 et
2719 5212 2819 5266 ego
2845 5196 2968 5252 veni
2999 5196 3052 5249 in
3082 5193 3265 5249 verbis
3307 5193 3437 5247 tuis.

2042 5389 2130 5444 l5.
2154 5387 2231 5459 Et,
2251 5387 2506 5458 princeps
2534 5382 2690 5455 regni
2729 5381 3020 5438 Persarum
3050 5379 3199 5436 stetit
3226 5396 3293 5436 ex
3315 5379 3546 5434 adverso

1976 5482 2108 5537 mihi
2133 5479 2334 5548 vigenti
2363 5489 2418 5534 et
2451 5494 2561 5532 uno
2588 5477 2812 5541 diebus;
2868 5484 2923 5530 et
2961 5489 3088 5529 ecce
3135 5471 3366 5529 Michael
3404 5487 3545 5527 unus

1974 5572 2042 5629 de
2069 5570 2410 5642 principibus
2440 5569 2633 5640 primis
2661 5568 2812 5624 venit
2862 5566 2931 5624 ad
2958 5565 3329 5622 auxiliandum
3387 5564 3541 5627 mihi,

1973 5664 2236 5733 ct'ipsuin
2297 5662 2492 5731 reliqui
2554 5661 2629 5718 ibi
2673 5677 2797 5718 cum
2860 5660 3111 5732 principe
3149 5660 3293 5731 regis
3345 5654 3533 5715 Persa-

1976 5772 2117 5813 rum.
