4122 6320
590 353 728 409 888⁸7

1663 349 1911 406 DANIEL
1950 348 2170 405 JUXTA
2210 344 2754 406 THEODOTIONEM

3681 335 3831 390 2883

664 468 752 523 14.
795 466 862 522 Et
888 467 1028 532 veni,
1078 475 1137 519 ut
1185 467 1438 522 docerem
1487 475 1557 531 te,
1589 481 1712 533 qua:
1750 475 1974 518 ventura
2028 471 2156 514 sunt

2328 461 2416 517 H.
2450 465 2561 518 Kal
2590 460 2754 534 ἦλθον
2783 458 3060 514 συνετίσαι
3115 470 3175 506 σε
3207 454 3309 506 ὅσα
3340 449 3719 520 ἀπαντήσεται
3746 448 3830 520 τῷ

594 557 794 627 populo
813 567 903 612 tuo
929 558 981 610 in
1005 557 1319 611 novissimis
1349 555 1560 619 diebus,
1592 555 1850 624 quoniam
1877 567 2003 606 ecce
2021 550 2156 604 visio

596 648 651 701 in
678 647 815 702 dies.

670 739 756 794 l5.
797 737 1039 806 Cumque
1073 739 1385 807 loqueretur
1445 735 1560 803 ipse
1597 747 1808 786 mecum
1857 731 2156 786 secundum

599 828 970 896 hujuscemodi
1007 829 1188 891 verba,
1225 828 1348 882 dedi
1391 826 1582 880 faciem
1615 838 1788 879 meam
1834 823 1887 876 in
1931 831 2156 883 terram,

597 929 650 975 ct
684 929 1040 988 compunctus
1069 935 1214 972 sum.

668 1010 754 1064 16.
797 1009 860 1062 Et
887 1024 1012 1064 ecce
1042 1009 1198 1078 quasi
1232 1008 1533 1062 similitudo
1574 1007 1669 1060 lilii
1701 1005 1940 1058 hominis
1988 1003 2161 1071 tetigit

598 1103 734 1156 labia
776 1116 936 1154 mea:
972 1111 1023 1155 et
1071 1101 1256 1169 aperui
1291 1117 1352 1154 os
1384 1116 1586 1163 meum,
1641 1107 1695 1151 ct
1746 1098 1959 1152 locutus
2016 1112 2157 1159 sum,

598 1203 648 1247 et
676 1193 784 1247 dixi
815 1191 879 1244 ad
911 1207 1058 1256 cum,
1089 1191 1182 1260 qui
1240 1190 1416 1247 stabat
1449 1200 1636 1244 contra
1694 1203 1815 1242 me:
1845 1187 2070 1242 Domine
2104 1186 2159 1239 in

599 1285 805 1339 visioae
833 1293 923 1338 tua
969 1299 1234 1338 conversa
1271 1292 1403 1338 sunt
1436 1283 1692 1337 interiora
1747 1281 1800 1334 in
1834 1297 1938 1342 me,
1961 1289 2015 1334 et
2036 1295 2161 1334 ecce

601 1394 703 1430 non
739 1377 914 1430 habeo
946 1375 1338 1430 fortitudinem.

670 1467 756 1521 17.
801 1467 866 1521 Et
897 1465 1170 1535 quoiuodo
1201 1465 1397 1535 poterit
1419 1480 1607 1520 servus
1633 1472 1780 1526 tuus,
1814 1460 2060 1526 Domine,
2084 1459 2162 1513 lo-

601 1557 691 1628 qui
720 1571 843 1611 cum
871 1554 1102 1609 Domino
1131 1555 1274 1610 iSto?
1313 1566 1367 1608 et
1413 1569 1514 1624 ego
1541 1552 1736 1607 amodo
1777 1567 1882 1606 non
1913 1548 2075 1604 stabit
2107 1549 2160 1601 in

599 1666 683 1701 me
711 1645 994 1710 fortitudo,
1023 1645 1220 1701 halitus
1246 1661 1352 1700 non
1384 1644 1642 1699 remansit
1681 1642 1732 1696 in
1774 1657 1879 1696 me.

669 1828 753 1884 18.
795 1829 856 1882 Et
895 1827 1123 1892 addidit,
1155 1836 1208 1882 et
1231 1827 1404 1897 tetigit
1431 1840 1516 1880 me
1547 1825 1705 1896 quasi
1731 1823 1870 1879 visio
1900 1820 2160 1887 hominis,

595 1932 648 1975 et
677 1920 1002 1974 confortavit
1037 1935 1142 1972 me.

673 2013 754 2066 t9.
794 2010 858 2065 Et
883 2013 1021 2064 dixit
1052 2010 1181 2062 mihi
1205 2027 1217 2061 :
1240 2009 1354 2063 Noli
1388 2009 1599 2072 timere,
1623 2010 1703 2064 vir
1736 2009 2160 2063 desideriorum:

597 2119 697 2174 pax
725 2103 822 2156 tibi
853 2119 865 2154 :
910 2102 1142 2156 viriliter
1185 2116 1302 2171 age,
1325 2112 1377 2155 et
1420 2101 1750 2155 confortarc.
1805 2101 2052 2168 Cumque
2081 2099 2164 2150 lo-

596 2207 855 2265 queretur
887 2195 1003 2263 ipse
1037 2207 1274 2255 mecum,
1300 2193 1574 2256 convalui,
1611 2200 1665 2246 et
1695 2193 1808 2247 dixi
1837 2209 1849 2244 :
1886 2190 2165 2261 Loquatur

597 2285 859 2338 Dominus
893 2299 1067 2348 meus,
1094 2281 1220 2352 quia
1247 2280 1572 2359 _confortasti
1605 2297 1709 2336 me.

663 2377 754 2432 20.
796 2374 861 2429 Ει
890 2375 1026 2429 dixit
1081 2392 1095 2428 :
1150 2373 1360 2436 Scisne,
1387 2387 1554 2441 quare
1605 2372 1842 2426 venerim
1892 2372 1959 2426 ad
1985 2371 2067 2424 te?
2113 2381 2166 2425 et

597 2485 743 2524 nunc
775 2475 1035 2529 revertar,
1070 2475 1126 2520 ut
1153 2465 1362 2534 prtelier
1393 2479 1516 2518 cum
1558 2465 1800 2533 principe
1828 2462 2118 2516 Persarum
2149 2482 2162 2516 :

594 2575 650 2618 et
687 2577 788 2632 ego
845 2561 1182 2630 egrediebar,
1229 2568 1282 2614 et
1329 2557 1580 2628 princeps
1627 2556 1938 2612 Graecorum
1984 2556 2166 2610 venie-

519 2692 540 2703 —
601 2658 710 2708 hat.

669 2744 766 2797 2|.
787 2741 1174 2796 Verumtamen
1197 2743 1536 2797 annuntiabo
1565 2740 1685 2806 tibi,
1720 2739 1865 2808 quod
1897 2739 2164 2794 constitu-
2189 2808 2195 2815 ‘

600 2847 714 2890 tum
746 2845 827 2888 est
860 2835 912 2888 in
947 2834 1219 2902 scriptura
1242 2834 1486 2887 veritatis
1514 2851 1527 2886 :
1561 2842 1615 2886 et
1661 2847 1766 2885 non
1797 2838 1881 2884 est
1912 2845 2051 2884 unus
2073 2830 2167 2883 ad-

600 2929 813 2982 luerens
845 2926 977 2980 mihi
1009 2925 1076 2980 de
1105 2925 1207 2982 his.
1237 2926 1341 2978 nisi
1373 2923 1598 2978 Michael
1627 2923 1874 2993 princeps
1895 2930 2089 2976 vester.

1193 3037 1424 3094 CAPUT
1471 3037 1566 3092 ΧΙ.

672 3158 722 3212 1.
764 3156 828 3210 Et
857 3155 1057 3210 factum
1089 3165 1170 3210 est
1193 3155 1246 3209 iu
1279 3171 1422 3210 anno
1457 3155 1632 3225 primo
1662 3152 1822 3223 Cyri,
1854 3149 2064 3206 stabam
2099 3148 2164 3202 ad
2192 3136 2237 3199 C

599 3250 790 3314 robur,
810 3260 862 3303 et
891 3247 1284 3302 fortitudinem.

668 3341 722 3394 '2.
768 3339 829 3393 lit
859 3355 1002 3394 nunc
1032 3339 1297 3393 annuntio
1325 3337 1419 3391 tibi
1445 3337 1729 3391 veritatem
1775 3355 1789 3389 :
1845 3331 2167 3388 ecceadhuc

601 3446 710 3486 tres
742 3447 893 3500 reges
929 3439 1152 3500 surgent
1179 3429 1232 3482 in
1269 3427 1512 3493 Perside,
1549 3437 1602 3481 et
1631 3435 1859 3496 quartus
1907 3423 2168 3478 ditabitur

598 3520 803 3576 divitiis
835 3523 1046 3590 magnis
1089 3535 1250 3588 super
1300 3534 1491 3573 omnes
1535 3534 1550 3582 ;
1601 3526 1655 3570 et
1693 3531 1818 3570 cum
1879 3514 2167 3568 invaluerit

601 3618 719 3684 ipse
753 3613 981 3674 divitiis,
1023 3611 1266 3678 insurget
1323 3624 1488 3678 super
1520 3606 1703 3662 omnia
1750 3621 1912 3676 regna
1947 3603 2166 3658 ϐιωσο-

603 3720 746 3759 1³0111.

673 3796 726 3847 5.
773 3792 835 3847 Ει
857 3801 1039 3862 surget
1065 3807 1157 3845 rex
1189 3799 1403 3860 potens,
1437 3799 1490 3844 et
1515 3787 1891 3843 dominabitur
1918 3787 2166 3842 domina-

600 3883 747 3938 tione
780 3881 968 3947 tuulta,
995 3890 1049 3934 et
1081 3879 1242 3935 faciet
1283 3879 1582 3934 secundum
1627 3879 1953 3932 voluntatem
1985 3891 2162 3932 suam.

667 4069 724 4125 4.
768 4071 830 4123 Et
868 4083 990 4122 cum
1053 4065 1261 4120 steterit
1302 4079 1527 4133 regnum
1578 4065 1718 4134 ejus,
1751 4072 2083 4128 conteretur,
2111 4072 2165 4118 et

597 4163 870 4218 dividetur
899 4161 955 4213 in
983 4168 1217 4228 quatuor
1245 4167 1433 4211 ventos
1462 4156 1583 4210 caeli
1605 4197 1620 4222 ,
1653 4166 1706 4210 et
1745 4171 1850 4209 non
1883 4155 1936 4209 in
1977 4155 2164 4211 novis-

601 4255 740 4310 sima
768 4269 888 4318 sua,
943 4267 1117 4320 neque
1163 4251 1460 4306 secundum
1515 4249 1944 4304 dominationem
1983 4264 2162 4311 suam,

599 4360 707 4416 qua
733 4343 1045 4398 dominatus
1069 4351 1190 4396 est:
1215 4341 1342 4411 quia
1368 4338 1756 4409 exstirpabitur
1779 4353 2005 4410 regnum
2021 4338 2161 4409 ejus,

596 4448 654 4494 et
679 4436 898 4492 dabitur
919 4435 1044 4488 aliis
1083 4442 1277 4503 praatcr
1306 4433 1462 4488 istos.
2037 4495 2040 4500 _

669 4526 725 4582 5.
768 4523 832 4578 Ει
863 4523 1258 4578 confurtabitur
1282 4537 1373 4574 rex
1418 4520 1628 4574 austri:
1664 4529 1717 4574 et
1741 4536 1880 4575 unus
1909 4519 1975 4574 de
2007 4519 2162 4589 priu-

595 4617 815 4690 cipibus
845 4616 968 4682 ejus
995 4613 1307 4685 praevalebit
1333 4628 1496 4682 super
1524 4627 1672 4676 cum,
1704 4620 1760 4665 et
1796 4611 2163 4665 dominabitur

599 4710 974 4766 dominatione
1007 4705 1174 4760 multa
1209 4712 1402 4774 prtetcr
1428 4712 1748 4772 potestatem
1771 4719 1949 4758 suam.

669 4801 724 4854 6.
760 4800 825 4855 Et
851 4808 974 4869 post
999 4811 1172 4850 annos
1196 4797 1340 4850 illius
1385 4794 1917 4849 commiscebuntur:
1947 4794 2164 4864 liliaque

597 4893 743 4963 regis
776 4890 947 4946 austri
976 4888 1313 4959 ingredietur
1351 4887 1416 4940 ad
1450 4901 1629 4956 regem
1675 4885 1946 4955 aquilonis
1981 4884 2162 4939 facere

598 4984 804 5039 fmdcra
835 4997 958 5038 cum
981 4995 1070 5044 eo,
1101 4989 1155 5035 et
1186 4995 1292 5032 non
1330 4978 1595 5033 obtinebit
1641 4977 2012 5032 fortitudinem
2040 4977 2164 5031 bra-

599 5077 734 5143 chii,
769 5091 872 5130 nec
900 5074 1068 5130 stabit
1123 5087 1308 5128 semen
1341 5070 1495 5140 ejus,
1548 5078 1603 5124 et
1650 5068 1893 5123 tradetur
1943 5067 2080 5136 ipsa,
2111 5077 2163 5122 et

597 5169 691 5239 qui
728 5167 1068 5222 adducebant
1092 5179 1236 5225 eam,
1268 5172 1320 5217 et
1346 5161 1746 5218 adolescentula
1767 5201 1782 5226 ,
1826 5168 1880 5214 et
1906 5160 1999 5228 qui
2033 5173 2159 5211 con-

599 5258 836 5314 fortabat
859 5273 979 5312 eam
1011 5255 1064 5309 in
1105 5251 1458 5323 temporibus.

670 5430 722 5483 7.
762 5428 829 5484 Et
859 5437 1043 5498 surget
1072 5426 1138 5480 de
1173 5425 1305 5482 flore
1358 5425 1557 5481 radicis
1603 5427 1723 5496 ejus
1757 5428 2162 5498 prcharationis

597 5522 745 5579 illius
774 5539 787 5574 :
822 5529 875 5574 et
904 5519 1082 5572 veniet
1115 5517 1180 5571 ad
1203 5517 1482 5585 virtutem,
1517 5529 1570 5574 et
1597 5519 1926 5590 ingredietur
1957 5520 2008 5574 in
2037 5535 2163 5590 pro-

597 5613 903 5685 pugnacula
939 5611 1084 5681 regis
1117 5611 1388 5680 aquilonis
1413 5628 1427 5662 :
1452 5623 1506 5666 et
1537 5609 1698 5666 faciet
1726 5614 1777 5668 in
1817 5615 1916 5677 eis,
1949 5623 2002 5668 et
2024 5615 2163 5667 ubli-

599 5702 768 5759 nebit.

2257 554 2370 624 λαῷ
2408 570 2500 607 σου
2528 555 2616 606 ἐπ’
2642 552 2884 623 ἐσχάτων
2911 549 3018 602 τῶν
3043 545 3288 618 ήμερῶν,
3320 543 3402 595 ὅτι
3431 540 3540 593 ἰδοὺ
3576 541 3610 611 ή
3633 540 3833 611 ὅρασις

2259 646 2339 708 εἰς
2371 646 2601 716 ἡμέρας.

2332 737 2418 791 15.
2456 738 2567 791 Kal
2591 739 2647 789 ὲν
2671 734 2748 805 τῷ
2771 733 3002 801 λαλῆσαι
3028 730 3189 785 αὐτὸν
3223 726 3338 798 μετ’
3367 723 3502 795 ἐμοῦ
3529 723 3673 777 κατὰ
3699 723 3834 785 τοὺς

2256 829 2450 898 λόγους
2470 829 2712 890 τούτους,
2747 826 2921 879 ἔδωκα
2949 824 3009 876 τὸ
3034 819 3320 893 πρόσωπόν
3338 835 3438 889 μου
3472 819 3554 880 εἰς
3569 816 3671 887 τὴν
3700 815 3831 885 γῆν,

2262 921 2354 972 καὶ
2387 917 2711 986 κατενύγην.

2332 1012 2418 1066 16.
2453 1011 2562 1064 Kal
2591 1010 2698 1063 ἰδοὺ
2760 1009 2836 1070 ὼς
2887 1003 3143 1072 ὁμοίωσις
3172 998 3287 1053 υἱοῦ
3324 993 3611 1067 ἀνθρώπου
3652 995 3836 1064 ἥψατο

2261 1101 2368 1154 τῶν
2400 1099 2624 1171 χειλέων
2657 1115 2781 1168 μου,
2800 1097 2894 1148 καὶ
2916 1090 3104 1165 ἧνοιξα
3128 1091 3190 1143 τὸ
3212 1090 3389 1157 στόμα
3425 1103 3549 1156 μου,
3584 1086 3681 1139 καὶ
3708 1085 3833 1137 ἐλά-

2260 1193 2422 1263 λησα,
2470 1192 2566 1244 καὶ
2617 1184 2772 1242 εἷπον
2821 1186 2957 1256 πρὸς
3011 1184 3100 1237 τὸν
3151 1181 3361 1234 ἑστῶτα
3406 1179 3649 1232 ἐναντίον
3692 1193 3828 1246 μου·

2263 1286 2458 1356 Κύριε,
2513 1285 2571 1336 ἐν
2595 1285 2660 1352 τῇ
2695 1279 2883 1351 ὁράσει
2934 1293 3027 1330 σου
3081 1271 3328 1341 ἐστράφη
3355 1270 3424 1324 τὰ
3455 1269 3606 1331 ἐντός
3636 1283 3742 1338 μου
3777 1266 3834 1319 ὲν

2263 1378 2410 1447 ἐμοὶ,
2444 1377 2537 1429 καὶ
2575 1375 2682 1428 ἰδοὺ
2717 1373 2815 1426 οὐκ
2844 1371 2950 1440 ἔχω
2988 1368 3160 1437 ἰσχύν.

2335 1467 2422 1521 17.
2452 1466 2560 1519 Καί
2623 1463 2738 1527 πῶς
2773 1462 3059 1530 δυνήσεται
3109 1458 3137 1509 6
3175 1453 3306 1516 παῖς
3339 1469 3456 1516 σου,
3499 1451 3691 1522 Κύριε,
3738 1451 3834 1504 λα-

2263 1558 2422 1626 λῆσαι
2456 1555 2593 1626 μετὰ
2624 1553 2718 1606 τοῦ
2755 1551 2956 1623 Κυρίου
2995 1547 3226 1610 τούτους
3287 1545 3382 1597 καὶ
3432 1541 3562 1611 ἐγὼ,
3601 1543 3708 1597 ἀπὸ
3735 1543 3831 1596 τοῦ

2266 1647 2365 1701 νῦν
2408 1647 2468 1699 οὐ
2503 1648 2764 1716 στήσεται
2795 1645 2854 1697 ὲν
2879 1642 3004 1714 ἐμοὶ
3046 1641 3220 1710 ἰσχὺς,
3270 1640 3364 1692 καὶ
3407 1641 3538 1707 πνοή
3563 1641 3658 1710 οὐχ
3687 1639 3824 1692 ύπε-

2263 1737 2458 1807 λείφθη
2485 1739 2542 1790 ὲν
2575 1736 2718 1807 ἐμοί.

2338 1831 2424 1886 l8.
2479 1831 2587 1884 Kal
2642 1827 2956 1900 προσέθετο,
3011 1827 3106 1881 καὶ
3144 1825 3320 1896 ήψατό
3362 1840 3460 1894 μου
3515 1823 3588 1886 ὼς
3637 1824 3825 1893 ὅρασις

2265 1923 2574 1996 ἀνθρώπου,
2607 1925 2700 1977 καὶ
2724 1919 2970 1992 ἐνίσχυσὲ
3005 1936 3093 1986 με.

2336 2017 2422 2071 19.
2456 2017 2566 2070 Καὶ
2626 2011 2778 2067 εἶπέν
2804 2028 2924 2082 μοι’
2975 2011 3066 2080 Μὴ
3098 2006 3288 2076 φοϐοῦ,
3327 2006 3468 2076 ἀνὴρ
3498 2003 3830 2073 ἐπιθυμιῶν,

2267 2109 2454 2177 εἰρήνη
2486 2121 2588 2157 σοι·
2617 2102 2890 2174 ἀνδρίζου,
2923 2102 3018 2154 καὶ
3069 2100 3219 2169 ἴσχυε
3242 2115 3254 2126 ·
3289 2096 3386 2149 καὶ
3412 2097 3469 2148 ὲν
3495 2094 3574 2163 τῷ
3602 2093 3834 2162 λαλῆσαι

2266 2197 2426 2250 αὐτὸν
2483 2197 2598 2266 μετ’
2627 2193 2783 2264 ἐμοῦ,
2833 2193 3110 2262 ὲνίσχυσα,
3158 2190 3251 2243 καὶ
3307 2184 3480 2241 εἷπονο
3520 2187 3767 2241 Λαλεξτω
3806 2186 3836 2238 6

2267 2288 2472 2359 Κύριός
2509 2305 2632 2358 μου,
2666 2287 2747 2339 ὅτι
2775 2285 3066 2354 ὲνὶσχυσάς
3100 2299 3188 2353 με.

2335 2380 2426 2434 20.
2450 2380 2559 2432 Kal
2592 2372 2765 2440 εἶπεν,
2788 2378 2836 2429 εἰ
2868 2370 3015 2437 οἶδας
3041 2373 3092 2426 τί
3124 2367 3287 2443 ἦλθον
3315 2371 3452 2442 πρὸς
3480 2370 3540 2424 σὲ
3563 2387 3578 2435 ;
3607 2369 3701 2422 καὶ
3737 2366 3838 2421 νῦν

2265 2471 2582 2541 ἐπιστρέψω
2607 2470 2700 2523 τοῦ
2737 2468 3043 2538 πολεμῆσαι
3095 2466 3231 2536 μετὰ
3263 2465 3522 2536 ἄρχοντος
3564 2460 3796 2533 Περσῶν
3819 2475 3835 2492 ο

2267 2563 2364 2615 καὶ
2386 2561 2495 2630 ἐγὼ
2525 2560 2951 2632 ὲξεπορευόμην,
2999 2559 3092 2613 καὶ
3130 2559 3160 2610 6
3203 2556 3386 2626 ἄρχων
3418 2553 3528 2607 τῶν
3567 2553 3839 2624 Ἐλλήνων

2265 2653 2484 2724 ήρχετο.

2333 2742 2426 2797 2|.
2461 2741 2600 2795 Ἀλλ’
2623 2741 2655 2813 ἢ
2682 2740 2968 2811 ἀναγγελῶ
3002 2757 3084 2794 σοι
3103 2741 3164 2792 τὸ
3185 2738 3523 2808 τεταγμένον
3555 2737 3613 2788 ὲν
3645 2731 3832 2803 γραφῇ

2265 2834 2542 2904 ἀληθείας,
2564 2836 2658 2888 καὶ
2706 2834 2806 2886 οὐκ
2832 2833 2980 2886 ἐστιν
3033 2827 3114 2895 εἷς
3166 2831 3522 2902 ἀντεχόμενος
3559 2822 3837 2898 μετ’ὲμοῧ

2265 2928 2392 3000 περὶ
2420 2927 2642 2992 τούτων,
2666 2926 2781 2980 ἀλλ’
2809 2926 2842 2997 ἢ
2871 2924 3091 2995 Μιχαὴλ
3123 2925 3151 2976 ὁ
3177 2924 3359 2995 ἄρχων
3376 2923 3405 2975 ύ
3414 2921 3549 2993 μῶν.

2780 3037 3172 3091 ΚΕΦΑΛΛΙΟΝ
3207 3037 3309 3090 IA'.

2341 3153 2392 3207 1.
2423 3153 2531 3208 Ka‘t
2556 3152 2771 3221 ὲγένετο
2810 3152 2866 3206 ὲν
2893 3151 3004 3204 ἔτει
3048 3147 3250 3222 πρώτῳ
3300 3148 3506 3221 Κύρου,
3545 3147 3707 3218 ἔστην
3755 3146 3840 3210 είς

2266 3246 2466 3316 κράτος
2488 3245 2581 3298 καὶ
2606 3244 2777 3314 ἰσχύν.

2335 3339 2390 3393 2.
2417 3339 2526 3391 Ka't
2550 3337 2644 3391 νῦν
2669 3336 2986 3406 ἀναγγέλλω
3019 3353 3101 3388 σοι
3129 3333 3386 3406 ἀλήθειαν
3407 3349 3418 3360 ·
3453 3331 3560 3384 ἰδοὺ
3583 3328 3661 3382 ἔτι
3686 3331 3839 3399 τρεῖς

2269 3426 2510 3496 βασιλεῖς
2532 3428 2924 3496 ἀναστήσονται
2953 3426 3009 3478 ὲν
3035 3428 3099 3495 τῇ
3134 3423 3375 3494 Περσίδι,
3408 3421 3551 3474 καὶὸ
3578 3420 3839 3489 τέταρτος

2267 3519 2562 3587 πλουτήσει
2595 3517 2822 3570 πλοῦτον
2851 3517 3025 3587 μέγαν
3058 3516 3208 3586 παρὰ
3227 3517 3453 3578 πάντας,
3482 3513 3574 3567 καὶ
3601 3510 3737 3582 μετά
3776 3511 3839 3563 το

2267 3611 2538 3681 κρατήσαι
2571 3609 2734 3662 αὐτὸν
2766 3609 2857 3662 τοῦ
2883 3608 3134 3672 πλούτου,
3162 3607 3591 3677 ἐπαναστήσεται
3634 3603 3839 3666 πάσαις

2267 3705 2388 3764 ταῖς
2417 3700 2716 3771 βασιλείαις
2741 3701 2850 3753 τῶν
2893 3700 3182 3772 Ἑλλήνων.

2336 3792 2389 3846 5.
2414 3791 2525 3845 Καὶ
2554 3791 2916 3860 ἀναστήσεται
2945 3789 3194 3859 βασιλεὺς
3219 3788 3460 3853 δυνατὸς,
3485 3787 3578 3839 καὶ
3611 3784 3835 3856 κυριεύ-

2270 3900 2352 3936 σει
2380 3883 2604 3953 κυρείας
2633 3881 2856 3952 πολλῆς,
2881 3882 2976 3935 καὶ
2999 3884 3215 3952 ποιήσει
3243 3880 3383 3933 κατά
3413 3879 3474 3932 τὸ
3501 3876 3712 3947 θέλημα
3734 3875 3836 3928 αὑ-

2264 3975 2385 4034 τοῦ.

2337 4070 2388 4123 4.
2422 4069 2530 4123 Kal
2552 4068 2626 4131 ὼς
2655 4066 2722 4121 ἂν
2745 4070 2844 4138 στῇ
2872 4068 2906 4138 ή
2935 4065 3182 4137 βασιλεία
3209 4064 3374 4118 αὐτοῦ
3395 4062 3836 4134 συντριϐήσεται,

2267 4162 2361 4215 καὶ
2393 4159 2776 4231 δαιρεθήσεται
2803 4162 2881 4223 εἰς
2908 4161 3034 4224 τοὺς
3064 4161 3334 4231 τέσσαρας
3361 4159 3596 4228 ἀνέμους
3629 4155 3722 4208 τοῦ
3743 4155 3838 4207 ού-

2269 4249 2454 4325 ρανοῦ,
2489 4254 2584 4307 καὶ
2609 4253 2710 4306 ούκ
2738 4255 2818 4316 εἰς
2844 4254 2912 4306 τὰ
2954 4252 3158 4322 ἔσχατα
3185 4250 3374 4312 αὑτοῦ,
3404 4251 3527 4304 οὐδὲ
3556 4248 3698 4304 κατὰ
3735 4246 3837 4318 τὴν

2264 4345 2490 4417 κυρείαν
2516 4344 2703 4406 αὑτοῦ,
2737 4345 2802 4414 ήν
2835 4344 3175 4415 ἐκυρίευσεν,
3209 4345 3290 4397 ὅτι
3309 4343 3652 4407 ὲκτιλήσεται
3671 4342 3706 4408 ή
3733 4339 3836 4409 βα-

2269 4436 2443 4490 σιλεία
2473 4435 2664 4501 αὑτοῦ,
2688 4438 2785 4490 καὶ
2822 4434 3108 4505 δοθήσεται
3147 4434 3353 4505 ἑτέροις
3378 4433 3534 4496 ἐκτὸς
3565 4430 3794 4485 τούτων.

2339 4527 2392 4581 5.
2422 4527 2532 4579 Kal
2559 4525 2829 4596 ὲνισχύσει
2856 4527 2884 4578 6
2908 4524 3158 4595 βασιλεὺς
3183 4519 3280 4576 τοῦ
3309 4525 3480 4589 νότου,
3506 4522 3598 4576 καὶ
3626 4515 3707 4583 εἷς
3725 4520 3838 4573 ἀπὸ

2263 4617 2371 4672 τῶν
2394 4618 2666 4688 ἀρχόντων
2695 4616 2858 4670 αὑτοῦ
2882 4615 3155 4687 ἐνισχύσει
3180 4619 3264 4670 ἐπ’
3286 4616 3469 4680 αὑτὸν,
3493 4615 3586 4669 καὶ
3612 4614 3838 4686 κυριεύ-

2267 4727 2348 4763 σει
2379 4711 2605 4780 κυρείας
2629 4709 2832 4780 πολλῆς
2863 4709 3021 4772 ἐκτὸς
3050 4710 3297 4774 ἐξουσίας
3325 4709 3512 4763 αὑτοῦ.

2335 4804 2386 4858 6.
2419 4803 2529 4856 Ka‘t
2562 4802 2701 4873 μετὰ
2727 4802 2793 4855 τὰ
2822 4802 2918 4870 ἔτη
2973 4803 3136 4855 αὐτοῦ
3173 4803 3608 4872 συμμιγήσονται
3629 4816 3641 4828 ⁸
3675 4801 3769 4853 καὶ
3798 4802 3833 4869 ή

2265 4893 2510 4964 Θυγάτηρ
2533 4891 2793 4962 βασιλέως
2813 4892 2908 4944 τοῦ
2930 4892 3083 4944 νότου
3113 4892 3484 4944 εἰσελεύσεται
3514 4891 3648 4962 πρὸς
3671 4891 3836 4960 βασι-

2263 4986 2358 5039 λέα
2382 4983 2478 5037 τοῦ
2510 4984 2683 5054 βορρᾶ
2706 4983 2926 5054 ποιῆσαι
2953 4983 3224 5052 συνθήκας
3257 4985 3373 5051 μετ’
3412 4983 3596 5047 αὑτοῦ,
3642 4984 3738 5036 καὶ
3768 4984 3834 5036 ού

2263 5073 2525 5142 κρατήσει
2551 5070 2731 5140 ἰσχύος
2762 5068 3062 5140 βραχίονος,
3089 5071 3259 5125 καὶού
3297 5074 3550 5142 στήσεται
3580 5072 3639 5125 τὸ
3664 5073 3838 5142 σπέρ-

2266 5180 2339 5234 μα
2360 5161 2549 5226 αύτοῦ,
2584 5163 2678 5215 καὶ
2707 5161 3141 5233 παραδοθήσεται
3171 5161 3328 5232 αὐτὴ,
3365 5164 3456 5216 καὶ
3489 5164 3537 5215 ol
3572 5164 3838 5232 φέροντες

2263 5253 2453 5324 αὐτὴν,
2503 5253 2600 5306 καὶ
2649 5253 2849 5317 νεᾶνις,
2887 5255 2979 5306 καὶ
3011 5255 3040 5306 6
3068 5253 3375 5324 κατισχύων
3420 5253 3587 5325 αὐτὴν
3635 5255 3692 5307 ὲν
3721 5256 3838 5317 τοίς

2265 5349 2490 5414 καιροῖς.

2337 5437 2384 5490 7.
2414 5437 2522 5490 Kal
2546 5436 2906 5507 ἀναστήσεται
2935 5437 2998 5488 ὲκ
3018 5435 3111 5488 τοῦ
3139 5433 3330 5500 ἄνθους
3351 5434 3450 5503 τῆς
3479 5437 3635 5506 ῥίζης
3659 5437 3839 5505 αὐτῆς

2263 5528 2358 5592 τῆς
2393 5525 2709 5596 ὲτοιμασίας
2739 5523 2924 5586 αὑτοῦ,
2976 5523 3071 5576 καὶ
3109 5522 3229 5592 ἥξει
3259 5525 3393 5594 πρὸς
3439 5523 3538 5591 τὴν
3577 5523 3834 5593 δύναμιν,

2264 5618 2358 5670 καὶ
2391 5616 2754 5670 εἰσελεύσεται
2772 5617 2851 5677 εἰς
2873 5615 2943 5667 τὰ
2966 5615 3416 5685 ύποστηρίγματα
3439 5614 3533 5666 τοῦ
3561 5614 3836 5683 βασιλέως

2265 5709 2356 5761 τοῦ
2391 5708 2580 5780 βορρᾶ,
2611 5709 2700 5762 καὶ
2742 5709 2955 5777 ποιήσει
2991 5708 3046 5759 ὲν
3087 5707 3292 5774 αὐτοῖς,
3322 5708 3413 5760 καὶ
3446 5705 3790 5780 κατισχύσαι.
