4122 6320
288 275 440 334 2889

1743 303 1977 366 CAPUT
2010 306 2101 365 XI.

3405 317 3577 375 εθισ-

362 394 419 450 8.
456 398 571 451 Καί
602 417 666 469 γε
693 405 819 469 τοὺς
850 405 1004 475 θεοὺς
1036 411 1218 466 αὐτῶν
1255 417 1398 486 μετὰ
1440 419 1549 474 τῶν
1587 420 1847 492 χωνευτῶη

2046 419 2100 476 8.
2143 419 2319 477 Etiam
2349 421 2483 478 deos
2506 438 2702 479 eorum
2721 440 2848 481 cum
2888 426 3149 487 fusilibus-
3171 446 3359 489 eorum
3390 447 3555 491 omnis

291 485 498 552 αὐτῶν,
537 492 649 544 πᾶν
696 495 891 560 σκεῦος
934 485 1272 575 ἐπιθυμητὸν
1320 509 1521 576 αὐτῶν,
1584 485 1872 583 άργυρίου,

291 577 390 630 καὶ
432 581 681 650 χρυσίου,
715 587 852 654 μετὰ
888 591 1269 662 αἰχμαλωσίας
1324 601 1546 656 εἰσοίσει
1580 577 1682 668 είς*
1705 577 1874 672 Ᾰῖγυ-

291 686 449 770 πτον,
484 674 581 727 καὶ
609 676 778 742 αὐτὸς
807 683 1066 752 στήσεται
1092 687 1236 761 ὑπὲρ
1267 690 1534 761 βασιλέως
1559 697 1653 752 τοῦ
1678 697 1868 770 βορῤἄ.

364 760 419 816 9.
446 762 556 817 Kal
593 767 962 827 εἰσελεύσεται
999 778 1079 840 εἰς
1115 778 1213 850 τήν
1251 781 1529 852 βασιλείαν
1576 789 1669 842 τοῦ
1720 789 1875 860 βασι-

288 851 430 916 λέως
465 854 560 909 τοῦ
587 857 765 926 νότου,
794 864 887 917 καὶ
916 851 1354 942 άναστρέῲειέίς
1380 876 1475 947 τὴν
1507 879 1610 949 γῆν
1646 851 1832 936 αὐτοῦ.

362 945 593 1043 1οΖΚαί
618 952 670 1004 οἰ
707 954 813 1021 υἰοὶ
842 958 1008 1013 αὐτοῦ
1040 963 1360 1030 συνάξουσιν
1391 945 1548 1039 ὖχλον
1566 945 1872 1043 δυνάμεων

287 1036 525 1103 πολλῶν,
562 1042 656 1096 καὶ
696 1047 1008 1116 συνάξουσι,
1039 1055 1136 1108 καὶ
1156 1056 1527 1114 εἰσελεύσεται
1550 1062 1866 1134 ἐρχόμενος,

286 1127 381 1179 καὶ
412 1131 790 1199 κατακλύζων,
831 1140 925 1193 καὶ
958 1145 1380 1214 παρελεύσεται,
1423 1153 1516 1204 καὶ
1563 1153 1867 1223 καθιείται,

287 1218 383 1272 καὶ
404 1222 467 1274 οὐ
500 1223 838 1297 πλεκήσεται
869 1230 973 1296 ἕως
1001 1235 1103 1307 τῆς
1130 1239 1314 1310 ἰσχύος
1339 1242 1530 1299 αὐτοῦ.

356 1313 443 1366 11.
479 1315 585 1370 Καὶ
607 1317 1010 1394 άγριωθήσεται
1032 1326 1288 1396 βασιλεὺς
1309 1332 1402 1389 τοῦ
1426 1334 1580 1390 νότου
1611 1377 1626 1399 ,
1651 1339 1745 1391 καὶ
1772 1339 1867 1405 ἑξ-

281 1401 588 1473 ελεύσεται,
619 1410 712 1465 καὶ
730 1412 1032 1487 πολεμήσει
1056 1419 1197 1491 μετὰ
1219 1422 1315 1476 τοῦ
1336 1423 1603 1495 βασιλέως
1617 1428 1710 1482 τοῦ
1728 1401 1864 1500 Βορ-

1979 526 2076 567 vas
2098 511 2461 569 desiderabile
2478 528 2672 571 eorum
2700 517 2933 587 argenti,
2967 527 3025 574 et
3056 521 3179 576 auri
3210 536 3337 578 cum
3376 526 3553 595 captio

1978 598 2145 653 vitate
2165 602 2468 670 asportabit
2492 602 2548 658 in
2572 601 2863 675 Egyptum
2889 622 2901 658 :
2933 616 2989 662 et
3034 607 3152 678 ipse
3199 611 3365 666 stabit
3390 629 3569 684 super:

1975 703 2156 758 regem
2184 692 2479 762 aquilonis.

2047 780 2102 834 9.
2141 780 2209 835 Et
2238 781 2464 840 intrabit
2493 783 2549 840 in
2579 800 2808 857 regnum
2840 787 2984 861 regis
3033 792 3243 859 austri,
3280 802 3335 849 et
3367 809 3551 851 rever-

1978 879 2123 927 tetnr
2155 873 2208 927 in
2245 883 2447 932 terram
2476 892 2658 934 suam.

2048 962 2135 1016 ιο.
2178 961 2244 1016 Ει
2295 963 2392 1020 lilii
2457 966 2579 1035 ejus
2620 970 3032 1042 congregsbunt
3084 972 3305 1031 turbam
3333 978 3548 1033 exemi»-

1973 1059 2127 1107 tuum
2163 1054 2486 1123 multorum,
2512 1067 2567 1116 et
2587 1060 2918 1136 conjungent
3013 1076 3067 1122 et
3097 1066 3429 1138 ingredietur
3456 1086 3549 1127 ve-

1971 1142 2150 1210 niens,
2178 1154 2233 1200 et
2254 1146 2554 1217 inundans,
2617 1160 2673 1208 et
2725 1157 3101 1226 pertransibit,
3150 1170 3205 1216 et
3232 1161 3466 1227 sedebit.
3494 1172 3548 1218 et

1968 1248 2077 1289 non
2107 1240 2490 1309 congredietur
2523 1259 2698 1316 usque
2724 1247 2794 1302 ad
2822 1246 3196 1308 fortitudinem
3226 1253 3368 1324 ejus.

2041 1327 2127 1382 tl.
2154 1327 2219 1383 Et
2242 1346 2336 1387 rex
2367 1335 2540 1390 austri
2576 1337 2906 1407 etl'erabitur,
2933 1349 2989 1396 et
3011 1341 3341 1414 egredietur,
3371 1352 3428 1401 et
3442 1361 3546 1415 pu-

1968 1417 2151 1485 gnabit
2182 1435 2306 1476 cum
2347 1437 2476 1493 rege
2500 1425 2798 1496 aquilonis,
2829 1438 2886 1485 et
2931 1428 3097 1487 faciet
3143 1441 3293 1491 stare
3326 1433 3541 1489 turbam

285 1496 377 1566 ρᾶ,
413 1500 504 1551 καὶ
537 1501 725 1573 στήσει
758 1504 916 1577 ὄχλον
955 1509 1157 1577 πολὺν,
1205 1514 1301 1569 καὶ
1356 1496 1847 1591 παραδοθήσεται-ι

1968 1508 2213 1576 niultam,
2254 1521 2310 1568 et
2335 1513 2581 1571 tradetur
2610 1518 2769 1574 turba
2799 1519 2855 1575 in
2895 1536 3060 1578 manu
3080 1522 3224 1593 ejus.

282 1585 438 1659 ῦχλος
457 1591 516 1642 ὲν
544 1594 689 1665 χειρὶ
726 1597 914 1655 αὐτοῦ.

350 1678 440 1733 12.
475 1680 588 1735 Καὶ
636 1682 866 1757 λήψεται
915 1690 1007 1745 τδν
1057 1692 1218 1766 ὄχλον
1242 1735 1258 1761 ,
1321 1697 1417 1751 καὶ
1447 1697 1855 1771 ὑψωθήσεταιὴ

2037 1687 2126 1742 12.
2172 1688 2237 1744 Ει
2268 1692 2449 1762 capiet
2507 1695 2936 1768 multitudinem,
2993 1708 3049 1757 et
3091 1701 3422 1760 exaltabltur
3446 1720 3573 1761 cor.-

280 1771 477 1843 καρδία
498 1773 688 1845 αὑτοῦ,
712 1779 804 1833 καὶ
831 1782 1135 1838 καταϐαλεῖ
1161 1788 1450 1859 μυριάδας,
1486 1791 1582 1843 καὶ
1594 1790 1694 1844 οὐκ
1730 1791 1859 1845 άντ-
1895 1794 1937 1852 Β
1964 1778 2108 1850 eius:
2144 1790 2199 1837 ει
2231 1782 2453 1855 ἀθίίθίει
2485 1789 2788 1860 ωιτίειάεει
2817 1801 2871 1848 ει
2892 1806 3002 1849 non
3024 1794 3377 1865 Ρτπηιθδίίο·

281 1862 512 1921 ισγύσει.

373 1881 512 1921 υσει.

305 1878 439 2012 ⁸213.
464 1958 573 2011 Καὶ
596 1960 915 2033 ἐπιστρέψει
949 1965 977 2018 ὁ
997 1964 1252 2036 βασιλεὺς
1282 1971 1377 2027 τοῦ
1408 1972 1600 2046 βοῤῥᾶ,
1622 1976 1715 2029 καὶ
1736 1975 1853 2041 seu

2037 1958 2125 2015 l3.
2166 1961 2232 2018 Et
2254 1978 2606 2025 convertatur
2632 1986 2727 2027 res
2753 1974 3048 2043 aquilonis,
3084 1981 3138 2034 et
3164 1974 3561 2031 addueettur+

277 2045 433 2119 Βχλον
472 2049 640 2105 πολὺν
691 2051 833 2125 ὑπὲρ
882 2054 977 2109 τὸν
1033 2057 1332 2131 πρότερον·
1369 2064 1463 2117 καὶ
1503 2045 1582 2128 εἰς
1617 2064 1679 2119 τὸ
1705 2066 1847 2133 τέλος

1958 2050 2083 2106 bam
2133 2057 2360 2114 multam
2420 2075 2587 2132 super
2638 2063 2874 2133 priorem
2914 2072 3013 2121 :et
3069 2066 3125 2121 in
3189 2066 3298 2122 fine
3319 2066 3532 2123 dierum

276 2137 386 2193 τῶν
409 2141 637 2213 ήμερῶν
666 2144 1015 2202 ἐπελεύσεται
1040 2150 1249 2206 εἰσόδια
1266 2154 1323 2208 ὲν
1358 2152 1585 2226 δυνάμει
1617 2158 1851 2231 μεγάλῃ.

277 2232 370 2285 καὶ
406 2233 465 2286 ὲν
495 2234 731 2305 ὑπάρξει
751 2237 945 2310 πολλῇ.

346 2326 431 2381 14.
467 2327 581 2381 Καὶ
604 2331 660 2381 ἐν
689 2333 804 2394 τοῖς
837 2335 1049 2403 καιροῖς
1071 2334 1297 2402 ἐκείνοις
1332 2339 1518 2393 πολλοί
1543 2342 1852 2413 ἐπαναστήο

277 2435 456 2473 σονται
483 2420 577 2473 ἐπὶ
607 2420 832 2491 βασιλέα
861 2423 958 2478 τοῦ
987 2426 1161 2493 νότου,
1191 2430 1352 2484 καὶοί
1383 2434 1487 2485 υἱοὶ
1518 2434 1626 2487 τῶν
1645 2435 1848 2505 λοιμῶν

273 2509 365 2563 τοῦ
395 2509 528 2565 λαοῦ
564 2529 659 2566 σου
684 2514 1115 2588 ὲπαρθήσονται,
1155 2520 1248 2574 τοῦ
1282 2523 1478 2594 στῆσαι
1503 2525 1715 2596 ὅρασιν,
1757 2528 1852 2581 καὶ

272 2598 473 2671 άσθενή
484 2618 635 2655 σουσι
644 2644 657 2658 .

348 2709 436 2764 15.
469 2711 577 2765 Καὶ
599 2714 966 2773 εἰσελεύσεται
1000 2719 1255 2789 βασιλεὺς
1283 2722 1379 2777 τοῦ
1410 2724 1604 2797 pappet,
1642 2730 1734 2783 καὶ
1753 2732 1848 2785 ἐκ·

276 2804 390 2871 χεετ
409 2803 739 2877 πρόσχωμα,
771 2810 866 2864 καὶ
899 2809 1229 2882 συλλήψεται
1277 2816 1461 2881 πόλεις
1493 2819 1719 2891 ὀχυρὰς,
1752 2823 1848 2877 καὶ

280 2891 556 2964 βραχίονες
578 2897 955 2967 βασιλέωςτοῦ
982 2904 1132 2958 νότου
1162 2908 1471 2978 στήσονται,
1498 2912 1591 2965 καὶ
1619 2913 1847 2986 ἀναστή-

281 3000 451 3040 σονται
483 2990 533 3041 οἰ
573 2990 822 3046 ἐκλεκτοὶ
870 2995 1058 3060 αὑτοῦ,
1110 3000 1205 3052 καὶ
1238 3001 1338 3054 οὐκ
1385 3001 1535 3055 ἔσται
1572 3004 1724 3073 ἰσχὺς
1749 3005 1844 3058 τοῦ

274 3090 483 3148 στηναι.

336 3186 427 3244 16.
462 3191 571 3245 Καὶ
602 3196 818 3265 ποιήσει
837 3197 865 3249 ὁ
885 3199 1333 3272 εἰσπορευόμενος
1356 3206 1491 3276 πρὸς
1522 3208 1680 3263 αὐτὸν
1707 3214 1846 3265 κατὰ

266 3276 328 3333 τὸ
354 3278 569 3353 θέλημα
601 3284 791 3354 αὐτοῦ,
836 3291 928 3342 καὶ
966 3290 1066 3344 οὐκ
1102 3293 1252 3347 ἔστιν
1283 3296 1456 3361 ἑστὼς
1505 3300 1646 3354 κατὰ
1678 3301 1845 3373 προσ·

269 3389 414 3425 ωπον
438 3375 606 3429 αὐτοῦ
628 3393 641 3405 ·
673 3380 768 3432 καὶ
790 3382 1050 3451 στήσεται
1082 3385 1141 3439 ὲν
1164 3389 1230 3458 τῇ
1272 3390 1341 3459 γῇ
1367 3390 1459 3443 τοῦ
1489 3392 1710 3466 Σαϐεὶρ,
1749 3397 1846 3449 καὶ

269 3465 753 3539 συντελεσθήσεται
778 3473 838 3524 ὲν
876 3477 941 3545 τῇ
978 3475 1120 3546 χειρὶ
1160 3478 1349 3532 αὑτοῦ.

336 3579 424 3636 17.
460 3582 568 3636 Καὶ
610 3584 762 3652 τάξει
818 3588 879 3642 τὸ
906 3591 1199 3662 πρόσωπον
1245 3596 1434 3661 αὐτοῦ,
1489 3599 1750 3654 εἰσελθεῖν
1785 3603 1844 3656 ὲν

273 3671 413 3744 ἰσχύϊ
434 3674 616 3746 πάσης
648 3677 751 3748 τῆς
782 3679 1055 3749 βασιλείας
1083 3685 1273 3751 αὐτοῦ,
1309 3688 1404 3741 καὶ
1450 3689 1612 3744 εὐθέα
1663 3692 1842 3747 πάντα

273 3765 387 3834 μετ’
409 3767 577 3822 αὑτοῦ
601 3773 850 3842 ποιήσει·
881 3776 974 3828 καὶ
1003 3775 1282 3850 θυγατέρα
1303 3780 1414 3834 τῶν
1443 3783 1721 3851 γυναικῶν
1739 3785 1843 3840 δὼ-

273 3876 348 3912 σει
369 3862 516 3932 αὐτῷ
539 3862 631 3917 τοῦ
654 3864 964 3938 διαφθεῖραι
998 3870 1188 3942 αὐτὴν.
1221 3873 1317 3925 καὶ
1344 3875 1405 3928 ού
1438 3876 1513 3946 μὴ
1558 3880 1838 3949 παραμεί-

271 3966 351 4024 νῃ,
382 3953 477 4006 καὶ
502 3954 604 4009 ούκ
630 3956 779 4028 αὐτῷ
807 3958 982 4014 ἔσται.

333 4065 420 4121 18.
450 4069 557 4121 Kal
602 4070 920 4141 ἐπιστρέψει
967 4075 1027 4128 τὸ
1069 4075 1364 4146 πρόσωπον
1395 4079 1559 4133 αὐτοῦ
1605 4081 1687 4145 εἰς
1735 4081 1836 4144 τὰς

272 4159 480 4231 νήσους,
504 4164 597 4216 καὶ
633 4164 961 4236 συλλήψεται
988 4167 1208 4234 πολλὰς,
1240 4170 1335 4224 καὶ
1369 4174 1711 4227 κατακαύσει
1739 4174 1837 4246 ἄρ-

269 4268 455 4323 χοντας
490 4255 798 4328 ὀνειδισμοῦ
827 4259 1027 4326 αὐτῶν,
1078 4261 1219 4335 πλὴν
1251 4266 1282 4317 ὁ
1332 4264 1637 4337 ὀνειδισμὸς
1669 4267 1835 4321 αὐτοῦ

269 4345 576 4419 ἐπιστρέψει
601 4349 768 4422 αὐτῷ.

1871 3141 1919 3205 C

1959 2142 2298 2215 ingredietur
2320 2154 2439 2209 vias
2469 2154 2523 2209 in
2555 2154 2758 2212 virtute
2796 2172 2994 2230 magna
3015 2197 3033 2225 ,
3066 2168 3123 2215 et
3165 2159 3222 2215 in
3271 2169 3530 2230 apparatu

1954 2237 2148 2293 multo.

2026 2326 2115 2383 14.
2157 2330 2223 2386 Ει
2251 2333 2304 2387 in
2329 2337 2668 2407 temporibus
2698 2339 2808 2397 illis
2832 2342 2991 2398 multi
3019 2353 3532 2416 consurgentsuper

1960 2434 2139 2489 regem
2175 2425 2385 2482 austri:
2446 2438 2503 2485 et
2556 2430 2652 2486 lilii
2683 2433 3052 2502 pestilentium
3100 2437 3284 2507 populi
3321 2437 3400 2492 tui
3432 2452 3530 2491 ex-

1955 2513 2236 2584 tollentur,
2264 2530 2326 2576 ut
2361 2530 2609 2580 statuant
2630 2527 2922 2595 visionem,
2955 2536 3011 2585 et
3042 2526 3490 2586 intlrmabuntur.

2024 2710 2115 2767 15.
2157 2713 2226 2770 Et
2270 2717 2609 2791 ingredietur
2666 2742 2758 2783 rex
2814 2730 3089 2801 aquilonis
3118 2772 3134 2799 ,
3191 2743 3247 2790 et
3291 2735 3530 2793 effundet

1950 2816 2242 2875 aggerem,
2270 2817 2329 2865 et
2375 2813 2556 2883 capiet
2598 2815 2847 2876 civitates
2896 2821 3167 2883 munitas.
3205 2835 3259 2881 et
3302 2825 3525 2882 brachia

1948 2895 2093 2965 regis
2125 2899 2299 2955 austri
2323 2903 2568 2971 stabunt,
2594 2917 2649 2963 et
2696 2921 3041 2985 consurgent
3085 2914 3242 2972 electi
3279 2916 3419 2987 eius,
3471 2927 3549 2975 et.

1951 3001 2056 3042 non
2089 2990 2193 3046 erit
2223 2991 2488 3052 fortitudo
2516 2999 2581 3054 ad
2613 3003 2886 3058 standum.

2020 3189 2109 3245 16.
2151 3190 2218 3248 Et
2243 3194 2407 3252 faciet
2429 3199 2745 3270 ingrediens
2768 3205 3031 3264 adversus
3058 3222 3185 3265 eum
3219 3212 3531 3267 secundum

1949 3282 2283 3342 voluntatem
2315 3304 2496 3359 suam,
2517 3303 2573 3349 et
2597 3311 2703 3351 non
2732 3308 2838 3363 εει,
2871 3300 2966 3372 qui
2988 3309 3091 3357 stet
3115 3312 3300 3360 contra
3330 3304 3520 3361 faciem

1946 3373 2069 3445 ejus
2100 3396 2114 3433 :
2151 3388 2206 3434 et
2239 3382 2406 3439 stabit
2436 3384 2491 3440 in
2529 3395 2673 3443 terra
2730 3388 2889 3447 Sabir
2914 3433 2931 3460 ,
2974 3402 3028 3450 et
3085 3407 3440 3454 consumetur
3465 3401 3520 3455 tn

1946 3480 2113 3524 manu
2152 3472 2295 3543 ejus.

2019 3579 2107 3638 17.
2149 3580 2218 3638 Et
2235 3596 2402 3655 ponet
2430 3587 2622 3647 faciem
2652 3608 2832 3660 suam,
2866 3605 2928 3652 ut
2953 3598 3292 3671 ingrediatur
3322 3603 3373 3657 in
3410 3602 3523 3659 for-

1945 3671 2180 3730 titudine
2208 3678 2375 3735 totius
2407 3682 2559 3752 regni
2591 3683 2733 3753 ejus,
2764 3696 2819 3741 et
2861 3696 3010 3745 recta
3062 3692 3247 3748 omnia
3295 3709 3419 3749 cum
3448 3709 3517 3750 eo

1944 3759 2229 3823 facietzet
2264 3768 2432 3827 filiam
2494 3774 2830 3836 feminarum
2891 3780 3043 3839 dabit
3088 3783 3162 3847 ei.
3216 3797 3275 3841 ut
3329 3785 3520 3857 perdat

1944 3855 2091 3913 illam
2121 3876 2136 3916 :
2167 3869 2222 3917 et
2246 3877 2354 3918 non
2388 3870 2748 3937 permanebit,
2781 3880 2968 3928 etnon
2992 3875 3096 3930 erit
3125 3876 3193 3930 ei.

2013 4060 2103 4117 18.
2143 4064 2211 4119 Et
2240 4077 2521 4124 convertet
2559 4068 2754 4127 facient
2786 4090 2942 4131 suam
2972 4076 3039 4131 ad
3078 4077 3309 4141 insulas.
3334 4088 3391 4135 et
3419 4093 3513 4135 ca.

1940 4155 2052 4223 piet
2078 4159 2276 4216 multas
2310 4180 2323 4216 :
2358 4170 2412 4216 et
2439 4177 2727 4221 consumet
2768 4168 3039 4237 principes
3072 4170 3369 4241 opprobrii
3405 4174 3512 4238 sui,

1940 4258 2316 4306 verumtamen
2343 4256 2692 4323 opprobrium
2723 4259 2845 4329 ejus
2882 4273 3234 4327 convertetur
3260 4264 3331 4327 ei.

334 4459 420 4515 l9.
448 4462 558 4516 Kal
604 4465 921 4536 ἐπιστρέψει
952 4468 1013 4522 τὺ
1052 4468 1346 4541 πρόσωπον
1379 4468 1544 4528 αὖτοῦ
1603 4479 1685 4541 εἰς
1733 4479 1831 4550 τὴν

2012 4451 2102 4507 19.
2145 4454 2215 4509 Ει
2279 4456 2802 4520 οοιινεινιειἹιιοὶειιι
2838 4480 2991 4521 suam
3034 4468 3101 4522 ad
3139 4468 3510 4529 fortitudinem

266 4548 418 4622 ἰσχὺν
448 4552 545 4624 τῆς
566 4553 670 4625 γῆς
698 4556 884 4622 αὐτοῦ,
928 4562 1022 4614 καὶ
1076 4561 1386 4636 ἀσθενήσει,
1421 4568 1516 4621 καὶ
1561 4548 1830 4635 πεσεῖται,

263 4642 354 4695 καὶ
370 4643 470 4715 οὐχ
488 4644 867 4716 εὑρεθήσεται.

324 4754 414 4810 20.
448 4758 559 4814 Καὶ
597 4759 965 4833 ἀναστήσεται
1000 4765 1066 4819 ὲκ
1102 4768 1199 4838 τῆς
1245 4770 1402 4842 ῥίζης
1430 4773 1595 4827 αὑτοῦ
1633 4774 1834 4844 φύλλον

262 4842 536 4912 βασιλείας
577 4851 672 4904 ἐπὶ
721 4851 819 4925 τὴν
845 4854 1167 4927 ἑτοιμασίαν
1194 4863 1384 4928 αὐτοῦ,
1435 4842 1830 4937 παρασιύάζον,

260 4937 352 4991 καὶ
378 4941 625 5013 πράσσον
651 4940 810 5012 δόξαν
839 4944 1136 5017 βασιλείας.

320 5050 413 5108 Si.
445 5054 556 5109 Kal
576 5058 635 5111 ἐν
676 5060 795 5123 ταῖς
835 5060 1070 5133 ἡμέραις
1109 5063 1346 5129 ἐκείναις
1388 5067 1827 5138 συντριϐήσεται,

256 5144 347 5196 καὶ
374 5144 474 5198 οὐκ
499 5148 558 5200 ὲν
592 5148 925 5218 προσώποις,
946 5152 1068 5206 οὐδὲ
1096 5155 1155 5207 ὲν
1190 5154 1412 5228 πολέμῳ
1434 5198 1450 5222 ,
1500 5161 1593 5212 καὶ
1640 5162 1831 5228 στήσε·

254 5253 343 5289 ται
373 5238 465 5291 ἐπὶ
496 5241 598 5308 τὴν
628 5241 945 5313 ἐτοιμασίαν
973 5244 1139 5299 αὑτοῦ
1162 5262 1174 5275 ·
1218 5246 1567 5320 ὲξουδενὼθη,
1606 5252 1698 5304 καὶ
1732 5254 1835 5308 οὐκ.

253 5329 409 5401 ἐδόθη
445 5333 531 5383 ἱπ⁸
552 5334 715 5386 αὐτὸν
744 5334 874 5400 δόξα
895 5335 1172 5407 βασιλείας
1195 5377 1212 5401 ,
1237 5340 1332 5394 καὶ
1350 5339 1467 5411 ἥξει
1502 5342 1560 5396 ιν
1581 5342 1829 5416 εὐθηνία,

255 5422 348 5474 καὶ
374 5424 697 5495 κατισχύσει
728 5425 1002 5498 βασιλείας
1027 5431 1088 5484 ἐν
1120 5430 1470 5503 ὀλισθήμασι.

322 5533 413 5588 Ξὶ.
438 5536 546 5590 Καὶ
565 5535 854 5608 βραχίονες
878 5539 974 5593 τοῦ
996 5541 1430 5609 κατακλύζοντος
1456 5545 1832 5619 κατακλυσθῆ-

256 5640 440 5680 σονται
473 5628 581 5683 άπὸ
633 5629 928 5701 προσώπου
983 5633 1148 5689 αὐτοῦ
1174 5676 1193 5702 ,
1222 5637 1317 5691 καὶ
1360 5638 1832 5711 συντριϐήσονται,

253 5718 345 5771 καί
373 5735 435 5801 τε
463 5721 765 5795 ἡγούμενος
792 5723 1076 5798 διαθήκης.
1186 5787 1189 5789 ,

1938 4554 2103 4602 terra:
2130 4562 2264 4614 sua,
2292 4559 2350 4606 et
2373 4550 2758 4623 intlrmabitur,
2817 4568 2871 4613 et
2900 4558 3078 4622 cadet.
3117 4568 3177 4614 et
3226 4575 3335 4616 non
3364 4563 3515 4619 inve-

1938 4638 2137 4693 nietur.

2005 4750 2095 4808 20.
2139 4753 2202 4809 Et
2236 4768 2418 4829 surget
2469 4759 2538 4812 de
2586 4760 2768 4816 radice
2828 4761 2949 4832 ejus
2983 4776 3203 4835 germen
3256 4765 3411 4833 regni
3443 4766 3510 4820 ιιι

1937 4848 2387 4915 ριιιψοτιιιίοιιειιι
2430 4849 2600 4920 ipsius
2632 4850 3011 4920 transferens,
3062 4862 3116 4910 et
3168 4853 3373 4913 faciens
3396 4857 3525 4928 glo-i

1937 4935 2071 4989 riam
2105 4936 2274 5009 regni.

2004 5045 2095 5100 Si.
2136 5042 2203 5102 Et
2232 5048 2288 5103 in
2325 5049 2530 5106 diebus
2558 5051 2666 5108 illis
2694 5064 3040 5122 conteretur,
3076 5064 3130 5110 et
3170 5072 3276 5111 non
3309 5057 3361 5111 in
3388 5074 3513 5126 per-

1935 5137 2110 5203 sonis,
2139 5154 2315 5210 neque
2338 5140 2392 5195 in
2427 5141 2569 5196 bello
2592 5159 2623 5195 :.
2662 5153 2713 5199 ct
2749 5145 2916 5201 stabit
2959 5162 3124 5217 super
3156 5151 3507 5219 praeparatio-

1936 5244 2058 5283 nem
2092 5231 2213 5300 cjus
2240 5251 2251 5285 :
2283 5243 2638 5306 contemptus
2662 5234 2783 5305 fuit,
2824 5247 2876 5293 et
2908 5254 3015 5293 non
3068 5235 3194 5294 data
3231 5249 3313 5295 cst
3343 5258 3505 5312 super

1933 5334 2057 5374 eum
2089 5322 2461 5396 gloriaregni,
2489 5335 2543 5382 et
2567 5326 2743 5383 veniet
2781 5328 2834 5383 in
2881 5330 3309 5400 tranquillitate,
3332 5336 3387 5385 et
3409 5332 3508 5386 nb-

1935 5409 2128 5465 tinebit
2151 5428 2376 5483 regnum
2414 5416 2466 5469 in
2494 5417 2916 5474 iubricitatibus.

1962 5524 2091 5580 ‘22.
2136 5524 2200 5580 Et
2228 5526 2447 5583 brachia
2474 5528 2787 5588 inundantis
2840 5532 3252 5590 inundabuntur
3307 5552 3345 5592 a1
3369 5533 3504 5593 facit!

1932 5615 2071 5687 ejus,
2100 5626 2155 5674 ct
2174 5627 2523 5676 conterentur
2568 5640 2580 5676 :
2612 5630 2665 5678 et
2695 5620 2810 5679 dux
2854 5622 3184 5682 testamenti.
