4122 6320
534 308 667 366 2891

1613 309 1861 364 DAMEL
1899 307 2127 363 JUXTA
2164 307 2729 367 THEODOTIONEM.

3647 309 3799 369 2892

534 436 538 442 ·
607 418 699 472 ἳδ.
742 417 897 472 Etex
922 418 1403 474 commistionibus
1452 418 1717 477 adversus
1773 436 1898 477 eum
1955 419 2117 474 faciet

2289 421 2380 476 25.
2417 422 2528 476 Kal
2548 421 2658 476 ἀπὸ
2696 420 2805 475 τῶν
2835 421 3152 493 συμμίξεων
3203 423 3342 495 πρὸς
3379 424 3544 481 αὐτὸν
3578 429 3798 499 ποιήσει

535 509 740 570 dolum,
783 517 836 563 et
863 510 1139 573 ascendet,
1174 519 1226 564 et
1260 513 1569 580 praevalebit
1598 513 1786 566 incum
1818 513 1872 566 in
1898 511 2113 566 modica

539 611 718 668 gente.

609 692 700 745 ‘24.
743 692 809 747 Et
856 694 908 747 in
962 693 1393 763 prosperitatem,
1432 702 1484 748 et
1515 693 1569 747 in
1615 694 1798 763 plures
1856 694 2113 764 regiones

541 784 718 838 veniet
746 802 758 840 :
787 795 841 838 et
869 784 1027 838 faciet
1059 800 1180 854 qua:
1237 800 1344 838 non
1383 784 1629 840 fecerunt
1670 796 1854 856 patres
1892 786 2031 856 ejus,
2063 795 2117 840 et

541 886 724 944 patres
753 886 965 945 patrum
998 878 1152 946 ejus;
1181 878 1566 945 direptionem,
1597 887 1649 932 et
1682 878 1874 947 spolia,
1910 889 1963 932 et
1987 879 2117 933 sub—

540 967 792 1019 stantiam
815 966 895 1020 eis
915 965 1220 1034 dissipabit,
1249 976 1303 1021 et
1321 967 1495 1036 super
1517 966 1810 1038 Egyptum
1858 969 2116 1038 cogitabit

540 1059 897 1126 cogitationes
929 1073 1079 1122 suas,
1103 1067 1156 1111 et
1191 1074 1363 1129 usque
1395 1059 1463 1113 ad
1495 1070 1726 1130 tempus.

611 1151 701 1204 25.
748 1149 812 1202 Et
866 1151 1197 1205 excitabitur
1252 1153 1516 1208 fortitudo
1551 1155 1692 1222 ejus,
1729 1162 1782 1208 et
1842 1169 1937 1208 cor
1996 1153 2115 1222 ejus

543 1260 716 1312 super
739 1258 918 1312 regem
945 1243 1121 1297 austri
1156 1245 1208 1297 in
1241 1244 1440 1298 virtute
1471 1261 1706 1315 magna:
1747 1255 1802 1299 et
1834 1261 1928 1299 rex
1946 1246 2116 1300 austri

542 1331 836 1400 conjunget
879 1333 1126 1400 praelium
1179 1348 1305 1386 cum
1363 1350 1430 1386 eo
1483 1335 1537 1387 in
1572 1334 1768 1388 virtute
1799 1349 2018 1405 magna,
2066 1342 2119 1387 et

544 1421 671 1474 forti
695 1421 882 1485 nimis,
915 1433 970 1476 et
1018 1438 1126 1476 non
1180 1425 1364 1488 stabit,
1415 1424 1542 1494 quia
1591 1425 1914 1494 cogitahunt
1957 1440 2120 1494 super

544 1527 668 1564 cum
701 1510 1075 1572 cogitationes.
2056 1499 2064 1508 ’

615 1598 706 1653 9.6.
749 1599 812 1653 Et
847 1599 1132 1654 comedent
1164 1602 1472 1656 necessaria
1503 1601 2116 1670 cjus,conterentcum,

546 1701 600 1744 et
658 1692 891 1746 virtutes
949 1693 1069 1762 ejus
1139 1693 1458 1748 inuudabit:
1497 1703 1552 1748 et
1592 1694 1787 1749 cadent
1843 1693 2118 1748 interfecti

553 1783 730 1834 multi.

617 1872 708 1927 ‘27.
752 1873 817 1926 Et
852 1872 1071 1943 utrique
1098 1891 1270 1946 rcges,
1307 1875 1472 1929 corda
1503 1891 1690 1930 eorum
1724 1875 1788 1929 ad
1832 1873 2121 1939 malitiam,

547 1975 598 2019 et
625 1965 690 2017 ad
723 1981 969 2020 mensam
1003 1982 1165 2019 unam
1221 1968 1502 2022 mendacia
1535 1968 1863 2037 loquentur,
1913 1977 1967 2021 et
2016 1983 2124 2020 non

551 2057 834 2126 prolicient
863 2075 874 2110 :
912 2057 1040 2127 quia
1069 2059 1248 2112 adhuc
1273 2060 1395 2113 finis
1424 2062 1477 2112 in
1517 2069 1754 2128 tempus.

620 2151 711 2205 28.
755 2151 820 2205 Et
844 2161 1146 2206 revertetur
1173 2153 1227 2206 in
1276 2161 1478 2205 terram
1535 2167 1690 2205 suam
1719 2151 1774 2204 in
1821 2151 2125 2205 substantia

548 2246 718 2297 multa
763 2263 777 2299 :
817 2255 869 2298 et
903 2260 996 2298 cor
1018 2245 1334 2314 ejus-“super
1362 2252 1746 2299 testamentum
1777 2252 2049 2310 sanctum,
2074 2253 2126 2297 et

549 2334 729 2400 faciet,
759 2346 808 2389 et
834 2346 1134 2390 revertetur
1166 2337 1217 2388 in
1257 2345 1452 2389 terram
1488 2350 1664 2390 suam.

617 2429 707 2482 29.
750 2429 828 2481 Ad
852 2439 1066 2498 tempus
1098 2438 1421 2493 revertetur,
1455 2437 1511 2483 ct
1532 2429 1716 2483 veniet
1744 2427 1813 2482 ad
1839 2437 2120 2484 austrum:

548 2531 600 2574 et
631 2536 734 2574 non
757 2521 858 2575 erit
877 2521 1019 2574 sicut
1049 2521 1242 2589 prima,
1266 2531 1320 2574 et
1339 2521 1480 2597 sicut
1515 2521 1833 2576 novissima.

623 2612 711 2667 50.
757 2612 822 2666 Et
851 2614 1224 2683 ingredientur
1257 2613 1323 2666 ad
1348 2613 1499 2666 illum
1525 2613 1958 2682 egredientes,et
1978 2614 2128 2680 equi-

551 2718 717 2768 tatus,
748 2715 800 2760 et
841 2705 1237 2768 lnnniliabitur,
1265 2713 1318 2759 et
1375 2714 1698 2771 revertetur,
1781 2713 1836 2757 et
1879 2704 2129 2775 indigna-

553 2799 700 2852 bitur
729 2814 892 2867 super
923 2807 1312 2852 testamentum
1341 2805 1616 2860 sanctum,
1649 2805 1702 2850 et
1747 2795 1929 2859 faciet,
1965 2806 2018 2849 et
2044 2811 2128 2849 re-

554 2900 813 2956 vertetur,
854 2899 908 2944 et
963 2888 1226 2959 intelliget
1269 2903 1434 2958 super
1470 2902 1588 2954 eos,
1640 2887 1733 2957 qui
1789 2887 2130 2957 reliquerunt

557 2991 939 3035 testamentum
977 2988 1250 3035 sanctum.

623 3071 712 3125 5|.
753 3069 819 3124 Et
845 3071 1066 3124 brachia
1099 3086 1162 3124 ex
1190 3070 1276 3123 his
1306 3069 1548 3131 stabunt,
1573 3075 1626 3121 ct
1657 3067 1897 3137 polluent
1925 3066 2128 3121 sancti-

2221 514 2396 579 δόλον,
2446 518 2539 570 καὶ
2567 517 2925 588 ἀναϐήσεται,
2981 519 3074 572 καὶ
3121 520 3479 592 ὑπερισχΰσει
3527 521 3698 579 αὑτοῦ
3742 527 3802 579 ἐν

2215 606 2381 677 ὀλίγῳ
2403 606 2572 662 ἔθνει.

2281 699 2372 754 24.
2410 700 2521 753 Kal
2552 701 2610 752 ἐν
2635 699 2880 773 εὐθηνίᾳ,
2907 705 3004 757 καὶ
3048 705 3110 759 ὲν
3140 702 3353 756 πλείοσι
3398 702 3605 776 χώραις
3655 707 3802 778 ἥξει,

2216 791 2311 844 καὶ
2333 793 2551 864 ποιήσει
2585 791 2620 846 ἃ
2645 794 2746 846 οὐκ
2771 794 3036 864 ἐποίησαν
3061 797 3108 847 oi
3140 795 3377 863 πατέρες
3411 795 3602 861 αὑτοῦ,
3629 798 3726 851 καὶ
3755 802 3805 853 οἱ

2214 881 2454 954 πατέρες
2487 883 2597 937 τῶν
2647 883 2899 953 πατέρων
2955 883 3154 937 αὐτοῦ·
3185 886 3465 957 προνομὴν
3501 889 3594 939 καὶ
3634 889 3804 942 σκῦλα

2217 974 2314 1028 καὶ
2350 973 2587 1046 ὕπαρξιν
2635 977 2822 1039 αὐτοῖς
2866 975 3232 1044 διασκορπιεῖ,
3265 977 3361 1028 καὶ
3395 978 3480 1029 ἐπ’
3529 979 3806 1046 Αἴγυπτον

2217 1066 2478 1134 λογιεῖται
2499 1068 2794 1138 λογισμοὺς
2824 1068 3012 1132 αὑτοῦ,
3050 1069 3145 1121 καὶ
3173 1068 3277 1131 ἕως
3309 1069 3528 1138 καιροῦ.

2286 1159 2378 1213 25.
2407 1159 2516 1214 Καὶ
2546 1160 3022 1231 ἐξεγερθήσεταιή
3051 1160 3204 1229 ἰσχὺς
3234 1159 3398 1212 αὑτοῦ
3422 1200 3436 1221 ,
3472 1161 3566 1212 καὶ
3608 1162 3640 1229 ή
3672 1178 3810 1231 καρ-

2217 1249 2305 1302 δία
2330 1250 2495 1302 αὐτοῦ
2535 1252 2627 1302 ἐπὶ
2655 1251 2882 1320 βασιλέα
2901 1249 2996 1302 τοῦ
3023 1249 3174 1302 νότου
3210 1252 3268 1302 ὲν
3298 1250 3528 1320 δυνάμει
3565 1252 3810 1325 μεγάλῃ,

2220 1343 2314 1394 καὶ
2343 1343 2371 1393 ὁ
2395 1341 2645 1411 βασιλεὺς
2669 1343 2763 1398 τοῦ
2792 1343 2944 1396 νότου
2970 1342 3192 1411 συνάψει
3219 1341 3346 1395 πὸλε
3357 1361 3452 1412 μον
3481 1347 3617 1415 πρὸς
3647 1346 3814 1400 αὐτὸν

2220 1434 2277 1486 ἐν
2300 1433 2528 1503 δυνάμει
2558 1435 2790 1508 μεγάλῃ,
2823 1436 2918 1488 καὶ
2947 1436 3144 1506 ἰσχυρᾷ
3181 1435 3408 1506 σφόδρα,
3441 1438 3533 1489 καὶ
3583 1437 3646 1490 οὐ
3675 1440 3811 1508 στή-

2223 1543 2395 1591 σεται,
2422 1528 2504 1580 ὅτι
2535 1527 2843 1596 λογιοῦνται
2877 1529 2964 1580 ἐπ’
2989 1527 3152 1580 αὑτὸν
3181 1527 3494 1597 λογισμούς.

2293 1617 2383 1672 26.
2417 1619 2527 1670 Καὶ
2553 1619 2818 1687 φάγονται
2859 1619 2927 1673 τὰ
2979 1619 3170 1671 δέοντα
3198 1617 3385 1682 αὐτοῦ,
3421 1620 3808 1690 συντρίψουσιν

2223 1708 2404 1774 αὑτὸν,
2440 1709 2532 1762 καὶ
2551 1710 2809 1781 δυνάμεις
2849 1709 3016 1764 αὐτοῦ
3055 1708 3403 1774 κατακλύσει,
3447 1713 3537 1764 καὶ
3563 1712 3800 1765 πεσοῦν-

2153 1779 2194 1833 B
2223 1817 2314 1853 ται
2336 1801 2672 1872 τραυματίαι
2691 1779 2919 1854 πολλοί.

2294 1891 2385 1943 27.
2415 1891 2526 1943 Kal
2549 1890 2846 1961 ἀμφότεροι
2877 1893 2925 1944 οἱ
2975 1890 3233 1961 βασιλεῖς,
3274 1893 3328 1944 αί
3369 1891 3582 1959 καρδίαι
3624 1889 3810 1943 αὐτῶν

2226 1982 2318 2034 ἐπὶ
2351 1982 2636 2052 πονηρίαν,
2669 1984 2764 2035 καὶ
2799 1983 2894 2035 ἐπὶ
2917 1983 3168 2054 τραπέζῃ
3205 1984 3304 2053 μιᾷ
3333 1981 3502 2052 ψευδῆ
3542 1982 3815 2052 λαλήσου-

2227 2091 2301 2139 σι,
2339 2073 2434 2126 καὶ
2462 2075 2524 2126 οὐ
2550 2073 2891 2140 κατευθυνεῖ,
2923 2076 3004 2127 ὅτι
3030 2073 3110 2126 ἔτι
3143 2074 3310 2144 πέρας
3339 2077 3418 2136 εἰς
3455 2075 3663 2144 καιρόν.

2293 2165 2385 2219 2-8.
2421 2167 2536 2218 Kal
2559 2165 2878 2237 ἐπιστρέψει
2905 2168 2987 2229 είς
3021 2165 3118 2236 τὴν
3147 2166 3251 2234 γῆν
3287 2165 3451 2218 αὐτοῦ
3493 2169 3551 2217 ἐν
3582 2164 3820 2235 ὑπάρξει

2228 2257 2420 2328 πολλῇ,
2456 2257 2607 2328 καὶὴ
2638 2258 2834 2329 καρδία
2857 2257 3022 2310 αὐτοῦ
3066 2258 3159 2310 ἐπὶ
3179 2258 3447 2328 διαθήκην
3482 2257 3666 2325 ἁγίαν,
3715 2255 3820 2308 καὶ

2226 2351 2461 2418 ποιήσει,
2495 2349 2592 2403 καὶ
2619 2350 2939 2421 ἐπιστρέψει
2961 2350 3044 2412 είς
3080 2350 3180 2418 τήν
3209 2349 3314 2417 γῆν
3348 2348 3530 2402 αὑτοῦ.

2295 2437 2386 2493 29.
2419 2439 2514 2498 Εἰς
2543 2438 2632 2490 τὸν
2689 2438 2880 2509 καιρὸν
2931 2438 3272 2508 ἐπιστρέψει,
3328 2439 3422 2490 καὶ
3468 2435 3589 2506 ἣξει
3629 2437 3688 2489 ἐν
3737 2435 3823 2504 τῷ

2226 2530 2386 2600 νότῳ,
2418 2529 2512 2582 καὶ
2535 2530 2636 2581 οὑκ
2662 2529 2816 2582 ἔσται
2851 2530 2976 2600 ώςή
3005 2528 3220 2600 πρώτη,
3256 2529 3349 2581 καὶ
3375 2531 3450 2589 ώς
3486 2529 3519 2595 ή
3551 2527 3782 2596 ἐσχάτη.

2297 2621 2386 2675 50.
2419 2622 2527 2674 Kal
2555 2620 2958 2673 εἰσελεύσονται
3013 2621 3070 2672 ἐν
3099 2618 3250 2689 αὐτῷ
3277 2620 3328 2671 οἱ
3363 2617 3818 2688 ἐκπορευόμενοι.

2227 2714 2323 2766 καὶ
2353 2713 2531 2776 ἵπποι,
2559 2712 2653 2765 καὶ
2679 2711 3170 2781 ταπεινωθήσεται,
3206 2711 3303 2762 καὶ
3340 2708 3679 2778 ἐπιστρέψει,
3719 2707 3823 2760 καὶ

2227 2803 2616 2876 δργισθήσεται
2656 2803 2751 2855 ἐπὶ
2783 2801 3048 2873 διαθήκην
3077 2803 3257 2869 ἁγίαν,
3304 2803 3399 2854 καὶ
3443 2802 3686 2870 ποιήσει,
3719 2800 3820 2851 καὶ

2229 2894 2568 2968 ἐπιστρέψει,
2601 2894 2696 2947 καὶ
2726 2897 2948 2964 συνήσει
2978 2895 3070 2946 ἐπὶ
3099 2895 3226 2955 τοὺς
3263 2893 3664 2953 καταλιπόντας
3697 2891 3822 2943 δια-

2231 2987 2406 3058 θήκην
2441 2987 2623 3054 ἁγίαν.

2301 3077 2389 3131 5L
2417 3075 2518 3128 Kal
2553 3075 2838 3146 βραχίονες
2863 3075 2921 3140 ἐξ
2955 3075 3134 3128 αὐτῶν
3159 3077 3471 3146 στήσονται,
3507 3075 3601 3128 καὶ
3648 3074 3819 3144 βεϐη-

556 3164 862 3218 ticationem
899 3163 1254 3224 fortitudinis,
1287 3171 1343 3216 et.
1398 3133 1730 3216 transferent
1763 3159 1894 3230 juge
1918 3159 2127 3214 sacrili-

2230 3170 2463 3223 λώσουσι
2494 3170 2556 3222 τὸ
2585 3133 2836 3239 ἁγίασμα
2867 3169 2966 3239 τῆς
2995 3133 3314 3230 δυναστείας
3340 3207 3354 3228 .
3413 3169 3505 3220 καὶ
3538 3168 3821 3238 μεταστήο

554 3259 725 3322 cituu,
761 3265 813 3310 et
836 3256 1044 3311 dabunt
1067 3257 1121 3309 in
1150 3255 1612 3310 abominationem
1641 3253 1965 3308 desolatam.

627 3438 716 3492 52.
761 3439 826 3491 Et
863 3453 980 3500 eos,
1010 3437 1101 3506 qui
1136 3435 1300 3504 impie
1330 3444 1499 3505 agunt
1527 3433 1580 3486 in
1605 3440 2011 3494 testamentum,
2037 3430 2133 3484 ad-

558 3533 759 3583 ducent
785 3529 838 3580 in
875 3528 1234 3582 lubricitates:
1261 3537 1314 3600 et
1344 3526 1578 3596 populus
1607 3538 1943 3593 cegnoscens
1965 3524 2131 3579 Deum

560 3637 719 3673 suum
749 3617 1035 3681 obtinebit,
1060 3625 1115 3670 et.
1145 3618 1325 3671 faciet.

630 3711 719 3762 55.
765 3709 830 3762 Ει
906 3708 1268 3778 intelligentes
1335 3707 1402 3762 de
1473 3708 1673 3778 populo
1732 3707 2034 3778 intelligent
2079 3707 2133 3761 in

564 3801 732 3855 multa
766 3821 777 3854 :
809 3810 858 3855 ct
889 3799 1315 3854 inﬁrmabuntur
1370 3800 1422 3853 in
1454 3800 1654 3871 gladio,
1696 3810 1749 3855 et
1803 3800 1855 3853 in
1893 3799 2132 3864 ﬂamma,

561 3905 614 3948 et
647 3895 699 3947 in
729 3893 1060 3963 captivitate,
1084 3902 1135 3947 et
1161 3892 1214 3945 in
1247 3891 1436 3961 rapina
1478 3893 1715 3946 dierum.

636 3987 725 4040 54.
763 3987 1014 4056 Cumque
1037 3985 1296 4040 infirmati
1345 3985 1548 4040 fuerint
1593 3985 1694 4054 ipsi
1731 3983 2137 4053 adjuvabuntur

563 4081 882 4147 adiumento
915 4079 1180 4148 parvulo:
1212 4087 1266 4132 et
1315 4077 1732 4148 applicabuntur
1776 4076 1856 4130 eis
1894 4074 2048 4129 multi
2083 4075 2135 4128 in

566 4170 984 4225 lubricitatibus.

637 4261 726 4316 53.
769 4261 833 4314 Et
861 4263 928 4316 de
984 4260 1408 4331 intelligentibus
1454 4260 1876 4314 inllrmabuntur
1907 4259 1973 4313 ad
2005 4274 2136 4314 con-

566 4355 804 4406 llandum
830 4353 883 4406 in
923 4354 1021 4417 eis,
1051 4362 1104 4406 et
1136 4351 1498 4405 dealbandum
1552 4364 1728 4418 usque
1779 4349 1844 4402 ad
1877 4348 2137 4418 temporis

564 4445 877 4511 terminum,
900 4445 1024 4514 quia
1051 4443 1228 4497 adhuc
1253 4442 1306 4495 in
1339 4450 1570 4511 tempus.

633 4535 724 4589 ⁸56.
768 4534 835 4588 Et
868 4534 1028 4587 faciet
1058 4533 1212 4600 juxta
1243 4531 1574 4585 voluntatem
1608 4545 1762 4585 suam
1789 4543 1906 4594 rex,
1949 4537 2004 4583 et
2030 4527 2137 4583 ele-

565 4627 802 4691 vabitur,
829 4634 883 4679 et
910 4623 1344 4692 magniﬁrabitur
1390 4623 1652 4675 adversus
1691 4636 1905 4675 omnem
1949 4621 2131 4686 deum,

563 4731 616 4774 et
642 4720 906 4775 adversus
940 4716 1110 4770 Deum
1142 4715 1392 4779 deorum,
1426 4723 1480 4768 et
1521 4713 1775 4782 loquetur
1808 4713 2061 4782 superba,
2083 4722 2137 4766 et

563 4813 852 4880 dirigetur,
881 4810 1058 4864 donec
1090 4807 1428 4876 compleatur
1459 4806 1540 4858 ira
1578 4823 1592 4859 :
1619 4807 1670 4858 in
1705 4805 2135 4860 consummatio-

561 4920 684 4958 nem
711 4904 878 4967 enim,
902 4913 957 4958 et
992 4901 1395 4955 festinationem
1441 4897 1518 4951 Ilt.

629 4997 720 5051 37.
765 4996 828 5049 Et
857 5010 1025 5065 super
1059 5006 1251 5048 omnes
1277 4992 1409 5045 deos
1432 4999 1648 5059 patrum
1681 5004 1906 5045 suorum
1933 4989 2134 5042 intelli-

558 5099 666 5160 get,
695 5098 750 5142 et
779 5085 1280 5157 concupiscentiam
1311 5082 1638 5139 feminarum
1669 5123 1684 5147 ,
1732 5090 1788 5134 et
1820 5097 1984 5150 super
2015 5096 2133 5134 om-

561 5197 683 5236 ucm
713 5182 870 5235 deum
910 5196 1018 5235 non
1071 5179 1332 5247 intelliget
1366 5195 1379 5229 :
1425 5177 1552 5246 quia
1587 5186 1751 5245 Super
1802 5189 1994 5228 omnes
2020 5189 2136 5227 nia-

559 5274 922 5344 gniﬁcabitur.

630 5369 721 5426 '58.
764 5368 830 5422 Et
859 5370 1019 5423 deum
1052 5364 1279 5419 Maznim
1324 5362 1374 5416 in
1405 5363 1523 5417 loco
1561 5377 1661 5415 suo
1708 5359 2051 5428 gloriﬁcabit,
2084 5368 2138 5412 et

481 5461 492 5472 '
559 5467 748 5525 deum,
784 5476 948 5531 quem
999 5461 1386 5531 ignoraverunt
1416 5463 1600 5524 patres
1629 5453 1768 5523 ejus,
1814 5449 2136 5524 gloriﬁcabit

561 5558 614 5611 iu
641 5561 890 5625 argento,
925 5561 979 5605 et
1009 5565 1164 5613 auro,
1193 5557 1245 5602 et
1278 5545 1455 5616 lapide
1477 5544 1738 5614 pretioso,
1772 5555 1824 5598 et
1851 5545 1900 5597 in
1933 5557 2133 5597 concuo

564 5646 868 5718 piscantiis.

632 5740 719 5794 59.
759 5737 824 5790 Et
845 5735 1008 5790 faciet
1051 5734 1105 5787 in
1151 5730 1543 5786 munitionibus
1596 5727 1976 5799 confugiorum
2008 5742 2132 5783 cum

2233 3277 2386 3313 σουσι
2419 3259 2510 3313 τὸν
2550 3257 2961 3330 ἐνδελεχισμὸν,
2999 3260 3095 3312 καὶ
3125 3257 3387 3312 δώσουσιν
3413 3260 3492 3320 εἰς
3537 3258 3596 3309 τὸ
3624 3258 3819 3326 βδέλυ-

2236 3370 2353 3424 γμα
2374 3352 2766 3423 ἠφανισμένον.

2303 3444 2390 3496 '52.
2426 3443 2534 3495 Kal
2559 3443 2684 3504 τοὺς
2714 3441 3054 3511 ἀνομοῦντας
3099 3440 3370 3510 διαθήκην
3407 3438 3708 3502 ἀπάξουσιν
3757 3439 3819 3489 ἐν

2234 3529 2560 3600 ὀλισθήμασι
2585 3546 2597 3558 ·
2630 3531 2723 3582 καὶ
2757 3530 2881 3593 λαὸς
2916 3528 3277 3598 γινώσκοντες
3315 3530 3446 3582 Θεὸν
3487 3528 3652 3582 αὑτοῦ
3683 3545 3821 3580 κατ-

2237 3622 2568 3692 ισχύσουσιν,
2595 3622 2688 3676 καὶ
2728 3623 3039 3694 ποιήσουσι.

2307 3713 2395 3766 55.
2422 3713 2533 3764 Kal.
2561 3713 2609 3765 οἱ
2632 3713 2844 3765 συνετοὶ
2873 3710 2966 3764 τοῦ
3009 3710 3134 3764 λαοῦ
3163 3712 3487 3781 συνήσουσιν
3517 3710 3595 3771 είς
3618 3709 3816 3769 πολλὰ,

2237 3805 2331 3858 καὶ
2363 3803 2748 3873 ἁσθενήσουσιν
2784 3805 2842 3856 ἐν
2877 3803 3141 3874 ῥομφαία,
3176 3803 3270 3855 καὶ
3316 3803 3373 3853 ἐν
3409 3801 3586 3869 φλογὶ,
3623 3801 3717 3853 καὶ
3756 3800 3818 3850 ἐν

2238 3895 2604 3966 αἰχμαλωσίᾳ,
2629 3894 2722 3948 καὶ
2743 3897 2802 3949 ἐν
2839 3895 3116 3966 διαρπαγῇ
3147 3893 3389 3965 ἡμερῶν.

2310 3986 2398 4038 54.
2433 3985 2541 4037 Kal
2565 3987 2623 4038 ἐν
2655 3984 2732 4055 τῷ
2780 3985 3078 4055 ἀσθενῆσαι
3129 3985 3325 4047 αὐτοὺς
3384 3981 3818 4052 βοηθήθήσονται

2240 4075 2492 4146 βοήθειαν
2523 4075 2748 4146 μικρὰν,
2792 4076 2888 4130 καὶ
2924 4075 3384 4145 προστεθήσονται
3435 4073 3572 4142 πρὸς
3615 4072 3818 4132 αὐτοὺς

2241 4167 2422 4220 πολλοὶ
2445 4169 2502 4220 ἐν
2529 4168 2875 4238 ὀλισθήμασι.

2308 4258 2398 4312 35.
2424 4259 2532 4311 Kal
2561 4258 2669 4311 ἀπὸ
2699 4258 2808 4310 τῶν
2853 4256 3140 4311 συνιέντων
3168 4256 3546 4328 ἀσθενήσουσι,
3591 4255 3685 4308 τοῦ
3708 4273 3817 4307 πυ-

2241 4349 2414 4422 ρῶσαι
2441 4351 2498 4402 ἐν
2528 4350 2732 4414 αὐτοῖς,
2766 4351 2860 4403 καὶ
2880 4349 2972 4404 τοῦ
3001 4349 3326 4402 ἐκλευκάναι
3363 4349 3468 4411 ἕως
3501 4347 3694 4419 καιροῦ
3721 4347 3809 4401 πέ-

2169 4473 2212 4528 D
2246 4460 2362 4514 ρας,
2397 4441 2530 4495 διότι
2561 4441 2642 4494 ἔτι
2667 4443 2747 4505 είς
2771 4441 2980 4512 καιρόν.

2310 4532 2398 4588 56.
2430 4534 2538 4586 Καὶ
2567 4532 2780 4602 ποιήσει
2808 4531 2950 4585 κατὰ
2970 4531 3029 4584 τὸ
3055 4530 3268 4602 θέλημα
3293 4529 3458 4584 αὐτοῦ
3479 4532 3506 4584 ὁ
3536 4530 3814 4600 βασιλεὺς,

2237 4626 2332 4678 καὶ
2386 4624 2766 4694 ὑψωθήσεται,
2811 4624 2904 4677 καὶ
2959 4624 3425 4696 μεγαλυνθήσεται
3482 4624 3574 4676 ἐπὶ
3634 4623 3817 4677 πάντα

2237 4718 2388 4783 Θεὸν,
2424 4717 2518 4771 καὶ
2549 4717 2637 4770 ἐπὶ
2665 4717 2754 4771 τὸν
2775 4716 2906 4769 Θεὸν
2939 4715 3049 4769 τῶν
3083 4715 3247 4780 θεῶν,
3275 4717 3369 4770 καὶ
3401 4717 3622 4787 λαλήσει
3647 4715 3817 4785 ὑπέρ-

2236 4827 2397 4878 ογκα,
2433 4811 2527 4863 καὶ
2565 4809 2883 4862 κατευθυνεῖ
2929 4807 3091 4879 μέχρι
3134 4806 3230 4860 τοῦ
3271 4807 3684 4877 συντελεσθῆναι
3713 4807 3817 4879 τὴν

2236 4903 2428 4974 ὀργήν,
2454 4904 2532 4965 εἰς
2563 4901 2672 4972 γὰρ
2699 4900 3006 4954 συντέλειαν
3038 4899 3132 4953 καὶ
3164 4899 3401 4970 σπουδὴν
3442 4900 3665 4969 γίνεται.

2307 4995 2397 5047 37.
2428 4996 2536 5047 Kal
2565 4994 2658 5047 ἐπὶ
2680 4994 2888 5057 πάντας
2927 4994 3054 5057 τοὺς
3089 4993 3248 5057 θεοὺς
3274 4992 3383 5046 τῶν
3424 4993 3677 5064 πατέρων
3721 4995 3817 5047 αὐ-

2236 5085 2330 5139 τοῦ
2359 5088 2598 5157 συνήσει,
2622 5086 2716 5139 καὶ
2737 5086 3031 5156 ἐπιθυμίαν
3064 5085 3360 5155 γυναικῶν,
3385 5087 3478 5139 καὶ
3507 5086 3600 5140 ἐπὶ
3635 5087 3818 5140 πάντα

2240 5179 2361 5233 θεὸν
2413 5180 2473 5232 οὐ
2525 5181 2767 5249 συνήσει,
2797 5180 2879 5233 ὅτι
2915 5179 3009 5232 ἐπὶ
3043 5180 3251 5244 πάντας
3283 5178 3778 5250 μεγαλυνθήσεται.

2307 5359 2396 5413 '58.
2435 5358 2543 5411 Kal
2585 5356 2706 5411 θεὸν
2759 5357 3020 5429 Μεξωεὶμ
3048 5358 3139 5412 ἐπὶ
3157 5359 3322 5412 τόπου
3371 5356 3541 5412 αὐτοῦ
3574 5357 3815 5423 δοξάσει,

2237 5451 2333 5504 καὶ
2361 5451 2481 5504 θεὸν
2500 5493 2514 5514 ,
2548 5449 2608 5502 ὃν
2637 5450 2736 5502 οὐκ
2771 5450 3015 5518 ἔγνωσαν
3032 5450 3082 5502 οί
3121 5449 3358 5521 πατέρες
3388 5448 3578 5511 αὐτοῦ,
3596 5448 3820 5512 δοξάσει

2237 5540 2296 5592 ἐν
2327 5539 2598 5610 ἀργυρίῳ,
2631 5539 2727 5593 καὶ
2753 5539 2983 5610 χρυσίῳ,
3018 5539 3115 5592 καὶ
3144 5537 3278 5609 λίθῳ
3329 5537 3517 5609 τιμίῳ,
3566 5539 3661 5592 καὶ
3689 5538 3807 5589 ἐπι-

2239 5631 2578 5702 θυμήμασιν.

2309 5726 2394 5781 59.
2427 5725 2532 5779 Kal
2573 5727 2782 5796 ποιήσει
2813 5727 2870 5783 ἐν
2900 5727 3011 5791 τοῖς
3053 5723 3373 5798 ὀχυρώμασι
3415 5723 3524 5778 τῶν
3559 5737 3816 5800 καταφῆ
