4122 6320
480 283 625 340 2895

1543 289 1798 343 DANIEL
1840 289 1867 341 .l
1880 283 2066 340 UXTA
2109 278 2672 344 THEODOTIONEM.

3595 283 3743 340 9895

548 405 604 457 υ.
646 400 712 454 Et
733 401 907 456 dixit:
941 400 1240 472 Hucusque
1271 403 1482 465 Daniel,
1505 405 1635 474 quia
1659 404 2051 471 clausi,signa-

2224 402 2277 455 9.
2313 404 2420 458 Kal
2448 401 2598 456 εἶπεν
2621 421 2634 434 ·
2660 403 2827 472 Δεῦρο
2885 404 3100 474 Δανιὴλ,
3128 405 3208 456 ὅτι
3243 401 3700 473 ἐμπεφραγμένοι
3728 419 3742 432 ·

479 493 632 564 tique
657 505 784 548 sunt
812 508 1095 549 sermones
1127 511 1300 565 usque
1340 498 1404 550 ad
1437 499 1699 566 temporis
1731 497 1913 550 linem.

554 585 639 640 10.
674 584 853 641 Donec
883 588 1177 656 eligantur,
1208 598 1262 642 et
1289 589 1632 652 dealbentur,
1667 599 1719 643 et
1751 603 1842 656 per
1877 591 2055 660 ignem

482 680 783 749 probentur
813 679 989 738 multi.
1027 689 1081 732 et
1120 679 1282 748 impie
1313 689 1474 748 agent
1527 680 1676 746 impii
1708 723 1722 743 ,
1770 695 1947 750 neque
1979 682 2060 736 in-

485 771 726 842 telligent
755 785 946 825 omnes
981 771 1154 840 impii,
1196 780 1249 824 et
1275 770 1420 826 docti
1449 773 1772 843 intelligent.

557 957 642 1011 11.
681 956 745 1011 Ει
774 973 803 1010 a
853 967 1094 1024 tempore
1143 956 1462 1012 mutationis
1500 957 1648 1027 jugis
1700 960 1974 1020 sacriﬁcii.
2006 972 2059 1016 et

484 1065 608 1103 cum
640 1049 762 1102 data
799 1047 961 1101 inierit
991 1047 1328 1103 abominatio
1358 1048 1745 1115 desolationis,
1777 1053 1891 1108 dies
1913 1054 2061 1110 mille

485 1141 702 1194 ducenti
732 1140 1047 1211 nonaginta.

555 1231 643 1285 12.
686 1231 885 1287 Beatus
919 1236 1012 1302 qui
1063 1242 1365 1302 exspectat,
1429 1243 1483 1289 ct
1539 1238 1786 1305 pervenit
1855 1237 1920 1291 ad
1945 1238 2062 1293 dies

486 1323 634 1376 mille
667 1334 938 1380 trecentos
969 1325 1186 1392 triginta
1215 1327 1475 1396 quinque.

558 1416 646 1469 15.
689 1413 768 1467 Tu
811 1425 1016 1478 autem,
1049 1417 1206 1481 vade,
1244 1426 1298 1471 et
1352 1417 1573 1486 quiesce
1612 1436 1625 1472 :
1679 1418 1859 1472 adhuc
1916 1420 2061 1473 enim

484 1507 601 1562 dies
631 1507 684 1560 in
729 1507 1149 1576 completionem
1195 1509 1708 1574 consummationis,
1771 1521 1823 1565 et
1878 1515 2063 1582 requi-

485 1615 662 1663 esces,
692 1609 744 1653 et
775 1615 1028 1670 resurges
1061 1600 1114 1654 in
1153 1611 1300 1656 sorte
1351 1610 1442 1656 tua
1495 1602 1547 1656 in
1595 1598 2065 1660 consummatione

487 1691 721 1747 dierum.
754 1691 820 1745 Et
881 1708 974 1747 rex
1010 1693 1273 1762 Astyages
1299 1694 1581 1763 appositus
1633 1705 1718 1750 est
1770 1695 1836 1749 ad
1887 1706 2066 1765 patres

2166 497 2260 550 καὶ
2282 497 2708 566 ἐσφραγισμένοι
2737 498 2784 550 οἱ
2815 496 2962 562 λόγοι
2988 497 3092 558 ἓως
3128 493 3320 566 καιροῦ
3350 495 3608 564 πέρατος.

2240 592 2326 645 10.
2359 591 2506 653 Ἕως
2539 588 2824 655 ἐκλεγῶσι,
2862 589 2956 641 καὶ
2978 586 3402 645 ἐκλευκανθῶσι.
3431 587 3524 640 καὶ
3575 589 3752 640 ἐκπυ-

2168 681 2384 754 ρωθῶσι
2442 680 2625 734 πολλοί
2643 699 2654 710 ·
2698 681 2793 732 καὶ
2847 681 3212 750 ἀνομήσουσιν
3267 678 3480 748 ἄνομοι,
3539 680 3633 731 καὶ
3684 678 3750 732 οὐ

2169 774 2458 844 συνήσουσι
2510 773 2709 834 πάντες
2770 770 2987 833 ἀσεϐεῖς
3014 810 3028 832 ,
3089 769 3183 824 καὶ
3223 771 3272 824 οἱ
3318 772 3581 842 νοήμονες
3625 789 3753 824 συνο

2166 866 2376 933 ήσουσι.

2240 958 2325 1010 11.
2345 956 2453 1010 Kal
2482 955 2590 1009 ἀπὸ
2611 953 2804 1024 καιροῦ
2824 949 3204 1022 παραλλάξεως
3225 951 3317 1006 τοῦ
3343 951 3750 1024 ἐνδελεχισμοῦ,

2167 1047 2263 1101 καὶ
2290 1047 2383 1100 τοῦ
2412 1045 2629 1116 δοθῆναι
2651 1044 2929 1114 βδέλυγμα
2955 1041 3307 1115 ἐρημώσεως,
3340 1043 3548 1118 ἡμέραι
3580 1044 3752 1114 χίλιαι

2167 1139 2436 1192 διακόσιαι
2470 1137 2816 1207 ἐνενήκοντα.

2241 1231 2328 1285 12.
2359 1231 2644 1301 Μακάριος
2670 1231 2698 1281 ὁ
2729 1229 3032 1300 ὑπομέιων,
3069 1229 3162 1280 καὶ
3187 1226 3396 1296 φθάσας
3424 1229 3504 1291 είς
3536 1228 3755 1300 ἡμέρας

2171 1323 2350 1393 χιλίας
2373 1323 2692 1393 τριακοσίας
2725 1320 3210 1390 τριακονταπέντε.

2243 1416 2329 1470 15.
2365 1416 2475 1469 Kal
2506 1416 2571 1468 σὺ
2604 1415 2783 1486 δεῦρο,
2825 1415 2917 1467 καὶ
2949 1414 3258 1466 ἀναπαύου·
3297 1413 3377 1466 ἔτι
3409 1413 3514 1484 γὰρ
3546 1414 3753 1484 ἡμέραι

2173 1511 2252 1573 είς
2275 1507 2661 1580 ἀναπλήρωσιν
2683 1507 3012 1572 συντελείας,
3042 1506 3135 1560 καὶ
3164 1507 3472 1578 ἀναπαύσῃ,
3505 1505 3595 1561 καὶ
3615 1509 3751 1560 ἀνα-

2175 1603 2347 1673 στήσῃ
2375 1602 2456 1664 είς
2507 1600 2598 1653 τὸν
2634 1600 2836 1671 κλῆρόν
2889 1617 2980 1653 σου
3022 1601 3101 1662 εἰς
3156 1596 3461 1653 συντέλειαν
3495 1599 3742 1670 ἡμερῶν.

2172 1691 2282 1745 Kal
2320 1694 2348 1745 ὁ
2373 1690 2627 1760 βασιλεὺς
2659 1691 2964 1760 Ἀστυάγης
2991 1690 3292 1760 προσετέθη
3320 1688 3451 1760 πρὸς
3484 1692 3606 1753 τοὺς
3633 1708 3742 1742 πα-

488 1800 639 1848 suos,
664 1796 718 1838 et
744 1785 982 1854 suscepit
1013 1786 1186 1857 (Zyrus
1211 1786 1405 1843 Perses
1432 1803 1656 1859 regnum
1687 1789 1828 1858 ejus.
1855 1789 1918 1845 Et
1952 1800 2069 1845 erat

2179 1783 2337 1855 τέρας
2373 1757 2587 1836 ἀύτοῦ·
2637 1783 2731 1836 καὶ
2786 1757 3062 1852 παρέλαϐε
3115 1757 3294 1852 Κύρος
3334 1757 3372 1834 ὁή
3410 1783 3622 1853 Πέρσης
3647 1782 3750 1850 τὴν

494 1874 680 1928 Daniel
710 1875 937 1929 conviva
985 1878 1148 1948 regis,
1207 1889 1260 1934 et
1322 1880 1624 1934 honoratus
1673 1896 1835 1950 super
1880 1897 2069 1938 omnes

491 1969 704 2023 atnicos
736 1970 876 2038 ejus.

1054 2085 1290 2142 CAPUT
1350 2087 1493 2142 Xlll.

567 2173 618 2227 1.
663 2173 726 2227 Et
759 2183 878 2229 erat
911 2174 992 2228 vir
1029 2174 1282 2233 habitans
1331 2178 1384 2232 in
1443 2177 1738 2250 Babylone,
1788 2188 1842 2235 ct
1873 2195 2069 2236 nomen

491 2267 539 2320 ei
569 2265 804 2322 Joakim.

561 2359 615 2412 2.
661 2359 726 2413 Ει
761 2362 966 2431 accepit
996 2378 1245 2429 uxorem,
1309 2364 1398 2419 cui
1447 2381 1646 2421 nomen
1683 2366 1934 2423 Susanna
1963 2367 2071 2422 lilia

490 2451 746 2518 Chelciae,
784 2454 1008 2523 pulchra
1047 2455 1232 2522 nimis,
1269 2466 1322 2511 et
1352 2458 1549 2514 timens
1581 2457 1894 2514 Dominum.

657 2627 722 2682 Et
761 2641 1010 2697 parentes
1063 2632 1185 2700 ejus
1228 2634 1380 2704 justi,
1437 2642 1490 2687 et
1531 2635 1847 2690 erudierunt
1905 2637 2070 2690 tiliam

496 2735 651 2773 suam
672 2719 820 2782 iuxta
857 2722 1025 2792 legem
1058 2721 1218 2778 Mosi.

571 2812 622 2866 4.
664 2813 790 2866 Erat
819 2823 998 2867 autem
1022 2812 1237 2870 Joakim
1269 2817 1421 2872 dives
1449 2818 1624 2881 valde,
1657 2826 1711 2872 et
1744 2828 1861 2872 erat
1890 2819 1938 2873 ei
1987 2835 2077 2889 po-

499 2905 732 2958 marium
761 2904 1000 2958 vicinum
1034 2907 1220 2961 domui
1259 2924 1394 2971 sum.
1427 2918 1479 2964 et
1531 2910 1673 2980 apud
1726 2912 1901 2980 ipsum
1937 2927 2072 2966 con-

499 2997 866 3068 gregabantur
888 2995 1087 3063 Judaei,
1116 3016 1182 3056 eo
1211 3001 1357 3071 quod
1397 3014 1544 3057 esset
1591 3003 1706 3072 ipse
1754 3003 2075 3058 honoratior

497 3091 774 3146 onnnbus.

571 3183 622 3236 5.
657 3181 724 3236 Et
750 3184 1020 3255 designati
1051 3194 1183 3240 sunt
1212 3187 1321 3241 duo
1355 3201 1512 3242 senes
1544 3187 1612 3242 de
1643 3189 1841 3258 populo
1861 3186 2075 3256 jndices

500 3277 552 3329 in
585 3291 729 3330 anno
781 3277 924 3331 illo:
976 3278 1044 3333 de
1083 3279 1288 3348 quibus
1353 3281 1569 3334 loculus
1622 3291 1708 3336 est
1759 3278 2071 3338 Dominus:

498 3368 637 3433 Quia
669 3385 888 3438 egressa
920 3381 1002 3426 est
1023 3371 1287 3442 iniquitas
1319 3373 1384 3426 de
1409 3372 1685 3444 Babylone
1716 3391 1742 3428 a
1767 3377 2076 3432 senioribus

493 3461 796 3528 iudicibus,
830 3465 924 3534 qui
959 3464 1284 3520 videbantur
1307 3482 1494 3537 regere
1529 3469 1813 3537 populum.

570 3553 621 3606 (ἲ.
659 3553 748 3608 Isti
791 3553 1212 3623 frequentabant
1244 3559 1468 3612 domum
1521 3557 1734 3613 Joakim
1762 3603 1775 3625 ,
1813 3571 1865 3616 et
1893 3564 2076 3618 venie-

499 3643 631 3697 bant
662 3645 726 3697 ad
759 3661 856 3704 eos
877 3658 1090 3709 omnes,
1116 3647 1210 3718 qui
1236 3649 1501 3704 habebant
1529 3650 1756 3720 judicia.

575 3737 624 3789 7.
669 3735 734 3789 Et
771 3737 974 3792 factum
1010 3749 1115 3804 est,
1145 3741 1367 3810 quando
1399 3743 1631 3812 pepulus
1675 3745 1960 3799 recedebat
1985 3760 2080 3815 per

507 3827 806 3893 meridiem,
839 3829 1246 3901 ingrediebatur
1279 3829 1552 3897 Susanna,
1591 3844 1644 3888 et
1698 3836 2080 3891 deambulabat

503 3921 555 3973 in
591 3923 833 3988 pomario
870 3923 971 3975 viri
1002 3924 1109 3978 sui.

571 4013 623 4063 8.
654 4010 719 4064 Et
751 4012 1006 4068 videbant
1041 4030 1160 4070 eam
1185 4029 1345 4074 senes
1377 4022 1624 4090 quotidie
1653 4022 2075 4094 ingredientem,

503 4113 554 4157 et
577 4105 1036 4172 tleambulantem,
1095 4118 1148 4164 et
1183 4125 1512 4168 exarserunt
1569 4115 1621 4168 in
1671 4117 2075 4186 concupiscen-

505 4198 635 4251 tiam
671 4198 809 4264 ejus.

576 4291 630 4344 9.
673 4290 740 4345 Et
763 4303 1074 4352 everterunt
1101 4313 1324 4354 sensum
1357 4315 1538 4363 suum,
1584 4311 1637 4355 et
1667 4301 2081 4357 declinaverunt

505 4382 692 4438 oculos
721 4400 871 4446 suos,
905 4403 972 4442 ne
1007 4389 1314 4458 aspicerent
1340 4392 1391 4444 in
1427 4392 1648 4458 coalum,
1679 4408 1856 4462 neque
1883 4394 2076 4447 memi-

507 4474 712 4530 nissent
731 4477 1064 4546 judiciorum
1086 4482 1382 4551 justorum.

577 4569 663 4622 10.
709 4568 875 4624 Erant
899 4587 1027 4641 ergo
1056 4576 1219 4629 ambo
1251 4577 1516 4630 vulnerati
1560 4592 1750 4632 amore
1805 4579 1946 4646 ejus,
1981 4594 2082 4633 nec

507 4660 884 4716 indicaverunt
915 4663 1018 4718 sibi
1053 4665 1282 4720 invicem
1325 4667 1568 4722 dolorem
1613 4685 1796 4724 suum.

578 4753 664 4805 11.
736 4751 1148 4810 Erubescebant
1191 4758 1337 4812 enim
1399 4759 1641 4815 indicare
1689 4762 2082 4830 concupiscen-

506 4845 637 4900 tiam
667 4861 843 4911 suam,
870 4849 998 4918 quia
1025 4849 1276 4904 volebant
1308 4853 1671 4909 concumbere
1700 4871 1824 4909 cum
1857 4871 1942 4910 ea.

582 4938 668 4994 19..
709 4938 774 4994 Et
799 4941 1162 4999 observabant
1197 4946 1443 5015 quotidie
1465 4947 1698 5003 sollicite
1722 4947 2078 5005 videre-eam:

507 5042 561 5088 et
596 5034 851 5089 dixerunt
880 5037 1016 5090 alter
1041 5037 1108 5091 ad
1131 5037 1358 5092 alterum
1390 5057 1405 5094 :

582 5128 669 5182 15.
711 5125 914 5185 Eamus
944 5129 1187 5196 domum,
1239 5134 1368 5201 quia
1398 5134 1612 5203 prandii
1665 5145 1749 5190 est
1801 5137 1973 5190 hora:
2030 5145 2085 5192 et

507 5221 713 5292 egressi
762 5233 1106 5279 recesserunt
1139 5241 1168 5279 a
1198 5241 1254 5281 se
1282 5235 1494 5282 mutuo.

582 5315 668 5368 M.
709 5315 957 5385 Cumque
989 5317 1363 5383 revertissent,
1395 5329 1660 5375 venerunt
1694 5321 1746 5375 in
1795 5338 1964 5376 unum
1995 5326 2084 5372 :et

510 5407 854 5464 sciscitantes
884 5410 948 5464 ad
980 5405 1231 5476 invicem,
1270 5429 1519 5483 quamam
1566 5426 1712 5485 esset
1738 5431 1923 5480 causa,
1952 5430 2084 5471 con-

511 5500 640 5558 fessi
671 5512 799 5557 sunt
834 5503 972 5557 inter
1006 5520 1064 5559 se
1091 5506 1592 5574 concupiscentiam
1629 5525 1784 5564 suam
1829 5527 1842 5562 :
1881 5519 1935 5564 et
1958 5520 2087 5565 tunc

509 5591 566 5646 in
590 5608 882 5650 commune
919 5605 1230 5651 statuerunt
1259 5603 1493 5669 tempus,
1531 5601 1750 5670 quando
1809 5618 1927 5655 eam
1967 5618 2084 5671 pos-

516 5693 640 5743 sent
662 5687 907 5742 invenire
939 5689 1134 5743 solam.

591 5776 679 5834 15.
709 5774 787 5846 ﬁt
819 5775 1023 5831 factum
1059 5788 1140 5833 est
1191 5791 1314 5833 cum
1361 5778 1714 5836 observarent
1779 5781 1881 5851 ipsi
1935 5782 2077 5837 diem

2175 1874 2452 1943 βασιλείαν
2488 1874 2675 1939 αὑτοῦ,
2704 1873 2799 1927 καὶ
2826 1869 2892 1944 ἦν
2916 1873 3112 1944 Δανιὴλ
3142 1872 3457 1942 συμϐιωτὴς
3476 1872 3566 1925 τοῦ
3601 1871 3758 1942 βασι-

2172 1967 2328 2031 λέως,
2357 1969 2451 2020 καὶ
2479 1966 2686 2031 ἔνδοξος
2714 1966 2854 2035 ὑπὲρ
2884 1966 3088 2028 πάντας
3112 1967 3236 2029 τοὺς
3264 1964 3452 2036 φίλους
3475 1964 3660 2020 αὐτοῦ.

2696 2078 3093 2132 ΚΕΦᾹΛΛΙΟΝ
3129 2076 3224 2131 ll".

2246 2173 2295 2227 1.
2325 2173 2433 2225 Kal
2461 2167 2529 2244 ἦν
2550 2171 2686 2242 ἀνὴρ
2709 2170 2872 2224 οίκῶν
2889 2172 2946 2223 ἐν
2971 2170 3272 2237 Βαϐυλῶνι,
3297 2171 3391 2224 καὶ
3413 2171 3583 2242 ὄνομα
3608 2171 3762 2242 αὐτῷ

2189 2265 2462 2334 Ἰωακείμ.

2242 2357 2298 2411 2.
2339 2358 2448 2410 Kal
2486 2356 2645 2411 ἔλαϐε
2672 2360 2928 2425 γυναῖκα,
2976 2351 3207 2431 ᾖδνομα
3242 2359 3544 2423 Σουσάννα,
3586 2358 3761 2427 θυγά-

2174 2466 2279 2520 τηρ
2304 2449 2558 2514 Χελκίου,
2591 2450 2730 2520 καλὴ
2756 2449 2994 2521 σφόδρα,
3036 2451 3130 2504 καὶ
3166 2451 3474 2524 φοϐουμένη
3509 2451 3601 2506 τὸν
3645 2451 3761 2506 Κύ-

2177 2558 2310 2611 ριον.

2247 2633 2298 2687 5.
2320 2632 2430 2686 Καὶ
2463 2633 2511 2685 οἱ
2539 2635 2718 2701 γονεῖς
2748 2634 2916 2702 αὐτῆς
2963 2633 3196 2694 δίκαιοι.
3235 2636 3329 2689 καὶ
3374 2635 3618 2700 ἐδίδαξαν
3657 2635 3760 2706 τὴν

2177 2724 2455 2795 θυγατέρα
2484 2724 2666 2777 αὐτῶν
2695 2725 2837 2778 κατά
2869 2725 2960 2777 τὸν
2991 2726 3154 2796 νόμον
3177 2727 3369 2798 Μωσῇ

2248 2815 2300 2869 4.
2335 2816 2442 2870 Kal
2457 2808 2524 2885 ἦν
2566 2818 2824 2888 Ἰωακεὶμ
2855 2817 3108 2882 πλούσιος
3141 2819 3367 2889 σφόδρα,
3401 2821 3492 2873 καὶ
3511 2813 3578 2889 ἦν
3607 2819 3761 2890 αὐτῷ

2178 2911 2504 2983 παράδεισος
2540 2910 2790 2978 γειτνιῶν
2826 2909 2902 2980 τῷ
2935 2911 3066 2980 οἴκῳ
3094 2911 3280 2967 αὑτοῦ.
3306 2912 3400 2963 καὶ
3427 2912 3559 2982 πρὸς
3595 2911 3763 2964 αὐτὸν

2182 3007 2476 3076 συνήγοντο
2500 3005 2546 3056 οἱ
2581 3001 2843 3067 Ἰουδαῖοι,
2873 3003 2958 3056 διὰ
2979 3003 3039 3056 τὸ
3061 2998 3197 3056 εἶναι
3229 3004 3390 3057 αὑτὸν
3423 3004 3762 3074 ἐνδοξότερον

2103 3106 2147 3162 C
2181 3097 2417 3151 πάντων.

2256 3189 2308 3243 5.
2346 3188 2456 3243 Kal
2483 3187 2882 3258 ἀπεδείχθησαν
2905 3188 2996 3242 δύο
3027 3187 3385 3258 πρεσϐύτεροι
3418 3189 3482 3240 ἐκ
3512 3187 3603 3241 τοῦ
3629 3186 3761 3242 λαοῦ

2187 3281 2372 3349 κριταὶ
2399 3281 2456 3332 ἐν
2485 3279 2562 3348 τῷ
2611 3277 2841 3348 ἐνιαυτῷ
2875 3278 3099 3349 ἐκείνῳ,
3143 3280 3269 3348 περὶ
3310 3273 3386 3333 ὧν
3427 3280 3686 3351 ἐλάλησεν
3734 3282 3766 3334 ὁ

2185 3370 2464 3439 Δεσπότης
2490 3369 2571 3422 ὃτι
2592 3368 2816 3437 ἐξῆλθεν
2845 3369 3041 3438 ἀνομία
3070 3371 3131 3422 ἐκ
3160 3371 3474 3434 Βαϐυλῶνος
3510 3373 3573 3424 ἐκ
3627 3389 3767 3442 πρε-

2187 3460 2465 3532 σϐυτέρων
2495 3460 2720 3533 κριτῶν,
2747 3462 2796 3514 οἳ
2817 3461 3036 3514 ἐδόκουν
3066 3462 3334 3533 κυϐερνᾷν
3351 3463 3441 3516 τὸν
3473 3464 3618 3520 λαόν.

2256 3555 2309 3610 6.
2341 3549 2500 3610 Οὗτοι
2535 3552 3009 3626 προσεκαρτέρουν
3046 3557 3112 3626 τῇ
3155 3557 3302 3628 οἰκία
3342 3556 3618 3628 Ἰωακεὶμ,
3669 3557 3765 3610 καὶ

2187 3650 2416 3719 ἤρχοντο
2447 3648 2585 3718 πρὸς
2615 3647 2812 3710 αὐτοὺς
2847 3647 3046 3711 πάντες
3069 3649 3117 3701 oi
3157 3649 3490 3719 κρινόμενοι.

2257 3741 2310 3794 7.
2335 3741 2446 3795 Καὶ
2475 3740 2692 3808 ἐγένετο
2721 3740 2883 3811 ἡνίκα
2905 3741 3252 3811 ἀπέτρεχενὸ
3281 3740 3407 3804 λαὸς
3443 3741 3605 3810 μέσον
3625 3740 3770 3810 ὴμέ-

2191 3852 2308 3905 ρας,
2339 3833 2716 3905 εἰσεπορεύετο
2751 3834 3026 3888 Σουσάννα
3053 3875 3068 3899 ,
3111 3836 3203 3887 καὶ
3238 3834 3556 3904 περιεπάτει
3585 3835 3640 3886 ἐν
3687 3833 3770 3904 τῷ

2188 3927 2502 3998 παραδείσῳ
2534 3927 2628 3981 τοῦ
2662 3926 2856 3999 ἀνδρὸς
2876 3927 3064 3997 αὐτῆς.

2258 4019 2311 4074 8.
2336 4020 2446 4072 Kal
2463 4018 2733 4090 ἐθεώρουν
2759 4017 2927 4090 αὐτὴν
2953 4019 3001 4072 οἱ
3020 4018 3381 4090 πρεσϐύτεροι
3410 4018 3530 4072 καθ’
3552 4017 3771 4088 ἡμέραν

2187 4111 2671 4183 είσπορευομένην,
2706 4112 2800 4165 καὶ
2829 4110 3239 4181 περιπατοῦσαν
3262 4151 3277 4174 ,
3313 4110 3406 4164 καὶ
3431 4110 3680 4179 ἐγένοντο
3710 4114 3770 4164 ἐν

2188 4204 2454 4274 ἐπιθυμίᾳ
2490 4203 2680 4271 αὐτῆς.

2256 4297 2311 4351 9.
2345 4296 2456 4349 Καὶ
2483 4293 2804 4365 διέστρεψαν
2827 4293 2918 4347 τὸν
2947 4293 3155 4347 ἑαυτῶν
3184 4294 3330 4357 νοῦν,
3357 4295 3452 4348 καὶ
3488 4292 3769 4358 ἐξέκλιναν

2187 4390 2312 4452 τοὺς
2339 4387 2650 4457 ὀφθαλμοὺς
2672 4387 2870 4446 αὐτῶν.
2903 4387 2997 4440 τοῦ
3025 4386 3098 4458 μὴ
3131 4387 3348 4455 βλέπειν
3375 4388 3455 4450 είς
3483 4387 3572 4440 τὸν
3601 4386 3770 4456 ούραο

2116 4469 2159 4524 Ῐ)
2185 4481 2298 4543 νὺν,
2335 4482 2469 4552 μηδέ
2507 4478 2864 4550 μνημονεύειν
2899 4479 3183 4549 κριμάτων
3211 4479 3458 4534 δικαίων.

2260 4575 2345 4627 10.
2375 4574 2484 4627 Kal
2515 4568 2654 4644 ἦσαν
2686 4573 2985 4644 ἀμφότεροι
3015 4571 3478 4641 κατανενυγμένοι
3514 4570 3641 4640 περὶ
3671 4570 3772 4622 ab.-

2186 4666 2302 4737 τῆς,
2333 4665 2428 4719 καὶ
2454 4666 2553 4718 οὐκ
2581 4662 2924 4733 ἀπήγγειλαν
2946 4663 3195 4729 ἀλλήλοις
3216 4661 3314 4732 τὴν
3343 4659 3533 4729 ὀδύνην
3561 4659 3770 4712 αὐτῶν.

2258 4756 2345 4808 11.
2378 4753 2502 4808 Ὀτι
2534 4755 2831 4825 ᾐσχύνοντο
2862 4752 3189 4820 ἀπαγγεῖλαι
3213 4751 3312 4822 τὴν
3339 4749 3640 4820 ἐπιθυμίαν
3671 4749 3772 4802 αὖ-

2186 4849 2315 4911 τῶν,
2345 4849 2429 4902 ὅτι
2467 4847 2657 4918 ἤθελον
2691 4846 3053 4916 συγγενέσθαι
3093 4847 3255 4916 αὐτῇ.

2259 4939 2344 4994 1Ξ.
2382 4941 2495 4994 Kal
2530 4940 2874 5011 παρετήρουν
2906 4938 3026 4992 καθ’
3079 4937 3293 5009 ἡμέραν
3346 4935 3645 5006 φιλοτίμως
3675 4934 3770 4988 τοῦ

2185 5033 2318 5106 ὁρᾷν
2347 5032 2547 5102 αὑτήν·
2578 5029 2673 5085 καὶ
2705 5027 2857 5083 εἶπον
2887 5029 3076 5100 ἔτερος
3112 5025 3190 5099 τῷ
3218 5027 3410 5098 ἑτέρῳ·

2261 5123 2348 5177 15.
2373 5120 2739 5193 Πορευθῶμεν
2778 5122 2859 5183 είς
2888 5114 3055 5182 οἷκον,
3092 5116 3175 5170 ὅτι
3204 5116 3428 5188 ἀρίστου
3457 5115 3605 5168 ἐστὶν
3626 5113 3767 5183 ῶρασ

2187 5215 2285 5272 καὶ
2318 5212 2625 5278 ἐξελθόντες
2653 5210 3086 5283 διεχωρίσθησαν
3120 5209 3214 5264 ἀπ’
3249 5207 3516 5278 ἀλλήλων.

2263 5306 2350 5360 14.
2379 5305 2492 5359 Kal
2541 5302 2966 5375 ἀνακάμψαντες
3016 5295 3180 5372 ἦλθον
3224 5299 3320 5354 ἐπὶ
3358 5299 3420 5352 τὸ
3459 5296 3618 5359 αὐτὸ,
3675 5295 3773 5348 καὶ

2189 5399 2539 5464 ἀνετάζοντες
2571 5395 2854 5467 ἀλλήλους,
2884 5394 2968 5458 τίς
2999 5395 3034 5464 ἡ
3065 5391 3247 5457 αἰτία,
3283 5388 3642 5461 ὡμολόγησαν
3671 5385 3773 5439 ἀλ-

2188 5492 2370 5561 λήλοις
2404 5491 2502 5562 τὴν
2527 5488 2821 5558 ἐπιθυμίαν
2843 5486 3023 5541 αὐτῶν
3040 5503 3054 5517 ο
3091 5484 3184 5538 καὶ
3211 5483 3330 5537 τότε
3355 5484 3514 5552 κοινῇ
3547 5479 3772 5533 συνετά.-

2191 5584 2350 5650 ξαντο
2385 5584 2594 5654 καιρὸν,
2626 5583 2712 5635 ὅτε
2742 5579 2909 5650 αὐτὴν
2941 5578 3259 5648 δυνήσονται
3287 5574 3466 5644 εὑρεῖν
3505 5572 3694 5644 μόνην.

2265 5783 2348 5838 15.
2387 5781 2494 5836 Kal
2522 5779 2736 5850 ἐγένετο
2769 5779 2825 5833 ἐν
2852 5777 2929 5849 τῷ
2965 5777 3301 5849 παρατηρεῖν
3333 5773 3528 5835 αὐτοὺς
3555 5771 3771 5843 ἡμέραν
