4122 6320
333 260 475 318 2897

1760 268 1992 329 CAPUT
2029 273 2163 331 Xlll.

3452 290 3596 348 2898

334 372 575 481 εὔθετον,
634 376 818 444 καθὼς
854 381 1000 451 χθὲς,
1040 382 1134 437 καὶ
1171 386 1365 459 τρίτην
1412 387 1648 462 ἡμέραν,
1701 390 1909 461 εἰσῆλθέ

2023 408 2234 470 aptum,
2263 401 2408 457 sicut
2433 402 2569 467 beri,
2601 412 2655 459 ct
2707 404 2910 461 nudius
2960 407 3174 473 tertius,
3230 409 3474 481 ingressa
3513 421 3599 466 est

338 482 464 520 ποτε
500 468 533 538 ἡ
582 469 859 525 Σουσάννα
916 473 1052 544 μετὰ
1100 475 1194 528 δύο
1256 478 1437 547 μόνων
1474 479 1766 552 κορασίων,
1822 482 1918 535 καὶ

336 558 648 632 ἐπεθύμησε
679 561 974 618 λούσασθαι
1015 567 1072 621 ἐν
1099 567 1178 639 τῷ
1225 568 1562 640 παραδείσῳ,
1603 572 1686 624 ὅτι
1726 569 1914 643 καῦμα

336 644 420 722 ἧνο
1900 672 1913 681 '

412 746 499 799 16.
523 745 634 799 Καὶ
657 747 758 801 οὑκ
785 743 854 819 ἦν
891 750 1065 815 οὐδεὶς
1090 753 1226 812 ἐκεῖ,
1259 748 1399 826 πλὴν
1424 757 1473 809 οἱ
1493 755 1587 809 δύο
1616 756 1917 827 πρεσϐύτε-

342 851 422 903 ροι
452 836 851 907 κεκρυμμένοι,
885 841 977 893 καὶ¹
1012 842 1462 913 παρατηροῦντες
1491 844 1682 915 αὐτήν.

409 926 493 980 17.
530 928 641 981 Καὶ
686 926 837 984 εἶπεν
885 935 1000 996 τοῖς
1038 935 1340 1005 κορασίοις·
1376 936 1668 1006 Ἐνέγκατε
1720 937 1781 1008 δή
1826 955 1917 1005 μοι

339 1016 533 1082 ἔλαιον,
566 1021 660 1074 καὶ
684 1021 938 1093 σμῆγμα,
977 1027 1070 1079 καὶ
1101 1026 1201 1091 τὰς
1236 1028 1407 1100 θύρας
1443 1028 1537 1084 τοῦ
1586 1028 1915 1101 παραδείσου

341 1109 608 1176 κλείσατε,
639 1113 789 1178 ὅπως
821 1115 1127 1189 λούσωμαι.

404 1202 489 1257 18.
528 1204 638 1258 Καὶ
667 1207 931 1278 ἐποίησαν
960 1210 1142 1275 καθὼς
1174 1213 1269 1268 καὶ
1296 1210 1470 1281 εἶπεν,
1519 1217 1613 1270 καὶ
1657 1218 1916 1274 ἀπέκλει-

341 1313 434 1350 σαν
460 1298 559 1361 τὰς
586 1297 755 1370 θύρας
780 1302 874 1355 τοῦ
898 1303 1246 1374 παραδείσου,
1283 1307 1378 1361 καὶ
1398 1305 1620 1379 ἐξῆλθον
1643 1312 1787 1365 κατὰ
1816 1312 1916 1376 τὰς

340 1387 598 1457 πλαγίους
628 1388 819 1460 θύρας,
839 1393 1085 1461 ἐνεγκεῖν
1118 1394 1187 1448 τὰ
1210 1398 1664 1467 προστεταγμένα
1698 1400 1910 1467 αὐταῖς,

341 1479 426 1531 καὶ
474 1479 576 1534 οὐκ
623 1476 762 1535 εἶδον
805 1484 931 1548 τοὺς
966 1485 1395 1558 πρεσϐυτέρους,
1455 1489 1537 1542 ὃτι
1578 1485 1720 1561 ἦσαν
1754 1492 1915 1558 ἐγκε-

340 1573 656 1641 κρυμμένοι.

404 1661 489 1715 19.
524 1663 632 1716 Καὶ
666 1664 882 1732 ἐγένετο
934 1665 1010 1730 ὡς
1067 1665 1295 1738 ἐξῆλθον
1323 1668 1391 1723 τὰ
1413 1670 1665 1737 κοράσια,
1699 1671 1794 1741 καὶ
1820 1674 1915 1728 ἀν-

2029 492 2326 564 aliquando
2358 484 2611 549 Susanna
2660 511 2786 551 cum
2813 496 3031 552 duabus
3085 499 3215 552 solis
3267 501 3481 569 puellis,
3513 516 3601 556 v0-

2026 586 2239 658 luitque
2265 588 2433 643 lavari
2468 588 2523 643 in
2559 589 2804 658 pomario
2834 599 3039 645 :aestus
3058 591 3259 659 quippe
3283 601 3421 646 erat.

2100 762 2186 818 16.
2229 763 2294 819 Et
2327 779 2434 820 non
2468 774 2587 819 erat
2617 763 2690 819 ibi
2719 765 3010 836 quisquam
3051 776 3246 837 praeter
3272 767 3409 823 duos
3439 781 3596 823 senes

2024 855 2399 921 absconditos,
2426 865 2480 911 et
2505 858 2936 928 contemplantes
2958 874 3104 915 eam.

2095 947 2184 1000 17.
2225 948 2292 1000 Et
2323 947 2460 1002 dixit
2489 949 2684 1019 puellis
2711 965 2725 1002 :
2759 950 2960 1006 All'erte
2989 950 3104 1020 jam
3134 949 3272 1004 mihi
3310 949 3512 1015 oleum,
3540 956 3597 1003 et

2028 1051 2294 1107 smegma,
2331 1047 2385 1093 et
2415 1039 2557 1094 ostia
2584 1042 2817 1110 pomarii
2840 1042 3110 1107 claudite,
3143 1051 3203 1098 ut
3239 1041 3411 1099 laver.

2092 1216 2180 1272 18.
2223 1217 2291 1271 Et
2323 1214 2573 1273 fecerunt
2595 1219 2754 1275 sicuti
2786 1222 2952 1276 etiam
2983 1221 3198 1277 dixerat
3228 1236 3244 1273 :
3277 1228 3332 1275 et
3380 1220 3592 1277 clause~

2018 1316 2148 1362 runt
2165 1309 2304 1363 ostia
2328 1310 2579 1378 pomarii,
2606 1319 2661 1366 et
2695 1326 2930 1380 egressae
2958 1322 3088 1369 sunt
3116 1330 3213 1382 per
3236 1314 3478 1383 posticas
3507 1314 3591 1369 f0-

2016 1418 2128 1468 res,
2155 1410 2217 1456 ut
2254 1400 2512 1457 aﬂ‘errent
2542 1417 2665 1472 quae
2694 1403 2949 1458 mandata
2980 1402 3195 1458 fuerant
3214 1404 3317 1459 sibi
3356 1420 3370 1457 :
3402 1412 3455 1460 et
3480 1420 3590 1461 non

2017 1493 2269 1549 viderunt
2295 1508 2476 1561 senes,
2508 1495 2640 1565 quia
2667 1503 2824 1551 erant
2841 1493 3168 1551 absconditi.

2091 1672 2177 1729 l9.
2215 1672 2284 1728 Et
2314 1672 2513 1729 factum
2537 1681 2642 1738 est,
2664 1688 2931 1746 posquam
2954 1682 3190 1745 egressae
3226 1681 3355 1731 sunt
3378 1673 3589 1743 puellae,

338 1752 567 1825 ἔστησαν
618 1757 666 1808 οἱ
697 1755 791 1809 δύο
828 1756 1210 1830 πρεσϐύτεροι,
1258 1762 1350 1814 καὶ
1391 1762 1701 1834 ἐπέδραμον
1749 1765 1909 1837 αὐτῇ,

2015 1769 2070 1818 et
2100 1770 2463 1819 surrexerunt
2488 1762 2600 1818 duo
2627 1778 2809 1828 senes,
2831 1771 2888 1819 et
2908 1771 3266 1820 accurrerunt
3287 1762 3356 1817 ad
3379 1776 3522 1824 eam.
3537 1772 3593 1816 et

338 1845 423 1898 καὶ
448 1842 624 1899 εἷπον·

401 1936 489 1991 20.
535 1938 667 1991 Ἰδοὺ
697 1939 752 1992 αἱ
778 1937 939 2009 θύραι
974 1940 1069 1994 τοῦ
1097 1944 1425 2015 παραδείσου
1467 1946 1790 2015 κέκλεινται,
1818 1951 1912 2003 καὶ

336 2028 503 2092 οὐδεὶς
537 2028 731 2101 θεωρεῖ
759 2032 927 2102 ἡμᾶς,
959 2033 1053 2087 καὶ
1076 2034 1134 2087 ἐν
1167 2036 1433 2109 ἐπιθυμίᾳ
1465 2039 1560 2093 σού
1593 2042 1765 2111 ἐσμεν
1785 2056 1800 2072 ⁸
1829 2042 1911 2097 διὸ

338 2119 676 2187 συγκατάθου
716 2124 868 2192 ἡμῖν,
911 2124 1005 2176 καὶ
1033 2123 1190 2192 γενοῦ
1223 2126 1343 2196 μεθ’
1374 2128 1551 2199 ἡμῶν.

398 2211 488 2266 2i.
521 2213 582 2267 Ei
611 2213 666 2266 δὲ
690 2215 784 2286 μὴ,
809 2220 1386 2290 καταμαρτυρήσομὲν
1423 2239 1539 2288 σου,
1567 2224 1648 2278 ὅτι
1668 2220 1737 2296 ἦν
1771 2226 1911 2297 μετὰ

337 2300 425 2353 σοῦ
454 2301 759 2366 νεανίσκος,
791 2305 883 2359 καὶ
909 2305 997 2359 διὰ
1022 2306 1184 2361 τοῦτο
1229 2307 1617 2376 ἐξαπέστειλας
1644 2312 1713 2368 τὰ
1744 2314 1908 2385 κορά-

336 2406 421 2442 σια
457 2390 566 2442 ἀπὸ
599 2390 716 2446 σοῦ.

398 2479 487 2535 22.
524 2482 634 2535 Καὶ
660 2482 1016 2549 ἀνεστέναξεν
1044 2487 1341 2552 Σουσάννα,
1386 2490 1481 2543 καὶ
1508 2486 1661 2546 εἶπεν
1680 2509 1696 2524 ο
1734 2494 1908 2549 Στενά

337 2590 423 2644 μοι
451 2574 744 2628 πάντοθεν·
778 2577 875 2630 ἐάν
906 2594 966 2630 τε
986 2578 1092 2650 γὰρ
1118 2579 1276 2633 τοῦτο
1310 2580 1522 2653 πράξω,
1552 2581 1785 2649 θάνατός
1813 2586 1905 2657 μοί

335 2668 478 2718 ἐστιν
497 2681 511 2694 ⁸
538 2666 633 2720 ἐάν
653 2683 711 2719 τε
750 2666 825 2739 μὴ
854 2667 1067 2738 πράξω,
1099 2669 1199 2723 οὐκ
1227 2669 1566 2742 ἐκφεύξομαι
1587 2673 1687 2738 τὰς
1715 2676 1905 2747 χεῖρας

336 2756 363 2809 ὖ
370 2756 504 2827 μῶν.

397 2848 487 2903 25.
521 2849 889 2923 Αίρετώτερόν
925 2851 1016 2922 μοί
1053 2853 1171 2907 ἐστι
1215 2853 1290 2925 μὴ
1312 2854 1600 2924 πράξασαν
1642 2859 1904 2929 ἐμπεσεῖν

331 2940 409 3003 εἰς
435 2940 534 3004 τὰς
555 2943 745 3012 χεῖρας
771 2940 944 3011 ὑμῶν,
976 2942 1009 3013 ἦ
1047 2942 1316 3013 ἁμαρτεῖν
1344 2944 1576 2999 ἐνώπιον
1612 2949 1842 3020 Κυρίου.

397 3031 486 3086 24.
523 3034 635 3087 Καὶ
660 3034 926 3107 ἀνεϐόησε
983 3036 1261 3090 Σουσάννα
1312 3041 1462 3110 φωνῇ
1511 3041 1724 3112 μεγάλῃ
1749 3059 1764 3073 ·
1808 3043 1903 3096 ἀν-
1930 3085 1973 3142 c

329 3126 557 3198 εϐόησαν
585 3128 641 3181 δέ
665 3129 761 3182 καὶ
787 3130 837 3182 οί
870 3129 962 3182 δύο
980 3130 1284 3200 πρεσϐύται
1324 3133 1612 3187 κατέναντι
1639 3134 1832 3205 αὐτῆς.

394 3219 484 3273 25.
520 3220 629 3273 Καὶ
647 3219 869 3291 δραμὼν
897 3221 925 3273 ὁ
946 3216 1049 3286 εἷς,
1077 3222 1260 3294 ἤνοιξε
1277 3223 1375 3287 τὰς
1410 3223 1581 3296 θύρας
1604 3224 1700 3278 τοῦ
1722 3242 1904 3298 παρα-

329 3309 521 3365 δείσου.

393 3400 482 3455 26.
533 3401 621 3465 Ὠς
648 3400 705 3454 δὲ
734 3401 975 3473 ἥκουσαν
1002 3402 1103 3474 τὴν
1130 3404 1380 3474 κραυγὴν
1423 3406 1522 3476 τὴν
1547 3406 1604 3457 ἐν
1625 3406 1702 3477 τῷ
1725 3423 1903 3481 παρα-

326 3491 485 3562 δείσῳ
526 3491 577 3544 οἱ
616 3491 824 3546 οἰκέται
851 3492 952 3562 τῆς
998 3493 1215 3564 κυρίας,
1258 3495 1624 3567 εἰσεπήδησαν
1667 3495 1755 3551 διὰ
1805 3499 1904 3570 τῆς

330 3582 560 3651 πλαγίας
599 3582 770 3655 θύρας
799 3584 928 3638 ἰδεῖν
965 3584 1027 3637 τὺ
1066 3585 1411 3657 συμϐεϐηκὸς
1435 3587 1597 3659 αὐτῇ.

394 3671 484 3727 27.
533 3672 731 3728 Ἦνίκα
779 3673 835 3727 δὲ
869 3669 1028 3727 εἶπαν
1061 3675 1110 3727 οἱ
1143 3674 1504 3746 πρεσϐύτεροι
1542 3679 1668 3741 τοὺς
1710 3677 1903 3748 λόγους

329 3765 524 3830 αὐτῶν,
572 3766 1024 3839 κατῃσχύνθησαν
1052 3769 1100 3821 οἰ
1149 3767 1325 3822 δοῦλοι
1384 3769 1612 3840 σφόδρα,
1650 3772 1734 3826 ὅτι
1780 3772 1901 3827 οὐδὲ

330 3861 546 3917 πώποτε
577 3863 776 3936 ἐρρέθη
805 3864 962 3933 λό’γος
993 3865 1234 3930 τοιοῦτος
1268 3865 1757 3943 περὶεΣουσάννας.

396 4044 487 4099 28.
517 4044 629 4098 Καὶ
656 4044 870 4113 ἐγένετο
885 4044 961 4116 τῇ⁹
985 4044 1247 4117 ἐπαύριον
1275 4042 1536 4115 συνῆλθον
1556 4044 1586 4098 ὁ
1615 4042 1743 4107 λαὸς
1764 4044 1900 4113 πρὸς

327 4137 415 4191 τὸν
446 4138 615 4208 ἄνδρα
639 4137 738 4208 τῆς
765 4138 1072 4200 Σουσάννας
1096 4138 1188 4191 τὸν
1228 4137 1506 4208 ἰωακεὶμ,
1536 4138 1632 4191 καὶ
1657 4133 1823 4207 ἦλθον
1848 4140 1899 4191 cl

325 4227 414 4282 δύο
439 4227 800 4299 πρεσϐύτεροι
841 4228 1068 4299 πλήρεις
1114 4228 1216 4297 τῆς
1247 4228 1449 4298 ἀνόμου
1477 4227 1658 4281 αὐτῶν
1688 4228 1900 4293 ἐννοίας

326 4320 464 4374 κατὰ
499 4319 827 4385 Σουσάννας,
866 4319 961 4374 τοῦ
993 4319 1303 4374 θανατῶσαι
1336 4319 1528 4389 αὐτήν.

2014 1852 2306 1909 dixerunt:

2086 1942 2175 1998 20.
2215 1942 2353 1999 Ecce
2379 1942 2519 1998 ostia
2552 1944 2781 2013 pomarii
2804 1944 2994 2000 clausa
3047 1950 3198 2010 sunt,
3221 1952 3277 1998 et
3313 1956 3475 1998 nemo
3504 1941 3593 1997 vi-

2014 2034 2106 2089 det
2133 2044 2335 2102 nos.et
2398 2035 2455 2089 in
2512 2036 2955 2106 concupiscentia
2998 2046 3092 2092 tua
3118 2050 3355 2093 sumus:
3396 2047 3593 2106 quam-

2013 2125 2201 2180 obrem
2234 2126 2504 2181 assentire
2528 2127 2706 2193 nobis,
2735 2136 2790 2181 et
2817 2127 3173 2183 commiscere
3203 2126 3511 2181 nobiscum.

2082 2213 2174 2270 2i.
2216 2214 2374 2281 Quod
2407 2215 2456 2270 si
2514 2216 2789 2285 nolueris,
2845 2216 3093 2273 dicemus
3134 2224 3324 2272 contra
3357 2202 3592 2270 te’test?-

2011 2307 2281 2374 monium,
2311 2309 2459 2377 quod
2493 2308 2658 2363 fuerit
2703 2317 2883 2363 tecum
2929 2309 3172 2379 juvenis,
3227 2315 3284 2364 et
3343 2307 3414 2363 ob
3446 2307 3587 2361 hanc

2011 2413 2233 2455 causam
2269 2399 2521 2456 emiseris
2552 2400 2760 2470 puellas
2782 2416 2812 2455 a
2844 2408 2915 2454 te.

2080 2491 2173 2548 22.
2216 2492 2284 2547 Et
2314 2494 2582 2564 ingemuit
2620 2493 2895 2559 Susanna,
2923 2501 2980 2548 et
3006 2492 3085 2548 ait
3114 2491 3427 2562 :Angustite
3455 2496 3589 2544 sunt

2009 2584 2146 2638 milii
2172 2584 2521 2654 undique:si
2547 2584 2691 2639 enim
2715 2584 2820 2638 hoc
2852 2598 3036 2655 egero,
3087 2598 3239 2638 mors
3279 2580 3416 2636 mihi
3464 2585 3583 2646 est;

2007 2676 2117 2732 nisi
2149 2686 2331 2732 autem
2367 2692 2554 2745 egero,
2587 2692 2695 2732 non
2721 2676 2975 2747 eﬂugiam
2998 2689 3192 2730 manus
3222 2682 3450 2729 vestras.

2075 2853 2167 2908 25.
2212 2852 2406 2910 Melius
2433 2859 2518 2909 est
2542 2852 2676 2907 mihi
2707 2852 2914 2919 absque
2936 2863 3101 2919 opere
3130 2845 3372 2902 incidere
3392 2843 3447 2897 in
3466 2856 3586 2897 ma-

2006 2959 2113 3000 nus
2146 2953 2380 3011 vestras,
2404 2960 2568 3014 quam
2603 2958 2831 3014 peccare
2868 2944 2921 2996 in
2951 2947 3243 3010 conspectu
3276 2935 3511 2991 Domini.

2074 3037 2165 3092 24.
2207 3036 2275 3090 Et
2304 3038 2634 3091 exclamavit
2666 3034 2921 3090 Susanna
2949 3048 3082 3088 voce
3111 3044 3306 3101 magna
3340 3047 3356 3083 :
3401 3026 3584 3082 excla-

2008 3139 2296 3184 maverunt
2317 3136 2498 3184 autem
2523 3137 2577 3182 et
2602 3128 2713 3182 duo
2739 3140 2900 3182 senes
2933 3124 3197 3180 adversus
3225 3135 3371 3177 eam.

2074 3217 2168 3275 25.
2219 3216 2286 3272 Et
2315 3230 2544 3273 currens
2574 3231 2718 3271 unus
2745 3214 2958 3286 aperuit
2976 3213 3117 3269 ostia
3158 3208 3412 3283 pomarii.

2073 3396 2164 3455 26.
2210 3397 2280 3454 Ut
2306 3405 2489 3452 autem
2545 3394 2837 3450 audierunt
2893 3392 3189 3448 clamorem
3223 3390 3278 3444 in
3331 3385 3581 3459 pomario

2004 3491 2192 3548 famuli
2226 3492 2484 3556 dominae,
2512 3491 2791 3544 irruerunt
2816 3503 2913 3558 per
2933 3486 3173 3556 posticas
3205 3483 3379 3547 fores,
3420 3487 3480 3536 ut
3504 3478 3582 3535 vi-

2002 3585 2194 3640 derent
2212 3584 2469 3654 quidnam
2501 3581 2788 3638 accidisset
2816 3580 2887 3635 ei.

2069 3676 2161 3731 27.
2203 3674 2501 3745 Postquam
2549 3681 2732 3729 autem
2788 3686 2948 3728 senes
2991 3668 3248 3724 dixerunt
3298 3679 3581 3723 sermones

2002 3782 2158 3833 suos,
2184 3767 2525 3822 erubuerunt
2556 3764 2700 3824 servi
2749 3763 3099 3819 vehementer
3130 3779 3146 3815 :
3182 3760 3313 3832 quia
3371 3772 3578 3828 nequa-

2000 3874 2164 3927 quam
2201 3874 2441 3930 unquam
2465 3859 2647 3914 dictus
2670 3857 2848 3911 fuerat
2876 3867 3059 3910 sermo
3096 3850 3478 3923 hujuscemodi
3505 3848 3580 3905 de

2000 3946 2277 4004 Susanna.

2070 4040 2162 4095 28.
2189 4040 2258 4094 Et
2285 4039 2490 4094 factum
2524 4045 2608 4093 est
2642 4036 2731 4091 die
2763 4034 3025 4102 crastina,
3079 4048 3207 4089 cum
3235 4031 3579 4088 convenisset

2000 4132 2237 4202 pepulus
2267 4132 2334 4186 ad
2361 4133 2540 4185 virum
2578 4128 2847 4185 Susanme
2868 4126 3104 4189 Joakim,
3130 4127 3575 4181 veneruntetiam

1998 4225 2108 4279 duo
2133 4238 2293 4279 senes
2313 4222 2454 4293 pleni
2480 4223 2668 4293 iniqua
2701 4237 2800 4277 sua
2835 4219 3165 4292 cogitatione
3186 4220 3447 4276 adversus
3468 4215 3575 4274 Su-

1998 4331 2250 4378 sannam,
2285 4325 2343 4370 ut
2373 4326 2548 4370 morte
2580 4312 2856 4370 allicerent
2879 4327 3024 4368 eam.

391 4410 477 4465 29.
502 4412 613 4464 Kal.
641 4407 802 4466 εἶπαν
831 4409 1141 4482 ἔμπροσθεν
1186 4410 1280 4464 τοῦ
1334 4410 1464 4464 λαοῦ
1489 4448 1506 4472 .
1538 4410 1897 4465 ἀποστείλατε

2073 4409 2166 4465 29.
2206 4406 2273 4464 Et
2300 4409 2558 4465 dixerunt
2619 4422 2808 4462 coram
2850 4406 3093 4477 populo:
3147 4402 3439 4463 Mittitead
3464 4399 3573 4457 Su-

324 4501 417 4554 ἐπὶ
442 4502 746 4556 Σουσάνναν
767 4502 865 4573 τὴν
895 4501 1171 4574 θυγατέρα
1193 4502 1447 4569 Χελκίου,
1474 4503 1596 4573 ἥτις
1618 4502 1737 4556 ἐστὶ
1760 4503 1898 4575 γυνὴ

336 4593 610 4664 Ἰωακείμ.
649 4594 712 4648 οι
739 4592 796 4646 δὲ
826 4594 1178 4648 ἀπέστειλαν.

391 4686 480 4742 50.
514 4686 623 4740 Καὶ
648 4682 813 4758 ἦλθον
840 4686 1002 4756 αὐτὴ.
1036 4686 1133 4740 καὶ
1170 4686 1220 4739 οί
1242 4687 1419 4754 γονεῖς
1449 4683 1646 4756 αὐτῆς,
1688 4686 1783 4740 καὶ
1827 4684 1899 4740 τὰ

325 4775 485 4830 τέκνα
504 4776 698 4846 αὐτῆς,
729 4778 825 4831 καὶ
859 4777 1063 4840 πάντες
1089 4778 1139 4831 οί
1174 4780 1458 4848 συγγενεῖς
1491 4779 1678 4848 αὐτῆς.

388 4870 481 4925 51.
522 4871 586 4923 'H
616 4870 673 4924 δὲ
703 4870 978 4925 Σουσάννα
1006 4864 1076 4942 ἦν
1097 4869 1345 4941 τρυφερά
1374 4869 1600 4941 σφόδρα,
1637 4868 1732 4925 καὶ
1757 4866 1897 4940 καλὴ

320 4958 398 5031 τῷ
428 4960 577 5014 εἴδει.
894 5023 899 5027 α

390 5051 478 5106 52.
507 5054 570 5104 Οί
599 5051 658 5105 δὲ
680 5051 989 5123 παράνομοι
1014 5049 1308 5106 ἐκέλευσαν
1323 5051 1668 5122 ἀποκαλύψαι
1697 5052 1893 5124 αὐτὴν,

321 5139 387 5214 ἦν
432 5144 542 5215 γὰρ
585 5143 1142 5214 κατακεκαλυμμένη,
1192 5143 1342 5207 ὅπως
1390 5143 1751 5215 ἐμπλησθῶσι
1796 5144 1893 5197 τοῦ

322 5236 548 5299 κάλλους
568 5235 760 5306 αὐτῆς.

390 5328 477 5382 55.
512 5327 769 5381 Ἐκλαιον
794 5326 850 5381 δὲ
879 5328 929 5380 0i
968 5329 1099 5398 παρ’
1130 5328 1324 5398 αὐτῆς,
1363 5327 1459 5381 καὶ
1508 5327 1710 5391 πάντες
1737 5330 1787 5382 oi
1814 5331 1892 5384 εί-

321 5419 469 5483 ὂότες
493 5420 682 5491 αὐτήν.

390 5513 480 5568 54.
503 5513 614 5567 Καὶ
640 5513 971 5576 ἀναστάντες
1013 5513 1065 5565 οἱ
1113 5511 1208 5566 δύο
1237 5508 1598 5582 πρεσϐύτεροι
1647 5513 1706 5564 ἐν
1739 5512 1891 5583 μέσῳ

324 5602 416 5658 τοῦ
439 5603 590 5669 λαοῦ,
623 5605 824 5673 ἔθηκαν
850 5605 950 5670 τὰς
976 5606 1164 5677 χεῖρας
1187 5602 1365 5658 αὐτῶν
1395 5604 1486 5657 ἐπὶ
1523 5603 1624 5673 τὴν
1648 5605 1889 5677 κεφαλὴν

322 5697 511 5765 αὐτῆς.

2001 4517 2230 4557 saturam
2260 4502 2426 4555 tiliam
2453 4498 2707 4566 Cltelcias,
2742 4514 2864 4569 quae
2906 4505 2991 4554 est
3031 4510 3171 4552 uxor
3220 4493 3455 4551 Joakim.
3490 4493 3573 4549 Illi

1999 4610 2129 4650 vero
2154 4596 2442 4650 miserunt.

2068 4686 2158 4742 50.
2196 4685 2264 4741 Et
2288 4695 2554 4742 venerunt
2602 4686 2742 4756 ipsa,
2797 4692 2854 4739 et
2907 4691 3159 4755 parentes
3206 4681 3366 4750 ejus,
3400 4687 3455 4734 et
3472 4676 3571 4734 ﬁlii

1991 4778 2042 4851 ej
2056 4793 2139 4842 us,
2163 4786 2220 4834 et
2245 4793 2438 4835 omnes
2475 4778 2689 4849 cognati
2726 4776 2868 4847 ejus.

2068 4872 2158 4927 51.
2200 4871 2373 4928 Porro
2392 4871 2647 4928 Susanna
2662 4883 2780 4925 erat
2800 4868 3030 4926 delicata
3059 4865 3242 4931 nimis,
3268 4872 3322 4921 et
3341 4862 3569 4934 pulchra

1995 4966 2196 5036 specie.

2066 5059 2158 5115 52.
2198 5058 2270 5114 At
2320 5056 2495 5127 iniqui
2536 5054 2843 5126 jusserunt,
2880 5060 2941 5106 ut
2985 5048 3419 5119 discooperirent
3446 5060 3567 5101 eam

1993 5152 2137 5222 (erat
2170 5151 2317 5206 enim
2345 5148 2650 5220 coeperta),
2686 5145 3099 5202 utsatiarentur
3130 5143 3327 5199 decore
3357 5140 3494 5210 ejus.

2062 5330 2155 5384 35.
2194 5328 2424 5384 Flebant
2470 5329 2637 5400 igitur
2664 5327 2773 5394 sui,
2832 5336 2887 5382 et
2911 5340 3126 5391 omnes,
3179 5324 3269 5392 qui
3308 5330 3571 5378 noverant

1990 5436 2136 5476 eam.

2062 5515 2152 5569 54.
2193 5513 2597 5584 Consumentes
2619 5522 2801 5571 autem
2832 5512 2943 5568 duo
2984 5510 3283 5584 presbyteri
3307 5509 3360 5563 in
3388 5503 3571 5562 medio

1992 5608 2200 5679 populi,
2230 5617 2532 5677 posuerunt
2570 5621 2766 5663 manus
2790 5621 2919 5663 suas
2948 5620 3108 5675 super
3142 5611 3302 5674 caput
3322 5600 3468 5673 ejus.
