4122 6320
475 271 615 327 2899

1515 263 1768 319 DANIEL
1799 261 2027 319 JUXTA
2068 238 2611 324 Tusooorlous'u

3557 265 3707 320 290n

528 377 616 430 35.
657 376 787 442 Quae
808 393 938 432 vero
961 378 1092 434 ﬂens
1114 384 1358 451 suspexit
1390 382 1442 436 in
1475 384 1673 438 cadum
1709 398 1720 430 :
1755 380 2028 436 erateuim

2205 383 2293 437 55.
2339 386 2402 436 ’Π
2433 386 2489 439 δὲ
2521 387 2780 440 κλαίουσα
2805 388 3096 454 ἀνέϐλεψεν
3120 391 3197 452 εἰς
3231 388 3321 441 τὸν
3354 388 3602 459 οὐρανὸν,
3624 391 3710 443 ὅτι

462 482 555 522 cor
582 467 701 536 ejus
742 468 993 522 ﬁduciam
1036 472 1240 526 habens
1265 475 1317 525 in
1357 473 1604 527 Domino.

529 557 618 610 36.
665 558 726 611 Et
756 560 1011 613 dixerunt
1031 563 1356 632 presbyteri:
1384 561 2034 616 Deambulautibusuobis

467 649 515 701 iu
543 651 784 716 pomario
814 652 964 714 solis,
991 654 1231 721 ingressa
1256 664 1338 707 est
1368 655 1468 707 ista
1499 670 1622 708 cum
1642 655 1856 708 duabus
1883 654 2033 723 puel-

468 741 550 804 lis,
577 753 628 796 et
655 744 847 796 clausit
886 745 1022 797 ostia
1057 746 1307 814 pomarii,
1339 755 1393 798 et
1436 746 1642 800 dimisit
1677 745 1907 815 puellas.

539 918 630 972 57.
669 916 936 987 Venitque
969 919 1033 971 ad
1081 933 1201 972 eam
1258 919 1604 982 adolescens,
1652 920 1744 988 qui
1793 928 1911 973 erat
1939 919 2037 973 ab-

469 1011 774 1075 seouditus,
805 1020 862 1064 et
888 1011 1186 1064 concubuit
1222 1027 1348 1064 cum
1388 1025 1471 1065 ea.

539 1101 630 1156 58.
672 1101 843 1154 Porro
870 1118 970 1155 nos
1000 1118 1123 1156 cum
1153 1117 1405 1156 essemus
1459 1102 1510 1154 iu
1559 1101 1758 1169 angulo
1780 1099 2037 1171 pomarii,

385 1231 388 1235 .
471 1195 716 1248 videntes
767 1195 1131 1263 iniquitatem,
1175 1196 1522 1248 cucurrimus
1573 1193 1638 1246 ad
1689 1209 1805 1257 eos,
1859 1201 1914 1247 et
1941 1208 2040 1246 no-

469 1295 685 1340 scentes
712 1302 809 1340 eos
849 1286 1189 1340 commisceri
1217 1305 1230 1338 :

545 1380 636 1432 59.
669 1378 824 1431 illum
880 1378 1096 1446 quidem
1157 1379 1504 1447 nequivimus
1558 1375 2037 1447 comprehendere,

472 1471 598 1538 quia
632 1469 826 1524 fortior
860 1471 975 1540 ipse
1003 1470 1162 1524 nobis
1181 1480 1320 1535 erat,
1348 1481 1401 1524 et
1441 1471 1641 1540 apertis
1671 1470 1827 1525 ostiis
1855 1469 2041 1524 exsili-

477 1563 571 1615 vit.

543 1654 633 1708 40.
670 1653 820 1708 lianc
841 1664 1018 1708 autem
1041 1649 1176 1709 ‘cum
1211 1655 1780 1725 apprehendissemus,
1816 1655 2043 1708 interro-

476 1746 721 1814 gat-imus
747 1746 1000 1814 quisnam
1033 1757 1178 1802 esset
1208 1749 1525 1803 adolescens
1547 1792 1561 1814 ,
1609 1757 1663 1803 et
1699 1746 1875 1802 uoluit
1897 1748 2039 1802 indi-

475 1853 601 1890 care
632 1836 791 1890 nobis
820 1853 834 1887 :
869 1836 984 1891 haec
1017 1845 1306 1892 testamur.

542 1926 632 1979 M.
671 1924 738 1978 Et
759 1925 989 1979 credidit
1016 1929 1096 1982 eis
1121 1930 1431 1993 multitudo,
1464 1938 1522 1982 ut
1578 1929 1912 1999 presbyteris
1945 1943 2042 1997 po-

477 2019 610 2088 puli,
645 2027 697 2072 et
719 2016 1019 2088 judicibus,
1055 2028 1108 2073 et
1137 2021 1636 2076 condemnaverth
1663 2036 1794 2074 eam.
1814 2021 1879 2075 ad
1900 2036 2034 2074 mor-

477 2123 604 2169 tem.

546 2207 635 2260 42.
672 2205 1008 2261 Exclamavit
1037 2212 1218 2259 autem
1252 2219 1384 2259 voce
1439 2220 1633 2274 magna
1685 2203 1964 2266 Susanna,
1992 2209 2049 2258 et

477 2296 650 2349 dixit:
686 2295 829 2349 Deus
845 2303 1065 2360 aeterne,
1091 2294 1180 2364 qui
1212 2295 1659 2349 absconditorum
1687 2309 1745 2349 es
1774 2293 2045 2363 cognitor,

425 2439 444 2449 ,
477 2388 571 2456 qui
603 2387 746 2443 nosti
774 2386 958 2440 omnia
988 2397 1276 2455 antequam
1314 2386 1428 2454 ipsa
1462 2385 1670 2440 fierent.

548 2479 638 2532 43.
681 2478 761 2532 Tu
793 2479 924 2544 scis,
952 2479 1208 2548 quoniam
1238 2478 1433 2531 l‘alsum
1469 2487 1658 2532 contra
1690 2490 1779 2531 me
1809 2477 2050 2530 tulerunt

483 2571 889 2624 testimonium:
919 2579 972 2623 et
1000 2586 1125 2625 ecce
1154 2571 1379 2633 morior,
1403 2585 1527 2624 cum
1569 2569 1704 2622 nihil
1749 2582 1939 2622 eorum
1969 2566 2049 2621 fe-

481 2659 672 2723 cerim,
715 2660 779 2713 de
807 2661 1009 2730 quibus
1039 2661 1124 2715 isti
1155 2661 1522 2716 testimonium
1561 2659 1818 2714 dixerunt
1859 2659 2051 2712 adver-

483 2765 580 2802 SUS
615 2766 720 2804 me.

554 2842 643 2896 44.
674 2841 741 2896 Ει
769 2844 1047 2898 exaudivit
1080 2843 1344 2897 Dominus
1372 2857 1556 2896 vocem
1589 2842 1711 2910 ejus

558 2933 649 2987 45.
688 2932 931 3004 Cumque
963 2935 1253 2989 duceretur
1280 2935 1417 3003 ipsa,
1459 2943 1515 2987 ut
1555 2933 1773 3000 periret,
1828 2931 2055 2987 suscita-

2134 471 2202 544 ἦν
2235 479 2266 544 ἡ
2298 479 2496 547 καρδία
2524 479 2694 546 αὐτῆς
2728 482 3020 533 πεποιθυῖα
3045 481 3135 532 ἐπὶ
3178 480 3268 532 τὸν
3307 479 3531 549 Κύριον.

2205 567 2292 620 56.
2328 565 2494 620 Εἶπον
2522 569 2577 620 δὲ
2600 572 2645 621 οἱ
2665 571 3019 640 πρεσϐύτεροι
3040 590 3052 601 ·
3083 570 3538 640 Περιπατούντων
3555 570 3714 639 ἡμῶν

2137 659 2195 711 ὲν
2246 659 2324 728 τῷ
2375 661 2681 732 παραδείσῳ
2735 664 2929 731 μόνων,
2964 663 3211 732 εἰσῆλθεν
3269 663 3407 733 αὕτη
3446 663 3584 733 μετά
3621 662 3717 716 δύο

2139 748 2454 811 παιδισκῶν,
2475 750 2567 803 καὶ
2589 751 2875 804 ἀπέκλεισε
2898 752 2993 814 τάς
3030 753 3200 824 θύρας
3225 751 3318 804 τοῦ
3356 750 3712 823 παραδείσου,

2138 841 2234 893 καὶ
2263 842 2500 895 ἀπέλυσε
2532 843 2630 906 τὰς
2662 845 2970 907 παιδίσκας.

2209 932 2297 986 57.
2331 933 2440 986 Καὶ
2470 929 2598 1004 ἦλθε
2648 936 2785 1005 πρὸς
2839 936 3008 1006 αὐτὴν
3053 936 3369 999 νεανίσκος,
3409 935 3469 998 ὃς
3508 931 3576 1008 ἦν
3626 955 3718 991 κε-

2141 1025 2475 1095 κρυμμένος.
2499 1027 2592 1078 καὶ
2619 1027 2854 1079 ἀνέπεσε
2885 1027 3000 1096 μετ’
3037 1027 3226 1095 αὐτῆς.

2213 1118 2302 1171 38.
2338 1117 2529 1186 Ἡμεῖς
2561 1118 2616 1169 δὲ
2659 1118 2811 1180 ὄντες
2853 1120 2908 1170 ὲν
2937 1121 3001 1188 τῇ
3030 1117 3201 1188 γωνίᾳ
3240 1117 3333 1171 τοῦ
3363 1120 3717 1189 παραδείσου,
3815 1112 3820 1116 ’

2144 1205 2342 1268 ίδόντες
2366 1207 2464 1276 τὴν
2487 1206 2734 1276 ἀνομίαν,
2762 1207 3068 1278 ὲδράμομεν
3101 1207 3188 1260 ἐπ’
3219 1208 3438 1273 αὐτοὺς,
3468 1213 3561 1263 καὶ
3585 1211 3722 1266 ἰδόν-

2141 1315 2230 1360 τες
2253 1299 2674 1370 συγγινομένους
2706 1300 2921 1362 αύτούς,

2215 1396 2303 1450 39.
2358 1398 2596 1450 Ἐκείνου
2630 1397 2728 1466 μὲν
2767 1397 2865 1450 ούκ
2887 1395 3230 1466 ἠδυνήθημεν
3259 1399 3544 1467 ἐγκρατεῖς
3568 1399 3723 1465 γενέ-

2146 1487 2290 1550 σθαι,
2327 1487 2416 1540 διὰ
2439 1488 2499 1540 τὸ
2535 1488 2738 1557 ἰσχύειν
2761 1488 2922 1541 αὐτὸν
2954 1488 3091 1558 ὑπὲρ
3113 1488 3281 1558 ἡμᾶς,
3314 1489 3406 1540 καί
3431 1485 3718 1552 ἀνοίξαντα

2143 1575 2242 1638 τάς
2275 1575 2444 1646 θύρας
2467 1575 2930 1645 ὲκπεπηδηκὲναι.

2215 1667 2307 1722 40.
2336 1667 2552 1736 Ταύτης
2579 1667 2634 1720 δὲ
2665 1667 3066 1737 ἐπιλαϐόμενοι,
3110 1666 3500 1737 ὲπηρωτῶμεν,
3529 1666 3610 1729 τίς
3645 1661 3714 1736 ἦν

2147 1763 2175 1812 6
2216 1760 2519 1824 νεανίσκος,
2577 1758 2673 1812 καὶ
2726 1759 2826 1812 οὐκ
2880 1759 3144 1830 ἠθέλησεν
3176 1759 3498 1827 ἀπαγγεῖλαι
3551 1761 3714 1828 ἡμῖν’

2148 1850 2319 1904 ταῦτα
2350 1849 2753 1920 μαρτυροῦμεν.

2219 1943 2309 1997 41.
2351 1943 2456 1994 Καὶ
2487 1943 2806 1996 ἐπίστευσεν
2837 1942 3020 2005 αὐτοῖς
3049 1943 3080 2012 ἡ
3125 1940 3418 2010 συναγωγὴ
3448 1939 3523 2003 ὡς
3554 1957 3727 2010 πρεσο

2151 2033 2395 2104 ϐυτέροις
2415 2033 2508 2086 τοῦ
2532 2033 2683 2099 λαοῦ,
2713 2034 2806 2087 καὶ
2829 2035 3060 2105 κριταῖς,
3089 2033 3182 2086 καὶ
3210 2032 3532 2104 κατέκρινον
3556 2031 3728 2102 αὐτὴν

2153 2124 2463 2182 ἀποθανεῖν.

2223 2215 2310 2268 42.
2357 2215 2644 2285 ’Λνεϐόησε
2671 2215 2727 2267 δὲ
2757 2217 2906 2286 φωνῇ
2949 2215 3159 2286 μεγάλῃ
3205 2214 3499 2277 Σουσάννα,
3530 2215 3625 2268 καὶ
3655 2208 3728 2266 εἷς

2155 2323 2255 2358 πεν
2274 2323 2287 2335 ·
2316 2309 2343 2358 6
2371 2307 2503 2370 Θεὸς
2546 2309 2574 2359 6
2612 2305 2826 2369 αἰώνιος
2850 2349 2863 2372 ,
2895 2309 2922 2359 ό
2950 2309 3057 2361 τῶν
3087 2308 3344 2378 κρυπτῶν
3397 2307 3666 2378 γνώστης,
3702 2307 3731 2356 6

2154 2393 2308 2458 εἰδὼς
2339 2394 2402 2446 τὰ
2433 2395 2609 2448 πάντα
2643 2396 2768 2464 πρὶν
2797 2394 3061 2462 γενέσεως
3085 2395 3291 2456 αὐτῶν,

2226 2484 2310 2538 45.
2346 2484 2417 2536 Σὺ
2448 2483 2772 2546 ἐπίστασαι,
2808 2485 2890 2537 ὅτι
2939 2484 3112 2555 ψευδῆ
3159 2502 3261 2554 μου
3303 2482 3728 2552 κατεμαρτύρη-

2159 2589 2278 2637 σαν,
2313 2573 2409 2627 καὶ
2465 2574 2572 2628 ἰδοὺ
2613 2573 2942 2645 ἀποθνήσκω
2988 2574 3061 2646 μὴ
3107 2577 3385 2646 ποιήσασα
3427 2574 3614 2644 μηδὲν,
3649 2566 3729 2625 ὧν

2155 2658 2304 2734 οὗτοι
2337 2667 2831 2738 κατεμαρτύρησαν
2863 2670 2985 2721 κατ’
3015 2667 3174 2738 ἐμοῦ.

2230 2845 2317 2899 44.
2344 2846 2453 2899 Καὶ
2476 2847 2760 2916 εἰσήκουσε
2799 2847 3000 2918 Κύριος
3045 2846 3144 2916 τῆς
3168 2844 3350 2914 φωνῆς
3379 2841 3567 2910 αὐτῆς.

2230 2937 2318 2990 45.
2345 2939 2455 2992 Καὶ
2483 2939 2835 3010 ἀπαγομένης
2856 2940 3024 3010 αὐτῆς
3049 2938 3368 2997 ἀπολέσθαι,
3399 2936 3676 3005 ἐξήγειρεν
3701 2934 3733 2987 6

486 3027 562 3079 vit
602 3025 746 3080 Deus
777 3025 1036 3096 Spiritum
1068 3035 1314 3081 sanctum
1367 3026 1520 3095 pueri
1584 3024 1839 3094 iunioris,
1894 3023 2052 3094 cujus

2160 3028 2293 3091 Θεὸς
2317 3028 2377 3082 τὸ
2406 3028 2629 3100 Πνεῦμα
2656 3030 2717 3082 τὸ
2737 3029 2892 3099 ἆγιον
2925 3030 3208 3102 παιδαρίου
3233 3027 3519 3098 νεωτέρου,
3549 3019 3591 3091 ᾧ
3609 3024 3733 3076 δνο-

489 3134 686 3172 nomen
723 3118 930 3172 Daniel.

559 3211 648 3263 46.
690 3211 754 3264 Ει
782 3209 1104 3265 exclamavit
1131 3224 1267 3265 voce
1292 3226 1519 3281 magna:
1551 3211 1788 3267 Mundus
1814 3225 1915 3282 ego
1935 3225 2054 3266 sum
2086 3250 2092 3256 .

489 3318 519 3354 a
558 3303 824 3371 sanguine
857 3303 1038 3372 hujus.

561 3394 649 3447 47.
680 3396 988 3450 Conversus
1023 3405 1106 3451 est
1139 3404 1318 3450 autem
1347 3395 1582 3464 populus
1617 3395 1797 3447 omnis
1821 3394 1887 3446 ad
1905 3407 2056 3456 eum,

489 3496 544 3538 et
578 3486 832 3539 dixerunt
861 3504 874 3538 :
917 3485 1054 3550 Quis
1079 3494 1162 3539 est
1191 3500 1375 3539 sermo
1416 3485 1539 3548 iste,
1558 3498 1718 3551 quem
1745 3491 1803 3536 tu
1842 3483 2060 3537 locutus

492 3576 593 3628 es?

564 3665 650 3718 48,
691 3663 793 3729 Qui
849 3679 978 3718 vero
1018 3680 1142 3719 cum
1192 3656 1361 3720 staret
1390 3667 1443 3720 in
1499 3665 1676 3720 medio
1719 3681 1908 3720 eorum
1944 3665 2059 3720 ait:

497 3754 588 3810 Sic
616 3754 749 3809 l'atui
777 3753 870 3810 lilii
913 3755 1100 3822 Israel,
1160 3773 1268 3810 nou
1315 3757 1644 3825 judieautes,
1706 3773 1884 3828 neque
1914 3759 2063 3827 quod

494 3847 841 3901 manifestum
888 3857 972 3902 est
1005 3857 1416 3918 cognoscentes,
1463 3847 1839 3904 condemnatis
1896 3847 2062 3902 ﬁliam

494 3937 699 3993 Israel?

562 4032 652 4088 49.
694 4031 1047 4087 Revertimini
1082 4033 1244 4104 igitur
1278 4034 1342 4088 ad
1371 4032 1674 4103 judicium;
1707 4033 1897 4089 falsum
1917 4035 2062 4089 enim

497 4125 869 4176 testimonium
894 4123 981 4176 isti
1015 4125 1179 4178 locuti
1207 4133 1334 4180 sunt
1365 4126 1625 4181 adversus
1651 4141 1794 4180 eam.

567 4213 656 4267 50.
700 4213 765 4266 Et
791 4229 1043 4270 reversus
1073 4225 1154 4270 est
1179 4219 1414 4286 populus
1441 4233 1566 4272 cum
1603 4215 1974 4283 festinatione,
2012 4227 2065 4271 et

493 4304 753 4360 dixerunt
778 4307 824 4361 ei
854 4310 1149 4380 presbyteri
1177 4327 1192 4364 :
1226 4309 1385 4374 Veni,
1413 4321 1467 4366 et
1509 4311 1638 4366 sede
1683 4311 1733 4364 in
1767 4311 1943 4363 medio
1969 4326 2065 4363 no»

2162 3137 2238 3192 μα
2268 3121 2484 3192 Δανιήλ.

2229 3211 2318 3265 46.
2355 3212 2468 3265 Καὶ
2499 3211 2693 3283 ἐϐόησε
2728 3214 2878 3284 φωνῇ
2913 3211 3123 3284 μεγάλη
3147 3230 3162 3242 ·
3195 3211 3450 3282 Καθαρδς
3481 3209 3590 3278 ἐγὼ
3623 3207 3734 3261 sua

2159 3305 2252 3358 τοῦ
2280 3305 2508 3376 αἵματος
2535 3305 2756 3376 ταύτης.

2231 3397 2320 3450 47.
2361 3397 2691 3468 Ἐπέστρεψε
2735 3397 2792 3450 δὲ
2838 3399 2946 3460 πᾶς
2981 3401 3009 3450 6
3053 3397 3180 3460 λαὸς
3231 3398 3365 3468 πρὸς
3408 3397 3592 3461 αὑτὸν,
3640 3395 3739 3448 καὶ

2163 3481 2315 3539 εἷπον
2334 3503 2347 3517 °
2381 3489 2479 3551 Τίς
2509 3490 2537 3540 ὁ
2563 3488 2719 3555 λόγος
2748 3482 2921 3553 οὗτος,
2952 3488 3010 3540 ὃν
3036 3489 3098 3540 σὺ
3126 3488 3449 3559 λελάληκας;

2233 3663 2322 3716 48.
2374 3663 2434 3716 Ὀ
2461 3665 2517 3717 δὲ
2540 3665 2752 3727 σταθεὶς
2805 3667 2862 3717 ὲν
2910 3666 3059 3736 μέσῳ
3111 3665 3309 3728 αὐτῶν,
3342 3662 3528 3720 εἶπεν·
3557 3655 3738 3734 Οὕτω,

2168 3754 2342 3824 μωροὶ
2376 3756 2481 3808 υἱοὶ
2526 3756 2776 3826 Ἰσραὴλ,
2799 3757 2897 3809 οὐκ
2944 3758 3356 3829 ἀνακρίναντες,
3389 3759 3510 3811 οὐδὲ
3539 3759 3598 3811 τὺ
3638 3775 3740 3812 σαι-

2166 3847 2262 3916 φὲς
2291 3847 2602 3916 ἐπιγνόντες
2627 3848 2988 3920 κατεκρίνατε
3023 3835 3299 3920 θυγατέρα
3339 3849 3594 3920 ’Ῐσραήλῧ

2235 4024 2324 4079 49.
2379 4024 2774 4095 ’Δναστρέψατε
2803 4021 2896 4080 οῦν
2914 4026 2993 4088 είς
3018 4025 3076 4080 τὸ
3104 4027 3403 4097 κριτήριον,
3429 4023 3600 4095 ψευδῆ
3630 4024 3742 4095 γὰρ

2165 4108 2310 4170 οῦτοι
2335 4117 2830 4188 κατεμαρτύρησαν
2869 4119 3058 4189 αὐτῆς.

2239 4210 2326 4264 50.
2355 4211 2466 4264 Καὶ
2485 4211 2814 4282 ἀνέστρεψεν
2833 4214 2861 4265 6
2882 4212 3008 4275 λαὸς
3033 4213 3169 4282 μετὰ
3197 4213 3451 4282 σπουδῆς,
3470 4212 3562 4264 καὶ
3585 4203 3742 4261 εἷπον

2167 4301 2319 4372 αύτῷ
2343 4304 2392 4355 oi
2420 4303 2780 4374 πρεσϐύτεροι
2804 4318 2818 4331 ·
2852 4302 3047 4373 Δεῦρο,
3090 4303 3183 4356 καὶ
3225 4302 3452 4358 κάθισον
3502 4304 3558 4354 ὲν
3589 4300 3744 4370 μέσῳ

496 4406 692 4460 strum,
729 4407 782 4452 et
813 4398 990 4454 indica
1027 4401 1206 4466 nobis,
1235 4403 1365 4472 quia
1399 4403 1496 4457 tibi
1548 4403 1697 4458 dedit
1725 4401 1866 4456 Deus
1902 4403 2054 4456 bono

2168 4394 2350 4464 ἡμῶν,
2378 4397 2474 4448 καὶ
2512 4393 2844 4462 ἀπάγγειλον
2883 4395 3034 4463 ἡμῖν,
3073 4394 3154 4446 ὅτι
3192 4411 3272 4447 σοι
3317 4394 3512 4446 ἔδωκεν
3539 4396 3566 4445 ὁ
3608 4392 3744 4455 Θεὸς

495 4504 608 4541 rem
644 4491 958 4545 senectutis.

565 4579 655 4636 51.
689 4580 753 4633 Ει
778 4582 915 4636 dixit
941 4582 1007 4636 ad
1033 4598 1129 4639 eos
1176 4585 1362 4640 Daniel
1394 4604 1405 4638 :
1445 4587 1706 4656 Separate
1744 4602 1838 4641 eos
1879 4587 2066 4656 procul

494 4672 564 4724 ab
595 4673 848 4738 invicem,
871 4684 923 4728 et
951 4674 1264 4744 dijudicabo
1292 4693 1407 4732 eos.

566 4763 654 4817 52.
684 4765 818 4818 Cum
837 4781 968 4835 ergo
994 4766 1154 4821 divisi
1190 4779 1374 4823 essent
1405 4772 1541 4826 alter
1575 4772 1643 4826 ab
1671 4773 1868 4835 altero,
1907 4787 2067 4827 voca-

495 4855 574 4908 vit
608 4873 776 4910 unum
806 4858 873 4912 de
893 4859 992 4924 eis,
1025 4870 1078 4914 et
1115 4859 1255 4914 dixit
1288 4862 1353 4914 ad
1407 4879 1531 4917 eum
1564 4880 1578 4914 :
1627 4861 1925 4919 lnveterate
1953 4865 2070 4919 die—

497 4963 616 4999 rum
670 4949 960 5012 malorum.
1011 4965 1156 5006 nunc
1181 4965 1444 5008 venerunt
1495 4965 1714 5024 peccata
1775 4963 1884 5020 tua,
1948 4971 2070 5026 qua:

499 5035 736 5092 faciebas
761 5041 934 5108 prius.

571 5129 660 5184 55.
689 5130 957 5187 .Iudieaus
981 5133 1187 5202 judicia
1221 5135 1450 5204 injusta,
1494 5146 1546 5192 et
1603 5137 1920 5192 innocentes
1949 5137 2070 5207 qui-

499 5222 620 5274 dem
659 5224 1054 5289 condemuans.
1112 5228 1392 5283 dimittens
1448 5237 1628 5282 autem
1683 5244 1825 5290 reos.
1859 5229 2073 5284 dicente

502 5311 770 5368 Domino:
806 5316 1175 5386 lnnocentem,
1199 5330 1255 5376 et
1278 5321 1486 5389 justum
1517 5339 1624 5377 non
1651 5323 1963 5378 interlicies.

570 5407 660 5461 54.
695 5407 850 5465 Nunc
887 5427 1017 5482 ergo
1044 5415 1183 5469 hanc
1211 5416 1258 5471 si
1315 5417 1520 5480 vidisti,
1573 5417 1661 5471 die
1707 5417 1808 5470 sub
1841 5431 1945 5486 qua
1980 5431 2072 5470 ar-

501 5497 632 5553 bore
665 5501 846 5557 vidisti
878 5520 974 5560 cos
1026 5509 1398 5579 colloquentes
1447 5511 1700 5566 invicem.
1750 5508 1850 5575 Qui
1901 5510 2070 5563 dixit:

504 5587 618 5642 Sub
638 5594 848 5646 SCIIiIIO.

579 5680 668 5734 55.
712 5681 850 5737 Dixit
912 5696 1088 5741 autem
1148 5689 1330 5744 Daniel
1369 5691 1571 5746 :Rccte
1616 5693 1874 5747 mentitus
1924 5709 1981 5747 es
2019 5692 2069 5745 in

2166 4485 2228 4536 τὸ
2251 4484 2556 4554 πρεσϐεῖον.

2238 4577 2328 4630 51.
2352 4577 2460 4630 Καὶ
2489 4573 2639 4628 εἶπεν
2679 4575 2814 4647 πρὸς
2858 4575 3053 4638 αὐτοὺς
3101 4574 3299 4644 Δανιὴλ
3322 4589 3337 4604 ο
3370 4575 3744 4644 Διαχωρίσατε

2168 4666 2366 4730 αὐτοὺς
2401 4666 2618 4737 μακρὰν
2647 4665 2741 4719 ἀπ’
2775 4664 3042 4734 ἀλλήλων,
3069 4665 3164 4718 καὶ
3193 4665 3469 4734 ἀνακρινῶ
3491 4663 3709 4726 αὐτούς.

2243 4758 2332 4813 52.
2369 4759 2458 4822 Ὦς
2491 4759 2546 4812 δὲ
2583 4758 3013 4830 διεχωρίσθησαν
3063 4753 3145 4820 εἷς
3195 4757 3415 4811 ἀπὸτοῦ
3443 4757 3578 4820 ἑνὸς,
3612 4757 3745 4810 ἐκα-

2168 4854 2294 4907 λεσε
2334 4854 2428 4908 τὸν
2459 4854 2554 4906 ’ἐνα
2591 4854 2798 4918 αὐτῶν,
2830 4853 2926 4906 καὶ
2972 4849 3126 4906 εἶπεν
3166 4853 3302 4924 πρὸς
3339 4853 3500 4905 αὐτόν
3521 4869 3533 4881 ·
3559 4853 3749 4906 Πεπα-

2171 4945 2438 5014 λαιωμένε
2470 4944 2696 5014 ἡμερῶν
2749 4943 2958 5006 κακῶν,
3006 4944 3100 4998 νῦν
3132 4945 3332 5014 ἦκασιν
3373 4944 3430 4996 αἱ
3477 4943 3748 5013 ἁμαρτίαι

2171 5054 2290 5098 σου,
2317 5036 2382 5098 ἃς
2415 5037 2620 5098 ἐποίεις
2639 5035 2701 5088 τὸ
2733 5035 3024 5105 πρότερον,

2244 5131 2332 5185 53.
2364 5129 2580 5199 Κρίνων
2603 5128 2814 5198 κρίσεις
2843 5128 3086 5192 ἀδίκους,
3124 5128 3220 5181 καὶ
3259 5128 3385 5192 τοὺς
3410 5127 3508 5194 μὲν
3534 5126 3748 5190 aeson;

2172 5223 2536 5292 κατακρίνων,
2569 5219 2817 5273 ἀπολύων
2843 5220 2900 5272 δὲ
2933 5222 3059 5284 τοὺς
3096 5220 3318 5284 αἰτίους,
3354 5220 3604 5288 λέγοντος
3637 5220 3735 5272 τοῦ

2173 5315 2406 5386 Κυρίου·
2436 5313 2612 5368 ἀθῶον
2638 5315 2734 5367 καὶ
2763 5313 2970 5366 δίκαιον
2995 5314 3094 5366 οὐκ
3122 5315 3456 5375 ἀποκτενεῖς.

2247 5407 2332 5462 54.
2357 5405 2472 5460 Νῦν
2488 5400 2580 5459 οὖν
2611 5404 2813 5474 ταύτην
2845 5404 3003 5475 εἴπερ
3024 5398 3192 5467 οἶδας,
3222 5403 3363 5467 είπὲ,
3396 5403 3502 5454 ὑπὸ
3539 5402 3594 5454 τί
3629 5400 3750 5455 δέν-

2173 5502 2298 5570 δρον
2320 5494 2457 5561 εἶδες
2485 5499 2678 5561 αὐτοὺς
2712 5495 3032 5568 ὁμιλοῦντας
3071 5495 3341 5565 ἀλλήλοις.
3388 5493 3446 5547 Ὀ
3475 5492 3530 5548 δὲ
3561 5489 3745 5546 εἶπενο

2188 5592 2322 5645 Ὑπὸ
2340 5594 2534 5661 σχῖνον.

2252 5687 2340 5740 55.
2368 5682 2500 5739 Eine
2526 5684 2580 5738 δὲ
2615 5682 2836 5752 Δανιήλ’
2888 5677 3090 5751 Ὀρθῶς
3118 5677 3338 5748 ἔψευσται
3363 5678 3438 5739 εἰς
3471 5677 3566 5749 τὴν
3594 5691 3752 5731 asas.
