4122 6320
360 289 498 346 2901

360 488 457 542 τοῦ
487 489 621 541 Θεοῦ
655 489 828 557 σχίσει
869 505 927 540 σε
953 487 1034 551 εἰς
1065 488 1249 558 μέσον.

433 578 522 633 56.
557 578 664 631 Καὶ
705 577 1050 648 μεταστήσας
1100 577 1269 632 αὑτὸν
1293 621 1308 639 ,
1343 579 1594 633 ἐκέλευσε
1638 578 1934 650 προσάγειν

358 670 448 722 τὸν
478 669 665 738 ἕτερον
690 709 705 734 ,
743 668 838 721 καὶ
877 664 1032 720 εἶπεν
1069 669 1218 738 αὐτῷ
1239 687 1252 700 ·
1287 670 1514 739 Σπέρμα
1565 670 1808 732 Χαναὰν,
1842 669 1935 722 καὶ

357 759 475 828 οὐχὶ
509 757 676 810 Ἰούδα
700 798 715 818 ,
748 757 808 808 τὸ
852 757 1042 819 κάλλος
1068 758 1316 827 ὴπάτησέ
1351 775 1431 823 σε,
1481 759 1574 811 καὶ
1602 761 1633 828 ὴ
1667 758 1934 828 ἐπιθυμία

357 847 636 917 διέστρεψε
672 846 770 918 τὴν
793 847 1019 918 καρδίαν
1045 866 1159 901 σου.

426 940 516 993 57.
549 938 738 1002 Οὕτως
761 941 995 992 ἐποιεῖτε
1017 939 1351 1012 θυγατράσιν
1389 940 1627 1012 Ἰσραὴλ,
1656 944 1752 993 καὶ
1783 941 1932 994 ἐκεῖ-ο

358 1051 443 1086 ναι
465 1031 1054 1102 φοϐούμεναιὼμίλουν
1082 1034 1212 1102 ὑμῖν
1229 1051 1241 1064 ”
1267 1021 1379 1088 ἀλλ’
1399 1034 1459 1086 οὐ
1487 1032 1734 1103 θυγάτηρ
1758 1031 1932 1086 Ἰούδα

361 1124 619 1191 ὑπέμεινε
653 1123 752 1193 τὴν
779 1123 1008 1192 ἀνομίαν
1044 1123 1219 1194 ὑμῶν.

427 1217 515 1272 58.
551 1215 664 1269 Νῦν
698 1212 788 1268 οὖν
824 1215 949 1284 λέγε
988 1233 1114 1286 μοι,
1153 1217 1257 1270 ὑπὸ
1295 1217 1349 1269 τί
1382 1215 1598 1287 δένδρον
1633 1214 1929 1276 κατέλαϐες

361 1307 553 1368 αὐτοὺς
569 1305 888 1375 ὁμιλοῦντας
905 1304 1172 1374 ἀλλήλοιςς
1207 1307 1247 1358 0
1267 1305 1323 1357 δὲ
1350 1302 1524 1358 εἷπενο
1555 1305 1692 1358 Ὑπὸ
1718 1307 1925 1376 πρῖνον.

429 1394 512 1448 59.
535 1390 702 1445 Εἶπεν
733 1394 790 1446 δὲ
823 1393 971 1463 αὑτῷ
1003 1394 1200 1464 Δανιήλ
1229 1411 1242 1424 ·
1277 1394 1480 1466 ὐρθῶς
1503 1395 1718 1464 ἐψεύσω
1736 1397 1829 1450 καὶ
1862 1396 1926 1449 σὺ

361 1488 436 1548 εἰς
470 1486 568 1554 τὴν
613 1485 841 1538 σεαυτοῦ
897 1485 1138 1558 κεφαλήν
1167 1503 1180 1516 ·
1207 1485 1357 1556 μένει
1381 1487 1488 1558 γὰρ
1511 1489 1538 1540 6
1572 1489 1804 1556 ἄγγελος
1832 1488 1925 1540 τοῦ

363 1576 492 1627 Θεοῦ
520 1614 534 1638 ,
563 1574 662 1644 τὴν
692 1575 965 1645 ῥομφαίαν
1011 1575 1150 1646 ἔχων
1191 1580 1380 1646 πρίσαι
1431 1596 1487 1631 σε
1529 1578 1726 1650 μέσον,
1777 1581 1925 1644 ὅπως

362 1666 715 1737 ἐξολοθρεύσῃ
745 1667 909 1736 ὑμᾶς.

428 1843 512 1897 60.
541 1845 650 1897 Καὶ
670 1843 931 1914 ἀνεϐόησε
955 1847 1105 1915 φωνῇ
1139 1846 1348 1917 μεγάλῃ
1376 1849 1523 1900 πᾶσα
1550 1848 1583 1917 ἡ
1616 1847 1926 1919 συναγωγὴ,

359 1935 776 2009 καὶιεὺλὸγησαν
814 1935 897 2006 τῷ
927 1935 1045 2005 Θεῷ
1071 1936 1145 2006 τῷ
1178 1935 1402 2000 σώζοντι
1434 1937 1561 1999 τοὺς
1609 1934 1930 2001 ἐλπίζοντας

361 2027 446 2080 ἐπ’
466 2027 649 2080 αὐτόν.

426 2120 514 2174 61.
544 2120 656 2175 Καὶ
681 2118 982 2189 ἀνέστησαν
1006 2119 1097 2171 ἐπὶ
1118 2118 1244 2182 τοὺς
1272 2118 1365 2172 δύο
1395 2118 1823 2191 πρεσϐυτέρους,
1848 2121 1929 2173 ὅτι

363 2211 684 2283 συνέστησεν
719 2211 915 2272 αὐτοὺς
961 2210 1157 2279 Δανιὴλ
1201 2213 1265 2263 ἐκ
1297 2209 1393 2263 τοῦ
1434 2212 1704 2280 στόματος
1752 2212 1930 2264 αὐτῶν

361 2304 975 2374 ψευδομαρτυρήσαντας
1001 2319 1013 2331 ’
1045 2302 1139 2356 καὶ
1162 2303 1422 2372 ἐποίησαν
1444 2303 1627 2366 αὐτοῖς
1652 2302 1710 2354 ὃν
1733 2303 1930 2374 τρόπον

361 2392 796 2464 ἐπονηρεύσαντο
819 2392 1042 2462 ποιῆσαι
1072 2390 1425 2463 τῷνπλησίον,
1464 2391 1607 2444 κατὰ
1639 2389 1728 2444 τὸν
1767 2391 1930 2461 νόμον

360 2486 459 2539 Mm
466 2485 531 2555 σῆ
542 2526 554 2538 .

427 2579 516 2633 69..
545 2577 654 2632 Καὶ
691 2577 1022 2632 ἀπέκτειναν
1057 2576 1273 2642 αὐτοὺς,
1304 2576 1397 2630 καὶ
1420 2573 1600 2646 ἐσώθη
1621 2569 1757 2646 αἷμα
1777 2574 1930 2629 ἀναί-

359 2688 470 2724 τιον
499 2673 555 2722 ἐν
581 2673 646 2741 τῇ
678 2671 862 2741 ἡμέρᾳ
883 2670 1090 2740 ἐκείνῃ.

433 2764 516 2818 65.
553 2763 792 2824 Χελκίας
829 2763 885 2815 δὲ
924 2763 1018 2814 καὶ
1043 2763 1074 2832 ἡ
1110 2761 1245 2832 γυνὴ
1267 2760 1431 2819 αὑτοῦ
1459 2759 1656 2831 ᾔνεσαν
1686 2758 1932 2830 περὶτῆς

359 2855 627 2926 θυγατρὸς
656 2853 834 2906 αὐτῶν
868 2853 1175 2916 Σουσάννας
1216 2851 1353 2920 μετὰ
1407 2851 1668 2920 Ἰωακεὶμ
1713 2848 1806 2902 τοῦ
1836 2851 1932 2902 άν-

359 2949 480 3019 δρὸς
511 2948 702 3017 αὐτῆς,
727 2945 948 2999 καὶτῶν
985 2944 1264 3013 συγγενῶν
1296 2944 1513 2997 πάντων
1534 2983 1548 3009 ,
1593 2943 1674 2995 ὃτι
1713 2943 1812 3012 οὐχ
1838 2943 1931 2994 εὐ-

359 3040 486 3110 οέθη
520 3041 575 3091 ἐν
615 3040 750 3108 αὐτῇ
790 3037 1036 3107 ἄσχημον
1066 3039 1317 3108 πρᾶγμα.

427 3129 514 3184 64.
552 3129 660 3182 Καὶ
703 3127 904 3198 Δανιὴλ
948 3127 1164 3195 ἐγένετο
1202 3128 1373 3196 μέγας
1409 3127 1638 3180 ἐνώπιον
1669 3124 1764 3179 τοῦ
1800 3124 1928 3180 λαοῦ

360 3221 462 3274 ἀπὸ
486 3221 582 3291 τῆς
619 3220 832 3290 ἡμέρας
861 3220 1097 3288 ἐκείνης,
1128 3221 1223 3272 καὶ
1254 3220 1533 3272 ἐπέκεινα.

425 3311 511 3366 65.
539 3311 648 3365 Καὶ
666 3313 693 3364 6
715 3309 964 3380 βασιλεὺς
1001 3309 1302 3380 Ἀστυάγης
1326 3309 1622 3381 προσετέθη
1655 3311 1790 3383 πρὸς
1805 3310 1931 3374 τοὺς

360 3403 598 3474 πατέρας
623 3399 789 3456 αὑτοῦ
811 3417 824 3432 ο
858 3402 952 3453 καὶ
987 3401 1262 3473 παρέλαϐε
1291 3401 1474 3471 Κύρος
1513 3403 1541 3454 6
1586 3402 1802 3473 Πέρσης
1833 3402 1930 3472 τὴν

360 3495 634 3567 βασιλείαν
665 3493 851 3548 αὐτοῦ.

865 3628 1266 3683 ΚΕΦΑΛΑΙΟΝ
1305 3627 1402 3680 1Δ’.

427 3725 480 3778 1.
513 3722 626 3776 Καὶ
642 3717 710 3793 ἦν
741 3720 940 3791 Δανιὴλ
968 3737 1030 3772 συ
1040 3719 1283 3789 μϐιωτὴς
1303 3717 1397 3770 τοῦ
1422 3716 1704 3786 βασιλέως,
1728 3716 1821 3769 καὶ
1847 3715 1930 3769 έν-

361 3815 506 3878 δοξος
538 3813 679 3884 ὑπὲρ
709 3813 916 3874 πάντας
947 3811 1073 3873 τοὺς
1098 3811 1287 3879 φίλους
1319 3809 1507 3862 αὑτοῦ.

426 3905 480 3960 2.
512 3906 621 3959 Καὶ
645 3901 712 3974 ἧν
737 3903 953 3956 εἴδωλον
982 3905 1094 3965 τοῖς
1123 3902 1508 3965 Βαϐυλωνίοις,
1537 3897 1580 3968 ᾧ
1605 3900 1776 3971 ὄνομα
1797 3900 1926 3970 Βὴλ,

363 3998 450 4050 καὶ
479 3997 828 4050 ἐδαπανῶντο
864 3996 943 4058 εἰς
977 3994 1139 4046 αὐτὸν
1178 3994 1412 4061 ἑκάστης
1465 3993 1677 4063 ἡμέρας
1711 3992 1932 4061 σεμιδά-

362 4087 488 4150 λεως
518 4086 755 4156 ἀρτάϐαι
787 4083 1018 4149 δώδεκα,
1068 4084 1162 4136 καὶ
1203 4082 1452 4154 πρόϐατα
1493 4081 1926 4152 τεσσαράκοντα,

361 4177 451 4230 καὶ
469 4175 610 4228 οἴνου
647 4175 822 4246 μέτρα
846 4175 926 4240 ἐξ.

427 4269 479 4320 5.
518 4269 627 4320 Καὶ
664 4269 692 4319 6
723 4265 976 4335 βασιλεὺς
1012 4263 1232 4316 ἐσέϐετο
1260 4262 1420 4315 αὐτὸν
1448 4303 1460 4324 ,
1493 4264 1587 4315 καὶ
1636 4261 1957 4337 ἐπορεύετο.

361 4356 388 4407 ὁ
417 4357 669 4424 βασιλεὺς
696 4355 816 4409 καθ’
856 4356 1097 4425 ἑκάστην
1131 4353 1345 4423 ἡμέραν
1387 4354 1715 4423 προσκυνεῖν
1756 4351 1923 4420 αὐτῷ.

1776 280 2006 338 CAPUT
2053 281 2166 338 XIV

361 398 458 454 τοῦ
496 398 768 468 κεφαλήν·
793 397 890 468 ήδη
911 396 1020 468 γὰρ
1050 397 1278 466 ἄγγελος
1299 399 1392 452 τοῦ
1423 397 1557 453 Θεοῦ
1581 394 1760 450 λαϐὼν
1786 395 1935 466 παρὰ
1963 402 2009 456 Α
2036 408 2201 468 caput
2231 411 2381 457 tuum

3466 299 3608 354 2902

2429 419 2442 454 :
2488 416 2614 458 ecce
2659 404 2805 458 enim
2848 405 3074 475 angelus
3119 407 3214 464 Dei
3270 409 3541 480 accipiens
3576 427 3608 466 a

2041 489 2172 553 Deo,
2207 493 2420 548 scindet
2445 501 2496 547 te
2533 494 2792 548 medium.

2107 583 2197 637 56.
2231 584 2298 638 Ει
2335 595 2521 639 amoto
2547 601 2614 639 eo
2649 585 2811 655 jussit
2832 586 3026 641 adduci
3052 587 3245 653 alium,
3276 599 3330 644 et
3358 591 3496 646 dixit
3519 593 3606 647 ei:

2040 672 2236 730 Semen
2262 675 2545 741 Chanaan,
2575 686 2630 730 et
2658 692 2766 731 non
2803 675 2971 743 Jnda,
3021 682 3234 748 species
3287 684 3507 737 seduxit
3534 693 3606 750 te,

2034 773 2091 819 et
2110 768 2552 836 concupiscentia
2587 768 2854 823 subvertit
2881 785 2977 824 Cor
3007 780 3182 824 tuum.

2100 937 2191 992 57.
2223 939 2313 993 Sic
2345 938 2626 996 faciebatis
2661 942 2874 998 ﬁliabus
2917 943 3101 1013 Israel,
3139 960 3193 1002 et
3228 949 3334 1002 illae
3356 950 3608 1006 timentes

2033 1028 2398 1098 loquebantur
2428 1033 2582 1086 vobis
2608 1049 2621 1084 :
2656 1035 2749 1088 sed
2779 1051 2887 1090 non
2919 1037 3028 1091 ﬁlia
3056 1037 3196 1092 Juda
3219 1041 3479 1095 sustinuit
3502 1043 3608 1096 ini-

2032 1120 2294 1190 quitatem
2329 1131 2591 1176 vestram.

2103 1213 2194 1266 58.
2228 1210 2385 1268 Nunc
2409 1229 2540 1284 ergo
2568 1215 2656 1269 dic
2711 1217 2881 1284 mihi;
2912 1219 3014 1272 sub
3061 1235 3169 1289 qua
3217 1222 3414 1276 arbore
3453 1239 3605 1278 com-

2031 1305 2365 1373 prehendisti
2397 1321 2493 1360 eos
2526 1307 2812 1375 loquentes
2869 1309 3141 1364 invicem?
3197 1312 3298 1377 Qui
3336 1330 3464 1369 vero
3495 1317 3603 1370 ait:

2033 1395 2146 1449 Sub
2174 1397 2348 1464 prino.

2100 1487 2187 1542 59.
2227 1487 2368 1542 Dixit
2391 1499 2572 1542 autem
2607 1487 2794 1544 Daniel
2827 1506 2839 1542 :
2881 1489 3048 1545 Recte
3094 1495 3354 1549 mentitus
3380 1511 3436 1549 es
3463 1507 3517 1548 et
3550 1505 3604 1549 tu

2030 1579 2084 1632 in
2119 1590 2281 1648 caput
2319 1590 2474 1634 tuum
2509 1597 2522 1634 :
2553 1592 2738 1634 manet
2768 1583 2914 1636 enim
2955 1585 3182 1652 angelus
3228 1584 3320 1638 Dei
3363 1586 3602 1653 gladium

2033 1671 2240 1726 habens
2291 1673 2359 1726 ad
2421 1674 2716 1728 secandum
2764 1682 2814 1728 te
2863 1675 3138 1742 medium,
3190 1685 3249 1729 ut
3280 1679 3605 1733 exterminet

2032 1778 2149 1817 VOS.

2104 1855 2194 1909 hO.
2237 1856 2300 1910 Et
2327 1858 2650 1912 exclamavit
2678 1872 2808 1913 voce
2841 1874 3037 1929 magna
3081 1861 3258 1915 omnis
3305 1876 3599 1930 synagoga,

2029 1959 2085 2003 et
2112 1948 2505 2003 benedixerunt
2535 1949 2663 2015 Deo,
2696 1951 2789 2020 qui
2818 1952 2990 2006 salvat
3019 1961 3296 2020 sperantes
3326 1954 3379 2006 in
3410 1970 3490 2008 se.

2101 2122 2187 2176 ﬁl.
2222 2121 2284 2175 Et
2315 2135 2780 2178 consurrexerunt
2809 2126 3070 2182 adversus
3092 2128 3230 2182 duos
3258 2131 3602 2202 presbyteros

2033 2215 2361 2284 (convicerat
2393 2216 2536 2270 enim
2571 2217 2754 2270 Daniel
2777 2233 2842 2270 ex
2869 2233 2961 2272 ore
2991 2219 3252 2288 ipsorum,
3299 2220 3490 2276 falsum
3521 2225 3604 2279 di-

2033 2308 2179 2362 xisse
2213 2307 2632 2377 testimonium),
2670 2319 2722 2362 et
2751 2308 2998 2364 fecerunt
3035 2312 3114 2366 eis
3144 2313 3285 2367 sicut
3334 2316 3602 2372 malitiose

2031 2409 2254 2469 egerant
2333 2400 2592 2454 adversus
2663 2403 2974 2469 proximum
3055 2405 3354 2458 secundum
3429 2408 3598 2478 legem

2032 2489 2190 2544 Mosi.

2104 2579 2192 2633 6:2.
2237 2580 2304 2634 Ει
2332 2579 2727 2635 interfecerunt
2757 2596 2873 2647 eos,
2901 2590 2955 2636 et
3000 2583 3242 2638 salvatus
3267 2593 3351 2639 est
3378 2587 3601 2656 sanguis

2034 2673 2374 2727 innoxius'in
2405 2674 2492 2728 die
2522 2673 2633 2727 illa.

2101 2764 2188 2818 6'5.
2230 2764 2478 2820 Chelcias
2505 2776 2707 2831 autem,
2737 2775 2790 2820 et
2819 2779 2956 2820 uxor
2978 2766 3095 2836 ejus
3123 2767 3479 2822 [audax-erunt
3503 2786 3602 2840 pro

2035 2861 2144 2914 ﬁlia
2168 2876 2268 2915 sua
2299 2861 2571 2920 Susanna.
2599 2875 2722 2914 cum
2752 2859 2963 2915 Joakim
3015 2862 3211 2916 marito
3245 2863 3385 2932 ejus,
3422 2873 3475 2918 et
3506 2880 3602 2919 co-

2033 2954 2211 3024 gnatis
2236 2953 2512 3020 omnibus,
2557 2953 2687 3022 quia
2735 2969 2843 3007 non
2909 2963 3054 3008 esset
3086 2955 3305 3008 inventa
3332 2956 3386 3009 in
3417 2971 3480 3009 ea
3516 2973 3602 3012 res

1957 3065 2000 3123 ρ
2035 3047 2233 3115 turpis.

2102 3138 2193 3193 64.
2233 3137 2298 3192 Et
2322 3136 2506 3190 Daniel
2564 3135 2752 3190 factus
2806 3146 2888 3190 est
2939 3151 3168 3206 magnus
3194 3137 3248 3190 in
3307 3149 3600 3208 conspectu

2033 3229 2214 3298 populi
2252 3245 2282 3283 a
2312 3229 2401 3282 die
2428 3229 2540 3291 illa,
2568 3240 2617 3283 et
2649 3229 2926 3296 deinceps.

2102 3321 2192 3375 65.
2235 3319 2298 3374 Et
2325 3335 2417 3374 rex
2443 3321 2702 3390 Astyages
2731 3321 3011 3390 appositus
3032 3329 3114 3375 est
3149 3320 3214 3374 ad
3250 3329 3428 3390 patres
3449 3335 3607 3382 suos.

2033 3419 2088 3465 et
2117 3410 2357 3479 suscepit
2380 3410 2554 3480 Cyrus
2583 3409 2775 3465 Perses
2803 3426 3029 3481 regnum
3060 3412 3199 3481 ejus.

2612 3609 2839 3665 CAPUT
2898 3609 3036 3665 XIV.

2103 3707 2156 3760 1.
2198 3705 2262 3759 Ει
2283 3714 2398 3759 erat
2428 3705 2613 3759 Daniel
2638 3706 2864 3759 conviva
2891 3704 3054 3774 regis,
3105 3718 3159 3760 et
3192 3708 3489 3760 honoratus
3511 3721 3594 3760 su-

2033 3813 2128 3866 per
2156 3812 2348 3851 omnes
2376 3797 2583 3850 amicos
2611 3797 2750 3865 ejus.

2101 3889 2156 3942 2.
2197 3888 2262 3942 Et
2295 3897 2412 3943 erat
2453 3888 2658 3941 idolum
2690 3886 3022 3956 Babyloniis.
3081 3887 3166 3941 cui
3219 3902 3415 3940 nomen
3465 3886 3601 3939 Bel:

2031 3991 2085 4036 et
2108 3981 2563 4050 impendebantur
2593 3980 2647 4031 in
2669 3993 2735 4030 eo
2766 3993 2860 4046 per
2885 3978 3128 4045 singulos
3153 3978 3268 4031 dies
3299 3978 3490 4030 simila:
3516 3993 3603 4030 ar-

2033 4071 2169 4124 tabte
2195 4068 2499 4132 duodecim,
2529 4075 2583 4121 et
2615 4080 2742 4120 oves
2770 4065 3128 4134 quadraginta
3149 4103 3164 4128 ,
3219 4074 3272 4117 et
3309 4065 3416 4117 vini
3446 4079 3602 4117 men-

2034 4177 2177 4216 sura:
2198 4176 2312 4214 σεχ.

2100 4251 2154 4303 5.
2196 4249 2260 4302 Ει
2289 4263 2380 4302 rex
2418 4247 2630 4302 colebat
2657 4260 2802 4309 eum,
2829 4252 2884 4299 et
2931 4244 3044 4298 ibat
3091 4260 3183 4298 rex
3231 4260 3325 4314 per
3361 4245 3600 4314 singulos

2030 4340 2148 4394 dies
2200 4341 2431 4394 adorare
2485 4355 2650 4393 eum:
2703 4351 2866 4407 porro
2887 4335 3080 4390 Daniel
3129 4337 3390 4391 adorabat
3430 4337 3598 4391 Deum

367 4449 563 4521 Δανιὴλ
591 4450 647 4501 δὲ
673 4447 996 4518 προσεκύνει
1020 4446 1097 4516 τῷ
1118 4445 1237 4516 Θεῷ
1261 4445 1424 4498 αὐτοῦ
1449 4463 1461 4476 ’
1487 4445 1582 4497 καὶ
1603 4439 1754 4497 εἶπεν
1778 4443 1926 4514 αὑτῷ

2033 4449 2214 4487 suum.
2251 4433 2506 4502 Dixitque
2537 4432 2588 4486 ei
2614 4446 2743 4487 rex:
2769 4429 2951 4496 Quare
2987 4443 3094 4482 non
3138 4429 3336 4482 adoras
3365 4428 3498 4482 Bel?

361 4542 386 4592 ὁ
412 4539 683 4608 βασιλεὺς,
712 4539 853 4591 διατί
879 4540 938 4590 οὐ
972 4539 1297 4608 προσκυνεῖς
1319 4536 1396 4603 τῷ
1423 4535 1533 4604 Βήλ
1559 4551 1572 4597 ;

429 4628 481 4683 4.
530 4631 590 4682 '0
618 4628 676 4681 δὲ
708 4629 860 4681 εἶπεν
897 4627 1065 4698 αὐτῷ,
1089 4629 1170 4680 ὄτι
1197 4628 1257 4680 οὐ
1286 4626 1516 4695 σέϐομαι
1536 4624 1726 4678 εἴδωλα
1751 4641 1929 4695 χειρο-

362 4718 575 4789 ποίητα,
604 4719 744 4772 ἀλλὰ
791 4718 990 4788 μᾶλλον
1019 4717 1112 4769 τὸν
1155 4718 1287 4770 Θεὸν
1322 4716 1412 4768 τὸν
1442 4715 1642 4779 ζῶντα,
1689 4714 1778 4767 τὸν
1812 4714 1931 4766 κτί-

362 4827 526 4864 σαντα
570 4810 661 4864 τὸν
690 4807 917 4878 οὐρανὸν
959 4810 1052 4860 καὶ
1095 4808 1194 4877 τὴν
1235 4807 1358 4878 γῆν,
1398 4807 1488 4860 καὶ
1527 4805 1718 4875 ἔχοντα
1749 4805 1930 4874 πάσης

361 4903 558 4972 σαρκὸς
585 4901 831 4970 κυρείαν.

425 4995 478 5048 5.
512 4994 623 5045 Καὶ
653 4988 806 5045 εἶπεν
829 4990 981 5060 αὐτῷ
1001 4992 1028 5042 6
1062 4988 1315 5059 βασιλεύς
1334 5004 1348 5019 ο
1382 4987 1455 5041 Οὐ
1494 4988 1642 5041 δοκεῖ
1665 4989 1792 5040 σοιὸ
1822 4986 1932 5057 Βὴλ

358 5079 496 5139 εἶναι
522 5085 646 5148 θεὸς
675 5083 820 5148 (Civ;
876 5082 908 5152 ἢ
958 5082 1055 5152 οὐχ
1091 5083 1222 5151 ὁρᾷς
1260 5081 1360 5133 ὅσα
1408 5079 1604 5144 ἐσθίει,
1649 5080 1744 5132 καὶ
1785 5079 1930 5133 πίνει

358 5178 475 5231 καθ’
500 5179 738 5246 ἑκάστην
773 5176 987 5246 ἡμέραν
1005 5191 1020 5239 ;

424 5269 477 5325 6.
513 5270 624 5322 Καὶ
652 5264 771 5321 εἷπε
804 5265 1002 5336 Δανιὴλ
1029 5264 1265 5332 γελάσας
1285 5281 1298 5294 ·
1330 5263 1422 5334 Μὴ
1458 5263 1661 5327 πλανῶ,
1688 5260 1928 5331 βασιλεῦ,

358 5355 507 5422 οὗτος
529 5359 640 5430 γὰρ
660 5356 864 5411 έσωθέν
886 5359 1004 5408 ἐστι
1041 5353 1234 5425 πηλὸς,
1263 5353 1463 5420 ἔξωθεν
1495 5352 1550 5406 δὲ
1587 5353 1804 5422 χαλκὸς,
1836 5353 1930 5405 καὶ⁵

360 5450 419 5503 οὐ
444 5451 718 5522 βέϐρωκεν
751 5448 1030 5502 οὐδέποτε.

427 5541 480 5594 ’7.
501 5543 612 5595 Καὶ
651 5540 923 5610 θυμωθεὶς
948 5537 977 5590 6
1002 5536 1254 5606 βασιλεὺς
1338 5534 1563 5589 ἐκάλεσε
1594 5536 1719 5599 τοὺς
1765 5535 1929 5604 ἱερεῖς

361 5631 542 5694 αὑτοῦ,
581 5633 675 5686 καὶ
702 5626 858 5683 εἶπεν
906 5629 1087 5691 αὐτοῖς
1106 5642 1120 5656 ⁶
1168 5627 1292 5680 Ἐὰν
1331 5626 1405 5697 μὴ
1435 5625 1624 5696 εἴπητέ
1657 5643 1766 5696 μοι,
1796 5627 1878 5688 τίς
1902 5626 1930 5678 6

365 5723 660 5778 κατεσθίων
688 5723 788 5796 τῂν
814 5721 1055 5790 δαπάνην
1083 5719 1306 5790 ταύτην,
1337 5717 1714 5772 ἀποθανεῖσθε.

2102 4608 2156 4661 4.
2197 4606 2384 4660 Atille
2413 4605 2551 4659 dixit
2587 4604 2636 4659 ei
2672 4622 2687 4660 :
2720 4603 2857 4670 Quia
2889 4617 2996 4657 non
3045 4602 3168 4657 colo
3222 4600 3365 4654 idola
3407 4615 3602 4653 manu-

2034 4701 2197 4766 facla,
2227 4700 2320 4755 sed
2361 4699 2532 4769 magis
2583 4697 2753 4751 Deum
2791 4697 3080 4761 viventem,
3149 4710 3240 4763 qm
3269 4693 3471 4747 creavit
3494 4707 3602 4746 ca:-

2034 4795 2143 4848 lum
2183 4833 2198 4857 ,
2225 4802 2279 4847 et
2304 4801 2528 4854 terram,
2552 4801 2605 4845 et
2637 4789 2798 4843 habet
2829 4799 3148 4859 potestatem
3187 4785 3364 4841 omnis
3395 4784 3595 4838 carnis.

2104 4993 2158 5047 5.
2200 4991 2264 5046 Et
2293 4991 2367 5046 ait
2398 5005 2487 5044 rex
2519 4989 2585 5043 ad
2619 5003 2739 5042 eum
2774 5006 2788 5040 :
2816 4985 2937 5040 Non
2981 4986 3195 5040 videtur
3228 4984 3322 5038 tibi
3358 4983 3446 5038 Bel
3481 5000 3602 5039 esse

2032 5085 2176 5140 Deus
2228 5083 2561 5139 vivens?An
2620 5097 2727 5136 non
2779 5079 2948 5142 vides,
3007 5086 3209 5148 quanta
3251 5078 3519 5144 comedat,
3550 5086 3603 5132 ct

2033 5178 2183 5232 bibat
2206 5175 2492 5246 quotidie?

2102 5269 2154 5326 6.
2196 5268 2356 5323 Etait
2383 5266 2570 5320 Daniel
2592 5264 2774 5318 ridens
2798 5281 2810 5316 :
2838 5259 2915 5316 Ne
2945 5275 3115 5325 erres,
3151 5276 3244 5314 rex
3281 5278 3293 5314 :
3325 5261 3425 5315 iste
3453 5260 3600 5314 enim

2033 5361 2365 5417 intrinsecus
2395 5367 2479 5412 est
2510 5357 2708 5420 luteus,
2738 5353 3044 5408 forinsecus
3075 5361 3252 5407 autem
3281 5367 3476 5418 aereus,
3502 5365 3598 5407 nec

2031 5469 2138 5524 que
2171 5451 2406 5509 comedit
2429 5447 2742 5519 aliquando.

2102 5543 2155 5594 7.
2199 5540 2264 5595 Et
2291 5541 2464 5594 iratus
2506 5552 2598 5590 rex
2657 5533 2871 5591 vocavit
2898 5534 3212 5590 sacerdotes
3262 5535 3403 5605 ejus,
3435 5544 3488 5591 et
3523 5536 3602 5592 ait

2031 5636 2154 5690 eis:
2187 5631 2304 5688 Nisi
2335 5629 2586 5686 dixeritis
2616 5628 2750 5684 mihi
2811 5626 2934 5699 quis
2962 5636 3064 5694 est,
3107 5629 3199 5699 qui
3232 5629 3466 5687 comedit
3498 5628 3603 5684 im-

2035 5741 2235 5796 pensas
2274 5725 2392 5790 has,
2425 5721 2757 5780 moriemini.
