4122 6320
436 271 576 324 9.903

1497 249 1746 307 DANIEL
1771 249 1848 307 JU
1860 247 1900 302 Χ
1912 247 1999 302 TA
2040 245 2130 301 Tll
2143 247 2587 306 EODOTIONEM

3539 247 3696 306 ’2901

507 381 560 434 8.
604 378 661 434 Si
720 385 900 431 autem
935 371 1283 430 ostenderitis
1333 370 1588 441 quoniam
1633 367 1722 422 Bel
1766 365 2018 420 comedat

2190 366 2242 420 8.
2283 366 2408 418 Ἐὰν
2459 366 2515 418 δὲ
2542 364 2753 435 δείξητε
2785 404 2799 428 ,
2847 362 2928 417 ὅτι
2977 363 3006 415 6
3058 360 3169 432 Βὴλ
3216 358 3496 414 κατεσθίει
3533 359 3697 426 αὐτὰ,

439 472 573 535 haec,
633 468 896 522 morietur
930 464 1137 526 Daniel,
1170 464 1296 532 quia
1347 456 1741 528 blaspliemavit
1789 456 1843 508 in
1897 453 2008 506 Bel.

430 565 489 618 Et
541 561 680 615 dixit
716 558 902 612 Daniel
955 557 1111 626 regi:
1150 553 1270 608 Fiat
1304 553 1456 622 juxta
1516 549 1740 603 verbum
1793 556 1967 599 tuum.

510 735 564 790 9.
606 733 774 787 Erant
809 741 988 785 autem
1017 727 1330 784 sacerdotes
1359 723 1451 778 Bel
1495 722 1859 791 septuaginta,
1915 735 2012 773 ex-

440 829 608 897 ceptis
645 826 925 888 uxoribus,
957 831 1012 876 et
1041 821 1166 875 ﬁliis
1193 838 1207 873 :
1237 828 1292 873 et
1343 816 1489 870 venit
1515 833 1608 870 rex
1633 830 1756 868 cum
1795 812 2015 867 Dauiele

442 921 496 974 in
522 923 744 974 domum
777 917 942 970 Belis.

515 1013 602 1066 l0.
646 1010 867 1064 Etdixit
897 1005 1152 1061 sacerdos
1201 1002 1346 1057 Belis
1400 1022 1412 1056 :
1468 999 1608 1054 Ecce
1653 1014 1753 1052 nos
1807 997 2019 1068 egredi-

446 1124 568 1161 mur
595 1105 782 1158 l'ora-s:
828 1111 883 1155 tu
911 1110 1093 1154 autem
1122 1112 1212 1151 rex
1249 1110 1462 1164 appone
1494 1109 1673 1157 escas,
1724 1103 1778 1146 et
1830 1092 2017 1144 vinum

447 1201 686 1253 miscens
731 1209 892 1264 pone,
951 1200 1006 1246 et
1059 1190 1249 1246 claude
1295 1188 1519 1253 osﬁum,
1547 1195 1602 1240 et
1633 1186 1786 1255 signa
1819 1182 2020 1237 annulo

443 1303 556 1344 tuo.

520 1384 606 1436 ll.
649 1380 715 1434 Et
749 1379 976 1433 veniens
1009 1389 1190 1439 mane,
1251 1374 1358 1428 nisi
1418 1370 1690 1426 inveneris
1726 1367 1907 1423 omnia
1930 1379 2025 1419 co-

448 1483 620 1526 mesta
661 1488 688 1521 a
721 1468 834 1534 Bel,
867 1468 1185 1529 moriemur,
1221 1463 1305 1517 vel
1354 1461 1566 1525 Daniel,
1613 1459 1706 1530 qui
1760 1457 2024 1511 mentitus

449 1572 530 1617 est
565 1561 826 1615 adversus
863 1572 985 1612 nos.

524 1649 611 1702 12.
655 1648 760 1717 lpsi
796 1655 975 1700 autem
1005 1643 1444 1706 contemnebant,
1485 1639 1614 1709 quia
1660 1637 1900 1693 fecerant
1923 1635 2026 1690 sub

2118 457 2470 510 ἀποθανεῖται
2497 456 2714 526 Δανιὴλ,
2743 457 2825 508 ὅτι
2856 454 3280 524 ἐϐλασφήμησεν
3308 452 3388 515 είς
3427 451 3520 505 τὸν
3552 452 3665 524 Βήλ
3683 470 3698 484 ’

2121 547 2214 599 καὶ
2243 541 2395 598 εἶπεν
2412 545 2607 616 Δανιὴλ
2634 545 2712 616 τῷ
2736 545 2974 616 βασιλεῖ’
3007 541 3258 596 Γενέσθω
3285 541 3425 594 κατὰ
3455 542 3518 594 τὸ
3547 543 3704 614 ῥῆμά

2123 654 2240 692 σου.

2193 729 2245 784 9.
2275 729 2383 781 Ka‘t
2405 723 2544 798 ἦσαν
2569 729 2732 798 ἱερεῖς
2759 727 2851 780 τοῦ
2877 726 2983 796 Βὴλ
3024 725 3394 796 ἐϐδομήκοντα
3416 725 3575 790 ἐκτὸς
3602 745 3698 795 γυ-

2123 821 2347 885 ναικῶν,
2385 821 2480 873 καὶ
2516 819 2751 872 τέκνων·
2782 817 2877 870 καὶ
2909 813 3072 887 ⁴ἦλθεν
3095 819 3122 869 6
3145 816 3397 886 βασιλεὺς
3438 817 3581 887 μετὰ
3603 821 3709 872 Δα-

2124 912 2242 983 νιὴλ
2270 914 2350 975 είς
2368 911 2458 964 τὸν
2495 905 2642 964 οἷκον
2673 909 2766 962 τοῦ
2795 909 2925 980 Βὴλ.

2196 1005 2281 1059 10.
2316 1006 2425 1058 Καὶ
2458 999 2612 1057 εἶπεν
2637 1005 2665 1056 6
2703 1002 2882 1072 ἱερεὺς
2911 1001 3054 1071 Βηλ-
3101 1001 3235 1054 Ίδοὺ
3267 1002 3432 1072 ἡμεῖς
3467 1000 3710 1072 ἀποτρέ-

2126 1115 2292 1168 χομεν
2338 1097 2442 1161 ἔξω
2465 1114 2478 1128 ο
2527 1097 2588 1149 σὺ
2633 1095 2710 1161 δὲ,
2749 1093 3002 1164 βασιλεῦ,
3041 1092 3284 1164 παράθες
3315 1092 3384 1146 τὰ
3418 1092 3707 1164 βρώματα,

2127 1191 2220 1244 καὶ
2249 1191 2338 1242 τὸν
2375 1185 2516 1241 οῐνον
2546 1188 2786 1258 κεράσας
2816 1185 2925 1251 θὲς,
2959 1186 3053 1238 καὶ
3103 1183 3428 1236 ἀπόκλεισον
3463 1183 3560 1253 τὴν
3610 1182 3707 1235 θύα

2132 1297 2249 1350 ραν,
2279 1278 2373 1332 καὶ
2401 1277 2700 1348 σφράγισον
2731 1276 2808 1346 τῷ
2831 1275 3104 1345 δακτυλίῳ
3130 1291 3244 1327 σου.

2200 1373 2288 1426 ll.
2323 1373 2430 1424 Καὶ
2457 1369 2628 1424 ἐλθὼν
2657 1368 2822 1439 πρωῒ,
2854 1370 2950 1422 ἐὰν
2981 1369 3054 1438 μὴ
3080 1366 3248 1438 εὕρῃς
3288 1367 3466 1420 πάντα
3492 1365 3709 1436 βεϐρω-

2135 1463 2269 1533 μένα
2291 1462 2397 1515 ὑπὸ
2414 1461 2505 1514 τοῦ
2538 1461 2667 1531 Βὴλ,
2702 1457 3148 1529 ἀποθανούμεθα,
3171 1458 3204 1526 ἢ
3241 1456 3437 1526 Δανιὴλ
3463 1459 3492 1509 6
3512 1455 3710 1524 ψευδό-

2135 1573 2292 1627 μενος
2334 1553 2456 1607 καθ’
2483 1554 2659 1624 ἡμῶν.

2206 1647 2290 1699 12.
2331 1646 2494 1698 Ani-toi.
2538 1645 2592 1698 δὲ
2625 1642 3014 1714 κατεφρόνουν,
3058 1640 3141 1692 ὅτι
3171 1639 3560 1707 πεποιήκεισαν
3595 1635 3703 1688 ὑπὸ

451 1737 1037 1794 meusa'absconditum
1073 1735 1380 1797 introitum,
1411 1741 1465 1786 et
1506 1747 1605 1800 per
1651 1731 1802 1784 illum
1845 1729 2029 1798 ingre-

2139 1737 2230 1807 τὴν
2268 1735 2546 1806 τράπεζαν
2593 1733 2987 1805 κεκρυμμένην
3027 1729 3252 1791 εἴσοδον,
3284 1729 3376 1781 καὶ
3417 1728 3482 1780 δι’
3531 1728 3705 1797 αὐτῆς

451 1833 745 1888 diebantur
779 1829 1060 1892 continuo,
1093 1837 1146 1881 et
1180 1825 1499 1879 auferebam
1523 1839 1603 1877 ea.

527 1926 613 1977 l3.
657 1922 720 1975 Et
752 1919 956 1974 factum
993 1926 1095 1982 est,
1133 1927 1419 1987 postquam
1453 1915 1623 1968 exivit
1663 1913 1807 1976 inde,
1853 1921 1906 1966 et
1935 1926 2028 1965 rex

453 2021 710 2084 apposuit
752 2014 903 2066 cibos
955 2018 1082 2064 ante
1142 2010 1268 2060 Bel:
1303 2006 1556 2076 przecepit
1616 2003 1802 2057 Daniel
1845 2002 2031 2072 pueris

456 2111 592 2172 suis,
623 2118 673 2159 et
703 2105 998 2158 attulerunt
1031 2103 1268 2156 cinerem
1297 2140 1312 2164 ,
1361 2110 1413 2154 et
1475 2105 1795 2168 sparserunt
1825 2111 1919 2164 per
1947 2105 2030 2147 to-

456 2210 573 2254 tum
632 2198 893 2266 templqu
941 2210 1127 2248 coram
1164 2209 1335 2262 rege:
1399 2202 1450 2246 et
1471 2190 1678 2261 egressi
1720 2190 2034 2242 clauserunt

456 2293 684 2348 ostium,
714 2297 767 2341 et
798 2289 1150 2357 signaverunt
1173 2283 1378 2338 annulo
1409 2284 1573 2352 regis,
1602 2291 1655 2336 et
1684 2281 1958 2334 abierunt.

535 2471 621 2524 M.
660 2468 985 2524 Sacerdotes
1017 2476 1200 2520 autem
1253 2463 1484 2531 ingrcssi
1517 2470 1644 2517 sunt
1684 2469 1839 2516 nocte
1878 2460 2032 2528 juxta

460 2563 918 2621 consuetudinem
983 2575 1138 2614 suam
1199 2557 1323 2626 ipsi,
1384 2564 1434 2608 et
1497 2568 1695 2607 uxores
1725 2566 1938 2614 eorum,
1981 2558 2036 2603 et

464 2656 560 2712 lilii
591 2669 778 2709 eorum
810 2693 824 2715 ,
857 2662 912 2706 et
949 2650 1306 2704 comederunt
1337 2646 1543 2710 omnia,
1570 2655 1624 2697 et
1657 2644 1928 2697 biberunt.

536 2746 624 2801 15.
664 2743 914 2798 Surrexit
936 2751 1116 2796 autem
1146 2756 1240 2793 rex
1267 2739 1442 2810 primo
1486 2737 1746 2801 diluculo,
1766 2744 1822 2790 et
1852 2733 2037 2789 Daniel

467 2857 592 2896 Clllll
620 2854 707 2892 eo.

545 2930 631 2985 16.
676 2928 738 2984 Et
768 2928 842 2982 ait
866 2944 959 2982 rex
989 2943 1001 2979 :
1041 2925 1200 2980 Salva
1232 2933 1362 2979 sunt
1388 2923 1688 2994 signacula,
1722 2919 2040 2976 Daniel?At

459 3026 554 3083 ille
591 3025 763 3079 dixit:
789 3022 968 3085 Salva,
1003 3035 1118 3075 rex.

540 3119 624 3171 17.
670 3115 734 3170 Ει
769 3115 972 3169 factum
1001 3123 1086 3167 est
1122 3111 1288 3167 simul
1338 3124 1403 3164 ac
1439 3109 1654 3179 aperuit
1689 3107 1863 3172 ostia,
1901 3105 2042 3176 aspi-

471 3209 618 3264 ciens
640 3225 732 3262 rex
761 3223 925 3276 super
957 3221 1221 3270 mensam,
1255 3203 1583 3260 exclamavit
1632 3216 1767 3255 voee
1806 3214 1999 3271 magna
2025 3218 2038 3252 :

467 3300 694 3370 Magnus
726 3316 784 3354 es
815 3299 925 3362 Bel,
959 3307 1013 3353 et
1043 3314 1148 3352 non
1185 3306 1265 3352 est
1298 3296 1443 3367 apud
1471 3305 1523 3349 te
1553 3295 1698 3348 ullus
1714 3293 1894 3346 dolus.

515 3533 518 3536 _
547 3471 630 3525 18.
673 3471 738 3522 Et
767 3470 886 3524 risit
915 3470 1124 3533 Daniel,
1157 3481 1212 3523 et
1249 3469 1421 3523 tenuit
1457 3483 1660 3537 regem,
1696 3484 1763 3520 ne
1793 3467 2044 3538 ingrede-

471 3551 620 3615 retur
647 3565 813 3618 intro,
863 3568 918 3611 et
967 3561 1138 3613 dixit:
1172 3559 1309 3614 Vide
1368 3575 1510 3612 nunc
1563 3559 1953 3626 pavimentum,
1989 3570 2044 3613 et

472 3653 865 3712 animadverte,
891 3649 1049 3718 cujus
1087 3650 1316 3718 vestigia
1358 3657 1488 3704 sunt
1520 3650 1657 3703 lucc.

545 3743 632 3796 l9.
675 3741 739 3795 Et
768 3741 906 3794 dixit
934 3757 1062 3795 rex:
1097 3739 1268 3794 Video
1291 3741 1518 3809 vestigia
1550 3741 1827 3806 virorum,
1853 3750 1906 3795 et
1933 3757 2042 3798 mu-

475 3835 690 3898 lierum,
724 3845 776 3887 et
813 3833 1165 3903 parvulorum
1201 3848 1214 3886 :
1251 3842 1304 3886 et
1338 3832 1511 3886 iratus
1539 3849 1653 3886 rex.

543 3925 795 3981 20.Tunc
811 3925 1166 3995 apprehendit
1189 3925 1592 3989 sacerdotes,et
1608 3940 1806 3979 uxores
1831 3939 2043 3990 eorum,

472 4029 527 4074 et
559 4019 696 4072 filios
733 4033 958 4072 eorum:
982 4026 1037 4072 et
1063 4017 1424 4071 ostenderunt
1450 4018 1498 4071 ei
1535 4017 1856 4072 abscondita
1881 4018 2044 4080 ostia,

475 4126 570 4182 per
597 4126 716 4178 quae
746 4110 1208 4178 ingrediebantur,
1242 4117 1297 4163 et
1325 4110 1721 4164 consumebant
1747 4125 1868 4178 qua:
1893 4119 2049 4165 erant

474 4219 530 4256 Ill
570 4216 778 4256 mensa.

547 4291 636 4347 21.
679 4292 888 4346 Occidit
923 4306 1054 4361 ergo
1083 4291 1228 4356 illos,
1261 4300 1316 4344 et
1340 4291 1429 4346 Bel
1465 4293 1690 4347 tradidit
1723 4294 1776 4347 in
1809 4302 2048 4363 potesta-

2134 1828 2546 1898 εἰσεπορεύοντο
2565 1819 2773 1892 διόλου,
2801 1825 2895 1878 καὶ
2917 1822 3147 1894 ἀνηλουν
3181 1821 3340 1874 αὑτά.

2209 1921 2294 1975 15.
2332 1921 2442 1972 Kal.
2467 1920 2686 1987 ἐγένετο
2719 1918 2793 1981 ὡς
2821 1916 3047 1986 ’ἐξῆλθεν
3085 1915 3316 1975 ἐκεῖθεν,
3372 1911 3465 1964 καὶ
3497 1911 3526 1963 6
3559 1910 3720 1980 βασιο

2135 2012 2259 2074 λεὺς
2308 2012 2586 2083 παρέθηκε
2643 2010 2713 2062 τὰ
2757 2008 3023 2081 βρώματα
3056 2006 3132 2077 τῷ
3160 2006 3304 2075 Βήλσ
3341 2004 3435 2057 καὶ
3486 2003 3720 2068 ἐπέταξε

2137 2102 2336 2171 Δανιὴλ
2372 2105 2485 2163 τοῖς
2532 2101 2837 2171 παιδαρίοις
2866 2098 3030 2152 αὐτοῦ
3051 2139 3066 2163 ,
3099 2099 3193 2150 καὶ
3220 2097 3458 2168 1ἡνεγκαν
3487 2093 3718 2164 τέφραν,

2139 2196 2232 2249 καὶ
2267 2195 2591 2249 κατέσεισαν
2622 2194 2740 2246 ὅλον
2769 2193 2856 2246 τὸν
2883 2192 3010 2246 ναὸν
3039 2190 3268 2244 ἐνώπιον
3294 2188 3387 2241 τοῦ
3429 2186 3720 2256 βασιλέως·

2140 2288 2233 2340 καὶ
2257 2287 2564 2353 ἐξελθόντες
2590 2287 2835 2338 ἔκλεισαν
2863 2287 2962 2354 τὴν
2987 2283 3176 2353 θύραν,
3205 2281 3298 2334 καὶ
3320 2279 3726 2352 ὲσφραγίσαντο

2141 2383 2198 2432 ἐν
2227 2379 2303 2449 τῷ
2322 2379 2587 2448 δακτυλίῳ
2621 2377 2714 2430 τοῦ
2748 2377 3034 2446 βασιλέως,
3069 2376 3164 2427 καὶ
3207 2372 3468 2444 ἀπῆλθον.

2218 2473 2302 2528 14.
2335 2475 2396 2525 Οί
2426 2472 2482 2524 δὲ
2510 2473 2672 2543 ἱερεῖς
2716 2469 2966 2539 εἰσῆλθον
2993 2469 3091 2538 τὴν
3133 2466 3304 2520 νύκτα
3337 2463 3478 2518 κατὰ
3511 2463 3573 2516 τὸ
3602 2461 3726 2524 ἔθος

2142 2562 2320 2616 αὐτῶν
2347 2562 2522 2625 αὐτοὶ,
2555 2562 2648 2612 καὶ
2695 2560 2749 2612 αἱ
2777 2561 3036 2627 γυναῖκες
3073 2557 3276 2620 αὐτῶν,
3311 2555 3405 2609 καὶ
3455 2553 3524 2607 τὰ
3556 2552 3727 2606 τέκνα

2141 2655 2338 2721 αὐτῶν,
2369 2657 2462 2706 καὶ
2495 2653 2805 2722 κατέφαγον
2847 2651 3046 2711 πάντα,
3073 2651 3168 2704 καὶ
3202 2649 3438 2714 ἐξέπιον.

2215 2749 2301 2801 lii.
2326 2746 2435 2799 Καὶ
2463 2745 2729 2816 ὢρθρισεν
2763 2747 2790 2798 6
2818 2744 3075 2816 βασιλεὺς
3109 2745 3169 2796 τὸ
3205 2741 3368 2815 πρωῒ,
3395 2743 3491 2795 καὶ
3520 2738 3728 2814 Δανιὴλ

2147 2839 2263 2912 μετ’
2287 2837 2471 2892 αὐτοῦ.

2218 2933 2302 2986 16.
2336 2933 2446 2984 Καὶ
2473 2926 2624 2982 εἶπεν
2657 2930 2684 2982 6
2711 2927 2996 2999 βασιλεύς·
3041 2925 3176 2980 Σῶοι
3201 2929 3255 2980 αἱ
3277 2925 3594 2996 σφραγῖδες,
3621 2926 3729 2977 Δα-

2140 3025 2294 3094 νιήλ;
2341 3025 2397 3076 '0
2429 3023 2486 3075 δὲ
2508 3019 2659 3074 εἶπεν
2679 3039 2693 3052 ·
2721 3021 2878 3086 Σῶοι,
2924 3019 3166 3091 βασιλεῦ.

2217 3115 2304 3167 17.
2333 3113 2443 3165 Καὶ
2475 3113 2694 3179 ἐγένετο
2734 3111 2848 3180 ἅμα
2902 3110 2963 3162 τὸ
3001 3111 3210 3174 ἀνοῖξαι
3242 3108 3336 3171 τὰς
3376 3108 3565 3179 θύρας,
3604 3109 3729 3163 ἐπι-

2144 3205 2345 3276 ϐλέψας
2374 3207 2402 3257 6
2434 3203 2688 3275 βασιλεὺς
2731 3204 2822 3256 ἐπὶ
2866 3203 2966 3273 τὴν
3005 3201 3306 3272 τράπεζαν,
3339 3200 3532 3271 ἐϐόησε
3571 3204 3724 3274 φωνῇ

2148 3297 2357 3368 μεγάλῃ
2378 3314 2390 3327 ·
2429 3297 2620 3364 Μέγας
2654 3291 2703 3348 εἷ
2735 3295 2864 3365 Βὴλ,
2896 3295 2989 3347 καὶ
3015 3295 3113 3346 ουκ
3139 3295 3254 3346 ἔστι
3289 3294 3437 3362 παρὰ
3469 3295 3550 3347 σοὶ
3577 3294 3727 3358 δόλος

2144 3387 2264 3440 οὐδὲ
2288 3381 2386 3446 εἷς.

2220 3477 2303 3532 18.
2339 3476 2447 3528 Καὶ
2480 3475 2706 3542 ἐγέλασε
2741 3474 2970 3544 Δανιὴλ,
3003 3472 3096 3526 καὶ
3140 3473 3410 3544 ἐκράτησε
3437 3473 3529 3525 τὸν
3567 3477 3730 3542 βασι-

2145 3568 2262 3632 λέα,
2292 3566 2384 3619 τοῦ
2401 3568 2475 3638 μὴ
2507 3566 2764 3618 εἰσελθεῖν
2789 3565 2913 3624 ἔσω,
2951 3569 3044 3617 καὶ
3069 3560 3221 3616 εἶπεν
3246 3581 3258 3594 ·
3296 3565 3402 3617 Ἴδε
3433 3565 3497 3634 δὴ
3521 3564 3582 3616 τὸ
3607 3563 3731 3617 ἔδα-

2147 3677 2265 3729 φος,
2297 3660 2393 3712 καὶ
2425 3658 2609 3726 γνῶθι,
2641 3659 2784 3721 τίνος
2808 3657 2878 3710 τὰ
2914 3657 3032 3728 ἴχνη
3064 3656 3260 3710 ταῦτα.

2219 3749 2302 3804 19.
2334 3749 2441 3800 Καὶ
2458 3743 2611 3799 εἶπεν
2639 3750 2668 3800 δ
2690 3746 2971 3817 βασιλεύς
3019 3747 3161 3816 Ὀρῶ
3193 3748 3314 3816 ἴχνη
3356 3746 3600 3819 ἀνδρῶν,
3633 3745 3733 3800 καὶ

2148 3841 2444 3910 γυναικῶν,
2480 3840 2576 3892 καὶ
2607 3839 2832 3892 παιδίων
2854 3855 2867 3868 ·
2903 3840 2996 3892 καὶ
3022 3839 3301 3907 ὀργισθεὶς
3335 3839 3362 3890 6
3395 3837 3673 3908 βασιλεὺς.

2217 3930 2309 3984 20.
2343 3931 2476 3982 Τότε
2517 3929 2777 3982 συνέλαϐε
2811 3929 2935 3991 τοὺς
2979 3931 3176 3999 ἱερεῖς,
3213 3931 3435 3993 καὶτὰς
3462 3931 3733 3997 γυναῖκας

2149 4023 2348 4088 αὐτῶν,
2386 4021 2578 4075 καὶτὰ
2609 4023 2774 4074 τέκνα
2815 4021 3014 4085 αὐτῶν,
3069 4025 3163 4075 καὶ
3201 4022 3410 4086 ἔδειξαν
3455 4022 3602 4092 αύτῷ
3633 4024 3733 4086 τὰς

2149 4116 2395 4186 κρυπτὰς
2422 4115 2614 4185 θύρας,
2641 4115 2709 4167 δι’
2737 4108 2812 4167 ὧν
2838 4115 3274 4185 εἰσεπορεύοντο,
3321 4117 3415 4169 καὶ
3446 4115 3733 4170 ἐδαπάνων

2147 4209 2215 4261 τὰ
2249 4209 2341 4261 ἐπὶ
2369 4210 2435 4278 τῇ
2463 4208 2732 4282 τραπέζῃ.

2219 4303 2309 4355 21.
2342 4303 2450 4354 Καὶ
2479 4302 2801 4354 ἀπέκτεινεν
2848 4301 3066 4365 αὐτοὺς,
3107 4303 3204 4355 καὶ¹
3241 4303 3333 4355 τὸν
3369 4302 3480 4372 Βὴλ
3514 4302 3734 4357 ἔκδοτον

475 4395 581 4439 tem
617 4383 872 4450 Danielis,
905 4386 998 4454 qui
1027 4385 1299 4439 subvertit
1323 4401 1470 4453 eum,
1511 4396 1565 4442 et
1612 4387 1872 4457 templum
1905 4389 2034 4457 ejus.

2153 4391 2317 4444 ἔδωκε
2363 4390 2443 4461 τῷ
2484 4391 2705 4461 Δανιὴλ,
2748 4393 2842 4444 καὶ
2875 4392 3242 4462 κατέστρεψεν
3289 4394 3470 4456 αὑτὸν,
3508 4394 3600 4446 καὶ
3635 4393 3733 4445 τὸν

541 4581 634 4635 22.
675 4580 738 4634 Ει
773 4590 891 4635 erat
925 4581 1090 4635 draco
1118 4597 1350 4653 magnus
1408 4582 1463 4636 in
1528 4583 1648 4639 loco
1697 4592 1752 4639 et
1796 4582 2048 4640 colebant

473 4689 597 4729 cum
624 4672 929 4744 Babylonii.

543 4766 635 4819 23.
676 4763 740 4818 Ει
763 4763 900 4817 dixit
929 4779 1024 4818 rex
1063 4763 1270 4819 Danieli
1305 4783 1318 4819 :
1351 4764 1489 4821 Ecce
1527 4782 1673 4822 nunc
1728 4782 1835 4821 non
1891 4775 2048 4836 potes

473 4858 674 4918 dicere,
705 4856 833 4925 quia
859 4870 969 4910 non
1017 4855 1088 4910 sit
1128 4855 1230 4911 iste
1286 4855 1429 4912 Deus
1456 4858 1678 4912 vivens:
1723 4859 1889 4912 adora
1918 4875 2049 4929 ergo

473 4965 623 5003 eum.

543 5063 635 5117 21.
677 5061 740 5116 Et
771 5063 908 5117 dixit
932 5061 1121 5117 Daniel
1154 5079 1168 5116 :
1198 5061 1487 5117 Dominum
1521 5062 1690 5119 Deum
1718 5079 1898 5118 meum
1919 5064 2050 5120 ado-

470 5159 608 5213 rabo
633 5179 644 5210 :
673 5157 800 5226 quia
825 5157 938 5226 ipse
967 5165 1051 5211 est
1081 5155 1224 5214 Deus
1250 5158 1460 5210 vivens.
1584 5149 1594 5158 ’

542 5272 633 5329 23.
676 5269 758 5326 Tu
779 5281 980 5337 autem,
1009 5287 1125 5337 rex,
1154 5271 1221 5326 da
1251 5273 1382 5326 mihi
1401 5280 1815 5343 potestatem,et
1843 5271 2051 5327 interii-

478 5362 612 5414 riam
669 5360 963 5414 draconem
1019 5361 1226 5430 absque
1269 5363 1483 5432 gladio,
1534 5369 1588 5415 et
1650 5361 1810 5415 fuste.
1867 5359 1932 5413 Et
1979 5361 2054 5415 ait

475 5466 564 5504 rex
585 5469 596 5504 :
639 5448 715 5500 Do
745 5451 862 5504 tibi.

545 5563 636 5615 26.
668 5561 816 5616 Tulit
845 5577 973 5631 ergo
1009 5562 1196 5616 Daniel
1229 5564 1424 5633 picem,
1453 5577 1505 5619 et
1545 5567 1782 5636 adipem.
1809 5578 1860 5623 et
1894 5571 2048 5638 pilos,

478 5662 534 5708 et
572 5655 718 5706 coxit
776 5654 998 5722 pariter,
1045 5653 1280 5720 fecitque
1328 5670 1558 5718 massas.
1607 5671 1660 5713 et
1720 5662 1869 5716 dedit
1913 5664 1966 5716 in
1995 5679 2056 5719 os

2157 4479 2282 4530 ναὸν
2309 4476 2494 4528 αὐτοῦ.

2220 4589 2311 4644 22.
2345 4590 2454 4642 Kal.
2476 4584 2545 4659 ἦν
2571 4587 2786 4660 δράκων
2819 4589 2990 4659 μέγας
3025 4592 3082 4642 ὲν
3137 4591 3216 4662 τῷ
3259 4595 3429 4664 τόπῳ,
3467 4595 3560 4646 καὶ
3607 4594 3734 4647 ἐσέ-

2156 4680 2312 4735 ϐοντο
2328 4682 2490 4735 αὑτὸν
2512 4684 2562 4734 oi
2592 4681 2942 4735 Βαϐυλώνιοι.

2224 4775 2312 4828 23.
2352 4775 2460 4828 Καὶ
2509 4769 2661 4827 εἶπεν
2703 4777 2731 4827 6
2765 4773 3016 4843 βασιλεὺς
3046 4775 3123 4844 τῷ
3149 4776 3373 4846 Δανιήλ·
3415 4777 3544 4832 Ἰδοὺ
3581 4778 3644 4850 δὴ
3669 4778 3732 4833 οὗ

2155 4865 2382 4919 δύνασαι
2436 4868 2634 4932 εἰπεῖν,
2688 4868 2768 4918 ὅτι
2795 4865 2895 4918 οὐκ
2927 4865 3076 4919 ἔστιν
3109 4868 3269 4931 αὐτὸς
3298 4867 3417 4931 θεὸς
3449 4868 3578 4936 ζῶν,
3635 4872 3736 4925 καὶ

2158 4959 2535 5030 προσκύνησον
2568 4959 2737 5028 αὐτῷ.

2227 5061 2316 5129 21.
2348 5077 2458 5128 Καὶ
2490 5074 2642 5128 εἶπεν
2669 5077 2901 5146 Δανιήλ·
2946 5078 3137 5150 Κυρίῳ
3162 5078 3241 5149 τῷ
3272 5079 3391 5150 Θεῷ
3421 5097 3525 5150 μου
3565 5097 3736 5152 προσ·-

2159 5170 2397 5238 κυνήσω,
2425 5169 2506 5222 ὅτι
2533 5162 2686 5232 οὗτός
2715 5170 2861 5222 ἐστιν
2888 5171 2916 5222 6
2945 5170 3076 5235 Θεὸς
3106 5174 3134 5225 6
3177 5171 3308 5237 ζῶν.

2228 5281 2318 5336 25.
2358 5282 2429 5334 Σὺ
2467 5281 2546 5345 δὲ,
2591 5281 2834 5351 βασιλεῦ,
2882 5284 2971 5345 δός
3027 5301 3118 5355 μοι
3164 5285 3264 5354 τὴν
3302 5285 3588 5352 ἐξουσίαν,
3637 5287 3734 5342 καὶ

2160 5371 2444 5425 ἀποκτενῶ
2473 5371 2564 5423 τὸν
2595 5372 2862 5442 δράκοντα
2892 5374 3019 5428 ἄνευ
3053 5376 3346 5446 μαχαίρας,
3376 5376 3469 5430 καὶ
3511 5376 3732 5448 ῥάϐδου,

2163 5463 2254 5518 καὶ
2279 5456 2432 5514 εἶπεν
2459 5464 2488 5515 6
2516 5461 2794 5531 βασιλεύς·
2833 5463 3033 5533 Δίδωμί
3068 5480 3169 5516 σοι.

2231 5576 2322 5631 26.
2361 5577 2471 5629 Καὶ
2495 5576 2654 5629 ἔλαϐε
2681 5575 2876 5646 Δανιὴλ
2907 5576 3126 5641 πίσσαν,
3161 5578 3254 5631 καὶ
3277 5575 3467 5646 στέαρ,
3499 5578 3592 5631 καὶ
3615 5577 3736 5649 τρί-

2165 5684 2282 5733 χας,
2335 5668 2428 5718 καὶ
2473 5666 2682 5735 ἥψησεν
2707 5667 2798 5718 ἰπὶ
2827 5666 2886 5718 τὸ
2920 5667 3078 5718 αὑτό·
3109 5669 3202 5720 καὶ
3241 5665 3497 5736 ἐποίησεν
3529 5667 3732 5737 μάζας,
