  <div class='ocr_page' id='page_1' title='image "/cluster/home/n/w/nwhite01/storage/ocr_20150623/16 pt.3/mdp.39015008568431/266.png"; bbox 0 0 4122 6320; ppageno 0'>
   <div class='ocr_carea' id='block_1_1' title="bbox 322 283 464 340">
    <p class='ocr_par' dir='ltr' id='par_1_1' title="bbox 322 283 464 340">
     <span class='ocr_line' id='line_1_1' title="bbox 322 283 464 340; baseline -0.021 -1"><span class='ocrx_word' id='word_1_1' title='bbox 322 283 464 340; x_wconf 72' lang='grc' dir='ltr'><strong>2⁸)Οὸ</strong></span> 
     </span>
    </p>
   </div>
   <div class='ocr_carea' id='block_1_2' title="bbox 1649 288 2220 346">
    <p class='ocr_par' dir='ltr' id='par_1_2' title="bbox 1649 288 2220 346">
     <span class='ocr_line' id='line_1_2' title="bbox 1649 288 2220 346; baseline 0.011 -6"><span class='ocrx_word' id='word_1_2' title='bbox 1649 288 1962 345; x_wconf 70' lang='lat' dir='ltr'><strong>DANliiLlS</strong></span> <span class='ocrx_word' id='word_1_3' title='bbox 1994 291 2144 346; x_wconf 69' lang='lat' dir='ltr'><strong>CAP.</strong></span> <span class='ocrx_word' id='word_1_4' title='bbox 2182 293 2220 346; x_wconf 87' lang='grc' dir='ltr'><strong>Ι.</strong></span> 
     </span>
    </p>
   </div>
   <div class='ocr_carea' id='block_1_3' title="bbox 3437 293 3576 354">
    <p class='ocr_par' dir='ltr' id='par_1_3' title="bbox 3437 293 3576 354">
     <span class='ocr_line' id='line_1_3' title="bbox 3437 293 3576 354; baseline -0.014 0"><span class='ocrx_word' id='word_1_5' title='bbox 3437 293 3576 354; x_wconf 76' lang='lat'><strong>2906</strong></span> 
     </span>
    </p>
   </div>
   <div class='ocr_carea' id='block_1_4' title="bbox 325 404 1902 483">
    <p class='ocr_par' dir='ltr' id='par_1_4' title="bbox 325 404 1902 481">
     <span class='ocr_line' id='line_1_4' title="bbox 325 404 1902 481; baseline 0.003 -22"><span class='ocrx_word' id='word_1_6' title='bbox 325 409 418 459; x_wconf 79' lang='grc' dir='ltr'>καὶ</span> <span class='ocrx_word' id='word_1_7' title='bbox 443 405 644 457; x_wconf 77' lang='grc' dir='ltr'>ἔδωκεν</span> <span class='ocrx_word' id='word_1_8' title='bbox 669 404 746 467; x_wconf 79' lang='grc' dir='ltr'>εὶς</span> <span class='ocrx_word' id='word_1_9' title='bbox 773 405 831 457; x_wconf 82' lang='grc' dir='ltr'><strong>τδ</strong></span> <span class='ocrx_word' id='word_1_10' title='bbox 863 407 1036 476; x_wconf 82' lang='grc' dir='ltr'><strong>στόμα</strong></span> <span class='ocrx_word' id='word_1_11' title='bbox 1066 405 1158 460; x_wconf 81' lang='grc' dir='ltr'>τοῦ</span> <span class='ocrx_word' id='word_1_12' title='bbox 1189 407 1498 479; x_wconf 77' lang='grc' dir='ltr'>δράκοντος,</span> <span class='ocrx_word' id='word_1_13' title='bbox 1528 409 1619 463; x_wconf 71' lang='grc' dir='ltr'><strong>καὶ</strong></span> <span class='ocrx_word' id='word_1_14' title='bbox 1641 411 1902 481; x_wconf 72' lang='grc' dir='ltr'>ὃιερράγη</span> 
     </span>
    </p>
   </div>
   <div class='ocr_carea' id='block_1_5' title="bbox 2007 404 3571 483">
    <p class='ocr_par' dir='ltr' id='par_1_5' title="bbox 2012 413 3571 483">
     <span class='ocr_line' id='line_1_5' title="bbox 2012 413 3571 483; baseline 0.006 -15"><span class='ocrx_word' id='word_1_15' title='bbox 2012 415 2298 478; x_wconf 86' lang='lat' dir='ltr'><strong>draconis,</strong></span> <span class='ocrx_word' id='word_1_16' title='bbox 2345 422 2398 469; x_wconf 87' lang='lat' dir='ltr'><strong>et</strong></span> <span class='ocrx_word' id='word_1_17' title='bbox 2449 414 2728 483; x_wconf 85' lang='lat' dir='ltr'><strong>disruptus</strong></span> <span class='ocrx_word' id='word_1_18' title='bbox 2757 422 2838 470; x_wconf 73' lang='lat' dir='ltr'><strong>eat</strong></span> <span class='ocrx_word' id='word_1_19' title='bbox 2865 413 3067 470; x_wconf 81' lang='lat' dir='ltr'><strong>draco:</strong></span> <span class='ocrx_word' id='word_1_20' title='bbox 3104 425 3157 471; x_wconf 89' lang='lat' dir='ltr'><strong>et</strong></span> <span class='ocrx_word' id='word_1_21' title='bbox 3195 416 3323 472; x_wconf 80' lang='lat' dir='ltr'><strong>dixit</strong></span> <span class='ocrx_word' id='word_1_22' title='bbox 3349 415 3571 477; x_wconf 85' lang='lat' dir='ltr'><strong>Daniel:</strong></span> 
     </span>
    </p>
   </div>
   <div class='ocr_carea' id='block_1_6' title="bbox 325 492 1902 570">
    <p class='ocr_par' dir='ltr' id='par_1_6' title="bbox 325 492 1902 570">
     <span class='ocr_line' id='line_1_6' title="bbox 325 492 1902 570; baseline 0.004 -20"><span class='ocrx_word' id='word_1_23' title='bbox 325 499 352 550; x_wconf 92' lang='lat'><strong>6</strong></span> <span class='ocrx_word' id='word_1_24' title='bbox 402 496 655 566; x_wconf 85' lang='grc' dir='ltr'>δράκων,</span> <span class='ocrx_word' id='word_1_25' title='bbox 704 495 796 549; x_wconf 73' lang='grc' dir='ltr'><strong>καὶ</strong></span> <span class='ocrx_word' id='word_1_26' title='bbox 847 492 1000 551; x_wconf 74' lang='grc' dir='ltr'>εἶπεν</span> <span class='ocrx_word' id='word_1_27' title='bbox 1056 500 1284 570; x_wconf 77' lang='grc' dir='ltr'>Δανιήλο</span> <span class='ocrx_word' id='word_1_28' title='bbox 1331 501 1437 553; x_wconf 84' lang='grc' dir='ltr'>Ἴδε</span> <span class='ocrx_word' id='word_1_29' title='bbox 1478 501 1544 554; x_wconf 72' lang='grc' dir='ltr'>τὰ</span> <span class='ocrx_word' id='word_1_30' title='bbox 1581 501 1902 570; x_wconf 81' lang='grc' dir='ltr'>σεϐάσματα</span> 
     </span>
    </p>
   </div>
   <div class='ocr_carea' id='block_1_7' title="bbox 327 589 716 658">
    <p class='ocr_par' dir='ltr' id='par_1_7' title="bbox 327 589 716 658">
     <span class='ocr_line' id='line_1_7' title="bbox 327 589 716 658; baseline -0.005 -16"><span class='ocrx_word' id='word_1_31' title='bbox 327 589 497 658; x_wconf 83' lang='grc' dir='ltr'>ὑμῶν.</span> <span class='ocrx_word' id='word_1_32' title='bbox 708 592 716 598; x_wconf 75' lang='grc'><em>”</em></span> 
     </span>
    </p>
   </div>
   <div class='ocr_carea' id='block_1_8' title="bbox 392 677 1904 756">
    <p class='ocr_par' dir='ltr' id='par_1_8' title="bbox 392 677 1904 756">
     <span class='ocr_line' id='line_1_8' title="bbox 392 677 1904 756; baseline 0.006 -23"><span class='ocrx_word' id='word_1_33' title='bbox 392 680 482 734; x_wconf 75' lang='grc'><strong>27.</strong></span> <span class='ocrx_word' id='word_1_34' title='bbox 515 679 626 733; x_wconf 88' lang='lat' dir='ltr'><strong>Kal</strong></span> <span class='ocrx_word' id='word_1_35' title='bbox 643 677 879 748; x_wconf 79' lang='grc' dir='ltr'>ἐγένετο,</span> <span class='ocrx_word' id='word_1_36' title='bbox 906 682 980 745; x_wconf 85' lang='grc' dir='ltr'>ὡς</span> <span class='ocrx_word' id='word_1_37' title='bbox 1001 682 1240 754; x_wconf 73' lang='grc' dir='ltr'>ἥκουσαν</span> <span class='ocrx_word' id='word_1_38' title='bbox 1259 686 1307 738; x_wconf 76' lang='lat' dir='ltr'><strong>oi</strong></span> <span class='ocrx_word' id='word_1_39' title='bbox 1329 685 1679 752; x_wconf 87' lang='grc' dir='ltr'>Βαϐυλώνιοι,</span> <span class='ocrx_word' id='word_1_40' title='bbox 1705 687 1904 756; x_wconf 73' lang='grc' dir='ltr'>ἠγανά-</span> 
     </span>
    </p>
   </div>
   <div class='ocr_carea' id='block_1_9' title="bbox 325 772 1898 850">
    <p class='ocr_par' dir='ltr' id='par_1_9' title="bbox 325 772 1898 850">
     <span class='ocr_line' id='line_1_9' title="bbox 325 772 1898 850; baseline 0.006 -27"><span class='ocrx_word' id='word_1_41' title='bbox 325 789 531 841; x_wconf 85' lang='grc' dir='ltr'>κτησαν</span> <span class='ocrx_word' id='word_1_42' title='bbox 581 772 728 837; x_wconf 86' lang='grc' dir='ltr'>λίαν,</span> <span class='ocrx_word' id='word_1_43' title='bbox 773 775 867 827; x_wconf 78' lang='grc' dir='ltr'><strong>καὶ</strong></span> <span class='ocrx_word' id='word_1_44' title='bbox 903 776 1350 847; x_wconf 82' lang='grc' dir='ltr'><strong>συνεστράφησαν</strong></span> <span class='ocrx_word' id='word_1_45' title='bbox 1388 777 1482 831; x_wconf 79' lang='grc' dir='ltr'><strong>ἐπὶ</strong></span> <span class='ocrx_word' id='word_1_46' title='bbox 1522 779 1614 833; x_wconf 80' lang='grc' dir='ltr'>τὸν</span> <span class='ocrx_word' id='word_1_47' title='bbox 1653 779 1898 850; x_wconf 82' lang='grc' dir='ltr'><strong>βασιλέα,</strong></span> 
     </span>
    </p>
   </div>
   <div class='ocr_carea' id='block_1_10' title="bbox 326 855 1901 939">
    <p class='ocr_par' dir='ltr' id='par_1_10' title="bbox 326 855 1901 939">
     <span class='ocr_line' id='line_1_10' title="bbox 326 855 1901 939; baseline 0.003 -23"><span class='ocrx_word' id='word_1_48' title='bbox 326 862 419 916; x_wconf 77' lang='grc' dir='ltr'>καὶ</span> <span class='ocrx_word' id='word_1_49' title='bbox 461 855 648 916; x_wconf 75' lang='grc' dir='ltr'>εἷπον·</span> <span class='ocrx_word' id='word_1_50' title='bbox 705 863 954 928; x_wconf 79' lang='grc' dir='ltr'>Ἰουδαῖος</span> <span class='ocrx_word' id='word_1_51' title='bbox 1008 865 1230 933; x_wconf 84' lang='grc' dir='ltr'>γέγονεν</span> <span class='ocrx_word' id='word_1_52' title='bbox 1279 869 1308 920; x_wconf 98' lang='lat'><strong>6</strong></span> <span class='ocrx_word' id='word_1_53' title='bbox 1339 867 1629 937; x_wconf 85' lang='grc' dir='ltr'>βασιλεὺς,</span> <span class='ocrx_word' id='word_1_54' title='bbox 1667 869 1760 922; x_wconf 77' lang='grc' dir='ltr'><strong>τὸν</strong></span> <span class='ocrx_word' id='word_1_55' title='bbox 1791 869 1901 939; x_wconf 76' lang='grc' dir='ltr'><strong>Βὴλ</strong></span> 
     </span>
    </p>
   </div>
   <div class='ocr_carea' id='block_1_11' title="bbox 328 955 1902 1030">
    <p class='ocr_par' dir='ltr' id='par_1_11' title="bbox 328 955 1902 1030">
     <span class='ocr_line' id='line_1_11' title="bbox 328 955 1902 1030; baseline 0.004 -22"><span class='ocrx_word' id='word_1_56' title='bbox 328 955 664 1020; x_wconf 78' lang='grc' dir='ltr'><strong>κατέσπασε,</strong></span> <span class='ocrx_word' id='word_1_57' title='bbox 713 955 931 1010; x_wconf 74' lang='grc' dir='ltr'>καὶτὸν</span> <span class='ocrx_word' id='word_1_58' title='bbox 976 957 1247 1030; x_wconf 87' lang='grc' dir='ltr'>δράκοντα</span> <span class='ocrx_word' id='word_1_59' title='bbox 1295 959 1607 1026; x_wconf 78' lang='grc' dir='ltr'>ἀπέκτεινε,</span> <span class='ocrx_word' id='word_1_60' title='bbox 1656 963 1902 1025; x_wconf 79' lang='grc' dir='ltr'>καὶτοὺς</span> 
     </span>
    </p>
   </div>
   <div class='ocr_carea' id='block_1_12' title="bbox 329 1046 880 1122">
    <p class='ocr_par' dir='ltr' id='par_1_12' title="bbox 329 1046 880 1122">
     <span class='ocr_line' id='line_1_12' title="bbox 329 1046 880 1122; baseline -0.005 -21"><span class='ocrx_word' id='word_1_61' title='bbox 329 1049 490 1122; x_wconf 79' lang='grc' dir='ltr'><strong>ἱερεῖς</strong></span> <span class='ocrx_word' id='word_1_62' title='bbox 516 1046 880 1116; x_wconf 80' lang='grc' dir='ltr'>κατέσφαξεν.</span> 
     </span>
    </p>
   </div>
   <div class='ocr_carea' id='block_1_13' title="bbox 394 1133 1900 1214">
    <p class='ocr_par' dir='ltr' id='par_1_13' title="bbox 394 1133 1900 1214">
     <span class='ocr_line' id='line_1_13' title="bbox 394 1133 1900 1214; baseline 0.002 -20"><span class='ocrx_word' id='word_1_63' title='bbox 394 1137 483 1194; x_wconf 73' lang='grc'><strong>28.</strong></span> <span class='ocrx_word' id='word_1_64' title='bbox 515 1138 629 1190; x_wconf 83' lang='lat' dir='ltr'><strong>Kal</strong></span> <span class='ocrx_word' id='word_1_65' title='bbox 651 1133 801 1190; x_wconf 82' lang='grc' dir='ltr'>εἷπον</span> <span class='ocrx_word' id='word_1_66' title='bbox 824 1137 962 1208; x_wconf 79' lang='grc' dir='ltr'>πρὸς</span> <span class='ocrx_word' id='word_1_67' title='bbox 972 1138 1064 1192; x_wconf 84' lang='grc' dir='ltr'><strong>τὸν</strong></span> <span class='ocrx_word' id='word_1_68' title='bbox 1078 1138 1302 1210; x_wconf 80' lang='grc' dir='ltr'>βασιλέα</span> <span class='ocrx_word' id='word_1_69' title='bbox 1332 1159 1346 1174; x_wconf 77' lang='lat'>&#39;</span> <span class='ocrx_word' id='word_1_70' title='bbox 1382 1139 1630 1210; x_wconf 84' lang='grc' dir='ltr'>Παράδος</span> <span class='ocrx_word' id='word_1_71' title='bbox 1657 1144 1789 1214; x_wconf 79' lang='grc' dir='ltr'>ἡμῖν</span> <span class='ocrx_word' id='word_1_72' title='bbox 1808 1145 1900 1198; x_wconf 85' lang='grc' dir='ltr'><strong>τὸν</strong></span> 
     </span>
    </p>
   </div>
   <div class='ocr_carea' id='block_1_14' title="bbox 328 1230 1896 1303">
    <p class='ocr_par' dir='ltr' id='par_1_14' title="bbox 328 1230 1896 1303">
     <span class='ocr_line' id='line_1_14' title="bbox 328 1230 1896 1303; baseline 0.003 -18"><span class='ocrx_word' id='word_1_73' title='bbox 328 1230 544 1302; x_wconf 78' lang='grc' dir='ltr'><strong>Δανιὴλ,</strong></span> <span class='ocrx_word' id='word_1_74' title='bbox 563 1234 611 1284; x_wconf 89' lang='grc' dir='ltr'><strong>εί</strong></span> <span class='ocrx_word' id='word_1_75' title='bbox 632 1230 690 1284; x_wconf 87' lang='grc' dir='ltr'>δὲ</span> <span class='ocrx_word' id='word_1_76' title='bbox 714 1230 812 1302; x_wconf 83' lang='grc' dir='ltr'>μὴ,</span> <span class='ocrx_word' id='word_1_77' title='bbox 837 1231 1248 1303; x_wconf 76' lang='grc' dir='ltr'>ἀποκτενοῦμεν</span> <span class='ocrx_word' id='word_1_78' title='bbox 1279 1251 1360 1298; x_wconf 92' lang='grc' dir='ltr'><strong>σε,</strong></span> <span class='ocrx_word' id='word_1_79' title='bbox 1388 1235 1482 1288; x_wconf 79' lang='grc' dir='ltr'>καὶ</span> <span class='ocrx_word' id='word_1_80' title='bbox 1500 1235 1589 1288; x_wconf 84' lang='grc' dir='ltr'><strong>τὸν</strong></span> <span class='ocrx_word' id='word_1_81' title='bbox 1604 1231 1752 1288; x_wconf 86' lang='grc' dir='ltr'>οἶκόν</span> <span class='ocrx_word' id='word_1_82' title='bbox 1782 1252 1896 1291; x_wconf 88' lang='grc' dir='ltr'>σου.</span> 
     </span>
    </p>
   </div>
   <div class='ocr_carea' id='block_1_15' title="bbox 393 1318 1901 1394">
    <p class='ocr_par' dir='ltr' id='par_1_15' title="bbox 393 1318 1901 1394">
     <span class='ocr_line' id='line_1_15' title="bbox 393 1318 1901 1394; baseline 0.003 -18"><span class='ocrx_word' id='word_1_83' title='bbox 393 1323 479 1379; x_wconf 70' lang='grc'><strong>29.</strong></span> <span class='ocrx_word' id='word_1_84' title='bbox 517 1323 629 1375; x_wconf 88' lang='lat' dir='ltr'><strong>Kal</strong></span> <span class='ocrx_word' id='word_1_85' title='bbox 659 1318 798 1376; x_wconf 71' lang='grc' dir='ltr'>εἶδεν</span> <span class='ocrx_word' id='word_1_86' title='bbox 831 1325 859 1375; x_wconf 89' lang='lat'><strong>6</strong></span> <span class='ocrx_word' id='word_1_87' title='bbox 890 1324 1144 1394; x_wconf 77' lang='grc' dir='ltr'>βασιλεὺς</span> <span class='ocrx_word' id='word_1_88' title='bbox 1165 1367 1180 1391; x_wconf 92' lang='grc'><strong>,</strong></span> <span class='ocrx_word' id='word_1_89' title='bbox 1225 1327 1308 1380; x_wconf 81' lang='grc' dir='ltr'><strong>ὅτι</strong></span> <span class='ocrx_word' id='word_1_90' title='bbox 1354 1327 1771 1394; x_wconf 79' lang='grc' dir='ltr'>κατεπείγουσιν</span> <span class='ocrx_word' id='word_1_91' title='bbox 1801 1329 1901 1380; x_wconf 81' lang='grc' dir='ltr'>αὑ-</span> 
     </span>
    </p>
   </div>
   <div class='ocr_carea' id='block_1_16' title="bbox 325 1414 1901 1488">
    <p class='ocr_par' dir='ltr' id='par_1_16' title="bbox 325 1414 1901 1488">
     <span class='ocr_line' id='line_1_16' title="bbox 325 1414 1901 1488; baseline 0.002 -19"><span class='ocrx_word' id='word_1_92' title='bbox 325 1415 414 1469; x_wconf 85' lang='grc' dir='ltr'><strong>τὸν</strong></span> <span class='ocrx_word' id='word_1_93' title='bbox 449 1414 678 1484; x_wconf 86' lang='grc' dir='ltr'>σφόδρα,</span> <span class='ocrx_word' id='word_1_94' title='bbox 714 1416 810 1469; x_wconf 75' lang='grc' dir='ltr'>καὶ</span> <span class='ocrx_word' id='word_1_95' title='bbox 836 1416 1204 1484; x_wconf 80' lang='grc' dir='ltr'>ἀναγκασθεὶς</span> <span class='ocrx_word' id='word_1_96' title='bbox 1239 1419 1556 1488; x_wconf 83' lang='grc' dir='ltr'>παρέδωκεν</span> <span class='ocrx_word' id='word_1_97' title='bbox 1595 1419 1779 1482; x_wconf 82' lang='grc' dir='ltr'>αὐτοῖς</span> <span class='ocrx_word' id='word_1_98' title='bbox 1809 1418 1901 1472; x_wconf 87' lang='grc' dir='ltr'><strong>τὸν</strong></span> 
     </span>
    </p>
   </div>
   <div class='ocr_carea' id='block_1_17' title="bbox 325 1511 544 1583">
    <p class='ocr_par' dir='ltr' id='par_1_17' title="bbox 325 1511 544 1583">
     <span class='ocr_line' id='line_1_17' title="bbox 325 1511 544 1583; baseline -0.009 -15"><span class='ocrx_word' id='word_1_99' title='bbox 325 1511 544 1583; x_wconf 84' lang='grc' dir='ltr'>Δανιήλ.</span> 
     </span>
    </p>
   </div>
   <div class='ocr_carea' id='block_1_18' title="bbox 392 1601 1898 1666">
    <p class='ocr_par' dir='ltr' id='par_1_18' title="bbox 392 1601 1898 1666">
     <span class='ocr_line' id='line_1_18' title="bbox 392 1601 1898 1666; baseline 0 -8"><span class='ocrx_word' id='word_1_100' title='bbox 392 1603 480 1658; x_wconf 77' lang='lat'><strong>30.</strong></span> <span class='ocrx_word' id='word_1_101' title='bbox 507 1604 570 1658; x_wconf 88' lang='grc' dir='ltr'>Οἱ</span> <span class='ocrx_word' id='word_1_102' title='bbox 598 1602 655 1655; x_wconf 83' lang='grc' dir='ltr'>δὲ</span> <span class='ocrx_word' id='word_1_103' title='bbox 700 1601 892 1658; x_wconf 75' lang='grc' dir='ltr'>ἔϐαλον</span> <span class='ocrx_word' id='word_1_104' title='bbox 930 1603 1093 1657; x_wconf 82' lang='grc' dir='ltr'>αὐτὸν</span> <span class='ocrx_word' id='word_1_105' title='bbox 1137 1605 1218 1666; x_wconf 86' lang='grc' dir='ltr'><strong>είς</strong></span> <span class='ocrx_word' id='word_1_106' title='bbox 1245 1603 1338 1658; x_wconf 78' lang='grc' dir='ltr'><strong>τὸν</strong></span> <span class='ocrx_word' id='word_1_107' title='bbox 1371 1603 1575 1660; x_wconf 81' lang='grc' dir='ltr'>λάκκον</span> <span class='ocrx_word' id='word_1_108' title='bbox 1608 1603 1716 1657; x_wconf 88' lang='grc' dir='ltr'><strong>τῶν</strong></span> <span class='ocrx_word' id='word_1_109' title='bbox 1747 1603 1898 1658; x_wconf 89' lang='grc' dir='ltr'>λεόν-</span> 
     </span>
    </p>
   </div>
   <div class='ocr_carea' id='block_1_19' title="bbox 327 1689 1172 1765">
    <p class='ocr_par' dir='ltr' id='par_1_19' title="bbox 327 1689 1172 1765">
     <span class='ocr_line' id='line_1_19' title="bbox 327 1689 1172 1765; baseline 0 -18"><span class='ocrx_word' id='word_1_110' title='bbox 327 1712 450 1757; x_wconf 87' lang='grc' dir='ltr'>των,</span> <span class='ocrx_word' id='word_1_111' title='bbox 483 1695 578 1747; x_wconf 75' lang='grc' dir='ltr'><strong>καὶ</strong></span> <span class='ocrx_word' id='word_1_112' title='bbox 602 1689 671 1765; x_wconf 81' lang='grc' dir='ltr'>ἦν</span> <span class='ocrx_word' id='word_1_113' title='bbox 707 1695 822 1746; x_wconf 76' lang='grc' dir='ltr'>ἐκεῖ</span> <span class='ocrx_word' id='word_1_114' title='bbox 841 1693 1052 1764; x_wconf 78' lang='grc' dir='ltr'>ἡμέρας</span> <span class='ocrx_word' id='word_1_115' title='bbox 1093 1693 1172 1758; x_wconf 74' lang='grc' dir='ltr'><strong>ἓξ.</strong></span> 
     </span>
    </p>
   </div>
   <div class='ocr_carea' id='block_1_20' title="bbox 2011 506 2664 580">
    <p class='ocr_par' dir='ltr' id='par_1_20' title="bbox 2011 506 2664 580">
     <span class='ocr_line' id='line_1_20' title="bbox 2011 506 2664 580; baseline -0.005 -18"><span class='ocrx_word' id='word_1_116' title='bbox 2011 509 2149 564; x_wconf 85' lang='lat' dir='ltr'><strong>Ecce</strong></span> <span class='ocrx_word' id='word_1_117' title='bbox 2182 509 2305 580; x_wconf 64' lang='lat' dir='ltr'><strong>Quae</strong></span> <span class='ocrx_word' id='word_1_118' title='bbox 2326 523 2432 564; x_wconf 58' lang='lat' dir='ltr'><strong>,vos</strong></span> <span class='ocrx_word' id='word_1_119' title='bbox 2463 506 2664 563; x_wconf 90' lang='lat' dir='ltr'><strong>colitis.</strong></span> 
     </span>
    </p>
   </div>
   <div class='ocr_carea' id='block_1_21' title="bbox 2078 681 3577 753">
    <p class='ocr_par' dir='ltr' id='par_1_21' title="bbox 2078 681 3577 753">
     <span class='ocr_line' id='line_1_21' title="bbox 2078 681 3577 753; baseline 0.001 -15"><span class='ocrx_word' id='word_1_120' title='bbox 2078 683 2168 738; x_wconf 74' lang='grc'><strong>27.</strong></span> <span class='ocrx_word' id='word_1_121' title='bbox 2206 687 2270 741; x_wconf 78' lang='lat' dir='ltr'><strong>Et</strong></span> <span class='ocrx_word' id='word_1_122' title='bbox 2301 684 2500 748; x_wconf 82' lang='lat' dir='ltr'><strong>factum</strong></span> <span class='ocrx_word' id='word_1_123' title='bbox 2519 692 2601 738; x_wconf 91' lang='lat' dir='ltr'><strong>est</strong></span> <span class='ocrx_word' id='word_1_124' title='bbox 2628 690 2686 736; x_wconf 92' lang='lat' dir='ltr'><strong>ut</strong></span> <span class='ocrx_word' id='word_1_125' title='bbox 2734 682 3026 736; x_wconf 85' lang='lat' dir='ltr'><strong>audierunt</strong></span> <span class='ocrx_word' id='word_1_126' title='bbox 3094 681 3392 753; x_wconf 79' lang='lat' dir='ltr'><strong>Babylonii,</strong></span> <span class='ocrx_word' id='word_1_127' title='bbox 3431 686 3577 740; x_wconf 91' lang='lat' dir='ltr'><strong>indi-</strong></span> 
     </span>
    </p>
   </div>
   <div class='ocr_carea' id='block_1_22' title="bbox 2009 773 3575 848">
    <p class='ocr_par' dir='ltr' id='par_1_22' title="bbox 2009 773 3575 848">
     <span class='ocr_line' id='line_1_22' title="bbox 2009 773 3575 848; baseline 0.001 -19"><span class='ocrx_word' id='word_1_128' title='bbox 2009 777 2154 846; x_wconf 82' lang='lat' dir='ltr'><strong>gnati</strong></span> <span class='ocrx_word' id='word_1_129' title='bbox 2185 783 2314 829; x_wconf 88' lang='lat' dir='ltr'><strong>sunt</strong></span> <span class='ocrx_word' id='word_1_130' title='bbox 2347 775 2713 839; x_wconf 80' lang='lat' dir='ltr'><strong>vehementer,</strong></span> <span class='ocrx_word' id='word_1_131' title='bbox 2751 781 2803 826; x_wconf 90' lang='lat' dir='ltr'><strong>et</strong></span> <span class='ocrx_word' id='word_1_132' title='bbox 2836 773 3085 827; x_wconf 73' lang='lat' dir='ltr'><strong>conversi</strong></span> <span class='ocrx_word' id='word_1_133' title='bbox 3113 775 3373 830; x_wconf 82' lang='lat' dir='ltr'><strong>adversus</strong></span> <span class='ocrx_word' id='word_1_134' title='bbox 3395 792 3575 848; x_wconf 87' lang='lat' dir='ltr'><strong>regem</strong></span> 
     </span>
    </p>
   </div>
   <div class='ocr_carea' id='block_1_23' title="bbox 2007 863 3580 933">
    <p class='ocr_par' dir='ltr' id='par_1_23' title="bbox 2007 863 3580 933">
     <span class='ocr_line' id='line_1_23' title="bbox 2007 863 3580 933; baseline 0.002 -13"><span class='ocrx_word' id='word_1_135' title='bbox 2007 867 2263 921; x_wconf 82' lang='lat' dir='ltr'><strong>dixerunt</strong></span> <span class='ocrx_word' id='word_1_136' title='bbox 2297 883 2312 920; x_wconf 88' lang='lat'><strong>:</strong></span> <span class='ocrx_word' id='word_1_137' title='bbox 2345 865 2565 920; x_wconf 62' lang='lat' dir='ltr'><strong>Iudaeus</strong></span> <span class='ocrx_word' id='word_1_138' title='bbox 2597 863 2773 920; x_wconf 80' lang='lat' dir='ltr'><strong>factus</strong></span> <span class='ocrx_word' id='word_1_139' title='bbox 2799 874 2879 920; x_wconf 77' lang='lat' dir='ltr'><strong>est</strong></span> <span class='ocrx_word' id='word_1_140' title='bbox 2901 881 3028 919; x_wconf 82' lang='lat' dir='ltr'><strong>rex:</strong></span> <span class='ocrx_word' id='word_1_141' title='bbox 3068 865 3159 920; x_wconf 93' lang='lat' dir='ltr'><strong>Bel</strong></span> <span class='ocrx_word' id='word_1_142' title='bbox 3195 868 3483 933; x_wconf 75' lang='lat' dir='ltr'><strong>destruxit,</strong></span> <span class='ocrx_word' id='word_1_143' title='bbox 3524 879 3580 923; x_wconf 67' lang='lat' dir='ltr'><strong>et</strong></span> 
     </span>
    </p>
   </div>
   <div class='ocr_carea' id='block_1_24' title="bbox 2007 954 3294 1019">
    <p class='ocr_par' dir='ltr' id='par_1_24' title="bbox 2007 954 3294 1019">
     <span class='ocr_line' id='line_1_24' title="bbox 2007 954 3294 1019; baseline 0 -9"><span class='ocrx_word' id='word_1_144' title='bbox 2007 956 2296 1011; x_wconf 87' lang='lat' dir='ltr'><strong>draconem</strong></span> <span class='ocrx_word' id='word_1_145' title='bbox 2323 954 2629 1019; x_wconf 82' lang='lat' dir='ltr'><strong>interfecit,</strong></span> <span class='ocrx_word' id='word_1_146' title='bbox 2657 964 2709 1010; x_wconf 87' lang='lat' dir='ltr'><strong>et</strong></span> <span class='ocrx_word' id='word_1_147' title='bbox 2738 956 3050 1012; x_wconf 73' lang='lat' dir='ltr'><strong>sacerdotes</strong></span> <span class='ocrx_word' id='word_1_148' title='bbox 3073 958 3294 1012; x_wconf 81' lang='lat' dir='ltr'><strong>occidit.</strong></span> 
     </span>
    </p>
   </div>
   <div class='ocr_carea' id='block_1_25' title="bbox 2077 1131 3580 1203">
    <p class='ocr_par' dir='ltr' id='par_1_25' title="bbox 2077 1131 3580 1203">
     <span class='ocr_line' id='line_1_25' title="bbox 2077 1131 3580 1203; baseline 0.005 -19"><span class='ocrx_word' id='word_1_149' title='bbox 2077 1131 2167 1186; x_wconf 77' lang='lat'><strong>‘28.</strong></span> <span class='ocrx_word' id='word_1_150' title='bbox 2209 1132 2275 1186; x_wconf 88' lang='lat' dir='ltr'><strong>Et</strong></span> <span class='ocrx_word' id='word_1_151' title='bbox 2302 1131 2560 1186; x_wconf 79' lang='lat' dir='ltr'><strong>dixerunt</strong></span> <span class='ocrx_word' id='word_1_152' title='bbox 2583 1133 2651 1186; x_wconf 88' lang='lat' dir='ltr'><strong>ad</strong></span> <span class='ocrx_word' id='word_1_153' title='bbox 2690 1147 2872 1203; x_wconf 80' lang='lat' dir='ltr'><strong>regem</strong></span> <span class='ocrx_word' id='word_1_154' title='bbox 2921 1151 2933 1186; x_wconf 93' lang='lat'><strong>:</strong></span> <span class='ocrx_word' id='word_1_155' title='bbox 2988 1132 3166 1189; x_wconf 84' lang='lat' dir='ltr'><strong>Trade</strong></span> <span class='ocrx_word' id='word_1_156' title='bbox 3199 1135 3358 1191; x_wconf 89' lang='lat' dir='ltr'><strong>nobis</strong></span> <span class='ocrx_word' id='word_1_157' title='bbox 3387 1136 3580 1192; x_wconf 83' lang='lat' dir='ltr'><strong>Danie-</strong></span> 
     </span>
    </p>
   </div>
   <div class='ocr_carea' id='block_1_26' title="bbox 2007 1223 3447 1292">
    <p class='ocr_par' dir='ltr' id='par_1_26' title="bbox 2007 1223 3447 1292">
     <span class='ocr_line' id='line_1_26' title="bbox 2007 1223 3447 1292; baseline 0.002 -15"><span class='ocrx_word' id='word_1_158' title='bbox 2007 1223 2136 1286; x_wconf 89' lang='lat' dir='ltr'><strong>lem,</strong></span> <span class='ocrx_word' id='word_1_159' title='bbox 2168 1223 2408 1292; x_wconf 86' lang='lat' dir='ltr'><strong>alioquin</strong></span> <span class='ocrx_word' id='word_1_160' title='bbox 2435 1223 2827 1280; x_wconf 78' lang='lat' dir='ltr'><strong>interficielnus</strong></span> <span class='ocrx_word' id='word_1_161' title='bbox 2862 1234 2931 1290; x_wconf 90' lang='lat' dir='ltr'><strong>te,</strong></span> <span class='ocrx_word' id='word_1_162' title='bbox 2953 1235 3006 1279; x_wconf 91' lang='lat' dir='ltr'><strong>et</strong></span> <span class='ocrx_word' id='word_1_163' title='bbox 3027 1225 3250 1280; x_wconf 89' lang='lat' dir='ltr'><strong>domum</strong></span> <span class='ocrx_word' id='word_1_164' title='bbox 3277 1236 3447 1281; x_wconf 91' lang='lat' dir='ltr'><strong>tuam.</strong></span> 
     </span>
    </p>
   </div>
   <div class='ocr_carea' id='block_1_27' title="bbox 2076 1314 3581 1386">
    <p class='ocr_par' dir='ltr' id='par_1_27' title="bbox 2076 1314 3581 1386">
     <span class='ocr_line' id='line_1_27' title="bbox 2076 1314 3581 1386; baseline 0.002 -16"><span class='ocrx_word' id='word_1_165' title='bbox 2076 1316 2165 1371; x_wconf 71' lang='lat'><strong>29.</strong></span> <span class='ocrx_word' id='word_1_166' title='bbox 2207 1314 2357 1370; x_wconf 84' lang='lat' dir='ltr'><strong>Vidit</strong></span> <span class='ocrx_word' id='word_1_167' title='bbox 2385 1331 2516 1386; x_wconf 84' lang='lat' dir='ltr'><strong>ergo</strong></span> <span class='ocrx_word' id='word_1_168' title='bbox 2543 1331 2635 1370; x_wconf 79' lang='lat' dir='ltr'><strong>rex</strong></span> <span class='ocrx_word' id='word_1_169' title='bbox 2658 1354 2676 1380; x_wconf 94' lang='lat'><strong>,</strong></span> <span class='ocrx_word' id='word_1_170' title='bbox 2731 1316 2877 1386; x_wconf 89' lang='lat' dir='ltr'><strong>quod</strong></span> <span class='ocrx_word' id='word_1_171' title='bbox 2923 1317 3283 1372; x_wconf 86' lang='lat' dir='ltr'><strong>incitarentur</strong></span> <span class='ocrx_word' id='word_1_172' title='bbox 3317 1319 3371 1372; x_wconf 88' lang='lat' dir='ltr'><strong>in</strong></span> <span class='ocrx_word' id='word_1_173' title='bbox 3404 1334 3462 1373; x_wconf 88' lang='lat' dir='ltr'><strong>se</strong></span> <span class='ocrx_word' id='word_1_174' title='bbox 3491 1334 3581 1373; x_wconf 79' lang='lat' dir='ltr'><strong>vc-</strong></span> 
     </span>
    </p>
   </div>
   <div class='ocr_carea' id='block_1_28' title="bbox 2008 1406 3580 1478">
    <p class='ocr_par' dir='ltr' id='par_1_28' title="bbox 2008 1406 3580 1478">
     <span class='ocr_line' id='line_1_28' title="bbox 2008 1406 3580 1478; baseline 0.003 -17"><span class='ocrx_word' id='word_1_175' title='bbox 2008 1410 2413 1462; x_wconf 88' lang='lat' dir='ltr'><strong>hementer:et</strong></span> <span class='ocrx_word' id='word_1_176' title='bbox 2456 1408 2786 1464; x_wconf 86' lang='lat' dir='ltr'><strong>necessitate</strong></span> <span class='ocrx_word' id='word_1_177' title='bbox 2845 1406 3168 1478; x_wconf 79' lang='lat' dir='ltr'><strong>compulsus</strong></span> <span class='ocrx_word' id='word_1_178' title='bbox 3227 1411 3451 1464; x_wconf 83' lang='lat' dir='ltr'><strong>tradidit</strong></span> <span class='ocrx_word' id='word_1_179' title='bbox 3499 1412 3580 1465; x_wconf 88' lang='lat' dir='ltr'><strong>eis</strong></span> 
     </span>
    </p>
   </div>
   <div class='ocr_carea' id='block_1_29' title="bbox 2008 1498 2304 1553">
    <p class='ocr_par' dir='ltr' id='par_1_29' title="bbox 2008 1498 2304 1553">
     <span class='ocr_line' id='line_1_29' title="bbox 2008 1498 2304 1553; baseline -0.003 -1"><span class='ocrx_word' id='word_1_180' title='bbox 2008 1498 2304 1553; x_wconf 87' lang='lat' dir='ltr'><strong>Dauielem.</strong></span> 
     </span>
    </p>
   </div>
   <div class='ocr_carea' id='block_1_30' title="bbox 2078 1586 3581 1660">
    <p class='ocr_par' dir='ltr' id='par_1_30' title="bbox 2078 1586 3581 1660">
     <span class='ocr_line' id='line_1_30' title="bbox 2078 1586 3581 1660; baseline 0.001 -14"><span class='ocrx_word' id='word_1_181' title='bbox 2078 1592 2167 1646; x_wconf 78' lang='lat'><strong>&#39;50.</strong></span> <span class='ocrx_word' id='word_1_182' title='bbox 2210 1591 2288 1646; x_wconf 91' lang='lat' dir='ltr'><strong>llli</strong></span> <span class='ocrx_word' id='word_1_183' title='bbox 2318 1601 2496 1646; x_wconf 86' lang='lat' dir='ltr'><strong>autem</strong></span> <span class='ocrx_word' id='word_1_184' title='bbox 2526 1591 2800 1647; x_wconf 87' lang='lat' dir='ltr'><strong>miserunt</strong></span> <span class='ocrx_word' id='word_1_185' title='bbox 2820 1586 3030 1648; x_wconf 22' lang='lat' dir='ltr'><strong>eum‘in</strong></span> <span class='ocrx_word' id='word_1_186' title='bbox 3055 1592 3232 1647; x_wconf 90' lang='lat' dir='ltr'><strong>lacum</strong></span> <span class='ocrx_word' id='word_1_187' title='bbox 3262 1593 3502 1660; x_wconf 86' lang='lat' dir='ltr'><strong>leonum,</strong></span> <span class='ocrx_word' id='word_1_188' title='bbox 3527 1605 3581 1648; x_wconf 84' lang='lat' dir='ltr'><strong>et</strong></span> 
     </span>
    </p>
   </div>
   <div class='ocr_carea' id='block_1_31' title="bbox 2007 1680 2608 1736">
    <p class='ocr_par' dir='ltr' id='par_1_31' title="bbox 2007 1680 2608 1736">
     <span class='ocr_line' id='line_1_31' title="bbox 2007 1680 2608 1736; baseline -0.003 -1"><span class='ocrx_word' id='word_1_189' title='bbox 2007 1690 2125 1736; x_wconf 89' lang='lat' dir='ltr'><strong>erat</strong></span> <span class='ocrx_word' id='word_1_190' title='bbox 2171 1681 2244 1735; x_wconf 90' lang='lat' dir='ltr'><strong>ibi</strong></span> <span class='ocrx_word' id='word_1_191' title='bbox 2278 1680 2472 1736; x_wconf 88' lang='lat' dir='ltr'><strong>diebus</strong></span> <span class='ocrx_word' id='word_1_192' title='bbox 2491 1696 2608 1734; x_wconf 82' lang='lat' dir='ltr'><strong>sex.</strong></span> 
     </span>
    </p>
   </div>
   <div class='ocr_carea' id='block_1_32' title="bbox 392 1767 1902 1856">
    <p class='ocr_par' dir='ltr' id='par_1_32' title="bbox 392 1780 1902 1856">
     <span class='ocr_line' id='line_1_32' title="bbox 392 1780 1902 1856; baseline 0.004 -19"><span class='ocrx_word' id='word_1_193' title='bbox 392 1783 482 1838; x_wconf 71' lang='lat'><strong>31.</strong></span> <span class='ocrx_word' id='word_1_194' title='bbox 510 1780 695 1838; x_wconf 70' lang='grc' dir='ltr'><strong>τΗσαν</strong></span> <span class='ocrx_word' id='word_1_195' title='bbox 716 1784 772 1837; x_wconf 84' lang='grc' dir='ltr'>δὲ</span> <span class='ocrx_word' id='word_1_196' title='bbox 809 1785 867 1836; x_wconf 82' lang='grc' dir='ltr'>ἐν</span> <span class='ocrx_word' id='word_1_197' title='bbox 899 1784 977 1855; x_wconf 84' lang='grc' dir='ltr'>τῷ</span> <span class='ocrx_word' id='word_1_198' title='bbox 1013 1785 1202 1856; x_wconf 82' lang='grc' dir='ltr'>λάκκῳ</span> <span class='ocrx_word' id='word_1_199' title='bbox 1237 1785 1376 1838; x_wconf 76' lang='grc' dir='ltr'>ἑπτὰ</span> <span class='ocrx_word' id='word_1_200' title='bbox 1402 1785 1638 1854; x_wconf 84' lang='grc' dir='ltr'>λέοντες,</span> <span class='ocrx_word' id='word_1_201' title='bbox 1670 1790 1766 1842; x_wconf 74' lang='grc' dir='ltr'><strong>καὶ</strong></span> <span class='ocrx_word' id='word_1_202' title='bbox 1797 1789 1902 1843; x_wconf 80' lang='grc' dir='ltr'>ἐδί-</span> 
     </span>
    </p>
   </div>
   <div class='ocr_carea' id='block_1_33' title="bbox 2007 1767 3579 1856">
    <p class='ocr_par' dir='ltr' id='par_1_33' title="bbox 2075 1767 3579 1839">
     <span class='ocr_line' id='line_1_33' title="bbox 2075 1767 3579 1839; baseline -0.004 -14"><span class='ocrx_word' id='word_1_203' title='bbox 2075 1771 2165 1825; x_wconf 78' lang='grc'><strong>51.</strong></span> <span class='ocrx_word' id='word_1_204' title='bbox 2207 1770 2380 1826; x_wconf 89' lang='lat' dir='ltr'><strong>Porro</strong></span> <span class='ocrx_word' id='word_1_205' title='bbox 2402 1781 2558 1826; x_wconf 88' lang='lat' dir='ltr'><strong>erant</strong></span> <span class='ocrx_word' id='word_1_206' title='bbox 2581 1772 2635 1824; x_wconf 92' lang='lat' dir='ltr'><strong>in</strong></span> <span class='ocrx_word' id='word_1_207' title='bbox 2666 1770 2790 1824; x_wconf 90' lang='lat' dir='ltr'><strong>lacn</strong></span> <span class='ocrx_word' id='word_1_208' title='bbox 2819 1780 3026 1839; x_wconf 86' lang='lat' dir='ltr'><strong>septem</strong></span> <span class='ocrx_word' id='word_1_209' title='bbox 3050 1769 3257 1834; x_wconf 91' lang='lat' dir='ltr'><strong>leones,</strong></span> <span class='ocrx_word' id='word_1_210' title='bbox 3282 1776 3336 1822; x_wconf 92' lang='lat' dir='ltr'><strong>et</strong></span> <span class='ocrx_word' id='word_1_211' title='bbox 3370 1767 3579 1822; x_wconf 86' lang='lat' dir='ltr'><strong>daban-</strong></span> 
     </span>
    </p>
   </div>
   <div class='ocr_carea' id='block_1_34' title="bbox 327 1877 1904 1952">
    <p class='ocr_par' dir='ltr' id='par_1_34' title="bbox 327 1877 1904 1952">
     <span class='ocr_line' id='line_1_34' title="bbox 327 1877 1904 1952; baseline 0.003 -23"><span class='ocrx_word' id='word_1_212' title='bbox 327 1877 476 1930; x_wconf 82' lang='grc' dir='ltr'>δοντο</span> <span class='ocrx_word' id='word_1_213' title='bbox 501 1877 687 1939; x_wconf 80' lang='grc' dir='ltr'>αὐτοῖς</span> <span class='ocrx_word' id='word_1_214' title='bbox 718 1877 820 1947; x_wconf 80' lang='grc' dir='ltr'>τῆς</span> <span class='ocrx_word' id='word_1_215' title='bbox 858 1877 1075 1948; x_wconf 79' lang='grc' dir='ltr'>ἡμέρας</span> <span class='ocrx_word' id='word_1_216' title='bbox 1105 1877 1200 1931; x_wconf 88' lang='grc' dir='ltr'><strong>δύο</strong></span> <span class='ocrx_word' id='word_1_217' title='bbox 1244 1877 1492 1948; x_wconf 83' lang='grc' dir='ltr'>σώματα,</span> <span class='ocrx_word' id='word_1_218' title='bbox 1521 1882 1616 1933; x_wconf 68' lang='grc' dir='ltr'><strong>καὶ</strong></span> <span class='ocrx_word' id='word_1_219' title='bbox 1643 1881 1737 1934; x_wconf 77' lang='grc' dir='ltr'>δύο</span> <span class='ocrx_word' id='word_1_220' title='bbox 1769 1882 1904 1952; x_wconf 81' lang='grc' dir='ltr'>πρό-</span> 
     </span>
    </p>
   </div>
   <div class='ocr_carea' id='block_1_35' title="bbox 327 1968 1904 2041">
    <p class='ocr_par' dir='ltr' id='par_1_35' title="bbox 327 1968 1904 2041">
     <span class='ocr_line' id='line_1_35' title="bbox 327 1968 1904 2041; baseline 0.003 -18"><span class='ocrx_word' id='word_1_221' title='bbox 327 1969 493 2023; x_wconf 82' lang='grc' dir='ltr'>ϐατα-</span> <span class='ocrx_word' id='word_1_222' title='bbox 525 1970 644 2023; x_wconf 83' lang='grc' dir='ltr'>τότε</span> <span class='ocrx_word' id='word_1_223' title='bbox 661 1969 719 2022; x_wconf 86' lang='grc' dir='ltr'>δὲ</span> <span class='ocrx_word' id='word_1_224' title='bbox 749 1970 851 2022; x_wconf 84' lang='grc' dir='ltr'><strong>οὐκ</strong></span> <span class='ocrx_word' id='word_1_225' title='bbox 871 1968 1029 2040; x_wconf 80' lang='grc' dir='ltr'><strong>ἐδόθη</strong></span> <span class='ocrx_word' id='word_1_226' title='bbox 1051 1970 1258 2039; x_wconf 83' lang='grc' dir='ltr'>αὐτοῖς,</span> <span class='ocrx_word' id='word_1_227' title='bbox 1297 1971 1385 2024; x_wconf 84' lang='grc' dir='ltr'><strong>ἵνα</strong></span> <span class='ocrx_word' id='word_1_228' title='bbox 1425 1973 1782 2041; x_wconf 84' lang='grc' dir='ltr'>καταφάγωσι</span> <span class='ocrx_word' id='word_1_229' title='bbox 1813 1973 1904 2028; x_wconf 85' lang='grc' dir='ltr'><strong>τὸν</strong></span> 
     </span>
    </p>
   </div>
   <div class='ocr_carea' id='block_1_36' title="bbox 327 2061 544 2132">
    <p class='ocr_par' dir='ltr' id='par_1_36' title="bbox 327 2061 544 2132">
     <span class='ocr_line' id='line_1_36' title="bbox 327 2061 544 2132; baseline 0 -18"><span class='ocrx_word' id='word_1_230' title='bbox 327 2061 544 2132; x_wconf 84' lang='grc' dir='ltr'>Δανιήλ.</span> 
     </span>
    </p>
   </div>
   <div class='ocr_carea' id='block_1_37' title="bbox 395 2148 1900 2227">
    <p class='ocr_par' dir='ltr' id='par_1_37' title="bbox 395 2148 1900 2227">
     <span class='ocr_line' id='line_1_37' title="bbox 395 2148 1900 2227; baseline 0 -19"><span class='ocrx_word' id='word_1_231' title='bbox 395 2153 483 2208; x_wconf 73' lang='grc'><strong>52.</strong></span> <span class='ocrx_word' id='word_1_232' title='bbox 515 2154 626 2209; x_wconf 80' lang='grc' dir='ltr'><strong>Καὶ</strong></span> <span class='ocrx_word' id='word_1_233' title='bbox 651 2148 720 2223; x_wconf 75' lang='grc' dir='ltr'>ἦν</span> <span class='ocrx_word' id='word_1_234' title='bbox 747 2153 1070 2224; x_wconf 79' lang='grc' dir='ltr'>Ἀμϐακοὺμ</span> <span class='ocrx_word' id='word_1_235' title='bbox 1093 2154 1122 2207; x_wconf 91' lang='lat'><strong>6</strong></span> <span class='ocrx_word' id='word_1_236' title='bbox 1140 2154 1430 2226; x_wconf 79' lang='grc' dir='ltr'><strong>προφήτης</strong></span> <span class='ocrx_word' id='word_1_237' title='bbox 1455 2156 1514 2208; x_wconf 81' lang='grc' dir='ltr'>ὲν</span> <span class='ocrx_word' id='word_1_238' title='bbox 1541 2157 1606 2227; x_wconf 81' lang='grc' dir='ltr'>τῇ</span> <span class='ocrx_word' id='word_1_239' title='bbox 1655 2153 1900 2226; x_wconf 74' lang='grc' dir='ltr'>Ἰουδαίᾳ,</span> 
     </span>
    </p>
   </div>
   <div class='ocr_carea' id='block_1_38' title="bbox 329 2244 1904 2317">
    <p class='ocr_par' dir='ltr' id='par_1_38' title="bbox 329 2244 1904 2317">
     <span class='ocr_line' id='line_1_38' title="bbox 329 2244 1904 2317; baseline 0.001 -19"><span class='ocrx_word' id='word_1_240' title='bbox 329 2246 419 2299; x_wconf 77' lang='grc' dir='ltr'>καὶ</span> <span class='ocrx_word' id='word_1_241' title='bbox 447 2245 608 2309; x_wconf 81' lang='grc' dir='ltr'>αὐτὸς</span> <span class='ocrx_word' id='word_1_242' title='bbox 653 2244 863 2316; x_wconf 71' lang='grc' dir='ltr'>ἥψησεν</span> <span class='ocrx_word' id='word_1_243' title='bbox 908 2245 1118 2316; x_wconf 70' lang='grc' dir='ltr'>ἕψημα,</span> <span class='ocrx_word' id='word_1_244' title='bbox 1165 2247 1258 2299; x_wconf 74' lang='grc' dir='ltr'><strong>καὶ</strong></span> <span class='ocrx_word' id='word_1_245' title='bbox 1288 2245 1580 2317; x_wconf 76' lang='grc' dir='ltr'>ὲνέθρυψεν</span> <span class='ocrx_word' id='word_1_246' title='bbox 1602 2247 1798 2317; x_wconf 82' lang='grc' dir='ltr'>ἄρτους</span> <span class='ocrx_word' id='word_1_247' title='bbox 1824 2251 1904 2310; x_wconf 76' lang='grc' dir='ltr'>εἰς</span> 
     </span>
    </p>
   </div>
   <div class='ocr_carea' id='block_1_39' title="bbox 330 2337 1904 2408">
    <p class='ocr_par' dir='ltr' id='par_1_39' title="bbox 330 2337 1904 2408">
     <span class='ocr_line' id='line_1_39' title="bbox 330 2337 1904 2408; baseline 0.001 -20"><span class='ocrx_word' id='word_1_248' title='bbox 330 2338 565 2407; x_wconf 81' lang='grc' dir='ltr'>σκάφην,</span> <span class='ocrx_word' id='word_1_249' title='bbox 601 2338 696 2389; x_wconf 72' lang='grc' dir='ltr'><strong>καὶ</strong></span> <span class='ocrx_word' id='word_1_250' title='bbox 727 2337 1024 2408; x_wconf 77' lang='grc' dir='ltr'>ἐπορεύετο</span> <span class='ocrx_word' id='word_1_251' title='bbox 1047 2339 1126 2400; x_wconf 84' lang='grc' dir='ltr'><strong>εἰς</strong></span> <span class='ocrx_word' id='word_1_252' title='bbox 1155 2338 1216 2390; x_wconf 85' lang='grc' dir='ltr'><strong>τὸ</strong></span> <span class='ocrx_word' id='word_1_253' title='bbox 1235 2338 1415 2391; x_wconf 82' lang='grc' dir='ltr'>πεδίον</span> <span class='ocrx_word' id='word_1_254' title='bbox 1445 2340 1768 2407; x_wconf 81' lang='grc' dir='ltr'>ἀπενεγκεῖν</span> <span class='ocrx_word' id='word_1_255' title='bbox 1793 2341 1904 2403; x_wconf 84' lang='grc' dir='ltr'>τοῖς</span> 
     </span>
    </p>
   </div>
   <div class='ocr_carea' id='block_1_40' title="bbox 331 2428 621 2498">
    <p class='ocr_par' dir='ltr' id='par_1_40' title="bbox 331 2428 621 2498">
     <span class='ocr_line' id='line_1_40' title="bbox 331 2428 621 2498; baseline 0.01 -17"><span class='ocrx_word' id='word_1_256' title='bbox 331 2428 621 2498; x_wconf 79' lang='grc' dir='ltr'>θερισταῖς.</span> 
     </span>
    </p>
   </div>
   <div class='ocr_carea' id='block_1_41' title="bbox 397 2518 1899 2596">
    <p class='ocr_par' dir='ltr' id='par_1_41' title="bbox 397 2518 1899 2596">
     <span class='ocr_line' id='line_1_41' title="bbox 397 2518 1899 2596; baseline 0.003 -21"><span class='ocrx_word' id='word_1_257' title='bbox 397 2521 486 2576; x_wconf 76' lang='lat'><strong>33.</strong></span> <span class='ocrx_word' id='word_1_258' title='bbox 520 2521 629 2574; x_wconf 89' lang='lat' dir='ltr'><strong>Kal</strong></span> <span class='ocrx_word' id='word_1_259' title='bbox 677 2518 832 2575; x_wconf 75' lang='grc' dir='ltr'>εἶπεν</span> <span class='ocrx_word' id='word_1_260' title='bbox 876 2522 1110 2592; x_wconf 81' lang='grc' dir='ltr'>ἄγγελος</span> <span class='ocrx_word' id='word_1_261' title='bbox 1158 2526 1365 2595; x_wconf 82' lang='grc' dir='ltr'>Κυρίου</span> <span class='ocrx_word' id='word_1_262' title='bbox 1412 2525 1490 2596; x_wconf 85' lang='grc' dir='ltr'>τῷ</span> <span class='ocrx_word' id='word_1_263' title='bbox 1553 2525 1899 2596; x_wconf 83' lang='grc' dir='ltr'>Ἀμϐακούμ·</span> 
     </span>
    </p>
   </div>
   <div class='ocr_carea' id='block_1_42' title="bbox 342 2611 1905 2688">
    <p class='ocr_par' dir='ltr' id='par_1_42' title="bbox 342 2611 1905 2688">
     <span class='ocr_line' id='line_1_42' title="bbox 342 2611 1905 2688; baseline 0.004 -24"><span class='ocrx_word' id='word_1_264' title='bbox 342 2611 635 2677; x_wconf 77' lang='grc' dir='ltr'>’Δπένεγκε</span> <span class='ocrx_word' id='word_1_265' title='bbox 666 2612 727 2665; x_wconf 87' lang='grc' dir='ltr'><strong>τὸ</strong></span> <span class='ocrx_word' id='word_1_266' title='bbox 755 2612 977 2684; x_wconf 81' lang='grc' dir='ltr'>ἄριστον</span> <span class='ocrx_word' id='word_1_267' title='bbox 1020 2614 1048 2667; x_wconf 86' lang='grc' dir='ltr'>ὃ</span> <span class='ocrx_word' id='word_1_268' title='bbox 1075 2614 1220 2686; x_wconf 77' lang='grc' dir='ltr'>ἔχεις</span> <span class='ocrx_word' id='word_1_269' title='bbox 1255 2615 1664 2688; x_wconf 39' lang='grc' dir='ltr'>είςᾼΒαϐυλῶνα</span> <span class='ocrx_word' id='word_1_270' title='bbox 1692 2618 1769 2688; x_wconf 81' lang='grc' dir='ltr'>τῷ</span> <span class='ocrx_word' id='word_1_271' title='bbox 1801 2619 1905 2672; x_wconf 91' lang='grc' dir='ltr'>Δα-</span> 
     </span>
    </p>
   </div>
   <div class='ocr_carea' id='block_1_43' title="bbox 332 2683 1374 2772">
    <p class='ocr_par' dir='ltr' id='par_1_43' title="bbox 332 2683 1374 2772">
     <span class='ocr_line' id='line_1_43' title="bbox 332 2683 1374 2772; baseline 0.006 -18"><span class='ocrx_word' id='word_1_272' title='bbox 332 2702 447 2772; x_wconf 76' lang='grc' dir='ltr'>νιὴλ</span> <span class='ocrx_word' id='word_1_273' title='bbox 476 2705 555 2765; x_wconf 81' lang='grc' dir='ltr'><strong>είς</strong></span> <span class='ocrx_word' id='word_1_274' title='bbox 579 2703 670 2754; x_wconf 84' lang='grc' dir='ltr'><strong>τὸν</strong></span> <span class='ocrx_word' id='word_1_275' title='bbox 707 2702 912 2757; x_wconf 83' lang='grc' dir='ltr'>λάκκον</span> <span class='ocrx_word' id='word_1_276' title='bbox 940 2705 1049 2759; x_wconf 88' lang='grc' dir='ltr'><strong>τῶν</strong></span> <span class='ocrx_word' id='word_1_277' title='bbox 1069 2683 1374 2760; x_wconf 41' lang='grc' dir='ltr'>λεόντων...</span> 
     </span>
    </p>
   </div>
   <div class='ocr_carea' id='block_1_44' title="bbox 399 2789 1905 2873">
    <p class='ocr_par' dir='ltr' id='par_1_44' title="bbox 399 2789 1905 2873">
     <span class='ocr_line' id='line_1_44' title="bbox 399 2789 1905 2873; baseline 0.002 -25"><span class='ocrx_word' id='word_1_278' title='bbox 399 2795 482 2850; x_wconf 69' lang='grc'><strong>54.</strong></span> <span class='ocrx_word' id='word_1_279' title='bbox 521 2796 632 2847; x_wconf 92' lang='lat' dir='ltr'><strong>Kal</strong></span> <span class='ocrx_word' id='word_1_280' title='bbox 670 2789 824 2847; x_wconf 80' lang='grc' dir='ltr'>εἶπεν</span> <span class='ocrx_word' id='word_1_281' title='bbox 876 2795 1219 2868; x_wconf 83' lang='grc' dir='ltr'>Ἀμϐακούμ.</span> <span class='ocrx_word' id='word_1_282' title='bbox 1263 2797 1455 2870; x_wconf 81' lang='grc' dir='ltr'>Κύριε,</span> <span class='ocrx_word' id='word_1_283' title='bbox 1474 2798 1771 2854; x_wconf 82' lang='grc' dir='ltr'>Βαϐυλῶνα</span> <span class='ocrx_word' id='word_1_284' title='bbox 1807 2800 1905 2873; x_wconf 86' lang='grc' dir='ltr'><strong>οὐχ</strong></span> 
     </span>
    </p>
   </div>
   <div class='ocr_carea' id='block_1_45' title="bbox 332 2886 1446 2957">
    <p class='ocr_par' dir='ltr' id='par_1_45' title="bbox 332 2886 1446 2957">
     <span class='ocr_line' id='line_1_45' title="bbox 332 2886 1446 2957; baseline 0.004 -19"><span class='ocrx_word' id='word_1_285' title='bbox 332 2886 569 2957; x_wconf 73' lang='grc' dir='ltr'>ἑώρακα,</span> <span class='ocrx_word' id='word_1_286' title='bbox 599 2887 692 2939; x_wconf 76' lang='grc' dir='ltr'><strong>καὶ</strong></span> <span class='ocrx_word' id='word_1_287' title='bbox 720 2887 810 2939; x_wconf 79' lang='grc' dir='ltr'><strong>τὸν</strong></span> <span class='ocrx_word' id='word_1_288' title='bbox 847 2886 1050 2940; x_wconf 84' lang='grc' dir='ltr'>λάκκον</span> <span class='ocrx_word' id='word_1_289' title='bbox 1081 2888 1143 2941; x_wconf 87' lang='grc' dir='ltr'><strong>οὐ</strong></span> <span class='ocrx_word' id='word_1_290' title='bbox 1171 2889 1446 2957; x_wconf 87' lang='grc' dir='ltr'>γινώσκω.</span> 
     </span>
    </p>
   </div>
   <div class='ocr_carea' id='block_1_46' title="bbox 400 2975 1904 3052">
    <p class='ocr_par' dir='ltr' id='par_1_46' title="bbox 400 2975 1904 3052">
     <span class='ocr_line' id='line_1_46' title="bbox 400 2975 1904 3052; baseline 0.007 -27"><span class='ocrx_word' id='word_1_291' title='bbox 400 2977 490 3034; x_wconf 83' lang='grc'><strong>55,</strong></span> <span class='ocrx_word' id='word_1_292' title='bbox 519 2977 628 3028; x_wconf 87' lang='lat' dir='ltr'><strong>Kal</strong></span> <span class='ocrx_word' id='word_1_293' title='bbox 655 2975 954 3029; x_wconf 80' lang='grc' dir='ltr'>ἐπελάϐετο</span> <span class='ocrx_word' id='word_1_294' title='bbox 977 2977 1006 3028; x_wconf 90' lang='lat'><strong>6</strong></span> <span class='ocrx_word' id='word_1_295' title='bbox 1033 2977 1265 3046; x_wconf 81' lang='grc' dir='ltr'>ἄγγελος</span> <span class='ocrx_word' id='word_1_296' title='bbox 1293 2979 1501 3049; x_wconf 83' lang='grc' dir='ltr'>Κυρίου</span> <span class='ocrx_word' id='word_1_297' title='bbox 1527 2981 1625 3052; x_wconf 86' lang='grc' dir='ltr'>τῆς</span> <span class='ocrx_word' id='word_1_298' title='bbox 1655 2981 1904 3052; x_wconf 82' lang='grc' dir='ltr'>κορυφῆς</span> 
     </span>
    </p>
   </div>
   <div class='ocr_carea' id='block_1_47' title="bbox 2006 1862 3578 1932">
    <p class='ocr_par' dir='ltr' id='par_1_47' title="bbox 2006 1862 3578 1932">
     <span class='ocr_line' id='line_1_47' title="bbox 2006 1862 3578 1932; baseline -0.004 -14"><span class='ocrx_word' id='word_1_299' title='bbox 2006 1873 2095 1918; x_wconf 88' lang='lat' dir='ltr'><strong>tur</strong></span> <span class='ocrx_word' id='word_1_300' title='bbox 2117 1865 2198 1919; x_wconf 90' lang='lat' dir='ltr'><strong>eis</strong></span> <span class='ocrx_word' id='word_1_301' title='bbox 2231 1863 2475 1932; x_wconf 89' lang='lat' dir='ltr'><strong>quotidie</strong></span> <span class='ocrx_word' id='word_1_302' title='bbox 2506 1863 2614 1917; x_wconf 92' lang='lat' dir='ltr'><strong>duo</strong></span> <span class='ocrx_word' id='word_1_303' title='bbox 2656 1876 2912 1932; x_wconf 88' lang='lat' dir='ltr'><strong>corpora,</strong></span> <span class='ocrx_word' id='word_1_304' title='bbox 2943 1871 2998 1916; x_wconf 86' lang='lat' dir='ltr'><strong>et</strong></span> <span class='ocrx_word' id='word_1_305' title='bbox 3047 1862 3169 1915; x_wconf 66' lang='lat' dir='ltr'><strong>dua:</strong></span> <span class='ocrx_word' id='word_1_306' title='bbox 3211 1874 3340 1912; x_wconf 86' lang='lat' dir='ltr'><strong>oves</strong></span> <span class='ocrx_word' id='word_1_307' title='bbox 3380 1878 3392 1912; x_wconf 88' lang='lat'><strong>:</strong></span> <span class='ocrx_word' id='word_1_308' title='bbox 3451 1869 3578 1912; x_wconf 88' lang='lat' dir='ltr'><strong>tunc</strong></span> 
     </span>
    </p>
   </div>
   <div class='ocr_carea' id='block_1_48' title="bbox 2005 1950 3576 2021">
    <p class='ocr_par' dir='ltr' id='par_1_48' title="bbox 2005 1950 3576 2021">
     <span class='ocr_line' id='line_1_48' title="bbox 2005 1950 3576 2021; baseline -0.006 -8"><span class='ocrx_word' id='word_1_309' title='bbox 2005 1968 2186 2013; x_wconf 91' lang='lat' dir='ltr'><strong>autem</strong></span> <span class='ocrx_word' id='word_1_310' title='bbox 2221 1973 2330 2013; x_wconf 92' lang='lat' dir='ltr'><strong>non</strong></span> <span class='ocrx_word' id='word_1_311' title='bbox 2365 1965 2494 2013; x_wconf 87' lang='lat' dir='ltr'><strong>sunt</strong></span> <span class='ocrx_word' id='word_1_312' title='bbox 2519 1956 2643 2011; x_wconf 87' lang='lat' dir='ltr'><strong>data</strong></span> <span class='ocrx_word' id='word_1_313' title='bbox 2673 1957 2773 2021; x_wconf 88' lang='lat' dir='ltr'><strong>eis,</strong></span> <span class='ocrx_word' id='word_1_314' title='bbox 2817 1966 2876 2011; x_wconf 89' lang='lat' dir='ltr'><strong>ut</strong></span> <span class='ocrx_word' id='word_1_315' title='bbox 2917 1954 3242 2009; x_wconf 77' lang='lat' dir='ltr'><strong>devorarent</strong></span> <span class='ocrx_word' id='word_1_316' title='bbox 3279 1950 3576 2006; x_wconf 82' lang='lat' dir='ltr'><strong>Daniclem.</strong></span> 
     </span>
    </p>
   </div>
   <div class='ocr_carea' id='block_1_49' title="bbox 2077 2149 3580 2222">
    <p class='ocr_par' dir='ltr' id='par_1_49' title="bbox 2077 2149 3580 2222">
     <span class='ocr_line' id='line_1_49' title="bbox 2077 2149 3580 2222; baseline -0.004 -11"><span class='ocrx_word' id='word_1_317' title='bbox 2077 2158 2168 2212; x_wconf 78' lang='grc'><strong>52.</strong></span> <span class='ocrx_word' id='word_1_318' title='bbox 2210 2155 2340 2210; x_wconf 86' lang='lat' dir='ltr'><strong>Erat</strong></span> <span class='ocrx_word' id='word_1_319' title='bbox 2370 2163 2552 2209; x_wconf 89' lang='lat' dir='ltr'><strong>autem</strong></span> <span class='ocrx_word' id='word_1_320' title='bbox 2580 2153 2882 2209; x_wconf 85' lang='lat' dir='ltr'><strong>Ambacum</strong></span> <span class='ocrx_word' id='word_1_321' title='bbox 2918 2151 3180 2222; x_wconf 81' lang='lat' dir='ltr'><strong>propheta</strong></span> <span class='ocrx_word' id='word_1_322' title='bbox 3221 2151 3274 2206; x_wconf 90' lang='lat' dir='ltr'><strong>in</strong></span> <span class='ocrx_word' id='word_1_323' title='bbox 3301 2149 3580 2216; x_wconf 64' lang='lat' dir='ltr'><strong>Judaea,et</strong></span> 
     </span>
    </p>
   </div>
   <div class='ocr_carea' id='block_1_50' title="bbox 2007 2244 3577 2322">
    <p class='ocr_par' dir='ltr' id='par_1_50' title="bbox 2007 2244 3577 2322">
     <span class='ocr_line' id='line_1_50' title="bbox 2007 2244 3577 2322; baseline -0.006 -16"><span class='ocrx_word' id='word_1_324' title='bbox 2007 2251 2123 2322; x_wconf 90' lang='lat' dir='ltr'><strong>ipse</strong></span> <span class='ocrx_word' id='word_1_325' title='bbox 2144 2257 2365 2304; x_wconf 77' lang='lat' dir='ltr'><strong>coxerat</strong></span> <span class='ocrx_word' id='word_1_326' title='bbox 2386 2249 2746 2317; x_wconf 88' lang='lat' dir='ltr'><strong>pulmentum,</strong></span> <span class='ocrx_word' id='word_1_327' title='bbox 2774 2256 2828 2300; x_wconf 89' lang='lat' dir='ltr'><strong>et</strong></span> <span class='ocrx_word' id='word_1_328' title='bbox 2864 2245 3146 2299; x_wconf 87' lang='lat' dir='ltr'><strong>intriverat</strong></span> <span class='ocrx_word' id='word_1_329' title='bbox 3199 2259 3368 2312; x_wconf 87' lang='lat' dir='ltr'><strong>panes</strong></span> <span class='ocrx_word' id='word_1_330' title='bbox 3413 2245 3467 2297; x_wconf 92' lang='lat' dir='ltr'><strong>in</strong></span> <span class='ocrx_word' id='word_1_331' title='bbox 3497 2244 3577 2298; x_wconf 87' lang='lat' dir='ltr'><strong>al-</strong></span> 
     </span>
    </p>
   </div>
   <div class='ocr_carea' id='block_1_51' title="bbox 2005 2337 3532 2410">
    <p class='ocr_par' dir='ltr' id='par_1_51' title="bbox 2005 2337 3532 2410">
     <span class='ocr_line' id='line_1_51' title="bbox 2005 2337 3532 2410; baseline -0.007 -9"><span class='ocrx_word' id='word_1_332' title='bbox 2005 2345 2162 2401; x_wconf 83' lang='lat' dir='ltr'><strong>veolo</strong></span> <span class='ocrx_word' id='word_1_333' title='bbox 2198 2360 2212 2396; x_wconf 91' lang='lat'><strong>:</strong></span> <span class='ocrx_word' id='word_1_334' title='bbox 2247 2351 2302 2398; x_wconf 89' lang='lat' dir='ltr'><strong>et</strong></span> <span class='ocrx_word' id='word_1_335' title='bbox 2335 2343 2448 2396; x_wconf 88' lang='lat' dir='ltr'><strong>ibat</strong></span> <span class='ocrx_word' id='word_1_336' title='bbox 2471 2342 2524 2395; x_wconf 91' lang='lat' dir='ltr'><strong>in</strong></span> <span class='ocrx_word' id='word_1_337' title='bbox 2551 2355 2826 2410; x_wconf 88' lang='lat' dir='ltr'><strong>campum,</strong></span> <span class='ocrx_word' id='word_1_338' title='bbox 2851 2346 2911 2392; x_wconf 89' lang='lat' dir='ltr'><strong>ut</strong></span> <span class='ocrx_word' id='word_1_339' title='bbox 2933 2337 3150 2392; x_wconf 74' lang='lat' dir='ltr'><strong>afferret</strong></span> <span class='ocrx_word' id='word_1_340' title='bbox 3175 2337 3532 2394; x_wconf 87' lang='lat' dir='ltr'><strong>messoribus.</strong></span> 
     </span>
    </p>
   </div>
   <div class='ocr_carea' id='block_1_52' title="bbox 2077 2509 3578 2590">
    <p class='ocr_par' dir='ltr' id='par_1_52' title="bbox 2077 2509 3578 2590">
     <span class='ocr_line' id='line_1_52' title="bbox 2077 2509 3578 2590; baseline -0.009 -11"><span class='ocrx_word' id='word_1_341' title='bbox 2077 2526 2164 2579; x_wconf 77' lang='grc'><strong>55.</strong></span> <span class='ocrx_word' id='word_1_342' title='bbox 2207 2521 2460 2590; x_wconf 84' lang='lat' dir='ltr'><strong>Dixitque</strong></span> <span class='ocrx_word' id='word_1_343' title='bbox 2496 2517 2721 2588; x_wconf 78' lang='lat' dir='ltr'><strong>angelus</strong></span> <span class='ocrx_word' id='word_1_344' title='bbox 2753 2515 2970 2571; x_wconf 91' lang='lat' dir='ltr'><strong>Domini</strong></span> <span class='ocrx_word' id='word_1_345' title='bbox 2998 2514 3063 2568; x_wconf 91' lang='lat' dir='ltr'><strong>ad</strong></span> <span class='ocrx_word' id='word_1_346' title='bbox 3101 2513 3400 2568; x_wconf 81' lang='lat' dir='ltr'><strong>Ambacum</strong></span> <span class='ocrx_word' id='word_1_347' title='bbox 3437 2509 3578 2566; x_wconf 85' lang='lat' dir='ltr'><strong>:Fer</strong></span> 
     </span>
    </p>
   </div>
   <div class='ocr_carea' id='block_1_53' title="bbox 2005 2601 3574 2686">
    <p class='ocr_par' dir='ltr' id='par_1_53' title="bbox 2005 2601 3574 2686">
     <span class='ocr_line' id='line_1_53' title="bbox 2005 2601 3574 2686; baseline -0.009 -17"><span class='ocrx_word' id='word_1_348' title='bbox 2005 2614 2318 2686; x_wconf 86' lang='lat' dir='ltr'><strong>prandium,</strong></span> <span class='ocrx_word' id='word_1_349' title='bbox 2365 2609 2512 2682; x_wconf 88' lang='lat' dir='ltr'><strong>quod</strong></span> <span class='ocrx_word' id='word_1_350' title='bbox 2573 2609 2762 2675; x_wconf 87' lang='lat' dir='ltr'><strong>habes,</strong></span> <span class='ocrx_word' id='word_1_351' title='bbox 2820 2608 2876 2662; x_wconf 91' lang='lat' dir='ltr'><strong>in</strong></span> <span class='ocrx_word' id='word_1_352' title='bbox 2911 2606 3240 2677; x_wconf 86' lang='lat' dir='ltr'><strong>Babylonem</strong></span> <span class='ocrx_word' id='word_1_353' title='bbox 3284 2602 3491 2657; x_wconf 85' lang='lat' dir='ltr'><strong>Danieli</strong></span> <span class='ocrx_word' id='word_1_354' title='bbox 3519 2601 3574 2656; x_wconf 90' lang='lat' dir='ltr'><strong>in</strong></span> 
     </span>
    </p>
   </div>
   <div class='ocr_carea' id='block_1_54' title="bbox 2006 2707 2458 2764">
    <p class='ocr_par' dir='ltr' id='par_1_54' title="bbox 2006 2707 2458 2764">
     <span class='ocr_line' id='line_1_54' title="bbox 2006 2707 2458 2764; baseline -0.018 0"><span class='ocrx_word' id='word_1_355' title='bbox 2006 2709 2183 2764; x_wconf 91' lang='lat' dir='ltr'><strong>lacum</strong></span> <span class='ocrx_word' id='word_1_356' title='bbox 2220 2707 2458 2758; x_wconf 88' lang='lat' dir='ltr'><strong>leonum.</strong></span> 
     </span>
    </p>
   </div>
   <div class='ocr_carea' id='block_1_55' title="bbox 2077 2787 3576 2858">
    <p class='ocr_par' dir='ltr' id='par_1_55' title="bbox 2077 2787 3576 2858">
     <span class='ocr_line' id='line_1_55' title="bbox 2077 2787 3576 2858; baseline -0.007 -6"><span class='ocrx_word' id='word_1_357' title='bbox 2077 2799 2166 2852; x_wconf 67' lang='grc'><strong>54.</strong></span> <span class='ocrx_word' id='word_1_358' title='bbox 2207 2795 2273 2849; x_wconf 87' lang='grc' dir='ltr'>Ει</span> <span class='ocrx_word' id='word_1_359' title='bbox 2298 2795 2437 2849; x_wconf 79' lang='lat' dir='ltr'><strong>dixit</strong></span> <span class='ocrx_word' id='word_1_360' title='bbox 2457 2793 2755 2848; x_wconf 79' lang='lat' dir='ltr'><strong>Ambacum</strong></span> <span class='ocrx_word' id='word_1_361' title='bbox 2786 2809 2800 2846; x_wconf 86' lang='lat'><strong>:</strong></span> <span class='ocrx_word' id='word_1_362' title='bbox 2835 2789 3087 2853; x_wconf 76' lang='lat' dir='ltr'><strong>Domine,</strong></span> <span class='ocrx_word' id='word_1_363' title='bbox 3115 2787 3442 2858; x_wconf 86' lang='lat' dir='ltr'><strong>Babylonem</strong></span> <span class='ocrx_word' id='word_1_364' title='bbox 3467 2800 3576 2841; x_wconf 88' lang='lat' dir='ltr'><strong>non</strong></span> 
     </span>
    </p>
   </div>
   <div class='ocr_carea' id='block_1_56' title="bbox 2005 2885 2664 2958">
    <p class='ocr_par' dir='ltr' id='par_1_56' title="bbox 2005 2885 2664 2958">
     <span class='ocr_line' id='line_1_56' title="bbox 2005 2885 2664 2958; baseline -0.014 -11"><span class='ocrx_word' id='word_1_365' title='bbox 2005 2891 2138 2958; x_wconf 78' lang='lat' dir='ltr'><strong>vidi,</strong></span> <span class='ocrx_word' id='word_1_366' title='bbox 2169 2899 2225 2945; x_wconf 89' lang='lat' dir='ltr'><strong>et</strong></span> <span class='ocrx_word' id='word_1_367' title='bbox 2253 2889 2429 2942; x_wconf 88' lang='lat' dir='ltr'><strong>lacum</strong></span> <span class='ocrx_word' id='word_1_368' title='bbox 2458 2885 2664 2940; x_wconf 91' lang='lat' dir='ltr'><strong>nescio.</strong></span> 
     </span>
    </p>
   </div>
   <div class='ocr_carea' id='block_1_57' title="bbox 2076 2969 3573 3052">
    <p class='ocr_par' dir='ltr' id='par_1_57' title="bbox 2076 2969 3573 3052">
     <span class='ocr_line' id='line_1_57' title="bbox 2076 2969 3573 3052; baseline -0.014 -11"><span class='ocrx_word' id='word_1_369' title='bbox 2076 2983 2168 3042; x_wconf 77' lang='grc'><strong>55.</strong></span> <span class='ocrx_word' id='word_1_370' title='bbox 2205 2983 2272 3038; x_wconf 88' lang='lat' dir='ltr'><strong>Et</strong></span> <span class='ocrx_word' id='word_1_371' title='bbox 2299 2977 2658 3052; x_wconf 87' lang='lat' dir='ltr'><strong>apprehendit</strong></span> <span class='ocrx_word' id='word_1_372' title='bbox 2683 2974 2908 3046; x_wconf 76' lang='lat' dir='ltr'><strong>angelus</strong></span> <span class='ocrx_word' id='word_1_373' title='bbox 2934 2973 3416 3028; x_wconf 83' lang='lat' dir='ltr'><strong>Dominiverticem</strong></span> <span class='ocrx_word' id='word_1_374' title='bbox 3433 2969 3573 3038; x_wconf 85' lang='lat' dir='ltr'><strong>ejus,</strong></span> 
     </span>
    </p>
   </div>
   <div class='ocr_carea' id='block_1_58' title="bbox 331 3059 1902 3166">
    <p class='ocr_par' dir='ltr' id='par_1_58' title="bbox 331 3067 1901 3145">
     <span class='ocr_line' id='line_1_58' title="bbox 331 3067 1901 3145; baseline 0.004 -24"><span class='ocrx_word' id='word_1_375' title='bbox 331 3067 515 3133; x_wconf 72' lang='grc' dir='ltr'>αὑτοῦ,</span> <span class='ocrx_word' id='word_1_376' title='bbox 552 3068 645 3120; x_wconf 80' lang='grc' dir='ltr'><strong>καὶ</strong></span> <span class='ocrx_word' id='word_1_377' title='bbox 671 3067 948 3138; x_wconf 84' lang='grc' dir='ltr'>βαστάσας</span> <span class='ocrx_word' id='word_1_378' title='bbox 973 3073 1072 3140; x_wconf 79' lang='grc' dir='ltr'>τῆς</span> <span class='ocrx_word' id='word_1_379' title='bbox 1095 3070 1273 3143; x_wconf 87' lang='grc' dir='ltr'>κόμης</span> <span class='ocrx_word' id='word_1_380' title='bbox 1300 3073 1400 3142; x_wconf 84' lang='grc' dir='ltr'>τῆς</span> <span class='ocrx_word' id='word_1_381' title='bbox 1441 3075 1682 3145; x_wconf 84' lang='grc' dir='ltr'>κεφαλῆς</span> <span class='ocrx_word' id='word_1_382' title='bbox 1714 3075 1901 3143; x_wconf 82' lang='grc' dir='ltr'>αὑτοῦ,</span> 
     </span>
    </p>
   </div>
   <div class='ocr_carea' id='block_1_59' title="bbox 2007 3059 3578 3166">
    <p class='ocr_par' dir='ltr' id='par_1_59' title="bbox 2007 3059 3578 3145">
     <span class='ocr_line' id='line_1_59' title="bbox 2007 3059 3578 3145; baseline -0.013 -14"><span class='ocrx_word' id='word_1_383' title='bbox 2007 3086 2061 3131; x_wconf 92' lang='lat' dir='ltr'><strong>et</strong></span> <span class='ocrx_word' id='word_1_384' title='bbox 2081 3085 2304 3145; x_wconf 83' lang='lat' dir='ltr'><strong>portans</strong></span> <span class='ocrx_word' id='word_1_385' title='bbox 2332 3085 2487 3126; x_wconf 90' lang='lat' dir='ltr'><strong>coma</strong></span> <span class='ocrx_word' id='word_1_386' title='bbox 2513 3069 2708 3138; x_wconf 88' lang='lat' dir='ltr'><strong>capitis</strong></span> <span class='ocrx_word' id='word_1_387' title='bbox 2733 3067 2873 3137; x_wconf 85' lang='lat' dir='ltr'><strong>ejus,</strong></span> <span class='ocrx_word' id='word_1_388' title='bbox 2918 3066 3102 3135; x_wconf 81' lang='lat' dir='ltr'><strong>posuit</strong></span> <span class='ocrx_word' id='word_1_389' title='bbox 3143 3078 3266 3118; x_wconf 90' lang='lat' dir='ltr'><strong>eum</strong></span> <span class='ocrx_word' id='word_1_390' title='bbox 3324 3061 3375 3114; x_wconf 92' lang='lat' dir='ltr'><strong>in</strong></span> <span class='ocrx_word' id='word_1_391' title='bbox 3411 3059 3578 3129; x_wconf 83' lang='lat' dir='ltr'><strong>Baby-</strong></span> 
     </span>
    </p>
   </div>
   <div class='ocr_carea' id='block_1_60' title="bbox 331 3156 1902 3236">
    <p class='ocr_par' dir='ltr' id='par_1_60' title="bbox 331 3161 1902 3236">
     <span class='ocr_line' id='line_1_60' title="bbox 331 3161 1902 3236; baseline 0.003 -21"><span class='ocrx_word' id='word_1_392' title='bbox 331 3164 523 3234; x_wconf 69' lang='grc' dir='ltr'>ἔθηκεν</span> <span class='ocrx_word' id='word_1_393' title='bbox 551 3163 714 3217; x_wconf 81' lang='grc' dir='ltr'>αὑτὸν</span> <span class='ocrx_word' id='word_1_394' title='bbox 747 3161 826 3223; x_wconf 85' lang='grc' dir='ltr'><strong>είς</strong></span> <span class='ocrx_word' id='word_1_395' title='bbox 849 3163 1144 3219; x_wconf 83' lang='grc' dir='ltr'>Βαϐυλῶνα</span> <span class='ocrx_word' id='word_1_396' title='bbox 1166 3165 1354 3219; x_wconf 80' lang='grc' dir='ltr'>ἐπάνω</span> <span class='ocrx_word' id='word_1_397' title='bbox 1369 3163 1464 3218; x_wconf 78' lang='grc' dir='ltr'>τοῦ</span> <span class='ocrx_word' id='word_1_398' title='bbox 1487 3165 1716 3232; x_wconf 84' lang='grc' dir='ltr'>λάκκου,</span> <span class='ocrx_word' id='word_1_399' title='bbox 1748 3167 1806 3219; x_wconf 83' lang='grc' dir='ltr'>ὲν</span> <span class='ocrx_word' id='word_1_400' title='bbox 1827 3165 1902 3236; x_wconf 83' lang='grc' dir='ltr'><strong>τῷ</strong></span> 
     </span>
    </p>
   </div>
   <div class='ocr_carea' id='block_1_61' title="bbox 2007 3156 3227 3236">
    <p class='ocr_par' dir='ltr' id='par_1_61' title="bbox 2007 3156 3227 3236">
     <span class='ocr_line' id='line_1_61' title="bbox 2007 3156 3227 3236; baseline -0.012 -12"><span class='ocrx_word' id='word_1_401' title='bbox 2007 3171 2128 3226; x_wconf 89' lang='lat' dir='ltr'><strong>lone</strong></span> <span class='ocrx_word' id='word_1_402' title='bbox 2153 3182 2317 3236; x_wconf 87' lang='lat' dir='ltr'><strong>supra</strong></span> <span class='ocrx_word' id='word_1_403' title='bbox 2347 3165 2526 3219; x_wconf 91' lang='lat' dir='ltr'><strong>lacum</strong></span> <span class='ocrx_word' id='word_1_404' title='bbox 2548 3165 2603 3216; x_wconf 92' lang='lat' dir='ltr'><strong>in</strong></span> <span class='ocrx_word' id='word_1_405' title='bbox 2636 3163 2842 3230; x_wconf 85' lang='lat' dir='ltr'><strong>impetu</strong></span> <span class='ocrx_word' id='word_1_406' title='bbox 2868 3158 3099 3229; x_wconf 81' lang='lat' dir='ltr'><strong>spiritus</strong></span> <span class='ocrx_word' id='word_1_407' title='bbox 3121 3156 3227 3210; x_wconf 91' lang='lat' dir='ltr'><strong>sui.</strong></span> 
     </span>
    </p>
   </div>
   <div class='ocr_carea' id='block_1_62' title="bbox 334 3254 1177 3327">
    <p class='ocr_par' dir='ltr' id='par_1_62' title="bbox 334 3254 1177 3327">
     <span class='ocr_line' id='line_1_62' title="bbox 334 3254 1177 3327; baseline 0.004 -21"><span class='ocrx_word' id='word_1_408' title='bbox 334 3254 496 3325; x_wconf 78' lang='grc' dir='ltr'>ῥοίζῳ</span> <span class='ocrx_word' id='word_1_409' title='bbox 524 3255 618 3308; x_wconf 74' lang='grc' dir='ltr'>τοῦ</span> <span class='ocrx_word' id='word_1_410' title='bbox 653 3255 962 3327; x_wconf 81' lang='grc' dir='ltr'>πνεύματος</span> <span class='ocrx_word' id='word_1_411' title='bbox 987 3255 1177 3310; x_wconf 83' lang='grc' dir='ltr'>αὐτοῦ.</span> 
     </span>
    </p>
   </div>
   <div class='ocr_carea' id='block_1_63' title="bbox 396 3349 1906 3424">
    <p class='ocr_par' dir='ltr' id='par_1_63' title="bbox 396 3349 1906 3424">
     <span class='ocr_line' id='line_1_63' title="bbox 396 3349 1906 3424; baseline -0.001 -19"><span class='ocrx_word' id='word_1_412' title='bbox 396 3352 486 3405; x_wconf 77' lang='lat'><strong>56.</strong></span> <span class='ocrx_word' id='word_1_413' title='bbox 514 3352 622 3404; x_wconf 87' lang='lat' dir='ltr'><strong>Kal</strong></span> <span class='ocrx_word' id='word_1_414' title='bbox 657 3350 884 3424; x_wconf 76' lang='grc' dir='ltr'>ἐϐόησεν</span> <span class='ocrx_word' id='word_1_415' title='bbox 940 3350 1264 3422; x_wconf 83' lang='grc' dir='ltr'>Ἀμϐακοὺμ</span> <span class='ocrx_word' id='word_1_416' title='bbox 1290 3349 1464 3419; x_wconf 85' lang='grc' dir='ltr'>λέγων</span> <span class='ocrx_word' id='word_1_417' title='bbox 1489 3367 1502 3382; x_wconf 89' lang='grc'><strong>·</strong></span> <span class='ocrx_word' id='word_1_418' title='bbox 1533 3349 1754 3421; x_wconf 83' lang='grc' dir='ltr'>Δανιὴλ,</span> <span class='ocrx_word' id='word_1_419' title='bbox 1775 3351 1906 3405; x_wconf 86' lang='grc' dir='ltr'>λάϐε</span> 
     </span>
    </p>
   </div>
   <div class='ocr_carea' id='block_1_64' title="bbox 331 3441 1386 3514">
    <p class='ocr_par' dir='ltr' id='par_1_64' title="bbox 331 3441 1386 3514">
     <span class='ocr_line' id='line_1_64' title="bbox 331 3441 1386 3514; baseline 0.002 -19"><span class='ocrx_word' id='word_1_420' title='bbox 331 3441 390 3495; x_wconf 83' lang='grc' dir='ltr'>τὸ</span> <span class='ocrx_word' id='word_1_421' title='bbox 413 3443 655 3514; x_wconf 69' lang='grc' dir='ltr'>ἄριστον,</span> <span class='ocrx_word' id='word_1_422' title='bbox 695 3442 724 3495; x_wconf 83' lang='grc' dir='ltr'><strong>ὂ</strong></span> <span class='ocrx_word' id='word_1_423' title='bbox 749 3442 1038 3496; x_wconf 80' lang='grc' dir='ltr'>ἀπέστειλέ</span> <span class='ocrx_word' id='word_1_424' title='bbox 1072 3459 1154 3496; x_wconf 90' lang='grc' dir='ltr'><strong>σοι</strong></span> <span class='ocrx_word' id='word_1_425' title='bbox 1183 3445 1212 3495; x_wconf 91' lang='lat'><strong>6</strong></span> <span class='ocrx_word' id='word_1_426' title='bbox 1232 3443 1386 3506; x_wconf 89' lang='grc' dir='ltr'>Θεός.</span> 
     </span>
    </p>
   </div>
   <div class='ocr_carea' id='block_1_65' title="bbox 399 3530 1902 3607">
    <p class='ocr_par' dir='ltr' id='par_1_65' title="bbox 399 3530 1902 3607">
     <span class='ocr_line' id='line_1_65' title="bbox 399 3530 1902 3607; baseline 0.001 -19"><span class='ocrx_word' id='word_1_427' title='bbox 399 3535 488 3589; x_wconf 78' lang='grc'><strong>57.</strong></span> <span class='ocrx_word' id='word_1_428' title='bbox 520 3533 626 3586; x_wconf 84' lang='lat' dir='ltr'><strong>Kal</strong></span> <span class='ocrx_word' id='word_1_429' title='bbox 657 3530 809 3587; x_wconf 76' lang='grc' dir='ltr'>εἶπεν</span> <span class='ocrx_word' id='word_1_430' title='bbox 828 3534 1030 3604; x_wconf 81' lang='grc' dir='ltr'>Δανιήλ</span> <span class='ocrx_word' id='word_1_431' title='bbox 1047 3550 1062 3565; x_wconf 84' lang='grc'><strong>·</strong></span> <span class='ocrx_word' id='word_1_432' title='bbox 1099 3535 1411 3607; x_wconf 81' lang='grc' dir='ltr'>Ἐμνήσθης</span> <span class='ocrx_word' id='word_1_433' title='bbox 1437 3536 1545 3607; x_wconf 87' lang='grc' dir='ltr'><strong>γάρ</strong></span> <span class='ocrx_word' id='word_1_434' title='bbox 1565 3552 1666 3607; x_wconf 88' lang='grc' dir='ltr'><strong>μου</strong></span> <span class='ocrx_word' id='word_1_435' title='bbox 1697 3537 1726 3592; x_wconf 89' lang='lat'><strong>6</strong></span> <span class='ocrx_word' id='word_1_436' title='bbox 1750 3535 1902 3603; x_wconf 85' lang='grc' dir='ltr'>Θεὸς,</span> 
     </span>
    </p>
   </div>
   <div class='ocr_carea' id='block_1_66' title="bbox 334 3624 1584 3694">
    <p class='ocr_par' dir='ltr' id='par_1_66' title="bbox 334 3624 1584 3694">
     <span class='ocr_line' id='line_1_66' title="bbox 334 3624 1584 3694; baseline 0.001 -17"><span class='ocrx_word' id='word_1_437' title='bbox 334 3626 423 3677; x_wconf 73' lang='grc' dir='ltr'><strong>καὶ</strong></span> <span class='ocrx_word' id='word_1_438' title='bbox 455 3625 553 3678; x_wconf 84' lang='grc' dir='ltr'><strong>οὑκ</strong></span> <span class='ocrx_word' id='word_1_439' title='bbox 579 3624 937 3693; x_wconf 76' lang='grc' dir='ltr'>ἐγκατέλιπες</span> <span class='ocrx_word' id='word_1_440' title='bbox 968 3625 1095 3690; x_wconf 84' lang='grc' dir='ltr'>τοὺς</span> <span class='ocrx_word' id='word_1_441' title='bbox 1124 3625 1454 3694; x_wconf 86' lang='grc' dir='ltr'>ἀγαπῶντάς</span> <span class='ocrx_word' id='word_1_442' title='bbox 1504 3643 1584 3681; x_wconf 90' lang='grc' dir='ltr'>σε.</span> 
     </span>
    </p>
   </div>
   <div class='ocr_carea' id='block_1_67' title="bbox 399 3717 1904 3788">
    <p class='ocr_par' dir='ltr' id='par_1_67' title="bbox 399 3717 1904 3788">
     <span class='ocr_line' id='line_1_67' title="bbox 399 3717 1904 3788; baseline -0.001 -14"><span class='ocrx_word' id='word_1_443' title='bbox 399 3717 489 3774; x_wconf 81' lang='grc'><strong>58.</strong></span> <span class='ocrx_word' id='word_1_444' title='bbox 544 3717 656 3770; x_wconf 85' lang='lat' dir='ltr'><strong>Kal</strong></span> <span class='ocrx_word' id='word_1_445' title='bbox 697 3717 936 3781; x_wconf 85' lang='grc' dir='ltr'>ἀναστὰς</span> <span class='ocrx_word' id='word_1_446' title='bbox 990 3718 1191 3786; x_wconf 86' lang='grc' dir='ltr'>Δανιὴλ</span> <span class='ocrx_word' id='word_1_447' title='bbox 1232 3717 1438 3788; x_wconf 74' lang='grc' dir='ltr'>ἔφαγεν</span> <span class='ocrx_word' id='word_1_448' title='bbox 1458 3735 1473 3750; x_wconf 78' lang='grc' dir='ltr'><strong>ο</strong></span> <span class='ocrx_word' id='word_1_449' title='bbox 1500 3720 1528 3772; x_wconf 91' lang='lat'><strong>6</strong></span> <span class='ocrx_word' id='word_1_450' title='bbox 1573 3717 1630 3771; x_wconf 83' lang='grc' dir='ltr'>δὲ</span> <span class='ocrx_word' id='word_1_451' title='bbox 1675 3718 1904 3788; x_wconf 80' lang='grc' dir='ltr'>ἄγγελος</span> 
     </span>
    </p>
   </div>
   <div class='ocr_carea' id='block_1_68' title="bbox 331 3807 1905 3882">
    <p class='ocr_par' dir='ltr' id='par_1_68' title="bbox 331 3807 1905 3882">
     <span class='ocr_line' id='line_1_68' title="bbox 331 3807 1905 3882; baseline 0.001 -19"><span class='ocrx_word' id='word_1_452' title='bbox 331 3809 423 3864; x_wconf 80' lang='grc' dir='ltr'>τοῦ</span> <span class='ocrx_word' id='word_1_453' title='bbox 455 3807 591 3862; x_wconf 86' lang='grc' dir='ltr'><strong>Θεοῦ</strong></span> <span class='ocrx_word' id='word_1_454' title='bbox 618 3809 1031 3881; x_wconf 82' lang='grc' dir='ltr'>ἀπεκατέστησε</span> <span class='ocrx_word' id='word_1_455' title='bbox 1071 3809 1164 3863; x_wconf 81' lang='grc' dir='ltr'>τὸν</span> <span class='ocrx_word' id='word_1_456' title='bbox 1207 3809 1532 3881; x_wconf 83' lang='grc' dir='ltr'>Ἀμϐακοὺμ</span> <span class='ocrx_word' id='word_1_457' title='bbox 1563 3809 1905 3882; x_wconf 83' lang='grc' dir='ltr'>παραχρῆμα</span> 
     </span>
    </p>
   </div>
   <div class='ocr_carea' id='block_1_69' title="bbox 333 3900 945 3956">
    <p class='ocr_par' dir='ltr' id='par_1_69' title="bbox 333 3900 945 3956">
     <span class='ocr_line' id='line_1_69' title="bbox 333 3900 945 3956; baseline 0.002 -2"><span class='ocrx_word' id='word_1_458' title='bbox 333 3903 424 3956; x_wconf 74' lang='grc' dir='ltr'><strong>ἐπὶ</strong></span> <span class='ocrx_word' id='word_1_459' title='bbox 452 3901 541 3955; x_wconf 84' lang='grc' dir='ltr'><strong>τὸν</strong></span> <span class='ocrx_word' id='word_1_460' title='bbox 572 3903 738 3956; x_wconf 84' lang='grc' dir='ltr'>τόπον</span> <span class='ocrx_word' id='word_1_461' title='bbox 758 3900 945 3956; x_wconf 83' lang='grc' dir='ltr'>αὐτοῦ.</span> 
     </span>
    </p>
   </div>
   <div class='ocr_carea' id='block_1_70' title="bbox 398 3991 1899 4068">
    <p class='ocr_par' dir='ltr' id='par_1_70' title="bbox 398 3991 1899 4068">
     <span class='ocr_line' id='line_1_70' title="bbox 398 3991 1899 4068; baseline -0.001 -20"><span class='ocrx_word' id='word_1_462' title='bbox 398 3994 487 4050; x_wconf 77' lang='lat'><strong>59.</strong></span> <span class='ocrx_word' id='word_1_463' title='bbox 527 3993 587 4047; x_wconf 84' lang='grc' dir='ltr'><strong>ὐ</strong></span> <span class='ocrx_word' id='word_1_464' title='bbox 616 3993 674 4046; x_wconf 88' lang='grc' dir='ltr'>δὲ</span> <span class='ocrx_word' id='word_1_465' title='bbox 696 3993 950 4064; x_wconf 83' lang='grc' dir='ltr'>βασιλεὺς</span> <span class='ocrx_word' id='word_1_466' title='bbox 969 3991 1102 4065; x_wconf 83' lang='grc' dir='ltr'>ἦλθε</span> <span class='ocrx_word' id='word_1_467' title='bbox 1125 3996 1192 4066; x_wconf 85' lang='grc' dir='ltr'>τῇ</span> <span class='ocrx_word' id='word_1_468' title='bbox 1228 3995 1413 4066; x_wconf 76' lang='grc' dir='ltr'>ἡμέρᾳ</span> <span class='ocrx_word' id='word_1_469' title='bbox 1443 3998 1509 4068; x_wconf 84' lang='grc' dir='ltr'>τῇ</span> <span class='ocrx_word' id='word_1_470' title='bbox 1537 3995 1736 4066; x_wconf 78' lang='grc' dir='ltr'>ἑϐδόμῃ</span> <span class='ocrx_word' id='word_1_471' title='bbox 1771 4011 1899 4047; x_wconf 86' lang='grc' dir='ltr'>πεν-</span> 
     </span>
    </p>
   </div>
   <div class='ocr_carea' id='block_1_71' title="bbox 2071 3329 3574 3402">
    <p class='ocr_par' dir='ltr' id='par_1_71' title="bbox 2071 3329 3574 3402">
     <span class='ocr_line' id='line_1_71' title="bbox 2071 3329 3574 3402; baseline -0.013 0"><span class='ocrx_word' id='word_1_472' title='bbox 2071 3347 2162 3402; x_wconf 80' lang='lat'><strong>&#39;56.</strong></span> <span class='ocrx_word' id='word_1_473' title='bbox 2201 3343 2270 3398; x_wconf 87' lang='lat' dir='ltr'><strong>Et</strong></span> <span class='ocrx_word' id='word_1_474' title='bbox 2288 3341 2547 3398; x_wconf 85' lang='lat' dir='ltr'><strong>clamavit</strong></span> <span class='ocrx_word' id='word_1_475' title='bbox 2570 3338 2894 3401; x_wconf 85' lang='lat' dir='ltr'><strong>Ambacum,</strong></span> <span class='ocrx_word' id='word_1_476' title='bbox 2921 3337 3109 3393; x_wconf 90' lang='lat' dir='ltr'><strong>dicens</strong></span> <span class='ocrx_word' id='word_1_477' title='bbox 3151 3351 3164 3388; x_wconf 90' lang='lat'><strong>:</strong></span> <span class='ocrx_word' id='word_1_478' title='bbox 3211 3329 3421 3396; x_wconf 89' lang='lat' dir='ltr'><strong>Daniel,</strong></span> <span class='ocrx_word' id='word_1_479' title='bbox 3449 3329 3574 3384; x_wconf 86' lang='lat' dir='ltr'><strong>tolle</strong></span> 
     </span>
    </p>
   </div>
   <div class='ocr_carea' id='block_1_72' title="bbox 2001 3427 2973 3510">
    <p class='ocr_par' dir='ltr' id='par_1_72' title="bbox 2001 3427 2973 3510">
     <span class='ocr_line' id='line_1_72' title="bbox 2001 3427 2973 3510; baseline -0.014 -17"><span class='ocrx_word' id='word_1_480' title='bbox 2001 3436 2313 3510; x_wconf 85' lang='lat' dir='ltr'><strong>prandium,</strong></span> <span class='ocrx_word' id='word_1_481' title='bbox 2339 3434 2486 3504; x_wconf 90' lang='lat' dir='ltr'><strong>quod</strong></span> <span class='ocrx_word' id='word_1_482' title='bbox 2509 3431 2656 3486; x_wconf 92' lang='lat' dir='ltr'><strong>misit</strong></span> <span class='ocrx_word' id='word_1_483' title='bbox 2688 3428 2784 3482; x_wconf 87' lang='lat' dir='ltr'><strong>tibi</strong></span> <span class='ocrx_word' id='word_1_484' title='bbox 2812 3427 2973 3482; x_wconf 91' lang='lat' dir='ltr'><strong>Deus.</strong></span> 
     </span>
    </p>
   </div>
   <div class='ocr_carea' id='block_1_73' title="bbox 2075 3510 3573 3582">
    <p class='ocr_par' dir='ltr' id='par_1_73' title="bbox 2075 3510 3573 3582">
     <span class='ocr_line' id='line_1_73' title="bbox 2075 3510 3573 3582; baseline -0.013 -1"><span class='ocrx_word' id='word_1_485' title='bbox 2075 3529 2163 3582; x_wconf 74' lang='lat'><strong>57.</strong></span> <span class='ocrx_word' id='word_1_486' title='bbox 2203 3524 2269 3578; x_wconf 89' lang='lat' dir='ltr'><strong>Et</strong></span> <span class='ocrx_word' id='word_1_487' title='bbox 2311 3525 2388 3578; x_wconf 89' lang='lat' dir='ltr'><strong>ait</strong></span> <span class='ocrx_word' id='word_1_488' title='bbox 2448 3521 2676 3576; x_wconf 85' lang='lat' dir='ltr'><strong>Daniel:</strong></span> <span class='ocrx_word' id='word_1_489' title='bbox 2723 3517 3065 3572; x_wconf 84' lang='lat' dir='ltr'><strong>Recordatus</strong></span> <span class='ocrx_word' id='word_1_490' title='bbox 3127 3530 3187 3568; x_wconf 86' lang='lat' dir='ltr'><strong>es</strong></span> <span class='ocrx_word' id='word_1_491' title='bbox 3240 3511 3439 3582; x_wconf 84' lang='lat' dir='ltr'><strong>quippe</strong></span> <span class='ocrx_word' id='word_1_492' title='bbox 3468 3510 3573 3563; x_wconf 90' lang='lat' dir='ltr'><strong>mei</strong></span> 
     </span>
    </p>
   </div>
   <div class='ocr_carea' id='block_1_74' title="bbox 2006 3611 3152 3684">
    <p class='ocr_par' dir='ltr' id='par_1_74' title="bbox 2006 3611 3152 3684">
     <span class='ocr_line' id='line_1_74' title="bbox 2006 3611 3152 3684; baseline -0.015 -7"><span class='ocrx_word' id='word_1_493' title='bbox 2006 3621 2173 3683; x_wconf 89' lang='lat' dir='ltr'><strong>Deus,</strong></span> <span class='ocrx_word' id='word_1_494' title='bbox 2199 3627 2252 3674; x_wconf 89' lang='lat' dir='ltr'><strong>et</strong></span> <span class='ocrx_word' id='word_1_495' title='bbox 2281 3633 2390 3672; x_wconf 90' lang='lat' dir='ltr'><strong>non</strong></span> <span class='ocrx_word' id='word_1_496' title='bbox 2411 3613 2746 3684; x_wconf 89' lang='lat' dir='ltr'><strong>dereliquisti</strong></span> <span class='ocrx_word' id='word_1_497' title='bbox 2772 3611 3059 3678; x_wconf 72' lang='lat' dir='ltr'><strong>diligentes</strong></span> <span class='ocrx_word' id='word_1_498' title='bbox 3081 3616 3152 3662; x_wconf 90' lang='lat' dir='ltr'><strong>te.</strong></span> 
     </span>
    </p>
   </div>
   <div class='ocr_carea' id='block_1_75' title="bbox 2076 3693 3578 3778">
    <p class='ocr_par' dir='ltr' id='par_1_75' title="bbox 2076 3693 3578 3778">
     <span class='ocr_line' id='line_1_75' title="bbox 2076 3693 3578 3778; baseline -0.013 -10"><span class='ocrx_word' id='word_1_499' title='bbox 2076 3713 2167 3768; x_wconf 75' lang='lat'><strong>&#39;58.</strong></span> <span class='ocrx_word' id='word_1_500' title='bbox 2210 3709 2560 3778; x_wconf 82' lang='lat' dir='ltr'><strong>Surgensque</strong></span> <span class='ocrx_word' id='word_1_501' title='bbox 2592 3703 2779 3759; x_wconf 86' lang='lat' dir='ltr'><strong>Daniel</strong></span> <span class='ocrx_word' id='word_1_502' title='bbox 2817 3700 3075 3757; x_wconf 90' lang='lat' dir='ltr'><strong>comedit.</strong></span> <span class='ocrx_word' id='word_1_503' title='bbox 3136 3697 3306 3751; x_wconf 86' lang='lat' dir='ltr'><strong>Porro</strong></span> <span class='ocrx_word' id='word_1_504' title='bbox 3350 3693 3578 3764; x_wconf 80' lang='lat' dir='ltr'><strong>angelus</strong></span> 
     </span>
    </p>
   </div>
   <div class='ocr_carea' id='block_1_76' title="bbox 2005 3787 3468 3861">
    <p class='ocr_par' dir='ltr' id='par_1_76' title="bbox 2005 3787 3468 3861">
     <span class='ocr_line' id='line_1_76' title="bbox 2005 3787 3468 3861; baseline -0.015 -1"><span class='ocrx_word' id='word_1_505' title='bbox 2005 3803 2103 3860; x_wconf 90' lang='lat' dir='ltr'><strong>Dei</strong></span> <span class='ocrx_word' id='word_1_506' title='bbox 2128 3800 2369 3861; x_wconf 85' lang='lat' dir='ltr'><strong>restituit</strong></span> <span class='ocrx_word' id='word_1_507' title='bbox 2385 3800 2688 3854; x_wconf 85' lang='lat' dir='ltr'><strong>Ambacum</strong></span> <span class='ocrx_word' id='word_1_508' title='bbox 2715 3791 3005 3850; x_wconf 82' lang='lat' dir='ltr'><strong>confestim</strong></span> <span class='ocrx_word' id='word_1_509' title='bbox 3034 3792 3088 3844; x_wconf 91' lang='lat' dir='ltr'><strong>in</strong></span> <span class='ocrx_word' id='word_1_510' title='bbox 3125 3789 3303 3842; x_wconf 87' lang='lat' dir='ltr'><strong>locum</strong></span> <span class='ocrx_word' id='word_1_511' title='bbox 3326 3787 3468 3854; x_wconf 86' lang='lat' dir='ltr'><strong>ejus.</strong></span> 
     </span>
    </p>
   </div>
   <div class='ocr_carea' id='block_1_77' title="bbox 2077 3983 3580 4060">
    <p class='ocr_par' dir='ltr' id='par_1_77' title="bbox 2077 3983 3580 4060">
     <span class='ocr_line' id='line_1_77' title="bbox 2077 3983 3580 4060; baseline -0.011 -4"><span class='ocrx_word' id='word_1_512' title='bbox 2077 4003 2168 4056; x_wconf 77' lang='lat'><strong>59.</strong></span> <span class='ocrx_word' id='word_1_513' title='bbox 2188 3999 2301 4054; x_wconf 81' lang='lat' dir='ltr'><strong>Rex</strong></span> <span class='ocrx_word' id='word_1_514' title='bbox 2318 4006 2499 4052; x_wconf 87' lang='lat' dir='ltr'><strong>autem</strong></span> <span class='ocrx_word' id='word_1_515' title='bbox 2522 3994 2669 4049; x_wconf 84' lang='lat' dir='ltr'><strong>venit</strong></span> <span class='ocrx_word' id='word_1_516' title='bbox 2691 3993 2778 4047; x_wconf 93' lang='lat' dir='ltr'><strong>die</strong></span> <span class='ocrx_word' id='word_1_517' title='bbox 2805 3991 3058 4060; x_wconf 87' lang='lat' dir='ltr'><strong>septimo,</strong></span> <span class='ocrx_word' id='word_1_518' title='bbox 3075 3997 3134 4042; x_wconf 94' lang='lat' dir='ltr'><strong>ut</strong></span> <span class='ocrx_word' id='word_1_519' title='bbox 3157 3988 3366 4056; x_wconf 81' lang='lat' dir='ltr'><strong>lugeret</strong></span> <span class='ocrx_word' id='word_1_520' title='bbox 3391 3983 3580 4039; x_wconf 89' lang='lat' dir='ltr'><strong>Danie-</strong></span> 
     </span>
    </p>
   </div>
   <div class='ocr_carea' id='block_1_78' title="bbox 337 4076 1902 4160">
    <p class='ocr_par' dir='ltr' id='par_1_78' title="bbox 337 4083 1899 4160">
     <span class='ocr_line' id='line_1_78' title="bbox 337 4083 1899 4160; baseline 0.001 -22"><span class='ocrx_word' id='word_1_521' title='bbox 337 4083 493 4156; x_wconf 78' lang='grc' dir='ltr'>θῆσαι</span> <span class='ocrx_word' id='word_1_522' title='bbox 535 4085 628 4138; x_wconf 78' lang='grc' dir='ltr'><strong>τὸν</strong></span> <span class='ocrx_word' id='word_1_523' title='bbox 661 4086 881 4158; x_wconf 82' lang='grc' dir='ltr'>Δανιὴλ,</span> <span class='ocrx_word' id='word_1_524' title='bbox 911 4088 1006 4140; x_wconf 64' lang='grc' dir='ltr'><strong>καλ⁵</strong></span> <span class='ocrx_word' id='word_1_525' title='bbox 1043 4083 1206 4160; x_wconf 84' lang='grc' dir='ltr'>ἦλθεν</span> <span class='ocrx_word' id='word_1_526' title='bbox 1239 4087 1334 4140; x_wconf 74' lang='grc' dir='ltr'><strong>ἐπὶ</strong></span> <span class='ocrx_word' id='word_1_527' title='bbox 1375 4087 1468 4141; x_wconf 85' lang='grc' dir='ltr'><strong>τὸν</strong></span> <span class='ocrx_word' id='word_1_528' title='bbox 1516 4087 1717 4141; x_wconf 89' lang='grc' dir='ltr'>λάκκον</span> <span class='ocrx_word' id='word_1_529' title='bbox 1743 4127 1758 4154; x_wconf 93' lang='grc'><strong>,</strong></span> <span class='ocrx_word' id='word_1_530' title='bbox 1804 4086 1899 4140; x_wconf 78' lang='grc' dir='ltr'><strong>καὶ</strong></span> 
     </span>
    </p>
   </div>
   <div class='ocr_carea' id='block_1_79' title="bbox 2007 4076 3578 4160">
    <p class='ocr_par' dir='ltr' id='par_1_79' title="bbox 2007 4076 3578 4157">
     <span class='ocr_line' id='line_1_79' title="bbox 2007 4076 3578 4157; baseline -0.011 -10"><span class='ocrx_word' id='word_1_531' title='bbox 2007 4094 2132 4157; x_wconf 89' lang='lat' dir='ltr'><strong>lem,</strong></span> <span class='ocrx_word' id='word_1_532' title='bbox 2164 4100 2218 4147; x_wconf 91' lang='lat' dir='ltr'><strong>et</strong></span> <span class='ocrx_word' id='word_1_533' title='bbox 2247 4089 2397 4144; x_wconf 88' lang='lat' dir='ltr'><strong>venit</strong></span> <span class='ocrx_word' id='word_1_534' title='bbox 2427 4088 2494 4142; x_wconf 89' lang='lat' dir='ltr'><strong>ad</strong></span> <span class='ocrx_word' id='word_1_535' title='bbox 2520 4086 2722 4150; x_wconf 90' lang='lat' dir='ltr'><strong>lacum,</strong></span> <span class='ocrx_word' id='word_1_536' title='bbox 2750 4093 2804 4139; x_wconf 91' lang='lat' dir='ltr'><strong>et</strong></span> <span class='ocrx_word' id='word_1_537' title='bbox 2825 4081 3082 4151; x_wconf 81' lang='lat' dir='ltr'><strong>respexit,</strong></span> <span class='ocrx_word' id='word_1_538' title='bbox 3118 4090 3172 4134; x_wconf 89' lang='lat' dir='ltr'><strong>et</strong></span> <span class='ocrx_word' id='word_1_539' title='bbox 3215 4093 3344 4132; x_wconf 89' lang='lat' dir='ltr'><strong>ecce</strong></span> <span class='ocrx_word' id='word_1_540' title='bbox 3393 4076 3578 4130; x_wconf 85' lang='lat' dir='ltr'><strong>Daniel</strong></span> 
     </span>
    </p>
   </div>
   <div class='ocr_carea' id='block_1_80' title="bbox 335 4173 1451 4248">
    <p class='ocr_par' dir='ltr' id='par_1_80' title="bbox 335 4173 1451 4248">
     <span class='ocr_line' id='line_1_80' title="bbox 335 4173 1451 4248; baseline 0.003 -21"><span class='ocrx_word' id='word_1_541' title='bbox 335 4173 612 4244; x_wconf 82' lang='grc' dir='ltr'>ἀνέϐλεψε,</span> <span class='ocrx_word' id='word_1_542' title='bbox 643 4177 736 4229; x_wconf 77' lang='grc' dir='ltr'>καὶ</span> <span class='ocrx_word' id='word_1_543' title='bbox 776 4176 886 4230; x_wconf 81' lang='grc' dir='ltr'>ἰδοὺ</span> <span class='ocrx_word' id='word_1_544' title='bbox 905 4176 1104 4248; x_wconf 83' lang='grc' dir='ltr'>Δανιὴλ</span> <span class='ocrx_word' id='word_1_545' title='bbox 1129 4174 1451 4247; x_wconf 83' lang='grc' dir='ltr'>καθήμενος.</span> 
     </span>
    </p>
   </div>
   <div class='ocr_carea' id='block_1_81' title="bbox 398 4267 1903 4342">
    <p class='ocr_par' dir='ltr' id='par_1_81' title="bbox 398 4267 1903 4342">
     <span class='ocr_line' id='line_1_81' title="bbox 398 4267 1903 4342; baseline -0.003 -18"><span class='ocrx_word' id='word_1_546' title='bbox 398 4267 486 4324; x_wconf 75' lang='grc'><strong>40.</strong></span> <span class='ocrx_word' id='word_1_547' title='bbox 519 4269 632 4322; x_wconf 88' lang='lat' dir='ltr'><strong>Kal</strong></span> <span class='ocrx_word' id='word_1_548' title='bbox 658 4268 955 4342; x_wconf 87' lang='grc' dir='ltr'>ἀνεϐόησεν</span> <span class='ocrx_word' id='word_1_549' title='bbox 991 4272 1019 4323; x_wconf 90' lang='lat'><strong>6</strong></span> <span class='ocrx_word' id='word_1_550' title='bbox 1065 4269 1320 4340; x_wconf 80' lang='grc' dir='ltr'>βασιλεὺς</span> <span class='ocrx_word' id='word_1_551' title='bbox 1352 4271 1504 4340; x_wconf 81' lang='grc' dir='ltr'>φωνῇ</span> <span class='ocrx_word' id='word_1_552' title='bbox 1545 4267 1775 4339; x_wconf 82' lang='grc' dir='ltr'>μεγάλῃ,</span> <span class='ocrx_word' id='word_1_553' title='bbox 1810 4269 1903 4321; x_wconf 76' lang='grc' dir='ltr'><strong>καὶ</strong></span> 
     </span>
    </p>
   </div>
   <div class='ocr_carea' id='block_1_82' title="bbox 335 4355 1626 4434">
    <p class='ocr_par' dir='ltr' id='par_1_82' title="bbox 335 4355 1626 4434">
     <span class='ocr_line' id='line_1_82' title="bbox 335 4355 1626 4434; baseline 0.001 -21"><span class='ocrx_word' id='word_1_554' title='bbox 335 4355 484 4414; x_wconf 81' lang='grc' dir='ltr'>εἶπεν</span> <span class='ocrx_word' id='word_1_555' title='bbox 504 4379 520 4393; x_wconf 77' lang='grc' dir='ltr'><strong>ο</strong></span> <span class='ocrx_word' id='word_1_556' title='bbox 545 4362 738 4430; x_wconf 80' lang='grc' dir='ltr'>Μέγας</span> <span class='ocrx_word' id='word_1_557' title='bbox 763 4359 834 4429; x_wconf 76' lang='grc' dir='ltr'>εἷ,</span> <span class='ocrx_word' id='word_1_558' title='bbox 874 4363 1048 4434; x_wconf 78' lang='grc' dir='ltr'>Κύριε</span> <span class='ocrx_word' id='word_1_559' title='bbox 1069 4365 1097 4417; x_wconf 90' lang='lat'><strong>6</strong></span> <span class='ocrx_word' id='word_1_560' title='bbox 1122 4362 1254 4426; x_wconf 84' lang='grc' dir='ltr'>Θεὸς</span> <span class='ocrx_word' id='word_1_561' title='bbox 1278 4361 1372 4415; x_wconf 83' lang='grc' dir='ltr'>τοῦ</span> <span class='ocrx_word' id='word_1_562' title='bbox 1406 4361 1626 4432; x_wconf 83' lang='grc' dir='ltr'>Δανιήλ.</span> 
     </span>
    </p>
   </div>
   <div class='ocr_carea' id='block_1_83' title="bbox 401 4446 1909 4523">
    <p class='ocr_par' dir='ltr' id='par_1_83' title="bbox 401 4446 1909 4523">
     <span class='ocr_line' id='line_1_83' title="bbox 401 4446 1909 4523; baseline -0.003 -15"><span class='ocrx_word' id='word_1_563' title='bbox 401 4453 490 4508; x_wconf 74' lang='grc' dir='ltr'><strong>Η.</strong></span> <span class='ocrx_word' id='word_1_564' title='bbox 526 4454 639 4508; x_wconf 89' lang='lat' dir='ltr'><strong>Kal</strong></span> <span class='ocrx_word' id='word_1_565' title='bbox 681 4455 987 4508; x_wconf 81' lang='grc' dir='ltr'>ἀνέσπασεν</span> <span class='ocrx_word' id='word_1_566' title='bbox 1033 4455 1216 4512; x_wconf 84' lang='grc' dir='ltr'>αὐτόν.</span> <span class='ocrx_word' id='word_1_567' title='bbox 1267 4446 1407 4516; x_wconf 81' lang='grc' dir='ltr'>Τὸὺς</span> <span class='ocrx_word' id='word_1_568' title='bbox 1453 4453 1510 4505; x_wconf 82' lang='grc' dir='ltr'>δὲ</span> <span class='ocrx_word' id='word_1_569' title='bbox 1558 4452 1762 4515; x_wconf 82' lang='grc' dir='ltr'>αἰτίους</span> <span class='ocrx_word' id='word_1_570' title='bbox 1809 4455 1909 4523; x_wconf 82' lang='grc' dir='ltr'>τῆς</span> 
     </span>
    </p>
   </div>
   <div class='ocr_carea' id='block_1_84' title="bbox 335 4544 1908 4618">
    <p class='ocr_par' dir='ltr' id='par_1_84' title="bbox 335 4544 1908 4618">
     <span class='ocr_line' id='line_1_84' title="bbox 335 4544 1908 4618; baseline 0.002 -22"><span class='ocrx_word' id='word_1_571' title='bbox 335 4545 602 4610; x_wconf 79' lang='grc' dir='ltr'>ἀπωλείας</span> <span class='ocrx_word' id='word_1_572' title='bbox 641 4545 808 4599; x_wconf 83' lang='grc' dir='ltr'>αὑτοῦ</span> <span class='ocrx_word' id='word_1_573' title='bbox 847 4546 1089 4614; x_wconf 77' lang='grc' dir='ltr'>ἐνέϐαλε,</span> <span class='ocrx_word' id='word_1_574' title='bbox 1125 4549 1219 4601; x_wconf 67' lang='grc' dir='ltr'>καὶ</span> <span class='ocrx_word' id='word_1_575' title='bbox 1257 4544 1683 4618; x_wconf 82' lang='grc' dir='ltr'>κατεϐρώθησαν</span> <span class='ocrx_word' id='word_1_576' title='bbox 1729 4561 1908 4614; x_wconf 85' lang='grc' dir='ltr'>παρα-</span> 
     </span>
    </p>
   </div>
   <div class='ocr_carea' id='block_1_85' title="bbox 337 4636 1004 4709">
    <p class='ocr_par' dir='ltr' id='par_1_85' title="bbox 337 4636 1004 4709">
     <span class='ocr_line' id='line_1_85' title="bbox 337 4636 1004 4709; baseline -0.001 -19"><span class='ocrx_word' id='word_1_577' title='bbox 337 4636 521 4709; x_wconf 81' lang='grc' dir='ltr'>χρῆμα</span> <span class='ocrx_word' id='word_1_578' title='bbox 551 4637 782 4692; x_wconf 72' lang='grc' dir='ltr'>ἐνώπιον</span> <span class='ocrx_word' id='word_1_579' title='bbox 816 4637 1004 4690; x_wconf 82' lang='grc' dir='ltr'>αὐτοῦ.</span> 
     </span>
    </p>
   </div>
   <div class='ocr_carea' id='block_1_86' title="bbox 1934 4185 2219 4276">
    <p class='ocr_par' dir='ltr' id='par_1_86' title="bbox 1934 4185 2219 4276">
     <span class='ocr_line' id='line_1_86' title="bbox 1934 4185 2219 4276; baseline 0 0"><span class='ocrx_word' id='word_1_580' title='bbox 1934 4221 1980 4276; x_wconf 85' lang='lat' dir='ltr'><strong>n</strong></span> <span class='ocrx_word' id='word_1_581' title='bbox 2005 4185 2219 4276; x_wconf 49' lang='grc' dir='ltr'><strong>δείξίῖηθτ</strong></span> 
     </span>
    </p>
   </div>
   <div class='ocr_carea' id='block_1_87' title="bbox 2074 4256 3579 4334">
    <p class='ocr_par' dir='ltr' id='par_1_87' title="bbox 2074 4256 3579 4334">
     <span class='ocr_line' id='line_1_87' title="bbox 2074 4256 3579 4334; baseline -0.011 -6"><span class='ocrx_word' id='word_1_582' title='bbox 2074 4275 2164 4328; x_wconf 75' lang='grc'><strong>40.</strong></span> <span class='ocrx_word' id='word_1_583' title='bbox 2207 4273 2272 4330; x_wconf 83' lang='grc' dir='ltr'>Ει</span> <span class='ocrx_word' id='word_1_584' title='bbox 2296 4269 2622 4327; x_wconf 85' lang='lat' dir='ltr'><strong>exclamavit</strong></span> <span class='ocrx_word' id='word_1_585' title='bbox 2650 4283 2744 4323; x_wconf 78' lang='lat' dir='ltr'><strong>rex</strong></span> <span class='ocrx_word' id='word_1_586' title='bbox 2774 4280 2908 4320; x_wconf 87' lang='lat' dir='ltr'><strong>voce</strong></span> <span class='ocrx_word' id='word_1_587' title='bbox 2961 4278 3174 4334; x_wconf 86' lang='lat' dir='ltr'><strong>magna,</strong></span> <span class='ocrx_word' id='word_1_588' title='bbox 3228 4271 3281 4316; x_wconf 84' lang='lat' dir='ltr'><strong>et</strong></span> <span class='ocrx_word' id='word_1_589' title='bbox 3309 4260 3422 4315; x_wconf 90' lang='lat' dir='ltr'><strong>ait:</strong></span> <span class='ocrx_word' id='word_1_590' title='bbox 3465 4256 3579 4312; x_wconf 69' lang='lat' dir='ltr'><strong>Man</strong></span> 
     </span>
    </p>
   </div>
   <div class='ocr_carea' id='block_1_88' title="bbox 2008 4358 2963 4439">
    <p class='ocr_par' dir='ltr' id='par_1_88' title="bbox 2008 4358 2963 4439">
     <span class='ocr_line' id='line_1_88' title="bbox 2008 4358 2963 4439; baseline -0.012 -18"><span class='ocrx_word' id='word_1_591' title='bbox 2008 4381 2149 4439; x_wconf 87' lang='lat' dir='ltr'><strong>gnus</strong></span> <span class='ocrx_word' id='word_1_592' title='bbox 2176 4381 2256 4431; x_wconf 91' lang='lat' dir='ltr'><strong>es,</strong></span> <span class='ocrx_word' id='word_1_593' title='bbox 2289 4364 2516 4419; x_wconf 90' lang='lat' dir='ltr'><strong>Domine</strong></span> <span class='ocrx_word' id='word_1_594' title='bbox 2540 4361 2681 4416; x_wconf 87' lang='lat' dir='ltr'><strong>Deus</strong></span> <span class='ocrx_word' id='word_1_595' title='bbox 2704 4358 2963 4414; x_wconf 88' lang='lat' dir='ltr'><strong>Danielis.</strong></span> 
     </span>
    </p>
   </div>
   <div class='ocr_carea' id='block_1_89' title="bbox 2077 4441 3575 4516">
    <p class='ocr_par' dir='ltr' id='par_1_89' title="bbox 2077 4441 3575 4516">
     <span class='ocr_line' id='line_1_89' title="bbox 2077 4441 3575 4516; baseline -0.013 -3"><span class='ocrx_word' id='word_1_596' title='bbox 2077 4460 2168 4513; x_wconf 76' lang='grc'><strong>41.</strong></span> <span class='ocrx_word' id='word_1_597' title='bbox 2211 4459 2277 4512; x_wconf 84' lang='lat' dir='ltr'><strong>Et</strong></span> <span class='ocrx_word' id='word_1_598' title='bbox 2298 4455 2536 4511; x_wconf 82' lang='lat' dir='ltr'><strong>extraxit</strong></span> <span class='ocrx_word' id='word_1_599' title='bbox 2562 4468 2707 4508; x_wconf 89' lang='lat' dir='ltr'><strong>cum.</strong></span> <span class='ocrx_word' id='word_1_600' title='bbox 2737 4450 2910 4505; x_wconf 89' lang='lat' dir='ltr'><strong>Porro</strong></span> <span class='ocrx_word' id='word_1_601' title='bbox 2945 4448 3090 4512; x_wconf 90' lang='lat' dir='ltr'><strong>illos,</strong></span> <span class='ocrx_word' id='word_1_602' title='bbox 3125 4447 3214 4516; x_wconf 93' lang='lat' dir='ltr'><strong>qui</strong></span> <span class='ocrx_word' id='word_1_603' title='bbox 3257 4441 3575 4514; x_wconf 82' lang='lat' dir='ltr'><strong>perditionis</strong></span> 
     </span>
    </p>
   </div>
   <div class='ocr_carea' id='block_1_90' title="bbox 2006 4534 3572 4617">
    <p class='ocr_par' dir='ltr' id='par_1_90' title="bbox 2006 4534 3572 4617">
     <span class='ocr_line' id='line_1_90' title="bbox 2006 4534 3572 4617; baseline -0.013 -14"><span class='ocrx_word' id='word_1_604' title='bbox 2006 4547 2126 4617; x_wconf 84' lang='lat' dir='ltr'><strong>ejus</strong></span> <span class='ocrx_word' id='word_1_605' title='bbox 2160 4559 2325 4602; x_wconf 89' lang='lat' dir='ltr'><strong>causa</strong></span> <span class='ocrx_word' id='word_1_606' title='bbox 2354 4543 2591 4607; x_wconf 83' lang='lat' dir='ltr'><strong>fuerant,</strong></span> <span class='ocrx_word' id='word_1_607' title='bbox 2622 4540 2828 4610; x_wconf 84' lang='lat' dir='ltr'><strong>injecit,</strong></span> <span class='ocrx_word' id='word_1_608' title='bbox 2861 4547 2914 4594; x_wconf 89' lang='lat' dir='ltr'><strong>et</strong></span> <span class='ocrx_word' id='word_1_609' title='bbox 2941 4537 3183 4593; x_wconf 83' lang='lat' dir='ltr'><strong>devorati</strong></span> <span class='ocrx_word' id='word_1_610' title='bbox 3217 4542 3344 4590; x_wconf 91' lang='lat' dir='ltr'><strong>sunt</strong></span> <span class='ocrx_word' id='word_1_611' title='bbox 3368 4534 3421 4587; x_wconf 92' lang='lat' dir='ltr'><strong>in</strong></span> <span class='ocrx_word' id='word_1_612' title='bbox 3445 4545 3572 4584; x_wconf 89' lang='lat' dir='ltr'><strong>mo-</strong></span> 
     </span>
    </p>
   </div>
   <div class='ocr_carea' id='block_1_91' title="bbox 2007 4646 2518 4694">
    <p class='ocr_par' dir='ltr' id='par_1_91' title="bbox 2007 4646 2518 4694">
     <span class='ocr_line' id='line_1_91' title="bbox 2007 4646 2518 4694; baseline -0.01 -3"><span class='ocrx_word' id='word_1_613' title='bbox 2007 4646 2194 4694; x_wconf 90' lang='lat' dir='ltr'><strong>mento</strong></span> <span class='ocrx_word' id='word_1_614' title='bbox 2219 4649 2402 4691; x_wconf 87' lang='lat' dir='ltr'><strong>coram</strong></span> <span class='ocrx_word' id='word_1_615' title='bbox 2433 4649 2518 4689; x_wconf 72' lang='grc' dir='ltr'><strong>ΘΟ.</strong></span> 
     </span>
    </p>
   </div>
   <div class='ocr_carea' id='block_1_92' title="bbox 1514 4850 2377 4901">
    <p class='ocr_par' dir='ltr' id='par_1_92' title="bbox 1514 4850 2377 4901">
     <span class='ocr_line' id='line_1_92' title="bbox 1514 4850 2377 4901; baseline -0.003 -11"><span class='ocrx_word' id='word_1_616' title='bbox 1514 4850 1865 4891; x_wconf 70' lang='grc' dir='ltr'>ιιιεκΑΡιοκωι</span> <span class='ocrx_word' id='word_1_617' title='bbox 1898 4851 2015 4901; x_wconf 67' lang='grc' dir='ltr'>ουιε</span> <span class='ocrx_word' id='word_1_618' title='bbox 2051 4850 2354 4892; x_wconf 64' lang='grc' dir='ltr'>δυρειιευιςτ</span> <span class='ocrx_word' id='word_1_619' title='bbox 2364 4873 2377 4888; x_wconf 83' lang='lat'><strong>.</strong></span> 
     </span>
    </p>
   </div>
   <div class='ocr_carea' id='block_1_93' title="bbox 1414 4989 2559 5055">
    <p class='ocr_par' dir='ltr' id='par_1_93' title="bbox 1414 4989 2559 5055">
     <span class='ocr_line' id='line_1_93' title="bbox 1414 4989 2559 5055; baseline -0.001 -4"><span class='ocrx_word' id='word_1_620' title='bbox 1414 4990 1790 5055; x_wconf 82' lang='lat' dir='ltr'><strong>DANIELIS</strong></span> <span class='ocrx_word' id='word_1_621' title='bbox 1881 4993 2144 5055; x_wconf 87' lang='lat' dir='ltr'><strong>CAPUT</strong></span> <span class='ocrx_word' id='word_1_622' title='bbox 2221 4989 2559 5052; x_wconf 80' lang='lat' dir='ltr'><strong>PRIMUM.</strong></span> 
     </span>
    </p>
   </div>
   <div class='ocr_carea' id='block_1_94' title="bbox 337 5158 1906 5246">
    <p class='ocr_par' dir='ltr' id='par_1_94' title="bbox 337 5158 1906 5246">
     <span class='ocr_line' id='line_1_94' title="bbox 337 5158 1906 5246; baseline 0 -32"><span class='ocrx_word' id='word_1_623' title='bbox 337 5169 493 5223; x_wconf 50' lang='lat' dir='ltr'><strong>sum</strong></span> <span class='ocrx_word' id='word_1_624' title='bbox 527 5167 656 5246; x_wconf 72' lang='grc' dir='ltr'>γ-νι</span> <span class='ocrx_word' id='word_1_625' title='bbox 690 5159 727 5214; x_wconf 71' lang='grc'><strong>2</strong></span> <span class='ocrx_word' id='word_1_626' title='bbox 796 5159 858 5216; x_wconf 86' lang='grc' dir='ltr'><strong>Θ.</strong></span> <span class='ocrx_word' id='word_1_627' title='bbox 893 5159 986 5224; x_wconf 84' lang='grc' dir='ltr'>Είς</span> <span class='ocrx_word' id='word_1_628' title='bbox 1002 5161 1106 5231; x_wconf 82' lang='grc' dir='ltr'><strong>γῆν</strong></span> <span class='ocrx_word' id='word_1_629' title='bbox 1134 5161 1392 5232; x_wconf 86' lang='grc' dir='ltr'>Σενναάρ.</span> <span class='ocrx_word' id='word_1_630' title='bbox 1421 5161 1666 5227; x_wconf 78' lang='grc' dir='ltr'>Ἀλλος,</span> <span class='ocrx_word' id='word_1_631' title='bbox 1697 5162 1776 5224; x_wconf 79' lang='grc' dir='ltr'>εἰς</span> <span class='ocrx_word' id='word_1_632' title='bbox 1803 5158 1906 5230; x_wconf 82' lang='grc' dir='ltr'>γῆν</span> 
     </span>
    </p>
   </div>
   <div class='ocr_carea' id='block_1_95' title="bbox 341 5250 690 5320">
    <p class='ocr_par' dir='ltr' id='par_1_95' title="bbox 341 5250 690 5320">
     <span class='ocr_line' id='line_1_95' title="bbox 341 5250 690 5320; baseline 0.011 -18"><span class='ocrx_word' id='word_1_633' title='bbox 341 5250 690 5320; x_wconf 66' lang='grc' dir='ltr'>Βαϐυλῶνοςά</span> 
     </span>
    </p>
   </div>
   <div class='ocr_carea' id='block_1_96' title="bbox 338 5323 1904 5412">
    <p class='ocr_par' dir='ltr' id='par_1_96' title="bbox 338 5323 1904 5412">
     <span class='ocr_line' id='line_1_96' title="bbox 338 5323 1904 5412; baseline -0.005 -10"><span class='ocrx_word' id='word_1_634' title='bbox 338 5348 522 5402; x_wconf 68' lang='grc' dir='ltr'>ὨΟΊἾΟ</span> <span class='ocrx_word' id='word_1_635' title='bbox 560 5355 637 5402; x_wconf 75' lang='grc' dir='ltr'><strong>ΣιἾ</strong></span> <span class='ocrx_word' id='word_1_636' title='bbox 673 5323 894 5404; x_wconf 59' lang='grc' dir='ltr'>τιεωὸ</span> <span class='ocrx_word' id='word_1_637' title='bbox 928 5343 961 5397; x_wconf 80' lang='grc'>5</span> <span class='ocrx_word' id='word_1_638' title='bbox 1031 5342 1095 5398; x_wconf 89' lang='grc' dir='ltr'><strong>Θ.</strong></span> <span class='ocrx_word' id='word_1_639' title='bbox 1152 5341 1230 5412; x_wconf 76' lang='grc' dir='ltr'>τῷ</span> <span class='ocrx_word' id='word_1_640' title='bbox 1265 5341 1535 5411; x_wconf 80' lang='grc' dir='ltr'>Ἀσφανὲζ</span> <span class='ocrx_word' id='word_1_641' title='bbox 1566 5341 1646 5411; x_wconf 77' lang='grc' dir='ltr'>τῷ</span> <span class='ocrx_word' id='word_1_642' title='bbox 1680 5346 1904 5412; x_wconf 83' lang='grc' dir='ltr'>ἀρχιευ-</span> 
     </span>
    </p>
   </div>
   <div class='ocr_carea' id='block_1_97' title="bbox 340 5433 1902 5506">
    <p class='ocr_par' dir='ltr' id='par_1_97' title="bbox 340 5433 1902 5506">
     <span class='ocr_line' id='line_1_97' title="bbox 340 5433 1902 5506; baseline -0.002 -18"><span class='ocrx_word' id='word_1_643' title='bbox 340 5434 512 5506; x_wconf 81' lang='grc' dir='ltr'>νούχῳ</span> <span class='ocrx_word' id='word_1_644' title='bbox 541 5435 731 5490; x_wconf 80' lang='grc' dir='ltr'>αὑτοῦ.</span> <span class='ocrx_word' id='word_1_645' title='bbox 767 5437 1012 5500; x_wconf 74' lang='grc' dir='ltr'>Ἄλλος,</span> <span class='ocrx_word' id='word_1_646' title='bbox 1061 5434 1362 5504; x_wconf 70' lang='grc' dir='ltr'>’Δϐδιεζδρὶ</span> <span class='ocrx_word' id='word_1_647' title='bbox 1387 5435 1694 5506; x_wconf 87' lang='grc' dir='ltr'>διδασκάλῳ</span> <span class='ocrx_word' id='word_1_648' title='bbox 1713 5433 1902 5488; x_wconf 81' lang='grc' dir='ltr'>εὐνούο</span> 
     </span>
    </p>
   </div>
   <div class='ocr_carea' id='block_1_98' title="bbox 342 5529 648 5596">
    <p class='ocr_par' dir='ltr' id='par_1_98' title="bbox 342 5529 648 5596">
     <span class='ocr_line' id='line_1_98' title="bbox 342 5529 648 5596; baseline 0.01 -15"><span class='ocrx_word' id='word_1_649' title='bbox 342 5545 447 5596; x_wconf 76' lang='grc' dir='ltr'>χων</span> <span class='ocrx_word' id='word_1_650' title='bbox 466 5531 530 5583; x_wconf 78' lang='grc' dir='ltr'>αὐ</span> <span class='ocrx_word' id='word_1_651' title='bbox 540 5529 648 5584; x_wconf 83' lang='grc' dir='ltr'>τοῦ.</span> 
     </span>
    </p>
   </div>
   <div class='ocr_carea' id='block_1_99' title="bbox 2086 5155 3579 5228">
    <p class='ocr_par' dir='ltr' id='par_1_99' title="bbox 2086 5155 3579 5228">
     <span class='ocr_line' id='line_1_99' title="bbox 2086 5155 3579 5228; baseline 0.001 -16"><span class='ocrx_word' id='word_1_652' title='bbox 2086 5158 2143 5214; x_wconf 77' lang='lat'><strong>2.</strong></span> <span class='ocrx_word' id='word_1_653' title='bbox 2182 5157 2318 5214; x_wconf 87' lang='lat' dir='ltr'><strong>Heb.</strong></span> <span class='ocrx_word' id='word_1_654' title='bbox 2351 5159 2406 5212; x_wconf 84' lang='lat' dir='ltr'><strong>in</strong></span> <span class='ocrx_word' id='word_1_655' title='bbox 2438 5167 2634 5213; x_wconf 89' lang='lat' dir='ltr'><strong>terram</strong></span> <span class='ocrx_word' id='word_1_656' title='bbox 2671 5156 2858 5213; x_wconf 86' lang='lat' dir='ltr'><strong>Senar.</strong></span> <span class='ocrx_word' id='word_1_657' title='bbox 2901 5155 3004 5212; x_wconf 86' lang='lat' dir='ltr'><strong>Th.</strong></span> <span class='ocrx_word' id='word_1_658' title='bbox 3043 5155 3198 5228; x_wconf 81' lang='lat' dir='ltr'><strong>Vulg.</strong></span> <span class='ocrx_word' id='word_1_659' title='bbox 3267 5157 3322 5212; x_wconf 90' lang='lat' dir='ltr'><strong>iu</strong></span> <span class='ocrx_word' id='word_1_660' title='bbox 3380 5165 3579 5214; x_wconf 81' lang='lat' dir='ltr'><strong>terram</strong></span> 
     </span>
    </p>
   </div>
   <div class='ocr_carea' id='block_1_100' title="bbox 2017 5251 3151 5323">
    <p class='ocr_par' dir='ltr' id='par_1_100' title="bbox 2017 5251 3151 5323">
     <span class='ocr_line' id='line_1_100' title="bbox 2017 5251 3151 5323; baseline -0.003 -15"><span class='ocrx_word' id='word_1_661' title='bbox 2017 5255 2280 5309; x_wconf 80' lang='lat' dir='ltr'><strong>Sennaar.</strong></span> <span class='ocrx_word' id='word_1_662' title='bbox 2316 5255 2490 5318; x_wconf 72' lang='lat' dir='ltr'><strong>Atius,</strong></span> <span class='ocrx_word' id='word_1_663' title='bbox 2524 5254 2578 5306; x_wconf 88' lang='lat' dir='ltr'><strong>in</strong></span> <span class='ocrx_word' id='word_1_664' title='bbox 2609 5262 2806 5307; x_wconf 86' lang='lat' dir='ltr'><strong>terram</strong></span> <span class='ocrx_word' id='word_1_665' title='bbox 2835 5251 3151 5323; x_wconf 87' lang='lat' dir='ltr'><strong>Babylonis.</strong></span> 
     </span>
    </p>
   </div>
   <div class='ocr_carea' id='block_1_101' title="bbox 2083 5343 3578 5414">
    <p class='ocr_par' dir='ltr' id='par_1_101' title="bbox 2083 5343 3578 5414">
     <span class='ocr_line' id='line_1_101' title="bbox 2083 5343 3578 5414; baseline -0.004 -12"><span class='ocrx_word' id='word_1_666' title='bbox 2083 5350 2138 5402; x_wconf 83' lang='grc'><strong>5.</strong></span> <span class='ocrx_word' id='word_1_667' title='bbox 2181 5345 2313 5400; x_wconf 89' lang='lat' dir='ltr'><strong>lleb.</strong></span> <span class='ocrx_word' id='word_1_668' title='bbox 2342 5346 2624 5414; x_wconf 82' lang='lat' dir='ltr'><strong>Asphenez</strong></span> <span class='ocrx_word' id='word_1_669' title='bbox 2646 5345 2904 5412; x_wconf 86' lang='lat' dir='ltr'><strong>magistro</strong></span> <span class='ocrx_word' id='word_1_670' title='bbox 2935 5343 3308 5398; x_wconf 83' lang='lat' dir='ltr'><strong>cunuchorum</strong></span> <span class='ocrx_word' id='word_1_671' title='bbox 3330 5357 3578 5397; x_wconf 83' lang='lat' dir='ltr'><strong>suorum.</strong></span> 
     </span>
    </p>
   </div>
   <div class='ocr_carea' id='block_1_102' title="bbox 2013 5433 3577 5508">
    <p class='ocr_par' dir='ltr' id='par_1_102' title="bbox 2013 5433 3577 5508">
     <span class='ocr_line' id='line_1_102' title="bbox 2013 5433 3577 5508; baseline -0.007 -13"><span class='ocrx_word' id='word_1_672' title='bbox 2013 5440 2116 5496; x_wconf 87' lang='lat' dir='ltr'><strong>Th.</strong></span> <span class='ocrx_word' id='word_1_673' title='bbox 2135 5438 2420 5508; x_wconf 82' lang='lat' dir='ltr'><strong>Asphanez</strong></span> <span class='ocrx_word' id='word_1_674' title='bbox 2440 5437 2726 5506; x_wconf 63' lang='lat' dir='ltr'><strong>praposito</strong></span> <span class='ocrx_word' id='word_1_675' title='bbox 2745 5435 3118 5490; x_wconf 81' lang='lat' dir='ltr'><strong>cunuchorum</strong></span> <span class='ocrx_word' id='word_1_676' title='bbox 3141 5449 3384 5490; x_wconf 85' lang='lat' dir='ltr'><strong>suorum.</strong></span> <span class='ocrx_word' id='word_1_677' title='bbox 3401 5433 3577 5498; x_wconf 78' lang='lat' dir='ltr'><strong>Alius,</strong></span> 
     </span>
    </p>
   </div>
   <div class='ocr_carea' id='block_1_103' title="bbox 2013 5522 3602 5596">
    <p class='ocr_par' dir='ltr' id='par_1_103' title="bbox 2013 5522 3602 5596">
     <span class='ocr_line' id='line_1_103' title="bbox 2013 5522 3602 5596; baseline -0.004 -13"><span class='ocrx_word' id='word_1_678' title='bbox 2013 5528 2304 5584; x_wconf 83' lang='lat' dir='ltr'><strong>Abdiezdri</strong></span> <span class='ocrx_word' id='word_1_679' title='bbox 2357 5527 2616 5596; x_wconf 84' lang='lat' dir='ltr'><strong>magistro</strong></span> <span class='ocrx_word' id='word_1_680' title='bbox 2687 5525 3064 5582; x_wconf 84' lang='lat' dir='ltr'><strong>cunuchorum</strong></span> <span class='ocrx_word' id='word_1_681' title='bbox 3129 5537 3378 5583; x_wconf 80' lang='lat' dir='ltr'><strong>suorum.</strong></span> <span class='ocrx_word' id='word_1_682' title='bbox 3412 5522 3602 5596; x_wconf 59' lang='lat' dir='ltr'><strong>Vulg.</strong></span> 
     </span>
    </p>
   </div>
   <div class='ocr_carea' id='block_1_104' title="bbox 2013 5610 3027 5690">
    <p class='ocr_par' dir='ltr' id='par_1_104' title="bbox 2013 5610 3027 5690">
     <span class='ocr_line' id='line_1_104' title="bbox 2013 5610 3027 5690; baseline -0.005 -14"><span class='ocrx_word' id='word_1_683' title='bbox 2013 5619 2291 5690; x_wconf 77' lang='lat' dir='ltr'><strong>Asphenez</strong></span> <span class='ocrx_word' id='word_1_684' title='bbox 2315 5610 2600 5688; x_wconf 70' lang='lat' dir='ltr'><strong>praeposito</strong></span> <span class='ocrx_word' id='word_1_685' title='bbox 2633 5617 3027 5672; x_wconf 85' lang='lat' dir='ltr'><strong>cunuchorum.</strong></span> 
     </span>
    </p>
   </div>
  </div>
