4128 6316
359 325 509 381 ’1965

361 444 419 499 Σ.
452 481 467 496 .
493 480 508 494 .
551 482 565 496 .
696 444 869 516 πέτρα
899 444 987 499 διὰ
1022 444 1179 517 βοῶν.
1210 447 1288 513 0’,
1338 448 1385 500 εἰ
1416 446 1937 519 παρασιωπήσονται

358 540 418 589 ιν
448 534 712 605 θηλείαις.

360 638 471 688 Ὂτ
507 611 614 688 Νιῢ
686 630 747 683 Σ.
786 631 1018 700 ἀλόγως.
1052 638 1129 700 0’,
1166 636 1255 688 ἐπ’
1287 635 1464 689 οὐδενὶ
1492 635 1655 707 λόγῳ.

362 808 579 862 πψτη
611 802 680 857 14
751 804 829 871 0’,
861 805 972 860 τῶν
1003 806 1305 879 δυνάμεων.
1350 811 1596 875 Ἄλλος,
1644 809 1933 883 στρατιῶν.

365 957 549 1034 ΝῈῙἻὩ
620 975 678 1030 Σ.
704 976 813 1031 ἀπὸ
840 978 1065 1033 εἰσόδου.
1101 980 1177 1046 0',
1206 978 1302 1033 τοῦ
1334 979 1410 1053 μὴ
1439 980 1720 1035 εἰσελθεῖν.

367 1155 496 1208 nm
568 1148 648 1214 0',
674 1147 875 1218 Αῐμάθ.
904 1150 1128 1217 ’Ἄλλος
1146 1191 1160 1216 ,
1185 1152 1359 1223 χόλον.

1762 321 1951 380 AMOS
1980 320 2212 378 CAPUT
2252 322 2364 381 VII.

3474 332 3625 390 2906

2044 441 2148 497 S...
2183 451 2331 512 petra
2364 456 2461 513 per
2484 442 2671 499 boves.
2698 441 2859 511 LXX,
2906 444 2951 500 si
2991 445 3299 504 reticebunt
3360 450 3425 504 ad
3459 452 3617 506 femi-

2045 549 2165 589 nas.
2196 533 2319 589 Vul.
2353 543 2448 590 aut
2476 536 2619 590 arari
2652 543 2832 605 potest
2859 536 2913 591 in
2944 535 3178 593 bubalis.
3411 607 3413 610 ρ

2113 620 2278 676 Hebr.
2338 623 2391 677 in
2428 624 2578 677 nullo
2612 625 2800 679 verbo.
2865 623 2923 680 S.
2956 633 3179 682 temere.
3236 626 3400 695 LXX,
3453 646 3615 702 super

2042 711 2194 766 nullo
2224 712 2406 767 verbo.
2436 708 2563 767 Vui.
2596 712 2648 767 in
2680 715 2872 771 nihilo.

2113 800 2365 857 14.Ηοι›.
2420 803 2595 869 Alius,
2641 803 2762 859 Vul.
2824 806 3179 862 exercituum.
3232 807 3396 875 LXX,
3448 810 3617 865 virtu-

2039 900 2178 946 tum.
3508 940 3512 945 ,

2112 981 2277 1036 Hebr.
2325 980 2383 1036 S.
2417 980 2541 1038 Vul.
2569 984 2639 1038 ab
2664 984 2912 1041 introitu.
2952 985 3117 1056 LXX,
3140 997 3201 1043 ut
3230 1004 3338 1044 non
3373 989 3614 1048 introea—

2041 1076 2135 1131 tis.

2110 1166 2178 1221 Η.
2212 1163 2463 1222 iiamath.
2501 1164 2930 1233 LXX,.Emath.
2964 1169 3137 1236 Alius,
3162 1170 3610 1243 indignationem.

1926 1268 1929 1273 '
2042 1257 2165 1313 Vul.
2211 1258 2425 1312 Emath.

368 1353 556 1408 7mm
590 1326 797 1409 ’πυ-’Ν
881 1347 960 1401 ’A.
1003 1386 1017 1401 .
1062 1388 1077 1403 .
1126 1386 1141 1402 .
1184 1388 1201 1403 .
1240 1349 1341 1420 τῆς
1375 1349 1601 1423 ὁμαλῆς.
1637 1348 1696 1407 Σ.
1740 1392 1754 1407 .
1798 1392 1813 1406 .
1857 1390 1873 1408 .
1913 1390 1931 1406 .

366 1440 466 1509 τῆς
504 1440 772 1507 πεδιάδος.
810 1443 886 1509 0',
913 1442 1017 1507 ἕως
1049 1443 1143 1497 τοῦ
1196 1447 1499 1519 χειμάρρου
1538 1447 1647 1502 τῶν
1686 1446 1931 1517 δυσμῶν.

367 1532 427 1587 e.
473 1573 486 1588 .
532 1573 545 1588 .
594 1573 608 1588 .
651 1536 792 1606 ,τῆς
834 1536 1059 1608 Ἀραϐᾶ.

2111 1353 2277 1409 Hebr.
2306 1352 2430 1409 ναι.
2458 1369 2628 1424 usque
2660 1354 2726 1410 ad
2756 1363 3051 1409 torrentem
3092 1355 3315 1411 deserti.
3345 1358 3409 1409 A.
3436 1371 3611 1425 usque

2038 1443 2106 1500 ad
2140 1452 2435 1500 torrentem
2472 1445 2563 1513 qui
2591 1453 2674 1499 est
2708 1444 2761 1498 in
2782 1445 3029 1515 planitie.
3061 1443 3117 1499 S.
3143 1461 3315 1515 usque
3335 1448 3399 1500 ad
3418 1447 3609 1500 vallem

2040 1545 2421 1606 campestrem.
2463 1534 2628 1601 LXX,
2656 1551 2830 1605 usque
2860 1535 2927 1590 ad
2959 1544 3250 1591 torrentem
3278 1534 3610 1592 Occidentis.

2040 1627 2143 1682 Th.
2182 1643 2356 1698 usque
2381 1627 2448 1681 ad
2480 1636 2776 1683 torrentem
2798 1627 2975 1681 Araba
3013 1625 3106 1698 (at.
3134 1627 3391 1697 Arabiae).

1227 1747 1402 1807 Nota)
1426 1750 1487 1806 et
1521 1745 1710 1808 varias
1748 1744 2059 1807 lectiones
2078 1745 2154 1806 ad
2177 1759 2314 1821 cap.
2339 1743 2425 1803 Vi
2456 1743 2674 1803 Amos.

529 1845 584 1919 ἒξ.
622 1845 727 1919 ᾎη
750 1846 801 1919 οξ
829 1846 1337 1919 ἀποκεχωργισμένοι
1364 1859 1468 1905 etc.
1499 1849 1780 1905 Barberiu.

487 1955 501 1969 .
733 1916 840 1988 τῶν
871 1915 1072 1988 μύρων.
1093 1915 1282 1988 Ίᾴὁιη.

534 1983 585 2059 7.
622 1987 703 2059 X_.,
723 1987 834 2059 Δκαὶ
858 1983 1120 2059 ῥιεριαιρ-
1150 1987 1315 2059 idem.

565 2054 617 2110 1.
642 2054 831 2111 Trium
858 2054 1119 2113 lectiones
1153 2057 1330 2114 adfert
1355 2059 1497 2117 idem
1546 2058 1899 2114 Barberinus.

564 2124 618 2178 δ.
666 2125 771 2194 'A.,
799 2124 850 2178 ει
878 2125 1078 2198 ἀροτρ-
1112 2126 1281 2184 Idem.

361 2373 452 2436 ω
488 2362 510 2418 1
601 2362 683 2416 ‘A.
717 2361 974 2433 βοράδων.
998 2365 1077 2431 0',
1104 2364 1361 2436 ἀκρίδων.

358 2520 519 2617 15m
556 2544 631 2597 νο
665 2548 786 2598 -ιπκ
819 2521 1085 2625 mPS-mn
1168 2539 1249 2594 ’A.
1290 2538 1396 2592 ἰδοὺ
1419 2538 1615 2610 δψιμος
1635 2538 1810 2592 ὀπίσω
1833 2539 1934 2610 τῆς

360 2630 540 2701 Γάζης
570 2628 853 2699 βασιλέως.
887 2630 963 2697 0',
991 2630 1099 2684 ἰδοὺ
1135 2630 1367 2702 βροῦχος
1412 2626 1494 2696 εἷς
1543 2630 1668 2700 Γὼγ
1715 2631 1744 2683 ὁ
1782 2630 1936 2702 βασι-

362 2718 506 2783 λεύς.

357 2904 493 2980 gpyv
532 2901 660 2983 mp7
698 2901 771 2953 in
804 2892 839 2946 2
914 2893 974 2947 Σ.
1003 2891 1089 2956 τις
1119 2885 1197 2947 ὧν
1239 2892 1362 2964 (sic)
1406 2892 1771 2966 ὑποστήσεται
1824 2894 1929 2949 Ἰα-

358 2987 494 3043 κὼσ.
520 2984 596 3052 θ’,
621 2986 707 3050 τίς
732 2986 1026 3057 ἀναστήσει
1047 2985 1139 3040 τὸν
1177 2986 1388 3040 Ἰακώϐ.

355 3375 483 3455 mp?
521 3374 594 3428 ηε)
630 3367 664 3423 5
738 3364 796 3421 Σ.
827 3363 913 3430 τίς
933 3358 1008 3419 ὧν
1031 3364 1156 3438 (sic)
1176 3364 1563 3437 ὑποστήσεται.
1586 3367 1663 3433 0’,
1686 3365 1771 3431 τίς
1797 3367 1932 3422 ἀνα·

358 3461 543 3529 στήσει
565 3473 583 3525 ς

358 3560 471 3611 Dn:
500 3550 533 3605 6
617 3550 699 3605 Ἀ.
740 3550 1144 3623 παρακλήθητι.
1177 3551 1253 3619 0’,
1284 3551 1631 3624 μετανόησον.

359 3730 479 3781 9m
512 3731 639 3782 .1311
674 3730 843 3782 utr-1n
874 3733 945 3782 Π)
983 3722 1014 3775 7
1084 3724 1143 3778 Σ.
1175 3726 1256 3779 ὅτι
1283 3726 1452 3799 ἐφάνη
1483 3727 1704 3799 Κύριος.
1735 3728 1811 3795 0',
1833 3726 1926 3782 οὔ-

359 3832 463 3878 τως
483 3812 652 3879 ἔδειξέ
693 3830 784 3886 μοι
811 3814 1036 3887 Κύριος.
1061 3815 1125 3871 Θ.
1160 3817 1267 3870 ἰδοὺ
1306 3816 1530 3873 ’Δδωνατ
1558 3821 1782 3890 Κύριος.

356 4082 461 4155 "pit
544 4076 624 4129 Ἃ.
663 4076 919 4146 γάνωσις.
949 4078 1011 4135 Σ.
1041 4078 1119 4148 0',
1140 4079 1373 4152 ἀδάμας.
1399 4081 1462 4136 Θ.
1496 4083 1814 4155 τηκόμενον.

353 4347 503 4398 nm:
536 4338 571 4393 9
643 4339 701 4393 Σ.
728 4338 795 4393 τὰ
822 4338 1021 4410 ὑψηλά.
1046 4341 1122 4406 0’,
1152 4340 1344 4413 βωμοί.

354 4440 482 4518 ’τωρ
522 4432 590 4487 10
677 4433 755 4488 Ἀ.
806 4431 1114 4506 συνέδησεν.
1156 4435 1215 4490 Σ.
1262 4436 1539 4493 ἀνέπεσεν.
1563 4441 1584 4463 ‘
1614 4438 1925 4511 ἀναταράσ-

358 4541 467 4578 σον.
496 4523 576 4589 0’,
605 4527 915 4596 συστροφὰς
940 4530 1191 4583 ποιεῖται.

354 4624 492 4698 ἿΡἘ.
532 4615 598 4669 14
683 4614 762 4668 ’A.
795 4616 855 4672 Σ.
890 4616 952 4672 Θ.
977 4617 1071 4671 καὶ
1096 4618 1175 4685 E',
1221 4618 1496 4690 βουκόλος.
1533 4624 1610 4692 0’,
1641 4622 1886 4689 αἰπολός.

352 4805 562 4885 {3’me
591 4780 746 4859 D5121
830 4799 911 4855 Ἀ.
947 4800 1042 4855 καὶ
1064 4802 1299 4874 ἐρευνῶν
1334 4805 1690 4877 συκομόρους.
1734 4806 1794 4860 Σ.
1831 4807 1928 4861 καὶ

353 4887 491 4958 ἔχων
521 4891 879 4961 συκομὸρους.
924 4895 1003 4959 0',
1030 4894 1125 4947 καὶ
1165 4893 1366 4960 κνὶζων
1391 4897 1685 4968 συκάμινα.
1728 4897 1790 4954 Θ.
1833 4900 1924 4953 καὶ

352 4997 420 5050 χα
429 4980 612 5051 ρακῶν
646 4982 997 5054 συκαμίνους.
1938 4986 1943 4992 .

353 5166 509 5244 quan
544 5143 740 5220 RS116
811 5160 871 5217 Σ.
912 5200 931 5218 .
973 5200 990 5219 .
1030 5200 1045 5217 .
1093 5202 1107 5217 .
1151 5201 1167 5217 .
1210 5205 1225 5219 .
1268 5166 1344 5233 οι,
1367 5166 1460 5221 καὶ
1487 5166 1548 5221 οὗ
1581 5167 1656 5240 μὴ
1684 5169 1925 5242 ὀχλαγω-

354 5253 549 5322 rivus.

356 5355 487 5407 mm
522 5345 587 5399 i7
660 5346 721 5403 Σ.
760 5347 1211 5422 πορνευθήσεται.
1234 5351 1313 5417 0’,
1346 5352 1656 5424 πορνεύσει.

2112 1847 2246 1901 ibid.
2288 1846 2372 1907 Σ..
2409 1844 2641 1912 ἀλόγως.
2673 1843 3059 1915 Hieronymus-

2114 1916 2177 1969 γ.
2223 1915 2308 1968 14.
2334 1911 2530 1981 Ἀλλ..
2568 1913 2835 1983 στρατιῶν
2865 1911 2894 1968 ι’
2922 1925 2975 1968 et
3010 1922 3197 1982 postea
3242 1914 3325 1974 Σ..
3360 1911 3469 1965 ἀπὸ
3494 1914 3610 1966 εἰσι

1930 2018 1935 2025 -
2039 1987 2183 2050 όδου,
2216 1983 2536 2053 deindeque,
2569 1985 2768 2047 "ALL,
2792 1984 2965 2053 χόλον.
3001 1983 3347 2053 Barberinus.

2113 2056 2248 2111 ibid.
2283 2053 2393 2109 Has
2421 2051 2639 2123 quoque
2687 2051 3162 2123 interpretationes
3196 2051 3405 2123 Latjine‘
3433 2051 3610 2109 adfert

2041 2124 2405 2194 Hieronymus
2431 2121 2455 2177 Ξ
2481 2121 2667 2177 Graece
2702 2121 3051 2192 imperfectas
3080 2122 3434 2178 Barberinus.

1656 2262 1880 2326 AMOS
1905 2260 2164 2323 CAPUT
2202 2260 2338 2320 VII.

2110 2358 2162 2411 1.
2198 2356 2334 2412 Heb.
2365 2353 2531 2422 LXX,
2565 2355 2921 2411 locustarum.
2947 2356 3009 2411 Α.
3054 2355 3338 2411 boradum.
3369 2356 3495 2412 ναι.
3523 2357 3607 2413 Ιο-

2036 2456 2224 2503 ουειεε.
2682 2490 2687 2491 ν

2105 2538 2172 2592 Η.
2201 2553 2327 2594 ecce
2351 2537 2515 2593 herba
2573 2537 2812 2593 serotina
2860 2546 2983 2607 post
3022 2537 3305 2595 tonsiones
3348 2540 3512 2610 regis.
3535 2540 3603 2595 A.

2033 2640 2160 2685 ecce
2187 2630 2460 2686 serotinus
2489 2639 2607 2698 post
2632 2627 2791 2684 Gazae
2846 2644 3050 2700 regem.
3082 2626 3246 2695 LXX,
3297 2645 3423 2684 ecce
3476 2630 3606 2685 bru-

2033 2722 2172 2778 chus
2205 2738 2345 2778 unus
2373 2721 2488 2792 Gog
2519 2737 2633 2777 rex.
2664 2720 2790 2778 Vul.
2840 2737 2966 2778 ecce
3006 2723 3277 2778 serotinus
3329 2729 3453 2793 post
3478 2732 3605 2778 ton-

2033 2812 2243 2867 sionem
2285 2812 2449 2883 regis.

2049 2964 2053 2967 λ
2101 2902 2157 2956 2.
2197 2903 2261 2956 li.
2294 2900 2459 2969 LXX,
2494 2901 2618 2958 ναι.
2650 2902 2773 2974 quis
2817 2901 3105 2958 suscitabit
3155 2900 3343 2958 Jacob.
3377 2900 3439 2958 S.
3477 2902 3603 2973 quis

2031 3006 2161 3065 ergo
2189 2994 2473 3050 suscitahit
2507 2994 2692 3051 Jacob.

2104 3088 2157 3141 5.
2189 3086 2253 3140 Β.
2284 3087 2537 3156 paenituit
2561 3087 2874 3143 Dominum.
2904 3088 2961 3143 S.
2997 3096 3283 3144 revocatus
3308 3095 3392 3142 est
3417 3086 3603 3142 Domi-

2031 3192 2157 3232 nus.
2187 3175 2349 3245 LXX,
2384 3178 2642 3247 poeniteat
2680 3188 2734 3234 te
2755 3217 2771 3244 ,
2794 3178 3043 3235 Domine.
3080 3178 3207 3234 ναι.
3235 3180 3491 3235 misertus
3516 3192 3602 3234 est

2030 3266 2313 3323 Dominus.
2938 3314 2941 3315 ν

2102 3358 2156 3413 5.
2184 3358 2250 3412 H.
2278 3357 2439 3424 LXX,
2473 3357 2599 3414 ναι.
2649 3358 2775 3431 quis
2814 3358 3143 3416 suscitabit?
3195 3359 3253 3416 S.
3277 3359 3404 3432 quis
3432 3360 3601 3432 igitur

2031 3449 2364 3506 suscitabit?

2099 3540 2152 3595 6.
2186 3536 2253 3594 ii.
2285 3539 2560 3610 pcnnituit.
2595 3537 2661 3594 A.
2702 3539 2980 3596 miserere.
3029 3537 3197 3608 LXX,
3226 3541 3488 3611 paeniteat
3526 3549 3596 3596 te.

2037 3629 2155 3685 ναι.
2191 3630 2450 3686 misertus
2484 3639 2586 3685 est.

2099 3724 2151 3779 7.
2181 3722 2247 3778 ii.
2282 3724 2374 3779 Sic
2402 3722 2640 3778 ostendit
2667 3720 2822 3785 mihi,
2853 3729 2908 3775 et
2932 3734 3058 3775 ecce
3082 3718 3364 3776 Dominus.
3385 3720 3443 3776 S.
3462 3719 3600 3787 Quia

2026 3818 2177 3872 visus
2202 3824 2287 3871 est
2317 3814 2602 3869 Dominus.
2632 3811 2797 3879 LXX,
2840 3812 2933 3866 Sic
2976 3812 3213 3866 ostendit
3255 3813 3388 3866 mihi
3418 3811 3602 3867 Domi-

2027 3924 2149 3965 nus.
2173 3906 2278 3962 Th.
2312 3907 2449 3963 Ecce
2483 3906 2692 3959 Adonai
2728 3904 3014 3958 Dominus.
3038 3901 3164 3957 ναι.
3196 3902 3324 3958 llaec
3364 3905 3600 3959 ostendit

2028 3998 2161 4054 mihi
2196 3996 2453 4050 Dominus
2478 4011 2491 4048 :
2519 4001 2573 4047 et
2603 4005 2729 4046 ecce
2756 3989 3040 4046 Dominus.

2099 4085 2265 4140 Hebr.
2300 4078 2767 4154 perpendiculum.
2816 4078 2881 4133 Α.
2936 4085 3276 4133 staunatura.
3335 4077 3394 4135 S.
3428 4077 3595 4146 LXX,

2029 4176 2275 4231 adamas.
2316 4173 2420 4227 Th.
2467 4174 2797 4243 liquescens.
2856 4168 3082 4224 Hieron.
3139 4170 3439 4227 tabescens.
3470 4170 3595 4226 Vul.

2029 4268 2193 4323 trulla
2237 4265 2590 4321 caementarii.

2099 4355 2154 4411 9.
2191 4346 2257 4409 Η.
2283 4355 2341 4409 S.
2367 4351 2490 4409 Vol.
2520 4342 2761 4409 excelsa.
2789 4349 2953 4418 LXX,
2981 4365 3109 4406 arae.

2104 4444 2189 4498 10.
2229 4444 2361 4499 Heb.
2390 4443 2714 4513 coniuravit.
2746 4443 2812 4497 A.
2842 4441 3135 4513 colligavit.
3161 4438 3219 4495 S.
3242 4441 3596 4511 conspiravit.

2028 4538 2195 4604 LXX,
2231 4539 2682 4609 congregationes
2710 4536 2861 4592 facit.
2896 4534 3018 4591 Vul.
3044 4532 3346 4589 rebellavit.

2099 4630 2187 4685 M.
2217 4630 2352 4685 Heb.
2383 4627 2510 4683 Vui.
2540 4629 2922 4685 armentarius.
2963 4625 3027 4681 A.
3076 4625 3135 4680 S.
3167 4622 3270 4679 Th.
3320 4631 3377 4678 et
3407 4621 3469 4690 γ,
3499 4623 3599 4677 bu-

2028 4722 2246 4777 bulcus.
2272 4720 2436 4790 LXX,
2467 4722 2767 4792 caprarius.

2103 4811 2169 4866 ii.
2196 4811 2260 4866 Α.
2303 4820 2360 4866 et
2386 4818 2638 4865 scrutans
2666 4823 3004 4883 sycomoros.
3033 4806 3091 4864 S.
3119 4816 3175 4864 et
3205 4807 3409 4863 habens
3440 4820 3599 4877 syco-

2031 4916 2238 4957 moros.
2273 4899 2435 4966 LXX,
2460 4909 2515 4955 et
2558 4901 2761 4956 vellens
2806 4899 3104 4971 sycamina.
3147 4896 3252 4951 Th.
3281 4904 3335 4951 et
3365 4896 3595 4957 vsllans,

2028 4995 2107 5049 vel
2132 4994 2275 5050 fossa
2308 4995 2558 5050 muniens
2620 4994 2918 5065 sycamina.
2954 4990 3079 5045 Vul.
3135 4988 3398 5045 vellicans
3439 5001 3597 5059 syco-

2029 5100 2368 5229 mTtrTieb.
2409 5173 2528 5230 Vul.
2557 5182 2610 5230 et
2639 5188 2748 5230 non
2785 5171 3044 5228 stillabis.
3077 5169 3136 5225 S.
3163 5178 3218 5227 et
3265 5184 3375 5225 non
3420 5171 3600 5224 incre-

2028 5263 2205 5335 pabis.
2238 5262 2402 5331 LXX,
2428 5274 2482 5320 et
2504 5280 2572 5320 ne
2610 5278 2905 5335 congreges
2928 5261 3136 5318 turbas.

2101 5356 2189 5410 17.
2214 5354 2350 5409 Heb.
2384 5353 2548 5422 LXX,
2580 5353 2703 5409 Vul.
2758 5352 3135 5408 iornicabitur.
3191 5349 3251 5406 S.
3285 5348 3603 5407 fornicatio-

1938 5454 1939 5457 “
2027 5460 2150 5501 nem
2177 5445 2433 5516 patietur.

1192 5554 1369 5615 Notas
1400 5558 1460 5615 et
1494 5552 1681 5616 varia;
1726 5552 2039 5622 lectiones
2063 5559 2141 5621 ad
2175 5576 2312 5639 cap.
2349 5560 2464 5621 Vli
2498 5560 2718 5622 Amos.

599 5646 728 5723 λᾼ..
755 5647 1009 5723 βοράδων.
1045 5649 1393 5711 Barherinus.

422 5711 553 5770 ibid.
597 5711 868 5775 ilieron.':
907 5739 924 5768 ι
953 5721 1090 5788 Quid
1125 5734 1306 5784 autem
1344 5726 1576 5787 voluerit
1612 5725 1809 5799 Aquila
1829 5728 1915 5785 di-

1934 5716 1937 5719 .
2024 5678 2147 5718 cere
2185 5680 2356 5735 :_gcce
2396 5665 2659 5735 serotinus
2703 5659 3023 5735 postUGam
3061 5678 3273 5735 regem;
3302 5677 3425 5719 cum
3451 5662 3596 5718 Gaza

2023 5735 2189 5791 verbo
2218 5732 2481 5793 iiebraico
2507 5734 2646 5791 ΑΖΔ
2684 5732 3000 5805 appelletur,
3024 5732 3132 5792 non
3163 5736 3297 5794 satis
3327 5735 3597 5805 intelligo,
