4128 6316
522 330 666 384 9.075

1607 316 2078 376 HEXAPLORUM
2119 315 2285 382 QU£
2331 315 2758 372 SUPERSUNT.

3628 315 3774 370 £976

1733 430 2089 498 MICILEIE
2148 428 2402 490 CAPUT
2457 431 2536 490 II.

517 552 600 603 ’τι
640 545 665 596 I-
754 543 832 597 Ἃ.
859 545 916 596 Σ.
944 543 1082 599 οὐαί.
1112 542 1190 608 0',
1217 541 1480 610 ἐγένοντο.

518 645 618 695 ῠἸν
890 643 944 693 Ὀ
1028 635 1104 689 ’A.
1141 633 1275 686 διότι
1309 629 1524 700 ἰσχυρὸν
1563 629 1680 698 χεὶρ
1705 624 1888 680 αὑτοῦ.
1927 625 1982 678 Σ.
2011 624 2092 677 ὃτι

523 730 703 795 ἴσχυεν
749 728 781 796 ἡ
834 727 954 796 χεὶρ
1002 725 1187 780 αὐτοῦ.
1218 723 1296 787 Ο’,
1328 723 1458 775 διότι
1513 721 1610 772 οὐκ
1641 717 1780 790 ᾖραν
1837 716 1972 785 πρὸς
2003 715 2096 768 τὸν

521 817 652 868 Θεὸν
683 821 871 887 χεῖρας
895 817 1093 869 αὐτῶν.

521 1069 697 1143 111:5:
727 1092 814 1143 ac?
854 1067 925 1142 δι’)
961 1065 1102 1142 πίθηκε
1141 1064 1410 1142 πεπτω-κθ
1448 1087 1626 1165 μενων
1644 1093 1646 1095 ·
1664 1063 1958 1139 tamn-Su-
1989 1079 2022 1132 6

521 1183 712 1233 num
795 1173 874 1224 Ἄ.
929 1171 1002 1242 μὴ
1042 1170 1331 1233 σταλάζετε
1379 1167 1765 1231 σταλάζοντες,
1807 1169 1866 1220 οὺ
1900 1167 2096 1221 σταλά-

523 1261 643 1324 (me
673 1264 752 1324 si;
781 1261 1022 1325 τούτους,
1058 1262 1120 1314 οὐ
1153 1258 1443 1328 καταλήψῃ
1474 1257 1740 1328 ὲντροπὰς
1760 1261 1788 1310 ὁ
1817 1259 2009 1326 λέγων.
2033 1260 2092 1314 Σ.

526 1354 600 1425 μὴ
625 1354 912 1424 ἐπιτιμᾶτε
950 1353 1043 1405 ἐὰν
1071 1353 1452 1422 ὲπιτιμήσητε,
1497 1350 1596 1403 οὐκ
1639 1350 1999 1420 ἐπιτιμῶντες
2033 1353 2094 1405 οὐ

525 1444 722 1497 κωλύει
749 1445 1180 1513 καταισχυμμος.
1215 1441 1292 1504 0⁸,
1330 1440 1403 1511 μὴ
1439 1440 1650 1493 κλαίετε
1675 1441 1924 1512 δάκρυσι,
1964 1444 2098 1513 μηδὲ

525 1535 908 1602 δακρυέτωςαν
940 1533 1032 1586 ἐπὶ
1056 1531 1264 1596 τούτοις
1290 1547 1302 1560 °
1335 1532 1453 1584 οὐδὲ
1475 1531 1580 1600 γὰρ
1599 1531 1875 1584 ἀπώσεται
1898 1533 2096 1603 ὀνείδη,

525 1629 554 1679 ὁ
576 1627 766 1693 λέγων.

2270 530 2320 584 I.
2358 529 2521 584 Hehr.
2564 530 2628 584 A.
2666 529 2722 584 S.
2751 529 2873 585 Vul.
2905 543 3001 586 vae.
3045 528 3206 596 LXX,
3249 529 3374 585 facti
3410 539 3556 586 sunt.

2274 617 2410 673 Heb.
2448 619 2576 688 quia
2635 627 2719 674 est
2772 620 2826 674 in
2887 619 3014 675 forti
3062 635 3258 674 manus
3296 634 3509 675 eorum.
3546 620 3612 673 A.
3649 623 3777 692 quia

2202 709 2361 765 fortis
2390 719 2476 765 est
2517 725 2712 766 manus
2745 711 2883 780 ejus.
2924 711 2982 765 S.
3023 711 3152 780 quia
3207 709 3364 766 fortis
3421 719 3541 765 erat
3583 726 3780 765 manus

2183 801 2347 869 ejus.
2381 800 2551 867 LXX,
2585 802 2710 871 quia
2741 816 2849 856 non
2889 801 3202 856 levaverunt
3239 801 3306 857 ad
3353 801 3525 856 Deum
3582 817 3780 856 manus

2182 908 2358 946 suas.
2395 891 2517 946 Vni.
2547 893 2807 963 quoniam
2867 902 3057 948 contra
3089 891 3258 947 Deum
3322 903 3406 948 est
3435 908 3634 948 manus
3687 909 3780 948 co-

2179 999 2350 1037 'Tuﬂh

2274 1074 2326 1128 6.
2369 1074 2533 1130 Hebr.
2589 1090 2657 1130 ue
2692 1073 2931 1140 stilletis,
2970 1073 3256 1130 stillabant
3304 1093 3315 1129 :
3348 1089 3456 1129 non
3491 1073 3782 1130 stillabuut

2207 1165 2326 1220 istis
2385 1181 2567 1220 :non
2627 1166 3052 1234 comprehendet
3123 1165 3470 1236 ignominias.
3529 1164 3574 1219 Ο
3634 1167 3782 1222 dicta

2202 1258 2467 1331 [domus.]
2498 1260 2561 1311 A.
2595 1273 2664 1312 ne
2695 1258 2919 1314 stilletis
2977 1258 3270 1323 stillantes,
3334 1274 3445 1312 non
3479 1259 3693 1314 stilletis
3723 1260 3778 1313 in

2202 1355 2324 1417 bos,
2365 1368 2476 1406 non
2527 1350 2956 1419 comprehendes
2994 1350 3348 1405 confusiones
3391 1351 3485 1420 qui
3518 1351 3676 1405 dicis.
3711 1350 3776 1404 S.

2204 1459 2271 1498 ne
2305 1443 2596 1511 increpetis
2642 1442 2688 1495 si
2744 1441 3074 1510 increpetis:
3112 1457 3220 1496 non
3267 1444 3610 1512 increpantes
3657 1458 3772 1496 non

2205 1534 2425 1589 cohibet
2449 1532 2771 1602 ignominia.
2798 1530 2962 1598 LXX,
3019 1532 3185 1587 nolite
3213 1531 3338 1587 ﬂere
3371 1533 3648 1604 lacrymis,
3683 1549 3780 1586 ne-

2204 1641 2311 1696 que
2340 1625 2870 1695 plorentsuperhis,
2896 1639 3074 1693 neque
3124 1625 3268 1679 enim
3318 1626 3537 1695 abjiciet
3579 1640 3780 1694 oppro-

528 1719 646 1771 bria
676 1717 769 1785 qui
809 1716 959 1769 dicit.
1017 1713 1138 1767 Vul.
1196 1729 1260 1767 ne
1297 1713 1596 1782 loquamini
1660 1713 1963 1782 loquentes,
1999 1731 2105 1771 non
2148 1714 2375 1772 stillabit
2426 1728 2593 1783 super
2671 1715 2826 1777 istos,
2883 1727 2994 1768 non
3050 1713 3478 1777 comprehendet
3506 1712 3780 1768 confusio.

529 1811 689 1865 Dicit.

527 1910 706 1989 amp:
743 1887 898 1962 :va
923 1910 1030 1964 ’D‘J
1065 1885 1274 1959 επεν-ιδῃ
1297 1900 1330 1955 8
1416 1901 1494 1952 ‘A.
1554 1900 1646 1952 καὶ
1700 1900 1991 1954 συναντῶν.
2041 1903 2101 1954 Σ.

527 1993 632 2065 πρὸ
661 1993 789 2064 μιᾶς
817 1992 874 2045 δὲ
893 1994 920 2045 ὁ
943 1991 1069 2054 λαὸς
1093 2030 1106 2042 .
1138 2031 1149 2044 .
1183 2029 1195 2043 .
1230 1989 1308 2056 0',
1335 1991 1427 2043 ml
1457 1989 1763 2059 ἔμπροσθεν
1789 1990 1816 2042 ὁ
1850 1990 1975 2053 λαός
1997 2008 2100 2060 μου

526 2085 607 2144 εις
645 2081 844 2151 ἔχθραν
882 2081 1131 2150 ἀντέστη.

2281 1898 2334 1952 8.
2372 1897 2537 1954 Hebr.
2572 1907 2626 1953 et
2653 1897 2769 1954 heri
2807 1897 3043 1968 populus
3097 1911 3253 1954 meus
3292 1895 3348 1950 in
3387 1896 3669 1952 inimicum
3701 1897 3784 1950 in-

2211 1991 2464 2046 surrexit.
2507 1991 2571 2044 A.
2624 1999 2679 2044 et
2730 2003 3090 2045 occurrens...
3127 1986 3186 2042 S.
3237 1997 3360 2042 ante
3413 2003 3577 2042 unam
3630 1988 3776 2043 diem

2209 2082 2444 2152 populus
2477 2097 2632 2137 meus
2663 2082 2820 2152 quasi
2857 2081 3116 2135 inimicus
3149 2081 3365 2135 restitit.
3395 2079 3560 2144 LXX,
3594 2089 3648 2134 et
3689 2096 3783 2133 an-

531 2188 616 2230 tea
694 2173 928 2244 populus
981 2188 1135 2229 meus
1191 2173 1244 2224 in
1306 2171 1592 2225 inimicitia
1659 2170 1874 2226 restitit.
1910 2170 2035 2226 Vul.
2076 2180 2131 2228 et
2163 2188 2193 2230 e
2230 2175 2508 2231 contrario
2565 2176 2802 2245 populus
2854 2189 3008 2229 meus
3050 2173 3783 2230 inadversariumeonsur-

529 2271 690 2326 rexit.

1337 2362 1512 2422 Notae
1539 2365 1601 2420 et
1629 2357 1822 2418 variae
1857 2357 2163 2421 lectiones
2209 2358 2286 2420 ad
2317 2375 2454 2436 cap.
2502 2358 2558 2420 II
2597 2358 2899 2420 Michaeee.

602 2461 666 2515 ν.
703 2463 751 2515 I.
798 2461 902 2525 ‘A.,
930 2462 1014 2522 Σ.,
1045 2459 1184 2514 οὐαί.
1239 2458 1520 2514 Barberin.
1562 2456 1702 2510 LXX
1743 2457 1836 2526 qui
1862 2466 2098 2523 vertunt,

534 2532 802 2598 ὶγένοντο,
844 2531 1090 2598 legerunt
1122 2529 1262 2583 haud
1290 2530 1452 2583 dubie
1477 2536 1562 2598 an
1593 2542 1690 2598 pro
1714 2534 1815 2586 nn.

600 2599 739 2654 Ibid;
788 2595 1061 2662 ’Λ.,’διὸτι
1099 2597 1316 2668 ἰοχυρόν
1340 2607 1443 2652 etc.
1474 2595 1822 2668 IIasiAquilte
1853 2605 1917 2668 et
1940 2595 2101 2664 Sym-

535 2670 714 2724 machi
747 2669 1008 2724 lectiones
1052 2665 1188 2720 adfer
1205 2665 1237 2721 ι’
1256 2668 1416 2721 idem.
1469 2665 1654 2720 Lectio
1684 2674 1864 2718 autem
1895 2666 2106 2733 Aquila:

535 2740 749 2794 videtur
775 2737 1024 2792 deﬁcere.
1077 2736 1258 2807 [Barb.
1286 2737 1503 2807 e_x_hibe_t
1549 2737 1747 2807 pariter
1776 2733 2106 2807 Theodoti‘o-

539 2810 626 2863 nis
651 2809 980 2870 versionem,
1004 2804 1125 2874 qua:
1149 2807 1284 2873 fugit
1309 2804 1906 2874 Montfauconiipculos
1934 2821 1946 2856 :
1969 2804 2102 2856 διότι

540 2878 749 2949 ἔχουσιν
783 2877 933 2946 ἰσχὺν
959 2871 1051 2945 τὴν
1074 2871 1231 2944 χεῖρα
1255 2874 1451 2927 αὐτῶν.
1493 2871 1722 2944 Ι)Μοη.]

2282 2457 2346 2530 V.
2374 2459 2426 2512 6.
2456 2459 2545 2522 A.,
2579 2476 2639 2513 ne
2658 2459 2868 2513 stilletis
2893 2459 3180 2516 stillantes.
3224 2457 3779 2530 Hieroriyinus.ABar-

2212 2529 2433 2650 hilarinus
2457 2545 2584 2650 τρι.Γο
2619 2530 2877 2583 lectiones
2917 2530 3125 2599 Aquila:
3172 2537 3234 2583 ει·
3264 2527 3574 2600 Symmachi
3601 2527 3794 2584 Grece

2215 2612 2249 2650 ι)
2273 2613 2405 2650 enas
2435 2615 2488 2650 ar
2533 2607 2632 2650 ert.

2273 2613 2405 2650 enas
2435 2607 2632 2653 adfert.

2214 2612 2405 2667 plenas
2435 2612 2632 2653 amert.

2287 2665 2350 2717 V.
2369 2666 2428 2738 ﬁ.
2463 2667 2650 2721 Graeca
2690 2667 2897 2737 Aquilae
2923 2676 2975 2721 et
3005 2667 3510 2738 Symmachihabet
3533 2666 3784 2721 Barberi-

2219 2752 2338 2807 nus.
2368 2736 2765 2807 IIierouymusi
2819 2756 2838 2786 ο
2887 2738 3012 2805 quia
3049 2736 3286 2807 verbum
3319 2736 3466 2790 MUL
3486 2747 3539 2790 et
3573 2746 3789 2790 contra-

2216 2806 2352 2875 rium
2378 2815 2431 2860 et
2458 2806 2591 2859 diem
2633 2807 2928 2860 hesternum
2973 2815 3150 2866 sonat,
3184 2806 3239 2859 S.
3275 2809 3515 2875 apertius
3548 2815 3786 2861 translu—

2214 2874 2294 2939 Iit,
2323 2884 2381 2927 ut
2414 2877 2656 2930 diceret:
2693 2886 3001 2929 anteanam
3040 2877 3176 2928 diem
3205 2874 3320 2929 etc.’
3345 2895 3364 2928 ι

1711 3056 2070 3122 ΜΙΟΗᾸΞᾹΞ
2136 3061 2396 3124 CAPUT
2461 3059 2570 3120 III.

540 3159 727 3227 ’Ἴθι-πω
764 3176 868 3225 ru:
906 3173 1077 3250 ῬΪΡΊ
1118 3165 1140 3218 I
1223 3166 1287 3217 Ol
1321 3162 1540 3228 λοιποὶ,
1578 3163 1693 3231 (καὶ
1729 3164 1777 3215 οἱ
1830 3163 2118 3234 ἡγούμενοι

547 3258 691 3311 οἴκου
732 3255 990 3327 Ἰσραήλ.)
1019 3255 1097 3319 O',
1132 3254 1227 3307 καὶ
1257 3255 1304 3306 οἱ
1330 3254 1646 3307 κατάλοιποι
1677 3255 1825 3307 οἴκου
1849 3254 2085 3324 Ἰσραήλ.

546 3449 618 3496 n3
655 3419 842 3494 mea:
876 3442 996 3492 una
1033 3417 1193 3492 dum
1222 3432 1254 3484 8
1327 3432 1385 3483 Σ.
1426 3431 1559 3483 ἀλλὰ
1598 3431 1703 3502 μὴν
1750 3430 1859 3498 ἐγὼ
1890 3432 2116 3501 ἐνεπλή-

556 3531 681 3598 σθην
713 3525 912 3595 ἰσχύος.
949 3523 1026 3587 0',
1055 3524 1147 3577 ἐὰν
1183 3522 1258 3592 μὴ
1292 3521 1401 3590 ἐγὼ
1435 3522 1698 3591 ἐμπλήσω
1730 3521 1901 3590 ἰσχύν.

549 3797 690 3847 rem
722 3794 827 3874 ’μιν
863 3769 1098 3851 nam-ui
1133 3793 1306 3844 ω-ιηιπ
1338 3792 1457 3842 rmv
1487 3791 1591 3867 ps:
1627 3766 1831 3843 m‘a‘m
1861 3769 1947 3872 ’με
1980 3785 2048 3838 I2

564 3883 641 3937 Ἄ.
681 3881 768 3934 διὰ
791 3878 947 3933 τοῦτο
981 3877 1140 3949 χάριν
1174 3875 1325 3947 ὑμῶν
1359 3875 1498 3930 Σιὼν
1535 3875 1686 3947 χώρα
1725 3877 2116 3950 ἀροτριαοήσεσ

545 3991 658 4040 ται,
689 3974 784 4026 καὶ
818 3968 1174 4042 Ἰερουσαλὴμ
1202 3966 1694 4038 λιθολογηοήσεται.
1730 3967 1808 4033 Ο’,
1843 3967 1934 4022 διὰ
1957 3968 2114 4022 τοῦτο

546 4067 612 4120 δι’
642 4066 785 4136 ὑμᾶς
823 4059 960 4116 Σιὼν
993 4062 1068 4123 ὡς
1096 4060 1263 4129 ἀγρὸς
1289 4059 1763 4131 ἀροτριαθήσετσι,
1787 4059 1880 4113 καὶ
1922 4060 2116 4132 Ἰερου-

550 4157 730 4226 σαλὴμ
754 4155 828 4218 ὡς
860 4152 1303 4221 ὀπωροφυλάκιον
1331 4150 1504 4206 ἔσται.

2291 3163 2341 3216 I.
2379 3161 2512 3215 Ileb.
2560 3171 2612 3214 et
2642 3160 3030 3231 gubernatores
3094 3162 3290 3218 domus
3324 3162 3506 3220 Israel.
3555 3165 3786 3232 Reliqui,

2218 3252 2341 3307 Vni.
2365 3261 2417 3305 et
2443 3251 2610 3305 duces
2639 3251 2829 3306 domus
2856 3250 3040 3306 Israel.
3075 3250 3242 3318 LXX,
3275 3261 3328 3308 et
3367 3253 3572 3310 residui
3591 3255 3790 3312 domus

2215 3342 2404 3396 Israel.

2286 3435 2340 3488 8.
2375 3433 2436 3487 Η.
2469 3444 2520 3489 et
2554 3449 2677 3489 vere
2729 3450 2828 3504 ego
2881 3437 3120 3505 repletus
3169 3452 3290 3492 sum
3350 3437 3692 3494 fortitudine.
3727 3440 3786 3498 S.

2215 3539 2400 3577 verum
2432 3538 2532 3592 ego
2561 3524 2798 3592 repletus
2831 3540 2952 3578 sum
2987 3524 3326 3581 fortitudine.
3363 3525 3530 3593 LXX,
3570 3528 3675 3582 nisi
3693 3543 3795 3600 ego

2218 3613 2515 3682 implevero
2557 3613 2950 3670 fortitudinem.
2987 3614 3110 3670 Vul.
3161 3626 3538 3672 verumtamen
3566 3632 3666 3689 ego
3707 3635 3794 3674 re-

2216 3703 2394 3771 pletus
2421 3719 2541 3757 sum
2575 3702 2914 3757 fortitudine.

2291 3794 2378 3848 I2.
2422 3793 2486 3847 II.
2523 3793 2730 3850 Idcirco
2783 3805 3005 3865 propter
3029 3811 3132 3852 vos
3185 3797 3317 3851 Sion
3367 3812 3496 3867 ager
3522 3798 3788 3864 arabitur,

2219 3892 2272 3937 et
2297 3882 2597 3938 Jerusalem
2629 3883 2680 3936 in
2717 3899 2942 3939 acervos
2995 3886 3119 3940 erit.
3167 3886 3234 3941 A.
3289 3887 3414 3942 Ideo
3451 3897 3668 3957 propter
3692 3904 3788 3943 vos

2224 3974 2354 4030 Sion
2385 3990 2513 4045 ager
2549 3975 2815 4036 arabitur,
2855 3984 2908 4030 et
2933 3974 3234 4032 Jerusalem
3276 3978 3330 4032 in
3375 3993 3627 4033 acervum
3651 3979 3790 4049 lapi-

2222 4065 2352 4120 dum
2402 4065 2696 4135 redigetur.
2758 4065 2920 4133 LXX,
2959 4067 3166 4123 Idcirco
3221 4075 3442 4139 propter
3504 4084 3600 4124 vos
3657 4067 3790 4122 Sion

2225 4155 2382 4228 quasi
2413 4171 2541 4226 ager
2569 4156 2831 4224 arabitur,
2861 4166 2912 4212 et
2943 4157 3247 4213 Jerusalem
3302 4168 3365 4213 ut
3413 4159 3658 4214 custodia
3694 4173 3792 4228 po-

548 4247 709 4303 marii
762 4247 884 4300 erit.
936 4242 1060 4297 Vul.
1114 4251 1336 4313 propter
1365 4242 1487 4309 hoc,
1534 4259 1698 4299 causa
1755 4243 1944 4308 vestri,
1982 4243 2110 4301 Sion
2151 4246 2307 4317 quasi
2365 4261 2492 4316 ager
2545 4247 2812 4310 arabitur,
2880 4257 2934 4302 et
2992 4246 3291 4302 Jerusalem
3345 4247 3501 4318 quasi
3563 4261 3791 4302 acervus

546 4337 783 4406 lapidum
816 4335 936 4390 erit.

1374 4432 1548 4495 Notae
1579 4440 1638 4496 et
1670 4433 1856 4495 variae
1888 4432 2197 4496 lectiones
2229 4433 2304 4495 ad
2345 4450 2480 4512 cap.
2524 4434 2608 4495 ΠΙ
2664 4434 2966 4498 Michaam.

615 4533 692 4604 ν.
717 4531 1025 4604 ιχᾏΗῑετοη.
1055 4553 1067 4588 :
1105 4554 1123 4584 ι
1152 4534 1263 4590 Pro‘
1288 4535 1501 4604 reliquis
1533 4535 1720 4590 domus
1740 4535 1934 4598 Israel,
1961 4549 2119 4598 exee:

543 4601 1054 4679 ptigLXX_om_nes_,
1084 4604 1241 4679 duces
1269 4601 1453 4679 donius
1475 4603 1646 4679 Isi-aet
1668 4605 2111 4660 transtulerunt.»

619 4673 682 4726 ν.
715 4673 768 4727 8.
804 4673 886 4736 Σ.,
911 4673 1048 4726 ἀλλὰ
1078 4674 1185 4744 μὴν
1217 4681 1321 4728 etc.
1369 4672 1720 4729 Barberinus.

2305 4532 2372 4588 V.
2411 4533 2496 4587 I2.
2538 4535 2642 4596 'A.,
2673 4536 2756 4598 Σ.,
2778 4535 2875 4606 διὰ
2903 4533 3060 4588 τοῦτο
3083 4535 3242 4606 χάριν
3269 4543 3371 4590 etc.
3419 4533 3684 4590 Eusebius
3734 4535 3788 4589 in

2225 4603 2534 4659 Demonstr.
2568 4605 2895 4674 evangelica.

1760 4875 2121 4938 MICHJEJE
2168 4878 2262 4940 CA
2277 4875 2429 4938 PUT
2475 4876 2583 4936 IV.

541 4977 845 5028 marinum
881 4970 916 5023 3
987 4965 1064 5034 (Τ,
1099 4969 1196 5024 καὶ
1220 4971 1292 5024 τὰ
1312 4970 1511 5042 δόρατα
1540 4970 1739 5028 αὐτῶν.
1767 4974 2000 5040 Ἄλλος,
2033 4975 2116 5040 ζι-

545 5061 713 5122 6ύνας
746 5060 947 5114 αὐτῶν.

545 5136 724 5210 Πάν-*ἓν
796 5148 853 5203 Σ.
889 5151 949 5204 Θ.
976 5153 1062 5204 ἐπ’
1092 5152 1260 5216 Εθνος.
1297 5152 1372 5220 0',
1405 5154 1540 5226 πρὸς
1561 5155 1731 5218 ἔθνος.

543 5313 907 5415 er-11:59::
947 5331 982 5384 8
1065 5333 1142 5384 ’A.
1203 5333 1474 5402 σκοτώδης
1543 5334 1790 5405 θυγάτηρ
1829 5336 1985 5392 Σιών.
2167 5381 2170 5383 .

545 5421 860 5560 ἁπιείιρυφος
915 5422 1158 5494 θυγάτηρ
1204 5426 1362 5480 Σιών.
1401 5425 1478 5490 0’,
1511 5426 1824 5497 αὐχμώδης,
1867 5428 2126 5500 Θυγάτηρ·

545 5509 604 5560 Σι
687 5545 702 5560 .

545 5509 702 5561 Σιών.

545 5604 712 5654 13cm
757 5598 808 5649 II
892 5601 947 5650 Σ.
989 5603 1344 5670 συνήχθησαν.
1376 5609 1450 5668 0',
1486 5609 1939 5677 ἐπισυνήχῦησιαν.

2292 4976 2346 5029 5.
2384 4973 2516 5028 Ileb.
2551 4973 2712 5041 LXX,
2749 4973 2866 5029 Vul.
2899 4985 2953 5030 et
2987 4977 3175 5033 hastas
3204 4985 3352 5032 suas.
3376 4977 3550 5042 Alius,
3574 4977 3800 5034 Ianceas’

2222 5080 2373 5119 suas.

2290 5154 2357 5208 II.
2392 5153 2554 5219 LXX,
2584 5164 2772 5210 contra
2820 5165 3056 5227 gentem.
3106 5158 3164 5213 S.
3224 5157 3326 5212 Th.
3355 5174 3517 5230 super
3551 5169 3788 5230 gentem.

2223 5246 2344 5301 Vul.
2378 5246 2641 5302 adversus
2667 5257 2904 5317 gentem.

2289 5339 2341 5394 8.
2384 5337 2516 5393 Ileb.
2549 5339 2726 5394 editus
2753 5340 2908 5396 locus
2949 5341 3060 5396 lilia
3097 5339 3249 5396 Sion.
3275 5343 3340 5395 Α.
3373 5343 3656 5397 tenebrosa
3681 5342 3788 5397 filia

2222 5427 2376 5482 Sion.
2435 5427 2492 5482 S.
2541 5429 2857 5484 abscondita
2911 5430 3026 5499 ipsa
3083 5439 3170 5486 est
3219 5431 3329 5485 lilia
3392 5432 3547 5486 Sion.
3621 5430 3788 5496 LXX,

2221 5518 2522 5586 squallens,
2549 5519 2658 5572 filia
2691 5518 2842 5574 Sion.
2875 5519 2997 5575 Vul.
3036 5521 3296 5578 nebulosa
3331 5521 3440 5575 filia
3474 5521 3626 5577 Sion.

2296 5610 2378 5663 Η.
2421 5609 2552 5664 Ileb.
2585 5610 2644 5664 S.
2708 5608 2829 5665 V'ul.
2878 5622 3217 5684 congregatae
3265 5623 3412 5670 sunt.
3455 5611 3619 5678 LXX,
3682 5623 3788 5665 una

2223 5709 2556 5768 congregatae
2593 5709 2740 5755 sunt.
