4128 6316
573 290 579 295 ’
625 293 762 346 2933

625 425 756 479 η-πτιι
792 421 936 471 ωηεν
977 397 1049 470 si";
1123 413 1180 463 Σ.
1219 453 1230 465 .
1273 451 1286 465 .
1330 454 1342 465 .
1389 454 1400 465 .
1447 452 1458 466 .
1507 455 1517 466 .
1565 455 1575 465 .
1624 453 1634 463 .
1680 453 1693 466 .
1737 417 1812 476 0',
1850 414 1907 466 οὺ
1949 413 2201 482 ψηλαφη-

628 503 850 574 θήσεται
891 503 1050 574 θήρα.

629 682 830 734 ΠΠἩᾹΞ
861 657 1018 733 ’ὕων
1058 675 1091 727 5
1164 675 1220 726 Σ.
1267 715 1279 728 .
1327 713 1340 726 .
1385 713 1398 726 .
1445 715 1457 729 .
1503 713 1515 726 .
1558 676 1633 739 0’,
1686 675 1777 727 καὶ
1816 674 2202 744 ἀσθενήσουσιν

630 764 689 814 ἐν
711 766 820 826 τοῖς
859 763 1103 832 σώμασιν
1127 764 1324 816 αὐτῶν.

631 1045 820 1098 mm
847 1018 998 1098 filim
1033 1034 1067 1087 4
1153 1033 1232 1086 Ἀ.
1266 1032 1326 1086 Σ.
1363 1072 1376 1086 .
1422 1073 1436 1086 .
1481 1074 1493 1086 .
1537 1073 1550 1087 .
1597 1076 1609 1088 .
1653 1075 1667 1088 .
1706 1074 1720 1087 .
1757 1076 1769 1087 .
1812 1040 1887 1100 0',
1927 1038 2200 1108 ἡγουμένη

631 1126 955 1198 φαρμάκων.

629 1309 701 1385 ηρ
742 1310 878 1361 mm
924 1310 1079 1361 erm:
1121 1310 1278 1362 nam
1323 1311 1465 1384 ποτε
1507 1311 1616 1361 την
1661 1289 1902 1385 vsa-5:.
1941 1311 2064 1362 rem
2101 1305 2130 1356 7

627 1377 698 1451 τιὸ
731 1401 834 1452 ww
909 1395 967 1445 Σ.
1013 1432 1026 1446 .
1075 1433 1087 1446 .
1133 1433 1146 1446 .
1191 1435 1203 1447 .
1250 1432 1264 1445 .
1425 1433 1439 1446 .
1480 1432 1492 1446 .
1532 1395 1607 1457 οι,
1660 1377 1751 1460 κάξ
1806 1393 1978 1456 ἔσται,
2031 1396 2134 1457 πᾶς
2179 1396 2207 1446 δ

625 1483 766 1556 δρῶν
801 1501 859 1536 σε
885 1485 1254 1554 ηταόἡσεται
1280 1484 1387 1538 ἀπὸ
1416 1483 1531 1547 σοῦ,
1559 1484 1650 1536 καὶ
1679 1485 1810 1553 ἐρεῖ,
1859 1483 2078 1537 Δειλαὶα
2109 1484 2208 1536 Nc-

625 1576 779 1647 νευὴ,
814 1575 897 1639 τίς
930 1576 1172 1640 στενάξει
1195 1577 1398 1645 αὑτήν;

1674 292 2148 352 ιιΕΧΑΡωῐιυΜ
2191 289 2281 356 QU
2294 289 2358 343 ΑΞ
2403 288 2833 347 SUI’ERSUNT.

3731 291 3896 347 E935

2378 408 2512 462 Heb.
2546 424 2653 462 non
2674 409 2882 464 recedet
2921 408 3116 477 praeda.
3145 407 3200 460 8.
3237 408 3324 461 ubi
3361 407 3674 460 indesinens
3698 410 3891 473 [tr-.mia

2307 506 2406 551 est.
2441 495 2604 561 LXX,
2664 513 2770 551 non
2823 497 3250 552 eontrectabitur
3307 495 3541 552 venatio.
3606 492 3723 547 ναι.
3769 509 3892 546 ιιυη

2307 587 2522 641 recedet
2563 601 2591 639 a
2635 595 2686 640 te
2721 588 2928 657 rapina.

2377 677 2428 730 '5.
2465 675 2626 729 Hebr.
2689 678 2986 748 impingent
3042 679 3094 730 in
3146 689 3374 744 corpora
3433 688 3647 728 eorum.
3703 672 3757 726 S.
3833 682 3890 726 et

2308 765 2592 820 oﬂ‘endunt
2618 767 2670 820 in
2700 768 3058 822 cadaveribus
3101 777 3462 821 mortuorum.
3516 761 3678 826 LXX,
3713 773 3766 815 et
3802 764 3889 816 in-

2305 856 2664 910 tirmabuntnr
2700 857 2750 910 in
2787 859 3105 926 corporibus
3129 871 3338 912 eorum.
3376 854 3500 909 Yul.
3541 861 3594 907 et
3622 862 3889 906 corruent

2307 947 2360 1000 in
2393 948 2714 1016 corporibus
2762 949 2896 1002 suis.

2378 1036 2431 1088 4.
2467 1036 2598 1090 Ileb.
2634 1046 2875 1104 patrona:
2909 1037 3406 1090 maleﬁciorum.A.
3444 1034 3500 1086 S.
3532 1033 3736 1086 habens
3765 1047 3886 1085 ina-

2304 1129 2498 1184 leﬁcia.
2559 1128 2722 1193 LXX,
2796 1130 2904 1184 dux
2968 1128 3379 1185 maleﬁciorum.
3442 1124 3564 1178 ναι.
3628 1125 3884 1178 babentis

2306 1219 2593 1272 maleficia.

2379 1305 2431 1356 7.
2465 1307 2598 1359 lleb.
2639 1306 2704 1360 Et
2729 1309 2833 1361 erit
2859 1308 3037 1361 omnis
3067 1309 3158 1375 qui
3196 1305 3388 1359 viderit
3425 1315 3476 1359 te
3529 1304 3814 1373 vagabitur
3855 1319 3885 1356 α

2307 1403 2378 1458 ιο,
2405 1405 2458 1450 οι
2485 1397 2644 1462 dicet,
2684 1397 2903 1452 Vastata
2932 1407 3013 1453 est
3041 1399 3249 1462 Ninive,
3302 1399 3427 1467 quis
3466 1398 3776 1451 condolebit
3802 1397 3890 1450 ei?

2306 1485 2363 1540 8.
2405 1487 2466 1540 Et
2499 1489 2680 1543 omnis
2711 1491 2804 1558 qui
2857 1490 3048 1544 viderit
3103 1499 3153 1543 te
3205 1489 3416 1543 recedet
3444 1504 3474 1542 a
3528 1497 3598 1552 te,
3631 1498 3682 1540 et
3715 1488 3884 1546 dicet,

2307 1573 2577 1644 Dissipata
2603 1587 2687 1632 est
2719 1578 2931 1641 Ninive,
2961 1580 3084 1648 quis
3113 1579 3317 1647 lugebit
3345 1593 3468 1632 cum
3497 1578 3600 1632 ea?
3628 1576 3792 1640 LXX,
3820 1575 3887 1632 Et

627 1667 750 1730 erit,
777 1668 956 1723 omnis
979 1669 1072 1737 qui
1113 1669 1305 1722 viderit
1327 1676 1377 1721 te
1403 1667 1614 1722 recedet
1640 1683 1666 1720 a
1705 1677 1776 1728 te,
1815 1676 1867 1719 et
1912 1665 2075 1727 dicet,
2138 1664 2333 1720 Misera
2372 1665 2584 1734 Ninive,
2654 1670 2778 1738 quis
2815 1679 2991 1739 gemet
3036 1671 3192 1725 eam?
3249 1669 3373 1723 Vul.
3417 1679 3470 1724 et
3507 1670 3644 1724 erit:
3678 1669 3886 1733 omnis,

625 1761 719 1828 qui
747 1760 940 1814 viderit
972 1768 1042 1824 te,
1080 1762 1281 1816 resiliet
1307 1777 1336 1815 a
1362 1771 1431 1826 te,
1461 1763 1678 1816 etdicet
1710 1781 1723 1815 :
1757 1760 1976 1815 Vastata
1995 1768 2078 1814 est
2100 1758 2294 1814 Ninive
2325 1778 2336 1812 :
2381 1761 2504 1830 quis
2532 1766 2897 1819 commovebit
2921 1781 3085 1836 super
3119 1777 3169 1820 te
3201 1765 3405 1834 caput?

621 1857 795 1935 γτφω
833 1849 900 1904 18
985 1851 1064 1903 Ἀ.
1094 1852 1152 1904 Σ.
1172 1851 1234 1903 Θ.
1257 1853 1284 1903 ὁ
1321 1855 1588 1920 συνάγων.
1608 1855 1684 1918 0',
1712 1853 2086 1922 ἐκδεχόμενος.

2380 1854 2466 1907 18.
2503 1853 2638 1910 Heb.
2674 1858 2738 1913 Α.
2784 1857 2842 1912 8.
2902 1857 3006 1913 Tlt.
3058 1858 3182 1913 Vul.
3212 1861 3304 1929 qui
3357 1862 3668 1928 congreget.
3716 1855 3888 1921 LXX,

2303 1943 2396 2010 qui
2432 1947 2720 2015 suscipiat.

1493 2053 1666 2114 Notae
1689 2059 1748 2112 et
1782 2049 1968 2112 variae
2015 2048 2324 2113 lectiones
2355 2055 2432 2116 ad
2463 2073 2598 2136 cap.
2633 2062 2722 2121 ΙΙΙ
2755 2064 3025 2126 Nahum.

692 2148 757 2202 V.
795 2149 848 2222 1.
890 2151 1286 2222 Hieronymus:
1335 2172 1351 2204 ι
1393 2151 1491 2207 Ubi
1524 2170 1622 2208 nos
1662 2151 2195 2222 posuimustacq‘o-

624 2219 764 2272 tione
789 2219 964 2286 plena,
1000 2221 1052 2274 in
1086 2217 1311 2277 Hebraeo
1361 2223 1590 2276 habetur
1630 2217 1899 2276 P'llEREC
1939 2217 2191 2281 MALEA,

621 2290 765 2357 quod
807 2290 1191 2362 interpretatus
1222 2291 1418 2362 Δ(ξειΑ.,
1452 2291 1842 2362 ἐξαυχενισμοῦ
1879 2290 2112 2362 πλήρης,
2155 2287 2190 2338 i.

619 2373 696 2432 e._.
725 2361 1138 2432 excervicatione
1175 2360 1352 2428 plena.
1389 2360 1750 2432 Synnna'cbus
1781 2371 1967 2432 autem
1992 2361 2192 2432 ἁποτοτ

623 2426 752 2494 μίας
774 2427 1017 2500 πλήρης,
1044 2423 1190 2500 quod
1221 2423 1512 2500 possumus
1542 2433 1741 2494 dicere,
1770 2429 2082 2500 crudelitate
2111 2423 2195 2477 vel

622 2495 1102 2572 set'eritatc'p'temi.
1146 2495 1412 2555 lit—altera
1442 2501 1561 2570 ejus
1588 2502 1825 2556 editione
1860 2499 2064 2567 reperi,
2099 2509 2196 2564 με·

2300 2153 2562 2235 λ9,κοπίας
2596 2161 2828 2235 πλήρης,
2855 2165 2890 2218 i.
2927 2181 3000 2229 e.,
3035 2166 3350 2219 sectionibus
3383 2163 3656 2226 carnium,
3685 2175 3731 2216 et
3762 2163 3886 2231 [ηι-

2299 2233 2396 2278 stts
2427 2242 2519 2292 per
2545 2233 2772 2285 membra
2805 2237 3052 2287 concisis.
3083 2254 3100 2285 ι

2371 2292 2509 2374 ibid:
2539 2297 2620 2374 8.,
2658 2303 2745 2355 ubi
2777 2303 3071 2374 indesinens
3095 2312 3202 2374 etc_.
3228 2303 3611 2374 Hieronymus.

2371 2363 2436 2442 Χ.
2672 2382 2721 2442 et
2747 2373 3015 2440 o/j’cndunt
3038 2384 3139 2428 etc.
3173 2372 3398 2442 Drusius
3429 2363 3491 2425 ex
3529 2371 3886 2442 Hieronymo.

2375 2429 2438 2512 Υ.
2671 2438 2753 2504 8.,
2777 2429 2983 2495 ’Ῡιαὺεηδ
3008 2444 3289 2510 maleﬁcia.
3327 2441 3705 2512 Hieronymus.

2379 2500 2440 2554 V.
2475 2505 2530 2556 7.
2559 2506 2642 2572 S.,
2678 2500 2940 2565 et’omuis
2977 2514 3068 2582 qui
3107 2500 3292 2566 viderit
3319 2521 3424 2565 etc.
3458 2500 3844 2580 llieronymus.

1694 2681 2064 2745 HABACUC
2120 2679 2376 2742 CAPUT
2423 2684 2759 2752 PRIMUM.

621 2813 807 2866 Rm
843 2805 865 2860 ί
958 2806 1040 2860 'A.
1067 2806 1241 2876 ἅρμα.
1273 2808 1332 2861 Σ.
1363 2809 1439 2872 0’,
1464 2807 1526 2861 Θ.
1571 2808 1784 2878 λῆμμα.

621 2904 776 2956 εῖναι
811 2905 912 2958 ’κη
948 2896 981 2952 5
1065 2899 1142 2951 Ἀ.
1181 2899 1238 2954 Σ.
1270 2898 1331 2953 Θ.
1373 2940 1386 2951 .
1433 2939 1444 2950 .
1491 2939 1502 2950 .
1545 2939 1556 2952 .
1604 2938 1616 2950 .
1658 2900 1734 2962 0’,
1773 2898 1909 2950 ἴδετε
1943 2898 1992 2949 οἱ
2028 2911 2198 2948 κατα-

623 2986 891 3056 φρονηταί
949 2988 1190 3053 Ἄλλος,
1221 3027 1235 3040 .
1266 3027 1280 3042 .
1311 3029 1324 3042 .
1353 2989 1578 3054 Ἀλλος
1599 3031 1611 3052 ,
1664 3030 1675 3040 .
1714 3031 1724 3041 .
1775 3031 1786 3041 .
1826 3027 1839 3040 .

619 3173 853 3230 Ἴων-ν)
885 3174 1088 3226 1:va
1122 3149 1194 3227 κδ
1230 3176 1440 3226 nam»:
1475 3152 1583 3230 5-25
1617 3150 1815 3230 Sen-1:
1903 3167 1959 3219 Σ.
2004 3205 2016 3218 .
2062 3205 2074 3216 .
2119 3205 2132 3217 .
2178 3206 2190 3218 .

621 3260 699 3335 ρ’,
724 3257 856 3312 διότι
881 3257 1041 3330 ἔργον
1071 3258 1181 3326 ἐγὼ
1202 3258 1506 3330 ἐργάζομαι
1532 3261 1588 3311 ἐν
1616 3260 1736 3320 ταῖς
1760 3258 1992 3328 ἡμέραις
2019 3255 2192 3324 ὑμῶν,

621 3347 652 3400 δ
673 3347 732 3402 οὐ
772 3347 846 3419 μὴ
867 3347 1193 3418 πιστεύσητε
1219 3349 1312 3402 ἐάν
1343 3366 1426 3411 τις
1467 3348 1804 3418 ἐκδιηγῆται.

623 3748 725 3801 ευτ’
758 3746 935 3800 mm
971 3747 1186 3799 mm
1218 3749 1370 3798 13D?)
1404 3747 1504 3798 mn
1538 3739 1566 3790 7
1643 3738 1700 3790 Σ.
1727 3737 1885 3800 αὐτὸς
1907 3739 2083 3807 ἐαυτῷ
2114 3739 2192 3792 δι-

624 3816 804 3896 κᾶσει,
848 3831 944 3884 καὶ
993 3817 1169 3900 δόγμα
1199 3829 1259 3882 τὸ
1296 3829 1490 3883 ἑαυτοῦ
1537 3829 1968 3894 ἐπεξελεύσεται.
2005 3832 2080 3893 0',
2132 3830 2192 3893 ἐξ

625 3920 790 3976 αὑτοῦ
821 3921 880 3974 τδ
909 3921 1083 3993 κρίμα
1113 3921 1274 3974 αὐτοῦ
1305 3921 1476 3988 ἔσται,
1504 3921 1601 3973 καὶ
1625 3919 1686 3974 τὸ
1715 3920 1909 3990 λῆμμα
1941 3919 2105 3972 αὑτοῦ
2131 3917 2190 3982 ἐξ

621 4011 785 4066 αὐτοῦ
826 4011 1005 4078 ἐξελεύ
1014 4028 1183 4066 σεται.
2180 3997 2184 4004 ’

630 4217 805 4270 rma
842 4215 974 4268 12751
1009 4207 1044 4262 8
1113 4210 1173 4275 Σ.
1201 4250 1212 4262 .
1247 4247 1263 4261 .
1305 4246 1322 4262 .
1356 4247 1372 4262 .
1407 4249 1421 4263 .
1451 4207 1530 4272 0',
1579 4208 1669 4260 καὶ
1705 4205 2093 4272 ἐξιππάσονται
2144 4206 2192 4258 oi

635 4301 818 4362 ιππείς
846 4299 1030 4354 αὐτοῦ.

619 4507 736 4561 an?
773 4505 952 4556 nam
1033 4497 1113 4548 Ἄ.
1165 4496 1314 4565 παρὰ
1366 4495 1658 4566 παρδάλεις
1699 4495 1797 4566 τῆς
1825 4496 2084 4566 ἑσπέρας.
2114 4496 2189 4559 0’,

625 4585 765 4654 ὑπὲρ
792 4585 917 4646 τοὺς
945 4582 1142 4644 λύκους
1168 4581 1268 4650 τῆς
1313 4582 1592 4652 Ἀραϐίας.

621 4764 746 4816 an?
781 4741 944 4818 pm'j
978 4739 1080 4817 rh:
1115 4754 1148 4809 9
1221 4755 1277 4808 Σ.
1334 4755 1511 4810 πάντα
1553 4759 1632 4821 εἰς
1693 4757 2002 4823 πλεονεξίαν
2049 4757 2187 4828 ἥξει.

620 4851 699 4913 0',
740 4847 1020 4901 συντέλεια
1041 4849 1121 4910 εἰς
1147 4846 1363 4910 ἀσεϐεῖς
1397 4847 1536 4916 ἥξει.

619 5031 803 5108 nam:
835 5031 1006 5083 ωπνεε
1050 5033 1224 5083 nam
1292 5023 1349 5075 Σ.
1387 5025 1418 5094 ὴ
1473 5025 1736 5094 πρόσοψις
1763 5026 1856 5078 τοῦ
1899 5026 2187 5098 προσώπου

620 5111 801 5166 αὐτῶν
828 5112 1026 5182 ἄνεμος
1049 5113 1286 5167 καύσων.
1318 5113 1394 5178 0',
1437 5113 1836 5185 ἀνθεστηκότας
1881 5116 2189 5186 προσώποις

619 5203 798 5256 αὐτῶν
821 5203 1142 5270 ἐξεναντίας.

620 5389 779 5444 nam
819 5379 880 5436 11
971 5381 1050 5434 Ἀ.
1093 5382 1148 5435 Σ.
1184 5383 1278 5437 καὶ
1311 5383 1708 5456 πλημμελήσει.
1751 5390 1828 5451 0',
1874 5387 1967 5440 καὶ
2009 5387 2186 5452 ἐξιλά-

619 5489 790 5528 σεται.

619 5565 794 5616 nvo:
829 5537 933 5616 ΝΒ
968 5563 1117 5646 για-φ
1152 5541 1283 5618 νηιικ
1320 5567 1474 5620 rm?
1521 5570 1690 5646 σφω
1725 5574 1846 5623 nm
1881 5547 2014 5624 μυξη
2054 5564 2120 5622 t2

616 5653 774 5704 1mm
811 5628 1002 5705 niam")
1033 5628 1156 5705 'r'un
1184 5659 1351 5708 mw
1399 5628 1622 5711 nam;
1670 5662 1790 5713 mm
1877 5657 1954 5714 Ἀ.
1995 5698 2007 5710 .
2056 5697 2070 5710 .
2115 5698 2126 5710 .
2171 5700 2186 5716 .

681 5776 694 5789 .
742 5774 757 5787 .
803 5738 896 5790 καὶ
917 5737 1136 5806 στερεὸν
1162 5741 1242 5801 εἰς
1267 5740 1328 5792 τὸ
1347 5741 1592 5810 ἐλέγχειν
1614 5743 1981 5814 ἐθεμελίωσας
2002 5748 2183 5802 αὐτόν.

621 5825 2186 5907 Σ........εἰςτδκρὶνειν.....,καὶκρα-

2373 2811 2423 2864 1.
2459 2811 2590 2868 lleb.
2630 2817 2695 2869 Α.
2734 2815 2856 2870 Vul.
2879 2831 3040 2871 onus.
3072 2817 3127 2870 8.
3157 2816 3315 2882 LXX,
3346 2815 3446 2870 ΤΙι.
3479 2813 3804 2884 assumptio.

2371 2905 2422 2958 5.
2458 2903 2588 2959 Heb.
2626 2906 2804 2962 videte
2832 2908 2884 2960 in
2920 2909 3193 2976 gentibus.
3220 2907 3283 2961 A.
3328 2905 3385 2960 8.
3437 2905 3537 2960 Tlt.
3583 2906 3705 2960 Vttl.
3731 2909 3886 2978 asp-iv

2299 2996 2404 3050 cite
2431 2995 2482 3049 in
2514 2996 2788 3066 gentibus.
2825 2997 2987 3064 LXX,
3019 3000 3199 3053 videte
3245 3009 3666 3073 contemptores.
3697 2999 3878 3060 Alius.

2297 3087 2550 3143 videbitis
2573 3089 3017 3144 Calumniatores.
3037 3090 3184 3143 Alius
3204 3130 3218 3153 ,
3246 3089 3497 3144 videbitis
3515 3091 3879 3144 declinantes.

2368 3173 2434 3228 H.
2489 3175 2628 3240 Quin
2668 3192 2804 3246 opus
2851 3192 3086 3246 operans
3128 3176 3181 3230 in
3247 3177 3440 3231 diebus
3492 3175 3712 3237 vestris,
3763 3191 3880 3227 non

2297 3267 2520 3323 creditis
2549 3283 2672 3321 cum
2706 3269 3044 3323 narrabitur.
3086 3267 3142 3320 8.
3173 3268 3299 3337 quia
3329 3283 3464 3336 opus
3489 3266 3575 3319 fiet
3599 3267 3651 3318 in
3682 3265 3882 3319 diebus

2294 3359 2508 3422 vestris,
2539 3361 2683 3429 quod
2713 3376 2870 3414 nemo
2891 3361 3075 3415 credet
3095 3375 3216 3414 cum
3243 3356 3878 3426 narrabitur.LXX,quia

2295 3461 2432 3515 opus
2449 3463 2548 3516 ego
2573 3463 2768 3516 operor
2791 3450 2844 3501 in
2873 3449 3064 3502 diebus
3092 3450 3291 3503 vestris
3315 3449 3458 3517 quod
3491 3463 3595 3502 non
3616 3448 3878 3510 credetis,

2295 3539 2339 3593 si
2369 3539 2492 3606 quis
2545 3540 2867 3592 narraverit.
2911 3537 3032 3593 Vul.
3076 3539 3202 3608 quia
3269 3555 3406 3608 opus
3439 3540 3638 3593 factum
3675 3549 3758 3593 est
3822 3541 3876 3593 in

2293 3628 2484 3682 diebus
2521 3629 2736 3692 vestris,
2769 3630 2915 3698 quod
2957 3645 3118 3683 nemo
3150 3630 3333 3684 credet
3362 3645 3483 3686 cum
3540 3629 3873 3684 narrabitur.

2328 3741 2379 3792 7.
2417 3738 2547 3794 lleb.
2584 3740 2698 3809 Ipsa
2729 3759 2794 3798 ex
2823 3743 2999 3809 seipsa
3033 3741 3297 3810 judicium
3349 3741 3486 3810 ejus,
3524 3751 3576 3795 et
3615 3741 3876 3794 exultatio

2291 3829 2408 3898 ejus
2443 3831 2766 3898 egredietur.
2795 3831 2851 3885 S.
2882 3830 3000 3899 Ipsa
3032 3830 3428 3899 sibijudicabit,
3459 3843 3510 3885 et
3539 3832 3754 3884 decreto
3770 3846 3876 3883 suo

2291 3919 2614 3988 egredietur.
2663 3921 2826 3988 LXX,
2884 3941 2947 3979 ex
2992 3927 3106 3996 ipsa
3157 3922 3420 3993 judicium
3482 3921 3602 3988 ejus
3646 3923 3766 3983 erit,
3812 3930 3872 3974 et

2293 4013 2594 4081 assumptio
2636 4014 2754 4083 ejus
2783 4029 2845 4068 ex
2871 4031 2929 4070 se
2958 4017 3281 4086 egredietur.
3315 4011 3433 4066 ναι.
3467 4011 3539 4065 Ex
3578 4013 3869 4080 semetipsa

2291 4103 2576 4172 judicium,
2597 4115 2648 4160 et
2687 4121 2824 4161 onus
2851 4107 2968 4175 ejus
2986 4108 3309 4177 egredietur.

2363 4194 2414 4248 8.
2451 4194 2515 4248 ii.
2548 4206 2601 4249 et
2624 4195 2727 4248 late
2756 4197 3014 4264 patebunt
3047 4198 3254 4266 equites
3285 4195 3418 4264 ejus.
3441 4193 3496 4247 S.
3529 4193 3870 4248 eﬂ‘undentur

2295 4285 2508 4352 equites
2535 4284 2676 4352 ejus.
2697 4283 2857 4348 LXX,
2881 4293 2934 4338 et
2963 4285 3284 4353 equitabunt
3317 4283 3526 4352 equites
3557 4282 3691 4350 ejus.
3740 4279 3867 4334 νυν.

2294 4384 2347 4429 et
2394 4374 2764 4428 diﬂundentur
2797 4375 3006 4444 equites
3037 4376 3175 4443 ejus.

2367 4463 2530 4518 Hebr.
2557 4479 2664 4533 prae
2696 4463 2838 4532 lupis
2867 4479 3122 4532 vesperae.
3161 4463 3220 4516 A.
3256 4478 3363 4533 prtr
3392 4462 3572 4532 pardis
3603 4475 3861 4529 vesperae.

2295 4555 2460 4621 LXX,
2561 4556 2703 4625 lupis
2781 4556 3012 4610 Arabiae.
3093 4555 3214 4610 Vul.
3313 4552 3656 4625 (velociores)
3724 4553 3862 4621 lupis

2296 4648 2642 4717 vespertinis.

2363 4741 2418 4792 9.
2451 4739 2515 4792 ΙΙ.
2552 4749 2659 4793 tota
2693 4740 2806 4808 ipsa
2841 4739 2906 4793 ad
2963 4739 3205 4806 rapinam
3245 4737 3436 4791 veniet.
3499 4736 3556 4790 S.
3595 4737 3776 4790 omnia
3811 4737 3860 4789 in

2293 4832 2578 4886 avaritiam
2638 4832 2874 4886 venient.
2929 4828 3091 4895 LXX,
3125 4828 3523 4884 consummatio
3562 4827 3615 4880 in
3669 4826 3861 4898 impios

2293 4923 2494 4976 veniet.
2527 4920 2649 4976 Vul.
2684 4937 2874 4976 omnes
2903 4921 2970 4976 ad
3004 4921 3239 4990 praedam
3274 4921 3508 4974 venient.

2369 5011 2503 5067 Heb.
2550 5013 2820 5082 oppositio
2854 5013 3114 5067 facierum
3151 5027 3339 5067 eorum
3377 5013 3441 5064 ad
3479 5010 3764 5063 orientem.
3803 5006 3858 5060 S.

2295 5110 2549 5172 aspectus
2583 5103 2761 5156 vultus
2818 5119 3012 5157 eorum
3052 5111 3250 5157 ventus
3298 5117 3480 5155 urens.
3524 5098 3686 5163 LXX,
3731 5102 3860 5151 resi-

2297 5204 2501 5248 stentes
2522 5193 2764 5249 {aciebus
2797 5196 3038 5265 ipsorum
3105 5211 3168 5250 ex
3229 5195 3478 5249 adverso.
3517 5191 3638 5246 Vul.
3694 5191 3857 5246 facies

2292 5303 2478 5343 eorum
2507 5297 2701 5343 ventus
2738 5303 2918 5342 urens.

2362 5381 2449 5436 Η.
2475 5379 2637 5436 Hebr.
2671 5383 2739 5436 A.
2767 5380 2825 5436 8.
2861 5390 2915 5435 οι
2941 5380 3238 5452 delinquet.
3278 5379 3439 5445 LXX,
3464 5390 3517 5435 et
3542 5379 3857 5451 propitiabi-

2295 5483 2398 5532 tur.
2431 5471 2556 5532 Vul.
2588 5483 2641 5528 et
2670 5482 2906 5529 corruet.

2367 5566 2453 5619 12.
2485 5563 2550 5618 Η.
2595 5565 2785 5619 Nonne
2810 5573 2867 5618 tu
2889 5580 2918 5618 a
2954 5565 3221 5634 principio
3244 5562 3510 5617 Dominus
3549 5561 3690 5618 Deus
3706 5576 3856 5616 meus

2294 5667 2518 5712 sanctus
2560 5657 2758 5712 meus?
2817 5672 2924 5712 non
2981 5657 3302 5722 moriemur,
3341 5654 3590 5719 Domine,
3622 5653 3686 5706 ad
3717 5652 3854 5721 judi-

2291 5749 2437 5804 cium
2472 5747 2699 5816 posuisti
2731 5761 2880 5814 eum,
2915 5757 2966 5803 et
3001 5756 3211 5817 petram
3231 5748 3299 5803 ad
3331 5745 3717 5814 increpandum
3741 5743 3855 5796 fun-

2291 5839 2430 5896 dasti
2462 5854 2610 5900 eum.
2820 5839 3110 5918 etﬁrmum
3135 5840 3203 5898 ad
3242 5838 3580 5910 arguendum
3615 5835 3851 5892 fundasti
