4128 6316
326 279 467 354 99εὲ
1555 299 1875 358 υΑΒΑευο
1915 304 2139 360 canor
2175 309 2237 362 υ.
3449 317 3586 371 esse

320 416 471 470 ταιδν
501 416 582 478 et;
612 416 670 469 τὸ
700 416 940 486 ἐλέγχειν
967 415 1098 487 ἔστη
1111 432 1206 478 σας
1237 416 1416 468 αὐτόν.
1456 422 1533 482 0⁸,
1562 421 1681 489 οὐχὶ
1715 423 1778 473 σὺ
1807 422 1900 473 ἀπ’

2009 438 2152 483 eum.
2175 428 2230 484 ὃ.
2253 429 2442 488 Nonne
2470 442 2524 486 tu
2561 448 2590 486 a
2620 434 2911 504 principio,
2952 435 3194 500 Domine,
3238 436 3376 492 Deus
3407 453 3581 501 meus,

321 505 516 574 ἀρχῆς,
543 505 716 574 Κύριε
745 508 772 558 ὁ
796 504 926 567 Θεὸς
964 505 990 556 ὁ
1025 504 1184 574 ἅγιός
1213 522 1313 573 μου
1342 523 1356 570 ;
1389 509 1482 560 καὶ
1503 508 1562 560 οὑ
1595 507 1675 578 μὴ
1701 508 1906 564 ἀποθά-

2013 527 2198 573 sancte
2238 536 2411 585 meus,
2477 534 2534 576 ut
2571 540 2677 578 non
2703 524 3318 581 morercmuribomine
3350 528 3413 582 ad
3434 527 3583 595 judi-

320 611 520 665 νωμεν,
555 594 749 666 Κύριε,
790 596 870 657 είς
894 595 1068 665 κρίμα
1095 596 1336 665 τέταχας
1385 597 1538 663 αὐτὸ,
1579 600 1674 654 καὶ
1701 600 1905 654 ἐπλασέ

2017 605 2251 660 candum
2293 611 2523 677 posuisti
2551 628 2698 676 eum,
2736 604 2790 667 et
2830 612 3023 667 fortem
3069 614 3135 668 ad
3179 616 3583 684 corripiendum

325 703 391 756 με
422 684 516 737 τοῦ
552 684 797 754 ἐλέγχειν
826 683 1074 738 παιδείαν
1106 687 1302 739 αὐτοῦ,

2018 698 2345 753 constituisti
2381 717 2524 756 eum.
2552 701 2714 767 LXX,
2747 702 2935 758 Nonne
2985 713 3039 758 tu
3082 718 3114 758 α
3149 683 3434 774 principio,
3475 704 3585 759 Do-

323 779 467 832 mine
489 778 634 834 Deus
663 779 1125 834 sanctemeus?et
1167 796 1275 834 non
1315 779 1614 834 moriemur
1656 801 1666 834 :
1702 782 1947 849 Domine,
1993 786 2045 839 in
2101 789 2366 855 judicium
2417 795 2645 862 posuisti
2685 795 2860 864 ipsum
2903 813 2913 847 :
2973 807 3026 851 et
3085 797 3372 865 plasmavit
3403 813 3487 853 me
3527 807 3585 852 ut

320 887 548 942 arguam
603 871 950 941 disciplinam
998 873 1140 941 ejus.
1171 872 1294 928 ναι.
1346 872 1624 944 Numquid
1658 891 1764 930 non
1789 885 1845 931 tu
1879 894 1908 932 a
1948 882 2236 954 principio,
2264 886 2492 944 Domine
2551 889 2696 945 Deus
2734 906 2909 954 meus.
2962 891 3162 947 Sancte
3188 907 3364 958 meus,
3396 903 3582 948 etnon

323 964 666 1018 moriemur?
709 963 937 1048 Domine
973 964 1026 1020 in
1058 965 1327 1034 judicium
1381 968 1612 1035 posuisti
1665 983 1815 1024 eum:
1852 980 1905 1027 et
1933 971 2124 1029 fortem
2161 985 2220 1030 ut
2257 979 2583 1048 corripercs,
2614 980 2852 1038 fundasti
2899 997 3046 1037 eum.

319 1064 471 1114 um
500 1063 634 1135 pm:
670 1064 799 1118 mm
831 1040 978 1119 3:53:
1011 1065 1208 1119 unum
1248 1059 1313 1113 15
1404 1059 1483 1113 Ἀ.
1527 1061 1585 1114 Σ.
1632 1061 1695 1114 Θ.
1737 1080 1907 1134 παρα-

327 1149 536 1217 σιωπᾷς
564 1147 954 1212 κατατείνοντος
990 1149 1219 1214 ἀσεϐοῦς
1235 1151 1325 1203 τὸν
1341 1151 1683 1224 δικαιότερον
1715 1152 1904 1206 αὑτοῦ.

324 1235 398 1301 0⁸,
425 1236 827 1306 παρασιωπήσῃ
850 1238 906 1288 ὲν
926 1235 1003 1308 τῷ
1019 1239 1338 1292 καταπίνειν
1360 1239 1537 1307 ἀσεὸἧ
1567 1241 1656 1292 τὸν
1673 1240 1902 1295 δίκαιον.

2087 1066 2173 1122 13.
2207 1066 2272 1122 Il.
2313 1067 2541 1125 Tacebis
2579 1072 2631 1125 in
2660 1074 3006 1143 deglutiendo
3046 1075 3212 1146 impio
3243 1076 3450 1145 justum
3472 1093 3582 1147 prro

2015 1171 2091 1211 se.
2123 1155 2186 1208 Α.
2223 1157 2280 1210 S.
2310 1158 2411 1212 Th.
2441 1159 2565 1214 Vul.
2595 1161 2767 1218 Taces
2791 1165 3272 1234 devoranteimpio
3293 1166 3580 1236 justiorem

2013 1261 2091 1300 se.
2115 1245 2278 1315 LXX,
2312 1249 2540 1307 Tacebis
2580 1251 2712 1307 dum
2745 1254 2944 1322 impius
2971 1256 3192 1311 devorat
3215 1257 3444 1325 justum.

1184 1359 1360 1418 Nota:
1392 1365 1452 1419 et
1484 1358 1679 1420 variat
1717 1358 2023 1422 lectiones
2068 1362 2144 1423 ad
2179 1380 2315 1442 cap.
2356 1365 2377 1425 1
2416 1367 2732 1429 Habacuc.

393 1475 459 1529 γ.
494 1477 542 1529 ι.
581 1475 945 1546 Hieronymus
978 1479 1030 1530 in
1080 1477 1350 1546 Prologo:
1388 1497 1404 1529 ι
1447 1478 1612 1544 LXX,
1647 1479 1731 1545 S.,
1775 1481 1900 1546 Th.,

321 1544 537 1668 ὶὲῆτμα.
570 1546 658 1612 Α.,
697 1544 921 1614 pondus,
957 1547 995 1601 i.
1025 1563 1098 1612 e.,
1125 1544 1320 1618 ἅρμα..
1353 1566 1372 1598 ι
1411 1557 1470 1603 ιιι
1509 1565 1674 1620 supra
1715 1544 1834 1620 eap.
1872 1544 1898 1605 1

373 1631 401 1668 3
427 1631 536 1667 ιυη]

373 1631 536 1668 anum

396 1681 464 1758 ιζ.
486 1684 538 1758 5_.
564 1683 840 1758 Δῐῇιέιιρῃεε
882 1704 900 1738 ι
937 1685 1041 1741 Ubi
1092 1687 1145 1739 in
1194 1685 1458 1758 Hebraico
1517 1688 1782 1758 scriptum
1819 1699 1901 1743 est

325 1749 464 1806 ΒΑΗ
508 1746 810 1810 BACGOIM
841 1796 865 1824 .7
909 1765 962 1809 et
996 1769 1094 1808 nos
1149 1756 1546 1821 transtulimus,
1596 1746 1818 1824 aspicite
1843 1760 1899 1812 in

323 1823 583 1892 gentibus,
629 1833 683 1878 et
734 1823 875 1877 LXX
917 1833 1239 1892 posuerunt,
1298 1824 1481 1878 Videte
1532 1823 1897 1890 contemtores,

323 1904 547 1961 excepto
583 1895 775 1962 Aquila
808 1905 860 1947 et
895 1893 951 1947 S.
982 1904 1034 1948 et
1060 1893 1161 1946 Th.
1196 1895 1289 1962 qui
1331 1911 1453 1948 cum
1489 1907 1674 1950 nostra
1729 1896 1901 1951 inter-

326 1964 621 2034 pretatione
653 1963 1003 2034 concordant,
1038 1967 1092 2016 in
1132 1963 1235 2016 alia
1273 1965 1504 2034 quadam
1537 1967 1778 2020 editione
1805 1967 1905 2020 lia—

327 2033 502 2105 betur,
557 2032 796 2105 videbitis
845 2032 1303 2105 calumniatores,
1340 2034 1510 2105 Aetﬂin
1547 2035 1651 2090 alia
1703 2037 1905 2105 pariter

325 2102 528 2168 absque
550 2104 790 2157 aucmris
821 2103 998 2166 titulo,
1032 2103 1274 2156 videbitis
1313 2103 1662 2158 declinantes.
1703 2102 1722 2156 Β

399 2169 458 2224 ν.
489 2171 540 2224 6.
571 2171 797 2244 Hieron.
837 2187 856 2244 :A
899 2190 917 2221 ι
962 2171 1335 2244 Symmachus
1353 2187 1450 2244 pro
1479 2188 1549 2226 eo
1588 2174 1736 2244 quod
1766 2175 1906 2230 dixi-

327 2255 467 2302 mus,
499 2243 623 2309 quia
668 2257 796 2308 opus
829 2242 1030 2307 factum
1065 2249 1141 2294 est
1182 2242 1239 2293 in
1283 2242 1464 2296 diebus
1499 2242 1705 2308 vestris,
1740 2246 1907 2297 inter-

326 2319 564 2430 pretatus
602 2319 706 2376 est,
747 2311 871 2379 quia
896 2326 1024 2380 opus
1063 2311 1151 2379 ﬁet
1173 2311 1227 2362 in
1249 2311 1434 2364 diebus
1459 2317 1643 2368 vestris
1669 2333 1686 2368 :
1715 2323 1907 2369 caetera

326 2393 444 2430 sunt
476 2388 592 2430 iter.
628 2397 647 2430 ι

321 2383 592 2432 similiter.
628 2397 647 2430 ι

397 2446 457 2500 ν.
572 2449 844 2524 Ση-αὐτδς
880 2453 1076 2524 ίὲαυτῷ
1115 2463 1219 2511 etc.
1264 2456 1683 2524 Theodoretus:
1725 2451 1904 2524 Codex

324 2515 820 2598 v.-3_r_o.R‘eg..i_tabet
870 2515 1084 2598 ἐαυτὸν.
1136 2524 1539 2598 Hieronymus:
1604 2542 1620 2575 ι
1659 2523 1742 2587 8.,
1794 2523 1905 2591 ipsa

324 2586 422 2638 sibi
444 2586 731 2654 judiéabit,
766 2599 815 2643 et
846 2593 1053 2648 decreto
1093 2611 1187 2649 suo
1219 2586 1534 2665 egredietur.
1571 2612 1588 2644 ι

2181 1486 2234 1558 _8.
2265 1486 2360 1558 _S.,
2401 1488 2735 1556 e/fundentur
2759 1493 2952 1558 equites
2972 1491 3104 1557 ejus.
3147 1492 3363 1548 Hieron.

2082 1552 2214 1627 ibid.
2263 1555 2364 1627 Ἀ),
2391 1552 2540 1627 παρὰ
2574 1559 2735 1627 παρδ.
2770 1552 3118 1613 liat'berinus.

2085 1621 2143 1677 V.
2178 1625 2228 1676 9.
2289 1621 2579 1700 §.,_7rdtvra
2618 1621 2697 1691 εἷς
2746 1628 3062 1693 πλεονεξίαν
3094 1631 3232 1700 ἦξει.
3272 1631 3582 1692 Theodoro—

2010 1700 2111 1764 tus
2131 1703 2186 1764 et
2212 1695 2335 1748 cod.
2369 1695 2501 1764 Reg.

2078 1760 2398 1838 [bid_._E.,-i}
2427 1760 2688 1838 τῇοὸσοψις
2715 1778 2816 1823 etc.
2847 1768 3032 1824 Iidem.

2080 1831 2140 1912 V_.
2310 1831 2552 1912 ’A.',_i<at
2604 1831 3005 1908 πλημμελής-ει.
3063 1838 3447 1912 Hieronymus.
3486 1844 3577 1912 qui

2005 1900 2086 1955 sic
2116 1901 2311 1978 habet:
2347 1923 2366 1955 ι
2428 1900 2940 1978 Etposted'cbrru'et
2969 1925 2986 1961 :
3039 1925 3134 1976 pro
3165 1900 3287 1978 quo.
3313 1911 3378 1964 A.
3427 1900 3478 1966 et
3503 1900 3573 1966 IS.

2006 1973 2403 2050 transtulerunt
2429 1975 2524 2050 καὶ
2564 1975 2978 2050 πλημμελήσῃ,
3016 1973 3050 2030 i.
3095 1973 3248 2037 e..'et
3277 1980 3578 2050 delinquct;

2009 2038 2147 2113 lla-nr.
2177 2041 2412 2113 babente
2460 2038 2745 2112 Scriptura
2772 2038 2973 2100 sancta
3004 2038 3472 2113 consuetudinem,
3521 2038 3581 2105 ut

2008 2105 2262 2190 YASAM,
2283 2112 2318 2164 i.
2356 2128 2406 2166 e.
2436 2105 2722 2190 deﬂui/uel,
2754 2126 2921 2184 ponat
2947 2132 3047 2190 pro
3081 2131 3144 2170 co
3184 2118 3326 2188 quod
3359 2105 3578 2184 esu-de-

2005 2181 2138 2248 sinet
2169 2196 2276 2234 esse
2305 2182 2452 2248 quod
2485 2181 2679 2237 fuerat.
2719 2203 2738 2236 ι

2079 2245 2143 2300 ν.
2192 2250 2276 2302 12.
2317 2245 2401 2323 S.,_
2458 2250 2647 2323 Nonne
2699 2263 2760 2323 tu
2810 2272 2842 2309 (ι
2893 2257 3154 2323 principio
3207 2266 3310 2312 etc.
3353 2256 3573 2313 Hieron.

2007 2313 2191 2372 Grasca
2223 2335 2347 2374 vero
2378 2321 2585 2390 Aquilae
2612 2330 2663 2376 et
2691 2313 2999 2393 Symmachi
3036 2313 3102 2380 e'x
3134 2324 3426 2382 Balberino
3457 2344 3578 2383 mu-

2009 2397 2246 2442 tuamur.

2006 2537 2060 2579 ct
2081 2454 2274 2581 E5151}
2309 2460 2412 2519 ‘A..
2439 2460 2518 2525 Σ.,
2553 2460 2638 2526 8.,
2674 2465 3037 2534 παρασιωπᾷς
3071 2473 3173 2520 etc.
3203 2463 3578 2521 Tlteodoretus

2179 2568 2190 2581 .
2281 2545 2364 2581 ea.
2820 2573 2830 2579 .

2179 2568 2190 2581 .
2233 2545 2364 2598 ueg.
2820 2573 2830 2579 .

1540 2803 1646 2863 ΗΛ
1661 2804 1754 2864 BA
1766 2804 1909 2868 CUC
1969 2808 2223 2869 CAPUT
2270 2808 2352 2869 ll.

321 2923 500 2974 norm
553 2900 807 2982 anan-5a
857 2928 1102 2980 mutum
1146 2933 1345 2986 manu
1402 2909 1766 2990 inanima-Su
1805 2926 1828 2979 t

325 2991 634 3071 annm-Su
668 3017 820 3069 :le
855 3021 966 3070 mm
1005 3020 1360 3074 tranat-nn
1397 3002 1574 3076 Πικηὸ
1623 3019 1682 3070 Σ.
1727 3058 1741 3071 .
1783 3059 1796 3072 .
1833 3058 1846 3071 .
1889 3059 1903 3072 .

327 3136 342 3152 .
384 3137 399 3152 .
446 3139 460 3153 .
505 3138 520 3156 .
565 3139 580 3153 .
623 3139 639 3154 .
673 3105 750 3168 0',
780 3104 875 3156 ἐπὶ
903 3105 1000 3174 τῆς
1036 3105 1279 3177 φυλακῆς
1315 3125 1416 3177 μου
1467 3110 1775 3179 στήσομαι,
1809 3109 1906 3161 καὶ

321 3191 654 3262 ἐπιϐήσομαι
703 3195 796 3248 ἐπὶ
841 3196 1068 3268 πέτραν,
1099 3201 1194 3252 καὶ
1218 3201 1618 3254 ἀποσκοπεύσω
1643 3200 1736 3253 τοῦ
1777 3198 1904 3252 ιδεῖν

320 3282 374 3337 τί
402 3284 630 3355 λαλήσει
659 3289 716 3342 ὲν
751 3289 895 3356 ἐμοὶ,
920 3290 1015 3343 καὶ
1042 3289 1095 3343 τί
1118 3292 1405 3365 ἀποκριθῶ
1431 3294 1523 3347 ἐπὶ
1561 3293 1651 3346 τὸν
1682 3291 1904 3359 ἔλεγχόν

327 3397 453 3449 μου.

2088 2930 2138 2983 1.
2162 2927 2294 2983 Heb.
2324 2927 2497 2997 Super
2530 2928 2831 2984 custodiam
2878 2943 3070 2983 meam-
3110 2927 3284 2991 stabo,
3316 2935 3370 2981 et
3397 2928 3580 2984 subsi-

2017 3029 2158 3073 stam
2192 3034 2358 3088 super
2381 3019 2762 3086 munitionem,
2793 3028 2846 3073 et
2867 3018 3274 3087 contemplabor
3295 3017 3360 3070 ad
3394 3017 3579 3072 viden-

2011 3109 2138 3163 dum
2170 3107 2300 3176 quid
2330 3107 2586 3175 loquatur
2617 3108 2672 3161 in
2707 3123 2813 3171 me,
2851 3117 2904 3163 et
2931 3105 3060 3178 quid
3101 3105 3455 3174 respondeam
3485 3118 3579 3160 su-

2011 3211 2108 3265 per
2135 3196 2507 3264 increpatione
2550 3210 2692 3251 mea.
2733 3193 2790 3249 S.
2847 3195 3016 3261 Quasi
3042 3207 3229 3250 custos
3259 3208 3423 3262 super
3458 3208 3580 3262 spe-

2011 3289 2191 3344 culam
2207 3287 2383 3351 stabo,
2405 3297 2460 3343 et
2491 3288 2649 3343 stabo
2683 3289 2827 3342 velut
2857 3288 3120 3350 inclusus,
3159 3296 3213 3341 et
3241 3285 3578 3355 contempla-

2010 3376 2110 3431 bor
2134 3377 2412 3432 utvideam
2426 3377 2788 3446 quid~dicatur
2805 3378 2961 3442 mihi,
2977 3386 3031 3432 et
3052 3378 3179 3446 quid
3198 3377 3576 3447 respondeam.

321 3484 374 3528 ct
427 3471 798 3527 contradieam
851 3471 1143 3529 adversum
1204 3483 1520 3544 arguentem
1571 3485 1678 3526 me.
1732 3467 1897 3534 LXX,
1971 3465 2147 3535 Super
2189 3465 2493 3521 custodiam
2539 3479 2716 3520 meam
2769 3466 2949 3528 stabo,
2979 3476 3034 3520 et
3091 3466 3379 3520 ascendam
3414 3481 3579 3536 super

323 3575 557 3637 petram,
580 3576 632 3622 ct
658 3567 1064 3637 contemplabor
1091 3568 1157 3622 ad
1180 3568 1472 3624 videndum
1529 3567 1659 3637 quid
1712 3566 1966 3634 loquetur
2007 3561 2167 3626 mibi,
2190 3559 2392 3629 etquid
2417 3560 2774 3629 respondeam
2812 3559 2880 3614 ad
2931 3561 3329 3629 correptionem
3377 3575 3570 3615 meam.

325 3658 450 3713 ναι.
482 3660 657 3728 Super
683 3661 989 3715 custodiam
1011 3674 1186 3714 meam
1210 3660 1388 3726 stabo,
1419 3669 1472 3714 et
1494 3661 1654 3730 ngam
1724 3657 1949 3728 gradum
1990 3667 2154 3724 super
2205 3652 2564 3707 munitionem
2604 3670 2616 3707 :
2656 3661 2712 3707 et
2751 3651 3195 3721 eontemplabor,
3251 3659 3307 3706 ut
3364 3650 3595 3707 videam.

327 3750 462 3820 quid
501 3751 716 3805 dicatur
750 3751 905 3816 mihi,
931 3759 986 3806 et
1015 3752 1144 3822 quid
1177 3752 1530 3820 respondeam
1561 3752 1629 3806 ad
1677 3757 1991 3819 arguentem
2026 3760 2132 3800 me.

323 3851 478 3901 nam
562 3843 641 3895 Ἀ.
680 3841 1352 3909 Ε’....Σ......Ο¹,
1389 3841 1905 3914 πέτρανρΘ.....

327 4033 442 4108 τιτι-ι
473 4023 508 4074 2
593 4023 672 4075 Ἀ.
697 4023 1098 4092 ὁραματισμόν.
1127 4022 1204 4086 0',
1245 4023 1458 4093 ὅρασιν.

575 4113 634 4164 Σ.
663 4151 676 4163 .
716 4151 726 4163 .
767 4149 780 4165 .
812 4150 827 4164 .
859 4115 936 4176 0',
973 4110 1183 4176 πυξίον.

326 4209 457 4285 Vh?
549 4202 628 4254 Ἃ.
667 4201 725 4253 Σ.
757 4201 950 4274 τρέχῃ.
978 4199 1053 4266 Ο’,
1085 4201 1276 4272 διώκῃ.

330 4388 448 4439 ειτῖδτ
489 4365 583 4438 δέτι
620 4381 654 4433 5
738 4381 816 4433 Ἀ.
851 4382 907 4435 Σ.
938 4380 1032 4434 καὶ
1063 4382 1123 4434 οὗ
1151 4381 1521 4451 διαψεύσεται.
1550 4381 1626 4447 0',
1670 4383 1762 4435 καὶ
1809 4384 1906 4436 οὐκ

332 4473 411 4533 εἰς
440 4471 615 4523 κενόν.

328 4569 471 4621 ἰι-ιω
509 4546 582 4621 s5
614 4568 709 4620 κε’
749 4571 916 4621 ιλιι-νο
953 4546 1154 4624 'h'nsn
1182 4572 1556 4627 annum-nu
1629 4564 1710 4620 ‘A.
1730 4562 1824 4616 ἐὰν
1849 4563 1906 4617 δὲ

334 4652 595 4723 μελλήσῃ,
629 4653 925 4723 προσδέχου
965 4655 1149 4718 αὑτὸν,
1191 4657 1272 4708 ὅτι
1305 4657 1602 4727 ἀρχόμενος
1642 4654 1760 4726 ἣξει
1795 4653 1903 4726 (al.

332 4743 632 4814 ἐλεύσεται)
670 4746 764 4798 καὶ
794 4746 855 4798 οὐ
880 4745 1148 4816 βραδυνεῖ.
1173 4748 1232 4800 Σ.
1270 4750 1718 4820 στραγγεύσεται.
1751 4785 1766 4802 .
1793 4787 1808 4803 .
1843 4787 1855 4800 .
1885 4786 1901 4802 .

335 4871 351 4886 .
393 4872 407 4884 .
448 4873 461 4885 .
507 4872 521 4886 .
549 4831 625 4898 0',
654 4833 748 4886 ὲάν
781 4833 1055 4907 ὑστερήσῃ
1081 4835 1374 4906 ὑπόμεινον
1413 4837 1591 4903 αὑτὸν,
1625 4838 1706 4891 ὅτι
1742 4836 1900 4908 ἐρχό‹

341 4941 501 4993 μενος
525 4923 665 4996 ἥξει,
702 4925 797 4980 καὶ
820 4926 880 4980 οὐ
913 4925 990 4996 μὴ
1027 4926 1271 4998 χρονίσῃ.

329 5205 390 5256 'D.
420 5205 558 5256 WE):
593 5181 855 5255 ΠἾῖΰῖἼῶ
893 5181 1038 5262 n53}:
1075 5209 1179 5258 run
1218 5199 1252 5250 ι
1337 5197 1415 5252 Ἀ.
1467 5198 1574 5252 ἰδοὺ
1612 5201 1904 5271 νωχελιυοε-

337 5287 501 5354 μένου
523 5287 623 5340 οὐκ
654 5287 836 5342 εὐθεῖα
864 5290 898 5359 ή
933 5289 1077 5359 ψυχή
1120 5305 1221 5358 μου
1258 5291 1315 5341 ὲν
1344 5290 1509 5358 αὐτῷ.
1540 5291 1616 5355 0’,
1643 5293 1737 5344 ἐὰν
1768 5292 1901 5344 ὐπο-

338 5377 632 5450 στείληται,
664 5379 763 5432 οὐκ
786 5380 992 5432 εὐδοκεῖ
1019 5381 1052 5449 ἡ
1074 5379 1222 5450 ψυχή
1258 5397 1359 5449 μου
1396 5382 1452 5433 ὲν
1474 5381 1642 5457 αὐτῷ.

335 5658 455 5710 rm
491 5661 734 5711 manas:
758 5657 915 5737 prun
1001 5649 1078 5704 Ἀ.
1103 5653 1195 5705 καὶ
1227 5651 1432 5716 δίκαιος
1457 5651 1513 5703 ὲν
1534 5650 1713 5704 πίστει
1737 5648 1898 5704 αὑτοῦ

341 5741 581 5813 ζήσεται.
616 5747 672 5797 Σ.
706 5745 768 5798 θ.
804 5745 878 5810 E',
901 5743 990 5807 ς’,
1016 5740 1086 5808 Ζ’,
1109 5743 1136 5795 ὁ
1158 5743 1214 5796 δὲ
1247 5739 1452 5806 δίκαιος
1481 5741 1546 5812 τῇ
1587 5737 1778 5794 ἑαυτοῦ
1813 5737 1899 5791 πί.

2080 3834 2214 3890 lieb.
2259 3834 2383 3888 ναι.
2409 3834 2785 3889 munitionem.
2811 3835 2875 3888 Α.
2907 3834 2976 3899 ν,
2997 3835 3224 3890 circum.
3260 3833 3317 3888 S.
3352 3837 3574 3890 concltr

2011 3942 2151 3982 sum.
2185 3924 2347 3990 LXX,
2379 3935 2608 3993 petram.
2651 3925 2752 3978 Th.
2796 3940 3010 3994 gyrum.

2078 4015 2132 4068 2.
2167 4015 2330 4069 Hebr.
2355 4011 2518 4076 LXX,
2559 4012 2845 4066 visionem.
2882 4012 2947 4066 A.
2974 4011 3100 4067 Vul.
3131 4013 3326 4068 visum.

2079 4104 2215 4159 Hel).
2253 4104 2379 4158 Vul.
2408 4103 2641 4157 tabulas.
2667 4101 2723 4156 S.
2757 4102 3003 4172 paginas.
3037 4101 3197 4166 LXX,
3241 4103 3468 4159 buxum.

2082 4192 2216 4248 κιαι).
2254 4191 2377 4247 Vul.
2419 4201 2715 4262 percurrat.
2763 4193 2828 4246 A.
2864 4191 2920 4247 S.
2956 4201 3160 4249 currat.
3196 4191 3360 4261 LXX,
3391 4199 3581 4265 ρει-θος

2009 4293 2236 4355 quatur.

2078 4377 2131 4430 '5.
2159 4375 2323 4432 Hebr.
2358 4376 2424 4430 A.
2484 4373 2541 4429 S.
2587 4374 2711 4431 Vul.
2745 4385 2798 4431 et
2832 4389 2942 4431 non
2979 4376 3287 4433 mentietur.
3322 4377 3481 4445 LXX,
3517 4389 3572 4435 et

2008 4481 2118 4524 non
2154 4467 2207 4522 in
2235 4480 2456 4520 vanum.

2085 4557 2150 4613 11.
2171 4558 2216 4614 si
2247 4571 2455 4612 moram
2488 4555 2675 4613 fecerit
2701 4566 2955 4626 exspecta
2977 4570 3122 4621 eum,
3149 4555 3273 4626 quia
3307 4555 3572 4612 veniendo

2008 4649 2207 4711 veniet,
2228 4663 2333 4700 non
2374 4647 2624 4702 tardabit.
2665 4645 2730 4700 A.
2780 4646 2826 4701 si
2866 4654 3045 4702 autem
3075 4646 3580 4716 procrastinaverit,

2006 4746 2259 4808 exspecta
2288 4753 2435 4801 cum,
2457 4741 2582 4808 quia
2612 4739 2838 4794 veniens
2868 4737 3067 4804 veniet,
3099 4747 3152 4792 et
3177 4753 3282 4792 non
3319 4737 3570 4793 tardabit.

2008 4829 2066 4883 S.
2097 4830 2488 4884 coarctabit....
2547 4829 2711 4894 LXX,
2753 4830 2798 4885 si
2848 4845 3057 4886 moram
3107 4829 3314 4891 fecerit,
3363 4828 3575 4884 sustine

2005 4935 2152 4982 eum,
2177 4921 2303 4990 quia
2335 4920 2558 4975 veniens
2586 4921 2785 4987 veniet,
2812 4929 2866 4974 et
2909 4935 3015 4973 non
3070 4918 3321 4972 tardabit.
3356 4916 3481 4970 Vul.
3528 4920 3573 4972 si

2008 5027 2217 5067 moram
2251 5011 2463 5076 fecerit,
2494 5021 2748 5084 exspecta
2783 5027 2928 5074 eum,
2961 5011 3085 5080 quia
3113 5010 3338 5065 veniens
3373 5010 3569 5071 veniet.

2006 5113 2060 5158 et
2095 5119 2202 5159 non
2233 5104 2488 5160 tardabit.

2077 5196 2132 5249 4.
2175 5194 2239 5250 Η.
2271 5195 2408 5252 Ecce
2435 5197 2580 5250 elata
2601 5203 2704 5261 est,
2735 5211 2841 5249 non
2876 5204 3022 5250 recta
3057 5193 3239 5247 anima
3263 5191 3383 5262 ejus
3405 5192 3459 5245 in
3482 5206 3568 5246 eo.

2008 5289 2072 5342 Α.
2119 5287 2256 5341 Ecce
2286 5287 2532 5340 tardante
2588 5300 2695 5339 non
2751 5292 2896 5339 recta
2944 5284 3129 5337 anima
3184 5298 3303 5337 mea
3339 5283 3394 5336 in
3431 5281 3569 5352 ipso.

2010 5375 2174 5440 LXX,
2209 5377 2254 5430 si
2318 5376 2601 5430 retraxerit
2655 5389 2735 5441 se,
2774 5387 2883 5428 non
2922 5373 3098 5442 placet
3143 5372 3320 5427 anima
3346 5384 3462 5426 mea
3518 5371 3570 5423 in

2009 5482 2096 5522 eo.
2130 5465 2253 5520 Vul.
2290 5465 2425 5520 Ecce
2467 5465 2558 5534 qui
2612 5465 2932 5520 incredulus
2963 5473 3067 5530 est,
3107 5479 3214 5520 non
3271 5463 3375 5518 erit
3422 5471 3571 5518 recta

2009 5557 2188 5611 anima
2222 5557 2342 5626 ejus
2375 5556 2432 5610 in
2465 5555 2778 5625 semetipso.

2081 5645 2214 5699 Heb.
2257 5647 2322 5699 Α.
2355 5654 2410 5701 et
2457 5645 2640 5715 justus
2697 5644 2751 5698 in
2785 5644 2888 5700 fide
2937 5657 3030 5699 sua
3062 5642 3221 5698 vivet.
3271 5641 3329 5696 S.
3360 5640 3464 5696 Th.
3499 5637 3566 5703 ν.

2011 5735 2098 5805 Vl,
2127 5735 2238 5805 Vll,
2281 5737 2460 5808 justus
2514 5745 2694 5793 autem
2733 5735 2837 5794 ﬁde
2868 5751 2966 5793 sua
2991 5736 3152 5794 vivet.
3187 5733 3348 5802 LXX,
3383 5733 3569 5805 justus
