4128 6316
551 313 689 371 2937

551 446 667 482 στει
701 429 876 497 ζήσει.
908 427 982 492 0',
1016 428 1044 480 ὁ
1079 424 1136 479 δὲ
1178 425 1382 488 δίκαιος
1432 425 1496 478 ὲκ
1533 425 1764 489 πίστεώς
1811 443 1911 496 μου
1962 425 2123 495 ζήσε-

549 535 658 572 ται.

546 620 656 669 rm!
691 593 784 670 κδῆ
820 610 852 663 5
926 609 984 661 Σ.
1016 610 1110 662 καὶ
1147 609 1245 663 οὐκ
1271 609 1562 680 εὐπορήσει
1589 608 1683 680 (αι.
1734 610 2115 677 εύπραγήσει).

549 709 627 766 0',
657 701 816 755 οὐθὲν
839 703 912 774 μὴ
949 701 1177 771 περάνῃ.

545 889 693 967 ἻΥΡἿῚ
729 882 760 934 7
837 880 1150 945 Οίλοιποί,
1207 881 1299 932 καὶ
1345 877 1847 948 ὲξυπνισθήσονται.
1899 879 1974 941 Ο⁹.
2025 876 2118 928 καὶ

548 974 567 1021 ἑ
579 972 712 1040 mihi
720 988 780 1023 ου
787 986 887 1022 σιν.

549 1072 628 1120 ηπ
667 1063 700 1116 9
773 1062 830 1113 Σ.
864 1059 1019 1113 Οὐαί.
1055 1061 1134 1124 0’,
1173 1052 1238 1112 ὦ.

547 1163 697 1217 ηυντ
735 1161 867 1236 Vm
901 1159 1056 1212 omni
1091 1155 1236 1236 pum
1271 1157 1426 1236 arpi:
1459 1157 1652 1234 pte-in
1690 1148 1749 1201 tt

843 1236 2119 1305 ...”Αλλος,.......Ο’,διότιλίθος

547 1331 610 1380 ἐκ
647 1328 826 1398 τοίχου
864 1327 1139 1398 βοήσεται,
1167 1327 1262 1380 καὶ
1297 1327 1566 1399 κάνθαρος
1588 1328 1652 1380 ὲκ
1688 1323 1842 1391 ξύλον
1884 1325 2115 1394 φθέγξε-

545 1437 636 1472 ται
661 1421 819 1474 αύτὰ.

1859 1149 2072 1212 Ἄλλος
2100 1187 2115 1211 .

1607 309 2079 368 llEXAI'LORUM
2119 305 2286 374 QUAS
2324 299 2754 362 SUPERSUNT.

3667 287 3818 344 2083

2229 431 2407 477 autem
2465 434 2531 474 ex
2573 416 2676 472 ﬁde
2735 427 2851 468 mea
2892 411 3050 465 vivet.
3095 406 3216 462 V'ul.
3285 405 3468 475 justus
3527 413 3713 458 autem
3754 403 3809 455 in

2232 512 2335 566 [ide
2359 526 2456 566 sua
2486 509 2649 563 vivet.

2300 606 2353 659 5.
2383 603 2547 659 llebr.
2584 611 2638 656 et
2675 615 2780 655 non
2817 594 3099 652 habitabit.
3147 593 3202 648 S.
3251 602 3302 646 et
3345 606 3451 644 non
3503 586 3813 641 abundabit

2233 696 2329 767 [αι.
2364 690 2754 764 prosperabit].
2787 688 2947 754 LXX,
2995 687 3130 743 nihil
3181 683 3441 755 perducet
3497 680 3562 733 ad
3595 681 3792 732 tinem.

2227 783 2350 838 Vul.
2385 799 2493 838 non
2532 781 2899 838 decorabitur.

2295 874 2349 928 7.
2387 873 2520 928 Heb.
2560 871 2722 936 LXX,
2761 878 2816 925 ct
2842 868 3199 939 evigilabunt.
3240 861 3482 932 Reliqui,
3509 867 3563 913 et
3607 871 3812 928 exper-

2225 962 2652 1035 gisceutur.Vul.
2686 970 2736 1016 et
2770 959 3197 1016 suscitabuntur.

2295 1056 2347 1108 9.
2393 1054 2553 1109 llebr.
2600 1053 2658 1107 S.
2691 1052 2816 1106 Vul.
2854 1050 2963 1106 Vae.
3002 1046 3165 1112 LXX,
3189 1061 3240 1100 ο.

2299 1147 2387 1199 ll.
2414 1144 2577 1200 llebr.
2610 1144 2737 1214 quia
2769 1141 2906 1210 lapis
2934 1154 2964 1194 e
3021 1138 3228 1208 pariete
3267 1135 3540 1202 clamabit,
3565 1144 3619 1191 et
3651 1135 3808 1190 trabs

2226 1238 2294 1293 de
2327 1238 2472 1306 ligno
2509 1234 2858 1306 respondebit
2883 1234 2954 1288 ei.
2990 1232 3166 1298 Alius,
3193 1229 3318 1300 quia
3350 1229 3486 1298 lapis
3514 1228 3568 1281 in
3592 1227 3809 1296 pariete

2227 1329 2506 1394 clamabit,
2537 1327 2695 1398 quasi
2738 1323 2939 1380 vermis
2968 1323 3021 1377 in
3061 1323 3210 1392 ligno
3245 1322 3490 1390 loquens.
3526 1318 3707 1379 Alius,
3727 1317 3810 1369 la-

2227 1419 2310 1488 pis
2342 1417 2485 1472 enim
2517 1417 2583 1471 de
2604 1415 2809 1486 pariete
2858 1411 3270 1475 vociferabitur,
3317 1417 3371 1463 ct
3398 1407 3613 1478 σκώληξ
3637 1406 3710 1460 de
3739 1405 3812 1458 li-

547 1529 655 1583 gno
699 1515 949 1582 loquetur
997 1514 1068 1568 ei.
1110 1511 1273 1576 LXX,
1334 1511 1590 1582 quoniam
1641 1511 1778 1581 lapis
1827 1512 1895 1566 de
1933 1510 2141 1581 pariete
2197 1507 2475 1572 clamabit,
2513 1516 2566 1562 et
2604 1505 2898 1562 scarabeus
2928 1503 2995 1558 de
3045 1503 3194 1574 ligno
3244 1502 3498 1570 loquetur
3553 1513 3637 1552 ea.
3671 1493 3804 1549 Vul.

548 1605 675 1673 quia
731 1605 868 1674 lapis
915 1605 982 1660 de
1011 1606 1213 1674 pariete
1272 1604 1527 1659 clamabit
1555 1623 1568 1657 :
1599 1612 1651 1657 et
1701 1605 1926 1674 lignum,
1955 1601 2101 1672 quod
2137 1601 2276 1656 inter
2305 1601 2592 1669 jnncturas
2620 1595 2971 1651 aedificiorum
3003 1603 3106 1659 est,
3141 1590 3488 1662 respondebit
3524 1590 3595 1644 ei.

546 1708 698 1764 nam?
730 1708 864 1786 ’γ’Σῖἳὲ
889 1705 1044 1760 ΟἿΞἋ
1129 1701 1206 1752 Ἀ.
1238 1699 1332 1752 καὶ
1362 1697 1508 1770 μάζα
1549 1700 1614 1752 ὲκ
1655 1697 1811 1763 ξύλου
1856 1699 2114 1767 (ἀποκρι-

536 1791 814 1862 θήσεται).
854 1791 911 1844 Σ.
943 1791 1036 1843 καὶ
1080 1789 1374 1860 σύνδεσμος
1418 1789 1703 1859 οἰκοδομῆς
1743 1788 1949 1853 ξύλινος
1983 1788 2117 1839 dm-

549 1878 860 1948 φθέγξεται.
903 1879 965 1932 Θ.
1016 1880 1090 1943 E’,
1143 1880 1236 1932 xui
1288 1879 1586 1950 σύνδεσμος
1630 1878 1786 1944 ξύλου
1825 1877 2115 1948 φθέγξεται

550 1971 706 2024 αὑτά.
747 1970 810 2024 Θ.
847 1969 1066 2038 ἄλλως.
1095 1970 1370 2043 ἔνδεσμος.
1395 1970 1748 2027 Barberinus.

549 2157 720 2228 1am
754 2156 921 2208 l'lDDD
945 2157 1083 2213 run
1119 2159 1298 2236 opim:
1335 2157 1416 2210 "in
1457 2149 1522 2204 15
1607 2151 1686 2203 Ἀ.
1710 2190 1722 2203 .
1779 2190 1792 2203 .
1823 2149 1882 2214 ἐξ
1917 2149 2118 2219 ἐκπέμ-

549 2240 717 2308 ψεως.
745 2238 966 2295 Barber.
1002 2239 1062 2304 ἐξ
1088 2242 1418 2313 ὲπιτρὶψεως
1453 2241 1608 2312 χόλου
1651 2259 1764 2296 σου.
1795 2243 1854 2294 Σ.
1884 2281 1896 2293 .
1926 2282 1938 2293 .
1971 2281 1984 2293 .
2026 2241 2120 2293 καὶ

551 2329 725 2398 ἀφιὼν
772 2330 1012 2400 ἀκρίτως
1055 2331 1146 2384 τὸν
1173 2331 1342 2403 θυμὸν
1377 2333 1594 2388 ἑαυτοῦ.
1621 2336 1696 2397 0',
1733 2329 1803 2385 Ὦ
1825 2334 1853 2385 ὁ
1885 2332 2121 2396 ποτίζων

551 2419 642 2472 τὸν
663 2417 888 2488 πλησίον
911 2419 1074 2472 αὑτοῦ
1099 2421 1378 2492 ἀνατροπῇ
1411 2421 1622 2492 θολερᾷ.
1656 2423 1731 2487 Ε’.
1771 2423 1830 2486 ἐξ
1853 2422 2120 2492 ἀπροσδο-

551 2508 720 2577 κήτου
744 2509 1054 2579 ἀνατροπῆς
1081 2511 1192 2593 τῆς.
1213 2511 1383 2581 ὀργῆς
1435 2529 1548 2565 σου.
1579 2511 1642 2564 Θ.
1679 2552 1692 2564 .
1729 2552 1742 2565 .
1773 2551 1786 2564 .
1824 2552 1836 2565 .
1870 2553 1882 2564 .
1922 2551 1934 2564 .
1977 2551 1990 2563 .
2014 2511 2122 2564 ἀπὸ

551 2594 765 2663 χύσεως
801 2597 974 2668 θυμοῦ
1009 2614 1126 2653 σου.
1159 2601 1412 2666 Ἀλλος.
1466 2600 1588 2652 οὐαὶ
1619 2600 1694 2669 τῷ
1737 2599 2006 2661 ποτίζοντι
2031 2599 2122 2652 τὸν

554 2687 770 2756 ἑταῖρον
794 2689 958 2742 αὑτοῦ
987 2690 1187 2761 ἀέλλην
1217 2691 1541 2762 πετομένην.
1579 2693 1809 2756 Ἄλλος,
1844 2732 1856 2743 .
1898 2731 1910 2742 .
1959 2732 1970 2742 .
2009 2730 2020 2742 .
2059 2730 2072 2744 .
2103 2728 2118 2742 .

555 2779 808 2833 ἔκστασιν
829 2780 987 2852 ὄχλου
995 2781 1182 2851 μένην.

553 3084 813 3140 τετυ-πονε
898 3075 976 3128 Ἀ.
1001 3074 1098 3146 τὴν
1127 3074 1404 3145 γύμνωσιν
1426 3073 1627 3128 αὐτῶν.
1662 3073 1719 3126 Σ.
1757 3070 1853 3143 τὴν
1879 3071 2124 3145 ἀσχημο-

557 3165 722 3236 σύνην
746 3165 946 3219 αὐτῶν.
982 3165 1058 3229 0’.
1088 3164 1156 3218 τὰ
1182 3166 1420 3235 σπήλαια
1446 3163 1647 3218 αὐτῶν.

551 3242 724 3323 Suum
761 3259 827 3312 16
911 3259 990 3312 Ἀ.
1027 3258 1121 3311 καὶ
1156 3257 1456 3331 καρώθητι.
1489 3259 1566 3323 0',
1597 3257 1910 3328 σαλεύθητι.

553 3449 683 3498 Dﬁn
723 3437 783 3490 17
871 3438 948 3491 ’A.
985 3431 1144 3508 αἷμα.
1169 3438 1227 3491 Σ.
1257 3437 1560 3506 πλεονεξία.
1591 3439 1668 3503 0',
1703 3437 1945 3494 ἀσέϐεια.

555 3624 748 3674 manu
779 3621 888 3671 'nm
971 3612 1052 3664 ’A.
1077 3611 1170 3664 καὶ
1199 3613 1446 3682 προνομὴ
1476 3611 1710 3683 κτηνῶν.
1743 3612 1802 3665 Σ.
1848 3612 2125 3684 διαρπαγὴ

556 3700 792 3769 κτηνῶν.
825 3703 902 3764 0',
939 3699 1283 3768 ταλαιπωρία
1305 3698 1530 3770 θηρίων.

557 3794 704 3875 grew
791 3787 871 3842 Ἀ.
897 3787 1226 3858 καταπτήξει
1253 3787 1469 3852 αὐτούς.
1497 3789 1557 3842 Σ.
1583 3789 1826 3860 ἡττήσει.
1861 3792 1936 3856 0’,
1965 3790 2129 3861 πτοή-

561 3896 644 3932 σει
669 3894 750 3931 σε.

559 3954 751 4030 ενβικι
784 3969 849 4025 18
922 3971 982 4024 Σ.
1006 3968 1197 4024 ἄλαλα.
1239 3971 1316 4035 0',
1349 3970 1530 4041 κωφά.

555 4075 734 4152 ’ΒἾΡΞ
766 4073 852 4152 VR
884 4047 1110 4127 run-5:1
1142 4063 1206 4118 19
1293 4063 1372 4118 ‘A.
1411 4103 1427 4118 .
1461 4101 1476 4118 .
1505 4102 1520 4118 .
1550 4101 1566 4118 .
1596 4062 1675 4130 0',
1704 4063 1799 4117 καὶ
1831 4062 1941 4118 πᾶν
1967 4061 2130 4118 πνεῦ-

564 4172 641 4224 μα
667 4156 766 4208 οὐκ
787 4155 931 4209 ἐστιν
956 4155 1014 4210 ὲν
1043 4152 1212 4226 αὐτῷ.

2289 1693 2426 1748 lleb.
2459 1701 2513 1747 et
2539 1691 2686 1746 trabs
2720 1691 2786 1745 de
2815 1690 2960 1759 ligno
2984 1685 3416 1758 respondebitei.
3441 1685 3504 1738 A.
3531 1694 3584 1738 et
3619 1697 3807 1739 massa

2217 1787 2446 1855 deligno
2477 1782 2844 1853 respondebit.
2873 1778 2930 1834 S.
2965 1789 3021 1834 et
3066 1776 3346 1846 colligatio
3376 1774 3587 1830 aedilicii
3620 1772 3809 1842 lignea

2220 1892 2406 1933 vocem
2441 1876 2610 1931 dabit.
2638 1873 2800 1928 Th.V
2841 1873 2939 1928 Ed.
2973 1880 3027 1926 et
3074 1869 3346 1940 colligatio
3378 1868 3504 1938 ligni
3534 1865 3810 1921 vocifera-

2217 1969 2366 2024 bitur
2395 1983 2478 2022 ea.
2511 1965 2635 2020 Vul.
2667 1976 2715 2021 et
2752 1965 2984 2035 lignum,
3024 1963 3166 2033 quod
3190 1961 3332 2015 inter
3356 1959 3644 2030 juncturas
3664 1957 3807 2012 aedi-

2219 2064 2463 2118 ticinrum
2501 2069 2584 2116 est
2608 2058 2976 2130 respondebit.

2291 2154 2376 2208 15.
2407 2152 2569 2207 llebr.
2603 2151 2690 2205 Vae
2744 2147 3055 2220 propinanti
3106 2145 3258 2200 socio
3307 2157 3429 2209 suo,
3479 2143 3802 2212 adjungenti

2220 2260 2486 2301 venenum
2520 2255 2692 2299 tuum.
2721 2243 2784 2296 A.
2815 2281 2830 2294 .
2859 2282 2871 2295 .
2902 2279 2916 2295 .
2946 2281 2960 2294 .
3011 2255 3076 2295 ex
3105 2237 3418 2294 emissione.
3451 2234 3613 2288 Barb.
3641 2234 3807 2288 attri-

2221 2339 2369 2394 tione
2397 2336 2602 2391 furoris
2636 2335 2733 2389 tui.
2772 2333 2830 2388 8.
2861 2373 2875 2388 .
2908 2373 2920 2386 .
2952 2372 2964 2385 .
2991 2373 3002 2384 .
3029 2339 3082 2385 et
3121 2328 3376 2384 emittens
3417 2327 3622 2395 absque
3646 2326 3807 2394 judi-

2221 2430 2306 2484 cio
2336 2427 2576 2485 furorem
2609 2439 2790 2480 suum.
2818 2421 2981 2486 LXX,
3019 2419 3063 2476 Ο
3101 2420 3193 2489 qui
3242 2417 3496 2487 propinat
3545 2415 3806 2484 proximo

2223 2536 2326 2578 suo
2359 2518 2772 2576 subversionem
2820 2514 3113 2570 turbidam.
3145 2511 3209 2576 V,
3243 2510 3311 2566 de
3362 2496 3633 2578 insperata
3666 2507 3800 2562 sub-

2222 2613 2472 2669 versione
2501 2611 2596 2665 iras
2617 2619 2744 2664 tuae.
2774 2606 2878 2662 Tb.
2909 2649 2920 2661 .
2949 2646 2962 2658 .
2993 2649 3004 2660 .
3034 2646 3048 2659 .
3077 2605 3143 2660 de
3175 2601 3439 2658 effusione
3470 2599 3671 2654 furoris
3692 2599 3798 2654 tui.

2222 2705 2395 2769 Alius,
2432 2701 2522 2756 Vae
2561 2701 2652 2771 qui
2683 2709 2877 2770 potum
2915 2698 3009 2752 dat
3050 2695 3227 2750 amico
3263 2707 3365 2748 suo
3394 2689 3664 2745 turbinem
3701 2704 3806 2742 vo-

2222 2797 2446 2851 lantem.
2474 2794 2648 2858 Alius,
2675 2790 2768 2846 Va:
2795 2791 2886 2860 qui
2920 2796 3107 2860 potum
3137 2786 3230 2841 dat
3257 2784 3435 2838 amico
3457 2795 3557 2836 suo
3585 2779 3805 2835 cxtasin

2229 2887 2530 2944 turbidam.
2578 2883 2703 2939 Vul.
2734 2881 2825 2937 Vae
2849 2881 2941 2951 qui
2975 2888 3163 2950 potum
3191 2876 3283 2931 dat
3315 2873 3493 2928 amico
3526 2887 3648 2934 suo,
3673 2869 3805 2924 mit~

2225 2989 2346 3035 tens
2380 2977 2452 3032 fel
2485 2990 2666 3031 suum.

2297 3069 2362 3122 ll.
2396 3066 2692 3121 nuditates.
2728 3065 2792 3117 A.
2825 3061 3125 3117 nuditatem
3154 3069 3368 3127 eorum,
3421 3051 3478 3107 8.
3509 3046 3810 3118 ιιιιτιίιυιιίο

2226 3177 2349 3218 nem
2376 3175 2590 3216 eorum.
2617 3157 2782 3223 LXX,
2827 3153 3119 3227 speluncas
3149 3165 3362 3207 eorum.

2299 3251 2386 3306 16.
2418 3249 2554 3305 lleb.
2580 3257 2636 3304 et
2669 3247 2946 3304 denudare
2973 3242 3324 3315 praeputium.
3355 3239 3421 3292 A.
3453 3236 3810 3291 Vul.etcon—

2228 3343 2428 3413 sopire.
2460 3339 2626 3405 LXX,
2657 3351 3022 3395 commovere.

2297 3434 2384 3488 17.
2412 3431 2546 3487 Heb.
2579 3431 2792 3501 rapina.
2843 3431 2909 3482 Α.
2967 3427 3212 3498 sanguis.
3248 3424 3304 3479 8.
3347 3421 3595 3477 avaritia.
3633 3415 3804 3482 LXX,

2227 3526 2480 3595 impietas
2505 3522 2628 3578 Yul.
2649 3523 2924 3592 iniquitas.

2298 3611 2368 3666 11.
2395 3613 2461 3667 Α.
2489 3621 2543 3667 et
2563 3609 2740 3681 praeda
2760 3609 3157 3679 iumentorum.
3178 3605 3234 3662 S.
3265 3603 3492 3674 direptio
3527 3601 3809 3672 jumento-

2229 3701 2541 3766 rum.LXX,
2561 3701 2778 3758 miseria
2802 3697 3423 3762 bestiarum.V,vastitas
3454 3693 3804 3749 animalium.

2299 3789 2437 3847 Heb.
2471 3799 2718 3846 conteret
2762 3804 2877 3846 eas.
2917 3789 2983 3842 Α.
3028 3787 3150 3842 Vul.
3211 3784 3507 3842 deterrebit
3560 3799 3675 3839 eos.
3735 3780 3800 3836 S.

2229 3881 2526 3952 superabit.
2553 3880 2718 3947 LXX,
2753 3880 2975 3936 terrebit
2999 3886 3071 3935 te.

2308 3971 2397 4025 18.
2434 3971 2598 4026 Hebr.
2630 3970 2688 4026 S.
2727 3969 2887 4034 LXX,
2921 3969 3048 4024 Vul.
3089 3975 3259 4023 muta.

2301 4061 2390 4116 19.
2419 4061 2586 4117 Hebr.
2623 4069 2680 4118 et
2711 4062 2891 4116 omnis
2920 4059 3142 4130 spiritus
3193 4072 3299 4112 non
3346 4057 3399 4110 in
3431 4055 3609 4112 medio
3656 4055 3802 4126 ejus.

2229 4152 2298 4208 Α.
2339 4161 2396 4208 et
2435 4153 2660 4224 spiritus
2692 4153 2814 4222 ejus
2851 4166 2961 4208 non
3000 4157 3084 4206 est
3139 4151 3192 4204 in
3226 4148 3547 4211 visceribus,
3602 4149 3715 4203 sive
3743 4148 3799 4202 in

2230 4244 2412 4300 medio
2449 4244 2591 4314 ejus.
2646 4242 2810 4310 LXX,
2873 4251 2930 4298 et
2961 4240 3140 4297 omnis
3185 4240 3409 4310 spiritus
3457 4255 3566 4294 non
3623 4247 3704 4293 est
3741 4238 3799 4291 in

2228 4349 2314 4392 eo.
2343 4333 2466 4391 Vul.
2491 4344 2546 4391 et
2567 4335 2748 4392 omnis
2772 4334 3000 4405 spiritus
3022 4346 3127 4388 non
3151 4339 3235 4386 est
3254 4331 3309 4386 in
3329 4330 3630 4386 visceribus
3653 4327 3794 4399 ejus.

1376 4439 1551 4500 Notas
1580 4443 1642 4499 et
1670 4439 1860 4500 varias
1901 4439 2212 4506 lectiones
2243 4446 2322 4507 ad
2355 4463 2492 4524 cap.
2527 4446 2580 4506 ll
2612 4444 2927 4506 Habacuo.

628 4540 767 4595 v.1.
793 4537 1244 4612 8.,Aquasicustos
1275 4547 1382 4612 etc.
1414 4539 1778 4612 Hieronymus
1793 4543 1884 4612 qui
1917 4545 2127 4600 subdit:

564 4634 584 4667 ι
611 4613 718 4669 Pro
755 4609 1043 4664 munitione
1074 4617 1129 4665 et
1155 4619 1324 4684 petra,
1353 4609 1602 4684 in-cujus
1624 4609 1830 4665 'locuni
1865 4611 2019 4684 Sym.
2040 4615 2130 4684 in-

558 4688 890 4750 terpretatus
923 4688 1026 4750 e_s_t,
1061 4679 1385 4750 conclusum,
1416 4680 1468 4734 in
1502 4678 1726 4750 llebrazo
1754 4678 1976 4748 ponitur
2005 4683 2130 4736 MA-

559 4747 718 4817 SUR,
753 4749 896 4819 quod
932 4747 1059 4814 Th.,
1093 4763 1299 4818 gyrum,
1329 4748 1394 4803 A.
1425 4758 1478 4804 et
1509 4748 1548 4802 V
1594 4747 1790 4802 circum
1841 4753 2127 4808 transtule-

557 4830 708 4877 runt.
749 4838 767 4871 ι
1517 4831 1536 4847 ί

631 4890 700 4961 ν.
731 4889 938 4961 2.__‘A.,
965 4890 1362 4961 ὁραματισμόν.
1396 4884 1781 4961 Hieronymus.

630 4959 766 5014 Ibid.
801 4959 1272 5029 llieronymu_s_:}
1304 4960 1409 5029 Pro
1440 4959 1636 5029 tabulis
1675 4971 1730 5015 et
1781 4961 1938 5022 buxo,
1987 4961 2130 5027 quod

557 5029 823 5084 Ilebraice
847 5026 1046 5083 dicitur
1073 5026 1423 5098 ALLUOTH,
1444 5028 1500 5084 S.
1519 5031 1903 5098 interpretatus
1931 5026 2016 5082 est
2035 5046 2131 5098 pa-

556 5103 734 5170 ginas.
763 5116 783 5150 ι
818 5098 997 5170 Forte
1016 5097 1246 5170 σελίδας.
1275 5100 1470 5170 Aquila
1503 5113 1632 5152 vero
1662 5097 1889 5170 πλάκας
1910 5097 2132 5152 verterit

556 5165 625 5225 de
660 5183 832 5222 more.
863 5165 1026 5232 LXX,
1053 5166 1265 5230 πυξίον,
1299 5165 1533 5224 fortasse
1560 5169 1809 5235 πυκτίον,
1838 5167 2058 5225 librum.

627 5237 766 5307 ibid.
809 5238 912 5301 Ἀ..
948 5237 1032 5298 Σ..
1062 5237 1249 5307 τρέχῃ.
1275 5237 1557 5307 Barberin.

627 5305 774 5363 v.3.
837 5307 940 5372 'A.,
975 5307 1059 5369 Σ..
1104 5305 1293 5360 καὶού
1343 5306 1711 5375 διαψεύσεται.
1749 5307 2016 5365 Eusebius
2069 5311 2124 5362 in

560 5374 883 5446 Demonstr.
911 5391 1102 5446 evang.
1138 5389 1191 5443 p.
1225 5377 1351 5439 277,
1388 5374 1486 5431 soli
1537 5379 1766 5446 Aquilae,
1795 5376 2126 5434 Barberinus

559 5455 744 5526 autem
780 5444 1068 5526 idnAquila:
1093 5454 1145 5526 et
1183 5447 1510 5526 Symmacho
1549 5444 1753 5526 tribuit.

631 5515 768 5571 Ibid.
819 5513 943 5586 Ἀ..
963 5515 1059 5566 ἐὰν
1091 5513 1424 5586 δὲ-μελλήσῃ
1466 5529 1570 5572 etc.
1599 5516 1676 5572 Ex
1702 5518 1892 5574 eodem
1927 5519 2124 5576 Euseb.

563 5581 1123 5654 2.,__a'rpayyeﬁqstut.
1155 5581 1434 5654 Barberiti'.

635 5649 699 5705 ν.
735 5649 786 5706 ὂ.
827 5649 937 5716 θ’Ᾱ..
977 5650 1085 5704 ίδοὺ
1112 5652 1544 5722 νωχελευομένου
1583 5664 1686 5711 etc.
1726 5655 1802 5710 Ex
1833 5656 2022 5712 eodem
2067 5673 2122 5726 p.

2232 4547 2358 4614 278,
2397 4557 2457 4603 ut
2475 4557 2530 4602 et
2570 4547 2998 4614 sequentia-1.,
3033 4545 3128 4598 καὶ
3154 4544 3358 4608 δίκαιος
3397 4553 3500 4599 etc.
3541 4544 3632 4597 ubi
3677 4543 3801 4596 Ilie-

2232 4633 2496 4688 ronymus
2527 4632 2542 4668 :
2585 4635 2604 4668 ι
2641 4617 2706 4688 Et
2739 4617 2827 4670 ubi
2865 4615 3004 4668 LXX
3038 4624 3362 4688 posuerunt,
3407 4615 3591 4688 justus
3626 4622 3798 4666 autem

2230 4702 2296 4739 ea:
2329 4684 2432 4755 ﬁde
2462 4702 2577 4739 mea
2623 4687 2774 4747 vivet,
2817 4699 3006 4740 omnes
3026 4685 3325 4755 aequaliter
3362 4684 3794 4755 transtulerunt:

2231 4771 2296 4809 ex
2319 4752 2424 4824 fide
2451 4772 2548 4808 sua
2572 4757 2724 4810 vivet.
2754 4755 2993 4824 Denique
3018 4752 3381 4824 Symmachus
3407 4752 3801 4824 signiﬁcantius

2231 4823 2594 4893 interpretans
2630 4826 2706 4878 ait
2733 4844 2745 4877 :
2775 4823 2966 4877 Justus
2998 4823 3172 4876 autem
3215 4839 3306 4892 per
3335 4825 3502 4893 ﬁdem,
3530 4823 3799 4890 propriam

2230 4892 2386 4947 suam
2429 4895 2607 4947 vivet:
2646 4895 2789 4959 quod
2834 4893 3019 4947 Graece
3065 4893 3265 4947 dicitur
3294 4909 3306 4943 :
3340 4894 3368 4944 ὁ
3397 4893 3454 4945 δὲ
3487 4892 3694 4951 δίκαιος
3733 4893 3798 4960 τῇ

2233 4963 2426 5016 ἑαυτοῦ
2445 4964 2635 5034 πίστει
2669 4963 2843 5034 ζήσει.
2879 4961 3024 5032 (Haec
3049 4961 3800 5034 depravatasttitttin‘editis,

2231 5035 2324 5086 sed
2355 5047 2418 5085 ex
2445 5031 2678 5086 Eusebio
2713 5029 3618 5099 restituuntur.)'BAEMUNATIIO
3641 5031 3802 5096 quip-

2267 5102 2487 5171 e,_quod
2516 5103 2902 5171 interpretatur
2927 5103 2979 5154 in
3026 5101 3130 5168 ﬁde
3163 5118 3294 5171 sua,
3319 5099 3539 5171 οἰκ-101)
3594 5107 3647 5150 et
3695 5117 3800 5152 lttnt

2280 5169 2372 5224 AU
2406 5172 2634 5225 litteram
2661 5169 2894 5224 haberet
2921 5171 2972 5223 in
3016 5171 3140 5234 line,
3176 5180 3234 5224 ut
3274 5169 3412 5222 LXX
3453 5176 3800 5238 putaverunt,

2230 5248 2285 5295 et
2332 5242 2600 5309 legeretur
2639 5239 3123 5304 BAEMUNATHI,
3179 5250 3323 5296 recte
3370 5237 3802 5298 transtulissent,

2232 5311 2286 5363 in
2321 5311 2424 5376 [ide
2461 5327 2594 5364 mea.
2628 5329 2648 5362 ι

2304 5375 2368 5431 γ.
2403 5380 2454 5434 5.
2490 5380 2572 5443 Σ..
2602 5382 2697 5450 καὶ
2725 5380 3039 5450 εὐπορήσει,
3077 5379 3112 5432 i.
3157 5393 3233 5441 ο..
3261 5380 3321 5450 in,
3344 5395 3516 5432 rerum
3565 5375 3803 5450 omnium

2231 5449 2330 5502 erit
2361 5451 2604 5517 penuria,
2640 5447 3214 5504 llieronIB’arberinus
3240 5449 3418 5510 habet,
3443 5447 3801 5516 εὐπραγήσει.

2309 5517 2370 5571 ν.
2409 5520 2462 5570 7.
2499 5520 2562 5571 Ol
2589 5521 2777 5582 λοιπ..
2803 5519 2898 5572 καὶ
2930 5519 3118 5582 ὲξυπν-
3135 5517 3483 5572 Barberiuus.

2305 5587 2367 5639 V.
2395 5587 2446 5640 9.
2491 5587 2572 5649 Σ..
2612 5588 2752 5640 οὐαί.
2783 5587 2947 5642 Idem.

2307 5655 2371 5709 γ.
2407 5656 2490 5710 11.
2521 5655 2644 5713 Haec
2664 5673 2729 5713 ex
2762 5656 3093 5727 Hieronymo
3127 5656 3416 5728 prodeunt,
3459 5654 3552 5725 qui
3596 5653 3677 5711 sic
3713 5654 3802 5708 ha-
