4128 6316
580 342 708 394 999!

577 441 631 513 ἦ
665 464 795 513 rm:
828 463 1001 540 εἰη)
1037 462 1178 514 man
1214 462 1347 514 Ἦλθε)
1382 463 1498 514 nant
1551 455 1584 508 4
1681 458 1756 520 0’,
1804 456 1895 508 καὶ
1948 456 2146 522 φέγγος

579 544 741 595 αὑτοῦ
765 545 840 605 ὼς
869 543 982 610 φῶς
1017 543 1188 608 ἔσται,
1225 543 1432 613 κέρατα
1463 545 1522 596 ὲν
1555 544 1741 614 χερσὶν
1794 543 1978 596 αὑτοῦ.
2009 545 2150 594 "AJ—

576 639 706 700 .lor;,
731 634 1044 703 διαύγασμα
1069 635 1244 702 φωτὸς
1273 633 1422 686 ἔσται
1455 634 1622 702 αὐτῷ,
1647 633 1856 704 κέρατα
1876 635 1937 684 ὲκ
1974 632 2155 702 χειρὺς

577 726 743 778 αὑτοῦ
780 727 1016 795 ὑπάρχει
1077 725 1241 794 αὐτῷ.
1301 725 1450 780 llanc
1486 733 1815 794 postremam
1868 724 2152 778 lettioncm

578 820 688 881 τοῖς
710 815 766 871 0’
793 817 983 870 tribuit
1016 815 1242 870 (Ioislin.
1271 815 1325 868 in
1353 817 1593 886 margine
1628 815 1884 884 positam.

577 943 679 996 .‘i‘t‘J
713 942 860 1019 ἶῚνέΠ
897 943 1015 996 L'Zlm
1098 933 1176 986 Ἀ.
1221 971 1233 984 .
1282 971 1294 986 .
1333 973 1346 987 .
1395 974 1407 987 .
1448 973 1460 986 .
1488 932 1545 985 Σ.
1580 973 1589 984 .
1633 974 1646 988 .
1680 974 1691 985 .
1736 977 1746 986 .
1782 931 1858 993 Ο’,
1890 933 1982 984 καὶ
2005 931 2154 983 ἔθετο

579 1029 856 1094 ἀγάπησιν
895 1025 1158 1095 κραταιὰν
1202 1025 1383 1096 ἰσχύος
1415 1025 1602 1078 αὐτοῦ.
1649 1027 1886 1089 Ἄλλος,
1915 1025 2030 1076 ἐκεῖ
2062 1026 2156 1075 ἐπ-

579 1117 895 1186 εστήρεκται
934 1117 967 1186 ἡ
999 1115 1225 1186 δύναμις
1250 1117 1350 1186 τῆς
1369 1116 1525 1185 δόξης
1548 1115 1734 1169 αὑτοῦ.

578 1205 651 1257 dil
690 1206 922 1269 ctiouem
969 1207 1250 1261 robustam
1305 1206 1645 1263 fortitudinis
1694 1221 1826 1260 snae.
1858 1204 2031 1267 Alius,
2074 1204 2154 1257 ibi

577 1307 688 1361 dita
728 1318 810 1361 est
843 1307 1103 1362 fortitudo
1127 1309 1270 1377 ejus.

577 1383 1071 1474 ηατπὸννεεθὸ

579 1494 655 1558 0',
687 1490 791 1560 πρὸ
829 1490 1122 1560 προσώπου
1167 1489 1330 1544 αὐτοῦ
1387 1488 1709 1559 πορεύσεται
1744 1489 1919 1554 λόγος.
1968 1485 2028 1540 Θ.
2066 1484 2155 1536 λό-

580 1601 693 1650 γος.
748 1585 996 1650 Ἄλλος,
1057 1585 1162 1654 πρὸ
1215 1582 1506 1656 προσώπου
1559 1582 1720 1635 αὐτοῦ
1769 1578 2154 1650 προελεύσεται

580 1692 806 1737 πτωσις.

575 1832 754 1907 vlva-1‘)
790 1857 921 1932 qun
960 1855 1082 1905 nam
1173 1847 1253 1900 ‘A.
1295 1889 1307 1900 .
1355 1884 1368 1899 .
1407 1888 1418 1900 .
1457 1883 1471 1899 .
1511 1847 1566 1898 Σ.
1603 1844 1663 1898 θ.
1806 1886 1820 1900 .
1853 1881 1867 1897 .
1903 1882 1916 1897 .
1952 1846 2027 1908 θ’,
2063 1843 2154 1894 καὶ

577 1937 916 2002 ἐξελεύσεται
948 1937 1027 1998 εἰς
1063 1935 1219 1988 πεδία
1272 1934 1414 1987 κατὰ
1466 1936 1630 1996 πόδας
1659 1933 1842 1986 αὐτοῦ.
1906 1934 2152 1998 Ἀλλος,

577 2029 716 2080 κατὰ
746 2029 908 2091 πόδας
933 2027 1098 2080 αὑτοῦ
1130 2026 1472 2100 ἀκολουθήσῃ
1497 2029 1563 2079 τὰ
1594 2026 1827 2096 μέγιστα
1850 2025 1956 2077 τῶν
1988 2042 2156 2095 πετη-

576 2137 704 2174 νων.

573 2305 750 2378 -ςπ-ιηςι
787 2304 1010 2378 manu
1046 2303 1163 2378 an:
1197 2303 1323 2352 ann
1358 2307 1476 2353 nm
1515 2303 1638 2378 Vas
1666 2305 1826 2353 τηση
1859 2310 1872 2345 ι
1904 2305 2023 2356 τω
2052 2293 2083 2346 6

572 2372 626 2444 18
664 2371 800 2445 nia-tv
833 2369 1024 2443 ηυντ-ππ
1061 2369 1199 2447 αιδην
1235 2394 1400 2447 την-,ιλ
1436 2369 1551 2444 tne}
1595 2396 1665 2447 τν
1739 2388 1814 2448 ον,
1877 2385 2005 2452 ἔστη
2059 2384 2155 2435 καὶ

573 2476 841 2544 ἐσαλεύθη
865 2479 894 2545 ἡ
923 2476 1020 2544 γῆ,
1050 2475 1313 2544 ἐπι-ἔϐλεψε
1343 2477 1434 2528 καὶ
1456 2475 1677 2545 διετάκη
1703 2475 1829 2544 ἔθνη
1848 2490 1861 2504 ’
1895 2474 2150 2545 διεθρύϐη

571 2569 640 2620 τὰ
671 2568 770 2639 ὖρη
806 2569 916 2638 βίᾳ,
957 2559 1232 2636 ὲτάκηοίαν
1271 2568 1452 2636 βουνοὶ
1498 2566 1705 2619 ait-Bato;
1745 2569 1968 2634 πορείας
2019 2569 2150 2619 αἰω-

571 2657 688 2720 νξας
719 2656 904 2708 αὑτοῦ.
939 2659 1182 2720 Ἀλλος,
1223 2657 1353 2718 στὰς
1383 2656 1709 2724 διεμέτρησε
1736 2653 1833 2724 τὴν
1856 2655 1960 2722 γῆν
1982 2671 1994 2686 ·
2042 2671 2142 2706 κα·-

571 2747 844 2815 τανοήσας
895 2744 1140 2810 ὲξεῐκασε
1171 2747 1238 2797 τὰ
1295 2743 1420 2815 ἔθνη
1445 2761 1456 2772 ·
1487 2743 1768 2814 διεθρύση,
1811 2745 1904 2797 καὶ
1936 2743 2001 2796 τὰ
2045 2743 2145 2815 ὄρη

571 2837 980 2908 Θραύσοήσεται
1009 2853 1020 2865 ·
1062 2835 1561 2906 ταπεινωθήσονται
1616 2837 1672 2887 αι
1727 2833 1894 2887 νάπαι
1943 2836 2008 2889 ὲκ
2053 2834 2145 2888 τοῦ

571 2928 788 2991 αἰῶνος,
818 2929 872 2981 αἱ
906 2927 1015 2980 ὁδοὶ
1057 2928 1113 2980 αἱ
1148 2926 1206 2992 ἐξ
1241 2927 1412 2997 ἀρχῆς
1445 2924 1923 2997 ἀλλοιωοήσονται·
1979 2926 2142 2981 αὐτοῦ

569 3018 734 3069 ἓνεκα
759 3015 1100 3086 σεισθήσεται
1129 3018 1159 3086 ἡ
1186 3017 1506 3086 οἰκουμένη.

569 3127 694 3182 qua?
731 3113 800 3166 ab
847 3112 1002 3166 initio
1071 3112 1506 3166 immutabuntnr
1549 3127 1561 3162 :

1659 339 2148 398 J‘IEXAPLORUM
2190 339 2353 406 QUAS.
2397 338 2834 395 SLPEHSUNT.

3707 333 3868 389 ΞΕ)θὲ

2321 451 2374 502 4.
2403 450 2534 504 llcb.
2576 461 2628 502 et
2654 450 2907 520 splendor
2939 459 2993 502 ut
3051 451 3136 502 lux
3163 457 3298 511 erat,
3331 462 3534 502 cornua
3564 449 3632 502 de
3681 462 3864 502 manu

2258 543 2379 609 ejus
2411 541 2480 594 ei.
2512 539 2676 603 LXX,
2708 552 2761 593 et
2797 539 3050 608 splendor
3079 537 3198 606 ejus
3231 546 3286 590 ut
3331 539 3420 590 lux
3450 536 3573 603 erit,
3629 549 3863 590 conum

2259 626 2601 682 inmanibus
2655 628 2795 696 ejus.
2857 627 3024 690 Alius,
3085 625 3341 694 splendor
3398 625 3534 679 lucis
3589 625 3708 679 erit
3772 626 3860 678 ei:

2259 736 2464 774 cornua
2500 719 2566 772 de
2596 733 2756 770 manu
2800 716 2923 785 ejus
2952 724 3078 769 sunt
3119 715 3241 782 ipsi.
3279 711 3401 766 Vul.
3434 713 3701 782 splendor
3731 710 3863 779 ejus

2266 822 2324 866 ut
2358 812 2446 864 lux
2478 811 2581 864 erit
2616 830 2628 863 :
2661 823 2868 864 cornua
2903 809 2955 862 in
2989 808 3244 861 inanibus
3273 805 3414 875 ejus.

2332 927 2467 980 lleb.
2500 934 2552 980 ct
2587 926 2656 981 ibi
2684 924 2976 980 absconsio
3001 923 3336 979 fortitudinis
3365 924 3504 993 ejus.
3549 925 3616 977 A.
3653 933 3716 977 et
3754 939 3860 990 po-

2265 1020 2817 1075 suitabseonsionem
2876 1017 3207 1071 fortitudinis
3267 1033 3397 1072 sum.
3463 1015 3522 1071 S.
3565 1026 3619 1070 et
3661 1018 3860 1084 posuit

2264 1113 2634 1168 absconditam
2689 1109 3063 1164 fortitudinem
3127 1124 3304 1162 suam.
3355 1107 3517 1170 LXX,
3556 1119 3610 1162 et
3660 1110 3860 1176 posuit

2251 1203 2462 1257 ﬁrmata
2495 1213 2578 1258 est
2628 1203 2801 1258 virtus
2857 1202 3043 1271 gloriae
3093 1197 3433 1271 ipsins.Vul.
3489 1201 3562 1254 ibi
3603 1198 3855 1252 abscon-

2331 1386 2382 1440 5.
2427 1384 2492 1438 Η.
2531 1385 2596 1439 ad
2639 1384 2808 1438 facies
2833 1385 2951 1453 ejus
2996 1384 3094 1438 ibit
3125 1383 3311 1453 pestis.
3355 1384 3416 1437 A.
3461 1395 3588 1438 ante
3639 1384 3851 1440 faciem

2258 1477 2378 1544 ejus
2409 1476 2507 1527 ibit
2531 1475 2716 1543 pestis.
2739 1473 2797 1527 S.
2829 1482 2954 1528 ante
2985 1471 3176 1528 faciem
3210 1474 3328 1542 ejus
3364 1475 3632 1543 praecedet
3663 1491 3850 1531 mors.

2257 1565 2418 1630 LXX,
2445 1575 2571 1619 ante
2605 1563 2796 1618 faciem
2841 1563 2961 1632 ejus
2989 1564 3088 1618 ibit
3126 1564 3374 1617 verbum.
3423 1561 3525 1616 Tb.
3568 1566 3837 1618 verbum.

2255 1656 2432 1719 Alius,
2474 1665 2600 1708 ante
2640 1654 2833 1707 faciem
2884 1653 3004 1722 ejus
3058 1653 3270 1722 praibit
3313 1654 3488 1708 ruina.
3542 1654 3667 1708 Vul.
3717 1663 3852 1708 ante

2256 1748 2447 1800 faciem
2477 1746 2595 1814 cjus
2627 1745 2723 1798 ibit
2753 1758 2924 1797 mors.

2327 1841 2464 1892 lleb.
2491 1850 2542 1892 et
2570 1838 2950 1906 egrediebatur
2989 1835 3155 1889 carbo
3181 1833 3245 1888 ad
3271 1835 3432 1902 pedes
3469 1836 3724 1904 ejus.A..

2255 1931 2494 1983 volatile.
2523 1928 2578 1981 S.
2605 1926 2707 1981 'flt.
2744 1926 2804 1991 V,
2835 1927 3092 1980 volucris.
3131 1924 3295 1988 LXX,
3353 1935 3407 1978 et
3443 1927 3763 1994 egredietur
3794 1928 3848 1980 in

2258 2036 2484 2090 campos
2517 2020 2582 2073 ad
2612 2019 2775 2088 pedes
2825 2019 2962 2086 ejus.
3006 2019 3176 2077 Alius,
3220 2029 3272 2070 et
3295 2017 3359 2070 ad
3410 2017 3571 2085 pedes
3591 2017 3722 2085 ejus
3761 2034 3850 2071 se-

2257 2111 2440 2181 qnt‘t'is
2470 2111 2705 2162 maxima
2745 2109 3069 2162 volucrium.
3106 2107 3228 2162 Vul.
3275 2116 3327 2161 et
3375 2108 3691 2176 egredietur
3724 2108 3848 2162 dia-

2260 2203 2420 2257 bolus
2460 2211 2583 2254 ante
2624 2199 2785 2269 pedes
2812 2199 2950 2268 ejus.

2325 2296 2377 2346 (5.
2408 2291 2541 2344 lleb.
2571 2290 2734 2343 Stetit
2757 2299 2811 2344 et
2845 2305 3068 2343 mensus
3094 2297 3178 2342 est
3213 2298 3410 2341 terram
3441 2307 3452 2341 :
3487 2289 3616 2341 vidit
3656 2299 3719 2342 ct
3745 2307 3846 2344 ex-

2254 2385 2401 2438 silire
2445 2383 2580 2438 fecit
2631 2390 2856 2451 gentes;
2910 2391 2966 2435 et
3020 2381 3240 2435 contriti
3297 2389 3426 2434 sunt
3464 2393 3677 2436 montes
3713 2398 3845 2451 per-

2258 2475 2560 2545 petuitatis,
2604 2474 3029 2526 incurvaverunt
3084 2487 3141 2525 se
3179 2471 3346 2525 colles
3396 2471 3604 2536 saeculi,
3635 2473 3842 2527 itinera

2256 2565 2440 2620 saeculi
2473 2564 2543 2617 ei.
2573 2562 2734 2628 LXX,
2787 2561 2946 2616 Stetit
2970 2572 3020 2616 et
3057 2573 3328 2616 commota
3356 2572 3439 2616 cst
3478 2574 3620 2616 terra
3648 2579 3659 2614 :
3683 2579 3844 2631 aspe-

2255 2656 2334 2707 xit
2358 2663 2410 2708 et
2441 2655 2734 2707 tabuerunt
2773 2661 2959 2723 gentes
2991 2670 3004 2705 :
3040 2654 3254 2707 centriti
3296 2661 3426 2706 sunt
3472 2662 3686 2707 montes
3722 2653 3842 2706 vio-

2257 2746 2461 2800 lentia:
2494 2744 2790 2799 tabncrunt
2816 2752 3028 2798 montes
3067 2743 3404 2813 sempiterni,
3442 2743 3651 2798 itineris
3687 2758 3841 2797 sem-

2257 2837 2454 2908 piterni
2513 2835 2653 2904 ejus.
2717 2835 2906 2900 Alius,
2951 2837 3114 2890 Stans
3173 2849 3395 2889 mensus
3443 2843 3524 2890 est
3584 2844 3834 2888 terram:

2255 2929 2496 2998 cogitans
2534 2926 2737 2981 eﬂinxit
2763 2936 2982 2995 gentes:
3038 2927 3282 2980 contrita:
3323 2933 3489 2980 sunt:
3522 2937 3577 2979 ct
3617 2940 3840 2981 montes

2249 3017 2659 3087 confringcntnr
2689 3032 2701 3070 :
2746 3016 3182 3070 humiliabuntur
3221 3017 3394 3071 saltus
3425 3032 3451 3070 a
3476 3015 3692 3082 saeculo,
3738 3017 3842 3070 viae

1627 3112 1748 3181 ejus
1793 3127 1956 3167 causa
1997 3113 2433 3167 commovebitur
2497 3111 2670 3166 orbis.
2716 3110 2839 3165 ναι.
2911 3108 3072 3165 Stetit
3108 3119 3160 3164 et
3200 3125 3424 3164 mensus
3460 3119 3545 3164 est
3594 3118 3836 3162 terram:

570 3209 782 3277 aspexit
819 3218 872 3262 ct
915 3208 1163 3263 dissolvit
1216 3219 1423 3279 gentes,
1490 3219 1542 3262 et
1595 3209 1811 3264 contriti
1850 3217 1979 3263 sunt
2019 3218 2232 3263 montes
2267 3208 2475 3273 steculi,
2532 3207 2802 3262 iucurvati
2829 3215 2956 3260 sunt
2981 3205 3146 3260 colles
3184 3204 3370 3259 mundi
3421 3203 3489 3257 ab
3545 3202 3840 3258 itincribus

571 3304 892 3358 :uternitatis
925 3303 1062 3371 ejus.

567 3406 696 3480 van
747 3406 932 3460 τῆν’-τ’
981 3407 1144 3485 pra-tt
1181 3409 1335 3487 pm;
1363 3384 1497 3458 tam:
1546 3409 1709 3459 tnta-1
1761 3409 1845 3486 px
1892 3411 2013 3458 mn
2052 3399 2082 3450 7

569 3495 700 3567 VT):
772 3489 848 3548 0',
882 3487 1002 3538 ἀντὶ
1059 3485 1242 3539 κόπων
1294 3485 1434 3541 εἶδον
1489 3489 1829 3558 σκηνώματα
1861 3487 2151 3549 Αἰθιόπων,

573 3578 977 3645 πτοηθήσονται
1014 3579 1109 3630 καὶ
1145 3580 1199 3629 αἱ
1235 3581 1431 3648 σκηναὶ
1483 3579 1585 3647 γῆς
1621 3581 1865 3647 Μαδιάμ.
1903 3581 2150 3642 Ἄλλος,

571 3666 944 3732 κατανενόηκα
978 3666 1074 3728 τὰς
1125 3669 1328 3736 σκηνὰς
1385 3669 1676 3733 Αἰοιὸπων,
1711 3668 2148 3739 ταραχθήσονται

568 3757 626 3807 ot
663 3757 1040 3820 κατοικοῦντες
1070 3757 1166 3820 τὰς
1194 3758 1405 3829 δέρρεις
1430 3761 1671 3830 Μαδιάμ.

2329 3395 2378 3447 7.
2404 3394 2468 3448 Η.
2504 3393 2605 3449 Pro
2629 3394 2911 3463 iniquitate
2943 3391 3049 3446 vidi
3092 3394 3322 3447 tentoria
3363 3393 3608 3459 Cbnsan,
3635 3411 3834 3450 move-

2254 3496 2382 3540 runt
2410 3502 2466 3540 se
2488 3486 2712 3540 cortina:
2740 3497 2896 3539 terra:
2921 3485 3157 3539 Madian.
3202 3484 3365 3551 LXX,
3413 3485 3520 3540 Pro
3551 3489 3836 3544 laboribus

2254 3579 2362 3632 vidi
2397 3578 2625 3632 tentoria
2658 3577 2977 3646 Etltiopum
3020 3596 3032 3630 :
3068 3577 3344 3646 pavebttnt
3383 3587 3436 3632 et
3476 3579 3833 3634 tabernacula

2253 3679 2409 3722 terra:
2441 3666 2695 3720 Madiam.
2738 3668 2911 3732 Alius,
2949 3666 3190 3735 Cogitavi
3231 3667 3574 3722 tabernacula
3612 3667 3832 3722 Ethio-

2253 3773 2405 3826 pum,
2433 3758 2799 3811 turbabuntur
2841 3758 3210 3812 inhabitantes
3240 3759 3408 3828 pelles
3429 3759 3682 3813 Madiam.
3701 3758 3830 3814 Vul.

572 3847 681 3902 Pro
704 3849 988 3917 iniquitate
1022 3849 1129 3904 vidi
1161 3852 1387 3905 tentoria
1413 3852 1744 3921 Aitltiopite:
1783 3853 2144 3907 turbabuntur
2200 3849 2368 3919 pelles
2427 3859 2582 3902 terra:
2613 3849 2844 3902 Madian.

564 3951 691 4022 13.x
728 3951 1061 4002 Drama-ax
1097 3953 1216 4003 mm
1255 3957 1372 4006 mn
1408 3955 1656 4006 tat-1mm
1692 3949 1724 4002 8
1797 3954 1870 4012 ον,
1909 3948 2005 4003 καὶ
2034 3947 2138 4000 ἀλ-

564 4039 698 4100 λος,
740 4033 813 4106 μὴ
854 4037 911 4087 ἐν
941 4040 1199 4107 ποταμοῖς
1245 4038 1548 4112 ὠργίσθης,
1589 4042 1779 4115 Κύριε,
1818 4043 1850 4113 ἢ
1889 4045 1945 4096 ὲν
1977 4059 2144 4096 ποτα-

571 4130 694 4196 μοῖς
720 4128 748 4179 ὁ
784 4128 954 4198 Ονμὸς
988 4147 1114 4195 σούς

567 4318 840 4387 πται-νε
901 4297 1183 4390 Tata-Su
1244 4325 1395 4373 απτ
1449 4324 1501 4374 τε
1551 4326 1748 4396 11112::
1795 4325 2071 4375 ενα-εκ

567 4410 743 4464 πεπτω
819 4409 893 4468 0’,
927 4404 956 4474 ἢ
993 4406 1050 4456 ἐν
1083 4404 1329 4480 Θαλάσσῃ
1353 4409 1412 4460 τὸ
1465 4408 1692 4478 ὅρμημά
1737 4426 1864 4473 ceu;
1911 4411 1991 4462 ὅτι
2026 4411 2143 4461 ἐπι-

572 4495 720 4567 ϐήσῃ
745 4495 836 4548 ἐπὶ
858 4498 980 4558 τοὺς
1017 4496 1214 4560 ἵππους
1252 4516 1367 4562 σου,
1394 4500 1487 4552 καὶ
1523 4502 1554 4569 ἡ
1581 4500 1813 4552 ἰππασῐα
1837 4517 1928 4552 σου
1966 4517 2140 4570 σωτη-

577 4588 687 4654 ρία.
725 4589 922 4652 ’Ἄλλη
958 4588 990 4658 ἢ
1021 4591 1076 4641 ἐν
1125 4588 1368 4660 Θαλάσσῃ
1401 4591 1432 4660 ἡ
1469 4592 1604 4660 ὀργή
1631 4609 1756 4657 σου;
1812 4591 2009 4660 ἀνέὅης
2049 4590 2142 4642 ἐπὶ

567 4680 638 4733 τὲ
666 4679 885 4750 ἅρματά
921 4698 1013 4732 σον
1040 4697 1052 4707 ·
1085 4683 1118 4751 ἡ
1153 4683 1388 4736 ἱππασία
1416 4701 1507 4735 σου
1541 4685 1783 4754 σωτηρία
1818 4683 1846 4736 ὃ
1878 4682 2137 4753 προέϐης.

564 5055 698 5103 “72>:
735 5054 898 5103 nam:
927 5054 1120 5109 1171331!
1349 5055 1489 5109 nam
1523 5054 1659 5108 ma
1689 5047 1720 5100 9
1793 5052 1868 5110 0',
1893 5047 2140 5100 ἐντείνων

571 5135 840 5198 ἐνέτεινας
863 5135 1013 5201 τόξον
1033 5154 1124 5190 σου
1153 5138 1244 5189 ἐπὶ
1275 5139 1546 5209 σκῆπτρα,
1579 5137 1725 5205 λέγει
1760 5137 1978 5208 Κύριος.
2005 5141 2140 5192 Ἀλ-

569 5232 698 5291 λθς,
736 5228 991 5300 ἐξεγέρθη
1026 5229 1087 5282 τὸ
1111 5229 1262 5295 τόξον
1297 5246 1409 5294 σου,
1465 5232 1762 5300 ἐχόρτασας
1791 5229 2003 5301 βολίδας
2041 5234 2139 5300 τῆς

571 5320 846 5390 φαρέτρας
874 5321 1057 5375 αὑτοῦ.

573 5562 681 5635 “SD
765 5581 842 5633 Ἀ.
883 5581 988 5634 ἀεί.
1018 5586 1092 5646 0',
1134 5585 1377 5651 Ἀλλος,
1429 5587 1724 5657 διὰψαλμα.

572 5672 892 5744 γἺξἽΤᾹΠ
927 5679 1094 5727 ΠἺἻὫ
1182 5673 1255 5737 Ο⁹,
1284 5675 1543 5743 ποταμῶν
1570 5679 1867 5748 ῥαγήσεται
1897 5679 1982 5748 γῆ.
2010 5681 2137 5735 Ἀλ-

2317 3944 2369 3998 8.
2400 3943 2462 3996 ll.
2489 3943 2759 4013 Numquid
2805 3945 2856 3997 in
2898 3945 3118 4000 ﬂumina
3163 3948 3337 4003 iratus
3374 3958 3459 4003 est
3520 3947 3828 4005 Dominus?

2246 4033 2384 4088 Num
2420 4034 2472 4087 in
2518 4034 2738 4088 ﬂumina
2774 4034 2928 4090 furor
2965 4038 3132 4090 tuus?
3167 4037 3327 4104 LXX,
3361 4050 3409 4092 et
3441 4040 3615 4105 Alius,
3665 4039 3822 4111 Vulg.

2245 4125 2522 4194 Numquid
2551 4125 2604 4178 in
2647 4125 2965 4180 ﬂuminibus
3006 4128 3177 4182 iratus
3229 4145 3310 4192 es,
3353 4129 3599 4194 Domine,
3636 4141 3728 4185 aut
3768 4132 3820 4185 in

2245 4217 2566 4272 fluminibus
2591 4216 2744 4272 furor
2767 4219 2922 4273 tuus?

2317 4309 2480 4363 llebr.
2517 4326 2643 4363 num
2685 4309 2738 4364 in
2771 4323 2921 4362 mare
2955 4309 3035 4362 ira
3074 4310 3204 4363 tua?
3241 4309 3371 4380 quia
3423 4310 3691 4378 equitabis
3731 4327 3822 4366 su-

2245 4416 2338 4471 per
2402 4410 2743 4470 equostuos,
2801 4401 3094 4470 quadrigas
3151 4409 3291 4466 tuas,
3350 4403 3599 4456 salutem.
3642 4400 3813 4467 LXX,

2244 4494 2327 4548 vel
2369 4493 2421 4546 in
2477 4509 2628 4546 mare
2670 4494 2908 4562 impetus
2947 4503 3114 4547 tuus:
3163 4494 3293 4562 quia
3355 4495 3616 4550 ascendes
3656 4509 3818 4562 super

2242 4599 2411 4654 equos
2451 4591 2595 4646 tuos,
2635 4592 2689 4635 et
2730 4585 2994 4653 equitatio
3037 4593 3128 4638 tua
3181 4585 3355 4638 salus.
3407 4586 3582 4647 Alius,
3639 4593 3733 4638 aut
3763 4585 3814 4637 in

2243 4674 2476 4729 mariira
2503 4684 2590 4728 tua
2623 4676 2947 4730 :asccndisti
2979 4693 3140 4745 super
3160 4692 3357 4730 currus
3380 4686 3518 4740 tuos,
3552 4677 3816 4745 equitatio

2245 4773 2334 4818 tua
2366 4765 2538 4828 salus,
2579 4765 2719 4833 quod
2758 4768 3110 4835 praecessisti.
3154 4768 3280 4821 Vul.
3323 4769 3403 4821 vel
3430 4768 3480 4820 in
3512 4767 3647 4820 mari
3683 4767 3816 4820 indi-

2245 4857 2430 4927 gnatio
2455 4866 2568 4911 tua.
2601 4858 2704 4922 Qui
2744 4860 3007 4914 ascendes
3043 4875 3206 4931 super
3239 4876 3408 4932 equos
3442 4869 3584 4923 tuos,
3606 4870 3657 4916 et
3678 4875 3814 4929 qua-

2242 4950 2407 5018 drigre
2446 4957 2551 5002 ture
2590 4950 2837 5005 salvatio.

2307 5041 2361 5093 9.
2419 5041 2583 5093 Ilebr.
2627 5039 3000 5096 Denudatione
3047 5043 3417 5097 denudabitur
3460 5058 3620 5097 arcus
3662 5053 3810 5105 tuus,

2237 5131 2546 5202 juramenta
2584 5133 2845 5200 tribuum,
2872 5135 3096 5190 dictum.
3123 5135 3284 5200 LXX,
3330 5135 3617 5190 lntendeus
3641 5135 3815 5189 inten-

2242 5222 2368 5277 (Πειί
2397 5237 2584 5277 arcum
2642 5232 2794 5278 tuum
2836 5240 2998 5293 super
3052 5238 3265 5296 sceptra
3293 5267 3308 5290 ,
3352 5229 3484 5282 dicit
3520 5226 3810 5280 Dominus.

2245 5314 2417 5379 Alius,
2450 5315 2716 5369 excitatus
2744 5325 2826 5370 est
2859 5332 3021 5372 arcus
3059 5327 3210 5385 tuus,
3243 5319 3449 5374 satiasti
3477 5319 3661 5389 jacula
3688 5319 3816 5387 plta-

2247 5417 2405 5460 retraa
2441 5407 2580 5476 ejus.
2616 5405 2741 5462 Vul.
2786 5408 3068 5464 Suscitans
3091 5411 3384 5467 suscitabis
3421 5425 3607 5465 areum
3633 5417 3812 5472 tuum,

2237 5497 2543 5564 juramenta
2580 5498 2828 5555 tribubus
2867 5516 2986 5570 quae
3023 5501 3237 5558 locutus
3269 5517 3347 5557 es.

2311 5588 2480 5644 Hebr.
2505 5589 2636 5643 sela.
2662 5591 2726 5644 A.
2761 5606 2996 5660 semper.
3030 5590 3192 5656 LXX,
3236 5592 3411 5653 Alius.
3453 5589 3777 5660 diapsalma.

2324 5677 2458 5732 Heb.
2499 5676 2617 5732 Vul.
2650 5678 2846 5735 fluvios
2889 5680 3102 5735 scindes
3127 5689 3304 5735 terrm.
3333 5678 3495 5746 LXX,
3522 5679 3810 5735 fluviorum
