4128 6316
352 369 500 426 9933

351 492 491 555 λος,
526 488 796 557 ποταμοὺς
823 486 1216 549 διασκεδάσεις,
1253 483 1346 538 καὶ⁵
1377 484 1479 553 γῆν
1509 482 1722 544 σώσεις.

351 671 535 719 :mn
568 668 659 745 tn:
696 671 813 722 ἐν
849 666 996 745 pun
1040 668 1180 716 τευ-π
1214 664 1389 716 cum
1437 640 1576 716 πὸνητ
1613 664 1754 732 11m
1794 655 1861 708 to

352 759 479 808 κω
515 731 653 809 τιέ-ςν
691 758 797 807 DT'l
833 731 947 825 151p
1020 749 1096 815 0',
1127 746 1345 815 ὅψονταί
1379 762 1438 799 σε
1484 747 1577 799 καὶ
1611 731 1930 813 ὦδινήσουσι

351 839 497 902 λαοὶ,
523 836 831 907 σκορπίζων
868 837 1036 905 ὕδατα
1076 836 1301 907 πορείας
1329 852 1340 865 ’
1378 835 1576 888 ἔδωκεν
1623 835 1656 904 ή
1700 834 1935 896 ἄϐυσσος

353 929 544 1000 φωνὴν
580 928 770 998 αὐτῆς,
808 927 939 997 ὕψος
968 927 1265 997 φαντασίας
1287 924 1477 994 αὐτῆς.
1512 925 1747 988 Ἄλλος,
1774 926 1830 974 ὲν
1859 920 1935 991 τῷ

351 1018 760 1088 ἀντοφθαλμεῖν
814 1036 874 1071 σε
920 1018 1354 1088 ταραχθήσονται
1379 1016 1447 1068 τὰ
1474 1015 1572 1085 ὅρη
1598 1030 1610 1043 ⁸
1655 1018 1712 1067 ἐν
1739 1014 1817 1084 τῷ
1843 1017 1934 1069 τὸν

350 1107 594 1172 ἐξαίσιόν
644 1125 737 1161 σου
790 1107 994 1179 ὄμϐρον
1041 1106 1265 1161 διελθεῖν
1302 1106 1369 1158 δι’
1405 1106 1658 1177 αὐτῆς,ή
1699 1106 1935 1170 ἄϐυσσος

349 1197 671 1268 ἀνεφώνησε
699 1197 901 1263 μεῖζον.

1588 367 1678 421 HA
1688 362 1907 421 BACUC
1931 358 2158 418 CAPUT
2203 358 2291 412 lli.

3471 343 3612 400 29ῧὸ

2045 476 2326 532 Scindetur
2350 484 2513 539 terra.
2550 473 2729 537 Alius,
2751 470 2948 526 fluvios
2973 465 3286 537 dissipabis,
3312 473 3364 516 et
3405 471 3609 515 tetram

2042 568 2299 625 salvebis.

2112 662 2198 715 lO.
2234 661 2368 717 Heb.
2398 657 2662 714 Viderunt
2700 665 2771 717 te,
2804 656 3142 709 tremuerunt
3168 655 3411 710 montes;
3446 645 3607 698 inuu-

2037 752 2186 808 datio
2200 766 2464 820 aquarum
2492 746 2725 803 transiit.
2752 742 2908 798 Dedit
2924 741 3151 811 ahyssus
3165 739 3401 793 sonitum
3424 750 3607 794 suum,

2039 841 2269 894 altitudo
2303 852 2498 893 manus
2521 850 2651 891 suas
2684 833 2936 888 elevavit.
2964 827 3127 893 LXX,
3165 827 3434 882 Videbunt
3464 832 3534 886 te,
3555 831 3611 874 et

2038 932 2180 987 sicut
2210 930 2519 1000 parturiens
2549 926 2811 982 dulebunt
2840 921 3057 992 populi:
3088 921 3408 989 dispergens
3437 928 3609 983 aquas

2037 1022 2270 1075 itineris.
2311 1018 2465 1073 Dedit
2493 1018 2722 1088 abyssus
2748 1028 2934 1068 vocem
2971 1025 3151 1071 suam,
3176 1006 3405 1063 altitudo
3435 1004 3607 1073 phan-

2038 1112 2189 1167 tasize
2224 1111 2361 1181 ejus.
2397 1109 2579 1173 Alius,
2629 1108 2762 1162 Cum
2814 1114 3005 1159 contra
3065 1101 3390 1168 reSpexeris,
3424 1096 3609 1150 turba-

2037 1202 2241 1257 buntur
2272 1209 2487 1253 montes
2520 1216 2535 1253 :
2568 1212 2691 1251 eum
2726 1196 2919 1264 ingens
2963 1193 3135 1246 imber
3164 1199 3290 1244 tuus
3323 1195 3606 1256 pertranse-

350 1291 459 1345 iret
492 1308 591 1361 per
616 1308 734 1347 eam
795 1294 1026 1366 abyssus
1076 1296 1249 1365 magis
1312 1293 1610 1353 resouavit.
1673 1291 1797 1347 Vul.
1862 1293 2123 1350 Viderunt
2184 1306 2263 1359 te,
2318 1306 2372 1349 et
2414 1293 2714 1347 doluerunt
2768 1297 3024 1344 montes:
3079 1299 3281 1355 gurges
3340 1294 3605 1351 aquarum

348 1387 593 1441 transiit.
620 1387 771 1442 Dedit
799 1388 1029 1459 ahyssus
1053 1405 1240 1444 vocem
1272 1404 1450 1452 suam,
1479 1389 1707 1443 altitudo
1728 1405 1923 1444 manus
1964 1405 2093 1445 suas
2121 1390 2340 1444 levavit.

346 1459 514 1537 ττοὸ
551 1459 697 1535 125m
733 1486 875 1554 Tm
911 1462 1048 1539 nmS
1090 1464 1259 1543 715:1
1300 1490 1424 1544 ’τὩῖ
1458 1488 1560 1540 mi
1600 1489 1754 1539 erm
1795 1481 1857 1537 tt

345 1574 528 1648 1mm
558 1579 676 1652 P13
747 1571 824 1634 0’,
864 1570 1075 1642 ὲπῄρθη
1127 1574 1155 1625 ὁ
1196 1572 1366 1642 ἥλιος,
1392 1573 1483 1626 καὶ
1508 1574 1541 1642 ἡ
1572 1573 1768 1642 σελήνη
1802 1572 1930 1642 ἔστη

344 1657 406 1711 ὲν
432 1662 504 1730 τῇ
534 1660 685 1725 τάξει
712 1663 902 1733 αὐτῆς,
931 1666 1009 1727 εἰς
1040 1665 1153 1733 φῶς
1184 1664 1388 1733 βολὶδες
1424 1682 1516 1717 σου
1551 1664 1929 1735 πορεύσονται,

336 1750 426 1817 ,εις
462 1751 669 1819 φέγγος
705 1752 993 1824 ἀστραπῆς
1038 1755 1216 1809 ὅπλων
1259 1773 1373 1809 σου.
1417 1757 1672 1820 Ἄλλος,
1708 1754 1822 1823 φῶς
1871 1754 1932 1806 τὸ

340 1840 602 1913 λαμπρδν
623 1843 717 1897 τοῦ
752 1844 903 1915 ἡλίου
937 1847 1166 1916 ἐπέσχεν
1188 1862 1201 1876 ο
1235 1847 1296 1900 τὸ
1331 1848 1389 1899 δὲ
1416 1848 1617 1916 φέγγος
1646 1847 1743 1916 τῆς
1770 1844 1929 1915 σελή-

339 1951 449 2004 νης
467 1935 667 2004 ἐστάθη
692 1953 703 1965 ·
737 1939 878 1992 κατὰ
900 1938 959 1990 τὸ
988 1938 1189 2007 φέγγος
1209 1940 1318 1994 τῶν
1359 1939 1579 2008 βολίδων
1607 1956 1700 1993 σου
1728 1938 1929 2008 πορεύε

340 2041 558 2088 σονται,
593 2028 736 2081 κατὰ
773 2029 833 2082 τὸ
863 2029 1066 2098 φέγγος
1103 2031 1394 2101 ἀστραπῆς
1429 2031 1704 2101 μαχαίρας
1738 2046 1852 2084 σου.

2105 1482 2192 1535 11.
2229 1479 2365 1534 υιιι).
2415 1477 2543 1541 Sol,
2584 1478 2713 1532 luna
2764 1475 2916 1530 stetit
2975 1468 3324 1526 tabernaculo
3380 1479 3500 1526 suo,
3536 1464 3605 1516 ad

2028 1570 2205 1627 lucem
2234 1571 2554 1638 sagittarum
2593 1578 2808 1621 tuarum
2844 1565 3023 1628 ibunt,
3055 1562 3120 1615 ad
3146 1554 3607 1629 splendoremful-

2028 1661 2180 1733 guris
2227 1662 2396 1715 hastae
2453 1669 2578 1714 tuae.
2613 1656 2780 1721 LXX,
2833 1655 3090 1717 Elevalus
3119 1660 3203 1706 est
3258 1649 3361 1711 sol,
3396 1656 3449 1700 et
3476 1646 3603 1698 luna

2028 1753 2179 1807 stetit
2217 1751 2269 1804 in
2302 1751 2494 1805 ordine
2522 1764 2642 1811 suo,
2689 1747 2742 1801 in
2799 1745 2918 1798 luce
2943 1742 3124 1812 jacula
3178 1748 3268 1792 tua
3330 1736 3504 1796 ibunt,
3546 1733 3604 1784 in

2029 1844 2321 1913 splendore
2360 1838 2759 1897 coruscationis
2813 1848 3091 1890 armorum
3152 1841 3391 1885 tuorum.
3424 1824 3602 1885 Alius,

2028 1936 2125 1989 lux
2159 1934 2443 2004 splendida
2483 1933 2616 1986 solis
2644 1927 2937 1992 continuit,
2969 1922 3227 1994 splendor
3253 1928 3433 1972 autem
3460 1916 3603 1968 lunae

2033 2027 2205 2091 stetit,
2251 2023 2556 2083 secundum
2607 2018 2954 2089 splendorem
3016 2013 3323 2084 jaeulorum
3383 2016 3601 2060 tuorum

330 2116 531 2183 jhuut,
594 2120 894 2174 secundum
957 2095 1298 2190 splendorem
1350 2095 1791 2193 ifulguris'gladii
1826 2121 1925 2175 tui.
1970 2119 2097 2174 Vul.
2153 2117 2248 2171 Sol
2302 2126 2355 2170 et
2413 2116 2545 2169 luna
2602 2119 2868 2168 steterunt
2919 2111 2974 2161 in
3028 2104 3343 2159 habitacula
3391 2112 3511 2161 suo,
3546 2095 3602 2149 in

338 2212 472 2268 luce
501 2215 823 2284 sagittarum
856 2224 1096 2279 tuarum,
1148 2219 1307 2273 ibunt
1359 2218 1414 2273 in
1470 2218 1761 2287 splendore
1792 2214 2118 2286 fulgurantis
2155 2214 2322 2266 hasta:
2354 2222 2479 2264 tuae.

333 2312 651 2412 quem
688 2317 807 2393 Ἲκέ
837 2314 1151 2391 van-mm
1186 2318 1332 2373 εντα
1370 2309 1438 2364 12
1512 2313 1590 2373 0',
1624 2311 1682 2362 ὲν
1727 2309 1925 2378 ἀπειλῇ

334 2400 632 2469 ρλεγώσεις
666 2402 789 2469 γῆν,
829 2402 929 2458 καὶ
954 2402 1011 2465 ἐν
1041 2400 1197 2471 θυμῷ
1230 2401 1486 2467 κατάξεις
1512 2402 1661 2472 ἔθνη.
1687 2402 1923 2468 Ἄλλος,

344 2485 697 2635 μετὰεὲυμοῦ
727 2490 999 2561 ὲγερθήσῃ
1035 2493 1127 2545 ἐπὶ
1159 2493 1259 2564 τὴν
1286 2494 1414 2563 γῆν,
1437 2494 1553 2564 μετ’
1577 2494 1746 2565 ὀργῆς
1767 2494 1929 2566 ἀλοή-

337 2595 465 2645 βεις
557 2599 643 2645 νη.

354 2597 465 2652 rea;
495 2597 643 2653 ευνη.

344 2851 672 2925 Tum
707 2825 852 2907 νωνὸ
889 2852 1018 2924 τεν
1052 2829 1196 2909 m5
1228 2853 1370 2905 nam
1412 2846 1478 2900 ιδ
1562 2845 1748 2914 Ἀ.,Ε’,
1778 2846 1928 2919 ἐξῆλ-

345 2933 445 2997 θες
472 2936 551 3007 είς
579 2935 853 3006 σωτηρίαν
883 2933 1012 3022 λαοῦ
1039 2951 1152 2997 σου,
1181 2938 1261 2998 είς
1295 2937 1567 3006 σωτηρίαν
1589 2937 1684 2990 σὺν
1706 2939 1927 3011 Χριστῷ

345 3040 466 3078 σου.
502 3026 559 3078 Σ.
590 3064 606 3078 .
647 3063 663 3078 .
692 3064 706 3078 .
749 3065 763 3080 .
801 3064 816 3079 .
852 3064 867 3079 .
900 3065 916 3080 .
952 3067 965 3080 .
1002 3064 1017 3079 .
1043 3027 1120 3091 0',
1148 3024 1370 3097 ἐξῆλθες
1389 3029 1469 3090 εἰς
1499 3028 1771 3099 σωτηρίαν
1796 3028 1925 3083 λαοῦ

346 3131 446 3168 σου
476 3113 569 3167 τοῦ
595 3114 764 3168 σῶσαι
796 3116 888 3168 τὸν
914 3116 1148 3186 Χριστόν
1181 3133 1294 3169 σου.
1324 3118 1386 3172 Θ.
1434 3155 1447 3170 .
1489 3156 1504 3170 .
1544 3159 1557 3173 .
1596 3158 1609 3171 .
1646 3122 1736 3186 (ζ’,
1774 3119 1927 3190 ἐξῆλ-

347 3205 443 3269 θες
473 3206 566 3258 τοῦ
603 3205 773 3259 σῶσαι
797 3207 890 3260 τὸν
917 3206 1044 3260 λαόν
1079 3224 1172 3260 σου
1202 3207 1290 3261 διὰ
1335 3209 1538 3278 Ἰησοῦν
1563 3209 1655 3260 τὸν
1692 3211 1927 3279 Χριστόν

338 3312 447 3361 ’σου
498 3300 569 3369 (Ι.
604 3298 691 3353 διὰ
726 3297 900 3370 Ἰησοῦ
947 3301 1041 3353 τοῦ
1093 3301 1329 3371 Χριστοῦ
1364 3302 1502 3372 σου).
1536 3303 1769 3366 Ἄλλος,
1803 3305 1927 3355 ἁνε-

348 3388 528 3459 φάνης
584 3390 679 3442 ἐπὶ
729 3392 974 3463 σωτηρίᾳ
1025 3390 1118 3445 τοῦ
1170 3391 1299 3445 λαοῦ
1335 3408 1450 3456 σου,
1483 3392 1749 3461 ῥύσασθαι
1803 3395 1928 3458 τοὺς

348 3480 644 3555 ξκλεκτούς
683 3500 796 3535 σου.

349 3558 460 3633 n-FD
493 3582 744 3636 anu-1n
779 3581 895 3634 'no'I
948 3584 1089 3637 nm
1131 3584 1261 3638 tum
1304 3583 1460 3635 trra:
1507 3585 1639 3636 rem
1688 3586 1860 3636 mm:

351 3667 431 3729 0',
462 3663 644 3732 βαλεῖς
673 3665 752 3726 εἰς
796 3664 1041 3733 κεφαλὰς
1072 3666 1293 3734 ἀνόμων
1332 3664 1558 3720 θάνατον
1583 3709 1596 3732 ,
1641 3666 1930 3737 ὲξήγειρας

350 3757 585 3829 δεσμοὺς
611 3757 717 3820 ἕως
740 3759 1032 3827 τραχήλου,
1065 3757 1364 3828 διάψαλμα.
1405 3758 1469 3811 Θ.
1509 3797 1522 3812 .
1559 3801 1571 3813 .
1607 3797 1619 3811 .
1661 3799 1675 3813 .
1718 3797 1732 3812 .
1762 3799 1776 3812 .
1810 3799 1823 3813 .
1861 3798 1876 3812 .
1911 3800 1926 3814 .

352 3849 433 3905 E'.
466 3887 480 3901 .
510 3889 524 3902 .
561 3888 575 3902 .
611 3888 625 3903 .
658 3888 671 3902 .
711 3889 724 3902 .
766 3851 998 3915 Ἄλλος,
1031 3851 1421 3917 κατετόξευσας
1452 3850 1692 3920 κεφαλὰς
1722 3849 1930 3919 ἀνθρὼ-

356 3958 474 3994 πων
501 3941 884 4011 ὑπερηφάνων,
908 3941 1012 4005 ἕως
1040 3942 1277 3997 ἀϐύσσου
1305 3944 1402 4015 τῆς
1454 3942 1726 4014 θαλάσσης
1761 3960 1929 3998 κατα-

356 4031 418 4085 δύ
427 4050 605 4086 σονται
615 4073 627 4085 .

2106 2305 2195 2360 1‘2.
2234 2302 2368 2358 Hei).
2403 2302 2456 2354 in
2490 2300 2568 2353 ira
2604 2298 2820 2352 incedes
2851 2305 3074 2352 terram,
3116 2294 3172 2340 et
3203 2285 3256 2337 in
3295 2281 3477 2334 furore
3502 2277 3603 2331 tri-

2034 2394 2245 2451 tm'ahis
2272 2402 2479 2462 gentes.
2512 2386 2677 2452 LXX,
2732 2386 2787 2439 in
2843 2379 3266 2439 comminatione
3310 2371 3600 2426 imminuee

2034 2497 2255 2549 terram,
2292 2493 2345 2538 et
2382 2484 2435 2536 iu
2472 2480 2656 2536 furore
2693 2479 2949 2532 detrahes
2988 2481 3194 2542 gentes.
3243 2466 3393 2519 Alius
3416 2502 3431 2527 ,
3475 2473 3602 2515 cum

2034 2577 2220 2632 furore
2252 2572 2578 2629 excitaberis
2603 2584 2767 2639 super
2802 2579 3024 2624 terram,
3058 2576 3182 2616 cum
3215 2559 3294 2613 ira
3318 2554 3602 2609 triturabis

2028 2676 2241 2739 gentes.
2267 2666 2387 2720 Vul.
2416 2665 2469 2718 in
2505 2662 2721 2717 fremitu
2756 2652 3102 2713 eoneulcabis
3155 2659 3394 2705 terram:
3434 2646 3488 2700 iu
3526 2643 3606 2697 fu,

2032 2774 2161 2815 rore
2184 2756 2588 2827 obstupefacies
2618 2761 2825 2822 gentes.

2105 2853 2195 2906 15.
2234 2849 2397 2906 Hebr.
2429 2848 2495 2903 A.
2522 2846 2587 2912 ν,
2616 2845 2738 2900 Vul.
2770 2842 3039 2912 Egressus
3067 2852 3125 2892 es
3159 2836 3212 2889 in
3246 2832 3476 2888 salutem
3509 2843 3605 2898 po-

2032 2944 2145 3013 puli
2178 2942 2323 2997 tuiiu
2355 2942 2582 2995 salutem
2601 2952 2724 2992 cum
2748 2934 2967 2990 Christo
2996 2941 3110 2985 tuo.
3136 2929 3195 2983 S.
3228 2923 3604 2992 LXX,Egres-

2032 3049 2130 3089 sus
2158 3048 2218 3088 es
2254 3033 2307 3085 in
2336 3030 2566 3086 salutem
2597 3024 2777 3097 populi
2807 3023 2904 3088 tui,
2940 3029 2999 3075 ut
3037 3019 3279 3074 salvares
3318 3012 3601 3097 Christum

2034 3134 2206 3181 tuum.
2236 3125 2340 3179 Th.
2373 3123 2639 3191 Egressus
2661 3134 2721 3174 es
2754 3116 2965 3171 salvare
2991 3111 3248 3182 p0pulnm
3278 3090 3454 3164 tuum.
3494 3102 3608 3157 sal-

2032 3234 2161 3275 vare
2187 3217 2465 3272 Christum
2490 3222 2661 3267 tuum.
2708 3208 2775 3262 Vl
2829 3207 2928 3261 Ed.
2958 3205 3220 3274 Egressus
3264 3215 3322 3254 es
3391 3197 3604 3251 salvare

2033 3309 2294 3380 pupulum
2339 3313 2489 3359 tuum
2530 3318 2624 3372 per
2651 3300 2837 3354 Jesum
2880 3296 3157 3350 Christum
3200 3300 3375 3345 tuum.
3426 3286 3601 3346 Alius,

2036 3378 2349 3469 App-eruisti
2381 3408 2546 3465 super
2580 3392 2757 3449 salute
2787 3388 2974 3460 populi
3023 3385 3122 3450 tui,
3161 3384 3227 3438 ad
3259 3378 3600 3435 liberandum

2035 3494 2238 3547 electos
2277 3498 2419 3543 tuos.

2098 3583 2233 3637 Heb.
2268 3577 2587 3636 transfixisti
2623 3584 2786 3646 caput
2808 3575 2875 3629 de
2894 3571 3059 3626 domo
3088 3559 3606 3636 impii,denudan:lo

2025 3674 2439 3727 fundamentum
2475 3681 2650 3736 usque
2683 3666 2749 3719 ad
2800 3662 3027 3725 collum,
3071 3658 3201 3713 sela.
3241 3650 3608 3716 LXX,Mittes

2029 3767 2081 3821 in
2110 3765 2290 3833 capita
2348 3762 2663 3831 iniquorum
2728 3766 2988 3817 mortem,
3051 3743 3330 3804 suscitasti
3383 3738 3608 3796 vincula

2026 3829 2201 3925 usque
2229 3854 2295 3908 ad
2319 3829 2541 3908 collum.
2571 3847 2899 3918 Diapsalma.
2926 3841 3028 3895 Th.
3056 3881 3068 3894 .
3093 3879 3106 3894 .
3134 3878 3149 3893 .
3170 3878 3185 3893 .
3213 3876 3226 3889 .
3250 3832 3462 3925 ornasti
3482 3829 3613 3884 fun-

2035 3921 2347 4002 damentum
2378 3956 2550 4012 usque
2600 3939 2669 3993 ad
2719 3937 2941 3991 collum.
2990 3930 3027 3985 V
3082 3929 3180 3983 Ed.
3206 3969 3219 3982 .
3247 3966 3260 3980 .
3285 3965 3301 3980 .
3326 3964 3339 3978 .
3364 3964 3377 3977 .
3433 3921 3612 3975 denu-

2035 4038 2177 4094 dasti
2203 4079 2218 4105 ,
2240 4038 2342 4091 sire
2370 4031 2647 4089 evacuasti
2673 4026 3084 4083 fundamentum
3108 4033 3279 4090 usque
3295 4016 3360 4071 ad
3381 4015 3608 4077 collum,

361 4127 490 4180 sela.
527 4127 704 4189 Alius.
748 4126 974 4197 Sagittis
1016 4126 1307 4182 confudisti
1356 4127 1531 4197 capita
1567 4128 1847 4185 hominum
1907 4133 2293 4202 superborum,
2345 4141 2519 4196 usque
2553 4124 2620 4179 ad
2687 4125 2943 4193 abyssum
2982 4115 3153 4170 maris
3200 4112 3605 4177 demergentur.

362 4217 486 4274 Vul.
521 4219 845 4284 Percussi-ti
876 4232 1036 4290 caput
1062 4221 1128 4275 de
1179 4222 1341 4276 domo
1378 4221 1559 4289 impii;
1605 4223 1892 4281 denudasti

2036 4227 2349 4281 dameutum
2416 4222 2536 4290 ejus
2569 4234 2742 4289 usque
2768 4217 2835 4272 ad
2867 4214 3087 4270 collum.

361 4296 579 4383 ζει-πενίην
615 4296 838 4391 uris-:5
867 4321 1027 4375 πίνον
1059 4321 1183 4373 1m
1217 4320 1350 4371 tam
1386 4320 1570 4371 17122::
1613 4325 1758 4391 mp:
1799 4316 1866 4369 Μ

360 4413 570 4460 mn
603 4409 689 4463 ’ἓν
721 4385 1000 4462 ΒΞΝΒἻὩ)
1073 4407 1148 4468 (ν,
1180 4403 1432 4472 διέκοψας
1463 4405 1518 4456 ἐν
1562 4385 1814 4458 ἐκστάσει
1843 4424 1935 4459 κε-

366 4494 538 4564 φαλὰς
567 4493 864 4560 δυναστῶν,
896 4495 1271 4566 σειςθήσονται
1302 4497 1360 4547 ἐν
1403 4497 1562 4566 αὐτῇ,
1613 4496 1935 4562 διανοίξουσι

365 4587 614 4657 χαλινοὺς
652 4587 829 4661 αὐτῶν
859 4589 933 4651 ὡς
985 4588 1156 4642 ἔσθων
1201 4590 1414 4659 πτωχὸς
1463 4589 1656 4661 λάθρα.
1698 4591 1932 4657 Ἄλλος,

366 4677 680 4747 ἐξεδίκησας
714 4677 852 4746 μετὰ
899 4678 1181 4748 δυνάμεώς
1231 4697 1322 4733 σου
1363 4681 1486 4743 τοὺς
1516 4681 1788 4750 ἀρχηγοὺς
1826 4679 1934 4732 τῶν

368 4769 742 4840 ἁμαρτωλῶν
786 4772 908 4833 τοὺς
947 4773 1268 4833 πεποιθότας
1300 4774 1393 4829 ἐπὶ
1439 4774 1504 4843 τῇ
1544 4772 1802 4842 αὐθαδείᾳ
1837 4772 1935 4826 αὑ·

365 4859 492 4924 τῶν,
529 4860 713 4916 ἕνεκεν
741 4861 834 4914 τοῦ
870 4866 1202 4931 καταφαγεῖν
1237 4864 1360 4926 τοὺς
1391 4862 1638 4932 πτωχοὺς
1667 4862 1860 4933 λάθρα.

2114 4314 2297 4369 14.11.
2334 4310 2625 4368 Ρειτοόίτιί
2665 4309 2718 4363 in
2751 4306 2959 4362 baculis
3003 4301 3125 4371 ejus
3179 4304 3341 4367 caput
3365 4302 3612 4363 pagano-

2043 4421 2163 4462 rum
2184 4406 2305 4475 ejus
2330 4423 2342 4458 :
2378 4403 2740 4459 turbinabunt
2761 4399 2826 4457 ad
2849 4391 3265 4466 dispergendum
3283 4402 3397 4440 me:
3420 4380 3606 4438 exsul-

2042 4497 2173 4554 tatio
2198 4512 2385 4552 eorum
2419 4494 2576 4565 quasi
2607 4494 2672 4547 ad
2697 4487 3089 4546 comedendum
3119 4481 3374 4547 afflictum
3399 4478 3452 4529 in
3479 4474 3611 4527 abs-

2042 4590 2283 4646 condito.
2309 4586 2474 4652 LXX,
2529 4583 2808 4640 Discidisti
2855 4583 2909 4635 in
2945 4586 3166 4648 stupore
3219 4569 3391 4639 capita
3426 4573 3608 4635 poten-

2040 4680 2176 4734 tium
2201 4697 2215 4735 :
2239 4678 2729 4737 commovebuntur
2762 4674 2817 4726 in
2848 4687 2913 4726 eo
2946 4686 2961 4724 :
3010 4666 3257 4737 aperient
3304 4659 3470 4713 frzena
3508 4669 3607 4711 sua

2043 4772 2186 4828 sicut
2214 4772 2507 4827 comedens
2538 4782 2743 4840 pauper
2769 4765 2824 4819 in
2865 4759 3208 4817 abscondito.
3240 4753 3412 4816 Alius,
3448 4747 3610 4802 Ultus

2043 4879 2101 4919 es
2127 4879 2252 4920 cum
2280 4864 2480 4919 virtute
2521 4874 2610 4914 tua
2658 4860 2824 4913 duces
2858 4862 3226 4926 peccatorum,
3276 4842 3613 4900 confidentes

368 4951 420 5005 in
451 4954 767 5023 prrogantia
828 4968 927 5007 sua
968 4961 1025 5007 ut
1073 4954 1417 5007 comedereut
1467 4968 1729 5022 pauperes
1787 4954 1949 5007 clam.
1990 4952 2116 5010 Vul.
2178 4954 2505 5011 Maledixisti
2558 4953 2794 5021 sceptris
2851 4948 3012 5017 ejus,
3064 4942 3227 5012 capiti
3283 4937 3611 4992 bellatorum

367 5047 508 5116 ejus,
532 5050 877 5105 venientibus
917 5059 975 5104 ut
1019 5050 1177 5103 turbo
1245 5049 1310 5103 ad
1370 5048 1788 5118 dispergendum
1841 5063 1947 5119 me.
1986 5049 2296 5109 Exsultatio
2320 5066 2533 5116 eorum,
2573 5048 2717 5105 sicut
2743 5044 2863 5115 ejus
2904 5042 2996 5113 qui
3050 5040 3273 5094 devorat
3316 5041 3613 5103 pauperem

369 5142 424 5199 in
447 5143 792 5198 abscondito.

368 5249 577 5298 area:
614 5246 702 5302 ἐν
736 5222 1029 5298 ’νεώ-ἰω
1047 5221 1261 5300 :mv‘w
1298 5224 1517 5297 unum

373 5333 686 5407 σκορπίσαι,
734 5334 1083 5405 γαυριάματα
1128 5332 1306 5386 αὐτῶν
1335 5331 1427 5385 τοῦ
1468 5334 1660 5400 φαγεῖν
1704 5331 1941 5400 πένητας

372 5424 725 5494 ἀποκρύφως.
771 5425 830 5476 Σ.
882 5422 1205 5484 ἐπελθόντας
1252 5421 1543 5490 σκορπίσαι
1595 5418 1941 5491 γαυριῶντας

373 5508 515 5566 ὥστε
539 5515 876 5581 καταφαγεῖν
922 5513 1186 5584 κρυφίως.
1217 5509 1293 5576 0',
1323 5508 1643 5575 διανοίξουσι
1691 5507 1939 5580 χαλινοὺς

374 5604 553 5662 αὐτῶν
587 5606 663 5683 ὡς
693 5605 865 5679 ἔσθων
892 5605 1102 5677 πτωχὸς
1124 5603 1316 5676 λάθρα.

1602 5238 1680 5290 Ἀ.
1706 5235 1797 5291 τοῦ
1828 5236 1941 5289 δια-

2112 5233 2177 5289 Η.
2209 5234 2278 5288 ad
2312 5230 2734 5302 dispergendum
2763 5242 2851 5282 me
2878 5241 2891 5277 :
2928 5222 3222 5280 exsultatio
3243 5235 3431 5276 eorum
3456 5216 3611 5288 quasi

2039 5326 2106 5381 ad
2140 5325 2534 5379 comedendum
2590 5321 2846 5375 afﬂictum
2910 5318 2965 5372 in
3010 5314 3371 5371 abscondito.
3418 5311 3483 5364 A.
3542 5310 3611 5363 ad

2037 5414 2480 5486 dispergendum:
2505 5410 2900 5467 exsultatioues
2920 5424 3107 5462 eorum
3132 5406 3196 5459 ad
3214 5402 3608 5460 comedendum

2037 5521 2303 5577 pauperes
2334 5505 2495 5560 clam.
2527 5502 2586 5571 S.
2635 5503 2907 5558 irruentes
2947 5500 3013 5554 ad
3064 5497 3481 5568 dispergendum
3514 5508 3611 5549 eos

2037 5600 2131 5671 qui
2147 5596 2425 5655 exsultant
2449 5595 2780 5650 utdevorent
2808 5591 2970 5646 clam.
2989 5588 3152 5654 LXX,
3172 5589 3414 5659 aperient
3438 5585 3604 5641 frame

2004 5706 2140 5749 vsua
2174 5689 2316 5747 sicut
2343 5687 2635 5744 comedens
2668 5701 2870 5759 pauper
2909 5685 2964 5740 in
2996 5683 3333 5753 abscondito.
3418 5692 3423 5696 ‘
