4128 6316
364 365 505 431 3033

1487 362 1787 424 CONTRA
1824 354 2190 421 H/ERESES
2227 356 2374 416 LIB.
2408 355 2459 416 Ι.

3488 353 3628 419 3034

361 479 424 533 τὸ
463 475 628 546 ξηρὸν
665 476 761 529 καὶ
789 474 849 529 τὸ
897 474 1100 544 κοῦφον
1126 474 1205 536 είς
1259 473 1319 527 τδ
1350 474 1539 544 πρόσω
1592 473 1688 528 τοῦ
1728 472 1944 543 αίθέρος

2053 468 2287 524 calidum
2320 477 2374 523 et
2416 466 2620 522 clarum
2670 472 2728 520 ει·
2768 466 2978 521 aridum
3027 473 3079 520 et
3121 467 3236 524 leve
3271 468 3323 523 in
3371 454 3624 523 ulteriora

362 568 624 641 ὁρμῆσαι.
656 566 770 639 Τὴν
801 566 860 620 δὲ
913 566 1021 636 γῆν
1058 564 1147 636 τῷ
1193 565 1431 636 σχήματι
1475 555 1741 619 πλατεῖαν
1798 560 1943 618 εἶναι

364 659 460 714 καὶ
506 655 690 727 μένειν
743 656 1016 726 μετέωρον
1076 654 1163 709 διὰ
1200 654 1262 709 τὸ
1322 655 1557 726 μέγεθος
1605 657 1707 710 καὶ
1744 655 1833 711 διὰ
1884 655 1947 709 τὸ

367 747 536 821 μηδὲν
566 741 707 801 εἶναι
748 746 901 800 κενὸν
925 745 1019 798 καὶ
1038 743 1128 797 διὰ
1177 745 1238 798 τὸ
1280 746 1370 799 τὸν
1415 746 1552 817 ἀέρα
1585 747 1945 818 ίσχυρότατον

362 840 493 893 δντα
529 835 717 908 φέρειν
772 833 1142 905 ὲποιουμένην
1196 833 1296 905 τὴν
1342 836 1465 905 γῆν.
1502 834 1624 889 Τῶν
1648 834 1692 887 δ’
1723 835 1815 888 ἐπὶ
1839 836 1944 905 γῆς

366 929 548 1001 ὑγρῶν
587 928 687 999 τὴν
735 928 832 997 μὲν
898 926 1175 981 θάλασσαν
1204 926 1464 996 ὑπάρξαι,
1492 927 1560 980 τά
1602 943 1661 980 τε
1697 928 1756 979 ὲν
1799 927 1939 999 αὑτῇ

365 1020 536 1075 ὕδατα
588 1018 987 1086 ἐξατμισθέντα
1019 1019 1179 1073 ⁸⁸η...
1225 1018 1537 1072 ὑποστάντα
1562 1017 1736 1082 οὕτως
1775 1034 1938 1087 γεγο-

363 1108 511 1165 νέναι
549 1111 643 1161 καὶ
667 1108 776 1162 ἀπὸ
796 1106 907 1160 τῶν
950 1106 1447 1179 καταρῤευσάντων
1494 1107 1774 1176 ποταμῶν.
1803 1107 1944 1170 Τοὺς

363 1201 419 1256 δὲ
456 1200 738 1271 ποταμοὺς
784 1199 879 1253 καὶ
919 1200 1030 1252 ἀπὸ
1075 1198 1184 1252 τῶν
1245 1198 1468 1269 ὑμϐρων
1511 1197 1814 1268 λαμϐάνειν
1842 1198 1943 1271 τὴν

365 1293 665 1349 ὑπόστασιν
713 1292 808 1346 καὶ
860 1294 919 1359 ἐξ
955 1292 1163 1346 ὑδάτων
1190 1291 1235 1323 ³⁷
1279 1290 1389 1345 τῶν
1422 1293 1481 1344 ὲν
1531 1293 1598 1362 τῇ
1649 1292 1741 1364 γῇ.
1783 1286 1940 1346 Εἶναι

366 1382 474 1454 γάρ
501 1383 675 1452 αὐτὴν
696 1381 777 1454 [ρ.
817 1381 905 1444 14,
937 1381 999 1437 l5
1027 1379 1047 1454 ]
1077 1381 1264 1453 κοίλην
1289 1381 1383 1435 καὶ
1417 1381 1561 1452 ἔχειν
1585 1381 1726 1456 ὕδωρ
1757 1384 1817 1436 ὲν
1830 1385 1944 1448 τοῖς

365 1472 719 1545 κοιλώμασιν.
753 1474 856 1528 Τὸν
892 1473 951 1527 δὲ
980 1473 1170 1528 Νεῖλον
1199 1473 1458 1539 αὔξεσθαι
1506 1477 1648 1529 κατὰ
1684 1475 1747 1528 τὸ
1785 1474 1945 1546 Θέρος

364 1562 830 1634 καταφερομένων
857 1564 937 1627 είς
983 1562 1146 1616 αὑτὸν
1184 1562 1394 1617 ὑδάτων
1441 1563 1550 1617 ἀπὸ
1572 1562 1682 1617 τῶν
1732 1566 1792 1618 ὲν
1824 1566 1938 1628 τοῖς

364 1655 637 1719 ἀντοίκοις
652 1654 698 1687 ³⁸
763 1657 979 1726 χιόνων.
1033 1655 1222 1710 ’Ἥλιον
1273 1655 1332 1709 δὲ
1379 1655 1474 1710 καὶ
1543 1655 1773 1727 σελήνην
1844 1655 1943 1710 καὶι

364 1746 545 1813 πάντα
601 1747 672 1800 τὰ
730 1746 908 1816 ἄστρα
974 1745 1158 1810 λίθους
1209 1743 1350 1800 εἶναι
1419 1745 1700 1817 έμπύρους
1729 1763 1940 1818 συμπε-

2046 561 2275 617 aetheris
2330 559 2446 615 nisa
2492 572 2633 616 esse.
2686 557 2912 612 Terram
2959 565 3139 612 autem
3193 559 3363 630 ﬁgura
3411 559 3624 628 planam

2043 668 2171 711 esse
2215 662 2270 708 et
2318 667 2551 709 manere
2581 651 2866 723 pendulam
2918 661 3142 722 pr0pter
3179 652 3622 722 magnitudinem,

2045 753 2102 801 et
2129 753 2425 813 propterea
2464 744 2609 812 quod
2644 741 2846 797 nullum
2875 742 3019 798 adsit
3051 743 3213 798 inane
3255 750 3310 796 et
3350 742 3478 811 quia
3509 757 3624 810 aer,

2046 836 2137 907 qui
2166 836 2234 891 sit
2261 836 2691 902 robustissimus,
2714 835 2855 891 ferat
2882 836 3155 890 invectam
3182 846 3405 889 terram.
3437 834 3627 888 Humi-

2045 929 2234 983 dorum
2285 937 2464 980 autem
2529 928 2583 983 lu
2646 938 2786 982 terra
2834 930 3066 997 primum
3128 942 3280 981 mare
3347 925 3628 983 exstitisse

2045 1033 2318 1089 aquasque
2346 1019 2396 1072 in
2425 1035 2491 1074 eo
2521 1019 2953 1076 exsiccatas.....
2991 1020 3305 1074 substitisse
3338 1030 3392 1074 et
3420 1020 3498 1075 sic
3528 1035 3627 1075 tta-

2046 1119 2158 1165 tum
2190 1123 2314 1164 esse
2338 1108 2487 1163 etab
2518 1108 2773 1161 amnibus
2807 1108 2899 1177 qui
2937 1107 2992 1161 in
3040 1108 3091 1162 id
3117 1105 3458 1161 deduxerint.
3494 1107 3626 1159 Am-

2045 1217 2141 1258 nes
2177 1211 2356 1256 autem
2400 1211 2453 1256 et
2492 1203 2560 1254 ab
2613 1200 2876 1255 imbribus
2910 1200 3164 1270 accipere
3212 1198 3623 1254 subsistentiam

2044 1294 2303 1366 32—23
2334 1301 2389 1348 et
2422 1308 2486 1348 ex
2524 1293 2680 1362 aquis
2720 1293 2772 1345 in
2811 1301 2996 1359 terra;
3040 1306 3161 1345 esse
3198 1292 3339 1344 enim
3379 1305 3497 1345 eam
3528 1305 3622 1343 ca-

2043 1402 2165 1442 vam
2197 1396 2249 1442 et
2281 1387 2563 1442 continere
2591 1399 2786 1453 aquam
2822 1384 2875 1437 in
2906 1380 3175 1437 cavernis.
3218 1381 3395 1437 Nilum
3437 1391 3617 1437 autem

2043 1492 2337 1549 augescere
2391 1492 2488 1545 per
2535 1485 2806 1541 aestatem,
2860 1490 2982 1529 cum
3034 1473 3349 1528 deferantur
3396 1474 3449 1526 in
3498 1488 3623 1526 eum

2043 1582 2260 1639 aquaa'a
2290 1568 2503 1623 nivibus
2536 1569 2677 1636 apud
2706 1576 2986 1623 anteocos.
3027 1564 3207 1620 Solem
3249 1574 3515 1619 autem-et
3545 1565 3626 1618 lu-

2044 1674 2170 1716 nam
2198 1672 2497 1728 omnesque
2523 1658 2709 1714 stellas
2741 1657 2946 1727 lapides
2987 1673 3107 1712 esse
3147 1659 3346 1728 ignitos
3386 1658 3623 1713 circnm-

2045 1753 2260 1807 volntos
2284 1767 2389 1806 una
2419 1752 2487 1807 ab
2507 1751 2728 1806 aetheris
2757 1753 3044 1805 rotatione.
3076 1749 3208 1804 Esse
3234 1761 3412 1804 autem
3437 1750 3625 1804 subter

373 1837 737 1911 ριληφθέντας
790 1837 897 1892 ὑπὸ
946 1837 1046 1908 τῆς
1077 1837 1122 1870 ³⁸
1161 1836 1380 1908 αἰθέρος
1420 1838 1744 1908 περιφορᾶς.
1788 1831 1938 1889 Εἶναι

2045 1845 2230 1900 stellas
2263 1844 2430 1900 solem
2462 1853 2516 1897 et
2544 1843 2725 1897 lunam
2753 1852 2809 1896 et
2847 1857 3076 1911 corpora
3105 1842 3349 1910 quaedam
3379 1857 3481 1894 una
3512 1842 3623 1895 cir-

368 1929 412 1984 δ⁹
464 1930 726 1984 ὑποκάτω
786 1930 893 1983 τῶν
954 1929 1172 2000 ἄστρων
1224 1930 1376 2002 ἥλιον
1428 1929 1525 1983 καὶ
1581 1929 1815 2000 σελήνην
1871 1929 1940 1994 ⁸ο,

370 2022 462 2075 καὶ
493 2022 722 2092 σώματά
740 2019 785 2053 ⁸³
829 2038 949 2075 τινα
999 2021 1523 2092 συμπεριφερόμενα
1560 2023 1693 2092 ἡμῖν
1731 2020 1949 2093 ἀόρατοι

367 2113 465 2184 τῆς
492 2113 549 2167 δὲ
578 2112 914 2186 θερμότητος
947 2113 1022 2183 μὴ
1072 2113 1430 2168 αἰσθάνεσθαι
1470 2113 1582 2167 τῶν
1613 2113 1827 2186 ἄστρων
1857 2113 1947 2167 διά

368 2204 428 2258 τὸ
450 2204 667 2274 μακρὰν
697 2200 835 2259 εἶναι
873 2202 995 2277 [καὶ
1018 2205 1128 2279 διὰ]
1150 2205 1195 2238 ⁸³
1228 2206 1326 2277 τὴν
1348 2205 1656 2261 ἀπόστασιν
1689 2207 1789 2276 τῆς
1816 2207 1941 2277 γῆς’

368 2292 448 2346 ιτι
477 2292 534 2347 δὲ
566 2293 667 2363 οὐχ
688 2294 888 2365 ὁμοίως
908 2294 1087 2367 θερμά
1110 2295 1190 2367 τῷ
1220 2296 1361 2367 ήλίῳ
1382 2296 1469 2351 διά
1502 2297 1564 2350 τὺ
1585 2295 1770 2369 χώραν
1800 2296 1946 2368 ἔχειν

368 2386 731 2460 ψυχροτέραν.
786 2383 943 2442 Εἶναι
996 2389 1056 2443 δὲ
1098 2389 1198 2460 τήν
1247 2388 1479 2460 σελήνην
1509 2388 1806 2460 κατωτέρω
1851 2386 1945 2442 τοῦ

367 2480 517 2548 ήλίου
549 2477 923 2549 πλησιὼτερον
981 2478 1159 2549 ήμῶν.
1204 2478 1527 2549 ’Υπερέχειν
1570 2479 1629 2532 δὲ
1677 2478 1767 2532 τὸν
1794 2478 1946 2548 ἥλιον

370 2571 586 2641 μεγέθει
621 2570 720 2642 τὴν
763 2570 1192 2640 Πελοπόννησον.
1222 2571 1296 2624 Τὸ
1322 2570 1380 2623 δὲ
1431 2570 1549 2639 φῶς
1580 2570 1679 2640 τὴν
1713 2569 1947 2641 σελήνην

370 2662 457 2735 μὴ
505 2664 636 2718 tam
684 2662 852 2733 ἔχειν.
913 2662 1030 2717 ἀλλ’
1057 2664 1164 2717 ἀπὸ
1215 2661 1312 2717 τοῦ
1364 2662 1542 2734 ήλίου.
1594 2662 1704 2734 Τὴν
1743 2662 1801 2716 δὲ
1835 2663 1945 2716 τῶν

364 2754 583 2825 ἄστρων
626 2754 928 2826 περιφορὰν
980 2752 1085 2807 ὑπὸ
1112 2752 1218 2823 γῆν
1242 2753 1513 2823 γίνεσθαι,
1548 2753 1856 2807 Ἐκλείπειν
1889 2752 1946 2806 δέ

363 2844 466 2917 τήν
491 2845 720 2918 σελήνην
741 2845 844 2915 γῆς
879 2844 1370 2917 ἀντιφραττούσης,
1422 2844 1594 2899 ἐνίοτε
1624 2844 1682 2898 δὲ
1706 2844 1800 2898 καὶ
1838 2843 1947 2898 τῶν

365 2936 625 2992 ὑποκάτω
644 2939 744 3008 τῆς
794 2936 1045 3009 σελήνης,
1068 2936 1160 2990 τὸν
1186 2936 1243 2990 δὲ
1294 2937 1447 3008 ἥλιον
1475 2939 1595 3001 ταῖς
1625 2936 1946 3007 νουμηνίαις

364 3024 599 3097 σελήνης
638 3026 1126 3095 ἀντιφραττούσης.
1167 3024 1386 3095 Τροπὰς
1431 3024 1488 3078 δὲ
1535 3025 1804 3079 ποιεῖσθαι
1853 3024 1949 3077 καὶ

361 3113 515 3184 ἥλιον
568 3114 665 3168 καὶ
721 3114 952 3185 σελήνην
1004 3112 1559 3184 ἀπωθουμένουςνὺπδ
1607 3113 1702 3166 τοῦ
1752 3112 1942 3183 ἀέρος.

362 3173 603 3279 έελήνην
624 3204 681 3258 δὲ
715 3173 975 3268 πολλάκις
1007 3173 1308 3275 τρέπεσθαι
1345 3173 1434 3256 διά
1465 3203 1525 3256 τὸ
1570 3204 1648 3274 μὴ
1675 3173 1942 3256 δύνασθαι
1972 3173 2014 3231 c

362 3299 588 3371 κρατεῖν
612 3296 706 3350 τοῦ
738 3295 968 3366 ψυχροῦ.
1001 3290 1169 3358 Οὗτος
1194 3293 1440 3366 ἀφώρισε
1472 3295 1688 3366 πρῶτος
1714 3293 1784 3348 τὰ
1813 3297 1943 3365 περὶ

361 3390 463 3452 τὰς
505 3388 776 3458 ἐκλείψεις
811 3388 908 3442 καὶ
943 3385 1278 3457 φωτισμούς.
1310 3386 1457 3455 Ἔφη
1488 3386 1544 3438 δὲ
1567 3386 1766 3455 γηῖνην
1798 3380 1940 3439 εἶναι

360 3480 463 3550 τὴν
496 3481 724 3552 σελήνην
758 3478 903 3549 ἔχειν
934 3493 992 3531 τε
1040 3479 1099 3530 έν
1130 3477 1269 3548 αὑτῇ
1313 3476 1473 3529 πεδία
1501 3476 1598 3529 καὶ
1623 3476 1937 3547 φάραγγας.

361 3571 469 3625 Τὸν
507 3571 565 3624 δὲ
592 3573 638 3605 ⁸³
670 3570 933 3639 γαλαξίαν
969 3568 1267 3624 ἀνάκλασιν
1312 3563 1454 3621 εἶναι
1492 3566 1589 3621 τοῦ
1628 3567 1807 3636 φωτὸς
1833 3567 1947 3619 τῶν

361 3663 580 3733 ἄστρων
608 3661 716 3714 τῶν
740 3661 830 3732 μή;
847 3658 1416 3731 καταλαμϐανομένων
1447 3658 1494 3690 ⁸⁵
1516 3658 1621 3713 ὑπὸ
1648 3657 1742 3711 τοῦ
1765 3657 1941 3729 ἡλίου.

362 3754 502 3816 Τοὺς
550 3752 606 3806 δὲ
678 3751 1103 3823 μεταϐαίνοντας
1156 3750 1395 3822 ἀστέρας
1457 3750 1589 3804 ὡσεὶ
1640 3751 1943 3823 σπινθῆρας

361 3846 774 3917 ἀφαλλομένους
806 3844 1052 3915 γίνεσθαι
1081 3845 1147 3898 ὲκ
1184 3843 1283 3914 τῆς
1317 3844 1588 3915 κινήσεως
1614 3842 1710 3896 τοῦ
1743 3842 1932 3898 πόλου.

376 3939 637 4009 ’Δνέμους
666 3938 724 3992 δὲ
766 3936 1011 4007 γίνεσθαι
1068 3936 1472 4006 λεπτυνομένου
1507 3934 1602 3989 τοῦ
1644 3934 1802 4008 ἀέρος
1836 3935 1942 3989 ὑπὸ

360 4029 457 4084 τοῦ
507 4030 661 4101 ήλίου
712 4029 805 4083 καὶ
861 4028 968 4083 τῶν
1020 4027 1394 4097 ἔκκαιομένων
1454 4027 1591 4096 πρὸς
1637 4026 1730 4082 τὸν
1779 4026 1942 4081 πόλον

363 4119 792 4193 ὑποχωρούντων
831 4120 925 4174 καὶ
954 4118 1404 4189 ἀποφερομένων.
1440 4117 1678 4189 Βροντάς
1700 4117 1756 4172 δὲ
1781 4117 1826 4150 ⁸⁵
1848 4119 1942 4172 καὶ

363 4209 655 4282 ἀστραπὰς
688 4209 794 4264 ἀπὸ
827 4208 1032 4281 θερμοῦ
1091 4208 1337 4278 γίνεσθαι
1368 4208 1734 4280 ἐμπίπτοντος
1763 4210 1844 4272 είς
1873 4208 1943 4263 τὰ

364 4301 526 4372 νέφη.
556 4303 824 4373 Σεισμοὺς
881 4300 938 4355 δὲ
974 4299 1221 4370 γίνεσθαι
1269 4298 1364 4353 τοῦ
1418 4297 1624 4354 ἄνωθεν
1653 4298 1815 4371 ἀέρος
1863 4301 1941 4364 είς

361 4393 452 4447 τδν
478 4393 585 4447 ὑπὸ
612 4394 715 4464 γῆν
742 4393 1104 4465 ἐμπίπτοντος
1126 4391 1192 4425 ⁸⁸·
1241 4391 1434 4444 τούτου
1463 4390 1571 4461 γὰρ
1621 4391 1940 4462 κινουμένου

2045 1944 2344 1991 cumrotata
2368 1936 2521 1988 nobis
2543 1950 2646 1988 non
2679 1946 2968 2003 conspecta
2993 1950 3009 2001 ;
3041 1933 3276 1988 calorem
3309 1943 3486 1987 autem
3516 1946 3623 1986 non

2046 2027 2238 2084 sentiri
2269 2027 2570 2093 stellarum,
2604 2028 2860 2096 quoniam
2893 2028 3106 2097 longius
3143 2027 3343 2082 distent
3370 2041 3418 2079 ea
3445 2034 3619 2091 terra;

2045 2126 2310 2190 praeterea
2339 2133 2472 2172 vero
2498 2133 2604 2171 non
2639 2132 2824 2184 parem
2851 2117 2948 2171 soli
2979 2117 3214 2171 calorem
3245 2115 3469 2181 habere,
3495 2115 3623 2183 quia

2047 2209 2222 2264 locum
2247 2209 2531 2264 obtineant
2559 2208 2919 2280 frigididrem.
2950 2209 3079 2264 Esse
3108 2219 3288 2263 autem
3330 2208 3511 2261 lunam
3537 2207 3622 2261 in.

2045 2298 2299 2355 feriorem
2353 2301 2467 2354 sole
2523 2302 2828 2371 propiorem
2888 2299 3061 2355 nobis.
3119 2297 3390 2368 Superare
3440 2308 3621 2352 autem

2048 2391 2419 2460 magnitudine
2463 2391 2632 2447 solem
2684 2390 3139 2460 Peloponnesum.
3179 2391 3384 2444 Lumen
3440 2399 3635 2443 autem

2048 2498 2152 2539 non
2205 2484 2405 2540 habere
2452 2500 2607 2538 suum
2651 2485 2857 2552 lunam,
2901 2487 2995 2541 sed
3044 2500 3073 2539 a
3135 2485 3271 2541 sole.
3330 2484 3623 2538 Stellarum

2048 2586 2230 2630 autem
2264 2578 2675 2631 conversionem
2711 2578 2810 2632 sub
2837 2590 3040 2632 terram
3079 2577 3216 2632 ﬁeri.
3255 2575 3497 2631 Deﬁcere
3524 2590 3626 2628 au-

2051 2676 2156 2723 tem
2187 2669 2369 2722 lunam
2405 2678 2547 2734 terra
2587 2666 2881 2732 omciente,
2920 2668 3191 2722 interdum
3244 2677 3425 2720 autem
3458 2665 3624 2718 etiam

2049 2762 2115 2816 iis
2146 2775 2266 2830 qua:
2293 2770 2419 2814 sunt
2450 2761 2589 2814 infra
2625 2760 2805 2814 lunam
2826 2798 2842 2825 ,
2894 2760 3060 2815 solem
3098 2770 3276 2814 autem
3332 2756 3630 2813 noviluniis

2049 2845 2172 2901 luna
2208 2846 2500 2905 oﬂlciente.
2528 2848 2835 2902 Clinamina
2866 2857 3048 2904 autem
3077 2846 3259 2902 facere
3293 2855 3347 2901 et
3376 2845 3542 2899 solem
3569 2854 3627 2900 et

2050 2937 2257 3004 lunam,
2289 2939 2504 3008 repulsa
2545 2939 2616 2994 ab
2646 2954 2808 3008 aere;
2855 2940 3039 2996 lunam
3072 2950 3250 2992 autem
3276 2953 3419 3004 saepe
3446 2936 3626 2990 decli-

2050 3045 2181 3085 nare
2234 3041 2517 3101 propterea
2567 3030 2710 3101 quod
2772 3040 3003 3101 nequeat
3056 3043 3315 3099 superare
3346 3028 3620 3097 frigidum.

2053 3119 2153 3173 llic
2184 3119 2431 3173 deﬁnivit
2466 3118 2674 3186 primus
2705 3119 3002 3172 doctrinam
3035 3114 3405 3171 defectionum
3423 3124 3477 3168 et
3504 3113 3625 3167 illu-

2048 3209 2425 3263 minatiouum.
2498 3208 2641 3262 Dixit
2691 3218 2869 3263 autem
2930 3218 3199 3262 terrenam
3262 3220 3383 3260 esse
3438 3205 3620 3260 lunam

2047 3301 2355 3368 babereque
2385 3301 2437 3354 in
2474 3315 2535 3356 se
2567 3314 2788 3370 campos
2821 3308 2874 3354 et
2905 3299 3099 3354 saltus.
3130 3299 3403 3355 Circulum
3438 3310 3619 3353 autem

2042 3390 2274 3446 lacteum
2316 3392 2781 3460 repercussiouem
2826 3404 2949 3446 esse
2994 3390 3132 3445 lucis
3195 3390 3471 3446 stellarum
3517 3404 3620 3443 non

2042 3490 2415 3552 superatarum
2444 3496 2473 3534 a
2505 3482 2616 3535 sole
2638 3498 2667 3547 ς.
2687 3481 3057 3536 discurrentes
3085 3489 3263 3534 autem
3290 3481 3474 3534 stellas
3497 3488 3624 3534 tan-

2043 3587 2204 3642 quam
2235 3573 2500 3629 scintillas
2535 3572 2859 3627 resultantes
2886 3572 3017 3627 oriri
3042 3586 3109 3627 ex
3135 3583 3281 3626 motu
3315 3572 3442 3642 poli.
3471 3570 3621 3626 Ven-

2045 3678 2127 3721 tos
2149 3672 2329 3717 autem
2362 3662 2535 3728 nasci,
2555 3677 2679 3717 cum
2698 3670 3025 3718 extenuetur
3048 3677 3144 3717 aer
3166 3678 3195 3716 a
3222 3662 3336 3716 sole
3359 3671 3414 3716 et
3441 3673 3623 3730 partes

2043 3764 2248 3811 exustae
2281 3755 2348 3808 ad
2382 3756 2564 3822 polum
2609 3755 2841 3810 subeant
2887 3764 2941 3809 et
2973 3754 3308 3810 deferantur.
3356 3752 3621 3809 Touitrua

2042 3858 2223 3900 autem
2244 3854 2295 3900 et
2321 3844 2532 3916 fulgura
2559 3860 2589 3899 a
2612 3844 2788 3898 calido
2811 3844 2927 3899 ﬁeri
2952 3845 3093 3912 quod
3119 3844 3322 3898 incidat
3347 3844 3400 3897 in
3425 3845 3616 3899 nubes.

2043 3937 2221 3992 Motus
2248 3947 2430 3993 autem
2467 3944 2625 3990 terra:
2669 3934 2784 3989 ﬁeri
2832 3950 2953 3988 cum
3004 3934 3251 4001 superior
3279 3948 3373 3986 aer
3418 3932 3620 3989 incidat

2045 4029 2097 4083 in
2127 4028 2583 4091 subterraneum;
2622 4025 2724 4078 ltoc
2756 4026 2902 4078 enim
2951 4034 3097 4078 moto
3125 4025 3291 4078 etiam
3327 4037 3536 4079 vectam
3567 4024 3620 4078 in

2044 4134 2110 4174 eo
2143 4128 2345 4172 terram
2383 4119 2452 4174 ab
2478 4132 2543 4173 eo
2573 4121 2811 4173 concuti.
2848 4116 3121 4172 Animalia
3152 4126 3331 4171 autem
3378 4116 3534 4171 initio
3567 4117 3621 4171 in

2046 4211 2273 4267 humido
2301 4220 2425 4265 nata
2450 4224 2590 4273 esse,
2620 4220 2740 4278 post
2769 4209 2858 4263 illa
2886 4219 3065 4264 autem
3095 4226 3161 4265 ex
3196 4224 3256 4265 se
3284 4210 3540 4274 invicem,
3566 4221 3625 4266 et

2047 4300 2345 4356 masculina
2376 4301 2595 4371 quidem
2626 4301 2742 4357 licri
2783 4315 2902 4356 cum
2934 4316 2963 4355 a
3006 4302 3223 4356 dextris.
3253 4303 3498 4372 partibus
3532 4316 3623 4358 se»

2047 4405 2256 4448 cretum
2308 4408 2492 4449 setnen
2539 4394 2749 4450 dextris
2796 4395 3049 4463 partibus
3082 4394 3221 4448 uteri
3261 4393 3619 4461 adltmrescat,

363 4484 457 4538 καὶ
483 4483 581 4556 τὴν
625 4484 927 4555 ὀχουμένην
954 4483 1058 4553 γῆν
1091 4480 1184 4537 ὑπ’
1210 4480 1376 4537 αὑτοῦ
1426 4479 1772 4535 σαλεύεσθαι.
1813 4480 1938 4534 Ζῶα

2047 4483 2306 4539 feminina
2340 4494 2521 4540 autem
2571 4500 2667 4554 per
2708 4486 3066 4541 contrarium.
3121 4483 3222 4540 Hic
3264 4482 3446 4539 ﬂoruit
3477 4499 3620 4539 anno

360 4575 418 4629 δὲ
446 4576 546 4647 τὴν
575 4576 675 4644 μὲν
698 4575 871 4647 ἀρχὴν
901 4577 958 4629 έν
1013 4573 1167 4647 ὑγρῷ
1204 4572 1460 4643 γενέσθαι
1485 4571 1553 4639 ⁸⁷,
1598 4573 1739 4643 μετά
1764 4573 1938 4628 ταῦτα

2050 4577 2227 4648 primo
2253 4576 2598 4647 octogesima;
2630 4585 2835 4633 octava:
2863 4575 3220 4644 Olympiadis,
3245 4590 3354 4647 quo
3381 4585 3623 4642 temporc

361 4666 418 4720 δὲ
441 4667 500 4732 ἐξ
529 4667 798 4740 ἀλλήλων,
835 4669 930 4722 καὶ
952 4667 1187 4740 ἄρρενας
1243 4667 1344 4738 μὲν
1379 4666 1649 4734 γίνεσθαι,
1677 4667 1804 4720 ὅταν
1831 4667 1940 4723 ἀπὸ

362 4757 470 4812 τῶν
497 4758 685 4824 δεξιῶν
713 4760 897 4832 μερῶν
936 4758 1234 4831 ἀποκριθὲν
1255 4757 1317 4811 τὺ
1355 4759 1576 4829 σπέρμα
1609 4760 1722 4823 τοῖς
1743 4758 1938 4827 δεξιοῖς

2047 4679 2102 4730 et
2131 4666 2411 4723 Platonem
2444 4668 2635 4724 dicunt
2677 4677 2864 4724 natum
2907 4683 3060 4724 esse.
3098 4666 3254 4724 Hunc
3285 4668 3436 4723 aiunt
3458 4668 3622 4722 etiam

2047 4776 2227 4816 rerum
2258 4761 2562 4816 futurarum
2598 4777 2896 4834 praesagum
2927 4761 3133 4819 fuisse.

368 4808 691 4920 pépeat‘tﬁc
713 4808 941 4921 ιμήτραις
974 4808 1231 4920 κολληθῇ,
1271 4847 1337 4902 τὰ
1365 4848 1423 4901 δὲ
1449 4808 1616 4920 θήλεα
1669 4808 1833 4904 κίειτάν
1874 4808 2206 4907 τόὺναντίον.
2243 4847 2410 4917 Οὗτος
2449 4808 2735 4925 ήκμαισενῗ
2749 4808 3158 4927 ἔτους
3222 4855 3323 4925 τῆς
3358 4808 3641 4923 6750:;on

369 4941 495 5011 στῆς
553 4941 748 5010 ὀγδόης
813 4940 1196 5011 Ὀλυμπιάδος,
1234 4940 1356 4994 καθ’
1385 4940 1445 4995 δν
1478 4941 1668 5013 καιρὸν
1708 4943 1803 4998 καὶ
1870 4944 2131 5000 Πλάτωνα
2197 4944 2416 5016 λέγουσι
2462 4945 2814 5017 γεγενῆσθαι.
2855 4946 3055 5002 Τοῦτον
3116 4948 3338 5018 λέγουσι
3373 4949 3467 5003 καὶ
3488 4964 3621 5019 προ·

368 5033 669 5101 γνωττικὸν
707 5034 1013 5103 γεγονέναι.

431 5156 483 5212 9.
518 5153 601 5228 Ῑῃ.
638 5156 724 5211 15.
759 5155 848 5229 16]
893 5156 1184 5230 Ἀρχέλαος
1221 5160 1281 5214 τὺ
1307 5161 1406 5232 μὲν
1427 5161 1583 5231 γένος
1623 5161 1926 5231 Ἀθηναῖος,

2107 5165 2357 5239 24-25
2380 5164 2682 5222 Archelaus
2698 5163 2863 5232 stirpe
2891 5157 3239 5217 Atheniensis
3266 5159 3413 5217 illius
3439 5169 3619 5215 autem

1684 5323 1921 5380 VARIIE
1963 5324 2377 5382 LEC'I’IONES.

422 5429 466 5502 'f‘
498 5430 772 5502 Boi-periis
799 5450 853 5501 p.
884 5435 1009 5491 MO.
1046 5435 1099 5488 ll
1127 5434 1340 5487 collatis
1370 5436 1596 5488 aliorum
1629 5436 1944 5502 scriptorun‘

2045 5425 2322 5490 'stimouiis
2357 5435 2611 5490 lacunosa
2640 5436 2802 5491 verba
2835 5437 2907 5490 ita
2940 5433 3113 5488 reiicit
3142 5449 3156 5488 :
3191 5433 3624 5502 ἐξατμισθέντων

499 5501 586 5555 τοῦ
616 5501 765 5575 ήλίου
791 5499 1016 5575 ἐκείνων
1045 5504 1376 5575 ὑποστάντα.
1452 5505 1494 5537 ³⁷
1518 5504 1724 5558 ὑδάτων
1745 5499 1944 5574 Ruepet

2058 5522 2071 5558 :
2105 5504 2282 5558 αὑτῶν
2315 5508 2492 5575 vulgo.
2569 5506 2612 5538 ³⁸
2631 5506 2904 5569 ἀντοίκοις
2932 5504 3211 5575 Rocpertts
3322 5499 3446 5561 6H.
3471 5500 3580 5557 61:2
3609 5526 3620 5560 :

362 5569 582 5653 ἀρκτοῖς
607 5569 823 5653 vulgo.”
858 5574 903 5606 ³⁹
933 5575 1055 5653 τῆς.
1079 5575 1177 5642 τῆς
1209 5573 1310 5653 τοῦ.
1331 5574 1581 5653 Brautlis.
1656 5575 1702 5604 ¹⁸⁰
1737 5569 1888 5653 ἡλίου
1920 5594 1944 5627 κ

2045 5575 2272 5653 σελήνης
2297 5576 2378 5653 vel
2406 5569 2512 5653 ξιαὶ
2544 5575 2695 5653 ήλίου
2722 5592 2796 5653 ικ.
2830 5591 2881 5627 σ.
2914 5569 3132 5653 eunjicit
3166 5569 3381 5653 ﬁniens.
3458 5574 3503 5607 δ’
3532 5576 3627 5628 καὶ

363 5642 602 5715 uagina-cat
626 5642 857 5696 Bt-nudis
892 5662 907 5700 :
952 5645 1177 5712 σώματα
1218 5643 1411 5715 vulgo;
1447 5644 1546 5715 alia
1604 5642 1774 5698 tentnt
1831 5644 2126 5714 Rocperus.
2157 5642 2168 5715 ί
2201 5646 2246 5675 δ’
2283 5646 2377 5715 καὶ
2405 5644 2494 5697 διὰ
2545 5642 2770 5715 delenda
2800 5659 2921 5699 esse
2949 5643 3235 5715 tautologia
3269 5647 3624 5715 demonstrat.

362 5709 533 5783 aliter
570 5711 848 5783 Rueperus
892 5730 944 5780 p.
987 5709 1109 5769 6H.

363 5777 701 5837 Gronovius;
766 5784 811 5814 "
855 5777 908 5836 δὲ
946 5785 1219 5854 liocperus
1258 5801 1268 5836 :

1187 5714 1231 5746 ⁵³
1275 5714 1378 5765 Τὸν
1427 5712 1817 5786 δὲνῐὶορρειθιιεε
1851 5716 1893 5786 Τ
1896 5717 1944 5768 όπ.

2082 5714 2261 5786 vulgo.
2339 5714 2385 5749 “
2414 5714 2983 5786 καταλαμϐανομένων
3019 5744 3090 5754 --
3119 5712 3627 5786 κᾶταλαμπομένῳν

1312 5801 1371 5836 τε
1416 5785 1589 5854 vulgo.
1670 5784 1712 5815 “
1744 5785 1944 5854 ἐμπίπτ

2045 5801 2110 5849 ’ος
2139 5783 2458 5842 Séltaubach
2482 5802 2494 5838 :
2531 5783 2892 5849 ἐκπίπτοντος
2918 5786 3097 5856 vulgo.
3172 5786 3214 5818 ⁵⁸⁷
3240 5783 3530 5855 γεννᾶσθαι
3560 5783 3622 5837 Β.
