4128 6316
494 336 634 402 3035

1940 330 2309 397 ORIGENIS

3618 336 3760 400 3036

497 444 828 517 Apollodori.
858 444 958 501 llic
984 445 1169 502 docuit
1192 447 1477 503 misturam
1508 447 1750 502 materia
1783 445 2082 502 consimili-

2198 448 2297 510 δὶδς
2327 448 2385 501 δὲ,
2417 444 2837 518 Ἀπολλοδώρου.
2862 442 3027 511 Οὗτος
3058 446 3160 518 ἔφη
3196 448 3296 519 τὴν
3324 449 3468 517 μίξιν
3498 447 3597 519 τῆς
3629 447 3760 517 ὕλης

498 552 579 593 ter
599 540 933 609 Anaxagora:
963 539 1338 610 principiaque
1359 539 1548 594 eodem
1578 539 1758 603 modo,
1784 538 1872 593 hic
1894 546 2074 592 autem

497 633 549 686 in
581 642 762 688 mente
792 634 971 689 inesse
1002 635 1293 704 quamdam
1340 635 1522 689 statim
1564 633 1898 688 mistionem.
1944 631 2077 688 Esse

498 734 678 780 autem
714 726 1041 795 principium
1090 737 1271 781 motus
1304 726 1660 782 secretionem
1693 741 1722 779 a
1754 740 1813 780 se
1840 723 1998 779 calidi
2024 732 2081 779 et

500 818 701 889 frigidi,
736 828 791 875 et
817 821 1051 875 calidum
1087 821 1306 890 quidem
1346 819 1572 884 moveri,
1616 816 1869 889 frigidum
1900 827 2076 871 autem

498 913 803 985 quiescere.
841 911 1217 985 Liquefactam
1265 921 1444 969 autem
1494 927 1691 983 aquam
1740 912 1794 966 in
1844 910 2079 967 medium

500 1007 792 1075 confluere,
828 1008 880 1062 in
914 1021 1022 1078 quo
1061 1018 1314 1063 exustam
1358 1021 1541 1063 aerem
1584 1005 1703 1061 ﬁeri
1743 1013 1798 1061 et
1843 1016 2079 1069 terram.

499 1112 730 1168 quorum
768 1098 1005 1155 alterum
1042 1114 1277 1170 superne
1297 1099 1450 1163 ferri,
1477 1097 1714 1154 alterum
1742 1105 1922 1154 autem
1954 1098 2083 1154 sub.

499 1190 699 1246 sistere
730 1190 894 1246 infra.
931 1189 1159 1247 Terram
1207 1192 1374 1257 igitur
1406 1190 1695 1261 quiescere
1733 1199 1789 1246 et
1832 1189 2081 1259 frigidam

504 1281 813 1338 consistere
844 1283 915 1338 ob
959 1283 1057 1339 has
1101 1297 1319 1349 causas,
1348 1281 1533 1352 jacere
1575 1290 1759 1337 autem
1794 1282 1846 1334 in
1883 1280 2082 1346 medio,

500 1390 644 1446 qua,
687 1375 733 1431 si
779 1373 862 1431 fas
890 1376 961 1431 sit
987 1375 1191 1443 dicere,
1242 1375 1386 1430 nulla
1424 1376 1495 1431 sit
1527 1390 1656 1445 pars
1685 1371 1947 1437 universi,
1997 1387 2085 1428 res

502 1467 649 1523 edita
685 1481 751 1524 ex
792 1467 1133 1535 incensione,
1176 1482 1205 1522 a
1248 1481 1352 1538 qua
1384 1466 1617 1536 primum
1666 1464 1855 1519 deusta
1898 1462 2084 1519 stella-

509 1576 627 1616 rum
682 1560 756 1615 sit
803 1569 1019 1625 natura,
1068 1573 1300 1629 quarum
1360 1556 1598 1612 maxima
1647 1554 1719 1609 sit
1764 1553 1865 1621 sol,
1914 1552 2087 1608 altera

505 1663 689 1707 autem
718 1650 866 1715 luna,
914 1650 1244 1720 reliquarum
1282 1656 1464 1702 autem
1500 1646 1619 1701 aliae
1644 1648 1920 1711 minores,
1966 1644 2087 1701 alia)

508 1742 768 1813 majores.
816 1743 1060 1811 Desuper
1097 1750 1279 1795 autem
1315 1739 1634 1794 incumbere
1666 1737 1864 1791 coelum
1914 1735 1992 1790 ait
2035 1745 2089 1790 et

508 1840 585 1892 ita
632 1836 802 1892 solem
845 1836 900 1889 in
950 1844 1149 1890 terram
1199 1831 1429 1888 fundere
1464 1832 1637 1887 lucem
1690 1839 1854 1901 atque
1899 1843 2087 1885 aerem

508 1930 687 1986 facere
723 1926 1051 1998 pellucidum
1100 1936 1154 1981 et
1188 1934 1391 1979 terram
1424 1924 1654 1979 aridam.
1691 1920 1893 1977 Lacum
1939 1919 2088 1976 enim

507 2033 631 2075 esse
666 2018 928 2089 primum,
955 2018 1154 2087 quippe
1180 2032 1302 2087 qua:
1325 2017 1378 2070 in
1408 2015 1613 2070 ambitu
1650 2013 1723 2069 sit
1751 2012 1880 2077 alta,
1910 2012 2088 2067 media

510 2123 697 2169 autem
749 2126 904 2167 cava.
949 2108 1347 2166 Testimonium
1407 2118 1588 2163 autem
1646 2106 1751 2161 fert
1802 2104 2088 2170 cavitatis,

509 2204 657 2275 quod
687 2204 769 2260 sol
799 2219 904 2258 non
952 2202 1115 2257 simul
1162 2210 1216 2254 et
1254 2200 1467 2255 oriatur
1496 2210 1551 2254 et
1575 2197 1787 2253 occidat
1811 2197 2088 2259 omnibus,

510 2297 569 2351 id
611 2295 754 2366 quod
798 2294 1032 2349 debebat
1077 2293 1297 2348 evenire
1322 2332 1338 2357 ,
1390 2291 1439 2346 si
1478 2301 1622 2346 esset
1665 2288 1969 2359 aequabilis.
2018 2288 2092 2343 De

509 2386 839 2443 animalibus
869 2397 1052 2440 autem
1079 2385 1230 2451 dicit,
1276 2382 1541 2439 calefacta
1587 2391 1733 2437 terra
1766 2380 1998 2451 primum
2036 2379 2091 2434 in

513 2481 774 2536 inferiore
824 2489 1000 2549 parte,
1050 2478 1141 2533 ubi
1184 2476 1437 2547 calidum.
1475 2485 1533 2531 et
1587 2474 1843 2545 frigidum
1892 2473 2093 2528 misce-
2144 2494 2156 2502 -

510 2578 702 2640 batur,
746 2572 1067 2645 apparuisse
1095 2580 1150 2628 et
1182 2572 1388 2640 reliqua
1414 2568 1670 2624 animalia
1698 2566 1867 2622 multa
1909 2574 1965 2622 et
1993 2567 2094 2620 im-

513 2667 689 2737 paria,
728 2665 911 2721 omnia
944 2664 1136 2720 eodem
1176 2662 1320 2718 victu
1364 2660 1593 2727 utentia,
1645 2659 1894 2714 videlicet
1922 2672 1953 2713 e
1983 2659 2095 2712 luto

513 2759 743 2825 nutrita,
795 2756 965 2813 fuisse
1004 2766 1186 2813 autem
1233 2757 1419 2815 brevis
1457 2756 1591 2822 avi;
1642 2757 1871 2825 posthac
1915 2764 2094 2808 autem

515 2853 681 2911 etiam
710 2866 778 2907 ex
814 2858 988 2906 semet
1021 2848 1254 2905 invicem
1293 2848 1702 2919 generationem
1729 2846 2008 2902 exstitisse
2043 2853 2099 2900 et

515 2947 785 3002 discretos
830 2958 950 2999 esse
1000 2942 1250 2997 homines
1310 2956 1338 2995 a
1401 2940 1627 3009 reliquis
1672 2939 1998 2995 animalibus
2044 2945 2100 2993 et

517 3036 682 3091 duces
711 3043 765 3089 et
806 3034 952 3102 leges
982 3042 1037 3088 et
1080 3042 1228 3087 artes
1279 3040 1334 3087 et
1374 3032 1572 3101 oppida
1617 3040 1673 3086 et
1721 3030 1925 3101 reliqua
1970 3045 2100 3086 con-

2180 540 2380 611 ὁμοίως
2432 540 2789 611 ’Δναξαγόρᾳ,
2823 540 2919 604 τάς
2958 558 3021 594 τε
3058 542 3235 612 ἀρχὰς
3266 540 3549 605 ὡσαύτως,
3605 532 3761 603 οὗτος

2181 631 2237 685 δὲ
2266 632 2343 703 τῷ
2392 632 2469 703 νῷ
2532 633 2861 703 ἐνυπάρχειν
2901 650 2951 685 τι
3007 632 3211 696 εὐθέως
3258 634 3459 703 μῖγμα.
3521 624 3679 683 Εἶναι
3715 630 3759 684 δ’

2180 726 2357 797 ἀρχὴν
2380 725 2426 757 ⁸⁸
2448 726 2549 796 τῆς
2580 726 2845 797 κινήσεως
2871 724 2932 779 τὸ
2956 725 3351 796 ἀποκρίνεσθαι
3381 725 3426 758 δ’
3472 724 3568 779 ἀπ’
3599 723 3760 795 ana-

2182 818 2289 872 λων
2328 819 2390 872 τὸ
2435 817 2638 890 θερμὸν
2678 819 2774 873 καὶ
2816 818 2877 872 τὸ
2906 817 3136 890 ψυχρὸν,
3190 818 3283 872 καὶ
3313 817 3375 871 ea
3419 816 3519 888 μὲν
3557 816 3760 887 θερμὸν

2184 910 2473 976 κινεῖσθαι,
2505 910 2567 963 τὸ
2609 908 2666 963 δὲ
2696 910 2904 981 ψυχρὸν
2950 906 3199 982 ἠρεμεῖν.
3252 910 3569 980 Τηκόμενον
3612 908 3669 962 δὲ
3703 908 3762 963 τὸ

2185 1000 2328 1073 ὕδωρ
2361 1004 2440 1067 είς
2503 1004 2665 1073 μέσον
2698 1004 2837 1075 ῥεῖν,
2872 1004 2929 1059 ὲν
2979 996 3025 1070 ᾦ
3058 1000 3496 1072 κατακαιόμενον
3546 1000 3592 1032 ⁸⁵
3624 1000 3764 1071 ἀέρα

2183 1096 2430 1165 γίνεσθαι
2469 1098 2563 1151 καὶ
2590 1096 2714 1167 γῆν,
2756 1089 2833 1150 ὧν
2870 1094 2931 1150 τὸ
2974 1094 3075 1167 μὶν
3116 1096 3231 1150 ἄνω
3279 1094 3567 1166 φέρεσθαι,
3603 1094 3666 1148 τὸ
3708 1094 3764 1149 δὲ

2187 1188 2517 1257 ὑφίστασθαι
2550 1191 2721 1243 κάτω.
2757 1189 2870 1260 Τὴν
2902 1189 2999 1259 μὶν
3024 1183 3120 1242 οὖν
3146 1187 3250 1257 γῆν
3293 1187 3524 1259 ἠρεμεῖν
3555 1187 3651 1240 καὶ
3675 1204 3766 1256 γε·

2186 1279 2372 1334 νέσθαι
2404 1279 2492 1335 διὰ
2518 1279 2717 1341 ταῦτα,
2756 1280 2967 1333 κεῖσθαι
2999 1278 3045 1333 δ’
3080 1280 3139 1333 ὲν
3160 1279 3311 1351 μέσῳ
3346 1277 3393 1310 ⁸⁸
3423 1278 3576 1331 οὐδὲν
3604 1278 3768 1349 μέρος

2187 1370 2373 1441 οὖσαν,
2400 1373 2477 1439 ὡς
2525 1372 2539 1445 Ι
2596 1376 2791 1438 εἰπεῖν,
2820 1372 2914 1427 τοῦ
2944 1371 3168 1437 παντὸς,
3196 1371 3549 1442 ὲκδεδομένον
3573 1372 3638 1424 ὲκ
3668 1369 3767 1440 τῆς

2188 1464 2509 1538 πυρώσεως,
2545 1466 2636 1533 ἀφ’
2672 1456 2733 1517 οὗ
2782 1463 3001 1535 πρῶτον
3056 1462 3461 1534 ἁποκαιομένου
3511 1462 3614 1533 τὴν
3660 1463 3769 1517 τῶν

2187 1558 2438 1628 ἀστέρων
2468 1553 2609 1611 εἶναι
2640 1556 2823 1626 φύσιν,
2859 1550 2934 1609 ὧν
2971 1555 3230 1626 μέγιστον
3271 1556 3368 1625 μὲν
3394 1555 3566 1625 ἥλιον,
3596 1554 3770 1608 δεύτε-

2194 1666 2286 1720 ρον
2319 1650 2378 1704 δὲ
2408 1649 2667 1722 σελήνην,
2699 1649 2811 1703 τῶν
2836 1648 2891 1703 δὲ
2928 1648 3106 1704 ἄλλων
3137 1647 3205 1701 τὰ
3236 1648 3336 1719 μὲν
3368 1647 3595 1713 ἐλάττω,
3626 1646 3693 1701 τὰ
3714 1646 3771 1701 δὲ

2196 1743 2390 1814 μείζω.
2435 1742 2885 1813 Ἐπικλιθῆναιδὲ
2915 1742 3006 1795 τὸν
3035 1740 3265 1812 οὐρανόν
3295 1756 3451 1811 φησι,
3474 1741 3565 1794 καὶ
3596 1738 3771 1802 οὕτως

2191 1837 2282 1890 τὸν
2306 1837 2462 1907 ἥλιον
2494 1837 2588 1889 επὶ
2611 1834 2713 1906 τῆς
2746 1834 2849 1905 γῆς
2895 1834 3123 1904 ποιῆσαι
3156 1832 3269 1902 φῶς
3299 1832 3393 1887 καὶ
3426 1832 3517 1885 τόν
3544 1848 3604 1884 τε
3632 1830 3771 1901 ἀέρα

2190 1929 2417 1998 ποιῆσαι
2468 1926 2706 1997 διαφανῆ
2765 1926 2859 1979 καὶ
2895 1926 2992 1995 τὴν
3028 1925 3129 1993 γῆν
3182 1922 3615 1995 ξηράν.Δίμνην
3664 1922 3773 1993 γὰρ

2190 2016 2329 2073 εἶναι
2357 2020 2418 2073 τὸ
2456 2018 2695 2090 πρῶτον,
2733 2018 2828 2074 ἆτε
2857 2018 3043 2087 κύκλῳ
3081 2017 3177 2087 μὲν
3216 2012 3381 2069 οὖσαν
3412 2015 3646 2086 ὑψηλὴν,
3679 2013 3775 2084 μέο

2193 2130 2283 2167 σον
2318 2113 2363 2144 ⁸²
2386 2111 2443 2165 δὲ
2482 2110 2689 2181 κοίλην.
2740 2111 2972 2181 Σημεῖον
3002 2108 3058 2162 δὲ
3098 2109 3253 2179 φέρει
3301 2110 3399 2178 τῆς
3438 2108 3775 2178 κοιλότητος,

2191 2208 2276 2260 ὅτι
2299 2208 2327 2260 ὁ
2346 2204 2498 2275 ἥλιος
2529 2204 2627 2274 οὐχ
2652 2203 2768 2273 ἃμα
2796 2202 3076 2256 ἀνατέλλει
3106 2218 3163 2254 τε
3215 2200 3306 2255 καὶ
3356 2200 3542 2253 δύεται
3578 2201 3770 2263 πᾶσιν,

2192 2300 2329 2369 ὅπερ
2354 2296 2464 2351 ἔδει
2497 2296 2840 2367 συμϐαίνειν,
2878 2295 3035 2365 εἴπερ
3063 2288 3130 2364 ἦν
3151 2294 3350 2365 ὁμαλή.
3376 2292 3511 2364 Περὶ
3534 2292 3590 2345 δὲ
3616 2290 3777 2356 ζώων

2194 2392 2361 2463 φησιν
2386 2393 2471 2446 ὅτι
2502 2387 2940 2461 θερμαινομένης
2963 2388 3063 2459 τῆς
3104 2386 3208 2457 γῆς
3243 2386 3305 2439 τὸ
3345 2385 3563 2457 πρῶτον
3607 2386 3665 2439 ὲν
3698 2384 3774 2455 τῷ

2194 2486 2348 2539 κάτω
2384 2484 2558 2554 μέρει,
2591 2483 2660 2546 ⁸⁸,
2686 2483 2818 2536 ὅπου
2842 2479 2905 2534 τὸ
2934 2479 3137 2551 θερμὸν
3176 2480 3271 2532 καὶ
3298 2478 3360 2532 τὸ
3382 2478 3590 2549 ψυχρὸν
3646 2479 3769 2549 ἑμί-

2198 2592 2379 2644 σγετο,
2415 2575 2733 2643 ἀνεφαίνετο
2756 2575 2823 2626 τά
2843 2590 2900 2626 τε
2931 2571 3064 2627 ἄλλα
3092 2570 3203 2635 ζῶα
3237 2570 3404 2624 πολλὰ
3428 2571 3525 2625 καὶ
3550 2568 3775 2639 ἀνόμοια

2198 2669 2377 2723 πάντα
2413 2667 2511 2738 τὴν
2540 2665 2709 2737 αὐτὴν
2732 2666 2943 2721 δίαιταν
2970 2664 3162 2731 ἔχοντα
3194 2666 3255 2717 ἐκ
3280 2665 3380 2733 τῆς
3412 2663 3557 2727 ίλύος
3580 2663 3776 2733 τρεφό-

2202 2777 2362 2832 μενα,
2396 2754 2466 2831 ἦν
2501 2758 2559 2811 δὲ
2589 2758 2933 2829 ὀλιγοχρόνια
2954 2774 2969 2789 ·
3001 2756 3231 2828 ὕστερον
3268 2756 3325 2809 δὲ
3368 2757 3555 2820 αὐτοῖς
3600 2757 3693 2808 καὶ
3724 2755 3783 2821 ἐξ

2200 2852 2449 2924 ἀλλήλων
2482 2852 2695 2922 γένεσις
2728 2852 2927 2922 ἀνέστη
2959 2851 3026 2918 ⁸⁵,
3058 2851 3152 2904 καὶ
3184 2850 3539 2921 διεκρίθησαν
3570 2848 3783 2921 ἄνθρω-

2208 2964 2301 2999 ποι
2331 2944 2442 2998 ἀπὸ
2480 2944 2592 2998 τῶν
2622 2944 2821 3010 ἄλλων,
2853 2944 2948 2996 καὶ
2973 2942 3269 3014 ἡγεμόνας,
3308 2943 3404 2995 καὶ
3435 2942 3657 3013 νόμους,
3690 2939 3786 2994 καὶ

2204 3040 2422 3108 τέχνας,
2451 3037 2547 3091 καὶ
2595 3036 2799 3099 πόλεις,
2828 3036 2922 3089 καὶ
2955 3035 3023 3089 τὰ
3066 3034 3200 3088 ἄλλα
3242 3034 3600 3105 συνέστησαν.
3644 3030 3786 3085 Νοῦν

518 3128 786 3184 stituisse.
832 3126 1069 3181 Mentem
1114 3135 1294 3179 autem
1330 3124 1463 3179 dicit
1499 3125 1738 3179 innatam
1770 3137 1892 3178 esse
1922 3124 2096 3178 omni-

2204 3132 2260 3185 δὲ
2283 3131 2431 3199 λέγει
2462 3130 2630 3183 πᾶσιν
2675 3127 2980 3199 ἐμφύεσθαι
3018 3126 3178 3192 ζώοις
3204 3125 3424 3197 ὁμοίως.
3461 3123 3785 3196 Χρήσασθαι

519 3223 620 3277 bus
650 3219 977 3274 animalibus
1008 3219 1246 3288 pariter;
1298 3218 1375 3273 uti
1426 3218 1573 3273 enim
1616 3217 1846 3287 quodvis
1901 3216 2102 3271 animal

518 3315 696 3368 instar
724 3322 777 3367 et
808 3326 1101 3382 corporum
1144 3321 1344 3377 mente,
1393 3310 1497 3365 nisi
1540 3310 1683 3381 quod
1722 3311 1927 3367 tardius
1973 3309 2100 3378 alia,

519 3407 624 3461 alia
660 3407 914 3462 celerius.

602 3498 835 3570 Physica
880 3499 1050 3568 igitur
1096 3498 1437 3569 philosophia
1485 3512 1515 3552 a
1559 3496 1786 3552 Thalete
1826 3510 2000 3565 usque
2039 3497 2105 3551 ad

520 3588 849 3644 Archelaum
884 3588 1120 3641 duravit.
1148 3586 1319 3656 llujus
1341 3586 1553 3640 exstitit
1576 3586 1835 3640 Socrates
1864 3587 2102 3640 auditor.

524 3683 666 3736 Sunt
713 3686 894 3733 autem
946 3680 1110 3733 etiam
1153 3680 1243 3731 alii
1285 3678 1503 3746 plurimi
1537 3678 1782 3732 diversas
1807 3680 2107 3733 sententias

526 3772 760 3846 professi
794 3774 969 3841 deque
995 3769 1182 3825 divino
1210 3768 1444 3823 Numine
1488 3770 1842 3838 universique
1888 3780 2104 3835 natura,

526 3880 759 3937 quorum
807 3865 852 3920 si
908 3877 1098 3917 omnes
1149 3862 1449 3918 sententias
1498 3862 1755 3916 vellemus
1797 3875 2105 3931 apponere,

523 3956 745 4013 multam
766 3953 1010 4026 profecto
1026 3952 1216 4008 silvam
1240 3953 1500 4007 librorum
1520 3962 1796 4021 oporteret
1813 3952 2105 4008 conﬁcere.

525 4048 636 4105 Sed
668 4046 941 4103 recordati
992 4044 1209 4100 illorum
1250 4059 1484 4114 quorum
1529 4044 1838 4114 oportebat,
1872 4046 2112 4099 maxime

525 4141 815 4199 illustrium
839 4153 1135 4209 eorumque
1156 4136 1404 4208 26-27
1430 4138 1546 4206 qui,
1573 4137 1617 4191 si
1648 4136 1720 4190 ita
1751 4137 1935 4193 dicere
1959 4137 2105 4205 licet,

526 4232 869 4303 antesignani
899 4229 1170 4286 universis
1203 4240 1324 4299 post
1353 4229 1473 4284 illos
1502 4228 1907 4299 philosophatis
1940 4232 2111 4287 exsti-

527 4337 735 4394 terunt,
770 4328 972 4398 quippe
1007 4327 1099 4397 qui
1134 4325 1200 4380 ad
1239 4333 1470 4379 conatus
1496 4339 1627 4381 suos
1672 4325 1911 4396 reliquos
1946 4326 2105 4382 insti-

527 4424 798 4497 gaverint,
833 4437 895 4477 ea
923 4436 1043 4491 qua:
1071 4426 1281 4475 restant
1308 4418 1711 4489 aggrediemur.

599 4517 810 4573 Etenim
845 4524 900 4570 et
932 4513 1291 4569 Parmenides
1328 4526 1494 4565 unum
1527 4512 1746 4580 quidem
1792 4513 2103 4569 universum

526 4612 681 4681 ponit
698 4620 1073 4677 :eternumque
1099 4615 1152 4661 et
1170 4619 1275 4659 non
1297 4613 1613 4672 generatum
1632 4614 1686 4659 et
1706 4606 2107 4675 sphaeriforme.

529 4703 609 4758 Ne
653 4703 769 4774 ipse
800 4701 1023 4771 quidem
1056 4697 1322 4769 effugiens
1357 4697 1724 4753 multitudinis
1772 4700 2110 4770 opinionem,

530 4797 711 4866 ignem
731 4793 921 4849 dicens
942 4800 997 4845 et
1018 4799 1221 4845 terram
1245 4790 1484 4845 universi
1506 4790 1798 4860 principia,
1827 4803 1880 4848 et
1906 4802 2110 4848 terram

530 4888 754 4959 quidem
789 4893 1045 4954 tanquam
1075 4883 1380 4948 materiam,
1422 4883 1601 4953 ignem
1631 4892 1815 4939 autem
1852 4893 2112 4954 tanquam

529 4980 855 5039 obicientem
885 4987 942 5032 et
975 4984 1311 5046 operantem,
1359 4977 1616 5029 mundum
1663 4975 1801 5031 dixit
1842 4976 2111 5043 consumi,

530 5089 639 5145 qua
668 5086 797 5129 vero
839 5072 1051 5126 ratione
1081 5082 1188 5123 non
1217 5066 1371 5121 dixit.
1416 5064 1559 5121 Idem
1599 5076 1779 5121 autem
1807 5067 1944 5121 dixit
1969 5081 2116 5122 sem-

532 5170 807 5241 piternum
847 5180 972 5223 esse
997 5163 1311 5219 universum
1338 5168 1394 5216 et
1423 5174 1529 5215 non
1561 5169 1745 5214 natum
1781 5168 1838 5215 ct
1885 5158 2117 5229 sphaeri-

2205 3226 2313 3297 γὰρ
2366 3226 2601 3279 ἕκαστον
2653 3223 2750 3278 καὶ
2797 3222 2905 3277 τῶν
2960 3220 3228 3293 σωμάτων
3266 3221 3374 3291 ὅσῳ
3409 3220 3453 3250 ³⁸
3484 3218 3547 3271 τὸ
3594 3216 3696 3289 μὲν
3740 3216 3789 3247 ⁵⁸

2208 3318 2578 3392 βραδυτέρως,
2601 3318 2661 3370 τὸ
2693 3316 2748 3369 δὲ
2774 3314 3108 3388 ταχυτὲρως.

2281 3507 2369 3560 10.
2418 3507 2483 3559 Ἦ
2519 3506 2617 3576 μὲν
2652 3499 2745 3558 οὗν
2792 3503 2996 3573 φυσικὴ
3049 3499 3335 3570 φιλοσοφία
3384 3498 3493 3552 ἀπὸ
3543 3495 3786 3567 Θάλητος

2209 3598 2313 3661 ἕως
2368 3595 2660 3665 Ἀρχελάου
2694 3594 2935 3664 διέμεινε
2959 3607 2970 3621 ·
3022 3591 3209 3645 τούτου
3237 3591 3443 3659 γίνεται
3489 3587 3787 3659 Σωκράτης

2209 3688 2509 3759 ἀκροατής.
2541 3684 2661 3739 Είσὶ
2684 3684 2741 3736 δὲ
2768 3683 2861 3737 καὶ
2884 3683 3063 3753 ἕτεροι
3095 3681 3342 3734 πλεῖστοι
3381 3677 3679 3749 διαφόρους
3699 3676 3789 3728 δό-

2210 3781 2308 3846 ξας
2347 3776 2817 3848 προενεγκάμενοι
2848 3776 2892 3807 "
2943 3774 3069 3843 περί
3114 3790 3173 3825 τε
3204 3772 3297 3824 τοῦ
3332 3770 3491 3823 Θείου
3541 3770 3635 3823 καλ⁵
3689 3767 3790 3837 τῆς

2210 3871 2305 3925 τοῦ
2342 3869 2546 3932 παντὸς
2574 3867 2813 3936 φύσεως.
2846 3859 2948 3919 Ὧν
2977 3868 3026 3918 εἰ
3056 3864 3236 3928 πάσας
3265 3862 3367 3926 τὰς
3394 3860 3552 3926 δόξας
3578 3859 3791 3913 ἐϐουλό-

2215 3961 2351 4035 μεθα
2384 3960 2725 4032 παραθεῖναι,
2755 3955 2957 4026 πολλὴν
2999 3953 3067 4008 ἂν
3100 3953 3233 4023 ὓλην
3276 3950 3495 4022 βισλίων
3529 3949 3636 4002 εδει
3688 3963 3791 4001 κα-

2211 4054 2593 4117 τασκευάζειν.
2623 4043 2724 4103 Ὦν
2745 4048 2802 4102 δὲ
2828 4047 2934 4101 ἔδει
2972 4044 3206 4118 μάλιστα
3226 4044 3311 4097 ἐπ’
3328 4042 3594 4111 ὀνόματος
3621 4038 3792 4092 ὄντων

2213 4150 2307 4203 καὶ
2338 4147 2413 4210 ὼς
2440 4146 2611 4199 εἰπεῖν
2647 4141 2723 4214 [ιι.
2752 4142 2833 4194 Π.
2866 4138 2955 4211 l8]
2983 4136 3298 4208 κορυφαίων
3352 4135 3488 4188 πᾶσι
3522 4135 3634 4197 τοῖς
3665 4147 3793 4201 μετα

2213 4240 2406 4295 ἔπειτα
2433 4236 2833 4307 φιλοσοφήσασι
2870 4228 3178 4300 γενομένων
3204 4225 3459 4298 ἀφορμὰς
3484 4223 3793 4277 δεδωκότων

2216 4332 2351 4404 πρὸς
2383 4329 2454 4385 τὰ
2488 4324 2915 4397 ἐπιχειρούμενα
2946 4319 3389 4393 ὑπομνησθέντες
3422 4317 3513 4371 ἐπὶ
3559 4315 3626 4369 τὰ
3666 4313 3797 4383 ἑξῆς

2212 4422 2528 4495 δρμήσομεν
2552 4419 2620 4473 ⁸⁸.

2291 4514 2378 4568 Η.
2408 4510 2520 4564 Καὶ
2545 4508 2653 4579 γὰρ
2691 4508 2785 4560 καὶ
2816 4503 3158 4577 Παρμενίδης
3180 4501 3239 4555 ἓν
3282 4500 3383 4572 μὲν
3432 4499 3494 4553 τὸ
3529 4500 3638 4553 πᾶν
3665 4498 3799 4552 ὐπο-

2217 4607 2427 4662 τίθεται
2480 4601 2651 4655 ἀΐδιόν
2682 4616 2741 4652 τε
2790 4599 2885 4652 καὶ
2935 4596 3231 4666 ἀγέννητον
3282 4594 3380 4647 καὶ
3429 4592 3793 4665 σφαιροειδές.

2220 4700 2357 4757 Οὐδὲ
2403 4695 2565 4759 αὐτὸς
2598 4690 2881 4761 ὲκφεύγων
2912 4690 3011 4759 τὴν
3036 4687 3145 4741 τῶν
3183 4685 3395 4740 πολλῶν
3445 4685 3625 4752 δόξαν,
3683 4683 3797 4755 πῦρ

2219 4794 2393 4863 λέγων
2423 4787 2517 4842 καὶ
2546 4785 2651 4854 γῆν
2679 4782 2777 4847 τὰς
2810 4779 2906 4834 τοῦ
2948 4780 3149 4843 παντὸς
3184 4778 3378 4852 ἀρχὰς.
3409 4776 3506 4848 τὴν
3556 4777 3656 4847 μὲν
3689 4774 3797 4846 γῆν

2221 4884 2295 4947 ὡς
2326 4880 2479 4948 ὓλην.
2516 4875 2576 4928 τὸ
2600 4874 2657 4928 δὲ
2686 4872 2795 4943 πῦρ
2821 4868 2897 4933 ὡς
2916 4870 3087 4923 αἴτιον
3112 4872 3201 4923 καὶ
3237 4868 3442 4933 ποιοῦν,
3468 4866 3559 4919 τὸν
3588 4865 3799 4935 κόσμον

2203 4976 2306 5045 ἔφη
2370 4966 2723 5040 φθείρεσθαι,
2799 4957 2845 5032 ᾧ
2912 4962 2970 5016 δὲ
3034 4963 3263 5033 τρόπῳ,
3313 4960 3411 5012 οὐκ
3476 4953 3647 5011 εἶπεν.
3731 4957 3794 5011 Ὀ

2204 5068 2365 5130 αὐτὸς
2401 5066 2457 5119 δὲ
2503 5059 2657 5117 εἶπεν
2704 5062 2874 5115 ἀΐδιον
2927 5056 3065 5114 εἶναι
3130 5061 3191 5113 τὺ
3224 5060 3332 5112 πᾶν
3374 5055 3466 5109 καὶ
3494 5055 3554 5109 οὗ
3597 5054 3823 5124 γενόμε-

2205 5174 2315 5225 νον,
2387 5158 2483 5213 καὶ
2529 5153 2887 5226 σφαιροειδὲς,
2933 5153 3028 5205 καὶ
3076 5152 3284 5221 ὅμοιον,
3345 5148 3445 5201 οὐκ
3490 5146 3611 5217 ἕχον
3658 5144 3713 5198 δὲ
3749 5144 3796 5181 ⁸⁸

1815 5293 2052 5351 VABUE
2090 5292 2501 5351 LELTIONES.

618 5400 662 5429 δη
687 5398 733 5451 δ’
768 5394 963 5467 ἀρχήν.
1006 5390 1181 5467 ἀρχὴν
1228 5390 1514 5467 Roepcrus
1546 5406 1557 5441 :
1595 5390 1769 5460 ἀρχὰς
1800 5391 1996 5467 _vulgo.

878 5394 963 5464 ήνε
1006 5392 1077 5463 ἀρ

2101 5390 2145 5423 ⁸⁹
2171 5390 2232 5443 τὸ
2261 5389 2676 5462 ἀποκρίνεσθαι
2709 5387 2772 5441 ΙΙ.
2808 5388 3051 5462 [litteras
3097 5401 3109 5435 :

3169 5380 3562 5451 ἀποκρίνεσθαι
3612 5378 3794 5451 fulgo.

618 5409 662 5429 "
687 5409 732 5451 δ’
768 5409 838 5467 αΡ
878 5409 963 5464 ην·
1006 5409 1181 5515 αρᾷην
1230 5409 1505 5459 “⁰θί)⁰τ¹¹8
1546 5409 1557 5441 ε
1595 5409 1769 5460 αρκας
1819 5409 1996 5459 Vlllgo.
2101 5409 2145 5423 "
2171 5409 2232 5443 το
2263 5409 2655 5462 αποκρινεσυαι
2710 5409 2772 5441 ιι.
2811 5409 3051 5440 muerus
3097 5409 3109 5435 :
3169 5409 3562 5451 απυιρι-ιευυυιι
3621 5409 3794 5439 mu...

534 5470 581 5503 "
612 5414 1078 5536 κατακαιξμενον-
1128 5476 1401 5536 oeperus:
1433 5461 1979 5536 xal:_xagaxat6pevov
2003 5462 2200 5536 vulgo.‘
2252 5460 2295 5493 "
2324 5462 2503 5536 (.‘f._tle
2527 5461 2635 5536 hor-
2666 5458 3117 5536 locolioep‘erﬂt.
3145 5454 3296 5536 6l__i._
3344 5452 3389 5482 "
3404 5450 3586 5536 'gég‘ov
3610 5448 3683 5536 [ξπ.
3702 5448 3748 5536 ρ
3782 5465 3795 5536 ξ

538 5539 708 5608 μέσου
755 5534 935 5608 vulgo.

533 5602 873 5676 Χρῄσασθαιί
905 5605 963 5657 δὲ
1002 5602 1252 5676 ἕκαστον·
1274 5618 1376 5654 κατ

1463 5599 1561 5670 τὴν
1606 5601 1714 5654 τῶν
1755 5601 2026 5671 σωμάτων
2066 5599 2332 5671 διαφορὰν
2387 5600 2448 5653 τὸ
2496 5600 2631 5669 μὲν,

1035 5533 1082 5565 ιι
1111 5517 1263 5585 κάὲω
1312 5532 1464 5615 μέρει
1501 5532 1575 5615 μ.
1628 5517 1920 5615 Itineris;
1956 5517 2301 5615 κατέένμέρος
2343 5530 2553 5615 Vttl‘go.‘
2596 5528 2646 5560 αδ
2679 5517 3149 5615 ςςυνέεςξηξξρί.¹
3192 5526 3369 5615 "Iaca
3395 5517 3801 5615 .BL‘O'mTHfJ‘

2680 5615 2731 5651 κ.
2763 5615 2813 5651 τ.
2850 5588 2945 5649 λίῖ
2982 5595 3065 5649 Cf.
3119 5596 3188 5650 de
3237 5597 3335 5647 hoc
3395 5592 3509 5643 loco
3563 5588 3797 5653 liocper,

538 5656 755 5741 Eois.
782 5656 787 5657 ν
812 5656 884 5706 7"
915 5656 1417 5742 προσενεγκάμενοι
1459 5656 1635 5741 νιῖιεο.
1714 5671 1760 5704 ⁵⁸
1792 5656 2108 5742 ὁρμήσομεν
2149 5656 2346 5728 Μιιη
2390 5656 2720 5741 ὁρμῆσωμεν
2767 5669 2941 5736 vulgo.
3022 5668 3065 5698 "
3110 5666 3271 5718 τόπον
3321 5662 3546 5719 Bruttdis
3581 5656 3799 5712 (20mm.

542 5739 763 5796 Eleatic.
800 5759 851 5801 ι).
890 5739 988 5796 N6
1018 5759 1032 5793 :
1065 5740 1234 5791 τύπον
1269 5739 1444 5807 vulgo.
