4128 6316
348 285 490 349 3031

1485 289 1783 352 CONTRA
1821 288 2189 350 EERESES
2229 291 2371 350 ΜΒ.
2405 293 2453 351 Ι.

3483 295 3630 360 3033

349 399 516 453 τόπον
559 400 616 453 ἐν
667 402 866 472 ἑαυτῷ,
904 408 998 458 καὶ
1025 407 1284 480 ἀκίνητον
1339 409 1434 466 καὶ
1489 413 1928 485 πεπερασμένον.

2055 412 2213 470 :‘orme
2239 423 2294 469 ct
2321 412 2609 484 aequabile,
2640 427 2746 468 non
2779 418 2961 468 autem
3003 412 3208 470 habens
3241 414 3416 471 locum
3455 415 3508 470 in
3540 432 3622 486 se,

427 591 512 646 ιε.
545 591 864 656 Λεύκιππος
891 594 950 648 δὲ
993 597 1241 666 Ζήνωνος
1277 599 1490 669 ἑταῖρος
1521 600 1581 654 οὐ
1623 599 1722 672 τήν
1767 601 1938 673 αὐτὴν

352 683 513 750 δόξαν
537 685 886 758 διετήρησεν,
920 687 1062 742 ἀλλά
1092 705 1264 759 φησιν
1302 689 1510 762 ἄπειρα
1542 687 1684 745 εἶναι
1727 691 1824 746 καὶ
1852 693 1940 747 ἀεὶ

355 776 654 849 κινούμενα
669 779 766 832 καὶ
791 778 1008 848 γένεσιν
1028 782 1125 836 καὶ⁷
1154 781 1460 853 μεταϐολὴν
1486 782 1727 854 συνεχῶς
1746 779 1936 838 οὖσαν.

356 871 604 946 Στοιχεῖα
627 870 688 926 δὲ
714 871 862 942 λέγει
895 872 958 926 τὸ
1005 873 1213 946 πλῆρες
1248 875 1341 928 καὶ
1369 874 1430 929 τὸ
1474 876 1652 944 κενόν.
1685 876 1940 948 Κόσμους

361 963 418 1018 δδ
443 963 697 1032 γίνεσθαι
732 965 778 996 ⁸⁸
803 963 955 1033 λέγει
984 964 1162 1030 οὓτως
1182 967 1224 998 ⁶²
1245 983 1258 997 ·
1293 967 1424 1021 ὅταν
1453 967 1534 1032 είς
1553 967 1695 1038 μέγα
1717 966 1874 1022 κενὸν
1897 969 1942 1002 ⁶¹

361 1057 425 1109 ὲκ
475 1055 572 1110 τοῦ
627 1055 979 1128 περιέχοντος
1033 1056 1296 1130 ἀθροισθῇ
1352 1058 1524 1113 πολλὰ
1561 1058 1795 1130 σώματα
1821 1047 1944 1114 ’καὶ

362 1150 612 1220 copem,
658 1147 1070 1220 προσκρούοντα
1127 1151 1378 1222 ἀλλήλοις
1419 1151 1826 1223 συμπλέκεσθαι
1876 1153 1946 1208 τὰ

360 1238 769 1312 ὁμοιοσχήμονα
801 1240 897 1294 καὶ
923 1241 1286 1313 παραπλήσια
1319 1243 1419 1308 τὰς
1455 1243 1694 1316 μορφὰς,
1724 1245 1820 1298 καὶ
1843 1261 1944 1297 πε-

367 1329 762 1401 ριπλεχθέντων
805 1331 849 1362 ⁸⁸
881 1331 964 1395 είς
998 1332 1164 1402 ἕτερα
1201 1332 1468 1402 γίνεσθαι,
1512 1331 1696 1397 αὔξειν
1747 1334 1803 1387 δὲ
1849 1333 1944 1388 καὶ

364 1422 572 1492 φθίνειν
602 1423 692 1477 διά
715 1441 836 1478 τινα
865 1423 910 1456 ⁸⁸
934 1425 1202 1497 ἀνάγκην.
1231 1427 1328 1492 Τίς
1360 1425 1405 1480 δ’
1430 1426 1496 1482 ἂν
1520 1426 1609 1498 εἴη
1642 1429 1676 1499 ή
1702 1428 1942 1498 ἀνάγκη,

366 1519 426 1571 οὐ
447 1515 719 1588 διώρισεν.

445 1701 536 1755 15.
581 1700 924 1772 Δημόκριτος
953 1702 1010 1757 δὲ
1051 1703 1367 1757 Λευκίππου
1409 1704 1617 1772 γίνεται
1648 1704 1945 1776 γνώριμος.

367 1793 709 1864 Δημόκριτος
735 1817 738 1820 ~
769 1795 1156 1865 Δαμασίππου,
1228 1795 1551 1868 ’Λὸδηρίτης
1607 1797 1675 1860 ⁸⁸,
1729 1797 1946 1862 πολλοῖς

373 1881 668 1953 συμϐαλὼν
701 1886 1170 1954 γυμνοσοφισταῖς
1225 1886 1284 1939 ὲν
1327 1886 1528 1952 Ἰνδοῖς,
1579 1886 1675 1942 καὶ
1708 1887 1946 1958 ἱερεῦσιν

366 1975 427 2026 ὲν
450 1973 737 2044 Αἰγύπτῳ,
780 1976 876 2029 καὶ
907 1976 1260 2048 ἀστρολόγοις
1288 1977 1382 2032 καὶ
1430 1980 1488 2031 ὲν
1524 1979 1805 2033 Βαϐυλῶνι
1845 1979 1948 2051 μά-

366 2078 506 2130 γοις.
561 2063 726 2134 Λέγει
776 2065 835 2118 δὲ
873 2065 1075 2136 ὁμοίως
1123 2067 1429 2140 Λευκίππῳ
1477 2070 1607 2141 περὶ
1641 2071 1945 2141 στοιχείων,

366 2155 608 2226 πλήρους
637 2157 728 2209 καὶ
763 2157 943 2219 κενοῦ,
970 2158 1034 2212 τὺ
1072 2159 1174 2229 μὲν
1214 2161 1420 2232 πλῆρες
1451 2161 1626 2231 λέγων
1653 2161 1747 2226 ὃν,
1785 2163 1848 2216 τδ
1890 2163 1950 2217 δὲ

367 2244 546 2310 κενὸν,
574 2247 688 2300 οὐκ
722 2247 794 2300 ὄν
818 2265 832 2280 ο
867 2248 1022 2317 ἔλεγε
1057 2249 1112 2303 δὲ
1143 2251 1219 2315 ὡς
1247 2251 1336 2304 ἀεὶ
1364 2252 1700 2324 κινουμένων
1723 2254 1834 2309 τῶν
1861 2255 1946 2309 δν-

366 2353 474 2391 των
502 2338 656 2409 ἐντῷ
683 2339 829 2410 κενῷ
847 2357 860 2369 ·
877 2340 1143 2411 ἀπείρους
1169 2343 1226 2396 δὲ
1251 2339 1392 2397 εἶναι
1425 2344 1435 2413 Ι
1467 2345 1708 2416 κόσμους
1733 2346 1830 2400 καὶ
1852 2363 1950 2417 με-

367 2428 522 2497 γέθει
565 2429 945 2502 διαφέροντας,
989 2433 1048 2486 ἐν
1094 2451 1204 2488 τισι
1227 2435 1284 2488 δὲ
1314 2435 1389 2506 μὴ
1420 2431 1561 2490 εἶναι
1601 2437 1754 2508 ήλιον
1813 2439 1949 2510 μηδὲ

373 2519 627 2590 σελήνην,
662 2519 720 2573 έν
749 2537 860 2574 τισι
885 2521 944 2575 δὲ
965 2523 1138 2594 μείζω
1159 2524 1269 2578 τῶν
1299 2528 1429 2596 παρ’
1455 2529 1609 2598 ἡμῖν,
1645 2529 1739 2581 καὶ
1762 2528 1821 2582 ἐν
1839 2547 1949 2583 τισι

367 2610 563 2666 πλείω.
597 2608 754 2666 Εἶναι
783 2613 840 2668 δὲ
878 2614 988 2668 τῶν
1015 2615 1240 2686 κόσμων
1271 2619 1435 2673 ἄνισα
1474 2621 1544 2675 τὰ
1580 2621 1946 2694 διαστήματα,

368 2704 466 2758 καὶ
497 2707 566 2775 τῇ
597 2704 700 2776 μὲν
738 2705 984 2771 πλείους,
1017 2709 1084 2778 τῇ
1129 2708 1186 2762 δὲ
1235 2709 1512 2777 ἐλάττους,
1543 2713 1639 2766 καὶ
1682 2714 1810 2777 τοὺς
1850 2713 1951 2784 μὲν

368 2792 652 2862 αὔξεσθαι,
681 2795 810 2858 τοὺς
837 2796 896 2849 δὲ
927 2797 1224 2867 ἀκμάζειν,
1258 2801 1384 2864 τοὺς
1405 2801 1462 2854 δὲ
1497 2802 1727 2870 φθίνειν,
1759 2804 1860 2856 καὶ
1883 2805 1949 2874 τῇ

373 2884 470 2954 μὲν
500 2883 776 2952 γίνεσθαι,
808 2888 875 2957 τῇ
904 2886 963 2939 δὲ
989 2888 1198 2943 λείπειν
1222 2891 1290 2945 ⁸⁸.
1323 2890 1646 2963 Φθείρεσθαι
1671 2894 1730 2949 δὲ
1755 2895 1952 2961 αὐτοὺς

370 2973 462 3026 ὑπ’
486 2974 734 3046 ἀλλήλων
755 2977 1223 3048 προσπίπτοντας.
1249 2977 1402 3035 Εἶναι
1417 2981 1473 3035 δὲ
1517 2984 1693 3048 ένίους
1715 2985 1954 3057 κόσμους

372 3065 613 3137 ἐρήμους
646 3067 804 3132 ζώων
831 3068 926 3122 καὶ
965 3070 1150 3138 φυτῶν
1179 3074 1276 3127 καὶ
1312 3076 1511 3141 παντὸς
1537 3077 1727 3148 ὑγροῦ.
1756 3079 1864 3133 Τοῦ
1893 3080 1952 3134 δὲ

372 3157 504 3228 παρ’
527 3161 662 3229 ήμίν
695 3160 908 3232 κόσμου
935 3163 1203 3235 πρότερον
1231 3164 1312 3238 [ρ.
1345 3166 1432 3222 18.
1466 3167 1554 3241 l9]
1586 3168 1684 3241 τὴν
1714 3170 1818 3241 γῆν
1845 3171 1954 3226 τῶν

375 3246 592 3320 ἄστρων
622 3252 900 3319 γενέσθαι,
947 3250 1090 3310 εἶναι
1118 3257 1176 3311 δὲ
1223 3257 1322 3330 τήν
1355 3260 1456 3330 μὲν
1498 3261 1730 3332 σελήνην
1778 3264 1952 3332 κάτω,

377 3340 571 3397 ἔπειτα
600 3343 693 3398 τὸν
722 3345 896 3416 ἥλιον,
925 3343 1041 3402 εἶτα
1069 3351 1196 3414 τοὺς
1229 3351 1494 3416 ἀπλανεῖς
1532 3354 1791 3425 ἀστέρας.
1817 3355 1956 3420 Τοὺς

375 3433 431 3486 δὲ
462 3433 744 3506 πλάνητας
777 3437 886 3490 οὐδ’
919 3439 1118 3504 αὐτοὺς
1142 3441 1287 3512 ἔχειν
1325 3444 1441 3497 ἴσον
1471 3443 1623 3513 ὕψος.
1663 3445 1956 3516 Ἀκμάζειν

377 3524 432 3578 δὲ
456 3526 687 3596 κόσμον,
717 3528 821 3592 ἕως
860 3531 927 3585 ἂν
955 3532 1154 3602 μηκέτι
1193 3533 1420 3607 δύνηται
1463 3536 1663 3604 ἔξωθέν
1688 3555 1741 3592 τι
1785 3555 1957 3611 προσ-

379 3617 702 3688 λαμϐάνειν.
735 3612 906 3686 Οὗτος
954 3623 1120 3692 ἐγέλα
1149 3625 1347 3694 πάντα,
1385 3628 1462 3693 ὡς
1500 3630 1739 3698 γέλωτος
1791 3631 1928 3700 ἀξίω

382 3710 603 3767 πάντων
635 3711 742 3767 τῶν
770 3715 827 3767 ἐν
850 3715 1179 3789 ἀνθρώποις.
1921 3728 1946 3741 “

456 3995 541 4050 14.
570 3992 881 4070 Ξενοφάνης
909 3999 966 4054 δὲ
993 4001 1023 4054 ὁ
1052 4002 1395 4074 Κολοφώνιος
1433 4005 1792 4079 Ὀρθομένους
1821 4010 1956 4075 υἱός.

385 4078 554 4151 Οὗτος
582 4087 688 4152 ἕως
712 4087 901 4161 Κύρου
920 4091 1210 4162 διέμεινεν.
1244 4087 1417 4158 Οὗτος
1444 4095 1548 4168 ἔφη
1574 4078 1791 4170 πρῶτος
1818 4100 1956 4156 data.

385 4178 652 4250 ταληψίαν
678 4177 820 4236 εἶναι
848 4183 1086 4250 πάντων,
1118 4185 1288 4240 είπὼν
1313 4185 1487 4252 οὕτως
1510 4203 1524 4216 ·

383 4401 446 4453 El
463 4401 576 4472 γὰρ
594 4401 692 4456 καὶ
713 4403 784 4458 τὰ
808 4404 1082 4474 μάλιστα
1107 4407 1179 4462 τύ
1183 4425 1264 4476 χῃ
1297 4409 1733 4480 τετελεσμένον
1751 4412 1958 4481 εἰπὼν,

384 4537 579 4605 Αὐτὸς
615 4539 772 4609 ὅμως
813 4541 925 4595 οὐκ
962 4539 1108 4609 οἶδε,
1138 4542 1320 4612 δόκος
1352 4545 1405 4599 δ’
1453 4546 1553 4600 ἐπὶ
1603 4546 1754 4689 Eram
1785 4548 1960 4651 5m-

1627 4634 1762 4672 κται
1836 4659 1850 4673 .

1627 4634 1762 4672 κται
1785 4634 1850 4673 ’¹.

386 4736 548 4808 Λέγει
577 4741 634 4794 δὲ
669 4742 750 4795 ὄτι
772 4743 924 4798 οὐδὲν
947 4745 1178 4814 γίνεται,
1212 4747 1332 4801 οὐδὲ
1377 4747 1680 4822 φθείρεται,
1721 4752 1844 4808 οὐδὲ
1874 4771 1958 4808 κι-

389 4832 577 4896 νεῖται,
603 4835 699 4887 καὶ
723 4835 806 4888 ὅτι
834 4835 893 4888 ἓν
925 4837 986 4891 τὸ
1017 4840 1123 4892 πᾶν
1146 4840 1294 4894 ἐστιν
1320 4840 1425 4908 ἔξω
1461 4842 1786 4914 μεταϐολῆς.
1819 4847 1959 4918 Φησὶ

386 4922 440 4976 δὲ
494 4926 590 4980 καὶ
621 4926 714 4979 τὸν
757 4929 889 4982 Θεὸν
923 4925 1062 4983 εἶναι
1092 4931 1284 4999 ἀΐδιον,
1335 4934 1429 4986 καὶ
1477 4933 1594 5001 ἕνα,
1633 4936 1729 4990 καὶ
1776 4937 1960 5008 ὅμοιον

389 5014 588 5088 πάντη,
639 5020 735 5072 καὶ
777 5021 1194 5092 πεπερασμένον
1215 5023 1282 5089 ⁸⁸,
1325 5025 1418 5079 καὶ
1475 5027 1817 5098 σφαιροειδῆ,
1867 5029 1962 5084 καὶ

389 5107 524 5162 πᾶσι
553 5111 666 5175 τοῖς
706 5111 918 5184 μορίοις
954 5113 1296 5187 αξσθητικόν.
1329 5116 1434 5170 Τὸν
1465 5117 1523 5170 δὲ
1559 5118 1715 5189 ἥλιον
1757 5120 1823 5172 ἐκ
1868 5136 1962 5190 μι-

2039 516 2094 562 et
2122 508 2410 562 immotum
2437 515 2492 562 et
2525 506 2760 562 ﬁnitum.

2111 596 2419 667 Leucippus
2451 607 2630 651 autem
2665 594 2901 651 Zenonis
2935 593 3140 649 sodalis
3183 609 3292 650 non
3339 595 3390 650 in
3433 595 3622 650 eadem

2040 690 2310 746 sententia
2361 687 2764 760 perseveravit,
2811 687 2908 742 sed
2956 686 3092 742 dicit
3140 685 3352 741 inﬁnita
3399 699 3522 741 esse
3563 695 3619 740 et

2042 797 2258 854 semper
2285 781 2560 837 moventia
2595 789 2651 836 et
2677 780 3090 851 generationem
3116 776 3628 834 commutationem-

2042 890 2148 947 que
2193 876 2529 932 continuam.
2584 872 2866 930 Elementa
2908 880 3090 927 autem
3139 871 3272 927 dicit
3310 869 3529 939 plenum
3575 878 3628 924 et

2043 969 2224 1025 inane.
2289 967 2520 1024 Mundus
2576 976 2755 1022 autem
2807 965 2955 1022 nasci
3009 965 3143 1021 dicit
3195 965 3276 1020 sic
3321 981 3334 1018 :
3391 979 3514 1019 cum
3571 962 3626 1017 in
3678 965 3684 972 '

2044 1075 2298 1134 magnum
2340 1061 2504 1117 inane
2554 1074 2622 1115 ex
2666 1059 2967 1114 continenti
3017 1067 3418 1114 coacerventur
3460 1055 3628 1112 multa

2045 1165 2275 1223 corpora
2304 1159 2361 1207 et
2389 1148 2686 1216 confluant,
2720 1150 2985 1204 illidentia
3022 1148 3091 1204 ad
3124 1163 3182 1204 se
3213 1149 3448 1204 invicem
3479 1162 3631 1202 como

2045 1245 2237 1318 plicari
2275 1259 2395 1314 qua:
2439 1244 2550 1299 sint
2579 1242 2741 1296 simili
2796 1241 2976 1310 specie
3019 1249 3074 1296 et
3109 1239 3300 1296 formis
3329 1241 3630 1309 comparia,

2046 1351 2168 1406 qua:
2205 1345 2386 1390 autem
2433 1349 2540 1390 non
2572 1331 2970 1402 complicentur
2997 1330 3260 1386 aliorsum
3299 1330 3448 1384 ferri.
3477 1329 3631 1384 Mun-

2048 1429 2145 1484 dos
2171 1437 2352 1482 autem
2384 1439 2677 1496 augescere
2715 1431 2773 1478 et
2799 1421 2984 1493 perire
3010 1421 3307 1477 secundum
3337 1420 3630 1490 quamdam

2050 1520 2464 1586 necessitatem;
2514 1530 2771 1588 quasnam
2815 1523 2997 1571 autem
3055 1513 3125 1569 sit
3172 1512 3476 1568 necessitas
3523 1526 3631 1567 non

2049 1612 2318 1669 deﬁnivit.

2122 1703 2466 1761 Democritus
2511 1711 2691 1758 autem
2746 1699 3005 1769 Leucippi
3055 1698 3267 1754 exstitit
3327 1694 3630 1752 familiaris.

2054 1799 2395 1857 Democritus
2441 1797 2773 1865 Damasippi,
2823 1793 3108 1859 Abderita,
3136 1806 3259 1848 cum
3303 1790 3485 1845 multis
3507 1803 3628 1844 ver—

2053 1903 2207 1951 satus
2246 1891 2711 1964 gymnos0pltistis
2759 1889 2811 1942 in
2855 1886 2999 1941 Indis
3050 1897 3106 1940 et
3157 1882 3534 1940 sacerdotibus
3577 1880 3630 1935 in

2054 1986 2290 2058 Egypto
2327 1993 2380 2041 et
2406 1981 2692 2050 astrologis
2723 1989 2778 2036 et
2811 1979 3089 2050 Babylone
3121 1976 3315 2047 magis.
3361 1975 3503 2030 Dicit
3538 1988 3637 2028 au-

2057 2090 2162 2136 tem
2197 2077 2554 2135 consimiliter
2598 2074 2874 2144 Leucippo
2920 2073 2987 2129 de
3029 2070 3333 2137 elementis,
3389 2067 3549 2140 pleno
3577 2075 3637 2122 et

2055 2169 2224 2235 inani,
2257 2167 2311 2224 id
2333 2167 2475 2240 quod
2499 2166 2716 2237 plenum
2743 2173 2830 2220 est
2859 2161 3138 2234 appellans
3169 2161 3446 2225 amittens,
3475 2158 3636 2214 inane

2055 2271 2235 2317 autem
2269 2276 2372 2316 non
2405 2261 2692 2324 exsistam;
2727 2256 2942 2312 dicebat
2976 2263 3180 2318 autem,
3211 2252 3468 2322 quoniam
3518 2264 3637 2306 mo-

2056 2359 2285 2406 veantur
2306 2363 2520 2418 semper
2549 2362 2634 2414 ea,
2671 2361 2790 2418 qua:
2819 2352 3055 2410 exstent,
3105 2343 3158 2398 in
3187 2341 3354 2398 inani.
3390 2340 3636 2396 Inﬁnitos

2057 2451 2240 2497 autem
2271 2455 2394 2496 esse
2424 2440 2653 2495 mundos
2700 2447 2756 2494 et
2790 2436 3162 2508 magnitudine
3199 2434 3533 2499 dilierentes,
3581 2433 3634 2487 in

2057 2531 2382 2604 quibusdam
2413 2541 2594 2587 autem
2625 2545 2732 2585 non
2761 2544 2883 2586 esse
2919 2528 3092 2584 solem
3124 2539 3299 2598 neque
3341 2525 3545 2590 lunam,
3581 2525 3634 2579 in

2059 2626 2384 2698 quibusdam
2416 2633 2595 2680 autem
2625 2621 2862 2690 majores
2899 2619 3119 2683 nostris,
3148 2627 3202 2672 et
3228 2618 3280 2671 in
3314 2618 3636 2688 quibusdam

2061 2718 2268 2786 plures.
2297 2717 2431 2771 Esse
2457 2724 2636 2770 autem
2663 2715 2990 2769 mundorum
3018 2709 3309 2780 inaequales
3329 2708 3636 2770 distantias,

2059 2817 2114 2864 et
2151 2805 2350 2862 alicubi
2381 2805 2598 2876 quidem
2635 2818 2756 2859 esse
2785 2802 2968 2874 plures
3015 2801 3273 2863 mundos,
3307 2797 3503 2852 alicubi
3541 2812 3640 2851 au-

2061 2909 2169 2954 tem
2203 2899 2513 2970 pauciores,
2552 2905 2604 2952 et
2645 2895 2782 2950 alios
2813 2893 3036 2962 quidem
3079 2903 3351 2954 crescere,
3390 2888 3526 2942 alios
3556 2887 3638 2941 vi-

2059 3006 2206 3060 gere,
2223 2991 2356 3046 alios
2373 2989 2605 3058 denique
2622 2988 2822 3059 perire,
2843 2995 2897 3040 et
2913 2983 3107 3039 alicubi
3131 2981 3418 3042 exsistere,
3439 2977 3640 3032 alicubi

2059 3082 2539 3150 deﬁcere;perire
2587 3089 2768 3134 autem
2819 3093 2848 3131 a
2903 3090 2962 3132 se
3009 3075 3240 3130 invicem
3293 3071 3634 3127 collidentes.

2056 3173 2191 3228 Esse
2233 3183 2411 3226 autem
2451 3169 2718 3240 quosdam
2759 3166 2994 3222 mundos
3039 3164 3202 3220 orbos
3233 3161 3554 3217 animalibus
3583 3171 3638 3216 et

2057 3263 2258 3336 plantis
2304 3271 2359 3318 et
2415 3261 2609 3331 quovis
2668 3258 2912 3314 humido.
2979 3254 3163 3311 Nostri
3214 3262 3396 3310 autem
3452 3251 3636 3308 mundi

2057 3356 2207 3426 prius
2269 3364 2468 3409 terram
2519 3349 2773 3422 28-29
2818 3357 3002 3402 natam
3048 3360 3170 3402 esse
3221 3360 3384 3416 quam
3429 3343 3634 3408 stellas,

2057 3461 2178 3502 esse
2225 3453 2406 3500 autem
2455 3442 2639 3497 lunam
2689 3440 2853 3504 infra,
2901 3438 3097 3495 deinde
3137 3438 3331 3506 solem,
3382 3436 3638 3506 deinceps

2059 3537 2315 3592 immotas
2345 3533 2553 3589 stellas.
2604 3532 2870 3586 Errantes
2911 3537 3094 3585 autem
3143 3528 3328 3585 stellas
3361 3542 3460 3584 nec
3492 3528 3638 3598 ipsas

2060 3625 2260 3681 habere
2300 3624 2564 3692 aqualem
2599 3621 2964 3676 altitudinem.
3005 3618 3205 3692 Vigere
3248 3629 3431 3672 autem
3479 3631 3630 3670 munt

2061 3715 2186 3770 dum
2217 3713 2390 3768 donec
2415 3713 2529 3784 jam
2570 3725 2677 3766 non
2728 3710 2902 3781 possit
2934 3709 3279 3766 extrinsecus
3319 3707 3525 3777 aliquid
3549 3722 3637 3761 as-

2059 3819 2294 3861 sumere.
2355 3802 2455 3858 llic
2499 3802 2710 3857 ridebat
2755 3801 2960 3864 omnia,
3001 3808 3258 3870 tanquam
3308 3798 3421 3854 risu
3468 3797 3641 3868 digna:

2060 3906 2246 3954 essent
2279 3911 2370 3953 res
2402 3897 2652 3951 humanae
2682 3907 2894 3947 omnes.

2130 3987 2493 4058 Xenophanes
2522 3993 2702 4039 autem
2757 3979 3126 4051 Colophonius
3172 3979 3524 4036 Orthomenis
3577 3979 3637 4034 ll-

2060 4081 2184 4136 lius.
2215 4053 2316 4134 llic
2342 4053 2514 4148 usque
2539 4075 2606 4130 ad
2639 4073 2840 4144 Cyrum
2865 4072 3020 4128 vixit.
3072 4070 3173 4128 Hic
3233 4072 3442 4143 primus
3503 4071 3639 4127 dixit

2061 4186 2182 4228 esse
2211 4165 2916 4240 incomprehensibilitatem
2944 4164 3208 4234 omnium,
3242 4164 3328 4222 his
3359 4179 3490 4226 usus
3518 4179 3640 4222 ver-

2063 4264 2146 4322 bis
2174 4282 2192 4321 :

2136 4388 2346 4458 Etenim
2368 4401 2414 4456 si
2447 4399 2533 4457 vel
2563 4398 2798 4458 maxime
2843 4398 3085 4473 attigerit
3131 4395 3364 4455 dicendo
3391 4396 3448 4451 id
3499 4397 3642 4466 qum!

2065 4474 2359 4548 perfectum
2379 4481 2482 4527 est.

2135 4543 2254 4612 Ipse
2277 4550 2457 4598 tamen
2494 4555 2601 4596 non
2667 4543 2833 4611 novit,
2869 4542 3110 4614 opinatio
3170 4547 3350 4594 autem
3393 4539 3560 4596 rebus
3588 4540 3642 4595 iu

2065 4613 2316 4670 omnibus
2335 4621 2534 4669 exstat.

2067 4752 2208 4808 Dicit
2239 4759 2418 4806 autem
2457 4751 2593 4806 nihil
2624 4750 2740 4805 ﬁeri
2768 4764 2942 4820 neque
2997 4750 3177 4819 perire
3205 4761 3383 4819 neque
3415 4747 3644 4814 moveri,

2066 4854 2122 4901 et
2147 4857 2311 4898 unum
2337 4855 2459 4899 esse
2487 4842 2799 4897 universum
2855 4841 2992 4896 citra
3039 4839 3471 4898 conversionem.
3507 4837 3651 4896 Dicit

2068 4948 2252 4994 autem
2281 4937 2444 4992 etiam
2463 4935 2635 4991 Deum
2662 4949 2785 4992 esse
2811 4943 3076 4991 aeternum
3098 4942 3155 4992 et
3183 4948 3352 4990 unum
3375 4939 3432 4988 et
3460 4946 3650 5004 mqua-

2071 5031 2234 5087 bilem
2265 5030 2334 5086 ab
2358 5029 2505 5086 omni
2532 5038 2687 5100 parte
2722 5035 2780 5086 et
2807 5029 3161 5086 terminatum
3187 5033 3247 5082 et
3281 5024 3647 5082 orbicularem

2071 5130 2126 5176 et
2145 5122 2326 5177 omnis
2371 5120 2655 5192 particulis
2715 5119 3052 5178 sensibilern.
3120 5117 3300 5176 Solem
3345 5126 3530 5176 autem
3581 5132 3648 5173 ex
3685 5102 3694 5110 ’

1693 5269 1931 5326 νΑῐιιΑε
1962 5269 2372 5328 LECTIUNES.

407 5454 415 5504 ί
530 5420 778 5504 γίνεσθαι
809 5423 1088 5504 Roepet‘us
1115 5442 1130 5480 :
1167 5421 1420 5504 γενέσθαι
1449 5425 1630 5496 vulgo.
1696 5426 1765 5504 ,ξι
1787 5424 1961 5504 οἰξτως
1973 5425 2157 5504 ξηόταν
2187 5425 2520 5504 lloeperus”:
2552 5427 2681 5504 ὅταν
2709 5427 2934 5504 vulgo.“
2983 5430 3029 5462 ⁶⁹
3058 5428 3206 5504 μέγα
3237 5430 3395 5504 κενὸν
3442 5429 3651 5504 Roepe-

394 5503 483 5563 rus
517 5508 555 5563 ;_
569 5492 892 5563 μετάκοινον
908 5493 1100 5563 vulgo.
1176 5495 1221 5527 ⁸³

1256 5494 1398 5569 Quid
1440 5494 1632 5552 auctor
1662 5494 2179 5569 _di_xerit__colli_gitur
2205 5511 2272 5552 ex
2278 5494 2421 5569 joco
2448 5495 2702 5568 Diogenis
2735 5494 3153 5569 La'ertiijx,'5f
3190 5501 3336 5556 unde
3374 5494 3652 5569 Roepei-ns

390 5558 582 5664 εξ...ξέ
606 5561 710 5664 μὴ.
731 5558 1170 5664 ἐξεέἓξξὶεὲῗέἭ
1199 5558 1780 5664 ,είξιέεξξξιῑροηεξέλ
1874 5565 1924 5664 ::
1941 5558 2215 5664 ἑέῐςξξνα
2241 5558 2618 5664 “Reges”
2653 5569 2892 5664 υεςεεηε
2919 5558 3162 5664 ,ιθέτιίο
3297 5571 3368 5629 δε
3393 5589 3406 5626 =
3435 5558 3525 5627 δεδι

395 5629 572 5698 vulgo.

393 5697 436 5730 "
474 5697 537 5753 οὐ
584 5697 1006 5774 πεπερασμένον
1031 5697 1292 5761 'Wollius.

751 5633 1212 5707 Ἀϐδηρίτης-μς
1260 5633 1576 5707 Λύδηρίτηξ
1618 5635 1797 5706 vulgo.
1874 5636 1918 5667 ⁸⁸⁵
1939 5635 2209 5690 ἐκλείπειν
2241 5636 2307 5691 ll.
2339 5633 2601 5693 Bi’ttertts.

2701 5637 2743 5669 ⁸⁷
2775 5637 3029 5694 Karsten.
3082 5641 3276 5711 fragm.
3333 5658 3422 5697 xtv
3473 5657 3526 5712 p.
3559 5637 3650 5698 5i.
