4128 6316
444 326 585 391 3(ὶέἷί

1890 336 2258 397 OlllGENlS

3564 341 3700 400 3044

446 447 661 497 sitatem
685 456 826 507 esse,
862 460 959 514 per
982 445 1313 503 voluntatem
1346 458 1524 503 autent
1553 450 1643 503 Dei
1680 450 2017 504 immortales

2128 449 2175 498 ἐν
2197 442 2241 515 ᾧ
2266 446 2520 517 προσθεὶς
2544 446 2691 513 λέγει
2715 462 2727 474 ’
2751 446 2894 510 Θεὸς
2915 444 3085 511 θεῶν,
3106 441 3193 500 ὧν
3216 445 3331 514 ἑγὼ
3345 444 3701 517 δημιοιψγός

446 546 588 596 esse,
632 534 719 586 ubi
756 534 869 588 lucc
900 535 1049 589 addit
1087 535 1269 591 :Dens
1302 539 1541 605 deorum,
1584 555 1804 605 quorum
1833 554 1925 604 ego
1969 549 2016 591 et

446 622 624 691 opifex
674 633 723 677 et
766 636 936 693 pater,
973 627 1360 682 indissolubilia
1418 647 1497 684 me
1544 631 1755 697 quidem
1797 631 2016 694 volente,

446 717 724 784 quatiam,
762 719 808 773 si
850 721 1003 774 vellet
1048 722 1299 786 dissolvi,
1352 721 1507 777 facile
1562 722 2015 776 dissolverentur.

451 807 761 864 mentonum
790 824 968 865 autem
1011 824 1231 868 naturas
1269 814 1487 883 accipit,
1529 823 1583 868 et
1618 814 1753 867 alios
1774 813 2018 885 35-35

447 903 660 968 quidem
688 904 858 957 bonos
882 919 1002 959 esse
1031 906 1155 958 dicit
1181 920 1393 969 eormn,
1418 906 1551 962 alios
1575 917 1757 961 autem
1800 924 2019 978 pravos.

448 994 515 1047 Et
547 994 781 1048 animam
819 995 1034 1065 quidem
1072 997 1311 1053 nonnulli
1353 999 1539 1053 dicunt
1570 1014 1692 1054 eum
1724 1016 1827 1054 non
1860 1014 2024 1069 gene-

449 1098 618 1140 ratam
645 1086 829 1141 dicere
852 1096 1029 1141 etnon
1051 1088 1369 1158 perituram,
1393 1091 1611 1159 quando
1632 1091 1807 1147 dicat:
1829 1093 2023 1147 Anima

444 1181 638 1249 quasi:
694 1180 1035 1245 immortalis,
1080 1198 1200 1235 nam
1232 1183 1373 1252 quod
1400 1199 1603 1253 semper
1631 1194 1867 1237 movetur
1916 1186 2019 1238 im-

447 1272 668 1326 mortale
720 1282 817 1339 est,
857 1284 913 1328 et
955 1275 1175 1342 quando
1205 1288 1300 1344 per
1346 1290 1404 1329 se
1453 1276 1625 1344 ipsam
1661 1277 1863 1331 moveri
1902 1292 2020 1331 eam

448 1364 638 1419 doceat
662 1379 893 1433 eamque
911 1380 1034 1420 esse
1062 1366 1384 1435 principium
1415 1367 1811 1422 movendi.Alii
1840 1379 2021 1423 autem

449 1467 788 1523 generatam,
826 1472 931 1511 non
978 1466 1157 1512 autem
1208 1459 1503 1526 perituram
1564 1474 1660 1529 per
1690 1460 2021 1517 voluntatem

456 1546 575 1601 Dei.
610 1547 714 1600 Alii
747 1547 982 1618 denique
1011 1550 1368 1616 compositam
1411 1560 1461 1603 et
1512 1561 1820 1619 generatam
1850 1563 1903 1608 et
1928 1570 2025 1623 pe-

452 1639 718 1704 rituram;
750 1642 952 1695 etenim
989 1651 1256 1695 craterem
1293 1641 1408 1711 ejus
1459 1652 1701 1697 statuere
1729 1659 1873 1710 eum,
1910 1661 2028 1699 cor-

2122 556 2186 591 τε
2209 539 2307 591 καὶ
2347 537 2566 607 πατὴρ,
2623 538 2821 591 ἄλυτα.
2857 539 3006 606 ἐμοῦ
3040 555 3107 608 γε
3156 537 3464 603 θέλοντος,
3505 538 3582 602 ὡς
3636 542 3704 595 ἂν

2121 630 2170 681 εἱ
2195 629 2419 700 λυθῆναι
2450 628 2589 682 αὑτά
2616 627 2781 689 θέλει,
2799 627 2993 697 ῥᾳδίως
3021 626 3389 699 λυθησόμενα.
3423 627 3705 698 Δαιμόνιον

2121 722 2177 775 δὲ
2208 720 2401 789 φύσεις
2435 720 2780 790 ἀποδέχεται,
2822 719 2916 772 καὶ
2960 719 3084 782 τοὺς
3138 718 3240 788 μὲν
3283 718 3526 786 ἀγαθοὺς
3563 715 3705 774 εἶναι

2121 810 2203 884 [ρ.
2228 812 2319 866 22.
2351 810 2445 883 25]
2477 829 2643 882 φησιν
2672 810 2874 875 αὐτῶν,
2901 812 3027 875 τοὺς
3058 810 3116 865 δὲ
3157 811 3421 880 φαύλους.
3469 812 3581 867 Καὶ
3605 812 3707 884 τὴν

2120 906 2301 977 ψυχὴν
2344 907 2396 959 οἱ
2446 906 2545 977 μέν
2592 922 2757 975 φασιν
2805 904 3013 958 αὑτὺν⁸
3053 905 3318 975 ἀγένητον
3373 904 3558 973 λέγειν
3610 908 3707 959 καὶ

2122 998 2422 1070 ἄφθαρτον,
2467 999 2595 1052 ὅταν
2633 998 2769 1069 λέγῃ
2792 1013 2808 1028 υ
2861 995 3036 1067 Ψυχὴ
3074 994 3245 1052 πᾶσα
3277 996 3599 1063 ἀθάνατοςο
3637 998 3706 1052 τὸ

2124 1088 2233 1159 γὰρ
2280 1090 2624 1158 ἀεικίνητον
2666 1088 3003 1144 ἀθάνατον·
3048 1088 3144 1142 καὶ
3181 1089 3311 1141 ὅταν
3347 1089 3708 1159 αὐτοκίνητον

2124 1183 2294 1252 αὑτὴν
2320 1180 2653 1251 ἀποδεικνύῃ
2688 1180 2782 1233 καὶ
2814 1178 2988 1251 ἀρχὴν
3020 1180 3316 1250 κινήσεως.
3347 1180 3411 1233 Ol
3443 1180 3502 1235 δὲ
3539 1196 3703 1250 γενη-

2122 1274 2223 1343 τὴν
2254 1274 2376 1344 μὲν,
2405 1272 2682 1343 ἄφθαρτον
2709 1272 2767 1326 δὲ
2798 1271 2887 1325 διὰ
2916 1272 3016 1342 τὴν
3046 1271 3141 1325 τοῦ
3167 1272 3302 1326 Θεοῦ
3330 1272 3607 1343 βούλησιν.
3640 1276 3703 1329 Oi

2124 1366 2182 1419 δὲ
2229 1363 2483 1418 σύνθετον
2532 1364 2630 1417 καὶ
2680 1362 2913 1433 γενητὴν
2965 1362 3060 1417 καὶ¹
3113 1362 3397 1434 φθαρτήνο
3456 1364 3552 1418 καὶ
3594 1364 3704 1436 γάρ

2125 1457 2380 1528 κρατῆρα
2413 1456 2584 1525 αὑτῆς
2608 1455 2960 1509 ὑποτίθεσθαι
2982 1456 3025 1519 ³,
3052 1456 3147 1508 καὶ
3174 1455 3333 1524 σῶμα
3362 1455 3535 1525 αὐτὴν
3560 1456 3704 1527 ἔχειν

2124 1548 2418 1617 αὐγοειδὲς,
2443 1548 2503 1601 τὸ
2530 1548 2585 1601 δὲ
2612 1549 2906 1617 γενόμενον
2931 1548 3039 1601 πᾶν
3068 1548 3313 1615 ἀνάγκην
3338 1546 3481 1617 ἔχειν
3497 1547 3540 1612 ⁸,
3572 1547 3707 1617 φθα-

2129 1639 2306 1708 ρῆναι.
2355 1639 2420 1691 Οἱ
2469 1638 2528 1691 δὲ
2574 1638 2841 1692 ἀθάνατον
2886 1637 3058 1708 αὐτὴν
3111 1632 3251 1692 εἷναι
3286 1637 3536 1705 λέγοντες
3592 1639 3705 1708 μά-

456 1744 663 1798 pnsque
691 1746 816 1784 eam
854 1732 1052 1787 habere
1106 1733 1243 1787 lucis
1292 1732 1490 1801 simile,
1527 1735 1788 1805 quidquid
1846 1744 2022 1790 autem

2128 1731 2284 1785 λιστα
2320 1730 2591 1793 ὲκείνοις⁸
2621 1729 3007 1801 ἰσχυρίζονται,
3044 1731 3193 1791 ὅσοις
3225 1728 3320 1785 καὶ
3348 1729 3556 1799 κρίσεις
3599 1747 3707 1801 φη-

453 1830 768 1887 generatum
787 1821 858 1876 sit
890 1823 1199 1877 necessario
1227 1824 1425 1892 perire.
1462 1825 1562 1891 Qui
1590 1838 1770 1881 autem
1806 1827 2026 1882 immor-

2132 1821 2215 1874 σὶν
2238 1823 2258 1853 ⁸
2293 1817 2435 1875 εἶναι
2476 1821 2618 1891 μετά
2648 1821 2925 1892 τελευτὴν,
2963 1821 3057 1875 καὶ
3102 1822 3162 1874 ἐν
3199 1821 3326 1892 ᾅδου
3356 1820 3707 1891 δικαστήρια,

454 1910 618 1964 talem
644 1926 763 1966 eam
815 1928 937 1968 esse
990 1915 1198 1982 dicunt,
1247 1918 1312 1971 iis
1360 1918 1700 1987 potissimum
1760 1920 2023 1985 nituntur,

451 2002 653 2069 quibus
680 2005 846 2057 etiam
886 2005 1090 2072 judicia
1133 2023 1256 2064 esse
1292 2010 1370 2064 ait
1424 2020 1542 2079 post
1596 2020 1824 2066 mortem
1877 2022 1930 2066 ct
1973 2014 2024 2067 in

452 2092 595 2150 Orco
626 2097 935 2166 tribunalia,
970 2110 1023 2154 et
1046 2100 1212 2157 bonas
1240 2102 1459 2172 quidem
1482 2103 1691 2159 animas
1720 2106 2025 2160 mercedem

451 2190 731 2259 consequi,
789 2207 986 2260 pravas
1027 2204 1207 2250 autem
1252 2206 1647 2252 consentaneas
1674 2211 1882 2265 poenas.
1908 2196 2029 2253 Iam

449 2283 664 2350 quidam
720 2285 871 2339 aiunt
907 2285 1053 2340 illum
1103 2287 1269 2342 etiam
1316 2289 1691 2358 migrationem
1722 2290 2029 2344 animarum

450 2374 809 2443 comprobare
843 2383 898 2431 et
933 2378 1320 2448 transmigrare
1349 2380 1581 2445 animas,
1634 2395 1755 2449 quae
1800 2395 2026 2435 numero

449 2464 686 2521 deﬁnita:
717 2469 848 2535 sint,
884 2469 1017 2525 alias
1053 2469 1105 2523 in
1145 2470 1247 2524 alia
1295 2485 1547 2540 corpora,
1580 2472 1757 2540 prnuti
1801 2471 2027 2542 singulm

448 2571 676 2626 quaeque
704 2570 1041 2627 mereantur,
1074 2569 1129 2614 et
1171 2575 1267 2629 per
1310 2564 1557 2629 qumdam
1608 2561 1890 2615 intervalla
1916 2572 2025 2615 sta-

452 2655 563 2698 tuta
608 2647 810 2702 remitti
856 2649 907 2702 in
941 2650 1084 2704 hunc
1132 2651 1387 2704 mundum
1422 2667 1613 2706 rursus
1643 2652 2023 2707 documentum

449 2738 790 2794 exhibituras
826 2741 1109 2797 electionis
1157 2758 1289 2797 suae.
1329 2744 1431 2797 Alii
1464 2754 1677 2809 contra,
1706 2744 1879 2799 locunt
1913 2745 2025 2799 adi-

451 2830 585 2900 pisci
622 2832 798 2900 pronti
856 2844 1174 2889 mereantur
1218 2836 1462 2904 singular,
1507 2845 1843 2905 utunturque
1873 2837 2026 2892 testi-

451 2921 653 2985 m0nio,
682 2922 825 2990 quod
875 2924 1020 2978 dicat
1076 2940 1196 2979 cum
1234 2924 1362 2981 Jove
1395 2929 1654 2995 quosdam
1694 2942 1837 2993 esse,
1887 2929 2026 2982 alios

450 3022 632 3068 antem
664 3028 786 3067 cum
816 3016 937 3069 aliis
974 3016 1075 3071 diis
1121 3028 1511 3073 conversantes
1548 3021 1837 3086 proborum
1876 3021 2023 3074 viro-

452 3120 592 3171 rum,
624 3106 825 3161 alteros
883 3118 1059 3162 autem
1090 3124 1278 3179 pmnas
1320 3108 1548 3165 sulferre
1581 3122 1836 3175 aeternas,
1865 3121 2024 3180 quot-
2050 3138 2095 3196 ο

450 3206 580 3264 quot
610 3213 773 3266 prava
806 3209 861 3253 et
890 3199 1084 3267 injusta
1138 3218 1233 3271 per
1273 3203 1413 3257 hanc
1462 3202 1628 3255 vitam
1678 3214 2026 3272 perpetrave-

450 3286 577 3339 rint.
613 3285 809 3342 Dicunt
858 3298 1038 3344 autem
1088 3307 1209 3345 eum
1265 3292 1392 3357 alia,
1445 3293 1629 3363 ἀμεσα
1684 3294 1889 3359 dicere,
1922 3294 2026 3349 alia

451 3376 689 3448 ἓμμεσα,
747 3380 852 3434 alia
906 3381 1048 3452 μέσα
1116 3400 1315 3439 rerum.
1357 3385 1592 3456 Vigilare
1658 3396 1712 3439 ct
1751 3386 2029 3443 somniare

448 3464 629 3536 ἄμεσα
666 3474 721 3521 et
749 3482 871 3538 qua:
903 3478 1028 3523 sunt
1080 3471 1499 3540 eiusdemmodi,
1541 3472 1759 3542 ἐμμεσα
1819 3486 2027 3543 autem,

450 3558 621 3613 veluti
644 3560 783 3613 bona
812 3568 868 3614 et
897 3561 1061 3624 mala,
1095 3572 1148 3615 et
1181 3564 1343 3632 μέσα,
1372 3564 1535 3617 veluti
1565 3565 1705 3618 inter
1738 3568 2027 3623 candidum

450 3661 505 3703 et
527 3652 741 3716 nigrum
788 3649 1000 3704 fuscum
1024 3653 1107 3707 vel
1142 3654 1376 3722 aliquem
1405 3655 1569 3709 alium
1597 3655 1848 3710 colorem.
1879 3657 2027 3713 Bona

454 3748 635 3793 autem
683 3739 793 3793 sola
843 3742 1058 3810 proprie
1111 3743 1292 3799 dicere
1324 3760 1445 3799 eum
1511 3745 1662 3800 aiunt
1692 3762 1812 3817 quae
1863 3749 2031 3818 perti-

453 3840 587 3885 nent
619 3831 683 3885 ad
713 3831 973 3897 animam,
1004 3847 1124 3902 quae
1155 3843 1333 3889 autem
1365 3836 1477 3891 sint
1504 3838 1750 3906 corporis
1766 3848 1821 3893 et
1848 3850 2025 3906 extra,

453 3933 561 3974 non
586 3920 700 3988 jam
753 3922 970 3990 proprie
1015 3924 1179 3988 bona,
1230 3925 1326 3979 sed
1379 3925 1641 3994 appellata
1681 3926 1843 3991 bona,
1887 3943 2029 3998 smpe

452 4019 634 4065 autent
690 4013 854 4066 etiam
906 4013 1081 4068 media
1141 4016 1501 4085 appellavisse
1546 4031 1633 4083 ea,
1687 4017 1851 4072 licere
1880 4019 2026 4073 enim

452 4101 559 4158 illis
581 4113 635 4156 et
679 4102 816 4158 bene
848 4114 899 4159 et
931 4106 1071 4160 male
1099 4106 1198 4160 uti.
1230 4104 1351 4161 Jam
1397 4108 1629 4163 virtutes
1652 4122 1717 4162 ex
1746 4110 1917 4176 pretio
1951 4110 2029 4164 ait

451 4196 794 4250 summitates
826 4212 967 4261 esse,
1013 4214 1070 4253 re
1120 4209 1299 4254 autem
1338 4200 1677 4254 medietatcs.
1727 4198 2028 4255 Pretiosius

450 4286 595 4341 cnim
620 4286 751 4342 nihil
777 4289 1013 4357 virtute;
1039 4291 1301 4362 quidquid
1323 4300 1502 4346 autem
1530 4307 1721 4346 earum
1748 4293 1832 4347 vel
1863 4306 2030 4347 exsu-

451 4388 608 4449 peret
649 4378 731 4433 vel
775 4379 993 4436 deficiat
1048 4382 1101 4436 in
1146 4383 1468 4452 pravitatem
1509 4383 1813 4448 terminari,
1862 4384 2026 4438 veluti

2130 1915 2223 1967 καὶ
2263 1914 2365 1978 τάς
2419 1915 2517 1984 μὲν
2551 1914 2760 1984 ἀγαθὰς
2791 1912 2999 1983 ἀγαθοῦ
3035 1914 3228 1984 μισθοῦ
3261 1915 3577 1984 τυγχάνειν,
3610 1913 3711 1978 τὰς

2128 2006 2183 2058 δὲ
2224 2004 2465 2076 πονηρὰς
2500 2004 2808 2058 ἀκολούθων
2855 2004 3043 2059 δικῶν.
3085 2005 3240 2069 Τινὲς
3286 2005 3386 2075 μὲν
3414 1998 3510 2057 οὖν
3540 2020 3711 2072 φασιν

2130 2098 2222 2151 καὶ
2260 2097 2753 2167 μετενσωμάτωσιν
2798 2096 2961 2149 αὑτὸν
2995 2097 3280 2166 ὁμολογεῖν
3308 2097 3405 2149 καὶ
3436 2095 3708 2167 μεταϐαί-

2128 2189 2277 2241 νειντ
2318 2188 2417 2251 τὰς
2457 2187 2636 2258 ψυχὰς
2685 2185 2998 2258 ὡρισμένας
3046 2185 3210 2249 οὑσας
3242 2186 3409 2250 ἄλλας
3458 2188 3541 2251 εἰς
3572 2185 3709 2239 ἄλλα

2129 2277 2359 2347 σώματα
2388 2279 2509 2331 κατ’
2531 2275 2686 2341 ἀξίαν
2710 2277 2917 2350 ἑκάστῃ
2949 2275 3044 2329 καὶ
3068 2276 3214 2330 κατά
3240 2293 3393 2339 τινας
3421 2275 3709 2346 περιόδους

2126 2367 2438 2437 ὡρισμένας
2458 2364 2878 2436 ἀναπέμπεσθαι
2901 2365 2980 2428 είς
3004 2364 3195 2418 τοῦτον
3214 2364 3305 2418 τὸν
3326 2364 3531 2435 κόσμον
3545 2364 3711 2418 πάλιν

2129 2463 2326 2529 πεῖραν
2356 2458 2735 2530 παρεξομένας
2761 2457 2864 2527 τῆς
2894 2455 3104 2510 ἑαυτῶν
3129 2457 3522 2528 προαιρέσεως.
3554 2456 3616 2509 Οί
3649 2455 3709 2509 δὲ

2127 2549 2208 2611 οὓ,
2260 2550 2397 2604 ἀλλά
2438 2549 2602 2602 τόπον
2641 2548 2934 2618 λαγχάνειν
2972 2550 3092 2602 κατ’
3132 2547 3290 2615 ἀξίαν
3332 2548 3564 2618 ἑκάστῃ,
3610 2547 3708 2602 καὶ

2127 2644 2367 2714 χρῶνται
2400 2642 2706 2714 μαρτυρίῳ,
2738 2642 2818 2694 ὅτι
2848 2641 3019 2712 φησὶ,⁸
3053 2639 3192 2710 μετά
3218 2639 3339 2703 Διύς
3366 2657 3518 2704 τινας
3540 2636 3702 2735 εἰναι,

2127 2731 2321 2795 ἄλλους
2365 2731 2422 2784 δὲ
2458 2730 2594 2800 μετά
2627 2729 2805 2784 ἄλλων
2853 2729 2991 2783 θεῶν
3020 2728 3709 2800 συμπεριπολοῦνταίτῶν

2128 2822 2352 2891 ἀγαθῶν
2406 2822 2637 2893 ἀνδρῶν,
2691 2822 2818 2885 τοὺς
2864 2821 2923 2875 δὲ
2980 2822 3038 2875 ὲν
3090 2822 3375 2875 κολάσεσιν
3440 2822 3709 2893 ὑπάρχειν

2127 2914 2364 2979 αἰωνίοις
2386 2917 2430 2980 ⁸,
2477 2915 2591 2967 ὅσοι
2630 2913 2845 2985 πονηρά
2874 2914 2971 2968 καὶ
3011 2913 3174 2968 ἄδικα
3207 2913 3358 2986 παρά
3387 2915 3575 2967 τοῦτον
3615 2914 3707 2966 τὸν

2131 3007 2243 3077 βίον
2312 3008 2451 3061 εἰσιν
2506 3006 2940 3078 ἐξειργασμένοι.
2992 3007 3133 3059 Φασὶ
3168 3005 3227 3058 δὲ
3276 3005 3441 3060 αὑτὸν
3486 3005 3556 3059 τά
3606 3005 3706 3075 μὲν

2129 3099 2309 3169 ἀμεσα
2341 3097 2541 3167 λέγειν,
2573 3096 2643 3149 τά
2679 3095 2737 3149 δὲ
2776 3094 3015 3165 ἐμμεσα,
3048 3093 3116 3147 τὰ
3145 3092 3204 3147 δὲ
3240 3093 3381 3165 μέσα
3413 3092 3525 3147 τῶν
3564 3109 3707 3162 πρα-

2129 3192 2377 3262 γμάτων.
2426 3190 2786 3261 Ἐγρίεγορσιν
2814 3187 2913 3259 μὲν
2943 3186 3039 3241 καὶ
3060 3184 3228 3241 ὕπνον
3253 3187 3457 3257 ἀμεσα,
3488 3188 3582 3241 καὶ
3604 3187 3707 3240 ὅσα

2128 3282 2387 3336 τοιαῦτα·
2443 3281 2661 3352 ιμμεσα
2712 3279 2791 3343 δὲ,
2853 3274 2964 3333 οἷον
3003 3278 3187 3347 ἀγαθά
3232 3280 3327 3332 καὶ
3380 3278 3562 3333 κακά’
3611 3278 3707 3331 καὶ

2133 3374 2304 3445 μέσα,
2347 3366 2460 3427 οἷον
2511 3372 2604 3427 τοῦ
2653 3372 2849 3425 λευκοῦ
2891 3373 2987 3425 καὶ
3038 3371 3268 3442 μέλανος
3296 3371 3358 3424 τὸ
3389 3370 3612 3442 φαιὸνῆ
3652 3387 3707 3424 τι

2129 3464 2258 3521 ἄλλο
2306 3464 2524 3536 χρῶμα.
2578 3462 2785 3532 Ἀγαθά
2827 3462 2882 3516 δὲ
2921 3461 3060 3533 μόνα
3103 3462 3307 3532 κυρίως
3332 3462 3513 3531 λέγειν
3546 3462 3708 3532 φασὶν

2130 3557 2293 3612 αὑτὸν
2320 3556 2391 3609 τά
2422 3555 2551 3626 περὶ
2579 3553 2778 3624 ψυχὴν,
2806 3554 2875 3607 τὰ
2900 3554 2957 3607 δὲ
2986 3553 3117 3624 περὶ
3150 3554 3311 3625 σῶμα
3344 3555 3440 3609 καὶ
3462 3554 3532 3609 τά
3554 3555 3708 3617 ἐκτὸς

2129 3649 2229 3702 οὐκ
2266 3648 2345 3701 ἐτι
2377 3646 2582 3719 κυρίως
2619 3644 2825 3715 ἀγαθὰ,
2865 3646 3001 3702 ἀλλά
3037 3645 3311 3717 λεγόμενα
3338 3646 3541 3715 ἀγαθὰ,
3579 3647 3710 3700 πολ-

2134 3739 2301 3809 λαχοῦ
2330 3738 2387 3792 δὲ
2422 3739 2515 3793 καὶ
2548 3738 2689 3809 μέσα
2718 3739 3065 3809 ὠνομακέναι
3092 3740 3265 3793 αὑτάσ
3290 3735 3430 3792 εἷναι
3470 3738 3580 3807 γάρ
3608 3739 3708 3791 αὑ-

2128 3834 2240 3893 τοῖς
2285 3830 2381 3884 καὶ
2428 3830 2610 3893 καλῶς
2650 3830 2744 3883 καὶ
2784 3830 2973 3894 κακῶς
3022 3830 3282 3901 χρῆσθαι.
3321 3830 3436 3895 Τάς
3484 3830 3585 3901 μὲν
3616 3826 3709 3885 οὖν

2130 3918 2331 3991 ἀρετὰς
2356 3920 2499 3973 κατά
2528 3919 2693 3990 τιμὴν
2728 3919 3034 3990 ἀκρότητας
3063 3916 3204 3974 εἷναί
3226 3938 3360 3990 φησι
3387 3921 3453 3986 ¹“,
3486 3920 3629 3974 κατά
3651 3921 3709 3975 δι

2129 4012 2316 4065 οὐσίαν
2366 4010 2701 4081 μεσότητας’
2749 4009 3078 4082 τιμιώτερον
3127 4013 3226 4083 μὲν
3259 4014 3369 4084 γὰρ
3401 4012 3555 4067 οὐδὲν
3583 4015 3710 4085 ἀρε-

2131 4104 2250 4172 τῆς.
2304 4102 2378 4155 Τὸ
2407 4102 2464 4155 δὲ
2506 4101 2849 4172 ὑπερϐάλλον
2893 4103 3076 4156 αὑτῶν
3121 4103 3153 4173 ἢ
3190 4104 3367 4157 ἐνδέον
3399 4107 3481 4168 εἱς
3507 4106 3710 4160 κακίαν

2129 4197 2407 4268 τελευτᾷν,
2453 4189 2563 4248 οἷον
2605 4194 2879 4265 τέσσαράς
2913 4212 3078 4266 φησιν
3100 4196 3140 4227 ¹¹
3174 4192 3314 4249 εἶναι
3344 4196 3551 4267 ἀρετὰς
3581 4197 3713 4270 φρύ-

2131 4306 2310 4361 νησιν,
2361 4286 2737 4360 σωφροσύνην,
2768 4288 3137 4359 δικαιοσύνην,
3184 4287 3456 4359 ἀνδρείαν.
3491 4288 3709 4343 Τούτωι

2131 4384 2339 4456 ἑκάστῃ
2388 4380 2821 4452 παρακολουθεῖν
2857 4380 2952 4435 δύο
2997 4382 3217 4446 κακίας,
3249 4382 3375 4436 καθ’
3405 4382 3711 4454 ὑπερϐολὴν

452 4482 685 4543 quatuor
714 4474 901 4528 statuit
943 4489 1067 4530 esse
1123 4475 1389 4531 virtutes:
1426 4476 1791 4544 prudentiam,
1818 4486 2025 4545 tempe-

2133 4479 2227 4530 καὶ
2268 4477 2511 4547 μείωσιν,
2551 4472 2663 4529 οἷον
2695 4478 2761 4547 τῇ
2796 4476 2894 4547 μὲν
2928 4479 3187 4548 φρονήσει
3221 4478 3539 4549 ἀφροσύνην
3568 4480 3710 4533 κατά

453 4564 706 4632 rantiam,
748 4566 1042 4636 justitiam,
1114 4565 1513 4622 fortitudinem.
1582 4567 1787 4622 llarum
1839 4585 2033 4623 unam-

452 4671 721 4727 quamque
750 4660 998 4713 comitari
1029 4660 1134 4714 duo
1182 4660 1335 4724 vitia,
1375 4674 1470 4729 per
1502 4662 1943 4730 exsuperantiam
1976 4672 2033 4715 et

339 4725 349 4793 ’ν
368 4796 384 4813 ,
455 4725 908 4813 deminutionem,
934 4749 1096 4806 veluti
1122 4725 1463 4820 prudentiam
1492 4725 1914 4821 imprudentiam
1939 4768 2034 4823 per

454 4839 903 4911 deminutionem,
938 4844 1285 4899 calliditatem
1336 4853 1518 4901 autem
1551 4861 1646 4916 per
1696 4861 2032 4913 exsuperant--

456 4933 609 5000 tiam,
646 4938 1059 5005 temperantiam
1098 4945 1276 4993 autem
1301 4937 1752 4992 incontinentiam
1781 4935 2027 5008 36-37

455 5039 553 5094 per
576 5026 1024 5092 deminutionem,
1074 5028 1504 5085 imbecillitatem
1539 5042 1635 5098 per
1691 5040 2029 5097 exsuperan-

2134 4569 2380 4639 μείωσιν,
2408 4566 2740 4639 πανουργίαν
2781 4566 2858 4640 [υ.
2884 4568 2977 4632 25,
3013 4567 3107 4641 24]
3139 4568 3195 4622 δὲ
3230 4569 3352 4622 καθ’
3383 4569 3711 4641 ὑπερϐολὴν,

2130 4662 2197 4730 τῇ
2222 4660 2279 4711 δὲ
2303 4658 2625 4729 σωφροσύνῃ
2649 4658 2943 4712 ἀκολασίαν
2964 4658 3107 4712 κατά
3137 4659 3383 4727 μείωσιν,
3415 4660 3713 4728 σκαιότητα

2132 4751 2255 4804 καθ’
2304 4749 2635 4821 ὑπερϐολὴν,
2688 4751 2754 4821 τῇ
2784 4749 2839 4803 δὲ
2869 4750 3187 4824 δικαιοσύνῃ
3220 4751 3527 4821 μιιονεξίαν
3572 4753 3713 4805 κατά

2138 4846 2383 4915 μείωσιν,
2417 4843 2730 4911 πλεονεξίαν
2773 4842 2897 4898 καθ’
2945 4843 3272 4916 ὑπερϐολὴν,
3303 4846 3369 4914 τῇ
3407 4844 3463 4896 δὲ
3489 4844 3711 4915 ἀνδρεία

2139 4939 2343 4993 δειλίαν
2372 4937 2515 4991 κατά
2545 4938 2793 5009 μείωσιν,
2825 4936 3200 5009 θρασύτητα¹’
3232 4936 3352 4991 καθ’
3379 4935 3707 5007 ὑπερϐολὴν,

2138 5034 2341 5095 ταύτας
2373 5032 2430 5085 δὲ
2458 5031 2825 5102 ὲγγενομένας
2856 5031 2956 5095 τὰς
2994 5030 3196 5101 ἀρετὰς
3234 5029 3505 5101 ἀνθρώπῳ
3536 5031 3715 5097 ἀπερ-

458 5115 611 5183 tiam,
638 5118 907 5188 justitiam
970 5130 1149 5175 autem
1187 5120 1515 5174 mionexiam
1563 5132 1659 5188 per
1704 5118 2026 5172 deminutio-

2139 5121 2407 5191 γάζεσθαι
2436 5121 2601 5174 αὑτὸν
2650 5121 2854 5174 τέλειον
2901 5122 2995 5173 καὶ¹
3042 5121 3301 5191 παρέχειν
3336 5119 3486 5190 αὑτῷ
3536 5119 3717 5174 εὐδαι-

459 5223 606 5277 nem,
638 5212 978 5284 pleonexiam
1009 5230 1105 5284 per
1137 5216 1600 5286 exsuperantiam,
1659 5211 2026 5268 fortitudinem

2144 5214 2355 5284 μονίαν.
2407 5212 2520 5283 Τὴν
2573 5212 2632 5266 δὲ
2674 5212 3024 5284 εὐδαιμονίαν
3054 5207 3194 5265 εἷναί
3247 5228 3413 5283 φησιν
3457 5211 3719 5283 ὁμοίωσιν

1729 5372 1971 5429 VABUE
2009 5372 2417 5432 LECTIONES.

523 5529 709 5584 ἀὑτὸν
741 5530 963 5587 Wolfius
991 5551 1003 5586 :
1031 5532 1210 5586 αὐτῶν
1248 5533 1461 5603 reliqui.
1533 5535 1554 5566 ³
1580 5534 1991 5589 ὑποτίθεσθαιτ
2024 5557 2036 5590 :
2068 5534 2386 5588 ὑποτίθεται
2417 5530 2613 5603 νυιςοζ
2661 5530 2680 5562 ⁸
2702 5530 2867 5600 ἔχειν.
2900 5526 3131 5603 εἷναιΤ.
3257 5528 3721 5603 ἐκείνοις-ὅσοις

462 5598 776 5675 βοοῃςτυει
806 5604 1230 5675 ὲκελῖνοιμ-τὸσοι
1265 5598 1421 5675 vulgo
1454 5617 1468 5654 :
1502 5605 1851 5675 ἐκείνῳ-ὃτι
1885 5606 1949 5658 ll.
1986 5604 2264 5659 Sehottus.
2342 5598 2549 5675 ’φησιν
2584 5598 2898 5675 Roeperns:
2939 5602 3106 5675 φασὶν
3137 5599 3315 5675 vulgo.
3392 5601 3413 5633 ⁷
3445 5600 3721 5675 μεταβάλε-

464 5668 669 5722 imo.
714 5674 759 5742 γ’
786 5672 919 5741 φησι
965 5670 1189 5725 Wolﬁus
1236 5695 1247 5727 :
1297 5668 1433 5741 φασὶ
1482 5668 1681 5742 vulgo:
1739 5675 1758 5704 ’
1790 5676 2030 5737 αἰωνίοις
2060 5676 2105 5727 M
2140 5695 2151 5727 :
2193 5668 2486 5742 αἰωνιαίιος
2518 5671 2883 5742 υςίαίωνίαις
2943 5671 3120 5741 vulgo.
3202 5671 3243 5702 ‘°
3280 5687 3411 5739 φησι
3448 5668 3717 5736 Ἲνοίῆιιες

471 5751 608 5805 φασι
639 5741 811 5808 vulgo.
888 5742 923 5771 ¹¹
968 5757 1131 5807 φησιν
1175 5742 1492 5809 ilorperus;
1534 5741 1699 5809 φασιν
1735 5745 1907 5809 vulgo.
1981 5747 2019 5775 "
2058 5744 2370 5814 θρασύτητα
2400 5741 2436 5792 B
2474 5760 2483 5793 :
2524 5741 2721 5809 θράσος
2751 5741 2923 5807 \nlgn.
