4128 6316
532 427 668 488 3069

1971 426 2333 490 ORIGENIS

3639 418 3780 479 3070

535 539 656 606 quis
681 537 795 605 ipse
821 536 873 590 itt
903 550 1145 592 errorem
1176 539 1358 606 lapsus
1393 553 1420 590 a
1451 551 1575 591 vero
1598 535 1954 598 abet-raverit,
1981 545 2093 588 tan-

2211 534 2364 596 αύτὸς
2389 533 2542 602 κακῴ
2577 532 2920 604 περιπαρεὶς,
2959 532 3019 584 ού
3058 531 3189 582 πᾶσι
3219 527 3428 596 γίνεται
3460 525 3780 582 διδάσκαλος

533 638 648 683 tum
670 628 849 690 abest.
882 635 940 681 ut
971 628 1215 696 exemplo
1247 642 1346 682 suo
1383 627 1617 695 reliquos
1651 625 1860 688 doceat,
1909 635 1965 678 ut
1988 625 2101 692 ipsa

535 718 751 787 repulsa
782 719 880 772 hos
922 717 1110 772 lallere
1157 720 1436 771 studentes
1481 717 1532 770 itt
1578 716 1844 771 inﬁnitum
1895 725 2104 768 tncntes

535 822 722 863 eorum
773 810 1090 878 perturbent
1133 807 1378 870 dicendo,
1436 822 1540 861 non
1596 806 1755 860 aliter
1792 805 2101 858 earumdem

539 901 819 955 stellarum
841 902 1326 969 conliguratlonem
1359 901 1423 952 ad
1454 900 1594 952 idem
1631 899 1915 968 pervenire
1947 911 2103 966 posse

538 1005 699 1059 quam
746 1006 839 1058 per
884 989 1246 1043 reversionem
1300 989 1480 1058 magni
1526 988 1688 1052 anni,
1747 1002 1843 1055 per
1898 994 2101 1054 septem

538 1081 705 1133 millia
749 1094 1014 1133 annorum
1048 1089 1104 1132 et
1149 1080 1525 1148 septingentos
1554 1086 1608 1131 et
1642 1078 1976 1146 septuaginta
2019 1091 2105 1128 sc-

539 1180 700 1237 ptem.
737 1169 1016 1236 Quomodo
1064 1171 1226 1239 igitur
1283 1168 1482 1238 poterit
1519 1169 1752 1223 humana
1798 1165 2106 1220 observatio

537 1273 836 1327 congruere
860 1275 980 1312 cunt
1017 1269 1093 1326 tot
1116 1257 1329 1312 saeculis
1363 1257 1417 1310 itt
1458 1270 1564 1309 una
1609 1255 1901 1324 genitura?
1948 1253 2107 1320 idque

539 1362 644 1400 non
696 1347 896 1410 semel,
941 1350 1035 1401 sed
1083 1361 1292 1414 saepe...
1348 1344 1598 1398 Pluribus
1641 1343 1906 1396 confutari
1946 1341 2105 1394 (Πισί-

540 1440 778 1492 daeorum
807 1449 981 1492 artem
1001 1438 1257 1507 oportuit,
1285 1449 1590 1504 quanquam
1618 1434 1686 1487 ob
1707 1432 1950 1503 64-65
1975 1431 2108 1485 alias

541 1544 630 1582 res
667 1527 1016 1582 meminimus
1068 1528 1208 1595 ejus,
1263 1542 1368 1582 non
1405 1526 1618 1595 proprie
1661 1525 1730 1578 ob
1771 1525 1962 1592 ipsam.
2000 1523 2106 1576 Sed

521 1629 833 1689 postquam
872 1619 1208 1689 propositum
1239 1617 1340 1672 fuit
1368 1617 1589 1672 nihilex
1623 1616 1832 1686 placitis
1861 1615 2107 1670 ethnico-

545 1727 662 1765 rum
687 1713 939 1765 omittere
972 1720 1192 1781 propter
1224 1709 1569 1763 tnultisonam
1599 1708 1882 1762 ltzrresium
1914 1720 2106 1759 versu-

545 1804 699 1867 tiam,
727 1803 999 1856 videamus
1033 1802 1161 1870 quid
1187 1802 1369 1855 dicant
1395 1800 1558 1853 etiam
1596 1799 1652 1863 ii,
1682 1799 1772 1867 qui
1799 1797 1864 1850 de
1895 1793 2107 1860 magni-

2204 627 2232 677 ὁ
2264 623 2504 693 βλαϐεὶς,
2531 622 2624 685 οὒς
2651 623 3000 694 φρεναπατᾷν
3035 619 3345 690 βουλόμενοι
3370 619 3484 680 τοῖς
3509 615 3780 685 ἀποτεύγ-

2207 731 2372 784 μασιν
2421 715 2500 776 είς
2552 714 2776 783 ἄπειρον
2822 712 2914 764 τὸν
2944 710 3069 763 νοῦν
3114 709 3292 761 αὐτῶν
3346 704 3776 769 συνωθοῦντεςδθ

2203 805 2452 872 λέγουσιν
2477 805 2575 858 οὐκ
2599 804 2769 866 ἄλλως
2785 803 2828 834 ⁸⁸
2849 804 2940 856 ἐπὶ
2962 802 3021 853 τὸ
3057 800 3188 853 αὐτὸ
3206 801 3251 830 ⁸³
3281 797 3540 852 δύνασθαι
3569 797 3660 849 τὸν
3686 813 3780 850 συ-

2207 896 2587 965 σχηματισμὸν
2606 896 2651 928 ⁸³
2681 895 2790 948 τῶν
2835 893 3018 946 αὐτῶν
3058 892 3304 962 ἀστέρων
3348 891 3596 960 γίνεσθαι
3635 891 3779 960 ἢδιᾶι

2203 988 2301 1056 τῆς
2354 986 2855 1049 ἀποκαταστάσεως
2923 984 3016 1037 τοῦ
3093 983 3326 1053 μεγάλου
3382 983 3656 1048 ἐνιαυτοῦ,
3710 982 3775 1034 δι’

2207 1078 2628 1148 ἑπτακισχιλίων
2649 1079 2694 1110 ⁸⁸
2726 1077 2862 1130 ἐτῶν
2895 1079 2988 1130 καὶ
3020 1075 3360 1129 ἑπτακοσίων
3409 1074 3776 1143 ἑϐδομήκοντα

2206 1169 2299 1222 καὶ
2327 1169 2484 1222 ἑπτά.
2512 1169 2637 1231 Πῶς
2667 1163 2758 1221 οὖν
2787 1167 2981 1236 φθάσει
3033 1165 3346 1236 ἀνθρωπίνη
3381 1166 3766 1234 παρατήρησις

2206 1263 2316 1322 τοῖς
2349 1260 2620 1322 τοσούτοις
2644 1260 2802 1312 αίῶσι
2828 1259 3150 1327 συνδραμεῖν
3182 1258 3272 1309 ἐπὶ
3305 1258 3435 1326 μιᾶς
3468 1258 3770 1322 γενέσεωςς

2207 1350 2498 1404 καὶταῦτα
2547 1351 2644 1420 οὐχ
2691 1348 2838 1414 ἆπαξ
2888 1348 3024 1402 ἀλλὰ
3058 1347 3315 1409 πολλάκις
3338 1347 3382 1378 ⁸⁵
3429 1343 3603 1414 οἶμαι,
3645 1346 3774 1414 παρ’

2208 1440 2394 1493 ἐλπίδα
2413 1441 2672 1493 πλειόνων
2688 1438 3007 1508 ὲληλέγχθαι
3023 1437 3118 1508 τὴν
3135 1437 3440 1506 Χαλδαῖκὴν
3456 1437 3532 1507 [p.
3549 1436 3638 1490 44.
3657 1435 3772 1507 45.]

2206 1532 2401 1601 τέχνην
2424 1530 2564 1583 ἔδειο
2601 1531 2776 1584 καίτοι
2799 1530 2866 1582 δι’
2895 1531 3058 1599 ἔτερα
3103 1529 3271 1596 αὐτῆς
3308 1527 3464 1597 ἡμῶν
3518 1527 3774 1598 μνησθέν-

2206 1636 2334 1682 των,
2389 1621 2509 1690 οὐχὶ
2565 1620 2707 1682 ἰδίως
2742 1619 2809 1672 δι’
2859 1617 3114 1688 αύτήν⁴⁶.
3169 1616 3308 1669 Ἀλλ’
3350 1617 3469 1668 ἐπεὶ
3527 1615 3771 1686 προῃρή-

2213 1714 2351 1784 μεθα
2372 1714 2415 1746 ⁸⁷
2458 1713 2623 1782 μηδὲν
2664 1713 2770 1766 τῶν
2831 1713 2960 1783 παρ’
3016 1710 3192 1763 ἔθνεσι
3224 1710 3508 1780 δογμάτων
3555 1709 3772 1761 καταλι-

2208 1806 2329 1857 πεῖν
2361 1803 2448 1857 διὰ
2476 1805 2574 1874 τὴν
2611 1803 2925 1872 πολύφωνον
2963 1802 3069 1856 τῶν
3112 1803 3376 1874 αἱρέσεων
3417 1803 3770 1872 πανουργίαν,

544 1894 820 1948 tudiuihus
871 1893 1157 1962 periclitati
1213 1903 1338 1945 sunt
1393 1891 1610 1953 dicere,
1670 1889 1759 1958 qui
1824 1895 2104 1956 perspecto

2211 1896 2407 1966 ἴδωμεν
2435 1895 2486 1948 τί
2519 1895 2734 1962 λέγουσι
2769 1895 2860 1946 καὶ
2889 1897 2936 1947 οξ
2971 1895 3101 1965 περὶ
3154 1893 3400 1964 μεγεθῶν
3445 1893 3772 1963 τετολμηκό-

545 1985 900 2053 plurimorum
935 1999 1073 2036 vano
1101 1983 1309 2047 labore,
1337 1997 1458 2036 cum
1502 1980 1638 2033 alius
1667 1979 1824 2032 aliter
1853 1976 2108 2030 mentitus

539 2087 596 2132 et
645 2076 1013 2131 celebritatem
1061 2085 1255 2129 nactus
1310 2082 1473 2136 esset,
1529 2071 1702 2138 majus
1751 2069 1880 2138 quid
1925 2067 2106 2124 conati

541 2179 666 2222 sunt
688 2168 887 2237 eloqui,
923 2183 1030 2236 quo
1061 2168 1127 2222 ab
1160 2167 1249 2233 iis,
1274 2167 1363 2235 qui
1391 2179 1555 2235 parva
1590 2163 1867 2217 mendacia
1903 2161 2109 2228 magni-

542 2259 660 2313 llcis
692 2259 938 2313 laudibus
965 2259 1312 2320 extulissent,
1343 2256 1640 2324 majoribus
1671 2253 2013 2307 ell‘crrentur.
2044 2249 2106 2303 lli

539 2349 704 2401 orbes
734 2355 788 2400 et
815 2359 1104 2400 mensuras
1151 2345 1560 2414 triangnlosque
1603 2354 1657 2397 et
1705 2339 2106 2410 quadrangulos

537 2445 806 2513 duplaque
833 2454 887 2498 et
917 2443 1072 2511 Iripla
1107 2451 1329 2511 ponunt.
1371 2440 1784 2502 Multusatttem
1816 2437 1880 2491 de
1911 2439 2012 2489 hac
2053 2449 2109 2489 re

539 2549 721 2590 sermo
747 2543 851 2598 est,
880 2535 972 2589 sed
1003 2545 1059 2589 ut
1085 2534 1154 2589 ad.
1195 2532 1526 2602 propositum
1578 2540 1821 2585 nostrum
1874 2540 1980 2581 non
2034 2524 2104 2579 sit

540 2627 902 2681 necessarius.

611 2719 665 2772 8.
729 2716 986 2772 SulIicere
1032 2717 1194 2786 igitur
1251 2716 1489 2772 arbitror
1539 2728 1807 2785 exponere
1848 2728 1966 2782 quae
2009 2713 2107 2780 ipsi

543 2819 789 2878 portenta
864 2809 1175 2878 loquuntur.
1232 2806 1595 2875 Quamobrem
1662 2821 1790 2858 usus
1858 2803 2110 2872 epitomis

541 2916 730 2956 eorum
777 2916 896 2969 qua:
922 2901 1024 2968 ipsi
1057 2900 1252 2953 docent
1283 2899 1349 2952 ad
1383 2913 1448 2953 ea
1480 2912 1600 2965 qua:
1629 2896 1831 2964 reliqua
1871 2904 1992 2949 sunt
2025 2908 2110 2947 me

543 3003 876 3047 convertam.
911 2991 1116 3046 Doceat
1149 3000 1324 3045 autem
1369 2990 1484 3044 haec
1517 3007 1530 3042 :
1568 2987 1936 3056 Principatum
1966 2985 2110 3040 dedit

543 3085 722 3154 opil‘ex
755 3085 933 3138 mutuli
957 3083 1194 3151 ejusdem
1223 3082 1394 3151 ipsius
1421 3079 1722 3146 similisque
1747 3078 2106 3142 conversioni;

2208 2005 2320 2053 τες,
2341 1988 2390 2041 οἳ
2423 1986 2732 2050 κατιδόντες
2763 1987 2862 2058 τὴν
2883 1985 2992 2039 τῶν
3036 1985 3297 2038 πλειόνων
3353 1983 3768 2052 ματαιοπονίαν,

2207 2080 2366 2134 ἄλλου
2410 2079 2585 2142 ἄλλως
2639 2077 3070 2148 διαψευσαμένου
3129 2080 3223 2130 καὶ
3291 2077 3769 2146 εὐδοκιμήσαντος,

2212 2171 2392 2243 μεῖζόν
2420 2189 2470 2224 τι
2505 2171 2806 2240 ἐτόλμησαν
2837 2171 3032 2230 εἰπεῖν,
3055 2170 3204 2231 ὃπως
3230 2166 3334 2220 ὑπὸ
3363 2166 3469 2219 τῶν
3492 2167 3559 2219 τὰ
3603 2165 3774 2236 μικρὰ

2206 2262 2494 2331 ψεύσματα
2535 2259 2783 2330 μεγάλως
2830 2258 3168 2324 δοξασὰντων
3216 2254 3474 2326 μειζόνως
3505 2254 3771 2321 δοξασθῶ-

2213 2369 2314 2407 σιν.
2349 2347 2507 2406 Οὗτοι
2540 2351 2774 2413 κύκλους
2816 2351 2912 2402 καὶ
2969 2349 3140 2419 μέτρα
3173 2347 3413 2418 τρίγωνά
3452 2363 3512 2398 τε
3565 2347 3659 2398 καὶ⁹
3687 2362 3773 2398 τε-

2207 2446 2461 2515 τράγωνα
2499 2443 2754 2496 διπλάσιά
2791 2459 2847 2494 τε
2893 2441 2986 2493 καὶ
3043 2439 3338 2510 τριπλάσια
3392 2437 3728 2490 ὑποτίθενται
3755 2451 3770 2464 ·

2209 2535 2372 2600 πολὺς
2403 2535 2460 2590 δὲ
2484 2535 2511 2588 ὁ
2542 2536 2670 2607 περὶ
2699 2534 2890 2588 τούτου
2913 2533 3092 2602 λόγος,
3127 2531 3240 2585 ἀλλ’
3277 2532 3336 2584 ού
3373 2531 3504 2603 πρὸς
3537 2530 3597 2582 τὸ
3632 2544 3767 2602 προ·
3809 2592 3830 2604 μ

2211 2631 2460 2700 κείμενον
2509 2631 2822 2696 ἀναγκαῖος.
2932 2650 2938 2656 -
3809 2613 3814 2624 ’

2279 2724 2330 2778 8.
2370 2723 2574 2777 Ἱκανὸν
2614 2718 2707 2776 οὖν
2759 2722 3044 2794 λογίζομαι
3093 2722 3326 2786 ἐξειπεῖν
3356 2720 3423 2772 τὰ
3474 2718 3562 2772 ὑπ’
3594 2716 3771 2770 αὐτῶν

2226 2814 2746 2885 τερατολογούμενα.
2805 2816 2895 2867 Διὸ
2938 2818 3048 2879 τοῖς
3111 2813 3386 2881 ὲπιτόμοις
3433 2809 3775 2880 χρησάμενος

2207 2899 2282 2959 ὧν
2314 2907 2359 2938 ³⁵⁸
2396 2908 2548 2959 αὐτοὶ
2603 2907 2886 2974 λέγουσιν,
2937 2907 3028 2960 ἐπὶ
3071 2905 3140 2957 τὰ
3183 2905 3344 2974 ἕτερα
3398 2901 3771 2972 τραπήσομαι.

2210 2999 2440 3066 Λέγουσι
2469 2999 2525 3051 δὲ
2565 2999 2737 3052 ταῦτα
2757 2999 2821 3030 "-
2853 2998 3067 3068 Κράτος
3093 2996 3290 3049 ἔδωκεν
3313 2995 3340 3045 ὁ
3371 2991 3776 3063 δημιουργήσας

2209 3093 2277 3160 τῇ
2308 3089 2508 3142 ταὺτοῦ
2555 3091 2643 3142 καὶ
2690 3089 2874 3159 ὁμοίου
2926 3088 3233 3158 περιφορᾷ·
3287 3085 3413 3155 μίαν
3450 3083 3558 3153 γὰρ
3610 3081 3774 3150 αὐτὴν

543 3191 662 3230 eam
701 3191 934 3243 namque
972 3175 1143 3229 solam
1191 3173 1476 3228 indivisam
1521 3170 1760 3238 reliquit,
1799 3169 2108 3223 interiorem

2213 3181 2468 3250 ἄσχιστον
2500 3179 2671 3242 εἴασε,
2707 3178 2804 3250 τὴν
2828 3178 2883 3231 δὲ
2929 3179 3077 3240 ἐντὸς
3121 3178 3311 3247 σχίσας
3360 3175 3586 3244 iga-ﬁ."
3635 3173 3774 3224 ἑπτὰ

548 3281 674 3323 vero
727 3282 850 3322 cum
905 3265 1086 3321 sexies
1131 3263 1425 3328 divisisset,
1462 3271 1775 3331 septemque
1815 3260 1977 3315 orbes
2027 3260 2108 3314 iu-

544 3358 775 3428 requales
803 3357 954 3428 dupli
983 3367 1037 3412 et
1061 3355 1202 3426 tripli
1242 3353 1540 3409 intervallis
1563 3351 1849 3417 cliecisset,
1878 3352 2109 3421 singula,

547 3465 669 3504 cum
698 3449 799 3502 tria
832 3449 940 3502 sint
966 3447 1267 3516 utriusque,
1293 3443 1586 3502 contrariis
1611 3445 1750 3498 inter
1778 3445 1844 3498 se‘
1865 3442 2112 3497 cursibus

547 3546 709 3599 orbes
744 3556 1005 3612 peragere
1045 3542 1209 3611 jussit
1247 3559 1261 3595 :
1307 3551 1363 3596 et
1398 3553 1463 3594 ex
1515 3549 1720 3607 septem
1768 3539 2114 3593 interioribus

551 3644 659 3686 tres
692 3632 909 3699 quidem
943 3631 1059 3699 pari
1103 3629 1398 3694 celeritate,
1440 3639 1673 3698 quatuor
1707 3643 1834 3683 vero
1863 3637 1920 3684 et
1948 3629 2012 3682 ad
2051 3643 2112 3684 se

547 3733 605 3777 et
635 3723 704 3776 ad
735 3723 974 3792 reliquos
1004 3731 1114 3778 tres
1155 3721 1434 3777 celeritate
1473 3722 1688 3791 quidem
1711 3723 1928 3792 impari,
1969 3723 2114 3791 justa

551 3827 732 3868 tamen
769 3814 978 3868 ratione
1023 3813 1286 3868 converti.
1338 3811 1704 3882 Principatum
1738 3813 1902 3882 igitur
1930 3815 2113 3867 datum

548 3920 671 3961 esse
696 3905 932 3973 ejusdem
961 3904 1130 3974 ipsius
1158 3905 1496 3960 conversioni
1527 3907 1626 3968 ait,
1650 3920 1755 3959 non
1783 3903 1955 3959 solum
1985 3919 2115 3972 quo-

548 3997 694 4050 niam
719 3996 958 4050 continet
988 3996 1211 4050 alterius
1237 3997 1666 4058 conversionem,
1699 3995 1802 4049 hoc
1820 4003 1903 4048 cst
1932 3994 2115 4048 stellas

546 4087 830 4150 erraticas,
882 4087 974 4141 sed
1019 4087 1143 4154 quia
1197 4088 1360 4142 etiam
1407 4097 1616 4142 tantum
1658 4086 2114 4155 babetpriucipa-

552 4191 685 4245 tum,
731 4180 833 4234 hoc
859 4191 943 4236 est
985 4191 1189 4235 tantam
1213 4183 1343 4248 vim,
1381 4192 1438 4236 ut
1467 4181 1551 4236 vel
1597 4197 1715 4252 quae
1747 4183 1800 4236 iu
1834 4181 2113 4236 adversam

553 4279 778 4337 partem,
826 4270 929 4324 hoc
971 4281 1052 4324 cst
1098 4272 1368 4335 erraticas,
1404 4272 1471 4326 ab
1496 4285 1696 4326 occasu
1740 4271 1806 4324 ad
1851 4272 2113 4325 orientem

551 4368 835 4414 vertuntur
882 4361 1024 4428 ipsas
1071 4360 1284 4430 prepria
1323 4362 1560 4430 potentia
1605 4363 1805 4430 pariter
1841 4361 2001 4415 etiam
2049 4359 2117 4412 ab

551 4462 672 4505 ortu
703 4453 768 4504 ad
795 4466 1044 4505 occasum
1073 4467 1257 4505 secum
1288 4468 1390 4505 una
1421 4454 1772 4523 circumagat.
1808 4452 1983 4507 Unam
2017 4468 2114 4504 att-

2214 3271 2448 3334 κύκλους
2481 3272 2698 3332 ἀνίσους
2753 3269 2893 3322 κατὰ
2919 3269 3018 3340 τὴν
3069 3267 3160 3320 τοῦ
3196 3265 3472 3319 διπλασίου
3515 3264 3605 3316 καὶ
3658 3279 3774 3332 τρι-

2216 3361 2506 3414 πλασίου⁵¹
2585 3360 2861 3412 διάστασιν
2919 3358 3183 3426 ἑκάστην,
3241 3355 3412 3408 οὐσῶν
3501 3350 3775 3420 ἑκατέρων

2211 3454 2404 3523 τριῶν,
2435 3452 2577 3506 κατὰ
2626 3451 2692 3504 τὰ
2748 3451 2965 3506 ἐναντία
3016 3452 3115 3520 μὲν
3158 3448 3403 3518 ἀλλήλοις
3451 3442 3780 3514 προσέταξεν

2221 3545 2361 3599 ξέναι
2401 3546 2528 3606 τοὺς
2557 3543 2810 3606 κύκλους,
2847 3542 3000 3611 τάχει
3032 3542 3088 3596 δὲ
3136 3541 3285 3613 τρεῖς
3338 3539 3436 3608 μὲν
3487 3536 3685 3605 ὁμοίως
3705 3534 3774 3594 ⁵⁸,

2213 3638 2338 3698 τοὺς
2361 3636 2416 3688 δὲ
2443 3638 2717 3705 τέσσαρας
2762 3633 3010 3704 ἀλλήλοις
3047 3650 3105 3684 τε
3144 3633 3234 3685 καὶ
3285 3632 3394 3692 τοῖς
3445 3629 3618 3699 τρισὶν
3657 3628 3778 3680 avo-

2219 3728 2384 3788 μοίως
2403 3726 2471 3790 ⁸³,
2499 3728 2553 3778 ὲν
2585 3725 2727 3795 λόγῳ
2751 3725 2804 3778 δὲ
2832 3722 3241 3796 φερομένουςδῆ
3273 3723 3316 3773 Κ
3327 3720 3486 3791 ράτος
3521 3714 3777 3787 μὲνδεδύ·

2217 3817 2338 3870 σθαι
2369 3819 2433 3886 τῇ
2463 3818 2658 3871 ταύτοῦ
2691 3819 2830 3888 φορᾷ
2863 3831 3048 3887 φησιν,
3085 3815 3145 3866 ού
3186 3813 3344 3883 μόνον
3381 3810 3566 3878 ἐπειδὴ
3596 3806 3779 3878 περιέ-

2215 3925 2300 3977 χει
2330 3909 2427 3976 τὴν
2455 3908 2683 3976 θατέρου
2713 3908 2904 3978 φορὰν,
2946 3907 3191 3958 τουτέστι
3219 3905 3345 3966 τοὺς
3375 3899 3775 3970 πλανωμένους,

2214 3999 2428 4054 ἀλλ’ὅτι
2459 4000 2550 4051 καὶ
2583 3999 2834 4052 τοσούτον
2861 3998 2973 4068 ἔχει
2993 3998 3212 4068 κράτος,
3239 3995 3482 4047 τουτέστι
3511 3991 3777 4060 τοσαύτην

2215 4091 2464 4160 δύναμιν,
2493 4089 2634 4142 ὥστε
2673 4090 2766 4142 καὶ
2796 4091 2921 4151 τοὺς
2952 4087 3044 4140 ἐπὶ
3067 4087 3112 4119 ⁵⁸
3147 4085 3429 4149 τάναντία,
3475 4083 3600 4141 τοὺς
3640 4081 3774 4132 πλαο

2216 4183 2490 4252 νωμένους
2542 4183 2649 4234 ἀπὸ
2709 4180 2914 4244 δύσεως
2969 4180 3055 4231 ἐπ’
3111 4175 3374 4246 ἀνατολὴν
3444 4173 3780 4244 φερομένους

2215 4275 2411 4336 αὐτοὺς
2446 4276 2510 4344 τῇ
2538 4273 2710 4343 οἰκεία
2736 4273 2878 4342 ίσχύῖ
2914 4272 3114 4341 ὁμοίως
3149 4271 3243 4322 καὶ
3270 4269 3375 4322 ἀπὸ
3405 4266 3667 4335 ἀνατολῆς
3689 4265 3781 4320 ἐπὶ

2215 4365 2366 4419 δύσιν
2388 4363 2567 4433 ἐαυτῷ
2599 4363 2995 4434 συμπεριάγειν
3011 4363 3076 4414 ⁵⁸.
3119 4361 3262 4414 Μίαν
3305 4359 3361 4411 δὲ
3393 4359 3487 4411 καὶ
3528 4357 3779 4426 ἄσχιστον

2221 4452 2436 4506 εἰᾶσθαί
2469 4454 2512 4484 ⁸⁷
2549 4469 2681 4522 φησι
2722 4451 2923 4522 ταύτην
2971 4452 3134 4520 τὴνσλ
3185 4449 3376 4519 φορὰν,
3414 4447 3626 4519 πρῶτον
3684 4446 3781 4516 μὲν

554 4555 658 4597 tem
689 4555 806 4594 eam
851 4550 903 4594 et
939 4541 1224 4594 indivisam
1261 4542 1504 4596 relictam
1535 4555 1655 4598 esse
1693 4543 1768 4596 ait
1798 4545 1935 4597 hanc
1983 4555 2109 4595 con-

2222 4543 2406 4612 ἐπειδὴ
2444 4544 2658 4596 πάντων
2682 4542 2792 4596 τῶν
2823 4542 3076 4595 ἀπλανῶν
3107 4540 3367 4611 ἱσὸχρονοι
3399 4542 3454 4592 αἱ
3495 4538 3782 4610 περιφοραὶ

553 4629 878 4690 versionem,
911 4630 1140 4696 primunt
1189 4631 1409 4703 quidem
1431 4631 1556 4700 quia
1595 4631 1834 4687 omnium
1883 4631 2110 4685 lixarum

552 4720 823 4774 stellarum
853 4720 967 4790 pari
1007 4721 1265 4788 temporis
1314 4721 1599 4777 intervallo
1632 4721 1767 4774 ﬁunt
1801 4721 2116 4774 conversio-

554 4826 650 4867 nes
671 4820 728 4866 et
762 4826 866 4864 non
907 4810 1156 4866 discretae
1189 4814 1481 4866 secundum
1524 4811 1754 4880 amplius
1797 4811 1881 4867 vel
1900 4812 2120 4870 brevius

553 4916 788 4972 tempus,
818 4903 1013 4958 deinde
1057 4903 1182 4972 quia
1211 4918 1400 4958 omnes
1437 4904 1637 4960 habent
1667 4905 1916 4958 eamdem
1956 4918 2120 4972 appa-

552 4995 811 5060 remiam,
848 5009 967 5062 quae
1017 5004 1101 5050 est
1145 4995 1362 5050 extimae
1418 4995 1811 5060 conversionis,
1867 4995 2117 5049 erratica:

2221 4634 2318 4688 καὶ
2349 4635 2408 4686 οὐ
2439 4635 2761 4705 διῃρημέναι
2795 4634 2934 4687 κατὰ
2976 4633 3194 4694 τελείους
3219 4631 3313 4684 καὶ
3358 4630 3612 4693 ἐλάττους
3656 4631 3780 4700 χρό-

2217 4741 2338 4786 νους
2361 4724 2589 4778 ·-έπειτα
2606 4726 2686 4778 ὅτι
2723 4725 2848 4794 μίαν
2887 4724 3086 4786 πάντες
3131 4723 3344 4791 ἔχουσιν
3365 4722 3410 4754 ⁵⁵
3458 4722 3781 4788 ἐπιφάνειαν

2213 4814 2313 4883 τὴν
2341 4815 2442 4882 τῆς
2474 4814 2728 4878 ἐξωτάτω
2759 4817 2954 4886 φορᾶς,
2987 4817 3035 4883 oi
3077 4814 3134 4867 δὲ
3171 4811 3512 4882 πλανώμενοι
3561 4812 3652 4863 καὶ
3698 4811 3778 4871 είς

2216 4905 2440 4975 χρόνους
2473 4905 2720 4969 πλείονας
2747 4907 2843 4959 καὶ
2868 4906 3153 4976 διαφόρους
3180 4904 3568 4972 τῶνκινήσεων
3591 4899 3682 4954 καὶ
3698 4901 3780 4962 εἰς

2217 4997 2547 5059 ἀποστάσεις
2585 4996 2692 5050 ἀπὸ
2720 4997 2822 5066 γῆς
2864 4996 3078 5060 ἀνίσους
3099 4996 3372 5066 διῄρηνται
3395 5009 3409 5023 ο
3429 4992 3527 5062 τὴν
3546 4991 3604 5046 δὲ
3626 4989 3779 5047 θατέη

1839 5172 2073 5228 VARIIE
2106 5171 2510 5229 LECTIONES.

621 5329 667 5359 ‘°
707 5327 1050 5382 συνωθούντα
1074 5327 1136 5380 C.

1214 5327 1253 5358 ⁶¹
1287 5329 1387 5379 οὐκ
1417 5328 1593 5390 ἄλλως
1619 5328 1678 5381 C.
1710 5327 1800 5380 Fr.
1837 5325 2192 5384 llermaunus.
2213 5329 2273 5382 οὐ
2299 5329 2478 5391 καλῶς
2505 5329 2545 5382 C
2573 5330 2644 5385 M.

550 5399 595 5471 γ’
630 5397 696 5448 δι’
745 5396 1185 5471 εννεακισχιλίων
1231 5397 1524 5471 ἐνακοσίων
1553 5397 1667 5471 -καὶ
1710 5396 2082 5471 ἑβδομήκοντα
2113 5400 2204 5471 καὶ
2244 5399 2396 5471 ὲπτὰᾼ
2420 5399 2555 5471 erth
2589 5400 2786 5471 Sextus
2821 5401 2995 5471 5105,
3018 5418 3082 5471 tt.
3122 5403 3248 5456 355.
3291 5470 3294 5471 ν
3325 5396 3370 5433 ⁸⁸

2722 5331 2766 5362 ’δ’
2796 5333 3085 5385 ἐπιτοαυτὺ
3104 5334 3164 5385 (Σ.
3242 5333 3286 5364 ⁸³
3316 5330 3697 5400 σχηματισμὸν
3722 5329 3786 5382 C.

3447 5411 3529 5455 ost
3561 5400 3788 5452 vocaliu-

549 5469 660 5547 lunt
695 5465 1564 5547 πολλᾲκιςέιιιαιιιαιιι,όεδὶιιειτιῐί
1597 5467 1776 5547 arguit
1818 5465 2038 5547 Sestus.
2073 5469 2230 5547 idque
2252 5469 2488 5547 suspicio
2512 5485 2576 5547 ex
2625 5469 2756 5547 ipsis
2779 5465 3142 5547 semisomni.
3170 5470 3300 5541 παρ’
3335 5471 3528 5524 ἐλπίδα
3562 5485 3590 5521 a
3618 5469 3788 5522 iibra-

553 5537 634 5589 rio
652 5552 784 5608 esse
821 5536 1203 5608 signiﬁcatum.
1241 5534 1287 5586 Is
1322 5538 1466 5608 enim
1503 5534 1826 5608 ascripsisse
1848 5537 2057 5608 videtur
2086 5535 2258 5605 οἶμαι,
2284 5534 2617 5608 παραλείπει
2637 5534 2751 5592 sive
2778 5540 2898 5592 τινὰ
2925 5534 3195 5592 ἐλλείπει·
3225 5534 3335 5592 tum
3389 5550 3576 5592 auctor
3607 5551 3785 5608 pe_rrc_-

551 5607 689 5658 Xerit
719 5623 732 5658 :
761 5605 859 5657 Διὰ
889 5605 1167 5666 πλειόνων,
1201 5622 1254 5658 κ.
1286 5623 1337 5659 τ.
1373 5605 1422 5658 λ.

552 5673 726 5746 Plato,
757 5673 1007 5746 sea-31?];
1027 5673 1088 5746 C.

555 5739 914 5808 ξ”φερομένων
945 5739 1004 5794 C.

559 5807 625 5860 Μ.
707 5807 751 5841 ⁵²⁵
775 5812 962 5876 ἔχωσιν
997 5809 1060 5862 (Σ.

1499 5605 1544 5635 ⁸⁸
1586 5606 1756 5662 αὐτὴν
1785 5604 1854 5662 Μ.

1203 5637 1254 5658 ho
1297 5637 1337 5659 bo
1374 5637 1422 5658 Α.
1586 5637 1707 5658 “Uti
1735 5637 1755 5658 Ἰ

1177 5675 1220 5704 ⁵¹
1256 5676 1348 5727 καὶ
1379 5637 1756 5744 τριπλασίουῷ

1081 5742 1126 5770 ⁸⁸
1157 5747 1266 5806 τοῖς
1300 5744 1392 5795 ἐπὶ
1415 5742 1500 5807 C,
1522 5744 1588 5797 Μ.

1928 5605 1972 5676 f7
2000 5607 2339 5676 προκρίμεθα
2362 5605 2420 5658 C.

1762 5676 1867 5727 lato
1893 5673 1965 5728 cf.
1995 5673 2215 5740 ittt‘ra'p.
2246 5678 2315 5728 66
2363 5677 2493 5730 init:
2529 5693 2635 5728 om.
2670 5677 2728 5728 C.

1678 5746 1724 5776 ⁵⁸
1767 5743 2130 5813 συμπεριάγει
2167 5745 2227 5810 C,
2277 5745 2345 5799 Μ.

2787 5609 2829 5639 ἰθ
2863 5608 2997 5662 Plat.
3031 5608 3169 5663 Tim.

2819 5679 2865 5710 δι
2891 5681 2992 5746 ὁμο

2420 5747 2466 5777 ⁸⁷
2511 5748 2557 5798 εί
2586 5745 2774 5801 ἐᾶσθαι
2801 5747 2861 5811 C,
2891 5745 2958 5802 Μ.

2499 5608 2544 5638 ⁸⁸
2573 5607 2712 5671 ὼςΟ.
2787 5609 2829 5639 ’σθ
2863 5608 2997 5662 Plat.
3031 5608 3169 5663 Tim.
3202 5624 3252 5678 p.
3282 5609 3370 5670 56,
3405 5611 3465 5664 ϐ,
3543 5609 3590 5640 ⁵⁰
3622 5603 3787 5724 ὲξαέἦ

2529 5693 2635 5724 mn.
2670 5677 2728 5724 (Ι.
2819 5679 2865 5710 ⁸⁸
2891 5679 3107 5724 ὁμοίους
3151 5677 3212 5724 C.
3319 5678 3366 5709 ⁸³
3397 5676 3672 5724 ἀνομοίοις
3768 5707 3781 5722 .

2997 5679 3107 5739 ίους
3151 5676 3214 5730 (Ξζ
3319 5678 3366 5709 ⁸³
3397 5676 3672 5746 ἀνομοίοις

3036 5748 3081 5779 ⁵⁸
3102 5747 3308 5815 ταύτην
3341 5747 3458 5817 τήν.
3488 5740 3690 5812 ταύτην
3718 5740 3781 5803 0.
