4128 6316
467 323 602 386 3077

471 447 578 487 uno
607 440 786 485 autem
824 427 915 484 illo
944 427 1267 499 gloriantur.
1301 424 1378 480 Ne
1408 425 1599 479 borum
1643 422 1860 494 quidem
1911 421 2045 477 iusi-
2077 432 2123 489 Α

471 523 708 592 pientem
740 519 1065 589 sapientiam
1100 516 1505 588 praetermittam
1536 555 1550 578 ,
1584 514 1676 568 sed
1701 551 1714 575 ,
1763 521 2048 581 postquam

470 628 774 682 exposuero
800 650 815 674 ,
848 627 941 665 eos
975 611 1063 680 qui
1099 625 1162 662 ex
1197 609 1280 663 liis
1313 607 1622 676 religionem
1667 605 1886 658 deorum
1921 618 2052 657 con-

473 706 702 758 stituere
729 712 991 756 conantur
1027 713 1314 769 coarguant
1344 697 1570 749 inﬁrma:
1599 693 1796 748 radicis
1833 701 1886 747 et
1913 691 2051 745 frau-

468 797 596 850 dum
630 795 800 863 plena:
835 809 956 848 esse
993 790 1302 859 discipulos.

539 887 623 941 14.
655 886 822 955 Igitur
850 885 921 938 illi
947 884 1036 952 qui
1067 897 1161 951 per
1187 880 1426 934 calculos
1456 887 1508 931 et
1538 889 1790 930 numeros
1822 874 2051 927 elemen-

468 991 632 1048 taque
667 988 719 1031 et
760 976 974 1030 nomina
1007 971 1290 1025 vaticinari
1321 970 1612 1039 opinantur
1656 966 1722 1020 ab
1766 966 1865 1018 boc
1897 963 2049 1033 priu-

467 1069 606 1138 cipio
637 1065 863 1137 profecti
897 1073 1068 1118 artem
1095 1079 1248 1117 suam
1272 1065 1530 1122 condunt,
1565 1075 1685 1112 cum
1713 1058 1900 1111 dicunt
1929 1070 2048 1109 esse

466 1165 690 1216 fundum
724 1161 917 1232 singuli
950 1159 1212 1227 cujusque
1246 1158 1454 1210 muneri
1488 1157 1538 1208 in
1573 1151 1898 1207 cliiliadibus
1930 1149 2048 1216 qui-

464 1256 585 1308 dem
625 1263 707 1307 tot
739 1253 1021 1313 mouades,
1071 1253 1211 1318 quod
1248 1248 1358 1303 sint
1383 1245 1666 1309 cliiliades,
1708 1243 1869 1296 veluti
1900 1240 2046 1312 74,-

465 1345 572 1416 75
593 1359 686 1398 sex
710 1344 933 1397 millium
957 1343 1154 1395 fundus
1171 1351 1252 1395 est
1275 1345 1523 1395 senarius
1543 1355 1819 1405 numerus,
1839 1351 2044 1408 septem

465 1437 697 1491 millium
742 1435 1106 1504 septenarius,
1133 1442 1254 1486 octo
1282 1433 1508 1486 millium
1541 1431 1795 1485 monades
1816 1442 1964 1492 octo,
1992 1439 2047 1483 et

465 1528 518 1582 iu
550 1526 774 1596 reliquis
807 1527 1009 1594 pariter
1035 1565 1048 1589 ,
1079 1524 1264 1578 eadem
1298 1524 1508 1576 ratione
1553 1532 1606 1578 et
1643 1523 1692 1574 in
1726 1523 2044 1575 ltecatuuta-

465 1619 646 1680 dibus,
680 1629 808 1686 quot
839 1620 943 1671 sint
974 1615 1379 1681 becatoutatles,
1409 1626 1486 1668 tot
1513 1614 1770 1668 monailes
1809 1621 1889 1667 est
1920 1612 2039 1665 fun-

466 1711 567 1763 dus
599 1722 808 1770 earum,
840 1707 1001 1760 veluti
1035 1706 1505 1774 septingentorum
1548 1713 1753 1770 septem
1788 1712 1911 1756 sunt
1942 1703 2036 1756 be-

465 1800 809 1862 eatontadcs,
847 1798 1046 1850 rutulus
1074 1814 1262 1851 earum
1283 1805 1489 1866 septem
1522 1795 1796 1856 monades,
1822 1808 2046 1846 sexcen-
2081 1782 2120 1836 Β

466 1898 642 1942 torum
662 1903 755 1942 sex
779 1891 1182 1951 liccat'ontades,
1208 1889 1402 1943 fmulos
1434 1903 1619 1942 earum
1648 1901 1742 1940 sex
1763 1887 2039 1940 monades.

463 1978 608 2033 Idem
644 1980 785 2033 valet
814 1990 864 2034 et
896 1981 945 2033 in
973 1981 1290 2044 decadibus,
1323 1979 1531 2031 nmneri
1559 1976 1891 2046 octogenarii
1929 1991 2044 2054 mo-

466 2074 630 2126 nades
653 2082 795 2135 octo,
825 2074 1160 2144 sexagenarii
1187 2073 1448 2127 monades
1479 2086 1596 2135 sex,
1628 2068 2040 2139 quadragenarii

465 2166 722 2216 lllOllatit‘S
753 2173 1000 2232 quatuor,
1033 2164 1239 2216 denarii
1273 2177 1458 2216 monas
1493 2177 1614 2214 una.
1642 2159 1697 2215 lu
1725 2161 2043 2216 mouadibns

463 2263 640 2306 autem
678 2270 773 2320 pro
802 2254 964 2307 fundo
1000 2265 1126 2307 sunt
1173 2254 1298 2322 ipsae
1334 2253 1592 2306 inonades
1617 2290 1632 2316 ,
1677 2253 1838 2306 veluti
1874 2267 2040 2304 nove-

463 2345 606 2398 uarii
653 2344 862 2397 numeri
892 2359 1106 2408 novem,
1155 2343 1415 2396 octonarii
1444 2352 1569 2395 octo
1589 2382 1604 2407 ,
1634 2341 1924 2413 septenarii
1962 2337 2042 2394 se-

463 2450 626 2504 piem.
658 2435 746 2488 Sic
777 2435 939 2503 igitur
961 2435 1123 2488 etiam
1150 2434 1199 2486 in
1227 2434 1526 2487 litterarum
1552 2433 1831 2486 elementis
1860 2443 2042 2487 tenen-

463 2531 588 2580 dum
623 2535 725 2582 est.
782 2525 1124 2595 Unaquaeque
1159 2527 1302 2580 enim
1363 2526 1538 2579 littera
1593 2539 1820 2579 numero
1879 2525 2037 2581 alicui

463 2620 773 2689 respoodet,
829 2619 990 2671 veluti
1031 2618 1211 2671 littera
1244 2618 1288 2670 ν’
1319 2617 1708 2688 quinquaginta
1749 2617 2036 2672 monaduut

463 2718 584 2774 est;
616 2709 1003 2776 quinquagiula
1042 2716 1221 2761 autem
1255 2711 1537 2762 monatlutn
1573 2709 1766 2764 fundus
1797 2720 1878 2764 est
1913 2711 2037 2780 qui—

463 2797 669 2860 narius,
702 2805 754 2850 et
779 2797 968 2850 littera:
998 2793 1038 2849 ν’
1067 2795 1263 2849 fluidus
1290 2807 1375 2851 est
1407 2797 1709 2866 quinarius.
1744 2798 1856 2866 Age
1889 2814 2035 2866 vero,

461 2903 528 2942 ex
577 2888 757 2956 aliquo
803 2888 1018 2940 nomine
1078 2885 1271 2941 fundos
1330 2886 1446 2954 ejus
1502 2903 1826 2943 sumamus:
1877 2888 2036 2943 veluti

463 2979 714 3041 nominis,
748 2978 888 3046 quod
920 2987 1002 3032 est
1039 2977 1423 3047 Ἀγαμέμνων,
1457 2989 1540 3033 est
1570 2979 1758 3033 littera:
1783 2986 1828 3033 α’
1851 2996 2036 3035 mouas

463 3087 590 3135 una,
613 3078 661 3136 γ’
695 3079 875 3123 autem
909 3069 1167 3123 monades
1197 3079 1326 3131 tres,
1363 3069 1586 3124 alterius
1615 3077 1662 3124 α’
1693 3087 1879 3125 manus
1908 3089 2032 3137 una,

463 3181 504 3232 μ
526 3162 785 3215 monades
808 3170 1060 3228 quatuor,
1081 3166 1120 3210 ε’
1144 3158 1398 3213 monades
1418 3163 1678 3228 quinque,
1707 3169 1757 3230 μ’
1778 3163 2034 3216 monatles
2063 3136 2108 3196 Ο

460 3257 721 3319 quatuor,
754 3245 795 3300 ν’
831 3247 1088 3301 inonades
1131 3249 1398 3318 quinque,
1432 3255 1490 3300 ω’
1527 3250 1785 3311 mooades
1820 3260 1959 3313 octo,
1997 3252 2036 3304 ν’

462 3343 717 3396 niouatles
761 3341 1035 3410 quinque,
1069 3357 1188 3409 qua:
1235 3341 1287 3394 in
1335 3357 1498 3394 unum
1536 3342 1794 3395 subducta
1840 3352 2034 3396 erunt:

463 3435 516 3496 1,
547 3433 600 3496 5,
635 3434 684 3496 1,
719 3433 771 3496 4,
802 3432 855 3497 5,
881 3434 934 3496 4,
968 3432 1024 3496 5,
1054 3433 1106 3497 8,
1134 3432 1206 3498 5;
1243 3433 1357 3486 hinc
1389 3434 1617 3486 conﬂata
1655 3433 1893 3487 efficiunt
1925 3449 2038 3488 mo-

462 3524 630 3576 natlcs
657 3522 743 3575 56.
772 3520 977 3575 Rursus
1010 3523 1198 3576 horum
1230 3522 1425 3577 fundos
1457 3534 1674 3576 sunmnt
1702 3537 1754 3577 et
1780 3526 1912 3577 liitnt
1941 3541 2038 3579 utt-

464 3613 601 3664 meri
635 3612 916 3664 tt‘iccnat‘ii
950 3624 1080 3676 tres,
1132 3613 1329 3665 senarii
1376 3622 1556 3665 autem
1609 3613 1723 3680 ipse
1769 3613 2035 3678 senarius,

461 3697 690 3752 conﬂata
728 3699 886 3766 igitur
909 3710 1016 3752 tres
1042 3709 1093 3752 et
1118 3713 1210 3753 sex
1239 3699 1478 3754 efﬁciunt
1509 3716 1724 3765 novem,
1760 3704 2036 3757 novenarii

462 3799 643 3842 autem
684 3787 882 3841 [nitidus
937 3791 1285 3844 novenarius.
1342 3792 1625 3862 Acquievit
1681 3793 1846 3862 igitur
1901 3797 2038 3864 Aga-

463 3882 769 3936 memnonis
816 3896 1011 3934 nomen
1051 3881 1102 3935 in
1145 3881 1311 3936 fundo
1343 3884 1432 3953 qui
1469 3901 1657 3938 novem
1693 3893 1792 3939 est.
1829 3884 2038 3940 Licebit

463 3971 602 4022 idem
635 3971 798 4023 etiam
831 3971 882 4023 in
918 3971 1025 4024 alio
1055 3973 1275 4026 nomine
1311 3981 1520 4028 tentare
1549 4015 1562 4039 ,
1599 3976 1742 4045 quod
1793 3985 1875 4028 est
1906 3975 2038 4028 ’Ἑκ-

461 4079 594 4130 τωρ.
620 4059 674 4113 Ιιι
699 4077 890 4116 nomen
919 4064 1076 4116 habet
1103 4065 1342 4118 litteras:
1366 4072 1405 4117 ε’
1428 4076 1480 4119 et
1501 4073 1548 4118 κ’
1577 4077 1630 4118 et
1650 4065 1694 4117 τ’
1715 4075 1769 4119 et
1792 4063 1848 4118 ω’
1886 4076 1940 4119 et
1968 4073 2031 4136 ρ’.

463 4152 667 4204 Harum
718 4153 864 4205 fundi
900 4173 912 4208 :
947 4153 1002 4219 5,
1032 4155 1090 4220 9.,
1118 4155 1172 4220 5,
1207 4157 1259 4221 8,
1296 4157 1348 4220 l,
1385 4171 1502 4224 quae
1535 4154 1762 4210 conﬂata
1794 4153 2036 4211 efﬁciunt

463 4245 719 4298 monades
774 4245 857 4298 l9.
891 4243 1100 4302 Rursus
1126 4248 1330 4302 denarii
1371 4247 1578 4300 numeri
1611 4248 1806 4302 fundus
1845 4263 2035 4322 monas

461 4344 564 4398 est,
599 4335 871 4388 novenarii
895 4338 1238 4402 novenarius,
1272 4352 1390 4405 quae
1419 4334 1645 4391 conﬂata
1668 4337 1912 4391 efficiunt
1939 4337 2034 4392 de-

460 4443 599 4490 cem,
631 4427 834 4481 denarii
869 4429 1073 4482 numeri
1109 4428 1165 4481 lit
1188 4427 1386 4482 fundus
1417 4443 1628 4483 inonas.
1651 4426 2030 4498 Computatum

460 4517 626 4587 igitur
681 4534 877 4571 nomen
915 4517 1161 4573 Hectoris
1211 4517 1389 4572 ell'ecit
1449 4517 1670 4571 fundum
1726 4516 2032 4571 mouadem.

458 4610 767 4680 Promptius
797 4619 974 4662 autem
1012 4619 1092 4664 est
1123 4611 1171 4662 in
1213 4610 1352 4664 hunc
1380 4610 1594 4663 modum
1643 4624 1753 4662 rem
1789 4610 2028 4680 aggredi.

460 4701 676 4757 Fundos
723 4719 790 4757 ex
830 4703 1111 4758 elementis
1144 4713 1382 4772 repertos
1411 4744 1424 4766 ,
1477 4701 1552 4756 uti
1599 4717 1741 4756 nunc
1796 4703 2027 4756 nominis

461 4791 709 4846 llectoris
752 4794 1051 4862 reperimus
1085 4795 1345 4847 monades
1382 4791 1467 4859 l9,
1509 4792 1559 4846 in
1607 4805 1798 4846 novem
1825 4807 1948 4847 seca
1975 4803 2030 4846 et

457 4886 599 4953 quod
633 4886 956 4951 relinquitur
1001 4901 1097 4956 pro
1147 4885 1323 4939 fundis
1356 4886 1572 4940 habeto.
1609 4883 1785 4938 Veluti
1816 4899 1934 4936 cum
1967 4882 2031 4937 l9

456 4977 638 5029 divido
690 4976 744 5030 in
771 4992 979 5042 novem,
999 4978 1313 5048 relinquitur
1340 4995 1526 5046 unum,
1549 4981 1731 5034 novies
1759 4979 1900 5034 enim
1927 4981 2030 5034 duo

456 5065 699 5121 efﬁciunt
762 5069 825 5121 18
875 5078 928 5124 et
964 5065 1288 5140 relinquitur
1348 5069 1408 5137 l';
1464 5071 1508 5126 si
1545 5073 1687 5125 enim
1721 5071 2029 5126 subduxero

1924 310 2211 371 ORIGEN
2222 312 2289 370 IS

3615 310 3754 372 307
3770 309 3813 368 8

2157 422 2619 494 ἑγκομπάζοντες.
2651 422 2783 478 Οὑδὲ
2813 425 3020 477 τούτων
3042 422 3140 495 τὴν
3165 424 3366 492 ἄσοφον
3395 426 3606 496 σοφίαν
3663 443 3804 478 πα-

2154 513 2545 585 ραπέμψομαι,
2586 513 2701 567 ἀλλ’
2730 513 3022 583 ἐκθέμενος
3050 516 3178 577 τοὺς
3207 516 3270 568 ἑκ
3294 515 3498 568 τούτων
3525 517 3801 585 ἐπιχει-

2156 600 2380 672 ροῦντας
2429 601 2740 654 θεοσέϐειαν
2778 605 3035 672 συνιστᾷν
3067 601 3273 669 ἐλέγξω
3305 603 3462 673 ῥίζης
3497 603 3800 658 ἀσυστά-

2151 710 2244 746 του
2277 695 2370 747 καὶ
2397 695 2731 764 πανουργίας
2763 695 2806 726 ¹⁰
2831 695 3100 748 ἀναπλέου
3125 696 3173 727 ’⁸
3201 696 3362 758 ὄντας
3393 697 3703 768 μαθητάς.

2223 877 2307 930 Η.
2342 879 2403 932 Oi
2437 879 2534 947 μὲν
2574 873 2666 931 οὖν
2703 877 2790 931 διά
2829 879 3025 948 ψήφων
3059 896 3117 931 τε
3167 879 3262 931 καὶ
3300 880 3551 951 ἀριθμῶν
3598 896 3788 933 στοι-

2151 969 2312 1039 χείων
2343 987 2399 1021 τε
2430 969 2520 1022 καὶ
2546 969 2827 1040 ὀνομάτων
2862 969 3226 1039 μαντεύεσθαι
3261 970 3579 1040 νομίζοντες
3617 972 3787 1025 ταύ-

2147 1079 2245 1129 την
2283 1063 2455 1132 ἀρχὴν
2499 1064 2892 1132 ἐπιχειρήσεως
2941 1061 3035 1114 τοῦ
3082 1065 3201 1114 κατ’
3250 1063 3450 1126 αὐτοὺς
3475 1064 3520 1094 ἰ
3573 1063 3781 1131 λόγου

2150 1152 2464 1217 ποιοῦνται,
2513 1154 2814 1221 φάσκοντες
2850 1151 3100 1222 πυθμένα
3154 1149 3290 1206 εἶναι
3343 1155 3580 1206 ἑκάστου
3637 1153 3780 1206 τῶν

2147 1243 2412 1314 ἀριθμῶν,
2446 1244 2534 1296 ἐπὶ
2558 1244 2657 1313 μὲν
2679 1243 2786 1297 τῶν
2807 1244 3059 1314 χιλιάδων
3086 1243 3354 1306 τοσαύτας
3379 1243 3456 1316 [υ.
3490 1247 3579 1306 51,
3613 1242 3772 1314 52.]

2150 1335 2401 1404 μονάδας,
2425 1336 2544 1387 ὅσαι
2571 1334 2633 1388 ἂν
2651 1329 2750 1388 ὦσι
2773 1336 3035 1405 χιλιάδες,
3070 1330 3180 1388 οἷον
3201 1336 3310 1389 τῶν
3345 1335 3772 1407 ἑξακισχιλίων

2146 1425 2174 1476 6
2194 1425 2409 1495 πυθμὴν
2430 1425 2654 1495 μονάδες
2669 1425 2745 1491 ἒξ,
2762 1426 2868 1478 τῶν
2888 1426 3307 1496 ἑπτακισχιλίων
3328 1428 3553 1495 μονάδες
3568 1429 3593 1479 ἑ
3604 1427 3738 1478 τττὰ
3749 1469 3765 1492 ,

2147 1518 2254 1570 τῶν
2276 1519 2697 1587 ὀκτακισχιλίων
2724 1519 2950 1588 μονάδες
2977 1518 3139 1583 ὀκτὼ,
3161 1521 3254 1572 καὶ
3279 1521 3370 1571 ἐπὶ
3403 1520 3511 1572 τῶν
3531 1519 3768 1573 λοιπῶν

2153 1610 2352 1681 ὁμοίως
2402 1609 2542 1662 κατά
2588 1610 2654 1663 τά
2698 1609 2875 1674 αὐτὰ,
2917 1612 3012 1662 καὶ
3054 1612 3146 1662 ἐπὶ
3181 1609 3288 1662 τῶν
3337 1611 3760 1676 ἑκατοντάδων,

2152 1703 2274 1755 ὅσαι
2309 1702 2373 1755 ἂν
2406 1695 2538 1754 ὦσιν
2574 1703 2629 1755 αἱ
2677 1702 3029 1764 ἑκατοντάδες
3056 1741 3070 1765 ,
3118 1701 3378 1754 τοσαῦται
3435 1703 3675 1772 μονάδες
3728 1705 3762 1754 6

2152 1793 2373 1864 πυθμήν
2402 1795 2548 1846 ἑστιν
2571 1792 2772 1858 αὐτῶν,
2798 1789 2907 1845 οἷον
2931 1793 3035 1845 τῶν
3061 1794 3401 1846 ἑπτακοσίων
3433 1792 3575 1846 ἑπτά
3599 1795 3760 1846 εἰσιν

2151 1885 2525 1948 ἑκατοντάδες·
2575 1887 2602 1938 6
2634 1885 2851 1956 πυθμὴν
2895 1884 3070 1938 αὐτῶν
3118 1885 3257 1938 ἑπτὰ
3310 1885 3571 1954 μονάδες·
3625 1885 3756 1938 τῶν

2151 1977 2447 2042 ἑξακοσίων
2473 1977 2531 2043 ἓξ
2559 1979 2992 2040 ἑκατοντάδες²²ο
3016 1979 3044 2029 6
3065 1977 3284 2049 πυθμὴν
3312 1979 3492 2030 αὐτῶν
3514 1982 3664 2048 τρεῖς
3697 1981 3754 2011 ³³

2153 2071 2398 2142 μονάδες.
2449 2072 2523 2123 T6
2570 2071 2752 2141 ὅμοιον
2791 2071 2885 2123 καὶ
2920 2071 3011 2122 ἑπὶ
3042 2070 3150 2123 τῶν
3183 2071 3444 2124 δεκάδων·
3482 2071 3591 2123 τῶν
3634 2074 3748 2143 μὲν

2149 2164 2477 2232 ὀγδοήκοντα
2507 2164 2734 2234 μονάδες
2771 2162 2937 2226 ὀκτὼ,
2983 2163 3092 2215 τῶν
3121 2163 3176 2216 δὲ
3205 2164 3471 2234 ἑξήκοντα
3507 2164 3748 2234 μονάδες

2148 2252 2237 2319 ἒξ,
2274 2252 2382 2306 τῶν
2416 2253 2825 2324 τεσσαράκοντα
2863 2254 3091 2324 μονάδες
3126 2254 3422 2326 τέσσαρες,
3455 2256 3561 2308 τῶν
3597 2258 3739 2309 δέκα

2150 2347 2316 2416 μονάς
2349 2345 2466 2414 μία.
2507 2347 2629 2398 Ἐπὶ
2655 2345 2709 2397 δὲ
2734 2345 2842 2398 τῶν
2870 2346 3135 2416 μονάδων,
3169 2347 3389 2418 πυθμὴν
3410 2350 3568 2403 αὐταί
3594 2353 3746 2403 εἰσιν

2147 2438 2201 2489 αἱ
2257 2436 2521 2506 μονάδες,
2574 2431 2684 2488 οἷον
2719 2437 2812 2489 τοῦ
2861 2437 3016 2490 ἐννέα
3064 2440 3091 2490 6
3135 2438 3318 2501 ἐννέα,
3370 2440 3460 2492 τοῦ
3514 2440 3654 2494 ὀκτὼ
3701 2446 3735 2495 6

2145 2526 2309 2591 ὀκτὼ,
2339 2525 2432 2579 τοῦ
2462 2529 2601 2579 ἑπτὰ
2631 2529 2659 2579 6
2691 2528 2850 2580 ἑπτά.
2882 2527 3064 2590 Οὕτως
3087 2523 3178 2582 οὖν
3206 2533 3296 2582 καὶ
3325 2533 3414 2584 ἐπὶ
3441 2533 3546 2584 τῶν
3579 2549 3727 2586 στοι-

2147 2617 2306 2688 χείων
2352 2622 2526 2672 ποιεῖν
2559 2619 2658 2672 δεῖ·
2696 2617 2929 2673 ἕκαστον
2981 2621 3089 2692 γάρ
3134 2626 3392 2694 στοιχεῖον
3431 2626 3571 2678 κατά
3601 2642 3725 2678 τινα

2144 2712 2399 2766 τέτακται
2431 2713 2687 2785 ἀριθμὸν,
2710 2710 2819 2766 οἷον
2852 2715 2912 2767 1:6
2948 2723 2992 2766 ν’
3031 2717 3368 2786 πεντήκοντα
3399 2718 3442 2748 ’³
3482 2720 3727 2788 μονάδων

2146 2805 2313 2858 ἐστίν·
2362 2804 2469 2858 τῶν
2512 2803 2563 2859 δὲ
2595 2808 2639 2838 ’⁵
2683 2809 3017 2878 πεντήκοντα
3054 2809 3295 2877 μονάδων
3328 2809 3544 2880 πυθμήν
3580 2813 3728 2864 ἐστιν

2143 2897 2171 2949 6
2200 2897 2380 2958 πέντε,
2409 2899 2616 2951 καὶτοῦ
2650 2906 2690 2952 ν’
2726 2900 2991 2969 στοιχείου
3026 2901 3034 2969 |
3071 2900 3290 2970 πυθμήν
3316 2903 3462 2953 ἑστιν
3491 2905 3516 2955 6
3542 2903 3726 2958 πέντε.

2148 2988 2326 3040 Ἔστω
2358 2989 2418 3040 ἑκ
2461 3007 2555 3042 του
2585 2991 2629 3020 ’⁸
2679 2990 2943 3059 ὀνόματος
2982 2991 3106 3052 τοὺς
3143 2992 3186 3023 ²⁷
3221 2990 3412 3045 τούτου
3447 2992 3727 3063 πυθμένας

2142 3077 2344 3131 λαῦεἶν.
2385 3071 2508 3132 υἷον
2545 3080 2639 3133 τοῦ
2689 3080 3048 3150 Ἀγαμέμνων
3088 3081 3354 3150 ὀνόματος
3390 3082 3590 3150 γίνεται
3632 3086 3723 3136 τοῦ

2145 3170 2242 3238 μὲν
2274 3171 2319 3200 ’⁸
2355 3177 2403 3222 α’
2447 3171 2612 3240 μονάς
2649 3172 2768 3244 μία,
2803 3171 2894 3224 τοῦ
2931 3174 2986 3224 δὲ
3036 3173 3085 3240 γ’
3120 3174 3347 3242 μονάδες
3393 3178 3578 3245 τρεῖς,
3629 3177 3723 3230 τοῦ

2143 3259 2301 3313 ἄλλου
2337 3269 2384 3314 α’
2422 3263 2588 3332 μονάς
2619 3265 2716 3334 μία
2747 3263 2838 3316 τοῦ
2869 3271 2919 3333 μ’
2951 3264 3174 3334 μονάδες
3201 3266 3263 3330 δ’,
3297 3267 3394 3320 τοῦ
3425 3275 3466 3320 ε’
3502 3269 3722 3338 μονάδες

2140 3357 2200 3415 ε’,
2235 3351 2328 3404 τοῦ
2364 3361 2416 3423 μ’
2452 3355 2675 3424 μονάδες
2700 3356 2761 3419 δ’,
2817 3354 2910 3406 τοῦ
2949 3353 2988 3407 ν’
3037 3357 3265 3425 μονάδες
3301 3357 3464 3410 πέντε
3490 3399 3503 3423 ,
3547 3359 3639 3412 τοῦ
3678 3363 3745 3413 ω’

2142 3442 2367 3510 μονάδες
2391 3442 2460 3514 η’,
2488 3444 2580 3496 τοῦ
2605 3445 2647 3496 ν’
2677 3445 2902 3514 μονάδες
2938 3452 2997 3508 ε’,
3029 3446 3164 3515 ὁμοῦ
3197 3448 3287 3500 ἐπὶ
3319 3449 3381 3500 τὸ
3418 3452 3547 3502 αὐτὸ
3574 3452 3723 3504 ἐσονυ

2139 3549 2227 3584 ται
2250 3531 2318 3594 α’,
2336 3533 2405 3601 γ’,
2429 3541 2496 3597 α’,
2516 3534 2565 3598 δ,
2590 3553 2636 3597 ε,
2656 3538 2717 3599 δ’,
2739 3535 2778 3588 ε’
2797 3544 2866 3608 η’,
2891 3545 2931 3590 ε’
2949 3541 3014 3571 ³³·
3036 3539 3209 3594 ταῦτα
3236 3542 3556 3595 συντεθέντα
3581 3548 3723 3597 ποιεῖ

2143 3624 2375 3694 μονάδας
2417 3625 2511 3689 λς.
2555 3629 2724 3680 Πάλιν
2762 3631 2968 3683 τούτων
3022 3632 3307 3702 πυθμένας
3342 3634 3718 3704 λαμϐάνουσι,

2141 3714 2233 3766 καὶ
2271 3715 2512 3780 γίνονται
2542 3714 2650 3766 τῶν
2685 3717 2784 3785 μὲν
2821 3718 2851 3769 λ
2879 3722 3026 3788 τρεῖς
3047 3762 3060 3783 ,
3096 3719 3202 3772 τῶν
3224 3720 3279 3773 δὲ
3303 3721 3361 3784 ἓξ
3391 3723 3526 3774 αὑτά
3550 3723 3617 3776 τὰ
3639 3723 3716 3786 ’ἐξ-

2143 3803 2468 3856 συντεθέντα
2511 3801 2603 3857 οὖν
2635 3806 2704 3858 τά
2732 3809 2858 3877 τρία
2896 3811 2987 3862 καὶ
3016 3811 3082 3863 τά
3114 3809 3173 3876 ἒξ
3200 3814 3345 3864 ποιεῖ
3383 3813 3538 3866 έννέα
3560 3857 3573 3880 ,
3615 3814 3719 3866 τῶν

2139 3893 2194 3944 δὲ
2230 3892 2384 3946 ἐννέα
2422 3894 2643 3964 πυθμὴν
2673 3896 2701 3946 6
2748 3897 2920 3950 ἑννέα.
2966 3900 3276 3970 Κατέληξεν
3308 3899 3401 3955 οὖν
3435 3904 3495 3955 τὸ
3546 3906 3715 3971 ’Λγα-

2143 3982 2360 4052 μέμνων
2380 3983 2551 4051 ὄνομα
2577 3986 2654 4047 εἰς
2682 3983 2772 4038 τὸν
2801 3986 2958 4039 ἐννέα
2989 3989 3260 4059 πυθμένα.
3291 3992 3469 4044 Ἔστω
3498 3992 3558 4045 τὸ
3588 3994 3718 4046 αὐτὸ

2139 4072 2234 4128 καὶ
2277 4075 2368 4125 ἐπὶ
2417 4073 2577 4128 ἄλλου
2629 4075 2889 4145 ὀνόματος
2942 4080 3162 4146 ποιῆσαι
3205 4081 3299 4135 τοῦ
3357 4084 3597 4156 Ἕκτωρ.
3647 4087 3718 4139 T6

2140 4162 2360 4232 Ἕκτωρ
2385 4162 2554 4234 ὄνομα
2589 4163 2700 4234 ἔχει
2730 4168 2969 4236 στοιχεῖα
2997 4166 3036 4220 ε’
3063 4169 3107 4200 ³⁰
3139 4171 3232 4222 καὶ
3267 4171 3461 4223 κάππα
3492 4173 3586 4224 καὶ
3615 4171 3714 4225 ταῦ

2140 4256 2231 4308 καὶ
2246 4259 2303 4307 ω’
2319 4255 2413 4308 καὶ
2433 4252 2496 4326 ρ’.
2529 4253 2748 4309 Τούτων
2783 4257 3054 4327 πυθμένες
3071 4264 3133 4322 ε’,
3158 4259 3222 4328 β’,
3244 4266 3313 4328 γ’,
3333 4260 3406 4330 η’,
3427 4269 3475 4314 α’
3498 4281 3511 4294 ·
3539 4264 3711 4316 ταῦτα

2141 4344 2456 4399 συντεθέντα
2475 4348 2618 4398 ποιεῖ
2640 4333 2872 4416 μονάδας
2901 4349 2982 4402 ιϐ’.
3011 4350 3182 4402 Πάλιν
3203 4351 3313 4403 τῶν
3337 4352 3466 4405 δέκα
3494 4354 3710 4424 πυθμὴν

2138 4429 2238 4500 εἷς,
2272 4435 2380 4488 τῶν
2414 4437 2569 4490 ἐννέα
2603 4433 2756 4490 ἐννέα
2781 4479 2795 4504 ,
2827 4437 2862 4492 ἃ
2894 4441 3215 4495 συντεθέντα
3261 4447 3406 4497 ποιεῖ
3435 4445 3582 4499 δέκα·
3618 4446 3711 4500 τοῦ

2137 4527 2266 4580 δέκα
2294 4527 2502 4595 γίνεται
2527 4527 2749 4598 πυθμὴν
2775 4532 2960 4600 μονάς.
2993 4533 3279 4603 Ψηφισθὲν
3301 4533 3394 4589 οὖν
3413 4538 3474 4590 τὸ
3496 4537 3713 4608 Ἕκτωρ

2138 4619 2308 4689 ὄνομα
2333 4620 2555 4689 ἐποίησε
2585 4621 2835 4690 πυθμένα
2866 4625 3088 4692 μονάδα.
3120 4625 3498 4700 Εὑκολώτερον
3518 4627 3574 4682 δέ
3598 4630 3711 4682 ἑστι

2135 4713 2195 4764 τὸ
2228 4709 2400 4774 οὕτως
2429 4715 2624 4764 ποιεῖν·
2664 4715 2792 4778 τοὺς
2821 4717 3148 4785 εὑρεθέντας
3179 4721 3242 4772 ἑκ
3288 4722 3398 4774 τῶν
3433 4722 3712 4791 στοιχεεων

2137 4803 2435 4872 πυθμένας,
2465 4804 2540 4867 ὡς
2560 4804 2656 4859 νῦν
2677 4808 2769 4858 ἐπὶ
2794 4807 2886 4860 τοῦ
2911 4809 3177 4880 ’Έκτορος
3199 4812 3460 4882 ὀνόματος
3480 4814 3711 4885 εὕρομεν

2138 4895 2373 4964 μονάδας
2406 4893 2490 4961 ιθ’,
2522 4898 2602 4961 εἰς
2629 4897 2784 4951 ἐννέα
2817 4901 3007 4969 μέριζε
3036 4904 3130 4955 καὶ
3166 4905 3228 4956 τὸ
3257 4907 3708 4976 περιλειπόμενον

2136 4986 2416 5056 πυθμένας
2457 4987 2616 5056 λέγε·
2668 4985 2780 5042 οἷον
2815 4990 2883 5044 τά
2929 4993 2992 5044 ιθ¹
3021 4995 3119 5047 ἑὰν
3153 4997 3235 5058 εἰς
3273 4997 3432 5050 ἐννέα
3467 4997 3695 5068 μερίζω,

2136 5073 2210 5146 [ρ.
2247 5075 2480 5149 52--5-4]
2509 5080 2882 5147 περιλείπεται
2917 5084 3103 5154 μονὰς,
3125 5087 3341 5151 ἐννάκις
3369 5088 3478 5159 γάρ
3507 5089 3601 5141 δύο
3632 5105 3707 5158 ιη,

1759 5249 1996 5305 νΑῐὶΙίΕ
2035 5250 2445 5309 LECTIONES.

527 5407 572 5479 ἕο
598 5407 694 5479 καὶ
736 5409 1088 5478 πανουργίας.
1148 5407 1494 5479 καινουργίας
1522 5407 1583 5479 β,
1631 5407 1953 5479 καινουργίᾳ.
1999 5406 2069 5479 Μ..

457 5478 583 5538 τοὺς
614 5477 683 5531 Μ.
751 5479 793 5509 ²¹
839 5477 1007 5543 αὐτὴν
1046 5479 1108 5531 (Σ.

2145 5409 2188 5439 ³⁸
2213 5408 2488 5488 filiani-£00
2515 5412 2694 5488 ὄντας.
2746 5417 3114 5481 ἁναπλέοντας
3162 5419 3224 5482 C,
3270 5420 3706 5488 άναπτεροῦντας

1277 5476 1628 5558 ἑξῂκοιντάδες
1658 5477 1718 5532 (ὲ.
1756 5478 1805 5558 _"
1827 5476 2181 5558 ’τρεῖςιρβλ
2213 5477 2294 5558 ἑξ..
2338 5478 2437 5558 nisi
2468 5482 2992 5558 exciderunteadem
3025 5476 3184 5558 verba
3214 5476 3280 5541 de
3305 5476 3610 5558 τριακδσιοι
3635 5476 3703 5543 ΜΣ

459 5546 509 5630 ξξ
524 5546 586 5598 τὸ
604 5549 1055 5630 ,νηπεντῄκονταη
1070 5547 1311 5630 μονάδων
1335 5545 1500 5630 έστέν.
1524 5549 1613 5630 τξν
1639 5547 1779 5628 κατὰ
1801 5545 2051 5630 ,μονάδων
2073 5547 2121 5615 η’
2143 5545 2204 5607 C,
2231 5549 2326 5599 ἐάν
2350 5548 2442 5599 τὸν
2476 5552 2616 5605 κατὰ
2647 5555 2890 5624 μονάδων
2916 5553 2988 5630 ff,
3034 5557 3102 5610 Μ.
3185 5559 3230 5588 ’⁸
3261 5545 3371 5610 τῶν
3396 5559 3472 5612 δέ.
3509 5560 3614 5611 τῶν
3636 5558 3702 5622 C,

462 5613 534 5664 Μ.
604 5616 650 5644 ⁸³
674 5618 736 5668 ἑκ
760 5613 852 5668 τοῦ
883 5618 942 5672 C.

461 5697 624 5750 pcrtts
671 5699 682 5730 :
717 5689 949 5752 στοιχεῖα
993 5685 1156 5738 πέντε
1196 5687 1258 5748 (3,
1297 5689 1531 5754 στοιχεῖα
1571 5685 1759 5751 πέντε,
1787 5695 1824 5737 ε’
1852 5686 1916 5739 Μ.

1013 5618 1064 5698 ³⁷.
1087 5617 1370 5698 τούςετινά
1402 5617 1497 5698 υ..-
1541 5618 1586 5648 ¹⁸
1611 5619 1702 5698 τοῦ
1747 5617 1956 5698 μένμτδ
1989 5623 2086 5690 μὲν
2113 5624 2174 5688 C,
2209 5623 2274 5680 Μ.
2334 5627 2380 5656 ’³
2411 5626 2472 5690 δθ,
2510 5630 2569 5688 ε’,
2601 5617 2671 5692 η’,
2708 5632 2772 5679 0".
2809 5627 2869 5680 δ’.
2909 5617 3005 5681 κἐδ.
3040 5627 3103 5682 C.
3143 5628 3186 5660 ³⁰
3223 5632 3461 5698 στοιχεῖα
3492 5626 3530 5679 ε’
3565 5617 3702 5682 Hic;
