4128 6316
423 354 560 416 3073

1499 353 1794 414 CONTRA
1833 353 2196 416 HIERESES
2235 358 2378 417 LIB.
2418 359 2514 417 IV.

3525 342 3666 407 3080

426 471 519 520 καὶ
548 465 708 535 λοιπὴ
745 463 932 535 μονάς.
975 452 1103 518 Ἐάν
1144 456 1252 536 γάρ
1291 441 1472 535 ὕφέλω
1496 467 1538 498 ³⁸
1573 467 1682 520 τῶν
1713 468 1763 521 ιθ
1793 469 1862 521 τὰ
1895 467 1984 521 δε-

2098 475 2331 551 76-77
2350 496 2414 534 ex
2435 476 2662 542 19—18,
2681 472 2900 528 restabit
2925 474 2969 533 1,
2989 471 3060 523 ita
3086 479 3136 523 ut
3162 467 3407 523 Hectoris
3431 468 3664 524 nominis

420 556 658 621 καοκτὼ,
705 556 866 626 λοιπὴ
913 556 1114 626 μονάς’
1153 557 1295 610 ὥστε
1332 558 1428 610 τοῦ
1469 559 1691 629 Ἕκτωρ
1728 561 1990 630 ὀνόματος

421 649 640 719 πυθμὴν
660 648 815 701 ἔσται
847 648 1031 717 μονάς.
1067 648 1235 702 Πάλιν
1265 649 1362 702 τοῦ
1396 651 1706 722 Πάτροκλος
1731 653 1992 721 ὀνόματος

422 740 692 810 πυθμένες
709 740 846 792 εἰσὶν
866 739 1090 810 ἀριθμοὶ
1111 734 1278 804 οὗτοι,
1295 739 1368 809 η’,
1387 748 1455 803 α’,
1479 748 1548 810 γ’,
1576 740 1641 808 ζ’,
1669 742 1733 812 β’.
1753 750 1821 810 γ’,
1842 742 1906 806 CI,
1925 741 1988 812 β’·

423 829 806 900 συντεθέντεςι
852 831 1066 883 ποιοῦσι
1117 831 1350 899 μονάδας
1388 832 1481 885 ἰδ’.
1521 832 1737 884 Τούτων
1778 834 1839 884 τὸ
1887 834 1995 886 λοι-

424 922 523 976 πὸν
553 921 596 951 ³¹
627 920 851 990 μονάδες
879 921 1018 987 ἑπτά
1044 960 1058 984 ,
1089 920 1197 972 τῶν
1227 921 1268 972 λ’
1300 924 1470 990 τρεῖς,
1503 921 1595 974 καὶ
1622 920 1731 973 τῶν
1757 921 1799 973 δ’
1832 922 1994 973 αὐταὶ

424 1017 479 1068 αἱ
506 1011 568 1068 δ’.
603 1012 829 1083 Πυθμὴν
861 1008 954 1066 οὖν
1000 1014 1104 1064 είσι
1140 1012 1232 1065 τοῦ
1266 1013 1575 1081 Πάτροκλος
1602 1013 1864 1081 ὀνόματος
1898 1029 1994 1082 μο-

423 1105 576 1166 νάδες
604 1101 667 1167 ζ’.
692 1104 754 1155 Οἱ
791 1102 889 1172 μὲν
915 1098 1009 1155 οὖν
1033 1103 1173 1155 κατὰ
1194 1103 1284 1155 τὸν
1318 1103 1621 1157 ἐννεαδικδν
1655 1103 1858 1156 κανόνα
1883 1102 1990 1173 ψη-

423 1194 667 1263 φίζοντες
698 1191 802 1264 [τὸ]
827 1193 872 1224 ³³
900 1193 1117 1246 ἔννατον
1141 1193 1476 1262 λαμϐάνουσι
1500 1195 1591 1247 τοῦ
1618 1194 1993 1266 ἀθροισθέντος

423 1286 487 1336 ἐκ
519 1283 626 1335 τῶν
654 1281 943 1353 πυθμένων
975 1283 1232 1352 ἀριθμοῦ,
1263 1286 1357 1338 καὶ
1389 1286 1449 1337 τὸ
1483 1285 1827 1355 περιλειφθὲν
1860 1284 1995 1354 πλῆ-

424 1375 514 1438 θος
544 1376 652 1428 τῶν
686 1375 975 1445 πυθμένων
1001 1376 1293 1446 ὁρίζονται,
1317 1378 1366 1429 οἰ
1393 1376 1450 1430 δὲ
1476 1376 1616 1430 κατὰ
1645 1377 1734 1429 τὸν
1765 1376 1994 1447 ἑϐδομα-

423 1467 571 1520 τικὸν
611 1466 672 1519 τὺ
717 1466 968 1536 ἕϐδομονο
1017 1462 1128 1520 οἷον
1165 1468 1362 1538 εὑρέθη
1405 1469 1496 1522 ἐπὶ
1545 1468 1639 1520 τοῦ
1684 1468 1996 1538 Πάτροκλος

424 1556 684 1627 ὀνόματος
705 1557 766 1610 τὸ
784 1558 874 1610 ἐπὶ
900 1557 1007 1610 τῶν
1038 1557 1326 1628 πυθμένων
1353 1558 1626 1628 ἄθροισμα
1651 1558 1876 1628 μονάδες
1899 1555 1992 1609 λδ⁴·

423 1651 581 1705 τοῦτο
621 1651 874 1720 μερισθὲν
915 1651 996 1712 εἰς
1040 1649 1340 1719 ἑϐδομάδας
1387 1653 1532 1702 ποιεῖ
1555 1649 1621 1713 δ,’
1663 1650 1690 1702 ὃ
1736 1651 1854 1701 ἐστι
1894 1663 1987 1717 κη·

424 1743 605 1797 λοιπαὶ
624 1743 845 1813 μονάδες
872 1741 950 1806 ἐξ·
979 1741 1124 1809 λέγει
1151 1742 1232 1795 ὅτι
1257 1742 1285 1792 0
1311 1739 1532 1810 πυθμὴν
1564 1740 1655 1793 τοῦ
1685 1739 1995 1809 Πάτροκλος

425 1837 684 1906 ὀνόματός
710 1837 846 1886 εἰσιν
875 1834 933 1898 ἒξ
963 1833 1100 1886 κατὰ
1134 1833 1224 1885 τὸν
1263 1833 1639 1900 ἑϐδοματικὸν.
1671 1833 1735 1884 Εἰ
1763 1832 1820 1884 δέ
1844 1832 1993 1883 ἔσται
2029 1821 2068 1874 Β

430 1926 538 1999 μγ¹,
567 1927 630 1980 τὸ
657 1927 886 1996 ἕϐδομον
925 1926 1071 1993 λέγει
1110 1924 1222 1994 μβ’,
1254 1924 1484 1986 ἑπτάκις
1515 1925 1622 1995 γὰρ
1649 1923 1708 1989 ἒξ
1742 1923 1851 1992 μβγ,
1890 1924 1988 1974 καὶ

425 2019 608 2072 λοιπὸν
640 2019 719 2070 ἓν.
756 2017 938 2079 Μονάς
981 2013 1073 2070 οὖν
1105 2017 1315 2085 γίνεται.
1359 2018 1387 2068 0
1424 2015 1644 2084 πυθμὴν
1684 2017 1711 2067 ὁ
1749 2015 1858 2067 ἀπὸ
1886 2013 1995 2065 τῶν

431 2125 504 2179 μγ
546 2107 688 2161 κατὰ
731 2107 820 2160 τὸν
861 2106 1234 2176 ἐϐδοματικὸν.
1279 2108 1370 2158 Δεῖ
1409 2105 1465 2158 δὲ
1509 2105 1798 2175 προσέχειν
1841 2106 1935 2157 ἐὰν
1967 2105 1994 2155 0

427 2197 650 2269 ληφθεὶς
677 2197 722 2229 ⁸⁵
755 2196 988 2267 ἀριθμὸς
1019 2196 1374 2266 μεριζόμενος
1407 2195 1684 2265 άπαρτίσῃ
1707 2231 1721 2254 ,
1755 2187 1866 2245 οἷον
1900 2191 1994 2244 ἐὰν

430 2290 492 2343 ἐκ
523 2307 662 2351 τινος
701 2289 961 2358 ὀνόματος
1005 2287 1268 2350 συντιθεὶς
1299 2287 1344 2318 ³⁸
1390 2288 1514 2349 τοὺς
1544 2285 1820 2354 πυθμένας
1850 2283 1994 2353 εὕρω

431 2381 587 2449 λόγου
613 2379 768 2448 χάριν
793 2378 1022 2447 μονάδας
1042 2378 1151 2442 λς’.
1179 2379 1237 2430 '0
1254 2378 1310 2430 δὲ
1331 2374 1414 2440 ςλ¹
1441 2383 1506 2446 με
1516 2375 1794 2447 ριζόμενος
1811 2375 1889 2435 είς
1904 2373 1993 2424 τὸν

428 2474 582 2527 ἐννέα
614 2473 643 2525 δ
681 2470 968 2542 ἀπαρτίζει
1004 2470 1257 2532 ἐννεάδας
1285 2467 1524 2540 (ἐννάκις
1552 2468 1660 2536 γὰρ
1686 2466 1726 2518 δ’
1758 2465 1866 2530 λς’,
1899 2463 1994 2516 καὶ

426 2565 575 2618 οὐδὲν
609 2561 1040 2636 περιλείπεται)·
1077 2561 1170 2615 τὸν
1206 2560 1458 2630 πυθμένα
1487 2556 1580 2612 οὖν
1623 2557 1784 2612 αὑτὸν
1827 2557 1919 2608 τὸν
1949 2555 1992 2608 θ’

426 2657 584 2727 δῆλον
623 2653 783 2710 εἶναι.
827 2653 942 2709 Κᾶν
967 2654 1011 2686 ³⁸
1063 2653 1226 2707 πάλιν
1267 2652 1359 2704 τὸν
1393 2650 1800 2721 τεσσαράκοντα
1835 2649 1992 2701 πέντε

428 2746 657 2817 ἀριθμὸν
715 2743 1030 2816 μερίζοντες
1091 2743 1340 2814 εὕρωμεν
1394 2741 1766 2811 ἀπαρτίζοντα
1817 2740 1990 2792 ἐννέα·

429 2837 523 2892 καὶ
563 2837 672 2908 γὰρ
701 2836 917 2898 ἐννάκις
948 2836 1109 2889 πέντε
1143 2833 1224 2904 με’
1243 2874 1256 2899 ,
1290 2836 1385 2886 καὶ
1413 2833 1656 2886 λείπεται
1683 2831 1833 2884 οὐδέν
1855 2848 1867 2861 ο
1902 2830 1994 2882 ἐπὶ

428 2929 535 2983 τῶν
564 2929 818 2982 τοιούτων
841 2927 998 2980 αὐτὸν
1028 2927 1120 2980 τὸν
1157 2925 1310 2979 ἐννέα
1333 2923 1548 2991 λέγουσι
1583 2921 1849 2992 πυθμένα.
1887 2923 1995 2972 Καὶ

431 3023 523 3075 ἐπὶ
553 3021 646 3074 τοῦ
678 3019 1031 3089 ἑϐδοματικοῦ
1063 3018 1105 3048 ³⁷
1135 3016 1354 3087 ὁμοίως,
1399 3015 1495 3068 ἐὰν
1530 3015 1686 3083 λόχου
1721 3014 1880 3084 χάριν
1907 3013 1995 3065 τὸν

432 3113 515 3184 κη’
545 3116 624 3176 εἰς
663 3113 753 3166 τὸν
787 3110 924 3164 ἑπτὰ
977 3111 1290 3180 μερίζοντες
1327 3107 1717 3178 άπαρτίσωμεν
1749 3106 1995 3173 (ἑπτάκις

430 3207 537 3276 γὰρ
565 3204 605 3258 δ’
637 3205 746 3273 κη’,
779 3204 871 3256 καὶ
919 3202 1291 3270 περιλείπεται
1335 3200 1508 3267 οὐδὲν)
1535 3241 1549 3266 ,
1582 3199 1673 3251 τὸν
1721 3199 1861 3250 ἑπτὰ
1908 3196 1994 3247 λέ-

429 3314 583 3367 γουσι
612 3298 878 3368 πυθμένα.
908 3297 1076 3350 Ὅταν
1109 3295 1293 3366 μέντοι
1321 3292 1532 3365 ψηφίζῃ
1553 3292 1621 3344 τά
1642 3293 1878 3362 ὀνόματα
1902 3289 1995 3342 καὶ

429 3391 655 3460 εὑρίσκῃ
685 3390 728 3420 ³³
769 3389 848 3451 δὶς
875 3389 936 3440 τὸ
964 3387 1094 3441 αὐτὸ
1123 3387 1378 3458 γράμμα,
1408 3385 1572 3450 ἅπαξ·
1603 3384 1735 3436 αὐτὸ
1767 3384 1777 3452 |
1829 3381 1995 3450 ψηφί-

429 3480 531 3548 ζει,
562 3475 672 3535 οἷον
704 3481 765 3534 τὸ
793 3478 1105 3550 Πάτροκλος
1134 3478 1303 3548 ὄνομα
1325 3478 1370 3510 ³⁰
1405 3478 1497 3530 καὶ
1526 3477 1582 3530 τὸ
1613 3473 1664 3527 π’
1692 3476 1740 3528 α’
1778 3475 1857 3536 δὶς
1883 3474 1994 3544 ἔχει

433 3576 526 3630 καὶ
552 3574 610 3626 τὸ
639 3580 679 3626 ο¹
710 3573 809 3635 δὶς,
844 3569 990 3635 ἅπαξ
1017 3567 1109 3624 οὖν
1136 3571 1198 3622 τὺ
1227 3570 1275 3623 α’
1306 3571 1603 3642 ψηφίζουσι
1643 3569 1737 3622 καὶ
1766 3567 1910 3633 ἅπαξ
1934 3567 1997 3620 τὸ

428 3664 489 3719 0'.
521 3664 676 3718 Κατὰ
703 3663 857 3716 τοῦτο
881 3657 972 3716 οὖν
1004 3663 1276 3732 πυθμένες
1305 3661 1520 3715 ἔσονται
1544 3680 1598 3732 η,
1634 3661 1703 3723 α’,
1729 3667 1799 3729 γ’,
1828 3665 1896 3726 α’,
1927 3658 1993 3726 ζ’,

431 3756 496 3826 β’,
517 3758 590 3824 γ’,
612 3755 679 3825 β’.
698 3756 792 3808 καὶ
819 3753 1166 3816 συντεθέντες
1195 3752 1406 3805 ποιοῦσι
1444 3754 1674 3823 μονάδας
1699 3751 1746 3784 ιθ
1773 3749 1872 3815 κς,
1901 3752 1996 3804 καὶ

433 3845 584 3904 ἔσται
615 3845 834 3916 πυθμὴν
863 3845 954 3898 τοῦ
985 3845 1246 3915 ὀνόματος
1277 3845 1416 3897 κατὰ
1445 3845 1540 3913 μὲν
1568 3845 1660 3897 τὸν
1688 3843 1995 3896 ἐννεαδικὸν

431 3938 591 4000 αὐτὸς
607 3940 634 3990 0
657 3937 832 3999 ἐννέα,
859 3936 1000 3990 κατά
1017 3937 1071 3990 δὲ
1093 3935 1181 3988 τὸν
1205 3936 1558 4004 ἑϐδοματικὸν
1584 3935 1659 4001 ἕξ.
1699 3935 1930 4005 Ὁμοίως
1951 3933 1994 3964 ⁸³

424 4027 728 4099 ,Σαρπηδὼν
749 4028 1039 4097 ψηφισθεὶς
1083 4029 1226 4079 ποιεῖ
1256 4027 1486 4095 μονάδας
1515 4029 1654 4078 κατά
1683 4024 1759 4096 [p.
1786 4024 1873 4078 50.
1903 4023 1995 4094 55]

428 4121 520 4173 τὸν
548 4119 848 4172 ἐννεαδικὸν
873 4119 965 4172 δύο
994 4117 1261 4186 πυθμένα,
1289 4117 1600 4186 Πάτροκλος
1639 4117 1695 4168 δὲ
1729 4117 1872 4168 ποιεῖ
1898 4131 1995 4185 μο-

431 4213 591 4275 νάδας
617 4211 680 4263 θ’·
705 4213 830 4281 νικᾷ
865 4208 1190 4280 Πάτροκλος.
1221 4209 1391 4262 Ὅταν
1420 4213 1526 4278 γὰρ
1617 4208 1645 4260 0
1676 4209 1771 4277 μὲν
1798 4205 1874 4269 εἷς
1900 4224 1998 4258 πε-

433 4305 635 4375 ρισσὸς,
679 4305 706 4357 0
742 4303 800 4358 δὲ
842 4303 1028 4372 ἕτερος
1073 4302 1256 4372 ἄρτιος
1285 4341 1300 4366 ,
1347 4302 1376 4352 0
1422 4300 1680 4370 περισσὸς
1715 4301 1867 4369 νικᾷ,
1903 4300 1998 4352 ἐὰν

434 4397 637 4467 μείζων
791 4395 957 4450 Πάλιν
983 4394 1040 4446 δὲ
1070 4395 1166 4448 ἐάν
1304 4392 1448 4446 ὀκτὼ
1476 4393 1661 4464 άρτως
1713 4393 1804 4445 καὶ
1837 4393 1998 4444 πέντε

432 4488 720 4557 περισσὸς,
755 4490 783 4541 0
821 4487 965 4541 ὀκτὼ
1019 4488 1162 4556 νικᾷ,
1221 4485 1422 4555 μείζων
1460 4487 1567 4556 γάρ
1614 4488 1781 4538 ἐστιν.
1825 4487 1889 4538 Et
1944 4486 1999 4539 δέ

431 4575 567 4626 εἰσιν
589 4573 632 4603 δ’
664 4571 888 4642 ἀριθμοὶ
930 4571 1027 4624 ’δύο
1061 4567 1170 4625 οἷον
1203 4573 1500 4643 ἀμφότεροι
1537 4572 1711 4643 ἄρτιοι
1756 4572 1788 4643 ἢ
1822 4571 1997 4640 ἀμφέσ-

430 4680 576 4734 τεροι
598 4665 868 4734 περισσοὶ,
888 4665 920 4716 0
945 4664 1187 4718 ἐλάσσων
1209 4667 1355 4735 νικᾷ.
1383 4665 1506 4728 Πῶς
1526 4665 1583 4718 δὲ
1608 4668 1636 4718 0
1665 4666 1997 4733 Σαρπηδὼν

434 4753 569 4808 κατὰ
596 4755 688 4808 τὸν
719 4756 1022 4809 ἐννεαδικὺν
1055 4756 1100 4787 ⁸³
1133 4759 1278 4809 ποιεῖ
1312 4758 1542 4828 μονάδας
1578 4757 1702 4820 δύος
1729 4757 1996 4829 Παραλεί-

434 4864 591 4901 πεται
617 4848 661 4878 ⁸⁸
688 4848 798 4915 γὰρ
826 4849 886 4902 τὸ
923 4856 979 4902 ω’
1013 4851 1296 4918 στοιχεῖον·
1330 4850 1458 4903 ὅταν
1484 4851 1590 4922 γάρ
1688 4853 1744 4903 ἐν
1775 4853 1998 4920 ὀνόματι

433 4943 692 5009 στοιχεῖον
713 4958 759 4992 ω
781 4941 874 4992 καὶ
898 4946 966 5010 η’,
987 4942 1461 5011 παραλιμπάνουσι
1486 4944 1547 4995 τὸ
1563 4944 1620 4996 ω·
1649 4946 1729 4997 ἑνὶ
1753 4947 1999 5016 στοιχείῳ

433 5028 740 5097 χρώμενοι·
787 5027 1128 5099 ἰσοδυναμεῖν
1165 5030 1275 5102 γὰρ
1309 5031 1527 5100 λέγουσι
1570 5034 1638 5087 τὰ
1674 5037 1960 5107 ἀμφότερα
1986 5079 1999 5102 ,

433 5119 510 5184 δὶς
537 5121 594 5174 δὲ
639 5123 703 5177 τὸ
751 5123 882 5176 αὐτὸ
913 5123 975 5176 οὐ
1026 5122 1356 5194 ψηφίζεται,
1406 5125 1480 5190 ὡς
1513 5127 1718 5181 ἄνωθεν
1763 5131 2000 5200 εἴρηται.

2099 569 2294 625 fundus
2312 571 2382 622 sit
2405 569 2664 623 LRursns
2684 565 2911 619 nominis
2935 562 3075 632 quod
3095 561 3496 630 οειιιάτροκλος
3516 561 3663 616 fundi

2096 666 2222 713 sunt
2271 659 2475 713 numeri
2529 658 2579 711 1ιί
2622 675 2634 710 :
2677 657 2728 720 8,
2765 654 2811 719 1,
2837 653 2888 718 5,
2920 652 2972 714 1,
2997 651 3051 713 7,
3079 650 3133 714 Ξ,
3163 649 3218 711 5,
3247 650 3300 713 7,
3331 650 3398 712 9.;
3449 650 3664 704 conﬂati

2095 749 2333 803 eliiciunt
2365 749 2619 803 monades
2661 746 2750 799 '54.
2779 743 2979 797 Horum
3010 741 3150 810 quod
3189 739 3512 806 relinquitur
3545 731 3664 792 nio-

2095 843 2260 896 nades
2296 841 2348 904 7,
2382 840 2655 894 tricenarii
2688 837 2896 890 numeri
2930 834 3195 888 ternarius
3245 841 3297 883 et
3335 829 3665 897 quaternarii

2095 935 2211 1003 ipse
2243 933 2644 1002 quaternarins.
2694 928 2912 982 Fundus
2961 926 3122 994 igitur
3159 920 3386 976 Patrocli
3435 917 3664 971 nominis

2096 1025 2350 1079 monades
2387 1026 2437 1080 7.
2465 1023 2564 1089 Qui
2599 1023 2764 1091 igitur
2795 1018 3086 1073 secundum
3143 1013 3487 1068 novenariam
3540 1023 3667 1063 nor-

2097 1129 2237 1167 mam
2265 1121 2597 1183 computant,
2641 1128 2834 1165 nonam
2881 1118 3088 1178 partem
3135 1112 3356 1159 sumunt
3405 1101 3520 1168 ejus
3569 1115 3666 1152 nu-

2094 1206 2249 1270 meri,
2284 1205 2372 1272 qui
2404 1218 2467 1258 ex
2507 1203 2682 1256 fundis
2705 1202 2962 1255 collectus
2995 1208 3097 1261 est,
3151 1206 3204 1250 et
3256 1194 3307 1248 id
3359 1194 3498 1261 quod
3544 1190 3669 1244 reli-

2096 1305 2238 1351 ctum
2281 1306 2362 1350 est
2400 1311 2497 1364 pro
2532 1294 2874 1347 multitudine
2917 1291 3204 1343 fututorum
3239 1293 3547 1344 numerant,
3572 1283 3664 1350 qui

2097 1397 2273 1442 autem
2307 1387 2598 1441 secundum
2662 1383 3026 1453 septenariam
3078 1392 3346 1439 normam,
3381 1375 3662 1443 septimam

2095 1489 2302 1548 partem
2334 1496 2348 1533 :
2383 1476 2544 1530 veluti
2590 1485 2798 1545 reperta
2829 1473 2988 1526 estin
3032 1467 3246 1522 nomine
3277 1464 3504 1517 Patrocli
3550 1463 3666 1515 fun-

2099 1573 2286 1624 dorum
2335 1583 2546 1622 summa
2585 1565 2673 1630 54,
2717 1581 2835 1633 qua:
2882 1563 3052 1615 divisa
3086 1560 3137 1612 in
3187 1557 3444 1625 septimas
3490 1563 3667 1621 partes

2097 1660 2256 1716 eﬂicit
2291 1667 2540 1729 quatuor,
2585 1673 2692 1725 quo
2718 1654 3020 1710 ell'ieiuntnr
3041 1650 3146 1714 28;
3175 1657 3381 1702 restant
3413 1643 3668 1698 monadcs

2099 1768 2190 1807 sex
2234 1771 2247 1806 :
2285 1754 2360 1805 ait
2388 1753 2611 1805 fundum
2657 1748 2887 1803 Patrocli
2944 1747 3176 1799 nominis
3228 1757 3345 1795 esse
3395 1739 3666 1793 senarium

2097 1859 2378 1898 numerum
2405 1842 2698 1896 secundum
2725 1837 3084 1906 septenariam
3112 1849 3376 1887 normam.
3403 1832 3458 1883 Si
3489 1838 3666 1906 autem

2095 1937 2197 1990 erit
2227 1935 2318 1998 45,
2357 1935 2557 2001 septies
2591 1941 2862 2001 sumptum
2899 1929 3028 1982 dicit
3056 1927 3145 1990 42,
3177 1925 3376 1992 septies
3408 1922 3548 1974 enim
3575 1936 3668 1973 sex

2095 2026 2250 2081 emcit
2271 2027 2340 2079 42
2361 2037 2414 2079 et
2440 2033 2607 2078 restat
2636 2037 2821 2078 unum.
2848 2020 3033 2073 Monas
3058 2016 3451 2085 igiturexsistit
3478 2012 3672 2064 l‘nndns

2095 2118 2304 2171 numeri
2323 2117 2390 2168 4'5
2410 2115 2699 2170 secundum
2720 2122 2935 2179 septena
2946 2111 3075 2163 riam
3097 2122 3360 2161 normam.
3378 2103 3674 2158 Observan-

2096 2209 2220 2261 dum
2246 2216 2422 2260 antem
2452 2215 2554 2267 est,
2590 2219 2711 2257 cum
2744 2212 2990 2269 sumptus
3014 2213 3271 2252 numerus
3297 2195 3505 2248 divisus
3534 2191 3668 2246 nihil

2099 2296 2290 2362 reliqui
2323 2295 2503 2352 faciet.
2524 2291 2684 2345 veluti
2705 2307 2824 2344 cum
2843 2305 2907 2342 ex
2935 2288 3179 2355 quopiam
3209 2297 3431 2336 numero
3455 2295 3673 2345 compo-

2097 2402 2230 2441 nens
2251 2385 2443 2438 fnndos
2479 2385 2751 2445 invenero,
2778 2392 2833 2432 ut
2854 2378 3101 2446 exemplo
3128 2388 3271 2441 utar,
3293 2375 3544 2427 monades
3578 2373 3666 2425 56.

2095 2476 2362 2530 Nurnerus
2392 2483 2566 2528 autem
2603 2474 2672 2527 56
2703 2472 2906 2526 divisus
2932 2470 2984 2522 in
3011 2483 3199 2524 novem
3238 2475 3485 2519 accurate
3513 2463 3673 2516 ellicit

2095 2577 2324 2636 quatuor
2371 2560 2658 2625 eimeades,
2717 2563 2902 2615 novies
2941 2561 3081 2612 enim
3117 2568 3351 2626 quatuor
3408 2553 3571 2607 ellicit
3599 2552 3669 2606 56

2096 2677 2194 2716 nec
2219 2660 2512 2729 quidquam
2553 2657 2743 2726 reliqui
2783 2656 2863 2708 lit.
2893 2655 3148 2721 Apertum
3183 2651 3349 2719 igitur
3379 2658 3461 2702 est
3499 2650 3672 2717 ipsum

2098 2751 2317 2804 fundum
2342 2765 2460 2804 esse
2480 2747 2533 2802 9.
2557 2749 2620 2801 Et
2646 2748 2733 2800 ubi
2763 2761 2947 2800 rursus
2973 2757 3253 2796 numerum
3279 2739 3348 2793 45
3375 2739 3674 2792 dividentes

2098 2844 2428 2913 reperiemus
2461 2855 2740 2895 numerum
2801 2835 3148 2892 novenarium
3203 2833 3332 2887 nihil
3377 2833 3563 2899 reliqui
3600 2830 3673 2883 fa-

2097 2954 2217 2992 cere
2242 2936 2459 3009 (etenim
2488 2937 2673 2992 novies
2701 2935 2935 3004 quinque
2963 2929 3128 2985 efﬁcit
3156 2929 3223 2982 45
3251 2942 3344 2980 nec
3384 2924 3674 2993 quidquam

2101 3033 2311 3100 restat),
2347 3033 2398 3086 in
2449 3029 2660 3107 talibus
2685 3029 2868 3084 dicunt
2904 3027 3074 3096 ipsum
3105 3021 3459 3078 novenarium
3495 3034 3676 3073 nume-

2105 3141 2219 3179 rmn
2243 3139 2363 3178 esse
2387 3123 2631 3176 fundum.
2667 3123 2730 3174 Et
2761 3121 2812 3172 in
2847 3115 3154 3187 septenario
3199 3114 3437 3182 pariter;
3473 3111 3588 3176 nhi,
3620 3121 3674 3163 ut

2103 3215 2403 3284 exemplum
2465 3228 2751 3282 ponamus,
2817 3226 3096 3264 numerum
3160 3207 3228 3260 28
3279 3208 3333 3259 in
3395 3217 3672 3258 numerum

2101 3304 2463 3375 septenarium
2488 3303 2787 3357 dividentes
2821 3301 2950 3354 nihil
2980 3297 3171 3367 reliqui
3199 3295 3427 3350 facimus
3453 3292 3674 3363 (septies

2102 3399 2242 3454 enim
2273 3406 2506 3467 quatuor
2548 3394 2708 3448 allicit
2743 3393 2834 3458 ‘28,
2865 3406 2961 3446 nec
2989 3390 3278 3460 quidquam
3317 3384 3675 3454 relinquitur),

2102 3492 2464 3563 septenarium
2492 3491 2676 3543 dicunt
2704 3485 2946 3543 fundum.
2977 3486 3066 3539 Ille
3109 3485 3272 3555 igitur
3308 3497 3429 3537 cum
3459 3495 3675 3547 compn-

2104 3594 2177 3639 tat
2210 3583 2422 3638 nomina
2449 3591 2502 3636 et
2531 3582 2729 3651 reperit
2762 3581 3004 3634 eamdem
3055 3577 3286 3631 litteram
3316 3575 3398 3628 bis
3425 3572 3675 3641 positam,

2104 3676 2269 3732 semel
2305 3691 2423 3730 eam
2463 3682 2761 3743 computat,
2801 3671 2964 3724 veluti
2995 3667 3305 3738 Πάτροκλος
3333 3680 3526 3720 nomen
3551 3673 3605 3716 et
3639 3680 3677 3712 π

2102 3788 2136 3823 α
2165 3769 2375 3824 litteras
2414 3767 2495 3822 bis
2529 3766 2692 3820 habet
2718 3775 2770 3818 et
2795 3781 2823 3816 ο
2851 3764 3086 3816 litteram
3124 3760 3244 3822 bis;
3299 3757 3465 3812 semel
3518 3756 3677 3824 igitur

2103 3880 2138 3915 at
2167 3868 2498 3930 computant,
2533 3857 2697 3912 semel
2747 3873 2794 3909 ο.
2849 3855 3157 3908 Secundum
3191 3852 3292 3904 hoc
3331 3849 3496 3916 igitur
3528 3846 3676 3899 fundi

2103 3961 2303 4008 erunt:
2341 3949 2478 4015 8,1,
2521 3949 2575 4012 5,
2634 3945 2683 4009 1,
2728 3947 2783 4008 ἵ,
2830 3947 2883 4008 2,
2915 3944 2969 4006 5,
3012 3941 3068 4006 2,
3095 3951 3148 3994 et
3185 3939 3400 3993 conﬂati
3447 3936 3677 3990 elliciunt

2105 4044 2362 4099 monades
2393 4041 2486 4103 27,
2513 4049 2568 4093 et
2596 4039 2701 4092 erit
2733 4037 2930 4090 fundus
2976 4031 3209 4088 nominis
3251 4029 3544 4084 secundum
3579 4043 3676 4081 no-

2104 4135 2378 4190 venariam
2417 4147 2662 4186 normam
2692 4131 2805 4197 ipse
2833 4126 3159 4181 novenarius
3184 4137 3457 4186 numerus,
3486 4134 3681 4173 secun-

2107 4229 2230 4282 dum
2274 4224 2637 4294 septenariam
2674 4221 2920 4292 78-79
2971 4227 3148 4271 autem
3181 4215 3444 4270 senarius.
3476 4212 3681 4266 Pariter

2108 4317 2378 4388 Sarpedon
2423 4325 2760 4385 computatus
2792 4313 2950 4368 ellicit
2985 4310 3241 4364 monades
3269 4305 3560 4362 secundum
3587 4319 3682 4358 no-

2108 4411 2383 4464 venariam
2449 4424 2689 4463 normam
2726 4407 2997 4460 hinarium
3035 4415 3317 4456 numerum
3363 4413 3459 4468 pro
3492 4396 3677 4460 furulo,

2035 4509 2078 4566 [)
2104 4499 2387 4553 Patroclus
2415 4511 2592 4552 autem
2623 4495 2784 4551 elﬁcit
2813 4492 3066 4547 monades
3096 4491 3150 4553 9,
3187 4488 3350 4541 vincit
3377 4486 3677 4540 Patroclus.

2100 4589 2233 4646 Nam
2270 4607 2388 4645 cum
2437 4598 2519 4644 est
2563 4588 2696 4641 alter
2726 4586 2918 4640 fundus
2951 4584 3146 4653 impar,
3179 4580 3314 4634 alter
3342 4586 3521 4631 autem
3561 4589 3677 4642 par,

2104 4685 2280 4754 impar
2306 4683 2490 4743 vincit,
2525 4680 2611 4733 ubi
2651 4677 2821 4746 major
2850 4683 2950 4732 est.
2988 4675 3194 4727 Rursus
3235 4680 3414 4723 auten:
3447 4682 3568 4720 cum
3600 4675 3679 4718 est

2099 4752 2411 4824 octonarins
2438 4782 2534 4836 par
2578 4776 2632 4820 et
2667 4764 2948 4832 q’uinarins
2983 4762 3176 4830 impar,
3204 4754 3514 4810 octonarius
3561 4752 3674 4802 vin.-

2101 4863 2194 4924 cit,
2239 4863 2407 4930 major
2450 4862 2593 4915 enim
2643 4869 2746 4913 est.
2806 4857 2900 4911 Sin
2952 4870 3079 4909 vero
3133 4861 3260 4908 sunt
3307 4845 3518 4904 numeri
3574 4843 3680 4897 duo

2105 4955 2266 5009 Veluti
2299 4965 2524 5023 uterque
2554 4952 2726 5018 impar
2763 4950 2844 5004 vel
2882 4957 3107 5014 uterque
3137 4959 3255 5014 par,
3298 4938 3524 4997 inferior
3551 4935 3674 4989 vin-

2104 5046 2196 5101 cit.
2261 5044 2358 5112 Qui
2412 5055 2588 5097 autem
2647 5040 2924 5108 Sarpedon
2987 5037 3278 5092 secundum
3332 5027 3680 5086 novenariam

2109 5151 2353 5190 normam
2401 5129 2562 5189 cilicii;
2611 5131 2870 5186 monades
2899 5131 3034 5184 duas
3061 5128 3085 5182 i
3115 5125 3318 5194 Nempe
3345 5121 3613 5179 omittitur
3637 5134 3682 5169 ω

1706 5301 1937 5358 νΑιιιλΕ
1976 5302 2377 5362 LECTIONES.

498 5471 537 5546 ξι
572 5469 756 5546 ὑφΑέλω
779 5469 1056 5546 βοορθτιιε
1109 5475 1230 5529 coll.
1261 5492 1337 5546 7p.
1373 5477 1439 5532 79
1460 5519 1474 5541 ,
1506 5479 1593 5540 51,
1628 5479 1812 5546 άφελῶ
1842 5481 1905 5537 C.
1937 5481 2007 5536 Μ.

431 5538 474 5569 ⁸³
505 5538 746 5605 λειφθεὶς
771 5540 831 5604 C,
865 5540 938 5596 Μ,

1014 5544 1057 5574 ³⁵
1089 5545 1362 5607 συντεθεὶς
1396 5546 1460 5600 C.

2087 5482 2129 5512 ³³
2154 5484 2360 5535 λοιπόν.
2414 5482 2633 5534 ἔλαττον
2665 5481 2728 5548 C,
2795 5481 2866 5534 Μ.

1575 5548 1617 5579 ³⁸
1645 5549 1782 5604 Κάν.
1819 5552 1925 5602 Καὶ
1959 5552 2017 5614 C,
2049 5550 2120 5603 Μ.

2943 5481 2988 5512 ³³
3035 5478 3094 5531 τὸ
3125 5477 3246 5532 add.
3282 5474 3327 5528 M
3363 5473 3483 5528 coll.
3524 5471 3558 5525 Ι.
3591 5471 3680 5524 28.

2225 5552 2266 5582 ⁸⁷
2297 5553 2423 5614 τοὺς
2474 5539 2865 5620 έϐδοματὶκοὺς
2903 5551 2962 5620 C,
2998 5548 3096 5620 Mt
3170 5546 3214 5620 θξ
3240 5545 3481 5620 ειὶρίσκει
3637 5539 3684 5620 ξο

1016 5624 1160 5706 sunt.
1185 5615 1507 5706 ἼΙιὶιςιξειιιουιρ
1533 5617 1722 5689 legam
1757 5639 1771 5673 :
1809 5617 1932 5673 υῗον
1965 5605 2026 5673 τί)
2070 5622 2381 5690 Πάτροκλος
2403 5605 2684 5688 υδνομίτὸ
2720 5637 2748 5673 ο
2781 5605 2860 5683 διξ
2885 5605 2998 5690 ἔχει
3021 5634 3035 5648 ⁸
3072 5615 3216 5682 ἅπαξ
3247 5605 3339 5670 οὖν
3371 5613 3430 5665 τὸ
3458 5630 3486 5665 ο
3506 5609 3681 5706 ψὲιφί-

1365 5701 1425 5706 ..η
1466 5695 1557 5706 κ-.-
1593 5691 1638 5706 1-1
1688 5689 1748 5706 il
1894 5690 1910 5706 ἢ
2081 5693 2091 5706 l
2139 5693 2214 5706 -..'|
2290 5691 2330 5706 an
2472 5691 2520 5706 In
2622 5685 2658 5706 h
2761 5691 2797 5706 π..
2848 5689 2902 5706 On
2991 5689 3001 5706 ρ
3069 5705 3077 5706 κ
3136 5686 3196 5706 8,.
3231 5685 3288 5706 ηε
3312 5684 3350 5706 l‘
3457 5682 3501 5706 ΞΩ
3582 5695 3681 5706 ‘n‘.

435 5676 582 5760 ἔρυξῘέ
604 5690 618 5703 ’
651 5691 790 5760 Ἒῆἶα
812 5678 1001 5760 τοῦτον,
1021 5697 1157 5760 κοητ·
1269 5683 1337 5746 Μ,
1364 5685 1562 5760 διμιδιο
1593 5676 1980 5759 Παπάτροκλος
2011 5676 2214 5746 voluit?
2290 5691 2330 5721 ‘°
2355 5676 2581 5760 μονάδες
2620 5685 2679 5746 C.
2760 5691 2798 5721 ³¹
2839 5676 3098 5760 Ὄξῖοίως.
3134 5676 3288 5756 ὃμξὲξ
3311 5684 3372 5738 (3.
3457 5682 3502 5713 ἠ
3522 5676 3682 5752 ’ἦσαν

433 5743 496 5808 υ,
529 5742 598 5796 Μ.
677 5745 720 5774 ³³
743 5746 1044 5800 ὲννεατικὺν
1073 5752 1130 5802 ti.
1207 5754 1247 5783 Η
1285 5742 1713 5821 παραλείπονται
1743 5742 1801 5812 (ῖί
