4128 6316
423 370 554 432 3081

431 479 627 538 littera.
664 470 886 540 Quando
920 468 1063 524 enim
1098 477 1180 524 est
1210 468 1262 522 in
1308 465 1528 522 nomine
1562 465 1738 520 littera
1777 482 1823 517 ω
1866 473 1924 518 et
1964 479 2001 530 η
2032 467 2076 520 A

428 568 686 623 omittunt
712 581 775 629 ω,
809 579 909 617 una
942 562 1118 616 littera
1145 560 1248 625 usi,
1278 559 1392 629 pari
1421 558 1564 612 enim
1595 563 1858 627 potestate
1882 567 2002 606 esse

432 661 618 714 dicunt
647 666 955 724 utramque,
986 653 1069 706 bis
1100 662 1276 706 autem
1317 651 1458 704 idem
1492 663 1594 702 nou
1633 653 2000 716 computatur,

433 760 490 804 ut
528 749 777 817 superius
807 747 1004 800 dictum
1029 750 1131 798 est.
1164 743 1370 795 llnrsns
1401 738 1534 807 Aiax
1563 737 1726 792 eﬂicit
1747 735 2004 790 monades

435 850 700 907 quatuor,
729 838 929 892 Hector
963 847 1140 888 autem
1172 831 1466 888 secundum
1503 831 1848 885 novenariam
1880 845 2006 883 nor-

439 947 578 984 mam
610 930 737 984 facit
769 927 1048 982 monadem
1079 933 1338 990 uuam,et
1368 930 1454 978 est
1499 922 1884 992 quaternarius
1915 937 2007 972 nu-

440 1036 622 1076 merus
652 1034 768 1089 par,
798 1030 984 1070 monas
1009 1023 1185 1069 autem
1208 1013 1402 1082 impar,
1430 1013 1483 1066 in
1517 1012 1604 1066 tali
1637 1020 1814 1065 autem
1845 1024 2006 1062 causa

439 1112 675 1165 diximus
724 1107 978 1176 majorem
1039 1105 1286 1168 vincere,
1351 1102 1515 1156 vincit
1582 1101 1739 1170 Aiax.
1800 1100 2010 1154 Rursus

444 1200 747 1254 Alexander
783 1206 835 1251 et
867 1195 1160 1251 Menelaus.
1192 1193 1495 1249 Alexander
1523 1192 1795 1263 proprium
1850 1191 2010 1245 habet

445 1305 636 1344 muuen
660 1286 833 1351 Paris,
863 1287 1014 1340 Paris
1041 1294 1218 1340 autem
1249 1283 1409 1339 etlicit
1431 1283 1687 1337 monades
1713 1281 2008 1336 secundum

447 1382 792 1436 uoveuariam
829 1395 1071 1434 normam
1117 1378 1174 1439 4.
1207 1377 1476 1432 Menelaus
1505 1384 1685 1430 autem
1715 1375 2008 1430 secundum

449 1473 794 1527 novenariam
828 1471 1084 1524 monades
1117 1467 1174 1532 9,
1200 1470 1420 1522 vincunt
1445 1476 1622 1521 autem
1662 1481 1851 1521 novem
1879 1480 2011 1534 qna-

452 1576 617 1629 tuor;
653 1563 856 1616 dictum
909 1562 1050 1614 enim
1097 1569 1197 1624 est,
1245 1559 1460 1637 quando
1502 1557 1639 1612 alter
1691 1557 1867 1626 impar
1919 1557 2010 1620 sit,

453 1655 587 1708 alter
614 1665 790 1708 autem
823 1668 938 1722 par,
971 1651 1228 1719 majorem
1283 1651 1516 1714 vincere,
1573 1647 1787 1718 quando
1833 1658 2010 1703 autem

455 1753 682 1810 uterque
706 1758 804 1812 par
834 1749 920 1792 aut
955 1750 1180 1808 uterque
1216 1740 1412 1807 impar,
1441 1739 1773 1793 inferiorem.
1805 1737 2012 1792 Rursus

457 1807 686 1902 Amycus
707 1807 773 1884 vet
812 1807 1157 1899 Polydeuces.
1193 1829 1427 1899 Amycus
1459 1828 1673 1897 quidem
1724 1828 1849 1882 facit
1899 1844 2014 1881 mo-
2049 1807 2088 1861 Β

459 1920 625 1974 uades
659 1920 791 1973 duas
827 1918 1119 1972 secundum
1164 1918 1509 1971 noveuariam
1547 1932 1788 1971 normam
1835 1928 1890 1970 et
1916 1917 2022 1971 Po-

458 2009 707 2078 Iydeuces
753 2023 880 2062 vero
909 2017 1112 2078 septem
1157 2025 1172 2061 :
1215 2009 1380 2061 vincit
1420 2007 1767 2077 Polydeuces.
1806 2007 1938 2078 Aiax
1970 2018 2024 2063 ct

457 2097 727 2169 Odysseus
778 2099 1116 2153 luctabantur
1169 2099 1219 2152 in
1269 2099 1565 2151 certamine
1615 2099 1849 2152 funebri.
1892 2097 2023 2165 Aiax

461 2186 620 2241 t-ﬂicit
674 2189 967 2243 secundum
1039 2190 1386 2243 novenariam
1463 2203 1704 2242 normam
1768 2191 2028 2243 monades

461 2287 710 2346 quatuor,
743 2277 1015 2347 Odysseus
1051 2287 1172 2333 octo
1199 2279 1492 2334 secundum
1537 2279 1903 2332 novenariam.
1945 2279 2025 2332 Au

462 2385 592 2424 vero
638 2368 861 2440 Odyssei
911 2385 1106 2424 nomen
1162 2369 1436 2438 epitheton
1494 2379 1548 2422 et
1593 2385 1697 2424 non
1752 2371 2026 2438 proprium

462 2457 586 2512 est?
633 2455 772 2512 Vicit
825 2459 990 2511 enim.
1048 2454 1366 2524 Quanquam
1427 2459 1723 2511 secundum
1778 2472 2032 2512 numeros

465 2548 630 2602 vincit
656 2547 814 2614 Aiax,
848 2547 1069 2602 historia
1096 2556 1275 2600 autem
1299 2545 1598 2615 Odysseum
1630 2546 1792 2599 tradit
1821 2545 2030 2600 vicisse.

466 2637 739 2692 Achilleus
776 2646 830 2691 et
870 2636 1085 2690 Hector.
1127 2635 1405 2692 Achilleus
1454 2635 1747 2689 secundum
1801 2649 2036 2689 novena-

428 2784 435 2788 _
469 2731 603 2782 riam
635 2742 877 2782 normam
913 2727 1042 2780 facit
1087 2736 1338 2795 quatuor,
1371 2725 1567 2780 [lector
1600 2742 1758 2780 unam
1801 2746 1814 2781 :
1871 2727 2037 2780 vincit

469 2815 729 2870 Achilles.
757 2815 965 2868 Rursus
993 2814 1263 2870 Achilleus
1287 2823 1341 2867 et
1377 2815 1744 2884 Asteropaeus.
1762 2813 2037 2870 Achilleus

471 2909 604 2960 facit
652 2915 903 2975 quatuor,
956 2907 1298 2974 Asteropaens
1343 2914 1455 2959 tres
1513 2923 1527 2960 :
1568 2905 1734 2960 vincit
1775 2907 2036 2962 Achilles.

473 2997 680 3052 Rursus
734 2995 1008 3051 Menelaus
1051 3005 1105 3050 et
1163 2997 1502 3066 Euphorbus.
1555 2996 1828 3052 Menelaus
1877 2999 2041 3054 habet

475 3087 730 3141 monades
766 3100 976 3152 novem,
999 3085 1321 3155 Euphorbus
1341 3096 1463 3143 octo
1490 3102 1506 3142 :
1537 3088 1702 3143 vincit
1742 3088 2036 3146 Menelaus.

474 3179 704 3246 Quidam
735 3187 914 3232 autem
946 3180 1251 3248 septenaria
1274 3193 1461 3234 norma
1492 3181 1574 3236 usi
1601 3181 1732 3236 solis
1761 3183 2039 3236 vocalibus

475 3282 716 3334 utuntur,
749 3270 838 3324 alii
879 3281 1055 3326 autem
1084 3287 1328 3328 seorsum
1359 3272 1626 3328 collocant
1664 3283 1717 3328 et
1749 3273 1963 3329 vocales
1987 3285 2042 3329 et

475 3366 828 3422 semivdcales
882 3376 936 3422 et
993 3377 1350 3423 consonantes
1420 3380 1468 3422 et
1534 3369 1703 3425 tribus
1762 3371 2042 3426 ordinibus

478 3458 786 3512 constituatis
832 3470 1050 3512 sumunt
1081 3459 1272 3514 fundos
1309 3460 1553 3530 80-81
1597 3475 1838 3516 seorsum
1869 3472 1921 3515 et
1951 3478 2042 3516 vo-

479 3549 673 3602 calium
706 3557 759 3603 et
787 3551 1184 3603 semivocalium
1215 3561 1270 3604 et
1294 3552 1707 3605 consonantium
1745 3561 1798 3605 et
1825 3568 2044 3621 compa-

481 3649 602 3690 rant
625 3653 869 3692 seorsum
903 3639 1338 3708 unumquodque.
1372 3639 1474 3693 Alii
1503 3650 1680 3694 autem
1715 3657 1779 3694 ne
1804 3643 1889 3696 his
1931 3644 2048 3711 qui-

482 3730 603 3780 dem
639 3728 914 3781 consuetis
940 3729 1176 3783 nnmcris
1203 3740 1449 3791 utuntur,
1479 3732 1572 3784 sed
1603 3731 1744 3795 aliis,
1777 3733 1961 3798 veluti,
1992 3743 2050 3787 ut

1868 352 2234 416 ORIGENIS

3548 328 3732 399 3032

2105 457 2275 511 Πάλιν
2299 453 2432 518 Αἴας
2459 455 2602 507 ποιεῖ⁹
2627 453 2858 524 μονάδας
2884 453 3156 524 τέσσαρας
3179 491 3193 514 ,
3220 447 3445 517 Ἕκτωρ
3466 446 3510 480 ⁵³
3547 443 3731 500 κατὰ

2104 549 2196 602 τὸν
2242 546 2546 600 ἐννεαδικδν
2581 549 2725 600 ποιεῖ
2763 545 2964 618 μονάδα
2997 545 3147 616 μίαν.
3188 542 3298 596 Καὶ
3326 540 3472 594 ἐστιν
3505 541 3538 610 ἡ
3603 536 3729 609 μὲν

2104 642 2302 712 τετρὰς
2350 641 2536 711 ἄρτιος
2564 640 2646 709 ,ἡ
2688 639 2855 710 μονὰς
2893 637 2951 690 δὲ
3003 634 3260 706 περισσή.
3306 630 3433 684 Ἐπὶ
3477 630 3534 684 δὲ
3591 625 3727 680 τῶν

2104 733 2362 802 τοιούτων
2401 731 2491 784 τὸν
2540 730 2761 801 μείζονα
2796 729 3057 798 ἐλέγομεν
3097 726 3281 797 νικᾷν,
3315 725 3442 794 νικᾷ
3471 725 3500 776 6
3528 721 3722 782 Αἶας.

2107 823 2276 875 Πάλιν
2316 822 2666 893 Ἀλέξανδρος
2712 821 2809 874 καὶ
2851 819 3150 882 Μενέλαος.
3202 815 3553 886 Ἀλέξανδρος
3601 811 3724 866 κύ·-

2111 931 2225 985 ριον
2257 914 2368 984 ἔχει
2406 915 2580 986 ὄνομα
2611 912 2833 987 [Πάρις]
2859 912 2926 964 ⁸⁸.
2963 912 3136 982 Πάρις
3170 910 3226 964 δέ
3265 910 3411 962 ποιεῖ
3456 904 3724 978 μονάδας

2108 1004 2248 1056 κατὰ
2293 1005 2384 1057 τὸν
2429 1005 2733 1059 ἐννεαδικδν
2779 1004 2823 1036 δ’
2867 992 2922 1068 δ,
2955 990 3348 1066 Μενέλαος’δέ
3411 999 3556 1054 κατὰ
3610 996 3724 1050 τὸν

2109 1096 2415 1149 ἐννεαδικδν
2447 1096 2682 1166 μονάδας
2705 1085 2758 1160 θ’,
2793 1096 2987 1150 νικῶσι
3018 1095 3075 1147 δὲ
3103 1097 3156 1148 αἱ
3183 1093 3340 1149 ἐννέα
3369 1093 3468 1156 τὰς
3499 1092 3726 1145 τέσσα-

2111 1202 2232 1256 ρας·
2281 1187 2498 1258 εἴρηται
2546 1187 2676 1257 γὰρ,
2728 1187 2928 1240 ὁπόταν
2959 1186 2988 1238 6
3041 1187 3140 1255 μέν
3182 1184 3442 1254 περισσὸς
3472 1177 3532 1256 ᾖ,
3575 1185 3610 1234 6
3655 1179 3726 1234 δὲ

2109 1278 2318 1348 ἄρτιος,
2353 1281 2381 1330 6
2418 1277 2622 1349 μείζων
2657 1280 2782 1349 νικᾷ
2806 1320 2820 1343 ,
2855 1279 2982 1332 ὅταν
3014 1277 3071 1329 δὲ
3118 1277 3416 1346 ἀμφότεροι
3458 1275 3649 1344 ἄρτιοι
3682 1271 3721 1339 ἥ

2110 1369 2410 1440 ἀμφότεροι
2441 1369 2690 1439 περισσοὶ
2717 1408 2731 1432 ,
2761 1369 2790 1420 6
2826 1368 3085 1423 ἐλάσσων.
3125 1368 3293 1422 Πάλιν
3328 1368 3577 1440 Ἄμυκος
3609 1364 3726 1418 καὶ

2112 1460 2474 1528 Πολυδεύκης.
2507 1461 2754 1529 Ἀμυκος
2774 1460 2870 1529 μέν
2895 1462 3045 1512 ποιεῖ
3065 1460 3300 1530 μονάδας
3321 1458 3413 1510 δύο
3439 1457 3587 1511 κατὰ
3612 1456 3725 1511 τὸν

2112 1549 2444 1615 ἐννεαδικδν,
2466 1552 2560 1603 καὶ
2581 1550 2918 1619 Πολυδεύκης
2935 1551 2990 1604 δέ
3009 1551 3164 1604 ἑπτά·
3189 1551 3313 1621 νικᾷ
3334 1547 3720 1617 Πολυδεύκης.

2113 1642 2248 1704 Αἴας
2278 1642 2373 1694 καὶ
2411 1641 2699 1705 Ὀδυσσεὺς
2719 1642 3020 1696 ἐπάλαισαν
3057 1643 3114 1694 ἐν
3140 1641 3216 1710 τῷ
3239 1639 3531 1710 ἐπιταφίῳ.
3565 1638 3722 1699 Αἴας

2114 1738 2256 1787 ποιεῖ
2283 1735 2424 1788 κατὰ
2450 1735 2540 1788 τὸν
2571 1735 2870 1790 ἐννεαδικόν
2896 1737 3124 1806 μονάδας
3160 1721 3215 1800 ’δῖ
3254 1736 3536 1798 Ὀδυσσεὺς
3559 1730 3723 1787 ὀκτὼ

2122 1826 2263 1879 κατὰ
2285 1827 2376 1879 τὸν
2396 1827 2779 1880 ἐννεαδικόνθι
2807 1823 2916 1898 ἆρα
2937 1825 3029 1881 οὖν
3053 1829 3182 1900 μήτι
3197 1828 3256 1881 τὸ
3271 1827 3570 1889 Ὀδυσσέως
3591 1824 3724 1879 ἕπε’

2123 1913 2275 1966 θετον
2291 1916 2384 1966 καὶ
2401 1915 2460 1967 ού
2485 1915 2674 1985 κύριόν
2691 1915 2867 1977 ἐστιν;
2893 1917 3110 1986 ἐνίκησε
3128 1917 3254 1984 γάρ.
3280 1915 3438 1969 Κατὰ
3463 1915 3560 1985 μὲν
3579 1915 3724 1974 τοὺς

2121 2004 2386 2073 ἀριθμοὺς
2418 2006 2545 2074 νικᾷ
2577 2005 2733 2072 Αἶας,
2761 2007 2792 2075 ή
2823 2006 2867 2057 δ’
2900 2007 3113 2077 ἱστορία
3166 2007 3424 2059 Ὀδυσσέα
3469 2003 3719 2075 παραδί-

2123 2095 2304 2148 δωσιν.
2365 2095 2640 2164 Ἀχιλλεὺς
2685 2098 2779 2150 καὶ
2817 2097 3065 2166 “Εκτωρ.
3115 2095 3395 2166 Ἀχιλλεὺς
3442 2094 3585 2148 κατὰ
3613 2093 3721 2146 τὸν

2125 2184 2430 2238 ἐννεαδικδν
2453 2189 2598 2239 ποιεῖ
2624 2189 2917 2257 τέσσαρας,
2947 2187 3167 2256 Ἕκτωρ
3193 2188 3340 2257 μίαν·
3373 2187 3499 2256 νικᾷ
3533 2185 3718 2254 Ἀχιλο

2127 2274 2272 2338 λεύς.
2307 2275 2478 2329 Πάλιν
2520 2276 2798 2346 Ἀχιλλεὺς
2830 2277 2926 2329 καὶ
2979 2279 3387 2348 Ἀστεροπαῖος.
3431 2277 3714 2347 Ἀχιλλεὺς

2131 2368 2274 2418 ποιεῖ
2303 2365 2593 2436 τέσσαρας,
2639 2367 3025 2436 Ἀστεροπαῖος
3067 2371 3216 2439 τρεῖς
3251 2368 3317 2422 δ’.
3350 2369 3474 2437 νικᾷ
3529 2367 3710 2436 ’Λχιλο

2129 2454 2274 2518 λεύς.
2317 2455 2484 2508 Πάλιν
2511 2455 2782 2518 Μενέλαος
2816 2455 2911 2508 καὶ
2936 2454 3236 2526 Εὔφορϐος.
3287 2455 3557 2518 Μενέλαος
3592 2453 3706 2521 ἔχει

2135 2542 2370 2612 μονάδας
2408 2543 2582 2606 ἐννέα,
2616 2541 2896 2614 Εύφορδος
2925 2543 3097 2596 ὀκτώ·
3132 2545 3257 2614 νικᾷ
3282 2542 3573 2606 Μενέλαος.
3607 2541 3703 2594 Τι-

2132 2631 2300 2698 νέςδὲ
2335 2633 2476 2686 κατὰ
2503 2633 2595 2687 τὸν
2634 2633 2991 2704 ἑϐδοματικὸν
3044 2634 3225 2705 μόνοις
3250 2637 3360 2698 τοῖς
3399 2635 3633 2702 φωνήεσι
3655 2634 3704 2665 ⁵⁸

2136 2724 2414 2794 χρῶνται,
2455 2723 2607 2778 ἄλλοι
2661 2725 2719 2778 δέ
2752 2725 3153 2781 διαστέλλουσιν
3203 2727 3309 2797 ἰδίᾳ
3345 2727 3439 2795 μέν
3485 2726 3552 2777 τὰ
3596 2742 3707 2794 φω-

2137 2815 2331 2884 νήεντα
2358 2853 2373 2877 ,
2415 2815 2522 2886 ἰδίᾳ
2545 2817 2602 2868 δέ
2633 2816 2703 2869 τὰ
2748 2817 3025 2888 ἡμίφωνα,
3061 2819 3167 2889 ἰδίᾳ
3195 2818 3251 2871 δέ
3269 2819 3345 2871 τὰ
3374 2819 3585 2887 ἄφωνα,
3619 2817 3711 2868 καὶ

2136 2907 2284 2975 τρεῖς
2321 2906 2505 2973 τάξεις
2536 2908 2860 2979 ποιήσαντες
2896 2909 3235 2978 λαμὸάνουσι
3263 2909 3389 2972 τοὺς
3433 2907 3712 2977 πυθμένας

2143 2996 2250 3067 ἰδίᾳ
2280 2997 2378 3067 μὲν
2405 2997 2514 3052 τῶν
2543 3000 2584 3032 ⁵¹
2636 3000 2981 3072 φωνηέντων,
3017 3001 3122 3070 ίδία
3151 3001 3209 3054 δέ
3243 3000 3352 3052 τῶν
3393 2996 3708 3070 ἡμιφώνων.

2145 3085 2252 3158 ἰδίᾳ
2298 3088 2354 3141 δέ
2400 3088 2509 3143 τῶν
2540 3091 2793 3158 ἀφώνων,
2841 3091 2934 3144 καὶ
2982 3091 3330 3161 συγκρίνουσι
3359 3089 3438 3161 [p.
3482 3088 3712 3160 55—57]

2145 3180 2313 3251 χωρὶς
2355 3180 2604 3237 ἕκαστον.
2655 3181 2840 3235 ’Ἄλλοι
2869 3181 2927 3235 δὲ
2959 3182 3081 3235 ούδέ
3107 3181 3320 3244 τούτοις
3361 3185 3477 3246 τοῖς
3501 3199 3714 3251 νενομι-

2148 3271 2366 3342 σμένοις
2395 3273 2648 3343 ἀριθμοῖς
2677 3273 2914 3344 χρῶνται
2933 3316 2949 3340 ,
2982 3274 3095 3328 ἀλλ’
3127 3273 3342 3339 mox,
3366 3270 3477 3327 οἷον
3505 3272 3719 3326 ὑποδεί-

2147 3380 2354 3432 γματος
2383 3364 2546 3418 ἕνεκα
2579 3365 2642 3440 τὸ
2663 3353 2715 3418 ἷτ
2753 3367 2814 3420 ού
2846 3365 3058 3420 θέλουσι
3089 3368 3336 3438 πυθμένα
3380 3371 3525 3440 ἔχειν
3557 3367 3720 3440 μονά-

2148 3454 2244 3517 δας
2270 3455 2316 3486 ⁸¹
2339 3444 2403 3525 ἦ,
2436 3446 2572 3506 ἀλλὰ
2602 3438 2650 3520 ἶ,
2689 3457 2782 3509 καὶ
2813 3457 2875 3510 τὸ
2913 3445 2946 3522 ξ
2974 3458 3235 3527 στοιχεῖον
3271 3438 3527 3530 πυθμένα
3554 3438 3719 3527 μονά-

2149 3547 2245 3610 δας
2272 3537 2320 3610 δ’,
2363 3547 2456 3599 καὶ
2503 3546 2770 3610 παντοίως
2815 3548 3167 3618 στρεφόμενοι
3197 3551 3348 3604 ούδέν
3379 3552 3531 3619 ύγιές
3574 3551 3722 3620 εὑρίο

2154 3654 2396 3691 σκουσιν.
2432 3637 2603 3690 Ὅταν
2648 3639 2833 3707 μέντοι
2863 3639 3115 3708 δεύτερόν
3152 3658 3300 3704 τινες
3327 3641 3682 3710 ἀγωνίζονται
3704 3681 3726 3712 ,γ

2151 3732 2245 3800 ἀφ’
2285 3729 2547 3800 ἐκατέρου
2593 3729 2701 3783 τῶν
2753 3732 3032 3800 ὀνομάτων
3086 3733 3148 3784 τὸ
3201 3732 3415 3803 πρῶτον
3464 3738 3723 3804 στοιχεῖον

484 3819 734 3886 t‘xetnplo
779 3828 920 3884 utar,
966 3838 1007 3872 π
1056 3820 1289 3874 litteram
1347 3832 1540 3888 negant
1588 3821 1808 3875 fundum
1853 3823 2031 3876 haberi

2157 3821 2501 3891 ἀφαιροῦσινο
2528 3822 2654 3874 ὅταν
2696 3822 2752 3874 δὲ
2783 3824 2793 3891 |
2825 3821 3026 3893 τρίτον,
3044 3824 3111 3876 τὰ
3138 3823 3229 3877 δύο
3253 3825 3610 3897 ἑκατέρωθεν,
3633 3825 3726 3878 καὶ

488 3911 747 3963 monades
780 3920 924 3975 octo,
962 3911 1054 3964 sed
1083 3910 1342 3980 quinque,
1372 3919 1426 3964 et
1469 3907 1497 3975 ξ
1539 3911 1774 3966 litteram
1829 3912 2031 3965 funduu

2151 3913 2220 3966 τὰ
2253 3911 2416 3965 λοιπὰ
2446 3911 2786 3981 ψηφίσαντες
2826 3915 3230 3983 συγκρίνουσιν.

488 4001 745 4056 tuonadcs
785 4012 1037 4070 quatuor,
1070 4013 1124 4055 ct
1163 4017 1350 4056 omnes
1386 4002 1438 4055 in
1491 4012 1674 4071 partes
1726 4005 1971 4072 quamvis
2033 4019 2092 4060 se
2165 4014 2396 4069 vertant,
2431 4004 2561 4058 nihil
2612 4005 2730 4059 sani
2788 4007 3107 4060 extundunt.
3161 4006 3475 4077 Quanquam
3507 4009 3594 4064 ubi
3637 4024 3727 4063 se-

489 4095 724 4148 cundum
759 4095 920 4163 aliqui
971 4102 1308 4160 concertant,
1335 4098 1401 4153 ab
1443 4104 1669 4164 utroque
1701 4096 1918 4149 nomine
1948 4097 2174 4166 primam
2201 4097 2435 4150 litteram
2503 4096 2749 4160 demunt,
2797 4096 3015 4165 quando
3080 4107 3260 4150 autem
3293 4099 3532 4163 tertium,
3593 4101 3726 4155 duas

489 4187 771 4254 utriusque
819 4187 1072 4252 nominis,
1118 4197 1170 4240 et
1216 4186 1437 4254 reliquis
1487 4189 1813 4257 computatis
1843 4197 2176 4258 comparant.

565 4277 650 4332 l5.
681 4277 931 4330 Arbitror
966 4286 1144 4332 autem
1180 4278 1460 4347 perspicue
1492 4278 1822 4333 declaratum
1855 4295 1974 4335 esse
2004 4296 2031 4335 e

2232 4281 2319 4335 l5.
2371 4279 2538 4350 Οἶμαι
2583 4280 2639 4334 δὲ
2691 4280 2931 4350 ἐκδήλως
2974 4280 3310 4336 ἐκτεθεῖσθαι
3353 4284 3444 4336 καὶ
3487 4285 3583 4352 τὴν
3621 4283 3730 4338 τῶν

493 4365 960 4419 arithmeticorum
992 4375 1225 4420 mentem
1255 4381 1351 4434 per
1381 4380 1634 4421 numeros
1651 4375 1706 4421 et
1730 4369 1948 4422 nomina
1981 4368 2030 4421 vi

2125 4371 2538 4442 ,ἀριθμητικῶν
2580 4371 2822 4424 ἐπίνοιαν
2858 4371 2924 4424 δι’
2956 4370 3202 4444 ἀριθμῶν
3244 4377 3338 4426 καὶ
3367 4375 3642 4446 ὀνομάτων
3669 4374 3730 4427 τὸ

495 4467 601 4510 tam
645 4457 950 4512 discernere
992 4457 1400 4511 instituendum.
1449 4455 1556 4512 Hos
1597 4467 1774 4513 autem
1820 4457 2031 4529 intelligi

2160 4460 2259 4529 ζῆν
2287 4460 2583 4531 διακρίνειν
2603 4459 2953 4530 νομιζόντων.
2983 4459 3218 4524 Τούτους
3241 4462 3297 4514 δὲ
3327 4461 3576 4515 κατανοῶ
3611 4479 3733 4532 σχο-

493 4549 726 4604 otiantcs
753 4558 805 4603 et
834 4549 886 4602 in
938 4548 1273 4602 numerando
1304 4549 1628 4605 exercitatos
1658 4551 1804 4605 uisos
1829 4565 1967 4613 esse,
2000 4567 2030 4603 υ

2158 4551 2256 4621 λὴν
2286 4552 2514 4620 ἄγοντας
2545 4552 2638 4604 καὶ
2677 4551 2844 4620 ψήφῳ
2877 4552 3356 4621 γεγυμνασμένους
3383 4552 3733 4622 τεθεληκέναι

497 4654 592 4708 per
621 4649 791 4693 artem
817 4655 844 4692 a
873 4641 1057 4708 pueris
1079 4639 1179 4693 sibi
1212 4640 1462 4693 traditam
1485 4641 1721 4696 illustres
1754 4641 1880 4697 facti
1907 4651 2028 4697 vate

2156 4642 2245 4696 διὰ
2274 4643 2371 4712 τῆς
2391 4644 2437 4675 ⁸³
2459 4643 2858 4715 παραδοθείσης
2885 4644 3069 4706 αὐτοῖς
3095 4646 3160 4697 ἐκ
3189 4645 3389 4698 παίδων
3405 4644 3603 4714 τέχνης
3624 4644 3734 4716 [θέ-

497 4729 900 4799 appellarentur
935 4747 949 4782 :
985 4729 1075 4800 qui
1114 4743 1314 4798 susque
1365 4731 1534 4802 deque
1591 4733 1890 4787 litterarum
1944 4733 2031 4789 elei

2159 4731 2294 4804 λειν]
2325 4733 2372 4765 ⁸⁸
2413 4734 2837 4802 εὐδοκιμοῦντας
2870 4734 3090 4804 μάντεις
3130 4735 3635 4806 προσαγορεύεσθαι
3664 4736 3732 4791 ⁸⁸.

499 4830 678 4874 menta
707 4821 988 4875 metientes
1018 4821 1070 4874 in
1095 4821 1320 4890 ineptias
1346 4821 1612 4876 abierunt.
1656 4822 1882 4889 Quando
1911 4823 2031 4878 enin

2165 4827 2214 4879 οἳ
2249 4826 2361 4879 ἄνω
2397 4825 2548 4880 κάτω
2577 4827 2645 4879 τὰ
2683 4829 2921 4896 στοιχεῖα
2959 4826 3434 4899 καταμετροῦντες
3463 4829 3540 4892 εἰς
3574 4827 3737 4899 λῆρον

497 4929 605 4967 non
637 4913 882 4983 contigit,
908 4911 1272 4969 difﬁcultatem
1307 4915 1382 4969 rei
1405 4915 1796 4985 praetendentes
1826 4915 2014 4970 dicunt

2168 4919 2472 4990 ἐχώρησαν.
2515 4918 2684 4971 Ἐπὰν
2707 4918 2817 4988 γὰρ
2838 4919 3174 4990 ἀποτύχωσι,
3203 4920 3263 4973 τὸ
3286 4919 3488 4990 ἄπορον
3507 4919 3741 4989 προόάλ-

499 5004 750 5061 Forsitan
784 5006 885 5060 hoc
926 5021 1120 5061 nomen
1155 5008 1386 5073 patrium
1421 5022 1526 5061 non
1576 5005 1758 5071 fuerit,
1795 5006 1889 5061 sed
1921 5005 2031 5059 asci

2165 5009 2346 5071 λοντες
2371 5009 2415 5040 ⁸⁸
2436 5008 2685 5075 λέγουσι,
2721 5010 2852 5079 μήτι
2872 5008 3030 5062 τοῦτο
3051 5009 3223 5079 δνομα
3251 5009 3466 5077 γενικδν
3491 5010 3590 5061 οὐκ
3621 5008 3740 5076 ἐγέ-

501 5098 702 5163 litium,
735 5097 894 5152 veluti
925 5097 1087 5150 etiam
1114 5099 1166 5150 in
1193 5096 1366 5152 Ulixis
1407 5107 1462 5150 et
1485 5096 1666 5166 Aiacis
1691 5095 1905 5149 nomine
1928 5094 2031 5163 laps

2167 5115 2287 5154 νετο
2317 5099 2453 5153 ἀλλὰ
2483 5098 2750 5154 ἐπίθετονο
2780 5099 2857 5163 ὡς
2899 5100 2995 5153 καὶ
3027 5100 3122 5153 ἐπὶ
3165 5099 3258 5153 τοῦ
3304 5098 3606 5162 Ὀδυσσέως
3645 5099 3742 5151 καὶ

500 5189 903 5246 insimulabant.
929 5187 1061 5255 Quis
1083 5203 1148 5244 ex
1180 5188 1282 5244 hac
1313 5187 1536 5244 niiril‘tca
1571 5185 1908 5258 phil030phia
1940 5201 2031 5255 pro

2169 5189 2395 5253 Αἴαντος
2426 5188 2746 5252 ἐκπεσόντες
2786 5187 3095 5243 ἐνεκάλουν.
3148 5189 3246 5252 Τίς
3289 5189 3370 5241 ἐκ·
3393 5187 3600 5258 ταύτης
3645 5186 3746 5259 τῆς⁸

1768 5415 1999 5470 νΑῐιιλε
2039 5414 2438 5471 LECTIONES.

584 5603 624 5634 "'
647 5602 886 5670 Ἕκτωρ.
918 5601 1071 5655 ἕκτον
1106 5599 1166 5652 C.
1238 5599 1282 5630 “
1315 5599 1483 5668 Πάρις
1519 5598 1643 5670 add.
1684 5596 1752 5650 Μ.
1829 5597 1877 5670 ⁸⁷-
1903 5594 2042 5649 κατὰ
2072 5596 2133 5670 τὸ
2164 5592 2469 5670 epeiath
2499 5590 2584 5670 bis
2614 5592 2700 5670 (2.“
2757 5592 2894 5670 1⁵ξᾼτδ
2937 5590 3239 5670 ἐννεαδικόν
3268 5591 3336 5670 (Ξἒ
3368 5589 3484 5670 Ιιίς⁸
3505 5604 3658 5668 error
3693 5588 3744 5639 in

511 5672 716 5723 calculo
768 5659 848 5723 Mf
914 5670 958 5698 δ’
993 5669 1155 5722 Error
1185 5669 1237 5721 in
1283 5659 1491 5721 calculo
1522 5666 1589 5721 Μ.
1667 5668 1713 5698 ⁸⁰
1739 5667 2011 5736 φωνήσεσι
2045 5667 2105 5736 Ci.
2181 5665 2225 5736 ’ξ
2261 5663 2370 5736 ἰδίει
2394 5662 2626 5736 τῶν-ἀφ..
2661 5663 2724 5717 G.
2785 5664 2828 5736 ξ’
2869 5663 3100 5736 μονάδας
3138 5661 3260 5714 add.
3293 5659 3360 5712 Μ.
3439 5659 3608 5725 ⁸³’τῆς
3636 5672 3743 5711 om.

759 5721 810 5771 ί(
826 5721 1008 5789 θέλειν
1039 5721 1204 5792 iuncis
1237 5737 1450 5791 inclusit
1476 5736 1545 5789 Μ.
1623 5737 1668 5768 ⁸⁵
1701 5721 2160 5806 προαγορεύεσθαι
2187 5734 2246 5784 (ἶ.
2329 5721 2740 5799 έθπροῦαλόντες
2773 5733 2836 5794 C,
2869 5721 2935 5786 Μ.
