4128 6316
943 409 970 420 q-

342 478 478 549 .3091
936 421 961 470 ξ

1469 473 1764 535 CONTRA
1795 471 2157 533 HERESES
2193 469 2335 529 LIB.
2377 469 2474 527 IV.

3453 465 3592 527 3092

344 597 440 651 καὶ
498 591 799 663 τιθυμάλου
853 591 984 655 ὀπὸς
1039 590 1132 644 καὶ
1186 588 1358 659 συκῆς
1405 592 1550 644 ποιεῖ
1610 591 1670 644 τδ
1715 591 1918 661 ὅμοιον.

2036 587 2250 642 introire
2275 585 2430 655 jubet
2460 583 2550 652 qui
2595 581 2788 636 adsunt
2829 581 3121 635 instructos
3153 579 3315 634 ramis
3351 579 3486 640 lauri
3535 592 3592 638 et

359 684 582 756 Ἐπειδὴ
621 684 679 738 δὲ
734 682 904 754 ἔμαθε
949 682 1050 754 τὴν
1099 680 1368 753 ἐρώτησιν
1397 680 1590 745 οὕτως,
1625 681 1634 751 |
1665 681 1786 736 τίνα
1820 683 1925 752 χρὴ

347 777 548 849 τρόπον
603 772 995 845 ἀποκρίνεσθαι
1043 774 1364 847 προύνόησε.
1421 773 1530 826 Καὶ
1575 771 1759 824 λοιπὸν
1794 772 1926 824 εἴσω

349 867 646 938 παρελθεῖν
694 864 906 920 κελεύει
953 863 1080 926 τοὺς
1141 863 1416 934 παρόντας
1464 862 1668 929 δάφνας
1710 860 1948 943 ἔχοντας.

349 961 445 1014 καὶ
475 958 718 1019 σείοντας
756 956 851 1010 καὶ
897 954 1236 1024 κεκραγότας
1283 952 1378 1005 καὶ
1409 951 1500 1004 τὸν
1539 952 1681 1020 φρῆν
1733 953 1933 1003 ὲπικακ
1960 951 1976 962 ⁸

352 1048 578 1110 λοῦντας
610 1046 658 1078 ⁸³
690 1045 952 1114 δαίμονα’
1011 1043 1105 1095 καὶ
1160 1043 1268 1112 γὰρ
1318 1040 1592 1093 ἐπικαλεῖν
1632 1041 1677 1071 ⁵⁸
1720 1039 1930 1100 τούτοις

353 1139 556 1207 πρέπει
586 1136 680 1190 καὶ
718 1135 876 1188 τοῦτο
910 1134 1080 1185 αἰτεῖν
1111 1131 1260 1201 παρά
1291 1117 1562 1200 δαιμόνων
1610 1127 1758 1192 ἄξιον
1801 1128 1867 1190 ⁸⁸,
1902 1125 1930 1177 ὃ

353 1225 630 1282 διἀὑτῶν
662 1225 706 1256 ⁸⁷
758 1222 1019 1295 παρέχειν
1069 1221 1130 1273 ού
1185 1219 1430 1271 θέλουσιν
1489 1215 1854 1276 ἀπολέσαντες
1883 1213 1928 1244 ³⁸

355 1295 452 1382 τὰς
490 1316 715 1386 φρένας.
765 1313 838 1365 Τὸ
866 1312 922 1364 δὲ
962 1312 1202 1380 ἄκοσμον
1235 1309 1334 1379 τῆς
1377 1308 1504 1378 βοῆς
1550 1309 1645 1360 καὶ
1683 1308 1710 1358 ὁ
1759 1304 1930 1374 ψόφος

354 1401 436 1470 οἷς
461 1409 519 1460 ὲν
549 1405 848 1476 ἀπορρήτῳ
867 1403 914 1434 ⁸³
935 1402 1290 1472 πεποιηκέναι
1315 1400 1592 1470 νομίζεται
1615 1399 1658 1431 ⁸ο
1691 1410 1930 1468 παρακοο

357 1498 568 1550 λουθεῖν
613 1493 856 1548 ἐκώλυσε
875 1490 946 1546 ’⁶¹.
983 1492 1115 1545 Τίνα
1143 1492 1200 1545 δὲ
1221 1490 1393 1544 ταῦτά
1434 1492 1573 1556 ἐστι,
1603 1487 1791 1558 καιρὸς
1824 1487 1932 1539 λοι-

359 1589 462 1642 πδν
489 1588 692 1656 λέγειν.
729 1586 872 1638 Πολὺ
901 1585 997 1655 μὲν
1027 1578 1119 1637 οὖν
1155 1582 1412 1652 τυγχάνει
1434 1581 1494 1634 τὸ
1524 1581 1734 1642 σκότος.
1769 1578 1930 1646 Λέγει

355 1678 468 1748 γὰρ
496 1677 755 1730 ἀδύνατον
782 1676 854 1728 τὰ
883 1674 1002 1727 θεῖα
1023 1673 1154 1743 όρᾷν
1177 1672 1377 1743 θνητὴν
1401 1671 1581 1740 φύσιν·
1614 1669 1794 1723 ἱκανὸν
1822 1667 1930 1736 γάρ

359 1769 420 1822 τὸ
453 1767 680 1838 ὁμιλεῖν.
711 1764 1057 1825 Κατακλίνας
1087 1762 1143 1814 δὲ
1165 1762 1255 1814 τὸν
1298 1761 1460 1814 παῖδα
1494 1760 1676 1831 πρηνῆ
1706 1759 1800 1814 καὶ
1839 1757 1932 1810 δύο

359 1859 468 1912 τῶν
522 1857 940 1926 γραμματιδίων
989 1853 1232 1915 ἐκείνων,
1287 1855 1429 1920 ἆπερ
1483 1848 1550 1922 ἦν
1617 1853 1930 1919 ἐγγεγραμ-

2029 677 2338 748 quatientes
2370 685 2426 730 et
2458 673 2820 728 vociferantes
2853 683 2908 726 et
2933 670 3109 736 Pbren
3142 671 3456 734 invocantes
3485 675 3590 728 dae-

2031 785 2244 826 monem
2264 787 2280 836 ;
2306 769 2504 822 etenim
2538 767 2789 821 invocare
2822 764 2969 818 illum
3005 764 3102 819 hos
3133 764 3306 829 decet,
3343 774 3397 818 et
3433 765 3533 818 hoc
3560 780 3590 817 a

2033 862 2370 918 daemonibus
2403 870 2585 928 petere
2611 857 2877 919 convenit,
2925 856 3064 924 quod
3091 871 3187 923 per
3230 870 3290 911 se
3328 855 3428 926 ipsi
3457 870 3592 926 prae-

2034 954 2163 1007 bere
2215 960 2512 1021 nequeunt,
2565 952 2760 1018 quippe
2813 949 2902 1017 qui
2955 947 3054 1017 ipsi
3110 948 3407 1017 phrenetici
3460 949 3588 1003 sint.

2036 1042 2330 1096 lmmodica
2366 1049 2542 1094 autem
2579 1039 2889 1092 vociferatio
2917 1047 2970 1092 et
3001 1041 3255 1108 strepitus
3281 1037 3364 1104 iis,
3395 1053 3510 1106 qua:
3541 1039 3592 1091 in

2030 1140 2241 1187 secreto
2288 1129 2402 1184 fieri
2451 1144 2566 1183 mos
2601 1138 2703 1192 est,
2749 1137 2978 1182 mentem
3026 1128 3306 1182 advertere
3348 1129 3592 1198 impedit.

2035 1223 2164 1290 Quae
2193 1221 2374 1292 qualia
2423 1221 2531 1274 sint
2561 1219 2670 1287 jam
2713 1227 2924 1287 tempus
2959 1227 3041 1272 est
3076 1219 3292 1284 uberius
3323 1220 3590 1289 persequi.

2032 1311 2222 1380 Magna
2253 1310 2467 1378 quidem
2509 1316 2593 1363 est
2633 1308 2956 1363 obscuritas.
2991 1306 3162 1378 Negat
3211 1309 3357 1368 enim
3401 1313 3594 1374 cadere

2033 1403 2086 1458 in
2120 1403 2414 1458 humanam
2445 1409 2693 1452 naturam
2726 1397 2904 1453 divina
2937 1398 3259 1466 perspicere,
3292 1401 3422 1453 satis
3449 1402 3592 1462 enim

2032 1508 2154 1549 esse
2185 1492 2236 1545 in
2264 1489 2650 1545 commercium
2682 1490 2904 1544 deorum
2942 1488 3144 1542 venire.
3182 1490 3460 1550 Bcclinato
3494 1508 3593 1546 δυο

2033 1595 2138 1638 tem
2168 1598 2332 1653 puero
2367 1582 2418 1634 in
2449 1596 2691 1650 praeceps
2715 1581 3032 1650 duabusque
3065 1580 3274 1635 tabellis
3303 1582 3443 1648 istis,
3478 1599 3598 1656 qua}

2033 1685 2189 1731 erant
2233 1673 2516 1743 Hebraicis
2557 1673 2765 1728 scilicet
2809 1673 3003 1729 litteris
3037 1673 3332 1742 inscriptas,
3381 1678 3595 1746 utrique

2033 1767 2184 1821 lateri
2214 1765 2492 1835 appositis,
2513 1764 2717 1834 reliqua
2741 1764 3104 1820 daemonemin
3124 1765 3599 1820 auresinsusurra-

2035 1870 2213 1913 turum
2246 1859 2397 1914 dicit.
2431 1859 2525 1912 Est
2563 1868 2740 1912 autem
2770 1857 2871 1912 hoc
2893 1857 3280 1924 necessarium,
3317 1861 3372 1911 iit
3397 1857 3597 1925 aliquid

364 1949 498 2020 μένα
539 1949 583 1978 ⁸⁸
634 1948 938 2016 Ἑϐραϊκοῖς
971 1945 1131 2014 δῆθεν
1177 1945 1499 2015 γράμμασιν
1552 1944 1628 2007 ὡς
1666 1943 1933 2012 δαιμόνων

2036 1953 2382 2007 instrumenti
2421 1959 2655 2020 apponat
2689 1951 2756 2004 ad
2788 1965 2950 2004 aures
2981 1951 3155 2020 pueri,
3185 1966 3282 2020 per
3305 1954 3446 2021 quod
3474 1951 3600 2006 licet

359 2040 626 2109 ὀνόματα,
670 2039 882 2108 πλευρᾷ
917 2037 1178 2106 παραθεὶς
1206 2035 1444 2105 ἑκατέρᾳ
1473 2034 1518 2066 ⁸³
1543 2033 1611 2086 τὰ
1641 2031 1804 2086 λοιπὰ
1821 2034 1934 2094 τοῖς

360 2132 498 2184 ὠσὶν
519 2130 771 2200 ἐνθήσειν
800 2129 969 2197 λέγει.
1009 2130 1164 2180 Ἐστι
1201 2127 1257 2180 δὲ
1277 2126 1434 2178 τοῦτο
1463 2125 1595 2178 αὐτὸ
1616 2125 1932 2194 ἀναγκαῖον,

365 2231 453 2286 ῐνα
481 2248 534 2284 τι
565 2230 781 2302 παραϐῇ
834 2231 945 2290 τοῖς
979 2227 1080 2279 ὼσὶ
1107 2225 1198 2279 τοῦ
1251 2224 1438 2287 παιδὸς
1480 2223 1733 2295 ὄργανον,
1778 2223 1846 2274 δι’
1875 2216 1935 2274 οὗ

366 2319 477 2384 πᾶν
504 2317 618 2384 ἔστι
648 2319 887 2386 σημᾶναι
915 2316 961 2347 ⁸⁵
1007 2315 1258 2368 θέλοντα·
1300 2315 1424 2382 ὴχεί
1451 2313 1507 2365 δὲ
1532 2313 1592 2365 τὸ
1635 2313 1678 2344 ⁸⁸
1717 2310 1934 2382 πρῶτον

368 2409 459 2462 ἵνα
481 2408 685 2478 φοϐηθῇ
709 2409 735 2460 ό
765 2410 911 2471 παῖς,
937 2408 1028 2459 καὶ
1049 2405 1296 2475 δεύτερον
1329 2402 1619 2474 ἐπιϐομϐεῖ
1644 2404 1711 2467 ⁸³,
1745 2401 1933 2456 ἔπειτα

371 2503 435 2554 τό
467 2501 648 2571 τρίτον
673 2499 819 2551 λαλεῖ
849 2498 936 2551 διὰ
959 2497 1050 2550 τοῦ
1091 2497 1342 2567 ὀργάνου,
1371 2496 1406 2549 δι
1442 2496 1620 2564 λέγειν
1649 2496 1738 2548 τὸν
1771 2494 1934 2553 παῖδα

363 2591 639 2664 βούλεται,
663 2591 756 2644 καὶ
777 2590 874 2660 τὴν
898 2588 1121 2641 ἔκϐασιν
1140 2587 1235 2640 τοῦ
1263 2587 1585 2657 πράγματος
1606 2587 1680 2651 ὡς
1699 2587 1842 2640 δοκεῖ
1865 2588 1930 2652 ⁸⁷,

364 2681 444 2753 [ρ.
473 2679 704 2749 64-66]
737 2675 852 2731 εἶτα
883 2681 1006 2740 τοὺς
1038 2679 1134 2747 μὲν
1167 2677 1437 2747 παρόντας
1466 2677 1752 2746 ἡσυχάζειν
1770 2679 1931 2738 ποιεῖ,

368 2773 458 2826 τὸν
472 2773 527 2825 δὲ
547 2771 582 2826 ἀ
600 2770 750 2841 παρά
769 2769 877 2822 τῶν
893 2770 1158 2839 δαιμόνων
1173 2769 1306 2838 ῆκου
1315 2784 1370 2819 σε
1386 2767 1666 2838 σημαίνειν
1680 2765 1840 2830 ἀξιοῖ.
1863 2767 1935 2818 Τὸ

364 2863 426 2916 δὲ
457 2866 565 2926 τοῖς
587 2862 686 2915 ὠσὶ
712 2859 1014 2930 παρατεθὲν
1034 2859 1262 2929 ὄργανον
1285 2861 1400 2910 ἐστὶ
1426 2858 1650 2923 φυσικὸν
1683 2858 1931 2928 ὄργανον,

365 2953 477 3007 τῶν
513 2951 978 3023 μακροτραχήλων
1007 2951 1250 3020 γεράνων
1277 2949 1308 3020 ἢ
1348 2949 1633 3017 πελαργῶν
1660 2949 1692 3019 ἢ
1725 2949 1935 3002 κύκνων

368 3043 644 3114 ἀρτηρία·
676 3034 751 3093 ὧν
790 3043 838 3093 εἰ
887 3041 1177 3110 μηδέτερον
1217 3042 1394 3109 παρῇ,
1431 3038 1608 3092 Eon“
1649 3042 1742 3092 καὶ
1775 3040 1936 3110 ἔτερα

368 3137 564 3205 τέχνης
609 3134 832 3204 όργανα.
869 3131 1162 3200 ιΛὺλίσκοι
1218 3131 1326 3200 γάρ
1376 3147 1520 3193 τινες
1571 3131 1788 3199 χάλκεοι
1846 3131 1936 3182 τὸν

367 3225 603 3297 ἀριθμὸν
623 3226 752 3278 δέκα
772 3226 849 3286 εἰς
878 3223 1135 3292 ἀλλήλους
1152 3222 1470 3292 χωροῦντες,
1497 3223 1574 3284 είς
1603 3223 1784 3274 στενὸν
1805 3223 1938 3275 ἀπο-

367 3317 624 3386 λήγοντες
647 3317 969 3387 εὐάρμοστοι
996 3314 1253 3381 γίνονται,
1277 3314 1343 3366 δι’
1369 3308 1443 3367 ὧν
1474 3313 1606 3383 πρὸς
1633 3312 1694 3364 τὸ
1717 3308 1808 3375 οὖς
1837 3313 1935 3364 ὅσα

368 3418 516 3472 θέλει
554 3417 866 3485 φθέγγεται.
902 3413 1012 3467 Καὶ
1052 3411 1225 3466 ταῦτα
1257 3415 1284 3465 ὁ
1319 3414 1443 3475 παῖς
1473 3411 1792 3466 κατακούων
1837 3411 1937 3483 ὲμ-

373 3507 552 3576 φόϐως
593 3507 667 3568 ὼς
695 3505 799 3558 ὑπὸ
824 3502 1092 3573 δαιμόνων
1121 3501 1427 3570 λαλούμενα
1456 3502 1760 3568 κελευσθεὶς
1805 3505 1941 3557 ἀπο-

372 3595 688 3665 φθέγγεται.
721 3593 851 3646 Είδὲ
873 3592 966 3645 καὶ
992 3590 1184 3659 σκῦτος
1210 3610 1292 3658 τις
1306 3595 1482 3667 ῥάϐδῳ
1512 3595 1749 3665 περιθεὶς
1777 3595 1939 3666 ὑγρὸν

371 3687 610 3758 ξηράνας
635 3687 730 3741 καὶ
760 3686 1081 3756 συναγαγὼν
1109 3688 1464 3758 προσαρμόσῃ
1494 3686 1585 3739 καὶ
1617 3687 1660 3718 ⁶⁹
1687 3687 1938 3740 ἀποσπά-

375 3805 475 3852 σας
497 3786 594 3856 τὴν
625 3785 817 3857 ῥάϐδον
843 3784 1099 3838 αὐλίσκου
1131 3783 1282 3854 δίκην
1315 3783 1374 3836 τὸ
1403 3784 1595 3846 σκότος
1617 3785 1933 3855 ἐργάσηται,

370 3879 434 3933 τὸ
464 3879 645 3949 ὅμοιον
689 3879 849 3930 ποιεῖ.
889 3877 950 3928 Εἰ
985 3874 1041 3927 δέ
1089 3892 1139 3927 τι
1179 3874 1382 3927 τούτων
1435 3875 1509 3945 μὴ
1546 3878 1722 3946 παρῇ,
1761 3875 1937 3944 βίϐλον

373 3967 552 4021 λαϐὼν
579 3965 1016 4036 ἐπισπασάμενος
1049 3963 1256 4018 ἔνδοθεν
1284 3965 1407 4018 ὅσον
1428 3967 1614 4036 χρῄζει
1650 3967 1740 4017 ἐπὶ
1767 3966 1937 4034 μῆκος

371 4059 639 4120 ἐκτείνας,
665 4056 733 4110 τὰ
759 4057 918 4125 ὃμοια
939 4057 1169 4126 ἐνεργεῖ.
1199 4057 1257 4109 EE
1282 4056 1338 4108 δὲ
1358 4057 1403 4087 ⁷⁰
1428 4057 1698 4125 προειδείη
1730 4057 1874 4118 ὅστις
1892 4057 1934 4085 '”

375 4151 604 4222 πάρεστι
642 4148 1000 4218 πευσόμενος,
1037 4145 1375 4216 ἑτοιμότερος
1412 4147 1546 4216 πρὸς
1584 4147 1760 4199 πάντα
1795 4148 1940 4214 γίνεο

371 4259 484 4296 ται.
516 4242 580 4295 Εἰ
604 4240 658 4293 δὲ
689 4241 779 4293 καὶ
808 4241 906 4308 τὴν
936 4238 1128 4291 πεῦσιν
1152 4238 1435 4310 προμάθῃ,
1468 4238 1665 4308 γράφει
1697 4238 1773 4309 τῷ
1803 4255 1941 4309 φαρ-

373 4333 556 4402 μάκῳ,
587 4331 680 4384 καὶ
709 4331 783 4394 ὡς
814 4330 1229 4401 ἐμπαράσκευος
1259 4327 1583 4400 ἱκανώτερος
1601 4329 1938 4399 νομίζεταιπ

377 4424 562 4494 σαφῶς
596 4423 809 4494 γράψας
833 4421 892 4473 τὸ
915 4419 1286 4492 ἐρωτώμενον.
1322 4420 1384 4472 Ei
1411 4419 1468 4472 δὲ
1503 4421 1718 4488 ἀγνοεῖ,
1750 4420 1943 4473 ύποτο·

374 4514 603 4583 πάζει⁷³
639 4513 730 4565 καὶ
761 4512 1056 4582 ἀμφίϐολον
1092 4512 1185 4564 καὶ
1218 4510 1467 4582 ποικίλην
1498 4511 1546 4543 ⁷⁸
1584 4512 1942 4580 ἀποφαίνεταί

2034 2042 2215 2096 omnia
2275 2040 2588 2111 signiﬁcare
2639 2055 2758 2110 quae
2816 2041 2938 2110 quis
2978 2041 3140 2096 volet.
3197 2040 3366 2095 Sonat
3416 2050 3594 2095 autem

2036 2135 2287 2203 primum,
2336 2143 2394 2187 ut
2440 2135 2491 2187 in
2533 2142 2797 2190 terrorem
2845 2133 3166 2203 conjiciatur
3199 2148 3354 2202 puer,
3408 2133 3601 2190 deinde

2037 2229 2254 2295 insuper
2307 2236 2617 2296 tympanum
2671 2234 2870 2290 movet,
2928 2237 3203 2295 postremo
3258 2229 3473 2282 tertium
3519 2229 3599 2282 lo-

2035 2319 2218 2386 quitur
2244 2331 2340 2386 per
2368 2318 2810 2382 instrumentum,
2838 2318 2980 2386 quod
3003 2332 3225 2387 puerum
3259 2319 3369 2372 vult
3393 2319 3596 2382 dicere.

2033 2417 2090 2463 et
2115 2409 2317 2462 exitum
2345 2410 2420 2464 rei
2444 2417 2741 2478 exspectat,
2765 2409 2958 2464 deinde
2981 2424 3075 2464 eos
3098 2409 3188 2479 qui
3216 2409 3415 2468 adsunt
3439 2411 3600 2470 silere

2030 2501 2211 2571 jubet,
2261 2501 2408 2556 illum
2444 2502 2692 2572 92-93
2727 2512 2905 2556 autem
2941 2518 3059 2572 quae
3089 2517 3114 2555 a
3142 2503 3478 2559 daemonibus
3507 2520 3596 2560 ac-

2036 2595 2242 2664 ceperit
2281 2595 2540 2666 profiteri.
2591 2595 2744 2662 Quod
2794 2605 2974 2649 autem
3025 2595 3248 2650 auribus
3295 2597 3598 2666 appositum

2033 2697 2118 2742 est
2149 2687 2588 2751 instrumentum,
2619 2696 2703 2741 est
2738 2686 2984 2740 naturale
3006 2687 3444 2752 instrumentum,
3475 2704 3601 2758 pro-

2036 2795 2160 2835 cero
2199 2779 2337 2834 collo
2377 2780 2761 2833 instructarum
2801 2793 2991 2847 gruum
3027 2778 3108 2832 vel
3156 2779 3483 2836 ciconiarum
3516 2783 3599 2836 vei

2036 2886 2331 2942 cygnorum
2375 2869 2599 2936 arteria,
2651 2885 2880 2940 quormn
2937 2871 2980 2926 si
3039 2870 3242 2927 nullum
3288 2874 3356 2928 ad
3410 2889 3600 2932 manus

2036 2966 2161 3028 erit,
2225 2973 2280 3017 et
2344 2961 2445 3015 alia
2497 2976 2562 3015 ex
2615 2972 2731 3015 arte
2771 2963 3130 3019 instrumenta
3185 2971 3328 3018 sunt.
3377 2962 3600 3018 Tibiola:

2037 3059 2179 3110 enim
2218 3057 2462 3125 quaedam
2493 3071 2652 3113 acuere
2683 3074 2911 3113 numero
2951 3059 3135 3114 decem
3181 3058 3407 3112 invicem
3455 3058 3506 3112 in
3543 3074 3602 3112 se

2039 3157 2295 3200 coeuntes
2327 3148 2377 3198 in
2427 3160 2710 3217 angustum
2749 3148 3100 3202 terminantes
3132 3156 3270 3215 apta:
3315 3157 3462 3211 sunt,
3507 3163 3603 3216 per

1963 3264 2004 3320 ρ
2039 3251 2177 3306 quas
2207 3240 2272 3292 ad
2318 3254 2474 3292 aures
2516 3253 2849 3306 quaecunque
2891 3238 3032 3292 volet
3079 3238 3347 3306 loquatur.
3378 3238 3443 3292 Et
3488 3240 3604 3293 hwc

2039 3342 2174 3399 puer
2202 3327 2514 3392 exaudiens,
2563 3336 2706 3380 metu
2748 3335 3034 3395 correptus
3077 3327 3230 3395 quasi
3283 3343 3314 3381 a
3346 3327 3605 3382 daemoni-

2042 3421 2140 3472 hus
2171 3418 2311 3471 dicta
2341 3433 2406 3472 ex
2435 3417 2586 3486 jussu
2626 3417 2988 3486 proloquitur.
3025 3417 3119 3472 Sin
3160 3419 3281 3488 quis
3307 3421 3470 3473 etiam
3512 3435 3601 3473 eo-

2041 3510 2178 3562 rium
2224 3509 2640 3576 circumplicans
2695 3509 2923 3576 scipioni
2963 3509 3238 3562 humidum
3286 3511 3444 3579 idque
3477 3526 3601 3564 are—

2040 3600 2243 3654 factum
2295 3600 2627 3654 contrahens
2689 3610 2912 3654 consuet
2962 3610 3016 3653 et
3070 3603 3313 3654 detracto
3363 3603 3602 3672 scipione

2043 3697 2238 3750 tibiolae
2274 3696 2325 3749 in
2372 3697 2590 3750 modum
2621 3696 2827 3749 corium
2855 3695 3126 3761 conficiet,
3156 3697 3294 3750 idem
3326 3698 3474 3753 facit.
3507 3698 3601 3754 Sin

2039 3788 2168 3857 quid
2208 3789 2396 3841 horum
2443 3804 2547 3842 non
2590 3789 2783 3852 aderit,
2830 3787 3024 3841 librum
3058 3789 3221 3842 sumit
3251 3804 3484 3860 eumque
3512 3808 3603 3846 ex-

2041 3881 2202 3948 plicat
2225 3891 2278 3934 et
2309 3881 2358 3933 in
2393 3891 2651 3949 quantam
2693 3881 2836 3933 volet
2866 3896 3173 3934 mensuram
3199 3885 3461 3948 extendit,
3497 3899 3603 3953 quo

2040 3971 2184 4026 facto
2225 3973 2471 4026 eumdem
2518 3985 2672 4023 usum
2710 3979 2950 4038 praestat.
2997 3971 3090 4024 Sin
3137 3981 3317 4026 autem
3368 3979 3598 4038 noverit,

2039 4064 2160 4131 quis
2191 4064 2261 4117 sit
2289 4064 2332 4117 is
2360 4063 2451 4132 qui
2484 4061 2817 4115 sciscitatum
2846 4063 3020 4128 adsit,
3055 4064 3294 4132 paratior
3325 4065 3392 4119 ad
3419 4069 3601 4120 omnia:

2044 4157 2121 4210 fit.
2164 4155 2257 4208 Siti
2303 4165 2480 4208 autem
2521 4153 2600 4206 vel
2641 4155 3114 4224 interrogationem
3153 4167 3311 4211 antea
3355 4174 3602 4227 con-iper-

2043 4253 2150 4298 tam
2204 4245 2443 4310 habebit,
2495 4244 2687 4299 scribit
2729 4247 3041 4315 pharmaco,
3086 4257 3141 4301 et
3186 4258 3244 4302 ut
3275 4262 3604 4321 purpuratus

2045 4346 2300 4404 tanquam
2330 4336 2581 4390 solertior
2601 4337 2925 4402 celebratur,
2954 4348 3010 4391 ut
3034 4339 3122 4406 qui
3153 4338 3297 4394 clare
3323 4344 3602 4412 scripserit

2046 4425 2188 4494 quod
2224 4429 2503 4496 qnzesitum
2545 4437 2646 4482 est.
2679 4427 2771 4482 Sin
2803 4443 2928 4484 vero
2960 4429 3197 4498 ignorat,
3239 4433 3602 4502 conjecturam

2047 4516 2378 4585 periclitatur
2416 4526 2470 4571 et
2520 4518 2724 4586 aliquid
2774 4519 2986 4586 prodit,
3027 4522 3166 4587 quod
3207 4523 3494 4590 ancipitem
3551 4533 3605 4577 et

371 4623 426 4659 τι
457 4605 740 4676 δεχόμενον
769 4605 814 4636 ⁷⁸
851 4605 1207 4674 μετάφρασιν,
1243 4604 1330 4657 ἵνα
1356 4604 1454 4674 τὴν
1489 4603 1585 4674 μὲν
1607 4604 1778 4676 ἀρχὴν
1804 4605 1935 4673 ἄση-

2049 4607 2250 4660 variam
2283 4607 2504 4676 recipiat
2537 4608 3055 4677 interpretationem,
3091 4624 3196 4678 quo
3229 4611 3540 4667 vaticinium
3575 4630 3603 4666 a

371 4712 474 4766 μος
501 4691 634 4747 οὖσα
673 4697 706 4765 ἡ
741 4694 1104 4764 χρησμοδοσία
1143 4695 1220 4756 είς
1259 4695 1430 4748 πολλὰ
1457 4694 1610 4748 ἔσται
1629 4737 1642 4761 ,
1672 4696 1762 4748 ἐπὶ
1790 4696 1845 4748 δὲ
1870 4700 1936 4768 τῇ

375 4786 594 4840 ἐκϐάσει
624 4784 732 4838 τῶν
757 4784 1182 4855 συμϐησομένων
1212 4785 1348 4855 πρὸς
1372 4785 1431 4838 τὸ
1465 4787 1674 4856 συμϐὰν
1701 4788 1940 4859 πρόρρη-

375 4895 460 4940 σις
507 4875 813 4947 νομίζηται.
861 4871 994 4928 Εἶτα
1041 4875 1271 4945 λεκάνην
1317 4875 1608 4947 πληρώσας
1647 4878 1836 4942 ὕδατος
1866 4881 1942 4940 ὡς

374 4967 620 5037 ἄγραφον
645 4965 734 5018 τὸν
759 4966 965 5035 χάρτην
993 4966 1040 4997 ⁷⁸
1068 4965 1287 5036 καθίησι
1320 4967 1674 5037 συνεμϐαλὼν
1708 4971 1938 5039 χάλκαν.

378 5055 490 5109 θον.
526 5056 710 5119 Οὖτως
739 5056 846 5124 γὰρ
888 5054 1164 5109 ἀνατέλλει
1200 5056 1265 5120 ⁷⁷,
1300 5057 1397 5126 τὴν
1432 5059 1720 5129 ἀπόκρισιν
1763 5061 1942 5132 φέρων

376 5149 407 5200 ὁ
435 5149 662 5218 γραφεὶς
692 5148 916 5218 χάρτης.
946 5145 1035 5216 Τῷ
1068 5147 1164 5216 μὲν
1195 5147 1257 5217 δὴ
1295 5149 1488 5219 παιδίῳ
1523 5151 1614 5203 καὶ
1654 5151 1941 5218 φαντασίαι

2044 4698 2308 4768 principio
2334 4700 2641 4768 ambiguum
2680 4700 2732 4753 in
2767 4701 3009 4756 diversas
3032 4702 3200 4769 possit
3229 4713 3411 4772 partes
3443 4707 3605 4768 trahi,

2044 4792 2096 4844 in
2136 4800 2332 4848 eventu
2386 4800 2564 4845 autem
2620 4793 2877 4861 quidquid
2926 4795 3186 4861 evenerit,
3244 4797 3312 4850 ad
3364 4796 3414 4850 id
3466 4804 3607 4866 quod

2045 4884 2335 4958 contigerit
2365 4884 2641 4954 praedictio
2673 4887 3126 4940 accommodetur.
3177 4886 3377 4941 Deinde
3409 4890 3606 4956 pelvim

2045 4975 2131 5027 ubi
2166 4975 2410 5044 implevit
2437 4990 2595 5044 aqua,
2633 4983 2886 5045 tanquam
2928 4977 3144 5031 inanem
3182 4978 3480 5032 chartulam
3517 4981 3612 5034 dc-

2047 5066 2212 5118 mittit
2260 5082 2363 5119 una
2418 5067 2662 5122 immisso
2711 5067 3052 5122 chalcantho.
3102 5067 3177 5120 Ita
3205 5070 3347 5122 enim
3379 5073 3610 5141 emergit

2045 5171 2364 5226 responsum
2408 5157 2586 5213 ferens
2633 5159 2830 5226 scripta
2889 5162 3100 5212 charta.
3146 5159 3318 5214 Puero
3349 5160 3511 5231 igitur
3558 5177 3610 5218 et

1635 5286 1868 5342 VARIIE
1909 5289 2310 5349 LECTIONES.

445 5399 997 5475 "ré-Titxa).O§VtE;_C.
1038 5471 1048 5475 _
1091 5402 1448 5475 ⁸⁸ὲπικαλεῖν.
1478 5405 1731 5475 ἐπιγελᾷν
1761 5406 1822 5467 C,
1845 5405 1914 5459 M.

375 5471 706 5552 ἀπορρξήτωξ
889 5472 933 5502 ε’
966 5471 1179 5552 ἐνόμιζε
1210 5475 1271 5527 (3.
1305 5473 1375 5552 M_.
1451 5475 1492 5504 ⁶¹
1521 5471 1814 5552 ἐκώλυε-Ο,

373 5539 655 5612 θίγε-ὅσα-
680 5539 822 5612 θέλει
845 5557 860 5570 ⁸
897 5539 1124 5611 κατηχεί
1166 5560 1224 5594 τε
1263 5544 1477 5612 πρῶτον
1522 5545 1661 5598 coni.
1696 5546 1762 5598 Μ.

371 5607 678 5682 δοκεύεμιμΜ.
755 5611 800 5682 ⁶¹ξ
832 5614 998 5680 παρῇ,
1025 5607 1165 5665 ἔστι.
1199 5607 1426 5682 πάρεστι
1453 5613 1514 5667 C.

2020 5409 2066 5440 ⁸⁸
2095 5409 2236 5476 ἀξιοῖ
2253 5411 2322 5464 Μ.
2389 5414 2434 5443 ⁵⁷
2465 5413 2641 5465 αὐτῶν
2663 5413 2724 5467 (3.

2016 5479 2058 5510 ⁸³
2091 5482 2514 5549 ἐγκεγραμμένα
2555 5482 2616 5535 C.

1870 5549 1914 5578 ⁸⁵
1952 5547 2075 5615 ἠχεῖ
2105 5549 2160 5600 δὲ
2207 5552 2284 5602 τό.
2332 5547 2567 5617 ἠχοῦντα
2605 5552 2666 5606 C.

1596 5615 1638 5645 ‘"
1669 5615 1762 5666 καὶ
1792 5623 1916 5670 ante
1958 5618 2161 5672 ἀποσπ.
2209 5621 2330 5672 add.
2356 5615 2438 5673 Μ.

2829 5414 2875 5445 ⁸⁸
2906 5413 3282 5478 ἀπωλέσαντες
3307 5415 3368 5469 C.
3475 5416 3520 5448 ⁸³
3553 5416 3610 5466 ἐν

2711 5483 2769 5556 ⁶³Α
2784 5483 3024 5556 ἑκάτερα
3051 5485 3157 5556 ﬁt).
3211 5486 3496 5556 ⁶⁸σημᾶναι

2753 5553 2796 5583 ⁸⁸
2930 5554 3101 5624 βομϐῇ
3139 5555 3200 5609 (ἶ.
3277 5556 3316 5586 ⁸⁷
3345 5555 3418 5618 ὡς
3444 5553 3606 5608 δοκεῖ.

2515 5623 2559 5654 ⁷ο
2586 5622 2647 5674 Ei
2674 5621 2747 5674 δέ.
2791 5621 3006 5677 obviet}.
3079 5626 3118 5655 '“
3160 5625 3306 5686 ὅστις
3330 5627 3410 5678 ὅτι
3442 5627 3500 5679 (ὲ.
3535 5624 3607 5678 Μ.

371 5679 418 5708 ’³
449 5675 743 5746 νομίζεται.
780 5675 1106 5799 ὀνομαζεται
1136 5682 1196 5745 C,
1228 5675 1302 5733 ὢν
1329 5683 1604 5746 δοξάζεται
1643 5685 1848 5755 γράψαι
1871 5702 2014 5752 susp.
2045 5688 2112 5740 Μ.
2192 5689 2234 5717 ⁷³
2256 5689 2587 5756 ύποτοπάζει
2617 5692 2729 5745 καί.
2757 5675 3123 5758 ὑποπτάζεται
3238 5675 3609 5760 "Haedina;

375 5747 688 5799 Βοεοετιιε.
737 5764 863 5799 ποικ
889 5749 976 5799 λον
1021 5750 1083 5799 0.
1110 5750 1176 5799 Μ.
1270 5753 1315 5783 ⁷⁵
1345 5769 1396 5799 τι
1428 5753 1732 5799 δενόιιενον-
1785 5755 2161 5799 ὲπῑδενόιισνηυ
2195 5759 2233 5799 Ιῖ
2297 5759 2338 5799 M
2450 5763 2495 5792 ⁷⁸
2535 5763 2608 5799 ,ἵνα
2636 5793 2704 5799 __
2737 5763 2942 5799 vénn-u
3021 5768 3266 5799 μινημιρρη..
3317 5767 3516 5799 υριΑ-η..
3544 5767 3582 5799 l‘

890 5769 916 5798 Λ

375 5747 688 5814 Roepcrus,
737 5747 976 5802 ποικίλον
1021 5750 1083 5814 (3,
1110 5750 1176 5802 Μ.

368 5817 418 5848 ⁸⁷
454 5815 734 5870 ἀνατέλλει
767 5816 1065 5884 Βουρθηιε,
1099 5819 1327 5871 ἀναπλεῖ
1356 5823 1415 5886 (ὲ,
1453 5815 1520 5876 ΜΣ

694 5908 962 5968 Ριτιιοι.
1008 5911 1121 5968 Gn.
1168 5911 1330 5970 XVI.

1270 5753 1327 5828 "_
1345 5769 1396 5828 τι
1428 5753 1733 5828 δεχόμενον.
1785 5755 2161 5828 ἐπιδεχόμενον
2195 5759 2257 5815 C.
2294 5759 2362 5813 M.

2450 5763 2495 5792 ⁷⁵
2535 5763 2608 5824 ὡς
2636 5793 2704 5805 --
2737 5763 2961 5833 χάρτην.
3019 5768 3266 5837 ἀγράφου
3317 5767 3516 5836 χάρτου
3544 5767 3604 5819 t2.

3220 5928 3290 5986 98
