4128 6316
571 431 725 502 ’3033

2045 437 2411 498 ORIGENIS

3696 446 3863 509 3004

587 554 1024 610 terriculamenta
1058 553 1328 610 exsistunt
1369 568 1766 625 saepenumero.
1815 554 2027 609 Etenim
2063 554 2134 608 vel

2257 553 2738 622 φοϐεραὶγίνονται
2765 553 3020 617 πολλάκις
3044 570 3058 585 ο
3084 555 3176 609 καὶ
3203 555 3311 626 γάρ
3335 555 3545 627 πληγάς
3569 559 3862 629 ἐμϐάλλει

584 647 808 701 verbera
859 645 1051 700 incutit
1091 645 1366 699 interdum
1404 645 1601 715 quibus
1648 653 1943 700 exterreat.
1997 643 2148 698 Thus

581 738 722 804 enim
772 737 1017 806 injiciens
1071 737 1124 790 in
1168 738 1339 805 ignem
1387 751 1575 791 rursus
1616 747 1872 806 operatur
1902 737 1954 790 in
2003 735 2148 790 hunc

583 829 797 882 modum
843 845 854 879 :
903 827 1154 881 Frustum
1208 828 1340 882 salis
1392 828 1482 896 qui
1520 828 1718 882 dicitur
1767 827 1966 881 fossilis
2021 839 2146 880 cera

581 916 753 971 Tusca
784 915 1210 970 circumvolvens
1238 915 1509 984 simulque
1547 917 1722 985 ipsum
1755 913 1990 968 frustum
2024 913 2146 968 titu-

580 1009 652 1062 ris
682 1008 954 1061 dissecans
985 1004 1160 1074 injicit
1197 1004 1324 1059 salis
1355 1020 1616 1073 granum,
1669 1013 1724 1058 et
1769 1017 1964 1057 rursus
1991 1002 2146 1057 colli-

577 1113 708 1167 gans
737 1105 790 1151 et
822 1110 1089 1166 reponens
1135 1095 1190 1150 in
1239 1096 1553 1150 ardentibus
1598 1095 1785 1165 prunis
1835 1094 1985 1148 sinit.
2029 1094 2144 1160 Quo

575 1195 940 1252 concremato,
977 1187 1117 1241 sales
1171 1185 1485 1240 exsilientes
1534 1185 1821 1254 imaginem
1870 1184 2139 1248 reddunt,

573 1280 726 1350 quasl
777 1291 971 1331 novum
1024 1275 1390 1345 spectaculum
1432 1283 1487 1328 et
1536 1274 1730 1327 mirum
1767 1275 1876 1327 fiat.
1913 1275 2142 1344 Sangui-

575 1386 729 1426 neam
764 1378 940 1425 autem
973 1368 1149 1424 reddit
1176 1365 1447 1420 ﬂammam
1479 1365 1723 1420 Indicum
1754 1377 1931 1420 atrum
1959 1375 2140 1436 utpote

575 1461 837 1517 inclusum
876 1461 927 1514 in
979 1460 1156 1524 thure,
1205 1457 1363 1513 sicuti
1403 1472 1562 1525 supra
1605 1457 1860 1511 diximus.
1904 1457 2138 1526 Sangui-

573 1571 734 1612 neum
759 1563 938 1609 autem
964 1553 1230 1622 liquorem
1257 1550 1390 1605 facit
1419 1565 1540 1605 cera
1573 1551 1826 1604 anclmsae
1854 1551 2135 1603 commista

573 1663 783 1718 eaque,
833 1655 892 1702 ut
943 1647 1093 1710 dixi,
1135 1658 1256 1698 cera
1307 1642 1543 1697 immista
1595 1643 1646 1695 in
1691 1640 1941 1712 94-95
1990 1647 2132 1695 thus.

571 1741 779 1794 Prunas
803 1747 979 1792 autem
1004 1734 1207 1790 moveri
1238 1734 1366 1788 facit
1398 1733 1676 1803 supposito
1699 1744 1848 1787 secto
1875 1733 2130 1797 alumine,

569 1846 675 1900 quo
707 1830 880 1885 soluto
914 1837 968 1883 et
1017 1827 1188 1882 instar
1221 1825 1486 1880 bullarum
1525 1825 1815 1880 ebullienle
1851 1834 2135 1881 moventur

569 1935 772 1991 prome.

636 2011 723 2066 29.
753 2010 865 2065 Ova
898 2019 1075 2064 autem
1103 2009 1312 2064 diversa
1333 2016 1604 2064 ostentant
1629 2008 1680 2062 in
1709 2008 1853 2062 hunc
1880 2008 2131 2062 modum:

568 2103 836 2158 Cacumen
868 2099 1154 2170 perforans
1184 2101 1250 2154 ab
1279 2109 1506 2169 utraque
1534 2107 1687 2169 parte
1719 2108 1774 2152 et
1799 2097 1978 2151 album
2009 2098 2136 2151 sub-

568 2195 790 2257 ducens,
824 2206 1011 2246 rursus
1045 2191 1368 2259 immergens
1404 2190 1611 2260 injicito
1643 2188 1797 2242 alteri
1837 2187 2012 2253 minii,
2043 2187 2137 2242 al-

567 2282 666 2336 teri
717 2289 895 2336 autem
949 2279 1223 2348 scriptorii
1274 2277 1591 2332 atramenti.
1643 2279 1909 2332 Obserato
1952 2286 2133 2331 autem

565 2370 831 2426 foramina
868 2377 1114 2424 ramento
1161 2381 1388 2423 -vorum
1431 2366 1658 2432 minuto,
1693 2379 1795 2435 ope
1827 2364 1973 2421 succi
2000 2363 2134 2420 licus

565 2463 831 2517 adlinens.

635 2551 725 2607 '50.
751 2549 790 2605 li
815 2557 994 2605 autem
1019 2548 1111 2619 qui
1131 2563 1261 2604 oves
1288 2547 1390 2604 sibi
1413 2559 1696 2618 amputare
1720 2547 1896 2618 capita
1923 2546 2134 2604 faciunt

567 2645 707 2715 ipsa,
736 2643 840 2698 bac
859 2642 1071 2696 ratione
1099 2650 1324 2696 utuntur
1349 2657 1363 2694 :
1400 2640 1716 2696 Clanculum
1746 2639 1988 2694 caustico
2014 2653 2131 2694 me-

565 2736 874 2789 dicamento
921 2733 1137 2788 illinens
1171 2741 1359 2799 guttur
1399 2731 1658 2800 relinquit
1688 2730 1992 2799 appositum
2021 2729 2133 2800 gla-

565 2825 746 2889 dium;
780 2822 869 2876 illa
903 2830 1081 2876 autem
1113 2820 1300 2875 fricari
1330 2820 1552 2888 cupiens
1577 2821 1792 2873 irruens
1816 2817 1870 2871 itt
1897 2817 2129 2887 gladium

567 2916 787 2971 terendo
817 2911 1096 2980 iugulatur
1137 2919 1191 2967 et
1241 2926 1427 2980 parum
1477 2909 1628 2964 abest
1675 2908 1802 2977 quin
1851 2916 2011 2976 caput
2041 2907 2132 2962 ab-

564 3006 796 3061 scindat.
822 3003 912 3058 ESt
939 3013 1116 3058 autem
1139 3001 1590 3056 medicamentum
1617 2998 1837 3068 bryonia
1859 3008 1914 3053 et
1930 2997 2129 3052 adarca

561 3109 620 3154 et
649 3098 800 3154 scilla
826 3096 994 3166 ecquis
1027 3096 1266 3164 partibus
1289 3093 1478 3147 tnistze.
1504 3090 1575 3146 Ut
1601 3101 1778 3146 autem
1809 3091 1974 3144 lateat
2007 3105 2128 3144 cum

565 3190 671 3245 fert
721 3189 1194 3251 medicamentum,
1246 3184 1348 3238 fert
1394 3182 1642 3254 pyxidem
1699 3182 1961 3250 duplicem
2009 3195 2128 3235 cor-

563 3296 758 3344 neam,
808 3278 963 3348 cujus
1006 3278 1297 3346 conspicua
1337 3290 1465 3344 pars
1513 3275 1674 3328 habet
1720 3273 1866 3338 thus,
1897 3273 2128 3328 obscura

563 3382 741 3425 autem
771 3370 1244 3424 medicamentum.
1279 3365 1384 3419 Sed
1410 3365 1572 3418 ctiam
1599 3363 1820 3418 auribus
1852 3364 2131 3417 moriturae

561 3465 735 3534 injicit
770 3463 1194 3532 ltydrargyrum;
1249 3467 1332 3514 est
1378 3465 1555 3510 autent
1589 3455 1924 3510 mortiferum
1962 3455 2131 3510 medi-

564 3564 890 3609 camentum.

635 3647 727 3700 5|.
759 3646 1056 3714 Caprarum
1099 3651 1280 3696 autem
1333 3641 1423 3696 ubi
1466 3639 1586 3709 quis
1632 3638 1904 3694 obturavit
1949 3647 2132 3693 cerato

567 3751 746 3798 aures,
779 3737 964 3790 dicunt
1003 3733 1184 3803 paullo
1229 3741 1349 3802 post
1392 3731 1550 3796 mori,
1597 3730 1850 3799 quoniam
1884 3730 2128 3798 spiritum

565 3836 762 3885 ducere
811 3825 1219 3896 prohibeantur.
1259 3821 1407 3876 Viam
1443 3822 1587 3876 enim
1619 3823 1758 3876 Itauc
1788 3821 1854 3874 iis
1881 3835 2006 3874 esse
2046 3820 2130 3873 di-

564 3931 695 3976 cuttt
746 3917 978 3972 ducendi
1020 3931 1114 3984 per
1150 3913 1562 3983 respirationem
1606 3910 1846 3978 spiritus.
1891 3909 2129 3962 Arietem

563 4022 742 4066 antem
791 4009 926 4062 mori
975 4007 1192 4069 dicunt,
1235 4005 1281 4058 si
1331 4005 1452 4072 quis
1485 4002 1816 4057 exadversus
1857 3998 2132 4054 reﬂexerit

562 4104 749 4158 solem.
785 4100 1006 4154 Domum
1037 4110 1214 4152 autem
1244 4095 1448 4151 faciunt
1481 4096 1817 4163 conﬂagrare
1843 4090 2126 4162 cujusdam

562 4211 625 4249 ex
652 4192 871 4246 marinis
888 4204 1048 4244 succo
1074 4189 1282 4250 illitam,
1307 4190 1395 4257 qui
1429 4187 1592 4257 piscis
1615 4197 1838 4242 vocatur
1861 4185 2125 4254 dactylus.

562 4285 829 4342 Prmtcrea
881 4292 934 4337 et
977 4283 1026 4336 id
1072 4283 1212 4351 quod
1255 4284 1312 4335 tit
1357 4297 1451 4350 per
1499 4295 1693 4350 aquam
1742 4280 2006 4333 marinam
2045 4287 2130 4333 est

567 4379 715 4434 valde
741 4375 889 4431 utile.
921 4374 1014 4429 Est
1044 4385 1220 4428 autem
1254 4389 1441 4443 spuma
1473 4375 1639 4427 maris
1671 4375 1721 4426 in
1753 4380 1990 4428 testacea
2021 4371 2126 4425 olla
2171 4427 2195 4432 _

554 4487 682 4527 cum
709 4468 956 4524 dulcibus
985 4477 1160 4530 cocta,
1201 4467 1285 4520 cui
1317 4464 1543 4520 ferventi
1578 4464 1665 4518 ubi
1707 4464 1888 4518 lumen
1937 4463 2125 4516 admo-

2251 643 2499 712 εὐπόρως
2547 642 2814 710 ἐκφοϐῶν.
2863 643 3093 697 Λίϐανον
3140 646 3248 715 γάρ
3293 648 3372 709 είς
3419 647 3528 718 πῦρ
3573 652 3861 720 ἐμϐαλὼν

2249 732 2412 784 πάλιν
2449 735 2593 785 ποιεῖ
2637 733 2824 785 τοῦτον
2863 733 2953 786 τὸν
2985 735 3202 805 τρόπον.
3231 735 3407 789 Βῶλον
3431 738 3475 768 ⁷⁸
3516 739 3626 790 τῶν
3674 741 3858 809 λεγο-

2251 828 2426 897 μένων
2448 827 2694 897 ὀρυκτῶν
2721 828 2860 881 ἁλῶν
2885 829 3040 899 κηρῷ
3063 829 3382 898 Top-3r,va
3411 834 3854 900 περισκεπάσας

2248 920 2340 972 καὶ
2371 919 2532 974 αὑτὸν
2565 920 2622 972 δὲ
2653 919 2870 974 λιϐάνου
2904 920 3074 989 βῶλον
3105 921 3150 952 τ’
3185 920 3548 991 διχοτομήσας
3578 925 3852 994 ἐντίθησι

2245 1011 2338 1064 τοῦ
2381 1013 2576 1075 ἆλατος
2628 1013 2880 1082 χόνδρον,
2927 1012 3020 1064 καὶ
3071 1012 3233 1064 πάλιν
3281 1014 3705 1086 συγκολλήσας]
3742 1017 3853 1070 ἐπὶ

2244 1098 2530 1168 ἀνθράκων
2559 1100 2861 1168 καιομένων
2881 1099 3048 1160 τιθεὶς
3066 1100 3151 1168 ἐᾷ.
3180 1100 3284 1152 Τοῦ
3309 1101 3365 1152 δὲ
3391 1103 3754 1168 συγκαέντος,
3793 1106 3848 1157 oi

2244 1187 2370 1250 ἆλες
2409 1189 2791 1258 ἀναπηδῶντες
2838 1189 3141 1258 φαντασίαν
3185 1189 3592 1260 ἀπεργάζονται
3633 1193 3846 1264 ῶσπερ

2244 1275 2392 1341 ξένου
2417 1279 2688 1349 θεάματος
2715 1280 2998 1350 γινομένου
3021 1295 3034 1310 ·
3076 1280 3360 1350 αἱματώδη
3391 1281 3447 1334 δὲ
3474 1283 3650 1350 φλόγα
3679 1286 3849 1336 ποιεῖ

2239 1369 2300 1421 τὸ
2343 1369 2561 1422 Ἰνδικὸν
2622 1371 2788 1441 μέλαν
2839 1371 3051 1424 ἐντεθὲν
3103 1371 3181 1440 τῷ
3231 1371 3511 1442 λιϐανωτῷ
3537 1373 3583 1404 ⁸ο
3638 1373 3844 1437 καθὼς

2240 1460 2596 1530 προείπαμεν.
2659 1461 2951 1531 Αίματώδη
3008 1462 3065 1514 δὲ
3121 1461 3388 1532 ὑγρασίαν
3446 1467 3592 1526 ποιεῖ
3651 1465 3843 1534 κηρὸν

2238 1549 2481 1622 ἀγχούσῃ
2509 1553 2777 1620 ἀναμίξας
2821 1554 2934 1615 καὶ,
2963 1553 3038 1617 ὡς
3063 1552 3222 1622 ἔφην,
3272 1552 3349 1624 τῷ
3401 1553 3685 1624 λιϐανωτῷ
3732 1555 3839 1607 τὸν

2239 1642 2404 1710 κηρὸν
2429 1641 2794 1712 ⁸ιοὲνθέμενος’
2819 1643 3092 1715 ἄνθρακας
3116 1645 3173 1697 δὲ
3198 1643 3458 1698 κινεῖσθαι
3489 1643 3829 1716 [ρ.ϐϐ-67]

2237 1737 2384 1787 ποιεῖ
2416 1735 2638 1805 σχιστὴν
2679 1735 2900 1798 ὑποθεὶς
2929 1737 3264 1806 στυπτηρίαν
3286 1776 3300 1799 ,
3328 1730 3396 1806 ἦς
3425 1735 3690 1807 λυομένης
3726 1736 3836 1788 καὶ

2234 1823 2387 1895 δίκην
2418 1825 2779 1896 πομφολύγων
2805 1827 3103 1894 διοιδούσης
3133 1827 3405 1882 κινοῦνται
3432 1829 3477 1882 oi
3509 1827 3822 1899 ἄνθρακες.

2308 2004 2410 2059 κθ’.
2466 2007 2560 2060 Ὠα
2597 2008 2651 2062 δὲ
2679 2007 2909 2078 διάφορα
2961 2008 3359 2062 ἐπιδείκνυνται
3383 2009 3427 2042 ⁸⁸
3480 2009 3573 2062 τὸν
3609 2009 3832 2080 τρόπον

2235 2094 2386 2148 τόνδε
2406 2111 2420 2126 ο
2448 2098 2689 2169 κορυφὴν
2719 2100 3002 2169 τρυπήσας
3027 2098 3088 2164 ἐξ
3113 2100 3388 2172 ἑκατέρων
3404 2101 3450 2132 ⁸³
3478 2101 3575 2155 καὶ
3597 2101 3656 2154 τὸ
3685 2101 3828 2153 λευ-

2237 2185 2330 2238 κὸν
2364 2187 2725 2255 ὑπεξαγαγὼν
2759 2186 2913 2252 αὖθις
2961 2189 3136 2259 βάψας
3181 2189 3384 2259 ἔμϐαλε
3421 2191 3481 2244 τὸ
3518 2193 3616 2260 μὲν
3647 2194 3758 2260 τῆς
3777 2190 3830 2222 ⁸⁸

2236 2278 2557 2344 σινώπιδος,
2601 2282 2663 2334 τὸ
2702 2281 2758 2334 δὲ
2804 2281 2899 2334 τοῦ
2945 2281 3214 2353 γραφικοῦ
3231 2283 3276 2315 ⁸³
3328 2283 3578 2353 μέλανος.
3645 2282 3826 2335 ’Λπό-

2235 2384 2446 2438 φρασσε
2491 2369 2547 2423 δὲ
2578 2369 2676 2433 τὰς
2703 2370 3005 2440 τρνμαλιὰς
3037 2370 3262 2442 ξέσματι
3304 2371 3410 2425 τῶν
3446 2371 3570 2425 ὠῶν
3615 2370 3752 2442 λείῳ
3773 2370 3824 2402 ³⁸

2237 2461 2352 2531 μετ’
2378 2459 2512 2514 ὀποῦ
2541 2464 2708 2532 συκῆς
2739 2461 3044 2532 ὲμπλάσας.

2315 2549 2381 2604 λ’.
2422 2553 2546 2615 Τοῖς
2583 2553 2640 2606 δὲ
2667 2554 2871 2623 ἁμνοὺς
2896 2553 2942 2585 ’τ
2993 2554 3394 2625 ἀποτέμνεσθαι
3424 2555 3522 2618 τὰς
3569 2555 3824 2624 κεφαλὰς

2237 2642 2445 2697 ἑαυτῶν
2473 2643 2718 2698 ποιοῦσιν
2745 2639 2896 2708 οὗτος
2926 2647 2954 2698 ὀ
2976 2647 3195 2717 τρόπος.
3237 2646 3492 2718 Κρύϐδην
3525 2647 3821 2718 καυστικῷ

2235 2737 2510 2808 φαρμάκῳ
2538 2738 2733 2807 χρίσας
2765 2737 2855 2790 τὸν
2885 2737 3142 2806 φάρυγγα
3178 2739 3242 2808 ἐᾷ
3271 2738 3533 2809 παραθεὶς
3556 2738 3601 2770 ⁸⁸
3638 2739 3699 2792 τδ
3725 2735 3818 2804 ξί-

2233 2844 2331 2895 φος
2352 2844 2366 2856 ·
2397 2829 2425 2880 ὁ
2453 2828 2508 2881 δὲ
2534 2827 2579 2858 ⁸³
2617 2830 2910 2899 κνήθεσθαι
2934 2831 2980 2862 ³⁸
3029 2830 3199 2884 θέλων
3244 2830 3570 2900 προσπεσὼν
3598 2833 3666 2901 τῇ
3704 2849 3816 2901 μα-

2233 2921 2401 2992 χαίρᾳ
2433 2920 2631 2974 θλίϐων
2664 2920 2928 2988 σφάζεται
2956 2923 3048 2974 καὶ
3076 2921 3272 2993 μικροῦ
3301 2923 3409 2974 δεῖν
3436 2923 3735 2992 ἀποτέμνει
3764 2923 3813 2954 ⁸³

2230 3011 2327 3082 τὴν
2363 3013 2624 3082 κεφαλήν.
2670 3012 2824 3064 Ἐστι
2873 3011 2929 3064 δὲ
2973 3013 3032 3064 τὸ
3081 3013 3367 3082 φάρμακον
3420 3010 3659 3081 βρυωνία
3709 3013 3812 3065 καὶ

2232 3101 2442 3172 ἀδάρκη
2466 3103 2558 3155 καὶ
2583 3102 2771 3155 σκίλλα
2799 3103 2918 3155 κατ’
2947 3103 3059 3156 ἴσον
3089 3103 3422 3172 μεμιγμένα.
3449 3103 3564 3154 ἰνα
3587 3103 3642 3155 δὲ
3663 3101 3812 3174 λάθῃ

2186 3243 2198 3262 ,
2233 3197 2412 3266 φέρων
2460 3194 2520 3246 τὸ
2554 3195 2875 3264 φάρμακον,
2913 3194 3064 3264 φέρει
3109 3192 3301 3258 πυξίδα
3343 3193 3539 3261 διπλῆν
3586 3195 3809 3264 κερατί-

2235 3302 2350 3355 νην,
2381 3279 2444 3355 ἧς
2472 3284 2532 3337 τὸ
2555 3285 2600 3316 ⁹²
2638 3285 2867 3356 φανερὸν
2897 3285 3058 3354 μέρος
3093 3283 3206 3354 ἔχει
3239 3283 3532 3336 λιϐανωτὸν
3561 3285 3629 3349 ’³,
3659 3283 3719 3336 τὸ
3747 3283 3810 3338 δὲ

2231 3375 2434 3443 ἀφανὲς
2475 3376 2765 3446 φάρμακον
2790 3392 2804 3406 ο
2849 3376 2983 3429 ἀλλὰ
3020 3377 3112 3429 καὶ
3153 3378 3265 3438 τοῖς
3295 3376 3305 3444 |
3335 3375 3439 3428 ὠσὶ
3474 3374 3570 3428 τοῦ
3608 3375 3808 3444 τεθνη-

2233 3466 2460 3536 ξομένου
2502 3466 2759 3536 ἐμϐάλλει
2790 3466 3126 3537 ὑδράργυρον
3152 3466 3229 3497 ⁸⁵·
3263 3465 3377 3518 ἐστι
3407 3463 3462 3517 δὲ
3500 3464 3808 3535 θανατηφό-

2239 3575 2329 3626 ρον
2365 3560 2653 3627 φάρμακον

2302 3648 2401 3701 λα’.
2444 3648 2624 3714 Αἰγῶν
2663 3647 2720 3700 δὲ
2767 3647 2867 3700 κᾶν
2915 3647 3255 3718 ἐπιτιλάσῃ⁹⁵
3299 3664 3382 3709 τις
3431 3648 3652 3717 κηρωτῇ
3702 3645 3804 3710 τὰς

2231 3739 2428 3801 ἀκοὰς,
2466 3740 2598 3808 φασὶ
2637 3739 2887 3810 θνήσκειν
2932 3740 3049 3809 μετ’
3082 3739 3256 3808 ὀλίγον
3296 3739 3552 3791 ἀναπνεῖν
3601 3737 3807 3790 κωλυο-

2236 3829 2434 3898 μέναςο
2472 3830 2589 3882 ὁδὸν
2618 3829 2724 3900 γὰρ
2751 3831 2937 3893 αὑταῖς
2965 3829 3166 3899 ταύτην
3197 3825 3334 3882 εἶναι
3364 3829 3579 3896 λέγουσι
3611 3829 3702 3881 τοῦ
3735 3829 3804 3880 δι’

2235 3921 2511 3990 ἀναπνοῆς
2546 3921 2836 3990 ἑλκομένου
2877 3921 3203 3990 πνεύματος.
3251 3919 3416 3990 Κριὸν
3454 3920 3508 3972 δὲ
3551 3919 3804 3989 θνήσκειν

2233 4009 2425 4074 φασὶν,
2477 4009 2524 4060 εί
2569 4010 2690 4062 κατ’
2733 4007 2990 4077 ἄντικρύς
3040 4026 3124 4071 τις
3169 4009 3522 4062 ἀνακλάσειεν
3563 4008 3712 4078 ἡλίου
3732 4008 3800 4058 ’⁸.

2231 4095 2390 4152 Οἶκον
2413 4099 2467 4152 δὲ
2497 4099 2706 4152 ποιοῦσι
2735 4099 2982 4152 καίεσθαι
3007 4100 3112 4152 τῶν
3142 4098 3439 4153 θαλαττίων
3467 4099 3608 4161 τινὸς
3641 4099 3800 4168 ίχῶρι

2229 4191 2515 4262 χριόμενον
2533 4193 2576 4223 ⁸⁷
2622 4190 2714 4244 τοῦ
2755 4191 3088 4261 καλουμένου
3123 4191 3407 4244 δακτύλου.
3458 4191 3568 4244 Καὶ
3617 4191 3676 4242 τὸ
3714 4189 3800 4241 δια

2229 4287 2326 4355 τῆς
2356 4283 2532 4353 ἅλμης
2569 4282 2625 4334 δὲ
2673 4284 2805 4336 πάνυ
2833 4284 3121 4353 χρήσιμον.
3154 4283 3309 4334 Ἔστι
3329 4282 3383 4333 δὲ
3409 4281 3576 4352 ἀφρὸς
3601 4280 3801 4333 θαλάσ-

2231 4392 2329 4446 σης
2359 4376 2416 4427 ἐν
2449 4375 2538 4426 ὀστ
2551 4374 2750 4442 ρακίνῳ
2768 4373 2986 4443 στάμνῳ
3008 4374 3142 4444 μετὰ
3159 4373 3399 4441 γλυκέων
3434 4370 3707 4441 ὴψημένος
3726 4371 3793 4433 ’³,

2227 4461 2270 4535 ᾧ
2300 4468 2516 4531 ζέσαντι
2550 4464 2740 4534 λύχνον
2772 4465 2866 4516 ἐὰν
2896 4465 3176 4536 προσάγῃς
3204 4464 3510 4532 καιόμενον,
3546 4461 3795 4531 ἁρπάσαν

559 4561 708 4616 vehis
733 4561 1034 4625 incensum,
1067 4567 1284 4626 arrepto
1320 4557 1427 4626 igni
1465 4555 1773 4609 incenditur
1798 4565 1852 4609 et
1885 4554 2119 4608 infusum

2234 4559 2286 4611 τὸ
2335 4558 2446 4628 πῦρ
2477 4556 2804 4620 ἐξάπτεται,
2840 4557 2932 4608 καὶ
2978 4556 3274 4625 καταχυθὲν
3311 4553 3408 4622 τῆς
3452 4552 3690 4621 κεφαλῆς
3733 4553 3792 4604 οὐ

557 4651 721 4723 capiti
749 4665 971 4720 prorsus
999 4664 1102 4703 non
1132 4649 1418 4703 comburit.
1450 4646 1543 4701 Sin
1576 4662 1704 4701 vero
1731 4647 1894 4700 etiam
1923 4687 1937 4702 .
1971 4685 1984 4700 .
2019 4684 2033 4697 .
2067 4684 2080 4698 .
2107 4683 2120 4696 .

556 4746 842 4814 iusperges
871 4741 1125 4806 ferventi,
1149 4741 1318 4795 multo
1343 4742 1514 4808 magis
1546 4741 1871 4794 incenditur.
1904 4738 2125 4794 Rectius

555 4846 735 4891 autem
770 4835 909 4898 erit,
953 4834 998 4890 si
1029 4833 1149 4902 quis
1178 4833 1341 4886 etiam
1373 4833 1594 4885 sulfuris
1621 4831 1822 4898 aliquid
1860 4837 2120 4884 assumct.

625 4927 716 4983 '52.
759 4927 984 4980 Tonitrtt
1019 4924 1076 4978 ftt
1119 4924 1361 4994 pluribus
1413 4924 1606 4976 modis.
1657 4921 1790 4976 Nam
1831 4931 1884 4974 et
1916 4920 2122 4988 lapides

553 5018 861 5088 complures
904 5030 958 5074 et
1012 5017 1248 5086 majores
1302 5015 1604 5085 praccipites
1653 5012 1852 5081 dejeeti
1906 5026 2000 5079 per
2041 5019 2121 5062 ta-

553 5109 706 5164 bulas
746 5108 950 5179 ligneas
991 5107 1234 5162 incidunt
1274 5103 1410 5158 infra
1472 5103 1523 5155 in
1568 5116 1742 5154 aeneas
1792 5099 2020 5151 laminas
2065 5105 2121 5150 ct

2227 4647 2369 4699 καίει
2417 4646 2476 4700 τὸ
2525 4644 2761 4698 σύνολον.
2819 4645 2880 4696 El
2931 4644 2987 4695 δὲ
3037 4645 3130 4696 καὶ
3181 4646 3354 4714 μαννῇ
3381 4643 3425 4674 θ’
3475 4641 3793 4698 ὲπιπάσσεις

2227 4738 2399 4801 ζέοντι
2421 4740 2458 4800 ¹,
2495 4737 2671 4806 πολλῷ
2708 4734 2904 4805 μᾶλλον
2934 4734 3242 4799 ἐξάπτεται.
3285 4735 3496 4787 Βέλτιον
3516 4733 3570 4784 δὲ
3591 4731 3710 4802 δρᾷ,
3745 4731 3791 4781 εί

2225 4832 2317 4880 καὶ
2349 4826 2489 4880 θείου
2530 4844 2582 4879 τι
2613 4827 2960 4896 προσλάὅοι¹.

2295 4919 2394 4988 λβ’.
2435 4919 2639 4989 Βροντὴ
2671 4919 2878 4985 γίνεται
2907 4916 3128 4988 τρόποις
3159 4915 3400 4967 πλείοσι·
3431 4912 3567 4965 λίθοι
3597 4929 3656 4964 τε
3683 4911 3789 4980 γὰρ

2226 5007 2468 5070 πλείονες
2501 5009 2592 5060 καὶ
2625 5009 2870 5076 μείζονες
2901 5007 3044 5061 κατὰ
3087 5005 3348 5078 κρημνῶν
3379 5004 3667 5074 φερόμενοι
3703 5002 3791 5055 διὰ

2229 5097 2452 5149 σανίδων
2510 5098 3006 5150 ἐπικαταπίπτουσι
3071 5097 3289 5166 χαλκοῖς
3337 5091 3647 5163 ὲλάσμασι³
3697 5090 3791 5142 καὶ

1798 5250 2030 5306 VARI/13
2070 5251 2480 5308 LECTIONES.

619 5381 664 5412 "
699 5379 891 5431 Βῶλων
918 5377 979 5428 (3.
1051 5376 1096 5406 ⁷³
1125 5374 1339 5426 λιϐάνου
1382 5371 1570 5440 βῶλον.
1595 5367 1931 5440 λιϐανωτόνῖ

549 5467 640 5511 τες
667 5451 728 5502 (Σ.

2103 5365 2148 5396 ⁸⁸
2179 5365 2378 5436 λιϐάνῳ
2411 5365 2488 5436 τῷ
2512 5368 2572 5421 (ἶ.

803 5449 848 5478 ιι
876 5446 932 5508 ἐξ
956 5445 1252 5514 ἑκατέραςῖ
1344 5435 1394 5514 3‘
1413 5442 1530 5514 τῆς.
1553 5438 1656 5514 μτρῖρ
1680 5440 1754 5514 (λι,
1772 5435 1982 5514 --⁸⁵,ςτοδ
2002 5436 2322 5514 ,γραεῑεικοῦο
2352 5435 2754 5514 summi:
2785 5437 2844 5490 C-

2650 5367 2692 5398 "
2725 5371 2814 5419 τδν
2849 5366 3035 5437 κηρόνο
3065 5364 3218 5437 κηρῷ
3249 5365 3308 5437 (ἐί-
3385 5367 3431 5437 Ἷ¹
3460 5363 3792 5437 ἐπιδειὲνύγτ

2921 5433 2966 5466 ⁸⁸
2997 5433 3152 5503 λείῳῖ
3184 5433 3340 5487 λειῶν
3370 5436 3429 5489 C.
3504 5436 3547 5467 ⁸⁷
3581 5435 3700 5503 Τῶν
3733 5433 3788 5486 δὲ

560 5485 606 5502 η
668 5485 728 5502 υ.
876 5485 898 5497 ..
956 5485 1113 5498 em..-
1154 5485 1186 5496 ι.
1235 5485 1246 5496 .
1423 5485 1530 5502 ..ν
1686 5485 1740 5492 ν-
2368 5485 2446 5499 η,
2554 5485 2585 5489 ᾖ
3188 5485 3233 5486 η
3276 5485 3281 5486 ,
3323 5485 3330 5487 _
3380 5485 3427 5489 __
3592 5485 3613 5486 ί
3682 5485 3689 5487 ,
3743 5485 3753 5486 ,

553 5489 736 5585 ἀμῖιῶν
764 5519 823 5569 (ἶ.
899 5485 945 5545 3‘
971 5485 1291 5584 παραδοθεὶς
1469 5485 1514 5543 ἓν
1704 5507 1821 5560 οὐδὲ
1863 5510 1924 5585 (2.
2001 5485 2353 5585 90:}.YZOEOQM
2559 5485 2885 5585 ἀποτέμνειν
2913 5504 2976 5570 C,
3013 5522 3079 5557 an
3107 5506 3470 5585 ἀποτέμνεται
3500 5505 3585 5557 ‘2"
3618 5500 3684 5575 ἧς
3706 5505 3786 5557 τό.

933 5585 978 5616 ⁸³
1003 5580 1301 5637 λιϐανωτοῦ
1321 5582 1381 5635 C.
1478 5582 1523 5614 ”
1548 5580 1848 5649 ὑδάργυρον
1883 5580 1941 5629 (Σ.

575 5590 653 5648 εἱς
678 5588 737 5638 τὸ
759 5588 821 5640 (ἶ.

550 5671 718 5721 marg.
795 5656 839 5687 ’⁸
866 5653 1139 5722 ἠέκημένος
1165 5655 1227 5707 C.

2048 5578 2091 5607 ’⁸⁵
2123 5576 2452 5646 ὲπιπάσῃίίὶ,
2487 5574 2555 5632 Μ.
2592 5577 2638 5607 ⁹⁶
2661 5574 2814 5646 ἥλιον
2851 5577 3142 5646 liocperns.

1317 5652 1512 5729 '_°_qttid
1558 5644 1729 5719 μαννῇ
1757 5644 1878 5729 :sibi
1923 5647 2059 5729 velit.
2104 5646 2312 5729 ignoro.
2356 5645 2606 5698 Fortasse
2641 5644 2920 5729 resinacea
2958 5644 3544 5729 qnzcdamsubstantia
3589 5644 3790 5722 intelli-

3243 5575 3286 5605 ""
3322 5576 3638 5645 χρεώμενον
3664 5575 3703 5626 (ἰ
3727 5575 3787 5645 in

549 5713 730 5791 gitur,
764 5713 1134 5791 cntnunionna'
1155 5723 1292 5791 apud
1321 5713 1894 5791 ιηὶἱιὶιι[ιιζρι-ςιιῖνίιιιιι⁸
1915 5717 2229 5791 vocabulum
2263 5715 2334 5791 sit
2368 5730 2474 5791 quo
2518 5715 2857 5791 appellantur
2879 5729 3056 5791 .grana
3093 5714 3261 5791 tltttris
3301 5724 3354 5768 et
3384 5715 3608 5767 aliarum
3653 5713 3787 5767 resi-

549 5780 734 5845 narum
765 5780 810 5844 ili
912 5791 923 5821 ³
965 5789 1132 5851 ξέοντι
1165 5780 1225 5844 C.

1303 5794 1322 5822 ³
1352 5806 1404 5840 τι
1432 5783 1725 5857 προσλάϐοι
1750 5788 1812 5840 Α.
1851 5784 2162 5848 Mcinckitts,
2200 5785 2342 5847 τινὸς
2373 5783 2528 5836 λάϐοι
2559 5785 2620 5851 C,
2646 5786 2716 5843 Μ,
2750 5785 2769 5815 ³
2799 5783 3070 5853 θλάσμασι
3094 5783 3156 5836 C.
