4144 6328
564 320 706 386 3105

2052 323 2418 382 ΟΠΙΟΕΝΙΞ

3671 318 3817 386 3106

565 440 928 507 qumsivernnt
977 453 1080 492 non
1125 438 1416 490 concinunt
1461 438 1525 490 de
1571 439 1694 496 Deo,
1741 435 1865 504 quid
1933 437 2003 487 sit
2053 446 2133 487 anl

2245 437 2337 488 καὶ
2380 437 2649 504 θεολόγοις
2698 438 3000 510 ζητήσασιν
3043 439 3105 492 οὐ
3144 435 3488 507 συνεφώνησε
3539 438 3670 506 περὶ
3715 435 3820 491 τοῦ

568 531 763 599 qualis.
800 530 901 583 Alii
945 529 1088 584 enim
1121 529 1309 583 dicttnt
1339 544 1460 583 esse
1503 529 1704 597 ignem,
1746 527 1832 580 alii
1863 527 2136 594 spiritum,

567 618 656 672 alii
698 632 917 688 aquam,
972 618 1062 672 alii
1107 619 1341 687 denique
1393 627 1616 669 terram.
1673 614 1898 684 Singula
1956 625 2134 668 autem

573 711 841 765 elementa
888 710 1066 780 aliqua
1091 725 1154 764 ex
1198 719 1348 777 parte
1379 707 1655 770 delicium,
1697 706 2040 774 alterumque
2074 707 2140 758 ab

568 804 738 858 altero
759 816 1067 871 superatur.
1111 802 1225 854 Hoc
1253 811 1432 853 autem
1481 798 1677 851 accidit
1711 797 1891 850 mundi
1925 796 2138 864 sapien-

577 893 743 957 tibus,
783 893 831 946 id
862 893 1003 962 quod
1033 888 1524 958 intelligentissimo
1557 887 1755 955 cuique
1788 885 2134 938 manifestum

576 993 678 1048 est,
723 991 781 1036 ut
821 969 1125 1051 conspectis
1179 981 1364 1035 mundi
1399 978 1802 1033 summitatibus
1851 978 1903 1030 in
1956 993 2133 1032 rerum

569 1085 760 1130 natura
799 1073 1273 1136 conturbarentur,
1305 1070 1511 1139 majora
1548 1070 1662 1123 h;ec
1696 1068 1943 1121 arbitrati
1971 1083 2131 1136 quam

566 1181 685 1232 quae
716 1166 782 1220 ab
809 1165 979 1219 altero
1007 1157 1414 1234 generationem
1448 1161 1771 1229 reciperent,
1817 1171 1869 1214 et
1898 1175 1965 1214 ne
1999 1175 2133 1214 con-

553 1259 803 1328 junelum
837 1257 1050 1324 quidem
1079 1257 1390 1310 universum
1433 1255 1603 1322 ipsum
1633 1267 1754 1306 esse
1806 1253 1993 1305 Deum.
2033 1253 2135 1305 De-

565 1347 908 1401 claraverunt
971 1357 1147 1398 autem
1219 1344 1542 1414 principium
1594 1343 1850 1397 doctrina:
1907 1346 1973 1396 de
2029 1340 2134 1396 Deo

565 1453 726 1492 unam
771 1451 952 1489 rerum
985 1436 1101 1489 visu
1134 1443 1532 1504 perceptarum,
1590 1448 1711 1486 eum
1745 1433 1976 1500 quisque
2021 1443 2132 1487 sta-

566 1533 739 1578 tueret
764 1523 1122 1592 quodcunque
1150 1531 1408 1590 prmstare
1439 1520 1785 1587 opinabatur,
1815 1530 1870 1573 et
1902 1518 1977 1573 ita
2008 1533 2129 1573 cum

563 1614 748 1668 oculos
781 1613 1029 1668 ﬁxissent
1058 1613 1107 1666 in
1141 1613 1228 1676 iis,
1259 1627 1377 1679 qua:
1411 1627 1438 1664 a
1472 1611 1579 1665 Deo
1613 1620 1792 1666 creata
1827 1620 1952 1665 sunt
1982 1626 2132 1679 qua:-

563 1720 670 1772 qtte
701 1706 765 1757 ad
798 1704 939 1757 illius
982 1710 1393 1771 exsuperantem
1447 1702 1867 1770 magnitudinem
1911 1703 2130 1755 minima

2240 525 2395 589 Θεοῦ,
2427 529 2479 578 τί
2514 529 2661 580 ἐστιν
2704 528 2736 597 ἢ
2768 529 3024 592 ποδαπός.
3054 529 3117 582 0i
3163 529 3263 599 μὲν
3291 527 3400 598 γὰρ
3429 527 3590 580 αὐτὸν
3619 522 3816 593 λέγου-

2242 633 2324 667 σιν
2361 612 2499 668 εἶναι
2534 615 2665 687 πῦρ,
2697 619 2746 669 οἱ
2776 617 2833 670 δέ
2876 617 3114 688 πνεῦμα,
3163 619 3211 671 οἱ
3257 617 3313 669 δὲ
3349 615 3521 685 ὕδωρ,
3548 615 3727 686 ἕτεροι
3755 615 3816 668 δὲ

2237 705 2362 773 γῆν.
2397 706 2664 759 Ἔκαστον
2683 708 2741 760 δὲ
2765 708 2874 762 τῶν
2894 708 3176 778 στοιχείων
3195 707 3414 760 ἔλαττόν
3433 707 3474 737 ¹⁹
3500 725 3551 759 τι
3575 706 3685 775 ἔχει
3719 705 3814 758 καὶ

2237 796 2422 866 ἕτερον
2479 798 2582 851 ὑπὸ
2635 799 2728 852 τοῦ
2762 800 2951 869 ἐτέρου
3007 801 3256 870 ἡττᾶται.
3318 797 3488 851 Τοῦτο
3520 797 3577 850 δέ
3612 796 3810 868 συνέϐη

2236 888 2347 948 τοῖς
2382 886 2473 938 τοῦ
2506 889 2710 957 κόσμου
2745 892 2946 956 σοφοῖς,
3002 890 3140 959 ὅπερ
3169 889 3288 940 ἐστὶ
3320 891 3429 950 τοῖς
3469 886 3595 940 νοῦν
3627 885 3810 954 ἔχουσι

2238 978 2522 1048 πρόδηλον,
2555 980 2635 1032 ὅτι
2661 981 2705 1011 '°
2733 981 2931 1042 ἰδόντες
2954 981 3052 1050 τῆς
3091 980 3323 1041 κτίσεως
3355 979 3423 1031 τά
3470 976 3677 1047 μεγέθη
3715 977 3810 1030 ἐπὶ

2235 1072 2301 1139 τῇ
2331 1069 2439 1122 τῶν
2477 1070 2646 1123 ὄντων
2700 1071 2859 1142 οὐσίᾳ
2898 1070 3300 1140 ἐταράχθησαν,
3359 1071 3581 1140 μείζονα
3636 1065 3804 1120 ταῦτα

2235 1165 2556 1233 νομίσαντες
2607 1165 2700 1217 τοῦ
2759 1165 2850 1232 ὑφ’
2920 1165 3109 1234 ἐτέρου
3181 1163 3394 1230 γένεσιν
3460 1159 3808 1226 ἐπιδέξασθαι

2235 1255 2513 1319 δύνασθαι,
2573 1257 2668 1308 καὶ
2697 1257 2818 1309 οὐδὲ
2861 1255 2996 1326 ὁμοῦ
3025 1256 3086 1308 τὸ
3128 1255 3348 1323 σύμπαν
3382 1254 3512 1306 αὐτὸ
3554 1249 3692 1306 εἶναι
3719 1253 3811 1304 τὸν

2236 1345 2386 1397 Θεόν.
2431 1344 2740 1414 ’Ᾱπέφηναν
2778 1345 2834 1397 δὲ
2864 1347 2926 1398 τὸ
2951 1346 2995 1376 ²¹
3045 1344 3217 1398 αἴτιον
3261 1345 3396 1414 πρὸς
3444 1343 3721 1410 θεολογίαν
3751 1342 3810 1394 ἓν

2234 1433 2342 1486 τῶν
2379 1435 2748 1503 βλεπομένων,
2807 1435 3037 1505 νομίσας
3060 1438 3103 1468 ’³
3143 1453 3228 1497 τις
3266 1437 3402 1506 ὅπερ
3457 1436 3662 1505 ἔκρινε,
3716 1434 3811 1486 καὶ

2235 1524 2407 1587 οῦτως
2439 1526 2528 1577 ἐπὶ
2569 1529 2680 1588 τοῖς
2727 1526 2829 1579 ὑπὸ
2871 1527 3005 1579 Θεοῦ
3042 1527 3356 1596 γενομένοις
3405 1529 3501 1580 καὶ
3541 1527 3680 1580 κατὰ
3708 1527 3810 1595 τὴν

3505 1617 3809 1686 ἐλαχίστοις

2237 1708 2568 1778 ὑπάρχουσιν
2597 1709 2876 1773 ἐνιδόντες,
2911 1709 2920 1781 |
2955 1709 3029 1780 μὴ
3047 1709 3369 1778 δυνηθέντες
3387 1710 3441 1761 δέ
3468 1711 3544 1772 εἰς
3568 1709 3628 1761 τὸ
3645 1709 3804 1777 μέτε-

2235 1617 2444 1668 ἐκείνου
2507 1617 2953 1686 ὑπερϐάλλουσαν
3023 1618 3423 1688 μεγαλειότητα

567 1801 807 1861 exstant,
840 1810 946 1848 non
998 1803 1220 1864 pos-sent
1265 1804 1443 1848 autem
1475 1795 1527 1846 in
1563 1792 1990 1863 magnitudinem
2021 1793 2131 1846 veri

2238 1799 2327 1859 θος
2387 1798 2476 1850 τοῦ
2527 1797 2694 1860 ὅντως
2719 1798 2764 1828 ’³
2803 1799 2936 1850 Θεοῦ
2998 1800 3236 1850 ἐκτεῖναι
3287 1799 3378 1850 τὸν
3425 1795 3574 1862 νοῦν,
3630 1795 3809 1849 ταῦτα

564 1889 658 1942 Dei
687 1887 981 1942 extendere
1025 1894 1280 1947 mentem,
1311 1887 1424 1938 haec
1473 1884 1524 1937 in
1576 1883 1666 1937 Dei
1697 1884 1870 1936 locum
1905 1881 2132 1937 suffece-

565 1987 711 2032 rnut.
745 1977 922 2032 Persa:
951 1986 1130 2031 autem
1169 1976 1415 2030 arbitrati
1464 1990 1522 2029 se
1562 1975 1612 2027 in
1652 1975 1950 2044 penetralia
1988 1973 2134 2027 veri-

564 2070 692 2124 tatis
721 2083 1039 2138 progressos
1069 2083 1209 2133 esse,
1244 2067 1496 2121 dicebant
1545 2067 1708 2120 Deum
1739 2065 2128 2132 esselucidum,

565 2163 738 2215 lucem
771 2161 825 2215 in
853 2175 981 2214 aere
1008 2168 1339 2214 contenta-tn.
1360 2157 1636 2226 Babylonii
1673 2169 1854 2212 autem
1883 2158 2134 2214 dicebant

563 2251 732 2304 Deum
773 2264 893 2305 esse
938 2249 1360 2312 tenebricosum,
1407 2247 1550 2315 quod
1593 2256 1646 2300 et
1694 2247 1867 2315 ipsum
1909 2247 2132 2303 alterius

562 2342 707 2396 illius
738 2355 1074 2408 consequens
1105 2341 1347 2401 videtur;
1382 2349 1590 2394 noctem
1615 2340 1756 2394 enim
1785 2338 2133 2408 subsequitur

561 2435 698 2498 dies,
733 2433 872 2487 diem
901 2442 1078 2486 autent
1131 2447 1258 2485 nox.
1295 2430 1533 2500 {Egyptii
1575 2439 1752 2484 autem
1786 2431 2026 2485 omnium
2073 2445 2132 2485 se

559 2538 683 2578 esse
738 2523 1144 2591 antiquissimos
1198 2523 1298 2575 rati
1352 2524 1586 2576 divinam
1635 2523 1859 2576 vim.....
1905 2537 2129 2589 compn-

565 2623 743 2668 tantes
801 2614 898 2666 has
946 2613 1230 2667 distantias
1281 2613 1514 2682 partium
1563 2628 1629 2666 ex
1698 2612 1882 2667 divino
1945 2611 2128 2665 afﬂatu

565 2705 820 2756 dixerunt
865 2701 1031 2754 Deum
1075 2717 1194 2755 esse
1228 2702 1510 2755 monadem
1557 2701 1837 2756 indivisam
1872 2711 1926 2756 el
1955 2703 2129 2770 ipsam

564 2797 737 2843 semet
793 2797 1170 2857 generantem,
1209 2805 1275 2842 ex
1335 2799 1510 2851 eaque
1566 2791 1747 2844 omnia
1796 2790 2127 2844 constitisse.

567 2879 692 2934 ll:ec
728 2880 896 2943 enim,
933 2881 1132 2950 inquit,
1166 2895 1288 2934 cum
1321 2880 1435 2946 ipsa
1481 2894 1586 2933 non
1623 2889 1876 2949 generata
1911 2879 1999 2946 sit,
2032 2897 2130 2934 nu-

571 2976 750 3025 meros
788 2971 1042 3039 deinceps
1073 2981 1318 3039 generat,
1347 2971 1508 3025 veluti
1543 2973 1606 3024 ad
1638 2987 1695 3026 se
1728 2987 1917 3028 monas
1946 2987 2133 3042 super~

563 3062 744 3116 addita
805 3070 1033 3130 generat
1091 3063 1314 3132 dyadem
1381 3071 1435 3114 et
1489 3061 1738 3116 similiter
1787 3061 2128 3130 superaddita

561 3160 784 3223 generat
832 3152 1055 3207 tri-adem
1105 3125 1161 3206 et
1207 3153 1470 3207 tetradem
1521 3166 1693 3222 usque
1734 3153 1800 3207 ad
1853 3125 2128 3218 decadem,
2157 3125 2198 3182 ϐ

564 3261 686 3315 qure
709 3245 926 3315 quidem
958 3244 1280 3313 principium
1310 3253 1362 3298 et
1388 3244 1512 3298 linis
1544 3259 1893 3299 numerorum
1922 3253 2023 3308 est,
2058 3245 2130 3298 ita

561 3346 618 3390 ut
650 3337 878 3392 exsistat
900 3336 1070 3405 prima
1108 3344 1162 3389 et
1195 3337 1402 3390 decima
1439 3349 1649 3401 monas,
1681 3345 1961 3404 propterea
1989 3335 2129 3404 quod

561 3429 723 3482 etiam
753 3428 916 3481 decas
931 3427 1176 3480 eamdem
1205 3436 1525 3496 potesmtem
1550 3427 1712 3480 habet
1739 3434 1792 3479 et
1820 3433 2134 3480 numeratur

563 3533 662 3588 pro
689 3518 940 3581 monade,
969 3528 1023 3573 et
1057 3519 1171 3572 haec
1192 3517 1369 3572 decies
1392 3524 1602 3583 sumpta
1617 3516 2132 3572 evadethecatontas

564 3617 620 3662 et
661 3617 852 3662 rursus
885 3607 947 3660 lit
993 3621 1204 3667 monas,
1248 3615 1303 3659 et
1348 3607 1665 3660 hecatontas
1703 3606 1880 3659 decies
1918 3617 2132 3674 sumpta

567 3697 727 3752 faciet
773 3697 1057 3751 eltiliadem
1107 3706 1162 3749 et
1204 3695 1317 3749 luce
1363 3696 1467 3749 erit
1501 3709 1712 3749 monas.
1763 3695 1839 3748 Ita
1872 3704 1926 3752 et
1967 3695 2130 3749 millia

567 3789 747 3845 decies
779 3796 989 3858 sumpta
1041 3786 1386 3856 110-111
1443 3799 1562 3840 cum
1613 3795 1862 3840 accurate
1908 3785 2133 3840 reddent

569 3881 891 3952 myriadem,
930 3878 1181 3932 similiter
1225 3886 1386 3931 erunt
1419 3888 1627 3932 monas.
1662 3875 1906 3931 Monadis
1951 3886 2130 3930 autem

571 3987 668 4040 per
719 3971 1070 4024 indivisornm
1122 3968 1586 4036 comparationem
1640 3968 1853 4036 cognati
1921 3966 2129 4020 numeri

569 4062 1148 4133 comprehenduntur:
1203 4061 1258 4123 5,
1303 4061 1358 4122 5,
1411 4059 1460 4123 7,
1501 4059 1554 4112 9.
1603 4058 1700 4112 Est
1749 4068 1927 4111 autem
1970 4059 2133 4111 etiam

571 4155 710 4208 alius
756 4153 964 4205 numeri
1013 4152 1262 4220 cognatio
1305 4151 1370 4203 ad
1410 4149 1689 4203 monadem
1726 4147 2019 4202 naturalior
2045 4161 2128 4201 se-

573 4242 808 4297 cundum
839 4240 1155 4309 sextuplicis
1187 4240 1334 4293 orbis
1369 4237 1654 4300 rationem,
1684 4236 1892 4308 dyadis,
1937 4251 2132 4291 secun-

570 4334 696 4386 dum
723 4331 968 4400 parilium
1000 4331 1295 4399 posituram
1324 4329 1670 4382 numerorum
1697 4335 1750 4381 et
1785 4327 2128 4381 divisionem.

2238 1889 2619 1960 ἐθεολὸγησαν.
2659 1892 2720 1942 0E
2747 1890 2803 1942 δὲ
2837 1889 3096 1960 ἐνδοτέρω
3124 1892 3222 1958 τῆς
3252 1889 3505 1958 ἀληθείας
3551 1887 3811 1956 νομίσαν-

2234 1999 2323 2043 τες
2348 1983 2628 2049 γεγονέναι
2664 1981 2866 2051 Πέρσαι
2903 1981 3112 2050 ἔφασαν
3150 1982 3239 2034 τὸν
3273 1981 3403 2033 Θεὸν
3437 1975 3574 2032 εἶναι
3605 1994 3810 2047 φωτει-

2235 2069 2343 2132 νὸν,
2398 2070 2512 2138 φῶς
2543 2072 2599 2122 ἐν
2650 2071 2770 2140 ἀέρι
2827 2069 3205 2138 συνεχόμενον.
3261 2070 3322 2121 Οἱ
3368 2068 3423 2120 δὲ
3474 2063 3809 2118 Βαϐυλώνιοι

2235 2160 2442 2228 ἔφασαν
2477 2161 2566 2213 τὸν
2599 2161 2730 2213 Θεὸν
2781 2161 3054 2214 σκοτεινὸν
3115 2156 3278 2224 εἶναι,
3307 2159 3452 2228 ὅπερ
3488 2158 3579 2210 καὶ
3605 2155 3736 2208 αὐτὸ
3761 2156 3810 2186 ⁸⁸

2232 2252 2325 2304 τοῦ
2369 2252 2555 2322 ἐτέρου
2617 2253 3042 2321 ἐπακολούθημα
3103 2252 3388 2320 φαίνεταιο
3465 2249 3620 2302 νυκτὶ
3695 2246 3808 2316 γάρ

2233 2342 2586 2397 ἐπακολουθεῖ
2622 2343 2825 2412 ἡμέρα,
2856 2346 2919 2413 τῇ
2951 2343 3007 2394 δὲ
3045 2343 3228 2413 ἡμέρᾳ
3262 2340 3378 2404 νύξ.
3413 2339 3699 2407 Αἰγύπτιοι
3746 2337 3807 2388 δέ

2234 2432 2450 2485 πάντων
2473 2433 2816 2502 ἀρχαιότεροι
2851 2429 2988 2485 εἶναι
3022 2431 3334 2501 νομίζοντες
3378 2430 3474 2500 τὴν
3524 2427 3618 2480 τοῦ
3667 2423 3806 2478 Θεοῦ

2255 2523 2484 2592 δύναμιν
2512 2525 2673 2578 ¹⁸.....
2710 2523 3046 2592 ψηφίσαντες
3083 2522 3210 2575 τάδε
3257 2521 3604 2589 διαστήματα
3625 2518 3671 2547 ’⁸
3695 2516 3808 2568 τῶν

2237 2615 2445 2684 μοιρῶν
2477 2616 2521 2646 ⁸⁷
2552 2615 2611 2680 ἐξ
2638 2615 2924 2676 ἐπιπνοίας
2944 2615 2990 2646 ’⁸
3016 2614 3298 2681 θειοτάτης
3333 2611 3537 2680 ἔφασαν
3569 2607 3656 2661 τὸν
3672 2606 3810 2660 Θεὸν

2235 2701 2371 2758 εἶναι
2411 2707 2615 2774 μονάδα
2648 2705 2954 2776 ἀδιαίρετον
2982 2705 3075 2758 καὶ
3103 2704 3270 2775 αὐτὴν
3299 2702 3496 2770 ἑαυτὴν
3527 2699 3812 2766 γεννῶσαν

2234 2791 2326 2844 καὶ
2357 2791 2416 2855 ἐξ
2443 2792 2615 2861 αὐτῆς
2653 2792 2724 2845 τὰ
2774 2792 2950 2845 πάντα
2995 2789 3464 2844 κατεσκευάσθαι·
3510 2789 3648 2856 αῦτη
3673 2787 3810 2853 γὰρ,

2239 2884 2401 2952 φησὶν
2422 2883 2488 2949 ’⁸,
2522 2881 2815 2952 άγὲννητος
2837 2878 2971 2934 οὖσα
3002 2882 3126 2943 τοὺς
3163 2880 3290 2950 ἐξῆς
3310 2878 3580 2948 ἀριθμοὺς
3611 2877 3806 2947 γεννᾷ,

2234 2971 2345 3028 οἷον
2399 2974 2486 3043 ἐφ’
2522 2973 2719 3042 ἑαυτὴν
2774 2975 2806 3042 ἡ
2861 2971 3027 3042 μονὰς
3082 2969 3536 3040 ἐπιπροστεθεῖσα
3555 2969 3598 3000 ³ο
3638 2967 3811 3037 γεννᾷ

2234 3064 2332 3134 τὴν
2367 3061 2532 3114 δυάδα
2565 3061 2658 3114 καὶ
2718 3059 2918 3130 ὁμοίως
2965 3057 3464 3131 ἐπιπροστιθεμένη
3499 3057 3663 3126 γεννᾷ
3705 3054 3810 3125 τὴν

2232 3155 2423 3226 τριάδα
2453 3157 2549 3206 καὶ
2579 3153 2811 3223 τετράδα
2843 3151 3006 3220 μέχρι
3037 3152 3135 3220 τῆς
3164 3150 3404 3213 δεκάδος,
3431 3149 3550 3218 ἥτις
3589 3145 3730 3216 ἀρχὴ
3760 3146 3806 3178 υ

2233 3247 2327 3299 κοιλ¹
2359 3247 2419 3299 τὸ
2449 3245 2600 3309 τέλος
2629 3246 2738 3298 τῶν
2771 3243 3043 3314 ἀριθμῶν,
3075 3243 3160 3295 ἵνα
3210 3242 3434 3310 γένηται
3495 3238 3687 3306 πρώτη
3713 3237 3809 3290 καὶ

2231 3339 2430 3407 δεκάτη
2465 3339 2493 3407 ἠ
2552 3336 2718 3406 μονὰς
2745 3336 2832 3388 διὰ
2863 3335 2923 3387 τὸ
2969 3335 3062 3386 καὶ
3101 3333 3197 3403 τὴν
3236 3330 3432 3384 δεκάδα
3470 3327 3810 3396 ἰσοδυναμεῖν

2232 3431 2324 3482 καὶ
2354 3426 2707 3498 ἀριθμεῖσθαι
2738 3428 2815 3490 εἰς
2851 3425 3076 3496 μονάδα,
3107 3424 3202 3476 καὶ
3251 3421 3391 3490 αῦτη
3435 3419 3810 3473 δεκαπλάσια-

2235 3519 2422 3571 σθεῖσα
2472 3517 2695 3586 γένηται
2759 3515 3150 3577 ἐκατοντάς⁸¹·
3204 3513 3298 3564 καὶ
3376 3510 3534 3562 πάλιν
3588 3508 3805 3574 γίνεται

2235 3609 2424 3679 μονὰς,
2449 3608 2542 3660 καὶ
2566 3609 2599 3677 ἡ
2634 3607 2926 3667 ἐκατοντὰς
2950 3601 3479 3658 δεκατλασιασθεῖσα
3525 3599 3737 3669 ποιήσει
3757 3595 3809 3629 ⁸³

2232 3698 2466 3769 χιλιάδα,
2528 3697 2622 3749 καὶ
2706 3696 2845 3766 αὕτη
2932 3695 3083 3748 ἔσται
3169 3694 3371 3763 μονάς·
3455 3691 3629 3752 οὕτως
3710 3686 3810 3740 καὶ

2237 3790 2311 3861 ΙΡ·
2349 3789 2413 3843 77
2457 3815 2527 3829 --
2573 3786 2692 3858 79.]
2741 3787 2808 3840 τὰ
2859 3787 3002 3857 χίλια
3025 3781 3560 3838 δεκαπλασιασθὲντα
3587 3779 3652 3833 ἂν
3677 3777 3801 3811 “4'

2234 3880 2579 3950 ἀπαρτίσωσι
2609 3879 2707 3949 τὴν
2751 3879 3010 3950 μυριάδα,
3057 3878 3254 3945 ὁμοίως
3291 3875 3442 3927 ἔσται
3477 3872 3662 3943 μονάς.
3694 3869 3808 3938 Τῆς

2233 3972 2290 4025 δὲ
2332 3970 2557 4040 μονάδος
2585 3970 2724 4024 κατὰ
2754 3971 2850 4040 τὴν
2879 3967 3183 4038 ἀδιαίρετον
3209 3966 3492 4035 σύγκρισιν
3522 3966 3808 4031 συγγενεῖς

2233 4060 2459 4131 ἀριθμοὶ
2504 4059 3026 4130 παραλαμϐάνονται
3057 4063 3109 4126 γ’
3156 4063 3198 4108 ε’
3233 4055 3366 4119 ζτιν.
3407 4057 3561 4108 Ἔστι
3604 4053 3659 4106 δέ
3707 4053 3806 4105 καὶ

2235 4153 2421 4222 ἐτέρου
2471 4150 2706 4222 ἀριθμοῦ
2757 4151 3049 4218 συγγένεια
3101 4148 3238 4218 πρὸς
3270 4148 3370 4216 τὴν
3409 4146 3612 4216 μονάδα
3651 4160 3806 4211 φυσι-

2234 4242 2453 4313 κωτέρα
2485 4240 2626 4294 κατὰ
2650 4241 2748 4310 τὴν
2795 4241 2888 4293 τοῦ
2925 4238 3224 4304 ἐξακύκλου
3265 4237 3443 4298 ἕλικος
3465 4237 3508 4268 ’⁷
3549 4249 3806 4305 πραγμα-

2234 4333 2405 4390 τείαν,
2435 4333 2532 4400 τῆς
2579 4329 2768 4392 δυάδος
2820 4329 2959 4381 κατὰ
2990 4329 3087 4396 τὴν
3137 4326 3323 4398 ἄρτιον
3360 4325 3507 4378 θέσιν
3548 4324 3654 4376 τῶν
3682 4322 3805 4391 ἀρι-

566 4421 841 4492 (Ξοεηοιιιε
874 4430 1056 4474 autem
1083 4429 1166 4475 est
1213 4434 1469 4473 numerus
1495 4420 1527 4472 4
1555 4427 1608 4472 et
1631 4418 1683 4471 8.
1720 4414 1845 4470 Ηιυο
1867 4427 2068 4471 autem.
2116 4455 2131 4469 .

2239 4422 2391 4492 θμῶν
2451 4422 2546 4474 καὶ
2598 4421 2883 4489 διαίρεσιν.
2930 4419 3206 4485 Συγγενὴς
3241 4417 3296 4469 δέ
3339 4417 3366 4468 ὁ
3426 4413 3654 4485 ἀριθμός
3690 4413 3805 4464 ἐστι

571 4550 586 4565 .
631 4551 646 4566 .
689 4547 706 4566 .
744 4549 761 4566 .
803 4550 816 4562 .
861 4549 876 4566 .
923 4551 936 4564 .
981 4549 996 4564 .
1038 4546 1052 4564 .
1096 4550 1112 4566 .
1158 4551 1171 4564 .
1218 4549 1231 4562 .
1276 4547 1290 4562 .
1334 4548 1347 4562 .
1382 4522 1664 4577 progressa
1707 4515 1834 4562 Sunt
1871 4520 2041 4574 usque
2064 4507 2130 4560 ad

570 4613 806 4675 quatuor
869 4603 1135 4660 elementa
1166 4641 1181 4665 ,
1238 4603 1356 4656 dico
1407 4609 1584 4654 autem
1631 4599 1851 4666 spiritus
1894 4607 1948 4652 et
1995 4599 2136 4668 ignis

571 4711 831 4766 aquaque
861 4705 916 4750 et
952 4705 1130 4758 terrae,
1181 4708 1246 4746 ex
1276 4691 1471 4762 quibus
1519 4701 1570 4745 et
1605 4691 1837 4746 confecit
1879 4693 2132 4743 mundum

570 4789 1212 4844 ctmasculo-l‘emineum
1263 4800 1385 4840 eum
1421 4785 1728 4846 adornavit,
1777 4794 1831 4837 et
1878 4783 1984 4837 duo
2018 4782 2138 4849 qni-

571 4883 698 4935 dem
729 4881 1003 4936 elementa
1051 4880 1117 4933 ad
1147 4878 1394 4947 superius
1433 4877 1870 4945 hemisphaerium
1900 4874 2136 4929 destina-

573 4973 698 5027 vit:
760 4973 1008 5041 spiritum
1062 4971 1379 5040 ignemque,
1432 4977 1486 5022 et
1530 4977 1756 5020 vocatur
1805 4967 1904 5019 hoc
1966 4963 2138 5017 hemi-

2239 4512 2334 4565 τοῦ
2362 4512 2399 4563 δ’
2427 4511 2519 4562 καὶ
2544 4517 2613 4579 η’.
2666 4509 2850 4560 Ταῦτα
2893 4507 2950 4559 δέ
2991 4508 3054 4561 ἐκ
3101 4507 3199 4576 τῆς
3241 4505 3465 4577 μονάδος
3506 4501 3738 4574 ἀριθμὸν
3758 4501 3807 4533 ’⁸

2240 4603 2471 4657 λαθόντα
2530 4601 2786 4670 πρόνοιαν
2830 4599 3029 4668 ἀρετῆς
3068 4601 3314 4669 ἐχώρησε
3337 4597 3381 4628 ²⁹
3417 4596 3577 4666 μέχρι
3628 4593 3735 4646 τῶν
3766 4592 3810 4644 δ’

2243 4691 2544 4760 στοιχεὲων,
2581 4690 2720 4757 λέγω
2745 4688 2808 4758 δὴ
2830 4688 2924 4741 τοῦ
2957 4688 3264 4758 πνεύματος
3293 4688 3384 4740 καὶ
3415 4685 3584 4756 πυρὸς
3622 4682 3810 4746 ὕδατός

2241 4799 2300 4834 τε
2332 4781 2426 4833 καὶ
2473 4781 2612 4850 γῆς’
2665 4779 2760 4831 καὶ
2801 4779 2866 4830 ἐκ
2916 4778 3117 4832 τούτων
3149 4778 3378 4848 ποιήσας
3409 4775 3454 4806 ³⁸
3477 4774 3568 4827 τὸν
3610 4773 3809 4841 κόσμον

2244 4872 2611 4944 ἀρρενόθηλυν
2653 4869 2814 4922 αὐτὸν
2849 4868 3242 4930 κατεσκεύασε,
3279 4868 3372 4920 καὶ
3407 4865 3500 4919 δύο
3534 4865 3633 4934 μὲν
3669 4879 3810 4916 στοι-

2247 4966 2368 5032 χεῖα
2389 4964 2465 5024 εἰς
2484 4962 2542 5014 τὸ
2567 4963 2676 5014 ἄνω
2700 4960 3056 5032 ἡμισφαίριον
3084 4958 3378 5028 προσέταξε
3407 4957 3464 5008 τό
3493 4973 3551 5008 τε
3594 4953 3811 5023 πνεῦμα

1855 5119 1889 5172 ν
1901 5125 1936 5170 Α
1949 5115 2086 5170 ΠΙᾹΞ
2124 5113 2413 5170 LECTION
2425 5113 2526 5171 ES.

683 5272 724 5303 "
754 5268 960 5322 ἐλάττω
986 5268 1047 5320 (2.
1159 5265 1204 5295 ¹⁰
1230 5265 1312 5316 ὅτι
1366 5261 1659 5327 Roeperns,
1691 5257 1738 5308 οἳ
1773 5255 1830 5311 C.
1869 5256 1935 5308 Μ.

571 5341 803 5411 νομίσας
827 5341 888 5401 C,
928 5338 994 5400 Μ,
1028 5336 1118 5402 qui
1162 5344 1336 5411 putat_
1360 5323 1613 5411 emiss-um
1648 5343 1768 5410 05:!)
1819 5327 2049 5405 ἐκαστρς
2083 5333 2200 5411 post
2234 5328 2313 5377 vel
2344 5333 2469 5377 ante
2504 5323 2751 5404 νομίσας.

1437 5401 1479 5430 ³³
1520 5398 1642 5449 l’ust
1691 5394 2364 5464 δύναμινίδίεητι-Ιηοιηιιιι
2401 5394 2718 5464 posuimus.

1603 5466 1647 5496 ³ο
1691 5461 2085 5532 ἐπιπροσθεῖσα
2111 5461 2173 5516 C.

1763 5529 1879 5565 ut"
1909 5533 1975 5586 ἂν
2004 5546 2114 5584 nm.
2134 5533 2192 5584 C.
2220 5529 2405 5588 lacuna
2428 5529 2620 5585 relicta
2645 5529 2711 5585 Μ.

573 5401 812 5467 8ι·ὀι1υέ.
844 5406 1017 5459 ταῦτα
1039 5401 1100 5463 C.
1129 5403 1263 5457 αὐτὸ
1292 5401 1360 5455 Μ.

574 5480 622 5512 ’³
643 5478 883 5540 ἐπινοίας
913 5477 974 5534 (.1,
1013 5475 1079 5530 M.
1156 5475 1198 5504 "
1229 5469 1427 5540 φασινῖ
1458 5468 1521 5540 Μ.

577 5548 677 5601 κᾶν
704 5552 735 5615 ἡ
757 5533 1049 5615 ἑκατοντάς
1071 5545 1131 5615 C,
1157 5533 1252 5615 Mh.‘
1303 5540 1349 5615 ’_'
1378 5538 1577 5615 ποιήσῃ
1619 5533 1687 5612 Μ..

579 5600 706 5670 saw
726 5600 909 5675 ξλεκος
951 5600 1139 5673 inﬁxo-3
1171 5608 1466 5674 ἐξακυκλου
1495 5600 2107 5675 stimouunsenius__t,
2155 5601 2238 5652 77.

583 5668 700 5756 ρισι
733 5668 1026 5752 ιιοενέΐιιέ.
1079 5683 1136 5752 ’³⁸
1165 5668 1228 5732 ἐκ
1257 5676 1456 5731 τούτων
1488 5673 1560 5746 [ὁ]
1589 5673 1818 5742 ποιήσας
1847 5686 1994 5740 susp.
2026 5668 2096 5726 Μ.

2043 5254 2083 5283 ²¹
2119 5253 2400 5323 ἀπέφηναν
2447 5253 2502 5306 δὲ
2549 5253 2626 5306 τό.
2677 5251 3021 5323 ἀπεφήναντο
3049 5250 3111 5312 C,
3161 5249 3227 5302 Μ.

3341 5253 3383 5282 ³³
3419 5250 3650 5317 νομίσας
3706 5266 3812 5311 τις.

3376 5321 3423 5350 ἰ
3449 5319 3582 5372 αὐτὸ
3614 5321 3707 5372 τοῦ
3749 5319 3814 5372 Β.

3445 5391 3515 5457 "’7
3540 5389 3725 5457 μυρῶν
3752 5389 3811 5440 ll.

2829 5321 2874 5351 “
2921 5320 3074 5382 ὄντος
3120 5335 3202 5388 pr.
3235 5320 3298 5375 C.

2800 5390 2845 5421 ²⁶
2873 5389 2941 5442 τά
2967 5405 3026 5441 τε
3070 5388 3246 5443 διαστ.
3296 5389 3367 5442 Μ.

2251 5463 2292 5494 ³¹
2325 5465 2356 5533 ἡ
2388 5456 2530 5532 ἀρχὴ
2566 5462 2708 5516 coni.
2746 5459 2816 5513 Μ.
2895 5459 2939 5490 ³¹¹
2965 5458 3056 5511 καὶ
3089 5459 3121 5525 ἡ
3168 5457 3460 5520 ἑκατοντὰς
3504 5456 3810 5522 lloeperns,

2251 5547 2405 5588 tcnua
2435 5534 2620 5585 relicta
2645 5529 2711 5585 Μ.
2787 5530 2831 5560 ’⁷
2853 5528 2946 5580 τοῦ
2973 5527 3268 5592 ἐξακύκλου
3291 5529 3470 5590 ἕλικος
3493 5527 3592 5592 τῆς
3621 5524 3813 5592 ἐξακύ-

2319 5548 2405 5585 tua
2435 5543 2620 5585 retteta
2645 5543 2711 5585 Μ.
2787 5543 2827 5560 ι’
2853 5545 2946 5580 του
2973 5543 3268 5592 εςακυκλου
3293 5543 3470 5590 ελικος
3493 5543 3592 5596 της
3621 5543 3813 5592 εςακυ-

2317 5602 2359 5632 ³³
2391 5600 2642 5671 ἀριθμόν.
2675 5597 2906 5670 ἀριθμοῦ
2954 5597 3038 5653 vel
3067 5597 3242 5667 ἀρχὴν
3265 5613 3430 5671 βυδρ.
3465 5595 3534 5650 Μ.
3583 5597 3647 5668 _”
3681 5595 3816 5666 ἐχώ·
