4144 6328
485 257 624 321 3109

1955 251 2242 313 ORIGEN
2250 251 2319 310 IS

3587 247 3728 312 3110

485 373 576 425 alii
613 380 790 424 autem
823 373 1117 425 secundum
1157 380 1324 425 totum
1363 387 1668 426 numerum.
1711 370 1856 424 Talis
1888 371 2050 422 etiam

2177 365 2422 433 ιριομόνο
2458 366 2680 434 τοιαύτη
2729 366 2820 419 καὶ
2850 369 2881 435 ἠ
2925 364 3236 434 Αἰγυπτίων
3273 362 3454 432 σοφία,
3483 363 3551 416 δι’
3577 359 3642 434 ἧς
3673 365 3734 418 τὸ

488 466 865 535 ιιΕεγυιῐοιῚιιη
923 465 1206 534 sapientia,
1242 481 1335 533 per
1365 481 1525 534 quant
1575 465 1811 518 divinum
1854 476 2052 516 numen

489 556 834 609 celebrata'cs
871 569 1198 621 Cognoscere
1227 555 1539 621 Opinantur.

488 656 506 705 ῑ
563 646 652 699 45.
691 643 835 697 Satis
883 646 1044 714 igitur
1091 655 1143 698 et
1179 645 1290 697 lucc
1334 661 1361 695 a
1397 643 1549 696 nobis
1601 643 1852 696 videmur
1888 641 2056 707 ειμι.-

495 743 638 786 cata.
674 733 865 783 Verum
916 740 1172 798 pt-zetet-ea
1210 732 1371 782 etiam
1420 731 1656 783 arbitror
1713 729 1908 782 nullam
1939 730 2057 796 Opi-

495 819 710 872 nionem
736 819 1012 880 sapientiae
1055 827 1281 869 terreme
1309 825 1361 868 et
1394 816 1540 869 bumi
1589 816 1810 884 dejectm
1839 824 2058 883 praetcr-

501 909 737 970 tnisisse,
777 924 878 959 non
925 907 1166 958 inutilem
1214 915 1390 958 autem
1431 905 1586 958 video
1626 919 1834 967 curam,
1869 919 1987 970 quae
2028 919 2056 956 a

499 998 652 1052 nobis
682 997 732 1048 in
780 1012 870 1048 cas
906 1011 989 1048 res
1030 997 1268 1062 impensa
1304 1005 1419 1060 est;
1460 1010 1562 1047 non
1610 995 1750 1047 enim
1789 995 1960 1047 solum
1995 994 2060 1048 ad

500 1090 869 1158 coargucndas
897 1089 1129 1141 lucreses
1160 1088 1343 1139 utilem
1374 1087 1616 1139 videmus
1637 1087 1915 1140 exstitisse
1949 1101 2060 1140 ser-

501 1196 733 1244 monem,
773 1181 864 1233 sed
895 1182 1054 1232 etiam
1102 1181 1166 1231 ad
1215 1180 1357 1246 ipsos
1403 1177 1558 1244 hujus
1588 1179 1844 1230 doctrina:
1886 1186 2062 1230 secta-

500 1282 663 1336 tores,
698 1273 812 1338 qui,
863 1272 948 1324 ubi
984 1273 1222 1324 incident
1255 1271 1510 1339 impensa:
1560 1287 1700 1324 cura:
1739 1281 1958 1334 nostrm,
2010 1282 2063 1324 et

498 1364 733 1416 studium
772 1373 1017 1416 noswum
1049 1362 1460 1414 admit-almntur
1483 1370 1534 1414 et
1586 1362 1785 1415 laboris
1826 1363 2061 1416 assidui-

501 1464 664 1508 tatem
695 1469 798 1506 non
829 1453 1155 1521 vilipeudent
1188 1468 1286 1506 nec
1309 1453 1502 1506 stultos
1535 1452 1858 1521 judicabunt
1906 1453 2064 1506 Chri-

502 1546 731 1608 stianos,
759 1544 844 1597 ubi
882 1544 1230 1612 perspicienl,
1261 1543 1453 1606 quibus
1486 1543 1644 1594 rebus
1673 1542 1770 1610 ipsi
1804 1543 1965 1596 stulte
1997 1543 2060 1596 li-

503 1639 621 1691 dem
651 1638 898 1690 habeant.
927 1636 1074 1688 Adde
1102 1635 1240 1702 quod
1267 1635 1424 1686 etiam
1451 1648 1564 1696 eos,
1590 1634 1677 1701 qui
1709 1636 1915 1688 veritati
1947 1651 2064 1689 sese

2162 452 2313 505 Θεῖον
2345 454 2654 522 δοξάζοντες
2675 456 2717 488 ⁸⁸
2745 456 3030 524 γινώσκειν
3052 455 3376 526 νομίζουσιν.

2237 653 2338 715 με’.
2385 645 2605 704 Ἱκανῶς
2649 642 2740 698 οὖν
2773 645 2918 696 δοκεῖ
2947 647 3092 714 ἡμᾶς
3125 645 3218 698 καὶ
3273 645 3444 698 ταῦτα
3497 647 3735 701 ἐκτεθεῖ-

2166 736 2308 791 σθαι.
2357 737 2495 790 Ἀλλ’
2547 736 2625 789 ἔτι
2675 736 2720 765 ⁸³
2752 737 2955 805 νομίζω
2997 737 3266 806 μηδεμίαν
3305 737 3460 800 δόξαν
3486 741 3586 806 τῆς
3616 739 3735 790 ἐπι-

2165 828 2312 896 γείου
2345 830 2435 880 καὶ
2468 827 2844 896 χαμαιπετοῦς
2876 829 3064 894 σοφίας
3128 827 3606 897 παραλελοιπέναι,
3640 831 3737 882 οὐκ

2169 921 2434 990 ἄχρηστον
2461 921 2517 972 δὲ
2551 921 2648 988 τὴν
2687 923 2764 982 εἰς
2816 922 2953 972 αὖτά
2986 920 3237 988 φροντίδα
3279 922 3388 990 ὁρῶ
3422 923 3552 990 ἡμῖν
3583 939 3738 989 γεγε-

2165 1028 2228 1078 νη
2239 1012 2402 1079 μένην
2428 1029 2440 1040 ·
2463 1012 2581 1064 οὐδὲ
2610 1012 2716 1080 γὰρ
2751 1011 2907 1080 μόνον
2932 1011 3067 1081 πρὸς
3099 1011 3313 1080 ἔλεγχον
3339 1012 3444 1064 τῶν
3475 1013 3736 1082 αἱρέσεων

2167 1101 2464 1172 εὔχρηστον
2522 1101 2738 1171 ὁρῶμεν
2783 1102 3061 1168 γεγονέναι
3119 1102 3206 1154 τὸν
3258 1103 3432 1169 λόγον.
3463 1102 3598 1154 ἀλλὰ
3649 1105 3738 1156 καὶ

2169 1196 2302 1264 πρὸς
2335 1195 2531 1255 αὐτοὺς
2562 1194 2688 1254 τοὺς
2716 1192 2888 1245 ταῦτα
2917 1195 2959 1224 ⁵ο
2983 1192 3319 1256 δοξάζοντας,
3345 1193 3392 1244 οἳ
3426 1194 3737 1261 ἐντυχόντες

2168 1290 2231 1355 τῇ
2257 1284 2597 1356 γεγενημένῃ
2618 1285 2775 1354 ἡμῶν
2806 1285 3205 1354 πολυμεριμνίᾳ
3243 1285 3335 1336 καὶ
3363 1285 3422 1336 τὸ
3453 1284 3740 1336 σπουδαῖον

2170 1379 2510 1446 θαυμάσουσι
2539 1380 2632 1430 καὶ
2663 1379 2722 1429 τὸ
2748 1379 3030 1446 φιλόπονον
3057 1380 3156 1431 οὐκ
3211 1377 3623 1447 ἐξουθενήσουσι
3646 1378 3738 1430 καὶ

2175 1472 2389 1540 μωροὺς
2443 1471 2540 1522 οὐκ
2589 1472 2991 1538 ἀποφανοῦνται
3064 1471 3422 1541 Χριστιανοὺς
3479 1469 3742 1532 ἐνιδόντες

2171 1555 2251 1622 οἷς
2282 1559 2434 1613 αὐτοὶ
2492 1559 2690 1628 μωρῶς
2747 1559 3110 1613 πιστεύουσιν.
3151 1561 3270 1612 Ἔτι
3313 1560 3368 1612 δέ
3397 1560 3488 1612 καὶ
3521 1560 3642 1620 τοὺς
3672 1562 3744 1630 τῇ

2172 1649 2397 1719 ἀληθείᾳ
2429 1649 2789 1716 προσέχοντας
2822 1648 3139 1718 φιλομαθεῖς
3179 1647 3498 1717 προδιδάσει
3526 1647 3553 1698 ό
3586 1647 3743 1714 λόγος

509 1729 831 1782 addixerunt
859 1727 1094 1779 discendi
1128 1725 1290 1786 avidi,
1319 1724 1528 1791 juvabit
1554 1739 1752 1788 sermo,
1787 1732 1842 1776 ut
1868 1724 2063 1777 intelli-

2177 1715 2777 1808 φρονιμωτέρουςπρδς
2812 1739 2870 1790 τὸ
2906 1715 2979 1808 μη
3030 1739 3186 1807 μόνον
3209 1715 3306 1799 τὰς
3333 1737 3441 1789 τῶν
3476 1738 3752 1807 αἱρέσεων

501 1819 769 1887 gentiores
817 1819 1045 1870 evadant
1098 1832 1198 1868 non
1251 1816 1446 1876 solum,
1500 1815 1584 1866 ubi
1621 1814 1906 1868 didicerint
1955 1816 2061 1868 ba:-

503 1910 700 1963 resium
729 1909 1098 1973 fundamenta,
1120 1909 1183 1959 ad
1218 1907 1423 1960 facilem
1456 1907 1829 1960 refutationem
1857 1923 2064 1971 eorum,

501 1999 591 2067 qui
619 1999 874 2050 seducere
905 2012 997 2049 eos
1026 1996 1387 2057 ennabuntur,
1417 1995 1508 2046 sed
1538 1996 1700 2046 etiam
1735 1996 1821 2046 ubi
1861 1995 2067 2047 didice-

505 2091 612 2140 rint
645 2089 944 2155 sapientum
981 2103 1097 2154 qna‘
1124 2087 1377 2138 dicuntur
1404 2086 1701 2154 Opiniones,
1722 2101 1853 2154 quas
1887 2086 2070 2157 114-

509 2177 666 2247 115
693 2177 863 2231 cdocti
899 2191 1071 2244 neque
1111 2176 1178 2228 ab
1229 2176 1358 2243 ipsis
1411 2177 1769 2229 turlutbnntur
1815 2187 2068 2244 tanquam

502 2273 696 2342 ignari,
728 2289 899 2341 neque
929 2273 995 2324 ab
1031 2271 1301 2337 aliquibus
1337 2270 1824 2338 sedurenturquasi
1857 2270 1904 2322 vi
1937 2283 2071 2336 qua-

501 2369 620 2418 dam
648 2367 949 2436 agentibus,
976 2366 1069 2418 sed
1095 2365 1256 2419 etiam
1289 2379 1402 2428 eos,
1435 2366 1522 2432 qui
1557 2381 1614 2419 se
1636 2366 1737 2420 luci
1773 2381 1832 2419 se
1864 2365 2075 2435 patien-

504 2467 610 2522 tur,
635 2459 920 2514 cavebunt.

579 2548 670 2601 46.
708 2547 980 2615 Expositis
1015 2548 1180 2617 igitur
1212 2555 1467 2615 quantum
1503 2547 1635 2599 satis
1666 2546 1757 2608 iis,
1804 2561 1920 2613 quae
1955 2545 2072 2614 pla-

509 2637 622 2691 cuit
656 2640 873 2706 exponl,
903 2641 1007 2705 iam
1041 2640 1104 2691 ad
1139 2639 1423 2691 consilium
1457 2639 1594 2705 quod
1626 2641 1956 2706 propositum
1990 2645 2073 2691 est

505 2731 905 2797 exsequendum
967 2741 1326 2794 transeamus,
1387 2739 1446 2782 ιιι
1497 2731 1867 2782 demonstrato
1928 2731 2071 2795 quod

507 2819 888 2872 constituimus
922 2821 987 2871 de
1029 2820 1322 2872 lia-resibus
1369 2829 1422 2872 et
1468 2829 1677 2880 coacto,
1728 2827 1787 2870 ut
1841 2818 2071 2886 singulis

507 2924 604 2963 sua
633 2910 948 2972 reddantur,
985 2911 1155 2964 nudos
1183 2909 1570 2962 ba'resiarcbas
1608 2909 1978 2970 ostendamus,
2019 2918 2074 2963 et

2173 1827 2442 1896 μαθόντας
2489 1827 2662 1898 ἀρχὰς
2717 1827 2951 1888 εὐκόλως
3008 1829 3334 1898 ἀνατρέπειν
3369 1829 3493 1891 τούς
3535 1827 3747 1897 πλανᾷν

2169 1918 2590 1988 τετολμηκότας,
2649 1918 2784 1970 ἀλλὰ
2827 1919 3045 1981 καὶτὰς
3096 1920 3203 1973 τῶν
3240 1919 3418 1988 σοφῶν
3445 1921 3744 1988 λεγομένας

2170 2010 2345 2075 δόξας,
2373 2006 2446 2062 ὧν
2482 2011 2581 2062 οὐκ
2612 2010 2826 2080 ἄπειροι
2859 2010 3157 2080 γενόμενοι,
3193 2010 3268 2081 [β.
3304 2009 3510 2081 80-82].
3545 2009 3657 2063 οὐθ’
3696 2011 3744 2044 ἰ

2173 2102 2262 2154 ὑπ’
2291 2101 2470 2152 αὐτῶν
2493 2100 2924 2170 ταραχθήσονται
2947 2101 3020 2164 ὼς
3049 2101 3301 2171 ἀμαθεῖς.
3325 2099 3438 2154 οὐθ’
3462 2101 3567 2154 ὑπό
3583 2118 3747 2154 τινων

2174 2187 2613 2258 πλανηθήσονται
2649 2188 2723 2250 ὡς
2756 2189 2982 2257 δυνάμει
3036 2189 3143 2241 τινὶ⁵
3190 2187 3462 2259 δρώντων,
3498 2188 3612 2242 ἀλλ’
3662 2188 3742 2243 ἔτι

2173 2279 2405 2343 καὶτοὺς
2431 2280 2817 2350 πλανωμένους
2845 2282 3286 2352 ἐπιτηρήσουσιν.

2247 2565 2362 2630 pg’.
2408 2559 2631 2622 ’ῐκανῶς
2679 2558 2772 2612 οἷν
2826 2557 2896 2610 τὰ
2949 2557 3176 2623 δόξαντα
3231 2558 3512 2628 ἐπιθέμενοι
3559 2558 3750 2612 λοιπὸν

2173 2651 2265 2702 ἐπὶ
2287 2651 2385 2719 τὴν
2408 2649 2503 2702 τοῦ
2549 2649 2911 2719 προκειμένου
2945 2649 3326 2718 πραγματείαν
3377 2649 3740 2719 χωρήσωμεν,

2173 2741 2320 2803 ὅπως
2347 2741 2374 2793 ὃ
2417 2741 2723 2810 τετάγμεθα
2761 2741 2886 2810 περὶ
2933 2740 3038 2792 τῶν
3087 2740 3348 2810 αἱρέσεων
3381 2740 3750 2805 ἐπιδείξαντες

2175 2831 2426 2894 ἑκάστοις
2446 2849 2504 2884 τε
2539 2831 2606 2884 τὰ
2637 2831 2746 2883 ἴδια
2774 2829 3063 2884 ἀποδοῦναι
3089 2832 3493 2900 ἀναγκάσαντες
3508 2831 3746 2901 γυμνοὺς

2173 2924 2298 2987 τοὺς
2331 2925 2688 2993 αἱρεσιάρχας
2725 2922 3130 2994 φανερὼσομεν.
3180 2924 3274 2976 καὶ
3303 2922 3616 2993 ἀφροσύνην
3635 2922 3748 2975 τῶν

513 2999 735 3054 inscitia
793 3000 1205 3067 obsequentium
1280 2999 1618 3053 manifestata
1681 3000 2070 3068 compellamus

2177 3013 2510 3082 πειθομένων
2540 3014 3015 3084 κατηγορήσαντες
3057 3013 3316 3082 πείσομεν
3367 3013 3755 3082 παλινδρομεῖν

508 3091 690 3145 redire
745 3091 811 3144 ad
861 3092 1106 3145 veritatis
1153 3107 1404 3145 serenum
1451 3101 1686 3160 portum.
1736 3091 1852 3155 Quo
1891 3101 2070 3145 autem

515 3177 792 3244 apertiora
819 3191 879 3232 ea
910 3192 1031 3246 qum
1047 3178 1274 3231 dicenda
1295 3187 1418 3229 sunt
1445 3176 1732 3230 leclmibtts
1760 3186 2074 3245 appareant,

511 3270 689 3339 placet
727 3272 894 3325 etiam
941 3287 1027 3335 ea,
1059 3287 1178 3340 qua:
1209 3273 1276 3325 ab
1317 3272 1483 3325 Arato
1527 3271 1800 3326 elaborata
1846 3283 1972 3326 sunt
2011 3275 2077 3328 de

512 3362 816 3415 ccclestium
861 3364 1100 3418 siderum
1144 3364 1405 3431 positura,
1459 3363 1509 3416 in
1543 3364 1776 3418 medium
1815 3364 2072 3430 proferre,

510 3454 940 3522 quandoquidem
998 3455 1215 3522 quidam
1263 3470 1382 3507 cum
1430 3454 1675 3506 doctrina
1717 3471 1890 3509 sacra:
1927 3453 2075 3508 Scri-

511 3550 680 3605 ptura:
713 3555 1093 3608 comparantes
1147 3541 1234 3592 illa
1281 3556 1503 3594 sensum
1545 3541 1866 3608 depravant,
1918 3544 2078 3596 sedu-

511 3644 638 3682 cere
663 3639 875 3681 mentes
913 3645 1098 3682 eorum
1129 3631 1218 3697 qui
1255 3645 1415 3683 aures
1451 3633 1688 3697 przebent
1718 3631 1921 3693 conati,
1957 3646 2076 3684 cum

514 3721 973 3789 persuasibilibns
1002 3723 1301 3776 rationibus
1333 3723 1571 3776 alliciunt
1615 3737 1708 3778 eos
1741 3723 1805 3776 ad
1835 3739 1955 3790 qua:
1990 3740 2078 3777 vo-

514 3813 654 3876 lunt,
715 3813 1014 3866 inauditum
1074 3813 1440 3882 spectaculum
1506 3822 1864 3879 ostentantes,
1927 3813 2078 3881 quasi

513 3904 650 3957 caelo
681 3903 856 3957 defixa
890 3903 998 3957 sint
1046 3918 1164 3971 quae
1211 3905 1470 3969 tradunt;
1524 3904 1611 3958 isti
1654 3912 1831 3958 autem
1884 3904 2078 3956 fixisin

514 3999 813 4052 inauditum
865 3997 1233 4066 spectaculum
1283 3997 1456 4051 oculis
1509 4011 1766 4049 vanorum
1821 3995 2080 4048 mirantes

513 4090 802 4156 capiuntur
833 4091 1004 4143 instar
1037 4092 1174 4153 avis,
1207 4105 1323 4158 quae
1353 4097 1576 4144 vocatur
1605 4090 1769 4151 bubo,
1812 4087 1969 4155 cujus
2002 4087 2076 4139 si-

515 4179 643 4232 mile
670 4181 920 4232 convenit
964 4181 1158 4234 aﬂ'erre
1205 4190 1423 4250 propter
1451 4195 1513 4233 ea
1560 4196 1680 4250 quae
1717 4179 1946 4234 instant.
1985 4177 2082 4232 Est

463 4291 474 4304 -
513 4279 694 4322 autem
722 4271 917 4324 animal
952 4273 1050 4326 boc
1083 4289 1185 4326 non
1223 4274 1448 4324 multum
1475 4270 1736 4325 dissimile
1767 4271 1958 4340 aquila:
1985 4284 2080 4324 ne-

2177 3102 2270 3154 ἐπὶ
2290 3102 2381 3154 τὸν
2406 3102 2504 3170 τῆς
2523 3101 2781 3172 ἀληθείας
2798 3103 2972 3155 εὔδιον
2991 3102 3206 3173 λιμένα.
3223 3103 3339 3156 Ἵνα
3360 3103 3416 3156 δὲ
3439 3103 3747 3173 σαφέστερα

2177 3194 2290 3253 τοῖς
2337 3192 2724 3260 ἐντυγχάνουσι
2770 3193 2838 3244 τὰ
2879 3193 3230 3263 ῥηθησόμενα
3259 3196 3400 3265 φανῇ
3426 3235 3440 3254 .
3473 3194 3621 3246 δοκεῖ
3652 3194 3752 3246 καὶ

2180 3281 2270 3353 [τά
2299 3280 2371 3354 ³³]
2404 3283 2482 3351 τῷ
2528 3283 2740 3353 Ἀράτῳ
2804 3285 3242 3354 πεφροντισμένα
3289 3284 3416 3354 περὶ
3459 3284 3561 3352 τῆς
3608 3283 3748 3337 κατὰ

2177 3376 2285 3429 τῶν
2322 3377 2587 3447 οὐρανίων
2619 3376 2830 3444 ἄστρων
2869 3375 3158 3439 διαθέσεως
3205 3377 3457 3442 ἐξειπεῖν,
3497 3375 3572 3438 ὥς
3603 3392 3755 3437 τινες

2180 3469 2259 3529 είς
2309 3467 2376 3518 τὰ
2425 3467 2527 3518 ὐπὸ
2576 3467 2683 3518 τῶν
2733 3467 2961 3534 Γραφῶν
3001 3468 3264 3536 εἰρημένα
3315 3465 3755 3531 ἀπεικονίζοντες

2179 3558 2320 3612 αὐτὰ
2345 3556 2723 3628 ἀλληγοροῦσι,
2785 3559 3039 3627 μετάγειν
3086 3559 3130 3590 ⁸³
3165 3560 3255 3610 τὸν
3280 3557 3404 3612 νοῦν
3443 3558 3549 3610 τῶν
3581 3573 3750 3627 προσ-

2181 3650 2411 3718 εχόντων
2445 3650 2796 3718 πειρώμενοι,
2856 3650 3099 3714 πιθανοῖς
3149 3651 3325 3718 λόγοις
3385 3651 3750 3719 προσάγοντες

2181 3741 2376 3803 αὐτοὺς
2407 3740 2541 3809 πρὸς
2570 3739 2605 3793 ἃ
2638 3740 2937 3809 βούλονται,
2974 3740 3120 3805 ξένον
3146 3741 3330 3809 θαῦμα
3351 3740 3748 3810 ἐνδεικνύμενοι

2180 3831 2255 3892 ὡς
2302 3831 2817 3901 κατηστερισμένων
2867 3831 2974 3883 τῶν
3013 3832 3104 3883 ὐπ’
3136 3833 3316 3884 αὐτῶν
3346 3830 3673 3900 λεγομένων,
3696 3830 3744 3882 οἳ

2181 3921 2257 3989 τῷ
2292 3921 2582 3991 παραξένῳ
2644 3920 2884 3989 θαύματι
2932 3922 3222 3990 ἐνορῶντες
3281 3919 3756 3991 μικροθαύμαστοι,

2181 4010 2489 4063 ἁλίσκονται
2533 4010 2688 4079 δίκην
2735 4010 2920 4073 ὀρνέου
2980 4010 3073 4062 τοῦ
3121 4010 3412 4079 λεγομένου
3457 4009 3637 4072 ὥτου,
3689 4000 3762 4060 οὗ.

2181 4102 2240 4155 τὸ
2267 4100 2614 4171 παράδειγμα
2642 4099 2803 4153 καλὸν
2829 4102 3064 4166 ἐξειπεῖν
3084 4100 3171 4153 διὰ
3191 4101 3256 4152 τὰ
3284 4099 3565 4168 μέλλοντα.
3597 4098 3751 4150 Ἐστι

2180 4190 2236 4242 δέ
2271 4191 2330 4242 τὸ
2359 4188 2496 4252 ζῶον
2531 4190 2591 4241 οὐ
2618 4188 2751 4241 πολὺ
2803 4187 3141 4258 άπεμφαῖνον
3169 4186 3327 4240 ἀετοῦ
3363 4185 3487 4240 οὔτε
3532 4185 3752 4254 μεγέθει

2181 4279 2304 4333 οὐτε
2375 4282 2552 4351 μορφῇ
2583 4297 2596 4310 ·
2649 4280 2928 4332 ἁλίσκεται
2988 4278 3044 4330 δέ
3088 4278 3276 4331 τοῦτον
3301 4279 3388 4330 τὸν
3428 4278 3656 4347 τρόπον·-
3693 4275 3759 4328 Ὁ

513 4380 619 4434 que
665 4365 1031 4433 magnitudine
1084 4379 1259 4430 neque
1308 4365 1498 4432 ligura,
1539 4366 1750 4433 capitur
1791 4375 1970 4419 autem
2024 4364 2071 4417 in

2186 4371 2457 4440 ἀγρευτὴς
2490 4372 2534 4402 ⁵³
2563 4371 2671 4422 τῶν
2694 4369 2919 4440 ὀρνίθων
2952 4369 3087 4422 ἐπὰν
3122 4370 3203 4438 ἴδη
3233 4368 3434 4438 ἀγέλην
3461 4385 3562 4421 που
3588 4384 3755 4419 κατα-

515 4457 658 4510 hunc
695 4461 908 4509 modum
940 4455 1190 4525 :Auceps
1238 4472 1359 4510 cum
1407 4457 1540 4508 vidit
1577 4467 1845 4509 catervam
1899 4455 2079 4525 aliquo

515 4547 566 4599 in
602 4546 720 4600 loco
751 4547 1188 4611 desidentem,ex
1223 4546 1514 4616 longinquo
1549 4548 1864 4599 concutiens
1888 4560 2080 4600 manus

513 4639 714 4692 Sztllare
747 4654 805 4693 se
838 4639 1055 4692 simulat
1084 4649 1138 4692 et
1180 4641 1230 4691 iu
1273 4641 1417 4690 hunc
1458 4638 1670 4690 modum
1705 4638 1958 4706 paulatim
1993 4653 2082 4707 ap-

516 4731 842 4798 propinquat
893 4731 1105 4793 avibus,
1138 4730 1244 4783 illae
1288 4739 1467 4783 autem
1512 4727 1902 4797 obstupefacta
1932 4729 2083 4782 novi-

518 4831 630 4875 tate
656 4822 950 4890 spectaculi
990 4821 1056 4875 ad
1091 4821 1271 4875 omnia
1303 4822 1618 4874 caecutiuut.
1657 4821 1761 4874 Alii
1792 4831 1972 4874 autem
2016 4836 2080 4875 ex

519 4913 604 4977 iis,
629 4913 718 4981 qni
752 4913 816 4966 ad
849 4923 1128 4981 capturam
1177 4915 1350 4982 parati
1383 4923 1530 4976 sunt,
1569 4927 1598 4964 a
1636 4922 1789 4981 tergo
1833 4926 2089 4980 superve-

519 5006 728 5058 nientes
778 5019 905 5059 aves
955 5005 1100 5059 nullo
1165 5005 1383 5071 negotio
1428 5005 1914 5072 comprehendunt,
1964 5019 2084 5058 cum

520 5095 954 5162 contemplantur
1009 5095 1344 5149 saltatorem.
1391 5093 1730 5163 Quapropter
1778 5109 1989 5163 precor,
2022 5108 2088 5148 ne

515 5185 643 5256 quis
670 5185 933 5240 sitnilibus
965 5187 1290 5256 spectaculis
1331 5184 1738 5255 obstupefactus
1773 5184 1967 5239 caalum
2007 5183 2086 5237 in-

2189 4461 2400 4512 πτᾶσαν
2428 4460 2495 4518 ⁸⁵,
2530 4460 2812 4528 πόρρωθεν
2844 4459 3277 4529 ἀνακρουόμενος
3316 4459 3410 4520 τὰς
3439 4458 3624 4527 χεῖρας
3660 4457 3753 4525 ὀρ.-

2188 4549 2400 4619 χεῖσθαι
2429 4550 2751 4617 σκήπτεται,
2794 4550 2885 4601 καὶ
2943 4549 3084 4600 οὓτω
3124 4548 3257 4619 πρὸς
3319 4547 3502 4615 ὀλίγον.
3548 4546 3756 4613 ἐγγίζει

2189 4641 2298 4702 τοῖς
2321 4639 2526 4710 ὄρνισιν
2552 4653 2564 4666 ·
2605 4640 2653 4690 οί
2682 4639 2736 4690 δὲ
2769 4639 2866 4708 τὴν
2899 4639 3195 4709 παράξενον
3240 4640 3366 4692 θέαν
3401 4638 3753 4706 καταπεπλην

2192 4731 2347 4797 γότες
2378 4729 2764 4799 ἁπερίϐλεπτοι
2805 4730 3024 4782 πάντων
3048 4730 3304 4798 γίνονται.
3329 4728 3620 4798 Ἕτεροιδὲ
3648 4728 3761 4780 τῶν

2189 4821 2283 4873 ἐπὶ
2322 4821 2418 4891 τὴν
2444 4822 2617 4891 ἄγραν
2649 4821 3178 4890 παρεσκευασμένων
3195 4819 3415 4871 ὄπισθεν
3441 4818 3756 4880 ἐπελθόντες

2187 4913 2314 4975 τούς
2348 4912 2526 4981 ὄρνεις
2569 4912 2804 4976 εὐκόλως
2828 4910 3291 4981 συλλαμϐάνονται
3335 4909 3642 4978 θεωμένους
3667 4909 3756 4962 τὸν

2193 5001 2488 5072 ὀρχηστήν.
2533 5000 2624 5053 Διὸ
2676 5000 2811 5064 ἀξιῶ
2866 5003 2938 5070 μή
2978 5017 3064 5062 τις
3121 5003 3234 5062 τοῖς
3269 5000 3472 5068 ὁμοίοις
3515 4999 3756 5067 θαύμασι

2191 5091 2561 5160 καταπλαγεὶς
2619 5090 2996 5162 ἐξηγουμένων
3057 5091 3101 5122 ³⁸
3165 5092 3255 5143 τὸν
3315 5091 3542 5161 οὐρανὸν
3601 5091 3766 5158 δίκην

2190 5181 2330 5236 ῶτου
2383 5181 2659 5253 συλληφθῇ
2696 5197 2713 5215 ο
2798 5183 3023 5252 ὄρχησις
3100 5181 3144 5213 ⁸⁷
3211 5181 3319 5251 γὰρ
3376 5182 3469 5234 καὶ
3519 5181 3680 5250 λῆρος
3723 5181 3768 5250 ἡ.

1795 5341 2030 5397 VARIIE
2072 5339 2362 5396 LECTION
2371 5341 2472 5395 ES.

626 5438 669 5469 ⁸⁸
693 5439 935 5503 δοξάζειν
965 5439 1027 5503 C,
1067 5442 1135 5496 Ν.
1237 5443 1281 5474 δ’
1306 5441 1405 5495 ἔτι.
1447 5441 1567 5494 ἐπεὶ
1603 5441 1673 5499 (Ζ,
1716 5439 1782 5493 Μ.

1853 5441 1898 5472 ³ο
1924 5438 2115 5493 ταῦτα.
2145 5438 2213 5491 τὰ
2241 5438 2375 5491 αὐτὰ
2400 5437 2444 5493 ‘C
2465 5478 2478 5500 ,
2516 5437 2587 5494 M.
2611 5439 2654 5470 ⁵¹
2688 5437 2797 5491 οὐδ’
2827 5469 2893 5484 ρ-
2925 5437 3034 5490 οὐδ’
3070 5435 3110 5490 C
3130 5479 3145 5503 ,
3189 5435 3256 5490 Μ.

3353 5437 3396 5468 ⁸⁴¹
3424 5435 3490 5487 τὰ
3525 5434 3646 5486 add.
3687 5432 3765 5487 M.

529 5511 583 5580 "7
611 5511 885 5577 μετάγειν.
939 5511 1078 5578 μετὰ
1106 5512 1172 5570 (1.
1211 5513 1426 5580 ἀπατᾷ-ι
1457 5528 1499 5564 s.
1549 5513 1755 5580 πλανᾷν
1795 5526 1941 5577 susp.
1977 5509 2048 5567 Μ.
2123 5509 2168 5540 ’δ
2198 5509 2269 5563 De
2306 5510 2404 5562 hac
2442 5520 2663 5578 captura
2691 5509 2764 5564 cf.
2801 5509 2994 5564 Alhen.
3030 5506 3118 5575 IX,
3150 5522 3203 5577 p.
3238 5506 3342 5562 390
3371 5507 3431 5573 ι),
3469 5504 3589 5560 Μ.⁸³
3621 5503 3762 5558 κατᾶ

1114 5579 1135 5598 ρ

528 5579 704 5630 πᾶσαν
742 5595 824 5648 pr.
871 5582 933 5636 (ὲ.
1008 5581 1053 5611 ⁵⁸
1082 5579 1440 5651 ἐξηγούμενον
1468 5582 1529 5635 (ὲ.
1603 5582 1645 5612 ’ν
1671 5579 1900 5650 ὀρχησία
1937 5581 2000 5634 C.
