4144 6328
465 362 533 427 ’31
547 363 606 425 17
1949 355 2101 414 ORIt

2103 354 2313 416 }ENIS
3585 348 3739 422 3H8

473 477 530 530 δέ
563 478 711 528 ἐστιν
744 471 952 541 ἀσαφὲς
982 471 1125 526 κατά
1150 470 1329 536 τοῦτο,
1360 468 1426 522 δι’
1457 468 1620 538 ἄλλης
1651 465 1880 528 εἰκόνος,
1918 469 2107 534 φησὶν,
2153 468 2378 538 ἠκτίσις
2408 467 2649 520 διδάσκει
2689 465 3019 537 φιλοσοφεῖν,
3056 466 3182 538 περὶ
3219 459 3286 539 ἧς
3323 467 3351 520 ὁ
3379 467 3616 540 ’Ἄρατος
3646 471 3736 523 εἴ..

477 585 642 640 ρηκεν
666 565 863 628 οὕτως·

588 681 768 750 Neque
793 680 955 749 igitur
981 675 1169 744 Cephei
1191 687 1351 744 genus
1377 684 1730 728 wrumnosum
1753 668 1970 722 Iasida'.
2081 657 2123 709 Α

2081 657 2123 709 Α
2225 673 2364 726 Οὐδ’
2393 672 2502 739 ἄρα
2544 671 2790 742 Κηδλῆος
2813 674 3065 742 perspe?
3093 672 3263 741 γένος
3301 664 3564 729 Ἰασίδαο
3587 673 3631 728 ⁸.

550 797 640 851 49.
672 794 941 862 Cepheus,
973 789 1171 858 inquit,
1218 788 1288 841 ibi
1339 801 1506 855 prope
1554 787 1708 840 abest
1753 793 1803 836 et
1841 783 2051 836 Cassie-

2229 780 2335 850 μθ¹.
2375 780 2434 832 ὐ
2468 782 2711 850 Κηφεὺς,
2744 782 2926 850 φησιν,
2959 780 3122 833 αὑτοῦ
3161 783 3275 834 ἐστι
3303 781 3529 852 πλησίον
3565 785 3660 836 καὶ
3693 787 3724 855 η

477 903 578 956 pea
606 895 659 940 et
689 882 1028 938 Andromeda
1061 890 1115 932 et
1143 880 1393 944 Perseus,
1431 894 1623 944 magna
1650 885 1914 930 creatura:
1945 875 2052 928 ele-

2153 872 2492 924 Κασσιέπεια
2522 873 2542 904 ⁹
2572 874 2664 924 καὶ
2699 873 3020 942 Ἀνδρομέδα
3049 874 3141 925 καὶ
3174 875 3202 925 ό
3231 874 3493 944 Περσεὺς,
3521 875 3727 943 μεγάλα

480 989 660 1032 menta
714 977 779 1029 iis
808 975 898 1041 qui
946 986 1170 1026 cernere
1209 979 1454 1040 possunt.
1497 968 1769 1036 Cepheum
1800 967 1943 1020 enim
1980 968 2053 1019 ait

2155 963 2252 1031 τῆς
2285 963 2296 1034 Ι
2329 963 2557 1025 κτίσεως
2580 964 2883 1034 γράμματα
2905 966 3014 1026 τοῖς
3033 963 3155 1015 ἰδεῖν
3181 964 3511 1034 δυναμένοις.
3534 967 3727 1035 Κηφέα

479 1083 601 1122 esse
640 1067 830 1121 Adam.
864 1063 1210 1130 Cassiepeam
1241 1060 1433 1122 Evam,
1475 1059 1876 1111 Andromedam
1927 1057 2054 1108 utri-

2153 1055 2261 1123 γάρ
2293 1071 2456 1124 φησιν
2475 1051 2608 1107 εἶναι
2631 1055 2722 1106 τὸν
2749 1054 2939 1124 Ἀδὰμ,
2969 1055 3066 1124 τὴν
3093 1055 3462 1108 Κασσιέπειαν
3489 1056 3531 1086 ⁸⁸
3565 1055 3725 1123 Εὔαν,

479 1171 651 1225 usque
687 1155 880 1208 horum
913 1152 1170 1213 animam,
1227 1142 1482 1202 Perseum
1513 1147 1713 1217 logum,
1740 1147 1933 1198 alutam
1961 1144 2054 1199 Jo-

2152 1142 2250 1211 τὴν
2286 1143 2640 1214 Ἀνδρομέδαν
2664 1144 3110 1213 τὴνηάμςροτέρων
3132 1143 3173 1175 ³⁸
3191 1145 3394 1197 τούτων
3414 1145 3613 1216 ψυχὴν,
3643 1149 3728 1200 τὸν

477 1249 563 1302 vis
614 1247 840 1315 prolem,
889 1241 1082 1297 Cetqu
1123 1241 1465 1295 insidiantem
1503 1238 1757 1292 lielluam.
1807 1238 1920 1290 Non
1977 1236 2043 1289 ad

2155 1235 2370 1305 Περσέα
2394 1235 2584 1302 Λόγον,
2605 1237 2882 1303 πτερωτὸν
2905 1235 3024 1298 Διὸς
3048 1237 3287 1303 ἔγγονον,
3317 1239 3376 1289 τὸ
3399 1239 3577 1306 Κῆτος
3604 1241 3647 1270 ¹²
3672 1243 3728 1293 τὸ

482 1339 650 1392 alium
687 1335 996 1404 quempiam
1030 1333 1248 1396 horum,
1281 1332 1374 1385 sed
1422 1331 1489 1384 ad
1537 1329 1704 1382 solam
1754 1324 2056 1382 Androme-

2156 1327 2441 1381 ἐπίϐουλον
2465 1328 2670 1398 θηρίον.
2696 1330 2807 1381 Ούκ
2835 1329 2918 1381 ἐπ’
2949 1328 3106 1382 ἄλλον
3130 1329 3250 1382 τινὰ
3281 1328 3483 1383 τούτων
3524 1332 3587 1394 ¹³,
3616 1332 3726 1384 ἀλλ’

481 1430 606 1483 dam
641 1427 787 1481 vadit
822 1425 912 1494 qui
946 1423 1221 1478 interfecit
1251 1421 1507 1485 belluam,
1540 1435 1570 1472 a
1605 1435 1712 1488 qua
1744 1429 1798 1473 et
1837 1420 2054 1473 Andro-

2157 1417 2251 1469 ἐπὶ
2289 1417 2457 1488 μόνην
2489 1419 2587 1489 τὴν
2629 1419 2983 1488 Ἀνδρομέδαν
3014 1418 3231 1490 ἔρχεται
3255 1423 3283 1473 ὁ
3309 1421 3636 1485 ἀποκτείνας
3668 1424 3728 1475 τὸ

483 1517 697 1571 medam
735 1514 835 1568 sibi
863 1512 1169 1574 vindicans,
1201 1526 1320 1579 quae
1366 1510 1612 1578 exposita
1657 1518 1776 1564 erat
1824 1510 2053 1564 vinculis

2157 1508 2364 1579 Θηρίον,
2394 1505 2456 1562 οὗ
2491 1511 2587 1563 καὶ
2615 1510 2713 1580 τὴν
2755 1509 3112 1581 Ἀνδρομέδαν
3152 1511 3286 1581 πρὸς
3326 1513 3518 1564 ἑαυτὸν
3548 1510 3727 1564 λαϐὼν

486 1606 786 1662 constricta
832 1602 1048 1666 bellum,
1107 1603 1281 1670 logus,
1319 1601 1513 1669 inquit,
1551 1601 1652 1653 hoc
1687 1608 1768 1653 est
1801 1592 2053 1663 Perseus,

2158 1601 2374 1653 ἔκδοτον
2403 1601 2694 1672 δεδεμένην
2724 1601 2800 1670 τῷ
2831 1601 3008 1672 θηρίῳ
3037 1603 3064 1653 ὁ
3092 1601 3284 1668 Λόγος,
3323 1602 3507 1670 φησὶν,
3533 1605 3560 1654 ό
3591 1604 3727 1674 Περ-

485 1697 696 1752 Iiberat.
740 1695 970 1749 Perseus
1005 1703 1184 1748 autem
1232 1700 1316 1746 est
1351 1702 1580 1761 pennata
1618 1691 1736 1744 axis
1767 1700 2058 1758 penetrans

2160 1693 2285 1754 σεὺς
2316 1692 2525 1763 ῥύεται.
2565 1693 2807 1762 Περσεὺς
2843 1693 2900 1745 δέ
2948 1694 3096 1744 ἐστιν
3125 1695 3152 1745 ὁ
3185 1693 3486 1763 ὑπόπτερος
3510 1693 3669 1759 ἄξων,
3703 1696 3732 1746 6

485 1799 776 1855 utrumque
823 1785 1000 1853 polum
1052 1798 1148 1854 per
1191 1782 1425 1836 mediam
1475 1792 1675 1836 terram
1708 1789 1760 1834 et
1797 1790 2058 1849 torquens

2159 1783 2432 1853 περαίνων
2463 1785 2754 1852 ἑκατέρους
2784 1785 2906 1849 τοὺς
2932 1783 3131 1844 πόλους
3165 1782 3251 1834 διὰ
3283 1783 3455 1853 μέσης
3487 1783 3589 1852 τῆς
3626 1783 3729 1853 γῆς

486 1877 772 1930 mundum.
800 1875 898 1929 Est
929 1884 1107 1927 autem
1141 1873 1304 1927 etiam
1336 1871 1564 1940 spiritus
1587 1871 1678 1938 qui
1714 1879 1798 1926 est
1832 1873 1883 1924 in
1911 1886 2058 1922 umn-

2159 1877 2251 1928 καὶ
2285 1873 2530 1945 στρέφων
2556 1874 2647 1927 τὸν
2679 1874 2900 1944 κόσμον.
2933 1873 3092 1926 Ἔστι
3117 1873 3172 1926 δὲ
3196 1874 3290 1926 καὶ
3324 1874 3384 1926 τὸ
3419 1873 3632 1943 πνεῦμα
3666 1874 3724 1926 τὸ

486 1969 558 2022 do
593 1967 710 2021 avis
757 1965 972 2036 Cygnus
1004 1966 1147 2017 circa
1182 1961 1372 2025 Ursas,
1401 1963 1662 2016 musicum
1713 1961 1932 2023 animal,
1975 1961 2056 2013 di-
2090 2011 2122 2068 Η

2090 2011 2128 2068 Β
2161 1966 2218 2018 ὲν
2247 1964 2324 2035 τῷ
2351 1967 2540 2035 κόσμῳ
2559 1968 2586 2017 ό
2608 1965 2754 2035 ὅρνις
2785 1967 2813 2017 ό
2839 1965 3049 2028 Κύκνος
3077 1965 3120 1995 ίδ
3149 1963 3298 2034 παρά
3321 1964 3418 2026 τὰς
3440 1965 3726 2034 Ἀρκτους,

485 2059 600 2112 vini
641 2058 817 2123 imago
867 2055 1126 2124 Spiritus,
1170 2053 1296 2121 quia
1359 2052 1413 2106 in
1472 2053 1600 2120 ipsis
1646 2051 1758 2121 jam
1813 2051 2056 2104 terminis
2090 2051 2121 2068 ¹⁴

2091 2051 2128 2068 υ
2160 2057 2468 2131 [μουσι]κὸν
2502 2057 2662 2122 ζῶον,
2696 2057 2790 2112 τοῦ
2817 2058 2956 2112 θείου
2986 2057 3251 2127 σύμϐολον
3278 2057 3620 2126 Πνεύματος”
3649 2059 3727 2111 ὅτι

487 2147 846 2202 constitutum
881 2146 1002 2198 vita:
1039 2152 1246 2198 tantum
1279 2155 1478 2196 canere
1513 2142 1700 2212 incipit
1745 2157 1867 2195 cum
1917 2141 2056 2195 bona

2159 2151 2295 2222 πρὸς
2323 2151 2505 2212 αὐτοῖς
2531 2149 2632 2220 ἠδη
2671 2152 2780 2212 τοῖς
2813 2149 3048 2220 τέρμασι
3079 2149 3122 2180 ⁸⁸
3153 2148 3447 2217 γενόμενον
3475 2147 3568 2201 τοῦ
3615 2147 3727 2218 βίον

487 2249 585 2306 spc
614 2233 899 2290 discedens
926 2249 955 2287 a
977 2247 1141 2303 prava
1173 2241 1452 2294 creatura,
1478 2230 1899 2300 hymnos'edens
1926 2231 2054 2284 Deo.

2162 2242 2321 2312 μόνον
2350 2241 2495 2313 ᾅδειν
2533 2239 2765 2308 πέφυκε,
2815 2240 2953 2310 μετά
2995 2239 3208 2310 ἀγαθῆς
3239 2239 3454 2303 ἐλπίδος
3481 2239 3580 2310 τῆς
3610 2239 3722 2292 κτί⁴

486 2327 681 2382 Cancri
709 2335 890 2379 autem
924 2333 981 2378 et
1007 2323 1148 2378 tauri
1181 2333 1236 2377 et
1271 2321 1458 2378 leones
1489 2335 1543 2378 et
1568 2322 1772 2378 arietes
1801 2332 1857 2378 et
1883 2337 2059 2392 capra:

2161 2349 2300 2397 σεως
2358 2337 2456 2404 τῆς
2502 2333 2746 2404 πονηρᾶς
2798 2331 3280 2402 ἀπαλλασσόμενον
3335 2330 3541 2402 ὕμνους
3591 2332 3723 2385 ἀναι

486 2428 543 2473 et
573 2417 705 2471 haedi
732 2426 789 2471 et
813 2423 1079 2484 quotquot
1101 2414 1206 2468 alia
1232 2413 1492 2468 animalia
1543 2428 1640 2484 per
1682 2422 1834 2468 astra
1887 2413 2060 2468 nomi-

2161 2425 2378 2495 πέμπον
2407 2425 2450 2455 ¹⁶
2480 2423 2558 2492 τῷ
2591 2421 2730 2493 Θεῷ.
2762 2424 3026 2495 Καρκίνοι
3045 2423 3101 2476 δὲ
3131 2425 3226 2476 καὶ
3253 2423 3441 2496 ταῦροι
3473 2426 3566 2480 καὶ
3587 2424 3731 2478 λέον-

489 2517 691 2561 uantur
725 2507 776 2560 in
807 2506 969 2570 eoslo,
997 2505 1262 2574 imagines
1306 2504 1522 2558 scilicet
1568 2512 1714 2568 sunt,
1760 2503 1958 2573 inquit,
2004 2512 2060 2557 et

2159 2531 2250 2578 τες
2287 2515 2382 2568 καὶ
2437 2514 2582 2585 κριοὶ
2626 2515 2722 2567 καὶ
2763 2510 2916 2583 αἶγες
2965 2515 3058 2567 καὶ
3087 2515 3288 2587 ἔριφοι,
3326 2517 3419 2570 καὶ
3455 2517 3556 2571 ὅσα
3598 2516 3730 2571 ἄλλα

486 2597 760 2666 exempla,
794 2596 934 2650 unde
963 2595 1244 2650 mutabilis
1266 2603 1518 2649 creatura
1547 2606 1707 2649 nacta
1739 2595 1958 2664 species
1988 2604 2062 2650 ta-

2161 2608 2325 2678 θηρία
2351 2607 2439 2660 διά
2463 2607 2570 2660 τῶν
2596 2606 2810 2677 ἄστρων
2838 2607 3164 2676 ὀνομάζεται
3194 2609 3334 2662 κατά
3362 2609 3452 2662 τὸν
3479 2609 3727 2679 οὐρανὸν.

490 2688 632 2744 libus
659 2686 982 2742 animalibus
1009 2686 1284 2757 impletur.
2162 2701 2369 2764 εἰκόνες
2409 2701 2475 2772 δὴ
2511 2702 2576 2766 ⁸⁷,
2613 2701 2797 2772 φησιν,
2847 2700 2955 2752 sint
3001 2699 3095 2752 καὶ
3136 2701 3584 2770 παραδείγματα,
3635 2701 3730 2768 ἀφ’

2160 2785 2235 2844 ὧν
2269 2794 2302 2862 ἡ
2332 2791 2641 2863 μεταϐλητὴ
2667 2791 2840 2855 κτίσις
2866 2790 3220 2862 λαμϐάνουσα
3255 2791 3353 2854 τάς
3389 2791 3531 2855 ἰδέας
3555 2790 3729 2844 τοιούεἱ

2161 2899 2267 2934 των
2299 2883 2452 2945 ζώων
2477 2883 2684 2951 γίνεται
2715 2883 2948 2953 πλήρης.

566 2999 762 3072 124-
787 2997 944 3070 125
982 2998 1071 3054 50.
1109 2998 1205 3053 [iis
1257 2998 1339 3053 usi
1390 2999 1732 3053 sermonibus
1770 2998 2064 3067 opinantur

2233 2994 2296 3048 ν’.
2332 2994 2408 3066 [ρ.
2439 2995 2671 3066 87-ι-89]
2701 2993 2921 3057 Τούτοις
2949 2994 3219 3065 χρώμενοι
3245 2998 3355 3060 τοῖς
3383 2989 3564 3064 λόγοις
3588 2997 3730 3050 ἀπα-

491 3094 690 3148 multos
730 3093 1008 3159 decipere,
1038 3097 1302 3159 quotquot
1333 3089 1614 3157 operosius
1648 3087 1933 3156 astrologis
1970 3101 2064 3139 sn-

2162 3089 2264 3156 τᾷν
2312 3087 2591 3153 νομίζουσι
2642 3087 2887 3150 πολλοὺς,
2923 3088 3038 3140 ὅσοι
3085 3088 3507 3158 περιεργότερον
3537 3088 3579 3120 ¹⁸
3621 3091 3732 3150 τοῖς

492 3199 604 3238 rem
631 3184 892 3252 praebent,
918 3181 1042 3234 hinc
1068 3181 1225 3233 [idem
1251 3179 1343 3232 Dei
1374 3181 1702 3233 continuare
1725 3180 1919 3237 atntisi,
1945 3191 2064 3244 quae

2165 3176 2515 3247 ἀστρολόγοις
2562 3177 2936 3246 προσέχουσιν,
2988 3176 3238 3228 ἐντεῦθεν
3281 3179 3376 3245 τὴν
3426 3177 3732 3230 θεοσέϐειαν

491 3276 707 3345 quidem
736 3277 891 3341 longe
919 3272 1128 3326 abludit
1150 3258 1227 3325 ab
1258 3271 1448 3324 horum
1477 3270 1896 3338 Opinationibns.
1923 3267 2062 3334 Qua-

2167 3268 2422 3336 συνιστᾷν
2479 3266 2806 3336 πειρώμενοι
2864 3265 3081 3336 μακρὰν
3130 3266 3582 3336 ἁπεμφαίνουσαν
3633 3268 3731 3336 τῆς

491 3377 736 3436 propter,
755 3364 957 3428 dilecti,
988 3363 1253 3432 fugiamus
1273 3361 1416 3413 illam
1437 3376 1693 3414 vanorum
1721 3361 2061 3413 mirationem
2090 3350 2127 3405 C

2095 3350 2131 3405 C
2163 3358 2368 3410 τούτων
2401 3358 2738 3428 ὑπολήψεως.
2768 3357 2887 3420 Διὸ,
2917 3359 3209 3426 ἀγαπητοὶ,
3242 3359 3503 3426 φύγωμεν
3549 3360 3608 3411 τὸ
3644 3374 3731 3428 μιε-

492 3458 607 3511 avis
632 3455 900 3519 bubonis;
927 3455 1039 3506 haec
1067 3453 1210 3504 enim
1235 3461 1287 3503 et
1307 3451 1675 3516 hujuscemodi
1712 3450 1813 3501 alia
1847 3449 2062 3501 saltatio

2166 3447 2580 3516 κροθαύμαστον
2607 3447 2699 3498 τοῦ
2729 3446 2936 3514 ὄρνιθος
2965 3446 3056 3498 τοῦ
3091 3444 3230 3499 ὥτου
3249 3461 3261 3474 ·
3303 3447 3477 3500 ταῦτα
3502 3449 3608 3517 γὰρ
3641 3451 3733 3500 καὶ

491 3557 617 3600 sunt
651 3556 706 3598 et
737 3560 841 3598 non
871 3544 1090 3596 veritas.
1133 3542 1344 3595 Etenim
1377 3541 1520 3592 nullo
1558 3549 1714 3608 pacto
1755 3539 1922 3592 stella:
1953 3540 2065 3592 haec

2163 3539 2232 3591 τὰ
2275 3539 2449 3591 τοιάδε
2487 3539 2721 3608 ὄρχησίς
2762 3541 2876 3590 ἐστι
2925 3539 3018 3590 καὶ
3063 3539 3162 3590 οὐκ
3205 3538 3450 3609 ἀλήθεια.
3481 3540 3642 3592 Οὐδὲν
3690 3539 3732 3570 ¹⁹

491 3634 822 3696 ostendunt,
882 3631 974 3684 sed
1021 3631 1087 3683 de
1121 3645 1218 3683 suo
1267 3630 1514 3682 homines
1553 3629 1618 3680 ad
1674 3630 2062 3682 accuratiorem

2164 3630 2271 3698 γὰρ
2296 3630 2469 3698 ἄστρα
2494 3629 2665 3680 ταῦτα
2687 3628 2854 3698 δηλοῖ,
2888 3628 3025 3680 ἀλλὰ
3054 3628 3196 3692 ίδίως
3220 3631 3268 3681 οἱ
3298 3631 3572 3698 ἄνθρωποι
3600 3629 3733 3699 πρὸς

492 3721 847 3792 quarumdam
868 3719 1144 3773 stellarum
1167 3718 1581 3788 appellationem
1607 3721 1821 3772 nomina
1849 3723 1898 3772 in
1928 3720 2066 3774 hunc

2165 3721 2564 3791 ὲπισημείωσίν
2597 3737 2755 3772 τινων
2790 3721 3002 3790 ἄστρων
3026 3720 3261 3790 ὀνόματα
3287 3720 3458 3782 οὕτως
3482 3721 3735 3773 ἐπεκάλε-

494 3814 714 3868 modum
751 3819 1211 3880 composuerunt,
1252 3824 1358 3878 quo
1409 3811 1672 3864 notabiles
1707 3811 1807 3864 sibi
1853 3811 2062 3865 tierent.

2167 3828 2286 3878 σαν,
2346 3812 2432 3864 ἵνα
2476 3814 2657 3874 αὐτοῖς
2701 3812 2949 3881 ἐπίσημα
3002 3813 3047 3844 ⁸⁸
3192 3813 3256 3864 Τί
3291 3813 3398 3882 γὰρ
3437 3812 3661 3880 ἄρκτου,
3697 3813 3729 3881 ἢ

494 3905 633 3973 Quid
666 3905 808 3958 enim
848 3917 988 3957 ιιι-ξω
1017 3911 1108 3954 ant
1139 3900 1310 3956 leonis
1347 3910 1440 3955 aut
1476 3901 1748 3954 hmdorum
1784 3911 1874 3955 aut
1899 3917 2066 3971 aqua-

2165 3901 2394 3964 λέοντος,
2424 3901 2456 3971 ἦ
2487 3900 2764 3970 ἐρίφων,ἧ
2795 3901 3068 3970 ὑδροχόον.
3097 3902 3130 3971 ἦ
3165 3903 3420 3970 Κηφέως,
3452 3901 3483 3970 ἢ
3530 3901 3734 3968 Ἀνδρο-

493 3994 560 4048 rii
593 4003 682 4046 aut
705 3991 904 4060 Cephei
939 3999 1028 4044 aut
1054 3992 1410 4044 Andromedm
1445 4000 1534 4043 aut
1561 4001 1916 4058 spectrornm,
1949 4008 2066 4059 qum

2169 3993 2402 4064 μέδας,ἢ
2429 3993 2535 4044 τῶν
2567 3995 2623 4044 ὲν
2649 3992 2833 4063 ”ᾼιδου
2863 3992 3276 4062 ὀνομαζομένων
3299 3991 3527 4044 εἰδώλων
3555 3993 3733 4060 ὅμοιον

495 4083 838 4136 celebrantur
873 4082 926 4133 in
963 4079 1133 4146 Oreo,
1175 4080 1350 4134 simile
1388 4080 1586 4134 habent
1611 4080 1779 4133 stella:
1810 4081 2066 4149 disnersae

2165 4083 2379 4152 ἔχουσιν
2423 4083 2650 4152 ἀστέρες
2713 4082 3100 4153 διεσπαρμένοι
3154 4081 3296 4134 κατὰ
3339 4082 3430 4133 τὸν
3483 4081 3730 4151 οὐρανὸν,

497 4189 595 4243 per
621 4174 818 4227 coelum
849 4211 864 4236 ,
912 4187 1032 4227 cum
1083 4171 1250 4226 multo
1281 4181 1401 4241 post
1430 4172 1537 4224 nati
1575 4172 1682 4225 sint
1736 4172 1789 4224 hi
1823 4173 2065 4226 homines

2165 4175 2299 4227 πολὺ
2361 4174 2834 4244 μεταγενεστέρων
2883 4174 3265 4242 γεγενημένων
3309 4173 3352 4203 ’³
3388 4171 3590 4224 τούτων
3621 4170 3731 4224 τῶν

499 4263 824 4330 nominaque
861 4272 1148 4331 postquam
1204 4262 1479 4316 hominum
1516 4263 1724 4316 exstitit
1771 4273 1966 4316 ortus:
2008 4271 2065 4314 ut

2165 4263 2466 4335 ἀνθρώπων
2500 4266 2592 4317 καὶ
2625 4266 2733 4317 τῶν
2783 4265 3063 4332 ὀνομάτων
3109 4265 3141 4335 ἢ
3191 4266 3235 4296 ¹¹
3281 4264 3389 4317 τῶν
3433 4264 3731 4333 ἀνθρώπων

496 4356 658 4408 etiam
686 4355 925 4409 hmretici
958 4355 1188 4424 perculsi
1221 4353 1528 4423 spectaculo
1560 4355 1629 4405 ita
1669 4354 1881 4406 demum
1912 4353 2066 4405 anni-

2168 4359 2467 4428 συνέστηκε
2499 4357 2786 4426 γέννησις·
2819 4357 2906 4410 ἵνα
2940 4358 3035 4409 καὶ
3063 4359 3112 4409 oi
3149 4357 3412 4425 αἱρετικοὶ
3445 4353 3731 4408 καταπλαιι

499 4456 682 4498 tantur
714 4461 806 4514 per
833 4445 966 4499 tales
997 4459 1278 4499 sermones
1312 4447 1636 4498 continuare
1665 4458 1789 4497 suas
1826 4444 2062 4512 ipsorum

2164 4450 2350 4517 γέντες
2393 4450 2452 4501 τὸ
2483 4448 2666 4518 θαῦμα
2719 4448 2890 4512 οὕτως
2944 4448 3345 4518 ὲξεργάσωνται
3387 4449 3475 4501 διά
3512 4445 3730 4500 τοιῶνδε

494 4536 808 4590 doctrinas?

2164 4538 2336 4608 λόγων
2364 4539 2430 4592 τὰ
2461 4539 2564 4592 ἴδια
2584 4539 2825 4608 δόγματα
2857 4541 3137 4609 συνιστᾷν;

567 4646 656 4699 5|.
712 4645 816 4700 Sed
867 4646 1121 4715 quoniam
1170 4661 1305 4716 pene
1353 4646 1495 4700 nulla
1534 4661 1636 4699 non
1693 4645 1914 4699 haerc3ts
1967 4657 2062 4712 per
2096 4688 2137 4742 Β

2100 4688 2137 4742 D
2234 4657 2334 4704 νσ.’.
2382 4651 2521 4702 Ἀλλ’
2552 4651 2679 4703 ἐπεὶ
2730 4651 2914 4722 σχεδὸν
2954 4653 3104 4704 πᾶσα
3139 4652 3348 4722 αἵρεσις
3373 4653 3460 4704 διὰ
3487 4652 3585 4719 τῆς
3617 4651 3736 4721 ἀρι-

497 4736 892 4790 aritlnneticam
929 4747 1100 4789 artem
1131 4736 1332 4789 invenit
1355 4737 1748 4791 ltebdomadum
1783 4749 2061 4789 mensuras
2096 4736 2126 4742 '

2096 4736 2126 4742 ⁷
2167 4741 2437 4811 θμητικῆς
2460 4741 2651 4810 τέχνης
2682 4743 2912 4812 ἐφεῦρεν
2932 4742 3242 4811 ἑϐδομάδων
3273 4743 3447 4812 μέτρα
3481 4742 3573 4793 καὶ
3603 4738 3732 4792 alib-

495 4837 550 4880 et
581 4840 791 4880 a'onum
821 4827 1078 4897 quasdam
1111 4828 1430 4896 propagines
1457 4868 1471 4891 ,
1518 4843 1638 4882 cum
1672 4827 1760 4878 alii
1791 4827 1949 4879 aliter
1977 4840 2064 4878 ar-

2169 4848 2275 4882 νων
2320 4831 2469 4893 τινὰς
2515 4831 2821 4902 προϐολὰς,
2882 4833 3056 4886 ἄλλων
3101 4831 3277 4894 ἄλλως
3327 4833 3372 4863 ³³
3396 4833 3492 4902 τὴν
3538 4830 3733 4901 τέχνην

499 4924 605 4971 tem
639 4917 1003 4972 distraherent
1025 4927 1078 4972 et
1107 4919 1236 4972 solis
1270 4919 1579 4973 nominibus
1612 4920 1925 4980 variarent,
1965 4918 2064 4970 ho-

2169 4920 2523 4974 διασπώντων
2543 4921 2632 4974 καὶ
2649 4925 2758 4984 τοῖς
2781 4921 3008 4991 ὀνόμασι
3037 4925 3196 4993 μόνον
3223 4924 3648 4978 διαλλασσόντων
3663 4921 3732 4986 ’⁸,

498 5024 617 5062 rum
652 5017 828 5062 autem
856 5010 1113 5079 magister
1142 5011 1208 5064 iis
1233 5011 1440 5064 exstitit
1460 5009 1813 5081 Pythagoras,
1838 5009 1928 5077 qui
1961 5009 2069 5077 pri-

2171 5010 2375 5063 τούτων
2417 5012 2473 5064 δὲ
2523 5012 2705 5074 αὐτοῖς
2752 5011 3071 5076 διδάσκαλος
3116 5013 3322 5080 γίνεται
3375 5013 3732 5082 Πυθαγόρας,

497 5115 618 5155 ntus
649 5117 711 5156 ex
741 5100 968 5171 Egypto
999 5099 1299 5170 huiusmodi
1324 5116 1576 5156 numeros
1606 5101 1854 5154 tradidit:
1884 5099 2056 5167 placet

2166 5099 2380 5170 πρῶτος
2414 5103 2491 5164 εἰς
2540 5101 2810 5172 ’Έλληνας
2845 5101 2940 5154 ἀπ’
2971 5103 3248 5170 Αἰγύπτου
3297 5106 3422 5166 τοὺς
3460 5105 3735 5166 τοιούτους

1756 5255 1983 5312 VARUE
2020 5253 2421 5311 LECTIONES.

565 5373 586 5447 ξ
622 5374 699 5447 εἱς
728 5371 1072 5447 ἀΐδαοᾷῼ-ζςῐ.
1113 5373 1266 5447 Ara_t.
1297 5373 1497 5447 v.__t79
1598 5375 1618 5447 _’
1648 5374 1954 5447 Kaetému
1973 5375 2035 5429 C.
2078 5446 2084 5447 γ
2144 5376 2187 5407 ¹⁶
2220 5376 2558 5430 Κασιέπειαν
2603 5378 2665 5431 C.
2735 5376 2775 5408 “
2814 5376 2920 5429 τῶν
2950 5382 3090 5447 ἀμφ.
3136 5379 3199 5441 C,
3230 5375 3302 5431 Μ.
3376 5380 3420 5411 ¹¹
3453 5379 3513 5430 τὸ
3538 5380 3733 5447 Κῆτος.

499 5440 582 5519 Ως.
620 5445 768 5494 Arat.
808 5458 856 5494 v.
887 5443 1003 5519 555Δ
1031 5459 1113 5511 sq.
1149 5443 1310 5519 :_'i"hv
1339 5445 1398 5519 δὲ
1438 5451 1532 5519 καὶ
1560 5443 1660 5519 οὐκ
1704 5445 1893 5519 ἀλίγον.
1921 5463 2036 5519 περ
2065 5446 2336 5519 ἀπόπροθι
2381 5449 2689 5519 πεπτηυῖαν
2719 5447 2729 5518 |
2775 5440 3136 5519 Ἀνδρομέδην
3181 5440 3335 5519 μέγα,
3362 5448 3542 5519 Κῆτος

503 5511 727 5586 χύμενον
777 5513 1125 5586 κατεπείγει,
1186 5513 1230 5544 ¹³
1260 5511 1450 5586 τούτου
1476 5514 1542 5586 _(..
1621 5515 1664 5586 ‘_‘
1804 5511 2080 5586 StillOL-ill‘
2107 5511 2258 5568 Arat.
2296 5531 2345 5570 v.
2377 5516 2483 5570 275
2516 5511 2766 5580 εΤοῦτὸν
2804 5511 3296 5586 τδν’6ρνινόἱ’μὲν
3328 5511 3575 5586 λέγουσιν
3609 5511 3738 5568 ὂντα

503 5579 698 5658 κύκνος)
721 5582 1226 5658 *κατᾳαστερισθῆναι
1257 5584 1334 5643 εἰς
1373 5584 1534 5658 τιμῂν
1557 5582 1648 5634 τοῦ
1684 5584 2026 5658 ξΛπόλλωνος
2057 5584 2438 5658 ἄτε-μουσικὺν
2463 5586 2607 5638 ὄντα.
2672 5587 2713 5617 ³⁵
2734 5588 2846 5646 τοῖς
2887 5579 3166 5658 σπέρμασι
3188 5579 3249 5640 (Σ.
3325 5588 3368 5618 “
3397 5579 3737 5658 ἀναπέμπων

594 5646 680 5728 ““7
717 5647 883 5728 ashes
908 5646 989 5728 (Σ,
1015 5651 1086 5728 δεῖ
1119 5646 1638 5728 ξίξπεριεργὸτεροι
1676 5653 1737 5704 C.
1815 5653 1857 5685 ¹⁹
1899 5655 2031 5706 Οὐδὲ
2061 5653 2122 5718 C,
2157 5646 2226 5706 Μ.
2297 5652 2344 5686 ¹⁰
2371 5657 2681 5724 ἐπισημανῇ
2726 5657 2788 5709 C.
2865 5652 2907 5686 ’ί
2961 5646 3370 5726 γεγεννημένων
3407 5654 3470 5710 C.
3539 5646 3589 5686 ’ί
3615 5655 3646 5725 ἡ
3671 5653 3734 5706 (ὲ.

507 5717 552 5746 ’³
583 5713 918 5779 ἀλληνάλλως
944 5719 1004 5772 C.
1047 5716 1092 5748 "
1115 5713 1504 5770 διαλασσόντων
1525 5713 1585 5772 (λ’.
