4144 6328
846 402 864 456 ξ

337 481 481 548 3119

1465 473 1764 536 CONTRA
1795 471 2141 533 HERESES
2180 472 2325 533 LIB.
2363 473 2459 534 IV.

3441 475 3581 543 3120

341 596 609 668 ἀριθμοὺς
640 591 947 664 παραδούς·
994 590 1143 644 δοκεῖ
1174 587 1310 659 μηδὲ
1357 587 1516 641 τοῦτο
1563 586 1916 658 παραλιπεῖν,

2021 601 2088 643 ne
2111 588 2211 641 hoc
2233 587 2447 656 quidem
2474 578 2910 656 praetermittere,
2928 589 3045 653 sed,
3078 589 3167 645 ubi
3194 592 3377 661 paucis
3400 602 3582 648 osten-

339 688 478 743 ἀλλά
504 684 593 740 διά
610 683 877 752 συντόμου
894 681 1175 746 δείξαντας
1195 681 1287 733 ἐπὶ
1311 678 1408 749 τὴν
1435 678 1542 731 τῶν
1563 677 1912 749 ζητουμένων

340 775 615 841 ἀπόδειξιν
639 772 913 844 χωρῆσαι.
938 768 1234 838 Γεγόνασιν
1265 765 1623 836 ἀριθμητικοὶ
1653 765 1747 817 καὶ
1774 779 1913 830 γεω-

345 865 542 936 μέτραι
603 863 685 928 ”,
718 857 799 925 οἷς
841 858 1076 931 μάλιστα
1119 855 1219 919 τὰς
1273 854 1450 925 ἁρχάς
1503 851 1913 923 παρεσχηκέναι

340 955 488 1009 δοκεῖ
520 952 735 1024 πρῶτος
765 948 1090 1018 Πυθαγόρας
1113 962 1126 977 ’
1154 945 1249 998 καὶ
1281 940 1428 997 οὗτοι
1451 942 1498 975 ’⁸
1526 941 1634 995 τῶν
1660 938 1912 1010 ἀριθμῶν

343 1045 423 1105 είς
446 1042 676 1112 άπειρον
707 1037 796 1092 ἀεὶ
837 1035 1144 1106 προχωρεῖν
1175 1031 1488 1101 δυναμένων
1524 1028 1600 1097 τῷ
1634 1026 1910 1080 πολυπλα-

345 1130 564 1203 σιασμῷ
587 1130 814 1189 καὶτοῖς
836 1124 1078 1197 σχήμασι
1099 1122 1196 1186 τάς
1218 1119 1440 1193 πρώτας
1457 1119 1647 1173 ἔλαϐον
1671 1119 1845 1187 ἀρχὰς
1867 1118 1911 1149 ⁸⁷

342 1223 506 1279 οἱονεὶ⁵
546 1218 827 1292 θεωρητὰς
879 1218 1025 1288 μόνῳ
1066 1213 1146 1284 τῷ
1181 1213 1346 1283 λόγῳ.
1393 1209 1736 1282 Γεωμετρίας
1781 1207 1911 1277 γάρ,

343 1313 422 1378 ὡς
451 1311 599 1366 ἔστιν
644 1309 858 1371 ἐνιδεῖν,
912 1305 1137 1377 σημεῖόν
1168 1305 1315 1357 ἐστιν
1347 1301 1491 1373 ἀρχὴ
1538 1301 1741 1372 ἀμερὲς
1763 1341 1778 1362 ,
1817 1300 1912 1353 ἀπ’

345 1403 555 1459 ικείνου
582 1400 639 1455 δὲ
670 1399 763 1454 τοῦ
792 1396 1018 1469 σημείου
1043 1398 1108 1467 τῇ
1137 1396 1301 1466 τέχνῃ
1321 1397 1354 1465 ἡ
1383 1394 1492 1446 τῶν
1522 1392 1764 1464 ἀπείρων
1790 1410 1915 1462 σχη-

348 1498 534 1569 μάτων
559 1494 667 1549 ἀπὸ
706 1490 802 1547 τοῦ
847 1489 1073 1562 σημείου
1102 1489 1314 1557 γένεσις
1352 1486 1686 1557 εὑρίσκεται.
1753 1484 1913 1537 Ῥυὲν

343 1589 454 1662 γὰρ
478 1588 541 1642 τὸ
581 1587 804 1658 σημεῖον
864 1584 875 1656 Ι
935 1583 1030 1637 ἐπὶ
1060 1582 1233 1653 μῆκος
1269 1580 1477 1649 γίνεται
1519 1579 1751 1652 γραμμὴ
1779 1578 1915 1649 μετά

343 1681 443 1751 τὴν
472 1678 627 1749 ῥύσιν
651 1717 666 1742 ,
704 1676 874 1746 πέρας
910 1673 1110 1744 ἔχουσα
1143 1674 1387 1742 σημεῖον,
1437 1669 1668 1741 γραμμὴ
1719 1670 1776 1722 δὲ
1821 1668 1915 1721 ἐπὶ

345 1775 547 1835 πλάτος
586 1773 777 1841 ῥυεῖσα
823 1767 1078 1822 ἐπίπεδον
1115 1766 1299 1835 γεννᾷ,
1330 1763 1542 1833 πέρατα
1572 1762 1628 1814 δὲ
1661 1759 1757 1813 τοῦ
1790 1761 1912 1811 ὲπι-

346 1863 509 1918 πέδου
535 1860 817 1935 γραμμαὶ,
852 1856 1107 1912 ἐπίπεδον
1135 1854 1192 1908 δὲ
1246 1854 1373 1925 ῥυὲν
1408 1854 1486 1915 είς
1521 1850 1682 1918 βάθος
1709 1848 1913 1917 γίνεται

349 1951 512 2021 σῶμα
533 1967 548 1983 ο
584 1945 804 2019 στερεοῦ
844 1946 900 1999 δὲ
931 1943 1292 2016 ὑπάρξαντος,
1330 1940 1505 2003 οὕτως
1542 1939 1603 2003 ἐξ
1629 1937 1910 2008 ἐλαχίστου

349 2041 579 2112 σημείου
611 2036 888 2100 παντελῶς
931 2038 966 2107 ἡ
1013 2035 1106 2088 τοῦ
1140 2032 1372 2105 μεγάλου
1423 2030 1674 2102 σώματος
1703 2028 1907 2096 ὑπέστη

346 2134 529 2205 φύσις,
568 2131 662 2186 καὶ
706 2128 863 2183 τοῦτό
894 2129 1039 2181 ἐστιν
1069 2126 1097 2179 6
1137 2124 1284 2192 λέγει
1319 2123 1500 2193 Σίμων
1528 2119 1698 2181 οὕτως
1729 2118 1797 2150 ’δ’
1840 2116 1909 2169 Τὸ

340 2222 558 2295 μικρὸν
578 2220 732 2293 μέγα
753 2219 830 2292 [β.
862 2218 946 2275 89.
977 2215 1067 2288 90]
1094 2217 1262 2270 ἔσται
1276 2214 1451 2268 οἱονεί
1471 2209 1724 2279 σημεῖον
1736 2208 1828 2267 ὃν,
1840 2205 1909 2259 τὸ

345 2317 415 2370 δὲ
423 2314 572 2386 μέγα
588 2314 943 2381 ἀπέραντον,
962 2305 1377 2363 κατακολουθῶν
1396 2305 1461 2336 ’⁸⁸
1477 2303 1555 2372 τῷ
1571 2319 1680 2370 γεω
1687 2315 1912 2370 μετρου-

350 2406 499 2478 μένῳ
527 2403 736 2476 σημείῳ
757 2403 824 2455 ³⁸.
859 2399 973 2469 Τῆς
1005 2398 1062 2453 δὲ
1085 2395 1450 2468 ἀριθμητικῆς
1478 2392 1622 2448 κατά
1663 2389 1911 2443 σύνθεσιν

346 2497 576 2568 ἐχούσης
595 2495 696 2566 τὴν
715 2491 1033 2564 φιλοσοφίαν
1060 2487 1291 2560 ἀριθμὸς
1327 2488 1546 2557 γέγονεν
1578 2483 1741 2555 ἀρχὴ,
1776 2483 1913 2552 ὅπερ

346 2588 495 2643 ἐστὶν
523 2587 793 2657 ἀόριστον,
823 2581 1227 2652 ἀκατάληπτον,
1255 2577 1392 2649 ἔχων
1421 2578 1478 2630 ὲν
1508 2573 1687 2644 ἑαυτῷ
1706 2573 1914 2635 πάντας

346 2680 473 2744 τοὺς
502 2678 588 2732 ἐπ’
621 2677 846 2747 ἄπειρον
883 2674 1055 2728 ἐλθεῖν
1098 2671 1426 2742 δυναμένους
1472 2668 1738 2738 ἀριθμοὺς
1771 2665 1914 2719 κατά

348 2770 411 2825 τὺ
447 2769 671 2841 πλῆθος.
702 2767 824 2821 Τῶν
859 2765 916 2819 δὲ
946 2762 1199 2836 ἀριθμῶν
1232 2760 1374 2833 ἀρχὴ
1413 2759 1603 2829 γέγονε
1635 2755 1759 2810 καθ’
1781 2754 1913 2808 ὑπό-

352 2877 541 2915 στασιν
577 2861 611 2931 ἡ
650 2857 841 2931 πρώτη
880 2856 1066 2927 μονὰς,
1104 2854 1226 2924 ἣτις
1265 2853 1382 2905 ἐστὶ
1415 2849 1580 2921 μονάς
1609 2850 1784 2919 ἄρσην
1821 2847 1911 2911 ¹⁹·,

349 2951 596 3022 γεννῶσα
636 2947 915 3018 πατρικῶς
955 2946 1079 3011 τοὺς
1124 2945 1316 3007 ἄλλους
1368 2944 1575 3005 πάντας
1616 2939 1913 3012 ἀριθμούς.

350 3040 614 3112 Δεύτερον
647 3040 680 3110 ή
708 3037 839 3102 δυάς
870 3037 917 3071 ⁸⁸
965 3037 1129 3108 θῆλυς
1169 3034 1421 3107 ἀριθμὸς,
1451 3035 1481 3086 6
1527 3032 1584 3085 δὲ
1624 3029 1782 3093 αὐτὸς
1822 3029 1917 3083 καὶ

351 3133 538 3204 ἄρτιος
594 3128 698 3184 ὑπὸ
749 3129 858 3182 τῶν
905 3124 1283 3199 ἀριθμητικῶν
1325 3122 1590 3177 καλεῖται.
1647 3119 1839 3190 Τρίτον
1881 3120 1915 3189 ἡ

351 3223 511 3296 τριάς
540 3221 769 3292 ἀριθμὸς
797 3219 970 3291 ἅρσην
986 3218 1027 3250 ³¹
1044 3235 1060 3249 ο
1092 3209 1246 3280 οὗτος
1269 3215 1363 3269 καὶ⁷
1390 3212 1644 3284 περισσὸς
1674 3211 1779 3264 ὑπὸ
1811 3210 1917 3263 τῶν

352 3313 732 3387 ἀριθμητικῶν
784 3309 1203 3380 νενομοθέτηται
1252 3305 1549 3362 καλεῖσθαι.
1597 3303 1711 3372 Ἐφ’
1747 3300 1916 3355 ἅπασι

353 3414 413 3468 δὲ
434 3412 642 3476 τούτοις
666 3413 700 3482 ἡ
734 3408 934 3479 τετρὰς
959 3406 1124 3477 θῆλυς
1155 3403 1405 3474 ἀριθμὸς,
1434 3403 1462 3456 6
1488 3400 1545 3454 δὲ
1571 3398 1735 3462 αὐτὸς
1761 3389 1916 3460 οὗτος

354 3505 450 3559 καὶ
478 3504 664 3575 ἄρτιος
691 3500 974 3564 καλεῖται,
1018 3498 1101 3551 ὅτι
1139 3495 1307 3567 θῆλύς
1337 3496 1470 3547 ἐστι.
1507 3490 1797 3559 Γεγόνασιν
1826 3482 1918 3541 οὖν

354 3598 405 3650 οί
431 3600 631 3658 πάντες
659 3592 877 3664 ἀριθμοὶ
905 3587 1199 3661 ληφθέντες
1236 3584 1345 3639 ἀπὸ
1373 3583 1561 3652 γένους
1586 3581 1630 3613 ³³
1659 3579 1919 3649 τέσσαρες

358 3685 623 3757 (ἀριθμὸς
650 3683 705 3737 δὲ
735 3679 801 3755 ἧν
830 3682 890 3735 τὸ
918 3680 1073 3750 γένος
1100 3677 1412 3751 ἀόριστος),
1443 3674 1534 3746 ἀφ’
1557 3667 1630 3728 ὧν
1661 3676 1688 3726 6
1717 3672 1920 3733 τέλειος

356 3778 540 3840 αὐτοῖς
569 3774 798 3845 ἀριθμὸς
827 3773 1154 3842 συνέστηκεν
1183 3772 1216 3839 ἡ
1248 3768 1429 3832 δεκάς.
1462 3767 1535 3820 Τὸ
1560 3764 1667 3834 γάρ
1694 3763 1773 3828 ἓν,
1807 3761 1919 3827 δύο,

355 3869 504 3941 τρία,
553 3868 793 3938 τέσσαρα
831 3865 1036 3934 γίνεται
1080 3863 1233 3929 δέκα,
1287 3862 1363 3924 ὡς
1409 3858 1920 3931 προαποδέδεικται,

359 3961 454 4015 ἑὰν
483 3959 696 4029 ἑκάστῳ
733 3958 841 4010 τῶν
872 3955 882 4025 |
913 3953 1162 4024 ἀριθμῶν
1212 3951 1550 4023 φυλάττηται
1590 3948 1709 4003 κατ’
1738 3947 1921 4001 οὐσίαν

357 4049 531 4120 δνομα
566 4046 628 4100 τὸ
653 4048 854 4100 οἰκεῖον
894 4043 961 4096 ⁸³.
1000 4041 1147 4112 Αὕτη
1189 4040 1336 4093 ἐστὶν
1365 4040 1399 4108 ὴ
1433 4036 1574 4091 κατὰ
1603 4034 1925 4105 Πυθαγόραν

361 4137 482 4209 ἱερά
508 4135 806 4207 τετρακτὺς
841 4135 1064 4189 ἀεννάου
1112 4130 1326 4201 φύσεως
1358 4127 1619 4198 pauper
1651 4125 1848 4196 ἔχουσα
1869 4127 1926 4177 ἐν

361 4229 565 4299 ἑαυτῇ,
598 4224 847 4280 τουτέστι
896 4223 1027 4285 τοὺς
1060 4220 1255 4282 ἄλλους
1292 4217 1507 4280 πάντας
1545 4214 1811 4286 ἀριθμούς
1834 4229 1848 4244 ο
1898 4213 1928 4264 6

362 4319 473 4389 γάρ
527 4317 575 4350 ⁸⁸
606 4316 798 4369 ἕνδεκα
843 4314 938 4368 καὶ
985 4311 1190 4365 δώδεκα
1224 4309 1316 4362 καὶ
1346 4309 1395 4360 οἱ
1433 4307 1606 4359 λοιποὶ
1632 4306 1732 4376 τὴν
1757 4304 1929 4376 ἀρχὴν

363 4410 462 4481 τῆς
486 4408 750 4477 γενέσεως
776 4406 884 4460 ἀπὸ
910 4404 1019 4458 τῶν
1048 4403 1178 4456 δέκα
1213 4399 1568 4470 λαμϐάνουσι.
1594 4396 1810 4467 Ταύτης
1832 4397 1930 4466 τῆς

363 4477 602 4563 δεκάδος,
633 4497 726 4550 τοῦ
763 4496 967 4550 τελείου
998 4493 1254 4566 ἀριθμοῦ,
1289 4491 1357 4545 τὰ
1395 4491 1638 4560 τέσσαρα
1687 4488 1930 4542 καλεῖται
1973 4477 1980 4483 ’

369 4589 526 4662 μέρη·
555 4589 806 4661 ἀριθμὸς,
836 4587 1022 4658 μονάς,
1047 4584 1296 4655 δύναμις,
1322 4582 1507 4646 κύϐος,
1534 4575 1616 4644 οἷς
1635 4577 1928 4634 ὲπιπλοκαὶ

366 4679 462 4733 καὶ
492 4680 668 4750 μίξεις
703 4676 838 4748 πρὸς
872 4676 1084 4745 γένεσιν
1112 4675 1392 4744 αὐξήσεως
1419 4671 1463 4703 ³⁸
1487 4670 1751 4739 γίνονται.
1790 4666 1931 4720 κατά

367 4770 528 4839 φύσιν
565 4772 655 4824 τὸν
685 4770 908 4838 γόνιμον
953 4766 1187 4837 ἀριθμὸν
1227 4761 1599 4818 ἐπι-τελοῦσαι·
1648 4762 1777 4814 ὅταν
1821 4759 1931 4827 γὰρ

366 4860 592 4932 δύναμις
630 4860 768 4929 αὐτὴ
815 4859 862 4890 ³⁸
910 4857 994 4925 ἐφ’
1033 4855 1229 4926 ἑαυτὴν
1266 4851 1655 4922 κυϐισθήσεται
1685 4892 1698 4917 ,
1743 4850 1933 4918 γέγονε

366 4951 824 5023 δυναμοδύναμις,
860 4949 989 5002 ὅταν
1026 4947 1082 5001 δὲ
1129 4946 1357 5015 δύναμις
1400 4943 1497 4997 ἐπὶ
1526 4942 1712 5005 κύϐον,
1743 4941 1933 5010 γέγονε

366 5040 759 5112 δυναμόκυϐος,
799 5040 926 5091 ὅταν
963 5037 1020 5089 δὲ
1054 5035 1221 5099 κύϐος
1250 5035 1342 5087 ἐπὶ
1385 5030 1579 5093 κύόον,
1606 5029 1797 5098 γέγονε
1832 5044 1932 5080 κυο

369 5132 602 5194 ὗόκυσος
627 5131 691 5163 ⁸⁷ι
721 5130 796 5194 ὡς
820 5128 1065 5197 γίνεσθαι
1088 5129 1214 5189 τοὺς
1247 5124 1454 5186 πάντας
1477 5121 1742 5191 ἀριθμοὺς
1771 5118 1933 5183 ὲπτά,

369 5223 456 5277 ενα
481 5224 515 5293 ἡ
543 5222 652 5274 τῶν
688 5220 997 5290 γενομένων
1027 5217 1239 5286 γένεσις
1262 5216 1488 5285 γένηται
1532 5213 1589 5277 ἐξ
1620 5209 1931 5277 ἑϐδομάδος,

2015 679 2277 741 derimus,
2310 680 2376 732 ad
2423 692 2483 733 ea
2516 694 2636 749 quae
2688 680 2969 735 consilium
3024 690 3108 737 est
3159 683 3579 739 demonstranda

2014 770 2283 839 progredi.
2317 768 2652 825 Exstiterunt
2684 770 3006 825 arilhmetici
3039 779 3090 825 et
3118 782 3427 841 geometrm,
3464 775 3582 841 qui-

2014 860 2120 915 bus
2153 872 2348 927 praeter
2380 868 2606 915 caeteros
2636 860 2869 914 l'otncnta
2904 861 3198 929 praebuisse
3229 863 3441 917 vitietur
3474 849 3600 932 pri--

2014 966 2135 1006 mus
2167 951 2527 1021 Pythagoras,
2558 952 2703 1021 iique
2733 966 2761 1005 a
2789 954 3047 1014 numeris,
3082 955 3171 1023 qui
3214 954 3267 1008 in
3314 955 3578 1009 infinitum

2013 1044 2423 1113 multiplicando
2453 1045 2702 1115 progredi
2724 1054 2979 1113 possunt,
3010 1046 3172 1100 etiam
3198 1045 3382 1115 figuris
3412 1045 3581 1114 prima

2012 1136 2276 1206 principia
2306 1144 2653 1206 sumpserunt
2711 1146 2966 1205 tanquam
3017 1136 3131 1192 sola
3191 1148 3372 1192 mente
3405 1136 3584 1205 perci-

2013 1226 2228 1295 pienda.
2264 1224 2585 1281 Geometrlar
2617 1225 2760 1280 enim
2787 1264 2804 1291 ,
2833 1234 2892 1279 ut
2926 1225 3050 1280 licet
3077 1226 3292 1291 videre,
3328 1236 3578 1292 punctum

2015 1314 2304 1369 indivisum
2336 1324 2416 1369 est
2444 1313 2765 1384 principium
2792 1328 2807 1376 ;
2841 1315 2912 1367 ab
2940 1313 3031 1366 illo
3061 1322 3237 1367 autem
3265 1323 3460 1382 puncto
3488 1325 3582 1379 per

2014 1402 2546 1457 artem'inlinitarum
2592 1400 2881 1470 ﬁgurarum
2923 1415 2951 1452 a
2990 1408 3193 1468 puncto
3217 1399 3462 1468 genitura
3498 1411 3584 1451 reo

2013 1496 2234 1566 petitur.
2256 1492 2358 1549 Ubi
2381 1495 2523 1547 enim
2546 1492 2806 1561 processit
2822 1490 3151 1561 punctumin
3176 1489 3582 1558 longitudinem,

2014 1587 2228 1642 exsistit
2266 1586 2408 1639 linea
2437 1592 2561 1655 post
2587 1596 2927 1653 processum,
2957 1594 3078 1651 quae
3104 1579 3390 1634 terminqu
3421 1578 3585 1634 habet

2013 1686 2308 1747 punctum;
2338 1676 2477 1730 linea
2504 1685 2682 1728 autem
2709 1688 2831 1728 cum
2859 1674 2912 1727 in
2937 1671 3270 1725 latitudinem
3297 1669 3582 1737 processit,

1970 1780 1991 1792 "
2015 1768 2294 1836 planitiem
2324 1766 2514 1836 gignit,
2536 1762 2746 1819 termini
2769 1770 2948 1815 autem
2975 1758 3215 1829 planitiei
3242 1766 3366 1812 sunt
3388 1756 3580 1821 linere;

2014 1855 2263 1924 planities
2290 1864 2465 1907 autem
2486 1868 2605 1907 cum
2632 1851 2897 1918 processit
2915 1849 2965 1903 in
2981 1848 3341 1909 altitudinem,
3369 1844 3583 1900 exsistit

1947 1929 1984 1982 Β
2014 1958 2228 2014 corpus.
2268 1942 2367 1998 Uhi
2402 1952 2581 1996 autem
2615 1940 2829 1996 ﬁrmum
2855 1953 3053 2009 corpus
3081 1937 3319 1996 exstitit,
3359 1934 3414 1989 in
3442 1936 3585 1989 hunc

2018 2035 2231 2086 modum
2261 2046 2327 2086 ex
2378 2031 2601 2085 minimo
2635 2022 2836 2099 puncio
2869 2041 3091 2098 prorsus
3134 2026 3312 2095 magni
3340 2024 3584 2094 corporis

2018 2122 2232 2176 fundata
2259 2131 2340 2176 est
2364 2132 2555 2176 natura
2581 2160 2598 2184 ,
2650 2122 2811 2190 idque
2843 2127 2926 2174 est
2950 2119 3093 2188 quod
3119 2118 3306 2171 Simon
3352 2115 3405 2170 iu
3442 2116 3587 2168 hunc

2016 2216 2230 2265 modum
2259 2211 2454 2281 126-
2471 2210 2628 2280 127
2654 2210 2876 2264 edatur:
2905 2207 3169 2278 Exiguum
3193 2221 3437 2275 magnum
3463 2204 3584 2270 erit,

2017 2313 2262 2373 tanquam
2292 2316 2540 2372 punctum
2556 2302 2695 2370 quod
2715 2309 2813 2367 est,
2833 2315 3080 2370 magnum
3099 2308 3273 2353 autem
3295 2299 3586 2365 inﬁnitum,

2017 2398 2212 2466 quippe
2242 2405 2457 2452 secutus
2477 2402 2733 2466 punctum
2753 2401 3176 2464 geometrarum.
3208 2389 3582 2444 Arithmeticae

2018 2498 2197 2544 autem
2229 2485 2559 2541 continentis
2582 2500 2678 2554 per
2704 2483 3154 2555 compositionem
3189 2481 3584 2554 philosophiam

2018 2593 2276 2636 numerus
2304 2577 2514 2633 exstitit
2544 2575 2868 2646 principium
2888 2615 2906 2641 ,
2937 2573 2990 2628 id
3016 2572 3157 2643 quod
3183 2580 3266 2626 est
3294 2571 3585 2633 inﬁnitum,

2019 2669 2529 2739 incomprehensum
2554 2703 2570 2729 ,
2610 2665 2814 2720 habens
2843 2664 2895 2718 lu
2921 2678 2978 2718 se
3000 2676 3190 2719 omnes
3220 2661 3312 2731 qui
3363 2667 3589 2729 possunt

2020 2762 2074 2816 in
2123 2759 2388 2815 infinitum
2438 2772 2536 2827 per
2578 2754 2974 2810 multitudinem
3010 2751 3269 2823 progredi
3305 2763 3583 2804 numeros.

2019 2851 2378 2906 Numerorum
2405 2857 2584 2903 autem
2616 2846 2939 2917 principium
2968 2843 3180 2899 exstitit
3211 2857 3308 2909 per
3336 2841 3587 2895 substan-

2022 2943 2150 2997 tiam
2186 2940 2359 3011 prima
2397 2952 2589 2994 monas
2614 2976 2630 3000 ,
2658 2951 2776 3005 qua:
2819 2935 3034 3004 quidem
3067 2942 3152 2987 cst
3184 2945 3370 2986 monas
3396 2928 3584 2991 virilis,

2021 3047 2314 3103 procreans
2347 3040 2572 3101 paterne
2612 3028 2846 3096 reliquos
2869 3040 3059 3082 omnes
3094 3030 3366 3079 numeros.
3406 3021 3589 3075 Altero

2022 3124 2138 3178 loco
2168 3124 2334 3193 dyas,
2389 3121 2653 3175 femineus
2685 3132 2946 3173 numerus
2966 3155 2982 3179 ,
3016 3115 3155 3169 idem
3188 3120 3366 3167 autem
3392 3121 3447 3167 et
3492 3124 3590 3180 par

2024 3214 2092 3268 ab
2125 3212 2487 3268 arithmeticis
2513 3209 2832 3280 appellatur.
2865 3208 3109 3262 Tertium
3144 3207 3296 3270 trias,
3332 3218 3590 3259 numerus

1946 3271 1991 3330 ϐ
2022 3304 2239 3369 virilis;
2292 3303 2378 3357 hic
2417 3311 2471 3356 et
2520 3271 2693 3371 int-par
2737 3301 2804 3355 ab
2834 3296 3192 3352 arithmeticis
3220 3295 3395 3349 vocari
3431 3293 3586 3349 solet.

2017 3395 2221 3451 Prmter
2250 3395 2347 3448 hos
2375 3406 2563 3448 omnes
2592 3399 2770 3445 autem
2798 3399 2984 3452 tetras,
3025 3386 3287 3442 femineus
3314 3400 3587 3450 numerus,

2019 3486 2160 3541 idem
2191 3495 2367 3540 autem
2399 3484 2487 3539 hic
2527 3495 2582 3538 et
2608 3497 2709 3552 par
2739 3489 2995 3544 vocatur,
3049 3481 3140 3548 qui
3173 3478 3436 3532 femineus
3484 3466 3588 3530 est.

2021 3576 2160 3631 Sunt
2190 3576 2355 3646 igitur
2395 3572 2631 3627 universi
2666 3570 2873 3625 numeri
2907 3568 3105 3637 sumpti
3141 3567 3433 3637 generatim
3465 3578 3591 3633 qua-

2023 3677 2145 3721 tuor
2190 3666 2484 3733 (numerus
2524 3672 2705 3717 autem
2736 3669 2856 3715 erat
2901 3659 2966 3715 ad
2996 3672 3183 3713 sexum
3232 3655 3588 3724 iudeﬂnitus),

2024 3761 2167 3815 unde
2194 3756 2465 3827 perlectus
2496 3755 2601 3809 illis
2637 3766 2891 3808 numerus
2939 3751 3146 3806 exstitit
3192 3748 3369 3804 dccas.
3416 3746 3589 3802 Unum

2023 3850 2189 3912 enim,
2230 3848 2358 3909 duo,
2390 3847 2489 3900 tria
2516 3884 2531 3909 ,
2563 3852 2794 3912 quatuor
2821 3840 3059 3896 eliiciunt
3084 3841 3300 3905 decem,
3341 3848 3399 3893 ut
3430 3854 3588 3907 supra

2024 3938 2458 3992 demonstratum
2486 3941 2591 3993 est,
2623 3945 2745 3984 cum
2777 3927 3002 3995 singulis
3030 3927 3268 3980 numeris
3298 3939 3590 3978 conserva—

2023 4029 2169 4084 bitur
2194 4042 2259 4082 ex
2283 4038 2341 4080 re
2370 4021 2719 4079 domesticum
2747 4031 2961 4072 nomen.
2997 4014 3122 4069 Haec
3162 4024 3245 4068 est
3276 4012 3364 4066 illa
3397 4011 3594 4082 Pytha«

2027 4132 2172 4189 gora:
2202 4130 2357 4171 sacra
2385 4121 2641 4182 tetractys
2667 4117 2941 4179 perpetuae
2976 4119 3184 4160 natura:
3212 4104 3496 4159 continens
3536 4103 3591 4157 in

2029 4221 2088 4260 se
2117 4205 2350 4270 radices,
2386 4204 2489 4257 hoc
2517 4210 2600 4255 est
2631 4199 2868 4267 reliquos
2893 4209 3082 4251 omnes
3105 4208 3390 4260 numeros;
3429 4194 3597 4249 unde-

2028 4298 2201 4350 cimus
2230 4295 2374 4349 enim
2397 4304 2653 4346 numerus
2678 4298 2731 4344 et
2764 4288 3115 4342 duodecimus
3144 4296 3196 4340 et
3227 4286 3414 4356 reliqui
3447 4288 3594 4355 priu«

2030 4386 2226 4453 cipium
2259 4379 2627 4453 generationis
2649 4394 2677 4433 a
2700 4378 2924 4432 numero
2943 4377 3031 4447 qui
3054 4384 3136 4431 est
3152 4379 3333 4430 decem
3354 4386 3593 4430 sumunt.

1984 4466 2007 4483 ⁷
2031 4473 2201 4540 Hujus
2238 4472 2452 4527 decadis
2473 4510 2489 4536 ,
2519 4466 2745 4540 perfecti
2778 4465 3024 4531 numeri,
3072 4474 3305 4534 quatuor
3335 4472 3597 4517 vocantur

1962 4598 2005 4651 ο
2031 4574 2250 4637 partes:
2281 4575 2571 4624 numerus,
2601 4573 2820 4623 monas,
2861 4564 3134 4626 potestas,
3168 4553 3355 4617 cubus,
3401 4552 3597 4622 quibus

2035 4655 2385 4725 implexiones
2457 4658 2513 4706 et
2549 4650 2830 4705 mistiones
2884 4647 2950 4702 ad
3008 4644 3407 4717 generationem
3459 4656 3594 4709 aug.

2036 4747 2198 4802 menti
2232 4744 2387 4809 liunt,
2419 4757 2485 4797 ex
2514 4749 2704 4795 natura
2742 4746 3109 4808 generatorem
3175 4749 3454 4789 numerum
3488 4732 3600 4786 elli-

2034 4840 2259 4894 cientes.
2292 4835 2394 4891 Ubi
2427 4834 2570 4887 enim
2612 4840 2848 4900 potestas
2894 4830 3006 4898 ipsa
3041 4825 3482 4896 multiplicabitur
3508 4837 3598 4877 se-

2037 4952 2159 4991 cum
2197 4936 2333 5004 ipsa,
2369 4929 2582 4987 exsistit
2619 4925 3134 4999 dynamodynamis,
3168 4922 3256 4976 ubi
3293 4933 3470 4976 autem
3505 4936 3601 4990 po-

2036 5035 2203 5082 testas
2228 5041 2348 5081 cum
2385 5023 2557 5088 cubo,
2584 5019 2793 5075 exs'titit
2819 5015 3254 5089 dynamocubus,
3291 5014 3378 5068 ubi
3419 5023 3597 5067 autem

2037 5119 2207 5174 cubus
2231 5131 2353 5171 cum
2390 5115 2550 5176 cubo,
2581 5110 2796 5165 exsistit
2827 5108 3159 5169 cubocubus,
3191 5114 3244 5159 ut
3275 5119 3463 5159 omnes
3502 5118 3603 5157 nu-

2041 5206 2173 5262 meri
2203 5206 2332 5259 llant
2375 5211 2606 5275 septem,
2636 5215 2744 5271 quo
2782 5210 2992 5261 eorum,
3023 5209 3143 5265 quae
3169 5202 3421 5265 generata
3453 5200 3599 5257 sunt,

1635 5340 1873 5399 VMU'A‘]
1914 5341 2204 5398 LECTION
2213 5344 2313 5399 ES.

480 5492 527 5577 :3
560 5484 1325 5577 apﬁtpqttxﬁoysolpetpian
1366 5480 1408 5577 ς

1522 5479 1570 5511 ’⁸
1594 5472 1760 5532 οὗτοι.
1821 5476 2023 5529 τούτων
2064 5477 2125 5539 C,
2171 5475 2243 5529 cf.
2292 5475 2442 5530 Sext.
2494 5474 2647 5538 Emp.

2690 5487 2742 5541 p.
2780 5471 2883 5526 διε
2918 5471 2987 5541 Μ,
3089 5472 3134 5504 ³⁷
3167 5482 3294 5541 sqq.
3339 5462 3607 5541 C_l‘;_in_{ra

369 5532 1455 5626 1.γι,ἶῗξὶῚιῖΪίῖῆείῇὅίέιῖίοχίῂι.
1525 5549 1572 5580 ι·
1604 5547 1688 5626 (ις.
1740 5546 1945 5626 inﬂati.
1980 5532 2154 5626 vt.é.
2190 5546 2278 5609 ιι,
2310 5563 2362 5626 ρ.
2394 5532 2618 5626 ,ιιπηει
2656 5532 2884 5626 -ξμιξι
2914 5532 3329 5626 afﬁnis:
3364 5532 3603 5626 ιντερ.

369 5603 440 5668 θ’
462 5603 987 5688 ἰὶἷιὲἆκᾌιόιέὸὶιῡῖίόζ
1101 5603 1121 5609 γ
1151 5603 1207 5655 ’ἶ
1378 5620 1606 5691 Prorsus
1633 5615 1826 5691 similia
1859 5603 2359 5691 lcguntttrsupraA'l.
2380 5614 2431 5691 _|_,
2463 5603 2596 5691 (δέ-ᾖ,
2617 5611 2794 5691 p.10,
2822 5610 3056 5691 25—:1‘2:
3088 5611 3175 5691 δέ...
3349 5606 3514 5691 ’ἄρεξις
3542 5603 3602 5691 (ῖς

374 5704 420 5737 ³ο
447 5705 480 5773 ἡ
502 5702 652 5773 δυάς-
673 5696 839 5773 his__C.
866 5765 878 5773 _
916 5696 961 5727 “
995 5696 1164 5773 apati
1274 5688 1284 5691 ’
1311 5688 1363 5723 “³²
1391 5688 1500 5773 ςιπδ
1531 5688 1741 5753 γένους.

370 5749 480 5843 γάρ
503 5749 1045 5843 γένεσιν’
1065 5749 1365 5833 αὐξήσεως.
1397 5749 1592 5813 ἕνωσιν
1624 5796 1639 5811 .
1774 5754 1949 5823 ήσεως
1972 5755 2035 5821 C,
2069 5749 2155 5819 M;
2191 5751 2261 5809 cf.
2297 5768 2455 5823 supra
2486 5767 2535 5824 ιι,
2569 5752 2655 5818 10,
2683 5749 2770 5805 46.
2845 5749 2888 5781 ³⁸
2912 5750 3048 5820 αὕτη
3078 5750 3138 5805 ε.

370 5836 736 5916 δυναμόκυὸος
766 5836 826 5893 C.

1793 5673 2022 5737 ὰπὸ’τοῦ
2062 5673 2250 5751 γένους
2276 5682 2336 5747 C,
2377 5673 2447 5736 Μ.
2519 5673 2883 5751 ³³νδνόματος
2908 5678 3188 5751 οίκεῖονϐ.
3211 5748 3223 5751 Α
3265 5675 3308 5707 ³⁸
3339 5673 3522 5751 ὁῄγάριτ
3548 5673 3609 5724 τὸ

3208 5748 3252 5787 ³7
3289 5743 3608 5804 xuii/12060;.
