4144 6328
517 385 660 447 3173

2011 395 2380 455 ORIGENIS

3643 390 3706 456 31
3718 389 3787 457 74

523 497 794 567 Scriptum
823 505 926 562 est,
958 499 1158 568 inqttit,
1203 500 1256 554 in
1293 499 1431 556 libro
1482 501 1646 556 Mosis
1683 523 1696 558 :
1734 504 1853 568 llic,
1909 505 2102 574 inquit,

2218 509 2363 562 τοῦδε
2393 508 2486 562 τοῦ
2519 508 2766 579 κόσμου’,
2803 509 2849 560 εί
2889 507 2964 577 μὴ
3007 507 3168 577 μόνος
3192 506 3223 560 6
3250 504 3475 567 τέλειος,
3507 503 3536 558 6
3566 502 3788 573 πλήρης

525 605 749 659 serpens
768 599 849 646 est
871 602 1130 661 potestas,
1159 608 1277 662 quae
1322 595 1581 648 comitata
1612 604 1696 650 est
1726 593 1927 662 Mosen,
1953 599 2103 669 virga

525 697 785 738 conversa
818 684 871 738 in
919 695 1248 754 serpentem.
1289 685 1572 741 Adversati
1620 687 1766 742 enim
1811 699 1990 751 erant,
2019 691 2102 744 in-

528 777 665 844 quit,
692 775 944 845 potestati
974 775 1135 830 Mosis
1157 779 1208 830 in
1234 775 1469 847 Egypto
1493 791 1772 843 magorum
1802 787 2102 847 serpentes,

527 867 600 919 dii
654 865 934 934 perniciei,
967 866 1060 919 sed
1113 882 1304 921 omnes
1345 882 1440 922 eos
1495 865 1725 935 subjecit
1773 877 1828 924 et
1879 871 2107 938 peremit

529 957 677 1028 virga
706 955 892 1012 Mosis.
926 956 1260 1012 Universalis
1318 973 1564 1028 serpens,
1620 960 1812 1028 inquit,
1879 961 1967 1015 hic
2023 970 2108 1015 est

529 1049 744 1119 sapiens
789 1049 909 1104 Eva.-
975 1063 1177 1104 sermo.
1242 1048 1374 1117 lioe,
1412 1051 1603 1120 inquit,
1643 1061 1726 1106 est
1786 1055 2104 1124 mysterium

532 1142 718 1202 Eilem,
750 1140 849 1194 hoc
875 1139 1070 1196 ﬂuvius
1092 1156 1157 1195 ex
1195 1141 1384 1208 Edcm,
1416 1143 1516 1198 hoc
1548 1146 1760 1215 signum
1793 1145 2105 1216 impositum

527 1231 681 1296 Cain,
711 1249 774 1286 ne
794 1233 916 1302 quis
939 1248 1061 1288 eum
1089 1235 1362 1301 reperiens
1389 1237 1745 1292 interimeret.
1775 1237 1874 1292 llic
1903 1240 2106 1303 est,in-

527 1321 665 1392 quit,
691 1322 845 1386 Cain,
872 1322 1025 1389 cujus
1051 1325 1381 1380 sacriticium
1414 1342 1517 1380 non
1542 1330 1749 1396 recepit
1787 1329 1921 1385 deus
1950 1331 2108 1400 hujus

530 1413 736 1476 mundi,
772 1424 1109 1470 cruentatum
1170 1427 1350 1473 autem
1387 1419 1592 1484 recepit
1625 1420 1840 1487 Abelis;
1891 1424 2104 1494 sangui-

529 1504 691 1559 nibus
722 1506 866 1559 enim
893 1507 1089 1574 gaudet
1121 1507 1279 1575 lmjus
1316 1509 1500 1562 mundi
1552 1510 1826 1568 dominus.
1869 1514 1965 1569 llic
2001 1526 2106 1583 est,

531 1595 725 1662 inquit,
760 1597 825 1660 is,
854 1599 942 1666 qui
965 1600 1224 1652 extremis
1251 1601 1442 1654 diebus
1469 1601 1652 1670 specie
1674 1603 1912 1658 humana
1943 1621 2108 1674 appa-

531 1686 639 1740 ruit
665 1689 996 1756 temporibus
1019 1689 1270 1750 llerodis.
1295 1691 1469 1746 factus
1491 1695 1558 1746 ad
1581 1696 1862 1764 exemplar
1885 1695 2106 1767 Joseplii

531 1779 732 1832 venditi
755 1793 818 1833 ex
851 1796 1009 1833 manu
1043 1780 1296 1848 fratrum,
1321 1785 1476 1850 cujus
1512 1785 1682 1840 solius
1717 1787 1961 1845 velamen
1990 1800 2111 1844 erat

533 1869 764 1924 varium.
798 1867 917 1936 llic,
973 1873 1165 1942 inquit,
1225 1886 1310 1932 est
1372 1876 1550 1934 factus
1594 1881 1685 1936 ille
1729 1880 1794 1935 ad
1829 1883 2112 1950 exemplar

532 1956 694 2024 Esau,
727 1960 882 2030 cujus
907 1962 986 2016 vel
1017 1980 1122 2020 non
1159 1967 1440 2036 praiseutis
1467 1969 1600 2025 veSIi
1631 1969 1969 2026 benedictum
2002 1982 2107 2038 est,

530 2047 623 2118 qui
655 2065 760 2104 non
794 2052 1014 2120 recepit.
1054 2054 1247 2124 inquit,
1281 2071 1482 2111 caecam
1523 2059 1982 2123 benedictionem.
2015 2063 2108 2117 sed

531 2136 828 2193 ditescebat
855 2140 1214 2207 extrinsecus,
1243 2144 1377 2197 nihil
1428 2159 1457 2197 a
1517 2146 1840 2201 czecutiente
1896 2157 2109 2213 nactus,

531 2230 688 2299 cujus
709 2232 844 2286 vidit
873 2234 1063 2287 faciem
1090 2234 1282 2303 Jacob,
1309 2237 1485 2306 prouti
1510 2238 1704 2292 viderit
1730 2239 1890 2293 homo
1917 2239 2109 2295 faciem

531 2318 646 2376 Dei.
684 2319 757 2377 De
787 2323 910 2388 hoc,
936 2323 1130 2394 inquit,
1160 2326 1419 2395 scriptum
1456 2339 1542 2382 est
1583 2345 1596 2381 :
1644 2326 1708 2381 Ut
1748 2326 1960 2383 Nebrod
1991 2346 2112 2384 ma—

527 2413 754 2483 gniﬁcus
783 2425 998 2469 seruator
1043 2433 1226 2472 coram
1275 2418 1520 2476 Domino.
1555 2420 1692 2475 Sunt
1723 2431 1902 2477 autem
1953 2420 2113 2490 hujus

529 2505 872 2562 aemulatores
924 2507 1100 2573 multi,
1130 2519 1207 2564 tot
1240 2526 1491 2577 munero,
1522 2521 1656 2582 quot
1681 2513 1958 2584 conspecti
1990 2523 2115 2569 sunt

532 2603 585 2656 in
621 2602 835 2656 deserto
866 2602 988 2656 ﬁliis
1017 2603 1182 2658 Israel
1231 2607 1562 2674 mordentes,
1596 2622 1622 2659 a
1659 2607 1856 2675 quibus
1894 2622 2115 2662 conser-

531 2692 680 2747 vavit
707 2708 916 2747 morsos
943 2693 1214 2762 perfectus
1240 2696 1350 2759 ille,
1381 2712 1539 2765 quem
1571 2700 1759 2752 statuit
1786 2699 1980 2753 Moses.
2003 2699 2116 2754 Hoc

531 2793 636 2845 est,
695 2783 893 2852 inquit,
961 2789 1104 2853 quod
1159 2787 1358 2840 dictum
1418 2799 1500 2842 est
1532 2806 1545 2841 :
1577 2787 1642 2840 Et
1673 2791 2114 2858 quemadmodum

535 2874 709 2930 Moses
758 2878 1006 2931 exultavit
1059 2890 1346 2945 serpentem
1379 2880 1432 2933 in
1479 2881 1704 2946 deserto,
1752 2883 1825 2935 ita
1872 2883 2105 2937 exaltari

531 2971 733 3030 oportet
788 2962 982 3017 Filium
1031 2966 1276 3019 hominis.
1313 2965 1479 3032 llnjus
1525 2968 1591 3020 ad
1638 2970 1913 3038 exemplar
1942 2968 2114 3023 factus

2204 600 2314 653 τῶν
2348 599 2571 670 πληρῶν
2606 599 2730 667 ὄφις
2760 601 2805 654 ⁷.
2847 599 2971 651 Ἐπὶ
3009 597 3223 660 τοῦτον,
3263 596 3452 668 φησιν,
3496 595 3524 649 6
3553 593 3786 657 ἐλπίσας

2207 690 2312 743 ὑπὸ
2332 690 2440 743 τῶν
2462 691 2638 760 ὄφεων
2663 689 2762 760 τῆς
2789 690 2993 761 ἐρήμου
3019 689 3080 742 οὐ
3106 687 3501 758 διαφθείρεται,
3531 685 3788 740 τουτέστι

2205 784 2314 836 τῶν
2345 783 2482 836 θεῶν
2510 782 2611 851 τῆς
2641 783 2926 851 γενέσεως.
2949 781 3286 849 Γέγραπται,
3315 778 3504 850 φησιν,
3531 778 3589 831 ὲν
3617 777 3787 847 βίϐλῳ

2207 875 2481 938 Μωσέως·
2515 869 2684 937 Οὗτος
2710 914 2724 938 ,
2753 875 2937 943 φησιν,
2970 872 2998 923 6
3026 871 3148 939 ὄφις
3177 870 3198 901 ⁸
3241 869 3387 922 ἐστὶν
3422 869 3454 940 ἡ
3486 867 3720 937 δύναμις
3748 868 3786 936 ἡ

2209 967 2744 1039 παρακολουθήσασα
2793 965 2870 1034 τῷ
2899 965 3090 1018 Μωσεῖ
3115 1005 3128 1025 ,
3163 963 3196 1031 ἡ
3234 961 3426 1030 ῥάϐδος
3468 961 3502 1030 ὴ
3549 976 3787 1028 στρεφο-

2211 1059 2344 1130 μένη
2375 1061 2456 1121 είς
2483 1059 2627 1127 ὄφιν.
2669 1056 3124 1124 Ἀνθεστήκεισαν
3149 1053 3228 1116 δὲ,
3272 1051 3425 1122 φησὶ,
3461 1052 3530 1121 τῇ
3559 1049 3789 1119 δυνάμει

2207 1149 2452 1214 Μωσέως
2484 1150 2543 1202 ὲν
2578 1150 2600 1181 θ
2631 1146 2894 1216 Αἰγύπτῳ
2925 1145 3036 1200 τῶν
3070 1145 3262 1215 μάγων
3290 1144 3340 1196 oi.
3369 1141 3546 1211 ὄφεις,
3577 1142 3628 1194 οί
3674 1139 3789 1193 θεοὶ

2209 1241 2308 1310 τῆς
2346 1238 2656 1304 ἀπωλείας·
2702 1237 2839 1292 ἀλλὰ
2890 1237 3098 1300 πάντας
3149 1234 3348 1296 αὐτοὺς
3400 1232 3640 1298 ὑπέταξε
3691 1232 3787 1285 καὶ

2208 1329 2574 1398 διέφθειρενὴ
2611 1327 2805 1398 ράὄδος
2861 1324 3124 1388 Μωσέως.
3187 1322 3248 1375 '0
3293 1320 3582 1383 καθολικδς
3630 1319 3785 1389 ὄφις,

2208 1421 2394 1490 φησιν,
2425 1414 2580 1482 οὗτός
2608 1419 2650 1450 ¹⁰
2679 1419 2826 1471 ἐστιν
2857 1418 2886 1470 6
2909 1415 3072 1483 σοφὸς
3090 1414 3190 1484 τῆς
3218 1411 3365 1476 Εὔας
3389 1411 3565 1480 λόγος.
3591 1409 3784 1474 Τοῦτο,

2209 1511 2394 1581 φησὶν,
2443 1511 2561 1564 ἐστὶ
2615 1511 2914 1581 μυστήριον
2979 1505 3161 1575 Ἑδὲμ,
3218 1502 3379 1558 τοῦτο
3437 1500 3678 1572 ποταμὸς
3723 1500 3789 1564 ἐξ

2221 1603 2403 1673 Ἐδὲμ,
2428 1602 2586 1656 τοῦτο
2639 1605 2858 1672 σημεῖον
2877 1599 2936 1653 τὸ
2965 1597 3120 1652 τεθὲν
3148 1595 3228 1666 τῷ
3251 1596 3412 1658 Κάῖν,
3437 1595 3524 1647 ἵνα
3553 1593 3660 1656 πᾶς
3684 1593 3726 1624 η
3757 1593 3790 1644 6

2211 1695 2484 1766 εὑρίσκων
2517 1693 2681 1747 αὑτὸν
2724 1691 2798 1764 μὴ
2837 1689 3160 1761 ἀποκτείνῃ.
3196 1679 3369 1750 Οὗτος
3393 1726 3408 1749 ,
3440 1684 3628 1755 φησὶν,
3668 1682 3789 1736 ἔστι

2214 1784 2354 1839 Κάῖν
2392 1784 2461 1847 η,
2493 1777 2555 1837 οὗ
2579 1781 2678 1852 τὴν
2708 1781 2902 1836 θυσίαν
2928 1780 2988 1834 ού
3025 1777 3389 1850 προσεδέξατο
3417 1777 3446 1829 6
3473 1774 3607 1838 Θεὸς
3632 1771 3788 1828 τοῦδε

2209 1877 2304 1931 τοῦ
2327 1877 2554 1947 κόσμου.
2574 1875 2685 1945 Τὴν
2713 1874 2767 1927 δὲ
2791 1872 3122 1944 ᾑμαγμένην
3151 1870 3469 1940 προσήκατο
3483 1864 3580 1920 τοῦ
3601 1865 3788 1919 Ἀϐελο

2211 1971 2407 2040 αἵμασι
2457 1968 2563 2040 γάρ
2597 1968 2777 2038 χαίρει
2827 1968 2856 2020 6
2884 1964 3038 2018 τοῦδε
3083 1961 3178 2016 τοῦ
3233 1961 3443 2030 κόσμου
3489 1959 3789 2029 Δεσπότης.

2212 2058 2382 2125 Οὗτός
2411 2062 2548 2124 ἐστι,
2580 2062 2748 2130 φησιν
2782 2057 2847 2120 ¹³,
2879 2058 2907 2110 6
2945 2056 3003 2109 ὲν
3037 2053 3297 2124 ἐσχάταις
3335 2050 3578 2122 ἡμέραις
3606 2048 3666 2101 ὲν
3692 2051 3790 2103 άν-

2213 2149 2429 2221 θρὼπου
2464 2151 2644 2220 μορφῇ
2694 2147 2883 2217 φανεὶς
2910 2147 2968 2198 ὲν
3001 2146 3112 2203 τοῖς
3141 2142 3354 2214 χρὸνοις
3395 2137 3663 2210 Ἡρώδου,
3697 2155 3792 2207 γε-

2211 2245 2435 2309 νόμενος
2463 2243 2583 2297 κατ’
2613 2240 2796 2295 εἰκόνα
2836 2237 3033 2309 Ἰωσὴφ
3070 2236 3111 2268 ¹⁵
3139 2235 3232 2290 τοῦ
3268 2231 3627 2305 πεπραμένου
3658 2231 3702 2265 ⁸⁸
3728 2234 3794 2284 ἐκ

2211 2337 2394 2408 χειρὸς
2420 2335 2686 2404 ἀδελφῶν,
2727 2324 2788 2386 οὗ
2824 2332 2986 2402 μόνου
3026 2330 3068 2362 ⁸⁸
3095 2329 3156 2381 τὸ
3195 2327 3399 2397 ἔνδυμα
3427 2321 3496 2396 ἦν
3526 2323 3790 2378 ποικίλον.

2213 2425 2382 2492 Οὗτός
2412 2430 2548 2492 ἐστι,
2585 2425 2769 2497 φησὶν,
2802 2425 2830 2476 6
2867 2424 2986 2476 κατ’
3012 2420 3199 2474 είκόνα
3252 2417 3448 2480 Ἠσαῦ,
3485 2410 3546 2471 οὗ
3578 2415 3675 2469 καὶ
3718 2415 3794 2484 μὴ

2216 2521 2481 2591 παρόντος
2503 2520 2536 2588 ἡ
2562 2515 2722 2587 στολὴ
2743 2514 3054 2584 εὐλόγηται,
3085 2512 3145 2575 ὃς
3172 2513 3274 2564 οὐκ
3300 2508 3521 2576 ἐδέξατο
3547 2509 3610 2570 ¹⁷,
3636 2507 3791 2576 φησῑ,

2213 2614 2313 2682 τὴν
2335 2608 2670 2680 ἁμϐλυωπδν
2701 2607 2744 2640 ⁸⁸
2765 2605 3039 2673 εὐλογίαν,
3072 2603 3186 2656 ἀλλ’
3212 2599 3548 2682 ἐπλούτησε]
3567 2595 3792 2682 ἔξωθεν,

2214 2677 2387 2754 οὐδὲν-
2413 2697 2520 2751 ἀπο
2565 2694 2660 2749 τοῦ
2713 2691 3178 2764 ἀμϐλυωποῦντος
3221 2687 3423 2751 λαϐὼν,
3474 2677 3534 2738 οὗ
3573 2680 3682 2738 εἶδε
3729 2685 3794 2736 τὸ

2216 2793 2507 2862 πρόσωπον
2544 2791 2583 2821 ’³
2632 2785 2828 2841 ’ἰακὼό
2879 2786 2955 2848 ὡς
3011 2784 3078 2836 ἂν
3127 2782 3226 2834 ίδοι
3288 2779 3575 2850 ἄνθρωπος
3617 2775 3793 2846 πρὸσ-

2216 2901 2363 2938 ωπον
2395 2879 2556 2936 Θεοῦ.
2593 2880 2731 2950 Περὶ
2763 2877 2977 2939 τούτου,
3021 2875 3174 2944 φησι,
3224 2873 3554 2942 γέγραπται,
3580 2867 3656 2931 ὡς
3691 2869 3799 2921 Νε-

2221 2973 2377 3043 ϐρὼδ
2406 2973 2578 3042 γίγας
2647 2969 2906 3038 κυνηγὸς
2943 2967 3146 3020 ἔναντι
3176 2963 3396 3032 Κυρίου
3434 2962 3499 3014 ’°.
3552 2959 3673 3012 Εἰσὶ
3717 2957 3798 3021 δὲ,

533 3062 617 3107 est
644 3067 869 3122 serpens
907 3054 958 3108 in
999 3056 1210 3110 deserto
1250 3071 1452 3120 tenens,
1501 3073 1660 3127 quem
1689 3061 1877 3113 statuit
1910 3060 2109 3116 Moses.

2218 3068 2369 3137 φησὶ,
2407 3065 2599 3118 τούτου
2630 3061 2917 3132 ἀντίμιμοι
2945 3058 3132 3112 πολλοὶ
3150 3097 3164 3122 ,
3190 3054 3437 3145 τοσοῦτοι
3463 3054 3580 3106 ὅσοι
3607 3050 3796 3145 ὤφθη-

533 3141 724 3206 Hujus,
755 3146 948 3214 inquit,
978 3146 1147 3201 solius
1195 3145 1398 3218 eliigies
1447 3148 1497 3202 in
1555 3148 1692 3202 coelo
1725 3161 1981 3218 perpetuo
2030 3161 2113 3205 est

2222 3170 2318 3206 σαν
2345 3155 2402 3206 ἐν
2446 3154 2512 3223 τῇ
2549 3151 2740 3222 ἐρήμῳ
2767 3149 2877 3212 τοῖς
2917 3147 3056 3210 υἱοῖς
3103 3143 3320 3216 Ἰσραὴλ
3368 3142 3676 3204 δάκνοντες,
3707 3138 3802 3205 ἀφ’

536 3235 886 3307 194195
923 3238 973 3290 in
1009 3239 1127 3293 luce
1173 3242 1485 3308 compicua.
1514 3239 1630 3306 llic,
1659 3241 1853 3310 inquit,
1887 3251 1968 3295 est
1998 3259 2112 3294 ma-

535 3345 698 3396 gnum
726 3329 1070 3399 principium,
1109 3332 1174 3385 de
1205 3347 1310 3400 quo
1350 3332 1606 3402 scriptum
1642 3343 1744 3388 est.
1770 3331 1846 3387 De
1877 3333 2000 3400 hnc,
2029 3334 2110 3386 iu-

531 3419 672 3485 quit,
703 3419 905 3475 dictum
935 3432 1011 3475 eSt
1045 3441 1057 3477 :
1091 3422 1154 3476 In
1189 3424 1448 3492 principio
1471 3436 1581 3478 erat
1621 3423 1868 3490 Verbum,
1898 3437 1946 3479 et
1985 3425 2115 3480 Ver-

535 3511 657 3564 bum
691 3525 798 3564 erat
830 3515 971 3578 apud
1003 3512 1187 3574 Deum.
1213 3526 1258 3567 et
1281 3513 1422 3568 Deus
1445 3527 1555 3568 erat
1593 3514 1838 3583 Verbum.
1868 3515 1980 3570 Hoc
2004 3527 2114 3570 erat

535 3604 590 3654 in
629 3603 885 3670 principio
931 3603 1072 3668 apud
1129 3604 1312 3657 Deum.
1373 3604 1564 3658 Omnia
1617 3623 1709 3673 per
1755 3609 1925 3675 ipsum
1973 3607 2115 3674 facta

538 3702 744 3756 sunt,“
767 3693 882 3745 sine
923 3693 1033 3754 ipso
1061 3693 1261 3756 factum
1299 3707 1376 3747 est
1407 3695 1558 3748 nihil.
1592 3694 1744 3760 Quod
1791 3696 1993 3763 factum
2041 3705 2116 3749 est

539 3785 597 3835 in
625 3783 760 3849 irso,
807 3785 910 3837 vita
946 3794 1044 3837 est.
1076 3782 1132 3837 In
1177 3786 1293 3854 ipso
1343 3797 1546 3852 autem,
1580 3786 1777 3854 inquit,
1829 3787 1934 3840 Eva
1977 3787 2117 3841 facta

539 3883 649 3938 cst,
681 3873 788 3928 Eva
823 3885 1000 3927 autem
1043 3876 1170 3930 vita.
1223 3875 1345 3931 llaec
1395 3889 1573 3932 autem
1605 3887 1709 3944 est,
1757 3877 1950 3946 inquit,
1987 3878 2116 3943 Eva,

543 3975 716 4020 mater
764 3967 1006 4020 omnium
1062 3968 1381 4031 viventium,
1414 3969 1718 4022 communis
1769 3979 1983 4033 natura,
2018 3969 2120 4023 hoc

535 4067 622 4112 est
679 4058 899 4112 deorum
955 4059 1288 4129 angelorum,
1339 4061 1722 4114 immortalium
1787 4061 2117 4125 mortalium,

542 4149 755 4202 ratione
808 4149 1111 4202 carentium
1173 4151 1384 4204 ratione
1434 4151 1820 4219 pranlitorum;
1853 4166 1975 4204 nam
2026 4151 2121 4222 qui

545 4238 776 4292 omnium
826 4240 978 4305 dixit,
1015 4241 1206 4310 inquit,
1253 4242 1495 4295 omnium
1550 4241 1707 4296 dixit.
1744 4241 1809 4296 Et
1851 4241 1896 4295 si
1947 4242 2120 4310 cujus,

545 4332 740 4398 inquit,
772 4331 910 4385 oculi
943 4332 1112 4398 beati,
1147 4333 1234 4386 Itic
1281 4332 1483 4387 videbit
1529 4333 1780 4401 attollens
1829 4334 2016 4390 oculos
2069 4336 2120 4390 in

2218 3237 2294 3297 ὧν
2325 3243 2592 3317 ἐρρύσατο
2619 3240 2747 3304 τοὺς
2769 3239 3136 3308 δακνομένους
3164 3236 3192 3288 ὁ
3221 3234 3426 3295 τέλειος
3471 3232 3674 3292 ἐκεῖνος
3698 3266 3715 3295 ,
3742 3226 3801 3279 ὃν

2223 3336 2418 3406 ἔστησε
2466 3333 2730 3402 Μωῦσῆς.
2770 3329 2940 3384 Τοῦτό
2999 3331 3136 3390 ἐστι,
3173 3327 3329 3396 φησὶ,
3363 3324 3424 3376 τὸ
3468 3321 3756 3393 εἰρημένον
3783 3335 3796 3348 °

2223 3430 2333 3484 Καὶ
2356 3431 2399 3460 ⁸⁸
2431 3428 2504 3482 ὃν
2528 3429 2757 3495 τρόπον
2787 3425 2832 3455 ²²
2870 3423 3081 3491 ὕψωσε
3119 3417 3380 3486 Μωυσῆς
3409 3419 3516 3470 τὸν
3547 3415 3684 3484 ὄφιν
3734 3414 3803 3466 ἐν

2223 3521 2297 3590 τῇ
2337 3520 2536 3589 ἐρήμῳ
2563 3559 2577 3583 ,
2617 3518 2806 3584 οὕτως
2855 3514 3174 3584 ὑψωθῆναι
3226 3510 3323 3564 δεῖ
3369 3510 3476 3563 τὸν
3510 3507 3642 3561 Υίὸν
3696 3505 3804 3560 τοῦ

2223 3609 2557 3678 ἀνθρώπου.
2593 3604 2797 3659 Τούτου
2832 3607 2952 3658 κατ’
2997 3603 3180 3656 εἰκόνα
3209 3602 3432 3670 γέγονεν
3461 3602 3488 3653 6
3511 3599 3635 3668 ὄφις
3656 3598 3712 3650 ὲν
3737 3601 3802 3667 τῇ

2224 3703 2416 3772 ἐρήμῳ
2447 3697 2701 3770 χαλκοῦς,
2736 3697 2794 3750 ὃν
2827 3696 3024 3766 ἔστησε
3058 3694 3322 3763 Μωΰσῆς.
3365 3691 3566 3746 Τούτου
3593 3729 3608 3754 ,
3647 3691 3802 3760 φησι,

2229 3792 2392 3863 μόνου
2442 3790 2501 3842 τὸ
2528 3789 2780 3858 ὁμοίωμα
2809 3786 2886 3860 [υ.
2922 3785 3044 3840 154.
3084 3783 3205 3854 155]
3239 3785 3296 3836 ἐν
3338 3782 3419 3854 τῷ
3471 3779 3687 3852 ούρανῷ
3716 3779 3807 3832 διὰ

2227 3881 2426 3944 παντός
2459 3881 2604 3934 ἐστιν
2650 3879 2790 3948 φωτὶ
2818 3874 3112 3948 ὁρώμενον.
3147 3870 3335 3940 Οὗτος,
3365 3873 3552 3943 φησὶν,
3599 3872 3746 3924 ἐστὶν
3772 3871 3805 3938 ή

2231 3973 2442 4046 μεγάλη
2485 3970 2628 4041 ἀρχὴ
2655 4009 2670 4034 ,
2720 3969 2849 4040 περὶ
2889 3963 2956 4039 ἧς
3010 3967 3342 4038 γέγραπται.
3375 3964 3530 4035 ’Περὶ¹
3592 3963 3802 4023 τούτου,

2229 4063 2427 4133 φησὶν,
2461 4063 2714 4132 εἴρηται·
2760 4060 2862 4114 Ἐν
2907 4056 3066 4127 ἀρχῇ
3099 4058 3144 4089 ’³
3173 4052 3248 4126 ἦν
3296 4059 3328 4109 ὀ
3368 4054 3558 4122 Λόγος
3585 4094 3600 4118 ,
3646 4050 3742 4106 καὶ
3774 4055 3806 4105 ό

2229 4155 2420 4221 Λόγος
2455 4149 2534 4221 ἦν
2564 4150 2714 4219 πρὸς
2752 4150 2860 4203 τὸν
2890 4148 3037 4202 Θεὸν
3067 4188 3081 4209 .
3115 4146 3214 4200 καὶ
3248 4145 3392 4211 Θεὸς
3421 4141 3500 4215 ἦν
3534 4145 3566 4197 6
3597 4143 3806 4211 Λόγος.

2232 4242 2422 4312 Οὗτος
2445 4241 2522 4315 ἦν
2553 4244 2622 4297 ἐν
2650 4240 2811 4311 ἀρχῇ
2855 4241 3005 4308 πρὸς
3026 4239 3134 4292 τὸν
3165 4237 3312 4291 Θεὸν
3331 4276 3347 4300 ,
3382 4235 3581 4289 πάντα
3605 4232 3678 4286 δι’
3701 4233 3809 4285 αὺ-

2231 4337 2334 4391 τοῦ
2356 4335 2593 4405 ἐγένετο
2613 4377 2625 4398 ,
2661 4332 2759 4386 καί
2783 4331 2963 4401 χωρίς
2991 4329 3176 4383 αὑτοῦ
3200 4327 3436 4397 ἐγένετο
3466 4323 3608 4379 οὐδὲ
3635 4323 3737 4378 ἕν’
3777 4321 3808 4375 ὃ

545 4423 743 4480 coelqu
791 4425 1060 4493 serpentis
1114 4424 1394 4494 pulchram
1473 4425 1761 4494 imaginem
1817 4425 1869 4480 in
1928 4441 2113 4498 magno

2230 4428 2481 4498 γέγονεν
2517 4427 2585 4479 ἐν
2612 4422 2793 4489 αὐτῷ,
2823 4422 2934 4490 ζωή
2962 4422 3154 4476 ἐστιν.
3205 4420 3293 4473 Ἐν
3330 4417 3479 4488 αὐτῷ
3512 4415 3594 4478 δὲ,
3620 4413 3807 4484 φησιν,

543 4515 808 4586 principio
848 4515 970 4571 cmli
1009 4530 1128 4570 sese
1175 4525 1472 4572 vertentem
1503 4529 1557 4571 et
1583 4520 1934 4573 exsistentem
1975 4519 2122 4587 prin-

546 4607 746 4678 cipium
794 4609 972 4664 omnis
1027 4620 1203 4663 motus
1254 4609 1506 4664 omnibus
1560 4627 1680 4679 quae
1730 4611 1886 4676 ﬁunt,
1936 4622 1988 4665 et
2032 4627 2121 4666 co-

548 4711 773 4771 gnoscet
821 4704 938 4756 sine
974 4701 1064 4756 illo
1093 4702 1226 4755 nihil
1255 4717 1424 4770 neque
1450 4703 1752 4757 caelestium
1789 4720 1960 4773 neque
2013 4714 2122 4759 ter-

551 4793 802 4848 restrium
836 4808 1013 4862 neque
1055 4791 1401 4847 inl'ernalium
1456 4795 1786 4849 constitisse.
1819 4793 1936 4849 Non
1993 4811 2124 4859 nox,

547 4899 654 4938 non
697 4884 846 4949 luna,
897 4900 1000 4939 non
1053 4884 1254 4954 fruges,
1292 4901 1395 4940 uou
1447 4885 1720 4954 genitura,
1756 4903 1858 4941 nou
1899 4887 2123 4954 divitiae,

549 4993 655 5031 non
689 4977 962 5044 migratio,
1017 4993 1116 5032 nec
1161 4978 1380 5033 omnino
1431 4981 1722 5049 quidquam
1769 4993 1956 5033 eorum
2007 4994 2124 5046 qum

548 5079 678 5125 sunt
719 5080 801 5124 εει
829 5069 948 5124 sine
976 5069 1341 5138 gubernatore
1383 5070 1497 5124 illo.
1529 5070 1586 5124 in
1624 5072 1724 5125 hoc
1769 5081 1873 5135 est,
1926 5071 2123 5140 inquit,

552 5177 805 5234 maguum
836 5162 1175 5227 miraculum,
1207 5163 1348 5231 quod
1395 5163 1636 5218 cernitur
1663 5164 1728 5217 iis
1755 5164 1805 5216 in
1841 5161 1998 5225 coglo,
2034 5161 2123 5231 qui

2229 4521 2270 4588 ἡ
2290 4516 2404 4570 Εὕα
2429 4516 2670 4586 γέγονεν,
2700 4517 2731 4584 ἡ
2766 4513 2879 4567 Εὕα
2904 4513 3037 4584 ζωή.
3068 4510 3216 4581 Αὕτη
3258 4510 3337 4575 δὲ,
3380 4509 3570 4579 φησιν,
3602 4505 3752 4560 ἐστὶν
3777 4506 3809 4575 ὴ

2231 4609 2365 4674 Εὕα,
2396 4609 2578 4680 μήτηρ
2606 4607 2822 4660 πάντων
2857 4605 2966 4659 τῶν
3001 4603 3236 4670 ζώντων,
3254 4601 3407 4673 κοινὴ
3440 4601 3623 4672 φύσις,
3652 4616 3808 4652 τουτ-

2231 4703 2346 4755 έστι
2408 4700 2546 4753 θεῶν
2588 4698 2859 4768 ἀγγέλων,
2891 4696 3177 4750 ἀθανάτων
3205 4695 3439 4766 θνητῶν,
3473 4693 3687 4762 ἀλόγων
3722 4691 3810 4743 λο-

2230 4792 2403 4863 γικῶν
2430 4808 2444 4822 ο
2480 4792 2508 4842 ὁ
2554 4789 2660 4859 γὰρ
2684 4789 2960 4850 πάντων,
3005 4785 3171 4856 φησὶν
3195 4826 3209 4849 ,
3252 4782 3423 4836 είπὼν
3455 4781 3646 4852 εἴρηκε
3679 4777 3812 4832 πάν-

2231 4904 2338 4939 των
2367 4884 2411 4916 ’⁸
2435 4901 2449 4916 ·
2481 4884 2574 4936 καὶ
2622 4883 2675 4934 εἴ
2700 4898 2866 4943 τινος,
2907 4878 3094 4950 φησιν,
3143 4877 3192 4928 0i
3223 4871 3494 4943 ὀφθαλμοὶ
3528 4871 3807 4942 μακάριοι.

2235 4972 2392 5040 οὗτος
2422 4976 2614 5044 ὄψεται
2648 4971 2960 5040 ἀναϐλέψας
3004 4970 3086 5030 είς
3121 4967 3211 5020 τὸν
3239 4964 3470 5036 οὐρανὸν
3515 4961 3607 5015 τοῦ
3640 4961 3814 5027 ὄφεως

2237 5069 2337 5138 τὴν
2368 5067 2540 5137 καλὴν
2588 5064 2774 5120 εἰκόνα
2822 5065 2878 5115 ὲν
2905 5064 2971 5132 τῇ
3017 5058 3233 5130 μεγάλῃ
3283 5057 3425 5127 ἀρχῇ
3455 5052 3550 5107 τοῦ
3583 5047 3816 5122 ούρανοῦ

2239 5159 2616 5230 στρεφομένην
2655 5159 2750 5210 καὶ
2797 5153 3092 5224 ’γινομένην
3124 5149 3300 5221 ἀρχὴν
3332 5147 3514 5217 πάσης
3551 5147 3816 5213 κινήσεως

1826 5313 2064 5369 νΑΒΙᾹί
2100 5312 2504 5371 LECTIONES.

621 5457 644 5489 ν
671 5455 796 5524 ὄφις
837 5456 990 5525 ὄφεις
1017 5453 1077 5510 C.

555 5528 595 5560 "
638 5525 721 5581 Cf.
761 5526 778 5580 Ι
819 5526 950 5580 Mos.
989 5526 1172 5590 tv,15.

554 5599 616 5652 c.
695 5596 738 5627 ιο
780 5597 937 5664 μόνον
977 5595 1048 5659 e.
1081 5595 1153 5651 Μ’.

1280 5525 1322 5556 ³³
1353 5523 1436 5578 Cf.
1477 5525 1496 5576 Ι
1535 5521 1667 5577 Mos.
1696 5537 1766 5586 tv,
1799 5524 1918 5578 5-5.
2033 5524 2077 5555 ⁸³

1191 5455 1212 5483 ⁸
1244 5452 1326 5508 Cf.
1365 5454 1409 5507 ll
1435 5454 1572 5508 Mus.
1631 5467 1703 5515 tv,
1763 5454 1884 5515 2-4,
1948 5453 2028 5518 ΓΙ,
2080 5469 2132 5507 c.
2183 5469 2280 5519 vu,
2338 5451 2490 5506 9-15.

1280 5525 1322 5556 ¹²
1353 5523 1436 5575 Cf.
1477 5525 1496 5575 I
1535 5521 1667 5575 Mos.
1696 5537 1766 5575 tv.
1799 5524 1918 5575 5-5.
2033 5524 2077 5555 ⁸³
2111 5523 2274 5575 φασίν
2303 5521 2367 5575 (ἶ.
2403 5521 2472 5574 Μ.

1280 5525 1322 5556 ¹²
1353 5523 1436 5578 Cf.
1477 5525 1496 5576 I
1535 5523 1667 5577 Mos.
1696 5537 1766 5586 ιν,
1799 5524 1918 5578 5-5.
2033 5524 2077 5555 ⁸³
2111 5523 2274 5593 φασίν
2303 5523 2367 5586 C,
2403 5523 2472 5574 Μ.

1259 5595 1298 5624 ¹⁷
1332 5593 1413 5647 Cf.
1449 5593 1465 5646 l
1509 5594 1642 5646 Mos.
1701 5608 1879 5654 xxvii,
1925 5593 1990 5647 15
2023 5607 2145 5661 sqq.
2226 5591 2267 5623 ¹⁸
2296 5593 2472 5661 άμὸλυ

2595 5450 2616 5483 ⁹
2652 5450 2709 5501 ὲν
2770 5461 2879 5500 0m.
2945 5446 3006 5499 C.
3112 5444 3154 5474 ⁸⁸
3183 5440 3266 5495 Ci.
3332 5442 3350 5492 Ι
3408 5438 3539 5491 Mos.
3597 5451 3678 5494 Ili.
3713 5436 3816 5488 l-7.

2579 5518 2622 5551 ¹¹⁵
2653 5517 2734 5573 Cf.
2765 5519 2784 5570 i
2830 5516 2960 5570 Mos.
2998 5515 3085 5577 '58,
3121 5511 3277 5565 5-28.
3356 5510 3398 5540 ¹⁵
3434 5505 3820 5577 πεπραγμένου

2226 5591 2267 5623 ιε
2296 5574 2646 5662 ἀμελυῳπάγ,
2678 5587 2770 5662 et:
2815 5587 2830 5639 l
2874 5587 3007 5662 Mos.
3047 5574 3223 5662 xxvii,
3261 5582 3310 5634 l.
3375 5581 3450 5662 θη
3490 5574 3570 5632 cr.
3599 5576 3632 5662 vl
3665 5574 3817 5628 uo...

561 5646 732 5720 ἱὲιιιι
753 5646 1093 5727 ,νῐοεεῖδὸιέ
1115 5646 1178 5716 Et
1209 5646 1500 5733 πρόσωπόν
1523 5681 1635 5720 σου,
1660 5663 1821 5733 ens-1
1849 5646 2378 5733 έιςιδοιῖτὶράσωπόν
2414 5660 2556 5733 θεοῦ.
2600 5657 2856 5733 ’ξι-μσς.
2890 5672 2947 5733 5.
2966 5657 3011 5733 _9
3033 5693 3050 5714 .
3085 5653 3174 5733 ubi
3209 5649 3576 5733 tvwnioyprg
3597 5646 3794 5733 ξναντι.

561 5735 602 5764 ’⁸
637 5734 750 5786 Καὶ
808 5734 989 5796 καθὼς
1032 5731 1272 5799 Μωῦσῆς
1323 5732 1535 5798 ὕψωσεν
1592 5733 1680 5784 τὸν
1719 5732 1840 5799 ὅφιν
1884 5761 1966 5801 -ον
1998 5731 2302 5801 ἀνθρώπου.

561 5802 681 5859 ι-ι.

763 5806 803 5833 η
837 5802 1022 5870 εἴρηκε
1055 5804 1288 5856 πάντων.
1325 5803 1505 5869 εἴρηκε
1534 5801 1736 5853 τούτων
1777 5815 1925 5868 susp.
1959 5800 2023 5854 Μ.

2407 5730 2500 5781 καὶ
2544 5714 2663 5781 καθ’
2703 5725 2768 5779 Μ.
2890 5727 2932 5757 ’¹
2965 5726 3056 5780 Εν.
3101 5720 3256 5777 Joan.
3298 5734 3372 5782 ut,
3412 5714 3498 5772 ιι.
3535 5714 3820 5811 "hami,
