4144 6328
371 361 513 428 3195

1499 363 1796 425 CONTRA
1833 359 2202 424 H/ERESES
2242 362 2389 424 LIB.
2426 364 2491 425 V.

3483 349 3621 412 3W)

384 468 639 542 Ἀχαμῶθ
686 471 756 534 ¹¹,
816 470 989 534 Νάας,
1060 470 1191 542 Βὴλ,
1252 467 1720 539 Βε).ία;,’Σατάν,
1780 474 1946 544 Σαὴλ,

2053 475 2341 541 Adnttzeus,
2370 474 2686 540 Leviathan,
2719 473 2949 535 Pharao,
2976 471 3358 529 Carcameuos,
3388 461 3619 517 Datlteu.

384 561 691 623 Ἀδωναῖος,
725 560 899 613 Καυΐθ
910 579 970 615 ιν
994 563 1058 627 ³³,
1092 561 1292 631 Φαραὼ
1314 564 1379 626 ’³,
1414 564 1812 636 Καρκαμενὼς,
1836 565 1946 618 Λά-

374 649 489 705 θεν.
523 648 743 703 Τούτων
798 650 909 704 τῶν
965 654 1427 724 εἰκοσιτεσσάρων
1478 656 1724 724 ἀγγέλων
1763 658 1811 710 oi
1848 657 1946 726 μὲν

376 742 638 811 πατρικοὶ
667 740 746 812 τῷ
774 744 946 813 πατρὶ
974 746 1385 816 συναίρονται“
1413 748 1508 800 καὶ
1525 747 1701 800 πάντα
1735 747 1949 802 ποιοῦσι

374 832 518 887 κατὰ
542 832 604 885 τὸ
628 833 838 904 θέλημα
868 833 948 906 [ν.
984 836 1104 890 151.
1133 837 1259 910 152]
1286 837 1482 892 αὑτοῦ·
1513 842 1563 892 oi
1594 841 1651 894 δὲ
1687 843 1951 911 μητρικοὶ

373 928 440 994 τῇ
473 925 642 996 μητρὶ
688 926 884 996 Ἐδέμ·
921 925 1127 982 τούτων
1167 928 1223 982 δὲ
1245 930 1353 982 τῶν
1382 931 1781 1002 ἀγγέλωνὸμοῦ
1813 933 1951 985 πάν-

376 1032 486 1067 των
514 1015 574 1067 τὸ
619 1015 824 1085 πλῆθος
849 1017 878 1069 ὁ
908 1018 1259 1087 παράδεισος,
1306 1020 1489 1089 φησὶν,
1550 1020 1686 1082 ἐστὶ,
1723 1021 1850 1090 περὶ
1887 1011 1951 1072 οὗ

378 1106 526 1175 λέγει
561 1107 793 1178 Μωσῆςο
843 1111 1210 1178 Ἐφύτευσεν
1248 1114 1279 1165 ὀ
1312 1111 1459 1177 Θεὸς
1501 1112 1546 1143 ’⁵
1580 1111 1953 1180 παράδεισον
1989 1182 2021 1195 η

377 1199 448 1251 ἐν
486 1199 662 1268 Ἑδὲμ
684 1201 836 1253 κατὰ
859 1200 1187 1267 ἀνατολὰς,
1218 1201 1464 1255 τουτέστι
1491 1202 1632 1255 κατὰ
1661 1204 1953 1273 πρόσωπον

376 1290 477 1359 τῆς
519 1290 706 1361 Ἐδὲμ,
738 1292 828 1346 ἵνα
856 1292 1025 1365 βλέπῃ
1044 1293 1134 1346 τὸν
1164 1293 1546 1363 παράδεισον-ἠ
1584 1294 1768 1364 Ἐδὲμ,
1795 1313 1949 1347 τουτ-

378 1380 496 1433 έστι
541 1380 669 1444 τοὺς
703 1383 992 1452 ἀγγέλους,
1024 1383 1112 1437 διὰ
1141 1384 1365 1448 παντὸς.
1402 1385 1605 1440 Τούτου
1635 1386 1728 1439 τοῦ
1775 1404 1954 1459 παρα-

375 1472 558 1525 δείσου
587 1472 970 1542 ἀλληγορικῶς
1004 1477 1057 1528 οί
1088 1475 1313 1544 ἄγγελοι
1347 1476 1641 1546 κέκληνται
1675 1477 1828 1544 ξύλα,
1857 1479 1954 1532 καὶ

377 1561 493 1616 ἔστι
524 1562 585 1615 τδ
613 1563 768 1628 ξύλον
796 1565 895 1635 τῆς
941 1565 1085 1635 ζωῆς
1112 1569 1139 1619 ὁ
1174 1566 1359 1638 τρίτος
1386 1567 1494 1621 τῶν
1522 1570 1804 1639 πατρικῶν
1849 1572 1951 1638 ἀγ·-

377 1653 554 1721 γέλων
582 1656 820 1726 Baga-hx,
851 1657 909 1710 τὸ
940 1658 996 1710 δὲ
1019 1657 1175 1722 ξύλον
1201 1660 1297 1712 τοῦ
1329 1659 1529 1714 εἰδέναι
1559 1663 1761 1730 γνῶσιν
1785 1664 1952 1717 καλοῦ

377 1744 474 1796 καὶ
501 1744 739 1816 πονηροῦ
762 1748 790 1799 ὁ
805 1748 989 1817 τρίτος
1013 1748 1124 1803 τῶν
1147 1751 1430 1821 μητρικῶν
1453 1753 1763 1820 ἁγγέλωνμ)
1780 1756 1949 1820 Νάας.

2054 564 2256 619 [lorum
2298 565 2483 634 viginti
2512 573 2747 632 quatuor
2795 559 3105 632 angelorum
3157 553 3384 626 paterni-
3416 560 3620 622 patrem

2050 657 2380 711 comitantur
2400 655 2752 726 220-221
2770 664 2822 709 et
2837 652 3012 708 omnia
3031 648 3314 722 perﬁciunt
3335 658 3412 699 ex-
3428 641 3619 694 volun-

2053 758 2162 803 tate
2208 750 2324 818 ejus
2353 790 2368 815 ,
2428 748 2659 803 materni
2710 757 2890 802 autem
2938 755 3162 800 matrem
3199 732 3619 794 Edennﬂorum

2051 850 2231 895 autem
2257 840 2572 912 angelorum
2598 839 2757 894 simul
2779 839 3018 893 omnium
3037 831 3322 889 multitudo
3340 824 3623 898 paradisus

2048 941 2152 997 est,
2191 931 2364 1001 inquit
2388 971 2403 995 ,
2433 932 2501 987 de
2532 947 2640 1001 quo
2673 932 2745 986 ait
2782 930 2996 986 Moses:
3045 926 3314 981 Plantauit
3356 922 3493 976 Dem
3536 932 3625 983 pa-

2050 1024 2287 1077 radisum
2326 1023 2382 1076 in
2413 1021 2580 1077 Edent
2625 1025 2874 1078 orientem
2912 1038 3087 1076 versus
3113 1059 3129 1085 ,
3164 1018 3268 1073 hoc
3310 1024 3392 1070 est
3435 1023 3624 1065 versus

2051 1112 2244 1166 faciem
2280 1113 2446 1166 Edem
2468 1154 2485 1180 ,
2518 1124 2575 1168 ut
2604 1123 2809 1184 spectet
2842 1113 3145 1183 paradisum
3177 1108 3344 1163 Edent
3369 1145 3385 1169 ,
3415 1104 3517 1159 huc
3540 1109 3625 1156 est

2049 1203 2307 1270 angelos,
2369 1205 2421 1257 in
2473 1213 2816 1274 perpetuum.
2866 1201 3037 1268 liuius
3073 1192 3624 1271 paradisrallegorice

2050 1295 2225 1365 augt-li
2261 1304 2524 1349 vocantur
2557 1296 2698 1365 ligna
2733 1335 2749 1360 ,
2811 1304 2864 1349 et
2924 1305 3006 1349 est
3032 1290 3389 1362 lignumvitae
3433 1284 3624 1340 tertius

2051 1399 2395 1457 paternorum
2427 1387 2760 1458 angelorum,
2788 1386 3030 1450 Baruclt;
3064 1383 3266 1450 lignum
3307 1387 3486 1433 autem
3527 1375 3628 1432 ha-

2051 1479 2209 1533 beudi
2256 1479 2617 1550 cognitionem
2645 1477 2773 1532 boni
2798 1485 2852 1531 et
2877 1475 2999 1530 mali
3034 1473 3226 1528 tertius
3255 1476 3624 1525 maternorum

2051 1573 2362 1643 angelorum
2388 1614 2403 1639 ,
2445 1570 2610 1626 Naas.
2666 1570 2742 1626 ita
2781 1571 2926 1625 enim
2963 1568 3040 1623 ait
3066 1566 3229 1621 Mosis
3259 1562 3422 1617 verba
3458 1558 3629 1613 inter—

2052 1666 2310 1734 pretanda
2359 1680 2479 1720 esse
2529 1664 2756 1718 dicens:
2800 1655 3296 1732 Circumloqucnde
3336 1665 3399 1708 ea
3428 1646 3624 1705 extulit

2053 1753 2261 1818 Moses,
2293 1754 2493 1823 quippe
2524 1767 2647 1806 cum
2680 1766 2786 1805 non
2819 1762 3010 1804 omnes
3040 1750 3401 1814 assequantur
3433 1736 3629 1793 verita-

376 1834 564 1900 061w;
597 1837 644 1868 ”
670 1838 780 1908 γὰρ
808 1838 960 1906 λέγει
990 1841 1102 1894 δεῖν
1140 1844 1183 1874 ⁸⁷
1211 1847 1278 1897 τὰ
1327 1845 1569 1910 Μωσέως
1602 1847 1947 1918 ἑρμηνεύειν,

2054 1855 2178 1901 tem.
2215 1844 2381 1899 Facto
2409 1854 2586 1897 autem
2612 1883 2627 1908 ,
2672 1842 2885 1910 inquit,
2917 1838 3173 1907 paradiso
3200 1850 3266 1891 ex
3301 1827 3626 1899 complacita

378 1923 587 1993 λέγων·
640 1929 1127 2001 περιεσταλμένως
1162 1934 1207 1965 ⁸⁸
1238 1934 1380 1988 αὐτὰ
1433 1933 1587 1989 εἶπεν
1639 1940 1667 1990 ὁ
1710 1940 1949 2009 Μωῦσῆς

376 2015 469 2069 διὰ
496 2017 558 2069 τὸ
587 2018 661 2090 μὴ
699 2020 907 2084 πάντας
949 2028 1147 2096 χωρεῖν
1192 2027 1293 2097 τὴν
1336 2028 1615 2100 ἀλήθειαν.
1652 2031 1949 2103 Γενομένου

376 2106 457 2169 δὲ,
487 2109 641 2176 φησὶ,
689 2110 784 2163 τοῦ
834 2114 1162 2184 παραδείσου
1204 2117 1263 2182 ἐξ
1308 2119 1722 2192 εὐαρεστήσεως
1764 2124 1951 2194 κοινῆς

392 2197 627 2269 Ἐλωεὶμ
652 2202 749 2254 καὶ
782 2203 964 2275 Ἐδὲμ,
984 2208 1030 2259 οί
1055 2208 1150 2261 τοῦ
1181 2209 1416 2280 Ἐλωεὶμ
1438 2211 1660 2281 ἄγγελοι
1687 2214 1947 2281 λαϐόντες

375 2288 489 2342 ἀπὸ
518 2289 617 2359 τῆς
660 2291 952 2361 καλλίστης
987 2297 1109 2367 γῆς,
1140 2300 1422 2354 τουτέστιν
1467 2303 1569 2357 οὒκ
1599 2304 1706 2357 ἀπὸ
1732 2305 1827 2359 τοῦ
1858 2306 1952 2378 θη-

378 2378 608 2451 ριώδους
641 2383 840 2454 μέρους
892 2389 991 2458 τῆς
1030 2387 1212 2460 Ἑδὲμ,
1255 2390 1392 2448 ἀλλὰ
1437 2393 1544 2447 ἀπὸ
1587 2395 1696 2448 τῶν
1736 2397 1874 2467 ὑπὲρ
1905 2401 1950 2432 η

379 2468 628 2539 βουϐῶνα
686 2475 1103 2546 ἀνθρωποειδῶν
1149 2482 1244 2534 καὶ
1290 2482 1516 2555 ἡμέρων
1560 2487 1778 2559 χωρίων
1810 2488 1820 2558 Ι
1851 2490 1951 2558 τῆς

377 2562 484 2630 γῆς
534 2563 747 2619 ποιοῦσι
792 2566 884 2623 τὸν
932 2569 1239 2642 ἄνθρωπον.
1284 2575 1378 2628 Ἐκ
1407 2575 1463 2629 δὲ
1504 2577 1613 2630 τῶν
1670 2578 1952 2651 θηριωδῶν

380 2653 586 2723 μερῶν,
625 2658 781 2727 φησὶ,
814 2659 1057 2728 γίνονται
1084 2662 1153 2716 τὰ
1180 2665 1344 2737 θηρία
1375 2669 1472 2721 καὶ
1511 2669 1579 2722 τὰ
1605 2670 1768 2723 λοιπὰ
1812 2671 1945 2737 ζῶα.

377 2743 487 2798 Τὸν
515 2745 800 2817 ἄνθρωπον
818 2748 910 2806 οὖν
937 2754 1199 2816 ἐποίησαν
1225 2757 1271 2788 ³⁸
1298 2758 1563 2828 σύμϐολον
1584 2762 1682 2832 τῆς
1704 2763 1952 2833 ένότητος

380 2835 557 2889 αὐτῶν
593 2838 686 2891 καὶ
732 2841 963 2907 εὐνοίας,
1024 2846 1118 2898 καὶ
1169 2849 1549 2902 κατατίθενται
1593 2852 1690 2914 τὰς
1743 2853 1952 2906 ἑαυτῶν

380 2925 642 2996 δυνάμεις
670 2930 750 2993 εἰς
771 2932 933 2985 αὐτὸν
960 2934 1029 2997 ³⁸,
1055 2936 1167 2989 Ἐδὲ
1177 2955 1216 3005 μ
1244 2938 1341 3007 μὲν
1362 2941 1460 3008 τὴν
1479 2939 1679 3011 ψυχὴν,
1721 2943 1953 3012 Ἐλωεὶμ

380 3016 441 3068 δὲ
470 3017 531 3070 τὸ
562 3020 803 3091 πνεῦμα.
836 3025 943 3078 Καὶ
976 3026 1189 3093 γίνεται
1215 3030 1380 3082 οἱονεὶ
1420 3033 1653 3101 σφραγίς
1696 3050 1777 3098 τις
1811 3034 1949 3106 αὕτη

2047 1937 2553 1993 conuuuniElohim
2587 1935 2849 1994 ctEdem,
2888 1930 3093 1986 Eloltim
3119 1926 3316 1999 angeli,
3348 1929 3626 1979 sumentes

2052 2045 2081 2084 a
2115 2029 2478 2099 pulcherrima
2516 2037 2660 2082 terra
2687 2064 2705 2092 ,
2734 2025 2836 2080 hoc
2882 2036 2971 2078 est
3003 2037 3109 2077 non
3144 2037 3174 2075 a
3216 2014 3428 2074 bestiali
3474 2021 3629 2083 parte

2051 2121 2240 2186 Edem,
2271 2122 2364 2176 sed
2393 2136 2457 2175 ex
2490 2121 2735 2197 partibus
2764 2132 2929 2186 supra
2955 2115 3172 2185 inguina
3200 2109 3403 2168 homini
3431 2103 3627 2163 simili-

2049 2215 2153 2270 bus
2182 2222 2236 2269 et
2266 2212 2542 2269 cicuribus
2571 2222 2725 2268 terra!
2754 2210 2960 2265 faciunt
2990 2205 3286 2263 hominem.
3319 2201 3393 2257 Ex
3425 2197 3628 2258 bestia-

2050 2305 2191 2360 libus
2230 2316 2409 2361 autem
2452 2305 2733 2374 partibus,
2770 2304 2979 2373 inquit,
3027 2301 3321 2368 gignuntur
3345 2291 3536 2349 bestia:
3570 2297 3628 2344 et

2053 2398 2256 2468 reliqua
2284 2396 2855 2453 auimalia.llominem
2876 2395 3040 2465 igitur
3056 2393 3300 2447 fecerunt
3318 2382 3625 2454 exemplum

2053 2492 2272 2544 unitatis
2318 2505 2431 2547 suae
2457 2498 2512 2545 et
2544 2490 2829 2544 charitatis
2859 2495 2913 2540 et
2936 2486 3210 2555 deponunt
3241 2494 3369 2535 suas
3397 2487 3626 2544 uterque

2052 2589 2350 2650 potestates
2389 2582 2441 2634 in
2470 2595 2556 2645 eo,
2605 2588 2660 2636 et
2688 2579 2855 2634 Edem
2889 2576 3107 2646 quidem
3126 2573 3388 2634 animum,
3415 2565 3624 2623 Elohim

2053 2683 2232 2727 autem
2274 2673 2545 2740 spiritum.
2584 2669 2650 2724 Et
2681 2669 2892 2723 exsistit
2934 2667 3040 2722 hoc
3093 2676 3346 2733 tanquam
3389 2657 3623 2730 sigillum

2054 2765 2321 2834 quoddam
2352 2773 2402 2816 ct
2427 2763 2627 2817 amoris
2660 2761 3050 2814 monimentum
3078 2766 3128 2810 ct
3152 2753 3454 2822 cxentplum
3471 2757 3631 2805 mter-

2056 2869 2181 2908 nmn
2236 2853 2537 2918 nuptiarum
2586 2852 2752 2906 Edcm
2792 2860 2846 2903 et
2890 2847 3096 2902 Elohim
3126 2888 3139 2912 ,
3173 2848 3335 2901 homo
3360 2884 3374 2909 ,
3406 2841 3496 2913 qui
3547 2847 3631 2896 est

2052 2945 2245 3000 Adam.
2281 2945 2495 2999 Pariter
2525 2952 2702 2998 autem
2740 2944 2904 2997 etiam
2937 2944 3043 2997 Eva
3079 2942 3215 2995 facta
3250 2948 3327 2992 cst
3357 2977 3371 3001 ,
3433 2933 3626 3003 inquit,

2055 3046 2111 3089 ut
2142 3036 2403 3104 scriptum
2434 3043 2516 3088 cst
2542 3034 2701 3097 Mosi,
2735 3033 2913 3103 imago
2949 3041 3002 3086 et
3030 3027 3362 3097 exemplum,
3392 3022 3626 3092 sigillum

382 3108 477 3160 καὶ
518 3110 701 3178 φιλίας
732 3115 1035 3186 ὑπόμνημα
1070 3120 1162 3172 καὶ
1191 3120 1456 3190 σύμϐολον
1486 3125 1704 3178 αἰώνιον
1731 3124 1824 3179 τοῦ
1848 3126 1949 3194 γά-

2059 3129 2111 3181 ἰιι
2142 3136 2457 3197 perpetuum
2489 3127 2900 3180 custodiendum
2934 3125 3076 3179 illius
3104 3123 3293 3177 Edent.
3348 3114 3629 3205 Deposita-

384 3215 488 3268 μου
523 3203 621 3272 τῆς
649 3203 807 3272 Ἑδὲμ
831 3208 927 3261 καὶ
955 3209 1050 3262 τοῦ
1104 3211 1334 3284 Ἐλωεὶμ
1362 3214 1666 3286 ἄνθρωπος,
1692 3220 1720 3271 ό
1757 3219 1948 3290 Ἀδάμ.

393 3290 623 3379 Ὁμοίως
654 3294 710 3348 δὲ
736 3298 830 3349 καὶ
860 3300 893 3368 ή
927 3299 1043 3354 Εὕα
1064 3303 1276 3371 γέγονε,
1311 3307 1497 3375 φησὶν,
1532 3307 1722 3379 ὥσπερ
1766 3311 1956 3364 Μωσεῖ

381 3378 714 3450 γέγραπται,
747 3386 913 3441 εἰκὼν
941 3393 1035 3444 καὶ
1068 3393 1360 3461 σύμϐολον,
1398 3397 1637 3467 σφραγὶς
1667 3378 1753 3464 είς
1778 3399 1953 3455 αίῶνα

383 3469 836 3562 φυλαχθησομένη
882 3481 928 3513 ³¹
973 3484 1071 3553 τῆς
1106 3484 1294 3555 Ἐδέμο
1344 3488 1611 3561 κατετέθη
1660 3507 1719 3543 τε
1748 3490 1951 3562 ὁμοίως

381 3560 562 3654 καὶνὲν
612 3568 678 3635 τῇ
713 3567 829 3641 Εὕα
856 3574 922 3643 τῇ
963 3574 1132 3628 εἰκόνι
1157 3576 1302 3649 ψυχὴ
1337 3579 1437 3649 μὲν
1478 3579 1587 3633 ἀπὸ
1615 3581 1713 3651 τῆς
1765 3560 1946 3654 Ἐδὲμ,

380 3653 602 3740 πνεῦμα
632 3656 690 3709 δὲ
724 3659 830 3712 ἀπὸ
854 3662 948 3715 τοῦ
991 3665 1242 3737 Ἐλωείμ.
1276 3669 1388 3722 Καὶ
1433 3670 1697 3740 ἐδόθησαν
1737 3653 1948 3726 ἐντολαὶ

379 3739 564 3805 αὐτοῖς
585 3759 598 3773 ·
626 3745 971 3809 Αὑξάνεσθε
992 3752 1037 3783 ³³
1070 3754 1167 3806 καί
1200 3739 1602 3823 πληθύνεσθε,
1635 3757 1734 3812 καὶ
1767 3774 1949 3814 κατα-

379 3836 874 3905 κληρονομήσατε
896 3841 1012 3909 τὴν
1041 3841 1175 3914 γῆν,
1199 3846 1446 3900 τουτέστι
1470 3847 1568 3918 τὴν
1595 3848 1775 3918 Ἐδὲμ,
1805 3848 1949 3904 οὕτω

379 3927 487 3998 γὰρ
516 3927 658 3982 θέλει
687 3934 1015 4003 γεγράφθαι.
1042 3937 1231 3991 Πᾶσαν
1246 3939 1355 4006 γὰρ
1379 3939 1476 4010 τὴν
1501 3941 1697 4010 ἑαυτῆς
1718 3941 1948 4012 δύναμιν

378 4015 684 4071 οίονείτινα
706 4021 894 4074 οὐσίαν
924 4024 981 4076 ἐν
1006 4025 1168 4095 γάμῳ
1208 4027 1242 4096 ἠ
1286 4026 1445 4097 Ἐδὲμ
1486 4030 1830 4100 προσήνεγκε
1870 4029 1948 4101 τῷ

390 4107 842 4181 Ἐλωείμ.”()θεν,
865 4116 1020 4185 φησὶ,
1038 4117 1177 4169 κατὰ
1195 4116 1425 4186 μίμησιν
1454 4119 1660 4172 ἐκείνου
1684 4120 1774 4173 τοῦ
1797 4120 1948 4192 πρώ-

378 4214 472 4252 του
499 4203 680 4271 γάμου
714 4207 917 4275 προῖκα
962 4207 1331 4278 προσφέρουσι
1378 4208 1540 4278 μέχρι
1592 4211 1834 4281 σήμερον
1893 4214 1946 4265 αἱ

379 4295 634 4359 γυναῖκες
682 4298 795 4359 τοῖς
828 4297 1089 4368 ἀνδράσι,
1141 4299 1270 4370 θείῳ
1314 4301 1420 4351 τινὶ
1468 4300 1512 4331 ³⁸
1550 4300 1647 4353 καὶ
1695 4302 1948 4374 πατρικῷ

377 4381 529 4452 νόμῳ
572 4387 892 4456 πειθόμεναι
933 4387 1010 4458 τῷ
1052 4390 1332 4460 γενομένῳ
1384 4389 1520 4462 πρὸς
1583 4391 1816 4463 Ἐλωεὶμ
1847 4395 1949 4466 τῆς

2059 3234 2165 3288 que
2188 3226 2269 3271 est
2306 3218 2510 3285 pariter
2554 3217 2716 3270 etiam
2757 3217 2808 3271 in
2842 3216 2971 3280 Eva,
3006 3213 3261 3283 imagine,
3295 3209 3474 3262 anima
3503 3204 3627 3275 qui-

2058 3308 2178 3362 dem
2205 3308 2271 3361 ab
2302 3307 2392 3362 illa
2420 3307 2624 3369 Edem,
2676 3306 2896 3376 spiritus
2942 3314 3120 3358 autem
3172 3303 3238 3357 ah
3283 3298 3527 3360 Elohim,
3573 3306 3631 3351 ct

2058 3399 2179 3452 data
2214 3408 2339 3452 sunt
2367 3399 2626 3465 imperata
2669 3398 2773 3451 iis:
2799 3395 3077 3466 Augemini
3100 3404 3147 3448 et
3175 3385 3622 3461 multiplicamini,

2057 3498 2103 3543 et
2134 3490 2393 3543 sortimini
2442 3498 2635 3542 terram
2660 3529 2675 3555 ,
2706 3487 2809 3543 hoc
2845 3500 2926 3543 est
2978 3486 3138 3541 Iidem
3169 3503 3184 3553 ;
3233 3485 3310 3539 sic
3340 3481 3485 3538 enim
3518 3477 3629 3533 vult

2057 3581 2317 3647 scriptum
2349 3595 2490 3635 esse.
2525 3579 2749 3635 Omnem
2790 3580 2933 3634 enim
2960 3586 3276 3648 potestatem
3322 3588 3473 3628 suam
3504 3582 3624 3625 tan-

2057 3684 2216 3739 quam
2243 3671 2474 3739 aliquam
2501 3670 2680 3723 dotcm
2703 3670 2755 3722 in
2784 3669 2984 3738 nuptiis
3004 3667 3168 3720 Edem
3194 3663 3371 3717 attulit
3391 3660 3624 3715 Elohim.

2060 3758 2232 3825 Unde,
2267 3759 2482 3828 inquit,
2522 3772 2616 3826 per
2653 3758 3010 3811 imitationem
3069 3754 3364 3823 primarum
3413 3747 3624 3803 illarum

2057 3850 2367 3919 nuptiarum
2402 3849 2579 3903 dotem
2610 3846 2842 3902 all‘erunt
2891 3845 3156 3912 hodieque
3211 3841 3467 3896 mulieres
3497 3837 3627 3893 viris

2056 3941 2250 3993 divitue
2279 3939 2490 3993 cuidam
2548 3946 2602 3990 et
2641 3937 2827 4004 patriae
2863 3934 2965 4004 legi
3019 3935 3322 3995 obsecutm,
3376 3942 3497 3998 quae
3539 3927 3623 3980 lex

2057 4031 2266 4083 sancita
2299 4038 2379 4083 cst
2430 4028 2570 4080 inter
2598 4025 2761 4078 Edem
2798 4033 2850 4078 et
2883 4023 3113 4076 Elohim.
3154 4019 3399 4076 Conditis
3441 4026 3623 4070 autent

2054 4115 2328 4178 eumibus,
2380 4123 2438 4168 ut
2488 4112 2747 4181 scriptum
2780 4122 2862 4165 est
2905 4112 3045 4180 apud
3085 4110 3289 4175 Mosen,
3318 4117 3374 4164 et
3400 4106 3539 4163 caelo
3570 4115 3625 4160 et

2059 4214 2200 4258 terra
2247 4214 2301 4258 et
2347 4205 2432 4268 iis,
2479 4218 2599 4272 qua:
2642 4203 2694 4256 in
2730 4202 2809 4257 cis
2850 4202 3058 4269 insunt,
3098 4202 3150 4255 in
3199 4208 3426 4270 quatuor
3458 4200 3626 4268 impe-

2056 4293 2133 4348 ria
2164 4294 2321 4349 divisi
2349 4303 2473 4350 sum
2500 4293 2782 4349 duodecim
2822 4292 3176 4363 222-223
3208 4291 3395 4346 matris
3423 4289 3624 4361 angeli.

2055 4395 2110 4440 et
2150 4394 2376 4439 vocatur
2415 4385 2606 4439 borum
2632 4383 2883 4453 quodque
2927 4384 3199 4451 quadrans
3227 4380 3400 4434 amnis
3425 4378 3621 4432 Phison

389 4470 573 4542 Ἐδέμ.
602 4475 945 4530 Κτισθέντων
974 4480 1031 4533 δὲ
1072 4480 1310 4543 πάντων,
1358 4481 1432 4544 ὠς
1454 4481 1767 4552 γέγραπται
1796 4486 1949 4552 παρὰ

2054 4486 2110 4533 et
2151 4476 2338 4533 Gelion
2382 4489 2433 4532 et
2465 4476 2644 4548 Tigris
2681 4486 2734 4531 et
2769 4476 3093 4545 Euphrates,
3126 4482 3217 4539 ut,
3254 4471 3447 4541 inquit,
3495 4468 3624 4524 dicit

377 4560 454 4631 τῷ
478 4563 710 4636 Μωϋσῇ,
747 4569 976 4638 ούρανοῦ
1005 4586 1065 4622 τε
1098 4570 1192 4623 καὶ
1214 4571 1316 4640 γῆς
1350 4572 1444 4623 καὶ
1477 4570 1587 4624 τῶν
1622 4573 1677 4624 ὲν
1713 4572 1851 4644 αὐτῇ
1882 4575 1951 4640 ³⁸.

377 4653 458 4715 είς
524 4654 791 4727 τέτταρας
845 4660 1020 4731 ἀρχὰς
1080 4662 1411 4733 διῃρέθησαν
1473 4665 1521 4716 οἱ
1582 4663 1788 4718 δώδεκα
1851 4666 1953 4737 τῆς

382 4747 587 4816 μητρὸς
614 4747 854 4816 ἄγγελοι,
884 4752 978 4805 καὶ
1008 4754 1250 4806 καλεῖται
1274 4753 1477 4807 τούτων
1500 4754 1728 4809 ἕκαστον
1758 4773 1950 4828 τεταρ-

376 4838 641 4909 τημόριον
673 4840 749 4912 [ρ.
788 4842 1085 4916 liii—154]
1122 4845 1383 4915 ποταμὸς,
1424 4846 1630 4900 Φεισὼν
1660 4849 1755 4901 καὶ
1803 4847 1951 4901 Γεὼν

378 4930 474 4983 καὶ
504 4933 696 5004 Τίγρις
725 4934 817 4987 καὶ
844 4936 1156 5007 Εὐφράτης,
1193 4936 1289 5002 ὼς,
1325 4939 1477 5007 φησὶ,
1509 4939 1656 5006 λέγει
1683 4940 1946 5010 Μωῡσῆς’

379 5013 523 5072 οὗτοι
544 5023 1059 5095 ἐμπειριιέρχονταιθει
1080 5028 1128 5079 οἱ
1146 5026 1351 5080 δώδεκα
1371 5027 1588 5096 ἄγγελοι
1608 5032 1689 5094 είς
1711 5030 1946 5102 τέτταρα

385 5106 523 5178 μέρη
556 5115 1161 5186 συμπεριπεπλεγμένοι
1196 5118 1289 5170 καὶ
1317 5118 1558 5171 διέπουσι
1600 5120 1690 5173 τὸν
1717 5121 1942 5191 κόσμον,

2056 4569 2252 4625 Moses.
2295 4568 2356 4623 lli
2385 4570 2863 4639 circumvagantur
2886 4566 3165 4621 duodecim
3199 4562 3372 4634 angeli
3408 4561 3458 4615 in
3486 4575 3622 4630 qua-

2057 4668 2180 4716 tuor
2223 4670 2406 4730 partes
2444 4661 2674 4715 inter'se
2720 4659 3026 4729 compliCati
3058 4667 3108 4711 et
3139 4655 3439 4727 gubernant
3470 4666 3622 4705 mun-

2057 4753 2183 4805 dum
2212 4792 2227 4814 ,
2257 4752 2582 4822 satrapicam
2615 4752 2903 4822 quamdam
2935 4750 3243 4805 obtinentes
3277 4747 3327 4799 in
3366 4743 3641 4799 mundum-

2057 4844 2125 4899 ab
2151 4845 2312 4897 Edent
2343 4854 2615 4914 acceptam
2656 4851 2996 4910 potestatem.
3047 4840 3263 4895 Manent
3307 4846 3485 4891 autem
3516 4851 3643 4893 non,

2054 4949 2269 5001 semper
2317 4934 2368 4989 in
2423 4935 2555 4990 locis
2596 4935 2803 4997 iisdem,
2835 4936 2927 4989 sed
2957 4945 3207 5003 tanquam
3245 4932 3296 4985 in
3328 4931 3495 4985 choro
3528 4943 3622 5000 cy-

2053 5026 2189 5082 clico
2218 5028 2731 5098 circumvagautur,
2780 5037 3048 5082 ululantes
3097 5026 3269 5080 locum
3312 5039 3378 5079 ex
3408 5022 3525 5079 loco
3568 5028 3629 5076 et

2053 5119 2304 5174 cedentes
2333 5120 2497 5175 certis
2537 5119 2870 5189 temporibus
2916 5129 2970 5172 et
3026 5117 3319 5171 intervallis
3371 5115 3483 5169 loca
3518 5112 3627 5168 sibi

1653 5295 1882 5351 VARI/11'.
1913 5296 2312 5354 LECTIONES.

452 5448 491 5523 ξί
513 5447 927 5523 βαϐελαχαμῶς
960 5451 1250 5523 0,-Βαϐεέι
1288 5451 1552 5523 ᾏκαμῶς
1588 5452 1657 5523 Μ’

386 5517 475 5570 ³⁸1
511 5519 641 5574 Mos.
667 5515 827 5583 tt,'8.'
920 5522 965 5553 "
999 5515 1166 5584 Οὗτος
1193 5520 1255 5579 C.
1287 5521 1357 5576 M.

379 5587 556 5663 ὑπέρ.-
638 5590 683 5663 'f
713 5590 1040 5663 Artatus-sc,
1072 5590 1143 5663 _M.
1240 5592 1283 5624 ⁸¹
1316 5590 1498 5663 αὐτόν,
1535 5587 1728 5651 ἐαύτόν
1756 5592 1819 5647 C.

382 5727 426 5759 ³³
455 5727 589 5800 αὐτῇ
625 5731 687 5785 Β.
728 5730 948 5789 Scottus
980 5727 1173 5805 ε’ἆρχῇ
1204 5732 1275 5796 C,
1307 5731 1333 5785 ἢ

1769 5455 1812 5486 ’⁸
1847 5454 2112 5508 Καυῖθαν.
2140 5448 2433 5506 Λευῖαθάνῖ
2453 5446 2498 5480 ³³
2516 5448 2756 5521 ΦαραώθΔ
2786 5449 2846 5521 C,
2883 5450 2952 5504 Μ.

1469 5523 1515 5554 ’⁷
1545 5522 1692 5591 λέγει
1718 5523 1846 5577 δεῖν·
1879 5523 2098 5589 λέγεται
2128 5524 2191 5585 C,
2225 5521 2294 5573 Μ.
2399 5521 2444 5553 ’⁸
2479 5537 2546 5574 πε

1469 5609 1498 5646 ν.
1535 5594 1728 5651 ἑαυτόν
1756 5592 1819 5647 C.
1925 5593 1969 5624 "
2004 5592 2480 5656 φυλαχθησόμενος
2507 5589 2548 5647 C

638 5608 937 5713 "éEEROtnCS
955 5608 1040 5713 ἰ...
1072 5608 1143 5677 tu.
1240 5608 1502 5715 οιρέυτονζ
1535 5608 1728 5715 εαυτρν
1756 5608 1819 5647 υ.
1925 5608 1969 5624 --
2004 5608 2480 5717 (Pu).aqu?.tfevo:
2614 5662 2664 5713 λ.

382 5694 426 5759 ει
455 5676 687 5787 mea
728 5676 954 5787 sua:
1301 5679 1391 5787 ir?
1438 5679 2201 5787 ξιιμιιοεξεξοῖιξῖρέξυιξτε
2228 5678 2262 5715 α
2310 5677 2419 5731 νηςν
2484 5701 2494 5714 -
2569 5701 2581 5714 -
2652 5700 2664 5769 _-

1361 5774 1375 5790 .
1452 5749 1497 5763 "'
1524 5749 1940 5805 εμπεριεχονται
1968 5749 2033 5800 ιι,
2057 5749 2123 5787 Μ.
2652 5766 2655 5769 -

3067 5448 3110 5479 ⁸⁵
3148 5444 3525 5516 συναιροῦνται
3550 5444 3614 5516 C.

2399 5521 2444 5553 ’⁸
2479 5513 2942 5591 περιέσταλμένος
2972 5518 3033 5574 C.
3111 5518 3157 5550 ”
3179 5516 3287 5570 τῶν
3310 5513 3488 5587 ύπέρ.
3524 5513 3619 5568 τὸν

2399 5607 2480 5651 νος
2507 5589 2570 5647 C.
2681 5589 2726 5621 ³³
2752 5588 2768 5642 l
2796 5588 2926 5646 Mos.
2953 5605 2992 5651 ι.
3020 5587 3091 5643 28
3119 5605 3134 5641 :
3164 5584 3469 5651 Αύξάνεσθι
3521 5584 3617 5647 καὶ

2796 5608 2926 5646 mus.
2953 5608 2992 5653 l,
3020 5608 3091 5643 zo
3119 5608 3134 5641 :
3164 5608 3469 5651 Λυςανεσυι
3521 5608 3601 5647 και

2779 5659 2823 5691 ³⁵
2857 5659 2985 5730 θείῳ
3014 5659 3120 5712 τινὶ
3167 5656 3250 5717 his
3288 5659 3341 5711 in
3376 5653 3495 5710 cod.
3534 5655 3601 5709 Μ.
