4144 6328
370 390 515 456 3215

1508 384 1804 445 CONTRA
1839 382 2207 445 H/ERESES
2241 384 2386 444 LIB.
2425 381 2523 443 VI.

3501 377 3641 439 32m

375 506 467 568 θὶς
491 501 526 573 ἡ
548 497 742 570 Γραφὴ
762 494 963 563 διδάξει
991 494 1081 547 δτε
1111 493 1293 561 λέγει·
1331 493 1472 563 Ἐγώ
1492 496 1609 564 ειμι
1628 494 1673 527 ﬂ
1696 496 1735 549 δ
1755 494 1951 549 πλάσ-

2065 492 2232 550 Moses
2263 500 2478 549 uterum
2503 491 2660 558 dixit,
2694 490 2958 561 siquidem
2991 491 3116 546 licet
3143 492 3265 561 logo
3297 494 3540 550 credere.
3579 494 3635 549 Si

374 607 505 653 σων
518 589 566 621 ⁸⁸
597 602 675 642 σε
722 587 795 640 ἐν
835 583 1034 654 μήτρᾳ
1067 585 1294 653 μητρός
1324 598 1461 638 σου.
1507 585 1618 639 Καὶ
1654 584 1815 639 τοῦτο
1845 584 1954 656 γὰρ

375 684 519 738 οὑτω
543 680 688 735 θέλει
712 675 1049 747 γεγράφθαι.
1074 676 1181 730 Τὸν
1205 675 1554 746 παράδεισον,
1579 678 1766 748 φησὶν,
1790 677 1956 747 ἀλλη-

376 773 554 845 γορῶν
584 774 612 827 6
640 770 848 841 Μωσῆς
876 768 974 837 τὴν
1017 770 1230 839 μήτραν
1266 767 1488 839 εἴρηκεν
1508 809 1522 834 ,
1566 768 1725 840 εἴπερ
1759 769 1840 822 δεῖ
1878 768 1959 837 τῷ

378 867 523 935 λόγῳ
554 860 853 917 πιστεύειν.
885 861 950 913 Εἰ
976 859 1035 912 δέ
1070 858 1300 913 πλάσσει
1336 860 1362 911 6
1392 859 1524 923 Θεὸς
1544 860 1602 912 ἐν
1638 860 1822 931 μήτρᾳ
1856 876 1959 930 μη-

380 957 509 1029 τρὸς
551 953 642 1007 τδν
694 950 1018 1023 ἄνθρωπον,
1074 950 1353 1003 τουτέστιν
1399 952 1456 1002 ἐν
1502 951 1846 1020 παραδείσῳ,
1883 949 1960 1012 ὡς

388 1050 521 1117 ἔφην
541 1084 556 1110 ,
598 1042 739 1096 ἔστω
775 1042 1104 1111 παράδεισος
1141 1044 1175 1112 ὴ
1223 1042 1404 1111 μήτρα
1427 1081 1441 1104 ,
1489 1043 1648 1111 Ἐδὲμ
1675 1041 1733 1094 δέ
1763 1042 1824 1094 τὸ
1854 1058 1961 1111 χω-

387 1135 521 1204 ρίον,
573 1130 839 1199 ποταμὸς
870 1130 1344 1197 ἐκπορευόμενος
1361 1130 1408 1160 “
1452 1130 1522 1193 ἐξ
1584 1129 1753 1198 Ἐδὲμ
1799 1129 1961 1182 ποτί-

385 1223 503 1283 ζειν
522 1221 568 1253 ⁸⁸
599 1218 708 1273 τὸν
751 1217 1121 1285 παράδεισον
1156 1217 1185 1268 6
1211 1216 1486 1285 ὀμφαλός,
1518 1210 1684 1278 Οὗτος
1709 1255 1722 1278 ,
1757 1218 1922 1283 φησιν
1944 1254 1959 1277 ,

384 1309 701 1380 ἀφορίζεται
724 1310 752 1361 ὁ
779 1306 1023 1377 ὀμφαλὸς
1055 1307 1135 1368 είς
1168 1305 1436 1375 τέσσαρας
1458 1305 1654 1377 ἀρχὰς,
1688 1305 1960 1374 ἑκατέρω-

385 1400 477 1453 nev
511 1400 620 1469 γὰρ
652 1397 745 1453 τοῦ
779 1396 1026 1468 ὀμφαλοῦ
1057 1395 1148 1449 δύο
1187 1396 1324 1449 είσίν
1354 1396 1615 1466 ἀρτηρίαι
1652 1411 1963 1467 παρατετα-

389 1487 610 1559 μέναι⁶⁶
632 1528 647 1553 ,
682 1487 860 1557 ὀχετοὶ
900 1485 1207 1554 πνεύματος
1227 1527 1241 1549 ,
1273 1487 1367 1538 καὶ
1399 1485 1493 1539 δύο
1522 1487 1749 1554 φλέϐες,
1782 1487 1963 1557 ὀχετοὶ

385 1578 637 1650 αἵματος.
683 1575 932 1630 Ἐπειδὰν
952 1575 995 1607 ⁸⁷
1032 1575 1089 1628 δὲ
1111 1616 1126 1642 ,
1157 1575 1323 1643 φησιν
1343 1617 1358 1641 ,
1399 1574 1508 1628 ἀπὸ
1535 1576 1629 1629 τοῦ
1670 1577 1827 1646 Ἐδὲμ
1858 1595 1964 1647 χω-

387 1671 506 1740 ρίου
546 1668 979 1739 ἐκπορευόμενος
1017 1670 1045 1720 ὁ
1082 1666 1324 1735 ὀμφαλὸς
1358 1668 1539 1737 ἐμφυῇ
1577 1666 1655 1736 τῷ
1688 1668 1964 1737 γενομένῳ

331 1802 341 1809 .
385 1760 526 1829 κατᾲ
566 1761 627 1811 τὸ
657 1758 1044 1827 ἐπιγάστριον,
1089 1755 1148 1808 ὃν
1186 1755 1384 1820 κοινῶς
1431 1757 1632 1819 πάντες
1682 1772 1963 1825 προσαγο-

389 1857 636 1929 ρεύουσιν
667 1854 911 1926 ὀμφαλὸν
942 1856 1077 1908 ⁸⁸....

385 1957 482 2010 καὶ
506 1955 727 2025 φέρεται
749 1953 967 2008 ἀπὸτοῦ
1009 1954 1169 2024 Ἐδέμ
1196 1953 1287 2007 τοῦ
1320 1955 1524 2025 χωρίου
1556 1955 1616 2009 τὸ
1649 1950 1790 2026 αἷμα
1815 1956 1961 2009 κατά

383 2043 483 2107 τὰς
520 2041 860 2112 καλουμένας
892 2040 1068 2103 πύλας
1111 2041 1204 2093 τοῦ
1234 2042 1472 2111 ἥπατος,
1512 2042 1713 2105 αἵτινες
1741 2044 1802 2097 τὸ
1836 2062 1960 2113 γεν-

386 2134 624 2203 νώμενον
662 2132 949 2203 τρέφουσιν
971 2147 985 2161 ο
1017 2132 1074 2183 αἱ
1101 2131 1157 2183 δὲ
1182 2132 1474 2203 ἀρτηρίαι,
1497 2132 1563 2195 Et;
1589 2132 1799 2203 ἔφημεν
1835 2137 1958 2204 ὀχε-

384 2227 510 2290 τοὺς
551 2221 690 2278 εἶναι
721 2223 1031 2293 πνεύματος
1052 2262 1068 2287 ,
1100 2225 1442 2293 ἑκατέρωθεν
1490 2227 1880 2296 περιλαϐοῦσαι
1909 2229 1954 2260 ⁸³

384 2318 484 2390 τὴν
530 2316 720 2369 κύστιν
752 2316 891 2369 κατά
928 2315 990 2368 τὺ
1026 2315 1197 2369 πλατὺ
1227 2314 1453 2380 ὀστοῦν,
1485 2318 1621 2386 πρὸς
1652 2318 1752 2388 τὴν
1792 2319 1960 2389 μεγά-

385 2407 487 2478 λην
523 2405 882 2458 συνάπτουσιν
916 2405 1181 2474 ἀρτηρίαν
1207 2445 1221 2467 ,
1254 2404 1354 2475 τὴν
1396 2406 1538 2458 κατά
1574 2407 1735 2476 ῥάχιν
1766 2406 1961 2461 καλου-

390 2496 558 2567 μένην
589 2493 823 2566 ἀορτήν,
856 2493 1159 2563 καὶοῦτως
1201 2492 1289 2546 διὰ
1320 2493 1430 2547 τῶν
1482 2494 1819 2566 παραθύρων
1864 2497 1958 2550 ἐπὶ

384 2585 484 2657 τὴν
517 2585 745 2655 καρδίαν
791 2583 1014 2637 casiam;
1046 2582 1107 2636 τὸ
1148 2583 1364 2653 πνεῦμα
1412 2585 1628 2655 κίνησιν
1667 2585 1959 2654 ἐργάζεται

385 2674 494 2728 τῶν
526 2673 800 2745 ἐμϐρύων.
853 2672 1229 2742 Πλαττόμενον
1271 2673 1381 2745 γάρ
1426 2673 1487 2725 τὸ
1524 2672 1726 2743 βρέφος
1775 2677 1833 2729 ὲν
1884 2675 1961 2746 τῷ

388 2756 706 2836 παραδείσῳ
732 2762 855 2817 οὔτε
882 2763 960 2834 τῷ
987 2765 1215 2833 στόματι
1240 2763 1446 2835 τροφὴν
1478 2764 1487 2832 |
1518 2764 1803 2835 λαμϐάνει,
1836 2766 1958 2821 οὔτε

388 2858 507 2919 ταῖς
541 2856 684 2926 ῥισὶν
713 2855 970 2909 ἀναπνέει
994 2871 1008 2886 ο
1047 2857 1105 2907 ἐν
1134 2856 1319 2925 ὑγροῖς
1346 2857 1455 2924 γάρ
1486 2855 1784 2927 ὑπάρχοντι
1812 2858 1961 2929 αὐτῷ

2057 598 2186 638 vero
2209 582 2409 638 format
2436 582 2577 639 Deus
2609 584 2660 637 in
2695 591 2850 638 utero
2881 584 3069 637 matris
3096 583 3394 648 hominem,
3427 586 3531 640 boe
3561 593 3647 640 est

2057 675 2110 729 in
2179 676 2450 745 paradiso,
2504 686 2562 729 ut
2611 675 2876 742 dicebam,
2929 683 3048 728 esto
3105 675 3388 743 paradisus
3431 686 3642 739 uterus.

2056 762 2221 818 Edem
2249 774 2427 818 autem
2468 764 2614 833 regio
2655 764 2763 827 illa,
2798 763 2993 816 fluvius
3042 763 3326 832 egrediens
3364 777 3430 818 ex
3476 761 3644 819 Edem

2060 857 2124 909 ad
2172 855 2505 924 irrigandum
2559 856 2868 923 paradisum
2907 854 3214 908 umbilicus.
3269 854 3392 921 Hic,
3448 855 3642 923 inquit,

2061 948 2313 1001 dividitur
2359 947 2641 1001 umbilicus
2688 948 2737 1000 in
2778 956 3009 1016 quatuor
3047 947 3242 1016 capita.
3281 946 3361 1000 Ab
3420 956 3648 1014 utraque

2065 1039 2208 1092 enim
2242 1049 2393 1105 parte
2421 1037 2660 1092 umbilici
2705 1053 2827 1107 qua:
2858 1047 2986 1091 sunt
3020 1037 3239 1091 arteria:
3276 1037 3645 1106 jttxta‘teusm,

2062 1129 2278 1184 canales
2322 1130 2564 1197 Spiritus,
2603 1141 2658 1183 et
2704 1130 2822 1183 duae
2865 1145 3035 1193 venae,
3078 1129 3298 1184 canales
3343 1128 3645 1198 sanguinis.

2063 1221 2167 1276 Ubi
2209 1232 2412 1286 autem,
2447 1221 2642 1288 inquit,
2678 1234 2744 1273 ea
2776 1220 2939 1273 Edem
2970 1221 3189 1287 regione
3214 1220 3497 1289 egrediens
3526 1234 3646 1272 nmo

2065 1311 2256 1366 bilicus
2302 1312 2570 1365 increscct
2605 1312 2846 1364 nascenti
2883 1311 3027 1365 circa
3075 1311 3448 1378 epigaswium,
3487 1324 3648 1378 quem

2064 1402 2337 1455 communi
2370 1418 2465 1456 usu
2496 1402 2731 1455 universi
2776 1401 3048 1469 appellant
3095 1400 3407 1454 umbilicum
3448 1438 3463 1454 .
3507 1437 3525 1455 .
3566 1439 3583 1455 .
3629 1440 3645 1455 .

2064 1496 2183 1550 dua:
2213 1508 2394 1551 autem
2421 1497 2524 1551 illae
2570 1511 2739 1561 vente,
2771 1510 2866 1563 per
2905 1509 3039 1562 quas
3086 1493 3204 1547 ﬂuit
3260 1505 3315 1548 et
3370 1492 3541 1549 fertur
3580 1493 3649 1547 ab

2064 1585 2229 1641 Edem
2282 1588 2498 1656 regione
2550 1588 2769 1657 sanguis
2819 1600 2913 1654 per
2965 1595 3169 1655 portas,
3223 1599 3340 1653 qutt-
3394 1584 3648 1638 dicuntur

2067 1677 2296 1745 ltepatis,
2329 1692 2450 1746 quae
2499 1692 2728 1732 nascens
2780 1678 2970 1743 alunt;
3025 1676 3240 1737 arteria:
3290 1685 3469 1730 autem
3518 1675 3643 1738 illa',

2064 1782 2202 1837 quas
2250 1768 2485 1823 diximus
2528 1769 2743 1823 canales
2782 1781 2907 1822 esse
2951 1768 3248 1836 sanguinis,
3300 1769 3368 1820 ab
3416 1776 3645 1831 utraque

1117 1855 1174 1908 ai
1207 1854 1262 1906 δὲ
1293 1854 1386 1908 δύο
1417 1855 1632 1924 φλέϐες,
1665 1856 1733 1908 δι’
1771 1850 1845 1909 ὧν
1877 1857 1962 1924 ῥεῖ

2065 1870 2216 1929 parte
2242 1859 2500 1928 arripiens
2527 1862 2759 1915 vesicam
2791 1861 2937 1925 circa
2990 1860 3180 1927 pelvim
3219 1873 3468 1927 magnam
3498 1868 3647 1919 arte-9

2060 1951 2194 2005 riam
2223 1952 2559 2020 contingunt,
2589 1952 2689 2006 hoc
2739 1960 2822 2005 est
2865 1964 2984 2019 qua:
3016 1964 3110 2016 per
3135 1950 3352 2002 dorsum
3413 1955 3644 2002 vocatur

2060 2054 2287 2110 aortam,
2322 2053 2377 2099 et
2417 2045 2492 2097 ita
2544 2058 2639 2112 per
2682 2045 2816 2098 ostia
2871 2042 2923 2096 in
2973 2056 3068 2095 cor
3104 2053 3386 2110 permeans
3422 2039 3649 2106 spiritus

2062 2144 2264 2190 motum
2296 2134 2459 2190 edicit
2504 2133 2857 2188 uteriuorum.
2900 2132 3031 2185 Dum
3067 2131 3208 2185 enim
3260 2129 3527 2184 formatur
3567 2128 3645 2181 in-

2058 2227 2182 2283 fans
2241 2229 2292 2283 in
2339 2228 2610 2297 paradiso,
2662 2241 2837 2294 neque
2890 2238 2984 2279 ore
3039 2222 3355 2276 alimentum
3418 2219 3642 2289 accipit.

2071 2335 2246 2390 neque
2288 2322 2510 2375 naribus
2556 2320 2822 2389 respirat;
2870 2318 2923 2371 in
2957 2314 3189 2370 lmmidis
3228 2314 3372 2368 enim
3406 2310 3645 2366 versanti

2062 2422 2180 2465 erat
2248 2413 2296 2465 ei
2348 2422 2474 2465 ante
2525 2410 2688 2477 pedes
2744 2425 2892 2464 mors
2944 2408 2987 2463 si
3047 2406 3358 2474 respirarel,
3398 2403 3647 2458 duxisset

2063 2504 2207 2558 enim
2235 2517 2298 2557 ex
2335 2502 2570 2556 humidis
2612 2511 2669 2555 et
2710 2509 3019 2571 peremptus
3062 2506 3226 2552 esset.
3269 2495 3646 2549 Verumenimo

2064 2605 2191 2644 vero
2249 2591 2675 2645 circumvolutus
2723 2600 2804 2645 est
2857 2601 3000 2643 totus
3058 2587 3262 2650 tunica,
3317 2601 3439 2655 quae
3497 2584 3649 2639 dicio

2064 2692 2153 2735 tur
2198 2682 2460 2746 atltninm,
2505 2682 2670 2735 alitur
2726 2692 2906 2736 autem
2953 2694 3049 2748 per
3095 2678 3434 2740 umbilicum,
3460 2683 3515 2729 et
3545 2688 3643 2742 per

2066 2771 2358 2838 dorsalem,
2386 2783 2447 2829 ut
2491 2775 2757 2840 dicebam,
2790 2773 3044 2827 arteriam
3089 2772 3220 2840 spiri
3249 2784 3311 2824 us
3357 2767 3643 2822 essentiam

2065 2866 2280 2933 accipit.

388 2950 541 3023 παρὰ
571 2950 734 3013 πόδας
773 2946 841 3022 ἦν
888 2952 917 3003 6
953 2949 1181 3011 θάνατος
1221 2951 1269 3001 εί
1308 2949 1639 3003 ἀνέπνευσεν
1662 2967 1675 2979 ·
1711 2952 2059 3008 ἐπεσπάσατο
2111 2960 2218 3028 γὰρ
2253 2959 2316 3013 ἂν
2373 2960 2483 3013 ἀπὸ
2540 2959 2649 3012 τῶν
2683 2957 2866 3029 ὑγρῶν
2934 2957 3029 3011 καὶ
3061 2956 3296 3026 ἐφθάρη.
3336 2951 3498 3005 Ἀλλά
3530 2949 3643 3019 γάρ

386 3046 508 3098 ὅλον
557 3045 976 3113 περιέσφιγκται
1017 3041 1096 3112 τῷ
1145 3040 1465 3112 καλουμένῳ
1514 3042 1701 3112 χιτῶνι
1738 3045 1953 3117 ἀμνίῳ,
1992 3049 2249 3120 τρέφεται
2313 3051 2369 3104 δὲ
2392 3052 2459 3105 δι’
2499 3050 2743 3121 ὀμφαλοῦ
2771 3050 2864 3103 καὶ
2888 3049 2978 3101 διὰ
3044 3049 3144 3117 τῆς
3175 3045 3315 3100 κατά
3347 3045 3539 3114 ῥάχιν,
3563 3041 3642 3102 ὡς

387 3135 545 3208 ἔφην,
576 3136 674 3206 τὴν
699 3134 793 3187 τοῦ
825 3134 1135 3204 πνεύματος
1164 3135 1351 3189 οὐσίαν
1376 3134 1660 3205 λαμϐάνει.

459 3248 535 3320 [ρ.
573 3248 692 3304 169.
727 3245 873 3318 ΠΟ]
909 3246 991 3301 ιε’.
1039 3247 1096 3299 '0
1135 3243 1229 3300 οὖν
1260 3249 1537 3318 ποταμὸς,
1585 3250 1785 3320 φησιν,
1813 3252 1842 3304 6
1874 3251 1962 3304 ἐκ·

2135 3252 2489 3325 246-247
2528 3253 2616 3308 15.
2656 3253 2874 3308 Fluvius
2902 3253 3095 3319 igitur,
3129 3250 3322 3319 inquit,
3356 3247 3643 3318 egrediens

389 3342 754 3414 πορευόμενος
786 3338 848 3403 ἐξ
889 3338 1050 3408 Ἐδέμ
1086 3339 1166 3401 είς
1204 3339 1480 3411 τέσσαρας
1518 3341 1839 3410 ἀφορίζεται
1867 3342 1965 3408 ἀρ-

389 3431 510 3500 χὰς,
535 3430 755 3502 ὀχετοὺς
793 3430 1097 3501 τέσσαρας,
1142 3430 1423 3484 τουτέστιν
1454 3433 1533 3495 εἰς
1578 3434 1853 3503 τέσσαρας
1876 3433 1969 3498 fal-

392 3520 613 3591 σθήσεις
635 3520 730 3574 τοῦ
757 3521 1116 3591 γεννωμένου,
1139 3522 1350 3592 ὅρασιν,
1383 3522 1552 3594 ἀκοὴν
1568 3524 1644 3586 ⁷ο,
1672 3522 1963 3595 ὄσφρησιν,

390 3611 580 3680 γεῦσιν
614 3612 709 3666 καὶ
742 3612 908 3682 ἁφήν.
937 3611 1152 3676 Ταύτας
1174 3614 1281 3683 γὰρ
1310 3612 1422 3683 ἔχει
1458 3615 1623 3684 μόνας
1648 3615 1745 3677 τὰς
1776 3615 1968 3685 αἰσθή-

394 3715 506 3762 σεις
540 3699 598 3752 ὲν
631 3698 708 3769 τῷ
740 3700 1051 3771 παραδείσῳ
1082 3701 1457 3771 πλασσόμενον
1493 3703 1552 3756 τὸ
1584 3703 1816 3759 παιδίον.
1861 3698 1965 3758 Οὗ-

389 3810 516 3860 τος,
570 3794 773 3864 φησὶν,
823 3796 971 3848 ἐστὶν
1013 3798 1041 3848 6
1073 3785 1264 3865 νόμος,
1307 3796 1367 3850 ὃν
1396 3797 1560 3869 ἔθηκε
1605 3799 1840 3870 Μωσῆς,
1874 3801 1967 3854 καὶ

395 3887 534 3957 πρὸς
563 3885 755 3939 τοῦτον
781 3886 943 3939 αὑτὸν
964 3887 1053 3940 τὸν
1084 3888 1248 3957 νόμον
1270 3888 1582 3958 γέγραπται
1610 3890 1717 3943 τῶν
1750 3891 1966 3960 βιϐλίων

393 3975 655 4036 ἕκαστον.
707 3977 783 4039 ὼς
826 3979 882 4030 αἱ
923 3978 966 4008 ⁷¹
1008 3979 1314 4049 ἐπιγραφαὶ
1357 3978 1598 4048 δηλοῦσι.
1639 3981 1713 4033 Τὺ
1751 3982 1969 4051 πρῶτον

394 4066 597 4135 βιϐλίον
626 4066 666 4117 Γ
669 4064 871 4129 ἐνεσις·
906 4068 1089 4137 ἢρκει,
1116 4070 1271 4138 φησὶ,
1300 4068 1439 4138 πρὸς
1471 4069 1674 4136 γνῶσιν
1702 4069 1810 4123 τῶν
1830 4071 1969 4124 ὅλων

392 4156 429 4224 ὴ
457 4154 739 4227 ἐπιγραφὴ
776 4156 870 4208 τοῦ
904 4157 1129 4226 βιϐλίου.
1173 4157 1321 4229 Αὕτη
1350 4157 1490 4228 γὰρ,
1531 4158 1728 4228 φησὶν,
1761 4159 1909 4211 ἐστὶν
1931 4161 1966 4229 ἠ

390 4243 432 4297 Γ
434 4243 611 4308 ἐνεσις
643 4246 863 4317 ὅρασις,
896 4251 975 4311 είς
1015 4249 1082 4317 ἢν
1116 4248 1433 4320 ἀφορίζεται
1488 4250 1736 4320 ποταμοῦ
1792 4250 1969 4323 σχέσις

391 4339 424 4405 ἡ
476 4336 593 4408 μία.
631 4338 859 4409 Ἐϐεάθη
899 4340 1006 4411 γάρ
1048 4343 1077 4394 ὁ
1123 4342 1325 4411 κόσμος
1367 4344 1424 4394 ἐν
1475 4343 1685 4411 ὁράσει.
1739 4343 1803 4397 Ἡ
1846 4345 1966 4397 ἐπι-

390 4429 578 4500 γραφὴ
597 4428 641 4460 ⁷¹
673 4429 877 4500 βιϐλίου
903 4432 1157 4506 δευτέρου
1184 4434 1426 4499 Ἔξοδος.
1463 4434 1609 4487 Ἔδει
1632 4433 1741 4505 γὰρ
1767 4434 1829 4488 τὸ
1846 4451 1969 4502 γεν-

391 4518 586 4591 νηθὲν,
615 4520 717 4592 τὴν
755 4521 1022 4594 Ἐρυθρὰν
1053 4523 1332 4578 διοδεῦσαν
1371 4522 1649 4578 θάλασσαν
1672 4524 1720 4558 ⁷⁸
1741 4562 1757 4587 ,
1791 4523 1967 4576 ἐλθεῖν

2068 3357 2132 3397 ex
2165 3344 2328 3397 Edem
2371 3345 2625 3399 dividitur
2666 3344 2725 3397 in
2755 3354 2987 3411 quatuor
3022 3342 3219 3410 capita,
3255 3340 3472 3394 carnales
3501 3355 3640 3409 qna~

2069 3443 2211 3499 tuor,
2249 3436 2353 3490 hoc
2389 3444 2471 3490 est
2503 3436 2554 3489 in
2584 3446 2820 3505 quatuor
2850 3448 3043 3489 sensus
3075 3433 3218 3496 nati,
3251 3433 3459 3497 visum,
3488 3431 3643 3484 audi-

2067 3540 2202 3595 tum,
2245 3529 2501 3584 olfactum
2534 3570 2548 3593 ,
2584 3540 2798 3597 gustum
2823 3536 2879 3582 et
2918 3537 3140 3582 tactum.
3176 3525 3284 3579 llos
3320 3525 3463 3580 enim
3494 3524 3642 3579 solos

2069 3622 2230 3675 habet
2265 3635 2460 3675 sensus
2494 3621 2544 3673 in
2569 3620 2823 3690 paradiso
2852 3618 3112 3687 figuratus
3138 3614 3334 3670 infans.
3380 3613 3505 3669 Hae
3535 3626 3639 3680 est,

2069 3710 2262 3779 inquit,
2297 3708 2377 3761 lex
2413 3724 2572 3777 quam
2609 3709 2784 3777 posuit
2810 3706 2982 3760 Moses
3015 3714 3070 3759 et
3102 3704 3168 3758 ad
3205 3704 3341 3758 hanc
3369 3703 3539 3772 ipsam
3567 3704 3644 3758 le-

2069 3818 2188 3872 gem
2225 3801 2413 3869 scripti
2453 3813 2579 3855 sunt
2612 3800 2811 3867 singuli
2842 3798 3002 3859 libri,
3033 3805 3090 3849 ut
3133 3792 3516 3862 inscriptiones
3542 3792 3641 3846 des

2067 3894 2296 3948 clarant.
2331 3891 2543 3945 Primus
2566 3890 2700 3944 liber
2719 3889 2963 3943 Genesis.
2992 3885 3320 3949 Suliiciebat,
3348 3885 3541 3952 inquit,
3573 3883 3641 3937 ad

2067 3985 2428 4063 coguitiqnem
2454 3981 2716 4034 universa:
2744 3977 2820 4030 rei
2849 3975 3126 4043 inscriptio
3147 3973 3291 4026 libri.
3318 3972 3441 4026 llaec
3469 3974 3638 4033 enim.

2070 4074 2265 4142 inquit,
2294 4061 2381 4127 est
2413 4069 2642 4124 Genesis
2679 4066 2856 4132 visus,
2904 4066 2956 4120 in
2989 4080 3147 4133 quem
3187 4063 3444 4117 dividitur
3490 4061 3640 4118 ﬂuvii

2068 4162 2239 4216 sectio
2276 4176 2400 4213 una.
2427 4159 2759 4225 Conspectus
2793 4156 2937 4208 enim
2959 4163 3040 4208 est
3066 4154 3300 4206 mundus
3327 4166 3423 4220 per
3439 4152 3636 4205 visum.

2070 4250 2361 4319 Inscriptio
2401 4260 2588 4302 rursus
2634 4246 2857 4300 alterius
2916 4245 3035 4299 libri
3078 4243 3314 4298 Exodus.
3345 4240 3642 4309 Oportebat

2069 4340 2211 4396 enim
2239 4338 2289 4392 id
2311 4336 2451 4405 quod
2468 4343 2654 4390 natum
2684 4343 2806 4390 erat
2835 4342 3112 4403 permeato
3140 4332 3278 4386 mari
3308 4330 3490 4385 Rubro
3518 4343 3643 4398 per-

2070 4430 2256 4486 venire
2291 4430 2345 4485 in
2376 4430 2659 4483 desertum
2680 4424 2852 4496 (mare
2878 4423 3119 4479 Rubrum
3146 4432 3348 4485 autem,
3369 4420 3637 4489 inquiunt,

2070 4525 2203 4579 dicit
2222 4517 2578 4592 sanguinem)
2603 4526 2657 4573 et
2681 4528 2897 4588 gustare
2925 4530 3164 4569 amaram
3189 4526 3406 4582 aquam.
3440 4511 3640 4581 Amara

391 4612 486 4666 ἐπὶ
510 4613 608 4684 τὴν
638 4614 841 4685 ἔρημον
863 4617 1162 4689 (Ἐρυθρὰν
1190 4617 1247 4671 δὲ
1276 4618 1460 4687 λέγει,
1491 4618 1658 4687 φασὶ,
1689 4617 1751 4669 τὸ
1779 4611 1961 4687 αἷμα),

2065 4619 2229 4681 enim,
2266 4612 2456 4681 inquit.
2490 4621 2575 4667 est
2597 4624 2762 4680 aqua,
2786 4624 2906 4679 qua:
2936 4616 3019 4662 est
3048 4614 3169 4676 post
3198 4617 3348 4658 mare
3371 4601 3637 4667 Rubrum,

392 4704 485 4757 καὶ
508 4703 803 4773 γεύσασθαι
837 4706 1033 4776 πικρὸν
1057 4706 1221 4777 ὕδωρ.
1251 4708 1452 4779 Πικρὺν
1477 4708 1603 4779 γάρ,
1633 4708 1816 4779 φησὶν,
1845 4708 1962 4761 ἐστὶ

390 4790 450 4844 τὸ
480 4789 624 4862 ὕδωρ
647 4792 710 4845 τὸ
740 4792 878 4862 μετά
910 4796 1010 4865 τὴν
1053 4794 1320 4866 Ἐρυθρὰν
1353 4795 1658 4862 θάλασσαν,
1686 4799 1825 4869 ὅπερ
1868 4798 1960 4850 ἐσ-

397 4883 473 4935 τὶν
501 4881 617 4946 ὁδὸς
651 4882 750 4952 τῆς
782 4883 925 4938 κατὰ
963 4885 1056 4938 τὸν
1095 4885 1209 4954 βίον
1239 4885 1491 4954 γνώσεως
1534 4888 1643 4942 τῶν
1685 4888 1959 4942 ἐπιπόνων

390 4973 683 5049 ὸδιυομένη
712 4975 828 5045 ptui.
878 4976 1111 5046 πικρῶν.
1149 4976 1394 5047 Στραφέν
1422 4977 1478 5031 δὲ
1521 4978 1626 5031 ὑπὸ
1676 4979 1917 5043 Μωσέως
1940 5018 1957 5046 ,

2068 4722 2189 4777 qua:
2225 4707 2443 4776 quidem
2483 4716 2563 4760 cst
2598 4702 2741 4773 quod
2767 4700 3053 4757 contieitur
3086 4698 3187 4752 iter
3227 4710 3322 4764 per
3352 4693 3517 4748 vitam
3548 4707 3646 4747 co-

2067 4796 2325 4865 gnitionis
2361 4807 2805 4851 aerumnosorum
2851 4799 2907 4844 et
2934 4803 3267 4843 amararum.
3299 4785 3632 4840 Conversum

2068 4896 2246 4943 autem
2276 4903 2308 4940 a
2333 4887 2500 4952 Mose,
2528 4886 2630 4940 hoc
2654 4892 2738 4940 est
2783 4896 2815 4935 a
2843 4880 2981 4951 logo,
3016 4895 3259 4934 amarum
3288 4876 3418 4931 illud
3444 4874 3635 4930 evadet

2068 4980 2246 5036 dulce.
2279 4978 2349 5034 Et
2377 4979 2490 5033 haec
2516 4977 2591 5033 ita
2617 4991 2678 5032 se
2707 4974 2911 5031 habere
2936 4973 3094 5043 vulgo
3120 4972 3244 5027 licet
3275 4969 3344 5024 ab
3373 4966 3639 5023 universis

1663 5175 1897 5231 VARIA'J
1939 5173 2347 5235 LECTlONES.

465 5331 511 5365 “
533 5331 681 5388 Fort.
699 5331 810 5402 _cl’r.
836 5331 1036 5386 Jerem.
1064 5349 1104 5397 ι,
1137 5332 1172 5387 5
1202 5351 1216 5386 :
1249 5333 1364 5402 Πρὸ
1387 5332 1480 5387 τοῦ

465 5332 511 5365 ⁸⁸
533 5332 681 5388 Fort.
712 5332 810 5386 cl'r.
836 5332 1036 5386 Jerem.
1064 5349 1104 5397 ι,
1137 5332 1172 5387 5
1202 5351 1216 5386 :
1249 5333 1364 5402 Πρὸ
1387 5332 1480 5387 τοῦ
1509 5351 1576 5404 με
1597 5333 1801 5388 πλάσαι
1838 5351 1898 5388 σε
1923 5334 1981 5386 ἐν
2010 5334 2207 5406 κοιλίᾳ,
2270 5332 2361 5386 ⁶³ὁ
2383 5332 2601 5386 πλάσων
2629 5332 2692 5386 C.
2767 5332 2813 5363 “
2837 5332 2920 5386 Cf.
2950 5346 2963 5384 I
2998 5332 3132 5391 Mos,

477 5400 833 5473 ἐκπορεύεται
847 5403 921 5476 ’ἐξ
962 5403 1123 5476 Ἐδὲμ
1166 5402 1404 5476 ποτίζειν
1437 5403 1528 5457 τὸν
1553 5405 1883 5476 παράδεισον
1907 5422 1921 5435 ο
1954 5405 2174 5476 ἐκεῖθεν
2202 5402 2519 5476 ἀφορίζεται
2566 5404 2646 5465 εἰς
2675 5400 2944 5476 τέσσαρας
2971 5400 3166 5476 ἀρχάς.

2767 5331 2813 5363 ⁸⁸
2837 5329 2920 5386 Cf.
2950 5346 2963 5384 I
2998 5328 3132 5391 Mos.
3168 5344 3230 5394 ιι,
3259 5327 3359 5382 1οε
3393 5326 3639 5397 Ποταμδς

2767 5418 2944 5461 sapa;
2971 5400 3166 5461 ἀρχάς.
3269 5398 3315 5430 ⁸⁸
3341 5395 3551 5461 ποτίζει
3571 5396 3635 5451 C.

392 5470 441 5545 ξ’
468 5467 1040 5545 παρατεταγμέναινϐ,
1072 5467 1145 5540 il,
1222 5467 1892 5545 ﬁliasue—imposta:
1924 5476 2078 5545 signo
2108 5467 2729 5545 lacunw'omissosusp.
2749 5467 2956 5545 Christ.
2987 5467 3262 5545 l‘etersen,
3284 5468 3408 5545 coll.
3433 5467 3639 5545 Caleno

395 5540 454 5592 in
485 5539 742 5611 Hippocr.
768 5539 854 5595 De
892 5539 1150 5597 Alimento
1175 5560 1230 5614 p.
1257 5543 1365 5596 290
1390 5539 1692 5600 ed.>CImri.
1711 5539 1799 5603 'vt.

395 5624 563 5712 9.1""
582 5610 1384 5712 τεθῗξμῗξῗῖῗῗῖῗρὶῖἶνιῗῗδίη¹ξ¹ῐη
1415 5611 1799 5712 Ῐί,ῗῗῗηίῗῗῗξῗῗῖδ⁴

395 5627 563 5677 quam

1220 5584 1230 5625 τ
1390 5538 1799 5625 εμενϐΙιαςίένι.
1837 5560 1891 5611 p.
1920 5538 2021 5625 ὅδ’]
2049 5542 2233 5625 {tit/in.
2268 5557 2397 5625 xv."
2435 5539 2482 5573 ”
2513 5538 3135 5625 Pignavimus-lacunam
3155 5539 3270 5625 litat!
3291 5538 3639 5625 poti‘usbloco

630 5620 713 5684 ost
733 5611 1120 5684 ἐπιγάστριον,
1143 5606 1232 5667 ubi
1266 5610 1339 5664 Μ.
1416 5613 1463 5645 ⁸⁹
1492 5606 1907 5683 περιλαϐοῦσαι.
1930 5614 2030 5684 μὲν
2049 5612 2336 5684 λαϐοῦσαι
2355 5611 2420 5684 β,
2450 5606 2811 5684 συλλξιϐοὖσαι
2836 5609 2909 5675 Μ,
2945 5606 3344 5684 μεταλαϐοῦσαι
3375 5607 3438 5661 ιι.
3479 5606 3637 5684 Scel-

396 5675 508 5734 tuo.
552 5675 1190 5753 _"_l)elendum'dxoi;v,
1241 5691 1385 5753 utex
1415 5675 1763 5753 sequentibus
1806 5675 2008 5752 liquido
2047 5682 2369 5753 :tppal‘el_._M
2394 5675 2414 5746 ;⁷
2449 5683 2590 5753 quod
2639 5691 2920 5753 secus_es_t_.
2946 5675 3038 5753 '__"
3073 5680 3126 5732 αί
3155 5689 3304 5753 ιιιιιςιΔ
3328 5675 3634 5753 ἐπιγραφαὶ
3663 5719 3667 5722 .

399 5764 516 5808 oni.
542 5747 607 5819 C,
635 5748 708 5805 Μ.
783 5750 829 5832 ἠ’
864 5752 928 5806 Ἠ
953 5745 1256 5824 ἐπιγραφή.
1278 5748 1353 5804 Λῦ
1382 5745 1564 5822 γραφὴ
1587 5752 1649 5819 C,
1679 5748 1754 5805 Λῦ
1781 5745 2057 5822 ὲπίγραφὴ
2081 5745 2235 5822 susp.
2268 5749 2337 5839 ιι.
2398 5745 2578 5805 ⁷³⁷012
2609 5765 2728 5805 cum
2770 5750 2850 5806 bis
2879 5749 2918 5804 ll
2950 5748 3084 5805 Mos.
3117 5764 3205 5813 xv,
3240 5745 3434 5802 $236.
