4144 6328
356 355 498 427 3219

1487 350 1789 416 CONTRA
1824 356 2190 418 HIERESES
2227 357 2373 417 LIB.
2410 357 2511 418 VI.

3462 355 3601 423 3220

356 465 714 538 ἂξεικονισθῇ.
750 464 912 536 Τρεῖς
941 464 1081 535 γὰρ,
1118 461 1312 534 φησὶν,
1348 464 1487 517 εἰσὶν
1531 464 1764 528 ἑστῶτες
1788 506 1801 528 ,
1834 465 1930 518 καὶ

2048 467 2198 522 ιίιιιτ.
2239 467 2377 522 Tres
2401 466 2544 521 enim
2580 470 2705 519 sunt
2728 503 2742 528 ,
2788 462 2982 533 inquit,
3016 464 3105 532 qui
3130 475 3295 532 stant,
3326 481 3444 533 nou,
3474 471 3604 537 quin

355 560 483 613 ἄνευ
511 557 607 611 τοῦ
640 558 791 627 τρεῖς
834 553 973 610 εἶναι
1024 553 1266 618 ἑστῶτας
1309 554 1511 618 αἰῶνας
1542 557 1602 609 οὐ
1624 558 1931 627 ίκοσμείται

352 652 383 705 ὁ
411 651 667 719 γέννητος
687 651 734 681 ⁸⁸
760 651 788 700 ὁ
831 649 951 701 κατ’
990 648 1191 710 αὐτοὺς
1218 646 1310 700 ἐπὶ
1340 647 1436 700 τοῦ
1470 646 1660 711 ὓδατος
1695 649 1932 720 φερόμε-

354 759 474 806 νος,
508 744 536 797 ὁ
563 742 693 796 καθ’-
712 740 973 809 ὁμοίωσιν
998 741 1493 811 ἀναπεπλασμένος
1521 740 1727 804 τέλειος
1747 739 1935 812 ὲπ[ου-

357 834 600 907 ράνιος],
644 834 767 887 κατ’
817 833 1073 901 οὐδεμίαν
1090 830 1134 863 ⁸⁷
1183 833 1425 886 ἐπίνοιαν
1465 831 1804 900 ἐνδεέστερος
1836 832 1935 901 τῆς

356 926 650 993 ἀγεννήτω
682 922 968 991 δυνάμεως
1016 923 1331 992 γενόμενος,
1369 921 1648 975 τουτέστιν
1695 922 1724 974 ὃ
1756 923 1936 995 λέγουο

358 1033 444 1070 σιν
466 1032 482 1046 ’
519 1015 660 1085 Ἐγὼ
685 1015 782 1068 καὶ
808 1016 873 1069 σὺ
900 1014 979 1079 ἓν,
1007 1015 1114 1085 πρὸ
1136 1015 1271 1086 ἐμοῦ
1298 1015 1385 1079 σὺ,
1407 1015 1467 1067 τὸ
1483 1015 1527 1047 ⁸⁸
1555 1014 1693 1084 μετὰ
1719 1015 1777 1066 σὲ
1803 1012 1933 1082 ἐγώ.

358 1105 538 1174 Αὕτη,
587 1107 789 1176 φησὶν,
838 1106 956 1158 ἐστὶ
996 1106 1226 1176 δύναμις
1274 1106 1401 1176 μία,
1453 1105 1756 1178 διῃρημένη
1788 1103 1935 1167 ἄνω,

360 1198 531 1263 κάτω,
582 1198 753 1268 αὐτὴν
791 1196 1060 1264 γεννῶσα,
1096 1195 1266 1266 αὐτὴν
1303 1193 1563 1259 αὔξουσα,
1623 1194 1791 1263 αὐτὴν
1843 1192 1940 1261 ζη-

358 1291 546 1353 τοῦσα,
578 1290 750 1359 αὐτὴν
776 1287 1125 1358 εὐρίσκουσα,
1155 1287 1325 1354 αὐτῆς
1366 1287 1546 1357 μήτηρ
1582 1282 1737 1352 οὖσα,
1769 1285 1940 1354 αὐτῆς

360 1382 564 1453 πατὴρ,
603 1382 772 1451 αὐτῆς
806 1379 1033 1448 ἀδελφὴ,
1067 1378 1235 1448 αὐτῆς
1272 1376 1523 1446 σύζυγος,
1568 1375 1739 1445 αὐτῆς
1776 1375 1943 1444 θυγά-

360 1492 485 1545 τηρ,
513 1473 682 1544 αὐτῆς
713 1472 853 1538 υἱὸς,
881 1473 1086 1543 μήτηρ,
1120 1470 1324 1540 πατὴρ,
1349 1468 1425 1532 ἓν,
1459 1464 1591 1521 οὖσα
1611 1468 1657 1500 ⁸⁵
1687 1467 1812 1539 ῥίζα
1836 1466 1942 1520 τῶν

361 1566 517 1619 ὅλων.

432 1658 543 1709 Καὶ
569 1657 685 1719 ὅτι,
718 1655 885 1725 φησὶν
907 1697 919 1718 ,
960 1652 1071 1707 ἀπὸ
1102 1652 1273 1723 πυρὸς
1303 1654 1336 1723 ή
1365 1652 1510 1722 ἀρχὴ
1542 1652 1640 1723 τῆς
1677 1651 1944 1720 γενέσεώς

362 1747 483 1798 ἐστι
520 1744 627 1796 τῶν
664 1743 741 1815 [p.
777 1741 1099 1813 l7f—l75.]
1150 1742 1535 1812 γεννωμένων,
1571 1742 1815 1796 τοιοῦτον
1854 1758 1945 1796 κει-

2002 552 2138 614 ἐίιιι
2196 568 2307 616 tres
2343 572 2522 613 aeones
2548 556 2641 626 qui
2674 563 2860 622 stant,
2894 557 3192 609 adornatur
3216 569 3503 626 generatus
3538 560 3606 621 is,

2033 651 2126 718 qui
2157 650 2452 704 secundum
2482 649 2604 702 illos
2633 663 2795 718 super
2821 664 3014 717 aquam
3038 649 3232 714 fertur,
3259 658 3513 729 tanquam
3541 652 3625 735 adI

2035 741 2441 797 similitudinem
2471 741 2692 796 reﬁctus
2721 740 2993 810 perfectus
3025 742 3263 797 caelestis
3283 781 3298 804 ,
3341 742 3434 819 qui
3467 744 3609 805 nulla

2036 833 2248 886 ratione
2277 832 2505 886 inferior
2534 846 2692 900 quam
2719 846 2851 889 non.
2872 841 3124 902 generata
3159 841 3395 902 potestas
3437 832 3612 889 factus

2038 932 2142 978 est.
2173 922 2286 978 Hoc
2311 931 2394 978 est
2424 924 2567 992 quod
2603 923 2794 979 aiunt:
2826 924 2938 994 Ego
2966 932 3022 979 et
3062 936 3116 980 tu
3150 941 3337 991 unum,
3373 938 3497 981 ante
3526 942 3614 982 me

2041 1025 2118 1078 tu,
2150 1016 2201 1069 id
2242 1015 2387 1083 quod
2432 1022 2552 1080 post
2589 1024 2641 1071 te
2675 1029 2794 1084 ego.
2827 1015 2975 1085 Hazc,
3008 1016 3180 1087 inquit
3208 1057 3225 1085 ,
3260 1028 3345 1074 est
3373 1028 3615 1088 potestas

2040 1122 2169 1173 una,
2197 1106 2393 1171 divisa,
2424 1120 2678 1175 superne,
2713 1107 2941 1174 inferne,
2968 1118 3141 1164 semet
3171 1111 3417 1182 gignens,
3442 1123 3616 1168 semet

2042 1199 2216 1265 alens,
2241 1207 2414 1255 semet
2439 1214 2714 1268 quaerens,
2758 1209 2932 1255 semet
2976 1202 3252 1270 reperiens
3276 1244 3291 1269 ,
3327 1204 3616 1275 suLipsius

2042 1299 2235 1355 mater,
2266 1292 2349 1346 sui
2389 1290 2557 1359 ipsius
2586 1299 2759 1359 pater,
2797 1292 2881 1345 sui
2915 1292 3083 1359 ipsius
3111 1309 3291 1360 soror,
3330 1296 3414 1352 sui
3448 1296 3616 1366 ipsius

2042 1380 2258 1449 cunjux,
2297 1379 2378 1434 sui
2410 1379 2579 1448 ipsius
2607 1378 2736 1445 ﬁlia,
2774 1379 2857 1434 sui
2890 1381 3057 1450 ipsius
3085 1381 3248 1451 ﬁlius,
3289 1394 3487 1455 mater,
3520 1402 3616 1458 pa-

2045 1480 2147 1539 ter,
2176 1487 2364 1538 unum,
2403 1487 2523 1526 cum
2551 1470 2622 1527 sit
2664 1471 2819 1527 radix
2850 1473 3112 1528 omnium.

2115 1652 2183 1708 Et
2213 1669 2279 1707 cx
2326 1653 2447 1724 igne
2493 1653 2622 1709 oriri
2663 1653 2984 1724 principium
3032 1658 3396 1726 generationis
3429 1675 3618 1718 eorum

2047 1759 2167 1815 quae
2185 1754 2513 1815 generantur
2534 1744 2881 1816 250-251
2914 1748 2967 1802 in
2997 1747 3138 1804 hunc
3163 1747 3275 1805 fere
3298 1750 3483 1809 definit
3502 1770 3620 1808 uio-

359 1837 600 1891 τανόει⁹⁰
633 1835 758 1889 τινὰ
785 1835 989 1907 τρόπον
1052 1835 1309 1901 Πάντων,
1344 1834 1485 1889 ὅσων
1513 1834 1731 1903 γένεσίς
1768 1836 1942 1903 ἐστιν,

2048 1838 2204 1891 dum:
2233 1834 2508 1902 Omnium,
2540 1853 2985 1909 quorumcunque
3016 1842 3289 1909 generatio
3324 1853 3521 1908 exstat,
3554 1846 3620 1899 ab

363 1928 473 1982 ἀπὸ
504 1928 673 1997 πυρὸς
697 1928 731 1994 ὴ
758 1927 902 1997 ἀρχή
935 1926 1035 1996 τῆς
1060 1924 1358 1997 ἐπιθυμίας
1380 1927 1480 1996 τῆς
1501 1925 1769 1994 γενέσεως
1788 1926 1829 1958 ⁹³
1858 1925 1942 1993 γί-

363 2039 533 2075 νεται.
570 2018 872 2090 Τοιγαροῦν
922 2018 1228 2090 πυροῦσθαι
1268 2019 1327 2072 τὸ
1358 2018 1367 2089 Ι
1398 2019 1690 2089 ἐπιθυμεῖν
1716 2018 1815 2088 τῆς
1848 2036 1944 2088 με-

363 2112 636 2183 ταδλητῆς
667 2110 939 2179 γενέσεως
975 2109 1322 2180 ὀνομάζεται.
1369 2109 1468 2163 Ἐν
1505 2110 1562 2163 δὲ
1582 2109 1641 2163 ὃν
1658 2112 1703 2142 ⁹²
1734 2109 1795 2163 τὸ
1832 2110 1942 2181 πῦρ

363 2205 574 2275 τροπὰς
622 2203 914 2274 στρέφεται
948 2200 1041 2254 δύο
1064 2201 1130 2257 ⁸³.
1167 2201 1468 2271 Στρέφεται
1508 2202 1638 2272 γὰρ,
1668 2201 1855 2272 φησὶν,
1887 2202 1944 2255 ὲν

363 2296 443 2365 τῷ
473 2295 626 2367 ἀνδρὶ
658 2295 719 2347 τὸ
759 2289 931 2365 αἷμα,
979 2293 1074 2346 καὶ
1104 2292 1307 2364 θερμὸν
1356 2293 1450 2347 καὶ
1488 2293 1680 2358 ξανθὸν
1709 2293 1785 2356 ὡς
1832 2293 1944 2366 πῦρ

363 2387 739 2456 τυπούμενον,
775 2387 855 2449 εἰς
904 2384 1148 2455 σπέρμα,
1188 2385 1248 2438 ἐν
1280 2383 1336 2437 δὲ
1363 2387 1428 2456 τῇ
1469 2384 1691 2452 γυναικὶ
1721 2384 1783 2437 τὸ
1812 2385 1943 2437 αὐτὸ

364 2476 523 2530 τοῦτο
555 2473 693 2546 αἷμα
736 2478 815 2538 είς
854 2476 1016 2543 γάλα.
1072 2477 1182 2529 Καὶ
1223 2474 1434 2542 γίνεται
1483 2477 1517 2546 ή
1572 2474 1666 2528 τοῦ
1716 2474 1946 2547 ἄρρενος

366 2571 542 2642 τροπὴ
573 2570 886 2639 γένεσις·⁹δ,
919 2571 952 2640 ή
991 2568 1047 2623 δὲ
1086 2568 1186 2638 τῆς
1225 2566 1447 2639 θηλείας
1484 2568 1659 2639 τροπὴ
1703 2567 1879 2639 τροφὴ
1899 2568 1945 2601 θ’

363 2662 443 2733 τῷ
470 2661 817 2732 γεννωμένῳ.
850 2659 1022 2730 Αὕτη,
1057 2660 1246 2729 φησὶν,
1275 2658 1423 2711 ἐστὶν
1452 2660 1491 2727 ἡ
1522 2659 1781 2728 Salariam
1807 2661 1949 2727 ῥομ-

366 2754 514 2824 φαία
529 2753 576 2785 ’⁸
615 2752 653 2820 ή
702 2750 1076 2821 στρεφομένη
1112 2748 1462 2818 φυλάσσειν
1503 2747 1619 2817 τὴν
1664 2748 1810 2803 ὁδὸν
1839 2748 1947 2803 τοῦ

368 2845 560 2910 ξύλου
581 2845 690 2914 τῆς
710 2843 878 2913 ζωῆς.
909 2843 1207 2914 Στρέφεται
1235 2840 1345 2912 γὰρ
1367 2841 1427 2894 τὸ
1452 2835 1595 2911 αἷμα
1619 2843 1698 2904 είς
1725 2841 1948 2913 σπέρμα

367 2938 461 2990 καὶ
494 2936 652 3003 γάλα,
704 2935 796 2988 καὶ
839 2935 1048 3003 γίνεται
1087 2934 1121 3004 ἡ
1160 2931 1391 3002 δύναμις
1429 2930 1568 3003 αὕτη
1616 2933 1801 3004 μήτηρ
1854 2933 1950 2987 καὶ

368 3027 572 3099 πατὴρ,
627 3017 809 3097 πατὴρ
842 3024 951 3078 τῶν
970 3025 1014 3055 ³⁷
1049 3022 1385 3094 γινομένων,
1427 3023 1523 3076 καὶ
1578 3021 1810 3095 αῦξησις
1840 3023 1950 3079 τῶν

366 3118 740 3191 τρεφομένων,
781 3114 1108 3187 ἀπροσδεὴς,
1155 3113 1463 3185 αὐτάρκης.
1501 3112 1839 3168 Φυλάσσεται
1870 3113 1946 3182 δὲ,

332 3223 336 3226 ’
371 3213 526 3284 φησὶ,
561 3211 622 3266 τὸ
652 3209 810 3276 ξύλον
846 3209 949 3279 τῆς
987 3198 1134 3277 ζωῆς
1164 3205 1255 3259 διὰ
1277 3205 1378 3275 τῆς
1414 3204 1789 3276 στρεφομένης
1819 3204 1947 3274 φλο-

368 3306 526 3376 γίνης
562 3303 858 3375 ῥομφαίας,
888 3300 964 3363 ὡς
991 3300 1315 3370 εἰρήκαμεν,
1350 3298 1382 3366 ἡ
1422 3294 1653 3365 δύναμις
1680 3297 1714 3366 ή
1745 3294 1947 3365 ὲὸδόμη

367 3402 402 3468 ή
430 3399 491 3463 ἐξ
519 3398 708 3466 αὐτῆς,
744 3397 777 3466 ή
812 3395 1018 3457 πάντας
1052 3390 1270 3462 ἔχουσα,
1304 3391 1339 3462 ή
1367 3390 1426 3443 ἐν
1454 3390 1572 3451 ταῖς
1607 3387 1668 3452 ἒξ
1703 3404 1950 3441 κατακει-

375 3489 508 3561 μένη
542 3488 853 3557 δυνάμεσιν.
906 3482 1032 3537 Ἐὰν
1062 3481 1170 3553 γὰρ
1204 3479 1279 3551 μὴ
1315 3477 1618 3557 στρέφηται
1648 3478 1680 3548 ἡ
1719 3476 1966 3547 φλογίνη.

372 3577 634 3648 ῥομφαία,
666 3574 1006 3644 φθαρήσεται
1036 3572 1130 3624 καὶ
1157 3569 1437 3624 ἀπολεῖται
1470 3567 1531 3621 τὸ
1567 3566 1731 3620 καλὸν
1768 3567 1948 3619 έκεῖνο

370 3666 555 3731 ξύλον·
587 3665 682 3717 ἐὰν
719 3663 777 3717 δὲ
819 3659 1181 3733 στρέφηται⁹1⁵
1227 3661 1308 3722 εἰς
1340 3656 1565 3729 σπέρμα
1606 3657 1699 3709 καὶ
1738 3656 1893 3724 γάλα,
1921 3657 1950 3708 ὁ

367 3759 594 3829 δυνάμει
631 3758 690 3809 ὲν
714 3754 925 3818 τούτοις
963 3751 1359 3822 κατακείμενος
1385 3750 1545 3819 λόγου
1566 3749 1613 3781 θ’
1645 3747 1739 3801 τοῦ
1782 3765 1950 3819 προσ-

368 3848 591 3918 ήκοντος
637 3844 729 3897 καὶ
785 3842 950 3894 τόπου
1003 3840 1235 3911 Κυρίου,
1276 3841 1335 3891 ὲν
1369 3832 1413 3907 ᾧ
1469 3840 1726 3907 γεννᾶται
1767 3837 1945 3906 λόγος,

368 3934 602 4006 τυχὼν¹,
649 3933 956 4003 ἀρξάμενος
995 3933 1109 3994 ὡς’
1140 3931 1249 3985 ἀπὸ
1289 3930 1585 4001 σπινθῆρος
1634 3930 1944 4001 ἐλαχίστου,

369 4025 650 4086 παντελῶς
706 4021 1179 4093 μεγαλυνθήσεται
1227 4021 1325 4076 καὶ
1377 4020 1603 4091 αὐξήσει
1659 4025 1753 4076 καὶ
1797 4023 1949 4077 ἔσται

368 4118 600 4186 δύναμις
638 4115 971 4183 ἀπέραντος,
1015 4112 1432 4184 ἀπαράλλακτος
1452 4152 1466 4177 ,
1494 4111 1608 4184 [ἴση
1639 4116 1734 4166 καὶ
1764 4112 1947 4183 ὁμοία]

369 4209 529 4263 σίῶνι
576 4203 1028 4275 ἁπαραλλάκτῳ⁸
1055 4204 1253 4274 μηκέτι
1290 4204 1560 4274 γινομένῳ
1594 4206 1674 4266 εὶς
1696 4206 1791 4257 τὸν
1824 4205 1951 4257 ἀπέ-

371 4317 565 4375 ραντον
590 4298 783 4352 αἰῶνα.

443 4398 531 4462 ιη’.
570 4390 798 4459 Γέγονεν
845 4383 943 4442 οῦν
978 4384 1429 4458 ὁμολογουμένως
1460 4386 1600 4440 κατὰ
1638 4385 1825 4439 τοῦτον
1860 4385 1951 4439 τὸν

367 4485 523 4553 λόγον
551 4485 660 4546 τοῖς
682 4482 931 4550 ἀνοήτοις
967 4478 1149 4549 Σίμων
1174 4476 1313 4543 θεὸς,
1337 4475 1526 4549 ὥσπερ
1556 4478 1585 4529 ὁ
1609 4476 1778 4539 Λίϐυς
1803 4478 1949 4530 ἐκεῖ·

536 4535 928 4642 καὶσἊιῙνεθος,
949 4535 1210 4639 γεννητὸς
1374 4569 1471 4621 καὶ
1494 4535 1949 4637 ἶπαθητὸῃδτανι
1980 4535 2025 4590 D

366 4663 400 4739 ᾗ
441 4668 497 4719 έν
526 4665 775 4736 δυνάμει,
812 4661 1038 4731 ἀπαθὴς
1077 4660 1133 4711 δὲ
1166 4660 1232 4712 ὲκ
1264 4657 1559 4728 γεννητοῦ,
1592 4658 1720 4711 ὅταν
1748 4657 1952 4724 ἐξεικο-

366 4757 524 4829 νισθῇ
551 4758 644 4811 καὶ
672 4755 798 4824 γενό
830 4755 840 4820 1
875 4768 1041 4825 μενος
1068 4749 1272 4811 τέλειος
1304 4747 1498 4821 ἐξέλθῃ
1532 4746 1637 4801 τῶν
1664 4748 1950 4818 δυνάμεων

364 4847 472 4909 τῶν
504 4846 736 4916 πρώτων
764 4844 879 4907 δύο,
915 4840 1200 4896 τουτέστιν
1231 4838 1462 4910 οὐρανοῦ
1493 4840 1589 4892 καὶ
1626 4840 1749 4910 γῆς.
1787 4840 1949 4909 Λέγει

364 4941 475 5010 γὰρ
510 4941 689 5009 Σίμων
716 4936 1015 5009 διαρρήδην
1051 4932 1186 5003 περὶ
1223 4931 1412 4985 τούτου
1443 4932 1502 4985 ὲν
1538 4933 1607 5003 τῇ
1651 4933 1949 5001 Ἀποφάσει

363 5030 567 5093 οὕτως’
640 5029 797 5098 Ὑμῖν
841 5025 955 5084 οὖν
1012 5026 1172 5098 λέγω
1224 5022 1263 5078 ἃ
1319 5023 1482 5097 ,λέγωΔ
1525 5024 1622 5078 καὶ
1665 5024 1867 5094 πράφω
1913 5024 1953 5080 ἆ

2046 1926 2169 1996 igne
2246 1927 2570 1997 principium
2621 1929 2893 1999 cupidinis
2954 1932 3324 2001 generationis
3382 1937 3617 1992 exsistit.

2045 2018 2255 2088 Quippe
2303 2019 2427 2089 igne
2470 2020 2669 2089 corripi
2706 2020 3007 2090 appellatur
3033 2022 3087 2076 id
3127 2024 3267 2093 quod
3295 2034 3377 2081 est
3415 2041 3621 2083 concu-

2044 2111 2257 2179 piscere
2282 2111 2719 2166 commutabilem
2742 2113 3066 2184 genituram.
3097 2114 3273 2173 Unum
3298 2125 3476 2173 autem
3496 2134 3620 2175 cum

2045 2200 2117 2255 sit
2156 2199 2295 2270 ignis
2317 2241 2332 2267 ,
2366 2200 2752 2256 conversiones
2796 2202 3028 2258 vertitur
3063 2203 3219 2261 duas.
3278 2206 3623 2264 Convenitur

2044 2292 2214 2357 enim,
2245 2292 2453 2361 inquit,
2480 2292 2533 2346 in
2564 2291 2683 2349 viro
2725 2294 2946 2364 sanguis
2971 2333 2987 2359 ,
3019 2304 3075 2350 et
3104 2297 3312 2353 calidus
3340 2310 3396 2353 et
3421 2299 3618 2366 fulvus,

2048 2386 2107 2432 ut
2134 2378 2270 2449 ignis
2295 2378 2591 2450 efﬁgiatus,
2618 2380 2670 2434 in
2688 2395 2893 2448 semen,
2919 2383 2974 2438 in
3004 2385 3229 2441 muliere
3254 2396 3443 2443 contra
3474 2389 3619 2444 idem

2048 2471 2136 2526 hic
2165 2471 2387 2539 sanguis
2427 2471 2478 2525 in
2510 2471 2608 2526 lac.
2644 2471 2711 2525 Et
2737 2472 2797 2528 ﬁt
2825 2475 3049 2530 masculi
3077 2480 3364 2534 conversio
3392 2496 3620 2551 genera-

2052 2562 2148 2627 tio,
2184 2560 2398 2617 femina;
2443 2572 2622 2617 autem
2669 2564 2953 2620 conversio
3001 2568 3226 2624 nutritio
3262 2570 3309 2624 ei
3337 2573 3483 2641 quod
3530 2589 3631 2644 δι’--

2048 2660 2293 2710 neratur.
2332 2653 2432 2708 Hic
2457 2693 2474 2719 ,
2511 2656 2708 2725 inquit,
2735 2665 2818 2711 est
2846 2658 3123 2726 ﬂammeus
3150 2663 3308 2728 ensis,
3339 2665 3431 2733 qui
3455 2666 3627 2718 vibra-

2050 2753 2141 2799 tur
2188 2745 2256 2799 ad
2309 2746 2707 2801 custodiendam
2740 2748 2897 2802 uiam
2930 2749 3060 2819 ligni
3098 2752 3234 2806 uitat.
3278 2753 3626 2813 Convenitur

2049 2837 2193 2892 enim
2223 2839 2447 2908 sanguis
2474 2839 2529 2893 in
2560 2853 2746 2895 semen
2799 2848 2854 2894 et
2911 2840 2996 2897 lac
3041 2849 3097 2897 et
3149 2842 3209 2898 ﬁt
3237 2844 3353 2900 baro
3385 2857 3628 2917 potestas

2051 2937 2224 2982 mater
2252 2938 2306 2983 et
2336 2937 2513 2999 pater,
2552 2937 2708 3000 pater
2733 2944 2921 2986 eorum
2951 2946 3073 3002 qua:
3097 2944 3414 3005 nascuntur,
3449 2951 3502 2994 et
3526 2942 3628 2992 ali-

2052 3028 2175 3075 tura
2209 3034 2396 3076 eorum
2449 3036 2571 3090 quae
2619 3023 2971 3090 nutriuntur,
3034 3025 3234 3082 nullius
3268 3026 3488 3097 indiga,
3542 3034 3626 3087 sui

2053 3100 2294 3179 compos.
2328 3109 2641 3165 Custoditur
2670 3121 2877 3177 autem,
2910 3113 3103 3183 inquit,
3133 3113 3335 3183 lignum
3383 3117 3503 3172 vita:
3534 3135 3629 3189 per

2058 3202 2322 3255 vibratum
2356 3201 2669 3257 flammeum
2694 3216 2904 3272 ensem,
2938 3204 3079 3260 sicut
3105 3206 3360 3275 diximus,
3388 3220 3629 3280 potestas

2056 3293 2307 3362 septima,
2339 3307 2459 3361 quae
2487 3301 2570 3348 est
2594 3307 2662 3349 ex
2697 3306 2870 3350 semet
2913 3305 3174 3369 prognata
3198 3337 3215 3364 ,
3274 3314 3391 3369 qua
3439 3317 3628 3359 omnes

2056 3382 2316 3450 continet,
2349 3399 2468 3453 quae
2503 3385 2556 3439 in
2587 3399 2682 3440 sex
2708 3386 2939 3455 reposita
2975 3396 3057 3444 est
3093 3392 3467 3457 potestatibus.
3491 3394 3628 3450 Nam

2056 3490 2177 3531 cum
2212 3492 2315 3531 non
2344 3478 2644 3532 vibrabitur
2693 3477 2973 3536 flammeus
2997 3482 3167 3549 ensis,
3193 3487 3629 3554 pessumdabitur

2055 3576 2108 3621 et
2129 3567 2369 3623 interibit
2395 3568 2681 3637 pulchrum
2703 3569 2832 3625 illud
2862 3571 3097 3641 lignum;
3129 3589 3253 3630 cum
3284 3586 3465 3632 autem
3497 3593 3628 3634 cou-
3654 3591 3661 3601 '

2055 3665 2300 3712 vertetur
2333 3659 2386 3712 in
2418 3672 2603 3713 semen
2652 3671 2707 3714 et
2750 3659 2852 3726 lac,
2895 3661 2987 3732 qui
3033 3664 3389 3732 potestatein
3431 3667 3516 3722 bis
3546 3683 3630 3722 re-

2056 3751 2266 3818 positus
2282 3757 2384 3817 est,
2404 3748 2843 3834 informationem
2867 3752 3112 3811 idoneam
3133 3765 3189 3812 et
3209 3755 3385 3813 locum
3396 3757 3628 3828 justum.

2057 3841 2110 3896 in
2150 3858 2254 3912 quo
2280 3852 2571 3913 generatur
2599 3845 2844 3911 verbum,
2885 3855 3100 3911 nactus,
3123 3857 3277 3903 ortus
3308 3858 3563 3920 tanquam
3599 3869 3627 3907 a

2055 3934 2292 3989 scintilla
2320 3934 2641 3992 tenuissima
2666 3951 2893 4002 prorsus
2914 3938 3234 4005 grandescet
3281 3949 3335 3995 et
3380 3952 3633 4011 augescet

2056 4033 2113 4079 et
2141 4024 2248 4080 erit
2275 4033 2515 4093 potestas
2535 4023 2746 4080 infinita
2770 4025 3141 4093 immutabilis,
3157 4026 3393 4100 [similis
3413 4039 3467 4085 et
3486 4048 3631 4087 cout-

2054 4112 2192 4185 par]
2224 4128 2339 4169 aevo
2373 4114 2731 4182 immutabili,
2762 4116 2904 4186 quod
2934 4116 3163 4187 amplius
3190 4134 3296 4177 non
3330 4121 3391 4176 ﬁt
3417 4121 3471 4177 in
3502 4124 3629 4180 inﬁ-

2058 4212 2227 4255 nttum
2255 4215 2448 4257 ωινυηι.

2131 4376 2218 4433 18.
2256 4374 2477 4433 Exstitit
2507 4376 2827 4449 igiturbaud
2854 4379 3014 4437 dubie
3039 4385 3337 4441 secundum
3371 4388 3510 4445 banc
3544 4406 3630 4446 ra-

2061 4471 2261 4526 tionem
2312 4469 2493 4525 stultis
2549 4469 2734 4530 Simon
2785 4472 2919 4529 deus
2964 4473 3102 4532 sicut
3131 4474 3295 4549 Libys
3327 4479 3454 4548 ille,
3507 4482 3629 4538 dico

2053 4565 2374 4634 Apsetbum,
2414 4574 2703 4636 generatus
2746 4565 2964 4636 quidem
3014 4578 3071 4625 et
3104 4571 3339 4641 patibilis
3366 4614 3382 4639 ,
3412 4575 3629 4646 quando

2053 4657 2222 4714 estin
2257 4666 2564 4728 potestate,
2628 4660 2944 4730 impatibilis
2998 4671 3180 4719 autem
3231 4678 3297 4720 ex
3343 4677 3627 4740 generato,

2054 4750 2273 4820 quando
2303 4748 2565 4819 efﬁgiatus
2593 4759 2676 4807 est
2699 4761 2753 4806 et
2776 4751 2952 4810 factus
2975 4753 3248 4825 perfectus
3269 4772 3519 4828 egressus
3549 4770 3630 4815 est

2051 4849 2350 4910 potestates
2381 4841 2584 4910 primas
2617 4842 2752 4898 duas
2773 4883 2788 4909 ,
2820 4843 2923 4898 hoc
2950 4854 3035 4902 est
3061 4834 3259 4902 ccelum
3302 4857 3357 4903 et
3406 4858 3627 4904 terram.

2052 4932 2143 4985 Ait
2172 4934 2314 4986 enim
2334 4931 2519 4988 Simon
2545 4933 2677 5003 ipsis
2693 4933 2874 4990 verbis
2904 4935 2971 4991 de
2995 4937 3094 4994 hac
3122 4954 3181 4993 re
3211 4938 3262 4993 iu
3283 4937 3632 4996 Revelatioue

2060 5023 2113 5077 in
2136 5023 2280 5078 hunc
2300 5026 2549 5079 modum:
2578 5021 2737 5079 Vobis
2758 5027 2921 5096 igitur
2941 5027 3080 5094 dico,
3099 5047 3216 5100 qua:
3238 5033 3358 5088 dico
3372 5046 3417 5088 et
3435 5035 3629 5102 scribo,

1643 5159 1877 5215 VARle
1915 5159 2324 5217 LECTIONES.

426 5289 475 5321 ⁸⁵
495 5290 524 5340 ὁ
547 5288 885 5358 γέννητοςηὸ
915 5288 1216 5358 ἀγέννητος
1234 5285 1304 5358 β,
1340 5284 1408 5339 Μ.
1442 5283 1524 5339 Cf.
1554 5299 1716 5358 supra
1733 5285 1968 5358 phata,
1998 5284 2189 5358 75-85.
2264 5283 2308 5315 ⁸⁷
2343 5284 2463 5358 κατ’
2492 5281 2782 5358 οὐδεμίανὲ
2806 5282 3056 5358 κρτὰῄδὲ⁸
3076 5283 3303 5358 μίανὲϐ,
3317 5283 3397 5358 _M.
3437 5285 3519 5358 ﬂ"
3549 5284 3627 5340 τό.

359 5357 439 5429 τῷ
466 5358 529 5415 C.
558 5341 570 5357 ’
606 5359 650 5390 ⁸⁵
681 5341 760 5424 έν,
784 5341 1310 5429 ὀὖσαίὲνοῦσίϐί-
1361 5358 1408 5388 θ’
1434 5341 1691 5429 κατανοεῖ
1816 5341 2188 5429 ’[γεννέσεως
2220 5368 2362 5408 corr.
2398 5352 2459 5429 βε
2536 5352 2599 5429 ’_'_
2619 5341 2714 5405 Ἓν
2739 5351 2796 5429 δε
2830 5352 2905 5405 δν.
2948 5341 3156 5429 Ἐνδέολι
3187 5352 3258 5429 C,
3377 5354 3479 5429 __”
3507 5372 3633 5425 τρο..

360 5421 468 5491 πᾶς
505 5421 797 5498 στρέφεται
827 5429 939 5483 δύο.
970 5434 1177 5498 τροφὰς
1209 5426 1497 5496 τρέφεται.
1529 5423 1706 5498 Atat),
1738 5424 1806 5478 M.
1873 5425 1920 5455 “
1952 5426 2192 5498 γέννεσις
2236 5439 2377 5476 corr.
2417 5423 2488 5498 C._
2553 5421 2600 5453 "
2630 5423 2827 5498 τροφή.
2879 5424 3163 5498 τρυ-φὴρ.
3241 5424 3301 5498 ’τί
3324 5424 3512 5498 l__Mos.
3543 5421 3631 5498 lli.

358 5501 428 5554 :14
458 5516 472 5553 :
506 5491 616 5553 Καὶ
640 5491 798 5564 ἔταξε
822 5500 891 5553 τὰ
918 5491 1199 5569 Χερουϐὶμ
1240 5491 1337 5549 καῖ
1364 5498 1460 5565 τὴν
1489 5493 1747 5563 φλογίνην
1778 5495 2057 5616 ρομιὲαίαν
2085 5493 2180 5564 τὴν
2215 5492 2592 5562 στρεφομένην
2617 5491 3180 5563 φυλάσσειντήιίὸδὸν
3210 5494 3304 5547 τοῦ
3333 5494 3491 5559 ξύλου
3525 5495 3627 5563 τῆς

365 5568 532 5616 ζωῆς.
641 5568 688 5602 ⁸⁷
720 5571 903 5616 πατὴρ)
926 5571 1056 5616 τῶν.
1099 5567 1257 5616 παρὰ
1283 5568 1392 5616 τῶν
1426 5564 1487 5616 C-
1527 5564 1598 5616 Μ.
1712 5563 1756 5595 ⁸⁸
1791 5581 1891 5616 στο
1926 5580 2085 5616 ωεται
2116 5563 2177 5616 (3.
2277 5563 2322 5595 "
2349 5564 2528 5616 λόγου.
2567 5561 2722 5616 λόγος
2752 5563 2813 5616 (3.
2847 5560 2918 5616 Μ.
2949 5562 3032 5616 Cf.
3068 5579 3228 5616 sunra
3259 5579 3309 5616 ο.
3344 5563 3471 5616 248.
3499 5565 3553 5616 5.
3577 5565 3627 5616 6.

641 5568 688 5640 θ’
720 5563 903 5639 πατὴρ
926 5563 1056 5640 τιῑίν.
1099 5563 1397 5640 παρὰ-*τῶν
1527 5564 1624 5640 Μ.-
1668 5636 1679 5640 Δ
1712 5563 1756 5595 ⁸⁸
1780 5563 1891 5640 στρ

365 5568 533 5651 ἔσθιε

1861 5563 2085 5635 ρέφεται
2116 5563 2177 5635 (ᾗ.

2277 5560 2722 5646 "“I.<':you.').é'1.og
2752 5563 2813 5643 (ὲ,
2847 5560 2918 5618 Μ.
2949 5560 3228 5646 (ξζηευρτίι
3259 5579 3309 5646 p.
3344 5563 3471 5646 Ξέξ,
3499 5565 3553 5627 5,
3577 5560 3632 5620 θ.

359 5639 373 5667 ¹
398 5631 598 5709 τυχῶν.
628 5638 818 5708 ψυχῶν
844 5631 907 5700 C,
934 5639 1003 5692 M.
1080 5641 1101 5671 ⁸
1132 5631 1207 5701 ὡς
1253 5636 1328 5688 ὣν
1357 5634 1419 5701 C,
1457 5636 1523 5691 Μ.
1607 5635 1628 5668 ³
1657 5631 2096 5709 ἀπαράλλακτος,
2126 5632 2213 5709 ἴση
2250 5631 2358 5709 καὶ.
2386 5631 2550 5701 ὁμοία
2578 5632 2743 5709 αἰῶνι
2765 5631 3204 5709 ἀπαραλλάκτῳ.
3254 5631 3636 5709 ᾁπαροζζακτος

358 5700 917 5795 μίῴζὶηὰπᾲρᾶλάκτῳ
947 5711 1006 5775 (3,
1046 5700 1471 5779 ἀπαράλλακτος
1519 5707 1678 5759 αἰῶνι
1714 5700 2124 5775 ἀπαραλλάκτῳ
2158 5700 2226 5755 Μ.
2286 5700 2368 5756 Cf.
2407 5713 2568 5771 supra
2602 5716 2653 5769 p.
2713 5700 2841 5767 9J8,
2884 5700 2936 5771 9,
2970 5702 3056 5770 10,
3090 5700 3223 5773 ct'p.
3257 5700 3383 5766 ΞΗ,
3413 5704 3506 5768 95,
3537 5702 3631 5760 94.

350 5776 370 5804 ⁵
400 5779 482 5833 ὅτε
514 5778 578 5832 ἂν
604 5776 667 5834 ας

734 5875 1008 5936 PnaOL.
1056 5874 1171 5937 (is.
1222 5870 1388 5934 λνι.

3216 5861 3325 5928 102
