4144 6328
540 324 678 396 3221

1991 321 2359 383 ORIGENIS

3683 320 3832 394 ἓὲΩ

545 461 659 518 qum
687 439 881 497 scribo.
917 437 1198 510 Scriptura
1220 439 1426 493 htecce:
1449 435 1552 490 duo
1574 445 1694 489 sunt
1725 434 1958 488 turiones
1989 434 2127 487 inter

2232 431 2453 502 γράφω.
2502 428 2573 484 Tb
2613 427 2848 500 ποάμμα
2881 429 3055 485 τοῦτο
3075 446 3088 460 °
3112 427 3238 500 gsco'
3268 431 3390 487 εισι
3427 432 3826 503 παραφυάδες

542 534 818 588 universos
851 545 1021 584 leones
1048 569 1063 596 ,
1096 529 1186 598 qui
1225 543 1387 597 neque
1415 525 1738 601 principium
1775 541 1937 594 neque
1967 524 2126 593 ﬁnem

543 625 755 688 habent,
780 639 845 677 ea:
874 639 980 676 una
1004 622 1197 685 radice,
1221 635 1337 690 qute
1365 619 1571 688 quidem
1598 626 1826 687 potestas
1861 625 1935 671 est
1967 617 2128 671 silen-

546 716 678 769 tium
711 711 970 766 invisibile
993 751 1008 776 ,
1063 708 1577 778 incomprehensibile
1611 750 1626 774 ,
1675 724 1896 779 quantm
1928 707 2126 778 252.

546 805 707 877 253
739 805 873 858 alter
904 812 1118 871 apparet
1155 816 1396 869 superne,
1431 816 1549 870 qua:
1587 800 1796 870 quidem
1827 812 1899 854 est
1933 817 2127 870 magna

543 907 772 968 potestas
797 937 810 960 ,
865 911 1006 948 ntens
1038 893 1434 954 universorum,
1499 891 1877 946 administrans
1927 893 2124 958 omnia,

546 1005 729 1059 genere
755 985 1034 1048 mascula;
1085 985 1220 1038 alter
1269 993 1446 1036 autent
1493 982 1724 1052 inferne,
1780 981 2126 1051 intelligentia

545 1098 758 1152 magna,
787 1095 968 1149 genere
995 1078 1245 1148 feminea,
1271 1078 1487 1147 gignens
1517 1075 1713 1128 omnia.
1741 1072 1890 1128 Unde
1915 1091 2126 1144 respon-

546 1175 726 1228 dentes
762 1173 860 1226 sibi
900 1172 1121 1225 iuvicem
1154 1171 1460 1240 conjugium
1496 1168 1684 1221 habent
1710 1175 1760 1220 et
1792 1165 2019 1220 mediam
2052 1165 2129 1220 di-

545 1264 796 1318 stantiam
822 1262 1188 1328 manifestant,
1221 1276 1394 1312 aerem
1415 1257 2008 1326 incomprehensibilem,
2037 1272 2127 1311 ne-

543 1373 642 1425 que
673 1355 992 1424 principium
1025 1368 1185 1420 neque
1219 1331 1376 1420 ﬁnem
1417 1349 1712 1403 habentem.
1740 1353 1804 1403 In
1826 1349 1920 1402 hoc
1950 1357 2125 1402 autem

543 1448 727 1511 Pater,
779 1447 867 1516 qui
918 1446 1138 1499 sustinet
1170 1446 1346 1496 omnia
1383 1452 1431 1496 et
1465 1442 1557 1494 alit
1588 1458 1704 1510 qum
1730 1442 2044 1511 principium
2077 1451 2126 1494 et

543 1539 702 1606 ﬁnem
738 1538 950 1591 habent.
987 1535 1089 1589 llic
1120 1545 1192 1589 est
1221 1535 1308 1602 qui
1333 1543 1462 1598 stat,
1490 1536 1653 1598 stetit,
1684 1533 1866 1595 stabit,
1897 1542 2125 1602 potestas

544 1647 658 1683 mas
686 1628 848 1683 simul
875 1637 923 1682 et
952 1628 1148 1695 femina
1178 1626 1465 1682 secundum
1495 1642 1614 1679 eam
1641 1642 1756 1695 qua:
1781 1637 1937 1680 antea
1967 1625 2128 1680 exsti-

543 1722 603 1773 tit
626 1728 933 1788 potestatem
952 1719 1237 1786 inﬁnitam,
1261 1733 1378 1787 qua:
1398 1717 1607 1786 quidem
1631 1733 1790 1786 neque
1810 1717 2125 1786 principium

2232 523 2353 576 τῶν
2387 523 2547 576 ὅλων
2569 522 2818 586 αιώνων,
2848 523 3000 591 μήτε
3021 522 3226 593 ἀρχὴν
3252 525 3406 595 μήτε
3435 524 3621 596 πέρας
3645 527 3817 596 ἐχου-

2227 629 2365 678 σαι,
2407 613 2525 667 ἀπὸ
2569 612 2709 683 μιᾶς
2742 612 2946 681 ῥίζης,
2986 613 3119 682 ’ἣτις
3175 615 3307 670 ἐστὶ
3351 615 3606 686 δύναμις
3668 619 3817 688 σιγὴ

2227 707 2517 776 ἀόρατος,
2584 705 3040 774 ἀκατάληπτος,
3095 701 3186 762 ὧν
3241 709 3281 777 ’ἡ
3339 709 3491 778 pla“
3545 710 3841 778 φαίνεται,

2228 797 2487 863 ἄνωθεν,
2545 797 2679 866 ἣτις
2718 797 2854 852 ἐστὶ
2889 797 3125 868 μεγάλη
3175 798 3462 868 δύναμις,
3509 801 3659 866 νοῦς
3708 801 3829 856 τῶν

2228 890 2408 957 ὅλων,
2435 890 2656 944 διέπων
2673 890 2747 943 τὰ
2769 888 2986 953 πάντα,
3009 887 3228 964 ἄρσην,
3252 892 3292 958 ἡ
3313 889 3382 943 δὲ
3407 889 3484 962 [ρ.
3510 890 3638 947 17⁸5.
3664 893 3820 966 HL]

2228 983 2403 1053 ἑτέρα
2439 981 2724 1048 κάτωθεν,
2752 982 2990 1036 ἐπίνοια
3005 982 3260 1053 μεγάλη,
3281 983 3512 1052 θήλεια,
3547 985 3826 1053 γεννῶσα

2227 1075 2300 1130 τὰ
2354 1074 2572 1129 πάντα.
2631 1074 2852 1128 Ἔνθεν
2909 1070 3212 1138 ἀλλήλοις
3282 1072 3826 1144 ἀντιστοιχοῦντες

2228 1165 2521 1236 συζυγίαν
2549 1165 2788 1234 ἔχουσι,
2817 1163 2919 1218 καὶ
2951 1164 3018 1218 τὸ
3041 1164 3238 1234 μέσον
3264 1163 3570 1233 διάστημα
3607 1167 3822 1234 ἐμφαί-

2227 1273 2447 1314 νουσιν
2497 1258 2644 1326 ἀέρα
2689 1256 3162 1324 ἀκατάληπτον,
3213 1255 3367 1326 μήτε
3419 1255 3620 1324 ἀρχὴν
3664 1257 3820 1325 μήτε

2226 1349 2410 1417 πέρας
2445 1347 2688 1417 ἔχοντα.
2741 1348 2844 1400 Ἐν
2881 1344 2950 1408 δέ
2976 1348 3165 1408 τούτῳ
3227 1342 3434 1411 Πατὴρ
3469 1346 3500 1397 ό
3530 1345 3552 1375 ⁸
3583 1344 3821 1408 ,ϐαστά-

2230 1441 2342 1502 ζων
2374 1439 2572 1492 πάντα
2626 1438 2726 1492 καὶ
2780 1438 3013 1508 τρέφων
3048 1436 3121 1490 τὰ
3153 1437 3172 1467 ⁷
3227 1436 3428 1504 ἀρχὴν
3481 1434 3580 1489 καὶ
3632 1436 3820 1504 πέρας

2227 1532 2472 1597 ἔχοντα.
2502 1525 2695 1594 Οὗτός
2718 1529 2891 1584 ἐστιν
2917 1532 2948 1583 ὀ
2972 1528 3182 1596 ἑστὼς,
3207 1529 3379 1596 στὰς,
3413 1532 3815 1598 στησάμενος,

2226 1620 2313 1675 ὢν
2348 1621 2770 1690 ἀρσενόθηλυς
2815 1621 3069 1691 δύναμις
3120 1624 3272 1677 κατὰ
3338 1621 3454 1688 τὴν
3509 1620 3815 1690 προϋπάρ-

2229 1727 2468 1783 χουσαν
2508 1712 2770 1782 δύναμιν
2819 1713 3180 1781 ἀπέραντον,
3233 1711 3368 1780 ἣτις
3431 1712 3557 1766 οὔτ’
3619 1713 3821 1782 ἀρχὴν

541 1813 690 1865 habet
727 1827 890 1875 neque
927 1812 1122 1880 ﬁnem,
1174 1826 1390 1879 eamque
1432 1811 1488 1863 in
1530 1811 1733 1863 unitate
1774 1818 2122 1863 constantem.

2228 1805 2366 1859 οὕτε
2417 1803 2602 1873 πέρας
2641 1804 2788 1873 ἔχει,
2820 1804 2890 1857 ἐν
2937 1805 3226 1873 μονότητι
3269 1803 3468 1857 οὖσαν
3493 1819 3506 1834 ·
3543 1804 3664 1858 ἀπὸ
3707 1806 3821 1874 γὰρ

542 1905 619 1957 Ab
656 1905 754 1958 hac
790 1904 929 1958 enim
956 1919 1233 1973 congressa
1264 1919 1380 1973 quae
1407 1913 1480 1955 est
1518 1903 1568 1953 in
1599 1903 1798 1955 unitate
1826 1901 2122 1970 intelligen-

543 1997 616 2049 tia
651 1995 793 2062 facta
815 2001 889 2047 est
921 1995 1044 2046 duo.
1071 1991 1137 2044 Et
1162 1992 1250 2046 ille
1279 2002 1388 2047 erat
1417 2008 1573 2057 unus,
1599 1992 1792 2045 habens
1813 1993 1951 2045 enim
1978 1993 2124 2045 illam

541 2088 597 2138 in
632 2101 688 2139 se
725 2093 839 2138 erat
882 2085 1046 2147 solus,
1075 2099 1376 2152 quanquam
1401 2099 1504 2137 non
1525 2084 1749 2151 primus,
1776 2083 1984 2137 tametsi
2006 2093 2126 2136 ante

540 2176 818 2237 exsistens,
859 2173 1231 2242 manifestatus
1266 2184 1439 2226 autem
1471 2173 1566 2242 ipsi
1609 2188 1672 2225 ea:
1701 2188 1754 2225 se
1787 2173 1897 2240 ipso
1929 2173 2124 2226 exstitit

539 2267 694 2320 alter.
738 2265 843 2320 Sed
882 2280 944 2318 ne
976 2272 1127 2332 pater
1153 2266 1362 2335 quidem
1399 2263 1696 2333 appellatus
1736 2272 1811 2317 est
1849 2275 2126 2332 antequam

539 2360 654 2427 ipsa
684 2357 834 2410 illum
873 2355 1160 2424 appellaret
1215 2366 1435 2423 patrem.
1482 2353 1550 2410 Ut
1587 2356 1750 2425 igitur
1789 2357 1898 2424 ipse
1943 2363 2128 2409 semet-

542 2465 713 2517 ipsum
747 2464 838 2517 per
866 2465 919 2502 se
945 2447 1237 2517 producens
1293 2448 1659 2518 manifestavit
1708 2447 1809 2500 sibi
1856 2448 2128 2517 propriam

539 2541 984 2610 intelligentiam,
1046 2540 1121 2593 sic
1167 2549 1213 2594 et
1255 2539 1598 2609 manifestata
1647 2538 1997 2608 intelligentia
2025 2554 2130 2593 non

518 2635 711 2702 .fecit,
769 2632 860 2685 sed
911 2631 1211 2699 conspicata
1262 2629 1414 2684 illum
1470 2631 1804 2684 abscondidit
1834 2640 2032 2698 patrem
2074 2631 2130 2684 in

542 2739 682 2789 sese,
728 2724 825 2776 hoc
857 2730 932 2776 est
975 2729 1284 2790 potestatem
1312 2761 1326 2786 ,
1383 2729 1432 2774 et
1457 2721 1531 2774 ita
1557 2731 1633 2775 est
1662 2722 2128 2792 masculofeminea

540 2824 772 2886 potestas
803 2817 957 2868 etiam
991 2813 1362 2882 intelligentia,
1393 2813 1532 2867 unde
1551 2814 1650 2867 sibi
1675 2814 1889 2868 invicem
1918 2831 2132 2884 respon-

541 2909 666 2962 dent
701 2906 857 2976 (nihil
885 2908 1023 2962 enim
1046 2905 1227 2975 differt
1256 2914 1488 2974 potestas
1516 2907 1578 2960 ab
1615 2906 1980 2978 intelligentia)
2001 2924 2132 2978 quo-

539 3002 684 3054 niam
721 3016 884 3053 unum
915 3007 1058 3053 sunt.
1105 2997 1315 3052 Etenim
1353 3015 1418 3053 ea:
1456 2999 1558 3062 iis,
1618 3015 1736 3068 quae
1777 3015 1936 3068 supra
1983 3008 2127 3066 sunt,

545 3073 808 3160 reperitur
844 3100 1094 3157 potestas,
1129 3104 1193 3143 ex
1232 3090 1298 3143 iis
1331 3099 1537 3153 autem,
1566 3105 1682 3159 qua:
1717 3089 1894 3160 infra,
1934 3090 2132 3144 intelli-

539 3185 738 3254 gentia.
775 3182 861 3236 lta
891 3183 1053 3252 igitur
1081 3183 1178 3251 ﬁt,
1224 3192 1278 3236 ut
1321 3181 1720 3251 manifestatum
1750 3180 1816 3235 ab
1859 3181 1986 3249 illis,
2011 3199 2130 3236 cum

541 3291 703 3330 unum
729 3274 821 3341 sit,
851 3276 1147 3343 reperiatur
1172 3271 1390 3338 duplex,
1413 3272 1908 3342 masculofemineus
1934 3273 2130 3328 habens

540 3365 824 3435 femineam
855 3365 909 3417 in
945 3381 1076 3419 sese.
1115 3363 1182 3418 In
1209 3365 1346 3417 hunc
1371 3363 1586 3416 modum
1613 3373 1688 3417 est
1719 3379 1864 3418 mens
1893 3363 1948 3418 in
1977 3363 2132 3417 intel-

540 3455 782 3526 ligentia,
815 3471 935 3524 qua:
972 3455 1211 3523 sejuncta
1241 3471 1273 3508 a
1309 3469 1364 3508 se
1396 3454 1638 3518 invisent,
1663 3469 1782 3506 cum
1813 3453 1920 3507 sint
1944 3469 2126 3520 unum,

543 3547 880 3617 reperiuntur
913 3547 1040 3599 duo.

622 3638 713 3693 l9.
751 3637 876 3692 llaec
896 3637 1063 3707 igitur
1084 3644 1422 3690 commentus
1445 3635 1630 3690 Simon
1661 3652 1766 3693 non
1789 3635 1962 3693 solum
1987 3637 2129 3692 dicta

543 3729 710 3785 Hosis
739 3744 836 3800 per
869 3727 1040 3784 malas
1070 3736 1218 3782 artes
1245 3728 1472 3783 detorsit.
1504 3729 1558 3782 in
1593 3743 1656 3782 ea
1687 3743 1808 3798 quae
1831 3727 2006 3795 libuit,
2034 3731 2130 3786 sed

543 3825 709 3880 etiam
746 3830 1047 3892 poetarum.
1083 3820 1296 3875 Etenim
1323 3829 1377 3874 et
1395 3836 1592 3890 equum
1614 3821 1848 3892 ligneum
1873 3820 2128 3877 aliorsum

544 3915 781 3972 deﬂectit
811 3923 867 3969 et
893 3914 1154 3969 Helenam
1185 3929 1309 3968 cum
1351 3912 1598 3982 lampade
1623 3922 1678 3968 et
1704 3913 1806 3968 alia
1837 3914 2128 3984 permulta,

542 4023 664 4078 qua:
696 4007 788 4062 ille
823 4007 1109 4060 traducens
1155 4007 1208 4059 in
1239 4020 1301 4060 ea
1327 4021 1447 4076 qua!
1485 3998 1758 4077 pertinent
1783 4008 1852 4062 ad
1887 4022 1946 4062 se
1981 4016 2037 4062 et
2063 4008 2132 4063 ad

543 4099 957 4168 intelligentiam
1000 4095 1294 4151 fabulatur.
1355 4096 1491 4151 Esse
1538 4105 1718 4150 autem
1754 4099 1894 4153 hanc
1916 4098 2132 4154 dicebat

543 4202 698 4242 ovem
721 4201 840 4254 quae
854 4185 1146 4252 aberravit,
1173 4199 1292 4254 quae
1314 4186 1529 4254 quidem
1553 4201 1768 4256 semper
1788 4201 2132 4243 commorans

544 4280 598 4335 in
621 4278 934 4332 mulieribus
956 4277 1526 4347 lurhabatpotcstates
1552 4293 1672 4346 quas
1697 4289 1825 4333 sunt
1848 4279 1901 4334 in
1931 4281 2132 4336 mundo

542 4367 901 4442 254—255
949 4379 1171 4439 propter
1219 4367 1637 4439 insuperabilem
1676 4370 2128 4438 pulchritudinem

2227 1897 2448 1966 ταύτης
2480 1895 2861 1965 προελθοῦσα
2892 1896 2930 1963 ἡ
2971 1895 3041 1948 ἐν
3065 1896 3349 1964 μονότητι
3410 1895 3648 1950 ἐπίνοια
3692 1896 3822 1966 ἐγέ-

2227 2006 2362 2044 νετο
2413 1989 2541 2042 δύο.
2598 1987 2886 2054 Κάκεῖνος
2914 1984 2994 2058 ἦν
3019 1988 3107 2054 εἷς
3126 2003 3140 2017 ·
3183 1987 3343 2056 ἔχων
3371 1988 3482 2057 γὰρ
3509 1988 3580 2042 ἐν
3621 1987 3816 2055 ἐαυτῷ

2228 2082 2339 2134 αὐτ
2349 2079 2423 2147 ὴν
2440 2075 2526 2149 ἦν
2541 2079 2743 2148 μόνος,
2764 2080 2834 2132 οὐ
2849 2077 3054 2148 μέντοι
3075 2077 3326 2148 πρῶτος,
3346 2081 3559 2148 καίπερ
3581 2088 3819 2148 προῦπ-

2227 2169 2428 2239 ἁρχων
2456 2209 2470 2234 ,
2505 2168 2715 2238 φανεὶς
2757 2168 2826 2222 δὲ
2859 2168 3020 2235 αὐτῷ
3047 2167 3069 2199 ⁸
3108 2170 3227 2224 ἀπὸ
3283 2170 3540 2234 ἐαυτοῦ,
3581 2170 3822 2240 ἐγένετο

2229 2263 2532 2330 δεύτερος.
2551 2261 2736 2316 Ἀλλὰ
2768 2260 2912 2314 οὐδὲ
2941 2261 3139 2331 πατὴρ
3165 2262 3394 2331 ἐκλήθη
3409 2264 3550 2332 πρὶν
3572 2262 3768 2332 αὐτὴν
3795 2265 3820 2295 ⁸

2229 2355 2416 2411 αὑτὸν
2448 2353 2740 2422 ὀνομάσαι
2759 2354 2801 2386 ¹⁰
2835 2355 3082 2424 πατέρα.
3125 2355 3225 2421 Ὠς
3245 2351 3361 2411 οὖν
3389 2357 3569 2422 αὐτὸς
3597 2355 3819 2411 ἑαυτὸν

2213 2447 2350 2502 -ὑπὸ
2388 2447 2606 2501 ἑαυτοῦ
2647 2449 3005 2518 προαγαγὼν
3041 2448 3424 2518 ἐφανέρωσεν
3462 2450 3655 2515 ἐαυτῷ
3691 2449 3811 2518 τὴν

2231 2539 2390 2594 ίδίαν
2413 2539 2723 2606 ἐπίνοιαν,
2755 2540 2944 2606 οὕτως
2989 2541 3087 2595 καὶ
3121 2541 3160 2609 ἡ
3201 2541 3457 2610 φανεῖσα
3483 2543 3724 2596 ἐπίνοια
3765 2543 3807 2574 ¹¹

2231 2632 2343 2686 οὐκ
2374 2630 2687 2699 ἐποίησεν,
2721 2631 2886 2686 ἀλλὰ
2908 2631 3126 2687 ἰδοῦσα
3163 2632 3345 2687 αὐτὸν
3370 2632 3667 2703 ἐνέκρυψε
3699 2633 3808 2688 τὸν

2233 2721 2459 2791 πατέρα
2480 2723 2550 2776 ἐν
2577 2721 2784 2792 ἑαυτῇ,
2810 2719 3088 2778 τουτέστι
3115 2725 3232 2793 τὴν
3259 2725 3536 2795 δύναμιν,
3563 2728 3662 2781 καὶ
3701 2727 3809 2781 ἐσ-

2233 2833 2330 2870 τιν
2362 2815 2782 2885 ἁρσενόθηλυς
2811 2815 3067 2888 δύναμις
3099 2819 3197 2872 καὶ
3223 2818 3462 2873 ἐπίνοια
3491 2862 3505 2885 ,
3537 2819 3679 2874 ὅθεν
3703 2821 3817 2875 ἁλ-

2232 2907 2446 2975 λήλοις
2476 2908 2969 2977 ἀντιστοιχοῦσιν
3013 2909 3239 2981 (οὐδὲν
3271 2911 3382 2982 γὰρ
3427 2911 3688 2980 διαφέρει
3713 2911 3816 2965 δύ-

2233 3017 2410 3070 ναμις
2437 3000 2747 3070 ἐπινοίας)
2790 3001 2862 3054 ἐν
2889 3001 3082 3068 ὄντες.
3126 3002 3229 3056 Ἐκ
3255 3002 3374 3072 μὲν
3418 3001 3536 3056 τῶν
3565 3003 3688 3056 ἀνω
3713 3007 3813 3059 εὐ-

2157 3135 2201 3194 c
2228 3093 2512 3162 ρίσκεται
2545 3093 2557 3162 ι
2590 3092 2848 3163 δύναμις
2881 3133 2896 3160 ,
2950 3093 3020 3147 ἐκ
3071 3092 3140 3146 δὲ
3182 3095 3303 3148 τῶν
3353 3094 3514 3149 κάτω
3561 3095 3813 3149 ἐπίνοια.

2237 3183 2446 3238 Ἔστιν
2470 3184 2582 3238 οὖν
2605 3184 2796 3251 οὕτως
2824 3183 2926 3239 καὶ
2965 3185 3032 3238 τὸ
3073 3185 3270 3254 φανὲν
3299 3187 3402 3241 ἀπ’
3431 3187 3631 3241 αὐτῶν
3663 3189 3724 3252 ¹¹,
3746 3187 3818 3240 ἐν

2239 3276 2335 3342 ὂν,
2374 3276 2484 3331 δύο
2509 3278 2914 3346 εὑρίσκεσθαι,
2943 3278 3365 3348 ἀρσενόθηλυς
3393 3277 3551 3349 ἔχων
3579 3281 3692 3348 τὴν
3715 3283 3818 3348 θή-

2231 3371 2408 3423 λειαν
2442 3370 2514 3423 ἐν
2541 3367 2755 3435 ἐαυτῷ.
2796 3370 2997 3437 Οὕτως
3038 3371 3082 3403 ’³
3111 3371 3244 3426 ἐστὶ
3273 3373 3423 3438 νοῦς
3451 3373 3523 3426 ἐν
3556 3373 3814 3440 ἐπινοίᾳ,

2231 3454 2270 3510 ἆ
2301 3458 2564 3526 χωριστὰ
2609 3458 2652 3490 ¹⁶
2681 3459 2781 3514 ἀπ’
2821 3458 3133 3527 ἀλλήλων,
3168 3461 3238 3515 ἓν
3280 3461 3478 3527 ὄντες,
3513 3461 3622 3516 δύο
3661 3463 3818 3530 εὑρί-

2233 3563 2502 3603 σκονται.

2307 3641 2394 3695 ιϐ’.
2423 3639 2608 3694 Ταῦτα
2651 3640 2749 3711 μὲν
2783 3635 2875 3694 οὖν
2901 3643 2930 3695 ὁ
2973 3641 3154 3710 Σίμων
3179 3642 3431 3714 ἐφευρὼν
3467 3643 3528 3696 οὐ
3557 3644 3717 3714 μόνον
3749 3643 3820 3695 τὰ

2232 3729 2468 3793 Μωσέως
2500 3731 2907 3801 κακοτεχνήσας
2936 3733 3016 3794 εἰς
3053 3731 3081 3783 ὂ
3143 3731 3396 3785 ἐϐούλετο
3429 3733 3818 3803 μεθηρμήνευ-

2233 3838 2348 3886 σεν,
2375 3821 2512 3875 ἀλλὰ
2536 3823 2628 3875 καὶ
2676 3822 2743 3874 τὰ
2780 3821 2888 3873 τῶν
2923 3822 2966 3853 ⁵⁸
3007 3821 3270 3894 ποιητῶν.
3301 3821 3411 3875 Καὶ
3445 3822 3556 3892 γὰρ
3583 3823 3674 3873 τὺν
3697 3822 3822 3875 δού-

2236 3932 2385 3987 ρειον
2447 3915 2612 3968 ἵππον
2653 3915 2944 3984 ἀλληγορεῖ
3005 3914 3101 3968 καὶ
3143 3913 3242 3984 τὴν
3309 3913 3527 3982 Ἑλένην
3580 3913 3700 3983 ἅμα.
3747 3916 3816 3984 τῇ

2233 4008 2481 4079 λαμπάδι
2522 4007 2564 4037 ¹⁶
2600 4006 2692 4060 καὶ
2724 4006 2862 4060 ἄλλα
2902 4004 3131 4059 πλεῖστα.
3157 4005 3258 4057 ὅσα
3294 4002 3577 4075 μετάγ[ω-ι
3609 4002 3712 4074 εἰς]
3747 4004 3820 4056 τὰ

2232 4099 2398 4154 αὐτοῦ
2432 4099 2473 4130 ³⁷
2507 4098 2600 4151 καὶ
2625 4097 2725 4168 τῆς
2754 4098 2999 4161 ἐπινοίας
3035 4097 3392 4164 πλαστολογεῖ
3430 4097 3501 4150 ¹⁸.
3553 4091 3733 4168 ΕἷνῘαι
3770 4095 3817 4148 δ’

2233 4188 2411 4260 liuere
2438 4188 2480 4220 ¹⁹
2511 4185 2716 4258 ταύτην
2743 4187 2803 4240 τὸ
2836 4187 3110 4258 πρόϐα-τον
3133 4187 3193 4240 τὸ
3216 4186 3662 4256 πεπλανημένον,
3693 4186 3817 4257 ἥτις

2231 4283 2318 4336 ἀεὶ
2342 4270 2824 4352 καταγινομένηὲν
2846 4277 3094 4349 γυναιξὶν
3121 4280 3394 4350 ἐτάρασσε
3423 4280 3522 4342 τὰς
3545 4281 3602 4330 ὲν
3626 4278 3816 4347 κόσμῳ

2232 4374 2490 4446 δυνάμεις
2534 4373 2621 4427 διὰ
2666 4373 2726 4425 τὸ
2755 4373 3168 4445 ἀνυπέρϐλητον
3209 4371 3286 4444 [β.
3322 4373 3445 4434 174,
3485 4370 3612 4443 175]
3644 4371 3812 4439 αὐτῆς

543 4476 718 4515 suam.
759 4461 910 4514 Unde
940 4459 1104 4512 etiam
1139 4457 1430 4528 Trojanum
1463 4458 1658 4513 bellum
1690 4474 1788 4529 per
1822 4460 1967 4515 illam
1995 4476 2127 4514 con-

2234 4466 2449 4530 κάλλος,
2474 4464 2596 4518 ὅθεν
2627 4464 2721 4517 καὶ
2751 4467 2780 4518 ὁ
2808 4464 3053 4534 Τρωϊκὸς
3086 4463 3324 4532 πόλεμος
3353 4463 3422 4515 δι’
3454 4461 3620 4531 αὐτὴν
3653 4463 3814 4529 γεγέ-

540 4554 725 4608 ﬂatum
764 4563 867 4606 est.
901 4551 958 4605 lu
999 4551 1197 4606 Helena
1236 4552 1402 4616 enim,
1444 4566 1563 4620 quae
1592 4551 1683 4606 illo
1713 4567 1827 4607 navo
1873 4564 2127 4622 generata

539 4653 676 4705 erat,
698 4641 1026 4696 inhabitavit
1050 4642 1165 4696 hare
1192 4641 1567 4710 intelligentia,
1591 4653 1644 4698 et
1670 4643 1769 4708 ita,
1791 4659 1911 4698 cum
1937 4660 2128 4700 omnes

541 4741 841 4801 potestates
866 4732 1011 4786 illam
1043 4732 1144 4787 sibi
1181 4743 1522 4802 arrOgarent,
1548 4735 1813 4789 discordia
1842 4746 1894 4790 et
1922 4736 2123 4791 bellum

540 4833 796 4877 exortum
833 4831 920 4877 est
963 4822 1017 4876 in
1073 4822 1483 4893 quibuscunque
1514 4826 1764 4893 apparuit
1801 4826 2031 4896 populis.
2071 4828 2124 4881 In

542 4917 687 4969 hunc
719 4923 870 4970 certe
907 4915 1126 4969 modum
1161 4915 1554 4983 Stesichorum,
1587 4917 1676 4985 qui
1733 4932 1831 4987 per
1883 4918 2126 4972 carmina

2233 4575 2410 4626 νηται.
2431 4558 2518 4608 Ἐν
2552 4556 2661 4627 γὰρ
2695 4558 2760 4626 τῇ
2797 4557 2916 4610 κατ’
2950 4557 3131 4608 ἐκεῖνο
3161 4556 3205 4586 ²⁰
3239 4554 3436 4624 καιροῦ
3466 4553 3733 4623 γενομένῃ
3766 4553 3808 4582 ’⁸

2244 4647 2433 4720 Ἑλένῃ
2472 4646 2747 4717 ἐνῴκησεν
2773 4647 2910 4717 αὕτη
2943 4649 2989 4679 ²¹
3024 4648 3057 4715 ή
3081 4645 3315 4712 ἐπίνοια,
3368 4646 3464 4699 καὶ
3495 4644 3670 4708 οὕτως
3705 4661 3807 4696 πα-

2236 4740 2344 4794 σῶν
2381 4739 2846 4810 ὲπιδικαζομένων
2889 4740 3061 4810 αὐτῆς
3116 4738 3224 4792 τῶν
3277 4737 3563 4804 ἐξουσιῶν,
3620 4737 3809 4797 στάσις

2234 4831 2329 4883 καὶ
2353 4831 2586 4902 πόλεμος
2618 4831 2912 4900 ἐπανέστη,
2944 4832 3002 4884 ἐν
3031 4825 3109 4895 οἷς
3147 4831 3324 4902 ἐφάνη
3360 4829 3585 4883 ἔθνεσιν.
3619 4828 3807 4889 Οὕτως

2234 4920 2364 4988 γοῦν
2412 4921 2504 4973 τὸν
2545 4923 2876 4992 Στησίχορον
2933 4922 3022 4975 διὰ
3063 4921 3171 4974 τῶν
3221 4921 3369 4975 ἐπῶν
3416 4921 3810 4990 λοιδορήσαιντο.

1859 5094 2097 5151 VARle
2140 5095 2544 5154 LECTIONES.

615 5277 764 5350 '_Gw,
797 5280 846 5350 if
887 5281 984 5350 μία
1174 5280 1193 5309 ⁸
1229 5279 1410 5350 πατὴρ
1466 5279 1511 5332 ὁ.
1578 5282 1788 5350 πατέρα
1835 5280 1900 5335 C.

541 5347 690 5441 αρτὶι
707 5350 771 5416 U,
891 5347 899 5349 ἡ
919 5349 992 5441 ‘i"
1023 5349 1307 5441 ὀνῖμρὶσαι.
1335 5347 1684 5436 ὀνομάσεινϐ,
1712 5347 2004 5441 ὀνοῇάσνειε
2030 5347 2100 5404 Μ’.

1997 5282 2261 5354 ’τρέφων
2320 5285 2406 5336 τά.
2461 5283 2727 5354 τρέφοντα
2762 5281 2826 5337 C.

2205 5354 2243 5384 ¹¹
2278 5352 2510 5405 ἐπίνοια.
2544 5353 2789 5406 ἐπίνοιαν
2825 5352 2888 5406 C.

2930 5281 3152 5351 ⁸αὖτῷ.
3204 5282 3365 5345 αὐτὸς
3427 5279 3498 5335 Μ.
3574 5276 3811 5351 ⁹αὑτήξ.

2999 5355 3040 5383 ¹²
3077 5349 3172 5405 ἀπ’
3203 5353 3404 5405 αὐτῶν.
3443 5352 3508 5404 ἂν
3538 5351 3718 5402 αὐτῶν
3751 5349 3812 5402 C.

548 5421 591 5506 ξ³
619 5417 790 5506 Οὖξος
917 5417 997 5506 5!;
1070 5417 1179 5474 “Et
1209 5417 1472 5492 χωριστὰ.
1509 5421 1788 5506 ὰχῶριστα
1802 5421 2184 5506 μλὰχώριστα
2198 5424 2247 5506 ῥ’
2279 5440 2322 5477 s.
2356 5425 2462 5506 γὰρ
2487 5423 2593 5506 ill.-
2647 5425 2782 5506 ’ξπ-ἑξ
2814 5424 2938 5506 τῶν.
2959 5423 3089 5506 ιτὰς
3114 5423 3221 5505 τῶν
3252 5427 3337 5506 βλ
3361 5424 3405 5454 ¹⁶
3435 5423 3519 5478 Cf.
3546 5422 3816 5506 Epiphnn.

541 5490 676 5544 btrr.
699 5491 793 5555 Ἡ,
822 5491 872 5545 ’5.
956 5489 997 5519 ι’
1031 5506 1202 5557 μεταγ
1233 5489 1252 5543 “.
1285 5489 1304 5544 .’
1341 5533 1352 5544 .
1389 5530 1400 5542 .

1451 5539 1457 5545 .
1485 5531 1498 5544 .
1539 5490 1552 5542 .
1578 5495 1638 5543 τὲ
1665 5491 1829 5562 αὑτοῦ
1852 5492 1916 5556 C,
1951 5490 2412 5562 μεταγγίζωνίείς
2435 5490 2509 5546 ’τὰ
2536 5495 2701 5548 αὑτοῦ
2734 5495 2804 5548 Μ.
2844 5496 2888 5527 ’⁸
2918 5493 3272 5560 πλαστολογεῖ
3302 5494 3598 5562 llocperus,
3626 5490 3818 5543 πλείσ-

552 5577 680 5623 τους
717 5559 962 5634 λέγει-Ο,
989 5560 1218 5634 diffiwa
1251 5578 1296 5634 ε.
1328 5563 1666 5634 ἀποσπάσας.
1691 5559 2025 5634 λέγει-διιεῖ).
2053 5559 2150 5616 Μ(
2202 5566 2242 5595 ¹⁹
2272 5561 2424 5616 Εἶναι
2466 5565 2509 5616 δ’
2537 5565 2711 5634 ἔλεγε.
2747 5567 2829 5618 εἰν
2867 5605 2879 5616 .

2921 5607 2932 5618 .
2973 5604 2987 5617 .
3019 5605 3032 5617 .
3063 5579 3152 5616 ετε
3180 5563 3242 5617 C.
3273 5561 3357 5618 Cf.
3391 5561 3512 5616 (uti)
3539 5563 3621 5616 his
3647 5571 3702 5615 et
3728 5574 3819 5613 se—

542 5631 838 5702 gue_nti_hus
859 5629 1002 5702 Just.
1038 5628 1194 5702 Matt.
1229 5631 1327 5697 Ap.
1360 5630 1400 5695 Ι,
1426 5633 1516 5683 ‘26.
1562 5649 1610 5699 p.
1648 5632 1734 5685 69.
1767 5628 1823 5684 li.
1855 5628 1993 5685 lrcn.
2032 5649 2082 5687 c.
2118 5636 2248 5688 hacr.
2288 5635 2339 5700 l,
2369 5636 2458 5696 25,
2501 5637 2535 5688 εἰ
2564 5628 2684 5702 sqq.
2735 5635 2988 5689 Massuet.
3027 5634 3358 5688 'l‘hcodorct.
3401 5629 3749 5702 Illeret,_fa.b.
3773 5644 3816 5697 ι,

546 5695 599 5747 Ι.
636 5697 901 5765 Epipltan.
942 5701 1073 5751 lttcr.
1117 5700 1202 5761 Η,
1231 5695 1284 5761 2,
1324 5702 1376 5752 3.
1457 5703 1497 5729 ²⁰

542 5765 966 5834 ινωκῃυ,η.

1530 5703 1648 5752 κατ’
1671 5703 1876 5753 ἐκείνου
1900 5704 1957 5756 (ὲ.
2038 5704 2078 5732 ’³
2106 5706 2392 5773 γενομένου
2417 5705 2477 5757 (2.

2555 5700 2911 5776 "impunem
2943 5703 3083 5774 αὕτη
3124 5703 3189 5757 R.
3225 5702 3500 5770 SclIOlIUS,
3538 5700 3820 5773 ἐνῴκησιν
