4144 6328
527 339 667 406 3225

1969 330 2336 392 ORIGENIS

3665 315 3812 386 8226

531 452 716 509 mundi
771 450 1130 508 fabricatores
1181 445 1769 519 quidquid’voluerunt
1800 486 1813 511 ,
1845 446 2109 515 ejusmodi

2222 445 2330 498 ἐστι
2357 445 2400 476 ⁸³
2423 441 2581 512 φύσει
2610 442 2780 496 κακὸν
2797 440 2866 506 δ’,
2885 439 3022 495 ἀλλὰ
3041 436 3445 494 θέσει.Ἔθεντο
3465 434 3598 508 γὰρ,
3619 437 3811 508 φησιν,

532 546 690 603 dictis
723 544 929 615 opinati
957 543 1010 597 in
1034 545 1352 598 servitutem
1391 539 1638 609 redigere
1671 539 1770 593 sibi
1804 541 2117 592 auscultan-

537 647 642 694 tes.
677 635 1014 693 Solutionem
1047 645 1229 690 autem
1263 647 1453 686 rursus
1491 631 1686 685 docent
1718 631 1899 684 mundi
1945 631 2010 684 ad
2048 630 2114 684 li-

533 730 869 786 berationem
900 727 1174 798 privorum
1210 723 1489 778 hominum
1516 736 1757 777 SnOt‘llln.

601 909 694 965 20.
730 907 898 976 lluius
946 903 1114 973 igitur
1151 899 1406 969 discipuli
1464 898 1753 968 praestigiis
1798 905 2024 950 utuntur
2062 901 2117 949 et

535 996 1036 1059 incantationibus,
1068 993 1380 1063 philtraque
1413 999 1468 1044 et
1512 987 1794 1042 illecebras
1824 994 1878 1039 et
1907 984 1996 1052 qui
2033 983 2116 1037 di-

533 1099 731 1146 cuntur
759 1087 967 1142 somnia
1008 1084 1342 1139 adducentes
1382 1081 1656 1136 damones
1702 1078 2000 1132 immittunt
2050 1075 2118 1130 ad

535 1181 832 1237 irritandus
892 1193 1031 1248 quos
1093 1176 1298 1232 volunt.
1369 1171 1566 1228 Verum
1605 1172 1770 1226 etiam
1834 1169 2116 1239 paredros,

535 1291 672 1345 quos
703 1282 925 1339 vocant,
945 1277 1226 1330 exercent,
1243 1267 1644 1336 imaginemque
1659 1263 1896 1318 Simonis
1923 1262 2121 1316 habent

539 1368 592 1421 in
619 1366 769 1422 Jovis
803 1365 1029 1433 ﬁguram
1059 1370 1112 1416 et
1147 1358 1364 1415 Helena:
1393 1358 1571 1428 efligie
1600 1357 1875 1422 Minervae,
1913 1355 2120 1423 hasque

539 1439 773 1517 adorant
803 1457 1031 1511 alterum
1066 1460 1322 1506 vocantes
1351 1449 1648 1515 dominum,
1681 1448 1954 1503 dominam
1987 1445 2122 1500 alte-

535 1569 676 1622 ram.
706 1551 763 1606 Si
793 1550 916 1620 quis
961 1557 1138 1601 autem
1175 1545 1393 1598 nomine
1421 1540 1636 1597 vocabit
1672 1543 1811 1611 apud
1855 1539 1973 1595 illos
1996 1554 2122 1594 con-

539 1642 781 1712 spicatus
819 1638 1115 1706 «imagines
1154 1634 1276 1688 illas
1329 1633 1414 1687 vel
1463 1630 1703 1686 Simonis
1748 1629 1828 1684 vel
1883 1628 2119 1694 Helena,

541 1732 858 1801 repudiatur
880 1737 937 1783 ut
968 1729 1058 1796 qui
1089 1727 1300 1795 ignoret
1327 1723 1606 1795 mysteria.
1648 1720 1746 1777 Hic
1767 1720 1952 1776 Simon
1983 1720 2122 1774 mul-

2215 538 2264 590 οἱ
2301 536 2521 604 ἄγγελοι
2548 535 2596 587 οἱ
2621 535 2714 587 τὸν
2755 533 2960 604 κόσμον
3001 533 3331 603 ποιήσαντες
3365 530 3468 584 ὃσα
3499 525 3811 592 ἐϐούλοντο,

2215 627 2305 680 διὰ
2336 627 2446 680 τῶν
2478 625 2737 680 τοιούτων
2760 624 2934 694 λόγων
2956 623 3176 677 δουλοῦν
3204 621 3526 692 νομίζοντες
3551 619 3680 682 τοὺς
3709 621 3810 672 αὐ-

2216 717 2324 770 τῶν
2364 717 2686 780 ἀκούοντας.
2725 715 2892 770 Λύσιν
2921 715 2977 767 δὲ
3008 710 3166 778 αὖθις
3209 713 3253 744 ⁸¹
3283 711 3510 779 λέγουσι
3541 709 3636 762 τοῦ
3678 710 3810 762 κόσ-

2222 829 2325 882 μου
2361 811 2405 842 δ’
2445 811 2539 863 ἐπὶ
2566 808 2833 880 λυτρὼσει
2864 809 2973 861 τῶν
3011 808 3155 861 ίδίων
3187 803 3515 876 ἀνθρώπων.

2292 911 2357 958 κ’.
2404 905 2466 957 Οἱ
2498 898 2590 956 οὖν
2627 901 2820 956 τούτου
2868 900 3111 972 μαθηταὶ
3146 898 3381 970 μαγείας
3411 895 3728 950 ἐπιτελοῦσι
3761 897 3808 926 ⁵³

2219 999 2314 1052 καὶ
2361 996 2618 1058 ἐπαοιδὰς
2655 994 2724 1059 δ”,
2769 993 2968 1065 φίλτρα
2999 1009 3060 1045 τε
3097 991 3192 1045 καὶ
3241 987 3505 1059 ἀγώγιμα
3536 988 3632 1041 καὶ
3688 987 3818 1050 τοὺς

2219 1090 2551 1161 λεγομένους
2610 1072 3049 1160 ὀνειροπόμπους
3106 1083 3370 1155 δαίμονας
3432 1082 3816 1152 ἐπιπέμπουσι

2220 1184 2357 1254 πρὸς
2389 1183 2451 1236 τὸ
2476 1182 2774 1253 ταράσσειν
2820 1181 2915 1243 οὒς
2972 1178 3254 1250 βούλονται
3281 1194 3294 1206 ·
3331 1176 3471 1230 άλλά
3494 1176 3603 1230 καὶ
3644 1175 3818 1246 παρέ-

2218 1273 2379 1344 δρους
2410 1275 2535 1336 τοὺς
2569 1273 2900 1341 λεγομένους
2932 1270 3217 1333 ἀσκοῦσιν,
3263 1268 3451 1322 εἰκόνα
3484 1283 3546 1318 τε
3593 1265 3690 1318 τοῦ
3721 1265 3816 1317 Σί-

2225 1382 2403 1438 μωνος
2434 1363 2654 1435 ἔχουσιν
2697 1365 2776 1426 είς
2808 1362 2929 1426 Διὸς
2965 1360 3196 1432 μορφὴν·
3225 1361 3322 1414 καὶ
3346 1359 3448 1429 τῆς
3491 1357 3718 1427 Ἑλένης
3755 1358 3815 1409 ἐν

2224 1453 2407 1523 μορφῇ
2457 1451 2709 1521 Ἀθηνᾶς,
2764 1452 2856 1504 καὶ
2893 1449 3098 1512 ταύτας
3129 1448 3536 1522 προσκυνοῦσι,
3577 1447 3671 1500 τὸν
3704 1448 3816 1517 μὲν

2224 1545 2517 1608 καλοῦντες
2543 1543 2756 1616 κύριον,
2789 1543 2888 1615 τὴν
2920 1542 2978 1596 δέ
3010 1543 3230 1614 κυρίαν.
3271 1541 3335 1595 Εἰ
3368 1541 3426 1594 δέ
3463 1539 3812 1608 τις-ὀνόματι

2222 1636 2444 1690 καλέσει
2483 1637 2614 1706 παρ’
2645 1635 2829 1699 αὐτοῖς
2879 1633 3003 1688 ίδὼν
3030 1633 3130 1695 τὰς
3169 1633 3383 1696 εἰκόνας
3494 1629 3745 1701 Σίμωνος
3778 1630 3812 1700 ἢ

2236 1727 2473 1798 Ἑλένης,
2515 1727 2822 1797 ἀπόϐλητος
2857 1725 3090 1794 γίνεται,
3126 1724 3204 1789 ὡς
3239 1723 3450 1794 ἀγνοῶν
3476 1723 3555 1776 ,τά
3604 1723 3816 1793 μυστήο

541 1834 625 1878 tos
655 1824 708 1876 in
742 1819 988 1875 Samaria
1015 1817 1306 1888 praestigiis
1335 1815 1386 1869 in
1418 1828 1658 1869 errorem
1693 1827 1859 1883 agens
1893 1814 1960 1866 ab
1990 1825 2122 1880 apo-

2227 1837 2337 1893 ρια.
2371 1792 2539 1883 Οηῦτος
2561 1822 2588 1874 ό
2626 1792 2808 1889 Σίμων
2839 1792 3072 1881 πολλοὺς
3100 1792 3319 1870 πλανῶν
3345 1819 3402 1870 ἐν
3428 1819 3494 1886 τῇ
3520 1792 3816 1886 Σαμαρείᾳ

539 1913 694 1969 stolis
723 1909 1004 1966 convictus
1042 1917 1127 1963 est
1162 1917 1218 1963 et
1251 1904 1719 1962 exsecrationibus
1742 1905 1986 1969 devotus,
2012 1903 2123 1958 sic-

539 2006 618 2060 uti
657 2004 712 2058 in
753 2003 905 2057 Actis
953 2001 1215 2070 scriptum
1246 2007 1361 2063 est,
1403 2008 1590 2068 postea
1651 2006 1832 2067 Spreta
1876 1996 1980 2051 ﬁde
2008 1996 2124 2051 haec

541 2111 830 2168 aggressus
859 2103 964 2150 est.
1006 2091 1208 2147 Verum
1261 2091 1344 2146 vel
1403 2105 1574 2162 usque
1627 2089 1694 2145 ad
1738 2089 1964 2144 Romam
1996 2103 2123 2159 pro-

539 2202 760 2256 gressus
811 2185 1000 2240 incidit
1050 2187 1107 2238 in
1159 2180 1468 2253 apostolos,
1523 2180 1610 2236 cui
1651 2180 1878 2234 multum
1931 2179 2124 2234 Petrus

537 2281 858 2336 adversatus
904 2283 988 2332 est
1051 2275 1343 2346 praestigiis
1409 2271 1694 2329 seducenti
1750 2271 1970 2326 multos.
2023 2270 2124 2325 Hic

536 2366 934 2442 258—259
961 2374 1248 2436 rpostremu
1279 2363 1494 2420 delatus
1540 2363 1594 2418 in
1657 2375 1671 2415 :
1715 2399 1734 2418 .
1776 2400 1794 2419 .
1837 2400 1852 2415 .
1899 2402 1912 2416 .
1955 2400 1970 2416 .
2023 2360 2123 2416 sub

537 2462 756 2532 platano
803 2457 1092 2515 considens
1126 2455 1378 2511 docebat.
1420 2455 1489 2510 Et
1519 2469 1649 2511 vero
1701 2454 1768 2508 ad
1815 2461 2122 2508 extremum

537 2568 661 2609 cum
696 2553 750 2608 in
801 2565 868 2607 eo
919 2557 1060 2605 esset
1109 2557 1170 2603 ut
1226 2548 1388 2618 plane
1432 2549 1846 2602 convinceretur
1906 2552 2125 2616 propter

545 2645 942 2700 diuturniorem
972 2641 1454 2698 commorationem
1481 2678 1496 2705 ,
1535 2639 1676 2694 dixit
1723 2653 1804 2706 se,
1860 2639 1906 2694 si
1964 2639 2119 2693 vivus

538 2737 936 2806 cooperiretur,
988 2743 1356 2789 surrecturum
1389 2747 1509 2787 esse
1552 2732 1713 2786 tertio
1743 2730 1849 2785 die.
1884 2729 2125 2798 Denique

539 2826 746 2882 fossam
773 2835 1058 2895 postquam
1094 2823 1257 2892 jussit
1285 2822 1443 2878 effodi
1470 2836 1505 2876 a
1528 2820 1806 2891 discipulis
1834 2820 1947 2874 suis
1966 2819 2127 2887 jussit

537 2933 598 2974 se
619 2919 909 2988 cooperiri.
937 2919 1015 2972 Illi
1038 2920 1199 2989 igitur
1223 2916 1590 2987 quodjussum
1608 2923 1738 2968 erat
1754 2911 2122 2982 perfecerunt,

538 3013 631 3068 ille
661 3022 842 3067 autem
893 3011 1067 3066 abfuit
1119 3011 1186 3065 ad
1245 3011 1390 3065 hunc
1436 3009 1620 3074 diem;
1663 3021 1770 3060 non
1823 3005 1966 3060 enim
2009 3013 2127 3060 erat

535 3103 809 3162 Christus.
841 3103 1034 3160 lla-cce
1068 3113 1246 3158 autem
1286 3112 1342 3158 et
1386 3103 1452 3158 de
1482 3099 1703 3155 Simone
1732 3098 1909 3154 fabula
1935 3137 1950 3163 ,
1982 3097 2126 3152 unde

537 3198 858 3253 Valentinus
916 3196 1195 3268 profectus
1257 3195 1381 3250 aliis
1436 3193 1746 3248 nominibus
1823 3200 2122 3260 nuncupat.

539 3286 688 3345 Mens
739 3289 884 3342 enim
932 3299 987 3343 ct
1022 3289 1216 3342 veritas
1268 3294 1320 3341 et
1361 3285 1509 3355 logus
1542 3294 1596 3338 et
1629 3284 1739 3338 vita
1777 3292 1831 3338 et
1867 3282 2022 3336 homo
2071 3291 2127 3338 et

526 3377 779 3438 ecclesia,
812 3375 1080 3431 Valentini
1106 3389 1287 3430 aeones
1311 3414 1325 3438 ,
1374 3383 1562 3444 aperte
1597 3382 1722 3428 sunt
1750 3372 1990 3428 Simonis
2028 3388 2126 3427 sex

529 3467 786 3522 radices:
817 3483 984 3530 mens,
1020 3466 1384 3535 intelligentia,
1410 3479 1528 3528 vox,
1549 3479 1757 3527 nomen,
1785 3463 2125 3518 ratiocinatio

537 3567 594 3612 et
622 3560 892 3628 cogitatio.
928 3558 1032 3612 Sed
1056 3556 1314 3627 quoniam
1340 3555 1589 3610 videmur
1615 3556 1769 3611 nobis
1799 3557 1933 3623 satis
1959 3571 2126 3627 expo-

540 3650 718 3704 suisse
744 3647 984 3702 Simonis
1005 3656 1314 3703 commenta
1347 3646 1672 3712 fabularum,
1702 3646 1978 3703 videamus
2000 3649 2125 3719 quid

539 3750 594 3797 et
625 3739 940 3796 Valentinus
970 3739 1137 3794 dicat.

607 3831 698 3886 2|.
727 3831 820 3886 Est
858 3840 1036 3886 autem
1072 3829 1339 3887 Valentini
1386 3840 1534 3886 secta
1579 3829 1652 3885 ita
1695 3838 2031 3899 comparata,
2072 3837 2130 3885 ut

536 3923 952 3995 Pythagoricatn
999 3923 1199 3979 referat
1252 3934 1302 3979 et
1333 3921 1665 3977 Platonicam
1691 3922 2013 3977 doctrinam.
2038 3921 2130 3977 Et-

535 4017 680 4070 enim
708 4015 860 4073 Plato
893 4015 945 4070 in
967 4013 1164 4070 Timaeo
1188 4015 1402 4086 penitus
1429 4013 1694 4083 expressit
1722 4011 2082 4084 Pythagoram
2109 4029 2125 4080 ;

536 4109 662 4163 ideo
686 4108 924 4162 Timaaus
951 4117 1003 4160 et
1031 4106 1148 4175 ipse
1180 4115 1264 4161 est
1284 4107 1332 4161 ei
1359 4106 1729 4176 Pythagoreus
1753 4105 1966 4173 hospes.
1987 4107 2129 4171 Qua-

537 4209 758 4268 propter
819 4200 996 4268 placet
1042 4197 1483 4252 commemoratis
1550 4197 1736 4264 paucis
1803 4197 2125 4265 quibusdam

535 4293 890 4365 Pythagoreas
933 4303 987 4350 et
1013 4291 1306 4348 Platonica:
1340 4293 1598 4348 doctrina:
1629 4292 1696 4347 ad
1726 4289 1994 4347 Valentini
2020 4294 2128 4348 de—

2228 1913 2485 1985 μαγείαις
2516 1911 2622 1965 ὑπὸ
2652 1911 2760 1965 τῶν
2775 1910 3092 1965 ἀποστόλων
3118 1908 3386 1980 ἠλέγχθη.
3418 1909 3512 1961 καὶ
3535 1907 3815 1978 ἐπάρατος

2223 2005 2519 2074 γενόμενος
2541 2043 2556 2068 ,
2590 2001 2774 2066 καθὼς
2811 2003 2869 2054 ἐν
2900 2004 3023 2063 ταῖς
3063 1999 3307 2072 Πρὰξεσι
3337 1999 3669 2070 γέγραπται,
3723 1997 3816 2051 ὗσε

2223 2113 2380 2168 τερον
2410 2095 2790 2166 ἀπευδοκήσας
2827 2093 3000 2146 ταῦτα
3031 2093 3394 2164 ἐπεχείρησεν
3421 2109 3434 2122 ·
3486 2091 3816 2162 ἓως1⁸⁵.καὶ

2223 2184 2321 2254 τῆς
2370 2184 2591 2254 Ῥώμης
2619 2183 2963 2254 ἐπιδημήσας
3001 2183 3266 2236 ἀντέπεσε
3286 2181 3364 2254 [ῃ.
3389 2181 3515 2245 176,
3541 2181 3670 2253 178]
3698 2183 3813 2244 τοῖς

2223 2275 2570 2338 ἀποστόλοις·
2635 2274 2772 2345 πρὸς
2836 2274 2896 2327 ὃν
2947 2273 3120 2328 πολλὰ
3186 2274 3396 2346 Πέτρος
3447 2273 3815 2343 ἀντικατέστη

2228 2369 2488 2441 μαγείαις
2511 2366 2798 2421 πλανῶντα
2839 2352 3087 2429 πολλούς.
3125 2360 3298 2428 Οὗτος
3330 2367 3422 2419 ἐπὶ
3453 2366 3599 2420 τέλει
3641 2363 3814 2418 ἐλθὼν

2225 2460 2285 2514 ἐν
2316 2477 2348 2514 τ
2377 2501 2391 2515 .
2430 2499 2443 2513 .
2476 2498 2489 2512 .
2520 2498 2534 2514 .
2558 2475 2652 2529 τη,
2684 2457 2790 2512 ὑπὸ
2822 2449 3094 2512 πλάτανον
3123 2456 3492 2527 καθεζόμενος
3532 2456 3803 2511 ἐδίδασκε.

2225 2551 2337 2605 Καὶ
2388 2550 2452 2622 δὴ
2516 2549 2703 2603 λοιπὸν
2758 2550 2926 2618 ἐγγὺς
2973 2548 3068 2602 τοῦ
3133 2547 3447 2618 ἐλέγχεσθαι
3509 2547 3800 2616 γινόμενος

2225 2641 2315 2696 διὰ
2339 2642 2384 2673 ⁸⁸
2414 2642 2476 2695 τὸ
2509 2640 2870 2713 ἐγχρονίζειν,
2899 2639 3028 2710 ἔφη,
3065 2641 3146 2693 ὅτι
3169 2641 3216 2692 εἰ
3239 2639 3468 2710 χωσθείη
3503 2638 3632 2704 ζῶν,
3662 2638 3800 2691 ἁνα-

2229 2733 2488 2803 στήσεται
2519 2736 2586 2804 τῇ
2616 2733 2776 2804 τρίτῃ
2821 2733 3024 2804 ἡμέρᾳ.
3055 2732 3167 2785 Καὶ
3201 2731 3266 2802 δὴ
3304 2732 3511 2802 τάφρον
3540 2729 3804 2792 κελεύσας

2225 2827 2492 2897 όρυγῆναι
2521 2825 2626 2880 ὑπὸ
2673 2827 2784 2878 τῶν
2817 2825 3077 2896 μαθητῶν
3122 2825 3382 2878 ἐκέλευσε
3417 2824 3715 2895 χωσθῆναι.
3744 2825 3809 2876 Οἱ

2230 2919 2328 2990 μέν
2354 2914 2448 2973 οὖν
2468 2919 2530 2972 τὸ
2561 2918 2906 2991 προσταχθὲν
2933 2919 3222 2988 ἐποίησαν,
3249 2919 3278 2971 ό
3306 2918 3364 2971 δὲ
3387 2917 3684 2988 ἀπέμεινεν
3706 2917 3811 2982 ἕως

2226 3012 2355 3066 νῦν*
2390 3013 2449 3066 οὐ
2477 3005 2587 3085 γάρ
2610 3008 2680 3084 ἦν
2718 3015 2747 3066 ό
2778 3012 3040 3084 Χριστός.
3072 3003 3242 3074 Οὗτος
3281 3011 3347 3082 δὴ
3375 3013 3468 3065 καί
3490 3012 3521 3064 ό
3543 3011 3686 3064 κατά
3718 3009 3812 3063 τὸν

2153 3132 2198 3196 c
2228 3103 2450 3173 Σίμωνα
2491 3103 2661 3172 μῦθος
2688 3145 2702 3168 ,
2735 3102 2831 3172 ἀφ’
2873 3095 2934 3155 οὗ
2995 3101 3350 3165 Οὑαλεντῖνος
3399 3101 3501 3165 τάς
3555 3099 3812 3172 ἀφορμάς

2228 3193 2406 3248 λαϐὼν
2442 3195 2624 3258 ἄλλοις
2673 3194 2902 3265 ὀνόμασι
2938 3194 3116 3250 καλεῖ.
3180 3194 3239 3247 '0
3289 3193 3398 3264 γὰρ
3449 3191 3593 3256 νοῦς
3624 3192 3730 3246 ⁴καὶ
3763 3192 3810 3260 ἢ

2215 3289 2600 3356 -ἀλήθειακαὶ
2628 3290 2814 3359 λόγος
2854 3289 2949 3342 καὶ⁹
2979 3287 3090 3357 ζωὴ
3119 3289 3216 3342 καὶ
3242 3287 3558 3356 ἅνθρωπος
3591 3287 3685 3340 καὶ
3717 3286 3812 3339 ἐκ-

2227 3381 2476 3449 κλησία,
2505 3383 2554 3434 οἱ
2575 3380 2930 3435 Οὐαλεντίνου
2953 3380 3169 3446 ανίῶνες,
3191 3380 3641 3450 ὁμολογουμένως
3668 3377 3807 3431 είσὶν

2227 3475 2282 3528 αἱ
2334 3473 2381 3505 ⁵⁷
2425 3472 2671 3545 Σίμωνος
2724 3473 2785 3540 ἓξ
2827 3474 2997 3546 ῥίζαι,
3039 3472 3187 3540 νοῦς
3218 3515 3234 3542 ,
3271 3473 3508 3526 ἐπίνοια
3533 3512 3547 3537 ,
3601 3471 3810 3542 φωνὴ,

2228 3565 2436 3636 ὄνομα,
2456 3567 2752 3637 λογισμὸς
2774 3567 2868 3620 καὶ
2897 3566 3249 3634 ἐνθύμησις.
3293 3565 3434 3618 ⁹Αλλ⁹
3461 3565 3585 3618 ἐπεὶ
3611 3563 3815 3624 ἱκανῶς

2227 3660 2360 3730 ἡμῖν
2393 3661 2542 3712 δοκεῖ
2592 3651 2935 3713 ἐκτεθεῖσθαι
2986 3661 3086 3732 τὴν
3140 3660 3387 3728 Σίμωνος
3443 3655 3810 3728 μυθοποιίαν,

2231 3751 2438 3821 ἴδωμεν
2469 3751 2523 3804 τί
2553 3751 2703 3820 λέγει
2734 3752 2829 3805 καὶ
2861 3750 3230 3814 Οὐαλεντῖνος.

2301 3849 2406 3897 κα’.
2453 3843 2610 3896 Ἔστι
2653 3843 2751 3913 μὲν
2773 3840 2866 3896 οὖν
2902 3845 2934 3914 ὴ
2964 3840 3315 3897 Οὐαλεντίνου
3369 3839 3582 3911 αἵρεσις
3618 3839 3815 3893 Πυθα-

2229 3935 2458 4008 γορικὴν
2491 3934 2690 4006 ἔχουσα
2730 3935 2826 3988 καὶ
2854 3933 3209 4004 Πλατωνικὴν
3233 3932 3340 4004 τὴν
3374 3931 3657 3985 ὑπόθεσιν.
3697 3933 3817 3984 Καὶ

2228 4025 2338 4096 γάρ
2370 4025 2598 4080 Πλάτων
2637 4025 2774 4089 ὅλως
2801 4025 2846 4059 ⁸⁸
2878 4027 2938 4079 ἐν
2974 4025 3054 4092 τῷ
3101 4024 3316 4094 Τιμαίῳ
3345 4023 3438 4076 τὸν
3481 4022 3813 4094 Πυθαγόραν

2229 4117 2552 4188 ἀπεμάξατο
2582 4116 2627 4149 ⁸³
2649 4131 2664 4146 ο
2695 4115 2990 4187 τοιγαροῦν
3021 4117 3115 4170 καὶ
3149 4117 3177 4168 ὁ
3207 4115 3440 4186 Τίμαιος
3473 4113 3634 4174 αὑτός
3662 4114 3813 4166 ἐστιτ

2227 4207 2378 4278 αὐτῷ
2408 4206 2774 4279 Πυθαγόρειος
2799 4207 2967 4272 ξένος.
3009 4206 3101 4260 Διὸ
3127 4206 3276 4260 δοκεῖ
3311 4205 3470 4272 όλίγα
3493 4204 3598 4275 τῆς
3629 4202 3784 4257 Πυθα

2228 4301 2448 4374 γορείου
2481 4301 2577 4354 καὶ
2622 4299 2983 4370 Πλατωνικῆς
3024 4299 3070 4332 ⁸⁸
3112 4297 3564 4370 ὑπομνησθέντας
3607 4294 3811 4350 ὑποθέ-

535 4396 684 4440 creta
739 4387 1057 4455 exponenda
1095 4386 1344 4440 transire.
1402 4385 1612 4440 Etenim
1669 4385 1882 4440 tametsi
1939 4385 1991 4440 in
2047 4387 2123 4442 eis

2231 4408 2369 4455 σεως
2391 4389 2663 4462 ἄρξασθαι
2684 4391 2778 4444 καὶ
2801 4389 2871 4443 τὰ
2895 4389 3253 4444 υὺαλεντίνου
3277 4387 3479 4457 λέγειν.
3516 4387 3580 4442 El
3609 4387 3721 4456 γάρ
3750 4386 3799 4417 ⁸⁸

535 4491 672 4545 quos
714 4478 863 4547 prius
889 4475 1220 4532 confecimus
1264 4475 1417 4531 libris
1445 4475 1626 4530 insunt
1658 4483 1712 4530 et
1735 4474 2050 4546 Pythagora!
2069 4482 2123 4531 et

2232 4484 2326 4538 καὶ
2358 4485 2416 4536 ἐν
2453 4485 2568 4547 τοῖς
2610 4482 2878 4554 πρότερον
2930 4483 3021 4549 ὑφ’
3064 4480 3223 4552 ἡμῶν
3261 4479 3666 4550 πεπονημένοις
3711 4477 3807 4546 εγ-

535 4569 745 4623 Platoni
797 4584 915 4638 quae
969 4567 1311 4637 placuerunt,
1356 4577 1535 4621 tamen
1591 4566 1755 4621 etiam
1812 4583 1953 4622 nunc
2013 4583 2121 4624 non

2227 4593 2440 4631 κεινται
2471 4574 2663 4628 καὶτὰ
2704 4573 3004 4645 Πυθαγόρᾳ
3037 4573 3132 4625 καὶ
3165 4569 3414 4625 Πλάτωνι
3445 4569 3802 4640 δεδοκημένα,

534 4671 730 4730 praeter
759 4675 866 4716 rem
897 4662 1335 4715 commemorabo
1371 4674 1466 4728 per
1489 4659 1768 4729 epitomen
1796 4669 1854 4716 et
1879 4675 2116 4716 summa-

2226 4669 2364 4723 ἀλλά
2404 4684 2468 4736 γε
2508 4667 2602 4719 καὶ
2648 4665 2744 4718 νῦν
2789 4665 2892 4718 οὐκ
2937 4664 3150 4732 ἀλόγως
3199 4662 3701 4734 ὑπομνησθήσομαι
3739 4661 3803 4714 δι’

513 4755 630 4824 ;tim
668 4753 862 4822 placita
906 4767 1116 4818 eorum,
1139 4767 1251 4822 quo
1285 4752 1496 4808 facilius
1523 4763 1979 4824 recognoscantur
2003 4752 2123 4810 Va—

2227 4759 2500 4828 ἐπιτομῆς
2527 4759 2623 4812 καὶ
2655 4757 3063 4827 κορυφαιότατα
3109 4753 3218 4807 τῶν
3263 4755 3448 4817 αὐτοῖς
3494 4753 3804 4823 ἀρεσκομέ-

532 4845 724 4899 lentini
773 4846 988 4899 decreta
1011 4860 1127 4915 per
1171 4845 1475 4915 propiorem
1531 4845 2010 4915 juxtapositionem
2069 4857 2123 4903 et

2228 4869 2356 4918 νων,
2386 4850 2524 4921 πρὸς
2555 4851 2614 4903 τὸ
2659 4848 3038 4917 εὐεπίγνωστα
3070 4845 3325 4916 γενέσθαι
3355 4845 3428 4899 τὰ
3459 4844 3796 4912 Οὐαλεντίνῳ

531 4936 756 4992 narilcm
787 4938 1266 5008 comparationem,
1305 4952 1428 4992 cum
1480 4937 1555 4993 illi
1597 4939 1822 5007 quidem
1877 4938 2005 4995 olim
2057 4945 2123 4997 ab

2233 4943 2462 5010 δόξαντα
2501 4942 2589 4996 διὰ
2643 4942 2741 5013 τῆς
2793 4940 3037 5011 ἐγγίονος
3072 4937 3432 5008 παραθέσεως
3470 4937 3562 4991 καὶ
3609 4935 3801 5007 ὁμοίας

1845 5078 2078 5134 γΔιιιΑ]
2120 5078 2520 5136 LECTIONES.

598 5211 643 5245 "
675 5212 814 5265 ἐστι.
875 5211 990 5265 ἐστι
1038 5229 1089 5264 τι
1137 5213 1442 5269 Bttnsenitts
1491 5213 1528 5268 Ι.
1570 5211 1630 5264 ’1.
1743 5211 1788 5241 ’⁸⁸
1843 5212 2031 5265 κακόν.
2089 5212 2258 5276 κακὸς
2300 5213 2365 5277 C,
2425 5211 2496 5266 M.
2615 5211 2658 5242 “
2705 5210 2872 5264 Λύσιν
2947 5207 3005 5262 δέ
3081 5201 3280 5277 αὖθιςη
3319 5202 3486 5277 Φύσιν
3539 5191 3809 5277 δέ-αὗθις

529 5280 697 5354 (LM,
724 5283 922 5354 Λύσειν
950 5283 1007 5336 δέ
1037 5283 1201 5337 αὐτὸν
1240 5284 1544 5339 Βιιηευιιὶιιε
1583 5282 1619 5338 l.
1655 5282 1692 5336 l.
1729 5297 1782 5350 p.
1810 5282 1936 5339 554.
2012 5283 2058 5312 ⁸³
2082 5283 2177 5336 τοῦ
2205 5271 2438 5354 κόσμου.
2472 5285 2562 5335 τὸν
2589 5283 2793 5351 κόσμον
2827 5280 2890 5342 C,
2925 5278 3007 5343 Μ,
3051 5275 3356 5354 Bttnsepitts
3473 5271 3510 5326 I.
3586 5271 3632 5304 "
3664 5273 3803 5354 [τευ.

530 5343 774 5426 ηιξ-ι.
813 5353 976 5424 igitur
1007 5355 1198 5407 horum
1238 5356 1448 5425 mystici
1497 5343 2122 5426 sacerdoieslibidinose
2151 5343 2367 5421 quidem
2406 5358 2610 5426 vivunt,
2647 5343 2852 5420 ιηἐιείιιε
2903 5360 3082 5426 autem
3120 5346 3426 5426 perficiunt,
3457 5343 3811 5426 quemadmo-

531 5414 874 5490 tlumv'potcgt
907 5414 1588 5494 unusquisqne'ipsorum.
1640 5424 1968 5478 Exorcismis
1997 5433 2050 5477 et
2107 5414 2572 5478 incantationibus
2599 5414 2871 5494 'utunvtur.
2897 5414 3174 5494 Amatoria
3223 5427 3438 5484 quoque
3473 5421 3539 5494 et
3563 5414 3811 5494 agogitna

528 5505 582 5546 et
606 5485 979 5561 qui—dicuntur
1008 5485 1230 5561 paredri
1263 5505 1314 5547 et
1341 5485 1680 5563 oniropumpi
1719 5505 1772 5547 et.
1801 5509 2138 5563 qumcunqtte
2170 5502 2297 5549 sunt
2325 5495 2426 5546 alia
2450 5493 2706 5563 perierga
2735 5489 2874 5558 apud
2901 5504 3002 5563 eo_s_
3022 5487 3633 5563 studioseexercentur.
3667 5485 3778 5536 Ima
3797 5511 3813 5520 -

529 5553 707 5634 ginein
740 5579 953 5634 quoque
983 5553 1223 5634 S'in‘mnis
1257 5564 1457 5634 habent
1481 5553 1677 5616 factam
1705 5567 1768 5616 ad
1807 5553 2031 5634 figuram
2053 5553 2230 5624 'Jnvis.
2267 5575 2318 5616 et
2356 5553 2570 5634 llel'cnte
2596 5553 2911 5634 iiiiﬁguratn
2947 5557 3168 5634 Martis,
3197 5565 3252 5611 et
3277 5556 3373 5634 llas
3402 5553 3814 5634 ἤροξδηιοξκίο

605 5621 957 5700 μαγεῖαις’-
994 5633 1274 5696 ἐπαοιδαῖς
1304 5635 1367 5694 C.
1389 5633 1470 5687 Μ.
1548 5634 1591 5664 ⁸⁸
1625 5634 1748 5696 ἕως.
1784 5621 1888 5697 ’ἑοῖς
1919 5635 2014 5688 δέἳ
2091 5635 2134 5666 ⁸⁸
2161 5621 2268 5689 διά.
2301 5634 2382 5695 δὶς
2411 5632 2472 5686 C.
2549 5632 2592 5663 "
2623 5633 2673 5684 οἱ
2699 5621 2762 5690 (Ϊ.
2795 5629 2865 5682 Μ.
2945 5631 2990 5662 ⁵⁸
3016 5629 3138 5691 ὅλος
3171 5642 3259 5700 ιη·ἐ
3419 5621 3817 5700 ⁵ξάπομάξετο

527 5690 713 5823 5...”:
735 5690 1092 5823 ξιέἕτωνικὴν
1115 5718 1201 5771 pr.
1231 5690 1292 5765 (ξ,
1323 5690 1608 5764 Πλάτωνος
1634 5690 1773 5756 corr.
1809 5690 1884 5757 Β..
1949 5705 1988 5735 ’τ
2024 5705 2112 5760 (ΖΓ.
2144 5720 2304 5772 supra
2339 5690 2378 5754 l:
2411 5719 2448 5767 ι,
2479 5718 2525 5756 c.
2557 5702 2610 5766 9,
2645 5717 2698 5770 ρ.
2730 5700 2763 5754 8
2799 5700 2901 5767 Η;
2941 5717 2992 5756 c.
3023 5690 3200 5769 £9,7p'.
3229 5695 3436 5762 50-58;
3469 5692 3503 5747 ι·
3531 5690 3690 5761 "sco
3719 5690 3816 5755 δί.

525 5785 581 5840 ρ.
617 5785 713 5823 nu
739 5786 856 5841 sqq.
