  <div class='ocr_page' id='page_1' title='image "/cluster/home/n/w/nwhite01/storage/ocr_20150623/16 pt.3/mdp.39015008568431/435.png"; bbox 0 0 4144 6328; ppageno 0'>
   <div class='ocr_carea' id='block_1_1' title="bbox 535 334 668 396">
    <p class='ocr_par' dir='ltr' id='par_1_1' title="bbox 535 334 668 396">
     <span class='ocr_line' id='line_1_1' title="bbox 535 334 668 396; baseline 0 0"><span class='ocrx_word' id='word_1_1' title='bbox 535 334 638 396; x_wconf 67' lang='lat'><strong>324</strong></span> <span class='ocrx_word' id='word_1_2' title='bbox 651 335 668 396; x_wconf 85' lang='grc' dir='ltr'><strong>ι</strong></span> 
     </span>
    </p>
   </div>
   <div class='ocr_carea' id='block_1_2' title="bbox 532 542 2114 618">
    <p class='ocr_par' dir='ltr' id='par_1_2' title="bbox 532 542 2114 618">
     <span class='ocr_line' id='line_1_2' title="bbox 532 542 2114 618; baseline 0.017 -29"><span class='ocrx_word' id='word_1_3' title='bbox 532 542 689 608; x_wconf 79' lang='lat' dir='ltr'><strong>plane</strong></span> <span class='ocrx_word' id='word_1_4' title='bbox 719 557 825 595; x_wconf 91' lang='lat' dir='ltr'><strong>non</strong></span> <span class='ocrx_word' id='word_1_5' title='bbox 856 558 1167 614; x_wconf 82' lang='lat' dir='ltr'><strong>compareat</strong></span> <span class='ocrx_word' id='word_1_6' title='bbox 1197 549 1453 618; x_wconf 72' lang='lat' dir='ltr'><strong>perfectis</strong></span> <span class='ocrx_word' id='word_1_7' title='bbox 1488 556 1730 612; x_wconf 75' lang='lat' dir='ltr'><strong>amnibus</strong></span> <span class='ocrx_word' id='word_1_8' title='bbox 1764 558 1992 615; x_wconf 86' lang='lat' dir='ltr'><strong>abortivi</strong></span> <span class='ocrx_word' id='word_1_9' title='bbox 2030 563 2114 615; x_wconf 91' lang='lat' dir='ltr'><strong>in-</strong></span> 
     </span>
    </p>
   </div>
   <div class='ocr_carea' id='block_1_3' title="bbox 531 629 2114 717">
    <p class='ocr_par' dir='ltr' id='par_1_3' title="bbox 531 629 2114 717">
     <span class='ocr_line' id='line_1_3' title="bbox 531 629 2114 717; baseline 0.015 -34"><span class='ocrx_word' id='word_1_10' title='bbox 531 629 797 699; x_wconf 83' lang='lat' dir='ltr'><strong>l‘ormitas,</strong></span> <span class='ocrx_word' id='word_1_11' title='bbox 827 651 1015 691; x_wconf 83' lang='lat' dir='ltr'><strong>rursus</strong></span> <span class='ocrx_word' id='word_1_12' title='bbox 1041 651 1092 694; x_wconf 91' lang='lat' dir='ltr'><strong>et</strong></span> <span class='ocrx_word' id='word_1_13' title='bbox 1123 640 1281 696; x_wconf 91' lang='lat' dir='ltr'><strong>Pater</strong></span> <span class='ocrx_word' id='word_1_14' title='bbox 1306 646 1522 713; x_wconf 83' lang='lat' dir='ltr'><strong>insuper</strong></span> <span class='ocrx_word' id='word_1_15' title='bbox 1557 648 1768 717; x_wconf 70' lang='lat' dir='ltr'><strong>proiicit</strong></span> <span class='ocrx_word' id='word_1_16' title='bbox 1807 667 1971 706; x_wconf 90' lang='lat' dir='ltr'><strong>unum</strong></span> <span class='ocrx_word' id='word_1_17' title='bbox 2007 670 2114 707; x_wconf 75' lang='lat' dir='ltr'><strong>mo-</strong></span> 
     </span>
    </p>
   </div>
   <div class='ocr_carea' id='block_1_4' title="bbox 532 722 2117 806">
    <p class='ocr_par' dir='ltr' id='par_1_4' title="bbox 532 722 2117 806">
     <span class='ocr_line' id='line_1_4' title="bbox 532 722 2117 806; baseline 0.016 -33"><span class='ocrx_word' id='word_1_18' title='bbox 532 736 654 775; x_wconf 91' lang='lat' dir='ltr'><strong>nem</strong></span> <span class='ocrx_word' id='word_1_19' title='bbox 695 722 976 791; x_wconf 88' lang='lat' dir='ltr'><strong>Staurum,</strong></span> <span class='ocrx_word' id='word_1_20' title='bbox 1004 731 1095 797; x_wconf 85' lang='lat' dir='ltr'><strong>qui</strong></span> <span class='ocrx_word' id='word_1_21' title='bbox 1131 746 1252 784; x_wconf 92' lang='lat' dir='ltr'><strong>cum</strong></span> <span class='ocrx_word' id='word_1_22' title='bbox 1285 734 1549 789; x_wconf 85' lang='lat' dir='ltr'><strong>evasisset</strong></span> <span class='ocrx_word' id='word_1_23' title='bbox 1575 753 1824 806; x_wconf 81' lang='lat' dir='ltr'><strong>magnus,</strong></span> <span class='ocrx_word' id='word_1_24' title='bbox 1863 751 1920 795; x_wconf 92' lang='lat' dir='ltr'><strong>ut</strong></span> <span class='ocrx_word' id='word_1_25' title='bbox 1959 758 1988 796; x_wconf 90' lang='lat' dir='ltr'><strong>a</strong></span> <span class='ocrx_word' id='word_1_26' title='bbox 2019 742 2117 796; x_wconf 82' lang='lat' dir='ltr'><strong>Pa-</strong></span> 
     </span>
    </p>
   </div>
   <div class='ocr_carea' id='block_1_5' title="bbox 531 821 2112 888">
    <p class='ocr_par' dir='ltr' id='par_1_5' title="bbox 531 821 2112 888">
     <span class='ocr_line' id='line_1_5' title="bbox 531 821 2112 888; baseline 0.015 -24"><span class='ocrx_word' id='word_1_27' title='bbox 531 822 615 868; x_wconf 89' lang='lat' dir='ltr'><strong>tre</strong></span> <span class='ocrx_word' id='word_1_28' title='bbox 645 831 837 882; x_wconf 76' lang='lat' dir='ltr'><strong>magno</strong></span> <span class='ocrx_word' id='word_1_29' title='bbox 859 826 912 872; x_wconf 90' lang='lat' dir='ltr'><strong>et</strong></span> <span class='ocrx_word' id='word_1_30' title='bbox 934 821 1194 887; x_wconf 81' lang='lat' dir='ltr'><strong>perfecto,</strong></span> <span class='ocrx_word' id='word_1_31' title='bbox 1229 824 1280 876; x_wconf 92' lang='lat' dir='ltr'><strong>in</strong></span> <span class='ocrx_word' id='word_1_32' title='bbox 1308 827 1607 880; x_wconf 90' lang='lat' dir='ltr'><strong>custodiam</strong></span> <span class='ocrx_word' id='word_1_33' title='bbox 1638 839 1692 883; x_wconf 91' lang='lat' dir='ltr'><strong>et</strong></span> <span class='ocrx_word' id='word_1_34' title='bbox 1718 833 2112 888; x_wconf 79' lang='lat' dir='ltr'><strong>munimentum</strong></span> 
     </span>
    </p>
   </div>
   <div class='ocr_carea' id='block_1_6' title="bbox 531 907 2117 987">
    <p class='ocr_par' dir='ltr' id='par_1_6' title="bbox 531 907 2117 987">
     <span class='ocr_line' id='line_1_6' title="bbox 531 907 2117 987; baseline 0.014 -31"><span class='ocrx_word' id='word_1_35' title='bbox 531 915 742 956; x_wconf 68' lang='lat' dir='ltr'><strong>reonnm</strong></span> <span class='ocrx_word' id='word_1_36' title='bbox 790 907 1081 977; x_wconf 84' lang='lat' dir='ltr'><strong>projectus,</strong></span> <span class='ocrx_word' id='word_1_37' title='bbox 1115 908 1403 968; x_wconf 86' lang='lat' dir='ltr'><strong>Terminus</strong></span> <span class='ocrx_word' id='word_1_38' title='bbox 1434 916 1613 971; x_wconf 78' lang='lat' dir='ltr'><strong>evadit</strong></span> <span class='ocrx_word' id='word_1_39' title='bbox 1648 919 1982 987; x_wconf 88' lang='lat' dir='ltr'><strong>pleromatis,</strong></span> <span class='ocrx_word' id='word_1_40' title='bbox 2021 924 2117 978; x_wconf 87' lang='lat' dir='ltr'><strong>ha-</strong></span> 
     </span>
    </p>
   </div>
   <div class='ocr_carea' id='block_1_7' title="bbox 532 994 2118 1075">
    <p class='ocr_par' dir='ltr' id='par_1_7' title="bbox 532 994 2118 1075">
     <span class='ocr_line' id='line_1_7' title="bbox 532 994 2118 1075; baseline 0.014 -28"><span class='ocrx_word' id='word_1_41' title='bbox 532 994 667 1049; x_wconf 89' lang='lat' dir='ltr'><strong>hens</strong></span> <span class='ocrx_word' id='word_1_42' title='bbox 694 997 744 1050; x_wconf 92' lang='lat' dir='ltr'><strong>in</strong></span> <span class='ocrx_word' id='word_1_43' title='bbox 771 1012 829 1050; x_wconf 92' lang='lat' dir='ltr'><strong>se</strong></span> <span class='ocrx_word' id='word_1_44' title='bbox 855 1013 1043 1053; x_wconf 91' lang='lat' dir='ltr'><strong>omnes</strong></span> <span class='ocrx_word' id='word_1_45' title='bbox 1068 1003 1229 1056; x_wconf 90' lang='lat' dir='ltr'><strong>slmul</strong></span> <span class='ocrx_word' id='word_1_46' title='bbox 1261 1005 1475 1075; x_wconf 86' lang='lat' dir='ltr'><strong>triginta</strong></span> <span class='ocrx_word' id='word_1_47' title='bbox 1503 1023 1718 1075; x_wconf 70' lang='lat' dir='ltr'><strong>tenues;</strong></span> <span class='ocrx_word' id='word_1_48' title='bbox 1746 1012 1796 1065; x_wconf 90' lang='lat' dir='ltr'><strong>hi</strong></span> <span class='ocrx_word' id='word_1_49' title='bbox 1827 1014 1966 1066; x_wconf 91' lang='lat' dir='ltr'><strong>enim</strong></span> <span class='ocrx_word' id='word_1_50' title='bbox 1993 1024 2118 1069; x_wconf 89' lang='lat' dir='ltr'><strong>sunt</strong></span> 
     </span>
    </p>
   </div>
   <div class='ocr_carea' id='block_1_8' title="bbox 533 1085 2118 1164">
    <p class='ocr_par' dir='ltr' id='par_1_8' title="bbox 533 1085 2118 1164">
     <span class='ocr_line' id='line_1_8' title="bbox 533 1085 2118 1164; baseline 0.013 -26"><span class='ocrx_word' id='word_1_51' title='bbox 533 1085 607 1138; x_wconf 91' lang='lat' dir='ltr'><strong>illi</strong></span> <span class='ocrx_word' id='word_1_52' title='bbox 641 1087 728 1154; x_wconf 90' lang='lat' dir='ltr'><strong>qui</strong></span> <span class='ocrx_word' id='word_1_53' title='bbox 781 1089 1008 1156; x_wconf 84' lang='lat' dir='ltr'><strong>projeeti</strong></span> <span class='ocrx_word' id='word_1_54' title='bbox 1039 1101 1185 1146; x_wconf 88' lang='lat' dir='ltr'><strong>sunt.</strong></span> <span class='ocrx_word' id='word_1_55' title='bbox 1223 1095 1540 1164; x_wconf 82' lang='lat' dir='ltr'><strong>Appellatur</strong></span> <span class='ocrx_word' id='word_1_56' title='bbox 1581 1110 1759 1154; x_wconf 89' lang='lat' dir='ltr'><strong>autem</strong></span> <span class='ocrx_word' id='word_1_57' title='bbox 1792 1102 1878 1157; x_wconf 86' lang='lat' dir='ltr'><strong>hic</strong></span> <span class='ocrx_word' id='word_1_58' title='bbox 1908 1101 2118 1159; x_wconf 82' lang='lat' dir='ltr'><strong>Termi—</strong></span> 
     </span>
    </p>
   </div>
   <div class='ocr_carea' id='block_1_9' title="bbox 535 1180 2119 1264">
    <p class='ocr_par' dir='ltr' id='par_1_9' title="bbox 535 1180 2119 1264">
     <span class='ocr_line' id='line_1_9' title="bbox 535 1180 2119 1264; baseline 0.015 -37"><span class='ocrx_word' id='word_1_59' title='bbox 535 1191 654 1240; x_wconf 87' lang='lat' dir='ltr'><strong>nus,</strong></span> <span class='ocrx_word' id='word_1_60' title='bbox 686 1180 942 1246; x_wconf 86' lang='lat' dir='ltr'><strong>quoniam</strong></span> <span class='ocrx_word' id='word_1_61' title='bbox 983 1194 1137 1236; x_wconf 76' lang='lat' dir='ltr'><strong>extra</strong></span> <span class='ocrx_word' id='word_1_62' title='bbox 1169 1186 1514 1241; x_wconf 90' lang='lat' dir='ltr'><strong>disterminat</strong></span> <span class='ocrx_word' id='word_1_63' title='bbox 1546 1203 1574 1242; x_wconf 88' lang='lat' dir='ltr'><strong>a</strong></span> <span class='ocrx_word' id='word_1_64' title='bbox 1609 1191 1911 1259; x_wconf 88' lang='lat' dir='ltr'><strong>pleromate</strong></span> <span class='ocrx_word' id='word_1_65' title='bbox 1937 1195 2119 1264; x_wconf 74' lang='lat' dir='ltr'><strong>hyste-</strong></span> 
     </span>
    </p>
   </div>
   <div class='ocr_carea' id='block_1_10' title="bbox 535 1267 2118 1354">
    <p class='ocr_par' dir='ltr' id='par_1_10' title="bbox 535 1267 2118 1354">
     <span class='ocr_line' id='line_1_10' title="bbox 535 1267 2118 1354; baseline 0.016 -37"><span class='ocrx_word' id='word_1_66' title='bbox 535 1280 684 1320; x_wconf 84' lang='lat' dir='ltr'><strong>rema</strong></span> <span class='ocrx_word' id='word_1_67' title='bbox 713 1284 728 1334; x_wconf 88' lang='lat'><strong>;</strong></span> <span class='ocrx_word' id='word_1_68' title='bbox 763 1267 1045 1342; x_wconf 81' lang='lat' dir='ltr'><strong>Particeps</strong></span> <span class='ocrx_word' id='word_1_69' title='bbox 1081 1285 1258 1330; x_wconf 89' lang='lat' dir='ltr'><strong>autem</strong></span> <span class='ocrx_word' id='word_1_70' title='bbox 1283 1316 1298 1342; x_wconf 93' lang='lat'><strong>,</strong></span> <span class='ocrx_word' id='word_1_71' title='bbox 1347 1282 1600 1348; x_wconf 89' lang='lat' dir='ltr'><strong>quoniam</strong></span> <span class='ocrx_word' id='word_1_72' title='bbox 1637 1285 1928 1354; x_wconf 87' lang='lat' dir='ltr'><strong>participat</strong></span> <span class='ocrx_word' id='word_1_73' title='bbox 1955 1290 2118 1343; x_wconf 87' lang='lat' dir='ltr'><strong>etiam</strong></span> 
     </span>
    </p>
   </div>
   <div class='ocr_carea' id='block_1_11' title="bbox 538 1352 2122 1438">
    <p class='ocr_par' dir='ltr' id='par_1_11' title="bbox 538 1352 2122 1438">
     <span class='ocr_line' id='line_1_11' title="bbox 538 1352 2122 1438; baseline 0.016 -27"><span class='ocrx_word' id='word_1_74' title='bbox 538 1352 876 1429; x_wconf 76' lang='lat' dir='ltr'><strong>hysterenia;</strong></span> <span class='ocrx_word' id='word_1_75' title='bbox 901 1364 1060 1422; x_wconf 89' lang='lat' dir='ltr'><strong>Palus</strong></span> <span class='ocrx_word' id='word_1_76' title='bbox 1089 1382 1289 1436; x_wconf 89' lang='lat' dir='ltr'><strong>autem,</strong></span> <span class='ocrx_word' id='word_1_77' title='bbox 1318 1374 1567 1438; x_wconf 85' lang='lat' dir='ltr'><strong>quoniam</strong></span> <span class='ocrx_word' id='word_1_78' title='bbox 1596 1376 1732 1429; x_wconf 78' lang='lat' dir='ltr'><strong>iixus</strong></span> <span class='ocrx_word' id='word_1_79' title='bbox 1756 1389 1837 1431; x_wconf 86' lang='lat' dir='ltr'><strong>est</strong></span> <span class='ocrx_word' id='word_1_80' title='bbox 1870 1381 2122 1436; x_wconf 86' lang='lat' dir='ltr'><strong>immotus</strong></span> 
     </span>
    </p>
   </div>
   <div class='ocr_carea' id='block_1_12' title="bbox 537 1451 2122 1535">
    <p class='ocr_par' dir='ltr' id='par_1_12' title="bbox 537 1451 2122 1535">
     <span class='ocr_line' id='line_1_12' title="bbox 537 1451 2122 1535; baseline 0.015 -32"><span class='ocrx_word' id='word_1_81' title='bbox 537 1460 591 1504; x_wconf 92' lang='lat' dir='ltr'><strong>et</strong></span> <span class='ocrx_word' id='word_1_82' title='bbox 619 1451 823 1516; x_wconf 78' lang='lat' dir='ltr'><strong>ﬁrmus,</strong></span> <span class='ocrx_word' id='word_1_83' title='bbox 858 1466 915 1509; x_wconf 91' lang='lat' dir='ltr'><strong>ut</strong></span> <span class='ocrx_word' id='word_1_84' title='bbox 947 1473 1054 1511; x_wconf 90' lang='lat' dir='ltr'><strong>non</strong></span> <span class='ocrx_word' id='word_1_85' title='bbox 1084 1461 1250 1528; x_wconf 89' lang='lat' dir='ltr'><strong>possit</strong></span> <span class='ocrx_word' id='word_1_86' title='bbox 1281 1463 1578 1533; x_wconf 81' lang='lat' dir='ltr'><strong>quidquam</strong></span> <span class='ocrx_word' id='word_1_87' title='bbox 1613 1466 1998 1535; x_wconf 85' lang='lat' dir='ltr'><strong>hystcrematis</strong></span> <span class='ocrx_word' id='word_1_88' title='bbox 2031 1474 2122 1526; x_wconf 89' lang='lat' dir='ltr'><strong>de-</strong></span> 
     </span>
    </p>
   </div>
   <div class='ocr_carea' id='block_1_13' title="bbox 537 1545 2118 1631">
    <p class='ocr_par' dir='ltr' id='par_1_13' title="bbox 537 1545 2118 1631">
     <span class='ocr_line' id='line_1_13' title="bbox 537 1545 2118 1631; baseline 0.015 -37"><span class='ocrx_word' id='word_1_89' title='bbox 537 1545 724 1598; x_wconf 81' lang='lat' dir='ltr'><strong>venire</strong></span> <span class='ocrx_word' id='word_1_90' title='bbox 754 1562 919 1615; x_wconf 84' lang='lat' dir='ltr'><strong>prope</strong></span> <span class='ocrx_word' id='word_1_91' title='bbox 952 1565 1166 1616; x_wconf 65' lang='lat' dir='ltr'><strong>mones,</strong></span> <span class='ocrx_word' id='word_1_92' title='bbox 1201 1556 1291 1622; x_wconf 91' lang='lat' dir='ltr'><strong>qui</strong></span> <span class='ocrx_word' id='word_1_93' title='bbox 1331 1553 1456 1608; x_wconf 91' lang='lat' dir='ltr'><strong>sunt</strong></span> <span class='ocrx_word' id='word_1_94' title='bbox 1511 1558 1654 1612; x_wconf 91' lang='lat' dir='ltr'><strong>intus</strong></span> <span class='ocrx_word' id='word_1_95' title='bbox 1705 1561 1757 1613; x_wconf 92' lang='lat' dir='ltr'><strong>in</strong></span> <span class='ocrx_word' id='word_1_96' title='bbox 1803 1561 2118 1631; x_wconf 85' lang='lat' dir='ltr'><strong>pleromate.</strong></span> 
     </span>
    </p>
   </div>
   <div class='ocr_carea' id='block_1_14' title="bbox 540 1633 2122 1724">
    <p class='ocr_par' dir='ltr' id='par_1_14' title="bbox 540 1633 2122 1724">
     <span class='ocr_line' id='line_1_14' title="bbox 540 1633 2122 1724; baseline 0.015 -37"><span class='ocrx_word' id='word_1_97' title='bbox 540 1633 720 1688; x_wconf 52' lang='lat' dir='ltr'><strong>Extra!</strong></span> <span class='ocrx_word' id='word_1_98' title='bbox 738 1637 902 1707; x_wconf 80' lang='lat' dir='ltr'><strong>igitur</strong></span> <span class='ocrx_word' id='word_1_99' title='bbox 929 1639 1262 1708; x_wconf 89' lang='lat' dir='ltr'><strong>Terminum,</strong></span> <span class='ocrx_word' id='word_1_100' title='bbox 1302 1645 1508 1714; x_wconf 85' lang='lat' dir='ltr'><strong>Palum,</strong></span> <span class='ocrx_word' id='word_1_101' title='bbox 1542 1649 1866 1722; x_wconf 88' lang='lat' dir='ltr'><strong>Partieipem</strong></span> <span class='ocrx_word' id='word_1_102' title='bbox 1896 1663 1976 1708; x_wconf 92' lang='lat' dir='ltr'><strong>est</strong></span> <span class='ocrx_word' id='word_1_103' title='bbox 2003 1671 2122 1724; x_wconf 70' lang='lat' dir='ltr'><strong>quae</strong></span> 
     </span>
    </p>
   </div>
   <div class='ocr_carea' id='block_1_15' title="bbox 543 1730 2117 1812">
    <p class='ocr_par' dir='ltr' id='par_1_15' title="bbox 543 1730 2117 1812">
     <span class='ocr_line' id='line_1_15' title="bbox 543 1730 2117 1812; baseline 0.013 -35"><span class='ocrx_word' id='word_1_104' title='bbox 543 1738 768 1781; x_wconf 75' lang='lat' dir='ltr'><strong>vocatur</strong></span> <span class='ocrx_word' id='word_1_105' title='bbox 786 1730 852 1784; x_wconf 84' lang='lat' dir='ltr'><strong>ab</strong></span> <span class='ocrx_word' id='word_1_106' title='bbox 885 1731 949 1785; x_wconf 90' lang='lat' dir='ltr'><strong>iis</strong></span> <span class='ocrx_word' id='word_1_107' title='bbox 971 1730 1183 1801; x_wconf 73' lang='lat' dir='ltr'><strong>Ogdoas</strong></span> <span class='ocrx_word' id='word_1_108' title='bbox 1207 1775 1219 1796; x_wconf 91' lang='lat'><strong>,</strong></span> <span class='ocrx_word' id='word_1_109' title='bbox 1254 1751 1425 1806; x_wconf 87' lang='lat' dir='ltr'><strong>eaque</strong></span> <span class='ocrx_word' id='word_1_110' title='bbox 1465 1748 1547 1793; x_wconf 89' lang='lat' dir='ltr'><strong>est</strong></span> <span class='ocrx_word' id='word_1_111' title='bbox 1579 1740 1779 1811; x_wconf 87' lang='lat' dir='ltr'><strong>Sophia</strong></span> <span class='ocrx_word' id='word_1_112' title='bbox 1820 1759 1937 1812; x_wconf 76' lang='lat' dir='ltr'><strong>qua:</strong></span> <span class='ocrx_word' id='word_1_113' title='bbox 1966 1755 2117 1798; x_wconf 82' lang='lat' dir='ltr'><strong>extra</strong></span> 
     </span>
    </p>
   </div>
   <div class='ocr_carea' id='block_1_16' title="bbox 541 1817 2118 1922">
    <p class='ocr_par' dir='ltr' id='par_1_16' title="bbox 541 1817 2115 1904">
     <span class='ocr_line' id='line_1_16' title="bbox 541 1817 2115 1904; baseline 0.014 -36"><span class='ocrx_word' id='word_1_114' title='bbox 541 1817 776 1886; x_wconf 86' lang='lat' dir='ltr'><strong>pleroma</strong></span> <span class='ocrx_word' id='word_1_115' title='bbox 812 1831 933 1885; x_wconf 90' lang='lat' dir='ltr'><strong>est,</strong></span> <span class='ocrx_word' id='word_1_116' title='bbox 983 1839 1142 1892; x_wconf 91' lang='lat' dir='ltr'><strong>quam</strong></span> <span class='ocrx_word' id='word_1_117' title='bbox 1193 1825 1443 1884; x_wconf 87' lang='lat' dir='ltr'><strong>Christus</strong></span> <span class='ocrx_word' id='word_1_118' title='bbox 1490 1830 1710 1902; x_wconf 88' lang='lat' dir='ltr'><strong>insuper</strong></span> <span class='ocrx_word' id='word_1_119' title='bbox 1771 1834 2046 1904; x_wconf 89' lang='lat' dir='ltr'><strong>projectus</strong></span> <span class='ocrx_word' id='word_1_120' title='bbox 2088 1854 2115 1890; x_wconf 91' lang='lat' dir='ltr'><strong>a</strong></span> 
     </span>
    </p>
   </div>
   <div class='ocr_carea' id='block_1_17' title="bbox 2223 1817 3620 1922">
    <p class='ocr_par' dir='ltr' id='par_1_17' title="bbox 2223 1841 3620 1922">
     <span class='ocr_line' id='line_1_17' title="bbox 2223 1841 3620 1922; baseline 0.012 -29"><span class='ocrx_word' id='word_1_121' title='bbox 2223 1841 2345 1894; x_wconf 87' lang='grc' dir='ltr'>σθαι</span> <span class='ocrx_word' id='word_1_122' title='bbox 2369 1843 2413 1874; x_wconf 81' lang='grc'><strong>⁸⁸</strong></span> <span class='ocrx_word' id='word_1_123' title='bbox 2443 1844 2611 1911; x_wconf 78' lang='grc' dir='ltr'><strong>ἐγγὺς</strong></span> <span class='ocrx_word' id='word_1_124' title='bbox 2626 1845 2673 1878; x_wconf 77' lang='grc'><strong>⁸⁸</strong></span> <span class='ocrx_word' id='word_1_125' title='bbox 2699 1844 2804 1899; x_wconf 88' lang='grc' dir='ltr'><strong>τῶν</strong></span> <span class='ocrx_word' id='word_1_126' title='bbox 2831 1848 2980 1911; x_wconf 75' lang='grc' dir='ltr'>ἐντὸς</span> <span class='ocrx_word' id='word_1_127' title='bbox 3004 1851 3368 1922; x_wconf 73' lang='grc' dir='ltr'><strong>πληρώματος</strong></span> <span class='ocrx_word' id='word_1_128' title='bbox 3389 1855 3620 1912; x_wconf 88' lang='grc' dir='ltr'>αἰώνων.</span> 
     </span>
    </p>
   </div>
   <div class='ocr_carea' id='block_1_18' title="bbox 542 1909 2124 1996">
    <p class='ocr_par' dir='ltr' id='par_1_18' title="bbox 542 1909 2124 1996">
     <span class='ocr_line' id='line_1_18' title="bbox 542 1909 2124 1996; baseline 0.013 -33"><span class='ocrx_word' id='word_1_129' title='bbox 542 1909 720 1967; x_wconf 81' lang='lat' dir='ltr'><strong>Mente</strong></span> <span class='ocrx_word' id='word_1_130' title='bbox 745 1923 799 1967; x_wconf 89' lang='lat' dir='ltr'><strong>et</strong></span> <span class='ocrx_word' id='word_1_131' title='bbox 824 1913 1062 1971; x_wconf 84' lang='lat' dir='ltr'><strong>Veritate</strong></span> <span class='ocrx_word' id='word_1_132' title='bbox 1094 1919 1346 1976; x_wconf 80' lang='lat' dir='ltr'><strong>formavit</strong></span> <span class='ocrx_word' id='word_1_133' title='bbox 1380 1923 1664 1995; x_wconf 80' lang='lat' dir='ltr'><strong>eﬂ&#39;ecitqtte</strong></span> <span class='ocrx_word' id='word_1_134' title='bbox 1687 1967 1702 1991; x_wconf 93' lang='lat'><strong>,</strong></span> <span class='ocrx_word' id='word_1_135' title='bbox 1754 1938 1812 1981; x_wconf 92' lang='lat' dir='ltr'><strong>ut</strong></span> <span class='ocrx_word' id='word_1_136' title='bbox 1852 1929 2124 1996; x_wconf 81' lang='lat' dir='ltr'><strong>perfectus</strong></span> 
     </span>
    </p>
   </div>
   <div class='ocr_carea' id='block_1_19' title="bbox 541 2006 2121 2090">
    <p class='ocr_par' dir='ltr' id='par_1_19' title="bbox 541 2006 2121 2090">
     <span class='ocr_line' id='line_1_19' title="bbox 541 2006 2121 2090; baseline 0.011 -33"><span class='ocrx_word' id='word_1_137' title='bbox 541 2019 680 2066; x_wconf 64' lang='lat' dir='ltr'><strong>won.</strong></span> <span class='ocrx_word' id='word_1_138' title='bbox 727 2006 868 2060; x_wconf 88' lang='lat' dir='ltr'><strong>nulla</strong></span> <span class='ocrx_word' id='word_1_139' title='bbox 897 2022 962 2062; x_wconf 81' lang='lat' dir='ltr'><strong>ex</strong></span> <span class='ocrx_word' id='word_1_140' title='bbox 997 2019 1147 2077; x_wconf 89' lang='lat' dir='ltr'><strong>parte</strong></span> <span class='ocrx_word' id='word_1_141' title='bbox 1175 2012 1239 2066; x_wconf 93' lang='lat' dir='ltr'><strong>iis</strong></span> <span class='ocrx_word' id='word_1_142' title='bbox 1261 2053 1277 2078; x_wconf 95' lang='lat'><strong>,</strong></span> <span class='ocrx_word' id='word_1_143' title='bbox 1302 2016 1392 2084; x_wconf 90' lang='lat' dir='ltr'><strong>qui</strong></span> <span class='ocrx_word' id='word_1_144' title='bbox 1420 2028 1544 2070; x_wconf 89' lang='lat' dir='ltr'><strong>sunt</strong></span> <span class='ocrx_word' id='word_1_145' title='bbox 1572 2017 1938 2090; x_wconf 75' lang='lat'><strong>278-279</strong></span> <span class='ocrx_word' id='word_1_146' title='bbox 1978 2021 2121 2075; x_wconf 89' lang='lat' dir='ltr'><strong>intus</strong></span> 
     </span>
    </p>
   </div>
   <div class='ocr_carea' id='block_1_20' title="bbox 544 2098 2116 2179">
    <p class='ocr_par' dir='ltr' id='par_1_20' title="bbox 544 2098 2116 2179">
     <span class='ocr_line' id='line_1_20' title="bbox 544 2098 2116 2179; baseline 0.011 -30"><span class='ocrx_word' id='word_1_147' title='bbox 544 2098 596 2150; x_wconf 85' lang='lat' dir='ltr'><strong>in</strong></span> <span class='ocrx_word' id='word_1_148' title='bbox 625 2098 917 2167; x_wconf 88' lang='lat' dir='ltr'><strong>plcromate</strong></span> <span class='ocrx_word' id='word_1_149' title='bbox 949 2141 963 2168; x_wconf 94' lang='lat'><strong>,</strong></span> <span class='ocrx_word' id='word_1_150' title='bbox 1005 2103 1229 2158; x_wconf 81' lang='lat' dir='ltr'><strong>inferior</strong></span> <span class='ocrx_word' id='word_1_151' title='bbox 1263 2107 1478 2162; x_wconf 85' lang='lat' dir='ltr'><strong>habitus</strong></span> <span class='ocrx_word' id='word_1_152' title='bbox 1514 2114 1790 2163; x_wconf 74' lang='lat' dir='ltr'><strong>evaderet.</strong></span> <span class='ocrx_word' id='word_1_153' title='bbox 1828 2112 2116 2179; x_wconf 73' lang='lat' dir='ltr'><strong>Postquam</strong></span> 
     </span>
    </p>
   </div>
   <div class='ocr_carea' id='block_1_21' title="bbox 543 2189 2116 2270">
    <p class='ocr_par' dir='ltr' id='par_1_21' title="bbox 543 2189 2116 2270">
     <span class='ocr_line' id='line_1_21' title="bbox 543 2189 2116 2270; baseline 0.01 -29"><span class='ocrx_word' id='word_1_154' title='bbox 543 2189 707 2258; x_wconf 84' lang='lat' dir='ltr'><strong>igitur</strong></span> <span class='ocrx_word' id='word_1_155' title='bbox 746 2189 974 2245; x_wconf 80' lang='lat' dir='ltr'><strong>formata</strong></span> <span class='ocrx_word' id='word_1_156' title='bbox 1007 2205 1126 2248; x_wconf 87' lang='lat' dir='ltr'><strong>erat</strong></span> <span class='ocrx_word' id='word_1_157' title='bbox 1155 2206 1305 2250; x_wconf 76' lang='lat' dir='ltr'><strong>extra</strong></span> <span class='ocrx_word' id='word_1_158' title='bbox 1349 2199 1585 2266; x_wconf 90' lang='lat' dir='ltr'><strong>pleroma</strong></span> <span class='ocrx_word' id='word_1_159' title='bbox 1612 2203 1834 2270; x_wconf 86' lang='lat' dir='ltr'><strong>Sophia,</strong></span> <span class='ocrx_word' id='word_1_160' title='bbox 1867 2219 1966 2257; x_wconf 91' lang='lat' dir='ltr'><strong>nec</strong></span> <span class='ocrx_word' id='word_1_161' title='bbox 2003 2205 2116 2258; x_wconf 81' lang='lat' dir='ltr'><strong>ﬁeri</strong></span> 
     </span>
    </p>
   </div>
   <div class='ocr_carea' id='block_1_22' title="bbox 541 2285 2119 2357">
    <p class='ocr_par' dir='ltr' id='par_1_22' title="bbox 541 2285 2119 2357">
     <span class='ocr_line' id='line_1_22' title="bbox 541 2285 2119 2357; baseline 0.011 -26"><span class='ocrx_word' id='word_1_162' title='bbox 541 2291 794 2348; x_wconf 76' lang='lat' dir='ltr'><strong>peierat,</strong></span> <span class='ocrx_word' id='word_1_163' title='bbox 829 2293 885 2335; x_wconf 92' lang='lat' dir='ltr'><strong>ut</strong></span> <span class='ocrx_word' id='word_1_164' title='bbox 919 2286 1122 2351; x_wconf 92' lang='lat' dir='ltr'><strong>pariter</strong></span> <span class='ocrx_word' id='word_1_165' title='bbox 1153 2285 1403 2342; x_wconf 90' lang='lat' dir='ltr'><strong>Christus</strong></span> <span class='ocrx_word' id='word_1_166' title='bbox 1438 2299 1489 2342; x_wconf 92' lang='lat' dir='ltr'><strong>ct</strong></span> <span class='ocrx_word' id='word_1_167' title='bbox 1534 2290 1770 2357; x_wconf 84' lang='lat' dir='ltr'><strong>Spiritus</strong></span> <span class='ocrx_word' id='word_1_168' title='bbox 1801 2304 2020 2348; x_wconf 87' lang='lat' dir='ltr'><strong>sanctus</strong></span> <span class='ocrx_word' id='word_1_169' title='bbox 2052 2311 2119 2350; x_wconf 77' lang='lat' dir='ltr'><strong>ex</strong></span> 
     </span>
    </p>
   </div>
   <div class='ocr_carea' id='block_1_23' title="bbox 541 2370 2117 2452">
    <p class='ocr_par' dir='ltr' id='par_1_23' title="bbox 541 2370 2117 2452">
     <span class='ocr_line' id='line_1_23' title="bbox 541 2370 2117 2452; baseline 0.008 -26"><span class='ocrx_word' id='word_1_170' title='bbox 541 2370 716 2428; x_wconf 76' lang='lat' dir='ltr'><strong>Mente</strong></span> <span class='ocrx_word' id='word_1_171' title='bbox 758 2375 980 2445; x_wconf 85' lang='lat' dir='ltr'><strong>projecti</strong></span> <span class='ocrx_word' id='word_1_172' title='bbox 1023 2387 1076 2432; x_wconf 91' lang='lat' dir='ltr'><strong>et</strong></span> <span class='ocrx_word' id='word_1_173' title='bbox 1103 2377 1338 2433; x_wconf 75' lang='lat' dir='ltr'><strong>Veritate</strong></span> <span class='ocrx_word' id='word_1_174' title='bbox 1374 2389 1525 2435; x_wconf 77' lang='lat' dir='ltr'><strong>extra</strong></span> <span class='ocrx_word' id='word_1_175' title='bbox 1551 2382 1787 2452; x_wconf 88' lang='lat' dir='ltr'><strong>pleroma</strong></span> <span class='ocrx_word' id='word_1_176' title='bbox 1819 2396 2117 2451; x_wconf 81' lang='lat' dir='ltr'><strong>manerent,</strong></span> 
     </span>
    </p>
   </div>
   <div class='ocr_carea' id='block_1_24' title="bbox 542 2467 2120 2546">
    <p class='ocr_par' dir='ltr' id='par_1_24' title="bbox 542 2467 2120 2546">
     <span class='ocr_line' id='line_1_24' title="bbox 542 2467 2120 2546; baseline 0.01 -30"><span class='ocrx_word' id='word_1_177' title='bbox 542 2467 777 2521; x_wconf 89' lang='lat' dir='ltr'><strong>recurrit</strong></span> <span class='ocrx_word' id='word_1_178' title='bbox 805 2484 832 2520; x_wconf 88' lang='lat' dir='ltr'><strong>a</strong></span> <span class='ocrx_word' id='word_1_179' title='bbox 865 2467 1093 2524; x_wconf 79' lang='lat' dir='ltr'><strong>formata</strong></span> <span class='ocrx_word' id='word_1_180' title='bbox 1140 2471 1226 2524; x_wconf 87' lang='lat' dir='ltr'><strong>illa</strong></span> <span class='ocrx_word' id='word_1_181' title='bbox 1251 2473 1498 2528; x_wconf 84' lang='lat' dir='ltr'><strong>Christus</strong></span> <span class='ocrx_word' id='word_1_182' title='bbox 1542 2483 1595 2529; x_wconf 91' lang='lat' dir='ltr'><strong>et</strong></span> <span class='ocrx_word' id='word_1_183' title='bbox 1621 2476 1852 2546; x_wconf 82' lang='lat' dir='ltr'><strong>Spiritus</strong></span> <span class='ocrx_word' id='word_1_184' title='bbox 1900 2488 2120 2532; x_wconf 79' lang='lat' dir='ltr'><strong>sanctus</strong></span> 
     </span>
    </p>
   </div>
   <div class='ocr_carea' id='block_1_25' title="bbox 542 2557 2116 2635">
    <p class='ocr_par' dir='ltr' id='par_1_25' title="bbox 542 2557 2116 2635">
     <span class='ocr_line' id='line_1_25' title="bbox 542 2557 2116 2635; baseline 0.01 -25"><span class='ocrx_word' id='word_1_185' title='bbox 542 2557 606 2610; x_wconf 84' lang='lat' dir='ltr'><strong>ad</strong></span> <span class='ocrx_word' id='word_1_186' title='bbox 637 2558 865 2614; x_wconf 85' lang='lat' dir='ltr'><strong>Mentem</strong></span> <span class='ocrx_word' id='word_1_187' title='bbox 898 2573 953 2616; x_wconf 84' lang='lat' dir='ltr'><strong>et</strong></span> <span class='ocrx_word' id='word_1_188' title='bbox 989 2562 1278 2619; x_wconf 84' lang='lat' dir='ltr'><strong>Veritatem</strong></span> <span class='ocrx_word' id='word_1_189' title='bbox 1311 2566 1451 2619; x_wconf 86' lang='lat' dir='ltr'><strong>intra</strong></span> <span class='ocrx_word' id='word_1_190' title='bbox 1480 2565 1817 2635; x_wconf 88' lang='lat' dir='ltr'><strong>Terminum,</strong></span> <span class='ocrx_word' id='word_1_191' title='bbox 1862 2586 1966 2625; x_wconf 83' lang='lat' dir='ltr'><strong>una</strong></span> <span class='ocrx_word' id='word_1_192' title='bbox 1995 2586 2116 2627; x_wconf 89' lang='lat' dir='ltr'><strong>cum</strong></span> 
     </span>
    </p>
   </div>
   <div class='ocr_carea' id='block_1_26' title="bbox 543 2649 1696 2725">
    <p class='ocr_par' dir='ltr' id='par_1_26' title="bbox 543 2649 1696 2725">
     <span class='ocr_line' id='line_1_26' title="bbox 543 2649 1696 2725; baseline 0.009 -21"><span class='ocrx_word' id='word_1_193' title='bbox 543 2649 767 2720; x_wconf 76' lang='lat' dir='ltr'><strong>reliquis</strong></span> <span class='ocrx_word' id='word_1_194' title='bbox 794 2656 1036 2711; x_wconf 68' lang='lat' dir='ltr'><strong>monibus</strong></span> <span class='ocrx_word' id='word_1_195' title='bbox 1068 2658 1417 2725; x_wconf 83' lang='lat' dir='ltr'><strong>magniﬁcans</strong></span> <span class='ocrx_word' id='word_1_196' title='bbox 1462 2659 1696 2715; x_wconf 89' lang='lat' dir='ltr'><strong>Patrem.</strong></span> 
     </span>
    </p>
   </div>
   <div class='ocr_carea' id='block_1_27' title="bbox 1979 355 2343 421">
    <p class='ocr_par' dir='ltr' id='par_1_27' title="bbox 1979 355 2343 421">
     <span class='ocr_line' id='line_1_27' title="bbox 1979 355 2343 421; baseline 0.022 -7"><span class='ocrx_word' id='word_1_197' title='bbox 1979 355 2343 421; x_wconf 83' lang='lat' dir='ltr'><strong>ORIGENIS</strong></span> 
     </span>
    </p>
   </div>
   <div class='ocr_carea' id='block_1_28' title="bbox 533 453 2379 545">
    <p class='ocr_par' dir='ltr' id='par_1_28' title="bbox 533 453 2379 545">
     <span class='ocr_line' id='line_1_28' title="bbox 533 453 2379 545; baseline 0.015 -44"><span class='ocrx_word' id='word_1_198' title='bbox 533 459 816 504; x_wconf 73' lang='lat' dir='ltr'><strong>turbentur</strong></span> <span class='ocrx_word' id='word_1_199' title='bbox 838 466 933 520; x_wconf 87' lang='lat' dir='ltr'><strong>per</strong></span> <span class='ocrx_word' id='word_1_200' title='bbox 964 453 1352 513; x_wconf 83' lang='lat' dir='ltr'><strong>inl‘ormitatem</strong></span> <span class='ocrx_word' id='word_1_201' title='bbox 1386 462 1606 529; x_wconf 76' lang='lat' dir='ltr'><strong>perfecti</strong></span> <span class='ocrx_word' id='word_1_202' title='bbox 1635 480 1831 521; x_wconf 68' lang='lat' dir='ltr'><strong>mones.</strong></span> <span class='ocrx_word' id='word_1_203' title='bbox 1863 469 2114 538; x_wconf 80' lang='lat' dir='ltr'><strong>Utigitur</strong></span> <span class='ocrx_word' id='word_1_204' title='bbox 2143 480 2188 534; x_wconf 78' lang='grc' dir='ltr'><strong>Α</strong></span> <span class='ocrx_word' id='word_1_205' title='bbox 2217 477 2316 545; x_wconf 74' lang='grc' dir='ltr'>τῆς</span> <span class='ocrx_word' id='word_1_206' title='bbox 2342 479 2379 528; x_wconf 90' lang='grc' dir='ltr'><strong>Σ</strong></span> 
     </span>
    </p>
   </div>
   <div class='ocr_carea' id='block_1_29' title="bbox 3644 376 3810 442">
    <p class='ocr_par' dir='ltr' id='par_1_29' title="bbox 3644 376 3810 442">
     <span class='ocr_line' id='line_1_29' title="bbox 3644 376 3810 442; baseline 0.018 -3"><span class='ocrx_word' id='word_1_207' title='bbox 3644 376 3810 442; x_wconf 70' lang='grc' dir='ltr'>-εειε</span> 
     </span>
    </p>
   </div>
   <div class='ocr_carea' id='block_1_30' title="bbox 2382 479 3811 564">
    <p class='ocr_par' dir='ltr' id='par_1_30' title="bbox 2382 479 3811 564">
     <span class='ocr_line' id='line_1_30' title="bbox 2382 479 3811 564; baseline 0.013 -36"><span class='ocrx_word' id='word_1_208' title='bbox 2382 479 2537 546; x_wconf 63' lang='grc' dir='ltr'>σφεας</span> <span class='ocrx_word' id='word_1_209' title='bbox 2566 481 2853 548; x_wconf 68' lang='grc' dir='ltr'>μονογενὲς</span> <span class='ocrx_word' id='word_1_210' title='bbox 2886 483 2895 551; x_wconf 86' lang='grc' dir='ltr'><strong>Ι</strong></span> <span class='ocrx_word' id='word_1_211' title='bbox 2929 485 3023 538; x_wconf 78' lang='grc' dir='ltr'><strong>καὶ</strong></span> <span class='ocrx_word' id='word_1_212' title='bbox 3045 485 3169 555; x_wconf 78' lang='grc' dir='ltr'>δίχα</span> <span class='ocrx_word' id='word_1_213' title='bbox 3199 488 3433 557; x_wconf 75' lang='grc' dir='ltr'><strong>συζύγου</strong></span> <span class='ocrx_word' id='word_1_214' title='bbox 3467 498 3811 564; x_wconf 80' lang='grc' dir='ltr'>γεγεννημέ-</span> 
     </span>
    </p>
   </div>
   <div class='ocr_carea' id='block_1_31' title="bbox 2216 556 3809 652">
    <p class='ocr_par' dir='ltr' id='par_1_31' title="bbox 2216 556 3809 652">
     <span class='ocr_line' id='line_1_31' title="bbox 2216 556 3809 652; baseline 0.013 -34"><span class='ocrx_word' id='word_1_215' title='bbox 2216 584 2304 620; x_wconf 87' lang='grc' dir='ltr'><strong>νον</strong></span> <span class='ocrx_word' id='word_1_216' title='bbox 2331 569 2375 599; x_wconf 79' lang='grc' dir='ltr'><strong>⁸ο</strong></span> <span class='ocrx_word' id='word_1_217' title='bbox 2404 556 2855 639; x_wconf 74' lang='grc' dir='ltr'>ἀποχωρίζειτῶν</span> <span class='ocrx_word' id='word_1_218' title='bbox 2882 574 3018 628; x_wconf 81' lang='grc' dir='ltr'>ὅλων</span> <span class='ocrx_word' id='word_1_219' title='bbox 3037 576 3250 630; x_wconf 81' lang='grc' dir='ltr'>αἰώνων</span> <span class='ocrx_word' id='word_1_220' title='bbox 3285 579 3372 631; x_wconf 84' lang='grc' dir='ltr'>ἵνα</span> <span class='ocrx_word' id='word_1_221' title='bbox 3413 580 3487 651; x_wconf 84' lang='grc' dir='ltr'>μὴ</span> <span class='ocrx_word' id='word_1_222' title='bbox 3514 581 3809 652; x_wconf 81' lang='grc' dir='ltr'>βλέποντες</span> 
     </span>
    </p>
   </div>
   <div class='ocr_carea' id='block_1_32' title="bbox 2216 653 3804 738">
    <p class='ocr_par' dir='ltr' id='par_1_32' title="bbox 2216 653 3804 738">
     <span class='ocr_line' id='line_1_32' title="bbox 2216 653 3804 738; baseline 0.016 -35"><span class='ocrx_word' id='word_1_223' title='bbox 2216 653 2347 705; x_wconf 72' lang='grc' dir='ltr'>αὐτὸ</span> <span class='ocrx_word' id='word_1_224' title='bbox 2364 655 2742 724; x_wconf 80' lang='grc' dir='ltr'>ταράσσωνται</span> <span class='ocrx_word' id='word_1_225' title='bbox 2769 659 2856 712; x_wconf 79' lang='grc' dir='ltr'><strong>διὰ</strong></span> <span class='ocrx_word' id='word_1_226' title='bbox 2875 660 2972 730; x_wconf 82' lang='grc' dir='ltr'>τὴν</span> <span class='ocrx_word' id='word_1_227' title='bbox 2995 665 3274 735; x_wconf 68' lang='grc' dir='ltr'>ἀμορφίαν</span> <span class='ocrx_word' id='word_1_228' title='bbox 3299 669 3347 719; x_wconf 86' lang='grc' dir='ltr'><strong>οἰ</strong></span> <span class='ocrx_word' id='word_1_229' title='bbox 3365 669 3564 724; x_wconf 83' lang='grc' dir='ltr'>τέλειοι</span> <span class='ocrx_word' id='word_1_230' title='bbox 3586 673 3804 738; x_wconf 82' lang='grc' dir='ltr'>αἰῶνες.</span> 
     </span>
    </p>
   </div>
   <div class='ocr_carea' id='block_1_33' title="bbox 2219 737 3806 835">
    <p class='ocr_par' dir='ltr' id='par_1_33' title="bbox 2219 737 3806 835">
     <span class='ocr_line' id='line_1_33' title="bbox 2219 737 3806 835; baseline 0.016 -44"><span class='ocrx_word' id='word_1_231' title='bbox 2219 741 2314 791; x_wconf 84' lang='grc' dir='ltr'><strong>Ἵν⁹</strong></span> <span class='ocrx_word' id='word_1_232' title='bbox 2346 737 2438 794; x_wconf 80' lang='grc' dir='ltr'>οὖν</span> <span class='ocrx_word' id='word_1_233' title='bbox 2463 743 2587 812; x_wconf 79' lang='grc' dir='ltr'>μηδ’</span> <span class='ocrx_word' id='word_1_234' title='bbox 2610 744 2744 808; x_wconf 83' lang='grc' dir='ltr'><strong>ὅλως</strong></span> <span class='ocrx_word' id='word_1_235' title='bbox 2768 749 2879 810; x_wconf 84' lang='grc' dir='ltr'>τοῖς</span> <span class='ocrx_word' id='word_1_236' title='bbox 2900 750 3076 808; x_wconf 84' lang='grc' dir='ltr'>,αἰῶσι</span> <span class='ocrx_word' id='word_1_237' title='bbox 3109 756 3220 816; x_wconf 82' lang='grc' dir='ltr'>τοῖς</span> <span class='ocrx_word' id='word_1_238' title='bbox 3249 756 3482 820; x_wconf 74' lang='grc' dir='ltr'>τελείοις</span> <span class='ocrx_word' id='word_1_239' title='bbox 3515 769 3806 835; x_wconf 71' lang='grc' dir='ltr'>καταφανῇ</span> 
     </span>
    </p>
   </div>
   <div class='ocr_carea' id='block_1_34' title="bbox 2215 831 3804 922">
    <p class='ocr_par' dir='ltr' id='par_1_34' title="bbox 2215 831 3804 922">
     <span class='ocr_line' id='line_1_34' title="bbox 2215 831 3804 922; baseline 0.016 -39"><span class='ocrx_word' id='word_1_240' title='bbox 2215 831 2308 884; x_wconf 78' lang='grc' dir='ltr'><strong>τοῦ</strong></span> <span class='ocrx_word' id='word_1_241' title='bbox 2334 832 2684 904; x_wconf 78' lang='grc' dir='ltr'>ἐκτρώματος</span> <span class='ocrx_word' id='word_1_242' title='bbox 2713 838 2744 908; x_wconf 85' lang='grc' dir='ltr'><strong>ή</strong></span> <span class='ocrx_word' id='word_1_243' title='bbox 2779 840 3049 911; x_wconf 65' lang='grc' dir='ltr'>ἀμορφία,</span> <span class='ocrx_word' id='word_1_244' title='bbox 3081 844 3248 898; x_wconf 77' lang='grc' dir='ltr'>πάλιν</span> <span class='ocrx_word' id='word_1_245' title='bbox 3279 848 3421 900; x_wconf 82' lang='grc' dir='ltr'><strong>καὶό</strong></span> <span class='ocrx_word' id='word_1_246' title='bbox 3457 851 3648 922; x_wconf 86' lang='grc' dir='ltr'>Πατὴρ</span> <span class='ocrx_word' id='word_1_247' title='bbox 3681 831 3804 907; x_wconf 51' lang='grc' dir='ltr'><strong>ἐπιζ</strong></span> 
     </span>
    </p>
   </div>
   <div class='ocr_carea' id='block_1_35' title="bbox 2218 924 3806 1016">
    <p class='ocr_par' dir='ltr' id='par_1_35' title="bbox 2218 924 3806 1016">
     <span class='ocr_line' id='line_1_35' title="bbox 2218 924 3806 1016; baseline 0.015 -42"><span class='ocrx_word' id='word_1_248' title='bbox 2218 924 2508 992; x_wconf 85' lang='grc' dir='ltr'>προϐάλλει</span> <span class='ocrx_word' id='word_1_249' title='bbox 2533 927 2575 958; x_wconf 82' lang='grc'><strong>⁸¹</strong></span> <span class='ocrx_word' id='word_1_250' title='bbox 2610 929 2782 983; x_wconf 89' lang='grc' dir='ltr'>αἰῶνα</span> <span class='ocrx_word' id='word_1_251' title='bbox 2822 931 2918 984; x_wconf 77' lang='grc' dir='ltr'>ἕνα</span> <span class='ocrx_word' id='word_1_252' title='bbox 2949 933 3038 985; x_wconf 80' lang='grc' dir='ltr'>τὸν</span> <span class='ocrx_word' id='word_1_253' title='bbox 3071 934 3320 1006; x_wconf 72' lang='grc' dir='ltr'>Σταυρὸν</span> <span class='ocrx_word' id='word_1_254' title='bbox 3341 938 3408 1003; x_wconf 73' lang='grc'><strong>⁸⁸,</strong></span> <span class='ocrx_word' id='word_1_255' title='bbox 3440 940 3499 1002; x_wconf 81' lang='grc' dir='ltr'>ὃς</span> <span class='ocrx_word' id='word_1_256' title='bbox 3538 959 3806 1016; x_wconf 84' lang='grc' dir='ltr'>γεγεννη-</span> 
     </span>
    </p>
   </div>
   <div class='ocr_carea' id='block_1_36' title="bbox 2221 1017 3807 1109">
    <p class='ocr_par' dir='ltr' id='par_1_36' title="bbox 2221 1017 3807 1109">
     <span class='ocr_line' id='line_1_36' title="bbox 2221 1017 3807 1109; baseline 0.015 -40"><span class='ocrx_word' id='word_1_257' title='bbox 2221 1017 2383 1088; x_wconf 92' lang='grc' dir='ltr'>μένος</span> <span class='ocrx_word' id='word_1_258' title='bbox 2438 1020 2630 1089; x_wconf 82' lang='grc' dir='ltr'>μέγας,</span> <span class='ocrx_word' id='word_1_259' title='bbox 2663 1022 2738 1086; x_wconf 88' lang='grc' dir='ltr'><strong>ώς</strong></span> <span class='ocrx_word' id='word_1_260' title='bbox 2771 1025 3010 1094; x_wconf 76' lang='grc' dir='ltr'>μεγάλου</span> <span class='ocrx_word' id='word_1_261' title='bbox 3057 1029 3150 1080; x_wconf 77' lang='grc' dir='ltr'>καὶ</span> <span class='ocrx_word' id='word_1_262' title='bbox 3205 1030 3414 1084; x_wconf 80' lang='grc' dir='ltr'>τελείου</span> <span class='ocrx_word' id='word_1_263' title='bbox 3461 1036 3694 1109; x_wconf 65' lang='grc' dir='ltr'>Πατρρς,</span> <span class='ocrx_word' id='word_1_264' title='bbox 3727 1042 3807 1102; x_wconf 83' lang='grc' dir='ltr'><strong>εἰς</strong></span> 
     </span>
    </p>
   </div>
   <div class='ocr_carea' id='block_1_37' title="bbox 2220 1112 3801 1198">
    <p class='ocr_par' dir='ltr' id='par_1_37' title="bbox 2220 1112 3801 1198">
     <span class='ocr_line' id='line_1_37' title="bbox 2220 1112 3801 1198; baseline 0.015 -38"><span class='ocrx_word' id='word_1_265' title='bbox 2220 1112 2461 1182; x_wconf 71' lang='grc' dir='ltr'>φρουρὰν</span> <span class='ocrx_word' id='word_1_266' title='bbox 2491 1115 2580 1166; x_wconf 75' lang='grc' dir='ltr'><strong>καὶ</strong></span> <span class='ocrx_word' id='word_1_267' title='bbox 2601 1116 2910 1186; x_wconf 73' lang='grc' dir='ltr'><strong>χαράκωμα</strong></span> <span class='ocrx_word' id='word_1_268' title='bbox 2941 1119 3050 1172; x_wconf 85' lang='grc' dir='ltr'><strong>τῶν</strong></span> <span class='ocrx_word' id='word_1_269' title='bbox 3077 1120 3305 1175; x_wconf 90' lang='grc' dir='ltr'>αἰώνων·</span> <span class='ocrx_word' id='word_1_270' title='bbox 3326 1125 3801 1198; x_wconf 84' lang='grc' dir='ltr'>προϐεϐλημένος,</span> 
     </span>
    </p>
   </div>
   <div class='ocr_carea' id='block_1_38' title="bbox 2221 1201 3803 1284">
    <p class='ocr_par' dir='ltr' id='par_1_38' title="bbox 2221 1201 3803 1284">
     <span class='ocr_line' id='line_1_38' title="bbox 2221 1201 3803 1284; baseline 0.013 -30"><span class='ocrx_word' id='word_1_271' title='bbox 2221 1201 2385 1272; x_wconf 85' lang='grc' dir='ltr'>Ὅρος</span> <span class='ocrx_word' id='word_1_272' title='bbox 2418 1203 2623 1271; x_wconf 88' lang='grc' dir='ltr'>γίνεται</span> <span class='ocrx_word' id='word_1_273' title='bbox 2656 1207 2751 1259; x_wconf 75' lang='grc' dir='ltr'>τοῦ</span> <span class='ocrx_word' id='word_1_274' title='bbox 2799 1207 3190 1280; x_wconf 81' lang='grc' dir='ltr'>πληρώματος,</span> <span class='ocrx_word' id='word_1_275' title='bbox 3238 1213 3375 1284; x_wconf 70' lang='grc' dir='ltr'>ἔχων</span> <span class='ocrx_word' id='word_1_276' title='bbox 3408 1218 3560 1281; x_wconf 73' lang='grc' dir='ltr'>ἐντὸς</span> <span class='ocrx_word' id='word_1_277' title='bbox 3607 1221 3803 1274; x_wconf 80' lang='grc' dir='ltr'>ἑαυτοῦ</span> 
     </span>
    </p>
   </div>
   <div class='ocr_carea' id='block_1_39' title="bbox 2221 1294 3798 1382">
    <p class='ocr_par' dir='ltr' id='par_1_39' title="bbox 2221 1294 3798 1382">
     <span class='ocr_line' id='line_1_39' title="bbox 2221 1294 3798 1382; baseline 0.014 -36"><span class='ocrx_word' id='word_1_278' title='bbox 2221 1294 2429 1357; x_wconf 80' lang='grc' dir='ltr'><strong>πάντας</strong></span> <span class='ocrx_word' id='word_1_279' title='bbox 2455 1296 2588 1364; x_wconf 82' lang='grc' dir='ltr'>ὁμοῦ</span> <span class='ocrx_word' id='word_1_280' title='bbox 2621 1298 2744 1363; x_wconf 76' lang='grc' dir='ltr'>τοὺς</span> <span class='ocrx_word' id='word_1_281' title='bbox 2772 1301 3067 1372; x_wconf 74' lang='grc' dir='ltr'><strong>⁴ιτριεεικοντα</strong></span> <span class='ocrx_word' id='word_1_282' title='bbox 3097 1305 3328 1369; x_wconf 71' lang='grc' dir='ltr'>αἰῶναςο</span> <span class='ocrx_word' id='word_1_283' title='bbox 3357 1302 3501 1362; x_wconf 73' lang='grc' dir='ltr'>οὗτοι</span> <span class='ocrx_word' id='word_1_284' title='bbox 3526 1312 3635 1382; x_wconf 81' lang='grc' dir='ltr'><strong>γάρ</strong></span> <span class='ocrx_word' id='word_1_285' title='bbox 3657 1314 3798 1367; x_wconf 88' lang='grc' dir='ltr'>εἰσιν</span> 
     </span>
    </p>
   </div>
   <div class='ocr_carea' id='block_1_40' title="bbox 2216 1386 3798 1469">
    <p class='ocr_par' dir='ltr' id='par_1_40' title="bbox 2216 1386 3798 1469">
     <span class='ocr_line' id='line_1_40' title="bbox 2216 1386 3798 1469; baseline 0.013 -31"><span class='ocrx_word' id='word_1_286' title='bbox 2216 1386 2269 1438; x_wconf 79' lang='grc' dir='ltr'><strong>οἰ</strong></span> <span class='ocrx_word' id='word_1_287' title='bbox 2317 1386 2769 1459; x_wconf 82' lang='grc' dir='ltr'>προϐεϐλημένοι.</span> <span class='ocrx_word' id='word_1_288' title='bbox 2811 1392 3070 1447; x_wconf 84' lang='grc' dir='ltr'>Καλεῖται</span> <span class='ocrx_word' id='word_1_289' title='bbox 3099 1395 3155 1448; x_wconf 79' lang='grc' dir='ltr'><strong>δὲ</strong></span> <span class='ocrx_word' id='word_1_290' title='bbox 3185 1397 3351 1468; x_wconf 85' lang='grc' dir='ltr'>Ὅρος</span> <span class='ocrx_word' id='word_1_291' title='bbox 3381 1400 3479 1469; x_wconf 77' lang='grc' dir='ltr'>μὲν</span> <span class='ocrx_word' id='word_1_292' title='bbox 3506 1396 3682 1467; x_wconf 74' lang='grc' dir='ltr'>οὗτος.</span> <span class='ocrx_word' id='word_1_293' title='bbox 3715 1405 3798 1459; x_wconf 77' lang='grc' dir='ltr'>ὅτι</span> 
     </span>
    </p>
   </div>
   <div class='ocr_carea' id='block_1_41' title="bbox 2221 1472 3797 1565">
    <p class='ocr_par' dir='ltr' id='par_1_41' title="bbox 2221 1472 3797 1565">
     <span class='ocr_line' id='line_1_41' title="bbox 2221 1472 3797 1565; baseline 0.016 -43"><span class='ocrx_word' id='word_1_294' title='bbox 2221 1472 2468 1541; x_wconf 75' lang='grc' dir='ltr'>ἀφορίζει</span> <span class='ocrx_word' id='word_1_295' title='bbox 2515 1475 2622 1528; x_wconf 79' lang='grc' dir='ltr'><strong>ἀπὸ</strong></span> <span class='ocrx_word' id='word_1_296' title='bbox 2672 1477 2766 1530; x_wconf 82' lang='grc' dir='ltr'><strong>τοῦ</strong></span> <span class='ocrx_word' id='word_1_297' title='bbox 2816 1479 3184 1551; x_wconf 81' lang='grc' dir='ltr'>πληρώματος</span> <span class='ocrx_word' id='word_1_298' title='bbox 3243 1485 3347 1550; x_wconf 76' lang='grc' dir='ltr'><strong>ἔξω</strong></span> <span class='ocrx_word' id='word_1_299' title='bbox 3391 1489 3451 1540; x_wconf 78' lang='grc' dir='ltr'>τὸ</span> <span class='ocrx_word' id='word_1_300' title='bbox 3492 1491 3797 1565; x_wconf 84' lang='grc' dir='ltr'>ὑστέρημα,</span> 
     </span>
    </p>
   </div>
   <div class='ocr_carea' id='block_1_42' title="bbox 2221 1563 3800 1652">
    <p class='ocr_par' dir='ltr' id='par_1_42' title="bbox 2221 1563 3800 1652">
     <span class='ocr_line' id='line_1_42' title="bbox 2221 1563 3800 1652; baseline 0.015 -39"><span class='ocrx_word' id='word_1_301' title='bbox 2221 1563 2500 1632; x_wconf 78' lang='grc' dir='ltr'>Μετοχεὺς</span> <span class='ocrx_word' id='word_1_302' title='bbox 2527 1563 2574 1596; x_wconf 82' lang='grc'><strong>⁸³</strong></span> <span class='ocrx_word' id='word_1_303' title='bbox 2621 1567 2701 1630; x_wconf 65' lang='grc' dir='ltr'><strong>δὲ,</strong></span> <span class='ocrx_word' id='word_1_304' title='bbox 2754 1569 2835 1622; x_wconf 85' lang='grc' dir='ltr'>ὄτι</span> <span class='ocrx_word' id='word_1_305' title='bbox 2884 1572 3101 1642; x_wconf 81' lang='grc' dir='ltr'>μετέχει</span> <span class='ocrx_word' id='word_1_306' title='bbox 3137 1576 3230 1628; x_wconf 79' lang='grc' dir='ltr'>καὶ</span> <span class='ocrx_word' id='word_1_307' title='bbox 3263 1576 3358 1630; x_wconf 76' lang='grc' dir='ltr'><strong>τοῦ</strong></span> <span class='ocrx_word' id='word_1_308' title='bbox 3395 1579 3800 1652; x_wconf 80' lang='grc' dir='ltr'>ὑστερήματος,</span> 
     </span>
    </p>
   </div>
   <div class='ocr_carea' id='block_1_43' title="bbox 2221 1655 3801 1743">
    <p class='ocr_par' dir='ltr' id='par_1_43' title="bbox 2221 1655 3801 1743">
     <span class='ocr_line' id='line_1_43' title="bbox 2221 1655 3801 1743; baseline 0.015 -38"><span class='ocrx_word' id='word_1_309' title='bbox 2221 1655 2460 1726; x_wconf 81' lang='grc' dir='ltr'>Σταυρὸς</span> <span class='ocrx_word' id='word_1_310' title='bbox 2476 1657 2553 1722; x_wconf 82' lang='grc' dir='ltr'>δὲ,</span> <span class='ocrx_word' id='word_1_311' title='bbox 2576 1659 2658 1711; x_wconf 85' lang='grc' dir='ltr'>ὅτι</span> <span class='ocrx_word' id='word_1_312' title='bbox 2688 1662 2936 1730; x_wconf 85' lang='grc' dir='ltr'>πέπηγεν</span> <span class='ocrx_word' id='word_1_313' title='bbox 2962 1665 3196 1729; x_wconf 73' lang='grc' dir='ltr'>ἀκλινῶς</span> <span class='ocrx_word' id='word_1_314' title='bbox 3215 1669 3712 1743; x_wconf 74' lang='grc' dir='ltr'>καὶάμετανοήτως</span> <span class='ocrx_word' id='word_1_315' title='bbox 3733 1677 3801 1738; x_wconf 75' lang='grc'><strong>⁸⁵,</strong></span> 
     </span>
    </p>
   </div>
   <div class='ocr_carea' id='block_1_44' title="bbox 2222 1748 3802 1836">
    <p class='ocr_par' dir='ltr' id='par_1_44' title="bbox 2222 1748 3802 1836">
     <span class='ocr_line' id='line_1_44' title="bbox 2222 1748 3802 1836; baseline 0.013 -36"><span class='ocrx_word' id='word_1_316' title='bbox 2222 1748 2298 1813; x_wconf 89' lang='grc' dir='ltr'><strong>ώς</strong></span> <span class='ocrx_word' id='word_1_317' title='bbox 2330 1750 2404 1821; x_wconf 80' lang='grc' dir='ltr'>μὴ</span> <span class='ocrx_word' id='word_1_318' title='bbox 2443 1750 2704 1806; x_wconf 80' lang='grc' dir='ltr'>δύνασθαι</span> <span class='ocrx_word' id='word_1_319' title='bbox 2753 1755 2920 1826; x_wconf 82' lang='grc' dir='ltr'>μηδὲν</span> <span class='ocrx_word' id='word_1_320' title='bbox 2949 1756 3043 1810; x_wconf 77' lang='grc' dir='ltr'><strong>τοῦ</strong></span> <span class='ocrx_word' id='word_1_321' title='bbox 3093 1758 3472 1832; x_wconf 72' lang='grc' dir='ltr'>ὑστερήματος</span> <span class='ocrx_word' id='word_1_322' title='bbox 3502 1768 3802 1836; x_wconf 76' lang='grc' dir='ltr'>καταγενέο</span> 
     </span>
    </p>
   </div>
   <div class='ocr_carea' id='block_1_45' title="bbox 3658 1861 3806 1927">
    <p class='ocr_par' dir='ltr' id='par_1_45' title="bbox 3658 1861 3806 1927">
     <span class='ocr_line' id='line_1_45' title="bbox 3658 1861 3806 1927; baseline 0.007 -15"><span class='ocrx_word' id='word_1_323' title='bbox 3658 1861 3806 1927; x_wconf 83' lang='grc' dir='ltr'><strong>Ἔξω</strong></span> 
     </span>
    </p>
   </div>
   <div class='ocr_carea' id='block_1_46' title="bbox 2220 1928 3802 2022">
    <p class='ocr_par' dir='ltr' id='par_1_46' title="bbox 2220 1928 3802 2022">
     <span class='ocr_line' id='line_1_46' title="bbox 2220 1928 3802 2022; baseline 0.011 -37"><span class='ocrx_word' id='word_1_324' title='bbox 2220 1928 2314 1987; x_wconf 73' lang='grc' dir='ltr'>οὖν</span> <span class='ocrx_word' id='word_1_325' title='bbox 2340 1934 2436 1987; x_wconf 78' lang='grc' dir='ltr'>τοῦ</span> <span class='ocrx_word' id='word_1_326' title='bbox 2469 1935 2661 2006; x_wconf 83' lang='grc' dir='ltr'>Ὄρου,</span> <span class='ocrx_word' id='word_1_327' title='bbox 2706 1939 2800 1991; x_wconf 78' lang='grc' dir='ltr'>τοῦ</span> <span class='ocrx_word' id='word_1_328' title='bbox 2841 1939 3107 2011; x_wconf 85' lang='grc' dir='ltr'>Σταυροῦ,</span> <span class='ocrx_word' id='word_1_329' title='bbox 3143 1943 3236 1997; x_wconf 86' lang='grc' dir='ltr'>τοῦ</span> <span class='ocrx_word' id='word_1_330' title='bbox 3272 1946 3564 2016; x_wconf 80' lang='grc' dir='ltr'>Μετοχέως</span> <span class='ocrx_word' id='word_1_331' title='bbox 3589 1951 3734 2004; x_wconf 72' lang='grc' dir='ltr'>ἐστὶν</span> <span class='ocrx_word' id='word_1_332' title='bbox 3769 1955 3802 2022; x_wconf 84' lang='grc' dir='ltr'>ἠ</span> 
     </span>
    </p>
   </div>
   <div class='ocr_carea' id='block_1_47' title="bbox 2222 2027 3803 2113">
    <p class='ocr_par' dir='ltr' id='par_1_47' title="bbox 2222 2027 3803 2113">
     <span class='ocr_line' id='line_1_47' title="bbox 2222 2027 3803 2113; baseline 0.011 -34"><span class='ocrx_word' id='word_1_333' title='bbox 2222 2027 2529 2098; x_wconf 83' lang='grc' dir='ltr'>καλουμένη</span> <span class='ocrx_word' id='word_1_334' title='bbox 2574 2032 2702 2083; x_wconf 85' lang='grc' dir='ltr'>κατ’·</span> <span class='ocrx_word' id='word_1_335' title='bbox 2727 2033 2920 2098; x_wconf 71' lang='grc' dir='ltr'>αὐτοὺς</span> <span class='ocrx_word' id='word_1_336' title='bbox 2964 2034 3207 2103; x_wconf 70' lang='grc' dir='ltr'>ὐγδοὰς,</span> <span class='ocrx_word' id='word_1_337' title='bbox 3248 2039 3370 2107; x_wconf 69' lang='grc' dir='ltr'>ἥτις</span> <span class='ocrx_word' id='word_1_338' title='bbox 3405 2042 3553 2095; x_wconf 78' lang='grc' dir='ltr'>ἐστὶν</span> <span class='ocrx_word' id='word_1_339' title='bbox 3584 2044 3615 2113; x_wconf 77' lang='grc' dir='ltr'>ἡ</span> <span class='ocrx_word' id='word_1_340' title='bbox 3648 2045 3803 2108; x_wconf 66' lang='grc' dir='ltr'>ἐκτὸς</span> 
     </span>
    </p>
   </div>
   <div class='ocr_carea' id='block_1_48' title="bbox 2223 2118 3804 2202">
    <p class='ocr_par' dir='ltr' id='par_1_48' title="bbox 2223 2118 3804 2202">
     <span class='ocr_line' id='line_1_48' title="bbox 2223 2118 3804 2202; baseline 0.011 -32"><span class='ocrx_word' id='word_1_341' title='bbox 2223 2118 2586 2189; x_wconf 81' lang='grc' dir='ltr'>πληρώματος</span> <span class='ocrx_word' id='word_1_342' title='bbox 2607 2122 2795 2191; x_wconf 81' lang='grc' dir='ltr'>Σοφία,</span> <span class='ocrx_word' id='word_1_343' title='bbox 2813 2123 2878 2194; x_wconf 83' lang='grc' dir='ltr'>ἣν</span> <span class='ocrx_word' id='word_1_344' title='bbox 2900 2126 3174 2197; x_wconf 73' lang='grc' dir='ltr'>ὁΧριστδς</span> <span class='ocrx_word' id='word_1_345' title='bbox 3195 2130 3624 2202; x_wconf 76' lang='grc' dir='ltr'>ἐπιπροϐληθείς</span> <span class='ocrx_word' id='word_1_346' title='bbox 3645 2135 3746 2188; x_wconf 69' lang='grc' dir='ltr'>ὑπὸ</span> <span class='ocrx_word' id='word_1_347' title='bbox 3760 2136 3804 2168; x_wconf 74' lang='grc'><strong>⁶¹</strong></span> 
     </span>
    </p>
   </div>
   <div class='ocr_carea' id='block_1_49' title="bbox 2222 2207 3811 2297">
    <p class='ocr_par' dir='ltr' id='par_1_49' title="bbox 2222 2207 3811 2297">
     <span class='ocr_line' id='line_1_49' title="bbox 2222 2207 3811 2297; baseline 0.013 -38"><span class='ocrx_word' id='word_1_348' title='bbox 2222 2207 2314 2260; x_wconf 78' lang='grc' dir='ltr'>τοῦ</span> <span class='ocrx_word' id='word_1_349' title='bbox 2358 2208 2468 2261; x_wconf 80' lang='grc' dir='ltr'>Νοῦ</span> <span class='ocrx_word' id='word_1_350' title='bbox 2499 2211 2591 2262; x_wconf 69' lang='grc' dir='ltr'><strong>καὶ</strong></span> <span class='ocrx_word' id='word_1_351' title='bbox 2625 2213 2725 2281; x_wconf 83' lang='grc' dir='ltr'>τῆς</span> <span class='ocrx_word' id='word_1_352' title='bbox 2785 2213 3070 2285; x_wconf 83' lang='grc' dir='ltr'>Ἀληθείας</span> <span class='ocrx_word' id='word_1_353' title='bbox 3096 2217 3142 2250; x_wconf 81' lang='grc'><strong>⁸⁸</strong></span> <span class='ocrx_word' id='word_1_354' title='bbox 3182 2221 3468 2291; x_wconf 78' lang='grc' dir='ltr'>ἐμόρφωσε</span> <span class='ocrx_word' id='word_1_355' title='bbox 3509 2225 3602 2276; x_wconf 75' lang='grc' dir='ltr'><strong>καὶ</strong></span> <span class='ocrx_word' id='word_1_356' title='bbox 3623 2225 3811 2297; x_wconf 80' lang='grc' dir='ltr'>ἀπειρ-</span> 
     </span>
    </p>
   </div>
   <div class='ocr_carea' id='block_1_50' title="bbox 2224 2299 3802 2386">
    <p class='ocr_par' dir='ltr' id='par_1_50' title="bbox 2224 2299 3802 2386">
     <span class='ocr_line' id='line_1_50' title="bbox 2224 2299 3802 2386; baseline 0.013 -36"><span class='ocrx_word' id='word_1_357' title='bbox 2224 2299 2426 2366; x_wconf 78' lang='grc' dir='ltr'>γάσατο</span> <span class='ocrx_word' id='word_1_358' title='bbox 2454 2299 2653 2353; x_wconf 85' lang='grc' dir='ltr'>τέλειον</span> <span class='ocrx_word' id='word_1_359' title='bbox 2685 2302 2878 2368; x_wconf 84' lang='grc' dir='ltr'>αἰῶνα,</span> <span class='ocrx_word' id='word_1_360' title='bbox 2911 2307 3088 2360; x_wconf 73' lang='grc' dir='ltr'>οὐδενὶ</span> <span class='ocrx_word' id='word_1_361' title='bbox 3114 2307 3160 2341; x_wconf 69' lang='grc'><strong>⁸⁸</strong></span> <span class='ocrx_word' id='word_1_362' title='bbox 3201 2310 3310 2363; x_wconf 84' lang='grc' dir='ltr'><strong>τῶν</strong></span> <span class='ocrx_word' id='word_1_363' title='bbox 3363 2313 3514 2377; x_wconf 81' lang='grc' dir='ltr'>ὲντδς</span> <span class='ocrx_word' id='word_1_364' title='bbox 3565 2313 3642 2386; x_wconf 90' lang='lat' dir='ltr'><strong>[p.</strong></span> <span class='ocrx_word' id='word_1_365' title='bbox 3683 2319 3802 2374; x_wconf 78' lang='grc'><strong>189.</strong></span> 
     </span>
    </p>
   </div>
   <div class='ocr_carea' id='block_1_51' title="bbox 2227 2390 3804 2478">
    <p class='ocr_par' dir='ltr' id='par_1_51' title="bbox 2227 2390 3804 2478">
     <span class='ocr_line' id='line_1_51' title="bbox 2227 2390 3804 2478; baseline 0.014 -35"><span class='ocrx_word' id='word_1_366' title='bbox 2227 2390 2348 2478; x_wconf 54' lang='grc' dir='ltr'><strong>ξ90]</strong></span> <span class='ocrx_word' id='word_1_367' title='bbox 2402 2392 2770 2463; x_wconf 86' lang='grc' dir='ltr'>πληρώματος</span> <span class='ocrx_word' id='word_1_368' title='bbox 2816 2397 3130 2468; x_wconf 86' lang='grc' dir='ltr'>χείρονουν.</span> <span class='ocrx_word' id='word_1_369' title='bbox 3168 2445 3180 2458; x_wconf 93' lang='grc'><strong>.</strong></span> <span class='ocrx_word' id='word_1_370' title='bbox 3223 2444 3236 2456; x_wconf 94' lang='grc'><strong>.</strong></span> <span class='ocrx_word' id='word_1_371' title='bbox 3271 2444 3284 2457; x_wconf 92' lang='grc'><strong>.</strong></span> <span class='ocrx_word' id='word_1_372' title='bbox 3343 2421 3402 2459; x_wconf 91' lang='grc' dir='ltr'><strong>ον</strong></span> <span class='ocrx_word' id='word_1_373' title='bbox 3429 2407 3476 2440; x_wconf 74' lang='grc'><strong>’³</strong></span> <span class='ocrx_word' id='word_1_374' title='bbox 3529 2410 3804 2478; x_wconf 82' lang='grc' dir='ltr'>γενέσθαι.</span> 
     </span>
    </p>
   </div>
   <div class='ocr_carea' id='block_1_52' title="bbox 2238 2474 3806 2569">
    <p class='ocr_par' dir='ltr' id='par_1_52' title="bbox 2238 2474 3806 2569">
     <span class='ocr_line' id='line_1_52' title="bbox 2238 2474 3806 2569; baseline 0.013 -37"><span class='ocrx_word' id='word_1_375' title='bbox 2238 2474 2450 2552; x_wconf 82' lang='grc' dir='ltr'><strong>Ἐπειδὴ</strong></span> <span class='ocrx_word' id='word_1_376' title='bbox 2487 2482 2544 2536; x_wconf 82' lang='grc' dir='ltr'><strong>δὲ</strong></span> <span class='ocrx_word' id='word_1_377' title='bbox 2575 2485 2904 2554; x_wconf 75' lang='grc' dir='ltr'>μεμὸρφωτο</span> <span class='ocrx_word' id='word_1_378' title='bbox 2945 2490 2976 2558; x_wconf 91' lang='grc' dir='ltr'>ή</span> <span class='ocrx_word' id='word_1_379' title='bbox 3017 2490 3186 2559; x_wconf 73' lang='grc' dir='ltr'>Σοφία</span> <span class='ocrx_word' id='word_1_380' title='bbox 3219 2492 3325 2556; x_wconf 71' lang='grc' dir='ltr'><strong>ἔξω</strong></span> <span class='ocrx_word' id='word_1_381' title='bbox 3355 2496 3399 2526; x_wconf 84' lang='grc'><strong>⁹¹</strong></span> <span class='ocrx_word' id='word_1_382' title='bbox 3437 2474 3654 2569; x_wconf 21' lang='grc' dir='ltr'><strong>καίτούχ</strong></span> <span class='ocrx_word' id='word_1_383' title='bbox 3693 2496 3806 2554; x_wconf 66' lang='grc' dir='ltr'>οἷόν</span> 
     </span>
    </p>
   </div>
   <div class='ocr_carea' id='block_1_53' title="bbox 2221 2569 3789 2662">
    <p class='ocr_par' dir='ltr' id='par_1_53' title="bbox 2221 2569 3789 2662">
     <span class='ocr_line' id='line_1_53' title="bbox 2221 2569 3789 2662; baseline 0.013 -39"><span class='ocrx_word' id='word_1_384' title='bbox 2221 2589 2280 2624; x_wconf 83' lang='grc' dir='ltr'><strong>τε</strong></span> <span class='ocrx_word' id='word_1_385' title='bbox 2331 2569 2400 2643; x_wconf 81' lang='grc' dir='ltr'>ἧν</span> <span class='ocrx_word' id='word_1_386' title='bbox 2436 2575 2558 2628; x_wconf 79' lang='grc' dir='ltr'>ἴσον·</span> <span class='ocrx_word' id='word_1_387' title='bbox 2594 2576 2684 2629; x_wconf 87' lang='grc' dir='ltr'>τὸν</span> <span class='ocrx_word' id='word_1_388' title='bbox 2725 2578 2959 2648; x_wconf 79' lang='grc' dir='ltr'>Χριστὸν</span> <span class='ocrx_word' id='word_1_389' title='bbox 3007 2582 3102 2633; x_wconf 79' lang='grc' dir='ltr'><strong>καὶ</strong></span> <span class='ocrx_word' id='word_1_390' title='bbox 3145 2584 3204 2635; x_wconf 80' lang='grc' dir='ltr'>τὸ</span> <span class='ocrx_word' id='word_1_391' title='bbox 3239 2584 3386 2651; x_wconf 72' lang='grc' dir='ltr'>ἆγιον</span> <span class='ocrx_word' id='word_1_392' title='bbox 3423 2585 3691 2662; x_wconf 80' lang='grc' dir='ltr'>[Πνεῦμα]</span> <span class='ocrx_word' id='word_1_393' title='bbox 3719 2594 3789 2656; x_wconf 81' lang='grc'><strong>’³,</strong></span> 
     </span>
    </p>
   </div>
   <div class='ocr_carea' id='block_1_54' title="bbox 2221 2663 3804 2749">
    <p class='ocr_par' dir='ltr' id='par_1_54' title="bbox 2221 2663 3804 2749">
     <span class='ocr_line' id='line_1_54' title="bbox 2221 2663 3804 2749; baseline 0.014 -34"><span class='ocrx_word' id='word_1_394' title='bbox 2221 2663 2288 2716; x_wconf 80' lang='grc' dir='ltr'><strong>ὲκ</strong></span> <span class='ocrx_word' id='word_1_395' title='bbox 2319 2663 2413 2716; x_wconf 82' lang='grc' dir='ltr'><strong>τοῦ</strong></span> <span class='ocrx_word' id='word_1_396' title='bbox 2459 2665 2598 2730; x_wconf 80' lang='grc' dir='ltr'>Νοδς</span> <span class='ocrx_word' id='word_1_397' title='bbox 2641 2667 3062 2742; x_wconf 84' lang='grc' dir='ltr'>προϐεϐλημένα</span> <span class='ocrx_word' id='word_1_398' title='bbox 3091 2674 3188 2726; x_wconf 74' lang='grc' dir='ltr'><strong>καὶ</strong></span> <span class='ocrx_word' id='word_1_399' title='bbox 3234 2676 3330 2746; x_wconf 80' lang='grc' dir='ltr'>τῆς</span> <span class='ocrx_word' id='word_1_400' title='bbox 3370 2678 3650 2749; x_wconf 77' lang='grc' dir='ltr'>Ἀληθείας</span> <span class='ocrx_word' id='word_1_401' title='bbox 3694 2681 3804 2749; x_wconf 75' lang='grc' dir='ltr'><strong>ἔξω</strong></span> 
     </span>
    </p>
   </div>
   <div class='ocr_carea' id='block_1_55' title="bbox 542 2740 3808 2846">
    <p class='ocr_par' dir='ltr' id='par_1_55' title="bbox 542 2740 3808 2846">
     <span class='ocr_line' id='line_1_55' title="bbox 542 2740 3808 2846; baseline 0.011 -52"><span class='ocrx_word' id='word_1_402' title='bbox 542 2740 638 2795; x_wconf 82' lang='grc' dir='ltr'><strong>τοῦ</strong></span> <span class='ocrx_word' id='word_1_403' title='bbox 669 2744 1034 2816; x_wconf 79' lang='grc' dir='ltr'>πληρώματος</span> <span class='ocrx_word' id='word_1_404' title='bbox 1069 2751 1270 2820; x_wconf 80' lang='grc' dir='ltr'>μένειν,</span> <span class='ocrx_word' id='word_1_405' title='bbox 1312 2753 1614 2825; x_wconf 84' lang='grc' dir='ltr'>ἀνέδραμεν</span> <span class='ocrx_word' id='word_1_406' title='bbox 1644 2756 1751 2809; x_wconf 82' lang='grc' dir='ltr'><strong>ἀπὸ</strong></span> <span class='ocrx_word' id='word_1_407' title='bbox 1811 2757 1912 2828; x_wconf 83' lang='grc' dir='ltr'>τῆς</span> <span class='ocrx_word' id='word_1_408' title='bbox 1975 2758 2415 2828; x_wconf 73' lang='grc' dir='ltr'>μεμορφωμένης</span> <span class='ocrx_word' id='word_1_409' title='bbox 2459 2762 2514 2813; x_wconf 75' lang='lat'><em>6&#39;</em></span> <span class='ocrx_word' id='word_1_410' title='bbox 2551 2762 2784 2832; x_wconf 79' lang='grc' dir='ltr'>Χριστὸς</span> <span class='ocrx_word' id='word_1_411' title='bbox 2827 2740 2935 2818; x_wconf 26' lang='grc' dir='ltr'><strong>καὶ.</strong></span> <span class='ocrx_word' id='word_1_412' title='bbox 2963 2767 3025 2820; x_wconf 73' lang='grc' dir='ltr'>τὸ</span> <span class='ocrx_word' id='word_1_413' title='bbox 3065 2767 3219 2837; x_wconf 83' lang='grc' dir='ltr'>ἆγιον</span> <span class='ocrx_word' id='word_1_414' title='bbox 3287 2740 3508 2842; x_wconf 73' lang='grc' dir='ltr'>Πνεῦμα</span> <span class='ocrx_word' id='word_1_415' title='bbox 3551 2740 3688 2846; x_wconf 60' lang='grc' dir='ltr'>προς</span> <span class='ocrx_word' id='word_1_416' title='bbox 3714 2740 3808 2830; x_wconf 50' lang='grc' dir='ltr'>τ’δν</span> 
     </span>
    </p>
   </div>
   <div class='ocr_carea' id='block_1_56' title="bbox 543 2832 3184 2931">
    <p class='ocr_par' dir='ltr' id='par_1_56' title="bbox 543 2832 3184 2931">
     <span class='ocr_line' id='line_1_56' title="bbox 543 2832 3184 2931; baseline 0.011 -45"><span class='ocrx_word' id='word_1_417' title='bbox 543 2832 686 2887; x_wconf 80' lang='grc' dir='ltr'>Νοῦν</span> <span class='ocrx_word' id='word_1_418' title='bbox 713 2837 803 2889; x_wconf 73' lang='grc' dir='ltr'><strong>καὶ</strong></span> <span class='ocrx_word' id='word_1_419' title='bbox 827 2837 922 2909; x_wconf 82' lang='grc' dir='ltr'>τὴν</span> <span class='ocrx_word' id='word_1_420' title='bbox 955 2840 1234 2911; x_wconf 81' lang='grc' dir='ltr'>Ἀλήθειαν</span> <span class='ocrx_word' id='word_1_421' title='bbox 1261 2845 1407 2908; x_wconf 81' lang='grc' dir='ltr'>ἐντὸς</span> <span class='ocrx_word' id='word_1_422' title='bbox 1430 2846 1715 2919; x_wconf 74' lang='grc' dir='ltr'>τοῦιὌρου</span> <span class='ocrx_word' id='word_1_423' title='bbox 1747 2849 1793 2880; x_wconf 75' lang='grc'><strong>⁸³</strong></span> <span class='ocrx_word' id='word_1_424' title='bbox 1821 2851 1958 2920; x_wconf 77' lang='grc' dir='ltr'>μετᾶ</span> <span class='ocrx_word' id='word_1_425' title='bbox 1982 2851 2089 2904; x_wconf 84' lang='grc' dir='ltr'><strong>τῶν</strong></span> <span class='ocrx_word' id='word_1_426' title='bbox 2119 2851 2293 2906; x_wconf 78' lang='grc' dir='ltr'>ἄλλων</span> <span class='ocrx_word' id='word_1_427' title='bbox 2323 2852 2532 2906; x_wconf 87' lang='grc' dir='ltr'>αἰώνων</span> <span class='ocrx_word' id='word_1_428' title='bbox 2559 2853 2796 2919; x_wconf 75' lang='grc' dir='ltr'>δοξάζων</span> <span class='ocrx_word' id='word_1_429' title='bbox 2825 2857 2915 2911; x_wconf 80' lang='grc' dir='ltr'><strong>τὸν</strong></span> <span class='ocrx_word' id='word_1_430' title='bbox 2942 2860 3184 2931; x_wconf 85' lang='grc' dir='ltr'>Πατέρα.</span> 
     </span>
    </p>
   </div>
   <div class='ocr_carea' id='block_1_57' title="bbox 617 2929 2118 3013">
    <p class='ocr_par' dir='ltr' id='par_1_57' title="bbox 617 2929 2118 3013">
     <span class='ocr_line' id='line_1_57' title="bbox 617 2929 2118 3013; baseline 0.011 -29"><span class='ocrx_word' id='word_1_431' title='bbox 617 2929 706 2984; x_wconf 69' lang='grc'><strong>52.</strong></span> <span class='ocrx_word' id='word_1_432' title='bbox 731 2929 1018 3001; x_wconf 87' lang='lat' dir='ltr'><strong>Postquam</strong></span> <span class='ocrx_word' id='word_1_433' title='bbox 1061 2937 1226 3006; x_wconf 73' lang='lat' dir='ltr'><strong>igitur</strong></span> <span class='ocrx_word' id='word_1_434' title='bbox 1269 2941 1480 2994; x_wconf 76' lang='lat' dir='ltr'><strong>exstitit</strong></span> <span class='ocrx_word' id='word_1_435' title='bbox 1511 2957 1617 2996; x_wconf 86' lang='lat' dir='ltr'><strong>una</strong></span> <span class='ocrx_word' id='word_1_436' title='bbox 1658 2945 1908 3011; x_wconf 64' lang='lat' dir='ltr'><strong>quazdam</strong></span> <span class='ocrx_word' id='word_1_437' title='bbox 1933 2961 2033 3013; x_wconf 78' lang='lat' dir='ltr'><strong>pax</strong></span> <span class='ocrx_word' id='word_1_438' title='bbox 2063 2955 2118 3000; x_wconf 90' lang='lat' dir='ltr'><strong>et</strong></span> 
     </span>
    </p>
   </div>
   <div class='ocr_carea' id='block_1_58' title="bbox 547 3023 2115 3101">
    <p class='ocr_par' dir='ltr' id='par_1_58' title="bbox 547 3023 2115 3101">
     <span class='ocr_line' id='line_1_58' title="bbox 547 3023 2115 3101; baseline 0.01 -27"><span class='ocrx_word' id='word_1_439' title='bbox 547 3023 834 3076; x_wconf 88' lang='lat' dir='ltr'><strong>concordia</strong></span> <span class='ocrx_word' id='word_1_440' title='bbox 895 3027 1133 3080; x_wconf 88' lang='lat' dir='ltr'><strong>omnium</strong></span> <span class='ocrx_word' id='word_1_441' title='bbox 1192 3029 1331 3082; x_wconf 89' lang='lat' dir='ltr'><strong>intra</strong></span> <span class='ocrx_word' id='word_1_442' title='bbox 1383 3031 1620 3100; x_wconf 89' lang='lat' dir='ltr'><strong>pleroma</strong></span> <span class='ocrx_word' id='word_1_443' title='bbox 1647 3034 2115 3101; x_wconf 68' lang='lat' dir='ltr'><strong>monum,plaeuit</strong></span> 
     </span>
    </p>
   </div>
   <div class='ocr_carea' id='block_1_59' title="bbox 2296 2943 3808 3031">
    <p class='ocr_par' dir='ltr' id='par_1_59' title="bbox 2296 2943 3808 3031">
     <span class='ocr_line' id='line_1_59' title="bbox 2296 2943 3808 3031; baseline 0.012 -33"><span class='ocrx_word' id='word_1_444' title='bbox 2296 2945 2396 3015; x_wconf 85' lang='grc' dir='ltr'>λβ’.</span> <span class='ocrx_word' id='word_1_445' title='bbox 2467 2947 2620 3000; x_wconf 74' lang='grc' dir='ltr'>Ἐπεὶ</span> <span class='ocrx_word' id='word_1_446' title='bbox 2664 2943 2758 3003; x_wconf 83' lang='grc' dir='ltr'>οὖν</span> <span class='ocrx_word' id='word_1_447' title='bbox 2809 2949 2909 3020; x_wconf 85' lang='grc' dir='ltr'><strong>μία</strong></span> <span class='ocrx_word' id='word_1_448' title='bbox 2956 2969 3041 3015; x_wconf 88' lang='grc' dir='ltr'><strong>τις</strong></span> <span class='ocrx_word' id='word_1_449' title='bbox 3069 2948 3136 3024; x_wconf 81' lang='grc' dir='ltr'>ἦν</span> <span class='ocrx_word' id='word_1_450' title='bbox 3165 2955 3357 3027; x_wconf 82' lang='grc' dir='ltr'>εἰρήνη</span> <span class='ocrx_word' id='word_1_451' title='bbox 3385 2960 3479 3012; x_wconf 72' lang='grc' dir='ltr'><strong>καὶ</strong></span> <span class='ocrx_word' id='word_1_452' title='bbox 3513 2963 3808 3031; x_wconf 71' lang='grc' dir='ltr'>συμφωνία</span> 
     </span>
    </p>
   </div>
   <div class='ocr_carea' id='block_1_60' title="bbox 2223 3036 3806 3118">
    <p class='ocr_par' dir='ltr' id='par_1_60' title="bbox 2223 3036 3806 3118">
     <span class='ocr_line' id='line_1_60' title="bbox 2223 3036 3806 3118; baseline 0.013 -30"><span class='ocrx_word' id='word_1_453' title='bbox 2223 3036 2440 3091; x_wconf 82' lang='grc' dir='ltr'>πάντων</span> <span class='ocrx_word' id='word_1_454' title='bbox 2474 3038 2581 3092; x_wconf 85' lang='grc' dir='ltr'><strong>τῶν</strong></span> <span class='ocrx_word' id='word_1_455' title='bbox 2613 3040 2763 3105; x_wconf 75' lang='grc' dir='ltr'>ἐντὸς</span> <span class='ocrx_word' id='word_1_456' title='bbox 2798 3042 3164 3114; x_wconf 77' lang='grc' dir='ltr'>πληρώματος</span> <span class='ocrx_word' id='word_1_457' title='bbox 3228 3049 3460 3114; x_wconf 82' lang='grc' dir='ltr'>αἰώνων,</span> <span class='ocrx_word' id='word_1_458' title='bbox 3496 3051 3673 3118; x_wconf 79' lang='grc' dir='ltr'>ἔδοξεν</span> <span class='ocrx_word' id='word_1_459' title='bbox 3707 3055 3806 3107; x_wconf 67' lang='grc' dir='ltr'>αὐε-</span> 
     </span>
    </p>
   </div>
   <div class='ocr_carea' id='block_1_61' title="bbox 545 3109 2118 3209">
    <p class='ocr_par' dir='ltr' id='par_1_61' title="bbox 545 3111 2116 3193">
     <span class='ocr_line' id='line_1_61' title="bbox 545 3111 2116 3193; baseline 0.011 -28"><span class='ocrx_word' id='word_1_460' title='bbox 545 3111 614 3165; x_wconf 88' lang='lat' dir='ltr'><strong>iis</strong></span> <span class='ocrx_word' id='word_1_461' title='bbox 661 3127 765 3166; x_wconf 90' lang='lat' dir='ltr'><strong>non</strong></span> <span class='ocrx_word' id='word_1_462' title='bbox 829 3114 1004 3169; x_wconf 91' lang='lat' dir='ltr'><strong>solum</strong></span> <span class='ocrx_word' id='word_1_463' title='bbox 1056 3132 1150 3185; x_wconf 89' lang='lat' dir='ltr'><strong>per</strong></span> <span class='ocrx_word' id='word_1_464' title='bbox 1176 3121 1612 3190; x_wconf 71' lang='lat' dir='ltr'><strong>coniugationem</strong></span> <span class='ocrx_word' id='word_1_465' title='bbox 1674 3125 2116 3193; x_wconf 79' lang='lat' dir='ltr'><strong>niagnilicavisse</strong></span> 
     </span>
    </p>
   </div>
   <div class='ocr_carea' id='block_1_62' title="bbox 2223 3109 3807 3209">
    <p class='ocr_par' dir='ltr' id='par_1_62' title="bbox 2223 3131 3807 3209">
     <span class='ocr_line' id='line_1_62' title="bbox 2223 3131 3807 3209; baseline 0.012 -27"><span class='ocrx_word' id='word_1_466' title='bbox 2223 3133 2331 3194; x_wconf 86' lang='grc' dir='ltr'>τοῖς</span> <span class='ocrx_word' id='word_1_467' title='bbox 2358 3131 2431 3202; x_wconf 82' lang='grc' dir='ltr'>μὴ</span> <span class='ocrx_word' id='word_1_468' title='bbox 2461 3133 2620 3201; x_wconf 84' lang='grc' dir='ltr'>μόνον</span> <span class='ocrx_word' id='word_1_469' title='bbox 2649 3133 2660 3204; x_wconf 93' lang='lat'><em>|</em></span> <span class='ocrx_word' id='word_1_470' title='bbox 2693 3135 2834 3188; x_wconf 81' lang='grc' dir='ltr'>κατὰ</span> <span class='ocrx_word' id='word_1_471' title='bbox 2855 3135 3116 3205; x_wconf 83' lang='grc' dir='ltr'>συζυγίαν</span> <span class='ocrx_word' id='word_1_472' title='bbox 3139 3139 3487 3205; x_wconf 79' lang='grc' dir='ltr'>δεδοξακέναι</span> <span class='ocrx_word' id='word_1_473' title='bbox 3513 3145 3691 3209; x_wconf 73' lang='grc' dir='ltr'>αὑτδν,</span> <span class='ocrx_word' id='word_1_474' title='bbox 3718 3147 3807 3201; x_wconf 86' lang='grc' dir='ltr'><strong>δο-</strong></span> 
     </span>
    </p>
   </div>
   <div class='ocr_carea' id='block_1_63' title="bbox 550 3203 2117 3282">
    <p class='ocr_par' dir='ltr' id='par_1_63' title="bbox 550 3203 2117 3282">
     <span class='ocr_line' id='line_1_63' title="bbox 550 3203 2117 3282; baseline 0.011 -27"><span class='ocrx_word' id='word_1_475' title='bbox 550 3203 720 3270; x_wconf 89' lang='lat' dir='ltr'><strong>illum,</strong></span> <span class='ocrx_word' id='word_1_476' title='bbox 745 3219 929 3259; x_wconf 88' lang='lat' dir='ltr'><strong>verum</strong></span> <span class='ocrx_word' id='word_1_477' title='bbox 988 3211 1338 3278; x_wconf 75' lang='lat' dir='ltr'><strong>magnificare</strong></span> <span class='ocrx_word' id='word_1_478' title='bbox 1395 3215 1560 3268; x_wconf 85' lang='lat' dir='ltr'><strong>etiam</strong></span> <span class='ocrx_word' id='word_1_479' title='bbox 1626 3229 1724 3282; x_wconf 89' lang='lat' dir='ltr'><strong>per</strong></span> <span class='ocrx_word' id='word_1_480' title='bbox 1781 3217 2117 3272; x_wconf 82' lang='lat' dir='ltr'><strong>oblationem</strong></span> 
     </span>
    </p>
   </div>
   <div class='ocr_carea' id='block_1_64' title="bbox 551 3291 2126 3377">
    <p class='ocr_par' dir='ltr' id='par_1_64' title="bbox 551 3291 2126 3377">
     <span class='ocr_line' id='line_1_64' title="bbox 551 3291 2126 3377; baseline 0.005 -25"><span class='ocrx_word' id='word_1_481' title='bbox 551 3291 765 3364; x_wconf 75' lang='lat' dir='ltr'><strong>frugum</strong></span> <span class='ocrx_word' id='word_1_482' title='bbox 798 3306 1044 3364; x_wconf 77' lang='lat' dir='ltr'><strong>aptarunt</strong></span> <span class='ocrx_word' id='word_1_483' title='bbox 1075 3301 1247 3356; x_wconf 86' lang='lat' dir='ltr'><strong>Patri.</strong></span> <span class='ocrx_word' id='word_1_484' title='bbox 1277 3303 1479 3360; x_wconf 88' lang='lat' dir='ltr'><strong>Omnes</strong></span> <span class='ocrx_word' id='word_1_485' title='bbox 1532 3306 1700 3377; x_wconf 82' lang='lat' dir='ltr'><strong>igitur</strong></span> <span class='ocrx_word' id='word_1_486' title='bbox 1732 3318 2126 3362; x_wconf 85' lang='lat' dir='ltr'><strong>consenserunt</strong></span> 
     </span>
    </p>
   </div>
   <div class='ocr_carea' id='block_1_65' title="bbox 552 3391 2117 3473">
    <p class='ocr_par' dir='ltr' id='par_1_65' title="bbox 552 3391 2117 3473">
     <span class='ocr_line' id='line_1_65' title="bbox 552 3391 2117 3473; baseline 0.011 -31"><span class='ocrx_word' id='word_1_487' title='bbox 552 3391 770 3459; x_wconf 76' lang='lat' dir='ltr'><strong>triginta</strong></span> <span class='ocrx_word' id='word_1_488' title='bbox 826 3408 1006 3450; x_wconf 68' lang='lat' dir='ltr'><strong>aeones</strong></span> <span class='ocrx_word' id='word_1_489' title='bbox 1060 3412 1222 3450; x_wconf 92' lang='lat' dir='ltr'><strong>unum</strong></span> <span class='ocrx_word' id='word_1_490' title='bbox 1269 3400 1535 3469; x_wconf 86' lang='lat' dir='ltr'><strong>projicere</strong></span> <span class='ocrx_word' id='word_1_491' title='bbox 1593 3417 1800 3459; x_wconf 72' lang='lat' dir='ltr'><strong>azonem</strong></span> <span class='ocrx_word' id='word_1_492' title='bbox 1852 3413 2117 3473; x_wconf 28' lang='lat' dir='ltr'><strong>tauquam!</strong></span> 
     </span>
    </p>
   </div>
   <div class='ocr_carea' id='block_1_66' title="bbox 549 3487 2123 3560">
    <p class='ocr_par' dir='ltr' id='par_1_66' title="bbox 549 3487 2123 3560">
     <span class='ocr_line' id='line_1_66' title="bbox 549 3487 2123 3560; baseline 0.011 -26"><span class='ocrx_word' id='word_1_493' title='bbox 549 3497 891 3540; x_wconf 88' lang='lat' dir='ltr'><strong>communem</strong></span> <span class='ocrx_word' id='word_1_494' title='bbox 941 3487 1256 3557; x_wconf 88' lang='lat' dir='ltr'><strong>pleromatis</strong></span> <span class='ocrx_word' id='word_1_495' title='bbox 1311 3492 1655 3560; x_wconf 81' lang='lat' dir='ltr'><strong>fructum,ut</strong></span> <span class='ocrx_word' id='word_1_496' title='bbox 1701 3506 1845 3550; x_wconf 90' lang='lat' dir='ltr'><strong>esset</strong></span> <span class='ocrx_word' id='word_1_497' title='bbox 1899 3497 2123 3552; x_wconf 84' lang='lat' dir='ltr'><strong>unitatis</strong></span> 
     </span>
    </p>
   </div>
   <div class='ocr_carea' id='block_1_67' title="bbox 554 3577 2112 3653">
    <p class='ocr_par' dir='ltr' id='par_1_67' title="bbox 554 3577 2112 3653">
     <span class='ocr_line' id='line_1_67' title="bbox 554 3577 2112 3653; baseline 0.007 -22"><span class='ocrx_word' id='word_1_498' title='bbox 554 3577 766 3631; x_wconf 90' lang='lat' dir='ltr'><strong>illorum</strong></span> <span class='ocrx_word' id='word_1_499' title='bbox 799 3591 855 3634; x_wconf 89' lang='lat' dir='ltr'><strong>et</strong></span> <span class='ocrx_word' id='word_1_500' title='bbox 917 3584 1299 3638; x_wconf 81' lang='lat' dir='ltr'><strong>consensionis</strong></span> <span class='ocrx_word' id='word_1_501' title='bbox 1326 3593 1379 3638; x_wconf 90' lang='lat' dir='ltr'><strong>et</strong></span> <span class='ocrx_word' id='word_1_502' title='bbox 1417 3585 1564 3652; x_wconf 88' lang='lat' dir='ltr'><strong>pacis</strong></span> <span class='ocrx_word' id='word_1_503' title='bbox 1590 3587 1827 3653; x_wconf 83' lang='lat' dir='ltr'><strong>signum.</strong></span> <span class='ocrx_word' id='word_1_504' title='bbox 1867 3586 1932 3640; x_wconf 87' lang='lat' dir='ltr'><strong>Et</strong></span> <span class='ocrx_word' id='word_1_505' title='bbox 1961 3587 2112 3643; x_wconf 85' lang='lat' dir='ltr'><strong>solus</strong></span> 
     </span>
    </p>
   </div>
   <div class='ocr_carea' id='block_1_68' title="bbox 554 3666 2120 3746">
    <p class='ocr_par' dir='ltr' id='par_1_68' title="bbox 554 3666 2120 3746">
     <span class='ocr_line' id='line_1_68' title="bbox 554 3666 2120 3746; baseline 0.008 -26"><span class='ocrx_word' id='word_1_506' title='bbox 554 3666 624 3720; x_wconf 81' lang='lat' dir='ltr'><strong>ab</strong></span> <span class='ocrx_word' id='word_1_507' title='bbox 671 3669 922 3724; x_wconf 87' lang='lat' dir='ltr'><strong>omnibus</strong></span> <span class='ocrx_word' id='word_1_508' title='bbox 979 3671 1221 3726; x_wconf 66' lang='lat' dir='ltr'><strong>monibus</strong></span> <span class='ocrx_word' id='word_1_509' title='bbox 1273 3673 1551 3740; x_wconf 85' lang='lat' dir='ltr'><strong>projectus</strong></span> <span class='ocrx_word' id='word_1_510' title='bbox 1583 3674 1730 3729; x_wconf 90' lang='lat' dir='ltr'><strong>Patri</strong></span> <span class='ocrx_word' id='word_1_511' title='bbox 1765 3677 1856 3730; x_wconf 91' lang='lat' dir='ltr'><strong>hic</strong></span> <span class='ocrx_word' id='word_1_512' title='bbox 1880 3686 1986 3738; x_wconf 87' lang='lat' dir='ltr'><strong>est,</strong></span> <span class='ocrx_word' id='word_1_513' title='bbox 2023 3679 2120 3746; x_wconf 86' lang='lat' dir='ltr'><strong>qui</strong></span> 
     </span>
    </p>
   </div>
   <div class='ocr_carea' id='block_1_69' title="bbox 553 3759 2124 3838">
    <p class='ocr_par' dir='ltr' id='par_1_69' title="bbox 553 3759 2124 3838">
     <span class='ocr_line' id='line_1_69' title="bbox 553 3759 2124 3838; baseline 0.008 -26"><span class='ocrx_word' id='word_1_514' title='bbox 553 3759 854 3828; x_wconf 85' lang='lat' dir='ltr'><strong>appellatur</strong></span> <span class='ocrx_word' id='word_1_515' title='bbox 902 3763 968 3818; x_wconf 89' lang='lat' dir='ltr'><strong>ab</strong></span> <span class='ocrx_word' id='word_1_516' title='bbox 1020 3763 1125 3818; x_wconf 91' lang='lat' dir='ltr'><strong>illis</strong></span> <span class='ocrx_word' id='word_1_517' title='bbox 1185 3767 1476 3821; x_wconf 79' lang='lat' dir='ltr'><strong>communis</strong></span> <span class='ocrx_word' id='word_1_518' title='bbox 1535 3767 1839 3836; x_wconf 76' lang='lat' dir='ltr'><strong>pleromatis</strong></span> <span class='ocrx_word' id='word_1_519' title='bbox 1898 3771 2124 3838; x_wconf 78' lang='lat' dir='ltr'><strong>fructm.</strong></span> 
     </span>
    </p>
   </div>
   <div class='ocr_carea' id='block_1_70' title="bbox 554 3851 2114 3930">
    <p class='ocr_par' dir='ltr' id='par_1_70' title="bbox 554 3851 2114 3930">
     <span class='ocr_line' id='line_1_70' title="bbox 554 3851 2114 3930; baseline 0.008 -25"><span class='ocrx_word' id='word_1_520' title='bbox 554 3851 678 3908; x_wconf 66' lang='lat' dir='ltr'><strong>llaec</strong></span> <span class='ocrx_word' id='word_1_521' title='bbox 719 3857 881 3924; x_wconf 76' lang='lat' dir='ltr'><strong>igitur</strong></span> <span class='ocrx_word' id='word_1_522' title='bbox 933 3855 1072 3911; x_wconf 88' lang='lat' dir='ltr'><strong>intra</strong></span> <span class='ocrx_word' id='word_1_523' title='bbox 1095 3857 1334 3926; x_wconf 88' lang='lat' dir='ltr'><strong>pleroma</strong></span> <span class='ocrx_word' id='word_1_524' title='bbox 1385 3861 1454 3914; x_wconf 88' lang='lat' dir='ltr'><strong>ita</strong></span> <span class='ocrx_word' id='word_1_525' title='bbox 1489 3871 2009 3930; x_wconf 88' lang='lat' dir='ltr'><strong>erantcomparata.</strong></span> <span class='ocrx_word' id='word_1_526' title='bbox 2047 3864 2114 3917; x_wconf 90' lang='lat' dir='ltr'><strong>Et</strong></span> 
     </span>
    </p>
   </div>
   <div class='ocr_carea' id='block_1_71' title="bbox 551 3946 2126 4021">
    <p class='ocr_par' dir='ltr' id='par_1_71' title="bbox 551 3946 2126 4021">
     <span class='ocr_line' id='line_1_71' title="bbox 551 3946 2126 4021; baseline 0.006 -21"><span class='ocrx_word' id='word_1_527' title='bbox 551 3946 822 4016; x_wconf 83' lang='lat' dir='ltr'><strong>projectus</strong></span> <span class='ocrx_word' id='word_1_528' title='bbox 875 3958 960 4004; x_wconf 89' lang='lat' dir='ltr'><strong>est</strong></span> <span class='ocrx_word' id='word_1_529' title='bbox 1010 3951 1311 4006; x_wconf 84' lang='lat' dir='ltr'><strong>communis</strong></span> <span class='ocrx_word' id='word_1_530' title='bbox 1339 3952 1654 4021; x_wconf 88' lang='lat' dir='ltr'><strong>pleromatis</strong></span> <span class='ocrx_word' id='word_1_531' title='bbox 1701 3953 1930 4020; x_wconf 81' lang='lat' dir='ltr'><strong>fructus,</strong></span> <span class='ocrx_word' id='word_1_532' title='bbox 1968 3953 2126 4009; x_wconf 79' lang='lat' dir='ltr'><strong>Jesus</strong></span> 
     </span>
    </p>
   </div>
   <div class='ocr_carea' id='block_1_72' title="bbox 555 4039 2153 4116">
    <p class='ocr_par' dir='ltr' id='par_1_72' title="bbox 555 4039 2153 4116">
     <span class='ocr_line' id='line_1_72' title="bbox 555 4039 2153 4116; baseline 0.006 -24"><span class='ocrx_word' id='word_1_533' title='bbox 555 4039 682 4103; x_wconf 91' lang='lat' dir='ltr'><strong>(hoc</strong></span> <span class='ocrx_word' id='word_1_534' title='bbox 709 4042 852 4094; x_wconf 85' lang='lat' dir='ltr'><strong>enim</strong></span> <span class='ocrx_word' id='word_1_535' title='bbox 907 4057 1098 4096; x_wconf 89' lang='lat' dir='ltr'><strong>nomen</strong></span> <span class='ocrx_word' id='word_1_536' title='bbox 1130 4042 1248 4114; x_wconf 86' lang='lat' dir='ltr'><strong>illi).</strong></span> <span class='ocrx_word' id='word_1_537' title='bbox 1282 4046 1525 4112; x_wconf 75' lang='lat' dir='ltr'><strong>pontifex</strong></span> <span class='ocrx_word' id='word_1_538' title='bbox 1563 4063 1815 4116; x_wconf 80' lang='lat' dir='ltr'><strong>magnus.</strong></span> <span class='ocrx_word' id='word_1_539' title='bbox 1851 4047 1982 4114; x_wconf 76' lang='lat' dir='ltr'><strong>Qua:</strong></span> <span class='ocrx_word' id='word_1_540' title='bbox 2013 4063 2114 4101; x_wconf 87' lang='lat' dir='ltr'><strong>au-</strong></span> <span class='ocrx_word' id='word_1_541' title='bbox 2149 4064 2153 4068; x_wconf 79' lang='lat'>&#39;</span> 
     </span>
    </p>
   </div>
   <div class='ocr_carea' id='block_1_73' title="bbox 553 4131 2122 4206">
    <p class='ocr_par' dir='ltr' id='par_1_73' title="bbox 553 4131 2122 4206">
     <span class='ocr_line' id='line_1_73' title="bbox 553 4131 2122 4206; baseline 0.01 -28"><span class='ocrx_word' id='word_1_542' title='bbox 553 4134 660 4180; x_wconf 90' lang='lat' dir='ltr'><strong>tem</strong></span> <span class='ocrx_word' id='word_1_543' title='bbox 693 4139 775 4182; x_wconf 87' lang='lat' dir='ltr'><strong>est</strong></span> <span class='ocrx_word' id='word_1_544' title='bbox 801 4139 951 4183; x_wconf 83' lang='lat' dir='ltr'><strong>extra</strong></span> <span class='ocrx_word' id='word_1_545' title='bbox 984 4131 1225 4200; x_wconf 83' lang='lat' dir='ltr'><strong>pleroma</strong></span> <span class='ocrx_word' id='word_1_546' title='bbox 1251 4134 1452 4204; x_wconf 85' lang='lat' dir='ltr'><strong>Sophia</strong></span> <span class='ocrx_word' id='word_1_547' title='bbox 1504 4139 1792 4206; x_wconf 87' lang='lat' dir='ltr'><strong>requirens</strong></span> <span class='ocrx_word' id='word_1_548' title='bbox 1821 4139 2122 4206; x_wconf 84' lang='lat' dir='ltr'><strong>Christum,</strong></span> 
     </span>
    </p>
   </div>
   <div class='ocr_carea' id='block_1_74' title="bbox 553 4220 2110 4299">
    <p class='ocr_par' dir='ltr' id='par_1_74' title="bbox 553 4220 2110 4299">
     <span class='ocr_line' id='line_1_74' title="bbox 553 4220 2110 4299; baseline 0.009 -28"><span class='ocrx_word' id='word_1_549' title='bbox 553 4221 643 4288; x_wconf 92' lang='lat' dir='ltr'><strong>qui</strong></span> <span class='ocrx_word' id='word_1_550' title='bbox 697 4220 963 4290; x_wconf 79' lang='lat' dir='ltr'><strong>formavit,</strong></span> <span class='ocrx_word' id='word_1_551' title='bbox 1000 4234 1052 4280; x_wconf 81' lang='lat' dir='ltr'><strong>et</strong></span> <span class='ocrx_word' id='word_1_552' title='bbox 1114 4225 1378 4296; x_wconf 88' lang='lat' dir='ltr'><strong>Spiritum</strong></span> <span class='ocrx_word' id='word_1_553' title='bbox 1435 4241 1705 4294; x_wconf 89' lang='lat' dir='ltr'><strong>sanctum,</strong></span> <span class='ocrx_word' id='word_1_554' title='bbox 1742 4231 1793 4284; x_wconf 87' lang='lat' dir='ltr'><strong>in</strong></span> <span class='ocrx_word' id='word_1_555' title='bbox 1859 4246 2110 4299; x_wconf 79' lang='lat' dir='ltr'><strong>magnuzn</strong></span> 
     </span>
    </p>
   </div>
   <div class='ocr_carea' id='block_1_75' title="bbox 556 4314 2124 4395">
    <p class='ocr_par' dir='ltr' id='par_1_75' title="bbox 556 4314 2124 4395">
     <span class='ocr_line' id='line_1_75' title="bbox 556 4314 2124 4395; baseline 0.01 -32"><span class='ocrx_word' id='word_1_556' title='bbox 556 4323 756 4365; x_wconf 88' lang='lat' dir='ltr'><strong>metum</strong></span> <span class='ocrx_word' id='word_1_557' title='bbox 793 4314 1036 4381; x_wconf 87' lang='lat' dir='ltr'><strong>conjecta</strong></span> <span class='ocrx_word' id='word_1_558' title='bbox 1064 4328 1164 4382; x_wconf 87' lang='lat' dir='ltr'><strong>est,</strong></span> <span class='ocrx_word' id='word_1_559' title='bbox 1207 4334 1274 4373; x_wconf 90' lang='lat' dir='ltr'><strong>ne</strong></span> <span class='ocrx_word' id='word_1_560' title='bbox 1299 4321 1501 4388; x_wconf 90' lang='lat' dir='ltr'><strong>periret</strong></span> <span class='ocrx_word' id='word_1_561' title='bbox 1545 4337 1788 4377; x_wconf 89' lang='lat' dir='ltr'><strong>seorsum</strong></span> <span class='ocrx_word' id='word_1_562' title='bbox 1815 4326 1882 4378; x_wconf 89' lang='lat' dir='ltr'><strong>ab</strong></span> <span class='ocrx_word' id='word_1_563' title='bbox 1911 4340 1994 4387; x_wconf 89' lang='lat' dir='ltr'><strong>eo,</strong></span> <span class='ocrx_word' id='word_1_564' title='bbox 2029 4326 2124 4395; x_wconf 89' lang='lat' dir='ltr'><strong>qui</strong></span> 
     </span>
    </p>
   </div>
   <div class='ocr_carea' id='block_1_76' title="bbox 555 4403 2120 4472">
    <p class='ocr_par' dir='ltr' id='par_1_76' title="bbox 555 4403 2120 4472">
     <span class='ocr_line' id='line_1_76' title="bbox 555 4403 2120 4472; baseline 0.01 -15"><span class='ocrx_word' id='word_1_565' title='bbox 555 4403 897 4459; x_wconf 79' lang='lat' dir='ltr'><strong>l&#39;ormavisset</strong></span> <span class='ocrx_word' id='word_1_566' title='bbox 929 4422 1051 4462; x_wconf 88' lang='lat' dir='ltr'><strong>sese</strong></span> <span class='ocrx_word' id='word_1_567' title='bbox 1083 4419 1138 4463; x_wconf 88' lang='lat' dir='ltr'><strong>et</strong></span> <span class='ocrx_word' id='word_1_568' title='bbox 1193 4411 1539 4466; x_wconf 82' lang='lat' dir='ltr'><strong>lirmavisset.</strong></span> <span class='ocrx_word' id='word_1_569' title='bbox 1567 4413 1630 4466; x_wconf 87' lang='lat' dir='ltr'><strong>Et</strong></span> <span class='ocrx_word' id='word_1_570' title='bbox 1663 4430 1900 4470; x_wconf 75' lang='lat' dir='ltr'><strong>mterore</strong></span> <span class='ocrx_word' id='word_1_571' title='bbox 1931 4416 2120 4472; x_wconf 74' lang='lat' dir='ltr'><strong>affecta</strong></span> 
     </span>
    </p>
   </div>
   <div class='ocr_carea' id='block_1_77' title="bbox 2231 3221 3803 3307">
    <p class='ocr_par' dir='ltr' id='par_1_77' title="bbox 2231 3221 3803 3307">
     <span class='ocr_line' id='line_1_77' title="bbox 2231 3221 3803 3307; baseline 0.011 -30"><span class='ocrx_word' id='word_1_572' title='bbox 2231 3221 2388 3288; x_wconf 81' lang='grc' dir='ltr'>ξάσαι</span> <span class='ocrx_word' id='word_1_573' title='bbox 2420 3223 2523 3296; x_wconf 78' lang='grc' dir='ltr'><strong>[δὲ]</strong></span> <span class='ocrx_word' id='word_1_574' title='bbox 2550 3225 2597 3256; x_wconf 66' lang='grc'><strong>⁸⁸</strong></span> <span class='ocrx_word' id='word_1_575' title='bbox 2634 3229 2729 3280; x_wconf 70' lang='grc' dir='ltr'><strong>καὶ</strong></span> <span class='ocrx_word' id='word_1_576' title='bbox 2757 3227 2845 3282; x_wconf 76' lang='grc' dir='ltr'><strong>διὰ</strong></span> <span class='ocrx_word' id='word_1_577' title='bbox 2875 3233 3190 3303; x_wconf 76' lang='grc' dir='ltr'>προσφορᾶς</span> <span class='ocrx_word' id='word_1_578' title='bbox 3222 3235 3454 3305; x_wconf 84' lang='grc' dir='ltr'>καρπῶν</span> <span class='ocrx_word' id='word_1_579' title='bbox 3485 3240 3803 3307; x_wconf 77' lang='grc' dir='ltr'>πρεπόντων</span> 
     </span>
    </p>
   </div>
   <div class='ocr_carea' id='block_1_78' title="bbox 2222 3313 3797 3398">
    <p class='ocr_par' dir='ltr' id='par_1_78' title="bbox 2222 3313 3797 3398">
     <span class='ocr_line' id='line_1_78' title="bbox 2222 3313 3797 3398; baseline 0.01 -31"><span class='ocrx_word' id='word_1_580' title='bbox 2222 3313 2298 3384; x_wconf 85' lang='grc' dir='ltr'><strong>τῷ</strong></span> <span class='ocrx_word' id='word_1_581' title='bbox 2347 3316 2540 3386; x_wconf 87' lang='grc' dir='ltr'>Πατρί.</span> <span class='ocrx_word' id='word_1_582' title='bbox 2587 3318 2795 3381; x_wconf 70' lang='grc' dir='ltr'>Πάντες</span> <span class='ocrx_word' id='word_1_583' title='bbox 2843 3314 2935 3373; x_wconf 75' lang='grc' dir='ltr'>οὖν</span> <span class='ocrx_word' id='word_1_584' title='bbox 2993 3323 3364 3395; x_wconf 80' lang='grc' dir='ltr'>ηὐδόκησαν⁹⁸</span> <span class='ocrx_word' id='word_1_585' title='bbox 3399 3328 3450 3379; x_wconf 90' lang='grc' dir='ltr'><strong>οἰ</strong></span> <span class='ocrx_word' id='word_1_586' title='bbox 3503 3329 3797 3398; x_wconf 82' lang='grc' dir='ltr'>τριάκοντα</span> 
     </span>
    </p>
   </div>
   <div class='ocr_carea' id='block_1_79' title="bbox 2227 3406 3808 3490">
    <p class='ocr_par' dir='ltr' id='par_1_79' title="bbox 2227 3406 3808 3490">
     <span class='ocr_line' id='line_1_79' title="bbox 2227 3406 3808 3490; baseline 0.011 -33"><span class='ocrx_word' id='word_1_587' title='bbox 2227 3406 2419 3470; x_wconf 88' lang='grc' dir='ltr'>αἰῶνες</span> <span class='ocrx_word' id='word_1_588' title='bbox 2442 3407 2537 3459; x_wconf 74' lang='grc' dir='ltr'>ἕνα</span> <span class='ocrx_word' id='word_1_589' title='bbox 2566 3408 2858 3476; x_wconf 80' lang='grc' dir='ltr'>προϐαλεῖν</span> <span class='ocrx_word' id='word_1_590' title='bbox 2895 3412 3088 3476; x_wconf 84' lang='grc' dir='ltr'>αἰῶνα,</span> <span class='ocrx_word' id='word_1_591' title='bbox 3113 3416 3292 3469; x_wconf 81' lang='grc' dir='ltr'>κοινὸν</span> <span class='ocrx_word' id='word_1_592' title='bbox 3317 3417 3412 3470; x_wconf 78' lang='grc' dir='ltr'><strong>τοῦ</strong></span> <span class='ocrx_word' id='word_1_593' title='bbox 3443 3417 3808 3490; x_wconf 86' lang='grc' dir='ltr'>πληρώματος</span> 
     </span>
    </p>
   </div>
   <div class='ocr_carea' id='block_1_80' title="bbox 2225 3494 3808 3581">
    <p class='ocr_par' dir='ltr' id='par_1_80' title="bbox 2225 3494 3808 3581">
     <span class='ocr_line' id='line_1_80' title="bbox 2225 3494 3808 3581; baseline 0.011 -34"><span class='ocrx_word' id='word_1_594' title='bbox 2225 3496 2457 3566; x_wconf 76' lang='grc' dir='ltr'>καρπὸν,</span> <span class='ocrx_word' id='word_1_595' title='bbox 2487 3497 2552 3549; x_wconf 85' lang='grc' dir='ltr'><strong>ἵν’</strong></span> <span class='ocrx_word' id='word_1_596' title='bbox 2645 3501 2745 3568; x_wconf 81' lang='grc' dir='ltr'>τῆς</span> <span class='ocrx_word' id='word_1_597' title='bbox 2771 3499 3019 3571; x_wconf 77' lang='grc' dir='ltr'>ἑνότητος</span> <span class='ocrx_word' id='word_1_598' title='bbox 3044 3504 3092 3539; x_wconf 75' lang='grc'><strong>⁸⁸</strong></span> <span class='ocrx_word' id='word_1_599' title='bbox 3122 3505 3302 3559; x_wconf 79' lang='grc' dir='ltr'>αὐτῶν</span> <span class='ocrx_word' id='word_1_600' title='bbox 3332 3508 3545 3580; x_wconf 77' lang='grc' dir='ltr'>καὶτῆς</span> <span class='ocrx_word' id='word_1_601' title='bbox 3570 3512 3808 3581; x_wconf 77' lang='grc' dir='ltr'>ὁμοφρο-</span> 
     </span>
    </p>
   </div>
   <div class='ocr_carea' id='block_1_81' title="bbox 2227 3586 3820 3663">
    <p class='ocr_par' dir='ltr' id='par_1_81' title="bbox 2227 3586 3820 3663">
     <span class='ocr_line' id='line_1_81' title="bbox 2227 3586 3820 3663; baseline 0.01 -24"><span class='ocrx_word' id='word_1_602' title='bbox 2227 3586 2392 3657; x_wconf 83' lang='grc' dir='ltr'>σύνης</span> <span class='ocrx_word' id='word_1_603' title='bbox 2413 3588 2506 3641; x_wconf 84' lang='grc' dir='ltr'>καὶ</span> <span class='ocrx_word' id='word_1_604' title='bbox 2537 3590 2756 3661; x_wconf 81' lang='grc' dir='ltr'>εἰρήνης</span> <span class='ocrx_word' id='word_1_605' title='bbox 2779 3591 2848 3645; x_wconf 73' lang='grc'><strong>⁸⁷.</strong></span> <span class='ocrx_word' id='word_1_606' title='bbox 2876 3593 2986 3645; x_wconf 75' lang='grc' dir='ltr'><strong>Καὶ</strong></span> <span class='ocrx_word' id='word_1_607' title='bbox 3017 3594 3176 3663; x_wconf 84' lang='grc' dir='ltr'>μόνος</span> <span class='ocrx_word' id='word_1_608' title='bbox 3207 3596 3311 3649; x_wconf 75' lang='grc' dir='ltr'>ὑπὸ</span> <span class='ocrx_word' id='word_1_609' title='bbox 3347 3598 3567 3652; x_wconf 84' lang='grc' dir='ltr'>πάντων</span> <span class='ocrx_word' id='word_1_610' title='bbox 3596 3599 3820 3655; x_wconf 67' lang='grc' dir='ltr'>αἰώνων»</span> 
     </span>
    </p>
   </div>
   <div class='ocr_carea' id='block_1_82' title="bbox 2227 3679 3808 3763">
    <p class='ocr_par' dir='ltr' id='par_1_82' title="bbox 2227 3679 3808 3763">
     <span class='ocr_line' id='line_1_82' title="bbox 2227 3679 3808 3763; baseline 0.01 -33"><span class='ocrx_word' id='word_1_611' title='bbox 2227 3679 2668 3750; x_wconf 87' lang='grc' dir='ltr'>προϐεϐλημένος</span> <span class='ocrx_word' id='word_1_612' title='bbox 2701 3682 2778 3752; x_wconf 81' lang='grc' dir='ltr'>τῷ</span> <span class='ocrx_word' id='word_1_613' title='bbox 2823 3684 2997 3755; x_wconf 87' lang='grc' dir='ltr'>Πατρί</span> <span class='ocrx_word' id='word_1_614' title='bbox 3038 3680 3194 3749; x_wconf 78' lang='grc' dir='ltr'>οὗτός</span> <span class='ocrx_word' id='word_1_615' title='bbox 3226 3690 3378 3742; x_wconf 79' lang='grc' dir='ltr'>ἐστιν</span> <span class='ocrx_word' id='word_1_616' title='bbox 3400 3691 3429 3743; x_wconf 92' lang='lat'><strong>6</strong></span> <span class='ocrx_word' id='word_1_617' title='bbox 3474 3692 3808 3763; x_wconf 78' lang='grc' dir='ltr'>καλούμενος</span> 
     </span>
    </p>
   </div>
   <div class='ocr_carea' id='block_1_83' title="bbox 2226 3770 3804 3850">
    <p class='ocr_par' dir='ltr' id='par_1_83' title="bbox 2226 3770 3804 3850">
     <span class='ocr_line' id='line_1_83' title="bbox 2226 3770 3804 3850; baseline 0.01 -29"><span class='ocrx_word' id='word_1_618' title='bbox 2226 3770 2355 3841; x_wconf 82' lang='grc' dir='ltr'>παρ’</span> <span class='ocrx_word' id='word_1_619' title='bbox 2417 3772 2602 3835; x_wconf 79' lang='grc' dir='ltr'>αὐτοῖς</span> <span class='ocrx_word' id='word_1_620' title='bbox 2659 3774 2860 3840; x_wconf 82' lang='grc' dir='ltr'>κοινὸς</span> <span class='ocrx_word' id='word_1_621' title='bbox 2930 3775 3036 3829; x_wconf 84' lang='grc' dir='ltr'>τοῦ</span> <span class='ocrx_word' id='word_1_622' title='bbox 3091 3777 3487 3846; x_wconf 77' lang='grc' dir='ltr'>πληρώματος</span> <span class='ocrx_word' id='word_1_623' title='bbox 3554 3783 3804 3850; x_wconf 80' lang='grc' dir='ltr'>καρπός.</span> 
     </span>
    </p>
   </div>
   <div class='ocr_carea' id='block_1_84' title="bbox 2226 3859 3823 3940">
    <p class='ocr_par' dir='ltr' id='par_1_84' title="bbox 2226 3859 3823 3940">
     <span class='ocr_line' id='line_1_84' title="bbox 2226 3859 3823 3940; baseline 0.008 -26"><span class='ocrx_word' id='word_1_624' title='bbox 2226 3862 2412 3915; x_wconf 77' lang='grc' dir='ltr'>Ταῦτα</span> <span class='ocrx_word' id='word_1_625' title='bbox 2463 3862 2561 3932; x_wconf 85' lang='grc' dir='ltr'>μὲν</span> <span class='ocrx_word' id='word_1_626' title='bbox 2598 3859 2692 3918; x_wconf 75' lang='grc' dir='ltr'>οὖν</span> <span class='ocrx_word' id='word_1_627' title='bbox 2733 3866 2886 3929; x_wconf 80' lang='grc' dir='ltr'>ἐντὸς</span> <span class='ocrx_word' id='word_1_628' title='bbox 2937 3866 3299 3938; x_wconf 87' lang='grc' dir='ltr'>πληρώματος</span> <span class='ocrx_word' id='word_1_629' title='bbox 3329 3865 3397 3940; x_wconf 86' lang='grc' dir='ltr'>ἦν</span> <span class='ocrx_word' id='word_1_630' title='bbox 3447 3869 3639 3936; x_wconf 78' lang='grc' dir='ltr'>οὕτως.</span> <span class='ocrx_word' id='word_1_631' title='bbox 3693 3875 3823 3926; x_wconf 73' lang='grc' dir='ltr'><strong>Καὶ·</strong></span> 
     </span>
    </p>
   </div>
   <div class='ocr_carea' id='block_1_85' title="bbox 2226 3953 3811 4033">
    <p class='ocr_par' dir='ltr' id='par_1_85' title="bbox 2226 3953 3811 4033">
     <span class='ocr_line' id='line_1_85' title="bbox 2226 3953 3811 4033; baseline 0.006 -26"><span class='ocrx_word' id='word_1_632' title='bbox 2226 3953 2562 4026; x_wconf 84' lang='grc' dir='ltr'>προϐέϐλητο</span> <span class='ocrx_word' id='word_1_633' title='bbox 2607 3956 2635 4007; x_wconf 90' lang='lat'><strong>6</strong></span> <span class='ocrx_word' id='word_1_634' title='bbox 2692 3958 2872 4020; x_wconf 77' lang='grc' dir='ltr'>κοινὸς</span> <span class='ocrx_word' id='word_1_635' title='bbox 2935 3957 3031 4011; x_wconf 78' lang='grc' dir='ltr'><strong>τοῦ</strong></span> <span class='ocrx_word' id='word_1_636' title='bbox 3079 3958 3441 4031; x_wconf 82' lang='grc' dir='ltr'>πληρώματος</span> <span class='ocrx_word' id='word_1_637' title='bbox 3487 3980 3548 4016; x_wconf 72' lang='grc' dir='ltr'>κο</span> <span class='ocrx_word' id='word_1_638' title='bbox 3565 3963 3721 4033; x_wconf 72' lang='grc' dir='ltr'>ρπὸς,</span> <span class='ocrx_word' id='word_1_639' title='bbox 3779 3967 3811 4017; x_wconf 85' lang='grc' dir='ltr'>ὁ</span> 
     </span>
    </p>
   </div>
   <div class='ocr_carea' id='block_1_86' title="bbox 2237 4045 3810 4125">
    <p class='ocr_par' dir='ltr' id='par_1_86' title="bbox 2237 4045 3810 4125">
     <span class='ocr_line' id='line_1_86' title="bbox 2237 4045 3810 4125; baseline 0.007 -27"><span class='ocrx_word' id='word_1_640' title='bbox 2237 4045 2448 4114; x_wconf 81' lang='grc' dir='ltr'>Ἰησοῦς</span> <span class='ocrx_word' id='word_1_641' title='bbox 2501 4047 2698 4111; x_wconf 75' lang='grc' dir='ltr'>(τοῦτο</span> <span class='ocrx_word' id='word_1_642' title='bbox 2755 4047 2864 4120; x_wconf 87' lang='grc' dir='ltr'><strong>γὰρ</strong></span> <span class='ocrx_word' id='word_1_643' title='bbox 2906 4049 3076 4121; x_wconf 78' lang='grc' dir='ltr'>ὄνομα</span> <span class='ocrx_word' id='word_1_644' title='bbox 3108 4050 3320 4121; x_wconf 83' lang='grc' dir='ltr'>αὐτῷ),</span> <span class='ocrx_word' id='word_1_645' title='bbox 3359 4055 3387 4107; x_wconf 88' lang='lat'><strong>6</strong></span> <span class='ocrx_word' id='word_1_646' title='bbox 3440 4055 3731 4125; x_wconf 58' lang='grc' dir='ltr'>ἀρχιερεὺς</span> <span class='ocrx_word' id='word_1_647' title='bbox 3779 4057 3810 4109; x_wconf 86' lang='lat'><strong>6</strong></span> 
     </span>
    </p>
   </div>
   <div class='ocr_carea' id='block_1_87' title="bbox 2230 4133 3804 4213">
    <p class='ocr_par' dir='ltr' id='par_1_87' title="bbox 2230 4133 3804 4213">
     <span class='ocr_line' id='line_1_87' title="bbox 2230 4133 3804 4213; baseline 0.008 -28"><span class='ocrx_word' id='word_1_648' title='bbox 2230 4133 2423 4202; x_wconf 83' lang='grc' dir='ltr'>μέγας.</span> <span class='ocrx_word' id='word_1_649' title='bbox 2473 4134 2538 4187; x_wconf 86' lang='grc' dir='ltr'><strong>Ἦ</strong></span> <span class='ocrx_word' id='word_1_650' title='bbox 2584 4135 2641 4189; x_wconf 83' lang='grc' dir='ltr'><strong>δὲ</strong></span> <span class='ocrx_word' id='word_1_651' title='bbox 2694 4136 2800 4202; x_wconf 79' lang='grc' dir='ltr'><strong>ἔξω</strong></span> <span class='ocrx_word' id='word_1_652' title='bbox 2830 4137 2924 4190; x_wconf 85' lang='grc' dir='ltr'>τοῦ</span> <span class='ocrx_word' id='word_1_653' title='bbox 2956 4139 3324 4210; x_wconf 86' lang='grc' dir='ltr'>πληρώματος</span> <span class='ocrx_word' id='word_1_654' title='bbox 3373 4142 3562 4210; x_wconf 73' lang='grc' dir='ltr'>Σοφία,</span> <span class='ocrx_word' id='word_1_655' title='bbox 3609 4143 3804 4213; x_wconf 77' lang='grc' dir='ltr'>ἐπιζη-</span> 
     </span>
    </p>
   </div>
   <div class='ocr_carea' id='block_1_88' title="bbox 2226 4227 3816 4303">
    <p class='ocr_par' dir='ltr' id='par_1_88' title="bbox 2226 4227 3816 4303">
     <span class='ocr_line' id='line_1_88' title="bbox 2226 4227 3816 4303; baseline 0.006 -25"><span class='ocrx_word' id='word_1_656' title='bbox 2226 4227 2391 4280; x_wconf 79' lang='grc' dir='ltr'>τοῦσα</span> <span class='ocrx_word' id='word_1_657' title='bbox 2438 4227 2528 4281; x_wconf 76' lang='grc' dir='ltr'>τὸν</span> <span class='ocrx_word' id='word_1_658' title='bbox 2576 4229 2818 4299; x_wconf 78' lang='grc' dir='ltr'>Χριστὸν</span> <span class='ocrx_word' id='word_1_659' title='bbox 2868 4229 2960 4283; x_wconf 77' lang='grc' dir='ltr'>τὸν</span> <span class='ocrx_word' id='word_1_660' title='bbox 2994 4233 3393 4303; x_wconf 80' lang='grc' dir='ltr'>μεμορφωκὸτα</span> <span class='ocrx_word' id='word_1_661' title='bbox 3434 4236 3528 4288; x_wconf 76' lang='grc' dir='ltr'><strong>καὶ</strong></span> <span class='ocrx_word' id='word_1_662' title='bbox 3559 4235 3618 4287; x_wconf 77' lang='grc' dir='ltr'>τὸ</span> <span class='ocrx_word' id='word_1_663' title='bbox 3651 4235 3816 4303; x_wconf 77' lang='grc' dir='ltr'>ἅγιον-</span> 
     </span>
    </p>
   </div>
   <div class='ocr_carea' id='block_1_89' title="bbox 2227 4317 3801 4392">
    <p class='ocr_par' dir='ltr' id='par_1_89' title="bbox 2227 4317 3801 4392">
     <span class='ocr_line' id='line_1_89' title="bbox 2227 4317 3801 4392; baseline 0.006 -22"><span class='ocrx_word' id='word_1_664' title='bbox 2227 4317 2470 4389; x_wconf 85' lang='grc' dir='ltr'>Πνεῦμα,</span> <span class='ocrx_word' id='word_1_665' title='bbox 2513 4320 2570 4373; x_wconf 80' lang='grc' dir='ltr'>ἐν</span> <span class='ocrx_word' id='word_1_666' title='bbox 2625 4320 2775 4389; x_wconf 80' lang='grc' dir='ltr'>φόϐῳ</span> <span class='ocrx_word' id='word_1_667' title='bbox 2823 4322 3045 4392; x_wconf 78' lang='grc' dir='ltr'>μεγάλῳ</span> <span class='ocrx_word' id='word_1_668' title='bbox 3088 4323 3349 4391; x_wconf 78' lang='grc' dir='ltr'>κατέστη,</span> <span class='ocrx_word' id='word_1_669' title='bbox 3401 4325 3484 4377; x_wconf 81' lang='grc' dir='ltr'>ὅτι</span> <span class='ocrx_word' id='word_1_670' title='bbox 3528 4325 3801 4379; x_wconf 79' lang='grc' dir='ltr'>ἀπολεῖται</span> 
     </span>
    </p>
   </div>
   <div class='ocr_carea' id='block_1_90' title="bbox 2228 4410 3807 4487">
    <p class='ocr_par' dir='ltr' id='par_1_90' title="bbox 2228 4410 3807 4487">
     <span class='ocr_line' id='line_1_90' title="bbox 2228 4410 3807 4487; baseline -0.008 -8"><span class='ocrx_word' id='word_1_671' title='bbox 2228 4410 2636 4480; x_wconf 75' lang='grc' dir='ltr'>κεχωρισμένον</span> <span class='ocrx_word' id='word_1_672' title='bbox 2685 4410 2779 4462; x_wconf 71' lang='grc' dir='ltr'>τοῦ</span> <span class='ocrx_word' id='word_1_673' title='bbox 2831 4413 3222 4483; x_wconf 62' lang='grc' dir='ltr'>μορφώσαντος</span> <span class='ocrx_word' id='word_1_674' title='bbox 3274 4414 3442 4486; x_wconf 84' lang='grc' dir='ltr'>αὐτὴν</span> <span class='ocrx_word' id='word_1_675' title='bbox 3482 4417 3576 4469; x_wconf 74' lang='grc' dir='ltr'><strong>καὶ</strong></span> <span class='ocrx_word' id='word_1_676' title='bbox 3620 4416 3807 4487; x_wconf 82' lang='grc' dir='ltr'>στηρί-</span> 
     </span>
    </p>
   </div>
   <div class='ocr_carea' id='block_1_91' title="bbox 551 4478 2118 4576">
    <p class='ocr_par' dir='ltr' id='par_1_91' title="bbox 551 4497 2118 4575">
     <span class='ocr_line' id='line_1_91' title="bbox 551 4497 2118 4575; baseline 0.008 -25"><span class='ocrx_word' id='word_1_677' title='bbox 551 4506 710 4550; x_wconf 88' lang='lat' dir='ltr'><strong>estet</strong></span> <span class='ocrx_word' id='word_1_678' title='bbox 739 4497 788 4550; x_wconf 89' lang='lat' dir='ltr'><strong>in</strong></span> <span class='ocrx_word' id='word_1_679' title='bbox 819 4499 984 4551; x_wconf 89' lang='lat' dir='ltr'><strong>multa</strong></span> <span class='ocrx_word' id='word_1_680' title='bbox 1042 4502 1478 4555; x_wconf 87' lang='lat' dir='ltr'><strong>consternatione</strong></span> <span class='ocrx_word' id='word_1_681' title='bbox 1523 4515 1732 4558; x_wconf 86' lang='lat' dir='ltr'><strong>versata</strong></span> <span class='ocrx_word' id='word_1_682' title='bbox 1759 4545 1773 4569; x_wconf 91' lang='lat'><strong>,</strong></span> <span class='ocrx_word' id='word_1_683' title='bbox 1827 4516 2118 4575; x_wconf 80' lang='lat' dir='ltr'><strong>reputans,</strong></span> 
     </span>
    </p>
   </div>
   <div class='ocr_carea' id='block_1_92' title="bbox 2223 4478 3802 4576">
    <p class='ocr_par' dir='ltr' id='par_1_92' title="bbox 2232 4478 3802 4576">
     <span class='ocr_line' id='line_1_92' title="bbox 2232 4478 3802 4576; baseline 0.003 -23"><span class='ocrx_word' id='word_1_684' title='bbox 2232 4478 2440 4563; x_wconf 84' lang='grc' dir='ltr'>σαντος.</span> <span class='ocrx_word' id='word_1_685' title='bbox 2478 4478 2594 4553; x_wconf 74' lang='grc' dir='ltr'><strong>Καὶ</strong></span> <span class='ocrx_word' id='word_1_686' title='bbox 2623 4478 2867 4573; x_wconf 77' lang='grc' dir='ltr'>ἐλυπήθη</span> <span class='ocrx_word' id='word_1_687' title='bbox 2905 4478 3012 4555; x_wconf 43' lang='grc' dir='ltr'><strong>’καὶ</strong></span> <span class='ocrx_word' id='word_1_688' title='bbox 3043 4505 3100 4556; x_wconf 83' lang='grc' dir='ltr'>ὲν</span> <span class='ocrx_word' id='word_1_689' title='bbox 3127 4505 3331 4575; x_wconf 76' lang='grc' dir='ltr'>ἀπορία</span> <span class='ocrx_word' id='word_1_690' title='bbox 3359 4478 3578 4573; x_wconf 42' lang='grc' dir='ltr'>ὲῆένετο</span> <span class='ocrx_word' id='word_1_691' title='bbox 3611 4478 3802 4576; x_wconf 65' lang='grc' dir='ltr'>πολλῇ,</span> 
     </span>
    </p>
   </div>
   <div class='ocr_carea' id='block_1_93' title="bbox 549 4587 2118 4665">
    <p class='ocr_par' dir='ltr' id='par_1_93' title="bbox 549 4587 2118 4665">
     <span class='ocr_line' id='line_1_93' title="bbox 549 4587 2118 4665; baseline 0.011 -31"><span class='ocrx_word' id='word_1_692' title='bbox 549 4587 674 4654; x_wconf 86' lang='lat' dir='ltr'><strong>quis</strong></span> <span class='ocrx_word' id='word_1_693' title='bbox 716 4597 861 4641; x_wconf 89' lang='lat' dir='ltr'><strong>esset</strong></span> <span class='ocrx_word' id='word_1_694' title='bbox 931 4587 1211 4652; x_wconf 82' lang='lat' dir='ltr'><strong>formator,</strong></span> <span class='ocrx_word' id='word_1_695' title='bbox 1263 4592 1388 4658; x_wconf 90' lang='lat' dir='ltr'><strong>quis</strong></span> <span class='ocrx_word' id='word_1_696' title='bbox 1421 4601 1640 4646; x_wconf 90' lang='lat' dir='ltr'><strong>sanctus</strong></span> <span class='ocrx_word' id='word_1_697' title='bbox 1698 4592 1955 4662; x_wconf 89' lang='lat' dir='ltr'><strong>Spiritus,</strong></span> <span class='ocrx_word' id='word_1_698' title='bbox 2012 4613 2118 4665; x_wconf 90' lang='lat' dir='ltr'><strong>quo</strong></span> 
     </span>
    </p>
   </div>
   <div class='ocr_carea' id='block_1_94' title="bbox 551 4677 2119 4755">
    <p class='ocr_par' dir='ltr' id='par_1_94' title="bbox 551 4677 2119 4755">
     <span class='ocr_line' id='line_1_94' title="bbox 551 4677 2119 4755; baseline 0.008 -25"><span class='ocrx_word' id='word_1_699' title='bbox 551 4677 792 4744; x_wconf 77' lang='lat' dir='ltr'><strong>aluisset,</strong></span> <span class='ocrx_word' id='word_1_700' title='bbox 848 4680 971 4743; x_wconf 74' lang='lat' dir='ltr'><strong>quis</strong></span> <span class='ocrx_word' id='word_1_701' title='bbox 1019 4680 1353 4749; x_wconf 82' lang='lat' dir='ltr'><strong>impediisset</strong></span> <span class='ocrx_word' id='word_1_702' title='bbox 1389 4683 1680 4749; x_wconf 89' lang='lat' dir='ltr'><strong>quominus</strong></span> <span class='ocrx_word' id='word_1_703' title='bbox 1734 4684 1968 4750; x_wconf 88' lang='lat' dir='ltr'><strong>adesset,</strong></span> <span class='ocrx_word' id='word_1_704' title='bbox 1997 4689 2119 4755; x_wconf 87' lang='lat' dir='ltr'><strong>quis</strong></span> 
     </span>
    </p>
   </div>
   <div class='ocr_carea' id='block_1_95' title="bbox 550 4769 2116 4846">
    <p class='ocr_par' dir='ltr' id='par_1_95' title="bbox 550 4769 2116 4846">
     <span class='ocr_line' id='line_1_95' title="bbox 550 4769 2116 4846; baseline 0.008 -24"><span class='ocrx_word' id='word_1_705' title='bbox 550 4769 828 4824; x_wconf 84' lang='lat' dir='ltr'><strong>invidisset</strong></span> <span class='ocrx_word' id='word_1_706' title='bbox 860 4772 1141 4841; x_wconf 75' lang='lat' dir='ltr'><strong>ptilchrum</strong></span> <span class='ocrx_word' id='word_1_707' title='bbox 1192 4773 1320 4828; x_wconf 91' lang='lat' dir='ltr'><strong>illud</strong></span> <span class='ocrx_word' id='word_1_708' title='bbox 1350 4783 1404 4829; x_wconf 92' lang='lat' dir='ltr'><strong>et</strong></span> <span class='ocrx_word' id='word_1_709' title='bbox 1429 4776 1670 4830; x_wconf 86' lang='lat' dir='ltr'><strong>divinum</strong></span> <span class='ocrx_word' id='word_1_710' title='bbox 1721 4779 2116 4846; x_wconf 85' lang='lat' dir='ltr'><strong>spectaculum.</strong></span> 
     </span>
    </p>
   </div>
   <div class='ocr_carea' id='block_1_96' title="bbox 548 4859 2115 4941">
    <p class='ocr_par' dir='ltr' id='par_1_96' title="bbox 548 4859 2115 4941">
     <span class='ocr_line' id='line_1_96' title="bbox 548 4859 2115 4941; baseline 0.006 -25"><span class='ocrx_word' id='word_1_711' title='bbox 548 4859 605 4917; x_wconf 89' lang='lat' dir='ltr'><strong>In</strong></span> <span class='ocrx_word' id='word_1_712' title='bbox 633 4863 716 4916; x_wconf 90' lang='lat' dir='ltr'><strong>his</strong></span> <span class='ocrx_word' id='word_1_713' title='bbox 739 4866 1032 4918; x_wconf 85' lang='lat' dir='ltr'><strong>constituta</strong></span> <span class='ocrx_word' id='word_1_714' title='bbox 1063 4863 1348 4923; x_wconf 72' lang='lat' dir='ltr'><strong>allectiltus</strong></span> <span class='ocrx_word' id='word_1_715' title='bbox 1382 4871 1614 4925; x_wconf 87' lang='lat' dir='ltr'><strong>vertitur</strong></span> <span class='ocrx_word' id='word_1_716' title='bbox 1661 4872 1717 4926; x_wconf 90' lang='lat' dir='ltr'><strong>in</strong></span> <span class='ocrx_word' id='word_1_717' title='bbox 1751 4874 2115 4941; x_wconf 86' lang='lat' dir='ltr'><strong>precationem</strong></span> 
     </span>
    </p>
   </div>
   <div class='ocr_carea' id='block_1_97' title="bbox 547 4956 2116 5032">
    <p class='ocr_par' dir='ltr' id='par_1_97' title="bbox 547 4956 2116 5032">
     <span class='ocr_line' id='line_1_97' title="bbox 547 4956 2116 5032; baseline 0.005 -23"><span class='ocrx_word' id='word_1_718' title='bbox 547 4962 602 5009; x_wconf 86' lang='lat' dir='ltr'><strong>et</strong></span> <span class='ocrx_word' id='word_1_719' title='bbox 629 4956 1079 5024; x_wconf 88' lang='lat' dir='ltr'><strong>supplicationem</strong></span> <span class='ocrx_word' id='word_1_720' title='bbox 1107 4958 1248 5029; x_wconf 79' lang='lat' dir='ltr'><strong>ejus,</strong></span> <span class='ocrx_word' id='word_1_721' title='bbox 1276 4963 1368 5030; x_wconf 81' lang='lat' dir='ltr'><strong>qui</strong></span> <span class='ocrx_word' id='word_1_722' title='bbox 1395 4977 1516 5016; x_wconf 90' lang='lat' dir='ltr'><strong>sese</strong></span> <span class='ocrx_word' id='word_1_723' title='bbox 1561 4963 1959 5032; x_wconf 88' lang='lat' dir='ltr'><strong>dereliquisset.</strong></span> <span class='ocrx_word' id='word_1_724' title='bbox 1986 4963 2116 5018; x_wconf 85' lang='lat' dir='ltr'><strong>Pre-</strong></span> 
     </span>
    </p>
   </div>
   <div class='ocr_carea' id='block_1_98' title="bbox 548 5047 2110 5123">
    <p class='ocr_par' dir='ltr' id='par_1_98' title="bbox 548 5047 2110 5123">
     <span class='ocr_line' id='line_1_98' title="bbox 548 5047 2110 5123; baseline 0.006 -25"><span class='ocrx_word' id='word_1_725' title='bbox 548 5053 762 5100; x_wconf 88' lang='lat' dir='ltr'><strong>cantem</strong></span> <span class='ocrx_word' id='word_1_726' title='bbox 818 5047 982 5117; x_wconf 84' lang='lat' dir='ltr'><strong>igitur</strong></span> <span class='ocrx_word' id='word_1_727' title='bbox 1040 5049 1183 5103; x_wconf 86' lang='lat' dir='ltr'><strong>illam</strong></span> <span class='ocrx_word' id='word_1_728' title='bbox 1240 5052 1532 5107; x_wconf 85' lang='lat' dir='ltr'><strong>miseratus</strong></span> <span class='ocrx_word' id='word_1_729' title='bbox 1585 5064 1669 5107; x_wconf 90' lang='lat' dir='ltr'><strong>est</strong></span> <span class='ocrx_word' id='word_1_730' title='bbox 1719 5055 1990 5117; x_wconf 87' lang='lat' dir='ltr'><strong>Christus,</strong></span> <span class='ocrx_word' id='word_1_731' title='bbox 2018 5055 2110 5123; x_wconf 87' lang='lat' dir='ltr'><strong>qui</strong></span> 
     </span>
    </p>
   </div>
   <div class='ocr_carea' id='block_1_99' title="bbox 547 5135 2109 5214">
    <p class='ocr_par' dir='ltr' id='par_1_99' title="bbox 547 5135 2109 5214">
     <span class='ocr_line' id='line_1_99' title="bbox 547 5135 2109 5214; baseline 0.007 -23"><span class='ocrx_word' id='word_1_732' title='bbox 547 5135 688 5192; x_wconf 86' lang='lat' dir='ltr'><strong>intra</strong></span> <span class='ocrx_word' id='word_1_733' title='bbox 764 5138 1005 5210; x_wconf 87' lang='lat' dir='ltr'><strong>pleroma</strong></span> <span class='ocrx_word' id='word_1_734' title='bbox 1061 5151 1162 5210; x_wconf 91' lang='lat' dir='ltr'><strong>est,</strong></span> <span class='ocrx_word' id='word_1_735' title='bbox 1219 5143 1520 5214; x_wconf 87' lang='lat' dir='ltr'><strong>reliquique</strong></span> <span class='ocrx_word' id='word_1_736' title='bbox 1590 5160 1777 5201; x_wconf 89' lang='lat' dir='ltr'><strong>omnes</strong></span> <span class='ocrx_word' id='word_1_737' title='bbox 1825 5161 2004 5200; x_wconf 83' lang='lat' dir='ltr'><strong>aeones</strong></span> <span class='ocrx_word' id='word_1_738' title='bbox 2056 5155 2109 5202; x_wconf 88' lang='lat' dir='ltr'><strong>ct</strong></span> 
     </span>
    </p>
   </div>
   <div class='ocr_carea' id='block_1_100' title="bbox 2221 4589 3792 4664">
    <p class='ocr_par' dir='ltr' id='par_1_100' title="bbox 2221 4589 3792 4664">
     <span class='ocr_line' id='line_1_100' title="bbox 2221 4589 3792 4664; baseline 0.003 -20"><span class='ocrx_word' id='word_1_739' title='bbox 2221 4592 2564 4662; x_wconf 80' lang='grc' dir='ltr'>λογιζομένη,</span> <span class='ocrx_word' id='word_1_740' title='bbox 2595 4593 2678 4656; x_wconf 91' lang='grc' dir='ltr'><strong>τίς</strong></span> <span class='ocrx_word' id='word_1_741' title='bbox 2707 4589 2774 4664; x_wconf 80' lang='grc' dir='ltr'>ἦν</span> <span class='ocrx_word' id='word_1_742' title='bbox 2799 4595 2828 4646; x_wconf 83' lang='grc' dir='ltr'>ὁ</span> <span class='ocrx_word' id='word_1_743' title='bbox 2861 4593 3176 4664; x_wconf 70' lang='grc' dir='ltr'>μορφώσας,</span> <span class='ocrx_word' id='word_1_744' title='bbox 3209 4597 3260 4648; x_wconf 84' lang='grc' dir='ltr'><strong>τί</strong></span> <span class='ocrx_word' id='word_1_745' title='bbox 3285 4596 3345 4648; x_wconf 84' lang='grc' dir='ltr'>τὸ</span> <span class='ocrx_word' id='word_1_746' title='bbox 3366 4595 3520 4664; x_wconf 78' lang='grc' dir='ltr'>ἅγιον</span> <span class='ocrx_word' id='word_1_747' title='bbox 3552 4597 3792 4664; x_wconf 76' lang='grc' dir='ltr'>Πνεῦμα,</span> 
     </span>
    </p>
   </div>
   <div class='ocr_carea' id='block_1_101' title="bbox 2222 4686 3797 4759">
    <p class='ocr_par' dir='ltr' id='par_1_101' title="bbox 2222 4686 3797 4759">
     <span class='ocr_line' id='line_1_101' title="bbox 2222 4686 3797 4759; baseline 0.003 -21"><span class='ocrx_word' id='word_1_748' title='bbox 2222 4686 2323 4740; x_wconf 79' lang='grc' dir='ltr'>ποῦ</span> <span class='ocrx_word' id='word_1_749' title='bbox 2354 4687 2584 4756; x_wconf 83' lang='grc' dir='ltr'>ἀπῆλθε,</span> <span class='ocrx_word' id='word_1_750' title='bbox 2616 4686 2699 4751; x_wconf 86' lang='grc' dir='ltr'><strong>τίς</strong></span> <span class='ocrx_word' id='word_1_751' title='bbox 2728 4687 2757 4738; x_wconf 83' lang='lat'><strong>6</strong></span> <span class='ocrx_word' id='word_1_752' title='bbox 2789 4687 3039 4750; x_wconf 79' lang='grc' dir='ltr'>κωλύσας</span> <span class='ocrx_word' id='word_1_753' title='bbox 3067 4688 3268 4751; x_wconf 77' lang='grc' dir='ltr'>αὐτοὺς</span> <span class='ocrx_word' id='word_1_754' title='bbox 3298 4693 3686 4759; x_wconf 82' lang='grc' dir='ltr'>συμπαρεῖναι,</span> <span class='ocrx_word' id='word_1_755' title='bbox 3720 4690 3797 4753; x_wconf 86' lang='grc' dir='ltr'><strong>τίς</strong></span> 
     </span>
    </p>
   </div>
   <div class='ocr_carea' id='block_1_102' title="bbox 2220 4775 3794 4848">
    <p class='ocr_par' dir='ltr' id='par_1_102' title="bbox 2220 4775 3794 4848">
     <span class='ocr_line' id='line_1_102' title="bbox 2220 4775 3794 4848; baseline 0.001 -19"><span class='ocrx_word' id='word_1_756' title='bbox 2220 4777 2484 4847; x_wconf 76' lang='grc' dir='ltr'>ἐφθόνησε</span> <span class='ocrx_word' id='word_1_757' title='bbox 2517 4775 2613 4830; x_wconf 78' lang='grc' dir='ltr'>τοῦ</span> <span class='ocrx_word' id='word_1_758' title='bbox 2647 4776 2812 4831; x_wconf 82' lang='grc' dir='ltr'>καλοῦ</span> <span class='ocrx_word' id='word_1_759' title='bbox 2837 4778 2932 4831; x_wconf 75' lang='grc' dir='ltr'><strong>καὶ</strong></span> <span class='ocrx_word' id='word_1_760' title='bbox 2957 4778 3232 4847; x_wconf 82' lang='grc' dir='ltr'>μακαρίου</span> <span class='ocrx_word' id='word_1_761' title='bbox 3257 4778 3528 4848; x_wconf 84' lang='grc' dir='ltr'>θεάματος</span> <span class='ocrx_word' id='word_1_762' title='bbox 3566 4780 3794 4830; x_wconf 79' lang='grc' dir='ltr'>ἐκείνου.</span> 
     </span>
    </p>
   </div>
   <div class='ocr_carea' id='block_1_103' title="bbox 2233 4866 3794 4938">
    <p class='ocr_par' dir='ltr' id='par_1_103' title="bbox 2233 4866 3794 4938">
     <span class='ocr_line' id='line_1_103' title="bbox 2233 4866 3794 4938; baseline 0 -19"><span class='ocrx_word' id='word_1_763' title='bbox 2233 4866 2358 4919; x_wconf 79' lang='grc' dir='ltr'><strong>Ἐπὶ</strong></span> <span class='ocrx_word' id='word_1_764' title='bbox 2385 4867 2431 4900; x_wconf 72' lang='grc'><strong>⁸⁸</strong></span> <span class='ocrx_word' id='word_1_765' title='bbox 2460 4867 2674 4931; x_wconf 84' lang='grc' dir='ltr'>τούτοις</span> <span class='ocrx_word' id='word_1_766' title='bbox 2721 4867 3045 4921; x_wconf 78' lang='grc' dir='ltr'>καθεστῶσα</span> <span class='ocrx_word' id='word_1_767' title='bbox 3071 4867 3119 4899; x_wconf 76' lang='grc'><strong>⁸³</strong></span> <span class='ocrx_word' id='word_1_768' title='bbox 3146 4869 3259 4930; x_wconf 85' lang='grc' dir='ltr'>τοῖς</span> <span class='ocrx_word' id='word_1_769' title='bbox 3305 4868 3500 4922; x_wconf 81' lang='grc' dir='ltr'>πάθεσι</span> <span class='ocrx_word' id='word_1_770' title='bbox 3539 4867 3794 4938; x_wconf 83' lang='grc' dir='ltr'>τρέπεται</span> 
     </span>
    </p>
   </div>
   <div class='ocr_carea' id='block_1_104' title="bbox 2221 4959 3798 5031">
    <p class='ocr_par' dir='ltr' id='par_1_104' title="bbox 2221 4959 3798 5031">
     <span class='ocr_line' id='line_1_104' title="bbox 2221 4959 3798 5031; baseline 0.001 -21"><span class='ocrx_word' id='word_1_771' title='bbox 2221 4959 2314 5011; x_wconf 77' lang='grc' dir='ltr'><strong>ἐπὶ</strong></span> <span class='ocrx_word' id='word_1_772' title='bbox 2341 4959 2525 5031; x_wconf 75' lang='grc' dir='ltr'>δέησιν</span> <span class='ocrx_word' id='word_1_773' title='bbox 2551 4961 2646 5013; x_wconf 81' lang='grc' dir='ltr'>καὶ</span> <span class='ocrx_word' id='word_1_774' title='bbox 2677 4961 2914 5014; x_wconf 82' lang='grc' dir='ltr'>ἱκετείαν</span> <span class='ocrx_word' id='word_1_775' title='bbox 2936 4959 3030 5013; x_wconf 80' lang='grc' dir='ltr'>τοῦ</span> <span class='ocrx_word' id='word_1_776' title='bbox 3063 4959 3421 5026; x_wconf 79' lang='grc' dir='ltr'>ἀπολιπόντος</span> <span class='ocrx_word' id='word_1_777' title='bbox 3453 4961 3645 5031; x_wconf 82' lang='grc' dir='ltr'>αὑτήν.</span> <span class='ocrx_word' id='word_1_778' title='bbox 3671 4962 3798 5012; x_wconf 85' lang='grc' dir='ltr'>Δεο-</span> 
     </span>
    </p>
   </div>
   <div class='ocr_carea' id='block_1_105' title="bbox 2225 5051 3800 5126">
    <p class='ocr_par' dir='ltr' id='par_1_105' title="bbox 2225 5051 3800 5126">
     <span class='ocr_line' id='line_1_105' title="bbox 2225 5051 3800 5126; baseline 0.001 -19"><span class='ocrx_word' id='word_1_779' title='bbox 2225 5055 2392 5124; x_wconf 86' lang='grc' dir='ltr'>μένης</span> <span class='ocrx_word' id='word_1_780' title='bbox 2422 5051 2514 5109; x_wconf 79' lang='grc' dir='ltr'><strong>οὖν</strong></span> <span class='ocrx_word' id='word_1_781' title='bbox 2549 5057 2716 5126; x_wconf 82' lang='grc' dir='ltr'>αὐτῆς</span> <span class='ocrx_word' id='word_1_782' title='bbox 2747 5055 3084 5126; x_wconf 85' lang='grc' dir='ltr'>κατηλέησεν</span> <span class='ocrx_word' id='word_1_783' title='bbox 3118 5056 3145 5108; x_wconf 93' lang='lat'><strong>6</strong></span> <span class='ocrx_word' id='word_1_784' title='bbox 3175 5055 3408 5126; x_wconf 85' lang='grc' dir='ltr'>Χριστὸς</span> <span class='ocrx_word' id='word_1_785' title='bbox 3441 5057 3468 5108; x_wconf 82' lang='lat'><strong>6</strong></span> <span class='ocrx_word' id='word_1_786' title='bbox 3489 5055 3636 5117; x_wconf 76' lang='grc' dir='ltr'>ἐντος</span> <span class='ocrx_word' id='word_1_787' title='bbox 3666 5054 3800 5124; x_wconf 90' lang='grc' dir='ltr'>πλη-</span> 
     </span>
    </p>
   </div>
   <div class='ocr_carea' id='block_1_106' title="bbox 2218 5147 3797 5219">
    <p class='ocr_par' dir='ltr' id='par_1_106' title="bbox 2218 5147 3797 5219">
     <span class='ocr_line' id='line_1_106' title="bbox 2218 5147 3797 5219; baseline 0.001 -20"><span class='ocrx_word' id='word_1_788' title='bbox 2218 5147 2468 5219; x_wconf 85' lang='grc' dir='ltr'>ρώματος</span> <span class='ocrx_word' id='word_1_789' title='bbox 2512 5148 2588 5202; x_wconf 86' lang='grc' dir='ltr'>ὣν</span> <span class='ocrx_word' id='word_1_790' title='bbox 2635 5149 2732 5202; x_wconf 74' lang='grc' dir='ltr'>καὶ</span> <span class='ocrx_word' id='word_1_791' title='bbox 2778 5149 2829 5200; x_wconf 89' lang='grc' dir='ltr'><strong>οἰ</strong></span> <span class='ocrx_word' id='word_1_792' title='bbox 2868 5147 3017 5202; x_wconf 81' lang='grc' dir='ltr'>ἄλλοι</span> <span class='ocrx_word' id='word_1_793' title='bbox 3065 5147 3264 5212; x_wconf 85' lang='grc' dir='ltr'>πάντες</span> <span class='ocrx_word' id='word_1_794' title='bbox 3297 5149 3514 5214; x_wconf 84' lang='grc' dir='ltr'>αἰῶνες,</span> <span class='ocrx_word' id='word_1_795' title='bbox 3555 5148 3650 5201; x_wconf 75' lang='grc' dir='ltr'><strong>καὶ</strong></span> <span class='ocrx_word' id='word_1_796' title='bbox 3702 5148 3797 5200; x_wconf 82' lang='grc' dir='ltr'><strong>ὲκ-</strong></span> 
     </span>
    </p>
   </div>
   <div class='ocr_carea' id='block_1_107' title="bbox 1814 5277 2489 5335">
    <p class='ocr_par' dir='ltr' id='par_1_107' title="bbox 1814 5277 2489 5335">
     <span class='ocr_line' id='line_1_107' title="bbox 1814 5277 2489 5335; baseline 0 -1"><span class='ocrx_word' id='word_1_797' title='bbox 1814 5279 2047 5334; x_wconf 68' lang='lat' dir='ltr'><strong>VARIA&#39;S</strong></span> <span class='ocrx_word' id='word_1_798' title='bbox 2086 5277 2489 5335; x_wconf 74' lang='lat' dir='ltr'><strong>LECTIONES.</strong></span> 
     </span>
    </p>
   </div>
   <div class='ocr_carea' id='block_1_108' title="bbox 581 5433 3802 5513">
    <p class='ocr_par' dir='ltr' id='par_1_108' title="bbox 581 5433 3802 5513">
     <span class='ocr_line' id='line_1_108' title="bbox 581 5433 3802 5513; baseline 0.001 -25"><span class='ocrx_word' id='word_1_799' title='bbox 581 5433 1007 5504; x_wconf 66' lang='grc' dir='ltr'><strong>Μγεγενημένον</strong></span> <span class='ocrx_word' id='word_1_800' title='bbox 1033 5438 1096 5493; x_wconf 89' lang='lat' dir='ltr'><strong>C.</strong></span> <span class='ocrx_word' id='word_1_801' title='bbox 1135 5439 1177 5472; x_wconf 83' lang='grc'><strong>⁸²</strong></span> <span class='ocrx_word' id='word_1_802' title='bbox 1205 5439 1325 5492; x_wconf 71' lang='grc' dir='ltr'>ἐπεὶ</span> <span class='ocrx_word' id='word_1_803' title='bbox 1354 5439 1645 5513; x_wconf 81' lang='grc' dir='ltr'>προϐάλλει</span> <span class='ocrx_word' id='word_1_804' title='bbox 1666 5441 1727 5494; x_wconf 92' lang='lat' dir='ltr'><strong>C.</strong></span> <span class='ocrx_word' id='word_1_805' title='bbox 1746 5441 1799 5513; x_wconf 53' lang='grc' dir='ltr'><strong>ξ’</strong></span> <span class='ocrx_word' id='word_1_806' title='bbox 1829 5441 1920 5494; x_wconf 72' lang='grc' dir='ltr'><strong>τὸν</strong></span> <span class='ocrx_word' id='word_1_807' title='bbox 1954 5441 2186 5513; x_wconf 78' lang='grc' dir='ltr'>σταυρὸς</span> <span class='ocrx_word' id='word_1_808' title='bbox 2215 5439 2276 5504; x_wconf 87' lang='lat' dir='ltr'><strong>C-,</strong></span> <span class='ocrx_word' id='word_1_809' title='bbox 2306 5439 2377 5513; x_wconf 77' lang='grc' dir='ltr'><strong>Μ.</strong></span> <span class='ocrx_word' id='word_1_810' title='bbox 2398 5438 2816 5513; x_wconf 25' lang='lat' dir='ltr'><strong>De‘Staurosive</strong></span> <span class='ocrx_word' id='word_1_811' title='bbox 2839 5439 2996 5513; x_wconf 62' lang='lat' dir='ltr'><strong>Horn</strong></span> <span class='ocrx_word' id='word_1_812' title='bbox 3015 5437 3351 5513; x_wconf 69' lang='lat' dir='ltr'><strong>cfr.lren._c.</strong></span> <span class='ocrx_word' id='word_1_813' title='bbox 3373 5438 3502 5513; x_wconf 64' lang='lat' dir='ltr'><strong>Iter.</strong></span> <span class='ocrx_word' id='word_1_814' title='bbox 3530 5436 3570 5498; x_wconf 92' lang='grc'>1,</span> <span class='ocrx_word' id='word_1_815' title='bbox 3591 5436 3716 5495; x_wconf 74' lang='lat'><strong>2.2.</strong></span> 
     </span>
    </p>
   </div>
   <div class='ocr_carea' id='block_1_109' title="bbox 548 5507 740 5560">
    <p class='ocr_par' dir='ltr' id='par_1_109' title="bbox 548 5507 740 5560">
     <span class='ocr_line' id='line_1_109' title="bbox 548 5507 740 5560; baseline 0.01 -2"><span class='ocrx_word' id='word_1_816' title='bbox 548 5517 600 5558; x_wconf 87' lang='lat' dir='ltr'><strong>et</strong></span> <span class='ocrx_word' id='word_1_817' title='bbox 619 5522 667 5560; x_wconf 85' lang='lat' dir='ltr'><strong>c.</strong></span> <span class='ocrx_word' id='word_1_818' title='bbox 687 5507 740 5560; x_wconf 80' lang='grc'><strong>5.</strong></span> 
     </span>
    </p>
   </div>
   <div class='ocr_carea' id='block_1_110' title="bbox 550 5713 1198 5788">
    <p class='ocr_par' dir='ltr' id='par_1_110' title="bbox 550 5713 1198 5788">
     <span class='ocr_line' id='line_1_110' title="bbox 550 5713 1198 5788; baseline 0.014 -26"><span class='ocrx_word' id='word_1_819' title='bbox 550 5716 675 5788; x_wconf 56' lang='grc' dir='ltr'>ειμι),</span> <span class='ocrx_word' id='word_1_820' title='bbox 704 5713 774 5767; x_wconf 82' lang='lat' dir='ltr'><strong>M.</strong></span> <span class='ocrx_word' id='word_1_821' title='bbox 827 5718 1042 5788; x_wconf 44' lang='lat' dir='ltr'><strong>ﬁspou</strong></span> <span class='ocrx_word' id='word_1_822' title='bbox 1073 5721 1104 5788; x_wconf 83' lang='grc' dir='ltr'><strong>ῆ</strong></span> <span class='ocrx_word' id='word_1_823' title='bbox 1136 5721 1198 5774; x_wconf 89' lang='lat' dir='ltr'><strong>c.</strong></span> 
     </span>
    </p>
   </div>
   <div class='ocr_carea' id='block_1_111' title="bbox 833 5507 2881 5580">
    <p class='ocr_par' dir='ltr' id='par_1_111' title="bbox 833 5507 2881 5580">
     <span class='ocr_line' id='line_1_111' title="bbox 833 5507 2881 5580; baseline 0.001 -19"><span class='ocrx_word' id='word_1_824' title='bbox 833 5507 880 5539; x_wconf 83' lang='grc'><strong>⁸³</strong></span> <span class='ocrx_word' id='word_1_825' title='bbox 909 5510 1188 5580; x_wconf 86' lang='grc' dir='ltr'>μετοχεύς.</span> <span class='ocrx_word' id='word_1_826' title='bbox 1223 5507 1575 5580; x_wconf 80' lang='grc' dir='ltr'>μεταγωγεύς</span> <span class='ocrx_word' id='word_1_827' title='bbox 1608 5510 1908 5578; x_wconf 83' lang='lat' dir='ltr'><strong>appellatur</strong></span> <span class='ocrx_word' id='word_1_828' title='bbox 1935 5513 2002 5564; x_wconf 88' lang='lat' dir='ltr'><strong>ah</strong></span> <span class='ocrx_word' id='word_1_829' title='bbox 2033 5507 2232 5580; x_wconf 62' lang='lat' dir='ltr'><strong>lrénmo</strong></span> <span class='ocrx_word' id='word_1_830' title='bbox 2267 5515 2300 5564; x_wconf 94' lang='lat' dir='ltr'><strong>I.</strong></span> <span class='ocrx_word' id='word_1_831' title='bbox 2341 5511 2376 5564; x_wconf 90' lang='grc' dir='ltr'><strong>Ι.</strong></span> <span class='ocrx_word' id='word_1_832' title='bbox 2397 5525 2431 5564; x_wconf 91' lang='grc'><strong>1,</strong></span> <span class='ocrx_word' id='word_1_833' title='bbox 2458 5509 2566 5572; x_wconf 67' lang='lat'><strong>2,4</strong></span> <span class='ocrx_word' id='word_1_834' title='bbox 2592 5521 2645 5563; x_wconf 89' lang='lat' dir='ltr'><strong>et</strong></span> <span class='ocrx_word' id='word_1_835' title='bbox 2676 5526 2726 5564; x_wconf 92' lang='lat' dir='ltr'><strong>c.</strong></span> <span class='ocrx_word' id='word_1_836' title='bbox 2751 5511 2881 5573; x_wconf 70' lang='lat'><strong>3,1.</strong></span> 
     </span>
    </p>
   </div>
   <div class='ocr_carea' id='block_1_112' title="bbox 549 5575 3034 5666">
    <p class='ocr_par' dir='ltr' id='par_1_112' title="bbox 549 5575 3034 5666">
     <span class='ocr_line' id='line_1_112' title="bbox 549 5575 3034 5666; baseline 0.001 -37"><span class='ocrx_word' id='word_1_837' title='bbox 549 5575 972 5666; x_wconf 50' lang='lat' dir='ltr'><strong>gug‘liqepertlis,</strong></span> <span class='ocrx_word' id='word_1_838' title='bbox 1003 5575 1468 5666; x_wconf 35' lang='grc' dir='ltr'>αμεταξὶλήτωςῖς</span> <span class='ocrx_word' id='word_1_839' title='bbox 1502 5581 1560 5666; x_wconf 48' lang='lat' dir='ltr'><strong>“ﬂ</strong></span> <span class='ocrx_word' id='word_1_840' title='bbox 1613 5575 1707 5666; x_wconf 49' lang='grc' dir='ltr'>ξιρί</span> <span class='ocrx_word' id='word_1_841' title='bbox 1737 5581 1990 5666; x_wconf 67' lang='grc' dir='ltr'><strong>¹ιςενέσθαι</strong></span> <span class='ocrx_word' id='word_1_842' title='bbox 2037 5581 2098 5643; x_wconf 89' lang='lat' dir='ltr'><strong>C,</strong></span> <span class='ocrx_word' id='word_1_843' title='bbox 2131 5579 2202 5633; x_wconf 83' lang='lat' dir='ltr'><strong>M.</strong></span> <span class='ocrx_word' id='word_1_844' title='bbox 2237 5649 2247 5666; x_wconf 33' lang='grc' dir='ltr'><strong><em>θ</em></strong></span> <span class='ocrx_word' id='word_1_845' title='bbox 2290 5581 2336 5614; x_wconf 77' lang='grc'><strong>⁸⁵</strong></span> <span class='ocrx_word' id='word_1_846' title='bbox 2366 5581 2552 5647; x_wconf 75' lang='grc' dir='ltr'><strong>ἐγγύς.</strong></span> <span class='ocrx_word' id='word_1_847' title='bbox 2604 5581 2753 5666; x_wconf 60' lang='grc' dir='ltr'>ἐντὸς</span> <span class='ocrx_word' id='word_1_848' title='bbox 2787 5581 2953 5666; x_wconf 47' lang='grc' dir='ltr'>ὲέγίζς</span> <span class='ocrx_word' id='word_1_849' title='bbox 2981 5595 3034 5666; x_wconf 44' lang='grc' dir='ltr'><strong>,τι</strong></span> 
     </span>
    </p>
   </div>
   <div class='ocr_carea' id='block_1_113' title="bbox 549 5645 3102 5720">
    <p class='ocr_par' dir='ltr' id='par_1_113' title="bbox 549 5645 3102 5720">
     <span class='ocr_line' id='line_1_113' title="bbox 549 5645 3102 5720; baseline 0.002 -22"><span class='ocrx_word' id='word_1_850' title='bbox 549 5645 595 5676; x_wconf 80' lang='grc'>⁸⁸</span> <span class='ocrx_word' id='word_1_851' title='bbox 618 5647 702 5699; x_wconf 84' lang='lat' dir='ltr'><strong>Cl&#39;.</strong></span> <span class='ocrx_word' id='word_1_852' title='bbox 737 5647 876 5704; x_wconf 82' lang='lat' dir='ltr'><strong>lren.</strong></span> <span class='ocrx_word' id='word_1_853' title='bbox 901 5649 936 5700; x_wconf 92' lang='lat' dir='ltr'><strong>I.</strong></span> <span class='ocrx_word' id='word_1_854' title='bbox 955 5654 991 5701; x_wconf 89' lang='grc' dir='ltr'><strong>Ι.</strong></span> <span class='ocrx_word' id='word_1_855' title='bbox 1017 5645 1141 5713; x_wconf 54' lang='grc' dir='ltr'>ιιι.</span> <span class='ocrx_word' id='word_1_856' title='bbox 1181 5651 1226 5682; x_wconf 78' lang='grc'><strong>⁸⁸</strong></span> <span class='ocrx_word' id='word_1_857' title='bbox 1272 5645 1560 5703; x_wconf 70' lang='grc' dir='ltr'>ὀὐδενίτιῗ</span> <span class='ocrx_word' id='word_1_858' title='bbox 1621 5651 1666 5683; x_wconf 81' lang='grc' dir='ltr'><strong>⁸ο</strong></span> <span class='ocrx_word' id='word_1_859' title='bbox 1687 5645 2030 5719; x_wconf 80' lang='grc' dir='ltr'>χείρονουν...</span> <span class='ocrx_word' id='word_1_860' title='bbox 2062 5668 2138 5704; x_wconf 93' lang='grc' dir='ltr'>ον.</span> <span class='ocrx_word' id='word_1_861' title='bbox 2163 5649 2383 5720; x_wconf 79' lang='grc' dir='ltr'>χείρονα</span> <span class='ocrx_word' id='word_1_862' title='bbox 2405 5645 2789 5720; x_wconf 81' lang='grc' dir='ltr'>νενομισμένον</span> <span class='ocrx_word' id='word_1_863' title='bbox 2808 5645 2837 5702; x_wconf 57' lang='grc' dir='ltr'><em>ἵ</em></span> <span class='ocrx_word' id='word_1_864' title='bbox 2866 5645 2875 5648; x_wconf 42' lang='grc'><strong><em>-</em></strong></span> <span class='ocrx_word' id='word_1_865' title='bbox 2904 5651 2947 5682; x_wconf 72' lang='grc'>⁸⁸</span> <span class='ocrx_word' id='word_1_866' title='bbox 2980 5650 3102 5714; x_wconf 78' lang='grc' dir='ltr'><strong>ἔξω.</strong></span> 
     </span>
    </p>
   </div>
   <div class='ocr_carea' id='block_1_114' title="bbox 1292 5718 2898 5793">
    <p class='ocr_par' dir='ltr' id='par_1_114' title="bbox 1292 5718 2898 5793">
     <span class='ocr_line' id='line_1_114' title="bbox 1292 5718 2898 5793; baseline 0.001 -23"><span class='ocrx_word' id='word_1_867' title='bbox 1292 5720 1339 5750; x_wconf 64' lang='grc'><strong>⁸⁸</strong></span> <span class='ocrx_word' id='word_1_868' title='bbox 1361 5721 1544 5793; x_wconf 44' lang='lat' dir='ltr'><strong>cit-3290.</strong></span> <span class='ocrx_word' id='word_1_869' title='bbox 1575 5720 1664 5771; x_wconf 78' lang='grc' dir='ltr'>τὸν</span> <span class='ocrx_word' id='word_1_870' title='bbox 1688 5718 1903 5793; x_wconf 37' lang='grc' dir='ltr'><strong>υΔὶὸν--Ο,</strong></span> <span class='ocrx_word' id='word_1_871' title='bbox 1934 5718 2346 5793; x_wconf 18' lang='grc' dir='ltr'><strong>Με-δὲνθῇἰιίζῆἰ.</strong></span> <span class='ocrx_word' id='word_1_872' title='bbox 2420 5719 2466 5793; x_wconf 57' lang='grc' dir='ltr'><strong>’ξ</strong></span> <span class='ocrx_word' id='word_1_873' title='bbox 2499 5718 2798 5793; x_wconf 56' lang='grc' dir='ltr'>ηὺρἱκησαν</span> <span class='ocrx_word' id='word_1_874' title='bbox 2836 5720 2898 5774; x_wconf 89' lang='lat' dir='ltr'><strong>C.</strong></span> 
     </span>
    </p>
   </div>
   <div class='ocr_carea' id='block_1_115' title="bbox 2959 5509 3802 5579">
    <p class='ocr_par' dir='ltr' id='par_1_115' title="bbox 2959 5509 3802 5579">
     <span class='ocr_line' id='line_1_115' title="bbox 2959 5509 3802 5579; baseline -0.005 -17"><span class='ocrx_word' id='word_1_875' title='bbox 2959 5511 3008 5542; x_wconf 63' lang='grc'><strong>⁸⁸</strong></span> <span class='ocrx_word' id='word_1_876' title='bbox 3036 5510 3441 5579; x_wconf 16' lang='grc' dir='ltr'>ἀμετανοὴτγως,</span> <span class='ocrx_word' id='word_1_877' title='bbox 3467 5509 3802 5579; x_wconf 17' lang='grc' dir='ltr'>ἀᾼμετααινῂ-</span> 
     </span>
    </p>
   </div>
   <div class='ocr_carea' id='block_1_116' title="bbox 2290 5577 3801 5716">
    <p class='ocr_par' dir='ltr' id='par_1_116' title="bbox 2290 5577 3801 5716">
     <span class='ocr_line' id='line_1_116' title="bbox 2290 5577 3799 5660; baseline -0.001 -27"><span class='ocrx_word' id='word_1_878' title='bbox 2290 5581 2336 5614; x_wconf 77' lang='grc'><strong>⁸⁵</strong></span> <span class='ocrx_word' id='word_1_879' title='bbox 2366 5581 2552 5647; x_wconf 76' lang='grc' dir='ltr'><strong>ἐγγύς.</strong></span> <span class='ocrx_word' id='word_1_880' title='bbox 2604 5581 2753 5643; x_wconf 71' lang='grc' dir='ltr'>ἐντὸς</span> <span class='ocrx_word' id='word_1_881' title='bbox 2787 5581 2953 5648; x_wconf 76' lang='grc' dir='ltr'>ἐγγὺς</span> <span class='ocrx_word' id='word_1_882' title='bbox 2995 5577 3087 5645; x_wconf 73' lang='lat' dir='ltr'><strong>pr.</strong></span> <span class='ocrx_word' id='word_1_883' title='bbox 3114 5579 3178 5633; x_wconf 92' lang='lat' dir='ltr'><strong>C.</strong></span> <span class='ocrx_word' id='word_1_884' title='bbox 3246 5577 3292 5609; x_wconf 82' lang='grc'><strong>⁸⁷</strong></span> <span class='ocrx_word' id='word_1_885' title='bbox 3331 5577 3454 5629; x_wconf 79' lang='grc' dir='ltr'><strong>ὑπό.</strong></span> <span class='ocrx_word' id='word_1_886' title='bbox 3487 5577 3595 5629; x_wconf 77' lang='grc' dir='ltr'><strong>ἀπὸ</strong></span> <span class='ocrx_word' id='word_1_887' title='bbox 3633 5577 3799 5660; x_wconf 37' lang='lat' dir='ltr'><strong>(22M.</strong></span> 
     </span>
     <span class='ocr_line' id='line_1_117' title="bbox 2290 5645 3801 5716; baseline -0.002 -15"><span class='ocrx_word' id='word_1_888' title='bbox 2290 5667 2383 5702; x_wconf 89' lang='grc' dir='ltr'><strong>ονα</strong></span> <span class='ocrx_word' id='word_1_889' title='bbox 2405 5651 2831 5716; x_wconf 66' lang='grc' dir='ltr'>νενομισμένονῗ</span> <span class='ocrx_word' id='word_1_890' title='bbox 2904 5651 2947 5682; x_wconf 72' lang='grc'>⁸⁸</span> <span class='ocrx_word' id='word_1_891' title='bbox 2980 5650 3102 5714; x_wconf 78' lang='grc' dir='ltr'><strong>ἔξω.</strong></span> <span class='ocrx_word' id='word_1_892' title='bbox 3136 5650 3169 5716; x_wconf 83' lang='grc' dir='ltr'><strong>ἡ</strong></span> <span class='ocrx_word' id='word_1_893' title='bbox 3199 5645 3342 5711; x_wconf 66' lang='grc' dir='ltr'>ἔξωῗ</span> <span class='ocrx_word' id='word_1_894' title='bbox 3363 5647 3431 5700; x_wconf 79' lang='grc' dir='ltr'><strong>Μ.</strong></span> <span class='ocrx_word' id='word_1_895' title='bbox 3503 5649 3548 5680; x_wconf 74' lang='grc'><strong>³⁸</strong></span> <span class='ocrx_word' id='word_1_896' title='bbox 3583 5665 3801 5716; x_wconf 86' lang='grc' dir='ltr'>πνευμα</span> 
     </span>
    </p>
   </div>
   <div class='ocr_carea' id='block_1_117' title="bbox 2975 5650 3802 5790">
    <p class='ocr_par' dir='ltr' id='par_1_117' title="bbox 2975 5650 3802 5790">
     <span class='ocr_line' id='line_1_118' title="bbox 2980 5650 3801 5718; baseline -0.006 -15"><span class='ocrx_word' id='word_1_897' title='bbox 2980 5650 3102 5714; x_wconf 78' lang='grc' dir='ltr'><strong>ἔξω.</strong></span> <span class='ocrx_word' id='word_1_898' title='bbox 3136 5650 3169 5718; x_wconf 82' lang='grc' dir='ltr'><strong>ἡ</strong></span> <span class='ocrx_word' id='word_1_899' title='bbox 3199 5650 3431 5711; x_wconf 66' lang='grc' dir='ltr'><strong>ἔξωῗΜ.</strong></span> <span class='ocrx_word' id='word_1_900' title='bbox 3503 5650 3548 5680; x_wconf 72' lang='grc'><strong><em>’⁸</em></strong></span> <span class='ocrx_word' id='word_1_901' title='bbox 3583 5650 3801 5716; x_wconf 84' lang='grc' dir='ltr'>πνεῦμα</span> 
     </span>
     <span class='ocr_line' id='line_1_119' title="bbox 2975 5715 3802 5790; baseline 0.004 -20"><span class='ocrx_word' id='word_1_902' title='bbox 2975 5721 3022 5752; x_wconf 74' lang='grc'><strong>⁸⁸</strong></span> <span class='ocrx_word' id='word_1_903' title='bbox 3049 5718 3317 5788; x_wconf 80' lang='grc' dir='ltr'>ἐνότητος.</span> <span class='ocrx_word' id='word_1_904' title='bbox 3349 5717 3597 5790; x_wconf 72' lang='grc' dir='ltr'>νεότητος</span> <span class='ocrx_word' id='word_1_905' title='bbox 3623 5715 3686 5783; x_wconf 86' lang='lat' dir='ltr'><strong>C,</strong></span> <span class='ocrx_word' id='word_1_906' title='bbox 3730 5717 3802 5773; x_wconf 71' lang='grc' dir='ltr'><strong>Μ.</strong></span> 
     </span>
    </p>
   </div>
   <div class='ocr_carea' id='block_1_118' title="bbox 549 5781 2780 5860">
    <p class='ocr_par' dir='ltr' id='par_1_118' title="bbox 549 5781 2780 5860">
     <span class='ocr_line' id='line_1_120' title="bbox 549 5781 2780 5860; baseline 0.006 -23"><span class='ocrx_word' id='word_1_907' title='bbox 549 5783 596 5815; x_wconf 86' lang='grc'><strong>⁹⁷</strong></span> <span class='ocrx_word' id='word_1_908' title='bbox 627 5781 760 5838; x_wconf 79' lang='lat' dir='ltr'><strong>Post</strong></span> <span class='ocrx_word' id='word_1_909' title='bbox 793 5781 1013 5856; x_wconf 75' lang='grc' dir='ltr'>εἰρήνης</span> <span class='ocrx_word' id='word_1_910' title='bbox 1040 5781 1302 5845; x_wconf 66' lang='grc' dir='ltr'><strong>ριέςὶάθτὶι</strong></span> <span class='ocrx_word' id='word_1_911' title='bbox 1337 5788 1622 5857; x_wconf 73' lang='grc' dir='ltr'>σύμϐολον.</span> <span class='ocrx_word' id='word_1_912' title='bbox 1696 5788 1922 5860; x_wconf 38' lang='lat' dir='ltr'><strong>&quot;fl-17.5.</strong></span> <span class='ocrx_word' id='word_1_913' title='bbox 1971 5790 2122 5843; x_wconf 76' lang='grc' dir='ltr'>Ἐπεὶ</span> <span class='ocrx_word' id='word_1_914' title='bbox 2150 5790 2212 5844; x_wconf 86' lang='lat' dir='ltr'><strong>C.</strong></span> <span class='ocrx_word' id='word_1_915' title='bbox 2285 5790 2330 5821; x_wconf 63' lang='grc' dir='ltr'>θ’</span> <span class='ocrx_word' id='word_1_916' title='bbox 2363 5781 2694 5841; x_wconf 67' lang='grc' dir='ltr'>καθεέπῶσσί</span> <span class='ocrx_word' id='word_1_917' title='bbox 2718 5791 2780 5844; x_wconf 79' lang='lat' dir='ltr'><strong>C.</strong></span> 
     </span>
    </p>
   </div>
  </div>
