4144 6328
489 341 625 406 3257

1922 333 2284 397 ORIGENIS

3582 339 3724 405 3258

489 455 743 524 quoniam
784 451 1329 519 velun'tas'tanquam
1365 456 1602 519 potestas
1650 445 1864 502 exstitit
1887 444 2045 515 Cogi-

2151 448 2339 520 ὥσπερ
2370 449 2600 522 δύναμις
2641 453 2858 521 ἐγένετο
2899 453 2996 524 τῆς
3045 454 3304 518 Ἐννοίας.
3363 456 3653 511 Ἐνενοεῖτο
3676 460 3722 489 ³³

493 545 730 598 tationis.
761 543 1046 614 Cogitabat
1079 541 1223 595 enim
1261 541 1531 609 Cogitatio
1561 553 1774 607 semper
1796 539 2048 593 emissio-

491 652 633 702 nem,
671 651 847 704 neque
878 645 1056 688 tamen
1081 634 1191 701 ipsa
1226 639 1438 699 poterat
1473 629 1728 682 emittere
1786 643 1879 696 per
1905 642 2046 691 sese,

490 728 584 780 sed
607 727 878 794 cogitabat
903 741 919 792 ;
949 735 1234 794 postquam
1253 729 1440 774 autem
1467 718 1773 774 Voluntatis
1803 728 2049 788 potestas

489 817 732 883 advenit,
770 827 896 870 tunc
924 817 1064 882 quod
1092 812 1363 880 cogitabat
1391 809 1592 864 emisit.

558 909 646 963 59.
673 907 827 960 Alius
851 913 1028 958 autem
1055 917 1244 957 eorum
1279 901 1537 969 magister
1567 898 1800 963 Marcus,
1827 900 2050 970 magicae

488 998 711 1066 peritus,
729 996 919 1064 partim
938 1007 1033 1063 per
1044 991 1342 1062 prmStigias
1356 1004 1636 1059 peragens,
1654 991 1850 1058 partim
1872 1001 2047 1045 autem

486 1089 648 1142 etiam
668 1101 761 1154 per
777 1085 1044 1139 daemones
1059 1083 1266 1151 decepit
1284 1083 1500 1135 multos.
1519 1081 1616 1136 Hic
1637 1083 1848 1138 dicebat
1863 1099 1980 1138 esse
1997 1086 2048 1137 in

487 1191 545 1231 se
566 1190 831 1246 summam
870 1174 1122 1227 virtutem
1150 1173 1217 1226 ab
1236 1172 1596 1227 invisibilibus
1623 1184 1677 1227 et
1701 1161 2050 1228 innominatis

486 1267 623 1324 locis
671 1265 1081 1320 redundantem.
1115 1262 1182 1316 Et
1213 1278 1354 1332 saepe
1388 1265 1637 1333 poculum
1673 1279 1894 1319 sumens
1927 1275 2049 1318 tan-

484 1373 645 1427 quam
679 1370 1031 1421 consecratis,
1065 1366 1121 1410 et
1152 1356 1364 1425 longius
1394 1358 1698 1424 producens
1729 1371 2044 1410 sermonem

485 1449 846 1505 invocationis
869 1446 1070 1510 elIecit,
1107 1455 1167 1499 ut
1199 1445 1422 1499 mistura
1452 1461 1733 1516 purpurea
1770 1457 2052 1516 appareret

488 1552 544 1597 et
575 1540 870 1609 aliquando
905 1540 1091 1601 rubra,
1123 1547 1180 1590 ut
1203 1537 1559 1604 opinarentur
1590 1537 1648 1600 ii,
1677 1539 1767 1606 qui
1800 1539 2050 1606 decipie-

484 1630 702 1694 bantur,
739 1625 1097 1697 298-299
1127 1626 1354 1692 gratiam
1384 1625 1674 1691 quamdam
1712 1627 2046 1680 descendere

487 1730 538 1774 et
564 1719 1030 1788 sanguinolentam
1058 1723 1377 1784 potestatem
1407 1715 1646 1783 praebere
1678 1717 1846 1784 potui.
1884 1716 2050 1770 Val’er

2157 541 2256 610 μὲν
2287 541 2395 612 γὰρ
2433 543 2577 613 dell)
2623 545 2841 597 Ἐννοια
2883 545 2980 615 τὴν
3023 545 3311 614 προϐολὴν,
3346 546 3405 597 οὐ
3444 546 3626 613 μέντοι
3656 564 3722 616 γε

2154 623 2479 700 προϐάλλειν
2503 632 2638 703 αὐτὴ
2664 635 2785 686 κατ’
2809 634 2976 703 αὐτὴν
2998 633 3250 702 ἠδύνατο,
3273 634 3410 686 ἀλλὰ
3438 637 3720 703 ἐνενοεῖτο,

2151 722 2239 773 ὅτε
2271 721 2328 774 δέ
2364 721 2512 789 ἡτού
2540 722 2855 793 Θελήματος
2885 723 3108 794 δύναμις
3138 723 3474 798 [ἐπεγένετο]
3499 725 3564 790 ³³,
3601 728 3723 782 τότε

2153 809 2224 882 [ὃ]
2250 811 2296 842 ³⁸
2326 813 2586 864 ἐνενοεῖτο
2611 812 2921 883 προϐάλλει.

2219 901 2317 955 λθ’.
2355 902 2545 965 Ἀλλος
2583 903 2639 954 δέ
2680 921 2764 966 τις
2787 904 2832 935 ³⁸
2879 903 3195 967 διδάσκαλος
3234 905 3412 958 αὐτῶν
3456 905 3719 975 Μάρκος,

2154 992 2392 1063 μαγικῆς
2417 992 2680 1063 ἔμπειρος
2702 993 2738 1047 ἃ
2762 994 2858 1063 μὲν
2886 994 2972 1047 διὰ
2999 994 3222 1056 κυϐείας
3249 995 3485 1063 ἐνεργῶν
3509 997 3575 1060 ³⁵,
3605 996 3639 1049 ἃ.
3664 999 3722 1051 δὲ

2151 1082 2244 1134 καὶ
2276 1082 2362 1134 διὰ
2405 1081 2674 1152 δαιμόνων
2720 1083 2903 1152 ἠπάτα
2942 1083 3189 1146 πολλούς.
3233 1078 3400 1147 Οὗτος
3428 1085 3612 1152 ἔλεγεν
3660 1088 3722 1139 ἐν

2150 1173 2298 1243 αὐτῷ
2326 1173 2423 1242 τὴν
2473 1173 2734 1241 μεγίστην
2777 1173 2883 1226 ἀπὸ
2925 1173 3032 1227 τῶν
3078 1175 3326 1242 ἀοράτων
3373 1175 3466 1228 καὶ
3518 1177 3720 1228 ἀκατο-

2150 1264 2430 1330 νομάστων
2459 1263 2500 1292 ³⁷
2543 1261 2723 1316 τόπων
2766 1258 2902 1314 εἶναι
2938 1260 3184 1331 δύναμιν.
3223 1263 3331 1315 Kal
3356 1263 3419 1331 δὴ
3460 1263 3721 1326 πολλάκις

2150 1352 2440 1421 λαμϐάνων
2477 1353 2732 1422 ποτήριον
2759 1351 2840 1414 ὡς
2875 1351 3235 1421 εὐχαριστῶν,
3273 1353 3366 1405 καὶ
3405 1354 3498 1405 ἐπὶ
3538 1354 3720 1406 πλεῖον

2151 1443 2406 1496 ἐκτείνων
2453 1443 2544 1496 τὸν
2587 1443 2744 1510 λόγον
2792 1443 2889 1512 τῆς
2929 1444 3272 1514 ἐπικλήσεως
3319 1444 3627 1516 πορφύρεον
3657 1447 3721 1498 τὸ

2151 1537 2406 1605 κέρασμα
2449 1535 2620 1588 ἐποίει
2662 1533 2736 1604 [p.
2763 1535 2890 1600 20,0.
2937 1534 3085 1605 20L]
3117 1535 3400 1604 φαίνεσθαι
3452 1538 3543 1589 καί
3589 1553 3718 1589 ποτε

2152 1626 2399 1697 ἐρυθρὸν,
2436 1626 2512 1689 ὡς
2559 1627 2733 1679 δοκεῖν
2780 1626 2906 1688 τοὺς
2945 1625 3339 1695 ἀπατωμένους
3389 1627 3547 1697 χάριν
3595 1627 3718 1680 τινὰ

2152 1716 2394 1769 κατιέναι
2422 1715 2516 1768 καὶ
2542 1713 2825 1784 αἱματώδη
2853 1713 3078 1784 δύναμιν
3103 1714 3361 1784 παρέχειν
3382 1714 3454 1784 τῷ
3487 1715 3710 1784 πόματι.

485 1823 661 1866 autem
699 1809 788 1864 ille
821 1819 932 1862 tum
979 1809 1198 1876 quidem
1236 1807 1433 1860 multos
1476 1805 1710 1874 decepit,
1759 1821 1899 1859 nunc
1951 1821 2045 1858 au-

2161 1808 2218 1858 Ὀ
2252 1807 2307 1858 δέ
2341 1806 2646 1875 πανοῦργος
2691 1804 2811 1857 τότε
2865 1805 2960 1874 μὲν
3004 1806 3230 1869 πολλοὺς
3263 1805 3449 1869 ἔλαϐε,
3505 1807 3622 1858 νυνὶ
3655 1806 3714 1859 δὲ

487 1915 594 1958 tem
627 1901 911 1957 convictus
941 1899 1177 1955 desinet.
1209 1897 1664 1952 Medicamentum
1691 1896 1834 1950 enim
1857 1935 1872 1961 ,
1903 1897 2046 1964 quod

483 1995 647 2051 talem
681 1993 966 2063 quemdam
992 2000 1170 2062 potest
1209 1989 1446 2044 colorem
1475 1987 1740 2059 prze‘bere,
1783 1987 1919 2041 clam
1946 1989 2049 2041 im-

484 2085 705 2140 mittens
732 2083 786 2137 in
833 2083 1142 2147 misturam,
1183 2080 1408 2134 multum
1439 2094 1647 2148 nugans
1677 2081 2045 2149 exspectabat,

483 2185 543 2230 ut
571 2174 823 2230 allectum
857 2173 1076 2228 humido
1099 2173 1426 2242 liquesceret
1456 2179 1511 2225 et
1537 2172 1826 2224 admistutn
1865 2170 2049 2225 inlice-

485 2276 566 2320 ret
599 2273 807 2335 potum.
861 2263 1255 2317 Medicamenta
1304 2270 1484 2314 autem
1520 2274 1640 2328 qua:
1690 2260 1790 2314 hoc
1830 2258 2044 2316 elIicere

483 2366 729 2426 possunt,
769 2356 822 2408 in
859 2368 922 2410 eo
971 2353 1128 2417 libro,
1163 2352 1253 2422 qui
1284 2359 1366 2404 est
1411 2360 1600 2404 contra
1648 2363 1853 2416 magos,
1897 2364 2050 2417 pra:—

482 2448 735 2506 diximus.
775 2445 864 2499 ubi
914 2443 1292 2513 exposuimus,
1345 2440 1615 2509 quomodo
1661 2438 1860 2493 multos
1904 2440 2050 2494 deci-

483 2540 692 2610 pientes
743 2538 1027 2599 seducant,
1066 2535 1264 2604 quibus
1306 2534 1352 2588 si
1401 2531 1548 2586 cordi
1585 2530 1690 2586 erit
1741 2531 2050 2585 accuratius

376 2611 389 2629 ’
483 2633 548 2684 ad
574 2645 661 2694 ea,
698 2643 818 2698 quae
851 2629 991 2682 dicta
1023 2634 1171 2689 sunt,
1207 2624 1447 2678 animum
1489 2623 1771 2677 advertere
1793 2660 1808 2685 ,
1841 2635 2044 2690 cogno-

488 2732 645 2778 scent
672 2719 839 2774 Marci
878 2717 1116 2771 fraudes.

551 2902 640 2958 40.
673 2899 772 2967 Qui
801 2909 855 2952 et
885 2895 1139 2968 poculum
1164 2892 1342 2947 minus
1367 2890 1606 2947 miscens
1634 2887 1795 2944 dabat
1829 2887 2052 2943 mulier-

479 2996 616 3051 cula:
653 2993 722 3047 ad
770 2987 1225 3050 consecrandum,
1269 2985 1384 3054 ipse
1412 2987 1673 3039 assistens
1711 2990 1765 3037 et
1810 2982 2048 3034 alterum

481 3101 640 3142 manu
684 3094 874 3138 tenens
912 3079 1002 3134 illo
1053 3077 1228 3146 majus
1277 3076 1439 3144 idque
1480 3089 1737 3139 vacuum,
1796 3080 1850 3127 et
1901 3080 2050 3140 post-

2149 1896 2504 1966 ὲλεγχόμενος
2543 1895 2841 1949 παύσεται·
2879 1897 3168 1966 φάρμακον
3216 1896 3326 1966 γάρ
3365 1913 3415 1948 τι
3459 1896 3716 1966 τοιαύτην

2149 1988 2442 2057 δυνάμενον
2487 1986 2651 2056 χρόαν
2697 1989 2998 2056 παρασχεῖν
3045 1986 3314 2056 λαθραίως
3340 1985 3384 2017 ⁸⁸
3429 1986 3586 2039 ἐνιῶν
3639 1986 3717 2056 τῷ

2149 2078 2456 2148 κεράσματι
2508 2071 2737 2130 ἐπιπὸλύ
2781 2077 3036 2148 φλυαρῶν
3077 2079 3357 2148 ἀνέμενεν,
3421 2079 3569 2140 ὅπως
3617 2077 3720 2146 τῆς

2150 2169 2442 2239 ὑγρότητος
2478 2168 2778 2237 μεταλαϐὺν
2807 2169 2852 2201 ³³
2893 2169 3025 2240 λυθῇ
3060 2170 3153 2222 καὶ
3185 2169 3451 2240 ἁναμιγὲν
3483 2170 3720 2239 ἐπιχρω-

2149 2259 2273 2328 τίσῃ
2298 2258 2343 2290 ⁸⁸
2385 2259 2447 2310 τὸ
2484 2258 2655 2329 πόμα.
2698 2257 2778 2312 Τὰ
2814 2259 2871 2311 δὲ
2903 2259 3179 2330 δυνάμενα
3219 2260 3377 2314 τοῦτο
3416 2263 3718 2331 παρασχεῖν

2152 2349 2418 2420 φάρμακα
2447 2352 2503 2403 ἐν
2527 2352 2592 2419 τῇ
2618 2348 2760 2402 κατὰ
2795 2349 2986 2419 μάγων
3017 2350 3185 2421 βίϐλῳ
3205 2351 3537 2422 προείπομεν
3567 2350 3720 2402 ἐκθέ-

2154 2456 2337 2509 μενοι,
2381 2441 2456 2503 ὡς
2498 2442 2721 2506 πολλοὺς
2769 2442 3077 2505 πλανῶντες
3120 2443 3492 2512 ἀφανίζουσιν,
3549 2437 3629 2505 οἷς
3673 2443 3722 2496 εί

2151 2531 2302 2599 φίλον
2333 2534 2749 2602 περιεργότερον
2780 2531 2856 2602 τῷ
2894 2533 3166 2604 ε-ίρημένῳ
3199 2536 3608 2605 προσεπισχεῖν,
3639 2533 3718 2586 εί-

2153 2638 2338 2676 σονται
2364 2621 2461 2692 τὴν
2490 2623 2720 2695 Μάρκου
2752 2623 2981 2694 πλάνην.

2217 2908 2262 2962 μ
2283 2929 2296 2942 .
2339 2891 2434 2954 Ὃς
2463 2891 2556 2943 καὶ
2594 2891 2852 2962 ποτήριον
2896 2891 3217 2962 μικρότερον
3242 2890 3286 2924 δι
3319 2892 3520 2963 κιρνῶν
3551 2893 3716 2946 ἐδίδου

2151 2981 2369 3049 γυναικὶ
2408 2983 2770 3054 εὐχαριστεῖν,
2817 2984 2980 3045 αὐτὸς
3034 2982 3323 3055 παρεστὼς
3373 2985 3468 3038 καὶ
3534 2986 3717 3056 ἕτερον

2151 3073 2366 3145 κρατῶν
2413 3075 2622 3128 ἐκείνου
2662 3075 2844 3145 μεῖζον
2889 3075 3064 3139 κενὸν,
3101 3077 3194 3128 καὶ
3245 3077 3717 3149 εὐχαριστησάσης

478 3193 640 3249 quam
700 3173 1044 3229 consecravit
1102 3169 1298 3225 mulier
1345 3168 1566 3237 decepta
1601 3209 1616 3233 ,
1678 3178 1895 3220 sumens
1966 3164 2045 3217 in-

2148 3162 2246 3233 τῆς
2277 3164 2644 3235 ἀπατωμένης
2685 3164 2812 3229 δεξά
2843 3165 2852 3236 Ι
2887 3183 3047 3236 μενος
3081 3165 3279 3236 ἐπέχει
3300 3169 3379 3230 εἰς
3407 3168 3499 3220 τὸν
3526 3170 3714 3240 μείζω,

481 3269 733 3324 fundebat
786 3265 838 3319 in
873 3262 1050 3332 majus
1098 3268 1153 3316 et
1205 3258 1498 3314 identidem
1548 3255 1932 3311 transfundens
1963 3252 2044 3305 al-

481 3374 652 3416 terum
712 3360 763 3412 in
809 3356 1036 3410 alterum
1073 3353 1305 3408 addebat
1348 3350 1461 3404 hmo
1502 3348 1708 3402 verba:
1742 3345 1872 3410 Illa,
1929 3357 2046 3412 qua:

477 3461 555 3506 est
584 3461 704 3504 ante
735 3447 931 3511 omnia,
966 3439 1504 3512 incomprehensibilis
1533 3447 1580 3492 et
1606 3435 1891 3504 ine/rabilis
1921 3449 2046 3503 gra-

480 3545 555 3597 tia
592 3539 799 3608 impleat
831 3546 977 3589 tuum
1005 3535 1147 3587 intus
1175 3531 1432 3584 hominem
1464 3537 1515 3582 et
1545 3535 1736 3596 augeat
1787 3527 1842 3578 in
1878 3535 1926 3579 te
1963 3526 2044 3579 in—

481 3629 817 3700 telligentiam
844 3624 948 3689 sui,
967 3624 1275 3689 inspargens
1302 3632 1522 3687 granum
1543 3614 1739 3684 sinapis
1768 3614 1823 3667 in
1853 3615 2044 3666 bonam

482 3732 697 3776 terram.
730 3716 798 3772 Et
846 3713 974 3768 talia
1020 3709 1263 3780 quaedam
1313 3705 1507 3762 affatus
1541 3715 1702 3775 atque
1733 3702 2045 3772 obstupefa-

480 3814 633 3868 cicns
663 3817 718 3863 et
743 3808 1022 3876 deceptam
1047 3801 1190 3856 illam
1220 3809 1271 3854 et
1301 3798 1393 3868 qui
1426 3797 1622 3859 adsunt
1648 3804 1905 3864 tanquam
1939 3793 2042 3847 mi-

483 3905 790 3962 raculorum
835 3898 1059 3956 effector
1085 3895 1404 3958 habebatur,
1431 3907 1555 3947 cum
1594 3889 1765 3960 majus
1790 3889 2040 3961 poculum

479 4013 547 4053 ex
606 3994 815 4048 minore
877 3988 1234 4058 impleretur,
1295 3993 1354 4038 ut
1413 3983 1496 4038 vel
1557 3983 2042 4052 superfunderetur

481 4085 784 4142 abundans.
815 4081 993 4149 Atque
1028 4077 1190 4146 hujus
1231 4090 1446 4146 quoque
1473 4081 1646 4128 artem
1691 4073 1742 4128 in
1784 4087 1849 4128 eo
1880 4073 2038 4136 libro,

477 4192 638 4249 quem
681 4172 1069 4244 praediximus,
1114 4167 1488 4238 exposuimus,
1524 4166 1615 4220 ubi
1643 4164 2041 4220 demonstravi-

481 4281 600 4323 mus
629 4265 860 4336 plurima
898 4261 1295 4317 medicamenta
1331 4271 1489 4330 posse
1520 4265 1867 4327 augmentum
1897 4272 2038 4327 pra:-

480 4360 630 4420 bere,
663 4370 784 4410 cum
817 4353 873 4408 in
906 4352 1054 4407 illum
1086 4353 1301 4405 modum
1359 4347 1590 4402 admista
1644 4347 1754 4401 sint
1790 4347 2038 4402 humori-

476 4451 598 4515 bus,
633 4445 865 4501 maxime
909 4445 1039 4497 vino
1085 4447 1405 4510 temperato.
1443 4439 1683 4505 Quorum
1728 4455 1892 4494 unum
1939 4438 2037 4492 ali-

476 4539 616 4610 quod
671 4537 1121 4594 medicamentum
1188 4533 1241 4586 in
1287 4545 1458 4587 vacuo
1500 4530 1692 4599 poculo
1725 4530 2034 4586 clanculum

475 4802 732 4856 Voluntas
763 4801 906 4856 velut
952 4799 1114 4854 virtus
1159 4799 1294 4854 facta
1334 4807 1416 4854 est
1454 4798 1692 4854 Ennaeas.
1739 4799 2022 4870 Cogitabat

471 4873 612 4926 enim
645 4873 843 4926 Ennma
868 4885 1084 4938 semper
1111 4871 1478 4932 emissionem,
1513 4885 1618 4922 non
1654 4879 1831 4922 tamen
1859 4871 2019 4924 emit-

471 4950 586 4994 tere
617 4943 727 5008 ipsa
762 4941 1237 5010 perisemetipsatn
1291 4948 1500 5008 poterat
1525 4953 1645 5010 quae
1703 4940 2013 5007 cngitabat;

468 5025 590 5063 eum
637 5008 815 5065 autem
866 5008 1169 5064 Voluntatis
1215 5009 1387 5064 virtus
1430 5008 1670 5072 advenit,
1709 5018 1838 5064 tunc
1871 5012 2015 5078 quod

467 5079 736 5145 cogitabat
765 5080 967 5134 emisit.

2147 3253 2241 3305 καὶ
2273 3253 2528 3317 πολλάκις
2563 3257 2894 3324 ἀντεπιχέων
2925 3255 3110 3326 ἕτερον
3141 3260 3218 3320 είς
3249 3258 3431 3328 ἕτερον
3461 3259 3714 3328 ἐπέλεγεν

2139 3340 2343 3404 οὕτως·
2382 3343 2449 3396 Ἠ
2482 3343 2592 3412 πρὸ
2620 3343 2738 3397 τῶν
2764 3343 3008 3409 6.10m“,
3150 3347 3517 3413 ἀνεννόητος
3540 3349 3586 3379 ⁸³
3614 3349 3712 3402 καὶ

2145 3433 2398 3502 ἇῤῥητος
2431 3434 2602 3503 χάρις
2629 3436 2940 3504 πληρώσαι
2973 3455 3088 3492 σου
3124 3439 3232 3492 τὸν
3257 3441 3378 3493 ἕσω
3404 3440 3714 3507 ἄνθρωπον

2145 3526 2241 3578 καὶ
2276 3528 2578 3592 πληθύναι
2603 3527 2673 3580 ἐν
2703 3527 2801 3581 σοί
2835 3527 2949 3595 τὴν
2974 3529 3200 3597 γνῶσιν
3231 3531 3442 3599 αὐτῆς,
3468 3532 3712 3600 ἑγκατα·

2144 3617 2482 3685 σπείρουσα
2504 3619 2608 3671 τὸν
2630 3619 2853 3672 κόκκον
2879 3618 2982 3672 τοῦ
3006 3621 3309 3685 σινάπεως
3330 3625 3419 3687 εἰς
3440 3622 3554 3688 τὴν
3573 3623 3713 3690 ἀγα-

2145 3705 2256 3775 θὴν
2296 3707 2431 3778 γῆν.
2465 3708 2573 3762 Kal
2613 3710 2837 3763 τοιαῦτά
2877 3729 2994 3764 τινα
3031 3711 3272 3764 ἐπειπὼν
3311 3715 3404 3765 καὶ
3439 3715 3712 3783 έκστήσας

2143 3800 2240 3868 τήν
2276 3816 2336 3851 τε
2371 3801 2739 3872 ἁπατωμένην
2772 3803 2864 3856 καὶ
2911 3803 3034 3866 τοὺς
3073 3802 3345 3872 παρόντας
3385 3806 3458 3867 ὡς
3493 3804 3709 3874 θαυμα-

2142 3890 2354 3953 τοποιὸς
2382 3891 2681 3960 ἐνομίζετο,
2706 3893 2800 3946 τοῦ
2835 3893 3074 3964 μείζονος
3104 3894 3361 3963 ποτηρίου
3391 3894 3706 3964 πληρουμέ-

2142 3999 2231 4035 νου
2263 3983 2326 4035 ἐκ
2367 3981 2459 4034 τοῦ
2496 3986 2820 4055 μικροτέρου
2855 3987 2931 4049 ὡς
2961 3989 3054 4040 καὶ
3095 3987 3450 4057 ὑπερχεῖσθαι
3483 3987 3711 4042 πλεονάο

2143 4069 2253 4134 ζον.
2285 4072 2394 4125 Kal
2424 4073 2611 4126 τούτου
2630 4074 2686 4126 δὲ
2708 4073 2804 4144 τὴν
2831 4075 3026 4148 τέχνην
3051 4078 3250 4148 ὁμοίως
3281 4080 3337 4130 ἐν
3358 4078 3402 4110 ⁸⁸
3427 4081 3493 4150 τῇ
3520 4096 3708 4150 προει-

2143 4162 2354 4235 ρημένῃ
2387 4163 2553 4234 βίϐλῳ
2576 4165 2870 4236 ἐξεθέμεθα
2892 4168 3162 4234 δείξαντες
3189 4170 3415 4223 πλεῖστα
3441 4171 3708 4242 φάρμακα

2139 4253 2410 4325 δυνάμενα
2425 4254 2648 4326 αὔξησιν
2667 4262 2965 4330 παρασχεῖν
2979 4262 3068 4314 ἐπι
3075 4261 3304 4331 μιγέντα
3321 4261 3490 4324 οὕτως
3513 4263 3706 4332 ὑγραῖς

2139 4345 2348 4410 οὐσίαις
2369 4387 2383 4412 ,
2419 4348 2652 4418 μάλιστα
2677 4351 2804 4420 οἴνῳ
2828 4353 3218 4424 κεκερασμένῳ
3237 4395 3250 4419 ,
3294 4348 3368 4407 ῶν
3403 4354 3462 4408 ἐν
3491 4373 3542 4408 τι
3569 4357 3706 4428 φάρ-

2146 4455 2318 4508 μακον
2363 4440 2422 4494 ἐν
2483 4441 2561 4512 τῷ
2618 4442 2759 4513 κενῷ
2817 4445 3062 4515 ποτηρίῳ
3117 4445 3354 4516 κρύϐδην
3409 4446 3700 4509 ἐ...ος......

2141 4546 2310 4600 χρισ..
2334 4531 2379 4564 ⁸⁸
2405 4532 2480 4595 ὼς
2509 4534 2672 4602 μηδὲν
2705 4533 2825 4604 ἕχον
2849 4534 3046 4601 δείξας,
3076 4536 3311 4607 ἐπιχέων
3350 4538 3412 4590 ἐκ
3436 4538 3705 4592 τ........⁸⁶

2128 4800 2186 4876 δὲ
2206 4800 2383 4876 ,θῆλυς
2398 4802 2872 4876 ἑτού-Θελῂματος.
2901 4805 2973 4876 To
3005 4804 3228 4876 Θέλημα
3260 4805 3434 4858 τοίνυν
3472 4806 3701 4876 δύναμις

2127 4871 2348 4946 ἐγένετο.
2361 4871 2460 4941 τῆς
2500 4871 2755 4946 ῘΕννοίας.
2795 4874 3024 4946 Ἐνενόει
3053 4871 3284 4944 μὲνγὰρ
3308 4877 3340 4944 ἡ
3369 4877 3582 4929 Ἔννοια
3601 4871 3695 4946 τὴν

2127 4941 2419 5015 προϐολὴν,
2450 4943 2526 5015 οὐ
2578 4943 2759 5015 μέντοι
2809 4941 3104 5015 προϐαλεῖν
3145 4941 3289 5015 αὐτῆ
3330 4941 3464 4998 ’καθ’
3501 4941 3695 5015 ἑαυτήν

2121 5009 2352 5087 ῂδύνατο
2378 5009 2414 5062 ἃ
2442 5009 2670 5087 ἐνενόει,
2696 5009 2871 5087 ὅτε-δέ
2912 5015 2946 5083 ἡ
2991 5009 3440 5087 τοῦ-Θελήματος
3478 5009 3698 5087 δύναμὶς

2122 5079 2430 5148 ἐπεγένετο,
2454 5081 2573 5134 τότε
2596 5082 2624 5134 ὃ
2657 5083 2857 5135 ἐνενόει
2886 5079 3172 5153 προέϐαλε.

1721 5233 1954 5290 νΑΒΙΑΞ
1993 5235 2392 5304 LECTIONES,

537 5413 577 5446 ³¹
632 5413 939 5467 Ἐνενοεῖτο.
999 5413 1227 5466 Ἕννοεῖν
1279 5411 1341 5479 C',
1373 5411 1444 5466 M.

465 5485 594 5537 ἡαπ.
657 5499 702 5546 ι,
768 5483 868 5544 15.
930 5498 980 5550 p.
1029 5484 1096 5538 59
1157 5497 1256 5550 sqq

1549 5413 1594 5444 ⁸³
1639 5414 1928 5484 ἐπεγένετο
1964 5415 2330 5484 supplevimus
2379 5430 2446 5470 ex.
2483 5415 2704 5472 Irenaeo.

2805 5419 2849 5450 “
2885 5419 2913 5472 ὃ
2939 5421 3060 5474 add.
3121 5420 3191 5473 Μ.
3267 5422 3310 5453 ³⁵
3350 5421 3433 5476 Cf.
3459 5424 3603 5477 lren.
3640 5423 3702 5481 C.

1264 5522 1276 5534 .
1332 5485 1420 5558 ed.
1489 5482 2758 5558 Mesenen;“suam;th_Cltr¥ist._7Pelersen,
2815 5489 3004 5558 δώρων
3073 5488 3146 5553 C,
3198 5490 3266 5542 Μ.
3346 5493 3389 5523 ⁸⁷
3439 5494 3706 5546 ἀκατανο-

467 5553 684 5630 μάστων
706 5551 796 5630 C._
821 5552 887 5630 _"
926 5551 1165 5630 λαορέως
1192 5553 1254 5606 C.
1320 5551 1374 5630 ,³⁸
1404 5551 1722 5630 patefiatle
1751 5552 1810 5608 C.
1857 5552 1932 5630 Αξο
1965 5551 2268 5630 segnem
2432 5555 2475 5585 “
2515 5555 2858 5630 μικρότερον.
2888 5551 3235 5630 παρ’νὲτέρου
3259 5561 3320 5625 C,
3359 5561 3427 5616 Μ.
3509 5564 3552 5593 ⁸⁸
3581 5563 3706 5618 ll:rc

464 5611 650 5674 iisdem
688 5621 866 5677 verbis
898 5611 1042 5689 apud
1068 5611 1210 5674 lre'n.
1235 5637 1282 5673 ο.
1313 5611 1441 5673 hear.
1478 5622 1516 5683 l,
1555 5621 1640 5684 15,
1672 5623 1726 5674 2.
1762 5640 1812 5691 p.
1850 5623 1936 5678 6|.
2016 5611 2120 5693 “"1";
2143 5611 2483 5694 άνέῦνόητος.
2515 5611 2714 5678 ’ἀνέννό
2745 5611 2856 5690 ’τος
2895 5611 3062 5695 Ο,’Μ.

464 5690 540 5744 ἐν.
569 5688 838 5748 ὠμοίωσε.
910 5693 954 5723 ⁸⁵
984 5691 1132 5746 Fort.
1162 5689 1467 5748 ἔμπροσθεν
1495 5692 1780 5748 ἐπιγρίσας
1814 5693 1924 5748 καὶ.
1960 5692 2032 5748 Μ.
2108 5695 2182 5741 τ¹⁵⁶
2207 5694 2351 5748 Fort.
2390 5693 2480 5748 τοῦ
2515 5694 2702 5748 ἑτέρου
2719 5645 2932 5748 ὶὐλίγον.
2971 5699 3038 5748 Μ.
3069 5698 3161 5748 τοῦ
3193 5717 3356 5748 υιικοο

2108 5695 2182 5741 τδ⁶
2207 5694 2351 5750 Fort.
2390 5694 2480 5750 τοῦ
2515 5694 2702 5764 ἑτέρου
2733 5694 2784 5748 ὀλ

461 5690 540 5744 ἐν.
569 5688 838 5757 ὠμοίωσε.
910 5688 954 5723 ⁵³
984 5691 1132 5746 Fort.
1162 5689 1467 5759 ἔμπροσθεν
1495 5688 1780 5761 ἐπιχρίσας
1814 5693 1924 5748 καὶ.
1960 5692 2032 5748 Μ.

3428 5632 3472 5662 ⁸⁸
3499 5633 3704 5703 ὁμοίως

2783 5696 2932 5765 ιίγον.
2971 5699 3038 5768 Μ,
3069 5698 3161 5754 τοῦ
3192 5701 3516 5773 μικροτέρου
3533 5696 3569 5756 ’ἲ
