4144 6328
433 396 572 462 3259

1511 396 1807 457 CONTRA
1843 395 2219 456 HERESES.
2235 398 2378 457 LIB.
2410 397 2511 459 VI.

3510 399 3670 470 3260

436 507 533 560 καὶ
565 504 902 575 ἐπαναχέων,
935 502 1298 575 ἀναλυομένου
1339 502 1380 534 ⁸⁷
1415 505 1510 558 τοῦ
1558 507 1850 579 φαρμάκου
1903 506 2007 560 ὑπὸ

2115 517 2393 578 postquam
2430 507 2685 575 sublevit,
2724 507 2885 577 idque
2915 515 3167 578 tanquam
3197 509 3330 565 nihil
3353 510 3481 566 insit
3510 506 3666 567 mou-

435 599 537 666 τῆς
569 595 663 648 τοῦ
695 595 863 665 ὑγροῦ
889 595 1111 666 μίξεως,
1133 595 1285 658 ὄντος
1313 595 1590 664 φυσώδους
1616 639 1630 663 ,
1667 598 2007 670 πλεονασμὸς

435 688 530 740 τοῦ
565 687 910 758 κεράσματος
945 689 1158 755 ἐγίνετο
1200 688 1295 741 καὶ
1333 689 1426 741 ἐπὶ
1457 689 1712 743 τοσοῦτον
1755 690 2004 761 ηὔξανεν,

435 776 494 840 ἐς
537 777 660 829 ὅσον
705 778 1174 847 ἐπαναχυνόμενον
1222 779 1483 843 ἐκινεῖτο,
1536 779 1792 848 τοιαύτης
1839 779 2006 850 οὔσης

438 869 537 937 τῆς
562 867 653 919 τοῦ
688 868 976 937 φαρμάκου
1013 868 1248 938 φύσεως·
1276 869 1305 922 ὃ
1338 872 1386 922 εί
1410 870 1663 924 ἀπόθοιτό
1692 871 1737 903 ⁸⁸
1759 889 1843 934 τις
1868 863 2022 943 πλη-’

443 957 632 1027 ρωθέν,
668 959 783 1028 μετ’
807 958 870 1011 ού
899 958 1032 1012 πολὺ
1069 961 1149 1022 είς
1175 959 1234 1012 τὺ
1267 959 1408 1013 κατά
1432 960 1590 1029 φύσιν
1621 962 1816 1032 μέτρον
1845 964 2008 1017 πάλιν

439 1051 798 1120 τραπήσεται,
819 1051 920 1120 τῆς
940 1051 1034 1104 τοῦ
1059 1054 1350 1123 φαρμάκου
1378 1053 1659 1132 δυνάμεως
1689 1053 2007 1124 σϐεσθείσης

439 1144 504 1210 τῇ
529 1141 620 1194 τοῦ
655 1141 822 1212 ὑγροῦ
853 1146 1166 1214 παραμονῇ.
1200 1143 1292 1196 Διὸ
1327 1143 1464 1214 μετὰ
1493 1144 1729 1214 σπουδῆς
1758 1147 1871 1208 τοῖς
1904 1162 2009 1197 πα-

442 1229 594 1301 ροῦσι
624 1232 936 1301 προσεδίδου
975 1233 1168 1298 πίνειν,
1216 1235 1263 1286 οί
1307 1234 1364 1286 δὲ
1391 1233 1467 1295 ὡς
1501 1233 1642 1287 θεῖόν
1677 1253 1730 1287 τι
1779 1238 1870 1288 καὶ
1901 1236 2008 1306 θεῷ

443 1323 880 1395 μεμελετημένον
905 1324 1221 1396 φρίσσοντες
1243 1324 1356 1396 ἅμα
1395 1327 1488 1378 καὶ
1527 1327 1846 1391 σπεύδοντες
1885 1327 2006 1381 ἔπι-

439 1431 548 1468 νον.

512 1504 590 1576 [p.
628 1504 914 1577 201-205.]
939 1513 1049 1576 μα’.
1068 1507 1304 1562 Τοιαῦτα
1321 1508 1376 1561 δὲ
1397 1509 1490 1561 καὶ
1511 1508 1674 1579 ἔτερα
1708 1509 2006 1579 ἐπεχείρει,

440 1600 470 1650 ὀ
497 1597 694 1660 πλάνος
720 1601 913 1651 ποιεῖν·
938 1599 1016 1651 διὸ
1047 1598 1152 1651 ὑπὸ
1170 1598 1279 1652 τῶν
1306 1599 1681 1670 ἀπατωμένων
1706 1600 2006 1665 ἐδοξάζετο,

442 1689 536 1739 καὶ
584 1689 713 1740 ποτὲ
742 1688 785 1720 ⁸⁸
823 1689 986 1752 αὐτὸς
1023 1690 1304 1760 ἐνομίζετο
1337 1691 1723 1760 προφητεύειν,
1771 1693 1901 1744 ποτὲ
1950 1693 2006 1745 δὲ

440 1779 535 1831 καὶ
562 1779 778 1848 ἐτέρους
807 1779 1015 1844 ἐποίει,
1052 1782 1140 1834 ὅτε
1171 1781 1278 1850 -μέν
1309 1783 1400 1836 καὶ
1428 1783 1514 1835 διὰ
1538 1783 1806 1853 δαιμόνων
1838 1783 2008 1838 ταῦτα

2111 601 2323 665 Stravit,
2355 608 2410 654 et
2450 598 2640 654 alfudit
2666 614 2734 654 ex
2779 600 2987 654 minore
3019 609 3072 654 et
3109 616 3296 655 rursus
3330 601 3540 667 aﬂ'udit,
3575 619 3667 655 re-

2112 687 2287 741 soluto
2323 703 2418 756 per
2466 689 2743 741 misturam
2802 689 3010 742 humidi
3058 690 3453 746 medicamento
3484 701 3670 759 utpote

2109 777 2382 834 ﬂatuoso:
2433 779 2728 834 abundavit
2772 780 2998 834 mistura
3024 792 3079 833 et
3126 780 3178 834 in
3217 789 3422 834 tantum
3473 782 3668 845 crevit,

2111 869 2163 922 in
2187 871 2446 937 quantum
2477 870 2530 923 id
2563 871 2705 938 quod
2741 870 2972 925 aﬂ‘usum
3004 879 3089 926 est
3119 871 3478 938 movebatur,
3523 887 3671 940 quo-

2111 961 2254 1015 niam
2291 961 2393 1016 iSta
2445 971 2528 1016 est
2584 961 2964 1016 medicamenti
3009 971 3220 1016 natura.
3267 961 3420 1030 Quod
3458 962 3501 1016 si
3549 963 3674 1032 quis
3735 969 3742 975 '

2109 1062 2354 1120 seponat,
2400 1069 2505 1108 non
2552 1054 2719 1108 multo
2751 1063 2872 1123 post
2912 1054 2966 1108 in
3005 1053 3307 1108 naturalem
3359 1069 3671 1108 mensuram

2110 1155 2297 1196 rursus
2323 1142 2512 1209 abibit,
2538 1144 2916 1198 medicamenti
2961 1144 3011 1197 vi
3040 1145 3305 1199 exstincta
3339 1144 3544 1198 humidi
3589 1159 3675 1198 re-

2111 1232 2409 1288 mansione.
2454 1233 2578 1288 ideo
2610 1242 2966 1303 properanter
3005 1235 3072 1289 iis
3097 1235 3185 1304 qui
3216 1235 3444 1289 aderant
3470 1234 3676 1304 praebe-

2111 1321 2200 1374 bat
2225 1333 2433 1390 potum,
2471 1323 2544 1376 illi
2568 1332 2744 1376 autem
2786 1332 3039 1392 tanquam
3067 1324 3307 1377 divinum
3335 1325 3590 1394 quiddam
3622 1335 3676 1378 et

2110 1411 2218 1466 Deo
2244 1417 2557 1470 meditatum
2586 1417 2870 1470 horrentes
2893 1415 3052 1470 simul
3069 1425 3122 1469 et
3143 1427 3364 1471 aventes
3391 1416 3667 1470 bibebant.

2178 1501 2521 1572 300-301
2580 1505 2670 1557 41.
2722 1503 2873 1558 Talia
2937 1517 3064 1558 vero
3119 1512 3172 1558 et
3225 1504 3328 1557 alia
3379 1505 3678 1559 conabatur

2107 1595 2468 1664 pra-stigiator
2504 1595 2592 1648 ille
2642 1595 2840 1659 facere,
2883 1606 3213 1666 quapropter
3248 1595 3512 1649 ineorum
3543 1609 3679 1664 quos

2107 1685 2316 1752 decepit
2350 1675 2711 1739 admiratione
2744 1695 2881 1752 erat,
2926 1696 2980 1740 et
3009 1687 3298 1756 aliquando
3344 1685 3458 1753 ipse
3491 1683 3680 1740 crede-

2107 1776 2270 1830 batur
2313 1776 2618 1840 vaticinari,
2677 1777 2965 1846 aliquando
3016 1787 3193 1830 autem
3240 1784 3293 1829 et
3340 1774 3473 1828 alios
3519 1773 3679 1828 insti-

442 1868 701 1937 ἐνεργῶν,
747 1869 834 1922 ὅτε
882 1869 938 1922 δὲ
988 1871 1081 1923 καὶ
1101 1864 1400 1935 ’κυϐεύων,
1461 1872 1471 1941 |
1541 1872 1616 1934 ὡς
1655 1872 2006 1953 προείπομεν.

2115 1869 2319 1933 tuebat,
2388 1882 2508 1921 cum
2567 1875 2676 1921 tum
2729 1883 2825 1935 per
2871 1868 3141 1922 daemones
3191 1869 3305 1921 haec
3370 1866 3678 1936 peragebat,

443 1958 675 2022 Πολλοὺς
706 1960 752 1990 ⁸⁰
782 1960 956 2015 τοίνυν
984 1961 1334 2030 ἐξαφανίσας,
1359 1963 1454 2016 καὶ
1483 1963 1711 2026 πολλοὺς
1738 1962 2011 2028 τοιούτους

446 2049 694 2119 μαθητάς
759 2051 924 2104 αὐτοῦ
956 2053 1298 2122 ,γενομένους
1349 2053 1710 2123 προεϐίϐασεν
1758 2054 2012 2119 εὐκόλους

447 2140 545 2210 μὲν
578 2137 717 2192 εἶναι
759 2133 973 2205 διδάξας
1003 2143 1138 2213 πρὸς
1185 2143 1244 2196 τὸ
1286 2144 1642 2215 ἁμαρτάνειν,
1697 2145 2012 2209 ἀκινδύνους

443 2233 499 2286 δὲ
531 2233 618 2285 διὰ
649 2233 710 2286 τὸ
731 2229 864 2286 εῖναι
887 2234 932 2265 ⁸³
962 2234 1064 2302 τῆς
1093 2234 1306 2297 τελείας
1333 2235 1612 2306 δυνάμεως
1638 2235 1732 2289 καὶ
1768 2237 2012 2307 μετέχειν

442 2325 543 2392 τῆς
571 2323 892 2394 ἀνεννοήτου
924 2323 1169 2387 ἐξουσίας
1189 2341 1204 2354 ·
1241 2318 1324 2386 οἷς
1350 2325 1444 2378 καὶ
1476 2325 1614 2394 μετά
1636 2325 1698 2377 τὸ
1730 2325 2013 2395 βάπτισμα

444 2412 631 2482 ἕτερον
676 2411 1130 2480 ἐπαγγέλλονται,
1182 2413 1211 2466 δ
1262 2414 1514 2468 καλοῦσιν
1570 2398 2008 2483 ἀπολύτρωσιν,

445 2506 540 2556 καὶ
558 2506 614 2557 ἐν
643 2503 815 2574 τούτῳ
842 2504 1271 2574 ἀναστρέφοντες
1304 2505 1490 2568 κακῶς
1517 2507 1642 2568 τοὺς
1683 2506 1865 2569 αὐτοῖς
1905 2524 2010 2560 πα-

446 2595 776 2666 ραμένοντας
806 2595 893 2647 ἐπ’
922 2595 1095 2648 ἐλπίδι
1133 2597 1230 2667 τῆς
1258 2596 1708 2667 ἀπολυτρώσεως,
1739 2597 1815 2660 ὡς
1838 2598 1882 2630 ⁸³
1920 2599 2012 2652 δυο

442 2686 709 2755 ναμένους
757 2687 896 2756 μετὰ
925 2687 986 2740 τὸ
1014 2687 1162 2753 ἅπαξ
1209 2687 1602 2758 βαπτισθέντος
1642 2689 1805 2744 πάλιν
1835 2690 1880 2722 ⁸³
1918 2707 2012 2743 τυ-⁸

443 2778 558 2846 χεῖν
603 2776 868 2844 ἀφέσεως,
919 2777 1008 2830 διὰ
1053 2777 1218 2860 τούδδ
1265 2779 1507 2832 τοιούτου
1553 2781 2014 2852 πανουργήματος

445 2865 688 2935 συνέχειν
717 2864 931 2918 δοκοῦσι
963 2868 1088 2929 τοὺς
1117 2868 1389 2936 ἀκροατάς
1410 2909 1422 2932 ,
1454 2868 1543 2932 οὓς
1580 2870 1718 2922 ἐπὰν
1751 2872 2013 2942 νομίσωσι

444 2954 825 3025 δεδοκιμάσθαι
856 2956 950 3008 καὶ
977 2955 1235 3009 δύνασθαι
1279 2957 1574 3025 φυλάσσειν
1611 2958 1790 3021 αὐτοῖς
1823 2958 1893 3012 τὰ
1924 2976 2014 3012 πι-

447 3047 569 3112 στὰ,
596 3047 717 3101 τότε
747 3048 841 3100 ἐπὶ
869 3046 1026 3100 τοῦτο
1049 3049 1240 3116 ἄγουσι
1269 3049 1402 3120 μηδὲ
1428 3048 1600 3118 τούτῳ
1629 3050 1775 3119 μόνῳ
1813 3050 2014 3119 ἀρκού-

447 3153 621 3207 μενοι,
650 3137 788 3199 ἀλλά
811 3138 904 3191 καὶ
942 3138 1128 3207 ἕτερόν
1152 3155 1204 3190 τι
1233 3139 1693 3209 ἐπαγγελλόμενοι
1720 3139 1766 3171 ³⁸
1795 3141 1932 3208 πρὸς
1955 3140 2015 3192 τὸ

446 3229 774 3298 ωγκρατεῖν
804 3229 1000 3290 αὐτοὺς
1038 3232 1104 3300 τῇ
1144 3229 1350 3294 ἐλπίδι,
1383 3231 1530 3292 ὅπως
1569 3230 1860 3302 ἀχώριστοι
1889 3225 2012 3300 ὦσι,

441 3320 676 3388 Λέγουσι
705 3321 813 3390 γάρ
839 3337 892 3373 τι
922 3323 1071 3390 φωνῇ
1104 3322 1356 3392 ἀρρήτῳ,
1385 3321 1716 3384 ἐπιτιθέντες
1755 3325 1912 3392 χεῖρα
1941 3322 2016 3392 τῷ

441 3410 542 3480 τὴν
571 3410 944 3480 ἀπολύτρωσιν
972 3410 1212 3477 λαϐόντι,
1255 3411 1288 3468 ὃ,
1322 3415 1624 3481 φάσκουσιν
1648 3413 1882 3477 ἐξειπεῖν
1924 3413 2016 3464 εύ-

444 3500 616 3564 κόλως
653 3501 728 3571 μὴ
773 3500 1028 3555 δύνασθαι
1051 3544 1068 3570 ,
1099 3504 1147 3556 εἰ
1183 3503 1256 3574 μή
1299 3521 1383 3566 τις
1416 3504 1500 3574 εἴη
1549 3503 1946 3575 ύπερδόκιμος,
1983 3503 2016 3574 ἢ

442 3593 532 3647 ὅτε
577 3593 802 3664 τελευτᾷ
844 3594 979 3662 πρὸς
1009 3594 1070 3647 τὸ
1107 3589 1200 3658 οὖς
1242 3595 1412 3648 ἐλθὼν
1451 3595 1656 3663 λέγειὸ
1697 3597 2013 3659 ἐπίσκοπος.

447 3682 556 3738 Καὶ
591 3683 747 3737 τοῦτο
776 3685 832 3737 δέ
866 3685 1231 3757 πανούργημα
1272 3687 1408 3758 πρὸς
1455 3685 1514 3739 τὸ
1556 3686 1644 3740 ἀεὶ¹
1682 3687 2017 3758 παραμένειν

444 3775 572 3836 τοὺς
617 3775 864 3845 μαθητὰς
897 3777 973 3846 τῷ
1005 3778 1310 3848 ἐπισκόπῳ,
1344 3778 1700 3848 γλιχομένους
1731 3780 1922 3849 μαθεῖν
1956 3779 2018 3832 τὸ

444 3867 496 3918 τί
546 3883 677 3918 ποτε
718 3867 801 3937 είη
847 3868 1005 3920 τοῦτο
1070 3869 1157 3921 ἐπ’
1196 3870 1455 3938 ἐσχάτων.
1487 3868 1802 3938 λεγόμενον,
1851 3869 1918 3923 δι’
1956 3865 2018 3925 οὗ

447 3957 600 4028 [τῶν]
633 3959 678 3989 ⁸⁸
708 3959 928 4010 τελείων
971 3959 1125 4010 ἔσται
1158 3961 1185 4011 ό
1222 3960 1526 4029 μανθάνων
1567 3959 1604 4012 ὃ.
1629 3959 1822 4011 τούτου
1861 3960 2019 4030 χάριν

446 4044 751 4114 ἐσιώπησα,
786 4049 860 4120 μή
894 4047 1028 4098 ποτέ
1059 4064 1144 4108 τις
1187 4045 1609 4115 κακοηθίξεσθαί
1633 4048 1677 4078 ⁵⁷
1722 4065 1790 4116 με
1824 4049 2020 4110 αὐτοὺς

446 4138 644 4209 νομίσῃ
663 4175 677 4199 ,
706 4137 799 4188 καὶ
830 4138 937 4206 γὰρ
969 4137 1030 4188 ού
1061 4136 1220 4189 τοῦτο
1244 4139 1373 4206 ἡμῖν
1401 4137 1717 4208 πρόκειται,
1737 4137 1869 4194 ,ἀλλ’
1897 4138 1942 4207 ἢ·
1961 4138 2022 4196 τὸ

445 4228 618 4294 δεῖξαι
635 4228 801 4292 [ὅθεν
821 4228 918 4292 τὰς
944 4227 1199 4298 ἀφορμὰς
1225 4227 1478 4291 λαϐόντες
1504 4228 1685 4291 αὐτοῖς
1706 4227 1774 4281 τὰ
1800 4228 2022 4295 δόξαντα

447 4319 814 4391 ἐνεστήσαντο
842 4319 907 4372 ⁵³.
1155 4389 1158 4391 Δ
1855 4325 1862 4333 ·

514 4501 616 4571 λβ’.
653 4500 766 4553 Καὶ
807 4499 914 4568 γάρ
948 4497 1043 4550 καὶ
1070 4498 1098 4550 ὁ
1130 4496 1397 4568 μακάριος
1439 4497 2015 4570 πρεσϐύτεροςΕίρη-

2117 1968 2226 2012 tum
2280 1973 2409 2013 vero
2460 1968 2513 2012 et
2561 1959 2871 2028 praestigiis,
2941 1969 2997 2012 ut
3057 1959 3422 2026 przediximus.
3486 1956 3680 2010 Multos

2113 2049 2294 2117 igitur,
2331 2063 2468 2116 quos
2497 2049 2802 2120 deceperat,
2831 2049 3138 2118 multosque
3160 2050 3250 2118 qui
3272 2049 3406 2103 tales
3431 2047 3680 2116 discipuli

2113 2141 2230 2210 ejus
2274 2141 2624 2206 exstiterunt,
2670 2142 3020 2210 promovebat
3049 2155 3250 2211 pronos
3300 2155 3420 2195 esse
3453 2141 3522 2194 ad
3555 2154 3682 2208 pec—
3719 2207 3724 2210 _

2113 2224 2342 2286 eandum
2390 2232 2642 2295 edocens,
2698 2233 2968 2287 immunes
3017 2241 3196 2287 autem
3249 2231 3498 2301 periculi,
3553 2231 3678 2300 quia

2112 2323 2494 2392 proﬁterentur
2527 2321 2815 2392 perfectam
2865 2325 3119 2378 virtutem
3158 2331 3212 2378 et
3264 2323 3569 2392 participes.
3587 2337 3678 2376 es-

2112 2423 2234 2470 sent
2290 2415 2853 2484 incomprehensibilis
2899 2417 3203 2485 potestatis.
3256 2415 3462 2482 Quibus
3516 2411 3679 2467 etiam

2114 2514 2233 2574 post
2279 2506 2604 2576 baptismum
2641 2505 2866 2561 alterum
2903 2506 3246 2576 pollicentur,
3278 2520 3438 2575 quam
3484 2504 3682 2557 vocant

2113 2595 2534 2664 redemptionem,
2565 2605 2616 2650 et
2643 2597 2696 2650 in
2725 2598 2826 2652 hoc
2847 2597 2984 2652 male
3013 2605 3420 2667 corrumpentes
3452 2609 3566 2660 eos,
3589 2593 3680 2663 qui

2114 2686 2252 2754 apud
2305 2701 2362 2740 se
2417 2697 2793 2742 remanserunt
2839 2703 2933 2756 spe
2979 2687 3382 2756 redemptionis,
3428 2694 3680 2755 tanquam

2115 2777 2205 2846 qui
2240 2777 2409 2832 semel
2442 2778 2707 2847 baptizati
2736 2779 2788 2832 in
2813 2789 3097 2848 peccatum
3131 2779 3335 2848 relapsi.
3358 2779 3532 2833 denuo
3561 2791 3683 2846 pos-

2115 2869 2226 2922 sint
2258 2869 2460 2924 absolvi
2501 2888 2514 2923 :
2553 2870 2643 2924 tali
2705 2870 2894 2930 l'raude
2955 2871 3183 2937 attinere
3232 2869 3484 2924 videntur
3533 2869 3683 2922 audi-

2119 2966 2260 3012 tores
2319 2973 2468 3024 suos,
2517 2973 2654 3028 quos
2707 2960 2799 3014 ubi
2859 2961 3199 3014 arbitrantur
3251 2955 3506 3028 probatos
3563 2972 3684 3013 esse

2115 3063 2382 3118 posseque
2415 3049 2570 3118 ipsis
2598 3065 2794 3103 arcana
2850 3064 2946 3103 sua
2987 3048 3285 3111 custodire,
3316 3058 3427 3102 tum
3477 3061 3542 3102 eo
3591 3047 3685 3101 ad-

2121 3137 2341 3202 ducunt,
2372 3147 2426 3191 et
2451 3139 2593 3192 ne-in
2620 3154 2685 3192 eo
2706 3140 2922 3208 quidem
2945 3141 3375 3208 acquiescentes,
3405 3139 3496 3193 sed
3519 3138 3682 3192 etiam

2119 3227 2258 3283 aliud
2283 3228 2534 3296 quiddam
2567 3229 2881 3304 pollicentes
2927 3230 2992 3283 ad
3037 3229 3156 3285 illos
3200 3245 3294 3300 spe
3344 3230 3681 3293 mulcendos,

2119 3325 2176 3371 ut
2209 3319 2609 3387 inperpetuum
2667 3318 2990 3373 vinciantur.
3047 3319 3366 3389 Loquuntur
3408 3321 3550 3374 enim
3585 3319 3685 3374 ali-

2117 3410 2243 3478 quid
2276 3424 2405 3464 voce
2443 3424 2644 3464 arcana
2679 3425 2839 3463 manu
2868 3410 3118 3480 imposita
3151 3412 3200 3466 ei
3234 3411 3326 3480 qui
3359 3410 3685 3480 redemptio-

2119 3517 2237 3555 nem
2260 3503 2492 3570 accepit,
2518 3502 2658 3570 quod
2682 3502 2834 3556 aiunt
2862 3518 2920 3557 se
2948 3502 3106 3558 facile
3143 3503 3324 3572 eloqui
3365 3518 3470 3558 non
3487 3491 3683 3573 ‘posse,

2117 3594 2218 3647 nisi
2249 3593 2292 3646 si
2317 3593 2438 3661 quis
2490 3593 2562 3647 sit
2611 3592 2979 3663 maximopere
3033 3594 3313 3663 probatus,
3344 3602 3438 3648 aut
3468 3595 3685 3661 quando

2120 3686 2400 3752 moriatur,
2431 3685 2483 3738 in
2524 3699 2705 3740 aurem
2759 3685 3064 3741 insusurret
3123 3686 3430 3758 episcopus.
3474 3678 3687 3739 Et'haec

2118 3791 2246 3831 vero
2278 3773 2444 3831 fraus
2470 3791 2535 3830 eo
2573 3785 2800 3846 spectat,
2851 3785 2908 3830 ut
2939 3786 3198 3846 perpetuo
3239 3765 3557 3831 remaneant
3602 3775 3688 3830 di-

2118 3869 2309 3938 scipuli
2342 3869 2480 3937 apud
2525 3868 2858 3937 episcopum,
2893 3857 3116 3922 aventes
3142 3870 3374 3933 discere,
3411 3868 3537 3936 quid
3563 3877 3685 3938 tan-

2120 3963 2239 4015 dem
2272 3959 2344 4013 sit
2378 3959 2505 4022 illud
2543 3959 2683 4028 quod
2736 3959 2789 4011 in
2829 3967 3072 4012 extremo
3115 3959 3394 4027 prodatur,
3422 3974 3537 4027 quo,
3562 3972 3688 4027 per-

2122 4060 2276 4117 cepto
2310 4049 2360 4102 in
2395 4049 2638 4102 ordinem
2677 4047 3039 4116 p’crlectorum
3076 4049 3336 4103 evehatur
3370 4049 3686 4117 discipulus.

2122 4139 2251 4203 Quae
2275 4153 2393 4191 eam
2421 4140 2490 4192 ob
2517 4153 2736 4192 causam
2787 4138 3019 4204 tramisi,
3050 4155 3116 4194 ne
3150 4141 3271 4210 quis
3315 4156 3402 4195 me
3443 4142 3548 4197 illis
3588 4145 3690 4196 ob-

2127 4235 2360 4280 trectare
2385 4226 2948 4293 arbitretur;etenim
2991 4243 3096 4282 non
3144 4229 3249 4284 hoc
3295 4231 3449 4285 nobis
3491 4245 3690 4300 prOpo-

2123 4319 2283 4372 situm
2339 4330 2442 4384 est,
2492 4329 2851 4388 praeterquam
2902 4320 3206 4386 ostendere,
3264 4321 3407 4377 unde
3463 4322 3688 4392 profecti

2123 4408 2324 4478 placita
2351 4425 2444 4464 sua
2473 4410 2832 4464 condiderint.

2197 4498 2290 4554 42.
2314 4500 2524 4555 Etenim
2569 4511 2624 4555 et
2657 4502 2848 4555 beatus
2892 4502 3175 4571 presbyter
3202 4499 3438 4558 lrenacus
3471 4503 3690 4559 liberius

452 4599 594 4656 ναῖος
638 4590 1099 4660 παῤῥησιαίτερον
1147 4587 1225 4658 τῷ
1260 4588 1466 4657 ἐλέγχῳ
1511 4588 1895 4658 προσενεχθεὶς
1947 4589 2012 4642 τὰ

2125 4606 2423 4660 coarguere
2467 4591 2588 4646 illos
2634 4605 2918 4669 aggressus
2975 4591 3110 4647 tales
3157 4591 3454 4648 lavationes
3493 4603 3546 4649 et
3605 4609 3693 4649 re-

445 4687 667 4742 τοιαῦτα
694 4684 972 4752 λούσματα
1000 4681 1095 4734 καὶ
1115 4677 1514 4749 ἁκπολυτρώσεις
1535 4679 1746 4745 ἐξέθετο
1769 4681 1834 4746 ἓν,
1860 4680 2015 4752 ἀδρο-

449 4782 776 4851 μερέστερον
806 4772 973 4828 εἰπὼν
1015 4771 1051 4825 ἃ.
1095 4771 1451 4842 πράσσουσιν,
1492 4765 1572 4832 οἷς
1611 4770 1924 4840 ἐντυχόντες
1966 4770 2010 4803 ⁸ο

443 4873 588 4934 τινὲς
623 4868 802 4927 αὐτῶν
849 4868 1018 4937 ἧρνην
1049 4865 1058 4933 |
1088 4880 1180 4914 ται
1231 4860 1404 4924 οὕτως
1447 4860 1881 4930 παρειληφέναι,
1926 4863 2012 4915 ἀεὶ⁵

443 4960 724 5032 ἀρνεῖσθαι
759 4955 1256 5044 μανθάνοντεςίιξιὸ
1299 4951 1520 5021 φροντὶς
1562 4952 1694 5020 ἡμῖν
1721 4952 2011 5021 γεγένηται

444 5052 828 5124 ἀκριϐέστερον
850 5043 1301 5116 ἐπιζητῆσαικαὶ
1335 5045 1586 5115 ἀνευρεῖν
1618 5043 1972 5117 λεπτομερῶς
1993 5083 2014 5110 ,,

445 5141 596 5201 ﬂutat
624 5145 680 5196 ἐν
709 5138 787 5211 τῷ
813 5136 1014 5209 πρώτῳ
1049 5133 1261 5205 λουτρῷ
1292 5133 1699 5205 παραδιδόασι,
1719 5134 1779 5188 τὸ
1802 5133 2012 5193 τοιοῦτο

2129 4683 2470 4752 demptiones
2504 4685 2772 4752 exposuit,
2822 4683 2996 4752 magis
3042 4686 3275 4740 strictim
3309 4685 3553 4741 elocutus
3577 4703 3690 4756 qua’

2121 4781 2357 4842 patrant,
2413 4775 2609 4842 quibus
2640 4787 2760 4826 cum
2806 4772 3125 4828 incidissent
3178 4774 3417 4828 nonnulli
3475 4789 3686 4839 eorum,

2119 4862 2343 4916 inliciati
2386 4871 2511 4917 sunt
2539 4863 2613 4917 ita
2643 4876 2767 4917 esse
2804 4864 3098 4932 recepisse,
3127 4865 3325 4934 quippe
3354 4864 3445 4933 qui
3474 4880 3689 4934 semper

2118 4956 2414 5007 doceantur
2473 4952 2723 5009 inliciari.
2763 4951 3121 5018 Quamobrem
3179 4955 3330 5008 nobis
3362 4955 3552 5009 oborta
3605 4969 3691 5016 est

2117 5061 2245 5101 cura
2285 5049 2590 5102 accuratius
2652 5047 3008 5115 investigandi
3057 5056 3111 5101 et
3158 5047 3444 5117 indagandi
3504 5048 3687 5117 singu-

2119 5136 2289 5203 latim,
2323 5152 2444 5206 qute
2483 5147 2536 5192 et
2587 5137 2640 5191 in
2699 5141 2871 5206 primo
2902 5140 3118 5192 lavacro
3157 5138 3392 5202 tradunt,
3423 5139 3562 5206 quod
3613 5139 3686 5192 ita

1717 5309 1952 5366 unus
1989 5308 2389 5396 LECTIONES.

521 5481 566 5513 "
604 5448 965 5544 ἀναλυομένου
998 5474 1293 5542 Rucperus.
1317 5474 1679 5544 ἀναδυομένου
1710 5473 1866 5544 6,.Μ.
1944 5472 1989 5504 ⁸³
2011 5472 2298 5544 μάποίθοιτο
2326 5471 2386 5527 C.
2426 5472 2471 5544 ξ’
2509 5472 2663 5544 ποτέ.
2686 5473 2821 5544 ποτὶ
2843 5473 2941 5544 μὲν
2965 5473 3035 5528 Μ.
3115 5476 3159 5506 ⁸ο
3192 5472 3397 5544 Πολλὰς
3433 5476 3494 5528 C.
3571 5477 3615 5507 ⁵¹
3651 5465 3716 5518 τδ

454 5549 680 5620 κυρίους
713 5542 849 5600 εἶναι
870 5547 1356 5620 susp.__llocperus.
1424 5542 1959 5620 ξἠἀπολυτρώσεως)
1990 5542 2067 5620 ᾡς
2090 5543 2404 5620 Ιξορρςςυεη
2411 5542 2853 5620 ἀπολυτρώσεως
2877 5545 2940 5620 (ᾗ
2979 5544 3049 5620 Μἶ

3129 5546 3176 5614 ’ἓ
3203 5543 3349 5600 Fort.
3378 5545 3703 5614 βαπτισθέν-

459 5611 556 5681 τας
598 5620 782 5670 πεσεῖν
811 5611 990 5684 πάλιν,
1022 5615 1090 5668 M.
1168 5616 1213 5646 “
1239 5614 1327 5665 διὰ
1359 5612 1456 5666 τοῦ
1476 5611 1776 5684 Ιίοερενιιέ,
1802 5615 1897 5666 καὶ
1926 5611 2014 5665 διὰ
2035 5611 2223 5684 τοῦ-ϐ,
2244 5611 2316 5666 Μ.
2383 5611 2429 5684 ξ’
2450 5611 2960 5684 ἐπα-γγελόμενοιᾲϐ.
3036 5615 3082 5647 ⁵⁸
3113 5613 3219 5668 τῶν
3240 5616 3360 5669 add.
3378 5611 3464 5670 Μ.
3540 5616 3584 5648 ⁸⁷
3603 5633 3704 5668 κα-

463 5678 854 5757 κοήθείζεῶαέ
872 5687 934 5757 (ὶτ
977 5678 983 5680 “
1010 5686 1056 5716 ⁵⁸
1087 5685 1484 5757 συνεστήσαντο
1507 5678 1657 5757 susp.
1691 5682 1988 5751 Roeperus;
2065 5684 2110 5715 ⁸⁸
2137 5681 2274 5737 Iren.
2316 5698 2362 5733 ε.
2389 5681 2518 5738 liter.
2546 5678 2586 5749 1,
2611 5678 2704 5737 Ἦ.
2729 5678 2740 5684 ⁷
2783 5684 2827 5716 ⁶⁰
2850 5678 2930 5748 οἷς
2959 5685 3290 5754 ἐντυχόντες.
3321 5685 3697 5757 οί·ὲντυχόντες

461 5759 525 5816 C.
553 5753 636 5814 Μ.
663 5759 751 5829 qui
774 5758 820 5809 ει
852 5756 944 5808 καὶ
971 5763 1095 5826 post
1125 5756 1238 5806 ὲντ.
1268 5753 1610 5808 inserendum
1644 5762 1844 5807 censet.

2131 5791 2160 5820 *ἡ
