4104 6366
343 375 488 435 3299

1430 377 1726 439 CONTRA
1771 380 2135 444 HxERESES
2176 385 2322 448 LIB.
2364 387 2504 448 VII.

3464 396 3603 460 3300

342 482 550 532 τούτων
582 480 957 552 παραπλήσια.
997 480 1213 536 Τούτων
1261 482 1318 540 δὲ
1365 482 1423 536 ἓν
1461 485 1594 538 αὐτὸ
1628 486 1752 539 καθ’
1781 487 1916 540 αὐτὸ

2033 490 2277 556 licimur,
2302 502 2358 547 ut
2393 494 2525 557 albi,
2559 494 2727 560 exsii,
2756 495 2917 566 nigri,
2943 495 3097 564 justi,
3129 499 3337 570 injusti,
3371 500 3602 554 modesti

343 571 606 626 ἀδύνατόν
628 572 672 605 ⁸⁸
699 574 814 626 ὲστι
860 575 1132 644 γενέσθαι,
1178 575 1314 628 ἀλλὰ
1369 576 1449 629 δεῖ
1499 573 1557 630 έν
1598 596 1706 632 τινι
1755 574 1916 634 εἶναι.

347 664 407 717 Ei
436 664 493 716 δὲ
526 661 650 717 οὔτε
679 664 742 717 τὸ
777 663 934 729 ζῶον,
973 666 1002 718 ὃ
1045 669 1187 720 κατά
1218 668 1436 722 πάντων
1479 669 1622 738 λέγω
1653 669 1763 723 τῶν
1795 670 1918 724 καθ’

343 756 552 808 δκαστα
585 755 760 821 ζώων,
801 756 923 810 οὔτε
966 758 1035 812 τὰ
1067 759 1112 790 ⁸⁸
1144 760 1553 831 συμϐεϐηκότα,
1593 761 1629 816 ἃ
1663 763 1720 814 έν
1757 764 1922 816 πᾶσιν

347 842 431 911 οἷς
463 849 810 924 συμϐέϐηκεν
849 851 1182 922 εὑρίσκεται,
1210 853 1432 908 δυνατὸν
1459 855 1597 909 αὐτὰ
1626 857 1750 910 καθ’
1785 857 1928 912 αὑτά

346 938 621 1008 γενέσθαι,
653 942 716 994 ὲκ
759 941 960 994 τούτων
989 943 1045 998 δὲ
1073 943 1488 1014 ωμπληροῦται
1518 946 1587 999 τὰ
1623 947 1824 1016 ἄτομα,
1847 951 1912 1001 ὲκ

351 1029 458 1083 τῶν
490 1031 536 1063 ⁸³
564 1032 666 1086 οὐκ
712 1032 880 1084 ὄντων
911 1032 1246 1104 καθέστηκεν
1276 1033 1322 1065 ⁸⁸
1366 1037 1400 1106 ἡ
1452 1036 1613 1106 τριχῆ
1635 1036 1679 1068 ⁸⁸
1736 1035 1925 1108 διῃρη-

355 1122 489 1193 μένη
521 1122 677 1176 οὐσία
697 1124 795 1176 οὐκ
824 1124 882 1190 ἐξ
907 1124 1080 1180 ἀλλων
1105 1126 1438 1180 συνεστῶσα.
1476 1127 1714 1199 Πρώτως
1737 1130 1783 1160 ⁸⁸
1816 1130 1925 1199 ἄρα

353 1215 446 1267 καὶ
493 1215 805 1286 κυριώτατα
831 1215 875 1248 ⁸⁷
928 1217 1022 1270 καὶ
1085 1218 1320 1288 μάλιστα
1359 1219 1633 1291 λεγομένη
1677 1219 1834 1274 οὐσία
1876 1222 1926 1274 εί

354 1304 484 1357 ἐκ-⁸⁸
516 1304 722 1359 τούτων
763 1306 1021 1379 ὑπάρχει,
1051 1307 1110 1372 ἐξ
1142 1308 1241 1362 οὐκ
1272 1309 1441 1364 δντων
1470 1309 1614 1364 κατά
1642 1309 1733 1364 τὸν
1773 1309 1926 1382 ’Δρι-

356 1394 613 1469 στοτέλην
645 1395 815 1451 ἐστίν.

429 1661 510 1717 ιϐ’.
563 1664 723 1719 Ἀλλά
767 1664 900 1738 περὶ
929 1664 1028 1736 μὲν
1059 1665 1157 1736 τῆς
1187 1665 1373 1728 οὐσίας
1402 1666 1627 1739 ἀρκέσει
1658 1666 1728 1720 τά
1756 1667 1914 1736 λεγό-

357 1771 493 1824 μενα
521 1754 633 1809 νῦν.
658 1755 732 1809 Οὐ
757 1755 915 1826 μόνον
945 1756 1052 1827 δὲή
1077 1757 1234 1810 οὐσία
1261 1757 1508 1810 καλεῖται
1547 1759 1703 1827 γένος
1731 1759 1775 1790 ⁸⁸
1797 1798 1812 1822 ,
1847 1755 1927 1812 εῖ-

353 1845 443 1908 δος
463 1885 478 1909 ,
511 1845 713 1916 ἄτομον
732 1885 748 1911 ,
779 1847 914 1902 ἀλλά
945 1848 1037 1902 καὶ
1065 1847 1165 1921 ὕλη
1202 1849 1294 1903 καὶ
1322 1843 1464 1912 εἶδος
1510 1850 1605 1903 καὶ
1636 1849 1919 1920 στέρησις.
1956 1838 1999 1892 Β

356 1938 610 2009 Διαφέρει
632 1939 749 1992 ⁷⁸’δὲ
771 1940 980 1994 οὐδὲνη
1008 1943 1065 1994 ὲν
1089 1941 1300 2006 τούτοις
1330 1940 1598 2014 μενούσης
1618 1943 1718 2011 τῆς
1735 1945 1930 2013 τομῆς.

358 2030 627 2102 Τοιαύτης
657 2031 715 2085 δὲ
751 2029 924 2104 οὔσης
968 2034 1066 2104 τῆς
1095 2034 1304 2100 οὐσίας,
1334 2034 1480 2090 ἔστιν
1514 2037 1547 2106 ἡ
1599 2033 1692 2089 τοῦ
1727 2035 1932 2107 κόσμου

356 2122 586 2192 διαταγὴ
626 2125 970 2197 γεγενημένη
1019 2127 1141 2179 κατ’
1175 2127 1338 2180 αὑτὸν
1383 2126 1622 2180 τοιοῦτόν
1652 2144 1773 2180 τινα
1813 2127 1936 2199 τρό-

358 2231 476 2269 πον.
530 2216 588 2268 'U
617 2217 820 2286 κόσμος
852 2217 968 2270 ἐστὶ
1014 2217 1156 2272 κατὰ
1195 2219 1572 2290 Ἀριστοτέλην
1611 2218 1935 2291 διῃρημένος

359 2309 438 2372 εἰς
486 2307 626 2380 μέρη
681 2309 901 2364 πλείονα
951 2311 1046 2364 καὶ
1095 2311 1390 2383 [διάφορα’
1441 2313 1554 2385 καὶ]
1597 2315 1644 2346 ⁷⁸
1676 2311 1794 2366 ἔστι
1840 2311 1934 2366 τοῦ

359 2399 567 2471 κόσμου
604 2401 769 2471 μέρος
806 2402 974 2468 τοῦθ’,
1013 2405 1148 2476 ὅπερ
1177 2405 1326 2458 ἐστιν
1359 2406 1468 2459 ἀπὸ
1507 2407 1608 2478 τῆς
1634 2407 1740 2476 γῆς
1774 2406 1936 2477 μέχρι

359 2493 458 2562 τῆς
491 2491 750 2564 σελήνηςζ,
784 2495 1136 2566 ἀπρονόητον,
1172 2497 1563 2568 ἀκυόέρνητον,
1599 2497 1937 2570 ἀρκούμενον

363 2585 500 2655 μόνῃ
531 2586 595 2653 τῇ
647 2584 807 2654 φύσει
843 2589 907 2656 τῇ
945 2587 1136 2640 ἑαυτοῦ
1159 2626 1172 2649 ,
1201 2588 1262 2640 τὸ
1308 2588 1365 2640 δὲ
1401 2589 1541 2658 μετὰ
1577 2589 1674 2658 τὴν
1707 2589 1936 2660 σελήνην

362 2677 422 2730 ὲν
466 2675 618 2746 πάσῃ
646 2675 794 2740 τάξει
831 2677 924 2731 καὶ
962 2679 1189 2750 προνοίᾳ
1227 2678 1324 2730 καὶ
1369 2679 1698 2751 κυϐερνήσει
1737 2697 1936 2748 τεταγ-

368 2769 524 2838 μένον
553 2769 622 2832 ⁷³,
671 2769 835 2839 μέχρι
873 2769 972 2838 τῆς
1003 2769 1324 2837 ἐπιφανείας
1369 2769 1465 2823 τοῦ
1511 2768 1744 2840 οὐρανοῦ
1767 2789 1779 2802 ·
1813 2772 1847 2840 ἡ
1881 2771 1937 2824 δὲ

2023 590 2080 635 et
2117 598 2238 651 qua:
2286 592 2416 638 sunt
2465 585 2658 639 horum
2692 587 2918 642 similia.
2973 589 3174 644 Horum
3221 601 3401 646 autem
3435 606 3600 644 unum

2023 673 2236 744 aliquod
2277 690 2374 744 per
2404 690 2466 730 se
2505 686 2722 732 exstare
2758 678 2966 747 nequit,
3005 681 3099 735 sed
3143 689 3360 750 oportet
3411 682 3464 734 in
3497 681 3602 735 ali-

2023 780 2134 834 quo.
2160 781 2299 820 esse.
2349 766 2404 820 Si
2445 775 2624 821 autem
2677 783 2853 836 neque
2897 770 3119 836 animal,
3163 771 3303 838 quod
3341 771 3406 825 de
3435 771 3603 824 omni-

2024 856 2125 910 bus
2165 857 2288 911 dico
2319 871 2439 925 qua:
2483 857 2694 926 singula
2731 860 3001 913 exsistunt
3048 860 3394 924 animali-bus,
3428 873 3605 928 neque

2023 945 2349 1006 accidentia,
2393 961 2512 1015 quat
2555 947 2610 1001 in
2655 947 2927 1013 omnibus,
2958 951 3152 1018 quibus
3201 951 3476 1014 accidunt,
3518 965 3602 1004 re-
3699 932 3712 944 ’

2025 1035 2330 1104 periuntur,
2379 1047 2607 1104 possunt
2649 1039 2762 1106 ipsa
2814 1055 2910 1108 per
2961 1055 3020 1095 se
3077 1041 3362 1100 exsistere.
3416 1055 3480 1094 ex
3520 1041 3603 1094 his

2025 1139 2206 1182 autem
2275 1128 2518 1182 conﬁunt
2584 1131 2872 1188 individua.
2908 1147 3014 1186 :ex
3071 1149 3176 1186 non
3216 1133 3605 1188 exsistentihus

2026 1228 2237 1274 constat
2274 1218 2539 1273 trifariam
2587 1221 2762 1276 divisa
2817 1225 3150 1291 substantia,
3201 1239 3321 1291 qua:
3373 1239 3478 1276 non
3535 1238 3603 1278 ex

2026 1309 2146 1363 aliis
2177 1308 2402 1363 conﬂata
2434 1321 2534 1364 est.
2571 1311 2711 1380 Ergo
2737 1313 2780 1366 si
2820 1314 3072 1381 primitus
3111 1323 3165 1367 et
3205 1317 3442 1368 maxime
3477 1330 3603 1380 pro-

2026 1403 2140 1471 prie
2199 1413 2254 1455 et
2301 1403 2646 1472 potissimum
2702 1405 2973 1474 appellata
3028 1407 3335 1460 substantia
3391 1421 3455 1459 ex
3521 1406 3607 1460 his

2027 1505 2224 1560 exstat,
2258 1511 2332 1550 ex
2371 1510 2476 1551 non
2527 1498 2940 1568 exsistentibus,
2988 1500 3032 1555 si
3069 1499 3415 1554 Aristotelem
3459 1500 3606 1554 audio

2030 1602 2173 1649 mus,
2211 1596 2316 1644 est.

2098 1679 2183 1732 19.
2224 1677 2334 1734 Sed
2375 1679 2439 1734 de
2483 1681 2788 1738 substantia
2835 1683 3056 1753 quidem
3105 1684 3240 1739 satis
3279 1690 3458 1748 erunt,
3491 1696 3612 1747 quae
3711 1685 3723 1696 '

2031 1785 2174 1825 nunc
2205 1771 2459 1827 diximus.
2489 1772 2813 1829 Substantia
2845 1784 3025 1829 autem
3065 1790 3170 1830 non
3199 1775 3371 1830 solum
3407 1789 3608 1843 genus,

2034 1862 2264 1930 species,
2299 1865 2627 1920 individuum
2675 1867 3002 1936 appellatur,
3045 1867 3141 1922 sed
3176 1868 3347 1922 etiam
3379 1866 3610 1920 materia

2036 1964 2091 2009 et
2135 1956 2344 2022 species
2396 1965 2450 2011 et
2510 1957 2760 2026 privatio.
2811 1955 2998 2011 Dili‘ert
3056 1965 3238 2011 autem
3288 1955 3444 2019 nihil,
3487 1967 3609 2007 cum

2035 2052 2254 2099 maneat
2307 2045 2360 2100 in
2409 2047 2493 2101 his
2527 2045 2740 2100 divisio.
2776 2044 2922 2100 Talis
2967 2057 3144 2100 autem
3190 2060 3311 2100 cum
3362 2044 3433 2098 sit
3480 2043 3610 2097 sub-

2036 2134 2260 2197 stantia,
2308 2135 2490 2188 mundi
2525 2135 2819 2204 descriptio
2852 2134 2991 2189 facta
3036 2143 3119 2189 est
3157 2133 3451 2188 secundum
3487 2145 3609 2186 eum

2037 2221 2089 2276 in
2123 2224 2265 2278 hunc
2308 2224 2421 2278 fere
2466 2227 2705 2278 modum.
2743 2225 2974 2279 Mundus
3013 2223 3308 2279 secundum
3344 2220 3612 2274 Aristote-

2037 2315 2141 2372 lem
2184 2317 2391 2372 divisus
2427 2326 2510 2373 est
2553 2317 2605 2370 in
2656 2326 2837 2387 partes
2884 2315 3191 2385 complures
3240 2322 3296 2368 et
3345 2313 3612 2372 diversas,

2037 2415 2225 2474 estque
2270 2405 2453 2459 mundi
2503 2420 2651 2474 pars,
2681 2419 2800 2473 qua:
2835 2413 2920 2458 cst
2946 2419 2977 2458 a
3017 2412 3159 2457 terra
3197 2415 3370 2470 usque
3418 2400 3486 2452 ad
3523 2399 3611 2452 lu-

2037 2512 2197 2562 nam,
2239 2511 2444 2551 carens
2483 2496 2846 2566 providentia,
2898 2494 3310 2565 gubernatione,
3361 2498 3614 2546 contenta

2039 2585 2148 2640 sola
2194 2596 2386 2640 natura
2416 2600 2552 2651 sua;
2601 2584 2687 2639 illa
2719 2595 2918 2651 autem,
2963 2600 3082 2654 quin
3131 2592 3216 2640 est
3247 2591 3368 2652 post
3403 2581 3613 2640 lunam,

2039 2675 2092 2730 iu
2120 2677 2266 2730 omni
2297 2675 2488 2729 ordine
2523 2683 2576 2730 et
2613 2676 2954 2744 providentia
2983 2685 3036 2729 et
3067 2673 3458 2743 gubernatione
3487 2685 3617 2724 con-

2040 2771 2235 2824 stituta
2271 2782 2440 2836 usque
2483 2768 2551 2822 ad
2595 2768 2934 2836 superﬁciem
2971 2766 3127 2832 C(Bli;
3171 2765 3484 2834 superﬁcies
3513 2778 3608 2816 au-

365 2861 676 2930 ἐπιφάνεια,
724 2861 946 2933 πέμπτη
974 2879 1064 2926 τις,
1085 2861 1161 2933 [p.
1195 2864 1302 2917 9.28
1321 2904 1336 2928 ,
1363 2861 1517 2936 299.]
1555 2860 1689 2916 οὖσα
1739 2863 1894 2916 οὐσία
1920 2902 1932 2928 ,

2043 2867 2169 2924 tem,
2199 2874 2319 2929 qua:
2347 2867 2432 2913 est
2465 2858 2651 2927 quinta
2686 2856 3039 2928 355-355
3073 2856 3318 2925 quadam
3363 2853 3618 2908 substan-

369 2951 617 3022 φυσικῶν
653 2951 1050 3022 ἀπηλλαγμένη
1085 2954 1361 3022 στοιχείων
1391 2954 1609 3008 πάντων
1630 2991 1644 3016 ,
1681 2953 1775 3020 ἀφ’
1803 2945 1875 3005 ὧν
1909 2951 1932 3006 ὁ

2041 2949 2137 3017 tia,
2182 2965 2213 3004 a
2266 2949 2608 3004 naturalibus
2655 2949 2940 3003 elementis
2987 2948 3160 3003 soluta
3210 2956 3294 3002 est
3339 2945 3618 3008 omnibus,

367 3043 569 3116 κόσμος
615 3044 713 3112 τὴν
763 3043 1021 3099 σύστασιν
1051 3044 1164 3116 ἔχει
1192 3085 1207 3112 ,
1245 3044 1338 3099 καὶ
1376 3045 1522 3099 ἐστιν
1574 3045 1712 3116 αὕτη
1763 3062 1848 3109 τις
1902 3046 1932 3116 ἡ

2040 3041 2184 3095 unde
2206 3042 2436 3095 mundus
2460 3041 2718 3094 fabricam
2741 3039 2935 3112 habet,
2954 3048 3144 3108 estque
3177 3039 3292 3092 [HBG
3315 3036 3616 3090 substantia

368 3137 595 3209 πέμπτη
628 3137 767 3190 κατά
797 3135 888 3190 τὸν
933 3136 1318 3208 Ἀριστοτέλην.
1358 3137 1517 3191 οὐσία
1537 3177 1562 3201 ,.
1584 3137 1747 3191 οἱονεὶ
1783 3137 1932 3191 οὐσία

2043 3133 2290 3202 quaedam
2338 3132 2634 3187 secundum
2682 3130 3030 3186 Aristotelem
3078 3130 3303 3199 quinta,
3365 3137 3620 3197 tauquam

368 3244 452 3291 τις
484 3227 876 3297 ὑπερκόσμιος.
919 3227 1030 3280 Καὶ
1055 3227 1278 3296 γέγονεν
1312 3227 1462 3298 αύτῷ
1503 3227 1650 3281 κατὰ,
1670 3227 1768 3296 τὴν
1799 3225 1932 3281 διαί-

2041 3224 2345 3280 substantia
2405 3225 2651 3293 quaedam
2698 3224 3154 3290 supermundana.
3207 3224 3384 3290 Atque
3435 3231 3518 3276 est
3569 3221 3618 3275 ei

374 3334 523 3387 ρεσιν
547 3316 642 3370 τοῦ
675 3318 880 3387 κόσμου
915 3317 1008 3370 καὶ
1059 3318 1087 3370 ὁ
1113 3317 1214 3388 τῆς
1256 3318 1574 3387 φιλοσοφίας
1604 3318 1932 3391 διῃρημένος

2038 3319 2335 3372 secundum
2383 3313 2705 3370 divisionem
2739 3313 3014 3372 mundiet
3059 3313 3414 3382 philosophia:
3443 3327 3620 3367 sermo

369 3408 542 3476 λόγος.
575 3406 810 3475 Φυσικὴ
841 3409 949 3478 γάρ
987 3424 1067 3471 τις
1103 3408 1392 3476 ἀκρόασις
1418 3409 1566 3479 αύτῷ
1592 3410 1836 3478 γέγονεν,
1882 3411 1932 3464 ὲν

2045 3409 2272 3463 divisus.
2323 3405 2549 3476 Physica
2583 3405 2728 3460 enim
2763 3407 3008 3474 quaedam
3047 3404 3368 3459 auscultatio
3416 3404 3621 3464 ab.illo

370 3493 406 3572 ᾖ
437 3498 738 3570 πεπόνηται
764 3499 810 3530 ⁷⁵
843 3498 968 3570 περὶ
1000 3497 1110 3551 τῶν
1139 3497 1300 3567 φύσει
1329 3501 1425 3553 καὶ
1460 3500 1527 3552 σὺ·
1562 3499 1788 3571 προνοίᾳ
1814 3500 1932 3554 διοι-

2039 3499 2314 3555 elaborata
2356 3508 2462 3563 est,
2501 3500 2553 3552 in
2589 3513 2694 3567 qua
2729 3507 2986 3553 accurate
3028 3497 3141 3566 egit
3176 3497 3243 3552 de
3277 3496 3460 3562 rebus,
3502 3513 3622 3568 qua:

371 3591 648 3662 κουμένων
679 3591 788 3644 ἀπὸ
819 3591 917 3660 τῆς
941 3590 1045 3660 γῆς
1077 3591 1239 3662 μέχρι
1269 3591 1369 3662 τῆς
1397 3592 1626 3664 σελήνης
1676 3593 1932 3662 πραγμά-

2043 3602 2234 3648 natura
2282 3603 2346 3648 et.
2385 3607 2491 3648 non
2541 3591 2876 3662 providentia
2919 3590 3365 3644 administrentur
3406 3605 3436 3644 a
3472 3599 3617 3645 terra

372 3701 498 3737 των.
527 3683 721 3752 Γέγονε
758 3683 815 3736 δὲ
835 3681 984 3752 αὐτῷ
1014 3683 1108 3736 καὶ
1163 3682 1300 3753 μετὰ
1327 3682 1394 3736 τά
1429 3683 1632 3751 φυσικὰ
1671 3682 1800 3753 περὶ
1831 3682 1932 3736 τῶι

2042 3700 2216 3754 usque
2268 3686 2334 3740 ad
2389 3683 2590 3739 lunam.
2645 3683 3027 3752 Conscriptum
3078 3691 3259 3736 autem
3307 3690 3392 3736 est
3437 3683 3504 3736 ab
3557 3697 3625 3737 eo

375 3774 512 3848 μετὰ
560 3774 788 3844 σελήνην
825 3773 930 3826 ίδίοι
977 3791 1062 3836 τις
1107 3772 1241 3844 άλλη
1292 3772 1467 3837 οὕτως
1525 3772 1932 3844 ὲπιγραφομένη

2039 3778 2201 3833 etiam
2239 3788 2361 3847 post
2399 3777 2622 3848 physica
2656 3775 2801 3831 aliud
2851 3774 3125 3845 quoddam
3184 3774 3458 3844 peculiare
3489 3788 3624 3841 opus

371 3865 725 3934 πραγματεία
756 3863 928 3931 λόγων
952 3879 966 3893 °
994 3863 1184 3931 γέγονε
1220 3863 1278 3916 δὲ
1307 3862 1457 3934 αὐτῷ
1503 3862 1644 3932 Περὶ
1668 3862 1932 3932 πέμπτης

2043 3867 2109 3923 de
2139 3868 2228 3933 iis,
2261 3882 2380 3936 quae
2402 3877 2528 3920 sunt
2559 3875 2680 3935 post
2708 3865 2912 3928 lunam,
2945 3865 3088 3934 quod
3121 3864 3316 3918 exinde
3350 3863 3619 3933 Jletaplig-

370 3956 588 4019 οὐσίας
629 3953 761 4017 ῐδιος
807 3953 990 4021 λόγος,
1029 3954 1087 4016 ὃς
1134 3955 1281 4006 ἐστιν
1313 3953 1462 4023 αὐτῷ
1505 3953 1932 4023 θεολογούμενος.

2049 3959 2289 4013 sicorum
2333 3971 2530 4010 nomen
2562 3957 2792 4023 accepit.
2836 3954 3194 4022 Conscriptus
3225 3962 3404 4007 autem
3445 3964 3526 4008 est
3556 3954 3627 4008 ab

371 4043 605 4112 Τοιαύτη
650 4061 736 4105 τις
787 4043 882 4096 καὶ
913 4045 947 4112 ἠ
998 4042 1264 4112 διαίρεσις
1312 4042 1421 4096 τῶν
1461 4041 1621 4107 ὅλων,
1663 4041 1739 4104 ὡς
1785 4042 1932 4116 τύπῳ

2043 4064 2109 4103 eo
2147 4049 2210 4103 de
2251 4047 2789 4120 quintalsubstantia
2820 4043 3112 4114 peculiaris
3143 4043 3297 4107 liber,
3331 4044 3422 4112 qui
3462 4054 3546 4097 est
3574 4043 3625 4098 ei

374 4133 714 4206 περιλαὸεῖν,
747 4131 865 4204 [καὶ
895 4131 1017 4203 τῆς]
1043 4133 1088 4163 ⁷⁸
1125 4131 1268 4184 κατὰ
1313 4130 1693 4200 Ἀριστοτέλην
1729 4130 1932 4199 φιλοσο-

2043 4138 2181 4192 liber
2226 4138 2292 4192 de
2324 4137 2434 4191 Deo
2482 4135 2750 4202 rebusque
2802 4133 3018 4188 divinis.
3059 4132 3205 4186 Talis
3247 4133 3490 4202 quaedam
3539 4143 3624 4188 est

374 4227 502 4298 φίας
529 4226 595 4280 ⁷⁸.
613 4227 670 4280 Ὀ
697 4225 755 4278 δὲ
782 4223 915 4292 Περὶ
938 4222 1143 4293 ψυχῆς
1164 4223 1312 4293 αὐτῷ
1339 4221 1496 4290 λόγος
1525 4223 1672 4275 ἐστὶν
1700 4223 1932 4293 ἀσαφής.

2045 4235 2101 4281 et
2127 4227 2421 4296 descriptio
2452 4225 2851 4290 universorum,
2904 4234 2966 4278 ut
3004 4226 3257 4279 universe
3293 4225 3624 4294 complecta-

386 4299 475 4374 Ἐν
507 4318 662 4390 τρισὶ
695 4315 806 4386 γὰρ
843 4315 1268 4386 συγγράμμασιν
1297 4313 1440 4376 ὅλοις
1471 4312 1570 4366 οὐκ
1602 4311 1748 4366 ἔστιν
1773 4314 1932 4366 ein-six

2047 4333 2189 4382 mur,
2217 4325 2272 4372 et
2307 4316 2662 4387 philosophiae
2690 4315 3070 4370 Aristotelian.
3110 4315 3410 4384 Disputatio
3443 4327 3624 4371 autem

375 4409 584 4482 σαφῶς,
608 4410 636 4463 ὅ
660 4426 711 4463 τι
740 4409 930 4477 φρονεί
960 4405 1087 4476 περὶ
1115 4404 1295 4476 ψυχῆς
1324 4405 1336 4476 |
1379 4403 1885 4476 Ἀριστοτέλης.⁹ον
1899 4405 1932 4436 ""

2047 4407 2164 4476 ejus
2195 4407 2258 4460 de
2297 4405 2476 4460 anima
2512 4406 2744 4460 obscura
2773 4414 2876 4460 est.
2915 4404 2971 4458 lu
3013 4405 3186 4459 tribus
3221 4406 3365 4460 enim
3400 4407 3624 4476 integris

370 4497 482 4569 γάρ
517 4496 808 4550 ἀποδίδωσι
853 4495 953 4565 τῆς
984 4493 1155 4564 ψυχῆς
1186 4495 1309 4564 ὅρον
1335 4494 1487 4546 ἐστὶν
1522 4494 1700 4547 εἰπεῖν
1735 4493 1932 4566 ῥᾴδιον,

2047 4497 2230 4566 libris,
2262 4513 2368 4554 non
2415 4497 2544 4552 licet
2603 4505 2788 4566 aperte
2847 4498 3050 4560 dicere.
3105 4497 3234 4565 quid
3291 4497 3504 4551 tandem
3558 4498 3624 4552 de

371 4587 432 4640 τὸ
467 4587 523 4640 δὲ
553 4586 655 4639 ὑπὸ
683 4586 809 4656 ὅρου
843 4584 1207 4656 δεδηλωμένον
1247 4584 1364 4637 ἐστὶ
1394 4583 1742 4655 δυσεύρετον.
1779 4584 1932 4638 Ἐστι

2050 4589 2228 4644 anima
2259 4589 2463 4644 sentiat
2505 4588 2854 4646 Aristoteles.
2901 4587 3037 4643 Nam
3074 4605 3235 4658 quam
3268 4590 3459 4646 reddat
3489 4592 3623 4645 deﬁ-

373 4679 483 4748 γὰρ
509 4677 580 4744 ⁷⁸,
609 4675 762 4747 φησι,
795 4675 940 4747 ψυχὴ
976 4673 1208 4744 φυσικοῦ
1239 4673 1490 4745 σώματος
1517 4673 1814 4745 ὀργανικοῦ
1857 4676 1932 4727 ὲν-

2051 4683 2309 4736 nitionem
2339 4682 2555 4746 animae,
2590 4679 2746 4736 facile
2772 4690 2858 4737 est
2885 4682 3085 4745 dicere,
3115 4682 3248 4749 quid
3271 4689 3450 4735 autem
3488 4681 3624 4735 deﬁ-

371 4769 638 4839 τελέχεια,
672 4769 791 4839 ἥτις
812 4769 860 4800 ⁷⁸
890 4766 1020 4820 ποτέ
1054 4768 1190 4827 ἐστι,
1220 4765 1394 4834 λόγων
1431 4763 1596 4838 [πάνυ
1626 4765 1932 4838 «ouidi/1“

2051 4775 2256 4830 nitione
2285 4773 2375 4828 illa
2404 4773 2766 4844 signiﬁcatum
2795 4773 2888 4838 sit,
2918 4774 3149 4828 arduum
3176 4782 3259 4829 est
3325 4772 3620 4843 requirere.

371 4848 544 4918 δεῖται
571 4863 667 4916 καὶ
700 4862 942 4932 μεγάλης
968 4859 1269 4932 ζητήσεως.
1301 4860 1360 4913 ὐ
1391 4860 1448 4914 δὲ
1472 4859 1626 4924 Θεὸς,
1661 4862 1690 4914 ὁ
1726 4861 1932 4914 πάντωι

2051 4865 2146 4921 Est
2179 4866 2345 4929 enim,
2377 4864 2574 4934 inquit,
2610 4864 2788 4918 anima
2820 4865 3082 4919 naturalis
3107 4864 3351 4936 corporis
3380 4863 3624 4934 organici

373 4955 582 5015 τούτων,
605 4955 713 5010 τῶν
744 4953 912 5009 ὄντων
946 4953 1129 5007 καλῶν
1182 4951 1373 5019 αἴτιος,
1415 4947 1573 5016 οὗτος
1613 4953 1712 5024 τῆς
1764 4953 1932 5024 ψυχῆς

2049 4956 2373 5023 entelecbia,
2422 4970 2542 5028 quae
2577 4955 2710 5025 quid
2755 4956 2971 5012 tandem
3021 4956 3124 5011 sibi
3177 4955 3327 5021 velit,
3377 4955 3626 5025 disputa-

1671 5125 1904 5184 VARUE
1936 5127 2338 5186 LECTIONES.

449 5290 492 5323 ⁸⁸
531 5287 661 5340 αὐτὸ
689 5284 767 5356 τῷ
810 5284 1030 5338 δυνατόν
1057 5281 1120 5337 C.
1205 5282 1249 5314 ⁸⁸
1284 5281 1405 5356 οὔτε
1448 5281 1699 5356 τάηοῦτε
1951 5284 2028 5356 ’⁸³
2059 5285 2123 5337 ἐκ
2147 5285 2272 5356 τῶν.
2305 5283 2412 5356 τῶν
2441 5283 2605 5356 C_,_M.
2636 5284 2727 5356 74“
2765 5283 3126 5356 καθέστηκεν.
3156 5282 3250 5337 καὶ
3279 5281 3426 5356 ἔστιν
3444 5282 3508 5356 ς,

379 5360 468 5424 qui
494 5357 587 5410 καί
623 5352 902 5410 delendum
929 5367 1051 5407 esse
1073 5362 1276 5407 censet.
1352 5353 1397 5384 ⁸⁸
1424 5353 1584 5424 τριχὴ
1617 5352 1679 5408 C.
1756 5353 1801 5385 ⁸⁸
1845 5353 2105 5424 Πρώτως.
2149 5353 2344 5425 Πρώτη
2373 5353 2436 5416 C,
2477 5354 2549 5410 M.
2628 5354 2672 5385 ⁸⁷
2718 5352 3050 5425 κυριώτατα.
3099 5353 3411 5463 κυριωτάτη
3444 5354 3504 5416 (Σ.
3550 5353 3620 5407 Μ.

381 5429 427 5460 08
459 5429 504 5463 ει
540 5429 602 5463 ὃν
634 5425 904 5463 Ωιιιιηριιιια
972 5423 1034 5463 ἓν
1063 5421 1104 5463 (ἶ
1171 5422 1240 5463 Μ.
1321 5422 1366 5454 η
1403 5423 1557 5463 γένηκ-
1605 5423 1666 5463 τλ
1699 5423 1854 5463 vim.»
1887 5425 1945 5463 Ιῖ-
2025 5425 2072 5454 ⁷ο
2109 5425 2356 5463 Λνηνῆέηεν
2437 5425 2512 5463 (ὶιί
2556 5423 2799 5463 διηρηέέηερ
2842 5423 3120 5463 Hunnorum
3215 5424 3259 5454 ⁷¹
3292 5423 3444 5463 Λιίδ.υ
3503 5423 3620 5463 ηὑδλ

381 5421 427 5460 ⁸⁷⁸
459 5429 506 5480 εἰ
539 5429 604 5479 ὲκ
634 5425 924 5495 Rueperus,
972 5423 1036 5495 ἐκ
1063 5421 1126 5495 C,
1171 5422 1268 5495 Mn
1321 5422 1366 5495 ⁸⁸
1403 5421 1589 5495 yg’vog;
1605 5423 1666 5476 τὸ
1699 5423 1854 5489 γένος
1887 5421 1948 5477 C.
2025 5425 2072 5454 ⁷⁸
2106 5421 2380 5495 Διαφέρει.
2437 5425 2512 5495 Οὐ
2556 5421 2804 5494 διαφέρει
2841 5423 3140 5495 Ruepcrus.
3174 5421 3185 5425 ⁷
3215 5424 3259 5495 ⁷⁸
3292 5421 3624 5495 aestuosas

393 5497 455 5559 (Σ,
479 5496 570 5582 Μλ
625 5495 671 5526 ⁷⁸
699 5491 968 5548 Lacunam
998 5493 1060 5582 in
1086 5491 1474 5582 (‘J'exp'l‘evit‘hL
1542 5493 1594 5582 3’
1617 5495 1972 5582 τεταγμένον.
2004 5491 2312 5582 τεταγμένη
2339 5494 2407 5581 (1ἒ
2561 5491 2882 5576 πεπόνηται.
2905 5491 3198 5582 πεποίηται
3221 5491 3283 5556 C,
3312 5493 3382 5547 Μ.
3416 5493 3624 5582 ’,ηνξαὶ

380 5568 478 5634 τῆς
530 5565 823 5632 Roeperus,
861 5578 968 5616 om.
998 5561 1061 5626 C,
1093 5563 1162 5617 Μ.
1237 5563 1285 5594 ⁷⁸
1312 5562 1623 5630 φιλοσοφίας
1651 5561 1947 5631 Roeperus,
1979 5561 2337 5634 φιλοσοφῆσαι
2369 5564 2429 5628 t3,
2472 5562 2545 5628 Μ,
2578 5565 2671 5632 qui
2699 5561 2844 5633 conj.
2885 5561 3343 5634 φιλοσοφήσαντα.
3416 5561 3462 5592 ⁷⁷
3500 5562 3616 5617 Ὀν.

379 5631 488 5689 Ἶιν
522 5632 713 5704 prLC.
766 5633 836 5704 ﬂ"
863 5633 997 5687 Vide
1027 5632 1262 5704 Aristot.
1308 5633 1384 5704 ρο
1418 5633 1594 5685 anima
1622 5631 1685 5697 ll,
1718 5648 1766 5687 c.
1800 5633 1849 5686 1.
1877 5632 1969 5704 _M.
2043 5633 2093 5704 "_
2117 5634 2283 5704 ﬁdeig.
2326 5634 2444 5704 ἥτις
2472 5634 2532 5689 C.
2609 5634 2655 5664 ‘°
2699 5633 2872 5701 λόγων
2907 5633 3046 5686 πάνυ
3088 5633 3313 5686 πολλῶν.
3349 5630 3528 5704 λέγων
3540 5630 3616 5704 _C,

380 5638 488 5689 Ἶιν
522 5651 602 5705 pr.
651 5638 713 5688 (ὗ.
789 5638 836 5666 ⁷⁸
866 5638 997 5687 Vide
1037 5638 1262 5688 Aristot.
1308 5638 1384 5684 De
1418 5638 1594 5685 anima
1623 5638 1685 5697 ll,
1718 5648 1766 5687 c.
1800 5638 1849 5686 1.
1898 5638 1969 5686 Μ.
2043 5638 2090 5664 ⁷⁵
2119 5638 2150 5703 ἢ
2182 5638 2283 5696 τίς.
2326 5638 2444 5704 ἣτις
2472 5638 2532 5689 C.
2609 5638 2655 5664 '°
2700 5638 2872 5701 λόγων
2907 5638 3046 5686 πάνυ
3088 5638 3313 5686 πολλῶν.
3349 5638 3524 5698 λέγων
3551 5638 3616 5695 L‘,

380 5706 555 5773 λόγων
589 5702 659 5766 Μ.
686 5702 1067 5771 redintegravit
1108 5702 1280 5759 locum
1318 5699 1612 5772 Roeperus,
1643 5718 1762 5758 cum
1817 5702 1958 5755 πάνυ
2013 5701 2220 5756 πολλῶν
2257 5718 2318 5758 ιιι
2364 5713 2396 5759 l.
2432 5704 2500 5759 48
2543 5705 2647 5759 huc
2680 5704 2999 5759 retrahenda
3030 5720 3148 5758 esse
3180 5703 3470 5772 perspexit.
3509 5699 3616 5758 Nos

379 5775 612 5846 ἐλέγχων
643 5774 1059 5842 conjeceramus.
