4104 6366
482 319 622 383 3305

1927 325 2297 388 ORIGENIS

3601 327 3756 395 3306

482 430 578 494 tia,
614 437 672 484 ut
699 444 728 484 a
758 438 908 488 tanto
937 441 990 488 et
1015 431 1108 489 tali
1137 433 1265 500 Deo,
1298 435 1508 504 qualem
1541 449 1642 491 nec
1672 433 1853 492 dicere
1889 451 2064 506 neque

2170 437 2341 510 θήκην
2385 440 2726 513 αὐξανόμενα
2749 443 2816 510 ³⁸,
2842 442 2924 506 ὡς
2948 441 3052 496 ὑπὸ
3081 441 3400 514 τηλικούτου
3438 439 3535 494 καὶ
3561 439 3755 494 τοιού-

483 521 814 592 cogitatione
862 526 1143 595 percipere
1175 534 1385 596 poterat
1420 536 1691 594 creatura,
1723 527 1936 582 inerant
1974 544 2062 583 re-

482 614 698 668 condita
749 615 806 669 in
861 617 1088 684 semine,
1141 627 1395 688 tanquam
1445 633 1640 674 recens
1689 628 1818 675 nato
1864 619 2064 676 infanti

485 705 680 761 dentes
734 707 963 776 posthac
1013 709 1280 763 cernimus
1331 718 1384 763 et
1440 711 1700 780 patricam
1753 726 2064 772 accrescere

484 799 842 854 substantiam
889 809 942 854 et
999 800 1328 854 intellectum
1392 810 1448 857 et
1493 817 1828 873 quiscunque
1901 819 2064 873 auge-

485 891 658 944 scenti
695 906 759 944 ex
785 905 956 959 puero
983 890 1241 959 paulatim
1273 891 1478 947 homini
1504 909 1625 948 cum
1651 894 1806 964 prius
1837 909 1942 948 non
1974 909 2064 950 es-

487 992 608 1035 Sent
657 983 940 1036 accedunt.
973 981 1413 1052 Quandoquidem
1471 993 1649 1039 autem
1704 1000 1808 1040 non
1856 995 2066 1054 poterat

487 1073 590 1126 dici
619 1072 1002 1140 projectionem
1049 1073 1322 1126 exstitisse
1363 1073 1600 1142 aliquam
1644 1077 1923 1130 non-antis
1966 1074 2062 1131 Dei

486 1163 689 1232 aliquid
725 1180 959 1218 nou-ens
987 1194 1058 1206 —
1089 1163 1286 1232 refugit
1317 1165 1467 1218 enim.
1509 1166 1792 1220 admodum
1825 1176 1879 1221 et
1906 1182 2062 1222 aver-

485 1269 637 1310 smur
677 1273 862 1310 eorum
916 1272 1035 1325 quae
1084 1271 1180 1326 per
1211 1257 1598 1325 projectionem
1641 1258 1904 1312 exsistunt
1938 1260 2065 1316 sub-

485 1347 716 1401 stantias
743 1344 1004 1398 Basilides
1035 1373 1106 1385 -—
1140 1345 1316 1414 qualis
1344 1345 1484 1398 cnim
1532 1344 1884 1414 projectionis
1911 1361 2062 1414 usus,

485 1446 576 1489 aut
602 1435 778 1503 qualis
799 1435 1035 1487 materiae
1067 1435 1386 1504 suppositio,
1433 1443 1491 1488 ut
1524 1435 1780 1488 mundum
1823 1439 1954 1490 deus
1981 1435 2064 1490 fa-

488 1527 748 1588 bricaret,
796 1534 1051 1595 tanquam
1095 1539 1292 1578 aranea
1346 1522 1454 1592 fila,
1481 1535 1575 1579 aut
1619 1525 1863 1580 mortalis
1903 1527 2064 1582 homo

489 1635 563 1674 aes
604 1627 696 1671 aut
731 1617 928 1687 lignum
981 1625 1073 1670 aut
1107 1616 1310 1686 aliquid
1366 1618 1581 1672 demum
1624 1619 1904 1674 materiale
1939 1634 2066 1688 ope-

2162 545 2258 584 του
2289 532 2457 600 Θεοῦ,
2489 535 2671 588 ὁποῖον
2711 534 2812 588 οὐκ
2843 536 3017 589 εἰπεῖν
3055 535 3176 589 οὐδὲ
3226 535 3410 604 νοήσει
3446 533 3492 565 ⁸³
3535 533 3742 607 δυνατή

2163 623 2355 694 γέγονε
2383 628 2633 698 χωρῆσαι
2678 628 2718 699 ὴ
2753 627 2962 693 κτίσις,
3015 626 3157 699 [καὶ]
3192 627 3236 658 ³ο
3270 627 3545 697 ὲνυπῆρχε
3579 627 3745 696 τεθη-

2166 717 2512 787 σαυρισμένα
2550 717 2630 788 τῷ
2679 718 3004 789 σπέρματι,
3037 718 3296 790 καθάπερ
3333 719 3573 786 νεογενεῖ
3614 735 3756 772 παι-

2161 807 2259 877 δίῳ
2291 806 2510 870 ὀδόντας
2556 808 2782 879 ὕστερον
2810 808 3029 880 ὁρῶμεν
3063 809 3158 862 καὶ
3189 809 3460 879 πατρικὴν
3495 826 3740 880 προσγε-

2163 897 2350 952 νέσθαι
2403 899 2595 954 οὐσίαν
2628 900 2671 932 ³³
2713 900 2808 954 καὶ
2849 901 3054 972 φρένας
3105 900 3198 954 καὶ
3245 902 3347 954 ὅσα
3394 901 3750 970 παραυξανο-

2165 991 2312 1062 μένῳ
2337 992 2358 1022 ³
2404 992 2468 1046 ὲκ
2523 992 2646 1047 νέου
2673 993 2816 1048 κατά
2849 995 3044 1065 μικρὸν
3077 992 3350 1064 ἀνθρώπῳ
3375 993 3409 1047 ἃ
3439 993 3513 1065 μὴ
3541 994 3750 1063 πρότε-

2165 1100 2258 1156 ρον
2284 1079 2352 1154 ἦν
2378 1085 2608 1152 γίνεται.
2654 1086 2807 1140 Ἐπεὶ
2831 1087 2888 1139 δὲ
2922 1082 2990 1157 ἦν
3028 1087 3230 1156 ἄπορον
3255 1088 3432 1140 εἰπεῖν
3463 1086 3747 1157 προϐολήν

2161 1192 2284 1231 τινα
2329 1176 2425 1230 τοῦ
2469 1177 2544 1247 μὴ
2584 1177 2738 1242 ὄντος
2790 1177 2926 1231 Θεοῦ
2963 1179 3246 1248 γεγονέναι
3275 1196 3326 1232 τι
3373 1179 3474 1231 οὐκ
3529 1177 3610 1240 ὂν,
3666 1207 3748 1217 —

2165 1266 2356 1337 φεύγει
2391 1269 2500 1339 γάρ
2540 1269 2682 1323 πάνυ
2734 1270 2828 1323 καὶ
2876 1270 3082 1322 δέδοικε
3122 1269 3222 1333 τάς
3255 1269 3400 1323 κατά
3459 1268 3740 1339 προϐολὴν

2161 1357 2608 1437 τῶνγεγονότων
2654 1358 2847 1423 ούσίας
2878 1361 2907 1412 ό
2952 1360 3271 1429 Βασιλείδης
3310 1385 3380 1400 -ο-
3427 1359 3586 1422 ποίας
3627 1359 3743 1429 γὰρ

2164 1449 2434 1522 προϐολῆς
2472 1451 2651 1523 χρεία,
2702 1451 2734 1522 ἢ
2772 1451 2930 1514 ποίας
2957 1450 3088 1521 ὕλης
3118 1451 3374 1514 ὑπόθεσις
3412 1451 3478 1517 ³³,
3523 1451 3612 1503 ἵνα
3643 1449 3742 1503 κό-

2166 1559 2301 1613 σμον
2323 1542 2455 1605 θεὸς
2480 1543 2816 1614 ἐργάσηται,
2849 1542 3102 1614 καθάπερ
3133 1545 3160 1596 ὁ
3188 1543 3430 1612 ἀράχνης
3457 1541 3526 1596 τά
3555 1542 3738 1612 μηρύ-

2169 1649 2337 1702 ματα,
2446 1633 2642 1704 θνητὸς
2673 1634 2959 1706 ἄνθρωπος
2989 1633 3189 1704 χαλκὸν
3221 1634 3253 1704 ἢ
3289 1632 3444 1698 ξύλον
3476 1634 3509 1703 ἦ
3539 1651 3591 1686 τι
3624 1633 3741 1687 τῶν

494 1725 621 1763 rans
652 1708 856 1762 sumit?
886 1706 1083 1762 Verum
1116 1709 1272 1773 dixit,
1315 1709 1510 1778 inquit,
1548 1719 1602 1764 et
1645 1709 1843 1764 factum
1881 1719 1982 1776 cst,
2013 1721 2066 1766 et

2170 1725 2263 1795 τῆς
2288 1725 2422 1795 ὕλης
2449 1726 2630 1796 μερῶν
2657 1725 3026 1797 ἐργαζόμενος
3051 1725 3317 1796 λαμϐάνει
3341 1743 3356 1786 ς
3400 1725 3556 1779 Ἀλλά
3585 1720 3740 1789 εἷπε,

492 1800 598 1854 hoc
633 1809 735 1864 est,
785 1807 844 1852 ut
876 1799 1027 1852 aiunt
1075 1799 1162 1854 isti
1200 1800 1468 1865 homines,
1498 1802 1640 1869 quod
1685 1801 1886 1856 dictum
1925 1813 2004 1858 est
2035 1819 2064 1858 a
2096 1781 2138 1835 Β

493 1888 640 1942 Mose
667 1901 680 1940 :
709 1885 835 1940 Fiat
863 1886 974 1948 lux,
1006 1897 1054 1941 et
1086 1888 1227 1956 facta
1265 1898 1336 1940 est
1367 1888 1480 1942 tux.
1523 1887 1700 1952 Unde,
1751 1888 1946 1957 inquit,
1972 1903 2068 1943 ex-

493 1979 636 2034 stitit.
668 1977 793 2032 lux?
827 1977 866 2032 E
914 1977 1121 2036 nihilo;
1179 1992 1284 2032 non
1335 1977 1477 2031 enim
1533 1977 1792 2048 scriptum
1835 1987 1938 2043 est,
1984 1979 2067 2033 iti-

491 2071 630 2138 quit,
686 2071 844 2134 uuile,
888 2070 980 2123 sed
1028 2069 1204 2136 ipsum
1235 2069 1426 2137 gsolum
1481 2085 1508 2122 ε
1556 2085 1675 2122 voce
1719 2070 1973 2136 dicentia;
2023 2070 2069 2124 is

493 2162 785 2230 antemqui
835 2161 994 2225 dixit,
1057 2161 1250 2229 inquit,
1292 2177 1398 2216 non
1441 2171 1581 2228 erat,
1634 2177 1805 2231 neque
1843 2163 1891 2215 id
1927 2163 2068 2232 quod

493 2250 692 2304 factum
726 2258 808 2306 est
832 2250 950 2305 fuit.
984 2249 1208 2305 Factum
1239 2260 1346 2316 est,
1385 2252 1588 2321 inquit,
1609 2268 1673 2307 ex
1712 2254 2070 2309 non-entibus

492 2358 675 2397 semen
712 2343 914 2408 mundi,
945 2344 1190 2407 verbum,
1219 2341 1360 2412 quod
1405 2344 1604 2398 dictum
1643 2352 1727 2399 est
1756 2364 1772 2400 :
1808 2343 1929 2398 Fiat
1953 2344 2064 2407 lux,

493 2443 548 2488 et
579 2435 699 2498 lioc,
736 2435 930 2503 inquit,
966 2443 1048 2488 est
1082 2434 1225 2503 quod
1265 2435 1467 2490 dictum
1513 2444 1594 2490 est
1627 2435 1680 2488 in
1709 2436 2016 2506 Evangeliis
2051 2454 2065 2490 :

495 2524 625 2578 Erat
657 2525 748 2578 tua:
770 2542 1043 2596 vera,qua:
1069 2510 1331 2579 illuminat
1350 2543 1550 2580 omnem
1573 2527 1835 2580 hominem
1864 2529 2071 2582 venien-

495 2626 594 2669 tem
634 2617 688 2669 in
731 2619 1002 2671 mundum.
1046 2615 1204 2687 Capit
1258 2618 1525 2687 principia
1569 2633 1598 2672 a
1651 2619 1856 2674 semine
1892 2618 1983 2675 illo
2016 2627 2071 2674 et

498 2707 850 2761 illuminatur.
884 2706 995 2762 Hoc
1027 2719 1109 2766 est
1137 2724 1342 2772 semen,
1375 2710 1516 2778 quod
1553 2709 1720 2765 habet
1763 2711 1814 2766 in
1851 2725 1908 2764 se
1949 2711 2069 2764 uni-

497 2814 654 2854 versa
706 2801 932 2864 semina,
963 2803 1103 2869 quod
1153 2802 1480 2856 Aristoteles
1521 2803 1598 2854 ait
1638 2817 1806 2872 genus
1851 2816 1968 2857 esse
2011 2802 2066 2856 in

497 2890 739 2945 infinitas
785 2891 1015 2946 divisum
1050 2894 1278 2961 species,
1323 2893 1487 2946 veluti
1530 2893 1816 2948 dividimus
1853 2895 1920 2948 ab
1955 2895 2070 2948 ani-

499 2981 623 3036 mali
667 2985 878 3048 bovem,
929 3001 1149 3054 equum,
1198 2987 1498 3050 hominem,
1549 2986 1690 3055 quod
1739 2986 1952 3053 quidem
1986 2996 2068 3042 est

2168 1817 2323 1888 φησὶ,
2349 1818 2442 1872 καὶ
2463 1818 2696 1886 ἐγένετο,
2733 1820 2824 1872 καὶ
2849 1819 3004 1873 τοῦτό
3037 1821 3205 1883 ἐστιν,
3237 1819 3312 1882 ὡς
3343 1819 3388 1850 ³⁸
3415 1817 3661 1886 λέγουσιν
3686 1817 3743 1870 οἱ

2167 1907 2356 1978 ἄνδρες
2395 1903 2538 1962 οὗτοι
2564 1949 2579 1973 ,
2616 1909 2675 1961 τὸ
2725 1908 2916 1980 λεχθὲν
2969 1909 3075 1962 ὑπὸ
3104 1909 3348 1972 Μωσέως
3374 1924 3388 1939 ο
3419 1907 3744 1975 Γενηθήτω

2169 1998 2324 2070 φῶς,
2352 2000 2448 2054 καὶ
2485 2000 2723 2069 ἐγένετο
2765 2000 2890 2070 φῶς
2930 2001 2995 2054 ³⁸.
3034 2001 3222 2067 Πόθεν,
3260 2000 3415 2071 φησὶ,
3457 2000 3652 2068 γέγονε
3682 1998 3743 2051 τὸ

2170 2091 2286 2159 φῶς
2315 2108 2328 2157 ;
2373 2090 2462 2155 Ἐξ
2483 2090 2699 2154 οὐδενός
2723 2108 2736 2124 ο
2764 2092 2825 2144 οὐ
2861 2091 2972 2162 γάρ
3001 2092 3330 2160 γέγραπται,
3361 2090 3516 2162 φησὶ,
3551 2089 3739 2152 πόθεν,

2169 2183 2284 2238 ἀλλ’
2313 2183 2446 2236 αὐτὸ
2483 2183 2677 2254 μόνον’,
2708 2186 2772 2238 ὲκ
2817 2184 2916 2254 τῆς
2956 2185 3140 2253 φωνῆς
3189 2183 3282 2236 τοῦ
3315 2183 3584 2251 λέγοντος,
3619 2183 3647 2234 ὁ
3685 2181 3743 2234 δὲ

2168 2276 2362 2344 λέγων,
2391 2277 2577 2346 φησὶν,
2614 2275 2712 2328 οὐκ
2739 2269 2838 2345 ἦν,
2868 2273 2988 2326 οὐδὲ
3020 2273 3080 2326 τὸ
3112 2273 3400 2342 γενόμενον
3429 2271 3474 2304 ³⁸
3503 2266 3592 2342 ἦν.
3639 2271 3743 2324 Γέ·

2170 2383 2317 2434 γονε,
2346 2367 2533 2435 φησὶν,
2567 2365 2626 2430 ἐξ
2655 2365 2756 2418 οὐκ
2787 2364 2958 2419 ὄντων
2989 2363 3051 2417 τὸ
3085 2363 3306 2433 σπέρμα
3331 2362 3424 2416 τοῦ
3449 2361 3681 2432 κόσμου,
3717 2364 3746 2415 ύ

2169 2455 2328 2524 λόγος
2353 2453 2606 2524 ὁλεχθεὶς
2627 2455 2694 2519 ³⁷,
2721 2455 3042 2522 Γενηθήτω
3066 2459 3211 2522 φῶς,
3237 2452 3529 2515 καὶτοῦτο,
3553 2454 3742 2522 φησὶν,

2170 2547 2295 2599 ἐστιν
2312 2546 2374 2599 τὸ
2392 2546 2683 2614 λεγόμενον
2707 2547 2764 2599 ἐν
2791 2547 2905 2608 τοῖς
2931 2543 3303 2612 Εὐαγγελίοις’
3326 2539 3438 2598 Ἦν
3459 2543 3525 2596 τὸ
3548 2541 3677 2611 φῶς
3700 2542 3743 2573 ³⁸

2169 2622 2580 2704 τᾶἀληθικὸν,
2612 2637 2644 2692 ὃ
2682 2635 2911 2706 φωτίζει
2942 2635 3137 2689 πάντα
3169 2636 3484 2703 ἄνθρωπον
3506 2635 3745 2703 ἐρχόμε-

2170 2745 2283 2782 νον
2303 2731 2386 2793 εἰς
2415 2728 2524 2782 τὸν
2553 2726 2564 2797 |
2598 2730 2847 2797 κόσμον.
2883 2725 3165 2795 Λαμϐάνει
3191 2725 3290 2788 τὰς
3307 2724 3482 2794 ἀρχὰς
3503 2724 3611 2778 ἀπὸ
3646 2723 3742 2777 τοῦ

2175 2822 2492 2891 σπέρματος
2544 2819 2756 2880 ἐκείνου
2808 2818 2904 2872 καὶ
2951 2821 3265 2888 φωτίζεται.
3315 2816 3486 2872 Τοῦτό
3517 2820 3633 2870 ἐστι
3679 2814 3743 2870 τὸ

2174 2914 2416 2984 σπέρμα,
2445 2912 2474 2965 ὃ
2502 2911 2616 2982 ἔχει
2649 2913 2708 2964 ὲν
2745 2909 2924 2982 ἐαυτῷ
2951 2913 3132 2966 πᾶσαν
3155 2911 3252 2982 τὴν
3273 2910 3680 2983 πανσπερμίαν,
3712 2909 3744 2962 ὃ

2173 3022 2338 3076 φησιν
2380 3004 2766 3076 Ἀριστοτέλης
2800 3004 2956 3074 γένος
2980 2999 3121 3059 εἶναι
3149 3007 3227 3068 είς
3256 3005 3518 3075 ἀπείρους
3549 3003 3742 3073 τεμνό-

497 3088 760 3128 non-ens..
791 3075 932 3128 Cum
971 3076 1132 3144 igitur
1187 3085 1441 3146 tanquam
1489 3075 1892 3132 fundamentum
1940 3079 2070 3134 sub—

2175 3075 2335 3164 μενον
2363 3075 2522 3159 [δὼς.
2545 3096 2617 3160 ὡς
2650 3096 2923 3167 τὲμνομεν
2949 3096 3060 3150 ἀπὸ
3087 3096 3182 3150 τοῦ
3208 3095 3347 3159 ζώου
3383 3095 3529 3166 βοῦν,
3554 3095 3741 3157 ῖππον,

497 3173 730 3219 stratum
786 3167 857 3221 sit
906 3166 1231 3222 mundanum
1280 3183 1488 3234 semen,
1535 3168 1608 3222 illi
1639 3169 1826 3223 dicunt
1861 3169 2070 3236 :Quid-

498 3259 627 3328 quid
661 3258 800 3322 dico,
830 3259 1028 3329 inquit,
1060 3270 1182 3330 post
1232 3261 1345 3317 haec
1377 3263 1576 3316 factum
1603 3277 1746 3328 esse,
1790 3263 2077 3332 noliquaa-

498 3363 620 3404 rere
660 3351 821 3406 unde.
864 3350 1108 3406 llabebat
1140 3353 1284 3406 enim
1334 3355 1512 3408 omnia
1547 3355 1761 3412 semina
1793 3356 2070 3412 recondita

500 3441 556 3496 in
581 3457 638 3497 se
666 3453 718 3498 et
758 3444 992 3512 reposita
1028 3453 1280 3512 tanquam
1315 3447 1593 3502 non-entia
1639 3455 1696 3501 et
1738 3461 1768 3500 a
1805 3456 2072 3504 non-cute

499 3535 598 3588 deo
631 3545 687 3588 ut
719 3535 907 3588 fierent
947 3538 1335 3604 prmmcditata.
1382 3536 1674 3592 Videamus
1717 3538 1901 3607 igitun,
1940 3540 2068 3607 quid

499 3623 685 3676 dicant
727 3624 992 3689 primum,
1038 3633 1130 3677 aut
1178 3624 1305 3692 quid
1347 3623 1707 3693 362-363
1750 3627 2067 3688 secundum,

499 3727 593 3769 aut
622 3714 750 3784 quid
784 3717 996 3770 tertium
1027 3718 1075 3770 id
1097 3718 1239 3786 quod
1269 3731 1298 3770 a
1328 3719 1595 3770 mundano
1615 3717 1820 3771 semine
1843 3719 2081 3772 exstitit-

501 3807 647 3867 Erat,
691 3807 886 3877 inquit,
920 3808 971 3862 in
1007 3809 1122 3876 ipso
1175 3809 1380 3863 semine
1423 3809 1616 3862 ﬁlietas
1653 3809 1948 3878 ,tripartita,
1976 3824 2072 3879 per

502 3902 681 3955 omnia
713 3902 964 3955 non-cuti
1017 3901 1125 3956 Deo
1175 3901 1694 3966 consubstantialis,.
1727 3882 1985 3971 generata
2017 3918 2080 3958 ex

2171 3187 2479 3259 ἄνθρωπον,
2509 3189 2647 3260 ὅπερ
2683 3190 2829 3242 ὲστῖν
2857 3189 2958 3241 οὐκ
2989 3187 3068 3241 ὄν.
3125 3187 3514 3258 ’Υποκειμένου
3563 3185 3741 3240 τοίνυν

2170 3279 2265 3332 τοῦ
2315 3278 2580 3348 κοσμικοῦ
2631 3279 2980 3350 σπέρματος,
3027 3279 3223 3331 ἐκεῖνοι
3260 3277 3544 3346 λέγουσιν,
3582 3277 3662 3330 ὅτι
3696 3274 3742 3309 ³³

2174 3369 2240 3422 ἂν
2287 3369 2453 3436 λέγω,
2490 3369 2674 3438 φησὶν,
2702 3370 2842 3439 μετὰ
2862 3366 3036 3441 ταῦτα
3057 3366 3363 3436 γεγονέναι,
3394 3366 3467 3436 μὴ
3498 3364 3740 3434 ἐπιζήτει

2174 3458 2360 3512 πόθεν.
2396 3454 2521 3529 Εἶχε
2569 3458 2680 3530 γὰρ
2711 3460 2888 3512 πάντα
2935 3459 3004 3512 τά
3036 3457 3327 3528 σπέρματα
3360 3459 3418 3510 ὲν
3453 3456 3628 3526 ἑαυτῷ
3656 3473 3743 3510 τε-

2175 3549 2588 3620 θησαυρισμένα
2629 3550 2725 3602 καὶ
2773 3549 3176 3618 κατακείμενα,
3219 3543 3331 3600 οἷον
3362 3548 3462 3602 οὐκ
3511 3548 3639 3601 ὄντα
3668 3548 3738 3614 ⁸⁸,

2176 3641 2296 3693 ὑπό⁵
2323 3657 2383 3692 τε
2427 3641 2522 3693 τοῦ
2568 3641 2668 3693 οὐκ
2699 3641 2741 3672 ⁸³
2787 3640 2940 3702 ὄντος
2971 3638 3109 3716 Θεοῦ
3155 3637 3409 3708 γενέσθαι
3443 3638 3742 3706 προϐεϐου-

2175 3733 2430 3802 λευμὲνα.
2464 3733 2694 3802 Ἴδωμεν
2718 3727 2832 3794 οὗν,
2858 3733 2910 3785 τί
2933 3732 3150 3799 λέγουσι
3187 3729 3398 3802 πρῶτον
3427 3729 3456 3798 ἦ
3485 3731 3536 3782 τί
3556 3730 3744 3782 δεύτε-

2180 3840 2272 3896 ρον
2301 3824 2332 3892 ἢ
2364 3823 2417 3876 τί
2457 3824 2638 3896 τρίτον
2666 3823 2741 3895 [p.
2776 3825 2898 3878 255.
2940 3822 3094 3895 254.]
3133 3824 3196 3877 τὸ
3222 3823 3264 3854 ⁸³
3301 3822 3406 3875 ἀπὸ
3434 3820 3526 3874 τοῦ
3568 3821 3740 3891 σπέρ-

2187 3931 2354 3983 ματος
2401 3915 2495 3968 τοῦ
2543 3916 2810 3986 κοσμικοῦ
2865 3915 3252 3986 γεγενημένον.
3284 3909 3425 3979 *Ην,
3459 3913 3642 3984 φησὶν,
3687 3913 3748 3967 ὲν

501 4002 783 4046 nou-cute.
818 3991 988 4060 Hujus
1026 3993 1266 4047 ﬁlietatis
1291 3992 1555 4046 trifariam
1586 3992 1776 4051 divisa:
1799 3992 1940 4047 aliud
1967 4001 2070 4047 erat

2181 4004 2329 4074 αὐτῷ
2355 4005 2400 4036 ⁸³
2433 4005 2508 4075 τῷ
2539 4005 2816 4076 σπέρματι
2859 4006 3045 4076 υἱότης
3073 4004 3364 4075 τριμερὴς,
3396 4003 3537 4056 κατά
3571 4001 3748 4055 πάντα

500 4083 896 4149 subtile,.aliud
946 4099 1217 4151 crassum,
1249 4085 1389 4137 aliud
1439 4085 1771 4154 purgationis
1811 4083 2075 4154 indigens.

501 4173 709 4227 Subtile
763 4174 925 4242 igitur
959 4175 1140 4228 statim
1194 4173 1281 4227 ubi
1331 4173 1562 4241 primum
1611 4173 1816 4228 exstitit
1851 4175 2076 4230 seminis

2177 4093 2254 4163 τῷ
2279 4094 2377 4146 ούκ
2398 4094 2512 4147 ὄντι
2539 4094 2658 4164 Θεῷ
2694 4093 2980 4165 όμοούσιος
3003 4093 3083 4160 ⁸⁸,·
3102 4093 3306 4164 γενητὴ
3340 4090 3399 4156 ἐξ
3429 4091 3529 4144 οὐκ
3559 4090 3743 4143 ὄντων.

2175 4185 2391 4256 Ταύτης
2423 4188 2525 4257 τῆς
2555 4188 2804 4259 υἱότητος
2849 4187 2952 4258 τῆς
2983 4185 3146 4258 τριχῆ
3192 4180 3622 4257 διῃρημένηςτὸ
3653 4182 3748 4254 μέν

502 4270 673 4336 prima
706 4269 932 4338 dejectio
976 4284 1005 4322 a
1047 4277 1313 4324 non-ente
1357 4267 1602 4337 perrupit
1644 4274 1698 4322 et
1747 4267 1983 4322 surrexit
2019 4273 2070 4321 et

2170 4294 2221 4330 τι
2245 4273 2313 4349 ἦν
2341 4279 2672 4351 λεπτομερὲς
2691 4319 2706 4343 ,
2729 4279 2790 4332 τὸ
2816 4279 2870 4332 δὲ
2901 4277 3266 4349 [παχυμερὲς,
3295 4277 3356 4330 τὸ
3374 4276 3455 4348 δὲ]
3484 4276 3528 4308 ⁸⁸
3550 4277 3752 4328 ἀποκα-

501 4366 754 4420 escendit.
784 4366 852 4419 ab
894 4365 1104 4421 inferno
1151 4366 1203 4420 in
1265 4380 1519 4436 superum
1575 4363 1783 4434 poetica
1842 4363 2070 4432 quadam

2183 4348 2425 4442 θάρσεως
2473 4348 2748 4443 δεόμενον.
2783 4373 2858 4425 Τὸ
2903 4348 3010 4442 μὲν
3041 4367 3133 4425 οὖν
3168 4370 3506 4441 λεπτομερὲς
3552 4366 3751 4428 εὐθέως

502 4473 655 4511 usum
680 4459 957 4514 celeritate

2183 4461 2398 4532 πρῶτον
2424 4463 2540 4534 ἅμα
2560 4463 2638 4534 τῷ
2665 4463 2916 4532 γενέσθαι
2943 4461 3038 4516 τοῦ
3068 4463 3381 4533 σπέρματος
3406 4461 3506 4532 τὴν
3535 4457 3753 4530 πρώτην

501 4551 802 4621 καταϐολὴν
833 4551 937 4604 ὑπὸ
960 4549 1054 4604 τοῦ
1085 4550 1184 4604 οὐκ
1212 4551 1361 4613 ὄντος
1389 4549 1437 4580 ⁸⁸
1459 4546 1710 4617 διέσφυξε
1750 4551 1844 4602 καὶ
1867 4547 2065 4619 ἀνῆλθε
2125 4553 2220 4606 καὶ
2263 4554 2535 4625 ἀνέδραμε
2607 4553 2850 4609 κάτωθεν
2921 4552 3370 4626 ἄνω,,ποιητικῷ
3409 4567 3520 4606 τινι
3551 4548 3754 4623 χρησά-

507 4662 668 4714 μενον
705 4646 748 4676 ⁸⁷
782 4644 956 4715 τάχει.

857 4750 1106 4810 tanquam
1135 4756 1313 4807 penna
1335 4749 1425 4793 aut
1458 4741 1726 4809 cogitatio,

505 4842 561 4888 et
587 4832 824 4898 devenit,
859 4832 1060 4902 inquit,
1094 4834 1159 4888 ad
1191 4841 1530 4888 nou-entem.
1564 4834 1715 4888 Illum
1761 4833 1903 4887 enim
1958 4847 2082 4898 pro-

2328 4739 2471 4794 ὡσεὶ
2505 4738 2789 4809 ⁶³πτερόν
2817 4742 2890 4809 ἠὲ
2916 4744 3111 4811 νόημα
3126 4743 3190 4807 ⁸³,

2191 4832 2284 4884 καὶ
2309 4831 2546 4900 ἐγένετο,
2573 4831 2728 4903 φησὶ,
2759 4833 2896 4905 πρὸς
2925 4833 3018 4886 τὸν
3052 4833 3152 4887 οὐκ
3180 4834 3310 4887 ὄντα
3333 4851 3347 4866 ο
3390 4833 3599 4889 ἐκείνου
3651 4835 3755 4910 γάρ

1794 4925 2030 4982 VABUE
2072 4924 2480 4982 LEC'I‘IONES'.

577 5044 1426 5123 ³³ἱαύξανόμενα.ἀὐξανομένου
1483 5044 1558 5123 C_._
1609 5044 1963 5123 αύξανομένῳ
2008 5045 2070 5098 Bt

2170 5043 2451 5123 IYSiIlS.“(_3|.
2506 5042 2830 5123 Bun_senius.
2902 5043 2951 5123 ³⁸
3005 5042 3128 5096 οὐδὲ
3180 5042 3364 5123 νοήσει
3437 5041 3756 5123 Bernaysins

507 5122 561 5166 et
610 5113 931 5184 Bnnsenitis.
999 5115 1059 5167 οὐ
1124 5113 1313 5184 νοῆσαι
1374 5115 1451 5180 C,
1511 5114 1579 5168 Μ.
1623 5115 1732 5169 Nos
1803 5113 1957 5168 antea

2031 5111 2252 5182 γέγονεν
2305 5111 2428 5182 οὐδὲ
2491 5113 2740 5182 χωρῆσαι
2798 5111 3223 5178 eonjeceramus.
3264 5111 3344 5143 ’³ο
3403 5111 3756 5182 καὶίυιίείηὶε

516 5183 854 5255 inclusimus,
914 5186 1004 5255 ἀεὶ
1063 5181 1390 5255 Bernaysius
1433 5195 1486 5239 et
1509 5185 1868 5255 hBunsenius.
1934 5185 1974 5215 “
2039 5181 2070 5236 π

2170 5181 2434 5255 ιγενέσθαι
2491 5181 3102 5255 ούσίαν.“προσγένεσιν
3145 5181 3755 5255 ούσίαςῌΟηΜηπροσ·

511 5253 758 5324 γίνεσθαι
803 5254 989 5307 οὐσίαν
1036 5251 1358 5324 Bernaysiiis
1404 5264 1458 5306 et
1508 5253 1830 5309 Bunsenius.
1921 5255 1964 5285 ³³
1997 5273 2070 5307 πα

2170 5251 2560 5324 ιξανομενουςῖ.
2637 5252 2681 5282 ³³
2717 5251 3173 5324 ύληςμὺπόθεσις.
3223 5251 3412 5324 ὑλικῆς
3453 5252 3755 5324 ὑποθέσεως

516 5321 845 5393 Bernaysius
875 5336 926 5377 et
955 5320 1272 5378 Bai-senius.
1353 5324 1395 5355 “
1416 5325 1512 5387 ὡς.
1553 5324 1581 5376 ὃ
1610 5325 1674 5383 C.
1701 5325 1769 5382 M.
1812 5339 1920 5377 om.
1953 5324 2063 5377 Buu

2172 5326 2274 5393 ius,
2318 5320 2444 5393 "'_|
2471 5321 2602 5393 Mos.
2643 5336 2680 5382 t,
2807 5320 2903 5393 tu“
2931 5322 3267 5393 γενόμενον.-
3281 5320 3574 5393 λεγόμενον
3623 5320 3754 5393 Boe-

515 5407 698 5462 perus.
773 5393 815 5425 ³⁷
856 5397 883 5447 ό
913 5393 1141 5462 λεχθείς.
1185 5394 1424 5462 ὲλεχθείς
1455 5395 1514 5446 (Ζ.

1593 5396 1636 5425 ³⁸
1668 5397 1761 5448 Ev.
1791 5393 1944 5446 Joan.
1984 5411 2021 5457 t,
2055 5395 2106 5446 9.

2185 5394 2229 5425 ³³
2259 5392 2339 5444 ὅτι
2381 5391 2445 5453 C,
2470 5390 2538 5444 Μ.
2616 5393 2661 5422 ³ο
2691 5391 2790 5444 οὐκ
2822 5391 2970 5444 ὄντα.
3001 5392 3102 5443 ούκ
3145 5392 3204 5444 ὄν
3230 5391 3291 5450 C.
3321 5391 3393 5453 M,
3419 5390 3752 5444 'Bunseuius.

515 5454 800 5532 minus,
833 5454 1035 5532 ιηχίὲ.
1071 5465 1157 5524 it,
1189 5481 1238 5529 [ι.
1267 5454 1590 5518 δεοζεο-εε
1645 5467 1729 5516 ed.
1769 5463 1940 5517 Oxon.
1973 5454 2070 5514 ς’νι

2170 5480 2210 5514 ιν
2241 5462 2349 5530 γὰρ
2375 5463 2432 5532 ὲν
2462 5460 2638 5530 ἑαυτῷ
2671 5460 2740 5532 τὰ
2769 5461 2966 5527 πάντα,
3002 5457 3113 5512 οἷον
3136 5462 3246 5532 (τὸν
3272 5462 3333 5527 C,
3355 5458 3752 5532 7M,)_0t'2_x‘5v1_q.

517 5530 624 5583 ὑπό
665 5529 774 5601 [τε]
805 5528 897 5585 τοῦ
931 5535 1031 5585 οὐκ
1056 5528 1206 5595 ὄντος
1226 5533 1362 5584 Θεοῦ
1399 5533 1650 5599 γενέσθαι
1708 5528 2232 5602 προϐεϐουλευμένα.

517 5615 625 5652 om.
669 5603 989 5654 liunsenius.

2311 5525 2351 5561 “
2379 5530 2478 5582 οὐκ
2503 5525 2628 5583 ante
2674 5531 2826 5591 ὄντος
2860 5525 2968 5583 om.
3021 5525 3167 5583 corr'.
3209 5530 3268 5584 C.
3320 5525 3394 5562 ﬁ“
3419 5525 3499 5584 τό.
3531 5526 3560 5580 ὖ
3588 5529 3652 5594 C,
3684 5525 3754 5591 Μ,

1067 5603 1112 5633 ⁸³
1139 5602 1308 5670 αὐτῷ.
1334 5597 1514 5671 ἑαυτῷ
1537 5604 1596 5662 C,
1647 5603 1716 5655 Μ.
1752 5597 1836 5658 ilf.
1873 5602 2012 5655 infra
2044 5619 2070 5671 ῃ

2170 5603 2264 5665 r20,
2301 5602 2390 5654 83.
2422 5601 2663 5671 Λιλύηυκτ
2742 5600 2788 5630 ⁸⁵
2824 5598 2943 5671 Θεῷ
2967 5599 3274 5671 ὁμοούσιος.
3297 5597 3752 5671 Ϋθεομορύσιοςᾼῼ.

525 5663 568 5739 fa
601 5667 771 5739 Uncis
801 5672 1022 5739 inclusa
1074 5663 1438 5737 supple-vimus
1479 5663 1599 5724 coll.
1643 5688 1693 5739 p.
1736 5673 1829 5724 εει
1863 5713 1876 5731 ,
1918 5673 2004 5732 86,
2039 5663 2070 5722 ὁ

2179 5663 2339 5733 (LM.
2417 5669 2462 5699 ⁸⁸
2496 5669 2594 5720 οὐκ
2637 5669 2808 5732 ὄντος.
2846 5663 3012 5732 ὄντος
3036 5669 3096 5732 C,
3134 5669 3204 5723 M.
3240 5669 3327 5726 Cf.
3368 5663 3508 5724 infra
3548 5682 3602 5738 p.
3633 5668 3750 5732 521,

515 5737 602 5801 88,
630 5738 719 5788 89.
798 5737 838 5767 ⁸⁷
869 5740 1214 5807 χρησάμενος
1242 5739 1305 5803 C,
1341 5739 1410 5805 Μ,
1448 5737 1769 5795 Bittiscnius.

1845 5744 1887 5773 ⁸⁸
1924 5741 2077 5793 lloni.
2121 5743 2215 5793 0d.
2259 5757 2352 5806 vit,
2386 5739 2474 5793 '56.

2553 5739 2593 5769 "
2630 5741 2693 5807 ὴὲ
2739 5741 2934 5808 νόημα.
2967 5739 2998 5806 ἦ
3036 5741 3240 5806 ἐνὸημα
3278 5741 3339 5794 G.
