4104 6366
513 420 656 486 8345

2001 425 2366 485 ORIGENIS

3626 415 3779 485 3346

511 538 602 608 qui
657 549 711 593 et
744 541 1233 609 contrapositiooes
1291 541 1587 596 conabatur
1645 549 1702 595 et
1755 554 2090 610 quaecunque

2204 539 2367 606 δόγμα
2407 537 2670 606 ἐκράτυνε
2710 539 2992 607 Μαρκίων,
3049 538 3147 601 τάς
3193 554 3252 589 τε
3298 532 3775 604 ἁντιπσραθέσεις

510 629 886 702 ἀίει-41],
916 633 1199 701 placebant
1228 645 1416 689 contra
1447 634 1824 689 l'abricatorem
1852 635 2115 710 universi

512 723 843 777 did-unabat.
877 725 1240 780 Consimiliter
1271 737 1449 780 autem
1479 727 1642 780 etiam
1676 725 1969 789 Lucianus,
2003 727 2094 779 hu-

510 813 596 879 jus
628 815 943 881 discipulus.

587 903 678 957 58.
715 904 962 971 Appolles
996 915 1175 958 autem
1211 907 1278 958 ab
1306 907 1392 960 his
1433 896 1590 960 ortus.
1621 908 1696 961 ait
1724 909 1776 961 in
1809 908 1949 960 hunc
1979 923 2092 960 mo-

516 992 641 1044 dum
693 1009 810 1046 esse
855 994 1019 1047 Deum
1064 999 1348 1064 quemdam
1400 997 1598 1050 bonum
1629 1038 1644 1062 ,
1704 997 1861 1051 sicnti
1920 998 2081 1050 etiam

517 1084 753 1141 Marcion
786 1088 1143 1156 supponebat,
1167 1103 1288 1140 eum
1317 1099 1520 1152 autem,
1551 1089 1640 1156 qui
1673 1090 1922 1142 universa
1948 1104 2095 1140 crea-

517 1176 652 1229 verit
686 1175 1028 1243 essejnstum
1050 1219 1065 1241 ,
1102 1179 1190 1246 qui
1227 1178 1519 1232 fabricatus
1561 1180 1629 1232 sit
1671 1195 1732 1232 ea
1764 1219 1778 1239 ,
1809 1194 1928 1248 qua:
1956 1179 2093 1231 facta

515 1276 678 1331 sunt,
730 1278 786 1323 et
835 1271 1052 1322 tertium
1085 1285 1206 1324 esse
1237 1311 1251 1336 ,
1299 1271 1390 1339 qui
1423 1287 1544 1324 eum
1579 1271 1724 1326 Mose
1753 1272 1959 1325 locutus
2007 1271 2097 1336 sit,

516 1359 662 1414 hunc
687 1371 864 1414 autem
897 1377 1019 1415 esse
1049 1362 1262 1430 igneum
1292 1404 1307 1428 ,
1364 1378 1484 1416 esse
1513 1372 1690 1416 autem
1724 1365 1886 1415 etiam
1935 1363 2094 1414 alium

516 1464 810 1519 quartum,
844 1453 1104 1505 malorum
1157 1465 1471 1514 auctorem;
1511 1455 1606 1508 hos
1657 1464 1835 1507 autem
1880 1454 2099 1524 angelos

520 1541 785 1594 nominat.
814 1539 1011 1609 Legem
1038 1555 1215 1598 autem
1243 1553 1295 1598 et
1325 1545 1614 1613 prophetas
1641 1546 1951 1614 proscindit,
1978 1560 2097 1599 cum

521 1631 752 1684 humana
803 1644 856 1684 et
905 1635 1179 1688 mendacia
1227 1635 1372 1688 dicat
1408 1651 1529 1688 esse
1562 1652 1680 1703 quae
1713 1636 1914 1704 seripta
1953 1644 2096 1698 sunt,

520 1735 585 1774 ex
626 1721 929 1790 l'lvangeliis
964 1735 1142 1778 autem
1179 1725 1259 1779 vel
1305 1725 1563 1793 Apostolo
1607 1743 1726 1795 qua:
1779 1726 1877 1794 ipsi
1928 1726 2104 1793 placet

519 1810 618 1863 sibi
651 1811 819 1881 eligit.
867 1813 1200 1868 Philumena:
1232 1827 1409 1868 autem
1449 1817 1727 1883 eujnsdam
1761 1817 2102 1870 sermonibus

520 1917 638 1956 sese
683 1903 916 1972 applicat
950 1915 1205 1974 tanquam
1245 1908 1605 1975 prophetissa:
1655 1905 2094 1960 revelatiouibus.
2130 1911 2172 1964 Β

520 1991 796 2048 Christum
848 2004 1025 2048 autem
1071 2012 1098 2049 a
1143 2011 1378 2063 superna
1422 2007 1692 2066 potestate
1736 1998 2098 2063 descendisse,

525 2085 628 2138 hoc
652 2096 735 2138 est
783 2099 811 2138 a
841 2085 1003 2148 bono,
1039 2086 1292 2154 imusque
1328 2086 1501 2154 ipsum
1535 2101 1656 2142 esse
1704 2086 1869 2140 ﬁlium
1902 2125 1919 2153 ,
1960 2090 2104 2143 hunc

523 2188 704 2230 autem
738 2193 841 2230 nou
875 2193 945 2231 ex
979 2178 1188 2248 virgine
1222 2192 1342 2231 esse
1377 2188 1582 2243 natum,
1614 2194 1788 2247 neque
1817 2195 1977 2234 carne
2014 2193 2104 2232 ca-

526 2269 703 2322 ruisse
735 2286 856 2322 eum
887 2269 977 2337 qui
1024 2271 1335 2338 apparuerit
1378 2272 1496 2333 ait,
1557 2273 1649 2324 sed
1697 2286 1764 2324 ex
1806 2273 2103 2325 substantia

527 2361 910 2414 universicum
947 2373 1125 2429 partes
1168 2364 1371 2430 ceperit
1415 2379 1614 2430 tOl‘pllS
1641 2364 1741 2416 sibi
1784 2362 2102 2428 confecisse,

527 2453 628 2505 hoc
656 2461 737 2505 est
771 2452 930 2504 Calidi
972 2462 1026 2504 et
1067 2449 1247 2520 frigidi
1289 2462 1342 2505 et
1385 2455 1588 2506 humidi
1624 2464 1676 2507 et
1728 2455 1894 2518 sicci,
1953 2466 2005 2508 et
2051 2457 2104 2508 in

529 2542 629 2593 hoc
672 2556 900 2606 corpore
931 2541 1181 2596 latentem
1215 2544 1509 2596 mundanas
1562 2553 1856 2613 potestates
1905 2547 2105 2598 vixisse

529 2643 757 2699 tempus,
792 2633 933 2701 qttod
972 2633 1167 2687 vixerit
1219 2634 1269 2687 in
1320 2637 1568 2700 mundo;
1623 2651 1808 2690 rursus
1845 2648 2024 2690 autem
2075 2653 2105 2691 a

528 2721 727 2777 Judzeis
767 2725 1087 2778 crucilixum
1120 2739 1242 2778 eum
1292 2739 1562 2780 mortuum
1597 2742 1737 2792 esse,
1769 2741 1822 2781 et
1855 2740 1973 2796 post
1999 2739 2107 2784 tres

529 2815 646 2868 (lies
679 2816 1051 2868 resuscitatum
1075 2818 1390 2885 apparuisse
1418 2819 1715 2884 discipulis,
1737 2830 1789 2872 et
1810 2831 2106 2874 anttstrata

533 2903 700 2973 ﬁgura
732 2903 1007 2955 clavorum
1039 2914 1092 2956 et
1126 2907 1311 2958 lateris
1334 2906 1418 2959 sui
1455 2910 1792 2974 persuasisse
1819 2909 1885 2962 iis
1911 2919 2108 2963 semet-

531 2996 706 3064 ipsum
740 3010 861 3050 esse
913 3007 969 3051 et
1026 3011 1128 3050 non
1177 3004 1494 3064 phantasma
1531 3039 1546 3063 ,
1602 3000 1694 3053 sed
1727 3016 1945 3055 carnem
1989 3017 2109 3056 sese

531 3087 746 3142 habere.
786 3087 1042 3154 Carnem,
1076 3090 1290 3160 inquit,
1327 3101 1608 3160 postquam
1637 3094 1956 3147 monstravit
1990 3096 2110 3149 red-

533 3178 669 3232 didit
694 3187 853 3232 terra:
877 3219 892 3242 ,
925 3196 1026 3248 qua
1059 3195 1126 3234 ex
1160 3181 1461 3237 substantia
1492 3192 1629 3249 erat,
1661 3184 1795 3237 nihil
1822 3185 1979 3239 alieni
2010 3201 2107 3240 au-

532 3277 778 3338 cupatus,
815 3274 907 3326 sed
935 3273 1000 3326 ad
1035 3282 1244 3343 tempus
1273 3291 1399 3330 usus
1443 3275 1669 3346 singulis
1728 3291 1822 3330 sua
1852 3279 2104 3344 reddidit,
2133 3263 2176 3321 (ἶ

537 3363 812 3415 vinrulum
842 3367 1090 3432 corporis
1121 3365 1335 3421 solvens
1361 3406 1376 3430 ,
1405 3367 1582 3420 calido
1617 3366 1884 3432 calidum,
1917 3368 2109 3438 frigido

534 3449 812 3519 frigidum,
856 3453 1077 3507 humido
1109 3455 1382 3507 humidum
1405 3495 1422 3520 ,
1454 3455 1599 3508 sicco
1635 3455 1882 3522 siccum,
1938 3471 1992 3510 et
2036 3463 2108 3513 ita

536 3543 670 3596 abiit
694 3543 760 3596 ad
794 3545 992 3597 bonum
1019 3555 1224 3613 patrem
1254 3547 1441 3600 relicto
1458 3546 1664 3600 semine
1685 3547 1807 3600 vita:
1830 3549 1884 3602 in
1912 3553 2112 3606 mundo

535 3649 634 3705 per
678 3635 969 3702 discipulos
999 3637 1387 3692 credentibus;

605 3726 698 3782 59.
733 3725 988 3780 Vulemur
1016 3728 1171 3781 nobis
1209 3741 1262 3781 et
1294 3731 1407 3782 haec
1441 3730 1573 3784 satis
1597 3733 1944 3800 exposuisse;
1975 3749 2108 3803 quo-
2153 3797 2156 3800 ,

537 3817 684 3871 niam
717 3827 891 3870 autem
928 3817 1056 3870 nihil
1113 3819 1451 3872 irrefutatum
1485 3823 1896 3890 praetermittere
1925 3827 2110 3880 decre-

537 3907 713 3962 vimus
762 3921 988 3970 eertum,
1042 3924 1160 3976 quae
1208 3926 1235 3959 a
1281 3912 1691 3982 quibuscunque
1758 3917 1912 3968 docta
1961 3925 2106 3978 sunt,

537 3998 814 4052 videamus
863 3999 990 4068 quid
1032 4002 1193 4053 etiam
1229 4019 1256 4054 a
1291 4002 1504 4057 Ducetis
1539 4005 1818 4059 inventum
1874 4009 1965 4062 sit.

2193 629 2576 699 ἐπιχειρήσας,
2637 630 2731 682 καὶ
2781 629 2880 682 ὅσα
2929 628 3079 699 αὐτῷ
3138 627 3316 693 ἔδοξεν
3393 627 3473 689 είς
3522 626 3612 678 τον
3655 625 3774 677 τῶν

2195 720 2456 774 ἁπάντων
2501 720 2830 792 δημιουργὸν
2868 719 2944 792 [-p.
2976 720 3101 773 259.
3128 717 3282 789 260.]
3333 718 3695 788 δυσφημήσας
3719 718 3768 769 ⁸.

2204 813 2438 881 Ὀμοίως
2472 812 2527 865 δὲ
2577 814 2667 867 καὶ
2692 815 2711 844 ⁸
2745 814 3054 872 ’Λουκιανὸς
3085 813 3112 863 ὁ
3140 811 3330 864 τούτου
3365 809 3630 878 μαθητής.

2264 903 2366 973 λη’.
2399 903 2440 933 ¹⁰
2475 904 2736 972 Ἀπελλῆς
2763 906 2802 934 ¹¹
2849 903 2906 956 δὲ
2953 905 3016 955 ἐκ
3042 903 3244 954 τούτων
3285 900 3576 970 γενόμενος
3595 899 3774 962 οὕτως

2194 993 2344 1062 λέγει
2369 1010 2383 1023 ⁶
2418 990 2573 1048 Εἶναί
2604 1012 2725 1047 τινα
2760 994 2890 1047 Θεὸν
2921 993 3143 1062 ἀγαθὸν,
3176 992 3357 1055 καθὼς
3387 991 3482 1042 καὶ
3507 991 3776 1060 Μαρκίων

2197 1086 2448 1150 ὑπέθετο,
2502 1086 2593 1138 τὸν
2628 1087 2684 1138 δὲ
2737 1087 2912 1139 πάντα
2966 1085 3225 1138 κτίσαντα
3259 1080 3400 1136 εἶναι
3451 1083 3680 1141 δίκαιον,
3712 1083 3775 1142 ὃς

2197 1176 2265 1229 τὰ
2298 1179 2568 1246 γενόμενα
2615 1177 3038 1247 ἐδημιούργησε,
3081 1176 3174 1226 καὶ
3221 1176 3404 1243 τρίτον
3434 1172 3526 1225 τὸν
3579 1175 3776 1225 Μωσεί
3818 1229 3828 1250 ἶ

2197 1267 2528 1337 λαλήσαντα,
2577 1265 2801 1336 πύρινον
2843 1267 2900 1318 δὲ
2947 1265 3134 1317 τοῦτον
3161 1261 3320 1325 εἶναι,
3361 1261 3499 1316 εἶναι
3525 1263 3581 1315 δὲ
3612 1267 3707 1315 καὶ
3728 1266 3773 1295 ⁸³

2197 1359 2456 1428 τέταρτον
2483 1359 2690 1427 ἓτερον,
2715 1357 2898 1409 κακῶν
2928 1359 3098 1410 αίτιον
3118 1373 3132 1387 ο
3166 1355 3390 1418 τούτους
3419 1354 3474 1407 δὲ
3506 1356 3776 1424 ἀγγέλους

2199 1450 2478 1520 ὀνομάζει.
2517 1449 2699 1519 Νόμον
2732 1451 2786 1501 δὲ
2815 1449 2908 1501 καὶ
2936 1451 3219 1520 προφήτας
3240 1448 3536 1515 δυσφημεῖ.
3562 1445 3776 1516 ανθρώ-

2201 1561 2331 1596 πινα
2365 1544 2461 1596 καὶ
2498 1543 2665 1613 ψευδῆ
2706 1544 2929 1610 φάσκων
2967 1537 3108 1594 εἶναι
3138 1540 3208 1593 τὰ
3255 1523 3637 1611 γεγραμμένα,
3666 1539 3776 1591 τῶν

2199 1637 2255 1690 δὲ
2280 1636 2629 1704 Εὐαγγελίων
2662 1635 2693 1704 ἢ
2718 1634 2809 1688 τοῦ
2847 1634 3173 1687 Ἀποστόλου
3203 1635 3272 1686 τὰ
3298 1634 3599 1704 ἀρέσκοντα
3626 1631 3778 1702 αὑτῷ

2202 1730 2462 1797 αἱρεῖται.
2508 1726 2844 1797 Φιλουμένης
2884 1726 2942 1778 δέ
2985 1741 3131 1787 τινος
3171 1724 3348 1791 λόγοις
3399 1725 3649 1794 προσέχει
3696 1723 3781 1787 ὡς

2205 1821 2537 1891 προφήτιδος
2585 1816 2924 1889 φανερώσεσι
2950 1817 3014 1895 9.
3056 1817 3159 1870 Τὸν
3211 1818 3268 1869 δὲ
3327 1816 3555 1886 Χριστὸν
3579 1818 3641 1868 ὲκ
3672 1816 3780 1885 τῆς

2200 1913 2434 1986 ὕπερθεν
2454 1913 2738 1981 δυνάμεως
2765 1910 3214 1980 κατεληλυθέναι,
3242 1910 3488 1962 τουτέστι
3519 1907 3610 1960 τοῦ
3643 1909 3783 1976 ἀγαο

2205 2004 2322 2070 θοῦ,
2358 2003 2619 2058 κάκείνου
2663 2003 2826 2056 αὐτὸν
2877 1996 3174 2064 εἷναιυίὸν,
3231 2000 3420 2052 τοῦτον
3471 1998 3529 2051 δὲ
3577 1999 3676 2051 οὐκ
3715 1999 3780 2050 ἐκ

2204 2095 2470 2166 παρθένου
2506 2092 2887 2162 γεγεννῆσθαι,
2928 2091 3048 2144 οὐδὲ
3093 2091 3332 2159 ἄσαρκόν
3387 2085 3524 2141 εἶναι
3553 2088 3641 2140 τὸν
3674 2105 3781 2156 φα-

2204 2187 2365 2240 νέντα
2389 2185 2434 2217 ³⁸⁵
2456 2185 2627 2252 λέγει,
2668 2183 2780 2236 ἀλλ’
2809 2186 2870 2234 ἐκ
2909 2184 3008 2251 τῆς
3037 2181 3128 2234 τοῦ
3163 2180 3365 2243 παντὸς
3397 2181 3585 2238 οὐσίας
3614 2198 3787 2248 μετα-

2205 2278 2436 2332 λαϐόντα
2471 2277 2650 2347 μερῶν
2683 2275 2842 2344 σῶμα
2875 2273 3255 2342 πεποιηκέναι,
3295 2273 3541 2324 τουτέστι
3575 2268 3787 2340 θερμοῦ

2205 2369 2298 2421 καὶ
2324 2367 2534 2438 ψυχροῦ
2572 2367 2666 2418 καὶ
2697 2364 2866 2434 ὑγροῦ
2905 2365 2999 2416 καὶ
3046 2363 3233 2434 ξηροῦ,
3272 2363 3366 2415 καὶ
3406 2365 3464 2414 ἐν
3500 2363 3677 2432 τούτῳ
3709 2361 3788 2431 τῷ

2209 2457 2418 2528 σώματι
2443 2456 2676 2510 λαθόντα
2699 2455 2741 2486 ⁸⁵
2763 2455 2860 2517 τὰς
2885 2456 3152 2522 κοσμικὰς
3177 2452 3424 2517 ἐξουσίας
3456 2452 3787 2522 βεὸιωκέναι

2206 2551 2264 2603 ὃν
2292 2550 2485 2602 ἐϐίωσε
2513 2550 2705 2619 χρόνον
2738 2549 2796 2601 ὲν
2819 2547 3010 2616 κόσμῳ
3036 2561 3049 2575 ⁸
3094 2542 3250 2608 αὖθις
3284 2545 3341 2598 δὲ
3373 2545 3476 2596 ὑπὸ
3509 2543 3787 2596 Ἰουδαίων

2207 2638 2742 2696 ἀνασκολοπισθέντα
2792 2637 2998 2701 θανεῖν,
3064 2637 3160 2690 καὶ
3195 2636 3332 2706 μετὰ
3365 2639 3513 2704 τρεῖς
3563 2636 3786 2705 ἡμέρας

2208 2734 2503 2805 ἐγερθέντα
2559 2731 2794 2802 φανῆναι
2848 2735 2960 2794 τοῖς
3013 2731 3305 2802 μαθηταῖς,
3354 2729 3607 2794 δείξαντα
3657 2728 3790 2791 τοὺς

2206 2827 2412 2889 τύπους
2436 2827 2481 2856 ³⁸
2507 2824 2617 2877 τῶν
2639 2824 2799 2893 ⁸ἥλων
2827 2825 2922 2878 καὶ
2951 2822 3052 2893 τῆς
3085 2824 3095 2894 |
3129 2823 3390 2892 πλευρᾶς,
3418 2821 3676 2874 πείθοντα
3704 2821 3787 2872 ὅτι

2207 2917 2373 2982 αὐτὸς
2425 2917 2510 2987 εἴη
2560 2917 2656 2970 καὶ
2700 2917 2760 2970 οὐ
2814 2916 3128 2986 φάντασμα,
3163 2915 3300 2968 ἀλλὰ
3363 2915 3630 2985 ἐνσαρκος
3692 2907 3784 2982 ἦν.

2209 3008 2419 3080 Σάρκα,
2460 3008 2618 3078 φησὶ,
2647 3007 2828 3071 δείξας
2859 3008 3108 3061 ἀπέδωκε
3141 3008 3234 3076 γῇ.
3283 3005 3339 3072 ἐξ
3371 3000 3554 3077 ἦσῖερ
3587 2999 3654 3074 ἦν
3691 3003 3790 3056 οὑ-

2212 3100 2358 3164 σίας,
2406 3101 2572 3170 μηδὲν
2627 3099 2906 3170 ἀλλότριον
2927 3099 2967 3131 ⁸⁷
3033 3099 3394 3161 πλεονεκτῶν,
3463 3096 3600 3149 ἀλλὰ
3647 3096 3788 3164 πρὸς

2211 3190 2402 3261 καιρὸν
2435 3190 2804 3261 χρησάμενος,
2853 3189 3102 3252 ἑκάστοις
3138 3189 3204 3241 τὰ
3251 3186 3357 3240 ἴδια
3389 3186 3662 3248 ἀπέδωκε,
3696 3185 3789 3238 λύ-

2215 3301 2312 3348 σας
2331 3283 2495 3338 πάλιν
2521 3282 2612 3335 τὸν
2629 3282 2830 3354 δεσμὸν
2855 3281 2947 3334 τοῦ
2967 3279 3238 3350 σώματος,
3270 3278 3457 3348 θερμῴ
3474 3277 3534 3330 τὸ
3559 3277 3785 3347 θερμὸν,

2209 3375 2405 3447 ψυχρῷ
2433 3376 2496 3428 τὸ
2532 3374 2762 3446 ψυχρὸν,
2803 3373 2956 3445 ὑγρῷ
2999 3373 3061 3425 τὸ
3089 3372 3276 3442 ὑγρὸν,
3325 3369 3475 3441 ξηρῷ
3501 3370 3562 3424 τὸ
3595 3369 3786 3440 ξηρὸν,

2213 3469 2307 3520 καὶ⁴
2327 3466 2501 3530 οὕτως
2532 3466 2806 3537 ἐπορεύθη
2832 3466 2969 3536 πρὸς
2988 3463 3081 3517 τὸν
3113 3462 3318 3532 ἀγαθὸν
3345 3465 3579 3533 πατέρα,
3613 3477 3787 3513 κατα-

2212 3557 2387 3611 λιπὼν
2417 3558 2477 3611 τὸ
2497 3559 2597 3628 τῆς
2631 3557 2774 3628 ζωῆς
2827 3557 3050 3627 σπέρμα
3075 3556 3154 3620 είς
3191 3555 3285 3609 τὸν
3318 3554 3524 3625 κόσμον
3550 3553 3639 3607 διὰ
3672 3551 3787 3605 τῶν

2217 3649 2478 3720 μαθητῶν
2503 3652 2618 3712 τοῖς
2647 3649 2982 3704 πιστεύουσι.

2285 3741 2386 3796 λοι.
2423 3744 2579 3795 Δοκεῖ
2607 3743 2741 3810 ἡμῖν
2783 3743 2881 3795 καὶ
2927 3741 3102 3796 ταῦτα
3149 3740 3349 3804 ἱκανῶς
3398 3737 3740 3793 έκτεθεῖσθαι
3765 3752 3782 3768 ⁸

2215 3831 2331 3885 ἀλλ’
2377 3831 2502 3884 ἐπεὶ
2536 3831 2700 3901 μηδὲν
2751 3833 3081 3903 παραλιπεῖν
3125 3833 3450 3899 ἀνέλεγκτον
3491 3832 3790 3901 ἐκρίναμεν

2216 3925 2325 3978 τῶν
2357 3925 2460 3978 ὑπό
2489 3943 2649 3977 τινων
2697 3925 3232 3996 δεδογματισμένων,
3255 3907 3466 3995 ’ἴδωμεν
3498 3923 3553 3977 τί
3588 3921 3684 3975 καὶ
3722 3921 3788 3975 τὸ

2218 4015 2327 4078 τοῖς
2369 4011 2411 4046 ⁸⁸
2438 4015 2704 4084 Δοκήταις
2745 4015 3184 4085 ὲπινενοημένον.

1776 4183 2005 4242 νΜιιιΕ
2036 4187 2330 4245 LECTION
2341 4190 2441 4244 ES.

609 4325 632 4358 “
659 4303 1001 4397 δυσφημίσας
1032 4331 1092 4384 C.
1193 4333 1214 4364 ’
1243 4331 1299 4384 δὲ
1327 4332 1436 4385 καί.
1470 4349 1527 4386 τε
1556 4333 1650 4386 καὶ
1673 4334 1735 4391 C.
1769 4334 1839 4389 M.

538 4465 598 4518 τὲ
621 4473 708 4542 καὶ
735 4470 796 4524 C.
824 4539 841 4542 _
965 4469 1326 4542 φανερώσεσι.
1357 4473 1604 4542 φανερῶς
1627 4476 1686 4537 C,
1719 4474 1787 4528 Μ.

787 4537 987 4637 gub}:-
1039 4541 1084 4575 ”
1106 4537 1378 4608 λαθόντα,
1396 4537 1630 4598 λαϐόντα
1662 4544 1733 4598 Μ.

619 4612 750 4672 τοῖς.
786 4612 885 4680 τῆς
919 4612 982 4665 C.

1937 4339 2092 4395 “Cf.
2130 4341 2698 4399 Psemlo-Tertulliau.
2740 4348 2859 4402 adv.
2917 4361 3094 4401 omnes
3170 4348 3300 4400 Ira-r.
3333 4360 3382 4397 c.
3447 4343 3501 4400 6.
3557 4343 3786 4401 Tertull.

538 4395 617 4482 ρο
642 4395 939 4482 μιςιιζξιςὲιμιι
960 4405 1168 4482 ticeret.
1199 4404 1286 4456 50.
1354 4403 1564 4482 Ειιδυῑ»ζ
1805 4421 1856 4472 v,
1916 4409 2012 4482 15.
2075 4395 2398 4467 Tlteudoret.

1890 4479 1932 4510 ⁸⁵
1983 4482 2067 4536 Cf.
2131 4483 2268 4535 inl'ra
2320 4485 2354 4536 Ι.
2421 4500 2477 4546 x,
2519 4503 2567 4539 c.
2604 4479 2691 4540 ΞΟ.

1813 4545 1856 4577 ⁸⁸
1874 4549 1956 4605 ΕΓ.
1981 4553 2078 4606 Ev.
2109 4552 2269 4607 Joan.
2295 4569 2384 4622 xx,
2409 4545 2479 4609 25
2505 4567 2559 4610 et
2587 4556 2717 4612 Luc.
2750 4545 2898 4623 inv,
2923 4558 3012 4612 39.

3004 4418 3045 4448 ιι
3089 4417 3318 4486 Ἀπελὴς
3357 4415 3418 4469 c.
3519 4417 3560 4446 ι’
3589 4418 3643 4469 δε
3671 4417 3789 4469 καί.

2759 4504 2812 4553 p.
2845 4487 2970 4540 5'27.
3004 4488 3090 4543 ed.
3126 4486 3229 4541 0\'.
3291 4487 3357 4540 M
3385 4486 3474 4537 τὸν
3532 4489 3789 4553 φανέντα.

3093 4558 3137 4588 ¹⁷
3156 4557 3454 4625 ἀλλότριον.
3480 4556 3698 4628 ὰλτριον
3726 4556 3794 4612 C.
