4104 6366
536 316 676 378 3353
2015 302 2102 363 OF

2206 299 2302 361 ΕΝ
2310 300 2333 359 1
2341 300 2382 359 S
3645 291 3825 355 3354

535 442 726 484 versus
745 441 838 482 aer
865 426 1102 489 tenebris
1123 424 1456 497 subiacens),
1486 423 1646 494 βάτον
1686 428 1888 488 autem,
1920 418 2102 489 inquit,

2233 412 2334 470 Ἐν
2379 412 2537 482 ἀρχῇ
2581 411 2876 478 ἐποίησεν
2925 413 2958 464 d
3020 411 3164 476 Θεὸς
3213 409 3320 463 τὸν
3371 405 3632 476 οὐρανὸν
3695 413 3823 460 καὶ

535 519 668 572 dixit
688 516 882 582 Moses,
909 518 1034 588 quia
1059 519 1288 587 desuper
1319 516 1572 571 deorsum
1594 527 1784 568 omnes
1822 520 2102 581 pertrans-

2213 505 2328 574 τὴν
2375 503 2512 575 γῆν.
2566 501 2769 555 Τοῦτον
2806 501 2954 570 λέγει
3004 499 3248 568 Μωῦσῆς
3280 499 3326 530 ⁷⁸
3377 500 3599 569 πύρινον
3656 497 3822 551 Θεὸν

535 610 715 664 ierunt
763 609 900 664 lucis
924 587 1156 678 species,
1187 608 1382 679 quibus
1413 621 1508 662 aer
1539 599 2102 676 permeabilisﬂiardg)

2213 595 2322 651 ἀπὸ
2349 593 2444 648 τοῦ
2485 593 2648 664 βάτου
2681 592 3019 663 λαλήσαντα,
3056 590 3333 644 τουτέστιν
3370 589 3479 641 ἀπὸ
3519 587 3615 641 τοῦ
3666 605 3821 640 σκο-

534 708 636 754 est.
663 700 778 755 Non
827 709 1006 753 autem
1044 699 1222 753 minus
1250 699 1414 758 etiam
1449 695 1605 751 nobis
1648 694 1869 748 verbum
1913 707 1944 747 a
1972 691 2102 747 rubo

2212 686 2391 744 τεινοῦ
2418 687 2579 758 ἀέρος
2599 702 2613 716 ⁸
2641 685 2802 756 βάτος
2835 685 2942 757 γάρ
2976 685 3107 773 ἐστι’
3130 684 3240 746 πᾶς
3290 683 3319 735 6
3359 683 3541 736 σκότει
3572 681 3820 734 ὑποκεί-

537 799 722 842 uutum
749 789 828 856 lit,
866 803 965 842 vox
1013 790 1180 852 enim,
1229 788 1540 858 signiticans
1582 784 1832 851 verbum,
1883 790 1969 838 est
2012 796 2102 837 aer

2219 795 2378 849 μενος
2441 777 2588 846 ἀήρ’
2645 775 2805 845 βάτον
2855 775 2912 829 δὲ
2941 814 2956 839 ,
3000 775 3199 843 φησὶν,
3250 773 3444 844 εἴρηκε
3505 773 3812 843 Μωῡσῆς.

535 880 800 948 pulsatus,
835 896 944 951 quo
997 881 1212 949 dempto
1245 878 1465 933 verbum
1502 878 1793 931 humanum
1846 889 1954 930 non
2017 887 2102 928 co-

2214 871 2298 924 ὅτι
2355 866 2565 924 ἄνωθεν
2624 867 2776 920 κάτω
2831 867 3006 920 πᾶσαι
3064 864 3322 935 διέϐησαν
3373 863 3466 916 τοῦ
3525 863 3714 932 φωτὸς
3749 864 3816 916 αἰ

535 949 991 1039 ειιοεοίιυιίΝοιι
1019 970 1194 1025 solum
1221 980 1400 1024 autem
1433 969 1656 1024 verbum
1703 965 1862 1021 nobis
1892 981 1921 1019 a
1951 964 2102 1029 rubo.

2216 959 2354 1012 ἰδέα.
2377 956 2546 1025 βατὸν
2566 957 2613 988 τ⁶
2641 956 2864 1026 ἔχουσαι
2898 955 2988 1009 τὸν
3015 954 3172 1025 ἀέρα.
3210 955 3380 1008 οὐδὲν
3409 953 3466 1006 δὲ
3493 949 3658 1024 ἦττον
3700 955 3813 1005 καὶ

536 1061 638 1114 hoc
670 1069 754 1114 est
783 1059 852 1114 ab
876 1074 1001 1115 aere
1034 1059 1179 1129 leges
1211 1058 1303 1112 dat
1333 1066 1386 1112 et
1419 1058 1703 1113 uobiscum
1731 1063 1995 1116 versatur,
2013 1051 2102 1108 sed

2211 1051 2344 1120 ἡμῖν
2370 1051 2398 1102 6
2431 1048 2590 1116 λόγος
2623 1047 2732 1100 ἀπὸ
2760 1044 2857 1099 τοῦ
2887 1045 3072 1116 ,βάτου
3105 1045 3460 1115 γνωρίζεται·
3496 1042 3652 1129 φωνὴ
3685 1045 3808 1114 γάρ

535 1149 677 1203 cnim
707 1157 760 1203 et
786 1148 982 1204 odores
1012 1157 1067 1204 et
1089 1128 1300 1204 colores
1323 1162 1419 1217 per
1455 1161 1632 1202 aerem
1679 1144 1834 1200 nobis
1878 1142 2102 1198 faculta-

2212 1138 2328 1191 ἐστι
2357 1135 2670 1208 σημαντικὴ
2691 1135 2786 1189 τοῦ
2817 1135 2978 1204 λόγου
3005 1134 3383 1204 πλησσόμενος
3410 1133 3540 1207 ἀὴρ,
3576 1128 3637 1188 οῦ
3667 1136 3808 1204 δίχα

536 1249 614 1294 tes
635 1255 758 1296 suas
783 1240 1154 1298 manifestam.

2210 1229 2368 1299 λόγος
2398 1227 2741 1299 ἀνθρώπινος
2765 1228 2827 1281 o6
2854 1227 3209 1298 γνωρίζεται.
3249 1227 3324 1281 O6
3353 1227 3518 1297 μόνον
3543 1227 3599 1281 δὲ
3631 1228 3663 1279 6
3698 1228 3800 1280 λό-

531 1347 629 1400 γος
657 1335 787 1406 ἡμῖν
813 1335 920 1389 άπὸ
946 1334 1040 1388 τοῦ
1073 1333 1236 1405 βάτου
1258 1374 1272 1400 ,
1299 1334 1581 1388 τουτέστιν
1604 1332 1788 1403 ἀέρος,
1815 1329 2100 1402 νομοθετεῖ
2157 1325 2253 1380 καὶ
2299 1321 2784 1394 συμπολιτεύεται,
2811 1319 2952 1376 ἀλλὰ
2998 1319 3108 1393 γὰρ
3138 1320 3234 1376 καί⁸
3273 1319 3443 1390 ὀσμαὶ
3515 1321 3609 1374 καί
3638 1317 3802 1392 χρώ-

533 1441 681 1496 ματα
707 1426 795 1480 διὰ
839 1424 933 1479 τοῦ
970 1427 1128 1498 ἀέρος
1170 1428 1300 1498 ἡμῖν
1353 1427 1451 1489 τὰς
1487 1425 1744 1496 δυνάμεις
1777 1425 1876 1486 τὰς
1902 1419 2096 1476 ἑαυτοῦ
2134 1417 2552 1490 ἐμφανίζουσιν.

599 1515 689 1571 10.
731 1516 832 1571 Hic
860 1517 1022 1586 igitur
1042 1497 1411 1587 deusigneus,
1439 1515 1530 1585 qui
1585 1514 1726 1584 ignis
1773 1528 1804 1567 a
1852 1511 1972 1566 luce
2004 1527 2101 1567 ex-

2283 1505 2334 1562 t'.
2373 1500 2542 1571 Οῦτος
2568 1497 2662 1558 οῦν
2687 1504 2716 1558 6
2739 1503 3029 1576 πυροειδὴς
3061 1502 3180 1566 θεὸς
3201 1503 3268 1568 ⁷⁷,
3299 1502 3328 1555 6
3350 1502 3458 1576 πῦρ
3485 1503 3594 1557 ἀπὸ
3613 1505 3803 1573 φωτὸς

533 1604 692 1668 stitit,
733 1605 990 1658 mundum
1016 1604 1144 1659 fecit
1176 1606 1248 1658 ita
1278 1614 1335 1658 ut
1364 1603 1542 1658 Moses
1568 1603 1665 1669 ait,
1691 1601 1807 1671 ipse
1842 1616 1963 1656 cum
1993 1614 2098 1655 non

2206 1597 2496 1668 γενόμενος
2559 1595 2828 1666 πεποίηκε
2882 1595 2975 1648 τὸν
3031 1595 3235 1665 κόσμον
3281 1593 3494 1660 οὕτως,
3536 1595 3613 1658 ὥς
3654 1613 3798 1666 φησι

533 1685 794 1750 subsistat
817 1693 1055 1749 tenebris
1081 1703 1334 1764 tauquam
1367 1693 1672 1750 substantia
1714 1703 1891 1756 utens,
1917 1705 2102 1762 perpe-

2207 1689 2453 1759 Μωῦσῆς
2476 1727 2492 1753 ,
2523 1687 2687 1752 αὐτὸς
2731 1685 2806 1740 ὣν
2833 1686 3213 1749 ἀνυπόστατος
3238 1723 3253 1748 ,
3285 1686 3479 1749 σκότος
3520 1686 3655 1756 ἔχων
3685 1688 3799 1758 τὴν

534 1795 626 1839 ιιιο
654 1785 998 1840 contumeliis
1029 1783 1268 1855 alliciens
1310 1795 1547 1841 aeternas
1593 1783 1712 1838 illas
1759 1785 1991 1852 desuper
2020 1781 2106 1836 in-

533 1872 687 1930 lerne
709 1886 987 1945 susceptas
1016 1875 1158 1932 lucis
1189 1886 1364 1932 notas.
1396 1874 1582 1947 Usque
1622 1872 1978 1948 5.20-5.21
2007 1873 2110 1944 igi-

528 1976 619 2019 tur
650 1966 716 2020 ad
777 1963 1072 2022 Salvatoris
1106 1967 1497 2038 apparitionem
1543 1982 1572 2020 a
1608 1968 1709 2022 deo
1744 1966 1880 2020 lucis
1912 1967 2104 2034 igneae,

531 2054 836 2123 demiurgo,
870 2056 1039 2110 multa
1074 2055 1322 2125 quaedam
1348 2062 1468 2111 erat
1516 2055 1718 2111 erratio
1761 2054 2104 2121 animarum;

533 2143 730 2199 animae
769 2143 983 2217 (ψυχαί)
1006 2146 1148 2201 enim
1181 2147 1312 2201 ideae
1343 2145 1704 2216 appellantur,
1730 2149 1856 2214 quia
1881 2144 2107 2214 refrige-

532 2246 666 2289 rane
696 2249 726 2289 a
755 2235 1009 2305 supernis
1038 2237 1091 2290 in
1127 2238 1365 2292 tenebris
1385 2245 1672 2306 peragunt,
1729 2231 2108 2294 transmutata:

532 2341 562 2380 e
589 2328 913 2397 corporibus
938 2327 993 2382 in
1019 2342 1250 2397 corpora
1292 2341 1322 2381 a
1353 2327 1635 2396 demiurgo
1661 2326 1955 2381 custodita.
1979 2323 2108 2382 Haec

532 2425 712 2471 autem
735 2417 818 2470 ita
854 2430 996 2482 esse,
1044 2415 1247 2485 inquit,
1290 2415 1416 2470 licet
1467 2416 1636 2470 etiam
1681 2429 1746 2469 ex
1776 2413 1876 2469 Job
1909 2415 2107 2470 intelli-

539 2522 686 2576 gere,
709 2523 832 2562 cum
860 2509 990 2563 dicit
1016 2525 1030 2562 :
1065 2504 1133 2561 Et
1159 2524 1251 2578 ego
1279 2524 1394 2562 sum
1429 2523 1548 2562 erro
1572 2517 1620 2562 et
1655 2507 1710 2561 in
1731 2506 1903 2560 locum
1929 2523 1955 2560 e
1976 2508 2104 2562 locis

532 2600 796 2654 transiens
827 2608 875 2653 et
909 2601 963 2654 in
1009 2599 1222 2655 domum
1279 2615 1342 2654 ea:
1368 2599 1547 2665 domo,
1598 2607 1652 2654 et
1685 2614 1806 2654 cum
1850 2597 2104 2656 Salvator

532 2690 665 2745 dicit
697 2707 710 2744 :
754 2689 821 2742 Et
861 2690 905 2743 si
930 2689 1088 2743 vultis
1118 2689 1366 2759 recipere,
1391 2690 1502 2759 ipse
1524 2697 1599 2758 est
1641 2687 1822 2756 Elius,
1865 2690 1952 2758 qui
1982 2705 2104 2744 ven-

532 2790 682 2834 turus
712 2792 812 2834 est.
865 2782 968 2846 Qui
1021 2781 1172 2836 habet
1231 2798 1386 2836 aures
1429 2781 1686 2835 audiendi
1732 2781 1944 2834 audiat.
1979 2781 2105 2836 lude

531 2882 716 2928 autem
774 2888 805 2927 a
850 2871 1132 2928 Salvatore
1183 2872 1437 2944 migratio
1489 2874 1791 2927 animarum
1846 2876 2103 2940 cessavit,

2205 1779 2418 1846 οὐσίαν,
2453 1778 2759 1850 ἐνυϐρίζων
2799 1778 2887 1831 ἀεὶ
2927 1780 3042 1840 τοῖς
3080 1776 3545 1847 κατειλημμένοις
3577 1778 3794 1830 ἄνωθεν

2205 1873 2358 1926 κάτω
2378 1870 2474 1925 τοῦ
2509 1872 2520 1938 Ι
2551 1871 2728 1941 φωτὸς
2751 1869 2991 1932 αἰωνίοις
3013 1867 3090 1940 [p.
3111 1868 3238 1934 266,
3262 1867 3392 1940 267]
3420 1870 3789 1941 χαρακτῆρσι.

2203 1964 2383 2034 Μέχρι
2407 1962 2506 2034 μὲν
2529 1959 2624 2017 οὖν
2650 1963 2749 2033 τῆς
2778 1961 2872 2015 τοῦ
2899 1961 3149 2031 Σωτῆρος
3177 1961 3538 2032 φανερώσεως
3561 1961 3669 2014 ὑπὸ
3694 1962 3792 2015 τοῦ

2204 2055 2341 2108 Θεοῦ
2383 2054 2477 2109 τοῦ
2518 2054 2703 2124 φωτὸς
2741 2053 2836 2106 τοῦ
2884 2052 3204 2124 πυρώδους,
3262 2051 3357 2106 τοῦ
3414 2053 3789 2125 δημιουργοῦ,

2205 2145 2374 2218 πολλή
2404 2163 2488 2210 τις
2536 2141 2604 2216 ἦν
2637 2144 2812 2215 πλάνη
2843 2143 2952 2198 τῶν
2972 2143 3188 2214 ψυχῶν·
3209 2143 3379 2214 ψυχαὶ
3409 2145 3520 2215 γὰρ
3550 2147 3608 2198 αἰ
3650 2147 3792 2201 ἰδέαι

2204 2236 2536 2304 καλοῦνται,
2573 2237 2655 2290 ὅτι
2689 2235 3058 2305 άποψυγεῖσαι
3093 2234 3204 2288 τῶν
3230 2234 3341 2288 ἄνω
3369 2237 3427 2288 ὲν
3458 2235 3640 2289 σκότει
3666 2236 3790 2291 διας

2203 2327 2440 2392 τελοῦσι,
2491 2325 2968 2398 μεταϐαλλόμεναι
2998 2326 3062 2378 ἐκ
3103 2326 3372 2397 σωμάτων
3413 2328 3493 2390 εἰς
3523 2325 3786 2396 σώματα,

2206 2419 2312 2471 61:6
2353 2415 2448 2472 τοῦ
2499 2414 3290 2488 δημιουργοῦ-φρουρούμενα.
3354 2415 3480 2470 Ὅτι
3528 2416 3587 2470 δὲ
3635 2416 3786 2470 τοῦθ’

2205 2507 2377 2572 οὕτως
2405 2507 2542 2579 ἔχει,
2581 2508 2769 2580 φησὶν,
2798 2506 3009 2561 ἔνεστιν
3033 2507 3081 2539 ⁷⁸
3104 2507 3199 2561 καὶ
3232 2508 3296 2561 ἐκ
3323 2507 3418 2560 τοῦ
3457 2507 3581 2561 Ἰὼϐ
3614 2525 3789 2562 κατα-

2205 2600 2394 2670 νοῆσαι
2419 2598 2694 2668 λέγοντος·
2727 2598 2835 2652 Καὶ
2859 2597 2974 2668 ἐγὼ
3001 2599 3043 2630 ⁷⁸
3073 2596 3372 2667 πλανῆτις
3401 2598 3448 2630 ⁸⁸
3468 2598 3569 2652 καί
3599 2600 3790 2653 τόπον

2204 2691 2273 2745 ἐκ
2312 2692 2511 2745 τόπων
2565 2691 3020 2759 μεταϐαίνουσα
3063 2691 3163 2745 καί
3194 2680 3392 2744 οἰκίαν
3435 2691 3506 2756 ἐξ
3541 2691 3782 2759 οἰκίας,

2207 2783 2303 2835 καὶ
2329 2781 2420 2836 τοῦ
2447 2781 2706 2852 Σωτῆρος
2744 2781 2994 2850 λέγοντος
3016 2799 3030 2814 ·
3070 2783 3182 2836 Kal
3215 2785 3267 2836 εἰ
3293 2782 3498 2838 θέλετε
3527 2785 3570 2815 ⁸³
3604 2784 3786 2849 δέξα-

2205 2873 2368 2935 σθαι,
2397 2871 2576 2937 αὐτός
2605 2872 2779 2925 ἐστιν
2822 2871 3020 2938 Ἠλίας
3057 2871 3344 2942 όμέλλων
3371 2874 3678 2943 ἔρχεσθαι.
3723 2875 3786 2928 '0

533 2966 666 3020 lides
695 2980 826 3021 vero
846 2965 1180 3043 praedicatur
1210 2965 1278 3019 ad
1311 2964 1687 3019 remissionem
1731 2975 2102 3035 peccatorum.

2206 2963 2365 3033 ἔχων
2386 2958 2507 3017 ὦτα
2557 2962 2802 3017 ἀκούειν
2830 2963 3114 3018 ἀκουέτω.
3169 2964 3302 3017 Ἀπὸ
3331 2964 3386 3018 δὲ
3414 2965 3508 3018 τοῦ
3535 2967 3788 3038 Σωτῆρος

529 3056 646 3112 Tali
673 3059 907 3128 quodam
948 3058 1109 3113 modo
1159 3056 1473 3127 unigenitus
1524 3055 1667 3111 ﬁlius
1697 3056 1807 3124 ille,
1845 3072 1967 3112 cum
1995 3072 2101 3112 a20-

2211 3051 2708 3122 μετενσωμάτωσις
2745 3051 3063 3116 πέπαυται,
3115 3053 3300 3118 πίστις
3352 3054 3409 3107 δὲ
3444 3056 3785 3127 κηρύσσεται

527 3166 679 3219 num,
722 3151 812 3222 qui
848 3165 1010 3222 supra
1040 3158 1190 3216 sunt,
1223 3149 1376 3204 ideas
1403 3147 1612 3203 videret
1651 3151 1880 3218 desuper
1916 3156 2098 3204 trans-

529 3253 766 3300 mutatas
827 3242 879 3297 in
937 3241 1290 3297 tenebricosis
1336 3239 1674 3311 corporibus,
1715 3239 1952 3297 liberare
2005 3255 2100 3297 eas

529 3335 864 3392 descendens
893 3333 1082 3390 valuit.
1117 3331 1252 3388 Cum
1285 3341 1464 3386 autem
1521 3331 1708 3398 sciret,
1755 3340 1814 3386 ut
1848 3331 2102 3404 .pleroma

538 3427 914 3481 universorum
947 3439 1157 3481 menum
1196 3422 1356 3478 simul
1382 3422 1652 3488 viderent,
1685 3436 1754 3478 ne
1785 3437 1967 3478 aeoues
1989 3423 2103 3493 qui-

531 3517 652 3570 dem
712 3516 916 3581 valere,
990 3514 1084 3570 sed
1139 3521 1520 3568 consternatos
1579 3525 1675 3568 eos
1719 3511 2102 3582 corruptibiles

527 3609 932 3676 corruptionem
1007 3605 1162 3674 pati,
1239 3603 1615 3672 magnitudine
1687 3610 1744 3658 et
1795 3603 2104 3685 _splendore

526 3698 814 3768 potestatis
865 3705 1143 3766 correptos
1185 3713 1199 3750 :
1253 3695 1433 3766 coegit
1483 3708 1547 3750 se
1614 3703 1874 3764 tanquam
1921 3694 2102 3765 fulgur

527 3790 824 3845 niaximum
855 3789 908 3844 in
951 3789 1175 3844 minimo
1216 3772 1468 3856 corpore,
1519 3787 1628 3842 imo
1679 3801 1811 3843 vero
1838 3797 2098 3857 tanquam

528 3882 706 3937 lumen
750 3880 892 3937 oculi
949 3881 1052 3936 sub
1108 3877 1382 3950 palpebris
1445 3888 1715 3944 coactum,
1753 3889 1809 3935 et
1854 3877 2102 3948 pervenit

525 3989 696 4044 usque
723 3975 788 4029 ad
810 3972 1031 4038 cmlum,
1062 3971 1365 4042 stellisque,
1400 3986 1522 4042 qua:
1546 3971 1618 4027 ibi
1647 3978 1796 4036 sunt,
1827 3969 2102 4026 contactis

524 4081 714 4122 rursus
746 4078 807 4122 se
855 4065 1000 4136 cogit
1058 4062 1159 4117 sub
1204 4063 1487 4132 palpebris
1527 4061 1670 4120 oculi
1719 4063 1939 4132 quando
1962 4061 2098 4116 vult.

524 4157 781 4227 Idemque
824 4171 946 4212 cum
1001 4153 1133 4210 facit
1176 4152 1358 4210 lumen
1412 4154 1578 4224 ocuivi,
1621 4154 1765 4224 quod
1810 4163 1866 4208 et
1899 4154 2100 4226 ubique

525 4249 741 4305 exsistit
779 4257 833 4303 et
873 4245 1090 4312 omnia,
1128 4245 1284 4302 nobis
1337 4253 1424 4302 est
1474 4245 1769 4313 occultum,
1826 4246 2100 4303 cernimus

2207 3144 2289 3206 εἰς
2333 3144 2527 3212 ἄφεσιν
2564 3142 2866 3215 ἁμαρτιῶν.
2915 3144 3167 3198 Τοιοῦτόν
3193 3161 3313 3199 τινα
3346 3147 3545 3218 τρόπον
3575 3151 3604 3202 6
3627 3167 3780 3220 μονο-

2208 3234 2372 3304 γενὴς
2402 3234 2532 3297 Υἰὸς
2561 3235 2792 3299 ἐκεῖνος,
2826 3237 2855 3288 6
2883 3235 2993 3289 τῶν
3023 3235 3236 3291 αἰώνων
3275 3237 3482 3292 ἄνωθεν
3515 3241 3612 3304 τὰς
3643 3241 3788 3305 ἰδέας

2211 3324 2425 3395 βλέπων
2463 3325 2561 3389 τὰς
2587 3324 2792 3379 ἄνωθεν
2821 3326 3298 3398 μεταϐαλλομένας
3332 3331 3390 3383 ὲν
3423 3333 3538 3395 τοῖς
3578 3320 3788 3385 σκοτει-

2207 3417 2319 3490 νοζς
2348 3415 2603 3486 σώμασι,
2658 3416 2924 3488 ῥύσασθαι
2965 3417 3241 3472 κατελθὼν
3288 3419 3578 3492 ἠθέλησεν.
3615 3422 3787 3487 Εἰδὼς

2208 3507 2289 3576 δὲ,
2322 3507 2404 3561 ὅτι
2443 3507 2503 3561 τὸ
2555 3507 2832 3578 πλήρωμα
2859 3508 2970 3562 τῶν
3001 3509 3141 3564 ὅλων
3171 3510 3384 3565 αἰώνων
3418 3513 3539 3566 οὐδὲ
3575 3515 3624 3568 οἱ
3651 3514 3787 3567 αἰῶ-

2208 3617 2297 3665 νες
2321 3600 2516 3672 ἀθρόον
2536 3601 2582 3634 ⁸³
2613 3600 2743 3655 ἰδεῖν
2765 3603 3148 3675 ὑπομένουσιν,
3175 3606 3312 3660 άλλά
3344 3609 3787 3678 καταπλαγέντες

2207 3693 2260 3746 οι
2292 3693 2339 3726 aa
2376 3691 2606 3764 φθαρτοὶ
2629 3693 2838 3766 φθορὰν
2869 3696 3202 3767 ὑπομένουσι
3230 3737 3246 3763 ,
3284 3700 3505 3769 μεγέθει
3539 3704 3631 3755 καὶ
3659 3703 3787 3775 δόξῃ

2208 3784 2492 3856 δυνάμεως
2556 3785 3028 3856 κατειλημμένοι,
3088 3790 3372 3856 συστείλας
3447 3792 3637 3846 ἑαυτὸν
3707 3794 3786 3860 ὡς

2208 3877 2498 3948 ἀστραπὴν
2531 3876 2797 3947 μεγίστην
2831 3879 2890 3932 ὲν
2927 3878 3198 3953 ἐλαχίστῳ
3230 3881 3463 3954 σώματι,
3498 3884 3698 3954 μᾶλλον
3727 3885 3784 3938 δὲ

2209 3968 2286 4032 ὡς
2325 3969 2442 4038 φῶς
2485 3967 2660 4035 ὅψεως
2701 3968 2805 4021 ὑπὸ
2848 3972 2962 4034 τοῖς
3010 3971 3299 4042 βλεφάροις
3339 3974 3782 4046 συνεσταλμένον,

2206 4057 2498 4123 ἐξικνεῖται
2530 4057 2736 4128 μέχρις
2768 4060 3026 4132 ούρανοῦ,
3079 4065 3175 4118 καί
3218 4065 3328 4119 τῶν
3367 4065 3614 4137 ἀστέρων
3657 4067 3781 4120 ὲπι·

2206 4149 2424 4220 ψαύσας
2450 4151 2558 4205 τῶν
2586 4151 2636 4184 “
2667 4153 2786 4206 ἐκεῖ
2815 4151 2976 4207 πάλιν
3004 4153 3200 4209 ἑαυτὸν
3230 4156 3516 4209 συστέλλει
3544 4155 3648 4209 ὑπὸ
3671 4159 3783 4219 τοῖς

2207 4237 2501 4314 βλεφάροις
2549 4243 2650 4311 τῆς
2727 4245 2903 4315 ὅψεως
2951 4245 3042 4300 ὅτε
3089 4240 3356 4319 βούλεται.
3409 4247 3522 4302 Καὶ
3554 4249 3713 4303 τοῦτο
3739 4248 3782 4279 ⁸⁸

527 4348 708 4394 autem
745 4353 847 4394 nos
875 4339 950 4392 nil
975 4338 1080 4393 nisi
1113 4335 1257 4392 oculi
1299 4336 1606 4407 palpebras,
1642 4336 1871 4406 angulos
1910 4336 2100 4393 candi-

2210 4333 2397 4390 ποιοῦν
2441 4335 2501 4388 τὸ
2545 4335 2663 4404 φῶς
2695 4337 2794 4408 τῆς
2841 4337 3018 4408 ὅψεως
3041 4378 3054 4404 ,
3085 4339 3182 4393 καὶ
3212 4341 3460 4412 πανταχῆ
3502 4342 3781 4410 γινόμενον

531 4429 649 4495 dos,
685 4427 1056 4483 membranam
1079 4425 1284 4492 laxam,
1315 4425 1614 4494 sinuosam,
1658 4439 1937 4490 venosam,
1961 4428 2103 4484 tuni-

531 4536 650 4576 cam
681 4533 956 4587 corneam,
986 4519 1086 4574 sub
1116 4533 1180 4574 ea
1230 4528 1408 4572 autem
1442 4517 1703 4588 pupillam
1742 4533 2100 4586 racemosam,

535 4611 906 4674 reticulatam,
951 4609 1347 4674 orbiculatam,
1386 4609 1506 4662 etsi
1551 4623 1670 4677 qua
1724 4608 1844 4663 alia;
1881 4609 2100 4664 luminis

526 4705 670 4760 oculi
703 4712 827 4758 sunt
860 4702 1080 4766 tunicae,
1113 4701 1311 4771 quibus
1342 4700 1598 4754 vestitum
1635 4698 1960 4754 occultatum
1989 4709 2096 4755 est.

525 4798 624 4862 lla,
654 4796 862 4865 inquit,
917 4793 1226 4863 unigenitus
1271 4791 1413 4847 ﬁlius
1447 4796 1681 4860 sdperne
1710 4799 1968 4858 alemus,
2001 4807 2096 4846 su-

525 4887 838 4957 periudutus
873 4885 1170 4939 secundum
1202 4880 1447 4952 singulos
1480 4895 1723 4951 quosque
1759 4881 1902 4936 tertii
1927 4882 2096 4938 monis

522 4994 720 5047 aeoues,
755 4993 880 5034 cum
910 4976 1116 5033 exstitit
1151 4975 1204 5030 in
1248 4974 1584 5030 triacontade
1634 4989 1870 5040 aeonum,
1921 4974 2096 5029 intro-

2215 4426 2312 4480 καὶ
2359 4425 2574 4492 πάντα,
2622 4429 2757 4498 ἡμῖν
2796 4429 2946 4483 ἐστιν
2992 4429 3240 4499 ἀφανὲς,
3277 4431 3439 4502 μόνον
3479 4433 3536 4486 δὲ
3566 4432 3781 4504 ὁρῶμεν

2207 4516 2373 4586 ἡμεῖς
2401 4514 2576 4584 ὅψεως
2613 4516 2880 4588 βλέφαρα,
2921 4519 3154 4582 κανθοὺς
3186 4518 3416 4584 λευκοὺς
3438 4559 3452 4584 ,
3487 4521 3661 4592 ὑμένα
3690 4521 3782 4574 εύ-

2211 4610 2308 4680 ρὺν
2342 4607 2388 4640 ⁸⁸
2423 4607 2766 4678 πολύπτυχον
2812 4609 3184 4682 πολυκτηδόνα
3228 4612 3294 4678 θ’,
3328 4613 3529 4683 χιτῶνα
3559 4631 3782 4684 κερατο⁴

2205 4699 2358 4770 ειδῆ,
2427 4701 2536 4754 61:6
2585 4701 2642 4755 δὲ
2699 4703 2885 4758 τοῦτον
2940 4705 3109 4777 κόρην
3160 4707 3450 4780 ραγοειδῆ,
3503 4708 3780 4780 άμφιϐλη-

2209 4808 2270 4844 στ
2281 4793 2476 4863 ροειδῆ,
2505 4793 2799 4865 δισκοειδῆ,
2835 4797 2929 4849 καί
2955 4797 3166 4862 είτινες
3186 4799 3339 4854 ἄλλοι
3367 4799 3459 4854 τοῦ
3485 4801 3658 4870 φωτὸς
3680 4800 3778 4870 τῆς

2205 4882 2379 4952 δψεώς
2425 4885 2533 4936 εἰσι
2585 4885 2852 4954 χιτῶνες,
2901 4885 2995 4950 οὓς
3046 4889 3403 4961 ὲστολισμένη
3454 4890 3773 4962 κέκρυπται.

2205 4973 2394 5038 Οὕτως
2419 5015 2434 5040 ,
2481 4976 2648 5046 φησὶν
2672 5016 2689 5042 ,
2719 4977 2748 5029 6
2791 4979 3089 5050 μονογενὴς
3134 4983 3265 5044 παῖς
3309 4980 3521 5036 ἄνωθεν
3565 4981 3778 5044 αἰώνιος

1782 5124 2025 5182 τΑιιιίΕ
2061 5123 2466 5182 LECTIONES.

593 5270 639 5303 ⁷⁸
671 5268 752 5324 Cl.
781 5269 829 5324 ll
870 5264 1004 5322 Mos.
1047 5280 1129 5333 ιιι,
1161 5263 1217 5320 2.
1252 5264 1300 5298 ⁷⁸
1323 5263 1515 5340 βατὸν.
1537 5263 1698 5340 βάτον
1718 5262 1784 5329 C,
1811 5261 1993 5332 Μ,ᾳυί
2013 5259 2125 5340 jam
2160 5261 2716 5340 observavitpocetas
2736 5267 2835 5340 _bi_c
2859 5269 2912 5322 in
2946 5268 3146 5325 verbali
3177 5268 3338 5340 βατόν
3356 5269 3580 5326 ludere:
3613 5269 3778 5324 πάτον

523 5343 566 5402 si
603 5356 707 5396 non
747 5331 1121 5400 scribendum,
1141 5345 1196 5388 at
1221 5331 1366 5390 certe
1394 5331 1716 5390 audiendum
1747 5348 1870 5390 esse
1899 5331 2050 5399 putat
2078 5331 2378 5402 Roeperus.

802 5418 977 5480 arent.
1127 5403 1205 5480 Ατξ
1237 5404 1412 5458 ἔνεστι
1435 5405 1511 5480 C._
1573 5402 1753 5480 "Job
1808 5419 1869 5480 tt_,
1894 5403 1948 5458 9.
1981 5441 1993 5455 .
2029 5401 2311 5480 ..καίιὲγὼ
2334 5403 2597 5480 πλανῆτις
2641 5407 2736 5480 καὶ
2763 5401 2952 5480 λάτρις
3004 5401 3174 5480 ,τόπον
3204 5413 3267 5463 ὲκ
3297 5401 3465 5462 τόπού
3492 5427 3781 5480 περιερχο-

521 5413 662 5482 (μύω
694 5425 796 5482 app

2479 5336 2524 5410 ζ’
2563 5333 2692 5393 Voc.
2714 5338 2857 5410 Aeg-:21;
2897 5353 3151 5402 exesum,
3177 5333 3287 5395 'sed
3323 5343 3623 5410 compendii
3656 5343 3778 5395 reli—

542 5471 660 5548 ’ένη
685 5471 779 5532 καῖ
801 5477 976 5531 οἰκίαν
1003 5476 1062 5540 ἐξ
1093 5475 1286 5540 οἰκίας,
1321 5491 1374 5529 κ.
1415 5491 1467 5530 τ.
1499 5475 1548 5530 λ.
1623 5474 1668 5506 ⁸⁰
1698 5474 1986 5542 πλανῆτις.
2019 5472 2298 5542 πλανήτης
2327 5471 2389 5526 C.
2464 5471 2508 5518 “-
2545 5475 2729 5530 Matth.
2764 5493 2841 5541 x1,
2869 5471 2961 5543 Ην,
2990 5479 3079 5534 15.
3159 5480 3204 5511 ⁸³
3238 5479 3456 5550 ἀθρόον.
3501 5482 3551 5534 οἱ
3569 5471 3781 5550 ’ἀθρὰν

522 5501 586 5605 ἃ.
627 5551 675 5600 οἰ
708 5548 893 5605 ἀθρόοι
947 5547 1079 5601 Chr.
1142 5545 1500 5600 Petersenius.
1573 5542 1620 5576 ⁸³
1656 5545 1726 5598 οἰ.
1759 5544 1873 5605 (bc?
1909 5541 2037 5597 Chr.
2078 5540 2448 5598 Petersenius.
2524 5543 2571 5575 ⁸³
2603 5547 2912 5605 ἐπιψαύσας
2949 5549 3079 5603 τῶν.
3117 5548 3540 5605 ὲπιψαυσάντων
3567 5548 3631 5605 C.
3658 5551 3781 5601 ἐπι-

548 5552 586 5611 .‘.,
627 5540 675 5600 οἰ
708 5548 924 5618 ἀθρόοιΔ
947 5547 1079 5618 Chr.
1142 5545 1511 5618 lietersen‘ius.‘
1573 5542 1726 5618 “gi.
1759 5540 1876 5618 ώςῗ
1909 5541 2040 5618 Οἰιτ.
2078 5540 2448 5618 Pe_ter_Senius.
2502 5543 2571 5618 _“
2598 5540 2912 5618 ἐπιψαύσας
2949 5540 3079 5603 τῶν.
3117 5540 3540 5618 ὲπιψαύσάντων
3567 5548 3631 5615 C,
3657 5540 3784 5601 ἒπι-

525 5611 845 5690 φαυσᾲντων
1022 5615 1066 5647 ⁸⁸
1092 5614 1269 5669 τοῦτο.
1311 5615 1518 5690 τ-αύτόζ
1624 5615 1671 5646 ⁸⁸
1700 5614 1874 5684 ὑμένα
1913 5611 2097 5682 εὐρύν.
2130 5611 2342 5690 ’ὑμένας
2370 5614 2455 5682 ρἰ
2488 5613 2554 5690 ρ’,
2587 5611 2762 5686 ὑμένα
2809 5611 3062 5690 σάρκινον
3120 5611 3420 5689 Roéperus.

3529 5618 3576 5652 ⁸⁷
3616 5618 3785 5673 πολυ-

533 5681 784 5754 κτηδόνα.
836 5685 1166 5774 πολύκτηνον
1203 5700 1289 5754 pr.
1318 5683 1382 5750 C,
1419 5684 1608 5769 eadem
1636 5681 1798 5739 manu
1833 5681 2098 5740 mutatum
2128 5681 2183 5736 iu
2206 5681 2630 5754 πολυκτηνδόνα.
