4104 6366
536 343 670 414 3331
1984 330 2352 392 ORIGENIS
3690 326 3889 391 3382

538 453 823 525 conspexit
859 452 1072 514 herum,
1101 461 1223 501 cum
1267 455 1407 502 esset
1461 446 1514 499 in
1561 445 1681 499 navi
1724 455 1882 513 atque
1919 457 2122 512 cogno-

2252 441 2376 505 ιέως
2403 439 2780 511 βραδύνοντος,
2810 440 2931 495 ἰδὼν
2966 441 3250 514 πόρρωθεν
3272 439 3319 470 ⁷⁸
3343 442 3370 492 ὁ
3404 438 3718 501 Κάλλιστος
3759 439 3882 492 τὸν

540 547 710 602 visset
743 560 801 600 sc
825 557 944 599 esse
975 553 1213 611 captum,
1239 539 1400 592 vitam
1435 537 1631 606 abiecit
1660 547 1714 590 et
1737 537 1849 590 haec
1879 544 2124 588 extrema

2252 533 2518 604 ῑεσπότην,
2548 533 2624 588 ὢν
2663 537 2721 587 ἐν
2753 535 2832 605 τῷ
2875 534 3044 605 πλοίῳ
3093 536 3188 588 καὶ
3221 534 3384 602 γνοὺς
3419 533 3613 587 ἑαυτὸν
3647 549 3878 587 συνει-

539 652 660 694 esse
711 647 903 708 putans
954 649 1013 688 se
1063 634 1115 686 in
1167 646 1316 685 mare
1362 629 1736 698 praecipitavit.
1770 624 2127 700 454-455

2252 627 2532 697 ,ἧφθαιι³¹,
2595 626 2672 698 [ν.
2722 625 3033 698 ‘286—387]
3092 625 3356 697 ἠφείδησε
3407 625 3502 678 τοῦ
3555 625 3684 696 ζῇν,
3750 630 3872 679 καὶ

540 729 727 784 Νσυιω
764 737 944 782 autem
997 732 1280 793 postquam
1314 721 1366 774 in
1399 721 1631 788 scaphas
1659 718 2014 779 desiluerunt,
2048 718 2103 771 iu

2252 719 2434 786 Laxat:
2475 715 2648 770 ταῦτα
2680 715 3041 787 λογισάμενος
3086 715 3315 786 ἔρριψεν
3360 716 3554 769 ἑαυτὸν
3610 719 3698 778 εἰς
3739 715 3875 787 τὴν

542 823 712 877 vitum
749 835 872 875 ettm
906 818 1237 886 eripuerunt,
1270 811 1398 866 dum
1433 810 1490 876 ii,
1518 810 1608 879 qui
1656 810 1712 863 in
1763 818 1904 862 terra
1951 817 2126 868 erant,

2252 809 2526 863 ὶάλασσαν.
2552 809 2614 861 ΟΞ
2637 808 2695 861 δὲ
2710 807 2906 861 ναῦται
2925 807 3419 877 καταπηδήσαντες
3439 807 3520 870 εἰς
3541 807 3610 860 τά
3637 809 3858 880 σκάφη

545 927 739 983 magna
790 923 920 964 voce
971 905 1317 961 clamabant:
1356 911 1410 959 et
1455 903 1507 956 in
1543 903 1685 955 hunc
1733 900 1952 955 modum
1999 898 2132 953 hero

2252 902 2434 956 ἱκοντα
2467 901 2628 954 αὑτὸν
2659 899 2934 954 ἀνείλοντο
2955 944 2968 966 ,
2999 899 3110 951 τῶν
3152 898 3209 951 δέ
3236 898 3282 928 ⁷³
3317 896 3427 951 ἀπὸ
3458 897 3559 966 τῆς
3587 901 3700 968 γῆς
3738 917 3861 970 με·

548 1004 777 1059 traditus
806 1000 1029 1054 Romam
1057 997 1310 1051 reductus
1341 1005 1447 1058 est,
1488 1008 1647 1062 quem
1679 993 1843 1048 herus
1869 991 1920 1044 in
1947 989 2136 1060 pistri-

2252 993 2375 1061 τάλα
2405 991 2671 1061 βοώντων·
2705 993 2800 1044 καὶ
2832 989 3008 1052 οὕτως
3035 991 3079 1022 ’⁷³
3109 989 3187 1059 τῷ
3225 989 3466 1060 δεσπότῃ
3502 989 3868 1061 παραδοθεὶς

547 1110 672 1149 num
699 1093 863 1147 dedit.
895 1089 1162 1159 Tempore
1204 1096 1385 1141 autem
1439 1085 1642 1155 elapso,
1673 1093 1732 1138 ut
1762 1081 1902 1138 forte
1933 1079 2132 1146 evenit,

2252 1082 2519 1154 ιπανήχθη
2550 1084 2630 1146 είς
2655 1083 2754 1153 τὴν
2797 1081 3040 1152 Ῥώμην,
3073 1080 3130 1134 ὃν
3149 1081 3177 1132 δ
3205 1079 3476 1149 δεσπότης
3505 1081 3586 1142 είς
3615 1080 3866 1150 πίστρι-

545 1185 744 1240 fratres
773 1181 1094 1237 accedentes
1120 1163 1532 1248 Carpophornm
1592 1176 2042 1239 adhortabantur,
2078 1181 2138 1230 ut

2252 1192 2327 1228 νον
2357 1176 2403 1206 ⁷⁸
2436 1174 2714 1228 κατέθετο.
2750 1173 2962 1244 Χρόνου
2987 1173 3044 1226 δέ
3073 1170 3375 1234 διελθόντος
3395 1211 3408 1233 ,
3436 1169 3512 1234 ibi;
3544 1171 3861 1241 συμϐαίνει

545 1288 720 1346 pinnae
739 1271 1005 1327 eximeret
1036 1269 1344 1340 fugitivum,
1373 1268 1619 1322 dicentes
1647 1265 1891 1321 confiteri
1925 1279 2047 1319 eum
2078 1277 2138 1320 se

2252 1266 2523 1335 γίνεσθαι,
2577 1265 2978 1336 προσελθόντες
3046 1264 3271 1332 ἀδελφοὶ
3329 1263 3690 1331 παρεκάλουν
3757 1266 3859 1318 τὸν

547 1365 829 1435 pecuniam
877 1361 1016 1432 apud
1060 1359 1322 1429 quosdam
1373 1358 1644 1412 conditam
1676 1357 1895 1412 habere.
1929 1355 2132 1425 Carpo-

2252 1357 2629 1430 Καρποφόρον,
2659 1358 2809 1420 ὅπως
2848 1355 3097 1427 ἐξαγάγῃ
3129 1355 3229 1424 τῆς
3259 1355 3540 1417 κολάσεως
3573 1356 3668 1407 τὸν
3708 1355 3855 1424 δρα-

547 1456 749 1526 phorus
795 1462 997 1517 autem,
1035 1461 1218 1522 utpote
1251 1453 1391 1520 pius,
1424 1466 1575 1502 suam
1629 1463 1739 1502 rem
1787 1464 1845 1504 se
1890 1449 2141 1503 omittere

2252 1448 2432 1518 πέτην,
2482 1448 2786 1517 φάσκοντες
2830 1446 2994 1500 αὑτὸν
3025 1446 3310 1517 ὁμολογεῖν
3342 1444 3488 1514 ἔχειν
3532 1446 3692 1516 παρά
3735 1463 3856 1498 τισι

549 1545 708 1610 dixit,
738 1542 985 1614 deposita
1029 1548 1211 1594 autem
1239 1539 1340 1594 sibi
1369 1553 1514 1593 curae
1551 1553 1672 1592 esse
1702 1567 1773 1578 ——
1803 1537 1956 1592 multi
1995 1537 2138 1592 enim

2252 1541 2432 1610 χρῆμα
2465 1538 2850 1608 ἀποκείμενον.
2902 1538 2961 1589 '0
2993 1537 3050 1589 δὲ
3108 1539 3120 1604 |
3189 1537 3594 1606 Καρποφᾶρπ,
3627 1536 3707 1600 ὡς
3760 1538 3856 1589 εὖ,

548 1633 738 1690 flentes
784 1633 835 1689 ei
893 1631 1167 1695 dicebant,
1222 1645 1280 1686 se
1335 1630 1456 1697 ejus
1525 1639 1785 1697 praetextu
1857 1628 2140 1684 concredi-

2252 1629 2452 1702 λαϐῆς,
2483 1629 2578 1683 τοῦ
2616 1632 2712 1702 μὲν
2766 1630 2896 1684 ἰδίου
2929 1629 3116 1697 ἔλεγεν
3162 1629 3430 1698 ἀφειδεῖν,
3481 1628 3592 1682 τῶν
3621 1628 3677 1682 δὲ
3742 1646 3854 1682 παν

553 1727 699 1780 disse
723 1723 944 1780 Callisto
974 1738 1094 1794 quae
1123 1725 1517 1777 concrederant
1557 1751 1622 1762 —
1651 1722 2005 1792 precibusque
2037 1735 2144 1776 nio—

2252 1719 2502 1792 ραθηκῶν
2538 1720 2842 1792 φροντίζειν
2905 1722 2922 1788 (
2949 1718 3136 1770 πολλοὶ
3161 1719 3268 1787 γὰρ
3307 1717 3454 1786 αὐτῷ
3479 1718 3854 1772 ἀπεκλαίοντο

557 1826 644 1873 tus
679 1817 840 1886 jussit
872 1788 1006 1872 eum—
1029 1815 1205 1870 educi.
1253 1814 1346 1868 Ille
1382 1822 1558 1868 autem
1591 1788 1714 1870 cum
1745 1815 1877 1869 nihil
1919 1788 2147 1870 liaberet

2252 1814 2498 1882 λέγοντες
2522 1852 2536 1876 ,
2584 1813 2665 1866 ὅτι
2703 1811 2782 1883 τῷ
2817 1811 2982 1866 αὐτοῦ
3007 1813 3052 1844 ⁷⁵
3104 1811 3460 1882 προσχήματι
3507 1812 3851 1863 ἐπίστευσαν

554 1907 695 1976 quod
724 1908 1052 1970 restitueret,
1079 1913 1133 1958 et
1162 1906 1354 1960 iterum
1382 1902 1642 1974 aufugero
1671 1918 1775 1957 non
1795 1914 1997 1974 posset,
2020 1905 2144 1973 quia

553 1997 976 2060 custodiebatur,
1010 1995 1302 2048 artificium
1334 1996 1543 2062 _mortis
1592 2005 1934 2050 commentus
1960 2007 2066 2062 εει,
2094 2008 2148 2051 et

555 2089 795 2144 Sabbato
826 2089 1087 2144 simulans
1117 2100 1175 2142 se
1209 2087 1274 2141 ad
1311 2087 1585 2142 debitores
1619 2087 1719 2152 ire,
1767 2087 1874 2144 ruit
1911 2089 1978 2143 ad
2017 2105 2146 2144 cou—

556 2191 774 2238 veutum
827 2179 1134 2236 Judzcorum
1167 2189 1640 2249 congregatarum,
1683 2189 1737 2234 et
1787 2188 1975 2234 astans
2028 2191 2145 2233 tur~

555 2271 678 2325 bam
707 2271 848 2324 inter
876 2285 970 2326 eos
993 2269 1244 2324 faciebat.
1279 2267 1358 2323 llli
1388 2277 1567 2324 autem
1599 2270 1800 2325 turbati
1835 2273 1904 2327 ab
1933 2285 1999 2326 eo
2021 2286 2149 2326 cou-

556 2361 794 2417 tntneliis
843 2361 1267 2431 verberibusque
1310 2375 1434 2416 eum
1483 2360 1734 2418 allectum
1769 2373 2048 2420 truserunt
2082 2364 2148 2418 ad

557 2455 904 2520 Fuscianum,
929 2451 1241 2523 praefectum
1290 2454 1463 2509 urbis.
1501 2455 1914 2525 Responderunt
1964 2466 2146 2511 autem

559 2548 744 2601 limere
766 2564 778 2599 :
804 2544 1029 2599 Romani
1059 2543 1214 2599 nobis
1232 2554 1618 2600 concesserunt
1645 2547 1849 2615 patrias
1875 2547 2021 2618 leges
2051 2562 2150 2617 pu-

557 2637 694 2692 blice
723 2636 1066 2700 recitandas;
1103 2635 1205 2690 iste
1235 2650 1361 2691 vero
1393 2637 1459 2689 ad
1501 2650 1600 2692 nos
1650 2637 1930 2706 ingressus
1973 2639 2148 2710 impe-

559 2729 739 2782 diebat
767 2741 865 2780 nos
893 2727 1218 2789 obturbans,
1247 2726 1504 2782 dictitans
1531 2743 1590 2782 se
1616 2743 1737 2784 esse
1756 2729 2147 2786 Christianum.

560 2816 860 2871 Fuseianus
915 2826 1094 2870 autem
1149 2831 1273 2871 cum
1335 2832 1434 2886 pro
1487 2817 1741 2873 tribunali
1774 2830 1940 2886 esset,
1968 2831 2022 2876 et
2056 2837 2151 2891 per

560 2922 646 2971 ea,
681 2921 801 2976 quae
835 2921 864 2960 a
897 2905 1096 2961 Iudaeis
1132 2907 1472 2972 dicebantur,
1513 2909 1566 2962 in
1619 2909 1898 2967 Callistum
1947 2914 2146 2969 irasce-

564 3008 735 3063 retur,
761 3013 868 3054 non
901 2997 1072 3052 defuit
1112 2997 1204 3068 qui
1237 2998 1588 3069 Cat-pOphoro
1619 3015 1705 3056 res
1734 3013 1915 3070 gestas
1951 3020 2151 3060 renun-

564 3090 743 3146 tiaret.
769 3091 819 3146 ls
845 3101 1027 3145 autem
1077 3090 1144 3144 ad
1185 3090 1418 3146 tribunal
1463 3091 1703 3162 praefecti
1743 3094 2010 3152 festinavit
2043 3099 2152 3154 cla-

566 3180 844 3251 mavitque
877 3199 890 3235 :
920 3179 1072 3246 Peto,
1113 3179 1330 3235 domine
1380 3180 1664 3246 Fusciane,
1707 3199 1774 3239 ne
1819 3196 1873 3239 tu
1903 3186 2149 3241 ei‘lidem

565 3271 788 3337 habeas,
825 3286 930 3326 nou
959 3271 1103 3326 enim
1133 3271 1476 3326 ChriStianus
1497 3282 1601 3337 est,
1633 3288 1820 3328 ansam
1849 3290 1977 3330 vero
2006 3292 2140 3330 mor-

567 3365 636 3419 tis
671 3364 884 3434 quaerit,
931 3373 1220 3433 postquam
1263 3364 1544 3432 pecuniam
1577 3367 1708 3420 mihi
1748 3383 1996 3438 magnam
2033 3383 2153 3436 per-

567 3459 721 3522 didit,
745 3459 903 3514 sicuti
927 3457 1188 3528 probabo.
1217 3455 1386 3514 ιιιόωὶ
1416 3468 1600 3513 autem
1625 3473 1746 3513 cum
1779 3460 1881 3516 hoc
1907 3459 2150 3517 fraudem

567 3563 686 3604 esse
711 3549 1130 3613 arbitrarentur,
1163 3549 1316 3618 quasi
1351 3547 1734 3620 Carpopliorns
1755 3551 1856 3606 hoc
1889 3563 2152 3620 praetextu

569 3653 691 3691 eum
722 3638 954 3691 liberare
982 3637 1242 3700 studeret,
1271 3636 1522 3692 infestius
1548 3641 1714 3692 etiam
1740 3640 2054 3707 prafectum
2079 3643 2154 3696 in-

570 3728 894 3784 clamabant.
950 3726 999 3781 ls
1051 3737 1232 3783 autem
1285 3730 1352 3782 ab
1403 3729 1470 3784 iis
1519 3740 1716 3798 motus,
1761 3730 1985 3802 ﬂagellis
2031 3750 2153 3790 eum

571 3835 768 3876 caesum
809 3821 1030 3875 tradidit
1061 3821 1114 3874 in
1145 3819 1419 3875 metallum
1449 3819 1734 3878 Sardiniae.
1762 3823 2027 3894 Tempore
2056 3842 2154 3879 au-

571 3923 678 3965 tem
705 3912 910 3982 elapso,
941 3927 1062 3966 cum
1111 3913 1200 3966 alii
1250 3912 1358 3968 illic
1405 3922 1586 3970 essent
1636 3925 1923 3988 martyres,
1956 3917 2153 3972 Marcia

570 4003 755 4060 volens
789 4003 1000 4061 facinus
1049 4004 1264 4076 aliquod
1314 4009 1511 4061 bonum
1555 4009 1752 4076 facere,
1787 4011 1984 4081 quippe
2037 4027 2156 4080 qua:

569 4094 853 4151 Commodi
884 4105 1000 4151 erat
1036 4096 1210 4166 pellex
1263 4098 1347 4152 dei
1386 4113 1590 4163 amans,
1631 4101 1912 4155 arcessivit
1942 4103 2152 4156 beatum

573 4184 870 4252 Victorem,
897 4187 990 4257 qui
1025 4187 1114 4242 illo
1140 4197 1383 4258 tempore
1408 4191 1691 4260 episcopus
1724 4191 1979 4248 Ecclesiae
2012 4203 2152 4257 erat,

574 4288 628 4333 et
653 4278 1029 4334 sciscitabatur
1063 4279 1286 4350 quinam
1331 4281 1384 4336 in
1411 4281 1768 4356 ἥδε-457
1797 4285 2046 4341 Sardinia
2070 4301 2156 4344 es-

574 4378 694 4425 sent
732 4378 1020 4441 martyres.
1049 4371 1100 4426 ls
1131 4381 1310 4428 autem
1345 4389 1467 4428 cum
1507 4377 1747 4431 omnium
1787 4378 2000 4433 nomina
2041 4387 2151 4433 tra-

575 4464 745 4528 deret,
773 4461 984 4519 Callisti
1017 4479 1122 4518 non
1165 4463 1330 4530 dedit,
1371 4467 1497 4536 quia
1545 4472 1693 4524 novit
1741 4469 1861 4540 ejus
1914 4482 2162 4540 conatus,

575 4551 772 4608 Marcia
795 4553 958 4623 igitur
981 4567 1202 4623 compos
1230 4555 1370 4609 facta
1420 4557 1501 4611 sui
1542 4559 1648 4614 voti
1679 4574 1773 4628 per
1791 4561 2156 4616 Commodum

574 4645 906 4700 dimissionis
940 4644 1148 4700 litteras
1177 4646 1266 4700 dat
1300 4644 1624 4718 Hyacintho,
1667 4651 1892 4720 spadoni
1943 4653 2156 4707 cuidam

576 4735 914 4806 presbytero,
948 4733 1040 4804 qui
1068 4736 1308 4804 acceptis
1330 4736 1527 4792 litteris
1549 4738 1600 4792 in
1634 4737 1942 4794 Sardiniam
1982 4752 2160 4795 trans-

575 4824 870 4896 navigavit,
897 4832 952 4880 et
983 4833 1265 4895 postquam
1305 4839 1399 4882 eas
1440 4825 1536 4890 illi,
1589 4829 1680 4898 qui
1731 4839 1860 4885 tunc
1900 4832 2162 4900 temporis

576 4915 626 4970 ei
656 4923 813 4970 terrae
842 4923 1090 4986 praeerat,
1127 4915 1367 4980 tradidit,
1395 4917 1601 4972 dimisit
1631 4930 1898 4992 martyres
1929 4931 2160 4989 excepto

577 5005 820 5063 Callisto.
842 5005 892 5062 ls
921 5016 1103 5063 autem
1129 5020 1304 5077 genua
1329 5006 1550 5064 ﬂectens
1582 5010 1996 5082 lacrymansque
2023 5027 2156 5082 sup-

2247 1907 2323 1975 τῷ
2372 1904 2692 1974 Καλλίστῳ,
2747 1902 2783 1957 ἃ
2857 1901 3361 1970 πεπιστεύκεισαν),
3429 1902 3523 1954 καὶ
3595 1900 3850 1964 πεισθεὶς

2249 1996 2533 2050 ἐκέλευσεν
2559 1990 2850 2062 ἐξαγαγεῖν
2886 1994 3068 2047 αὐτόν.
3105 1994 3164 2044 '0
3190 1992 3246 2044 δέ
3277 1992 3444 2061 μηιὶέν
3478 1992 3618 2062 ἔχων
3647 1992 3847 2044 ἀποδιο

2245 2087 2418 2149 δόναι,
2455 2088 2549 2140 καὶ
2577 2086 2738 2139 πάλιν
2768 2083 3188 2154 ἀποδιδράσκειν
3222 2084 3297 2152 μὴ
3329 2083 3629 2151 δυνάμενος
3655 2083 3751 2135 διὰ
3783 2083 3847 2136 τὸ

2249 2176 2600 2247 φρουρεῖσθαι
2627 2176 2670 2207 ⁷⁸
2691 2216 2706 2240 ,
2737 2175 2934 2245 τέχνην
2980 2172 3216 2226 θανάτου
3251 2173 3539 2240 ἐπενόησε,
3575 2171 3671 2223 καὶ
3705 2173 3843 2224 Σαϐ-

2251 2269 2399 2339 ϐάτῳ
2429 2268 2778 2339 σκηψάμενος
2805 2267 2851 2297 ’⁷⁷
2885 2265 3106 2318 ἀπιέναι
3137 2264 3212 2327 ὼς
3246 2265 3338 2316 ἐπὶ
3371 2263 3656 2334 χρεώστας
3676 2304 3693 2328 ,
3729 2263 3847 2332 ὦρ-

2252 2379 2425 2433 μησεν
2471 2362 2562 2414 ἐπὶ
2589 2361 2690 2432 τὴν
2725 2357 3050 2428 συναγωγὴν
3086 2355 3193 2410 τῶν
3248 2355 3521 2410 Ἰουδαίων
3571 2355 3850 2425 συνηγμέ-

2250 2473 2376 2518 νων,
2411 2455 2505 2508 καὶ
2533 2454 2663 2517 στάς
2691 2454 2738 2485 ⁷⁸
2773 2451 3206 2513 κατεστασίαζεν
3243 2450 3426 2502 αὐτῶν
3484 2450 3547 2502 Οἱ
3583 2449 3641 2501 δὲ
3673 2465 3848 2501 καταο

2251 2547 2667 2609 στασιασθέντες
2713 2546 2804 2598 ὑπ’
2859 2541 3062 2607 αὑτοῦ,
3107 2541 3491 2612 ἐνυϐρίσαντες
3538 2539 3704 2592 αὑτὸν
3757 2539 3846 2592 καὶ

2251 2638 2468 2711 πληγάς
2517 2638 2932 2708 ἐμφορήσαντες
2980 2633 3175 2705 ἔσυρον
3229 2635 3322 2686 ἐπὶ
3372 2632 3462 2684 τὸν
3511 2630 3845 2684 Φουσκιανὸν

2251 2732 2488 2802 ἔπαρχον
2533 2730 2662 2782 ὄντα
2707 2729 2805 2798 τῆς
2857 2727 3085 2789 πόλεως.
3152 2723 3545 2794 Ἀπεκρίναντο
3583 2723 3640 2775 δὲ
3693 2721 3842 2774 τάδε’

2263 2826 2522 2894 Ῥωμαῖοι
2552 2820 2943 2892 συνεχώρησαν
2975 2820 3106 2890 ἡμῖν
3138 2818 3267 2882 τοὺς
3303 2815 3595 2887 πατρῴους
3642 2816 3845 2884 νόμους

2251 2915 2488 2988 δημοσία
2521 2913 2940 2982 ἀναγινώσκειν,
2976 2905 3128 2974 οὗτος
3174 2909 3232 2962 δὲ
3266 2906 3602 2962 ἐπεισελθὼν
3639 2906 3844 2960 ἐκώλυε

2252 3004 2708 3069 καταστασιάζων
2729 3002 2910 3075 ἡμῶν,
2936 3003 3163 3072 φάσκων
3185 2996 3326 3055 εἶναι
3353 3000 3700 3072 Χριστιανός.
3735 2997 3842 3051 Τοῦ

2179 3127 2220 3185 c
2251 3096 2307 3149 δὲ
2339 3092 2672 3148 Φουσκιανοῢ
2699 3095 2744 3126 ⁷⁹
2769 3091 2876 3164 πρὸ
2905 3092 3151 3163 βήματος
3184 3091 3570 3161 τυγχάνοντος,
3604 3089 3699 3142 καὶ
3730 3092 3845 3151 τοῖς

2255 3187 2344 3240 ὑπ’
2381 3185 2650 3239 Ἰουδαίων
2676 3185 2994 3254 λεγομένοις
3023 3183 3166 3237 κατὰ
3211 3181 3306 3236 τοῦ
3342 3181 3646 3234 Καλλίστου
3672 3182 3843 3250 ἀγαν-

2254 3279 2550 3342 ακτοῦντος
2574 3317 2588 3342 ,
2652 3281 2752 3332 οὐκ
2791 3277 2976 3330 ἔλιπεν
3018 3279 3047 3330 ὁ
3077 3275 3419 3345 ἀπαγγείλας
3439 3276 3485 3306 ⁸⁸
3513 3275 3588 3346 τῷ
3615 3276 3843 3345 Καρπο-

2255 3371 2407 3442 φόρῳ
2453 3369 2522 3422 τά
2561 3368 2938 3437 πρασσόμενα.
2995 3367 3054 3419 '0
3079 3366 3136 3419 δέ
3173 3365 3418 3427 σπεύσας
3448 3365 3542 3416 ἐπὶ
3583 3365 3645 3416 τὸ
3686 3364 3840 3434 βῆμα

2252 3460 2348 3514 τοῦ
2393 3459 2635 3530 ἐπάρχου
2676 3456 2837 3510 ἐδόα’
2888 3456 3123 3528 Δέομαι,
3165 3455 3322 3527 κύριε
3368 3456 3710 3518 Φουσκιανὲ,
3762 3457 3840 3526 μὴ

2257 3555 2320 3608 σὺ
2351 3551 2498 3622 αὐτῷ
2523 3551 2566 3583 ⁸⁸
2602 3550 2848 3613 πίστευε,
2881 3549 2943 3602 οὐ
2979 3550 3089 3621 γάρ
3120 3551 3239 3603 ἐστι
3272 3549 3619 3619 Χριστιανὸς,
3659 3550 3841 3620 ἀφορ-

2259 3643 2364 3714 μὴν
2389 3643 2446 3696 δὲ
2478 3642 2632 3712 ζητεῖ
2655 3641 2886 3695 Θανάτου
2913 3642 3176 3713 χρήματά
3205 3658 3310 3709 μου
3336 3640 3507 3694 πολλὰ
3533 3641 3800 3708 ἀφανίσας
3822 3679 3840 3704 ,

2253 3735 2329 3798 ὡς
2359 3733 2645 3798 ἀποδείξω.
2681 3733 2804 3787 Τῶν
2845 3734 2903 3786 δέ
2953 3733 3225 3788 Ἰουδαίων
3255 3733 3526 3804 ὕποθολὴν
3556 3733 3717 3786 τοῦτο
3754 3751 3840 3786 νο-

2260 3827 2552 3896 μισάντων,
2597 3826 2674 3888 ὡς
2721 3824 3013 3896 ζητοῦντος
3042 3825 3136 3879 τοῦ
3173 3825 3544 3895 Καρποφόρου
3570 3826 3745 3898 ταύτῃ
3773 3829 3837 3897 τῇ

2257 3917 2528 3989 προφάσει
2555 3916 2835 3981 ἐξελέσθαι
2880 3916 3065 3981 αὑτὸν,
3100 3916 3301 3988 μᾶλλον
3341 3916 3650 3986 ἐπιφθόνως
3707 3935 3840 3972 κατ-

2259 4007 2432 4062 εϐόων
2456 4007 2551 4060 τοῦ
2579 4009 2846 4078 ἐπάρχου.
2865 4007 2922 4061 Ὀ
2947 4006 3004 4061 δέ
3034 4006 3276 4078 κινηθεὶς
3306 4008 3396 4060 ὑπ’
3419 4008 3622 4071 αὐτῶν,
3653 4025 3844 4078 μαστι-

2255 4100 2441 4171 γώσας
2490 4099 2651 4154 αὑτὸν
2687 4100 2893 4153 ἔδωκεν
2925 4101 3006 4162 είς
3039 4099 3303 4169 μέταλλον
3334 4099 3645 4171 Σαρδονίας.
3689 4099 3841 4153 Μετά

2257 4191 2448 4263 χρόνον
2480 4190 2535 4243 δὲ
2559 4189 2603 4222 ⁸⁸
2636 4189 2840 4260 ἐτέρων
2869 4189 2987 4242 ἐκεῖ
3012 4190 3181 4243 δντων
3217 4191 3532 4261 μαρτύρων,
3566 4188 3841 4260 θελήσασα

2257 4283 2291 4354 ἡ
2321 4283 2549 4353 Μαρκία
2578 4283 2741 4352 ἔργον
2773 4299 2826 4335 τι
2873 4281 3079 4349 ἀγαθὸν
3113 4283 3485 4352 ἐργάσασθαι,
3516 4278 3653 4335 οὖσα
3691 4281 3840 4351 φιλό-

2263 4372 2385 4436 θεος
2428 4373 2680 4443 παλλακὴ
2715 4373 2762 4405 ⁸³
2810 4372 3058 4442 Κομόδου
3094 4373 3163 4438 ⁸⁸,
3213 4373 3705 4444 προσκαλεσαμένη
3752 4374 3840 4426 τὸν

2199 4477 2244 4532 ι)
2275 4464 2544 4536 μακάριον
2577 4465 2588 4534 |
2620 4465 2916 4537 Οὺῖκτορα,
2943 4465 3073 4517 ὄντα
3103 4464 3404 4518 ἐπίσκοπον
3425 4465 3524 4534 τῆς
3547 4463 3839 4534 ἐκκλησίας

2263 4557 2384 4608 κατ’
2423 4557 2601 4609 ἐκεῖνο
2639 4555 2860 4626 καιροῦ,
2905 4556 3205 4627 ἐπηρώτα,
3259 4557 3406 4619 τίνες
3454 4553 3532 4627 [μ.
3575 4554 3683 4610 288
3716 4553 3839 4626 289]

2263 4639 2375 4697 εἷεν
2420 4647 2476 4698 ἐν
2508 4646 2772 4717 Σαρδονίᾳ
2818 4647 3117 4717 μάρτυρες.
3176 4648 3232 4700 ’0
3275 4646 3332 4698 δέ
3369 4649 3588 4701 πάντων
3618 4644 3838 4708 ἀναδοὺς

2264 4737 2332 4790 τὰ
2371 4737 2631 4808 ὀνόματα,
2666 4739 2727 4791 τὸ
2761 4739 2854 4792 τοῦ
2883 4738 3187 4792 Καλλίστου
3219 4740 3318 4792 οὐκ
3347 4739 3564 4798 ἔδωκεν,
3596 4737 3749 4800 eloti);
3775 4737 3839 4790 τζ

2265 4829 2646 4901 τετολμημένα
2672 4830 2716 4862 ⁸⁵
2750 4833 2880 4902 παρ’
2911 4829 3099 4885 αὐτοῦ.
3155 4831 3404 4902 Topica
3434 4827 3526 4885 οὖν
3557 4830 3656 4900 τῆς
3688 4831 3842 4896 ἀξιώ-

2269 4938 2408 4986 σεως
2436 4925 2470 4992 ὴ
2514 4922 2740 4994 Μαρκία
2771 4923 2922 4991 παρά
2953 4923 3048 4976 τοῦ
3076 4923 3345 4994 Κομόδου,
3370 4923 3552 4978 δίδωσι
3586 4924 3682 4993 τὴν
3706 4925 3837 4976 ἀπο-

2268 5012 2495 5084 λύσιμον
2533 5015 2578 5046 ⁸⁸
2627 5013 2916 5085 ἐπιστολὴν
2959 5015 3233 5087 Ὑακίνθῳ
3274 5025 3381 5070 τινι
3413 5017 3666 5071 σπάδοντι
3714 5032 3840 5084 πρε-

1855 5163 2088 5220 ΥΑΒΙιΕ
2134 5164 2539 5224 LECTIONES.

670 5302 1029 5396 tmte???
1048 5300 1120 5396 0.;
1188 5301 1270 5396 "..
1285 5298 2063 5396 “fﬂéitfeis‘.z-3”miﬁifﬁi‘
2095 5303 2136 5358 ο
2215 5305 2287 5387 ".-

2363 5307 2540 5380 ἶίτῷν
2574 5307 2653 5380 δέ.
2677 5309 2789 5380 τῶν
2825 5325 2976 5380 susp.
3035 5309 3332 5380 Sauppius.
3407 5307 3454 5339 ⁷³
3489 5305 3837 5380 abmanda-

580 5374 783 5435 senius,
807 5367 958 5435 οἶτος
983 5372 1048 5436 0,
1072 5369 1144 5426 M.
1222 5370 1270 5402 "
1299 5367 1578 5439 πιστρῖνον
1606 5385 1755 5439 susp.
1782 5367 2072 5441 sauppins.
2149 5373 2195 5405 ⁷⁸
2221 5375 2299 5445 τῷ
2322 5377 2511 5430 αὐτοῦ.
2536 5378 2613 5446 τῷ
2643 5378 2782 5432 αὑτί⁸
2821 5380 2881 5433 C.
2924 5367 2937 5380 ’
2959 5380 3006 5418 ⁷⁸
3033 5367 3412 5450 φρουρεῖσθαι.
3443 5367 3755 5448 φθορεὶσθαι
3775 5378 3833 5433 t2.

583 5442 626 5477 "
681 5444 1022 5499 σκεψάμενος
1067 5441 1130 5496 C.
1230 5440 1276 5474 ⁷⁸
1312 5439 1761 5499 στάς.ἐπιστὰςῖ
1854 5443 1900 5474 ⁷⁸
1931 5443 2229 5499 φοσκιανοῦ
2280 5444 2342 5499 C.
2439 5447 2485 5478 ⁸ο
2525 5397 2867 5499 ἀπαγγεὸαε
2933 5449 3236 5499 Roenems-
3282 5448 3611 5499 ἐπαγγείλας
3656 5447 3716 5499 C.
3771 5449 3833 5499 Il.

2750 5467 2798 5502 υ.

583 5442 626 5513 ’_'
681 5444 1022 5513 σκεψάμενος
1067 5441 1130 5496 C.

1230 5440 1276 5474 ⁷⁸
1312 5439 1462 5510 στάς.
1487 5440 1761 5502 ἐπιστὰςῖ
1830 5443 1900 5510 7"
1931 5439 2229 5510 ξροσκιανοῦ
2271 5439 2342 5500 Ὀ.

2439 5447 2485 5520 Po
2517 5447 2867 5520 ἐπαγγείλας
2933 5447 3236 5520 Βοεῂει-υέ,
3282 5447 3611 5520 ἐπαγγείλας
3656 5447 3719 5520 0,
3771 5449 3835 5509 ΙΙ,

589 5508 921 5584 Bunserjiu's1
947 5511 1031 5566 Cf.
1060 5525 1222 5584 supra
1261 5525 1318 5584 ι)3
1349 5509 1474 5584 ό55,
1499 5510 1558 5584 _3.
1585 5510 1642 5584 9_1
1713 5510 1760 5541 ⁸⁸
1789 5509 1854 5563 σὺ
1881 5508 2050 5584 αὐτῷ.
2079 5514 2260 5584 ἐαυτῷ
2288 5514 2351 5568 C.
2430 5517 2592 5584 "Cf.
2621 5508 2744 5573 cum
2779 5508 2864 5573 bis
2895 5521 2990 5574 Dio
3024 5508 3181 5575 Cass.
3218 5508 3257 5575 l.
3287 5508 3453 5584 ωεςιίξ
3486 5535 3534 5574 c.
3559 5508 3642 5570 4':
3685 5508 3839 5571 ’ἰστοὲ

654 5583 762 5632 ῖται
783 5581 838 5634 δέ
861 5580 998 5666 αὕτη
1023 5578 1192 5635 πολλά
1209 5578 1436 5680 τεύπέρ
1456 5579 1564 5631 τῶν
1599 5579 1643 5631 Χ
1688 5581 1944 5666 ιστιανῶν
1976 5578 2276 5637 σπουδάσαι
2303 5587 2394 5638 καὶ
2422 5580 2592 5641 πολλὰ
2614 5590 2813 5653 αὐτοὺς
2845 5591 3296 5660 εὐηργετηκέναι,
3328 5578 3560 5644 ἅτε-’καὶ
3586 5588 3736 5690 παρά
3764 5587 3839 5657 τῷ

654 5649 859 5719 >μμόδῳ
878 5667 994 5728 ’παν
1021 5649 1315 5728 δυναμένη.
1351 5715 1397 5728 υ
1419 5648 1438 5679 ³
1450 5596 1686 5728 ’παλακῆ
1708 5649 1768 5703 (ι.
1845 5650 1889 5681 ⁸⁸
1913 5652 2182 5721 Κομόδου.
2223 5655 2512 5725 Κομμόδου
2538 5657 2561 5710 ?
2645 5659 2689 5690 ⁸³
2721 5659 3120 5728 τετολμημένα.
3159 5660 3473 5728 τολμημένα
3503 5660 3565 5717 C.
3639 5657 3664 5690 ⁸
3709 5660 3835 5711 ἀτω-

586 5595 762 5698 ςίιιται
783 5595 838 5634 οε
861 5595 998 5652 αῡτη
1023 5595 1192 5635 πολλα
1209 5597 1270 5632 τε
1294 5595 1436 5680 οπερ
1456 5595 1564 5631 των
1599 5595 1643 5631 Α

639 5649 859 5719 ομμόδῳ
885 5652 994 5703 πᾶν
1021 5649 1315 5718 δυναμένη.
1419 5648 1438 5679 ³
1467 5649 1650 5702 παλακ

587 5712 831 5764 λύσιμον.
867 5717 1208 5764 ἀπολυσὶαην
1239 5718 1300 5764 C-
1351 5715 1420 5764 Μ-
1450 5716 1650 5764 Bunser

622 5715 842 5784 ὑσιμον.’
867 5715 1208 5788 άπολυσίμην
1239 5715 1301 5783 C,
1351 5715 1420 5782 Μ,
1450 5715 1790 5773 Buusenius.

1708 5649 1768 5703 (ἶ.
1845 5650 1889 5681 ⁸⁸
1913 5652 2182 5721 Κομόδου.
2223 5655 2561 5725 Κομμόδουῖ
2645 5659 2689 5690 ⁸³
2721 5649 3120 5730 τετολμημέναξ
3159 5649 3473 5732 τολμημένα
3503 5660 3565 5717 C.
3639 5657 3664 5690 ⁸
