4104 6366
540 317 679 384 3409
755 391 760 395 ,
2030 326 2108 387 Of

2212 325 2400 383 ENIS
3677 327 3853 394 3410

542 444 790 489 amantes
836 444 983 502 sunt,
1032 434 1313 490 Sadduca-i
1357 444 1539 489 autem
1587 435 1668 490 sui
1713 436 1971 505 ipsormn.
2010 437 2108 491 llam

2236 437 2568 507 φιλάλληλοι,
2620 438 2666 489 οἱ
2697 437 2754 489 δὲ
2786 436 3132 491 Σαδδουκαῖοι
3163 438 3429 506 φίλαυτοι.
3478 439 3631 508 Αὕτη
3664 442 3698 510 ἡ
3734 441 3850 494 ατ-

541 538 689 583 secta
725 527 776 581 in
813 527 1059 581 Samaria
1090 528 1377 583 admodum
1409 527 1712 597 praevaluit.
1759 526 1826 579 Et
1863 528 1963 597 ipsi
2002 543 2108 582 verr

2240 546 2388 601 ρεσις
2444 530 2571 598 περὶ
2613 528 2709 598 τὴν
2746 529 3061 598 Σαμάρειαν
3105 529 3307 600 μᾶλλον
3339 530 3673 602 ἐκρατύνθη.
3708 534 3847 586 Καὶ

540 620 608 675 ad
661 619 796 691 legis
850 636 1029 675 mores
1076 636 1135 676 sc
1189 622 1507 689 applicant,
1569 621 1814 675 dicentes
1878 630 2108 686 oporterc

2237 618 2389 672 αὐτοὶ
2419 617 2475 670 δὲ
2526 620 2638 679 τοῖς
2667 617 2761 670 τοῦ
2790 617 2955 687 νόμου
2982 618 3132 671 ἔθεσι
3169 619 3521 689 προσέχουσι,
3557 620 3842 689 λέγοντες

540 727 813 781 quemque
860 713 935 766 ita
990 714 1192 776 vivere,
1236 722 1292 764 ut
1341 711 1566 781 pulchre
1598 713 1743 766 vivat
1778 721 1831 765 et
1878 710 2019 766 ﬁlios
2074 712 2108 765 ir

2233 709 2342 763 δεῖν
2364 708 2507 761 οὑτω
2541 708 2660 779 ζῇν,
2697 710 2783 762 ἵνα
2809 709 2987 772 καλῶς
3013 710 3186 781 βιώσῃ
3220 712 3309 763 καὶ⁵
3342 712 3351 780 |
3384 711 3551 765 τέκνα
3583 713 3679 764 ἐπὶ
3711 714 3840 782 γῆς

543 812 687 856 terra
734 803 1029 871 relinquat.
1069 805 1148 857 Ad
1176 804 1466 872 prophetas
1494 812 1676 856 autem
1726 818 1831 857 non
1867 817 1926 857 se
1959 802 2129 872 appli-

542 909 693 958 cant,
720 914 896 964 neque
930 897 993 949 ad
1037 897 1170 950 ullos
1199 897 1333 950 alios
1366 897 1658 966 sapientes,
1709 897 1811 951 nisi
1852 897 2023 951 solmn
2059 897 2124 951 ad

539 989 705 1043 Musis
739 991 931 1059 legem,
964 989 1100 1043 nihil
1145 991 1587 1059 interpretantes.
1636 991 1761 1046 Haec
1787 991 1949 1061 igitur
1976 1000 2120 1053 sunt,

538 1097 657 1150 quae
691 1091 743 1133 et
776 1080 1053 1135 Sadducaei
1088 1082 1332 1151 diligunt.

607 1171 697 1225 '50.
742 1170 1007 1236 Quoniam
1063 1172 1224 1240 igitur
1273 1184 1323 1225 et
1380 1191 1499 1243 qurc
1553 1176 1695 1228 inter
1740 1174 1950 1231 Iudaeos
1997 1188 2120 1232 sunt

537 1261 872 1315 differentias
899 1265 1267 1327 exposuimus,
1303 1279 1610 1333 congruens
1654 1266 1785 1320 mihi
1814 1282 1937 1321 esse
1970 1269 2121 1323 vide-

539 1363 644 1415 tur,
677 1354 836 1406 etiam
868 1352 1068 1406 cultum
1100 1368 1286 1406 eorum
1323 1354 1564 1408 divinum
1600 1355 1819 1409 silentio
1849 1372 1953 1409 non
1982 1374 2119 1426 pra;-

537 1448 857 1499 termittere.
905 1447 1004 1500 Est
1045 1447 1210 1513 igitur
1258 1446 1397 1515 apud
1439 1445 1655 1501 Judazos
1703 1448 1757 1500 in
1804 1449 2114 1505 universum

535 1535 779 1588 doctrina
828 1534 895 1588 de
942 1534 1088 1587 cultu
1149 1536 1331 1587 divino
1377 1536 1753 1604 quadruplex:
1791 1538 2114 1606 theologica,

534 1626 816 1688 naturalis,
879 1626 1122 1687 moralis,
1190 1627 1514 1695 hierurgica.
1570 1627 1638 1681 Et
1697 1630 1854 1684 deum
1897 1633 2114 1701 quidem

531 1733 698 1771 unum
730 1732 847 1771 esse
871 1719 1044 1782 aiunt,
1081 1728 1133 1771 ct
1157 1720 1402 1786 opilicem
1439 1720 1675 1774 universi
1714 1732 1767 1776 et
1807 1724 2112 1786 Dominum,

529 1811 621 1878 qui
646 1810 834 1863 fecerit
866 1810 1138 1875 universa,
1173 1826 1294 1864 cum
1341 1822 1499 1865 antea
1542 1828 1650 1866 non
1698 1812 1901 1866 fuerint
1942 1830 2114 1881 nequc

531 1917 597 1955 ex
630 1901 943 1967 snhjacente
967 1903 1199 1970 quadam
1225 1903 1525 1957 substantia
1558 1919 1760 1968 coaeva,
1793 1906 1885 1958 sed
1925 1905 2112 1960 volens

533 2006 588 2047 et
626 2008 839 2055 creans,
881 2000 934 2045 et
980 2008 1104 2047 esse
1135 1995 1354 2062 angelos
1393 2010 1593 2064 eosque
1637 1996 1807 2050 factos
1858 1998 1923 2050 ad
1954 1998 2115 2051 mini-

532 2084 813 2139 strandum
858 2084 1019 2137 rebus
1048 2084 1270 2149 creatis,
1304 2099 1486 2137 verum
1512 2100 1632 2140 esse
1669 2087 1830 2140 etiam
1864 2088 2113 2155 spiritum

532 2183 818 2249 queuulam
853 2190 1131 2251 potentem
1167 2181 1230 2232 ad
1261 2178 1648 2232 celebrandum
1684 2188 1740 2233 et
1788 2177 2112 2231 laudandum

530 2272 669 2341 apud
703 2272 866 2325 Deum
907 2286 1120 2340 semper
1150 2280 1554 2339 permanentem
1580 2286 1596 2335 ;
1622 2269 1804 2321 omnia
1851 2282 2030 2323 autem
2061 2272 2111 2323 in

529 2366 692 2420 rebus
742 2364 943 2418 creatis
981 2380 1196 2417 sensum
1255 2362 1477 2427 habere,
1536 2362 1779 2431 nihilque
1829 2376 1949 2415 esse
1998 2362 2115 2415 ina-

530 2454 695 2506 nime.
750 2453 813 2505 Et
866 2452 1111 2505 morilms
1169 2450 1389 2504 student
1438 2450 1681 2504 honestis
1748 2452 2113 2517 riititlestacque

530 2543 675 2607 vitm,
706 2543 865 2596 sicuti
894 2558 959 2595 ex
992 2542 1201 2611 legibus
1226 2556 1558 2609 cognoscere
1595 2540 1741 2596 licet.
1777 2540 1901 2594 llaec
1931 2551 2108 2593 autem

525 2635 653 2689 olim
701 2646 956 2690 accurate
999 2634 1216 2688 deﬁnita
1257 2643 1415 2687 erant
1451 2633 1593 2702 apud
1631 2634 1796 2703 ipsos,
1842 2634 1930 2702 qui
1976 2635 2113 2686 anti-

526 2727 733 2793 quitus,
781 2741 890 2777 non
940 2740 1110 2793 nuper
1154 2723 1323 2793 legem
1367 2723 1622 2778 traditam
1654 2734 1998 2792 acceperunt,
2036 2725 2108 2775 ita

528 2829 586 2870 ut
628 2817 797 2869 lector
836 2823 1113 2883 stupescat
1157 2816 1209 2867 in
1246 2824 1395 2868 tanta
1449 2816 1710 2868 modestia
1754 2825 1807 2868 et
1855 2825 2108 2867 accurata

527 2909 804 2978 diligentia
835 2923 1047 2961 morum
1085 2907 1287 2959 homini
1322 2906 1438 2972 lege
1463 2913 1802 2959 sanctorum.
1830 2904 2110 2972 llicrurgi-

526 3018 647 3054 cum
694 3011 873 3053 autem
925 3000 1286 3052 ministerium
1318 3012 1662 3067 sumnmpere
1714 2999 1984 3051 excultum
2028 3008 2111 3052 est

526 3092 665 3160 apud
710 3106 829 3154 eos,
864 3089 1125 3143 decenter
1156 3087 1367 3141 numiui
1398 3088 1582 3142 divino
1619 3089 2105 3151 accommodatum,

524 3183 682 3237 sicuti
714 3182 780 3236 iis
804 3182 893 3249 qui
920 3180 1127 3243 volunt,
1157 3181 1200 3234 si
1227 3180 1446 3244 librum,
1472 3180 1563 3250 qui
1591 3181 1655 3235 de
1683 3181 1767 3235 his
1792 3182 1949 3235 rebus
1976 3184 2105 3252 agit,

522 3274 728 3345 legunt,
762 3272 1115 3345 492-493
1146 3271 1305 3324 facile
1337 3280 1421 3325 est
1453 3272 1694 3339 cognitu,
1731 3287 1891 3340 quam
1944 3274 2110 3327 hone-

524 3374 607 3420 ste
629 3374 682 3419 et
712 3365 961 3432 religiose
988 3363 1094 3417 Deo
1121 3361 1415 3417 oﬁ‘erentes
1442 3363 1711 3431 primitias
1744 3378 1952 3427 eorum,
1989 3379 2109 3433 quae

522 3458 591 3511 ab
633 3456 750 3526 ipso
796 3457 847 3509 iu
906 3471 1062 3509 usum
1105 3464 1160 3509 et
1201 3457 1542 3509 couunodum
1592 3455 1868 3509 hominum
1909 3457 2105 3508 donata

525 3558 673 3613 sunt,
706 3546 822 3612 ejus
857 3546 1008 3615 jussu
1038 3546 1287 3599 ordinate
1317 3556 1371 3599 et
1406 3546 1624 3599 assidue
1650 3545 2101 3599 ministraverint.

525 3636 727 3690 Horum
759 3646 939 3688 autem
976 3634 1155 3703 aliqua
1180 3634 1462 3688 Sadduczei
1491 3645 1722 3701 negant;
1754 3636 1939 3687 nolunt
1960 3635 2104 3688 enim

523 3727 746 3796 angelos
785 3726 867 3780 vel
915 3726 1137 3795 spiritus
1178 3736 1417 3781 exstare.
1470 3726 1669 3780 Omnes
1718 3736 1898 3780 autem
1943 3726 2104 3781 simili

526 3820 687 3873 modo
730 3818 1004 3873 Christum
1057 3826 1393 3887 exspectant,
1445 3834 1568 3871 cum
1614 3817 1697 3873 lex
1746 3828 1798 3873 et
1832 3820 2105 3888 propheta:

524 3912 883 3965 adventurum
916 3911 1420 3980 pranuntiaveriut,
1466 3910 1632 3966 Judari
1670 3921 1848 3966 autem
1891 3921 2104 3983 tempus

521 4001 640 4067 ejus
686 4000 950 4054 adventus
1011 4015 1115 4053 non
1166 4001 1520 4072 agnoverint,
1578 4002 1650 4056 ita
1706 4011 1765 4056 ut
1827 4015 2103 4060 remaneat

522 4090 758 4159 suspicio
794 4089 1128 4158 palantibus,
1158 4106 1244 4155 ea,
1283 4106 1402 4160 quae
1437 4092 1504 4146 de
1544 4093 1777 4147 adventu
1814 4091 1934 4160 ejus
1960 4094 2100 4149 dicta

521 4189 668 4241 sum,
712 4195 818 4231 non
851 4194 972 4234 esse
1004 4180 1246 4250 impleta,
1283 4190 1608 4251 ex5pecteut
1651 4191 1833 4236 autem
1855 4182 1965 4251 jam
2008 4185 2102 4237 ad-

522 4278 808 4322 venturum
863 4269 1163 4337 Christum,
1216 4272 1343 4341 quia
1388 4287 1509 4326 eum
1560 4288 1682 4326 cum
1729 4273 1946 4328 advenit
1994 4290 2099 4330 non

2235 800 2561 870 καταλείπῃ.
2608 802 2919 871 Προφήταις
2950 801 3007 853 δὲ
3044 801 3102 853 οὐ
3134 801 3517 872 προσέχουσιν,
3549 802 3666 855 ἀλλ’
3698 804 3837 857 οὐδὲ

2235 893 2442 963 ἑτέροις
2486 893 2598 946 τισὶ
2647 896 2853 961 σοφοῖς,
2908 893 3048 963 πλὴν
3098 893 3245 964 μόνῳ
3294 893 3375 962 τῷ
3425 893 3515 947 διὰ
3568 896 3833 956 Μωσέως

2233 985 2402 1055 νόμῳ,
2433 986 2598 1056 μηδὲν
2626 986 3041 1055 ἑρμηνεύοντες.
3073 985 3256 1038 Ταῦτα
3283 985 3382 1055 μὲν
3410 982 3529 1052 οῦν,
3575 986 3612 1042 ἃ
3647 991 3742 1043 καὶ
3768 991 3827 1042 οἱ

2231 1077 2580 1131 Σαδδουκαῖοι
2608 1078 2992 1149 αἱρετίζουσιν.

2299 1171 2362 1223 λ’.
2404 1172 2557 1224 Ἐπεὶ
2584 1171 2763 1223 τοίνυν
2792 1171 3003 1233 καὶτὰς
3033 1170 3182 1240 παρά
3224 1170 3505 1235 Ἰουδαίοις
3545 1170 3821 1243 διαφορὰς

2229 1264 2589 1333 ἐκτεθείμεθα
2607 1266 2675 1330 δ’,
2718 1263 2937 1333 εὐλογον
2978 1265 3125 1318 δοκεῖ
3163 1266 3259 1318 καὶ
3292 1264 3388 1336 τὴν
3424 1265 3659 1336 ἄσκησιν
3711 1268 3821 1335 τῆς

2227 1356 2432 1410 τούτων
2468 1356 2778 1419 θεοσεϐείας
2812 1357 2886 1428 μὴ
2914 1359 3299 1427 παρασιωπᾷν.
3338 1357 3496 1411 Ἐστι
3522 1358 3625 1428 μὲν
3658 1354 3813 1428 οὖνὴ

2228 1449 2368 1502 κατὰ
2407 1450 2615 1513 πάντας
2674 1450 2962 1511 Ἰουδαίους
3001 1449 3144 1502 κατά
3172 1451 3272 1520 τὴν
3306 1450 3623 1503 θεοσέϐειαν
3661 1468 3812 1521 πρα-

2224 1540 2456 1611 γματεία
2484 1544 2741 1612 τετραχῆ.
2779 1540 3087 1611 θεολογικὴ,
3118 1542 3349 1612 φυσικὴ,
3374 1540 3562 1611 ἠθικὴ,
3591 1544 3808 1611 ἱερουρ-

2224 1633 2373 1703 γική.
2406 1632 2517 1684 Καὶ
2535 1632 2624 1686 τδν
2648 1632 2745 1702 μὲν
2764 1632 2895 1686 Θεὸν
2917 1632 3014 1686 ἕνα
3040 1629 3178 1685 εἶναι
3211 1632 3448 1701 λέγουσι.
3469 1634 3805 1704 δημιουργόν

2224 1738 2281 1773 τε
2326 1722 2420 1774 τοῦ
2463 1722 2662 1784 παντὸς
2695 1723 2788 1775 καὶ
2817 1721 3072 1794 Κ[ύριον]
3095 1723 3162 1785 ⁸³,
3208 1725 3512 1793 ποιήσαντα
3530 1724 3708 1778 πάντα
3741 1725 3801 1777 οὐ

2151 1804 2188 1856 Β
2218 1811 2483 1881 πρότερον
2527 1810 2705 1882 δ[ντα]
2728 1812 2793 1869 ⁸⁸,
2824 1811 2944 1863 οὐδὲ
2975 1810 3036 1862 ἔκ
3077 1828 3223 1874 τινος
3271 1810 3646 1880 ὑποκειμένης
3672 1826 3803 1877 συγ-

2217 1899 2409 1969 χρόνου
2470 1900 2691 1964 οὐσίας,
2751 1898 2913 1970 ἀὶλλά
2968 1896 3301 1970 θιελήσαντα
3345 1898 3441 1951 καὶ
3499 1897 3799 1961 κτίσαντα,

2220 1986 2360 2042 εἷναί
2383 2008 2442 2043 τε
2466 1990 2753 2058 ἀγγέλους,
2787 1991 2883 2042 καὶ
2920 1989 3146 2053 τούτους
3178 1992 3505 2061 γενομένους
3527 1990 3664 2059 πρὸς
3683 1990 3801 2043 λει-

2215 2082 2478 2152 τουργίαν
2510 2081 2613 2150 τῆς
2635 2082 2889 2144 κτίσεως,
2923 2081 3059 2135 ἀλλά
3080 2082 3174 2135 καὶ
3206 2081 3424 2151 πνεῦμα
3455 2083 3801 2147 ἐξουσιαστι-

2214 2177 2308 2228 κδν
2339 2175 2476 2247 πρὸς
2496 2174 2652 2240 δόξαν
2695 2178 2790 2229 καὶ
2818 2170 2966 2228 αἶνον
2996 2176 3114 2246 Θεῷ
3147 2177 3234 2229 ἀεὶ
3270 2177 3588 2246 παραμένον
3613 2176 3683 2206 ⁸⁸·
3724 2176 3794 2227 τὰ

2216 2266 2392 2319 πάντα
2427 2266 2484 2319 δὲ
2508 2268 2565 2317 ἐν
2587 2268 2651 2337 τῇ
2686 2266 2859 2319 κτίσει
2892 2264 3146 2336 αἴσθησιν
3164 2266 3309 2336 ἐχειν
3334 2267 3431 2319 καὶ
3463 2267 3629 2336 μηδὲν
3657 2262 3803 2318 εἶναι

2213 2357 2443 2425 ἄψυχον.
2485 2356 2689 2417 Ἤθους
2728 2373 2785 2410 τε
2839 2357 3245 2410 ἀντιποιοῦνται
3295 2356 3499 2427 σεμνοῦ
3541 2358 3637 2409 καὶ
3688 2356 3799 2408 σώ-

2213 2465 2408 2518 φρονος
2443 2447 2578 2517 βίου,
2612 2446 2796 2511 καθὼς
2825 2447 2975 2501 ἔστιν
3008 2449 3072 2501 ἐκ
3110 2448 3220 2501 τῶν
3252 2449 3435 2519 νόμων
3468 2448 3796 2516 ἐπιγνῶναι.

2212 2540 2395 2592 Ταῦτα
2426 2540 2483 2592 δὲ
2510 2540 2678 2593 πάλαι
2698 2540 3108 2611 ἀκριϐαζόμενα
3139 2536 3207 2610 ἦν
3234 2541 3363 2612 παρ’
3385 2541 3592 2603 αὐτοῖς,
3630 2540 3800 2610 ἀρχῆ·

2211 2632 2324 2695 θεν,
2356 2628 2464 2701 [οὐ]
2498 2634 2693 2684 νεωστὶ⁸
2724 2633 2769 2664 ⁸⁸
2809 2633 2899 2686 τὸν
2928 2633 3093 2701 νόμον
3127 2632 3548 2704 παρειληφόσιν,
3589 2631 3666 2695 ὡς
3704 2632 3796 2685 τὸν

2211 2722 2609 2791 ἐντυγχάνοντα
2630 2724 3053 2794 καταπλαγῆναι
3081 2724 3175 2777 ἐπὶ⁸
3202 2724 3443 2798 τοσαύτῃ
3466 2724 3797 2797 σωφροσύνῃ

2209 2814 2299 2865 καὶ
2329 2815 2618 2886 ἐπιμελείᾳ
2646 2815 2741 2868 τοῦ
2774 2817 2903 2886 περὶ
2937 2817 3027 2870 τὸν
3058 2816 3346 2887 ἄνθρωπον
3396 2816 3795 2887 νομοθετουμέ-

2209 2924 2299 2959 νου
2320 2906 2507 2977 ἤθους.
2541 2907 2881 2979 Ἰερουργικὴ
2898 2909 2955 2961 δέ
2974 2909 3287 2980 λειτουργία
3304 2910 3490 2980 ἄκρως
3521 2909 3794 2979 ἐξήσκητο

2211 2998 2340 3068 παρ’
2362 3000 2545 3061 αὐτοῖς
2568 2999 2919 3069 εὐσχημόνως
2939 3001 3077 3071 πρὸς
3098 3001 3158 3053 τὸ
3168 3000 3322 3055 Θεῖον
3346 3000 3793 3072 προσφερομένη.

2211 3092 2394 3156 καθὼς
2435 3096 2547 3157 τοῖς
2585 3093 2933 3163 βουλομένοις
2977 3094 3161 3167 ῥᾴδιόν
3202 3095 3353 3148 ἐστιν
3382 3095 3668 3163 ἐντυχοῦσι
3723 3096 3793 3165 τῇ

2213 3184 2339 3256 περὶ
2373 3184 2575 3237 τούτων
2597 3185 2996 3258 ἐξαγορευούσῃ
3034 3186 3199 3258 βίϐλῳ
3229 3187 3440 3257 μαθεῖν,
3474 3188 3550 3251 ὡς
3576 3187 3793 3257 σεμνῶς

2211 3275 2290 3347 [ρ.
2330 3276 2638 3348 307—509]
2680 3278 2774 3332 καὶ
2814 3280 2975 3344 ὁσίως
3006 3280 3083 3352 τῷ
3112 3281 3232 3351 Θεῷ
3278 3283 3655 3352 ἀπαρχόμενοι
3680 3281 3793 3334 τῶν

2210 3372 2342 3440 παρ’
2391 3370 2556 3424 αὑτοῦ
2587 3370 2983 3443 δεδωρημένων
3013 3375 3092 3437 εἰς
3125 3374 3320 3444 χρῆσιν
3362 3374 3457 3428 καὶ
3487 3373 3793 3427 ἀπόλαυσιν

2209 3459 2552 3532 ἀνθρώπων,
2595 3463 2942 3535 κελευόμενοι
2994 3465 3275 3529 εὐτάκτως
3319 3467 3414 3519 καὶ
3454 3466 3793 3536 παραμόνως

2208 3551 2606 3623 ἐλειτούργουν.
2645 3552 2866 3609 Τούτων
2898 3555 2955 3608 δέ
2998 3573 3119 3609 τινα
3169 3558 3219 3610 οἱ
3274 3557 3621 3610 Σαδδουκαῖοι
3678 3558 3792 3609 ἀπο

2208 3642 2597 3711 αγορεύουσιν·
2628 3644 2690 3697 οὐ
2711 3644 2823 3716 γὰρ
2854 3644 3135 3715 βούλονται
3166 3648 3209 3679 ’τ
3238 3648 3503 3716 ἀγγέλους
3536 3649 3568 3719 ἢ
3619 3649 3789 3701 πνεύο

2210 3749 2357 3801 ματα
2388 3734 2675 3806 ὑπάρχειν.
2704 3737 2768 3789 Ol
2814 3737 2871 3790 δὲ
2903 3739 3105 3802 πάντες
3128 3740 3329 3809 ὁμοίως
3351 3741 3582 3810 Χριστὸν
3613 3758 3789 3811 προσ-

2204 3819 2468 3890 δέχονται,
2522 3822 2619 3876 τοῦ
2672 3827 2772 3895 μὲν
2832 3826 3000 3896 νόμου
3086 3829 3182 3883 καὶ
3233 3830 3342 3882 τῶν
3393 3831 3690 3901 προφητῶν
3740 3831 3789 3863 ⁸⁸

2208 3914 2586 3983 παρεσόμενον
2632 3918 3120 3990 προκηρυξάντων,
3159 3920 3270 3975 τῶν
3318 3922 3363 3955 ⁸⁸
3401 3922 3458 3975 δέ
3517 3925 3788 3978 Ἰουδαίων

2204 4002 2294 4055 τὸν
2337 4005 2528 4077 καιρδν
2561 4009 2659 4079 τῆς
2709 4010 3016 4081 παρουσίας
3071 4012 3145 4083 μὴ
3179 4014 3533 4082 ἐπιγνόντωνι
3572 4014 3691 4087 [ὡς]
3735 4018 3785 4048 ’⁸

2207 4096 2493 4166 ἐπιμένειν
2513 4099 2612 4169 τὴν
2633 4100 2887 4155 ὑπόνοιαν
2913 4102 3005 4156 τοῦ
3029 4104 3207 4158 δοκεῖν
3227 4104 3300 4176 μὴ
3322 4106 3389 4160 τὰ
3404 4107 3714 4179 εἰίρημένα]
3734 4109 3784 4140 ’⁸

2204 4188 2336 4259 περὶ
2366 4189 2467 4259 τῆς
2510 4193 2817 4263 παρουσίας
2848 4194 3198 4263 τετελέσθαι,
3229 4200 3537 4270 προσδοκᾷν
3586 4199 3643 4251 δὲ
3679 4200 3785 4270 ήδη

2205 4278 2445 4348 Χριστὸν
2478 4283 2855 4354 παρεσόμενον
2884 4284 2975 4338 διά
3003 4287 3063 4339 τὸ
3093 4288 3336 4357 παρόντα
3362 4289 3406 4320 ⁸³
3437 4290 3510 4359 μὴ
3542 4290 3788 4357 ἐπεγνωο

518 4362 861 4430 agnoverint,
912 4373 965 4417 et
1005 4364 1163 4432 signa
1199 4373 1500 4432 temporum
1535 4364 1677 4433 quod
1708 4364 1819 4432 jam
1866 4365 2099 4422 adfuerit

2212 4368 2374 4436 κέναι,
2398 4371 2574 4425 καὶτὰ
2608 4373 2851 4444 σύμϐολα
2867 4376 2977 4429 τῶν
3005 4377 3216 4449 καιρῶν
3237 4378 3447 4451 τοῦ-ἥδη
3468 4398 3786 4451 παραγεγο-

519 4453 763 4506 videntes
787 4452 1177 4521 perturbentur
1208 4464 1262 4507 et
1304 4455 1501 4522 pudeat
1543 4470 1638 4511 eos
1681 4456 1925 4513 conﬁteri
1972 4476 2094 4515 eum

514 4543 749 4603 venisse,
796 4543 1055 4610 quoniam
1113 4545 1227 4597 suis
1281 4544 1533 4600 manibus
1579 4562 1701 4600 eum
1756 4552 2090 4617 necaverint,

514 4635 775 4704 indignati
808 4649 927 4687 cum
976 4635 1043 4688 ab
1089 4649 1155 4688 eo
1187 4638 1666 4705 convincerentur,
1705 4642 1845 4709 quod
1887 4643 2093 4711 legibus

514 4739 620 4777 non
646 4724 1035 4778 obedivissent.
1070 4725 1134 4779 Et
1167 4740 1313 4791 eum,
1344 4727 1433 4794 qui
1462 4728 1531 4782 ita
1561 4730 1759 4784 missus
1788 4740 1870 4785 est
1896 4745 1924 4784 a
1955 4732 2084 4796 Deo,

2114 4880 2184 4893 η

2201 4461 2349 4515 νέναι
2381 4463 2629 4534 δρῶντας
2667 4468 3029 4538 ταράττεσθαι
3063 4511 3076 4535 ,
3102 4472 3367 4525 αἰδεῖσθαί
3389 4491 3446 4526 τε
3495 4474 3784 4543 ὁμολογεῖν

2200 4551 2523 4624 ἐληλυθέναι
2551 4556 2618 4623 ⁸³,
2650 4559 2772 4613 ἐπεὶ
2801 4558 2847 4590 ⁸⁸
2881 4560 3197 4633 αὐτόχειρες
3241 4564 3405 4617 αὑτοῦ
3434 4566 3778 4634 γεγένηνται.

2200 4644 2632 4712 ἀγανακτοῦντες
2661 4649 3007 4722 ἐλεγχόμενοι
3025 4654 3116 4705 ὑπ’
3139 4653 3329 4718 αὐτοῦ,
3348 4655 3429 4707 ὅτι
3452 4657 3562 4718 τοῖς
3592 4655 3783 4725 νόμοις

2198 4735 2273 4805 μὴ
2304 4736 2641 4806 ὑπήκουσαν.
2676 4741 2789 4793 Kal.
2819 4740 2912 4794 τὸν
2940 4742 3040 4813 μὲν
3070 4741 3243 4807 οὕτως
3266 4742 3643 4798 ἀποσταλέντα
3674 4745 3781 4797 ὑπὸ

511 4951 1941 5051 ἀσκοῦχτες-,Ιάλλήλουςη
1962 4969 2026 5051 τδ
2052 4969 2174 5051 ἔθος
2200 4971 2565 5051 ἀγριώτερον,
2596 4977 2656 5029 αῖ
2678 4993 2737 5051 τε
2763 4978 3036 5051 ἐπιμιξίαι
3074 4979 3210 5051 πρὸς
3236 4981 3362 5045 τοὺς
3388 4980 3606 5051 ὁμοίους
3632 4980 3783 5048 ἀπη-

511 5024 642 5087 νεῖς,
675 5024 751 5085 ὠς
779 5024 915 5095 πρὸς
945 5025 1284 5097 ἀλλοτρίους.
1324 5029 1366 5081 Τ
1370 5024 1561 5082 οιαῦτά
1586 5024 1683 5101 μὲν
1712 5024 1840 5108 περὶ
1874 5024 1984 5089 τῶν
2010 5043 2067 5092 ἐν
2108 5024 2380 5105 Ἰουδαίοις

1803 5186 2034 5241 VARle
2073 5188 2364 5246 LECTION
2374 5193 2473 5251 ES.

610 5309 657 5339 ⁸⁸
686 5309 1034 5381 ἐκτεθήμεθα

510 5391 685 5431 ratum
714 5376 1068 5447 fuisse'pulat
1097 5378 1168 5433 Μ.

1264 5312 1320 5414 2:
1354 5314 1865 5414 “ngtﬁ‘ﬁnftiftqv
1922 5338 2071 5414 susp.
2206 5325 2447 5414 Sqqttus,
2509 5330 2720 5414 κόσμον
2772 5332 3106 5414 .Roeperuslz
3143 5335 3239 5387 καὶ
3270 5332 3500 5414 fortasse
3535 5332 3618 5414 his
3640 5348 3778 5387 en-

1354 5383 1501 5458 όντα.
1531 5387 1799 5441 Lacmiam
1820 5383 2063 5458 explevit
2091 5393 2161 5447 Μ.

2260 5397 2307 5428 ⁸⁵
2344 5397 2683 5474 παραμένοψ
2727 5403 2816 5474 τά.
2868 5397 3275 5474 παραμένονταο
3313 5404 3373 5468 C,
3409 5403 3477 5456 M.
3555 5401 3603 5434 ⁸⁸
3639 5409 3778 5474 παρ’

506 5450 1085 5541 ξξδξοῖῖνξξρλίῇξῗδρ-ἶίξ
1111 5453 1643 5541 νξειξεῖὶνὸενιυιξρίιιεμ,
1663 5462 1811 5529 παρὰ
1838 5450 1950 5541 τοξς
1989 5463 2229 5533 ἀρχῆθεν
2248 5450 2439 5541 veneti:
2464 5450 2527 5541 β’,
2555 5472 2626 5540 Μ,
2651 5473 2741 5540 qui
2776 5475 2827 5527 in
2863 5450 3148 5527 lIOLrVgl‘bt)
3181 5450 3689 5541 latere'suspiratur
3718 5450 3781 5527 ἕν

505 5518 643 5587 ὄρει.
726 5516 1102 5589 “sesimul.
1135 5519 1433 5589 βούλοινται
1450 5516 1521 5579 ’(ξ.

507 5591 877 5663 κηρυξάντων.
902 5588 1022 5663 Τῶν
1048 5590 1110 5655 C,
1323 5588 1750 5663 ’Ῡίέπιγνόντωιλ
1789 5588 1893 5663 ὶὶίς.

1600 5528 1644 5615 (ξ
1669 5528 1983 5615 πρόφῃῶγ.
2016 5528 2315 5615 προφητῶν
2343 5538 2479 5615 τὸν-ξ
2512 5528 2799 5615 sauppius.
2877 5544 2922 5575 ”
2956 5543 3423 5615 προᾼκηρυξάντων
3442 5528 3615 5615 ἀετῶν.
3645 5560 3783 5615 προ-

1938 5604 2279 5683 ἐξπιῖνόντων
2336 5608 2499 5683 (ὶηΜ,
2531 5604 2915 5683 Ῠέπίγνόντων,
2980 5604 3197 5681 ἐγένετο
3225 5604 3407 5681 ⁷(10111.
3470 5604 3775 5683 Rocperus.

507 5638 1303 5730 nam;superabat...
1343 5638 1893 5738 “rurae-12365::
1933 5638 2282 5728 ξινδξῖξεῑιωῖς

508 5725 560 5756 ,η
596 5727 696 5756 κω,
729 5744 779 5756 η,
836 5738 885 5756 Δ,
922 5730 1078 5756 mm,‘
1116 5741 1241 5756 __._
1271 5742 1523 5756 ,ιη-,ΛΜ
1749 5740 1757 5746 ,
1801 5702 1840 5756 ,ξ
1891 5710 1904 5735 ν
1968 5741 2013 5756 η
2200 5694 2252 5756 ,ρ
2285 5695 2393 5756 Υτα,
2451 5749 2461 5756 _
2513 5750 2543 5756 _
2578 5682 2910 5754 Scnpsimus
2939 5684 3278 5756 ἐληλυθέναι.
3309 5685 3467 5740 lmuo
3492 5682 3702 5737 lacuna:
3722 5683 3777 5749 ἐ,

507 5725 561 5779 in
595 5725 697 5782 line
727 5744 805 5791 αι,
834 5725 1080 5796 ét'paulo
1115 5741 1242 5787 ante
1271 5742 1527 5790 accentus
1573 5725 1924 5807 conspicitur.
1966 5741 2034 5796 M.

2115 5745 2160 5777 “
2196 5745 2339 5801 ἐπεὶ.
2378 5749 2472 5802 ἐπὶ
2503 5750 2566 5807 C.
