4104 6366
379 393 515 461 3411

1530 397 1831 459 CONTRA
1868 391 2239 455 MRESES
2274 389 2421 450 LIB.
2450 388 2554 446 IX.

3506 383 3648 448 3412

378 506 476 561 τοῦ
507 504 668 573 Θεοῦ,
700 505 935 578 Χριστὸν
962 506 1064 561 οὐκ
1093 501 1236 563 εῖναι
1268 509 1459 564 τοῦτον
1482 508 1736 579 λέγουσιν
1762 528 1776 541 ·
1806 507 1961 562 ἐλεύ-

2076 507 2210 560 hunc
2244 502 2525 558 Christum
2569 513 2676 554 non
2724 510 2847 554 esse
2876 497 3091 564 dicunt,
3134 505 3421 552 venturum
3467 507 3645 553 autem

384 596 576 651 σεσθαι
623 596 683 651 δὲ
733 597 943 668 ἕτερον,
994 597 1088 651 τὸν
1133 599 1236 653 οὐκ
1269 599 1424 663 ὄντα,
1468 601 1548 663 εἱς
1576 600 1636 654 ὃν
1681 600 1751 653 τά
1779 599 1824 632 ’⁸
1862 599 1962 669 μὲν

384 686 629 757 σύμϐολα
653 690 717 741 ὲκ
749 690 951 762 μέρους
973 690 1044 755 ⁸⁸,
1078 692 1183 745 ὅσα
1211 692 1438 760 δνόμος
1474 693 1569 746 καὶ
1598 692 1649 745 οἱ
1682 691 1963 764 προφῆται

382 779 716 850 προέφηναν,
746 781 1106 851 ὁμολογοῦσι;
1136 781 1261 836 τινά
1297 783 1356 835 δὲ
1409 784 1503 837 καὶ
1537 781 1882 853 πλανώμενοι
1917 781 1963 812 ⁸⁷

383 870 662 941 νομίζουσι
690 889 703 901 ·
723 873 935 940 γένεσιν
965 875 1063 943 μὲν
1096 875 1390 947 γάραὺτοῦ
1422 875 1687 945 ἐσομένην
1715 874 1966 940 λέγουσιν

381 960 448 1013 ἐκ
471 960 663 1028 γένους
700 960 903 1026 Δαϐὶδ,
938 961 1051 1014 ἀλλ’
1087 963 1189 1014 οὐκ
1235 964 1301 1015 ὲκ
1347 962 1630 1033 Παρθένου
1672 962 1769 1015 καὶ
1808 960 1966 1028 ἁγίου

382 1053 702 1123 Πνεύματος
721 1094 736 1119 ,
767 1053 883 1106 ἀλλ’
914 1056 980 1107 ὲκ
1012 1054 1275 1124 γυναικὸς
1319 1055 1416 1108 καὶ
1446 1054 1660 1125 ἀνδρὸς,
1696 1053 1774 1116 ὼς
1800 1054 1967 1106 πᾶσιν

383 1143 508 1213 ὄρος
547 1144 840 1210 γεννᾶσθαι
873 1144 921 1175 ⁸⁸
949 1146 1015 1198 ἐκ
1049 1145 1386 1215 σπέρματος.
1442 1144 1744 1213 φάσκοντες
1780 1143 1968 1197 τοῦτον

385 1232 644 1301 ἐσόμενον
679 1232 905 1303 βασιλέα
941 1235 1026 1287 ἐπ’
1054 1236 1279 1298 αὐτοὺς,
1316 1235 1489 1305 ἄνδρα
1519 1233 1851 1305 πολεμιστὴν
1874 1232 1969 1286 καὶ

384 1324 627 1389 δυνατὸν,
681 1325 741 1387 ὃς
799 1326 1133 1392 ὲπισυνάξας
1190 1326 1252 1378 τὸ
1299 1328 1408 1380 πᾶν
1459 1325 1612 1388 ἔθνος
1674 1324 1966 1388 Ἰουδαίων,

387 1413 565 1467 πάντα
596 1414 666 1467 τά
712 1415 838 1487 ἔθνη
882 1416 1237 1489 πολεμήσας,
1292 1417 1592 1486 ἀναστήσει
1643 1415 1827 1478 αὐτοῖς
1872 1414 1969 1484 τὴν

400 1504 760 1575 Ἰερουσαλὴμ
787 1506 941 1559 πόλιν
971 1506 1245 1577 βασιλίδα,
1271 1509 1352 1569 εἱς
1374 1507 1440 1578 ἢν
1472 1507 1789 1573 ἐπισυνάξει
1823 1505 1969 1559 ἅπαν

390 1596 451 1650 τὸ
476 1595 651 1661 ἔθνος,
681 1598 776 1650 καὶ
808 1597 972 1652 πάλιν
1004 1601 1098 1652 ἐπὶ
1121 1600 1189 1651 τὰ
1211 1600 1413 1669 ἀρχαῖα
1448 1597 1546 1669 ἔθη
1585 1597 1971 1667 ἀποκαταστή-

395 1703 477 1740 σει
516 1687 803 1757 βασιλεῦον
846 1688 942 1741 καὶ
975 1690 1255 1760 ἱερατεῦον
1304 1691 1399 1744 καὶ
1444 1689 1737 1743 κατοικοῦν
1771 1692 1830 1742 ἐν
1868 1705 1970 1741 πε-

393 1778 650 1847 ποιθήσει
702 1781 760 1831 ὲν
801 1779 1014 1850 χρόνοις
1059 1782 1302 1844 ἱκανοῖς·
1356 1779 1549 1835 ἔπειτα
1602 1780 1970 1847 ὲπαναστῆναι

2066 611 2189 653 esse
2242 595 2430 659 alium,
2487 590 2579 659 qni
2631 590 2867 642 nondum
2911 597 3109 654 exstet,
3149 588 3202 642 in
3249 602 3409 657 quem
3453 589 3651 645 cadere

2067 690 2220 757 signa
2250 700 2317 739 ex
2349 693 2526 755 parte,
2557 689 2824 751 quotquot
2864 679 2948 733 lex
2998 690 3054 733 et
3087 680 3365 748 propheta:
3391 695 3653 748 praemon-

2068 785 2404 838 straverunt,
2450 773 2804 834 confitentur,
2853 770 3036 838 aliqua
3068 781 3249 823 autem
3282 770 3445 824 etiam
3493 787 3649 825 errao

2069 866 2231 922 bundi
2264 867 2587 936 opinantur;
2618 878 2853 932 namque
2892 862 3301 931 generationem
3347 863 3465 931 ejus
3507 863 3655 916 fntn-

2070 973 2188 1013 ram
2211 973 2337 1012 esse
2378 958 2572 1012 dicunt
2594 971 2657 1010 ex
2682 969 2880 1026 genere
2904 954 3093 1019 David,
3123 969 3226 1007 non
3265 963 3442 1008 autem
3470 970 3500 1009 e
3532 953 3653 1007 Vir-

2069 1048 2194 1117 gine
2236 1057 2291 1102 et
2326 1046 2532 1116 Spiritu
2579 1053 2793 1110 sancto,
2830 1043 2926 1097 sed
2960 1058 2991 1096 e
3042 1042 3272 1098 muliere
3302 1052 3356 1097 et
3388 1044 3525 1110 viro,
3573 1044 3652 1099 si-

2070 1139 2179 1194 cuti
2212 1138 2466 1192 omnibus
2502 1135 2781 1190 deﬁnitum
2812 1134 2883 1189 sit
2913 1135 3160 1206 generari
3195 1149 3261 1189 ex
3296 1135 3525 1199 semine,
3575 1136 3654 1187 fa-

2072 1238 2249 1284 tentes
2289 1230 2432 1282 hunc
2456 1226 2699 1297 futurum
2728 1241 2847 1281 esse
2876 1241 3055 1294 regem
3087 1240 3250 1294 super
3283 1226 3448 1294 ipsos,
3480 1226 3653 1279 virum

2069 1316 2484 1385 belligerantem
2526 1330 2590 1368 ac
2624 1324 2919 1384 potentem,
2953 1313 3066 1382 qui,
3103 1313 3193 1367 ubi
3236 1314 3655 1390 con‘gregaverit

2070 1408 2386 1461 universum
2434 1405 2691 1475 populum
2732 1402 3042 1458 Judteorum
3091 1418 3392 1473 omnesque
3430 1405 3655 1474 populos

2073 1497 2211 1554 bello
2247 1507 2564 1567 persecutus
2587 1494 2773 1562 fuerit,
2810 1495 3139 1549 instaurahit
3172 1496 3240 1551 iis
3280 1496 3656 1568 Hierosolyma

2072 1593 2258 1645 urbem
2298 1590 2521 1659 regiam,
2562 1590 2614 1642 in
2652 1604 2813 1657 quant
2839 1587 3194 1658 congregabit
3223 1588 3537 1644 universum
3565 1605 3657 1659 po-

2073 1680 2255 1750 pulum
2285 1690 2339 1734 et
2370 1694 2561 1733 rursus
2609 1679 2675 1731 ad
2705 1678 2914 1746 priscos
2945 1694 3126 1734 mores
3168 1680 3390 1734 reducet
3431 1678 3658 1749 fungen-

2075 1778 2183 1823 tem
2232 1771 2382 1841 regio
2406 1780 2460 1824 et
2504 1770 2827 1825 sacerdotali
2871 1786 3095 1827 munere
3129 1782 3187 1825 et
3231 1771 3570 1825 habitantem
3604 1771 3657 1823 in

390 1869 512 1921 κατ’
552 1869 730 1923 αὐτῶν
762 1871 998 1941 πόλεμον
1044 1872 1509 1951 ἐπισυναχθέντων
1538 1888 1553 1903 ·
1587 1874 1647 1925 ὲν
1672 1872 1867 1942 ἐκείνῳ
1896 1870 1975 1942 τῷ

2078 1861 2409 1917 conﬁdentia
2453 1878 2551 1932 per
2588 1864 2720 1917 satis
2755 1862 2915 1933 longa
2947 1871 3223 1933 tempora;
3259 1871 3371 1916 tum
3419 1862 3660 1914 insurre-

393 1960 619 2031 πολέμῳ
650 1965 839 2015 πεσεῖν
891 1963 984 2016 τὸν
1028 1964 1263 2034 Χριστὸν
1302 1965 1361 2016 ὲν
1396 1964 1646 2036 μαχαίρῃ
1677 1963 1746 2027 θ’,
1782 1962 1975 2016 ἔπειτα

403 2052 523 2124 μετ’
574 2055 635 2106 οὐ
690 2055 826 2108 πολὺ
865 2056 964 2126 τὴν
1017 2057 1336 2111 συντέλειαν
1378 2057 1473 2109 καὶ
1514 2055 1834 2127 ἐκπύρωσιν
1876 2053 1974 2107 τοῦ

295 2181 317 2191 ο
395 2146 595 2209 παντὸς
621 2146 933 2215 ἐπιστῆναι.
963 2148 1059 2201 καὶ
1092 2146 1265 2211 οὕτως
1294 2148 1361 2201 τὰ
1396 2148 1524 2219 περὶ
1551 2147 1651 2218 τὴν
1680 2146 1976 2202 ἀνάστασιν

395 2226 757 2305 Ιδοξοίζόμενα
794 2236 1227 2307 ἐπιτελεσθῆναι.
1262 2239 1359 2301 τάς
1384 2254 1443 2291 τε
1486 2236 1722 2307 ἀμοιϐὰς
1759 2236 1977 2306 ἑκάστῳ

395 2327 540 2379 κατά
566 2327 636 2381 τὰ
665 2328 1028 2397 πεπραγμένα
1058 2328 1411 2399 ἀποδοθῆναι.

452 2524 568 2579 λα’.
604 2527 763 2578 Δοκεῖ
806 2526 907 2595 μὲν
945 2527 1080 2595 ἡμῖν
1117 2525 1316 2589 ἱκανῶς
1343 2524 1416 2579 τὰ
1446 2525 1663 2580 πάντων
1709 2525 1979 2597 Ἐλλήνων

396 2633 456 2671 τε
505 2615 599 2669 καὶ
638 2615 934 2687 βαρϐάρων
962 2617 1212 2687 δόγματα
1251 2616 1594 2670 ὲκτεθεῖσθαι
1631 2618 1673 2683 ⁸,
1720 2617 1888 2688 μηδὲν
1920 2618 1979 2671 δὲ

396 2706 814 2761 ἀπολελοιπέναι
846 2706 866 2736 ²
907 2705 1044 2777 μήτε
1080 2704 1159 2777 [ρ.
1192 2706 1322 2770 509,
1352 2704 1485 2779 510]
1515 2705 1626 2760 τῶν
1652 2706 1981 2777 φιλοσοφου-

402 2799 580 2869 μένων
607 2800 743 2869 μήτε
772 2800 881 2850 τῶν
902 2798 1007 2850 ὑπὸ
1035 2798 1332 2870 αἱρετικῶν
1370 2797 1783 2871 φ[ασκο]μένων
1813 2799 1836 2830 ³
1885 2799 1984 2855 ἀν-

403 2887 737 2953 απόδεικτον,
773 2882 854 2950 οἷς
901 2886 961 2952 ἐξ
986 2886 1169 2939 αὐτῶν
1201 2886 1312 2949 τῷν
1359 2887 1694 2941 ἐκτεθέντων
1747 2887 1985 2962 φανερὸς

396 2979 689 3046 γεγένηται
721 2979 748 3029 ὁ
777 2977 999 3047 ἐλεγχος
1030 2977 1065 3048 ἢ
1097 2976 1616 3048 κλεψιλογησάντων
1638 2979 1673 3049 ἦ
1694 2996 1820 3032 τινα
1848 2981 1981 3051 ερα-

399 3070 705 3139 νισαμένων
742 3068 882 3121 αὺτά
913 3067 984 3120 τά
1011 3066 1114 3120 ὑπὸ
1171 3067 1442 3139 Ἑλλήνων
1476 3069 1829 3140 πεπονημένα
1874 3086 1983 3123 πα-

405 3157 718 3228 ραθεμένων
758 3157 833 3221 ὡς
867 3156 1008 3213 θεῖα.
1052 3159 1154 3212 Διά
1202 3159 1423 3214 πάντων
1453 3154 1548 3213 οὖν
1589 3160 1983 3230 διαδραμόντες

403 3250 501 3303 καὶ
542 3251 683 3319 μετὰ
724 3248 922 3302 πολλοῦ
959 3249 1124 3303 πόνου
1159 3251 1218 3303 ἐν
1253 3252 1377 3314 ταῖς
1417 3250 1576 3305 ἐννέα
1628 3250 1832 3321 βίϐλοις
1861 3249 1884 3281 ι
1911 3251 1983 3305 τὰ

404 3339 585 3393 πάντα
610 3339 862 3410 δόγματα
892 3339 1238 3408 ὲξειπόντες,
1272 3340 1410 3393 πᾶσι
1438 3357 1499 3393 τε
1553 3340 1863 3411 ἀνθρώποις
1887 3342 1986 3409 ιφ-

405 3432 548 3486 όδιον
578 3434 640 3485 ὲν
662 3431 762 3502 βίῳ
797 3431 993 3502 μικρὸν
1018 3431 1435 3497 καταλιπόντες,
1458 3432 1554 3485 καὶ
1582 3436 1694 3497 τοῖς
1714 3432 1982 3504 παροῦσιν

404 3523 505 3576 οὐκ
559 3519 745 3592 ὀλίγης
792 3521 813 3554 ⁸
855 3523 1040 3594 χαρᾶς
1078 3523 1174 3576 καὶ
1240 3523 1506 3593 θυμηδίας
1560 3524 1580 3556 ⁸
1628 3522 1984 3594 φιλομάθειαν

404 3613 800 3684 παρασχόντες,
829 3612 1055 3683 εὔλογον
1082 3613 1576 3687 ⁴ιἰγούμ.εθα,ιῖι’›σπερ
1608 3615 1857 3687 κορυφὴν
1884 3615 1981 3669 τοῦ

407 3699 608 3763 παντὸς
642 3698 784 3772 [τὸν]
817 3701 836 3732 ⁷
874 3703 1006 3772 περὶ
1049 3701 1309 3773 ἀληθείας
1347 3702 1506 3771 λόγον
1528 3703 1843 3771 ἐπενέγκαι,
1887 3703 1984 3756 καὶ⁵

403 3789 595 3844 τοῦτον
622 3793 681 3844 ὲν
713 3793 815 3863 μιᾷ
842 3791 1011 3864 βίϐλῳ
1045 3796 1111 3863 τῇ
1139 3794 1347 3868 δεκάτῃ
1380 3794 1754 3866 περιγράψαι,
1777 3796 1927 3859 ὅπως
1959 3796 1989 3849 ό

411 3880 762 3952 ἐντυγχάνων
799 3881 875 3952 μὴ
899 3882 1063 3953 μόνον
1086 3884 1404 3956 ἀνατροπὴν
1425 3885 1533 3938 τῶν
1570 3884 1988 3956 τετολμηκότων

410 3970 649 4041 αἱρέσεις
706 3973 1082 4042 συστήσασθαι
1125 3975 1386 4042 ἐπιγνοὺς
1435 3976 1835 4046 καταφρονήσῃ
1878 3975 1988 4028 τῶν

411 4057 679 4127 ματαίων.
712 4058 849 4112 ἀλλά
883 4059 980 4112 xal.
1027 4061 1126 4130 τὴν
1161 4060 1263 4129 τῆς
1308 4060 1573 4130 ἀληθείας
1605 4061 1839 4131 δύναμιν
1865 4065 1990 4115 ἑπι-

407 4149 573 4218 γνοὺς
602 4148 770 4213 ἀξίως
800 4148 921 4221 θεῷ
950 4150 1250 4214 πιστεύσας
1285 4150 1525 4222 σωθῆναι
1554 4151 1778 4225 δυνηθῇ.
1811 4154 1826 4224 ι

2077 1964 2290 2008 cturum
2318 1968 2438 2009 esse
2469 1953 2665 2009 bellum
2691 1963 2885 2008 contra
2913 1969 3008 2009 eos
3043 1962 3435 2024 congregatos;
3474 1952 3527 2005 in
3566 1951 3660 2005 illo

2062 2034 2218 2099 bello
2260 2059 2517 2100 casurum
2565 2059 2686 2101 esse
2738 2043 3016 2099 Christum
3067 2059 3169 2114 per
3217 2043 3484 2113 gladium;
3541 2051 3655 2097 tum

2080 2136 2222 2190 haud
2255 2136 2328 2191 ita
2374 2137 2545 2192 multo
2593 2147 2715 2207 post
2743 2150 3122 2192 successuram
3156 2150 3280 2191 esse
3316 2149 3664 2190 consumma-

2081 2226 2282 2280 tionem
2322 2239 2386 2280 ac
2435 2225 2879 2297 deﬂagrationem
2923 2225 3189 2289 universi,
3223 2234 3280 2280 et
3324 2226 3397 2278 ita
3449 2239 3569 2292 qua:
3594 2224 3662 2276 de

2078 2316 2479 2370 resurrectione
2504 2317 2799 2384 opinantur
2823 2317 3119 2384 perfectum
3144 2316 3237 2381 iri,
3270 2314 3660 2382 mercedcsque

2079 2406 2277 2475 cuique
2306 2416 2468 2476 prout
2491 2409 2663 2479 egerit
2691 2409 2948 2463 tributum
2984 2409 3073 2463 iri.

2151 2520 2242 2574 '51.
2284 2519 2549 2575 Videntur
2590 2522 2748 2576 nobis
2789 2519 3120 2575 sullicienter
3140 2523 3380 2576 omnium
3410 2531 3465 2576 et
3506 2520 3661 2576 Grae-

2081 2626 2269 2667 corum
2290 2620 2347 2667 et
2381 2612 2738 2667 Barba‘rorum
2764 2612 2957 2682 placita
2984 2629 3104 2669 esse
3125 2615 3390 2683 exposita,
3422 2614 3661 2682 nihilqnn

2084 2704 2412 2759 remansisse
2470 2704 2809 2760 irrel‘ntatnm
2853 2704 3209 2777 ‘94-‘95
3258 2721 3430 2775 neque
3486 2706 3664 2775 philo-

2083 2796 2543 2864 sophumenorum
2598 2812 2775 2865 neque
2821 2812 3046 2862 eorum,
3103 2813 3223 2865 qua:
3275 2797 3343 2851 ab
3397 2798 3663 2853 haereticis

2083 2888 2228 2945 dicta
2303 2899 2467 2954 sunt,
2531 2889 2622 2957 qui
2692 2903 2757 2943 ex
2847 2888 2978 2957 ipsis
3049 2887 3311 2957 expositis
3376 2886 3665 2943 manifeste

2083 2980 2261 3048 arguti,
2324 2989 2453 3034 sunt
2499 2979 2585 3035 vel
2647 2978 2933 3048 expilando
2998 2978 3079 3032 vel
3151 2977 3395 3046 quaedam
3477 2993 3663 3032 corro-

2084 3069 2261 3137 gando
2321 3083 2385 3124 ea
2444 3069 2598 3138 ipsa,
2650 3084 2770 3138 qua;
2816 3085 2845 3122 a
2900 3068 3104 3124 Graecis
3163 3069 3439 3123 elaborata
3497 3079 3659 3133 sunt,

2010 3190 2053 3248 ρ
2084 3159 2429 3228 proposuisse
2473 3168 2731 3229 tanquam
2775 3160 2976 3213 divina.
3032 3159 3324 3229 Postquam
3358 3159 3522 3229 igitur
3564 3173 3662 3227 per

2088 3250 2270 3304 omnia
2320 3251 2688 3319 percurrimus
2735 3260 2790 3305 et
2836 3266 3031 3321 magno
3089 3251 3277 3305 labore
3330 3265 3526 3305 novem
3579 3251 3664 3305 his

2086 3339 2243 3395 libris
2268 3341 2449 3395 omnia
2479 3342 2673 3411 placita
2711 3341 3003 3409 ediximus,
3039 3342 3400 3412 omnibusque
3432 3342 3665 3397 homini-

2086 3430 2192 3486 bus
2231 3446 2457 3500 parvum
2491 3432 2546 3486 in
2596 3431 2702 3487 vita
2740 3433 2996 3486 viaticum
3046 3433 3386 3502 reliquimus,
3433 3443 3489 3486 et
3529 3447 3661 3502 prae-

2087 3522 2333 3577 sentibus
2379 3521 2522 3576 haud
2559 3537 2739 3593 parva:
2786 3523 2990 3578 laetitiae
3036 3533 3091 3579 et
3132 3524 3512 3580 oblectationis
3560 3534 3664 3579 stu-

2089 3614 2236 3671 dium
2280 3614 2525 3670 discendi
2571 3616 2918 3685 praebuimus,
2957 3618 3297 3672 commodum
3336 3618 3664 3672 arbitrantur

2094 3712 2347 3773 tanquam
2374 3702 2647 3775 fastigium
2676 3706 2839 3761 totius
2868 3706 3051 3775 operis
3073 3723 3381 3764 sermonem
3415 3711 3481 3764 de
3518 3711 3663 3765 veri-

2091 3802 2197 3850 tate
2224 3792 2423 3850 afferre
2457 3810 2692 3864 eumque
2716 3797 2770 3850 in
2804 3812 2913 3853 uno
2945 3798 3084 3854 libro
3111 3800 3324 3855 decimo
3360 3801 3660 3863 delineare,

2089 3897 2150 3941 ut
2188 3886 2357 3942 lector
2388 3900 2495 3940 non
2536 3886 2710 3941 solum
2752 3903 2875 3942 cum
2910 3888 3293 3944 refutationem
3351 3904 3538 3945 eorum
3569 3894 3663 3961 qui

2090 3977 2325 4033 haereses
2355 3974 2592 4030 condere
2616 3976 2733 4031 ausi
2760 3986 2907 4040 sunt,
2933 3981 3268 4045 cognoverit,
3299 3980 3475 4034 inania
3507 3996 3664 4053 sper-

2092 4074 2206 4132 nat,
2236 4066 2329 4121 sed
2365 4064 2558 4131 etiam,
2586 4080 2707 4121 cum
2736 4066 2983 4122 veritatis
3009 4070 3115 4123 vim
3144 4072 3476 4141 cognoverit,
3506 4073 3665 4145 digne

2105 4156 2193 4211 ubi
2219 4154 2330 4211 Deo
2345 4153 2663 4224 crediderit,
2702 4155 2899 4212 salvari
2925 4160 3115 4229 possit.

1672 4371 1905 4429 VARLE
1943 4371 2344 4433 LECTIONES.

414 4617 666 4700 γώιεειοι-
704 4617 1066 4700 ,πλανξδμξνοι
1108 4618 1173 4700 .C-
1344 4617 1605 4700 γεγᾶσθειέ

412 4688 809 4741 ἀπολελυπέναι
842 4688 917 4753 0.
936 4688 1352 4742 ἀπολελειπέναι
1376 4689 1446 4743 ill.

417 4773 596 4827 rarum
636 4775 671 4827 α
699 4770 749 4812 et
782 4774 836 4811 κ.
876 4758 945 4812 Μ.
1021 4767 1043 4789 ⁸
1070 4759 1189 4821 ταῖς
1237 4759 1396 4813 ἐννέα
1445 4757 1663 4827 βίϐλοις.
1694 4762 1808 4823 τοῖς
1834 4757 1993 4817 ἐννέα

414 4824 614 4895 ὀλίγοις
645 4826 706 4891 C.
742 4828 810 4882 Μ.
880 4828 902 4858 ⁶
931 4827 1181 4898 θυμιδίας
1214 4829 1276 4883 C.
1389 4829 1406 4859 ⁷
1442 4824 1535 4881 τὸν
1565 4830 1688 4885 add.
1714 4828 1786 4881 M.

736 5857 1005 5917 PATROL.
1054 5857 1168 5917 Gn.
1217 5855 1371 5918 XVI.

504 4549 553 4580 "
582 4549 664 4611 είς
700 4548 762 4601 ὃν
783 4548 888 4633 τάκ
911 4550 993 4614 εἱς
1017 4548 1150 4603 ὄντα
1177 4547 1243 4616 C,
1272 4548 1345 4603 Μ.
1416 4550 1465 4583 ’⁸
1491 4552 1556 4604 ὲκ
1588 4549 1813 4676 μὲρους.
1848 4551 2133 4610 Exciditne
2160 4556 2479 4611 vocabulum
2524 4560 2893 4634 ἀναφέρεσθαι
2934 4564 3018 4619 vel
3047 4564 3152 4621 tale
3182 4564 3351 4636 quid?
3410 4606 3413 4609 -
3456 4567 3502 4599 "
3529 4566 3667 4621 πλα-

504 4635 666 4673 αενοι.
714 4618 1066 4676 πλανωμενον
1110 4618 1173 4674 C.
1266 4621 1313 4653 ”
1344 4619 1605 4676 γενᾶσθαι
1679 4662 1691 4676 .
1811 4622 1856 4654 ⁸⁸
1891 4624 2158 4676 navatam
2200 4626 2480 4676 ααναὶοαῖ
2587 4631 2604 4662 ι
2638 4632 2964 4676 ὲκτεθυῖισθαι
2998 4633 3060 4676 n-
3174 4639 3195 4667 ί
3228 4635 3657 4676 ἀρηλεληνπιυη

1542 4638 1605 4721 ιιι
1811 4626 1856 4654 ⁸⁸
1890 4626 2158 4697 μαχαίρῃ.
2198 4626 2480 4698 μαχαίρᾳῖ
2587 4631 2604 4662 ³
2638 4626 2965 4703 ἐκτεθῆσθαι
2998 4633 3062 4691 C.
3174 4626 3661 4691 ¹’ἀπολελοιπέναι.

1542 4760 1556 4777 κ
1577 4689 1815 4777 latter-fc
1836 4697 2361 4777 stipplet‘m‘l‘acunlam
2390 4707 2582 4777 exacte
2610 4701 2892 4777 implent;
2919 4716 3216 4777 supersunt
3247 4708 3471 4777 vestigia
3514 4710 3661 4763 litte-

2033 4763 2236 4835 βίϐλοις
2259 4763 2323 4834 C,
2354 4766 2438 4822 vel
2466 4770 2581 4833 τοῖς
2606 4763 2762 4825 ἑννέα
2789 4763 3035 4842 βιϐλίοις.
3110 4777 3132 4809 ⁸
3150 4777 3337 4848 ὀλίγης
3362 4763 3660 4848 ιῖοεροτυε,

3174 4635 3213 4667 ’ί
3228 4635 3662 4691 ἀπολελοιπέναι.

3238 5867 3354 5929 108
