4104 6366
299 344 437 407 3-42Ἷ

1433 349 1733 411 CONTRA
1770 348 2136 409 HEHESES
2174 350 2320 410 LIB.
2361 349 2433 410 X.

3411 347 3549 412 3423

301 464 395 513 mi.
435 462 743 533 ἀπεράντου
789 463 1071 535 δυνάμεως
1092 477 1106 493 ⁸
1151 462 1247 517 ἐὰν
1280 430 1540 535 δὲίμείνῃ
1569 463 1797 532 δυνάμει
1827 464 1873 495 ⁸⁰

1982 476 2131 535 parte
2163 465 2390 521 inferior
2422 479 2585 535 quam
2623 480 2727 520 non
2756 473 3011 536 generata
3050 465 3138 520 illa
3161 475 3216 522 et
3244 466 3550 521 immutabi-

304 549 465 618 μόνον
487 552 544 604 ὲν
571 554 690 615 ταῖς
710 551 769 617 ἓξ
791 551 1052 622 δυνάμεσι
1075 552 1172 605 καὶ
1196 550 1269 622 μὴ
1294 550 1654 621 ὲξεικονισθῇ,
1682 551 1876 620 ἀφανί-

300 642 474 707 ζεται,
512 643 675 714 φησι,
712 646 807 698 καὶ
832 644 1127 700 ἀπόλλυται
1155 644 1327 709 οὕτως
1377 645 1452 710 ὡς
1499 646 1533 715 ἡ
1576 644 1804 714 δύναμις
1840 646 1873 714 ἡ

302 736 665 805 γραμματικὴ
705 736 737 806 ἢ
779 735 1127 808 γεωμετρικὴ
1174 734 1277 809 [ὲν]
1315 735 1358 767 ⁸¹
1402 735 1696 807 ἀνθρώπου
1728 735 1872 806 ψυχῇ

304 826 594 897 ὑπάρξασα
612 827 657 859 δ’
720 829 795 899 μὴ
850 828 1235 899 προσλαϐοῦσα
1282 828 1533 900 τεχνίτην
1587 827 1682 881 τὸν
1729 827 1877 881 διδά-

304 915 468 980 ξαντα
489 919 557 973 δ³.
585 919 753 973 Αὑτὸν
773 918 820 951 ⁸⁸
835 919 891 987 δὲ,
914 915 1053 975 εἶναι
1073 921 1102 973 ὁ
1123 920 1304 991 Σίμων
1329 919 1479 987 λέγει
1505 919 1599 973 τὸν
1628 917 1864 984 ἑστῶτα,

306 1007 531 1071 στάντα,
546 1008 892 1079 στησόμενον,
910 1007 1038 1061 ὅντα
1062 1007 1292 1080 δύναμιν
1312 1007 1411 1078 τὴν
1430 1007 1572 1079 ὑπὲρ
1591 1006 1658 1060 τὰ
1676 1005 1873 1060 πάντα.

304 1096 492 1152 Ταῦτα
518 1098 698 1153 τοίνυν
727 1100 820 1153 καὶ
850 1100 880 1152 ὁ
906 1099 1111 1171 Σίμων.

375 1279 465 1341 ιγ’.
509 1272 568 1326 Ὀ
601 1272 657 1327 δὲ
691 1258 1043 1336 Οὑαλεντῖνος
1093 1272 1140 1305 ⁵⁸
1169 1272 1264 1326 καὶ
1315 1273 1364 1325 οὶ
1395 1270 1505 1325 ἀπὸ
1552 1270 1653 1341 τῆς
1685 1272 1875 1325 τούτου

306 1364 503 1434 σχολῆς
527 1361 667 1419 εἴναι
697 1365 918 1433 λέγουσι
947 1364 1045 1436 τὴν
1072 1364 1165 1418 τοῦ
1198 1363 1401 1427 παντὸς
1427 1362 1603 1435 ἀρχὴν
1634 1363 1878 1436 Πατέρα,

305 1453 400 1505 καὶ
427 1452 645 1524 ἐναντίᾳ
673 1453 729 1506 δὲ
763 1452 890 1525 δόξῃ
921 1453 1346 1524 προσφέρονται.
1383 1453 1448 1505 0i
1507 1452 1607 1521 μὲν
1634 1451 1743 1521 γάρ
1780 1452 1877 1504 αὑ-

303 1542 413 1596 τῶν
469 1543 630 1612 μόνον
660 1539 798 1598 εἶναι
856 1543 952 1596 καὶ
984 1543 1324 1614 γεννητικὸν,
1379 1543 1428 1594 οἱ
1480 1543 1536 1595 δὲ
1600 1541 1878 1606 ἀδυνάτως

306 1630 451 1701 ἔχειν
478 1633 673 1703 γεννᾷν
699 1633 828 1688 ἄνευ
865 1632 1085 1703 θηλείας
1105 1633 1198 1686 καὶ
1227 1627 1418 1685 τούτου
1453 1631 1684 1701 σύζυγον
1710 1649 1879 1703 προσ-

304 1724 517 1777 τιθέασι
552 1725 741 1795 Σιγὴν,
782 1724 953 1777 Βυθὸν
980 1725 1147 1778 αὑτὸν
1192 1725 1583 1795 ὀνομάσαντες.
1629 1725 1725 1778 Ἐκ
1752 1723 1877 1777 τού-

1981 556 2047 612 lis
2080 566 2135 612 et
2174 557 2380 612 infinita
2434 569 2710 627 potestas;
2747 559 2828 612 sin
2861 572 2991 610 vero
3037 558 3277 611 manebit
3306 558 3418 612 sola
3450 574 3550 627 po-

1982 658 2175 703 testate
2209 649 2259 701 in
2290 664 2382 702 sex
2428 649 2783 719 potestatibus
2815 657 2869 702 et
2902 662 3008 701 nou
3039 645 3360 715 eliigiabitur
3383 687 3398 711 ,
3424 662 3551 701 eva-

1981 741 2174 807 nescit,
2215 741 2423 809 inquit,
2456 750 2511 795 et
2551 742 2690 811 perit
2720 742 2790 794 ita
2828 749 2885 793 ut
2923 749 3160 809 potestas
3196 739 3548 810 grammatica

1983 829 2064 884 vel
2101 832 2429 899 geometrica
2487 830 2540 885 in
2596 831 2777 885 animo
2838 830 3075 885 hominis
3130 839 3389 894 exstaus,
3445 844 3547 882 non

1983 922 2175 990 adepta
2215 920 2474 975 artillcem
2512 920 2602 989 qui
2639 921 2851 975 doceat.
2896 919 2965 974 Se
2997 920 3171 990 ipsum
3203 928 3378 973 autem
3432 933 3552 972 esse

1983 1011 2168 1067 Simon
2199 1011 2333 1067 dicit
2376 1028 2497 1067 eum
2532 1011 2623 1081 qui
2681 1018 2827 1079 stat,
2864 1012 3053 1075 stetit,
3089 1010 3284 1074 stabit,
3333 1024 3451 1063 cum
3482 1010 3554 1062 sit

1980 1111 2223 1170 potestas
2255 1101 2340 1156 illa
2392 1116 2510 1171 qua:
2563 1111 2649 1156 est
2695 1117 2860 1171 super
2888 1102 3090 1156 omnia.
3142 1100 3265 1154 Haec
3314 1101 3472 1170 igitur
3500 1109 3555 1154 et

1985 1193 2193 1249 Simon.

2053 1284 2141 1338 15.
2181 1282 2497 1338 Valentinus
2543 1293 2723 1338 autem
2765 1293 2821 1338 et
2853 1285 2942 1353 qui
2976 1299 3097 1340 eum
3129 1293 3406 1339 sectantur
3435 1298 3556 1340 esse

1982 1377 2169 1432 dicunt
2206 1375 2580 1430 universarum
2627 1389 2807 1429 rerum
2856 1374 3178 1444 principium
3214 1376 3451 1439 Patrem,
3501 1376 3552 1428 in

1982 1468 2282 1524 contrarias
2312 1476 2489 1521 autem
2515 1465 2811 1520 sententias
2834 1464 3050 1519 abeunt.
3075 1465 3179 1519 Alii
3199 1466 3339 1519 enim
3362 1454 3552 1518 eorum

1983 1556 2157 1611 solum
2181 1570 2301 1610 esse
2323 1566 2373 1609 et
2397 1554 2682 1625 genitalem
2708 1551 2809 1623 (sc.
2841 1566 2962 1605 eum
2992 1553 3225 1623 putant),
3253 1553 3342 1605 alii
3374 1562 3552 1605 autem

1983 1661 2087 1702 non
2116 1662 2274 1716 posse
2307 1661 2569 1716 generare
2601 1645 2719 1700 sine
2765 1643 2984 1709 femina,
3015 1644 3239 1714 ejusque
3274 1644 3552 1714 c0njugetu

1985 1740 2187 1792 addunt
2222 1737 2405 1807 Sigeo,
2439 1737 2667 1808 Bythum
2706 1737 2877 1805 ipsum
2920 1735 3269 1803 appellantes.
3314 1734 3393 1787 Ex
3439 1734 3556 1802 ipso

306 1831 400 1866 του
430 1814 573 1878 τινὲς
617 1815 713 1869 καὶ
751 1815 852 1884 τῆς
886 1814 1122 1883 συζύγου
1156 1815 1425 1886 προϐολὰς
1478 1814 1763 1883 γεγονέναι
1796 1813 1874 1879 ἒξ.

1983 1830 2196 1897 quidam
2230 1831 2453 1900 ejusque
2475 1829 2698 1898 conjuge
2725 1828 3085 1899 projectioues
3117 1827 3285 1880 factas
3309 1841 3429 1880 esse
3461 1840 3556 1879 sex

306 1903 452 1959 Νοῦν
483 1906 579 1959 κα)⁵
621 1906 926 1976 Ἀλήθειαν,
979 1906 1154 1975 Λόγον
1202 1908 1298 1961 καὶ
1350 1906 1529 1976 Ζωὴν,
1558 1905 1878 1976 ’Ἄνθρωπον

309 1997 407 2050 καὶ
450 1995 797 2066 Ἐκκλησίαν,
822 1998 919 2051 καὶ
952 1992 1092 2050 εἶναι
1122 1996 1328 2066 ταύτην
1362 1995 1461 2065 τὴν
1486 1996 1715 2063 ὀγδοάδα
1738 2014 1882 2067 πρωο

305 2087 709 2158 τογενέτειραν·
754 2088 855 2151 τάς
909 2104 969 2141 τε
1001 2088 1152 2151 ἐντὸς
1204 2087 1295 2141 τοῦ
1335 2088 1502 2160 Ὀρου
1535 2087 1579 2120 ’⁵⁸
1611 2087 1881 2159 προϐολὰς

307 2178 678 2248 γεγενημένας
719 2179 881 2232 πάλιν
926 2179 1203 2233 καλεῖσθαι
1235 2181 1387 2244 ἐντὸς
1417 2180 1461 2212 ³⁷
1488 2179 1876 2251 πληρώματος,

306 2263 535 2337 δεύτερα
578 2266 636 2320 δὲ
668 2266 736 2343 τὰ
760 2268 919 2331 ἐκτὸς
953 2267 1344 2340 πληρώματος,
1386 2269 1481 2322 καὶ
1518 2268 1675 2340 τρίτα
1721 2270 1766 2301 ⁸⁸
1812 2268 1880 2322 τὰ

308 2360 464 2423 ἐκτὸς
479 2359 572 2414 τοῦ
587 2361 776 2432 Ὄρου,
798 2356 873 2415 ὧν
905 2364 934 2431 ἡ
960 2361 1211 2431 γέννησις
1232 2361 1290 2414 τὸ
1318 2362 1516 2431 ὑστέρη
1527 2379 1601 2431 μα
1620 2362 1875 2431 ὑπάρχει.

308 2452 383 2505 Τὸ
432 2454 490 2506 δὲ.
532 2453 693 2506 ἕκτου
750 2455 808 2508 ὲν
857 2455 1200 2525 ὑστερήματι
1253 2454 1651 2524 προϐληθέντος
1685 2453 1879 2516 αἰῶνος

311 2545 589 2612 γεγονέναι
629 2546 695 2607 ⁸⁸,
734 2547 829 2598 καὶ
860 2546 1050 2599 τοῦτον
1075 2542 1215 2599 εἶναι
1243 2546 1576 2616 δημιουργὸν
1605 2546 1774 2614 λέγει,
1805 2546 1879 2617 μὴ

310 2635 633 2705 βουλόμενος
671 2635 716 2667 ⁸ο
752 2635 915 2689 αὐτὸν
950 2636 1167 2706 πρῶτον
1217 2635 1358 2690 εἶναι
1387 2637 1530 2697 θεὸν,
1579 2636 1715 2690 ἀλλὰ
1752 2636 1878 2689 δυσ-

309 2727 505 2796 φημῶν
538 2744 592 2779 τε
627 2727 670 2758 ⁸³
712 2727 874 2781 αὑτὸν
924 2726 1020 2780 καὶ
1068 2727 1136 2780 τὰ
1166 2728 1257 2780 ὑπ’
1297 2725 1464 2780 αὑτοῦ
1506 2727 1876 2796 γεγενημένα,

306 2816 398 2869 τὸν
427 2817 484 2869 δὲ
515 2817 750 2887 Χριστὸν
797 2818 863 2871 ὲκ
891 2817 986 2869 τοῦ
1016 2818 1167 2882 ἐντὸς
1197 2817 1564 2888 πληρώματος
1590 2817 1881 2887 κατεληλυ-

312 2908 463 2962 θέναι
493 2909 587 2961 ἐπὶ
619 2909 862 2980 σωτηρίᾳ
893 2908 986 2961 τοῦ
1025 2909 1506 2978 ἀποπλανηθέντος
1548 2908 1876 2978 πνεύματος,

308 3000 339 3054 ὃ
372 3002 616 3053 κατοικεῖ
653 3001 697 3032 ³³
739 3003 797 3053 ὲν
834 2999 913 3070 τῷ
945 3000 1052 3053 ἔσω
1104 2999 1259 3070 ἡμῶν
1292 2997 1586 3068 ἀνθρώπῳ,
1622 2997 1680 3050 ὃν
1710 2999 1879 3062 σωζό-

311 3090 475 3161 μενόν
514 3109 647 3159 φασι
691 3091 884 3144 τούτου
934 3093 1093 3162 χάριν
1123 3091 1216 3144 τοῦ
1260 3089 1617 3153 ἐνοικοῦντος.
1671 3089 1781 3159 Τὴν
1822 3090 1879 3142 δὲ

316 3182 491 3249 σάρκα
524 3182 598 3250 μὴ
632 3180 900 3244 σώζεσθαι
950 3181 1114 3245 θέλει,
1147 3180 1473 3250 δερμάτινον
1502 3180 1704 3249 χιτῶνα
1740 3180 1875 3231 ἀπο-

308 3272 489 3327 καλῶν
508 3273 602 3326 καὶ
626 3272 918 3343 ἄνθρωπον
951 3272 1329 3343 φθειρόμενον.
1354 3270 1541 3325 Ταῦτα
1560 3272 1624 3339 ,ὲν
1646 3272 1879 3342 ἐπιτομῇ

310 3361 389 3432 [ρ.
421 3363 546 3418 3‘20.
594 3363 723 3436 3'21]
765 3364 1004 3429 ἐξεῖπον,
1070 3364 1271 3435 πολλῆς
1309 3363 1461 3433 εὖλης
1518 3364 1637 3417 κατ’
1687 3363 1883 3426 αὑτοὺς

307 3454 682 3525 τυγχανούσης
737 3457 832 3510 καὶ
899 3457 1176 3528 διαφόρων
1232 3455 1489 3527 γνωμῶν.
1546 3454 1735 3520 Οῦτως
1789 3451 1883 3509 οὖν

309 3545 457 3599 δοκεῖ
489 3548 584 3600 καλ⁵
612 3550 678 3619 τῇ
707 3548 1063 3601 Οὐαλεντίνου
1099 3549 1285 3618 σχολῇ.

385 3639 463 3693 ιδ’.
498 3639 816 3708 Βασιλείδης
839 3639 896 3692 δὲ
918 3640 964 3672 ⁵³
995 3640 1090 3694 καὶ
1116 3640 1278 3704 αὑτὸς
1313 3639 1361 3672 ⁸⁵
1402 3640 1548 3708 λέγει
1583 3635 1721 3692 εἶναι
1751 3638 1883 3693 Θεὸν

310 3730 410 3782 οὑκ
437 3730 603 3796 ὄντα,
654 3732 1019 3803 πεποιημένον
1069 3732 1274 3801 κόσμον
1322 3731 1383 3797 ἐξ
1415 3734 1515 3786 οὑκ
1570 3733 1739 3785 ὄντων
1783 3733 1884 3786 οὐκ

308 3819 437 3874 ὄντα
458 3820 526 3887 ⁸⁸,
563 3823 664 3874 οὑκ
697 3820 758 3875 ὃν
789 3822 1266 3893 καταϐαλλόμενον
1296 3823 1343 3854 ⁸⁸
1376 3840 1430 3876 τι
1474 3822 1717 3894 σπέρμα,
1752 3821 1883 3875 ὡσεὶ

308 3911 505 3965 κόκκον
547 3914 820 3977 σινάπεως
862 3914 907 3946 ⁸⁷
947 3914 1141 3984 ἔχοντα
1172 3916 1231 3967 ὲν
1280 3913 1461 3983 ἑαυτῷ
1507 3914 1571 3966 τὸ
1616 3913 1875 3983 πρέμνον,

306 4003 377 4056 τὰ
410 4003 604 4071 φύλλα,
632 4006 759 4066 τοὺς
783 4004 1033 4066 κλάδους,
1056 4005 1148 4057 τὸν
1174 4004 1409 4071 καρπὸν,
1442 4003 1476 4073 ἦ
1508 4004 1582 4064 ὡς
1614 4004 1719 4054 the»
1742 4002 1875 4055 ταοῦ

308 4095 429 4163 ἔχον
457 4093 504 4125 ⁸³
545 4095 602 4145 ὲν
636 4094 818 4162 ἑαυτῷ
843 4094 941 4163 τὴν
966 4093 1076 4145 τῶν
1104 4094 1412 4163 χρωμάτων
1445 4093 1697 4163 ποικίλην
1739 4092 1878 4162 πλη-

308 4184 407 4239 θύν
432 4199 446 4215 '
475 4184 571 4236 xui.
592 4183 751 4236 τοῦτο
785 4177 927 4235 εἶναί
950 4199 1083 4251 φασι
1106 4183 1152 4215 ⁸⁹
1186 4183 1249 4234 τὸ
1276 4182 1370 4235 τοῦ
1399 4183 1603 4252 κόσμου
1635 4182 1877 4251 σπέρμα,

307 4277 367 4342 ἐξ
397 4271 458 4330 οῦ
491 4277 558 4329 τὰ
597 4276 774 4329 πάντα
807 4275 1051 4343 γέγονεν.
1111 4274 1296 4344 Ἕχειν
1328 4274 1436 4344 γάρ
1481 4275 1537 4326 ὲν
1586 4273 1765 4343 ἐαυτῷ
1814 4272 1882 4326 τὰ

307 4370 489 4427 πάντα
516 4365 629 4422 οἷον
652 4368 752 4421 οὐκ
784 4367 915 4420 ὄντα
946 4367 992 4401 ⁶⁰
1028 4366 1132 4419 ὑπό
1158 4366 1266 4439 [τε]
1302 4368 1395 4420 τοῦ
1420 4369 1521 4421 ούκ
1559 4367 1712 4429 ὄντος
1741 4366 1876 4419 Θεοῦ

1984 1922 2214 1977 Mentem
2240 1931 2293 1976 et
2319 1921 2633 1985 Veritatem,
2662 1919 2868 1988 Logum
2925 1927 2979 1972 et
3024 1915 3227 1978 Vitam,
3272 1915 3554 1969 Hominem

1982 2023 2037 2070 et
2079 2013 2392 2077 Ecclesiam,
2428 2020 2485 2066 et
2524 2026 2643 2065 esse
2694 2012 2831 2064 hanc
2879 2007 3174 2076 ogdoatlem
3226 2005 3556 2074 primogeni-

1984 2106 2208 2172 trieem;
2261 2114 2318 2160 et
2372 2119 2487 2167 eas,
2534 2119 2653 2172 qua:
2686 2103 2827 2157 intra
2868 2100 3177 2155 Terminum
3238 2100 3558 2154 exStiterunt

1980 2195 2362 2266 projectiones,
2400 2211 2586 2250 rursus
2637 2192 2920 2263 appellari,
2954 2207 3016 2246 ea
3044 2207 3162 2262 quas
3190 2190 3334 2245 intus
3363 2190 3413 2242 in
3446 2188 3559 2257 ple-

1983 2300 2189 2342 romate
2238 2297 2383 2349 sunt,
2425 2288 2661 2340 secunda
2724 2298 2928 2349 autem,
2976 2300 3037 2337 ea
3069 2298 3189 2352 quae
3238 2291 3389 2336 extra
3440 2281 3556 2350 ple-

1983 2387 2244 2444 roma;et
2268 2379 2445 2438 tertia,
2474 2392 2535 2431 ea
2568 2392 2686 2445 quae
2741 2386 2891 2430 extra
2946 2372 3279 2437 Terminum,
3329 2385 3553 2440 quorum

1982 2471 2255 2540 generatio
2282 2471 2585 2541 hystcrcma
2614 2477 2791 2523 exstat
2831 2508 2846 2524 .
2891 2505 2907 2521 .
2945 2506 2960 2520 .
3005 2505 3021 2519 .
3064 2505 3080 2521 .
3126 2508 3139 2520 .
3185 2503 3200 2516 .
3245 2505 3258 2518 .
3302 2502 3318 2518 .
3362 2501 3378 2517 .
3417 2503 3432 2518 .
3477 2501 3492 2517 .
3537 2498 3553 2515 .

1981 2570 2034 2616 et
2066 2563 2205 2615 hunc
2239 2575 2358 2615 esse
2392 2561 2728 2628 demiurgum
2758 2559 2908 2624 dicit,
2942 2557 3128 2611 nolens
3166 2570 3288 2609 eum
3324 2554 3552 2623 primum

1980 2667 2100 2708 esse
2133 2653 2312 2716 deum,
2355 2651 2448 2705 sed
2486 2649 2815 2704 maledicens
2856 2657 2911 2702 et
2956 2647 3004 2703 ei
3038 2646 3197 2711 etiis,
3237 2660 3358 2716 qua:
3382 2644 3452 2698 ab
3486 2658 3550 2719 eo

1979 2742 2120 2797 facta
2155 2754 2282 2797 sunt
2312 2759 2328 2809 ;
2361 2742 2635 2796 Christum
2684 2750 2863 2794 autem
2918 2755 2984 2794 ex
3034 2740 3119 2804 iis,
3152 2753 3273 2807 qua:
3316 2737 3460 2789 intus
3501 2737 3552 2788 in

1982 2835 2275 2904 pleromate
2326 2841 2474 2897 sunt,
2507 2832 2850 2887 descendisse
2901 2834 2965 2886 ad
3019 2830 3332 2885 salvandum
3393 2827 3557 2894 spiri-

1982 2934 2116 2987 tum,
2145 2925 2237 2993 qui
2270 2923 2566 2987 aberravit,
2592 2922 2682 2990 qui
2723 2921 2932 2976 habitat
2983 2920 3035 2974 in
3084 2918 3327 2974 interiori
3373 2924 3556 2971 nostro

1982 3015 2220 3080 homine,
2251 3028 2409 3082 quem
2455 3012 2652 3068 salvari
2694 3011 2881 3066 dicunt
2933 3010 3155 3078 lmjusce
3183 3024 3304 3063 eum
3339 3006 3554 3061 inhabi-

1981 3105 2148 3159 tantis
2174 3104 2369 3174 gratia.
2406 3101 2638 3156 Carnem
2670 3110 2849 3155 autem
2875 3115 2980 3153 non
3008 3098 3205 3153 salvari
3232 3097 3366 3160 vult,
3398 3094 3554 3164 pelli-

1984 3196 2123 3251 ciam
2179 3195 2416 3249 tunicam
2446 3207 2566 3247 eam
2613 3193 2966 3246 deuominaus
3000 3201 3056 3245 et
3114 3189 3389 3244 hominem
3437 3201 3558 3256 per-

1983 3292 2224 3340 euntem.
2258 3282 2383 3337 Hzec
2427 3281 2737 3336 summatim
2786 3279 2978 3336 effatus
3033 3295 3177 3343 sum,
3213 3294 3331 3333 cum
3369 3291 3557 3346 magna

1984 3375 2338 3447 51E-515
2369 3375 2442 3430 sit
2479 3375 2736 3430 doctrinae
2780 3388 2967 3429 eorum
3018 3371 3243 3426 materia
3288 3370 3560 3437 variatque

1984 3468 2283 3522 sententiae.
2318 3464 2410 3521 Sic
2441 3466 2603 3536 igitur
2629 3465 2806 3535 placet
2838 3473 2890 3519 et
2924 3462 3194 3518 Valentini
3219 3460 3447 3529 Scholze.

2054 3646 2143 3700 14.
2173 3646 2438 3702 Basilides
2463 3654 2644 3699 autem
2678 3651 2732 3698 et
2762 3642 2877 3711 ipse
2911 3641 3043 3697 dicit
3069 3656 3191 3696 esse
3220 3640 3388 3694 Deum
3422 3654 3560 3693 non—

1959 3748 2186 3804 .entcm,
2241 3739 2333 3808 qui
2383 3738 2484 3793 sibi
2534 3739 2788 3791 mundum
2843 3736 3034 3791 fecerit
3083 3750 3150 3788 ex
3207 3733 3560 3793 non—entibus

1985 3838 2323 3891 non-entem,
2356 3843 2477 3881 cum
2513 3826 3023 3895 uon-ensdejccerit
3050 3838 3235 3879 semen
3262 3825 3558 3892 quoddam,

1984 3917 2148 3971 veluti
2179 3930 2405 3983 granum
2449 3915 2705 3982 sinapeos
2740 3914 2944 3967 habens
2975 3912 3027 3964 in
3060 3926 3118 3964 se
3158 3912 3270 3977 ipso
3316 3912 3558 3977 stirpem,

1986 4010 2133 4071 folia,
2172 4021 2373 4072 ramos,
2406 4005 2660 4067 fructum,
2691 4004 2772 4059 vel
2815 4004 2972 4057 sicuti
3016 4018 3175 4056 ovum
3205 4001 3430 4070 pavonis
3467 4002 3564 4054 ha-

1985 4097 2117 4150 bens
2150 4097 2201 4149 in
2235 4111 2294 4149 se
2320 4097 2435 4164 ipso
2461 4094 2700 4148 colorum
2728 4094 2932 4146 variam
2959 4093 3195 4161 copiam,
3227 4100 3279 4146 et
3306 4092 3409 4145 hoc
3438 4105 3564 4146 esse

1986 4188 2170 4242 dicunt
2220 4186 2403 4240 mundi
2445 4199 2653 4247 semen,
2687 4200 2751 4240 ex
2785 4200 2892 4253 quo
2960 4198 3048 4237 res
3098 4183 3364 4237 universa:
3396 4183 3564 4236 exsti-

1982 4287 2183 4333 terunt.
2226 4276 2436 4332 Habere
2470 4277 2612 4330 enim
2652 4276 2704 4330 in
2749 4290 2808 4330 se
2853 4275 2969 4343 ipso
3017 4275 3267 4328 universa
3301 4282 3558 4343 tanquam

1984 4371 2270 4425 non-entia
2299 4378 2355 4424 et
2383 4384 2411 4421 a
2439 4376 2704 4422 non-ente
2737 4369 2837 4421 deo
2864 4374 2920 4420 ut
2946 4366 3138 4420 ﬁerent
3166 4366 3559 4435 praemeditata.

305 4460 557 4530 γενέσθαι
600 4456 1127 4530 προϐεϐουλευμένα.
1173 4453 1282 4509 Ἦν
1316 4454 1429 4519 οὖν,
1469 4457 1656 4525 φασὶν,
1711 4455 1781 4518 θί,
1818 4456 1876 4507 ἐν

1983 4460 2109 4515 Fuit
2142 4461 2326 4530 igitur,
2350 4458 2622 4528 inquiunt,
2654 4457 2706 4510 in
2742 4457 2857 4526 ipso
2883 4456 3089 4511 semine
3134 4455 3328 4509 lilietas
3370 4455 3562 4522 triper-

307 4552 458 4623 αὑτῷ
491 4553 536 4586 ⁵³
567 4550 646 4621 τῷ
688 4551 963 4621 σπέρματι
986 4550 1172 4620 υίότης
1201 4550 1491 4621 τριμερὴς,
1530 4548 1673 4603 κατὰ
1703 4546 1882 4600 πάντα

1993 4546 2109 4611 tita,
2137 4562 2234 4615 per
2268 4548 2449 4601 omnia
2499 4544 2744 4599 non-enti
2786 4543 2896 4599 Deo
2928 4542 3428 4608 consubstantialis,
3463 4558 3558 4612 ge-

1583 4727 1821 4783 VARUE
1863 4726 2279 4782 LECTIONES.

376 4861 721 4933 δονδυνάμει.
788 4860 1020 4933 δύναμις
1077 4862 1139 4925 C.
1196 4862 1268 4918 Μ.
1334 4862 1418 4916 (If.
1454 4876 1633 4933 supra
1692 4880 1744 4932 p.
1803 4862 1930 4933 Ξιο,
1989 4865 2080 4920 Η.

2198 4864 2243 4897 ⁸³
2283 4865 2340 4917 ὲν
2384 4877 2494 4917 om.
2532 4861 2595 4918 C.
2707 4860 2753 4932 f'
2782 4859 3367 4932 ὑπάρξασα.ίὺπάρξαι
3392 4859 3455 4924 C,
3485 4857 3559 4919 Μ,

311 4932 403 5000 qui
442 4932 546 4987 hoc
578 4930 1095 4999 vocalinlum,'quod
1125 4946 1284 4999 supra
1316 4948 1418 4985 non
1452 4930 1959 4993 legatum—nostrum
1992 4936 2170 4989 locum
2203 4936 2421 4988 turbare
2460 4938 2659 4985 monet.
2700 4931 2748 4963 “
2773 4930 3078 5000 διδάξαντα.
3105 4930 3383 4996 διδάξοντα
3409 4944 3557 4997 susp.

307 5000 599 5067 Roeperus.
675 5000 722 5033 “
749 5002 941 5055 Αὐτόν.
968 5002 1140 5055 Αὑτὸν
1169 5002 1233 5069 C,
1260 5001 1328 5057 Μ.

309 5155 409 5194 nos
444 5142 605 5195 etiam
633 5142 696 5195 lt.
727 5140 945 5197 Scottus
975 5140 1232 5197 correiit.

308 5209 477 5273 νέναι,
512 5209 584 5263 'lo
604 5210 661 5263 δὲ
686 5210 844 5265 ἕκτον
882 5240 953 5250 -
976 5210 1259 5279 γεγονέναι
1290 5209 1362 5277 Μ,
1394 5211 1501 5265 Τοῦ
1529 5211 1587 5265 δὲ
1632 5213 1791 5276 ἐκτὸς
1814 5244 1885 5253 —

1435 5002 1481 5076 δί’
1513 5002 1595 5076 Cf.
1624 5003 2099 5076 qiuellippolytus
2133 5019 2290 5076 supra
2325 5019 2378 5076 p.
2404 5002 2521 5076 Ἤρ
2538 5017 2658 5076 sqq.
2691 4999 3488 5076 deValentjujanisﬂexposuit.
3531 5014 3561 5076 εξ

308 5071 512 5143 quibus
529 5087 655 5143 vero
679 5086 775 5143 eak,
813 5087 931 5139 qum
960 5072 1048 5125 hic
1087 5072 1373 5143 leguntur,
1404 5071 1690 5143 admodum
1721 5071 2052 5143 discrepant.

2156 5068 2209 5105 δέ
2240 5068 2391 5134 ἐντὸς
2427 5072 2523 5125 τοῦ
2563 5074 2711 5140 ὅρου.
2753 5070 2870 5134 ἐνὸς
2899 5070 2992 5124 τοῦ
3019 5070 3151 5140 Δὅρου
3180 5070 3245 5132 C,
3279 5069 3345 5121 M.
3392 5068 3560 5122 Sicuti

1327 5141 1371 5212 f'
1413 5142 1584 5212 ἐντός.
1622 5141 1692 5193 τὰ
1718 5143 1870 5206 ἐντὸς
1903 5138 2056 5212 susp.
2088 5143 2159 5199 Μ.
2226 5141 2279 5212 7"
2316 5142 2474 5211 τρίτα
2496 5157 2510 5171 ο
2541 5138 2669 5212 τρία
2696 5142 2760 5195 C.
2807 5141 2992 5212 “"1”
3010 5138 3066 5193 δὲ
3088 5140 3265 5212 Δέκτου
3300 5168 3371 5179 —-
3399 5153 3564 5205 γεγο-

1906 5209 2185 5282 γεγονέναι
2219 5211 2296 5282 Β.
2337 5209 2848 5282 Βοοιιιιεζιιιιον-Τὸ
2876 5209 2946 5282 δὲ
2977 5221 3039 5282 _et
3085 5209 3415 5282 Excou,_pro
3458 5221 3565 5273 quo

312 5280 433 5355 fort;
460 5282 523 5333 ὲκ
550 5279 644 5355 τοῦ
678 5276 1105 5355 lcgcutlttnt_es_t_.
1139 5281 1331 5355 lacuna
1351 5276 1354 5277 ⁷
1374 5297 1496 5355 esse
1524 5281 1757 5355 videtur.
1834 5284 1880 5315 '°
1912 5276 2251 5355 βουλόμενος.
2276 5280 2703 5355 βουλόμενον]νέ
2731 5279 2772 5334 C
2799 5278 3210 5355 etARLScottus.
3288 5276 3564 5355 ‘lﬁuacp'q-

309 5348 430 5449 ﬁdit)
452 5366 532 5449 ξε.
561 5347 845 5449 δύρφημύν
953 5347 1017 5413 C,
1040 5349 1113 5438 Μ,
1132 5350 1524 5449 ﬂuentiam?
1650 5349 1890 5439 Scottus.

336 5418 362 5491 ἦ
394 5420 488 5491 καλ
518 5419 697 5491 αὑτός.
727 5418 826 5491 ’καὶ
852 5420 966 5481 υίὸς
994 5418 1195 5491 αὑτοῦῖ
1249 5418 1393 5491 ’,νέξ
1433 5422 1534 5474 οὑκ
1565 5420 1734 5474 ὄντων
1773 5423 1872 5476 οὑκ
1898 5424 2054 5491 ὄντα,
2099 5423 2200 5475 οὑκ
2222 5419 2514 5491 κδν--σπέρ

2832 5350 2879 5415 ξ’
2906 5348 2987 5404 Cf.
3030 5364 3190 5416 supra
3222 5361 3272 5413 β·
3304 5345 3411 5416 556
3440 5360 3559 5413 sqq'

2002 5356 2048 5387 "
2074 5349 2337 5409 κατοικεῖ.
2392 5349 2620 5418 κατομεῖ
2636 5349 2727 5418 ρ,

2520 5414 2595 5489 μα
2634 5414 2966 5489 Uhlhornins
3008 5419 3042 5472 Ι.
3072 5414 3326 5489 ,1.κξξξούκ
3366 5414 3559 5489 ὄντων,

310 5487 411 5561 οὑκ
445 5487 595 5561 ὄντα,
622 5487 1145 5561 οὑκμῶνρτςσπέρμα
1170 5492 1230 5551 C.
1256 5490 1327 5546 M.
1355 5485 1424 5547 cf.
1460 5506 1622 5558 supra
1657 5506 1709 5557 ι).
1735 5492 1862 5555 558,
1892 5495 1947 5561 6,
1981 5485 2148 5557 7,]4,
2182 5490 2269 5545 l5.
2345 5490 2403 5561 ’ξ
2424 5485 2884 5561 καταϐαλόμενον.
2899 5486 3384 5561 Δξενίιυταϐοιλλεξμενον
3407 5485 3468 5561 C_,
3493 5485 3560 5535 Μ.

311 5557 358 5641 ξ’
391 5558 778 5641 ισυνάπεωςρ.
873 5559 919 5641 ξ’
945 5557 1086 5641 ἔχον.
1118 5559 1310 5641 ἔχοντα

1498 5562 1548 5633 ’Ἰ
1565 5562 1715 5633 φασί.
1747 5565 2053 5633 φησὶμδιιδι».
2100 5563 2170 5617 Μ.

2271 5561 2315 5594 ⁸⁸
2343 5554 2457 5614 οἷον
2482 5559 2583 5612 οὑκ
2612 5553 2764 5620 ὄντα,
2797 5588 2866 5597 -
2898 5554 3007 5611 Ἦν
3030 5555 3143 5612 οῦν.
3171 5553 3262 5610 τόν
3298 5555 3398 5609 οὑκ
3433 5553 3563 5607 ὄντα

311 5626 418 5703 ὑπὸ
443 5627 538 5703 τοῦ
561 5629 662 5703 Ἆὺκ
689 5628 840 5703 ζντος
874 5623 1006 5703 Θεοῦ
1030 5623 1855 5703 γενέσθαιζῌροϐεϐουλευμένα
1884 5630 1953 5703 ἦν
1978 5623 2074 5690 οὖν
2107 5633 2169 5695 C,
2206 5631 2298 5703 τὸν
2322 5631 2422 5685 οὑκ
2458 5629 2589 5703 ὄντα
2610 5629 2716 5703 ὑπὸ
2741 5626 2959 5703 τοῦῌούκ
2997 5627 3048 5682 6.
3155 5643 3219 5703 γ.
3253 5623 3562 5698 Προϐεϐουο

312 5696 546 5769 λιυμένη
572 5692 641 5769 ἦν
673 5694 766 5753 οῦν
796 5698 866 5752 Μ.
902 5698 983 5753 Cl‘.
1020 5692 1179 5767 supra
1215 5717 1263 5770 p.
1304 5692 1429 5766 360,
1466 5703 1557 5768 48,
1604 5701 1689 5757 49.

1786 5703 1826 5734 ⁸⁸
1879 5696 2062 5773 ᾦασίν.
2097 5702 2262 5773 φησὶν
2302 5715 2450 5770 susp.
2488 5698 2535 5752 Μ
2635 5699 2679 5731 ⁶²
2720 5697 2886 5768 αὐτῷ.
2934 5696 3112 5767 ἑαυτῷ
3147 5696 3210 5751 C.
