4104 6366
610 328 739 390 3441

2099 326 2389 386 ORIGEN
2395 327 2468 386 IS

3775 330 3926 395 3442

610 471 718 509 non
751 456 1017 521 videatur,
1071 457 1344 513 visibilem
1392 468 1599 524 autem,
1645 458 1863 526 quando
1910 457 2191 523 videatur;

2299 461 2497 531 ὁρατὸν
2531 461 2620 527 δέι,
2647 462 2777 517 ὅταν
2809 464 3019 532 ὁρᾶται·
3053 462 3347 535 άγέννὴτον
3373 463 3451 527 δὲ,
3485 464 3623 517 ὅταν
3653 463 3740 534 μὴ
3787 481 3918 534 γεν-

613 562 720 601 non
755 550 998 617 genitum
1032 560 1239 615 autem,
1269 551 1484 619 quando
1515 566 1623 604 non
1651 551 1924 619 gignatur,
1953 551 2194 618 genitum

611 651 817 706 autem,
854 643 1072 710 quando
1120 645 1371 713 gignatur
1412 657 1477 696 ex
1525 643 2194 713 Virginﬁimpassibilem

612 744 666 786 et
703 735 1086 798 immortalem,
1140 737 1358 804 quando
1406 751 1514 788 non
1558 736 1796 805 patiatur
1838 745 1893 789 et
1934 751 2038 788 non
2082 749 2197 789 mo-

613 824 810 888 riatur,
839 825 928 879 tibi
955 837 1134 880 autem
1164 829 1450 894 passiones
1482 828 1766 889 subiverit,
1811 827 1919 894 pati
1952 836 2007 881 et
2035 827 2195 881 mori.

612 913 770 968 Hunc
800 913 1012 968 Patrem
1069 917 1242 984 ipsum
1304 915 1501 969 Filium
1547 918 1880 970 arbitrantur
1928 931 2026 986 pro
2061 925 2195 970 tem-

609 1006 830 1073 poribus
860 1006 1041 1060 vocari
1079 1009 1379 1062 secundum
1413 1007 1737 1062 accidentia.
1786 1032 1790 1034 -

677 1115 879 1171 Horum
915 1119 1145 1174 hacresin
1181 1122 1577 1175 corroborabat
1609 1121 1902 1184 Callistus,
1937 1119 2090 1189 cujus
2121 1122 2195 1175 vi-

611 1220 720 1264 tam
771 1215 1120 1282 exposuimus
1178 1215 1488 1284 diligenter,
1541 1215 1631 1283 qui
1687 1227 1741 1268 et
1788 1215 1902 1283 ipse
1960 1216 2193 1270 haaresin

610 1307 856 1371 peperit;
887 1320 915 1356 a
952 1306 1154 1372 quibus
1189 1307 1340 1359 initia
1375 1305 1722 1375 530-531
1764 1319 1956 1362 nactus
1990 1319 2046 1361 et
2080 1309 2195 1378 ipse

531 1429 541 1440 .
611 1396 868 1460 prolitens
920 1411 1085 1447 unum
1131 1410 1249 1448 esse
1295 1393 1512 1448 Patrem
1567 1409 1622 1449 et
1677 1397 1866 1462 Deum,
1915 1397 2058 1450 hunc
2087 1398 2196 1466 opi-

612 1485 768 1537 ficem
811 1487 1022 1551 mundi,
1062 1487 1204 1539 hunc
1241 1503 1372 1540 vero
1411 1502 1533 1542 esse
1576 1487 1772 1540 Filium
1828 1488 2050 1541 nomine
2075 1490 2194 1557 qui-

615 1578 734 1628 dein
773 1578 977 1630 dictum
1008 1587 1064 1630 et
1110 1579 1464 1644 nominatum,
1505 1594 1562 1632 re
1605 1591 1786 1633 autem
1833 1578 2049 1652 [unum]
2073 1595 2196 1635 esse

610 1664 943 1738 Spiritum];
999 1670 1237 1738 Spiritus
1264 1671 1433 1738 enim,
1463 1673 1662 1740 inquit,
1703 1671 1848 1725 Deus
1895 1689 2002 1726 non
2053 1674 2194 1728 alius

607 1769 693 1811 est
729 1776 892 1828 quam
921 1760 1121 1829 Logus,
1154 1763 1236 1816 vel
1267 1762 1444 1831 Logus
1480 1780 1639 1832 quant
1671 1763 1832 1818 Deus.
1872 1765 1991 1820 Una
2031 1766 2194 1835 igitur

610 1854 725 1906 haec
749 1868 981 1920 persona
1009 1854 1231 1908 nomine
1262 1857 1480 1920 quidem
1537 1856 1732 1920 divisa,
1776 1872 1878 1911 nec
1937 1873 2065 1912 vero
2111 1873 2188 1913 re.

613 1943 767 1996 Hunc
798 1944 980 2012 legum
1024 1961 1188 1997 unum
1231 1961 1353 1998 esse
1391 1948 1557 2000 Deum
1586 1948 1884 2001 arbitratur
1927 1959 1980 2001 et
2014 1949 2192 2002 incar-

611 2043 798 2087 natum
826 2051 945 2089 esse
984 2037 1136 2088 dicit.
1163 2036 1228 2089 Et
1276 2052 1398 2090 eum
1429 2039 1683 2106 quidem,
1740 2042 1830 2108 qui
1895 2045 2189 2095 secundum

609 2141 830 2180 carnem
878 2128 1026 2180 visus
1079 2138 1161 2182 est
1219 2139 1274 2182 et
1317 2131 1763 2198 comprehensus,
1816 2131 2009 2185 Filium
2065 2147 2188 2187 esse

610 2221 744 2285 vult,
773 2235 892 2273 eum
926 2233 1128 2288 autem,
1157 2223 1247 2290 qui
1296 2222 1585 2286 inhabitat,
1640 2223 1879 2291 Patrem,
1927 2236 2033 2278 tum
2067 2227 2189 2294 qui-

609 2313 732 2364 dem
789 2313 855 2365 ad
903 2312 1055 2366 Nocti
1102 2314 1405 2368 doctrinam
1468 2314 1738 2383 delapsus,
1777 2327 1885 2370 tum
1941 2332 2068 2370 vero
2123 2319 2190 2372 ad

611 2401 896 2467 Theodoti,
927 2403 1057 2457 nihil
1105 2404 1245 2457 lirmi
1299 2415 1507 2459 tenens.
1561 2406 1688 2459 Haec
1724 2407 1888 2476 igitur
1910 2405 2187 2462 Callistus.

677 2580 768 2635 28.
813 2580 1180 2652 Hermogenes
1207 2593 1386 2637 autem
1419 2584 1640 2652 quidam
1665 2594 1718 2637 ct
1744 2585 1858 2652 ipse
1883 2601 2002 2638 cum
2032 2586 2191 2640 vellet

609 2677 813 2745 aliquid
856 2680 1071 2745 dicere,
1121 2680 1258 2732 dixit
1308 2678 1476 2732 Deum
1521 2695 1584 2732 ex
1636 2679 1860 2733 materia
1914 2693 2091 2732 coteva
2136 2686 2192 2732 et

608 2768 923 2834 subjacente
953 2771 1201 2822 universa
1251 2769 1482 2833 fecisse;
1520 2769 1632 2823 fieri
1669 2771 1816 2823 enim
1861 2787 1968 2824 non
1999 2785 2184 2839 posse,

613 2862 756 2915 Deus
796 2875 861 2913 ex
890 2861 1108 2916 cutibus
1142 2861 1307 2914 faciat
1330 2874 1392 2914 ea
1426 2877 1545 2928 quae
1573 2860 1716 2915 facta
1752 2847 1902 2915 sunt.

680 2953 772 3007 9.9.
815 2953 920 3005 Alii
947 2963 1128 3006 autem
1164 2953 1382 3021 quidam
1409 2954 1562 3022 quasi
1589 2968 1784 3006 novum
1820 2953 2034 3020 aliquod
2065 2954 2192 3009 sub-

613 3048 1028 3102 introducentes
1059 3060 1124 3100 ex
1163 3046 1418 3100 omnibus
1466 3046 1774 3100 haeresibus
1821 3057 2187 3115 corrogatum,

2297 553 2492 618 νᾶται,
2547 547 2804 624 γεννητὸν
2843 555 2933 621 δέ,
2981 555 3109 609 ὃταν
3145 559 3403 624 γεννᾶται
3453 558 3521 607 ἐκ
3571 554 3916 626 Παρθένσψ

2298 643 2482 713 ἀπαθῆ
2515 645 2609 696 καὶ
2641 646 2928 710 ἀθάνατον,
2953 647 3043 699 ὅτε
3065 647 3108 678 ⁸⁷
3144 649 3220 717 μὴ
3251 648 3438 718 πάσχῃ
3471 649 3616 717 μήτε
3651 648 3915 720 Θνήσκῃ,

2297 734 2435 787 ἐπὰν
2464 735 2520 788 δέ
2549 737 2697 805 πάθη
2724 738 2995 808 προσέλθῃ
3015 779 3029 802 ,
3057 739 3285 808 πάσχειν
3313 741 3408 791 καὶ
3444 739 3741 808 θνήσκειν.
3776 740 3916 792 Τοῦ-

2296 827 2448 877 τον⁹⁸
2484 827 2576 880 τὸν
2612 829 2831 899 Πατέρα
2861 831 3021 882 αὑτὸν
3043 833 3086 863 θ’
3124 830 3249 884 Υίὸν
3276 831 3568 900 νομίζουσι
3596 835 3753 885 κατὰ
3790 852 3913 886 και-

2300 918 2428 988 ροὺς
2451 919 2786 990 καλούμενον
2819 922 2952 994 πρὸς
2984 922 3050 975 τὰ
3079 923 3464 990 συμϐαίνοντα.

2369 1121 2587 1174 Τούτων
2625 1122 2726 1192 τὴν
2767 1122 3017 1192 αἴρεσιν¹
3051 1124 3315 1193 ἐκράτυνε
3355 1123 3690 1188 Κάλλιστος,
3716 1117 3786 1177 οὗ
3821 1126 3904 1177 τὸν

2299 1214 2413 1284 βίον
2457 1213 2816 1284 ἐκτεθείμεοα
2865 1215 3125 1282 ἀσφαλῶς
3151 1217 3192 1279 ⁸,
3235 1215 3292 1278 ὃς
3327 1217 3422 1268 καὶ
3468 1217 3638 1280 αὐτὸς
3687 1219 3902 1288 αἵρεσιν

2297 1307 2689 1376 ἀπεγέννησεν·
2741 1308 2798 1373 ἐξ
2849 1301 2921 1359 ὧν
2952 1306 3030 1379 [ρ.
3080 1308 3207 1362 550.
3247 1308 3372 1378 551]
3424 1309 3689 1379 ἀφορμάς
3720 1309 3900 1362 λαὸιὶιν

2297 1399 2391 1451 καὶ
2423 1401 2585 1462 αὐτὸς
2623 1399 2900 1467 ὁμολογῶν
2931 1400 3024 1452 ἕνα
3059 1394 3200 1452 εἶναι
3230 1399 3320 1452 τὸν
3349 1402 3570 1470 Πατέρα
3601 1402 3736 1453 καὶ⁸
3768 1403 3898 1455 Θεὸν

2296 1491 2535 1544 τοῦτονδ
2581 1493 2914 1562 δημιουργὸν
2964 1491 3059 1544 τοῦ
3122 1492 3355 1556 παντὸς,
3407 1493 3599 1545 τοῦτον
3653 1495 3712 1546 δὲ
3762 1492 3895 1547 εἶναι

2299 1583 2424 1636 Υἱὸν
2481 1583 2706 1652 ὀνόματι
2768 1585 2864 1652 μὲν
2928 1582 3218 1653 λεγόμενον
3303 1585 3398 1636 καὶ
3458 1585 3892 1654 ὀνομαζόμενον,

2295 1675 2453 1745 οὐσίᾳ
2487 1674 2543 1726 δὲ
2572 1672 2676 1746 [ἓν]
2710 1673 2730 1704 ⁸
2755 1670 2895 1726 εἶναι
2921 1672 3193 1746 [Πνεῦμα]
3219 1676 3261 1737 ⁸,
3287 1674 3514 1745 Πνεῦμα
3539 1678 3664 1746 γάρ,
3701 1695 3778 1746 φη
3792 1680 3891 1739 civ,

2294 1767 2322 1818 ὁ
2350 1767 2481 1828 Θεὸς
2524 1766 2620 1836 οὐχ
2655 1765 2840 1835 ἕτερόν
2868 1767 2983 1818 ἐστι
3024 1767 3176 1836 παρὰ
3211 1766 3302 1818 τὸν
3330 1768 3522 1835 Λόγον,
3565 1769 3595 1837 ἦ
3652 1771 3682 1820 ὀ
3708 1771 3892 1836 Λόγος

2296 1858 2446 1928 παρὰ
2489 1857 2581 1910 τὸν
2627 1856 2781 1908 Θεόν.
2836 1857 2931 1908 Ἐν
2981 1852 3074 1909 οὖν
3122 1856 3280 1909 τοῦτο
3314 1857 3621 1927 πρόσωπον,
3657 1860 3890 1927 ὀνόματι

2297 1950 2396 2020 μέν
2432 1949 2808 2020 μεριζόμενον,
2863 1948 3021 2019 οὐσίᾳ
3064 1948 3120 2000 δὲ
3169 1947 3252 2001 οὔ.
3311 1950 3510 2003 Τοῦτον
3580 1951 3671 2003 τὸν
3716 1953 3888 2019 Λόγον

2293 2043 2389 2095 ἕνα
2423 2038 2564 2093 εἶναι
2592 2040 2724 2093 Θεὸν
2753 2038 3009 2109 ὀνομάζει
3033 2041 3128 2092 καὶ
3159 2041 3545 2112 σεσαρκῶσθαι
3576 2042 3748 2109 λέγει.
3779 2041 3882 2095 Καὶ

2293 2134 2383 2185 τὸν
2433 2132 2532 2201 μὲν
2577 2129 2724 2184 κατὰ
2770 2129 2950 2196 σάρκα
2999 2130 3274 2200 ὁρώμενον
3320 2132 3412 2184 καὶ
3463 2132 3871 2204 κρατούμενοντ

2292 2226 2421 2279 Υἱὸν
2463 2217 2600 2278 εἶναί
2631 2223 2774 2275 θέλει
2795 2223 2839 2283 ⁸,
2883 2221 2972 2273 τὸν
3015 2220 3073 2273 δὲ
3123 2223 3436 2276 ἐνοικοῦντα
3464 2207 3690 2294 Πατέρα
3715 2264 3730 2286 ,
3759 2227 3876 2278 me!

2294 2319 2392 2389 μὲν
2422 2317 2497 2387 τῷ
2532 2316 2743 2384 Νοητοῦ
2769 2317 2789 2346 ⁹
2820 2315 3054 2384 δόγματι
3090 2315 3608 2386 περιρρηγνύμενος
3659 2317 3724 2381 ⁸⁸,
3759 2320 3875 2370 ποτὲ

2291 2408 2347 2478 δὲ
2413 2407 2492 2477 τῷ
2543 2406 2828 2469 Θεοδότου,
2903 2403 3070 2474 μηδὲν
3123 2405 3359 2474 ἀσφαλὲς
3409 2407 3656 2476 κρατῶν.
3709 2408 3872 2462 Ταῦτα

2289 2496 2471 2552 τοίνυν
2494 2497 2815 2559 Κάλλιστος.

2362 2599 2472 2663 κη’.
2524 2590 2860 2659 Ἑρμογένης
2895 2588 2954 2642 δέ
2997 2607 3082 2653 τις
3115 2591 3156 2621 ¹¹
3209 2589 3304 2642 καὶ
3352 2590 3518 2652 αὐτὸς
3564 2590 3797 2660 Θελήσας
3825 2609 3868 2643 τι

2291 2684 2495 2752 λέγειν,
2539 2683 2643 2752 ἔφη
2672 2683 2762 2734 τὸν
2793 2681 2926 2734 Θεὸν
2959 2681 3016 2747 ἐξ
3043 2681 3176 2752 ὕλης
3210 2683 3515 2753 συγχρόνου
3544 2684 3640 2735 καὶ
3666 2685 3866 2736 ὑποκει-

2296 2777 2466 2845 μένης
2507 2773 2576 2826 τὰ
2606 2775 2786 2828 πάντα
2837 2775 3220 2845 πεποιηκέναι’
3275 2775 3558 2838 ἀδυνάτως
3601 2775 3711 2846 γάρ
3743 2777 3872 2844 ἔχειν

2291 2866 2382 2918 τὸν
2425 2865 2556 2918 Θεὸν
2589 2867 2664 2932 μὴ
2700 2867 2818 2935 οὐχὶ
2843 2867 2903 2931 ἐξ
2933 2867 3103 2919 ὅντων
3130 2867 3200 2919 τά
3234 2868 3504 2937 γενόμενα
3536 2871 3734 2922 ποιεῖν.

2365 2955 2469 3010 κδ’.
2516 2957 2732 3026 Ἕτεροι
2765 2958 2821 3008 δέ
2855 2973 3000 3018 τινες
3035 2959 3077 2986 ¹²
3104 2956 3179 3019 ὡς
3210 2958 3393 3010 καινόν
3428 2975 3479 3010 τι
3515 2961 3869 3028 παρεισάγον-

2292 3066 2382 3112 τες
2413 3051 2477 3102 ἐκ
2516 3049 2702 3103 πασῶν
2752 3052 3018 3119 αἱρέσεων
3050 3051 3434 3121 ἐρανισάμενοι
3456 3093 3471 3118 ,
3505 3051 3663 3122 ξένην
3703 3052 3870 3122 βίϐλον

612 3139 849 3193 mirabili
885 3137 1025 3192 libro
1056 3136 1306 3190 confecto
1341 3152 1407 3190 ex
1431 3134 1682 3190 Elchasai
1736 3139 1968 3205 quodam
2017 3141 2192 3192 nomi-

2297 3142 2662 3204 σκευάσαντες
2706 3141 2970 3212 Ἠλχασαῒ
3001 3160 3149 3205 τινος
3197 3142 3702 3214 ἐπονομαζομένην,
3737 3141 3870 3199 οὗτοι

612 3240 757 3298 nato,
791 3231 841 3282 hi
874 3231 1137 3298 principia
1169 3219 1412 3282 universi
1477 3228 1838 3283 consimiliter
1871 3231 2192 3298 profitentur

610 3342 638 3377 a
668 3325 775 3379 Deo
805 3324 1104 3387 exsntisse,
1142 3321 1421 3376 Christum
1472 3337 1604 3375 vero
1658 3337 1824 3376 unmn
1859 3339 1962 3377 non
2022 3323 2190 3393 proli-

614 3427 812 3483 Ientur,
845 3417 939 3470 sed
963 3431 1082 3470 esse
1107 3417 1442 3484 superiorem
1479 3415 1697 3484 quidem
1729 3432 1914 3480 unum,
1941 3417 2188 3470 eumdem

608 3526 740 3564 vero
768 3509 1074 3562 transfundi
1115 3510 1165 3560 in
1207 3522 1436 3574 corpora
1471 3507 1641 3560 multa
1702 3522 2095 3576 saepenumero,
2138 3517 2194 3562 et

613 3619 755 3657 nunc
784 3619 911 3656 vero
943 3605 997 3654 in
1023 3599 1150 3655 Jesu
1173 3618 1187 3667 ;
1232 3600 1586 3655 consimiliter
1607 3611 1719 3653 tum
1746 3601 1962 3668 quidem
1989 3617 2055 3654 ex
2080 3601 2190 3656 Deo

611 3709 734 3746 eum
765 3699 949 3745 natum
970 3705 1112 3756 esse,
1140 3701 1248 3744 tum
1274 3701 1452 3745 autem
1478 3691 1729 3759 spiritum
1751 3693 2047 3759 exstitisse,
2079 3704 2190 3746 tum

612 3797 795 3839 autem
829 3802 895 3839 ex
936 3783 1184 3855 Virgine,
1232 3793 1347 3838 tum
1394 3795 1575 3839 autem
1613 3800 1756 3851 non;
1798 3793 1852 3838 et
1883 3785 2025 3838 hunc
2062 3799 2192 3837 vero

613 3889 796 3949 postea
827 3894 1042 3947 semper
1072 3880 1124 3932 in
1167 3893 1396 3946 corpora
1456 3877 1762 3932 transfundi
1806 3886 1859 3931 et
1909 3878 1962 3930 in
2009 3879 2192 3932 multis

613 3985 710 4039 per
735 3979 976 4038 tempora
1009 3983 1295 4038 apparere.
1328 3968 1569 4024 Utuntur
1603 3977 1781 4022 autem
1808 3969 2193 4022 incantationi-

613 4065 715 4116 bus
750 4073 804 4116 et
849 4061 1155 4131 baptismis,
1186 4062 1239 4115 in
1288 4061 1488 4131 quibus
1539 4060 1808 4115 elementa
1849 4062 2190 4130 profitentur.

613 4153 950 4222 Superbiunt
979 4165 1158 4207 autem
1201 4155 1491 4223 astrologia
1521 4163 1572 4207 et
1609 4153 1838 4207 mathesi
1875 4164 1926 4207 et
1971 4154 2193 4223 magicis

612 4247 842 4301 artibus.
871 4245 1060 4300 Futuri
1097 4256 1276 4301 autem
1307 4249 1563 4317 praescios
1586 4262 1708 4301 sese
1733 4249 1942 4303 dicunt.

684 4359 774 4413 '50.
808 4400 822 4412 .
860 4399 874 4412 .
911 4397 925 4411 .
965 4399 978 4412 .
1017 4398 1032 4412 .
1069 4398 1083 4414 .
1126 4398 1140 4413 .
1183 4400 1197 4413 .
1240 4401 1252 4414 .
1289 4357 1588 4432 [Abraham
1614 4360 1778 4434 jussi]
1835 4361 1927 4415 Dei
1962 4362 2191 4416 commi-

612 4464 731 4524 grat
764 4469 827 4506 ex
855 4451 1261 4522 Mesoriotamim
1293 4453 1427 4507 urbe
1451 4452 1631 4505 Haran
1668 4453 1721 4505 in
1755 4454 2025 4522 regionem
2051 4467 2194 4506 nunc
2226 4493 2268 4546 Β

613 4546 832 4618 quidem
867 4544 1213 4600 Palaestinam
1246 4543 1597 4615 532-533
1646 4553 1699 4600 et
1727 4543 1966 4598 Judazam
2003 4545 2190 4614 appel-

2292 3239 2390 3300 τὰς
2430 3235 2527 3306 μὲν
2560 3235 2731 3306 ἀρχὰς
2765 3235 2860 3286 τοῦ
2911 3235 3112 3298 παντὸς
3151 3235 3353 3305 ὁμοίως
3386 3237 3740 3306 ὁμολογοῦσιν
3773 3237 3869 3288 ὑπὸ

2292 3328 2387 3382 τοῦ
2417 3328 2551 3381 Θεοῦ
2580 3328 2886 3397 γεγονέναι,
2913 3328 3150 3397 Χριστὸν
3172 3328 3227 3380 δὲ
3250 3329 3346 3382 ἕνα
3370 3330 3470 3398 οὐχ
3497 3328 3864 3399 ὁμολογοῦσιν,

2293 3421 2406 3474 ἀλλ’
2439 3417 2579 3474 εἶναι
2602 3421 2692 3474 τὸν
2717 3421 2817 3491 μὲν
2846 3421 2958 3474 ἄνω
2987 3420 3084 3472 ἕνα
3107 3464 3121 3488 ,
3147 3421 3309 3474 αὑτὸν
3332 3421 3388 3474 δὲ
3415 3423 3867 3492 μεταγγιζόμενον

2295 3515 2352 3566 ἐν
2383 3513 2599 3583 σώμασι
2637 3514 2854 3575 πολλοῖς
2883 3513 2926 3544 ¹³
2979 3514 3248 3577 πολλάκις
3271 3553 3285 3574 ,
3341 3515 3436 3568 καὶ
3484 3515 3580 3567 νῦν
3617 3517 3673 3567 δὲ
3707 3518 3759 3567 ἐν
3794 3514 3868 3584 τῷ

2307 3603 2514 3673 Ἰησοῦ,
2545 3603 2746 3671 ὁμοίως
2778 3601 2954 3673 [πιοτὲ
2989 3603 3086 3672 μὲν
3119 3606 3184 3656 ἐκ
3227 3603 3318 3656 τοῦ
3350 3604 3489 3656 Θεοῦ
3525 3604 3864 3674 γεγενῆσθαι,

2294 3697 2428 3748 ποτέ
2451 3696 2510 3748 δὲ
2549 3697 2772 3765 πνεῦμα
2820 3695 3104 3763 γεγονέναι
3129 3735 3144 3760 ,
3188 3695 3321 3748 ποτὲ
3350 3695 3407 3748 δὲ
3450 3697 3516 3749 ἐκ
3561 3697 3865 3767 Παρθένου,

2294 3787 2426 3838 ποτέ
2457 3786 2513 3838 δὲ
2546 3785 2605 3838 οὗ
2629 3803 2641 3816 ο
2672 3787 2769 3838 καὶ
2806 3785 2994 3839 τοῦτον
3021 3786 3078 3838 δὲ
3111 3786 3406 3856 μετέπειτα
3449 3786 3530 3844 ἀεὶ
3560 3789 3620 3838 έν
3651 3787 3868 3856 σώμασι

2298 3875 2727 3948 μεταγγίζεσθαι
2760 3877 2856 3930 καὶ
2898 3879 2956 3928 ἐν
3000 3877 3214 3940 πολλοῖς
3243 3877 3386 3930 κατὰ
3415 3874 3628 3945 καιροὺς
3657 3877 3871 3930 δείκνυ-

2295 3969 2438 4023 σθαι.
2475 3971 2728 4041 Χρῶνται
2763 3969 2820 4022 δὲ
2869 3969 3201 4041 ἐπα[οι]δαῖς
3233 3970 3327 4022 καὶ
3373 3969 3746 4039 βαπτίσμασιν
3779 3972 3866 4022 ἐπὶ

2293 4064 2360 4132 τῇ
2395 4061 2522 4128 ,τῶν
2581 4044 2863 4130 στοιχείων
2918 4061 3213 4132 ὁμολογίᾳ.’
3255 4061 3581 4132 Σεσόϐηνται
3633 4061 3690 4114 δὲ
3746 4065 3863 4132 περὶ
3918 4124 3923 4129 _

2294 4151 2653 4223 ἀστρολογίαν
2685 4152 2728 4184 ¹⁸
2780 4153 2874 4206 καὶ
2929 4152 3345 4223 μαθηματικὴν,
3381 4153 3479 4205 καὶ
3517 4157 3770 4223 μαγικοῖς
3802 4155 3858 4206 ⁸³,

2295 4244 2748 4316 Προγνωστικοὺς
2778 4244 2834 4297 δὲ
2863 4245 3089 4306 ἑαυτοὺς
3118 4243 3390 4312 λέγουσιν.

2365 4358 2430 4412 λ’.
2472 4399 2484 4414 .
2531 4398 2546 4414 .
2592 4400 2604 4413 .
2654 4399 2668 4412 .
2703 4399 2712 4411 .
2751 4399 2766 4412 .
2811 4399 2824 4412 .
2863 4399 2877 4412 .
2927 4359 2968 4390 ’⁸
3001 4358 3094 4411 τοῦ
3143 4359 3278 4411 Θεοῦ
3303 4361 3346 4390 ¹⁷
3389 4362 3634 4428 μετοικεῖ
3670 4358 3710 4392 ⁸⁸
3739 4361 3858 4412 ἔχη

2296 4451 2722 4519 Μεσοποταμίας
2751 4450 2958 4512 πόλεως
2987 4450 3213 4520 Χαρρὰν
3248 4451 3326 4512 είς
3357 4449 3455 4521 τὴν
3495 4451 3590 4504 νῦν
3629 4451 3726 4520 μὲν
3758 4449 3856 4502 Πα-

2299 4541 2581 4612 λαιστίνην
2611 4543 2704 4595 καὶ
2735 4540 2809 4612 [ρ.
2841 4543 2966 4596 55f.
3009 4540 3135 4613 532]
3166 4542 3432 4595 Ἰουδαίαν
3469 4559 3858 4613 προσαγορευο-

1887 4719 2121 4776 VARUE
2163 4717 2565 4774 LECTIONES.

689 4889 876 4964 θ’ᾼὸτε.
906 4889 1074 4964 ὅτανῗ
1104 4889 1390 4964 Sauppius.
1472 4893 1517 4926 ⁸⁸
1549 4892 1824 4964 Θνήσκειν.
1853 4890 2054 4945 Τοῦτον
2077 4889 2192 4964 τὸν-
2205 4889 2417 4962 πατέρα
2443 4891 2915 4964 αὑτάνηονήσκειν
2935 4892 3122 4947 τοῦτον
3144 4892 3488 4964 τὸνίπατέρα·
3523 4894 3681 4948 αὑτὸν
3711 4892 3773 4954 C,
3795 4890 3855 4946 ll.

614 4963 660 4993 ’⁸
695 4961 877 5014 αὐτόν.
913 4961 1074 5014 αὑτὸν
1109 4959 1571 5032 καίῗνὸειιιρρὶιιε.
1635 4959 1664 4994 ἰ
1709 4963 1792 5017 Cf.
1825 4978 1985 5030 supra
2016 4977 2069 5030 p.
2095 4959 2200 5013 450
2231 4959 2362 5029 sqq.
2432 4963 2453 4991 ¹
2484 4959 2764 5027 ἀσφαλῶς.
2801 4964 2987 5031 σαφῶς
3027 4979 3173 5032 susp.
3210 4963 3280 5018 M.
3359 4959 3528 5020 1"Hoc
3551 4967 3668 5020 loco
3694 4965 3857 5028 aliqua

615 5032 886 5086 excidisse
903 5047 965 5084 ex
991 5036 1346 5102 sequentibus
1374 5035 1469 5088 lin.
1496 5033 1660 5094 4—7,
1687 5034 1846 5087 sicuti
1881 5047 1944 5085 ex
1982 5033 2078 5103 iis,
2107 5045 2413 5103 quaesupra
2446 5047 2499 5100 p.
2531 5033 2657 5094 458,
2697 5033 2766 5103 80
2802 5049 2922 5102 sqq.
2953 5033 3224 5103 leguntur,
3254 5044 3495 5102 apparet,
3521 5051 3642 5103 cum
3672 5035 3763 5086 τοῦ
3783 5033 3860 5084 λό-

618 5121 717 5172 γου
742 5103 941 5156 mentio
973 5103 1059 5156 hic
1091 5105 1449 5158 desideretur.

620 5317 662 5347 "
698 5314 781 5368 (ιι.
813 5331 976 5384 supra
1021 5314 1074 5383 p7.
1103 5316 1228 5380 462,
1269 5317 1336 5369 47
1358 5314 1494 5384 sqq.

619 5387 768 5457 fiat).
809 5382 1032 5457 Litterae
1055 5387 1200 5457 νὰστρ
1223 5385 1380 5457 plane
1405 5382 1666 5457 evanida'.
1695 5382 1768 5436 Μ.

621 5458 663 5487 ¹⁶
703 5454 832 5508 Post
866 5455 959 5507 lin.
1004 5456 1096 5519 28,

627 5525 872 5592 turbatus
901 5538 1006 5590 est,
1033 5521 1166 5581 cum—
1187 5527 1280 5580 fol.
1310 5526 1447 5592 157;
1481 5527 1569 5579 hic
1602 5526 1943 5578 inserendum
1972 5523 2063 5585 sit,
2094 5523 2236 5592 quod
2266 5522 2427 5587 infra,
2451 5537 2505 5590 p.
2532 5523 2658 5588 555,
2690 5521 2779 5584 55,
2809 5522 2900 5575 fol.
2931 5523 3053 5582 155,
3096 5521 3317 5592 excipit.

1527 5103 1548 5134 ⁸
1577 5103 1698 5156 θεὸν
1733 5103 1942 5155 τοῦτον.
1976 5099 2098 5154 Θεὸν
2121 5101 2250 5152 rev?
2281 5099 2574 5170 Sauppius.

617 5170 776 5242 supra
812 5189 862 5246 p.
891 5172 1145 5246 7458,_8l.
1221 5175 1239 5205 ⁷
1269 5175 1664 5246 κρατούμενον.
1696 5173 2062 5246 σταυρόμενον
2088 5187 2246 5246 βασι).
2280 5170 2346 5225 R.
2374 5171 2612 5246 Scottus.
2634 5241 2662 5246 _
2689 5171 3112 5246 ‘_Qékst._0éitsw
3143 5175 3202 5228 Ο.

619 5246 662 5275 ¹⁰
689 5241 1231 5316 περιρρηγνύμενος.
1279 5241 1755 5316 περιρηγ...μενος
1780 5284 1793 5306 ,
1836 5241 2045 5316 duabus
2088 5241 2284 5316 litteris
2317 5243 2581 5306 evanidis,
2624 5241 2686 5297 C.

1307 5313 1494 5380 7'sqq’.
1572 5313 1616 5347 ³³
1661 5313 1817 5367 Vocis
1853 5313 2068 5366 πολλοῖς
2099 5313 2322 5380 vestigia
2355 5323 2608 5377 exstant,
2659 5313 2748 5366 sed
2788 5327 2894 5365 non
2931 5327 3152 5380 prorsus
3187 5324 3356 5367 certa.
3390 5313 3458 5366 M.

1845 5385 1888 5414 ³⁵
1923 5383 2052 5438 Post
2078 5386 2332 5455 μαγικοίς
2354 5383 2623 5455 excidisse
2651 5382 2946 5455 ἐπτόηνται
2977 5399 3128 5455 susp.
3153 5381 3202 5435 Μ
3231 5402 3242 5436 :
3281 5384 3566 5455 μαγικήνιῖ
3589 5381 3857 5453 Sauppius.

1130 5452 1236 5525 qua
1271 5455 1365 5509 fol.
1402 5456 1506 5509 132
1539 5460 1659 5509 cod.
1699 5456 2056 5525 terminatur,
2095 5452 2276 5525 aliqua
2334 5453 2470 5525 folia
2526 5453 2916 5525 intercitlertnit
2940 5454 3211 5525 ordoque;
3257 5452 3604 5525 reliquorum
3628 5452 3860 5509 loliarum

2652 5103 2673 5134 ⁸
2779 5100 2902 5174 add.
2938 5100 3027 5174 Μξ
3087 5105 3107 5134 ⁸
3135 5100 3272 5156 εἶναι
3290 5100 3534 5174 ήπνεῦμα.
3557 5101 3694 5156 εἶναι
3712 5103 3773 5160 C.
3798 5103 3858 5157 Μ.

3280 5174 3300 5202 ⁸
3329 5175 3558 5244 Νοητοῦ.
3588 5174 3780 5244 Νοητῷ
3803 5174 3858 5228 C.

2907 5244 2946 5273 “
2993 5243 3077 5297 Cf.
3126 5258 3287 5312 supra
3331 5258 3384 5312 p.
3431 5243 3568 5305 452,
3627 5243 3697 5298 ῗὸ
3750 5243 3858 5312 Sqq.

2931 5327 3169 5384 prorsus
3185 5324 3356 5384 certa.
3390 5313 3458 5366 M.
3540 5314 3582 5345 ιδ
3599 5314 3863 5384 κάστρολο-

3397 5524 3438 5554 ⁸⁷
3455 5523 3538 5578 Cf.
3566 5521 3858 5578 Chronicon

623 5591 905 5663 Hippolyto
939 5598 1226 5667 tributum,
1269 5600 1409 5667 quod
1436 5591 1593 5667 typis
1619 5595 2007 5667 describifecit
2033 5591 2124 5648 Jo.’
2151 5593 2272 5667 Alb.
2305 5592 2608 5667 Fabricius,
2649 5593 2700 5667 in
2732 5592 2874 5667 edit.
2893 5610 3018 5662 opp.
3049 5592 3106 5646 S.
3146 5591 3618 5667 llippolytia'f'om.
3653 5593 3690 5658 I,
3720 5610 3774 5661 p.
3803 5594 3859 5647 ω

619 5681 743 5732 sqq.
770 5673 904 5717 sect.
930 5665 984 5728 9,
1015 5681 1067 5734 p.
1091 5669 1178 5722 55.

619 5736 734 5789 fieri
756 5737 1032 5801 sequentia
1066 5747 1247 5807 aperte
1281 5738 1673 5794 demonstrant.

1259 5661 1300 5698 "
1335 5666 1408 5720 De
1435 5661 1745 5721 Abrahanio
1778 5665 1868 5718 Dei
1891 5666 2042 5733 jussu
2069 5679 2135 5717 ex
2167 5663 2546 5733 Mesopotamia
2580 5663 2631 5733 in
2668 5661 3003 5733 Palaestinam
3038 5661 3425 5733 comniigrante
3447 5664 3532 5719 hic
3566 5678 3857 5720 sermonem

1754 5735 1795 5765 "
1834 5731 2015 5799 €2.23;
2048 5733 2112 5801 C,
2158 5732 2225 5799 Μ,
2265 5734 2356 5804 qui
2394 5747 2492 5803 pro
2521 5732 2727 5797 πόλεως
2761 5733 2853 5788 lin.
2884 5732 2973 5801 50,
3009 5747 3160 5804 susp.
3204 5731 3375 5787 πόλιν.
