3802 6394
215 369 335 427 2695

201 667 248 712 et
272 663 446 716 audivi
480 681 680 724 vocem
717 674 1020 746 loquentis.

200 806 202 809 I
264 751 390 820 Cap.
428 753 505 821 ll,
543 760 597 811 1.
631 760 706 816 Et
755 767 906 824 dixit
952 771 1016 826 ad
1060 789 1185 837 me:
1235 779 1334 836 Fili
1387 786 1639 856 huminis,
1689 805 1769 849 sta

199 855 349 906 super
381 843 549 908 pedes
599 856 759 917 tuos,
797 857 880 926 (ο)
925 870 977 914 et
1007 860 1197 930 loquar
1222 871 1288 924 ad
1337 881 1406 928 te.
1441 876 1492 929 2.
1532 843 1770 940 Etﬂven'it

191 1108 486 1177 loquentem
521 1118 593 1170 ad
625 1135 742 1177 me.
780 1125 841 1180 3.
876 1129 941 1182 Et
967 1131 1104 1189 dixit
1126 1138 1190 1190 ad
1220 1155 1342 1197 me:
1380 1108 1757 1219 Fili—liuininwi's:

185 1199 328 1252 mitto
356 1212 408 1255 te
430 1218 537 1272 ego
571 1208 646 1262 ad
679 1211 920 1271 domum
944 1218 1178 1290 lsraelis,
1227 1237 1605 1294 exacerbantes
1651 1258 1757 1308 me,

185 1287 268 1353 qui
295 1293 718 1352 exacerbarunt
750 1317 867 1368 me,
902 1306 1002 1375 ipsi
1040 1324 1093 1366 et
1121 1287 1295 1382 patres
1323 1337 1508 1380 eorum
1536 1331 1605 1396 χ(
1633 1287 1756 1400 ρθνΣ

185 1375 275 1400 ω,
304 1391 530 1400 μην,
559 1384 572 1396 .
819 1395 834 1400 -

1121 1375 1138 1382 -
1395 1375 1403 1376 ί
1427 1375 1508 1380 ""‘
1536 1375 1602 1396 /'\
1633 1375 1716 1400 I'V'

183 1375 278 1430 ﬁde
300 1384 614 1446 egeruntin
655 1404 755 1444 me
815 1395 837 1462 ζ
881 1411 1053 1467 usque
1096 1404 1163 1458 ad
1222 1407 1363 1464 diem
1414 1415 1750 1482 hodiernum.

185 1463 199 1482 ι
259 1467 321 1482 μ’
367 1467 425 1482 h-
486 1473 582 1482 ιιι-η
658 1477 670 1482 -
763 1481 770 1482 ί

175 1463 222 1514 4-
255 1467 321 1530 Ἀ(
365 1467 432 1520 Et
479 1473 583 1526 ﬁlii
635 1477 776 1534 duri
829 1463 990 1553 facie,
1034 1502 1088 1544 et
1138 1495 1256 1551 duri
1307 1463 1748 1586 corde

175 1551 318 1586 mn...
349 1565 399 1586 η.
435 1559 502 1586 ..Α
558 1576 658 1586 Α--
696 1567 719 1586 .
800 1569 859 1586 η-
911 1574 944 1586 ..
1123 1581 1136 1586 -

172 1551 318 1606 mitto
348 1565 399 1609 te
432 1559 502 1613 ad
555 1576 661 1619 eos
694 1567 747 1634 ζ.
797 1569 866 1626 Et
892 1551 1042 1631 dices
1071 1581 1137 1633 ad
1169 1598 1296 1640 eos:
1335 1589 1456 1646 llrec
1486 1551 1616 1652 dicit

173 1645 363 1700 minus.
405 1650 462 1701 5.
494 1651 574 1719 (ᾳ)
614 1654 674 1707 Si
714 1657 864 1714 forte
899 1667 1143 1735 audiant,
1191 1685 1283 1729 aut
1314 1695 1573 1751 paveant,
1621 1693 1744 1759 quia

173 1734 352 1759 Ala“..-
389 1739 536 1759 :__e.‘
740 1758 744 1759 ,
952 1755 963 1759 -

170 1734 354 1791 domus
387 1739 625 1800 irritans
660 1758 775 1814 est,
807 1761 859 1806 et
886 1755 1079 1823 scient,
1110 1734 1253 1828 quod
1298 1734 1573 1839 propheta,
1595 1734 1653 1835 es:
1684 1791 1739 1845 tu

169 1824 215 1876 in
249 1829 426 1882 medio
455 1847 686 1892 eorum.
721 1839 781 1893 6.
811 1841 876 1896 Et
910 1854 986 1910 tu,
1031 1848 1106 1902 fili
1127 1824 1412 1924 —homi'nis:
1442 1878 1508 1917 ne
1549 1837 1738 1926 timeas

168 1931 272 1981 eos,
299 1929 352 1973 et
379 1937 407 1973 a
441 1921 588 1979 facie
615 1942 826 1984 eorum
858 1951 926 1988 ne
955 1939 1306 2010 obstupescas
1335 1967 1349 2014 ;
1391 1952 1461 2022 (r)
1492 1958 1617 2024 quia
1649 1977 1740 2016 ve-

168 2009 306 2062 nient
354 2011 408 2064 in
450 2013 672 2083 impetu
709 2036 843 2076 cum
885 2025 1134 2097 insania,
1165 2047 1218 2090 et
1263 2038 1538 2112 insurgent
1579 2065 1739 2120 super

166 2104 213 2148 te
235 2099 623 2170 circumcirca,
665 2117 726 2163 et
753 2112 811 2164 in
835 2116 1016 2171 medio
1043 2125 1387 2192 scorpionum
1411 2142 1463 2186 tu
1491 2099 1732 2198 habitas:

166 2186 312 2238 verba
346 2203 543 2244 eorum
582 2209 657 2249 ne
696 2197 930 2266 timeas,
965 2213 1018 2257 et
1049 2222 1080 2259 a
1132 2208 1267 2265 facie
1299 2229 1484 2272 eorum
1530 2238 1597 2277 ne
1637 2227 1733 2280 ob-

165 2283 434 2344 stupescas
459 2296 477 2344 ;
503 2284 644 2350 quia
671 2287 879 2344 domus
911 2291 1129 2351 irritans
1175 2309 1274 2355 est.
1309 2304 1356 2357 7.
1388 2308 1452 2362 Et
1499 2310 1733 2381 loqueris

165 2365 316 2418 verba
347 2382 470 2422 mea
498 2371 571 2424 ad
604 2388 732 2437 eos,
767 2376 815 2430 si
839 2377 978 2434 forte
1016 2386 1260 2453 audiant,
1308 2403 1401 2447 aut
1430 2365 1729 2468 trepident;

164 2455 278 2520 quia
302 2455 500 2513 domus
533 2461 775 2519 irritans
797 2477 901 2521 est.
926 2469 981 2523 8.
1020 2471 1086 2527 Et
1114 2484 1190 2540 tu,
1217 2479 1287 2532 fili
1320 2455 1576 2552 hominis,

166 2541 459 2610 loquentem
492 2549 563 2601 ad
601 2558 694 2603 te:
731 2568 805 2607 ne
840 2555 1178 2628 sistirritans,
1217 2567 1356 2622 sicut
1383 2541 1576 2629 domus
1606 2578 1730 2632 irri-

167 2639 308 2685 tans:
339 2637 489 2702 aperi
534 2652 602 2693 os
639 2649 828 2706 tuum,
859 2655 911 2699 et
939 2653 1161 2706 comede
1203 2659 1344 2724 quod
1381 2675 1480 2730 ego
1505 2665 1574 2718 do
1607 2668 1724 2723 tibi.

165 2719 213 2774 9.
246 2722 308 2776 Et
333 2725 465 2790 vidi,
490 2737 544 2782 et
569 2744 706 2784 ecce
739 2747 936 2790 manus
959 2747 1181 2797 extensa
1201 2719 1267 2799 ad
1287 2761 1391 2811 me,
1413 2719 1468 2805 et
1485 2753 1539 2807 in
1564 2770 1626 2810 ea
1656 2759 1722 2829 (ε)

163 2812 447 2879 capitulum
487 2818 642 2874 libri.
678 2821 773 2875 10.
817 2823 885 2878 Et
909 2832 1166 2895 expandit
1220 2835 1350 2892 illud
1384 2855 1563 2897 coram
1598 2812 1720 2902 me;

166 2909 214 2952 et
238 2902 289 2955 in
316 2918 380 2957 eo
401 2909 616 2976 scripta
641 2922 807 2966 erant
833 2929 862 2967 a
888 2915 1066 2974 fronte
1085 2921 1203 2989 ejus
1228 2933 1280 2978 et
1316 2941 1346 2980 a
1375 2937 1528 2999 tergo
1562 2936 1678 3004 ejus
1704 2959 1717 2993 :

164 2997 212 3042 et
236 2993 493 3061 scriptum
527 3008 655 3054 erat
689 3003 746 3055 in
779 3018 848 3057 eo
870 3005 1203 3076 lamentatio,
1232 3023 1286 3068 et
1325 3017 1391 3086 (ι)
1424 2993 1715 3091 canticum,

162 3085 211 3130 ει
236 3093 330 3134 γε.
791 3139 795 3143 Α

222 3169 344 3238 Cap.
370 3172 464 3235 Ill,-
495 3175 549 3227 1.
573 3175 638 3230 Et
665 3179 809 3233 dixit
827 3182 893 3235 ad
915 3198 1001 3236 me
1025 3203 1036 3238 :
1061 3186 1162 3241 Fili
1187 3189 1442 3262 hominis,
1465 3202 1533 3267 Ἀ(
1554 3207 1718 3270 quod-

163 3272 379 3328 cumque
405 3262 718 3333 inveneris,
744 3271 843 3323 ede
873 3272 919 3337 ζ,
947 3277 1169 3330 comede
1204 3282 1494 3348 capitulum
1519 3291 1636 3357 hoc,
1666 3306 1717 3351 et

165 3349 306 3413 vade,
340 3360 394 3405 et
430 3354 667 3424 loquere
703 3361 770 3414 ad
809 3361 949 3417 ﬁlios
993 3365 1224 3422 lsraelis.
1265 3371 1320 3424 2.
1359 3374 1420 3426 Et
1451 3383 1622 3446 aperit
1653 3400 1714 3440 os

163 3451 348 3503 meum,
385 3451 442 3496 et
461 3444 636 3500 edere
664 3447 798 3501 fecit
826 3466 911 3505 me
934 3456 1226 3522 capitulum
1261 3461 1380 3518 hoc.
1402 3466 1454 3518 5.
1485 3444 1550 3522 Et
1580 3473 1715 3528 dixit

161 3527 217 3578 ad
249 3543 366 3583 me:
397 3532 502 3586 Fili
536 3535 808 3601 hominis,
840 3555 902 3598 os
933 3552 1082 3599 tuum
1115 3549 1258 3613 edet,
1283 3565 1336 3606 et
1367 3568 1552 3614 venter
1581 3572 1706 3619 tuus

161 3613 457 3684 implebitnr
483 3625 738 3694 capitulo
767 3629 868 3684 hoc
903 3634 1026 3687 dato
1071 3639 1123 3690 in
1159 3649 1228 3694 te.
1262 3643 1324 3696 Et
1349 3647 1434 3699 edi
1477 3649 1626 3716 illud,
1657 3663 1710 3708 et

159 3705 343 3762 factum
374 3724 459 3767 est
479 3715 538 3768 in
581 3731 688 3772 ore
717 3733 858 3785 meo,
892 3724 1034 3778 sicut
1059 3728 1162 3782 mel
1193 3730 1368 3787 dulce.
1407 3735 1461 3788 4.
1487 3738 1552 3792 Et
1578 3742 1711 3797 dixit

155 3795 215 3850 ad
258 3813 380 3854 me:
414 3802 519 3858 Fili
561 3806 833 3873 hominis,
871 3814 1024 3877 vade,
1059 3816 1338 3886 ingredere
1375 3827 1440 3878 ad
1489 3795 1705 3884 domum

156 3882 375 3956 Israelis,
408 3903 465 3947 et
497 3895 734 3964 loquere
758 3901 923 3955 verba
952 3919 1068 3957 mea
1105 3908 1169 3960 ad
1207 3923 1318 3964 eos.
1352 3913 1403 3966 5.
1445 3914 1705 3980 Quoniam

153 3990 248 4031 non
271 3980 336 4033 ad
359 3987 635 4053 populum
669 3990 999 4057 profundum
1031 3996 1174 4051 labio
1197 4010 1254 4053 et
1283 4019 1495 4070 gravem
1522 4009 1700 4079 lingua

153 4074 200 4118 tu
222 4069 447 4128 mitteris
470 4075 544 4128 ad
576 4078 805 4132 domum
831 4079 1046 4139 lsraelis
1071 4104 1084 4137 :
1115 4087 1168 4142 6.
1195 4069 1367 4159 neque
1390 4097 1454 4149 ad
1477 4069 1704 4167 populos

154 4155 337 4212 multos
366 4161 588 4218 alienos
626 4168 878 4234 vocibus,
919 4183 1013 4225 aut
1039 4174 1245 4230 alienos
1281 4155 1484 4250 lingua,
1529 4204 1703 4259 neque

149 4245 229 4308 qui
255 4258 380 4302 sunt
417 4253 702 4308 obﬁrmati
736 4256 942 4325 lingua,
978 4276 1210 4330 quorum
1243 4282 1310 4322 ne
1353 4245 1542 4330 audias
1581 4245 1698 4334 ser—

150 4349 320 4394 mones
347 4356 588 4399 eorum:
623 4355 678 4400 et
710 4349 755 4401 si
781 4349 847 4402 ad
893 4351 1028 4406 tales
1069 4356 1331 4412 mitterem
1365 4370 1436 4429 te,
1475 4366 1528 4418 hi
1571 4369 1698 4424 obe-

148 4422 308 4482 dirent
353 4433 475 4486 tibi.
522 4435 582 4490 7.
638 4438 846 4495 Domus
894 4454 1073 4499 autem
1115 4445 1326 4504 lsraelis
1375 4422 1479 4506 non
1519 4422 1696 4512 volent
1729 4437 1770 4490 θ
1802 4422 1984 4517 ιιιῗίὶιί

146 4520 388 4576 exaudire
430 4532 508 4590 te,
546 4531 677 4596 quia
720 4546 830 4586 non
870 4533 1058 4589 volunt
1100 4539 1353 4594 exaudire
1399 4559 1518 4610 me;
1571 4549 1696 4615 quia

149 4610 312 4665 omnis
336 4613 543 4672 domus
590 4619 818 4677 Israelis
863 4623 1081 4694 litigiosi
1108 4639 1254 4691 sunt,
1283 4639 1336 4683 et
1367 4632 1485 4686 duri
1515 4638 1694 4693 corde.

147 4691 194 4745 8.
220 4697 278 4751 Et
313 4717 445 4759 ecce
475 4708 608 4762 dedi
635 4708 830 4764 faciem
859 4691 1000 4768 tuam
1024 4725 1292 4784 potentem
1327 4731 1509 4776 contra
1534 4725 1697 4782 facies

145 4793 336 4852 eorum,
368 4798 426 4844 et
445 4797 862 4850 contentionem
891 4809 1034 4854 tuam
1058 4806 1421 4861 corroborabo
1441 4811 1697 4868 adversus

145 4879 543 4935 contentionem
593 4899 810 4950 eorum,
851 4888 904 4943 9.
931 4898 984 4943 et
1007 4893 1128 4957 erit,
1170 4909 1379 4962 semper
1418 4898 1687 4956 duriorem

150 4966 278 5022 Ρθῐη
305 4968 372 5032 Χ
401 4970 529 5024 dedi
569 4973 650 5040 (ιι)
693 4974 923 5028 frontem
960 4987 1106 5033 tuam
1140 4981 1161 5047 ζ
1197 4999 1210 5035 :
1244 4996 1310 5034 ne
1354 4984 1542 5040 timeas
1573 5003 1689 5054 eos,

151 5060 307 5117 neque
335 5072 542 5123 paveas
583 5079 614 5117 a
642 5064 789 5118 facie
822 5081 1026 5133 eorum,
1071 5073 1194 5140 quia
1232 5073 1424 5128 domus
1471 5076 1690 5137 irritans

155 5145 240 5192 est.
271 5142 352 5198 to.
383 5149 447 5204 Et
483 5152 626 5206 dixit
650 5155 720 5206 ad
757 5169 881 5208 me:
916 5157 1012 5212 Fili
1055 5161 1308 5227 hominis,
1340 5176 1528 5221 omnes
1575 5183 1688 5224 ser-

156 5238 342 5295 mones,
368 5251 511 5305 quos
557 5241 783 5296 locutus
829 5257 944 5297 sum
981 5255 1183 5312 tecum,
1232 5265 1446 5306 assume
1480 5255 1533 5308 in
1589 5273 1684 5313 cor

216 5402 282 5470 (ο)
309 5410 447 5486 ψιρά
479 5413 682 5486 loquar
709 5412 782 5463 ad
820 5421 893 5486 te.
943 5415 1004 5486 Et
1047 5418 1311 5486 ingressus

1496 407 1734 465 11152861
1740 409 1896 478 ELIS.
1913 418 2139 478 CAPUT
2163 424 2249 481 ιν.

207 481 498 550 splendoris
535 490 934 556 circumcirca.
971 496 1094 554 llaec
1127 505 1270 563 visio
1322 514 1689 578 similitudinis
1727 533 1779 579 et
1807 531 1851 585 Α
1882 540 2053 600 tuum,

207 571 375 600 n'A-:m
400 576 616 600 n--._:_9
731 597 741 600 -
815 592 827 600 .
854 593 889 600 --
1090 593 1103 600 -

205 571 376 641 gloria:
400 576 618 634 Domini
645 601 659 635 :
689 597 751 640 et
775 592 914 655 vidi,
935 602 989 648 et
1009 593 1146 649 cado
1168 613 1336 669 super
1359 604 1546 662 faciem
1582 628 1774 678 meam,

3282 467 3419 528 2694

2089 546 2142 592 et
2171 543 2394 601 auribus
2423 550 2527 605 tuis
2553 549 2675 609 audi
2703 575 2715 610 :
2747 555 2835 614 11.
2869 569 2923 618 et
2949 567 3101 636 vade,
3132 569 3415 642 ingredere

1878 623 1930 676 in
1966 628 2325 695 captivitatem
2360 640 2424 691 ad
2476 640 2612 694 filios
2645 648 2823 715 populi
2859 654 2954 717 tui,
2993 665 3046 710 et
3079 623 3314 727 loqttzris
3347 670 3410 722 ad

1873 725 1987 774 eos.
2017 723 2068 767 et
2091 717 2237 772 dices
2265 722 2328 774 ad
2359 738 2450 779 eos
2478 745 2489 779 :
2517 728 2639 784 llazc
2669 734 2799 788 dicit
2828 738 3080 797 Dominus
3115 747 3409 806 Dominus:

1871 802 1916 852 si
1945 802 2083 858 forte
2107 809 2347 875 audiant,
2390 815 2433 868 si
2466 816 2602 874 forte
2639 828 2953 883 concedant.
2986 833 3070 886 12.
3100 835 3165 889 Et
3193 855 3408 896 assum—

1869 889 1938 942 sit
1963 906 2046 944 me
2076 896 2316 962 spiritus,
2354 912 2407 955 et
2436 907 2612 960 audivi
2645 925 2674 962 a
2708 919 2856 981 tergo
2883 932 3001 973 meo
3041 938 3222 980 vocem
3259 943 3406 983 com-

1868 980 2118 1038 motionis
2150 1001 2373 1056 magna,
2407 994 2700 1051 dicentium
2736 1019 2748 1054 :
2778 980 3060 1063 Benedicta
3099 1014 3264 1081 gloria
3301 1005 3406 1073 Do:

1923 1069 1991 1121 ini
2035 1071 2102 1124 de
2148 1073 2264 1130 loco
2295 1094 2415 1134 suo.
2459 1084 2542 1138 15.
2595 1086 2660 1140 Ει
2696 1091 2801 1144 vidi
2843 1093 2920 1164 (π)
2965 1069 3150 1154 vocem
3195 1069 3398 1163 alarum

1860 1161 2174 1218 animalium
2199 1170 2493 1227 volantium
2518 1193 2622 1232 una
2653 1181 2718 1236 ad
2760 1184 3002 1253 alteram,
3053 1201 3104 1245 et
3133 1209 3230 1246 vox
3256 1207 3399 1250 rota-

1858 1263 1976 1301 rum
2002 1266 2181 1308 coram
2213 1258 2311 1323 eis,
2363 1271 2416 1316 et
2446 1280 2543 1318 vox
2569 1274 2945 1331 commotionis
2995 1281 3060 1346 Χ
3099 1298 3302 1352 magnae
3346 1289 3400 1355 ζ.

1858 1337 1942 1389 14.
1977 1341 2038 1393 Et
2073 1344 2295 1410 spiritus
2316 1349 2542 1407 elevavit
2581 1372 2693 1422 me,
2726 1370 2779 1413 et
2811 1337 3162 1434 sustulit‘me,
3188 1337 3253 1425 vet
3287 1337 3391 1428 abii

1852 1427 2099 1485 sublimis
2132 1447 2254 1489 aere
2283 1438 2334 1490 in
2365 1439 2563 1509 impetu
2592 1448 2815 1514 spiritus
2845 1454 2969 1518 mei,
3013 1456 3089 1524 (y)
3115 1468 3170 1512 et
3198 1477 3392 1517 manus

1851 1512 2058 1571 Domini
2092 1519 2229 1576 facta
2262 1537 2343 1580 est
2369 1543 2528 1597 super
2558 1512 2640 1587 me
2663 1547 2869 1603 potens.
2905 1544 2989 1596 15.
3118 1548 3388 1616 ingressus

1851 1618 1972 1657 sum
2004 1606 2056 1659 in
2089 1612 2452 1678 captivitatem
2483 1621 2730 1678 sublimis
2761 1642 2903 1693 aere,
2931 1641 2983 1685 et
3025 1634 3247 1689 circuiri
3287 1639 3386 1692 ha-

1844 1691 2079 1750 bitantes
2112 1715 2274 1767 super
2304 1703 2521 1760 ﬂuvium
2555 1710 2789 1779 Chobar,
2822 1691 2914 1771 eos
2949 1721 3040 1788 qui
3067 1734 3220 1777 erant
3270 1691 3380 1779 ibi:

1845 1785 1897 1829 et
1930 1781 2043 1833 sedi
2081 1783 2153 1836 ibi
2195 1797 2394 1854 septem
2433 1794 2567 1860 dies,
2603 1796 2673 1866 (ι)
2725 1781 3049 1861 conversaris
3095 1808 3146 1861 in
3204 1813 3380 1867 medio

1843 1880 2051 1923 eorum.
2083 1871 2166 1926 16.
2211 1877 2276 1930 Et
2307 1878 2503 1935 factum
2527 1894 2610 1938 est
2635 1899 2754 1954 post
2788 1891 2887 1946 hos
2923 1904 3124 1962 septem
3165 1897 3281 1953 dies
3312 1904 3381 1969 χ(

1841 1963 1893 2006 et
1923 1955 2123 2012 factum
2148 1971 2230 2016 est
2261 1966 2281 2032 ζ
2322 1969 2540 2024 verbum
2580 1973 2790 2031 Domini
2815 1981 2877 2034 ad
2910 1955 3014 2048 me,
3041 1985 3263 2041 dicens:
3291 1990 3376 2044 17.

1839 2040 1939 2094 Fili
1969 2044 2222 2114 hominis,
2254 2057 2644 2120 speculatorem
2675 2063 2796 2118 dedi
2828 2074 2877 2120 te
2908 2040 3090 2124 domui
3144 2040 3373 2141 Israelis,

1832 2318 1886 2363 et
1926 2326 2029 2365 non
2058 2313 2372 2385 distinxistl,
2413 2337 2584 2390 neque
2615 2326 2826 2384 locutus
2857 2348 2915 2387 es
2943 2335 3008 2386 ad
3040 2337 3373 2407 distinguen-

1830 2399 1957 2453 dum
1992 2403 2204 2472 iniquo,
2241 2417 2299 2460 ut
2346 2422 2640 2468 revertatur
2690 2433 2720 2470 a
2771 2422 2868 2473 viis
2899 2423 3032 2486 suis,
3087 2436 3144 2479 ut
3190 2429 3367 2485 vivat:

1828 2485 2048 2555 iniquus
2080 2491 2168 2546 ille
2215 2496 2286 2564 (ὁ)
2311 2497 2364 2548 in
2405 2498 2663 2566 injustitia
2697 2520 2792 2558 sua
2825 2510 3111 2571 morietur.
3159 2523 3214 2566 et
3246 2531 3369 2568 san-

1829 2576 2045 2641 guinem
2079 2580 2200 2647 ejus
2226 2583 2293 2636 de
2324 2602 2486 2640 manu
2523 2600 2610 2642 tua
2640 2596 2929 2662 requiram.
2977 2598 3061 2653 19.
3107 2600 3170 2651 Et
3209 2614 3287 2668 tu,
3317 2607 3364 2659 si

1827 2663 2140 2723 distinxeris
2165 2671 2372 2740 iniquo,
2401 2691 2499 2731 nec
2525 2694 2775 2737 reversus
2799 2684 2960 2740 fuerit
2987 2690 3054 2743 ab
3082 2690 3364 2759 iniquitate

1824 2768 1943 2818 sua,
1982 2766 2036 2810 et
2066 2774 2096 2812 a
2125 2761 2208 2815 via
2236 2779 2356 2830 sua,
2387 2769 2604 2837 iniquus
2626 2773 2712 2828 ille
2744 2776 2796 2829 in
2833 2777 3095 2846 injustitia
3125 2798 3218 2837 sua
3247 2800 3362 2840 mo-

1822 2843 2010 2909 rietur,
2036 2856 2090 2900 et
2120 2855 2176 2902 tu
2207 2853 2442 2908 animam
2470 2866 2613 2913 tuam
2642 2843 2914 2920 liberabis.
2945 2868 3034 2922 20.
3062 2871 3125 2924 Et
3153 2889 3274 2926 cum
3303 2890 3363 2930 se

1820 2935 2075 2988 averterit
2102 2936 2284 3004 justus
2322 2957 2351 2996 a
2376 2943 2605 3012 justitiis
2633 2952 2766 3018 suis,
2790 2963 2842 3008 et
2862 2955 3048 3012 fecerit
3078 2960 3358 3030 delictum,

1821 3022 1982 3074 etiam
2009 3024 2148 3079 dabo
2179 3037 2440 3088 tormenta
2465 3035 2516 3089 in
2551 3037 2744 3094 faciem
2769 3043 2914 3111 ejus:
2941 3047 3053 3114 ipse
3079 3052 3354 3118 morietur,

1745 3134 1787 3191 ο
1821 3113 1944 3178 quia
1977 3128 2084 3168 non
2118 3118 2414 3178 distinxisti
2445 3125 2493 3179 ei.
2521 3145 2534 3180 :
2576 3139 2630 3184 et
2675 3131 2729 3184 in
2760 3135 2995 3201 peccatis
3022 3138 3135 3192 suis
3163 3142 3356 3196 morie-

1818 3207 1923 3265 tur,
1965 3205 2089 3272 quia
2141 3223 2247 3262 non
2287 3220 2852 3277 commemorabuntur
2883 3226 2928 3279 ei
2954 3226 3178 3295 justitize
3217 3232 3353 3298 ejus,

1813 3307 1951 3360 quas
1986 3295 2130 3362 fecit,
2172 3307 2227 3353 et
2257 3306 2572 3372 sanguinem
2605 3309 2724 3376 ejus
2774 3313 2840 3367 de
2873 3331 3029 3369 manu
3058 3326 3146 3371 tua
3171 3322 3354 3388 requi-

1816 3395 1952 3434 ram.
1979 3383 2068 3438 21.
2106 3387 2178 3454 (c)
2210 3387 2289 3442 Tu
2317 3401 2494 3448 autem
2529 3398 2575 3449 si
2620 3400 2933 3458 distinxeris
2960 3406 3128 3473 justo,
3183 3421 3238 3461 ut
3287 3425 3355 3466 ne

1814 3483 2016 3538 peccet,
2045 3484 2098 3527 et
2149 3478 2262 3545 ipse
2291 3496 2395 3534 non
2442 3492 2760 3553 peccaverit,
2810 3493 2986 3558 justus
3037 3499 3144 3550 vita
3189 3501 3348 3565 vivet,

1811 3563 1936 3628 quia
1970 3564 2258 3621 distinxisti
2301 3571 2371 3634 ei,
2421 3583 2474 3625 et
2517 3585 2569 3628 tu
2599 3580 2834 3634 animam
2880 3593 3025 3636 tuam
3075 3586 3348 3642 liberabis.

1809 3651 1896 3702 22.
1933 3653 1996 3703 Et
2024 3652 2161 3707 facta
2193 3665 2276 3710 est
2306 3674 2466 3727 super
2509 3678 2593 3717 me
2624 3669 2691 3732 )t(
2718 3667 2787 3720 ibi
2819 3669 2839 3736 ζ
2891 3685 3083 3726 manus
3115 3673 3344 3738 Domini,

1808 3749 1862 3792 et
1884 3742 2018 3794 dixit
2044 3743 2111 3796 ad
2151 3760 2274 3803 me:
2312 3747 2502 3819 Surge,
2539 3763 2592 3807 ct
2628 3759 2882 3824 egredere
2914 3760 2964 3812 in
2995 3775 3260 3828 campum,
3295 3772 3348 3818 et

1804 3829 1879 3883 ibi
1918 3831 2174 3889 allocutio
2203 3835 2291 3891 ﬁet
2317 3839 2384 3892 ad
2419 3848 2488 3895 te.
2522 3842 2609 3896 25.
2649 3844 2715 3898 Et
2744 3849 2974 3911 surrexi,
3016 3859 3070 3904 et
3098 3868 3346 3920 egressus

1806 3935 1922 3974 sum
1955 3922 2008 3975 in
2039 3939 2287 3995 campum
2313 3946 2327 3982 :
2352 3940 2406 3984 et
2432 3946 2554 3987 ecce
2582 3934 2654 3988 ibi
2685 3936 2848 4003 gloria
2893 3938 3100 3993 Domini
3148 3943 3342 4006 stabat,

1804 4012 1946 4066 sicut
1975 4027 2038 4068 σε-
2079 4017 2381 4084 adspectus,
2433 4033 2486 4074 et
2528 4024 2670 4077 sicut
2725 4027 2745 4092 ξ
2799 4029 2986 4095 gloria,
3022 4047 3181 4099 quam
3237 4033 3342 4086 vidi

1803 4115 1964 4165 super
1983 4101 2202 4158 ﬂuvium
2237 4106 2470 4163 Chobar.
2491 4109 2555 4165 Et
2584 4114 2717 4168 cado
2739 4131 2897 4184 super
2921 4117 3107 4172 faciem
3146 4136 3340 4185 meam,

1801 4189 1889 4241 21.
1923 4200 1976 4245 et
2000 4193 2146 4248 venit
2174 4211 2334 4265 super
2372 4215 2458 4254 me
2485 4204 2726 4269 spiritus,
2758 4215 2810 4260 et
2836 4210 3022 4262 statuit
3058 4227 3141 4263 me
3183 4227 3343 4280 super

1801 4279 1963 4345 pedes
1993 4295 2164 4348 meos,
2196 4293 2249 4338 et
2285 4287 2500 4342 locutus
2528 4300 2610 4344 est
2657 4294 2721 4346 ad
2757 4311 2862 4355 me,
2897 4306 2950 4350 et
2987 4297 3123 4351 dixit
3165 4301 3293 4352 mihi
3324 4319 3337 4354 :

1805 4364 2110 4435 Ingredere,
2132 4382 2185 4425 et
2205 4373 2480 4431 includere
2509 4380 2561 4432 in
2593 4384 2770 4438 medio
2801 4385 2995 4440 domus
3017 4397 3136 4441 tuae.
3157 4390 3244 4443 25.
3276 4391 3341 4444 Et

2033 4458 2288 4528 hominis,
2326 4479 2450 4520 ecce
2478 4467 2600 4522 data
2643 4484 2769 4527 sunt
2808 4489 2973 4542 super
3007 4485 3057 4531 te
3103 4479 3336 4546 vincula,

1793 4555 1846 4598 et
1883 4546 2117 4602 vincient
2161 4560 2213 4604 te
2256 4552 2309 4606 in
2343 4556 2437 4620 eis,
2486 4569 2671 4613 etnon
2719 4565 3012 4631 egredieris
3053 4569 3119 4623 de
3163 4571 3337 4624 medio

1793 4650 2002 4692 eorum.
2035 4639 2126 4694 26.
2159 4641 2224 4696 Et
2264 4643 2500 4713 linguam
2545 4658 2687 4704 tuam
2734 4654 2897 4707 simul
2948 4657 3124 4725 ligabo
3163 4664 3228 4726 χ(
3266 4663 3332 4712 ad

1794 4735 1975 4790 guttur
2030 4737 2180 4784 tuum
2216 4733 2264 4799 ζ,
2309 4745 2362 4788 et
2392 4738 2750 4808 obmutesces,
2786 4752 2836 4797 et
2872 4761 2977 4798 non
3011 4750 3117 4802 eris
3155 4751 3234 4803 eis
3276 4750 3330 4802 in

1796 4817 1970 4866 virum
2005 4816 2378 4888 objurgantem
2408 4841 2423 4889 ;
2453 4827 2579 4894 quia
2603 4827 2796 4884 domus
2844 4831 3063 4886 irritans
3095 4843 3197 4887 est.
3240 4834 3332 4886 27.

1759 4911 1763 4914 ‘
1799 4899 2010 4956 Etcum
2039 4907 2250 4962 locutus
2284 4911 2436 4967 fuero
2471 4917 2535 4968 ad
2576 4927 2644 4980 te,
2688 4920 2921 4987 aperiam
2960 4933 3022 4971 os
3071 4930 3244 4983 tuum,
3281 4931 3335 4974 et

1794 4994 1942 5048 dices
1969 4995 2033 5048 ad
2064 5011 2192 5050 eos:
2236 4998 2357 5052 Haec
2385 5003 2512 5056 dicit
2550 5005 2628 5071 (ά)
2656 5008 2861 5060 Adonai
2894 5005 3182 5061 Dominus:
3232 5009 3336 5073 Qui

1793 5084 1958 5148 audit,
2021 5085 2221 5152 audiat,
2269 5095 2323 5139 et
2373 5091 2463 5157 qui
2513 5094 2722 5147 rebellis
2759 5102 2860 5157 est,
2913 5092 3136 5147 rebellet
3166 5113 3180 5159 ;
3211 5100 3337 5164 quia

1791 5172 1983 5226 domus
2011 5172 2227 5229 irritans
2249 5185 2352 5230 est.

1859 5263 1992 5334 Cap.
2028 5263 2115 5318 IV.
2144 5268 2277 5328 —1_.
2308 5267 2371 5321 Et
2404 5279 2479 5334 tu,
2512 5272 2584 5325 ﬁli
2623 5271 2862 5327 hominis
2885 5305 2901 5330 ,
2945 5284 3104 5323 sume
3143 5274 3237 5327 tibi
3271 5277 3349 5328 la-

1358 5432 1435 5477 est
1492 5426 1546 5524 iln
1604 5432 1837 5513 medium
1891 5438 1993 5490 mei
2035 5439 2275 5518 spiritus.
2352 5443 2421 5508 (ρ)
2459 5441 2739 5524 Dominus.
2781 5439 2883 5524 μζ)
2925 5439 2970 5524 Si
2994 5445 3359 5524 misi-Inarime-

945 5465 1003 5469 τ,
1047 5465 1310 5486 ---σν-η--
1361 5465 1435 5477 ...η
1492 5465 1546 5478 ..-
1604 5465 1837 5486 "iculum
1892 5465 1993 5490 mct
2036 5465 2275 5506 spiritus.
2352 5465 2421 5508 ψ)
2461 5465 2739 5496 υυΙΙΙΙΙΙυδ·
2801 5465 2883 5524 VI)
2925 5465 2966 5492 δ¹
2999 5465 3359 5520 ¹1ἷ¹υ¹¹¹³,¹¹¹“⁰“

157 5465 622 5536 (ιιιήιιέἱιάίνθτίῆι.
663 5481 1051 5544 acquieverint.
1130 5488 1194 5552 (r)
1230 5486 1308 5547 S.,
1343 5489 1682 5555 impudentes
1726 5503 1865 5554 enim
1903 5514 2048 5566 sunt,
2089 5516 2138 5558 et
2183 5509 2298 5560 sine
2337 5524 2430 5575 spe
2466 5513 2528 5587 ad
2581 5523 2649 5564 te.
2724 5511 2930 5604 (3)'b°3

167 5531 265 5588 bula
299 5548 536 5599 rotunda.
570 5548 642 5604 (Ι)
680 5545 775 5604 S.,
806 5548 1058 5604 planctus.
1087 5557 1157 5604 lui
1188 5558 1602 5604 conlenliman
1651 5567 1730 5604 (ri
1765 5569 1799 5604 ς
1886 5574 2238 5604 magnum...“
2268 5577 2426 5604 βίω...
2476 5585 2509 5604 ι.
2571 5593 2596 5604 η
2651 5593 2804 5604 Δ..μ-ι
2840 5592 2990 5604 ιιι-ιη-

908 5531 1050 5536 -ί---ν
1153 5531 1162 5535 ν
1230 5531 1308 5547 ~-,
1453 5531 1618 5548 υυι-ιιι
1643 5531 1651 5532 ί
1743 5531 1755 5535 -
1779 5531 1790 5552 ι
1854 5531 1865 5554 l
1935 5531 1948 5556 ι
1974 5531 2029 5556 ΙΙΙ.
2089 5531 2138 5558 Cl
2183 5531 2298 5560 SIIIC
2337 5531 2361 5561 5
2403 5531 2430 5560 (3
2466 5531 2528 5563 au
2581 5531 2649 5564 lC.
2748 5531 2798 5567 8)
2837 5531 2930 5587 κ)οέ
2955 5531 3254 5572 bCl’lthl'lil
3290 5531 3367 5597 la-

167 5531 265 5588 bula
299 5531 546 5599 rotunda.
570 5531 642 5613 (ι’)
680 5531 775 5605 δέ
799 5548 1058 5644 Iplanctus.
1087 5531 1157 5617 (εἶ)
1179 5531 1849 5644 [contenti'otlicnuLatris:
1882 5531 2238 5644 pullsa'tionem
2268 5531 2426 5628 Simll’ll
2475 5579 2532 5644 (i.
2568 5593 2616 5631 e.
2645 5531 3110 5644 complosronem)
3142 5575 3368 5644 alarum.

167 5601 223 5644 (ul
252 5605 286 5644 ,ρ
355 5627 542 5644 ηνιηηρ
585 5612 746 5644 ους-ιι
820 5618 992 5644 ιιηηιηι
1021 5628 1120 5644 ,...,..
1160 5634 1313 5644 ,.....ι.-
1340 5638 1414 5644 υ--
1526 5631 1537 5644 ι
1587 5629 1622 5644 n
1713 5635 1774 5644 ....
1954 5641 1963 5644 _
1990 5641 1999 5644 _

164 5601 223 5664 (ν)
251 5605 322 5664 8..
355 5627 545 5666 manus
574 5601 748 5665 enim

838 5618 994 5698 θεηχὶηὲ
1019 5628 1124 5698 erat
1158 5634 1313 5696 super
1339 5638 1434 5676 me.
1463 5626 1540 5692 (z)
1580 5618 1668 5694 δά

1917 5641 2128 5694 abitans
2158 5656 2272 5710 ego.
2322 5645 2395 5711 (α)
2429 5641 2510 5705 8.,
2545 5657 2598 5700 et
2636 5641 2966 5716 prmvenies
3005 5641 3267 5716 manebis
3291 5658 3381 5699 eos

1581 5677 1636 5683 κ.
1713 5677 1807 5690 ....
1880 5677 2128 5694 .....,........
2158 5677 2186 5694 υ
2224 5677 2272 5696 υ.
2342 5677 2368 5694 ι.
2429 5677 2510 5705 υ..
2545 5677 2598 5700 ει
2677 5677 2966 5700 “me...”
3007 5677 3177 5718 ...νην

165 5681 296 5724 aure.
317 5677 384 5744 (ὁ)
419 5682 468 5732 in
501 5680 842 5746 iniquitate.
871 5681 934 5749 (ι’)
959 5683 1033 5747 S.,
1065 5686 1172 5751 Tir,
1202 5677 1243 5738 s'i
1275 5703 1391 5743 vero
1419 5677 1762 5759 praeverteris
1786 5677 2054 5762 monueris
2073 5677 2300 5776 justam,
2322 5677 2394 5766 ‘ut’
2409 5731 2473 5768 ne
2495 5677 2699 5783 pcccé’t.
2738 5712 2830 5781 (ά)
2872 5711 3177 5763 Dominus.
