3802 6336
525 349 667 407 2695

1610 337 1829 397 (ἶΟὓΕΧ
1879 332 2629 394 SYRIACO—HEXAPLARJS

3551 325 3666 380 2696

530 474 719 527 terem,
753 470 806 516 et
833 475 996 530 pones
1025 473 1145 513 eum
1170 466 1292 510 ante
1309 456 1497 509 faciem
1526 464 1692 516 tuam,
1717 463 1770 508 et
1788 454 2059 508 describes
2088 457 2133 513 Α
2161 451 2332 520 panis,
2387 459 2441 503 et
2467 465 2620 517 aquze
2646 464 2658 500 :
2695 454 2748 500 et
2799 446 3180 530 corrumpetur
3199 437 3392 530 homo,
3440 445 3487 490 et
3534 437 3670 492 frater

530 567 692 621 super
719 565 783 605 eo
812 551 996 604 urbem
1031 545 1327 599 Jerusalem
1357 563 1370 598 :
1399 545 1452 597 2.
1486 553 1538 598 ct
1566 544 1720 598 dabis
1755 558 1918 610 super
1941 556 2060 595 eam

531 625 598 710 (ei
628 639 1000 698 inclusionem,
1032 643 1084 688 et
1115 633 1402 686 aedificabis
1438 647 1597 701 super
1627 647 1739 685 eam
1774 631 1835 698 (Γ)
1867 645 2065 698 pr0pu-

530 730 775 800 gnacuia,
798 737 849 780 et
872 726 1038 794 jacies
1069 737 1229 790 super
1246 737 1361 776 eam
1397 722 1617 786 fossam,
1650 729 1703 776 et
1728 722 1880 775 dabis
1905 735 2064 787 super

529 826 645 871 eam
691 824 886 879 castra,
923 821 977 866 et
1021 812 1296 865 ordiuabis
1349 814 1607 866 stationes
1657 820 1709 864 et
1764 810 1983 864 balistas
2010 810 2063 863 in

528 921 676 976 gyro.
707 906 758 957 5.
787 903 849 956 Ει
875 914 929 956 tu
962 917 1114 957 sume
1137 903 1231 954 tibi
1268 902 1589 970 sartaginem
1626 900 1783 966 ferri,
1821 911 1872 953 et
1896 915 2064 968 ponas

526 1009 642 1048 eam
669 993 925 1061 parietem
975 991 1099 1045 ferri
1135 992 1272 1045 inter
1313 999 1363 1044 te
1402 999 1454 1044 et
1489 990 1628 1042 inter
1670 990 1875 1052 urbem,
1908 989 1981 1058 (g)
2013 998 2066 1043 et

525 1079 740 1149 parabis
768 1079 957 1133 faciem
997 1088 1145 1132 tuum
1177 1092 1338 1146 super
1356 1091 1493 1140 eam,
1531 1077 1604 1145 (h)
1637 1085 1689 1130 et
1725 1075 1826 1130 erit
1853 1076 1906 1128 in
1938 1090 2066 1130 con-

524 1169 784 1231 clusione,
830 1178 881 1222 et
926 1168 1214 1221 concludes
1254 1180 1370 1220 eam
1411 1183 1422 1218 :
1454 1167 1666 1231 signum
1695 1173 1778 1219 est
1807 1166 1910 1219 hoc
1939 1166 2065 1220 liliis

524 1253 763 1307 lsraelis.
788 1252 840 1305 4.
875 1252 940 1305 Et
980 1261 1037 1305 tu
1089 1253 1312 1306 cubabis
1340 1267 1501 1319 super
1544 1253 1681 1306 latus
1734 1261 1882 1304 tuum
1933 1253 2066 1306 sini-

525 1352 722 1406 strum,
740 1351 976 1410 etpoues
1003 1341 1295 1407 injustitias
1331 1339 1526 1392 domus
1559 1338 1769 1394 lsraelis
1793 1355 1955 1408 super
1978 1355 2062 1407 eo,

525 1433 679 1500 juxta
713 1447 996 1485 numerum
1028 1432 1238 1485 dierum
1271 1445 1334 1484 με·
1367 1429 1656 1497 nonaginta
1689 1438 1742 1483 et
1770 1439 1981 1483 centum
2003 1431 2025 1497 ζ
2047 1471 2064 1495 ,

526 1534 668 1588 quos
702 1520 926 1572 cubabis
959 1534 1118 1586 super
1163 1534 1247 1582 eo,
1275 1527 1329 1571 et
1377 1532 1620 1571 assumes
1657 1517 1950 1582 injustitias
1976 1531 2068 1570 eo-

526 1623 669 1661 rum.
702 1607 754 1660 5.
791 1607 855 1659 Et
879 1621 978 1675 ego
1015 1606 1134 1660 dedi
1169 1607 1263 1659 tibi
1291 1607 1424 1659 duas
1465 1606 1756 1672 injustitias
1795 1621 1979 1659 eorum
2013 1606 2065 1658 in

526 1711 810 1749 numerum
843 1696 1073 1756 dierum,
1105 1702 1157 1748 et
1196 1702 1408 1748 centum
1438 1695 1571 1758 dies,
1615 1703 1667 1747 et
1715 1709 1959 1747 assumes
1993 1695 2069 1746 itt-

523 1786 762 1855 justitias
791 1785 983 1839 domus
1009 1785 1239 1838 Israelis.
1272 1785 1324 1838 6.
1353 1785 1416 1836 Et
1437 1784 1840 1837 consummabis
1869 1784 1980 1837 haec
2002 1797 2062 1836 -ξ-
2097 1768 2137 1821 Β

525 1876 706 1928 omnia
753 1874 774 1940 ζ
810 1915 824 1939 ,
870 1881 923 1926 et
981 1873 1202 1926 cubabis
1247 1887 1406 1940 super
1443 1873 1583 1925 latus
1624 1882 1772 1924 tuum
1819 1872 2064 1924 dextrum

527 1964 845 2030 )(secundo
879 1962 901 2028 ζ
931 2001 944 2025 ,
991 1970 1045 2016 et
1085 1975 1328 2015 assumes
1367 1960 1658 2028 injustitias
1698 1960 1889 2012 domus
1919 1958 2069 2011 Judas

525 2052 879 2121 quadraginta
909 2052 1058 2105 dies:
1089 2051 1230 2104 diem
1265 2051 1318 2103 in
1355 2064 1553 2102 annum
1589 2050 1742 2117 posui
1775 2049 1888 2102 tibi.
1917 2050 1967 2100 7.
2007 2049 2070 2101 Et

526 2142 579 2195 iu
615 2142 1022 2196 conclusnonem
1047 2139 1342 2193 Jerusalem
1363 2140 1424 2207 (ἓ)
1441 2139 1655 2206 parabis
1689 2138 1876 2192 faciem
1897 2145 2065 2200 tuam,

523 2241 576 2285 et
609 2231 888 2284 brachium
918 2239 1066 2283 tuum
1098 2228 1492 2293 corroborabis,
1525 2241 1577 2281 et
1611 2227 1952 2296 prophetabis
1984 2242 2071 2279 su-

525 2334 618 2387 per
641 2335 779 2373 eam.
814 2319 865 2372 8.
893 2317 957 2372 Et
977 2334 1076 2387 ego
1097 2332 1222 2372 ecce
1249 2317 1370 2371 dedi
1397 2332 1559 2385 super
1592 2325 1640 2370 te
1667 2317 1902 2381 vincula,
1931 2325 1981 2369 et
2005 2330 2069 2368 ne

523 2417 809 2463 convertas
866 2418 916 2462 te
940 2409 1005 2461 de
1042 2409 1208 2462 latere
1267 2416 1359 2460 tuo
1404 2407 1456 2458 in
1518 2407 1657 2459 latus
1700 2415 1871 2468 tuum,
1900 2406 2070 2459 donec

521 2499 775 2568 completi
825 2497 1024 2552 fuerint
1062 2497 1178 2551 dies
1237 2494 1602 2550 conclusionis
1657 2501 1780 2546 tuae.
1840 2493 1893 2546 9.
1919 2491 1982 2545 Et
2010 2501 2068 2545 tu

525 2604 679 2643 sume
715 2589 812 2641 tibi
842 2588 1101 2649 triticum,
1129 2594 1183 2639 et
1218 2585 1511 2646 hordeum,
1533 2593 1584 2636 et
1606 2583 1773 2644 fabas,
1806 2590 1859 2635 et
1879 2582 2066 2642 lentes,

523 2687 578 2728 et
609 2676 837 2738 milium,
887 2683 940 2727 et
985 2674 1233 2741 speltam,
1279 2681 1331 2726 et
1371 2673 1552 2724 mittes
1597 2671 1740 2722 eain
1777 2684 1870 2722 vas
1902 2685 2066 2722 unum

531 2775 592 2813 -ο-
619 2772 912 2817 testaceum
941 2763 963 2829 ζ
996 2779 1010 2814 :
1045 2770 1097 2814 et
1129 2760 1293 2815 facies
1326 2775 1386 2813 ea
1415 2759 1510 2812 tibi
1550 2759 1601 2810 in
1641 2773 1826 2826 panes,
1848 2759 2067 2826 etjuxta

527 2866 810 2906 numerum
833 2851 1060 2911 dierum,
1085 2863 1222 2917 quos
1244 2857 1298 2901 tu
1325 2848 1530 2901 dormis
1554 2862 1716 2916 super
1759 2847 1924 2900 latere
1955 2856 2064 2912 tuo,

527 2939 817 3008 nonaginta
843 2946 896 2992 et
923 2945 1137 2991 centum
1159 2936 1272 2989 dies
1299 2935 1546 2990 comedes
1597 2951 1678 2990 ea.
1718 2934 1801 2990 10.
1825 2935 1889 2988 Et
1917 2936 2068 2989 cibus

526 3035 673 3091 tuus,
701 3042 862 3096 quem
891 3025 1165 3090 comedes,
1196 3025 1249 3078 in
1276 3024 1512 3093 pondere
1548 3023 1730 3093 viginti
1761 3025 1921 3078 siclos
1942 3024 2064 3077 die:

2164 542 2301 610 ejus,
2331 547 2382 592 et
2409 539 2708 607 liquescent
2736 534 2790 587 in
2819 529 3100 600 injustitiis
3130 527 3260 581 suis.

2232 631 2364 698 Cap.
2397 629 2629 681 V.-—Et
2655 635 2736 688 tu,
2763 625 2837 677 ﬁli
2883 620 3138 682 hominis,
3171 632 3319 672 sume
3355 615 3444 669 tibi
3465 615 3668 684 gladium

2163 727 2376 772 acutum
2428 717 2550 785 plus
2599 729 2764 782 quam
2820 708 3089 764 novacula
3122 705 3370 768 tonsoris,
3407 714 3455 757 et
3490 706 3672 773 posside

2163 822 2284 860 eum
2312 807 2426 870 tibi,
2457 814 2509 858 et
2531 804 2758 857 inducas
2775 815 2899 854 eum
2925 811 3088 865 super
3112 803 3270 862 caput
3303 802 3526 855 tuum,et
3539 808 3671 860 super

2164 895 2382 948 barbam
2417 904 2564 946 tuam
2593 908 2608 945 :
2635 900 2688 944 et
2719 902 2905 944 sumes
2944 889 3009 951 χ
3037 883 3131 936 tibi
3173 886 3194 950 ζ
3233 890 3470 935 stateram
3501 880 3671 948 ponde-

2163 999 2306 1047 rum,
2334 992 2387 1036 et
2413 980 2620 1035 divides
2645 993 2708 1032 ea
2731 993 2745 1029 :
2771 979 2828 1029 2.
2868 984 3120 1044 quartam
3160 981 3359 1040 partem
3407 970 3455 1022 in
3487 970 3591 1038 igne
3611 969 3671 1038 (η)

2164 1071 2458 1141 dissipabis
2485 1071 2537 1123 in
2564 1068 2747 1122 medio
2769 1065 2942 1125 urbis,
2993 1061 3070 1131 (ο)
3118 1061 3268 1129 juxta
3309 1058 3672 1125 cotnpletionem

2163 1162 2370 1217 dierum
2405 1156 2775 1214 conclusionis
2805 1170 2818 1206 :
2851 1163 2904 1207 et
2932 1166 3118 1206 sumes
3148 1157 3384 1218 quartam
3411 1156 3672 1216 partem,-t-

2163 1261 2217 1305 et
2245 1251 2528 1305 combures
2542 1263 2661 1302 eam
2686 1246 2738 1299 in
2761 1241 3075 1310 medioejus
3098 1248 3181 1293 :et
3197 1246 3431 1307 quartam
3452 1248 3627 1304 partem
3652 1240 3669 1302 ζ

2165 1340 2420 1394 concides
2449 1339 2502 1390 in
2531 1335 2707 1402 gladio
2733 1334 2942 1388 circum
2977 1346 3096 1384 eam
3125 1347 3137 1383 :
3167 1337 3220 1383 et
3245 1336 3479 1396 quartam
3504 1334 3671 1394 partem

2164 1429 2438 1496 disperges
2480 1435 2643 1479 vento
2689 1440 2702 1474 :
2771 1431 2826 1476 et
2873 1420 3110 1490 gladium
3150 1418 3410 1472 evacuabo
3437 1425 3546 1483 post
3580 1429 3672 1468 eos.

2165 1519 2216 1571 3.
2245 1517 2308 1570 Et
2336 1531 2520 1570 sumes
2548 1515 2672 1567 inde
2698 1526 2906 1582 paucos
2929 1513 2982 1563 in
3011 1524 3258 1569 numero,
3294 1518 3345 1561 et
3367 1507 3512 1561 simul
3535 1506 3674 1558 invol-

2165 1622 2258 1660 ves
2286 1622 2378 1660 eos
2407 1606 2725 1658 indumento
2757 1611 2872 1656 tuo.
2900 1602 2952 1654 4.
2995 1599 3061 1654 Ει
3087 1614 3152 1653 ex
3201 1599 3284 1652 his
3315 1612 3482 1651 sumes
3513 1596 3672 1657 adhuc,

2166 1706 2218 1750 et
2249 1695 2502 1764 projicies
2532 1707 2596 1746 ea
2631 1694 2683 1745 in
2710 1692 2951 1746 medium
2997 1689 3158 1758 ignis,
3186 1698 3238 1742 et
3277 1687 3540 1741 combures
3564 1700 3614 1738 ea
3633 1685 3673 1736 in

2167 1784 2286 1852 igne
2319 1801 2333 1836 :
2363 1796 2428 1835 ex
2481 1796 2545 1835 ea
2591 1779 2902 1849 egredietur
2943 1778 3124 1846 ignis:
3173 1791 3234 1829 -θ-
3263 1784 3311 1829 et
3345 1773 3526 1838 dices:
3555 1771 3674 1824 omni

2169 1872 2353 1925 domui
2388 1869 2600 1924 lsraclis
2627 1887 2642 1922 :
2675 1868 2725 1921 5.
2755 1867 2883 1921 Haec
2913 1865 3264 1919 dicitAdonai
3287 1863 3553 1917 Dominus:
3575 1859 3673 1914 Haec

2167 1960 2488 2024 Jerusalem,
2521 1959 2596 2027 (p)
2629 1959 2683 2012 in
2717 1957 2900 2013 medio
2921 1958 3160 2025 gentium
3187 1955 3338 2023 posui
3379 1968 3509 2014 eam,
3535 1962 3580 2005 et
3607 1966 3676 2003 rc-

2168 2050 2351 2118 giones
2373 2063 2491 2116 qua:
2517 2048 2661 2101 circa
2690 2061 2837 2100 eam.
2871 2046 2926 2101 6.
2953 2046 3028 2114 (ιι)
3079 2043 3146 2096 Ει
3173 2045 3317 2098 dices
3339 2043 3398 2112 (')
3425 2043 3534 2108 jura
3583 2052 3675 2092 mea

2167 2139 2315 2209 (ipsi)
2340 2140 2522 2206 inique
2553 2153 2617 2191 ex
2649 2138 2924 2206 gentibus,
2957 2146 3011 2190 et
3040 2135 3275 2202 legitima
3303 2146 3414 2185 mea
3444 2145 3506 2183 ex
3539 2127 3678 2194 regio-

2171 2232 2496 2297 nibus,qua3
2533 2227 2678 2282 circa
2709 2242 2868 2291 eam;
2904 2225 3031 2293 quia
3070 2225 3194 2292 jura
3241 2237 3352 2275 mea
3392 2219 3675 2286 repulerunt,

2167 2329 2220 2372 et
2246 2318 2297 2370 in
2327 2317 2531 2386 legibus
2561 2317 2696 2369 meis
2722 2332 2834 2368 non
2863 2316 3214 2367 ambularunt
3237 2313 3287 2364 in
3310 2311 3406 2364 eis.
3425 2309 3473 2360 7.
3497 2307 3678 2372 Propter

2171 2408 2272 2460 hoc
2301 2407 2412 2459 haec
2455 2406 2587 2458 dicit
2621 2406 2834 2460 Adonai
2883 2405 3151 2458 Dominus
3188 2418 3200 2452 :
3248 2400 3348 2453 Pro
3376 2413 3436 2452 eo
3471 2399 3596 2465 quod
3623 2395 3678 2461 (Γ)

2169 2495 2382 2549 uerasio
2403 2503 2580 2548 vestra
2609 2509 2674 2547 ex
2710 2496 2990 2564 gentibus,
3037 2507 3160 2562 quae
3183 2494 3234 2546 in
3263 2490 3483 2545 circuitu
3503 2494 3673 2546 veslro,

2169 2582 2297 2635 etin
2325 2582 2582 2650 legitimis
2609 2583 2747 2635 meis
2773 2597 2882 2635 non
2915 2580 3259 2640 ambulastis,
3293 2586 3344 2632 et
3385 2571 3681 2644 iustificatio-

2169 2686 2266 2725 nes
2289 2686 2436 2725 meas
2455 2686 2562 2724 non
2587 2671 2820 2736 fecistis,
2847 2671 2940 2725 sed
2964 2662 3680 2739 nequejuxtajustilicationes

2170 2761 2430 2827 gentium.
2462 2775 2585 2827 quae
2615 2762 2670 2811 in
2710 2761 2948 2814 circuitu
3003 2769 3204 2823 vestro,
3240 2755 3435 2811 fecistis
3465 2752 3548 2804 :8.
3584 2762 3683 2816 pr0-

2169 2857 2283 2918 pter
2313 2849 2415 2902 hoc
2431 2849 2547 2902 haec
2563 2849 2696 2902 dicit
2726 2849 2945 2903 Adonai
2967 2849 3230 2903 Dominus
3262 2863 3274 2898 :
3301 2846 3431 2900 Ecce
3445 2855 3533 2911 ego
3551 2851 3682 2906 super

2169 2953 2286 3002 vos,
2313 2947 2367 2991 et
2390 2952 2489 3008 ego
2515 2937 2710 2991 faciam
2743 2939 2803 2992 in
2834 2939 3016 2992 medio
3046 2939 3122 2992 tui
3160 2936 3356 3006 judicia
3395 2945 3560 2987 coram
3581 2942 3683 2996 gelv

2172 3031 2335 3092 tibus,
2363 3027 2416 3082 9.
2446 3037 2499 3081 et
2523 3027 2717 3082 faciam
2748 3029 2810 3082 in
2843 3039 2916 3092 te,
2950 3043 3073 3098 qua:
3094 3042 3207 3085 non
3233 3024 3349 3090 feci,
3383 3033 3434 3076 et
3460 3033 3567 3089 qua:
3597 3029 3681 3068 non

527 3131 558 3168 ﬂ
582 3125 820 3183 tempore
849 3129 1021 3182 usque
1052 3113 1118 3166 ad
1165 3123 1376 3181 ῑθηψυε
1409 3112 1656 3166 comedes
1678 3127 1761 3166 ea-
1790 3112 1966 3165 —M-
2002 3111 2069 3168 Et
2096 3095 2137 3152 (ί
2174 3119 2366 3172 faciam
2395 3116 2594 3170 similia
2626 3117 2708 3170 eis
2746 3095 2992 3186 amplius
3032 3118 3188 3186 juxta
3225 3126 3408 3168 omnes
3443 3105 3682 3163 abomina-

527 3219 721 3272 aquam
756 3205 810 3256 in
851 3215 1101 3257 mensura
1128 3201 1298 3264 bibes,
1335 3211 1538 3256 sextam
1566 3211 1766 3269 partem
1794 3201 1849 3255 ln
1879 3218 1909 3255 a
1930 3212 2066 3257 tem-

527 3308 659 3362 pore
714 3307 885 3362 usque
933 3291 1000 3345 ad
1067 3300 1280 3358 tempus
1335 3291 1509 3344 bibes.
1567 3292 1653 3343 i2.
1684 3291 1847 3362 Et(k)
1878 3308 2065 3361 panem

528 3382 936 3436 subcineritium
962 3381 1146 3435 hordei
1168 3380 1416 3435 comedes
1449 3393 1510 3432 ea
1544 3396 1557 3431 :
1585 3379 1638 3432 in
1661 3379 1786 3432 fimo
1812 3383 2067 3434 stercoris

528 3472 750 3525 humani
800 3470 1100 3526 abseondes
1143 3485 1206 3524 ea
1249 3477 1373 3524 ante
1414 3467 1598 3523 oculos
1631 3483 1841 3530 eorum,
1877 3470 1963 3522 15.
2015 3479 2082 3548 et

525 3562 712 3617 dices:
752 3560 874 3616 ilaac
912 3561 1042 3616 dicit
1081 3559 1340 3615 Dominus
1365 3573 1425 3614 -ι-
1457 3557 1598 3613 Deus
1636 3559 1850 3613 lsraelis
1878 3560 1935 3626 ξε
1978 3557 2068 3613 Sic

527 3652 809 3706 comedent
833 3651 924 3704 lilii
959 3650 1170 3705 Israelis
1196 3653 1262 3716 Χ
1286 3664 1478 3718 panem
1523 3649 1545 3716 ζ
1578 3663 1734 3702 suum
1767 3663 1876 3702 non
1905 3663 2066 3701 mun-

524 3740 651 3794 dum
678 3741 740 3810 (Ι)
775 3741 827 3794 iu
857 3741 1124 3810 gentibus,
1143 3755 1252 3808 quo
1266 3740 1569 3807 dispergam
1597 3752 1692 3792 eos
1716 3739 1861 3791 illuc.
1896 3738 1982 3790 M.
2002 3738 2067 3791 Et

523 3829 635 3882 dixi
671 3847 684 3883 :
716 3830 1082 3897 Nequaquam,
1111 3829 1332 3882 Domine
1369 3828 1510 3881 Deus
1537 3827 1780 3883 lsraclis:
1809 3829 1854 3882 si
1887 3829 2066 3880 anima

525 3933 643 3970 mea
677 3931 783 3970 non
817 3918 1017 3985 polluta
1045 3931 1107 3971 αι-
1139 3918 1191 3970 ἰη
1240 3916 1579 3969 immunditia
1607 3917 1627 3981 ζ
1656 3954 1671 3978 ,
1715 3925 1768 3971 et
1825 3917 2065 3971 mortici-

526 4009 694 4070 nium,
729 4014 782 4058 et
815 4014 1028 4072 captum
1061 4021 1090 4058 a
1133 4005 1261 4058 feris
1314 4021 1420 4058 non
1465 4006 1670 4057 comedi
1728 4022 1758 4059 a
1792 4006 2067 4059 nativitate

526 4108 643 4147 mea
669 4109 837 4162 usque
869 4100 1035 4156 nun'c,
1071 4108 1244 4160 neque
1277 4093 1553 4160 ingressus
1580 4101 1661 4146 est
1703 4094 1752 4146 in
1789 4109 1851 4147 os
1884 4108 2064 4147 meum

528 4182 784 4234 +omnis
833 4180 856 4247 ζ
913 4195 1041 4234 caro
1087 4181 1381 4234 immunda.
1431 4181 1517 4234 15.
1557 4181 1621 4234 Et
1649 4181 1787 4235 dixit
1831 4183 1895 4234 ad
1935 4198 2061 4235 me:

525 4271 662 4326 Ecce
690 4271 810 4325 dedi
848 4272 943 4325 tibi
975 4274 1040 4339 x
1060 4273 1173 4340 τὰζ
1200 4281 1432 4326 stercora
1476 4271 1636 4324 boum
1677 4287 1773 4340 pro
1814 4273 2066 4326 stercori-

525 4361 627 4414 bus
656 4359 926 4421 humanis,
951 4359 1189 4413 et‘facies
1211 4374 1375 4427 panes
1404 4368 1523 4413 tuos
1570 4372 1732 4428 super
1755 4359 1851 4413 eis.
1880 4361 1964 4412 16.
2004 4359 2067 4412 Et

523 4449 659 4502 dixit
683 4447 750 4502 ad
771 4461 888 4501 me:
925 4449 1026 4502 Fili
1060 4449 1311 4513 hominis,
1345 4464 1469 4502 ecce
1485 4463 1583 4517 ego
1609 4448 1888 4517 confringo
1909 4448 2064 4502 fulci-

525 4546 763 4592 mentum
812 4538 966 4607 panis
1001 4539 1054 4592 in
1103 4538 1419 4604 Jerusalem,
1473 4548 1526 4593 et
1562 4540 1843 4594 comedent
1871 4555 2064 4608 panem

523 4628 680 4682 etiam
711 4627 764 4682 in
802 4629 1055 4697 pondere,
1093 4637 1148 4683 et
1175 4631 1227 4681 in
1255 4629 1474 4697 penuria
1500 4644 1515 4681 :
1545 4638 1597 4682 et
1621 4644 1812 4698 aquam
1844 4631 1896 4682 in
1919 4647 2066 4684 men-

524 4736 673 4786 sura,
733 4730 788 4774 et
831 4720 929 4791 (νη)
981 4720 1033 4773 in
1093 4720 1258 4773 exitio
1296 4720 1499 4782 bibent,
1534 4719 1618 4773 17.
1674 4729 1730 4773 ut
1760 4720 1910 4788 egeni
1941 4721 2068 4773 liaut

620 5023 688 5094 (ε)
739 5022 820 5087 8.,
875 5024 1132 5077 ambitum
1192 5025 1338 5094 belli;
1377 5026 1450 5093 (i.
1499 5040 1547 5080 e.
1606 5025 1984 5094 obsidionem).

2052 5025 2118 5093 (f)
2161 5023 2254 5085 8.,
2321 5025 2714 5081 munimentum
2803 5032 2970 5085 muri.

2174 3208 2349 3261 tiones
2375 3213 2516 3259 tuas.
2543 3204 2630 3258 10.
2654 3203 2896 3276 Propter
2928 3208 3034 3262 hoc
3063 3217 3241 3276 patres
3289 3201 3553 3258 comedent
3575 3195 3684 3249 filios

2173 3297 2225 3349 in
2262 3295 2437 3348 medio
2466 3295 2566 3358 tui,
2591 3305 2646 3349 et
2674 3295 2773 3350 ﬁlii
2805 3297 3097 3352 comedent
3128 3305 3308 3366 patres
3340 3308 3354 3344 :
3380 3302 3429 3346 et
3457 3287 3624 3343 faciam
3641 3284 3682 3335 in

2175 3395 2226 3438 te
2249 3383 2472 3453 judicia,
2521 3391 2575 3436 et
2611 3383 2929 3454 dispergam
2986 3400 3179 3440 omnes
3229 3381 3464 3438 residuos
3497 3386 3604 3432 tuos
3641 3371 3682 3424 in

2172 3489 2389 3530 omnem
2438 3481 2682 3529 ventum.
2741 3477 2832 3530 11.
2872 3476 3110 3546 Pr0pter
3166 3475 3268 3528 hoc
3312 3471 3430 3524 vivo
3450 3481 3558 3537 ego,
3583 3460 3684 3516 dicit

2171 3565 2376 3627 Adonai
2404 3563 2688 3628 Dominus,
2718 3566 2830 3620 nisi
2855 3581 2956 3635 pro
2983 3580 3049 3620 eo
3075 3565 3217 3635 quod
3241 3562 3430 3616 Sancta
3457 3571 3562 3613 mea
3581 3567 3684 3607 con-

2171 3653 2445 3707 taminasti
2478 3653 2534 3706 in
2562 3655 2825 3709 omnibus
2858 3657 2928 3721 x
2958 3654 3027 3723 (ε)
3075 3648 3547 3708 abominationibus
3582 3640 3683 3696 tuis.

2170 3751 2224 3794 et
2249 3741 2300 3793 in
2323 3742 2578 3796 omnibus
2627 3743 2651 3811 ζ
2706 3744 3145 3813 inquinamentis
3174 3744 3302 3806 tuis,
3340 3740 3492 3794 etiam
3524 3747 3608 3801 ego
3634 3728 3684 3793 (ι)

2171 3829 2434 3898 expellam
2464 3839 2517 3883 te
2545 3845 2560 3882 :
2594 3845 2702 3885 non
2737 3844 2927 3901 parcet
2957 3835 3153 3888 oculus
3183 3845 3362 3894 meus,
3403 3837 3452 3882 et
3477 3838 3564 3892 εεο
3601 3832 3683 3872 ¹¹⁰¹¹

2171 3910 2614 3974 ιηὶεθτεδον.’12.
2650 3921 2859 3987 Quarta
2887 3939 3017 3992 pars
3039 3927 3116 3977 tui
3143 3923 3198 3976 in
3241 3929 3408 3975 morte
3444 3922 3684 3970 consume-

2173 4015 2295 4060 tur:
2326 4020 2384 4061 οι-
2419 4017 2473 4061 et
2506 4018 2702 4076 quarta
2743 4026 2876 4079 pars
2907 4014 2984 4064 tui
3019 4015 3042 4081 ζ
3079 4013 3134 4065 in
3163 4011 3302 4064 fame
3333 4003 3615 4062 conﬁcietur
3646 3995 3684 4045 in

2172 4093 2348 4147 medio
2379 4096 2455 4147 tui
2481 4113 2494 4148 :
2525 4100 2591 4164 χ(
2623 4105 2678 4149 et
2704 4109 2906 4166 quarta
2956 4115 3088 4168 pars
3148 4099 3227 4152 tui
3273 4098 3326 4151 in
3375 4091 3537 4164 gladio
3563 4083 3687 4140 cadet

2172 4183 2314 4236 circa
2348 4191 2399 4236 te
2442 4183 2500 4250 ζε
2537 4194 2591 4238 et
2623 4198 2882 4254 quartam
2912 4197 3125 4258 partem
3161 4189 3235 4242 tui
3277 4187 3328 4239 in
3362 4194 3556 4238 onmem
3583 4188 3686 4227 veno

2173 4283 2283 4326 tum
2308 4273 2613 4344 dispergam
2643 4292 2776 4332 eos:
2803 4290 2858 4332 et
2889 4281 3131 4348 gladium
3161 4277 3430 4334 evacuabo
3461 4277 3570 4342 post
3595 4276 3684 4318 eos.

2173 4364 2258 4416 15.
2289 4363 2354 4416 Ει
2406 4366 2770 4433 complebitur
2796 4369 2950 4424 furor
2985 4386 3163 4437 meus,
3215 4379 3270 4425 et
3299 4370 3376 4423 ira
3424 4378 3532 4419 mea
3559 4367 3687 4423 διψετ

2170 4468 2285 4516 eos,
2304 4455 2370 4519 Χ
2410 4462 2462 4506 et
2489 4457 2823 4512 consolabor
2847 4461 2937 4528 (“)
2970 4463 2994 4530 ζ
3022 4504 3038 4527 ,
3061 4472 3116 4516 et
3146 4472 3452 4530 cognosces,
3486 4449 3594 4521 quia
3611 4455 3688 4510 ego

2174 4543 2433 4596 Dominus
2467 4544 2680 4598 locutus
2712 4563 2838 4601 sum
2864 4551 2920 4602 in
2945 4552 3064 4604 zelo
3089 4566 3244 4613 meo,
3293 4562 3412 4602 cum
3445 4541 3688 4608 implevero

2173 4633 2305 4685 iram
2337 4647 2510 4685 meam
2546 4634 2596 4685 in
2623 4635 2726 4688 eis.
2760 4639 2848 4694 14.
2880 4638 2948 4692 Ει
2973 4655 3175 4708 ponam
3201 4649 3252 4693 te
3282 4640 3334 4691 iu
3357 4636 3620 4690 desertum,
3649 4629 3686 4673 el

2174 4720 2227 4774 in
2252 4721 2622 4788 opprobrium,
2652 4725 2720 4790 Ξε(
2747 4725 2802 4779 in
2839 4730 3116 4797 gentibus,
3171 4743 3292 4797 quae
3339 4725 3474 4781 circa
3501 4729 3546 4774 te
3579 4715 3686 4780 19L“

3327 5038 3378 5082 et
3427 5025 3686 5076 convertes-

3058 5032 3133 5154 58)
3148 5031 3272 5154 5.8.".

495 5117 500 5141 ε
531 5091 708 5172 (ing,
740 5102 798 5144 ut
822 5094 1287 5172 siticonclusa..(i)
1429 5095 1703 5172 ordinabis
1739 5091 2128 5172 facicInTtuant',
2154 5103 2209 5147 et
2236 5094 2515 5172 brachium
2565 5105 2716 5150 tuum
2767 5102 3002 5172 nudum.
3037 5091 3233 5170 (10's.,
3261 5091 3686 5172 complementum;

497 5178 504 5184 ·
532 5147 763 5241 αἰξίν-ᾳ
793 5171 1043 5241 contactu
1077 5147 1333 5229 gentium.
1369 5147 1570 5241 ('ut)_S_.,
1604 5147 1725 5241 cum
1753 5147 2137 5241 violentiagut',
2178 5175 2300 5241 eum
2333 5163 2485 5241 egeni
2510 5147 2729 5233 sunt—pa
2743 5147 3478 5237 nis'EI'SdtIEé,"ébdffééuo
3508 5158 3593 5209 eis.

529 5224 834 5301 combures.
861 5228 946 5306 .(o).
969 5224 1201 5308 S.,.cum
1233 5224 1478 5297 completi
1511 5224 1708 5283 fuerint
1736 5231 1871 5283 dies.
1905 5233 1976 5295 (p)
2011 5229 2090 5288 S.,
2124 5237 2239 5280 erat
2265 5229 2316 5280 in
2346 5224 2519 5283 medio
2551 5224 2818 5300 gentium.
2876 5242 2891 5301 (
2937 5240 2953 5304 )
3000 5224 3088 5301 'S.,
3123 5224 3412 5291 'mutarunt
3456 5239 3569 5280 vero
3612 5228 3687 5286 Ρτο

529 5293 746 5356 μιιΙιειιε
774 5307 906 5347 mets
935 5306 1258 5357 impietates,
1290 5313 1424 5357 quas
1454 5312 1483 5350 a
1510 5299 1779 5357 gentibus.
1821 5297 1882 5357 (⁸)
1905 5297 2006 5349 ΡΙῸ
2033 5307 2204 5357 nam,
2232 5306 2280 5349 et
2313 5301 2531 5352 mutavit
2552 5341 2566 5357 .
2619 5303 2870 5357 lem-runt
2897 5255 3041 5357 (LXX
3075 5317 3291 5357 annm.
3326 5314 3373 5355 et
3404 5300 3549 5350 dices.
3584 5289 3687 5357 0'1":

525 5291 907 5371 jmliciis'mei's
935 5296 1258 5371 impietates,
1290 5291 1424 5366 quas
1454 5312 1483 5350 a
1510 5299 1779 5365 gentibus.
1821 5297 1882 5371 (ξ)
1905 5291 2006 5349 Pro
2033 5307 2204 5371 113m,
2232 5306 2280 5371 ς]
2313 5291 2579 5371 mutavit:
2617 5303 2870 5371 legi-runt

2949 5289 3056 5357 XX,
3326 5314 3373 5355 et
3404 5300 3549 5367 dices.
3575 5289 3688 5367 _Q'l'5'3

531 5353 1135 5441 lectiogabsurdans'icut
1158 5375 1210 5418 et
1243 5353 1452 5435 'ea'que
1480 5353 1795 5441 sequuntur.
1826 5353 2034 5441 Sensus
2061 5353 2389 5441 cuiuilleluz
2421 5353 3531 5441 veritatisquestvztterminavi.'(JeruSalem)
3568 5353 3686 5441 ῇξιιξξς

529 5426 610 5503 ria
669 5439 812 5503 mea”
856 5426 906 5503 in
974 5429 1292 5503 impietatem
1349 5426 1472 5503 'prze
1539 5426 1813 5503 gentibus:
1873 5432 2072 5503 Ducti.

2159 5435 2226 5500 (ν)
2279 5433 2334 5487 5-
2357 5475 2370 5498 .

2425 5423 2741 5510 multitudo
2771 5423 3171 5498 ν
3208 5423 3302 5510 ’ὠ
3360 5440 3448 5496 δι’

532 5492 1103 5580 lt-Jigmttlmpassiv'c,
1146 5515 1174 5553 a
1213 5492 1381 5580 verbo'
1405 5492 1613 5580 console
1650 5500 2067 5580 (cfulforcellin-i
2096 5492 2458 5572 lesicon).'lla
2484 5492 2956 5574 reposuimus'utﬁ
3001 5492 3323 5580 respondeat
3349 5492 3476 5575 Syro
3500 5492 3686 5558 istim“,

529 5571 581 5612 et
617 5557 807 5612 Grmco
830 5557 1217 5631 Tetraplorum,
1256 5573 1318 5634 )3:
1379 5572 1467 5622 καὶ
1496 5557 2000 5640 παραᾶςὶῃθήσομαι.
2033 5569 2226 5622 ῡκλωι.
