3802 6392
209 367 318 452 nu

1513 427 1910 484 HEZECIELIS
1948 427 2172 485 CAPUT
2217 424 2328 483 νη.

3361 427 3508 482 9698

238 511 354 570 fdus
378 513 526 611 tuas
539 511 698 572 circa
727 528 789 576 te
845 541 1080 589 coram
1109 540 1256 592 omni
1297 541 1522 596 viatore.
1548 544 1634 597 15.
1667 543 1735 598 Et
1765 543 1873 599 eris
1901 551 1945 603 Α
1976 544 2116 598 fame
2140 551 2486 596 consumetur
2516 561 2527 596 :
2561 551 2615 596 et
2655 540 2934 611 complebo
2967 540 3100 594 iram
3135 553 3309 593 meam
3350 555 3510 608 super

258 601 592 678 gemebunda.
618 612 691 680 Χ
720 621 781 667 et
827 626 1160 681 manifesta
1195 629 1260 698 (~)
1302 631 1355 684 in
1396 632 1675 700 disciplina
1704 634 1782 700 (α)
1807 641 1861 686 et

264 699 542 794 destructio
570 700 684 769 1in
715 710 1176 794 gentibus,quaa
1221 719 1362 773 circa
1391 727 1475 784 te,
1531 699 1652 774 cum
1685 720 1861 776 fecero

264 790 317 845 in
348 801 400 848 te
422 791 620 862 iudicia
646 797 717 862 Χ
737 798 795 852 in
838 800 941 858 ira
971 790 1262 870 mea,etin
1287 809 1466 863 furore
1500 812 1521 878 1
1552 819 1602 863 et
1631 812 1681 864 in
1704 811 1862 864 ultio-

265 900 336 939 ne
365 885 593 940 furoris:
617 902 718 956 ego
749 889 1048 951 Dominus
1095 899 1304 952 locutus
1336 914 1477 953 sum.
1524 901 1606 953 16.
1637 900 1860 964 Quando

264 978 478 1031 misero
513 978 734 1048 sagittas
766 983 832 1045 Χ
853 986 1048 1040 malas
1081 988 1102 1055 1
1138 988 1298 1040 famis
1321 1004 1481 1057 super
1507 1004 1621 1050 eos,
1640 999 1691 1041 et
1705 998 1864 1042 erunt

260 1065 320 1118 in
352 1065 750 1133 defectionem,
785 1072 857 1135 Χ·
889 1087 1039 1140 quas
1075 1074 1282 1128 mittam
1313 1090 1426 1133 eas.
1459 1076 1521 1128 ad
1551 1075 1862 1143 disperden-

252 1153 404 1206 dum
445 1169 556 1210 vos
589 1174 603 1209 :
643 1164 697 1210 et
739 1156 946 1211 famem
991 1163 1330 1230 congregabo
1367 1163 1389 1227 1
1427 1177 1588 1230 super
1644 1176 1760 1223 vos,
1809 1169 1863 1214 et

250 1252 569 1298 conteram
605 1245 988 1301 fulcimentum
1025 1251 1176 1317 panis
1203 1252 1298 1304 tui.
1324 1252 1409 1304 17.
1431 1250 1494 1304 Et
1509 1251 1744 1305 emittam
1768 1266 1862 1304 su-

249 1347 363 1401 per
404 1343 466 1388 te
503 1334 586 1404 (ai)
624 1335 846 1400 famem,
877 1346 935 1390 et
962 1338 1167 1393 bestias
1203 1340 1390 1404 malas,
1425 1340 1496 1408 (ῃ)
1520 1348 1571 1392 et
1593 1354 1786 1407 ponam
1808 1338 1862 1391 in

245 1432 439 1492 caput
463 1434 629 1478 tuum
650 1428 759 1495 (“),
783 1436 838 1481 et
868 1442 1019 1482 mors
1048 1437 1101 1482 et
1128 1430 1348 1498 sanguis
1375 1429 1680 1482 transibunt
1705 1443 1865 1496 super

246 1520 332 1575 te,
376 1522 440 1566 et
475 1515 730 1582 gladium
763 1516 1021 1570 inducam
1057 1533 1220 1587 super
1243 1527 1293 1571 te
1321 1517 1558 1585 undique
1585 1535 1597 1569 :
1630 1531 1728 1586 ego
1759 1516 1865 1570 Do-

244 1597 468 1651 minus
501 1599 731 1653 locutus
759 1615 905 1654 sum.

326 1685 488 1754 Cap.
511 1685 685 1738 VL—
701 1689 722 1738 1
739 1728 752 1740 .
769 1688 837 1740 Et
859 1689 1060 1742 factum
1086 1699 1167 1743 est
1192 1690 1414 1744 verbum
1435 1690 1645 1744 Domini
1671 1691 1735 1744 ad
1756 1705 1864 1755 me,

243 1772 515 1830 dicens:
550 1775 610 1829 2.
643 1776 750 1829 Fili
807 1778 1069 1842 hominis,
1099 1794 1237 1848 pone
1281 1778 1471 1833 faciem
1529 1789 1675 1832 tuam
1707 1795 1866 1848 super

1959 648 2074 686 eos.
2107 633 2193 686 15.
2231 631 2295 685 Et
2315 632 2516 696 scietis,
2553 633 2693 701 quod
2719 647 2818 702 ego
2853 631 3134 693 Dominus,
3163 644 3284 683 cum
3313 629 3510 682 fuerint

1957 721 2120 774 occisi
2157 722 2320 775 vestri
2349 721 2486 773 inter
2517 721 2656 774 idola
2683 728 2862 774 vestra
2893 719 3037 773 circa
3068 718 3254 772 altaria
3287 726 3464 770 vestra
3493 733 3507 768 :

1960 823 2122 875 super
2137 823 2350 862 omnem
2375 809 2564 862 collem
2592 809 2889 869 excelsum,
2916 809 2980 873 Χ
2998 819 3051 861 et
3075 822 3237 875 super
3256 806 3511 860 omnibus

1959 897 2256 951 verticibus
2299 897 2638 964 montium1,
2678 908 2732 953 et
2770 899 2956 952 subter
2993 913 3208 952 omnem
3256 898 3510 951 arborem

1959 986 2293 1049 umbrosam,
2322 997 2373 1041 et
2409 987 2594 1041 subter
2620 1003 2831 1041 omnem
2875 1003 3130 1056 quercum
3162 988 3404 1048 densam,
3431 987 3511 1040 lo-

1959 1090 2080 1128 cum
2143 1076 2234 1129 ubi
2290 1076 2552 1130 dederunt
2615 1077 2685 1130 ibi
2742 1076 2959 1130 odorem
2996 1093 3213 1131 suavem
3256 1077 3508 1132 omnibus

1961 1161 2119 1220 idolis
2145 1163 2278 1216 suis.
2311 1164 2396 1216 M.
2437 1164 2504 1218 Et
2549 1166 2834 1219 extendam
2881 1181 3098 1218 manum
3142 1181 3314 1220 meam
3350 1181 3509 1234 super

1960 1265 2073 1314 eos,
2111 1261 2165 1304 et
2189 1266 2384 1318 ponam
2410 1262 2606 1306 terram
2638 1255 2704 1322 (ι’)
2731 1254 2784 1306 in
2820 1254 3066 1317 exitium,
3098 1263 3150 1307 et
3193 1255 3244 1307 in
3288 1253 3512 1308 deletio-

1961 1353 2082 1393 nem
2115 1353 2143 1390 a
2172 1340 2384 1394 deserto
2414 1341 2668 1394 Deblatba
2697 1357 2759 1396 ex
2783 1343 2930 1395 omni
2953 1343 3278 1396 habitatione
3298 1357 3507 1408 eorum,

1962 1437 2014 1480 et
2041 1427 2403 1495 cognoscetis,
2438 1429 2579 1496 quod
2615 1443 2715 1498 ego
2751 1429 3029 1485 Dominus.

2031 1516 2159 1584 Cap.
2200 1515 2309 1569 Vll.
2334 1547 2398 1556 —
2422 1518 2470 1570 l.
2505 1516 2569 1571 Et
2605 1517 2802 1572 factum
2830 1527 2911 1572 est
2953 1519 3173 1572 verbum
3207 1518 3413 1571 Domini
3439 1519 3508 1572 ad

1967 1618 2068 1666 me,
2106 1605 2289 1659 dicens
2320 1624 2333 1658 :
2366 1605 2419 1656 2.
2449 1604 2514 1659 Et
2539 1614 2616 1668 tu,
2646 1607 2719 1659 lili
2760 1606 3140 1670 hominis,hae.c
3154 1607 3281 1661 dicit
3302 1606 3506 1659 Adonai

1967 1693 2228 1747 Dominus
2259 1704 2412 1748 terra:
2446 1695 2660 1749 lsraelis
2689 1712 2704 1749 :
2733 1694 2882 1748 Finis
2911 1696 3074 1759 venit,
3107 1694 3227 1748 finis
3259 1694 3509 1748 venitsu-

1967 1796 2056 1849 per
2089 1793 2323 1850 quatuor
2349 1783 2460 1837 alas
2491 1792 2662 1837 terrze.
2691 1783 2743 1835 7.
2771 1797 2836 1838 -ι-
2859 1782 3017 1838 Venit
3047 1784 3165 1838 linis
3197 1785 3218 1852 1
3257 1799 3414 1852 super
3435 1793 3506 1845 te,

244 1873 509 1918 montes
541 1864 786 1926 lsraelis,
813 1876 868 1920 et
892 1869 1148 1936 propheta
1189 1883 1352 1936 super
1382 1883 1496 1928 eos,
1530 1870 1582 1921 5.
1607 1877 1660 1923 et
1682 1870 1863 1923 dices:
1898 1859 1941 1914 Β
1971 1869 2061 1937 qui
2090 1871 2301 1924 habitas
2330 1885 2492 1939 super
2520 1879 2697 1924 terra:
2743 1871 2888 1924 venit
2931 1879 3139 1938 tempus
3163 1910 3178 1937 ,
3225 1871 3510 1939 appropin-

252 1952 502 2007 Montes
533 1951 755 2008 lsraelis
789 1996 806 2021 ,
842 1955 1027 2009 audite
1087 1957 1309 2009 verbum
1365 1957 1574 2010 Adonai
1610 1958 1859 2011 Domini:

250 2041 393 2095 Iure
428 2043 578 2099 dicit
612 2044 824 2098 Adonai
866 2044 1130 2098 Dominus
1161 2047 1434 2100 montibus
1456 2087 1470 2110 ,
1520 2056 1573 2100 et
1617 2048 1862 2111 collibus,

246 2132 342 2200 (ι)
376 2141 442 2186 et
477 2132 740 2197 salebris,
771 2143 826 2187 et
852 2135 1086 2188 vallibus
1120 2151 1134 2186 :
1165 2134 1303 2189 Ecce
1330 2150 1428 2204 ego
1479 2136 1674 2191 induco
1707 2152 1867 2205 super

249 2235 370 2275 vos
405 2220 765 2290 gladium,et
788 2221 1112 2276 delebuntur
1138 2224 1347 2278 excelsa
1377 2234 1578 2289 vestra,
1605 2227 1657 2279 4.
1696 2226 1771 2295 (a)
1808 2235 1864 2280 et

251 2311 597 2378 perdentnr
631 2311 824 2365 altaria
855 2320 1058 2374 vestra,
1089 2314 1155 2380 Χ
1184 2316 1640 2381 etconterentur1
1672 2315 1864 2383 templa

252 2410 497 2465 vestra,
528 2402 870 2469 etdejiciam
922 2401 1187 2456 cadavera
1244 2415 1420 2457 vestra
1473 2418 1655 2458 coram
1709 2404 1866 2459 idolis

252 2492 514 2544 vestris.
545 2491 602 2545 5.
635 2494 705 2560 Χ
735 2491 802 2545 Et
845 2491 989 2546 dabo
1037 2493 1298 2547 cadavera
1360 2493 1591 2547 filiorum
1648 2492 1867 2548 lsraelis

252 2592 405 2637 ante
441 2582 652 2636 faciem
685 2583 958 2636 idolorum
985 2598 1171 2638 eorum
1209 2585 1228 2652 1
1257 2623 1272 2646 ,
1320 2592 1374 2638 et
1409 2584 1709 2651 dispergam
1743 2596 1867 2637 ossa

260 2680 473 2726 vestra
505 2675 664 2725 circa
699 2670 894 2724 altaria
933 2681 1132 2726 vestra.
1175 2672 1227 2725 6.
1259 2671 1316 2724 ln
1360 2671 1508 2725 omni
1536 2671 1868 2724 habitatione

261 2769 470 2815 vestra
505 2760 680 2813 urbes
717 2759 949 2814 deserta:
979 2769 1161 2823 erunt,
1185 2767 1238 2813 et
1253 2759 1465 2841 excelsa
1487 2758 1862 2822 abolebuntur,

261 2861 332 2904 ut
360 2851 775 2916 deleantur,)(
798 2848 874 2917 (ὁ)
894 2848 1421 2903 etconculcabuntur
1437 2847 1546 2915 (Μ)
1564 2848 1750 2901 altaria
1771 2862 1866 2901 ve-

265 2951 418 3005 stra,
455 2950 518 2994 et
540 2949 931 3002 conterentur,
956 2945 1009 2992 et
1039 2938 1332 2992 cessabunt
1363 2937 1384 3003 1
1421 2936 1560 2990 idola
1591 2945 1789 3002 vestra,
1815 2946 1869 2991 et

267 3031 560 3085 tollentur
592 3029 824 3082 delubra
852 3037 1053 3091 vestra,
1074 3029 1140 3094 Χ
1158 3036 1212 3081 et
1240 3028 1563 3081 delebuntur
1587 3042 1748 3095 opera
1777 3041 1869 3081 ve-

269 3129 395 3172 stra
432 3119 458 3185 1
494 3157 511 3180 ,
553 3116 607 3170 7.
634 3125 693 3169 et
718 3117 915 3169 cadent
947 3115 1114 3169 occisi
1162 3114 1217 3167 in
1267 3114 1444 3168 medio
1480 3114 1669 3179 vestri,
1698 3123 1752 3168 et
1773 3128 1867 3168 co-

270 3205 574 3277 gnoscetis
599 3247 614 3270 ,
652 3204 804 3274 quod
856 3218 956 3273 ego
1017 3203 1301 3258 Dominus.
1331 3203 1384 3257 8.
1418 3203 1565 3270 ΧΕι
1590 3203 1863 3257 residuum

272 3298 496 3352 faciam
537 3298 600 3364 1,
630 3295 765 3348 dum
807 3293 1012 3348 fuerint
1037 3309 1102 3348 ex
1131 3293 1284 3346 vobis
1315 3293 1599 3347 evadentes
1630 3307 1659 3347 a
1692 3293 1866 3362 gladio

275 3389 334 3441 in
368 3386 667 3455 gentibus,
704 3393 758 3438 et
793 3383 848 3436 in
881 3383 1224 3452 dispersione
1251 3391 1428 3436 vestra
1458 3391 1511 3436 et
1547 3382 1600 3435 in
1633 3383 1868 3451 regioni-

275 3478 388 3530 bus
415 3493 430 3527 :
464 3475 525 3528 9.
551 3481 607 3527 et
639 3471 1076 3526 recordabuntur
1109 3470 1237 3532 mei,
1273 3470 1364 3537 qui
1391 3469 1660 3524 evaserint
1691 3484 1756 3523 ex
1774 3483 1868 3522 vo-

275 3565 372 3619 bis
417 3564 480 3617 in
518 3561 786 3632 gentibus
815 3598 830 3623 ,
885 3575 994 3628 quo
1023 3559 1221 3628 captivi
1261 3557 1406 3612 ducti
1457 3557 1658 3612 fuerint
1707 3557 1864 3610 illuc:

275 3655 418 3724 quia
443 3652 638 3722 iuravi
669 3651 828 3704 cordi
867 3665 1058 3705 eorum
1116 3647 1440 3711 fornicanti,
1478 3649 1544 3714 Χ
1589 3647 1678 3709 ei,
1724 3646 1868 3715 quod

275 3743 526 3798 recessit
553 3742 577 3809 1
606 3755 639 3792 a
676 3754 784 3802 me,
816 3747 871 3792 et
905 3738 1080 3792 oculis
1113 3752 1300 3792 eorum
1332 3735 1726 3790 fornicantibus
1752 3743 1872 3803 post

233 3867 242 3880 ι
279 3833 473 3887 studia
522 3846 624 3884 sua
658 3847 673 3882 :
702 3829 775 3897 (c)
805 3837 859 3883 et
883 3828 1183 3897 percutient
1204 3826 1368 3881 facies
1398 3841 1544 3888 suas,
1568 3829 1634 3893 Χ
1654 3835 1872 3894 propter

281 3923 456 3986 mala,
492 3934 624 3989 qua:
647 3917 900 3972 fecerunt
939 3918 993 3970 in
1020 3916 1278 3969 omnibus
1313 3916 1336 3982 1
1379 3912 1870 3968 abominationibus

213 4045 216 4048 ν
281 4011 403 4066 suis
431 4013 510 4076 Χ
532 4017 589 4062 et
630 4009 686 4061 in
729 4007 985 4061 omnibus
1011 4006 1205 4059 studiis
1229 4005 1343 4059 suis
1387 4005 1435 4072 1.
1469 4005 1552 4058 10.
1576 4003 1640 4057 Et
1676 4016 1874 4071 cogno-

281 4109 469 4163 scent,
505 4097 662 4166 quod
693 4111 800 4165 ego
831 4095 1094 4149 Dominus
1122 4098 1188 4162 Χ
1239 4109 1344 4147 non
1399 4093 1599 4146 frustra
1653 4091 1869 4147 locutus

267 4206 439 4254 sum,
479 4197 547 4241 ut
577 4188 822 4240 facerem
867 4186 948 4239 eis
991 4185 1173 4238 omnia
1225 4185 1365 4236 mala
1406 4183 1518 4236 haec
1549 4182 1595 4248 1.
1631 4183 1715 4235 11.
1750 4181 1873 4237 Haec

253 4280 425 4337 dicit
450 4276 675 4331 Adonai
710 4274 1014 4328 Dominus:
1053 4272 1257 4326 Plaude
1286 4286 1471 4337 manu,
1525 4279 1579 4324 et
1625 4271 1872 4340 obstrepe

255 4369 555 4442 pedibus,
609 4366 691 4435 (ά)
743 4373 801 4419 et
845 4365 972 4418 dic:
1004 4363 1137 4416 bene
1161 4360 1398 4444 quidem,
1427 4375 1589 4428 super
1623 4360 1873 4414 omnibus

1964 1957 2146 2025 quavit
2178 1959 2290 2013 dies
2351 1974 2456 2013 non
2492 1974 2613 2012 cum
2647 1959 3177 2027 pracipitatiouibus,
3206 1958 3278 2028 (g)
3316 1967 3369 2012 et
3400 1973 3506 2011 non

1962 2062 2086 2102 cum
2119 2047 2413 2103 doloribus.
2471 2048 2524 2101 8.
2577 2046 2734 2102 Nunc
2760 2049 2826 2102 de
2881 2048 3180 2117 propinquo
3239 2046 3506 2101 ell'undam

1964 2139 2098 2192 iram
2137 2153 2310 2191 meam
2343 2153 2504 2206 super
2542 2147 2612 2204 te,
2638 2147 2692 2192 et
2727 2138 3007 2205 complebo
3040 2136 3277 2190 furorem
3328 2150 3507 2188 meum

1963 2229 2016 2282 in
2059 2238 2129 2291 te,
2165 2229 2489 2296 etjudicabo
2518 2237 2568 2283 te
2598 2231 2650 2282 in
2686 2230 2784 2282 viis
2839 2229 2963 2292 tuis,
3008 2237 3062 2280 et
3096 2227 3236 2280 dabo
3264 2242 3424 2295 super
3455 2233 3508 2280 te

1967 2333 2156 2372 omnes
2181 2318 2612 2371 abominationes
2650 2327 2789 2370 tuas.
2851 2317 2904 2370 9.
2948 2314 3064 2368 Non
3102 2323 3286 2381 parcet
3313 2315 3505 2368 oculus

1967 2421 2143 2468 meus,
2175 2421 2348 2473 neque
2409 2405 2738 2468 miserebor;
2793 2405 2918 2471 quia
2957 2403 3073 2455 vias
3124 2412 3242 2456 tuas
3270 2415 3431 2469 super
3455 2411 3509 2454 te

1966 2495 2124 2557 dabo,
2154 2502 2210 2548 et
2235 2494 2661 2548 abominationes
2699 2501 2804 2545 tua“:
2833 2492 2885 2544 in
2926 2491 3100 2545 medio
3128 2491 3203 2543 tui
3243 2499 3422 2552 erunt,
3455 2498 3510 2544 et

1966 2596 2278 2650 c0gnosces,
2332 2582 2474 2650 quod
2504 2594 2602 2648 ego
2631 2595 2750 2634 sum
2783 2579 3064 2644 Dominus,
3108 2578 3198 2647 qui
3245 2579 3539 2646 percutio._

1965 2670 2018 2724 5.
2051 2669 2203 2723 Nunc
2256 2669 2379 2722 linis
2418 2669 2481 2722 ad
2545 2678 2613 2733 te,
2644 2677 2697 2722 et
2749 2668 2960 2722 mittam
2995 2681 3093 2736 ego
3145 2681 3306 2735 super
3343 2675 3416 2730 et,
3455 2673 3509 2719 et

1967 2758 2200 2811 ulciscar
2243 2766 2293 2811 te
2353 2757 2406 2810 in
2437 2757 2536 2810 viis
2594 2756 2722 2819 tuis,
2776 2764 2830 2809 et
2878 2755 3014 2809 dabo
3047 2770 3207 2823 super
3239 2763 3291 2808 te
3317 2769 3507 2809 omnes

1966 2847 2388 2902 abominationes
2411 2857 2547 2901 tuas.
2566 2847 2618 2900 4.
2636 2845 2752 2900 Non
2775 2853 2958 2915 parcet
2981 2845 3169 2898 oculus
3194 2860 3346 2898 meus
3374 2844 3505 2913 (“")

1965 2949 2124 3002 super
2151 2947 2219 2995 te,
2249 2949 2421 3003 neque
2450 2934 2774 2999 miserebor;
2801 2935 2926 3001 quia
2947 2934 3062 2987 vias
3101 2941 3222 2987 tuas
3261 2947 3426 3000 super
3458 2942 3508 2986 te

1965 3023 2126 3084 dabo,
2161 3030 2215 3075 et
2243 3021 2669 3076 abominationes
2699 3029 2802 3074 tuae
2835 3021 2886 3073 in
2911 3019 3089 3072 medio
3138 3020 3214 3073 tui
3252 3029 3429 3080 erunt,
3458 3029 3512 3073 et

1967 3110 2290 3177 scies,quod
2317 3123 2416 3176 ego
2445 3108 2720 3162 Dominus.
2745 3108 2795 3161 5.
2823 3106 2958 3172 Quia
2993 3107 3106 3161 haec
3158 3107 3284 3160 dicit
3331 3106 3512 3160 Domi-

1970 3215 2071 3253 nus
2101 3199 2393 3252 Dominus:
2430 3199 2494 3264 Χ
2519 3197 2721 3250 malitia
2754 3211 2860 3250 una
2915 3210 3037 3250 ecce
3083 3195 3157 3265 (Ii)
3190 3195 3508 3263 pr0pinqua.

1971 3286 2023 3338 6.
2057 3286 2208 3340 Finis
2252 3285 2416 3349 venit,
2449 3285 2593 3338 venit
2623 3285 2765 3349 linis,
2823 3283 3096 3352 evigilavit
3129 3284 3195 3338 ad
3225 3291 3276 3336 te
3302 3282 3350 3349 1.
3374 3281 3512 3336 Ecce

1970 3377 2115 3428 venit
2139 3374 2472 3442 complexio:
2507 3374 2592 3426 10.
2617 3388 2740 3428 ecce
2769 3373 2950 3427 dies—i-
2979 3374 3117 3442 parit
3155 3374 3204 3441 1,
3236 3386 3362 3426 ecce
3389 3372 3516 3426 ﬁnis

1969 3467 2117 3516 venit
2145 3477 2160 3514 :
2190 3465 2256 3528 Χ
2280 3475 2497 3530 egressa
2516 3471 2599 3515 est
2627 3462 2945 3529 complexio,
2980 3470 3034 3515 et
3064 3462 3248 3515 floruit
3273 3461 3436 3530 virga,
3459 3469 3515 3515 et

1973 3549 2391 3619 progerminavit
2436 3546 2686 3614 superbia
2732 3547 2800 3614 1,
2836 3546 3106 3613 evigilavit
3152 3547 3512 3600 contumelia:

1973 3641 2060 3693 ll.
2094 3647 2148 3692 et
2177 3646 2418 3692 conteret
2443 3636 2672 3692 fulcrum
2701 3635 2892 3703 iniqui,
2913 3644 2966 3688 et
2998 3651 3102 3688 non
3149 3651 3269 3689 cum
3299 3645 3514 3703 pertur-

1974 3727 2213 3790 batione,
2237 3738 2410 3792 neque
2442 3738 2566 3778 cum
2597 3722 2960 3787 festinatione,
3016 3727 3082 3790 Χ
3120 3731 3174 3776 et
3197 3737 3300 3778 non
3339 3737 3404 3776 ex
3433 3723 3514 3777 eis

1973 3828 2118 3883 sunt,
2147 3832 2320 3887 neque
2341 3817 2499 3871 decor
2531 3816 2584 3868 in
2609 3816 2687 3870 eis
2719 3815 2765 3882 1.
2811 3814 2894 3868 12.
2937 3812 3094 3867 Venit
3125 3819 3353 3880 tempus,
3389 3825 3516 3865 ecce

1973 3909 2129 3963 dies:
2163 3907 2256 3976 qui
2285 3907 2435 3971 emit,
2484 3920 2592 3958 non
2639 3905 2870 3968 laetetur,
2919 3913 2972 3957 et
3001 3903 3094 3971 qui
3146 3901 3369 3965 vendit,
3403 3915 3515 3954 non

1975 3996 2181 4064 lugeat:
2205 3997 2271 4062 Χ
2293 3995 2418 4063 quia
2466 3994 2546 4046 ira
2577 3993 2629 4046 in
2659 4006 2872 4046 omnem
2903 3991 3293 4045 multitudinem
3324 3989 3440 4057 ejus
3463 3989 3513 4057 1.

1975 4088 2062 4140 15.
2091 4085 2226 4149 Quia
2255 4099 2437 4139 emens
2475 4085 2542 4138 ad
2575 4083 2890 4137 vendentem
2921 4097 3024 4136 non
3067 4081 3296 4150 amplius
3332 4094 3516 4133 rever-

1977 4185 2154 4229 tetur:
2189 4175 2337 4242 )((i)
2371 4183 2423 4228 et
2449 4173 2681 4242 amplius
2708 4173 2759 4226 in
2794 4173 2903 4227 vita
2932 4172 3109 4226 vivere
3133 4185 3317 4226 eorum
3344 4188 3358 4236 ;
3387 4169 3515 4238 quia

1977 4267 2113 4321 visio
2135 4267 2188 4319 in
2217 4279 2430 4320 omnem
2491 4265 2889 4319 multitudinem
2943 4264 3060 4333 ejus
3099 4279 3205 4318 non
3231 4263 3423 4317 redibit
3453 4263 3516 4331 1;

1975 4365 2029 4411 et
2057 4357 2219 4410 homo
2250 4355 2306 4409 in
2354 4355 2510 4408 oculo
2557 4354 2681 4408 vitae
2724 4369 2833 4409 suae
2868 4368 2972 4408 non
3022 4352 3417 4408 obtinebit.M.
3444 4352 3518 4421 (li)

255 4454 817 4516 abominationibus
840 4455 906 4518 Χ
940 4452 1204 4505 malorum
1235 4450 1258 4517 1
1291 4449 1485 4502 domus
1531 4446 1744 4502 lsraelis
1777 4448 1871 4502 :in
1903 4474 1948 4532 υ
1977 4445 2218 4512 Clangite
2238 4445 2292 4498 in
2326 4444 2452 4498 tuba
2482 4482 2496 4506 ,
2529 4453 2582 4497 et
2605 4444 2843 4512 iudicate
2889 4443 3091 4506 omnia,
3138 4445 3204 4510 Χ
3227 4453 3281 4497 et
3304 4457 3408 4496 non
3437 4449 3522 4495 est

251 4548 506 4621 gladio,
536 4555 592 4599 et
621 4545 677 4597 in
699 4544 863 4607 fame,
880 4552 932 4596 et
958 4541 1010 4594 in
1028 4548 1202 4593 morte
1219 4540 1429 4593 cadent.
1459 4537 1545 4590 12.
1577 4535 1869 4605 Quilonge,

256 4641 324 4694 in
371 4643 577 4688 morte
607 4631 897 4692 morietur,
924 4628 1015 4696 qui
1048 4641 1175 4680 vero
1203 4640 1387 4695 prone,
1418 4626 1472 4678 in
1502 4625 1678 4693 gladio
1699 4626 1872 4691 cadet,

252 4733 338 4797 χ(
381 4732 449 4778 et
479 4723 584 4792 qui
613 4721 837 4775 relictus
865 4718 1026 4773 fuerit
1061 4720 1122 4787 1,
1151 4718 1218 4785 (ε)
1251 4727 1307 4770 et
1333 4715 1426 4784 qui
1460 4714 1764 4779 conclusus,
1802 4714 1857 4768 in

373 4931 422 4992 ι)
467 4924 565 4987 S.,
631 4919 992 4992 confreginte.
1071 4916 1132 4986 (')
1167 4915 1536 4992 Proin-utr],

1976 4535 2322 4603 proficiscens
2377 4533 2432 4585 in
2489 4532 2723 4597 bellum;
2786 4533 2913 4600 quia
2962 4533 3042 4586 ira
3076 4548 3191 4585 mea
3223 4533 3274 4586 in
3305 4544 3519 4584 omnem

1978 4627 2375 4682 multitudinem
2407 4625 2526 4692 ejus
2555 4627 2601 4693 1.
2629 4625 2715 4678 15.
2750 4626 2953 4680 Bellum
2986 4626 3040 4680 in
3075 4625 3254 4695 gladio
3283 4624 3434 4687 foris,
3468 4633 3522 4676 et

1964 4714 2136 4769 fames
2164 4721 2217 4768 et
2247 4726 2391 4765 mors
2417 4711 2772 4768 intrinsecus:
2802 4712 2896 4781 qui
2929 4713 2982 4766 in
3023 4728 3235 4781 campo,
3266 4715 3315 4767 in
3342 4710 3520 4780 gladio

1584 4914 1725 4983 quod
1772 4930 2052 4983 perperam
2108 4916 2273 4969 edidit
2329 4913 2589 4983 Norberg,
2641 4923 2694 4968 et
2731 4929 2795 4968 ex
2844 4914 3056 4981 ingenio
3108 4913 3301 4972 vertit,
3350 4912 3522 4983 mise-

373 4936 422 4992 ι)
467 4936 565 4987 δ..
631 4936 821 4975 conlre
863 4936 876 4971 l
919 4936 992 4971 te.
1071 4936 1132 4986 Η
1168 4936 1272 4968 t'l'o
1312 4936 1536 4979 amrin,
1584 4936 1725 4981 Quuu
1773 4936 2052 4983 perperam
2108 4936 2273 4969 caluit
2329 4936 2589 4983 uoruerg,
2641 4936 2694 4968 et
2731 4936 2795 4968 ex
2844 4936 3056 4981 ingenui
3111 4936 3301 4972 verm,
3367 4936 3518 4961 muc-

251 4936 517 5057 ταίὶιὶε,
557 4992 690 5060 qui_a
726 4992 779 5042 in
825 4936 981 5060 ix};
1021 4987 1225 5060 nostris
1261 4985 1393 5060 vidit
1431 4982 1708 5060 ῥηζαῖσξή,
1760 4985 2126 5060 reponendum
2155 4993 2239 5037 est
2285 4985 2346 5060 in_
2371 4983 2614 5060 _Syriaco
2664 4990 2830 5060 testu“
2859 4990 3091 5060 ungi-[‘31,
3127 4990 3174 5032 et
3216 4979 3518 5060 ιηᾳςιίίεδια.

255 5047 361 5123 'Ewt'
377 5047 592 5131 reipsa'
644 5057 900 5177 Tetragila
948 5054 1170 5114 habent,
1216 5055 1274 5117 Χ
1312 5052 1402 5104 καὶ
1439 5047 1590 5118 δήλη.
1618 5047 1816 5104 ῡιιΑοιι.

260 5147 326 5177 οι
389 5131 635 5177 nnniam
669 5136 740 5177 te.
837 5137 976 5176 cnes
1016 5138 1029 5172 :
1069 5120 1159 5172 καὶ
1203 5120 1576 5177 τιμωρήσομαί
1628 5133 1705 5168 σε.
1765 5117 1816 5170 D1

260 5147 328 5190 et
387 5136 635 5201 puniam
656 5136 740 5201 _t_e.
794 5136 979 5201 senes

262 5188 613 5269 completis.
654 5194 778 5257 Th.,
810 5188 1034 5244 rivulis.
1105 5188 1178 5254 (a)

1894 5052 1969 5118 (ιι)
2023 5050 2104 5112 8.,
2161 5062 2215 5118 et
2243 5047 2608 5118 ambiguitate.
2674 5050 2750 5116 (π)
2793 5047 2872 5118 8.,
2917 5049 3170 5118 gladium.
3234 5049 3318 5118 (⁸⁸)

837 5137 976 5176 cnes
1016 5138 1029 5172 :
1069 5120 1159 5172 καὶ
1203 5137 1252 5170 τι
1298 5117 1576 5187 ωρήσομαί
1628 5133 1705 5168 σε.
1765 5117 1839 5170 Dn

842 5188 1034 5239 ivulis.
1105 5188 1178 5239 lal
1361 5195 1413 5238 et
1447 5184 1840 5239 οοηΐτίηιῐειιιυι

2061 5119 2134 5186 (y)
2173 5117 2257 5177 S..
2287 5134 2406 5184 quae
2449 5117 2673 5170 reddent

1968 5183 2521 5239 ilS..etabolebunt.
2597 5185 2678 5239 ("‘

1276 5225 1313 5246 .,
1345 5181 1413 5238 ὀἱ
1447 5181 1873 5253 confringentur.
1937 5186 2007 5255 (ὁ)
2034 5181 2521 5250 8.,ειεὺόῑεὺυηι.
2597 5185 2701 5251 (⁵³⁸)
2732 5181 2966 5270 Verbum
3010 5183 3130 5252 Syr.
3179 5191 3389 5270 rauim
3428 5199 3523 5252 po-

2173 5117 2257 5177 S..
2287 5113 2414 5184 qua?
2449 5113 2691 5170 reddent
2722 5113 2775 5184 te
2831 5113 2946 5184 sine
2977 5116 3178 5184 liberis.
3241 5113 3312 5181 (τ)
3348 5113 3429 5176 S.,
3470 5123 3524 5167 et
3556 5115 3567 5138 ‘

276 5298 403 5349 tius
449 5286 762 5357 signiﬁcat.
827 5286 883 5331 et
941 5284 1353 5350 contemnantur.
1415 5272 1660 5394 Tetragpla
1710 5277 1774 5340 Χ
1838 5275 1931 5353 asoti.
1964 5273 2408 5352 πλημμελῄσωσι.
2462 5271 2663 5326 Drucn.
2740 5273 2808 5340 (c)
2876 5269 2972 5333 8.,
3030 5279 3086 5324 ut
3134 5269 3525 5350 reprehendant

289 5360 647 5394 anmalinanﬂ_
689 5351 774 5394 Mi
839 5344 932 5394 S..
998 5349 1052 5393 et
1082 5350 1405 5393 contristare.
1437 5341 1500 5394 (el
1589 5381 1627 5394 ..
1679 5350 1730 5394 et
1782 5358 1878 5394 aut
1917 5344 2169 5394 subactus
2224 5359 2276 5394 in
2306 5343 2458 5394 urbe.
2524 5343 2589 5394 (Γ)
2620 5340 3051 5394 S..corrtham.
3089 5349 3142 5392 et
3180 5351 3367 5393 Iterum
3401 5355 3524 5392 cor-

289 5341 650 5425 semeiiﬁsos.
689 5351 774 5425 (Δ)
813 5344 936 5425 κει,
998 5341 1405 5425 tat-contristare.
1437 5341 1500 5425 (ei

1712 5350 1730 5394 t
1782 5343 1878 5410 qui
1917 5343 2169 5396 subaCtus
2224 5343 2276 5394 in
2306 5343 2458 5410 urbe.
2497 5343 2589 5410 (Γ)

2620 5340 2702 5403 S.,
2724 5348 3051 5406 corruptam,
3089 5349 3142 5392 et
3180 5340 3367 5393 iterum
3401 5355 3524 5392 cor-

293 5408 706 5496 Hipp—endam:
748 5408 830 5484 fg)
890 5409 986 5496 ξ..
1047 5417 1102 5460 et
1138 5423 1238 5460 non
1287 5422 1401 5458 cum
1454 5408 1926 5463 recrastinatibne.
2004 5411 2131 5480 ("“)
2166 5410 2344 5463 Edidit
2379 5409 2641 5476 Norberg.
2699 5408 2878 5460 oculus
2915 5416 3054 5470 tuus,
3099 5408 3518 5474 adnotavitque:

295 5540 313 5571 ι
345 5506 461 5578 ’5η
485 5530 664 5573 meus,
705 5519 814 5577 pro

291 5630 408 5665 μου·
445 5609 663 5663 Duc",
732 5592 818 5662 (h)
852 5589 958 5647 A.,
1004 5589 1167 5662 venit.
1227 5589 1284 5648 (ἱ)
1311 5589 1382 5661 5.,

285 5667 300 5693 r
373 5691 380 5693 _
430 5680 444 5693 .
579 5663 730 5693 _..,..I
779 5658 1217 5693 “mnstraverml
1253 5665 1380 5693 nmm

570 5658 751 5740 quod
779 5658 1217 5727 pmparavcrint
1253 5658 1429 5706 omnia.

853 5485 1000 5581 1’7"!
1040 5507 1176 5560 tuus,
1203 5505 1334 5550 certe
1363 5496 1668 5562 legendum.
1705 5517 1721 5546 ι
1765 5500 1966 5564 Hebr.,
2010 5503 2198 5556 oculus
2231 5516 2404 5554 meus.
2435 5499 2578 5553 LXX
2618 5498 2785 5552 nostri
2809 5507 2861 5552 et
2886 5498 3156 5567 Tetrapla,
3187 5499 3215 5548 ὁ
3251 5497 3524 5564 ὀφθαλμός

1004 5585 1167 5659 venit.
1206 5583 1284 5659 (ἰ)
1311 5582 1384 5659 8.,
1429 5584 1526 5636 sed
1562 5593 1618 5638 et
1667 5589 1910 5659 amplius
1953 5604 2051 5644 nec
2097 5591 2150 5646 in
2179 5588 2478 5644 viventibus
2511 5588 2618 5641 vita
2645 5600 2851 5641 eorum.
2913 5587 2982 5656 (k)
3013 5587 3097 5652 8.,
3131 5587 3444 5640 clauserunt
3471 5585 3523 5642 lii

3370 5047 3408 5099 Ι.
3445 5063 3559 5106 θηξ
3615 5105 3629 5114 .
