3802 6396
49 55 131 141 ./

1692 82 1705 83 γ
2018 82 2021 83 ,
2064 80 2073 81 κ
2122 78 2151 83 Ὗ
2502 78 2527 80 v
2824 78 2827 79 ν
2881 73 2961 81 ___—

1551 376 1951 439 HEZECIELIS
1988 380 2213 437 CAPUT
2250 383 2340 440 XI.
3343 380 3488 437 2703

213 458 436 543 tum“!
462 463 538 545 Ἥ
590 477 865 555 Mere,
910 500 970 545 et
1031 506 1163 547 zona
1191 492 1396 562 saphlri
1456 509 1617 564 super
1661 491 1842 548 lumbo
1869 492 1913 549 Δ
1945 492 2029 547 nis
2060 494 2247 547 subter
2273 494 2386 547 alas
2414 507 2624 548 eorum.
2658 494 2712 548 9.
2744 492 2810 548 Et
2842 489 2971 554 vidi,
3014 496 3067 544 et
3093 503 3217 543 ecce
3252 464 3485 557 quatuor

242 565 351 642 L‘XM
377 584 399 623 ἱ
425 575 487 624 εὶ
522 566 793 642 ingressi
829 594 997 647 sunt,
1032 591 1086 636 et
1124 590 1387 636 steterunt
1408 581 1563 651 juxta
1588 597 1648 637 -ι-
1678 583 1846 636 altare
1949 590 2081 634 rota:
2109 580 2322 635 stabant
2346 597 2375 636 a
2404 582 2571 636 latere
2602 580 2892 637 Cherubim
2926 589 2941 631 ξ
2969 587 3086 633 rota
3125 591 3231 631 una
3261 592 3291 629 a
3321 575 3487 629 latere

268 672 291 740 1
322 666 465 725 aris.
490 664 555 723 '5.
585 664 658 721 Et
692 667 881 739 gloria
926 672 1024 726 Dei
1071 672 1282 728 lsraelis
1317 672 1594 728 descendit
1622 673 1688 729 de
1715 674 1847 728 Che-
1949 668 2163 724 Cherub
2195 670 2375 734 unius,
2407 672 2473 739 χ
2497 681 2551 726 et
2572 681 2685 725 rota
2715 686 2819 724 una
2853 686 2882 724 a
2906 670 3070 723 latere
3098 668 3311 723 Cherub
3331 667 3490 721 unius

266 761 470 825 rubim,
501 772 625 828 quae
654 769 779 814 erat
802 776 975 830 super
998 762 1098 827 eis,
1133 761 1185 816 in
1217 764 1376 816 limen
1404 764 1597 817 domus
1631 781 1644 817 :
1670 771 1723 816 et
1755 776 1848 816 vo-
1956 758 1978 825 1
2013 776 2026 812 :
2053 769 2104 812 et
2128 760 2408 829 adspectus
2434 769 2677 814 rotarum
2705 760 2855 830 quasi
2883 759 3163 827 adspectus
3199 755 3395 826 lapidis
3415 754 3488 824 (ο)

264 851 407 903 cavit
442 849 630 903 virum
659 848 920 904 indutum
962 852 1183 920 podere,
1216 852 1302 905 cui
1340 862 1456 907 erat
1484 868 1645 923 super
1667 852 1848 906 lumbo
1951 849 2286 903 carbunculi.
2320 849 2402 904 l0.
2431 850 2490 903 Et
2534 850 2818 918 adspectus
2845 863 3028 901 earum
3068 845 3359 902 similitudo
3385 860 3489 897 una

261 942 384 1009 ejus
411 956 585 995 zona.
611 941 667 994 4.
704 939 774 993 ΕΙ.
805 940 950 995 dixit
980 942 1241 997 Dominus
1271 943 1338 997 ad
1366 958 1488 997 eum
1517 961 1531 998 :
1560 942 1753 996 Transi
1782 944 1847 1008 3K
1952 948 2184 1005 quatuor
2216 938 2365 1006 ipsis,
2401 940 2850 1007 quemadmodum
2900 953 3017 992 cum
3056 936 3217 990 fuerit
3258 945 3371 990 rota
3436 934 3489 987 in

260 1047 359 1098 per
385 1031 641 1084 mediam
676 1032 870 1085 urbem
916 1032 1149 1085 mediam
1190 1034 1212 1101 ζ
1260 1031 1579 1097 Jerusalem,
1610 1042 1663 1085 et
1690 1032 1752 1085 da
1778 1032 1851 1085 si-
1955 1025 2130 1079 medio
2156 1037 2303 1080 rotae.
2339 1027 2421 1079 11.
2455 1029 2583 1082 Cum
2618 1027 2775 1092 irent,
2819 1026 2871 1079 in
2902 1034 3135 1095 quatuor
3160 1036 3491 1097 parteslsuas

256 1137 439 1189 gnum
474 1136 648 1189 super
679 1119 894 1174 frontes
917 1120 1159 1173 virorum
1190 1121 1536 1189 gementium,
1568 1129 1622 1174 et
1646 1120 1853 1173 lamen-
1953 1112 2123 1172 ibant,
2159 1130 2266 1167 non
2297 1119 2718 1179 revertebantur,
2752 1130 2870 1168 cum
2924 1114 3098 1168 irent:
3150 1114 3226 1184 (p)
3276 1092 3401 1183 quia
3436 1112 3489 1165 in

253 1211 515 1265 tantium
548 1224 722 1277 super
753 1210 1007 1264 omnibus
1040 1210 1434 1277 iniquitatibus,
1478 1224 1597 1278 quae
1637 1210 1768 1261 nunt
1797 1209 1850 1263 in
1956 1200 2131 1256 locum
2160 1219 2316 1272 Quem
2349 1206 2673 1272 respiciebat
2710 1221 2874 1259 unum
2926 1204 3247 1274 principium
3280 1207 3344 1270 3K
3374 1211 3496 1272 post

254 1300 460 1355 medio
490 1299 593 1368 (ιη)
636 1314 857 1353 eorum.
894 1299 947 1352 5.
999 1300 1065 1352 Et
1098 1299 1205 1353 illis
1244 1300 1396 1364 dixit,
1429 1299 1677 1353 audiente
1725 1314 1808 1351 me
1836 1317 1849 1352 ;
1956 1292 2084 1357 illud
2120 1293 2141 1359 1
2172 1294 2337 1360 ibant,
2366 1303 2419 1347 et
2448 1311 2552 1349 non
2582 1296 3047 1359 convertebantur,
3068 1309 3189 1349 cum
3214 1293 3369 1346 irent.
3405 1290 3490 1346 l2.

247 1391 336 1445 Ite
393 1390 459 1444 in
498 1389 700 1442 urbem
733 1396 858 1457 post
903 1402 1048 1452 eum,
1104 1396 1158 1441 et
1210 1389 1493 1456 percutite,
1526 1404 1591 1441 ne
1625 1388 1854 1456 parcatis
1959 1380 2025 1446 X
2060 1378 2122 1433 Et
2153 1382 2327 1434 omnis
2352 1396 2476 1435 caro
2510 1397 2692 1435 eorum
2731 1383 2776 1448 1.
2800 1390 2851 1435 et
2884 1384 3041 1436 dorsa
3070 1396 3278 1446 eorum,
3308 1390 3361 1432 et
3382 1393 3499 1432 ma-

247 1479 455 1535 oculis
510 1478 741 1542 vestris,
790 1492 889 1531 nec
918 1477 1288 1531 misereamini
1329 1477 1380 1530 6.
1418 1477 1668 1540 senioris,
1699 1485 1748 1529 et

1999 1482 2062 1521 us
2097 1481 2303 1531 eorum,
2328 1477 2381 1521 et
2407 1469 2506 1521 alae
2540 1484 2748 1532 eorum,
2773 1479 2823 1523 et
2853 1479 2981 1523 rotae
3014 1469 3177 1533 plenae
3201 1466 3371 1519 oculis
3403 1479 3499 1533 per

246 1568 470 1632 fantis,
500 1577 561 1623 et
587 1567 818 1636 virginis
849 1585 862 1620 :
891 1575 944 1619 et
970 1566 1243 1636 parvulos,
1276 1575 1331 1620 et
1356 1567 1606 1620 mulieres
1631 1565 1855 1619 occidite
1959 1556 2241 1610 circuitum
2280 1565 2512 1626 quatuor
2559 1559 2689 1613 rotis
2739 1574 2947 1612 eorum.
2999 1558 3086 1610 l3.
3118 1555 3269 1609 Rotis
3320 1564 3497 1607 autem

246 1663 311 1713 in
359 1658 857 1720 internecionem;
892 1656 1147 1710 omnibus
1186 1671 1334 1720 vero,
1366 1671 1523 1725 super
1552 1656 1746 1725 quibus
1777 1664 1857 1709 est
1960 1646 2080 1700 islis
2114 1646 2186 1715 (q)
2220 1646 2525 1702 invocatum
2559 1656 2639 1701 est
2666 1646 2867 1713 Gelgel,
2897 1646 3142 1699 audiente
3167 1659 3270 1697 me.
3312 1643 3392 1697 14.
3434 1644 3500 1710 Χ

244 1750 530 1818 signum,
568 1761 640 1800 ne
672 1745 1140 1815 appropinquetis,
1172 1754 1226 1798 et
1254 1760 1283 1799 a
1325 1745 1527 1800 sanctis
1559 1746 1689 1799 meis
1723 1744 1848 1798 inci.
1884 1811 1923 1818 _
1960 1734 2025 1788 Et
2056 1746 2288 1803 quatuor
2315 1736 2480 1791 facies
2519 1738 2608 1789 uni
2644 1756 2656 1790 :
2695 1736 2858 1791 facies
2893 1736 3053 1790 unius
3078 1734 3241 1789 facies
3262 1733 3497 1796 Cherub,

245 1811 381 1907 pile
414 1851 437 1892 :
508 1811 567 1890 et
599 1811 985 1905 inceperunta
1024 1836 1154 1889 viris
1207 1838 1274 1902 )t(
1326 1834 1628 1889 senioribus
1659 1836 1705 1902 1,
1764 1835 1852 1902 qui
1884 1811 1928 1869 Β
1955 1836 2007 1880 et
2033 1827 2197 1881 facies
2230 1828 2449 1882 secundi
2506 1826 2670 1882 facies
2723 1828 2979 1890 hominis,
3027 1836 3081 1880 et
3125 1825 3287 1879 facies
3340 1824 3499 1878 tertia

245 1935 437 1981 erant
475 1926 636 1980 intus
671 1926 727 1978 in
761 1926 945 1979 domo.
980 1925 1034 1977 7.
1068 1923 1135 1976 Et
1166 1924 1301 1978 dixit
1324 1923 1389 1977 ad
1424 1938 1517 1976 eos
1543 1942 1556 1977 :
1584 1922 1854 1977 Contami-
1954 1919 2146 1983 leonis,
2177 1927 2230 1970 et
2260 1917 2423 1972 facies
2450 1926 2639 1987 quarta
2670 1919 2861 1989 aquila:
2890 1919 2937 1985 1.
2971 1917 3056 1971 15.
3084 1916 3148 1969 Et
3168 1917 3502 1983 sustulerunt

249 2025 402 2071 nate
440 2014 705 2079 domum,
737 2021 795 2069 et
827 2015 1045 2084 implete
1072 2015 1187 2068 vias
1220 2013 1448 2067 mortuis
1473 2021 1749 2077 exeuntes,
1804 2022 1857 2065 et
1956 2023 2014 2062 se
2043 2007 2355 2073 Cberubim,
2386 2010 2487 2064 hoc
2525 2008 2698 2076 ipsum
2746 2006 2965 2069 animal,
3011 2004 3153 2074 quod
3199 2004 3304 2058 vidi
3340 2017 3501 2071 super

247 2106 479 2162 caedite
505 2108 577 2172 Χ
636 2113 692 2160 et
734 2105 994 2174 percutite
1023 2105 1207 2159 urbem
1259 2105 1305 2172 1.
1332 2105 1385 2158 8.
1427 2103 1492 2156 Ει
1525 2102 1722 2158 factum
1753 2112 1853 2167 est,
1956 2098 2176 2152 ﬂuvium
2207 2099 2440 2153 Chohar.
2474 2099 2559 2152 16.
2585 2098 2649 2151 Et
2679 2113 2797 2152 cum
2832 2098 2968 2150 irent
2990 2094 3302 2159 Cherubim,
3354 2093 3504 2146 ibant

250 2198 406 2252 dum
443 2205 843 2265 percuterent,
878 2197 947 2262 λ(
996 2197 1216 2263 relictus
1248 2212 1364 2249 sum
1406 2210 1505 2266 ego
1536 2197 1583 2264 ζ,
1631 2206 1683 2249 et
1726 2195 1859 2249 cado
1958 2197 2106 2253 rotae,
2135 2196 2189 2241 et
2221 2188 2300 2240 th.
2331 2187 2643 2257 propinquae
2673 2187 2752 2240 eis
2789 2204 2802 2240 :
2847 2193 2899 2239 et
2928 2199 3050 2239 cum
3092 2183 3342 2238 tollerent
3360 2181 3503 2240 Che-

253 2302 453 2357 super
488 2283 697 2340 faciem
749 2299 951 2348 meam,
981 2292 1033 2337 ct
1072 2285 1318 2349 clamavi,
1350 2293 1402 2339 et
1429 2287 1571 2339 dixi:
1596 2284 1856 2340 meihi.
1957 2280 2130 2331 rubim
2176 2278 2291 2331 alas
2342 2293 2487 2342 suas,
2542 2287 2601 2330 ut
2633 2292 2691 2330 se
2721 2276 2992 2329 elevarent
3027 2288 3057 2326 a
3091 2282 3256 2336 terra,
3287 2287 3392 2325 non
3433 2269 3503 2339 (r)

256 2378 505 2432 Arionai
534 2374 795 2437 Domine,
821 2373 1063 2428 delevisti
1090 2383 1145 2427 tu
1173 2374 1419 2429 residuos
1446 2374 1675 2435 lsraelis,
1698 2372 1861 2425 eli‘un-
1961 2367 2367 2424 revertebantur
2396 2377 2525 2421 rotae
2549 2382 2757 2429 eorum,
2790 2368 2855 2431 )9:
2882 2365 3042 2417 etiam
3080 2363 3195 2431 ipse
3221 2365 3287 2429 Χ
3310 2361 3376 2414 ab
3401 2360 3501 2422 eis,

256 2471 416 2523 dens
476 2464 728 2519 furorem
760 2472 911 2517 tuum
947 2478 1109 2531 super
1160 2461 1497 2516 Jerusalem?
1542 2462 1592 2517 9.
1627 2461 1693 2514 Et
1729 2462 1862 2515 dixit
1960 2482 2079 2534 qua:
2120 2480 2147 2517 a
2184 2464 2348 2515 latere
2379 2472 2560 2511 eorum
2596 2456 2643 2523 ζ.
2694 2455 2779 2506 17.
2810 2453 2943 2505 Cum
2995 2458 3218 2511 starent,
3270 2448 3505 2511 stabant,

257 2561 334 2614 ad
372 2573 475 2613 me
517 2574 533 2612 :
568 2553 841 2624 lnjustitia
869 2553 1062 2606 domus
1094 2551 1305 2606 lsraelis
1338 2560 1389 2605 et
1430 2549 1579 2604 Juda:
1622 2550 1865 2619 magnifi-
1961 2564 2016 2610 et
2048 2569 2168 2609 cum
2202 2564 2261 2605 se
2287 2548 2630 2608 eﬂerrent,se
2658 2541 3085 2596 eli‘erebantcum
3112 2536 3365 2605 eis;quia
3397 2535 3507 2602 spi-

258 2662 408 2705 cata
438 2656 536 2703 est
565 2623 728 2700 valde
750 2643 935 2707 valde;
968 2642 1094 2711 quia
1121 2641 1320 2710 repleta
1360 2648 1441 2695 est
1466 2648 1605 2697 terra
1632 2639 1861 2707 populis,
1964 2643 2098 2697 ritus
2136 2641 2252 2693 vitae
2276 2638 2328 2691 in
2359 2635 2435 2690 eis
2457 2642 2590 2688 erat.
2636 2631 2721 2685 18.
2762 2631 2826 2684 Et
2854 2641 3068 2697 egressa
3092 2634 3175 2681 est
3203 2624 3371 2693 gloria
3398 2623 3508 2679 Do-

260 2751 325 2797 et
360 2740 514 2796 urbs
562 2737 776 2806 repleta
822 2743 904 2790 est
955 2733 1219 2801 iujustitia
1273 2740 1326 2785 et
1354 2732 1711 2794 immunditia,
1738 2732 1864 2799 quia
1965 2732 2097 2786 mini
2129 2731 2195 2795 )t(
2225 2743 2254 2781 a
2300 2726 2489 2779 limine
2521 2724 2544 2791 1
2578 2721 2792 2784 domus,
2822 2728 2876 2772 et
2909 2715 3150 2771 ascendit
3182 2729 3340 2783 super
3366 2711 3508 2766 Che-

262 2833 555 2890 dixernnt
582 2844 598 2880 :
628 2804 942 2893 Dereliquit
970 2824 1231 2877 Dominus
1259 2830 1478 2884 terram,
1511 2836 1606 2875 nec
1654 2821 1868 2889 inspicit
1965 2820 2165 2875 rubim.
2196 2817 2281 2872 l9.
2324 2817 2390 2871 Et
2415 2812 2753 2869 sustulerunt
2794 2808 3082 2863 Cherubim
3112 2804 3225 2858 alas
3273 2819 3420 2867 suas,
3457 2811 3511 2856 et

267 2922 564 2977 Dominus
594 2938 611 2974 :
640 2917 729 2971 l0.
765 2930 825 2971 -ιο
856 2923 909 2969 et
938 2929 1037 2982 ego
1054 2929 1170 2967 sum
1199 2927 1430 2981 superne
1459 2913 1507 2980 1,
1532 2926 1639 2965 non
1688 2918 1869 2974 parcet
1967 2926 2024 2965 se
2050 2911 2329 2964 elevarunt
2365 2906 2431 2959 de
2476 2914 2617 2957 terra
2646 2916 2829 2954 coram
2868 2914 2972 2964 me,
3004 2896 3130 2950 dum
3162 2893 3509 2963 egredieban-

265 3009 491 3065 oculos
528 3021 708 3068 meus,
742 3017 923 3071 neque
949 2999 1253 3054 miserabor
1286 3016 1299 3052 :
1334 2999 1448 3051 vias
1479 3012 1666 3050 eorum
1696 2997 1748 3048 in
1777 3012 1868 3051 ca-
1970 3013 2055 3055 tur
2082 3013 2296 3070 quoque
2328 3004 2457 3049 rota:
2487 3009 2516 3046 a
2554 2992 2718 3045 latere
2748 3003 2933 3043 eorum
2967 3004 2979 3039 :
3016 2994 3069 3038 et
3092 2990 3352 3038 steterunt
3389 2988 3512 3035 ante

270 3102 392 3170 pila
425 3109 628 3150 eorum
677 3090 824 3145 dedi.
862 3089 947 3142 11.
979 3088 1043 3141 Et
1074 3101 1199 3141 ecce
1242 3086 1324 3139 vir
1354 3086 1444 3154 qui
1496 3085 1716 3138 indutus
1754 3092 1871 3138 erat
1896 3114 1940 3176 ε
1970 3088 2290 3145 vestibulum
2320 3092 2487 3154 portae
2501 3083 2692 3136 domus
2711 3077 2946 3135 Domini,
2967 3075 3032 3138 (ε)
3065 3089 3183 3176 quae
3213 3087 3243 3126 e
3273 3072 3510 3176 regione,

220 3188 229 3195 ’
270 3161 368 3261 in)
397 3187 635 3257 Ροδθτεν
662 3193 721 3237 εί
744 3181 1022 3235 “candus
1053 3178 1297 3231 lumbum
1332 3193 1487 3230 suum
1515 3190 1669 3238 10M.
1701 3185 1753 3229 ει
1781 3190 1869 3229 re-
1900 3161 1940 3176 ν
1969 3192 2021 3234 et
2050 3179 2218 3249 gloria
2254 3176 2346 3230 Dei
2390 3172 2603 3228 lsraelis
2650 3178 2765 3223 erat
2814 3183 2974 3235 super
3004 3166 3083 3220 eis
3126 3163 3372 3231 desuper.
3419 3161 3510 3216 20.

273 3251 524 3349 spondit
552 3276 625 3343 χ
656 3271 882 3327 verbum
903 3269 951 3336 1,
987 3267 1175 3322 dicens
1202 3284 1215 3321 :
1244 3265 1390 3329 Feci,
1414 3265 1551 3319 sicut
1572 3264 1869 3334 praecepisti
1970 3270 2083 3325 Hoc
2108 3267 2305 3323 animal
2332 3272 2436 3331 est,
2470 3261 2611 3333 quod
2638 3261 2872 3314 videram
2896 3258 3077 3312 subter
3108 3254 3273 3307 Deum
3301 3251 3514 3306 lsraelis

274 3341 451 3423 ll-lihi-
616 3341 623 3343 ⁷
1971 3376 2126 3428 Super
2182 3358 2399 3413 fluvium
2451 3353 2685 3415 Chobar,
2720 3358 2773 3404 et
2823 3347 3067 3419 cognovi,
3102 3344 3242 3414 quod
3296 3341 3516 3397 Cherub

352 3456 503 3522 Cap.
538 3449 611 3506 Χ.
636 3480 708 3494 —
730 3450 783 3501 Ι.
828 3446 896 3499 Et
918 3446 1050 3510 Vidi.
1080 3453 1132 3498 (ει
1176 3459 1300 3499 ecce
1326 3459 1488 3514 super
1513 3444 1866 3506 ﬁrma'llenlo.
1971 3458 2132 3504 esset.
2164 3449 2253 3502 2i.
2310 3448 2549 3512 Quatuor
2578 3443 2739 3496 facies
2771 3441 2863 3493 uni
2905 3449 2958 3492 et
2990 3446 3221 3507 quatuor
3250 3438 3346 3489 ala:
3374 3434 3467 3486 uni
3497 3448 3511 3484 :

276 3544 439 3617 quod
477 3555 651 3609 supra
678 3544 847 3606 caput
868 3534 1181 3598 Cherubim,
1207 3534 1363 3602 quasi
1395 3533 1527 3601 lapis
1560 3534 1781 3609 saphiri,
1805 3538 1870 3601 ὶε(
1971 3550 2021 3594 et
2050 3538 2345 3593 similitudo
2376 3548 2629 3587 manuum
2661 3530 2896 3583 hominis
2924 3528 3024 3580 sub
3052 3526 3150 3579 alis
3188 3539 3393 3577 eorum.
3421 3522 3511 3577 22.

276 3616 453 3707 quasi
481 3632 627 3685 visio
654 3630 679 3698 1
731 3625 1034 3682 similitudo
1060 3623 1241 3677 throni
1274 3626 1341 3689 ῖς(
1369 3623 1616 3691 apparuit
1643 3623 1665 3690 1
1710 3638 1772 3677 su

2021 3642 2037 3683 t
2064 3629 2356 3683 similitudo
2380 3624 2631 3678 faciernrn
2660 3635 2844 3674 eorum
2876 3633 2889 3668 :
2919 3620 2999 3670 hae
3023 3616 3184 3669 facies
3202 3623 3348 3678 sunt,
3380 3626 3515 3680 quas

277 3701 393 3781 eis.
424 3721 571 3777 2.131
599 3718 744 3773 dixit
773 3716 842 3769 ad
864 3716 1038 3768 Virum
1064 3715 1313 3767 ῖηάυιιιηι
1335 3712 1467 3766 Sulla
1500 3714 1587 3779 Χ,
1608 3720 1659 3764 ει
1691 3712 1765 3763 ait
1799 3710 1821 3777 ζ
1856 3729 1869 3764 ε
1973 3718 2079 3772 vidi
2104 3719 2170 3783 Χ
2199 3715 2298 3770 sub
2323 3713 2489 3782 gloria
2517 3710 2607 3762 Dei
2630 3706 2841 3762 [Sraelis
2866 3706 2892 3773 1
2919 3719 3081 3773 super
3112 3702 3332 3755 ﬂuvium
3372 3701 3519 3753 Cho-

278 3814 593 3885 lngredere
622 3810 680 3863 in
701 3807 944 3861 medium
975 3814 1238 3867 rotarum,
1272 3809 1327 3855 et
1350 3801 1538 3856 subtus
1562 3800 1870 3868 Cherubim,
1974 3809 2153 3874 δρα(
2173 3805 2483 3874 adspeetum
2510 3814 2693 3853 eorum
2726 3798 2749 3866 ζ
2787 3814 2801 3851 ;
2825 3804 2878 3850 et
2909 3796 3021 3849 haec
3045 3789 3462 3860 unumquodque
3483 3803 3516 3843 α

278 3901 547 3973 etimple
600 3911 823 3969 pugnos
878 3902 1000 3948 tuos
1050 3892 1376 3947 carbonibus
1421 3890 1558 3960 ignis
1593 3890 1658 3944 de
1699 3890 1874 3944 medio
1974 3897 2187 3967 regione
2215 3893 2369 3947 faciei
2393 3906 2502 3947 sua:
2530 3890 2678 3943 ibant

277 3968 630 4053 leerubim,
663 3997 722 4043 et
764 3988 1015 4055 disperge
1045 4000 1207 4052 super
1237 3984 1420 4036 urbem
1458 4000 1472 4035 :
1507 3990 1559 4035 et
1603 3982 1875 4048 ingressus
2044 3988 2172 4055 Cap.
2211 3984 2305 4047 XI,
2332 3986 2382 4036 1.
2410 3982 2475 4035 Et
2502 3976 2794 4045 assumpsit
2818 3990 2903 4029 me
2927 3972 3145 4043 spiritus
3177 3978 3228 4025 et
3252 3968 3404 4023 duxit
3430 3982 3517 4021 me

280 4096 372 4145 est
400 4096 603 4139 coram
643 4093 753 4144 me.
804 4077 857 4130 3o
910 4084 964 4130 ει
1006 4072 1297 4129 (Πιειηιδίῐη
1344 4072 1558 4125 διεδεηι
1588 4086 1619 4124 ³
1659 4070 1874 4125 dextera
1976 4094 2137 4147 super
2181 4084 2389 4145 portam
2434 4073 2626 4126 domus
2660 4068 2893 4131 Domini,
2936 4080 3055 4135 quae
3083 4080 3113 4117 e
3141 4061 3357 4131 regione
3389 4058 3517 4124 mei,

280 4182 527 4241 domus,
584 4187 711 4228 cum
766 4169 1141 4238 ingrederetur
1185 4165 1268 4217 vir
1297 4181 1311 4218 :
1357 4172 1409 4217 et
1437 4163 1608 4216 nubes
1638 4162 1878 4231 implevit
1979 4169 2044 4236 (t)
2073 4165 2442 4234 respicientem
2471 4162 2523 4215 in
2558 4161 2819 4213 orientem
2848 4176 2861 4210 :
2896 4165 2950 4209 et
2982 4169 3108 4209 ecce
3135 4161 3258 4205 ante
3277 4149 3517 4203 vestibu-

278 4239 519 4327 atrium»
537 4262 798 4317 interius.
830 4259 884 4312 4.
916 4256 983 4309 Et
1019 4256 1228 4309 elevata
1253 4261 1335 4309 est
1372 4253 1537 4322 gloria
1575 4253 1784 4306 Domini
1814 4253 1878 4306 de
1978 4258 2086 4311 lum
2114 4264 2279 4325 portae
2310 4252 2461 4323 quasi
2498 4248 2685 4319 viginti
2713 4257 2767 4301 et
2793 4246 3031 4314 quinque
3066 4244 3187 4307 viri,
3217 4252 3269 4294 ct
3306 4239 3412 4294 vidi
3463 4239 3518 4293 in

278 4352 608 4412 Cberubim
639 4350 695 4403 in
719 4348 888 4401 limen
935 4346 1144 4408 domus,
1184 4351 1240 4395 et
1263 4342 1500 4411 implevit
1531 4343 1748 4396 domum
1777 4359 1877 4395 nu-
1979 4344 2156 4399 medio
2178 4358 2363 4397 eorum
2390 4339 2665 4393 Jazaniam
2701 4335 2865 4388 lilium
2889 4335 3052 4395 Aznr,
3084 4339 3137 4385 et
3171 4329 3429 4382 Phaltiam
3459 4327 3524 4380 li-

280 4449 386 4504 bcs
429 4462 447 4498 :
480 4450 546 4497 et
565 4440 769 4494 atrium
806 4435 1085 4504 impletum
1129 4434 1211 4487 est
1242 4433 1523 4500 splendore
1565 4433 1743 4498 gloria:
1774 4431 1878 4485 Do-
1908 4428 1951 4482 D
1981 4434 2107 4487 lium
2142 4431 2364 4494 Danaam,
2403 4428 2494 4496 qui
2523 4433 2650 4479 sunt
2692 4424 2744 4477 iu
2777 4422 3071 4491 principatu
3121 4419 3323 4489 populi.
3364 4417 3418 4471 2.
3459 4414 3524 4469 Et

281 4535 453 4593 mini.
493 4534 557 4587 5.
593 4532 660 4584 Et
686 4544 790 4583 vox
818 4527 1026 4580 alarum
1055 4522 1347 4579 Cherubim
1373 4523 1689 4575 audiebatur
1713 4537 1883 4589 usque
1980 4524 2115 4577 dixit
2145 4520 2403 4572 Dominus
2437 4515 2503 4569 ad
2551 4530 2637 4569 me
2668 4531 2682 4567 :
2722 4513 2821 4565 Fili
2883 4512 3134 4576 hominis,
3168 4510 3223 4563 hi
3260 4508 3381 4574 viri,
3429 4508 3519 4576 qui

278 4627 356 4683 ad
401 4624 622 4679 atrium
650 4621 916 4681 exterius,
941 4614 1093 4684 quasi
1123 4628 1225 4666 vox
1249 4612 1340 4665 Dei
1368 4611 1561 4664 Saddai
1591 4610 1881 4679 loquentis.
1981 4612 2217 4679 cogitant
2248 4620 2403 4669 vana,
2456 4615 2509 4656 et
2557 4601 2849 4655 consulunt
2887 4598 3174 4652 consilium
3225 4595 3424 4647 malum
3469 4594 3523 4646 in

280 4716 341 4773 ϐ.
390 4714 467 4768 Et
500 4711 719 4765 factum
733 4715 841 4767 est.
889 4721 1012 4759 cum
1045 4703 1358 4772 praeciperet
1386 4702 1502 4754 viro
1533 4701 1717 4755 induto
1746 4699 1887 4755 stola
1982 4701 2115 4756 urbe
2140 4698 2265 4760 ista,
2293 4696 2344 4749 5.
2380 4694 2471 4762 qui
2507 4692 2731 4745 dicunt:
2762 4688 2951 4742 Nonne
2983 4695 3222 4741 recenter
3251 4683 3524 4773 aedificata:

281 4813 523 4866 sancta,
557 4799 778 4859 dicens,
810 4793 981 4848 Sume
1027 4770 1203 4860 ignem
1226 4791 1292 4844 de
1319 4789 1491 4843 medio
1513 4798 1770 4855 rotarum,
1820 4790 1886 4845 de
1983 4800 2112 4847 sunt
2159 4786 2391 4843 domus?
2440 4783 2565 4838 Haec
2605 4791 2687 4836 est
2710 4781 2838 4845 olla,
2888 4793 2985 4833 nos
3014 4787 3189 4831 autem
3225 4786 3441 4866 carnes.
3468 4770 3521 4823 4.

282 4857 854 4955 inedio'Cberuhim;
885 4893 939 4937 et
969 4857 1245 4951 ingressus
1271 4887 1375 4944 est,
1397 4889 1450 4932 et
1482 4879 1627 4933 stetit
1660 4894 1688 4931 a
1720 4882 1886 4934 latere
1980 4881 2205 4947 Propter
2233 4878 2331 4929 hoc
2386 4872 2639 4943 propheta
2667 4884 2828 4937 super
2872 4882 2988 4929 eos,
3016 4863 3291 4955 propheta,
3428 4857 3525 4909 ho-

284 4946 587 5048 ;ta—rum.
622 4982 676 5034 7.
724 4980 791 5032 Et
822 4946 1066 5032 extendit
1107 4972 1325 5030 Cherub
1364 4987 1582 5025 manum
1637 4987 1788 5025 suam
1817 4976 1884 5038 χ
1982 4946 2164 5023 minis.
2190 4966 2241 5018 4.
2289 4964 2353 5016 Et
2392 4960 2585 5014 cecidit
2614 4973 2774 5024 super
2822 4970 2906 5048 me
2936 4953 3159 5021 spiritus
3191 4946 3422 5048 Domini,
3454 4953 3526 5045 .et

282 5033 609 5137 deurit—edit)
636 5033 945 5124 ererubim
982 5064 1005 5130 1
1060 5064 1114 5117 in
1149 5061 1389 5116 medium
1436 5060 1574 5128 ignis
1608 5033 1885 5114 existentis
1980 5056 2114 5110 dixit
2137 5053 2204 5107 ad
2229 5067 2313 5104 me
2342 5065 2356 5101 :
2385 5049 2481 5099 Dic
2513 5064 2526 5098 :
2556 5045 2680 5137 llaec
2707 5040 3113 5137 dicitDominps
3149 5052 3162 5087 :
3189 5036 3266 5090 sic
3287 5033 3522 5137 dixislisi

372 5123 585 5222 medio
608 5154 937 5217 Cherubim,
964 5123 1018 5205 et
1067 5150 1282 5213 sumsit,
1328 5160 1381 5202 et
1412 5123 1558 5204 dedit
1600 5148 1653 5201 in
1694 5164 1885 5203 manus
1980 5147 2172 5200 domus
2206 5137 2439 5213 lsraelis,
2468 5146 2522 5187 et
2550 5131 2902 5205 cogitationes
2941 5127 3163 5196 spiritus
3209 5123 3373 5179 vestri
3426 5136 3528 5223 ego

284 5214 663 5313 ind-utviwstola
718 5214 929 5300 sancta
974 5258 989 5294 :
1039 5248 1093 5294 et
1144 5236 1367 5304 accepit,
1404 5246 1459 5291 et
1492 5251 1740 5306 egressus
1779 5246 1880 5292 est.
1987 5236 2061 5305 (υ)
2092 5230 2214 5285 novi
2251 5245 2265 5282 :
2307 5226 2359 5280 6.
2410 5219 2803 5313 multiplicastis
2848 5220 2927 5313 (si
2967 5223 3204 5313 mortuos
3224 5222 3440 5313 vestros
3472 5214 3526 5267 in

284 5301 605 5402 5:13:64}
634 5331 940 5392 Cherubim
975 5301 1376 5383 similitudinem
1406 5301 1659 5381 manuum
1704 5328 1878 5383 homi-
1986 5301 2117 5383 urbe
2145 5322 2266 5384 hac,
2284 5323 2337 5371 et
2367 5312 2682 5383 implevistis
2706 5309 2823 5361 vias
2845 5306 2962 5377 ejus
2985 5303 3199 5359 occisis.
3224 5302 3276 5357 7.
3308 5301 3529 5371 Propter

359 5508 430 5577 (ι)
471 5501 573 5564 8.,
611 5497 881 5551 linteum.
935 5489 1018 5543 cui
1052 5495 1168 5568 erat
1195 5484 1388 5577 Ltabula
1429 5487 1733 5577 tscrip'lt‘oris.
1776 5488 1868 5558 (ηπ)
1901 5490 2040 5570 ejus.
2111 5486 2190 5556 (η)
2238 5483 2318 5545 S.,
2346 5483 2587 5561 linteum,
2625 5473 2711 5529 cui
2764 5480 2876 5525 erat
2915 5469 3194 5552 scriPlOTia
3240 5469 3417 5551 ἔθιηξιθ
3473 5465 3526 5518 ίη

453 5574 465 5577 _
580 5568 592 5577 .
766 5562 780 5577 ι
826 5561 840 5577 ι
882 5557 918 5577 ο
982 5559 1071 5577 n___-
1089 5564 1187 5577 μ...
1237 5570 1247 5577 .
1400 5570 1419 5577 -
1461 5571 1486 5577 ..
1612 5556 1635 5577 ι.
1719 5558 1983 5577 -.Ἅμα--.ι
2011 5559 2021 5577 ε
2125 5555 2196 5577 /_\
2236 5553 2267 5577 ο
2349 5567 2399 5577 ...
2433 5556 2825 5577 nnnnmnllmﬂlln
2861 5556 3002 5577 οηηη
3033 5543 3203 5577 Im-nln
3243 5536 3526 5577 molnmlul

286 5536 1315 5635 'S.v,_lt‘v-aciri.thi..
1340 5536 2047 5635 Heia'g’rig;'égﬂﬁdiﬁﬁl
2088 5536 2197 5635 DG)
2230 5536 2316 5613 87.7,,
2349 5551 2400 5603 in
2431 5536 2826 5635 quemcumqtle
2861 5542 3002 5635 enim
3024 5536 3530 5635 'pcum‘jneli‘tﬂb‘at

528 5605 1469 5692 igneumvpost"idadhterebant.
1493 5605 1600 5717 Ἶρι)
1626 5605 2050 5685 ⁷8’,,’ἰῆὗδέέιίἰίἰίς
2086 5605 2194 5677 mir"
2224 5605 2415 5672 nomen
2451 5605 2829 5668 volutationem
2930 5608 2997 5676 (r)
3029 5606 3111 5672 S.,
3161 5605 3526 5684 remanebant.

395 5711 431 5717 _
684 5716 715 5717 η
759 5695 1029 5717 -_.:..........
1139 5688 1199 5717 In
1234 5687 1263 5717 ρ
1340 5689 1554 5717 ,ηιμ-ι...
1583 5705 1662 5717 Α...
1783 5695 1857 5717 :-.\
1890 5693 1921 5717 ει
2001 5690 2225 5717 .._.........:
2307 5686 2425 5717 mw:
2544 5684 2621 5717 Iri
2654 5675 2690 5717 ς
2722 5716 2729 5717 ,
2777 5691 3061 5717 nar-miunt
3097 5692 3124 5717 ι
3168 5676 3335 5717 «nine-

526 5675 1061 5758 e'e'rs‘ttT-ori'e‘ntem.
1137 5688 1199 5745 (ι)
1228 5687 1298 5747 S.,
1338 5675 1712 5745 orientaiemI
1879 5675 2250 5760 '87.,"prtevcni,
2307 5686 2447 5739 novi.
2544 5684 2621 5745 (σε)
2653 5675 2733 5737 δι’
2777 5675 3061 5743 Ρθτευδεοδ
3096 5692 3127 5729 ³
3168 5676 3343 5751 '9‘)“-
