3802 6446
226 379 368 436 2703

1334 378 1559 441 CODEX
1601 380 2371 436 SYRIACO-"EXAPLARIS.

3497 342 3693 419 270;

230 489 334 544 hoc
361 491 475 545 haec
518 491 647 545 dicit
688 492 889 545 Adonai
947 490 1204 548 Dominus
1244 493 1517 549 :Mortuos
1547 502 1772 555 vestros,
1802 495 1851 550 A
1944 490 2075 560 Cap.
2110 492 2221 554 Xll,
2253 494 2302 546 1.
2358 490 2423 543 Et
2472 487 2675 543 factum
2718 470 2812 544 est
2852 488 3135 542 verbum
3200 481 3521 536 Domini
3598 478 3693 533 ad

230 595 369 648 quos
392 582 728 648 percussistis
754 581 994 634 inmedio
1027 582 1165 651 ejus,
1197 584 1249 636 hi
1279 593 1405 637 sunt
1430 598 1641 647 carnes,
1659 582 1774 635 haec

232 680 407 725 autem
456 681 537 727 est
583 673 706 731 olla,
755 678 807 724 et
850 685 942 723 vos
981 670 1202 724 educam
1248 672 1312 724 de
1339 672 1512 725 medio
1550 672 1689 739 ejus.
1718 670 1770 725 8.

234 758 478 813 Gladium
532 760 748 821 timetis,
799 768 852 812 et
906 759 1135 828 gladium
1169 760 1415 813 inducam
1465 776 1627 827 super
1656 774 1771 823 vos,

235 849 311 901 ait
333 850 406 918 (y)
431 848 680 901 Dominus
722 848 1001 902 Dominus.
1030 848 1081 901 9.
1116 847 1178 901 Et
1199 849 1423 902 educam
1449 864 1542 903 vos
1563 849 1627 901 de
1662 863 1777 901 me-

235 938 325 989 dio
352 938 489 1005 ejus,
516 946 565 989 et
592 937 795 989 tradam
829 952 924 991 vos
962 941 1012 989 in
1038 953 1230 991 manus
1258 938 1579 1001 alienorum,
1610 946 1662 990 et
1682 935 1773 989 fa-

234 1026 371 1079 ciam
400 1027 450 1078 in
490 1026 639 1079 vobis
672 1026 873 1092 judicia
899 1044 912 1079 :
942 1026 1029 1079 10.
1066 1026 1118 1079 in
1148 1027 1325 1095 gladio
1359 1027 1582 1091 cadetis,
1612 1040 1776 1095 super

233 1115 305 1184 (ι)
331 1116 601 1169 montibus
633 1115 1112 1182 Israelisjudicabo
1143 1132 1254 1181 vos,
1292 1124 1345 1168 et
1394 1116 1595 1181 scietis,
1634 1116 1772 1184 quod

232 1219 331 1271 ego
357 1204 633 1258 Dominus.
669 1205 755 1257 11.
810 1204 933 1258 Haec
963 1206 1117 1258 vobis
1166 1222 1269 1259 non
1310 1206 1412 1259 erit
1440 1206 1492 1257 in
1518 1208 1701 1267 ollam,
1725 1215 1778 1259 et

232 1310 329 1348 vos
363 1310 468 1347 non
502 1295 651 1349 eritis
676 1296 727 1348 in
754 1296 928 1349 medio
953 1297 1069 1363 ejus
1094 1297 1147 1348 in
1177 1311 1401 1349 carnes:
1445 1312 1605 1364 super
1626 1299 1780 1349 mon-

233 1383 374 1436 tibus
406 1382 613 1437 lsraelis
636 1385 888 1453 judicabo
911 1400 1024 1438 vos.
1047 1385 1132 1436 12.
1168 1385 1233 1437 Et
1257 1386 1612 1451 cognoscetis,
1635 1384 1775 1453 quod

233 1490 332 1541 ego
360 1475 640 1538 Dominus;
675 1478 739 1539 >ε<
765 1476 888 1542 quia
919 1474 970 1526 in
995 1474 1473 1541 justificationibus
1511 1474 1644 1528 meis
1669 1489 1771 1528 non

236 1562 569 1625 ambulastis,
593 1563 863 1629 etjudicia
883 1578 999 1615 mea
1028 1578 1134 1615 non
1166 1562 1384 1628 fecistis,
1414 1572 1466 1616 et
1488 1565 1776 1617 secundum

234 1652 430 1721 judicia
465 1652 727 1721 gentium,
780 1667 899 1721 qua:
929 1653 1071 1706 circa
1125 1667 1240 1715 vos,
1288 1652 1492 1707 fecistis
1523 1655 1569 1718 ζ.
1601 1655 1684 1708 15.
1716 1653 1776 1706 Et

239 1743 436 1797 factum
472 1751 573 1805 est,
596 1757 717 1795 cunt
746 1742 1137 1810 prophetarem,
1178 1728 1230 1796 et
1261 1741 1470 1795 Pbaltia
1508 1742 1651 1796 filius
1676 1742 1779 1796 Ba-

240 1849 366 1888 τηρεε
402 1843 646 1887 mortuus
666 1840 748 1886 est
782 1850 796 1885 :
828 1841 881 1885 et
912 1832 1078 1885 cecidi
1100 1847 1258 1901 super
1282 1831 1479 1885 faciem
1509 1846 1701 1893 meam,
1727 1841 1778 1885 et

238 1925 530 1978 exclamavi
559 1939 687 1977 voce
715 1938 928 1991 magna,
957 1932 1009 1976 et
1030 1922 1141 1975 dixi
1168 1940 1182 1976 :
1212 1921 1302 1975 Vae
1341 1922 1491 1985 mibi,
1520 1936 1597 1974 va:
1626 1921 1776 1985 mibi,

238 2015 443 2068 Adonai
502 2014 745 2073 Domine,
803 2012 1323 2066 consummationem
1363 2021 1417 2065 tu
1473 2010 1609 2065 facis
1647 2013 1779 2066 resi-

239 2106 402 2155 duum
450 2101 697 2155 lsraelis?
751 2101 835 2153 14.
871 2102 936 2153 Et
963 2099 1160 2153 factum
1203 2108 1284 2154 est
1320 2100 1538 2153 verbum
1568 2098 1780 2153 Domini

239 2194 305 2247 ad
336 2208 438 2256 me,
461 2192 644 2245 dicens
674 2208 686 2243 :
714 2191 797 2245 15.
829 2190 927 2243 Fili
954 2189 1207 2253 hominis,
1238 2190 1314 2258 (α)
1356 2190 1408 2242 bi
1443 2188 1636 2243 fratres
1680 2190 1777 2254 tui,

241 2281 435 2335 fratres
470 2281 564 2345 tui,
591 2288 644 2333 et
677 2279 776 2332 viri
804 2278 1126 2347 captivitatis
1160 2289 1283 2342 tuae,
1314 2286 1366 2331 et
1385 2279 1559 2332 omnis
1588 2278 1780 2334 domus

239 2370 450 2425 lsraelis
478 2376 845 2423 consummata
875 2380 974 2432 est,
1002 2368 1198 2436 quibus
1229 2368 1480 2421 dixerunt
1512 2368 1590 2422 eis
1626 2367 1781 2421 habi-

238 2470 435 2516 tatores
471 2459 766 2513 Jerusalem
812 2476 824 2510 :
856 2457 1035 2526 Longe
1056 2456 1255 2512 abestis
1277 2473 1307 2510 a
1335 2457 1582 2519 Domino,
1625 2458 1780 2513 nobis

239 2554 305 2618 )ι(
338 2558 519 2604 nostra
552 2550 712 2618 :data
737 2558 818 2602 est
840 2559 980 2603 terra
1010 2550 1061 2603 in
1101 2548 1485 2603 haereditatetu.
1516 2549 1602 2602 16.
1644 2547 1779 2603 Pro-

239 2652 357 2708 pter
379 2642 481 2692 hoc
503 2639 623 2692 dic:
650 2636 770 2691 Haec
801 2638 930 2691 dicit
956 2639 1161 2691 Adonai
1188 2638 1447 2692 Dominus
1479 2656 1493 2691 :
1522 2637 1674 2702 Quod
1698 2652 1783 2692 re-

242 2730 431 2798 pellam
460 2742 553 2782 eos
574 2727 626 2779 in
650 2736 852 2794 gentes,
875 2736 928 2780 et
951 2728 1252 2797 dispergam
1275 2743 1368 2781 eos
1394 2729 1446 2780 in
1478 2739 1660 2795 gentes
1684 2726 1777 2794 (ὁ),

240 2827 293 2870 et
320 2817 618 2884 dispergam
666 2829 759 2867 eos
806 2813 859 2866 in
904 2830 1115 2867 omnem
1163 2825 1380 2878 terram,
1412 2824 1467 2869 et
1498 2830 1589 2869 ero
1616 2816 1694 2869 eis
1726 2814 1779 2867 in

242 2906 604 2959 sanctuarium
642 2918 862 2972 parvum
894 2904 946 2956 in
974 2904 1303 2971 regionibus,
1326 2920 1663 2973 quocumque
1694 2903 1781 2958 fu-

242 2995 387 3047 erint
420 2995 641 3063 ingressi
681 2994 829 3048 illuc.
894 2993 977 3046 17.
1011 2992 1235 3062 Propter
1269 2994 1369 3047 hoc
1396 2994 1525 3047 die:
1561 2991 1681 3047 Hzec
1701 2994 1781 3047 di-

1873 596 1978 642 me,
2019 580 2328 637 dicenszﬁ.
2369 582 2469 635 Fili
2512 580 2781 642 hominis,
2825 579 2886 632 in
2952 576 3199 631 medio
3252 573 3355 647 (ε)
3400 570 3698 645 iniqui-

1873 680 2044 726 tatum
2075 688 2258 727 eorum
2295 680 2350 725 tu
2398 672 2647 734 habitas,
2682 669 2907 739 quibus
2946 676 3112 722 sunt
3175 665 3393 720 oculi
3446 664 3539 716 ad
3590 662 3700 715 vi-

1871 762 2126 826 dendum,
2159 772 2214 816 et
2248 777 2355 815 non
2388 762 2609 825 vident,
2661 770 2719 813 et
2750 774 2933 812 aures
2971 766 3143 812 sunt
3218 754 3340 808 eis
3396 753 3491 805 ad
3555 767 3696 805 au—

1873 851 2150 913 diendum,
2189 858 2244 902 et
2276 863 2386 902 non
2417 847 2670 909 audiunt,
2706 845 2846 913 quia
2873 844 3117 897 domus
3180 838 3511 893 irritans
3552 846 3691 890 est.

1872 940 1926 995 3.
1959 940 2021 993 Et
2050 949 2127 1003 tu,
2164 938 2236 991 fili
2269 938 2528 999 hominis,
2589 936 2678 989 fac
2708 935 2810 989 tibi
2841 948 2986 987 vasa
3022 926 3549 999 captivitatis,
3620 935 3696 982 et

1872 1031 2142 1099 captivare
2164 1029 2396 1083 interdiu
2423 1043 2611 1082 coram
2638 1027 2742 1091 eis,
2771 1033 2831 1078 et
2859 1020 3365 1094 captivaberis
3399 1020 3493 1073 de
3534 1020 3695 1073 loco

1874 1130 1967 1174 tuo
2002 1122 2055 1174 in
2094 1121 2273 1174 locum
2322 1120 2489 1173 alium
2523 1132 2712 1172 coram
2752 1117 2873 1179 eis,
2916 1124 2985 1169 ut
3042 1114 3409 1176 videant,
3496 1110 3694 1181 quod

1874 1212 2067 1264 domus
2118 1209 2340 1264 irritans
2380 1216 2485 1262 est.
2523 1207 2579 1259 4.
2613 1206 2680 1259 Ει
2728 1205 2999 1274 proferes
3060 1218 3259 1255 vasa
3308 1212 3474 1266 tua,
3523 1217 3695 1255 vasa

1874 1299 2221 1368 captivitatis,
2269 1296 2507 1351 interdiu
2554 1296 2624 1365 (ι’)
2673 1295 2743 1349 ad
2779 1295 2992 1348 oculos
3052 1308 3344 1347 eorum
3383 1333 3406 1356 ,
3467 1301 3541 1343 et
3617 1300 3693 1344 tu

1874 1388 2163 1455 egredieris
2211 1401 2439 1455 vespere
2487 1400 2675 1441 coram
2718 1384 2827 1448 eis,
2873 1386 2950 1452 Ἃ(
3027 1385 3251 1439 sicut
3308 1383 3697 1452 egreditur

1877 1478 2117 1545 captivus
2162 1479 2210 1546 ζ.
2260 1470 2313 1529 5⁷.
2363 1477 2445 1530 Ad
2496 1477 2690 1531 oculos
2741 1491 2953 1528 eorum
3021 1473 3359 1544 perfmle
3428 1474 3561 1526 tibi
3623 1473 3693 1526 in

1877 1568 2155 1634 parietem,
2184 1574 2237 1617 et
2263 1565 2559 1634 egredieris
2586 1579 2679 1632 per
2704 1578 2861 1618 eum.
2900 1563 2962 1616 6.
2992 1563 3284 1617 Coram
3325 1563 3441 1617 eis
3477 1577 3694 1631 super

1881 1652 2117 1705 humeris
2150 1650 2223 1721 (g)
2258 1651 2584 1719 portaberis,
2632 1660 2685 1704 et
2728 1652 3164 1705 absconditus
3219 1652 3638 1721 egredieris
3671 1671 3688 1705 :

1883 1741 2069 1794 faciem
2130 1750 2276 1793 tuam
2327 1742 2630 1807 cooperies,
2686 1748 2740 1793 et
2786 1756 2903 1793 non
2969 1740 3275 1796 videbis
3355 1750 3687 1809 terram;

1877 1830 2001 1897 quia
2031 1838 2336 1897 portentum
2380 1828 2502 1882 dedi
2533 1838 2585 1883 te
2615 1829 2806 1883 domui
2856 1829 3170 1884 lsraelis.
3229 1831 3307 1885 7.
3380 1832 3471 1885 Et
3558 1831 3690 1887 feci

1878 1921 1972 1982 ita,
2011 1919 2166 1987 juxta
2217 1919 2423 1981 omnia,
2471 1934 2595 1988 quae
2629 1929 2995 1989 prteceperat
3065 1921 3264 1976 mihi
3304 1940 3321 1976 :
3377 1932 3455 1977 et
3520 1939 3690 1979 vasa

1878 2008 2093 2075 protuli,
2120 2009 2273 2076 quasi
2301 2023 2430 2062 vasa
2476 2010 2818 2077 captivitatis
2858 2010 3208 2078 interdiu,
3275 2023 3354 2067 et
3394 2028 3691 2083 vespere

1878 2098 2080 2167 perfodi
2130 2098 2262 2151 mihi
2302 2098 2561 2167 parietem
2598 2114 2764 2151 manu
2808 2114 2981 2165 utea,
3032 2111 3113 2154 et
3198 2102 3688 2161 absconditus

1878 2203 2126 2255 egressus
2156 2203 2297 2247 sum,
2323 2202 2485 2255 super
2512 2187 2763 2241 humeris
2797 2188 2875 2258 (Ιι)
2914 2198 3267 2257 portatus
3321 2190 3495 2247 sum
3566 2210 3688 2249 co-

1878 2293 1994 2332 ram
2020 2278 2119 2331 eis.
2154 2276 2206 2330 8.
2247 2276 2315 2329 Et
2350 2275 2549 2330 factum
2581 2284 2666 2330 est
2703 2283 2951 2330 verbum
3018 2280 3337 2335 Domini
3414 2281 3506 2336 ad
3575 2298 3689 2339 me

1878 2387 2058 2435 mane,
2085 2371 2311 2425 dicens:
2351 2370 2405 2424 9.
2438 2368 2543 2421 Fili
2570 2369 2837 2432 hominis,
2871 2385 3107 2426 nonne
3183 2373 3345 2427 dixi
3400 2378 3488 2445 (‘)
3534 2376 3687 2443 tibi,

1880 2461 2072 2515 domus
2104 2458 2339 2521 lsraelis,
2369 2458 2567 2510 domus
2614 2457 2848 2511 irritans
2884 2469 3008 2523 est,
3059 2466 3261 2531 quid
3322 2475 3402 2521 tu
3452 2468 3633 2531 facis
3659 2476 3689 2528 2

1881 2549 1966 2603 10.
2000 2550 2091 2602 Dic
2118 2548 2183 2600 ad
2211 2562 2343 2601 eos:
2394 2545 2521 2636 Haec
2560 2546 2693 2600 dicit
2739 2547 3046 2603 Dominus
3140 2552 3520 2617 Dominus
3604 2565 3685 2636 (ξ)

1878 2639 2107 2708 principi
2137 2646 2189 2691 et
2216 2636 2338 2690 duci
2372 2638 2425 2690 in
2454 2634 2790 2701 Jerusalem,
2823 2648 2881 2692 et
2904 2644 3103 2696 omni
3156 2646 3421 2704 domui
3458 2634 3685 2711 Israe-F

1879 2725 1965 2787 lis,
2005 2725 2095 2791 qui
2142 2725 2346 2814 suntin
2393 2724 2573 2814 medio
2622 2740 2846 2790 eorum,
2899 2728 3003 2781 11.
3061 2732 3228 2801 dic,
3291 2743 3490 2807 quod
3556 2761 3684 2814 ego

1880 2821 2125 2881 portenta
2154 2812 2368 2865 faciem
2395 2813 2448 2867 in
2500 2814 2682 2868 medio
2719 2815 2744 2885 ζ
2778 2832 2793 2869 :
2827 2823 3131 2885 qunmad
3147 2828 3461 2883 modum
3525 2812 3681 2899 Ieci,

1881 2902 1959 2955 sic
1988 2901 2089 2955 erit
2121 2901 2191 2965 ei,
2219 2903 2272 2953 in
2306 2902 2721 2971 demigratione,
2756 2913 2814 2959 et
2845 2907 2902 2958 in
2949 2914 3402 2980 captivitate
3448 2922 3679 2992 ibunt,

1884 2992 1968 3045 1'2.
1994 3001 2046 3045 et
2075 2990 2347 3060 princeps,
2377 2995 2469 3061 qui
2500 2993 2553 3047 in
2590 2995 2776 3050 medio
2805 3012 3071 3064 eorum,
3125 3022 3367 3076 super
3428 2990 3675 3071 bume;

240 3086 313 3138 cit
343 3084 546 3137 Adonai
573 3083 869 3174 Dominus:
893 3081 957 3135 Et
980 3082 1267 3174 suscipiam
1298 3082 1486 3174 eosude
1511 3084 1777 3174 gentibus,
1804 3090 1849 3147 ο
1883 3083 1956 3135 ris
1980 3082 2297 3174 portabitu‘r.
2338 3093 2392 3136 et
2417 3085 2774 3142 absconditus
2813 3092 3240 3158 egredietur
3284 3118 3418 3170 per
3457 3109 3680 3174 parie-

240 3171 646 3241 etcongregabo
674 3186 766 3225 eos
824 3171 890 3224 de
937 3170 1262 3238 regionibus,
1309 3170 1505 3239 quibus
1554 3171 1780 3238 dispersi

242 3280 335 3318 cos
354 3264 406 3315 in
429 3264 530 3326 eis,
563 3270 616 3315 et
646 3261 784 3315 dabo
806 3262 885 3314 eis
904 3269 1098 3313 terrain
1126 3258 1337 3313 lsraelis
1372 3278 1385 3312 :
1411 3259 1495 3313 18.
1527 3268 1578 3312 et
1608 3261 1783 3328 ingre-

242 3356 455 3407 dientur
480 3354 627 3413 illuc,
660 3362 713 3406 et
733 3351 976 3407 auferent
997 3366 1183 3405 omnes
1199 3352 1625 3406 abominationes
1644 3352 1778 3421 ejus,

241 3454 496 3496 etomnes
523 3441 830 3509 iniquitates
859 3440 976 3509 ejus
1008 3440 1074 3494 de
1098 3455 1180 3493 ea.
1214 3440 1297 3494 19.
1330 3439 1392 3493 Et
1412 3442 1551 3495 dabo
1579 3440 1659 3495 eis
1692 3456 1786 3495 cor

243 3530 409 3595 aliud,
444 3540 491 3584 et
524 3530 769 3599 spiritum
810 3544 1005 3583 novum
1035 3529 1172 3583 dabo
1200 3528 1253 3583 in
1300 3530 1396 3594 eis,
1425 3541 1475 3584 et
1506 3531 1782 3584 extraham

244 3636 337 3673 cor
363 3635 547 3674 eorum
590 3619 853 3687 lapideum
893 3635 959 3674 ex
1003 3633 1168 3673 carne
1213 3635 1420 3685 eorum,
1463 3630 1515 3674 et
1543 3621 1679 3673 dabo
1706 3622 1785 3675 eis

243 3724 337 3761 cor
370 3721 644 3769 carneum,
677 3705 765 3760 ΞΟ.
798 3714 859 3760 ut
906 3705 959 3758 in
1009 3707 1287 3774 praeceptis
1316 3708 1450 3761 meis
1487 3708 1783 3772 ambulent,

243 3797 720 3864 etjustilicationes
749 3809 897 3849 meas
923 3796 1251 3859 custodiant,
1281 3806 1333 3849 et
1362 3796 1558 3851 faciant
1589 3813 1683 3862 ea;
1735 3807 1787 3851 et

242 3894 401 3939 erunt
426 3886 556 3938 mibi
587 3887 639 3938 in
684 3886 1032 3954 populum,et
1061 3900 1160 3951 ego
1182 3901 1275 3939 ero
1299 3888 1379 3940 eis
1410 3887 1460 3939 in
1502 3887 1690 3952 Deum,
1722 3900 1786 3942 -t-

247 3976 372 4029 dicit
408 3976 664 4029 Dominus
698 3978 744 4043 ζ.
768 3977 856 4028 21.
885 3976 965 4042 (ε)
983 3976 1047 4029 Et
1076 3976 1365 4029 secundum
1394 3992 1487 4031 cor
1508 3978 1789 4031 abomina-

246 4068 450 4118 tionum
507 4080 725 4119 suarum
768 4074 821 4118 et
855 4065 1200 4132 iniquitatum
1223 4082 1464 4129 suarum,
1500 4084 1606 4136 quo
1632 4070 1790 4123 modo

248 4171 341 4209 cor
372 4170 554 4207 eorum
585 4155 712 4218 ibat,
745 4155 859 4207 vias
882 4170 1067 4208 eorum
1111 4156 1163 4207 in
1197 4156 1372 4223 capita
1424 4174 1609 4212 eorum
1647 4160 1788 4226 dedi,

249 4242 378 4296 dicit
399 4242 603 4297 Adonai
639 4244 915 4297 Dominus.
951 4244 1039 4296 ‘23.
1065 4244 1125 4296 Et
1151 4246 1482 4300 sustulerunt
1503 4247 1786 4303 Cherubim

250 4333 364 4384 alas
403 4345 547 4394 suas,
593 4341 647 4385 et
691 4342 819 4386 τοίω
861 4349 890 4386 a
934 4333 1099 4387 latere
1144 4349 1351 4397 eorum,
1386 4345 1438 4388 et
1488 4336 1653 4404 gloria
1699 4338 1788 4393 Dei

251 4421 465 4475 lsraelis
493 4437 653 4491 super
679 4423 746 4477 iis
784 4439 946 4490 supra
983 4440 1095 4478 eos.
1129 4423 1218 4479 23.
1256 4424 1317 4477 Et
1357 4427 1595 4480 asvendit
1625 4428 1792 4497 gloria

254 4511 465 4565 Domini
494 4512 559 4565 de
580 4512 752 4567 medio
785 4514 954 4579 urbis,
1004 4524 1057 4569 et
1102 4517 1250 4569 stetit
1289 4532 1449 4583 super
1480 4528 1679 4582 monte,
1719 4519 1793 4588 (p)

1884 3181 2014 3236 tem,
2053 3182 2107 3225 et
2134 3171 2415 3241 perfudiet,
2454 3182 2513 3227 ut
2565 3176 2895 3245 egrediatur
2928 3195 3055 3248 per
3109 3203 3294 3243 eum
3339 3211 3358 3246 :
3424 3171 3676 3252 faciem

1882 3278 2033 3316 suam
2066 3263 2358 3330 c00periet,
2382 3274 2440 3316 ut
2464 3279 2533 3317 ne
2562 3265 2821 3319 videatur
2845 3271 3067 3333 oculo,
3106 3286 3191 3331 et
3228 3280 3387 3348 ipse
3422 3294 3673 3342 uenam

1882 3367 1988 3406 non
2022 3352 2362 3447 videbital3.
2420 3356 2482 3447 Et
2531 3358 2848 3424 expandam
2909 3370 3058 3417 rete
3148 3385 3405 3428 meum
3475 3394 3678 3447 super

1882 3460 2028 3507 eum,
2059 3454 2113 3499 et
2153 3445 2395 3513 capietur
2432 3446 2483 3498 in
2536 3456 2695 3513 septo
2733 3462 2886 3513 meo,
2937 3462 3006 3505 et
3064 3458 3359 3517 duram
3399 3445 3581 3522 eum—
3606 3472 3672 3525 ἰιιι

1885 3532 2231 3604 Babylonem,
2264 3534 2319 3587 in
2350 3544 2550 3587 terram
2576 3533 2988 3593 Chaldaeorum
3018 3582 3037 3603 ,
3116 3558 3200 3603 ct
3252 3552 3487 3623 ipsam
3542 3577 3672 3614 ιιοῃι

1886 3625 2104 3687 videbit,
2140 3634 2194 3679 et
2229 3624 2300 3678 ibi
2347 3626 2631 3679 morietur.
2672 3626 2766 3679 H.
2820 3626 2891 3680 Et
2925 3644 3250 3707 omnes,
3301 3647 3426 3714 qui
3488 3651 3673 3708 circa

1885 3732 2030 3779 eum,
2078 3714 2427 3769 auxiliatores
2474 3714 2615 3782 ejus,
2654 3717 2730 3786 (k)
2782 3726 2840 3772 et
2884 3734 3150 3782 omnes
3222 3746 3673 3809 protegentes

1885 3820 2007 3858 cum
2038 3804 2338 3872 dispergant
2372 3804 2425 3856 in
2464 3819 2684 3858 omnem
2711 3818 2984 3875 ventum,
3028 3824 3106 3869 et
3182 3804 3504 3891 ειειάῑυῖη
3567 3832 3671 3887 ef.

1888 3894 2105 3986 fundam
2140 3902 2261 3986 post
2290 3908 2406 3947 eos.
2432 3893 2518 3947 15.
2553 3894 2616 3947 Et
2631 3896 2843 3986 scient,
2874 3903 3054 3968 quod
3106 3923 3260 3982 ego
3302 3916 3669 3986 Dominus"

1888 3982 2105 4054 quando
2139 3982 2447 4050 dispersero
2481 3997 2578 4036 eos
2629 3984 2683 4037 in
2744 3988 3059 4060 gentibus,
3122 4011 3209 4056 et
3281 3982 3671 4081 dispersero

1888 4090 1980 4128 eos
2012 4074 2064 4127 in
2110 4072 2437 4142 regionibus.
2474 4071 2564 4125 16.
2603 4071 2670 4125 Et
2720 4076 3079 4147 relinquam
3172 4071 3551 4156 residuum
3593 4121 3671 4160 ea;

1889 4164 1968 4219 eis
1989 4164 2134 4262 viros
2158 4163 2211 4216 in
2237 4176 2466 4215 numero
2495 4177 2523 4216 a
2554 4163 2763 4263 gladio,
2792 4176 2848 4220 et
2870 4183 2901 4220 a
2937 4168 3180 4244 fame,
3228 4196 3304 4241 er
3343 4205 3381 4243 ει
3423 4206 3667 4263 mone”

1890 4262 1949 4303 ut
1987 4252 2096 4305 sint
2126 4258 2409 4303 narrantes
2439 4263 2635 4353 omnes
2663 4250 3013 4321 iniquitates
3048 4277 3335 4330 eorum
3386 4279 3456 4334 in
3516 4250 3673 4353 gen-“-

1896 4340 2059 4403 tibus,
2090 4355 2196 4407 quo
2226 4338 2456 4437 ingressi
2488 4337 2696 4393 fuerint
2717 4340 2873 4407 illuc,
2900 4355 2962 4399 ει
2998 4354 3290 4427 scient,
3334 4337 3671 4437 QIIOt'UPgﬂ

1897 4429 2228 4529 nomium-,1:
2242 4427 2621 4529 7;.[3t‘factum
2650 4441 2737 4485 est
2766 4434 3025 4490 verbum
3064 4417 3520 4516 Domini-avd-
3542 4417 3667 4529 ut:

1891 4519 2075 4619 dicens
2109 4534 2120 4569 :
2156 4515 2257 4623 18.¹
2275 4514 2371 4567 Fili
2401 4516 2664 4581 hominis,
2700 4533 2904 4586 panem
2949 4532 3177 4588 illum
3233 4543 3317 4610 (Ι)
3372 4562 3392 4599 ε

2170 4514 2371 4623 18..ΡίΙί
2401 4516 2664 4623 hominis,
2700 4533 2904 4586 panem
2949 4532 3177 4588 tuum
3233 4543 3317 4610 (ι)

252 4601 341 4670 qui
371 4610 500 4708 erat.
532 4617 594 4704 θ’
617 4604 834 4672 regione
871 4605 1036 4659 urbis.
1074 4606 1162 4658 ει.
1200 4608 1260 4658 Et
1311 4608 1533 4676 spiritus
1578 4611 1797 4663 sustulit
1892 4609 2041 4660 nuria
2074 4605 2435 4708 comedes,"et
2469 4620 2673 4673 aquam
2720 4623 2851 4661 cum
2909 4601 3272 4683 cruciatu
3298 4601 3308 4610 ’
3336 4601 3670 4708 θηεῖινδῖῖέε

252 4706 360 4755 me,
392 4701 445 4745 et
470 4691 622 4746 duxit
654 4709 737 4748 me
768 4694 817 4746 in
849 4703 1043 4747 terram
1070 4695 1441 4750 Chaldzeorum
1475 4698 1539 4750 ad
1569 4700 1819 4766 captiviy
1892 4698 2060 4750 bibes.
2097 4695 2183 4747 19.
2214 4693 2279 4746 Ει
2327 4692 2477 4745 dices
2515 4694 2582 4747 ad
2620 4697 2889 4764 populum
2930 4709 3157 4767 terra:

255 4795 416 4840 tatem
448 4784 500 4837 in
528 4785 731 4838 visione
756 4785 806 4838 in
829 4785 1019 4853 spiritu
1047 4785 1157 4837 Dei.
1186 4785 1241 4837 Et
1267 4788 1479 4840 ascendi
1510 4804 1537 4839 a
1564 4789 1791 4853 visione,

253 4888 414 4941 quam
450 4870 574 4925 vidi.
607 4871 697 4925 25.
727 4870 792 4924 Et
823 4872 1034 4925 locutus
1063 4886 1183 4924 sum
1215 4872 1279 4925 ad
1306 4873 1665 4941 captivitatem
1685 4892 1794 4930 om-

254 4962 343 5014 nia
376 4960 533 5013 verba
562 4958 792 5025 Domini,
822 4974 940 5029 qua:
965 4959 1271 5014 ostenderat
1292 4959 1440 5014 mihi.

330 5115 401 5184 (y)
438 5115 660 5187 Adonai.
737 5115 1075 5187 (z)_li‘inibus.
1152 5119 1227 5187 (η)
1260 5117 1347 5182 Α.,
1385 5124 1601 5187 propter
1648 5119 1841 5171 fratres
1876 5126 2018 5181 tuos,
2071 5117 2267 5187 fratres
2322 5127 2469 5182 tuos,
2528 5118 2680 5172 viros

260 5188 500 5270 omnium
522 5184 801 5270 domuum;
817 5184 1047 5270 Israelis,
1070 5184 1276 5249 omnes,
1318 5184 1791 5270 quibus-dixerunt
1830 5187 2158 5270 habitatores
2173 5184 2511 5270 91erusalem.
2588 5189 2663 5255 (ὁ)
2702 5184 2771 5243 Et
2812 5184 3172 5270 disperge.“

263 5264 497 5326 quorum
519 5261 694 5305 autem
737 5255 802 5306 ad
836 5256 1187 5326 cogitationes
1218 5254 1640 5326 profunditatum
1667 5269 1891 5326 suarum
1932 5263 1985 5306 et
2009 5252 2472 5326 abominationum
2520 5252 2750 5326 suarum
2794 5252 2926 5315 cor'
2947 5252 3107 5326 ει)ῗᾷ

1249 5320 1483 5391 (d)_:l'h.,
1508 5324 1599 5389 qui
1634 5323 1702 5374 ab
1741 5322 1963 5391 oriente.
2038 5320 2105 5387 (ε)
2139 5318 2338 5376 Domus
2376 5322 2668 5379 irritantis.

1117 5392 1179 5459 (‘)
1214 5388 1315 5443 Hic
1341 5388 1575 5457 Norberg
1615 5407 1628 5440 :
1667 5408 1687 5459 ε
1725 5398 1897 5447 11m.
1920 5389 2194 5459 dixerunt,

267 5451 472 5534 Iexrus
510 5448 914 5534 Tetraplortim,
964 5448 1135 5534 sinov:
1159 5448 1468 5534 ambiguum
1520 5448 1620 5534 est.
1654 5456 1846 5534 Omnia
1886 5458 1987 5534 alia
2044 5448 2617 5534 exemplaria,_einav.
2656 5448 3197 5534 neiir."é’t"v'i.'i;
3266 5448 3389 5534 "5':

689 5561 725 5584 .,
769 5501 1752 5645 ἇςιςδιςιοῑ·’δέεηὶῖηξῖςνῖίίυεννῑοέ.·“
1780 5501 1853 5591 (ιε’)
1905 5501 1987 5586 sf.
2045 5501 3643 5623 δ’οἰπιὶέξξιιξέἓῑιὶέ¹ἴιΐὲί>ρῖὶθῖιι⁰¹⁸·’τὶέίηηηι

689 5605 733 5642 m
805 5594 970 5647 olore.
1074 5598 1169 5647 (ml
1346 5610 1467 5647 eum
1499 5610 1605 5647 non
1643 5594 1847 5647 ordine.
1952 5597 2029 5647 (nl
2066 5593 2144 5647 S..
2181 5610 2301 5646 cum
2336 5610 2591 5647 mturare.
2707 5605 2789 5647 (n\
2843 5609 2886 5647 κ
2986 5591 3219 5647 ..ι’-.-ν
3368 5611 3421 5638 ἰ
3459 5576 3648 5636 hic"

1261 5635 1294 5659 .,
1346 5610 1467 5649 eum
1499 5610 1605 5649 non
1643 5608 1847 5647 oronte.

264 5316 451 5370 eorum
487 5316 538 5367 in
567 5331 731 5390 caput
761 5316 945 5375 eorum
980 5324 1154 5390 posui.

267 5398 450 5457 sumes
510 5384 654 5457 _(h)'
680 5387 759 5457 8.,
804 5384 1023 5457 gestavi.

270 5518 478 5571 Dntcu.
551 5521 612 5584 (ᾗ)
645 5518 725 5584 8.,

270 5540 478 5597 11.55011.
551 5540 725 5584 tum,
769 5540 970 5645 (proptet

516 5582 733 5655 (Ullum
805 5594 970 5648 olore.

1074 5598 1169 5665 (ml

1892 4721 2060 4750 mnes.
2097 4721 2183 4747 ιθ.
2218 4721 2279 4746 ut
2327 4721 2477 4745 uruca
2515 4721 2582 4747 au
2621 4721 2889 4764 pupulum
2931 4721 3157 4767 terra:
3206 4736 3228 4773 ε
3310 4721 3474 4783 "me
3515 4733 3672 4789 dici“

1892 4784 2097 4893 Adonaj
2141 4782 2399 4893 Do'minu‘s
2432 4782 2818 4843 habitantibus
2874 4791 2935 4845 in
2982 4795 3423 4873 Jerusalem
3478 4838 3673 4893 super

1897 4884 2038 4928 terra
2069 4872 2278 4926 Israelis
2306 4888 2320 4924 :
2348 4869 2524 4926 Panes
2554 4888 2689 4929 suos
2712 4877 2810 4945 (m)
2845 4894 2984 4936 cum
3055 4869 3423 4961 penna;

1897 4964 2043 5028 dent,
2080 4972 2133 5017 et
2163 4976 2358 5030 aquam
2397 4976 2554 5016 suam
2582 4965 2662 5033 (η)
2692 4980 2824 5020 cum
2857 4972 3058 5030 exitio
3123 4984 3398 5052 bibe",

2171 4976 2358 5030 aquam
2397 4976 2554 5016 suam
2582 4965 2662 5033 (η)
2692 4980 2824 5020 eum
2857 4972 3058 5030 exilio
3123 4984 3428 5068 bibent,
3458 4964 3672 5073 ⁷(οῖ-ξιιι

2734 5125 3139 5219 ἓἯΡῘἯΞΨε
3182 5160 3425 5215 genus
3482 5165 3576 5219 tui

3186 5183 3425 5215 δσιιυδ
3482 5183 3576 5219 ῑυΙ
3609 5183 3670 5222 e.

3186 5224 3372 5304 ξατο.
3441 5233 3529 5301 (ο)
3571 5238 3669 5297 δ..

2657 5293 3235 5407 ς····‹δυάο;τ;;;.“τεε
3499 5293 3668 5358 eam

2657 5395 2730 5438 imi
2831 5400 3179 5438 Ιοσοπηι...μ
3244 5372 3330 5438 s‘-
3364 5433 3380 5438 _
3551 5377 3670 5428 AS"

2657 5395 2669 5407 ο
2718 5398 2730 5408 ο
2759 5386 2813 5398 “’¹
2956 5386 2965 5387 7
2987 5386 3084 5391 h"'
3154 5386 3305 5411 ν’δ.
3647 5408 3649 5415 ι

2278 5394 3188 5495 ἱῖ.”“2ἒὲἷ..⁰¹ιίξὲ.ι.-¹θὲθηιίὲυξη
3265 5386 3650 5495 vidéi‘ﬂrf‘s.

3256 5565 3421 5638 ΤΙιο,
3459 5561 3648 5636 {uicta

2091 5593 2103 5609 π
2569 5593 2583 5599 ⁷
2813 5593 2832 5608 ⁸
2870 5593 3089 5626 "own"
3368 5611 3388 5626 .

1952 5597 2029 5659 (η)
2066 5593 2144 5653 6.,
2181 5610 2301 5646 cum
2336 5610 2591 5653 maerore.
2707 5605 2789 5675 (0)
2842 5609 2937 5677 δ..
2986 5627 3055 5673 ut
3095 5593 3648 5704 11011ιὲτῆἑὲῗὲ

2707 5605 2789 5675 (ο)
2814 5605 2907 5665 ’8.
