3802 6354
209 309 356 373 2103

1570 318 1974 429 nezsctws
2000 350 2227 412 carm
2262 355 2403 415 xw.

2234 210 2271 227 Ι

3358 349 3497 407 2706

228 447 631 542 φῖητίξμωτ
663 456 847 513 lerra
881 474 1011 518 cum
1042 467 1381 536 plenitudine
1407 472 1559 542 ejus;
1583 476 1638 529 in
1673 454 1859 541 impie-
1885 471 1932 526 Δ
1956 469 2164 525 Adonai
2199 470 2476 528 Dominus.
2516 470 2601 524 10.
2636 468 2739 523 Pro
2765 482 2829 523 eo
2872 464 3365 536 quoddeceperunt
3394 479 3495 533 ρος

244 540 350 597 tate
368 540 522 591 enim
554 555 803 613 omnes,
842 555 946 624 qui
986 557 1241 617 habitant
1270 564 1323 618 in
1356 540 1450 619 ea.
1474 566 1566 623 20.
1598 566 1664 621 Et
1700 540 1862 621 urbes

258 642 471 735 eorum,
500 647 631 703 qua:
667 637 1060 735 habitantur,
1095 654 1473 721 vastabuntur,
1500 665 1555 710 et
1584 665 1724 710 terra
1783 654 1858 722 (ρ)

271 729 321 778 in
350 729 577 779 exitium
609 729 744 793 erit,
774 741 843 786 et
876 743 1244 807 cognoscetis,
1277 745 1416 811 quod
1448 759 1547 812 ego
1584 744 1857 797 Dominus.

285 822 366 877 21.
392 818 463 874 Et
490 818 699 876 iactum
734 833 828 895 est
861 829 1092 883 verbum
1131 830 1342 885 Domini
1394 834 1461 887 ad
1492 848 1598 896 me,
1638 834 1856 888 dicens:

281 912 369 966 22.
409 909 518 965 Fili
569 913 851 978 hominis,
891 932 1017 985 qua:
1048 921 1308 987 parabola
1351 921 1465 975 hae
1507 922 1657 976 vobis
1698 935 1860 990 super

283 1013 437 1057 terra
471 1001 713 1066 lsraelis,
744 1003 1065 1064 dicentibus
1097 1008 1285 1064 vobis:
1318 1009 1481 1081 Longi
1516 1011 1652 1076 dies,
1698 1009 1857 1079 periit

277 1089 475 1143 omnis
521 1088 711 1144 visio?
750 1089 847 1145 25.
888 1092 1116 1165 Propter
1160 1096 1263 1151 hoc
1313 1098 1400 1151 dic
1443 1103 1509 1154 all
1560 1112 1692 1152 eos:
1735 1096 1859 1151 Haec

273 1176 424 1277 dicit
467 1179 681 1235 Adonai
720 1182 1030 1277 Dominus:
1066 1184 1139 1254 (q)
1169 1186 1236 1239 Et
1273 1194 1507 1239 avertam
1552 1187 1858 1254 parabolam

273 1271 453 1320 istam
495 1278 554 1322 et
601 1284 710 1324 non
735 1271 885 1326 ultra
924 1273 1105 1327 dicent
1138 1276 1446 1342 parabolam
1486 1276 1639 1331 istam
1667 1276 1860 1332 domus

272 1355 517 1413 lsraelis
545 1377 563 1425 ;
592 1359 722 1428 quia
786 1359 1031 1429 loqueris
1077 1363 1142 1416 ad
1187 1378 1301 1428 eos,
1331 1386 1400 1412 em
1435 1365 1615 1420 dicens
1651 1366 1714 1433 1:
1747 1368 1859 1435 Ap-

271 1449 742 1515 propinquarunt
800 1450 938 1513 dies,
991 1458 1046 1505 et
1106 1453 1324 1507 verbum
1380 1457 1556 1508 omnis
1609 1456 1857 1512 visionis.

268 1534 369 1634 2:5.
406 1536 565 1602 Quia
597 1553 707 1591 non
737 1538 845 1592 erit
880 1540 1023 1594 ultra
1045 1543 1221 1596 omnis
1251 1544 1386 1597 visio
1415 1544 1567 1609 falsa,
1593 1546 1663 1614 (r)
1693 1556 1746 1599 et
1775 1546 1860 1599 di-

269 1626 491 1678 vinaus
523 1640 651 1693 qum
675 1626 1094 1693 pulchritudinis
1122 1629 1174 1681 in
1209 1630 1385 1683 medio
1422 1630 1651 1684 filiorum
1691 1632 1861 1687 Israe-

267 1711 365 1766 lis.
409 1712 519 1766 25.
566 1714 711 1778 Quia
758 1729 857 1782 ego
899 1715 1161 1768 Dominus
1209 1716 1418 1786 loquar,
1468 1720 1656 1786 loquar
1694 1719 1859 1773 verba

265 1811 526 1865 mea,'et
554 1801 781 1866 faciam,
806 1814 989 1857 etnon
1032 1805 1359 1876 prolongabo
1413 1808 1679 1875 amplius;
1733 1807 1859 1875 quia
1892 1786 1935 1842 Β

265 1891 330 1946 in
362 1891 585 1947 diebus
623 1893 825 1947 vestris
857 1893 1053 1947 domus
1076 1916 1145 1942 ωο
1174 1894 1384 1949 Israelis
1411 1895 1434 1963 1
1482 1897 1733 1960 irritans;
1776 1897 1857 1949 lo-

264 1996 427 2050 quar
457 1981 721 2045 verbum,
769 1991 823 2036 et
856 1982 1087 2048 faciam,
1139 1985 1269 2037 dicit
1323 1986 1526 2039 Adonai
1581 1986 1855 2040 Dominus.

264 2072 370 2125 26.
419 2070 501 2124 Et
530 2070 738 2125 factum
770 2082 855 2126 est
892 2074 1113 2127 verbum
1155 2073 1365 2128 Domini
1398 2076 1461 2129 ad
1492 2092 1599 2141 me,
1635 2076 1853 2130 dicens:

266 2161 375 2215 27.
414 2160 532 2215 Fili
563 2162 839 2225 hominis,
873 2177 1000 2217 ecce
1044 2164 1236 2218 domus
1269 2164 1476 2218 lsraelis
1503 2166 1742 2227 irritans,
1780 2166 1859 2219 di-

265 2250 465 2304 cendo
486 2250 683 2304 dicunt
708 2268 723 2303 :
747 2250 918 2311 Visio.
945 2266 1105 2319 quam
1130 2252 1216 2304 hic
1242 2252 1401 2315 videt,
1429 2253 1479 2304 in
1504 2253 1619 2306 dies
1641 2253 1856 2317 multos,

264 2351 326 2394 ct
355 2340 418 2393 in
454 2348 711 2408 tempora
745 2339 903 2408 longa
935 2340 1035 2392 iste
1058 2341 1359 2409 prophetat.
1394 2342 1481 2396 28.
1509 2342 1729 2410 Propter
1759 2343 1859 2395 hoc

264 2429 367 2483 die
395 2429 474 2482 ad
512 2443 655 2482 eos:
694 2427 821 2482 Haec
855 2428 988 2482 dicit
1027 2430 1231 2482 Adonai
1267 2429 1562 2484 Dominus:
1594 2430 1707 2483 Non
1737 2446 1859 2499 pro-

263 2518 674 2587 Iongabuntur
700 2518 844 2571 ultra
879 2519 1061 2570 omnia
1109 2519 1269 2572 verba
1322 2534 1461 2582 mea,
1506 2535 1858 2588 quzccumque

262 2612 513 2667 locutus
547 2610 709 2664 fuero
736 2628 749 2663 :
781 2609 974 2679 loquar
1010 2608 1257 2671 verbum,
1295 2609 1363 2678 (ι)
1409 2618 1462 2663 et
1487 2608 1700 2674 faciam,
1730 2610 1860 2663 dicit

263 2702 504 2756 Adonai
529 2699 818 2754 Dominus.

343 2795 501 2862 Cap.
538 2792 685 2858 XIII,
728 2793 779 2845 1.
815 2791 883 2845 Ει
917 2791 1115 2847 factum
1151 2800 1234 2847 est
1267 2792 1486 2846 verbum
1539 2790 1746 2843 Domini
1791 2790 1857 2843 ad

265 2900 388 2947 me,
433 2883 675 2936 dicens:
708 2883 763 2938 2.
794 2882 896 2936 Fili
939 2883 1196 2943 hominis,
1236 2882 1493 2950 propheta
1537 2896 1696 2949 super
1736 2895 1859 2949 pru-

264 2976 486 3043 phetas
514 2972 761 3035 Israelis,
790 2975 881 3040 qui
909 2972 1254 3040 preplictant,
1291 2975 1357 3037 Ἀ(
1378 2979 1432 3023 et
1455 2970 1599 3024 dices
1626 2970 1857 3039 prophe-

266 3065 372 3125 tis,
426 3062 529 3130 qui
562 3062 896 3129 prophetant
920 3062 986 3114 de
1030 3060 1195 3114 corde
1252 3075 1370 3124 suo,
1410 3071 1462 3113 et
1494 3061 1855 3129 pr0phetabis,

268 3164 331 3207 et
358 3152 527 3208 dices
559 3152 627 3204 ad
662 3166 763 3205 eos
796 3151 818 3217 1
854 3168 867 3202 :
899 3150 1095 3204 Audite
1124 3150 1342 3203 verbum
1382 3150 1613 3203 Domini.
1644 3146 1697 3203 3.
1738 3150 1861 3203 Hauc

266 3241 416 3297 dicit
461 3238 685 3292 Adonai
734 3237 1032 3291 Dominus:
1069 3236 1158 3291 Vae
1194 3238 1276 3289 his
1321 3237 1411 3304 qui
1446 3237 1762 3305 prophetant
1798 3236 1863 3289 de

267 3333 457 3391 corde
493 3347 621 3389 suo.
658 3332 727 3396 Χ
765 3329 1170 3382 ambulantibus
1198 3335 1322 3396 post
1349 3328 1594 3395 spiritum
1627 3341 1782 3379 suum
1813 3326 1860 3392 1,

266 3432 333 3478 et
374 3421 619 3475 omnino
646 3433 757 3471 non
792 3418 997 3471 vident.
1034 3417 1087 3468 4.
1120 3415 1273 3470 Sicut
1316 3417 1503 3482 vulpes
1536 3415 1587 3467 in
1637 3414 1863 3467 desertis

270 3514 579 3582 prophetae
620 3509 728 3573 tui,
780 3506 965 3571 Israel,
1002 3510 1069 3574 36(
1097 3513 1253 3559 erant
1281 3505 1304 3571 1
1333 3521 1348 3557 :
1377 3504 1427 3557 5.
1470 3504 1533 3572 (ι)
1563 3517 1669 3574 non
1703 3510 1867 3557 stete-

270 3610 420 3658 runt
473 3600 533 3652 in
574 3598 880 3652 firmitate:
930 3604 985 3650 et
1025 3600 1422 3663 congregarunt
1466 3606 1651 3661 greges
1704 3607 1867 3661 super

267 3694 519 3747 domum
550 3687 776 3742 Israelis
803 3704 817 3739 :
853 3701 959 3740 non
1007 3690 1438 3747 resurrexeruut,
1469 3681 1561 3749 qui
1597 3680 1782 3733 dicunt
1812 3680 1863 3733 in

268 3784 370 3835 die
405 3778 661 3838 Domini,
713 3776 770 3827 6.
814 3774 1058 3825 videntes
1096 3770 1396 3832 mendacia,
1443 3768 1518 3837 (ιι)
1560 3767 1867 3821 divinantes

270 3887 429 3926 vana
469 3868 566 3937 qui
608 3867 846 3921 dicunt:
885 3862 1026 3916 Dicit
1056 3862 1317 3915 Dominus
1345 3877 1360 3925 ;
1392 3867 1446 3911 et
1480 3858 1737 3911 Dominus
1761 3872 1866 3910 non

270 3963 441 4019 misit
498 3973 622 4019 eos,
677 3965 735 4009 et
789 3961 1077 4022 eruperunt
1125 3951 1389 4005 suscitare
1446 3962 1767 4003 sermonem.
1817 3947 1865 3998 7.

272 4052 491 4106 Nonne
540 4047 817 4100 visionem
857 4044 1115 4096 falsorum
1160 4038 1386 4100 vidistis,
1416 4048 1468 4091 et
1513 4037 1871 4091 divinationes

271 4156 468 4196 vanas
508 4134 791 4192 dixistis?
823 4136 892 4198 χ(
934 4140 989 4185 et
1028 4130 1241 4184 dixistis
1272 4146 1286 4182 :
1326 4129 1465 4181 Dicit
1492 4127 1786 4192 Dominus;
1819 4134 1872 4180 et

270 4248 388 4299 ego
424 4244 545 4284 non
577 4228 803 4280 locutus
846 4237 969 4277 sum
1013 4221 1059 4287 1.
1095 4220 1146 4273 8.
1181 4221 1403 4287 Propter
1433 4218 1534 4270 hoc
1576 4218 1699 4271 dic:
1752 4215 1873 4269 Haec

269 4324 428 4377 dicit
460 4316 686 4372 Adonai
724 4313 989 4366 Dominus
1017 4327 1030 4364 :
1066 4311 1175 4361 Pro
1207 4323 1272 4362 eo
1309 4307 1452 4375 quod
1486 4306 1648 4359 verba
1698 4314 1871 4358 vestra

1883 3104 1927 3160 C

1970 560 2154 628 pulum
2194 574 2396 620 meum,
2421 560 2692 613 dicentes:
2722 556 2856 619 Pax,
2882 564 2936 609 et
2972 569 3077 608 non
3107 562 3221 607 erat
3252 568 3386 621 pax:
3421 553 3496 621 (π)

1968 657 2018 701 et
2060 648 2160 702 iste
2206 648 2433 702 aedificat
2474 647 2751 715 parietem,
2787 652 2839 696 et
2881 643 2966 696 isti
3008 642 3181 695 linunt
3224 655 3345 695 eum
3383 641 3499 695 sine

1972 738 2197 802 ratione,
2228 737 2451 789 mheus
2474 734 2627 789 cadet
2660 733 2707 799 1.
2740 733 2825 784 11.
2848 730 2940 784 Dic
2972 730 3037 782 ad
3066 744 3179 792 eos,
3209 728 3300 797 qui
3328 729 3501 781 linunt

1971 824 2086 880 sine
2120 826 2368 879 ratione:
2403 824 2589 887 Cadet,
2646 832 2700 876 et
2735 822 2839 876 erit
2886 819 3061 888 pluvia
3112 817 3400 879 inundans,
3447 825 3500 869 et

1968 912 2108 967 dabo
2138 913 2338 981 lapides
2365 912 2704 981 praegrandes
2737 924 2799 964 αξ-
2831 911 2883 962 in
2912 908 3193 977 iuncturas
3224 920 3408 957 eorum
3447 905 3497 973 1,

1968 1003 2184 1065 cadent,
2224 1011 2278 1056 et
2330 1011 2545 1055 ventum
2601 999 2952 1062 auferentem,
3001 1005 3054 1049 et
3114 995 3496 1061 disrumpetur.

1972 1092 2054 1145 12.
2079 1091 2139 1144 Ει
2163 1106 2285 1146 ecce
2312 1091 2500 1145 cecidit
2530 1089 2728 1158 paries,
2754 1087 2826 1155 (y)
2858 1095 2911 1139 et
2937 1100 3042 1138 non
3073 1084 3251 1137 dicent
3281 1082 3346 1134 ad
3371 1096 3498 1135 vos:

1967 1179 2068 1235 Ubi
2097 1190 2179 1234 est
2216 1180 2376 1234 litura
2408 1188 2608 1240 vestra,
2639 1192 2796 1245 quam
2833 1172 3123 1227 linivistis?
3158 1172 3240 1224 15.
3274 1169 3501 1238 Propter

1966 1269 2068 1322 hoc
2092 1268 2208 1321 haec
2246 1268 2374 1321 dicit
2412 1264 2617 1318 Adonai
2670 1262 2963 1315 Dominus:
3008 1258 3177 1311 Etiam
3222 1254 3498 1324 projiciam

1965 1360 2146 1413 ﬂatum
2181 1355 2509 1409 auferentem
2537 1368 2656 1407 cum
2693 1350 2874 1403 furore
2896 1363 3033 1411 meo,
3062 1354 3114 1400 et
3142 1344 3318 1414 pluvia
3340 1342 3498 1395 inun-

1964 1451 2099 1504 dans
2134 1449 2186 1501 in
2210 1448 2287 1499 ira
2322 1460 2439 1497 mea
2467 1443 2589 1506 erit,
2616 1450 2669 1495 et
2708 1440 2906 1508 lapides
2944 1436 3281 1507 praegrandes
3315 1433 3366 1486 in
3418 1432 3500 1484 fu—

1964 1556 2087 1596 rore
2111 1539 2356 1591 inducam
2392 1536 2445 1587 in
2472 1530 2986 1585 consummationem
3015 1546 3029 1579 :
3065 1526 3149 1578 M.
3188 1533 3239 1576 et
3264 1530 3497 1575 evertam

1965 1630 2243 1700 parietem,
2268 1639 2424 1695 quem
2455 1620 2728 1679 linivistis,
2756 1626 2814 1671 ut
2852 1617 3007 1671 cadat
3033 1633 3044 1668 :
3078 1624 3130 1668 et
3152 1626 3347 1681 ponam
3373 1624 3498 1662 eum

1967 1699 2128 1788 super
2160 1707 2382 1779 terram,
2419 1723 2472 1768 et
2513 1712 2824 1779 detegentur
2875 1704 3219 1758 fundamenta
3263 1699 3399 1769 ejus,
3446 1705 3501 1751 et

1964 1810 2155 1873 cadet,
2190 1816 2243 1860 et
2288 1812 2632 1860 consumctur
2682 1813 2804 1852 cum
2855 1791 3400 1864 reprehensionibus,
3448 1793 3502 1840 et

1965 1896 2315 1967 cognoscetis,
2366 1893 2486 1960 quia
2520 1905 2617 1960 ego
2666 1886 2943 1939 Dominus.
2982 1884 3069 1936 15.
3109 1883 3169 1935 Ει
3210 1877 3489 1963 complebo

1966 1987 2197 2041 furorem
2234 1998 2411 2036 meum
2459 1995 2618 2049 super
2646 1977 2901 2045 parietem
2923 2014 2937 2038 ,
2966 1981 3019 2027 et
3073 1986 3236 2038 super
3266 1982 3379 2031 eos,
3406 1952 3498 2033 qui

1964 2077 2140 2130 linunt
2174 2088 2319 2139 eum,
2348 2081 2399 2123 et
2431 2069 2604 2123 cadet.
2641 2066 2707 2119 Et
2742 2065 2850 2117 dixi
2881 2063 2943 2117 ad
2989 2077 3119 2115 vos:
3151 2057 3265 2112 Non
3298 2064 3377 2109 est
3404 2068 3499 2116 pa-

1964 2166 2092 2229 ries,
2157 2176 2331 2230 neque
2390 2158 2481 2226 qui
2531 2157 2707 2208 linunt
2754 2167 2896 2206 eum.
2946 2149 3032 2203 16.
3095 2146 3167 2216 (z)
3227 2143 3502 2213 Propheta:

1964 2252 2208 2316 Israelis,
2246 2229 2335 2318 qui
2398 2246 2717 2315 prophetarit
2773 2255 2935 2309 super
2977 2236 3292 2297 Jerusalem,
3325 2241 3377 2285 et
3410 2229 3500 2298 qui

1963 2344 2143 2397 vident
2173 2341 2219 2394 ei
2251 2316 2455 2407 pacem,
2482 2344 2535 2387 et
2564 2348 2662 2401 pax
2699 2345 2802 2382 non
2838 2338 2940 2388 cst,
2983 2323 3114 2377 dicit
3160 2318 3365 2373 Adonai
3394 2316 3498 2366 Do-

1965 2432 2162 2484 minus.
2196 2405 2281 2481 I'I.
2344 2424 2409 2477 Et
2467 2432 2545 2486 ιιι,
2607 2420 2678 2472 fili
2727 2415 2979 2477 hominis,
3037 2411 3258 2463 oblirma
3310 2405 3497 2458 faciem

1966 2529 2109 2573 luam
2162 2531 2321 2583 super
2358 2513 2493 2566 tilias
2534 2507 2711 2579 populi
2770 2504 2869 2568 tui,
2918 2496 3008 2571 qui
3064 2498 3379 2568 prephetant
3436 2492 3501 2545 de

1964 2610 2125 2664 corde
2156 2581 2276 2667 suo,
2304 2614 2355 2657 et
2377 2601 2629 2669 prepbeta
2655 2611 2813 2664 super
2835 2608 2947 2657 eas,
2977 2589 3059 2642 18.
3082 2598 3134 2641 et
3158 2588 3303 2640 dices
3330 2601 3344 2637 :
3376 2581 3500 2635 Eme

1964 2697 2096 2752 dicit
2127 2694 2331 2747 Adonai
2385 2690 2678 2741 Dominus:
2712 2684 2800 2738 Va:
2839 2682 2943 2743 his,
2980 2678 3069 2746 qui
3110 2680 3375 2730 consuunt
3425 2670 3500 2738 (α)

1964 2784 2247 2842 cervicalia
2282 2781 2464 2836 subter
2485 2791 2695 2831 omnem
2725 2772 2965 2826 cubitum
2992 2781 3205 2827 manus,
3228 2772 3279 2816 et
3302 2760 3503 2815 faciunt

1963 2874 2224 2931 velamina
2255 2872 2328 2941 (b)
2357 2884 2517 2939 super
2544 2880 2703 2919 omne
2734 2868 2895 2931 caput
2930 2859 3104 2911 omnis
3147 2860 3383 2913 staturae,
3436 2850 3498 2901 ad

1963 2961 2388 3037 perturbandum
2419 2957 2664 3010 animas:
2700 2952 2768 3020 (c)
2807 2950 2997 3002 anima:
3029 2942 3347 3017 perturbata:
3378 2945 3505 2992 sunt

1965 3026 2150 3127 populi
2219 3049 2343 3113 mei,
2398 3056 2452 3099 et
2488 3045 2694 3097 animas
2740 3038 3056 3093 liberabant.
3094 3033 3178 3087 19.
3230 3029 3288 3083 Et
3328 3026 3505 3096 profa-

1962 3116 2163 3199 nabant
2201 3154 2287 3193 me
2321 3136 2386 3189 ad
2441 3132 2694 3202 populum
2744 3141 2921 3181 meum
2970 3130 3185 3193 pr0ptcr
3242 3116 3499 3186 pugillum

1962 3233 2171 3298 hordei,
2196 3240 2249 3284 et
2278 3238 2491 3297 propter
2520 3222 2813 3291 fragmenta
2845 3216 3020 3284 panis,
3056 3211 3122 3264 ad
3152 3207 3501 3263 occidendum

1963 3329 2191 3389 animas,
2224 3335 2360 3392 quas
2392 3331 2495 3369 non
2519 3311 2755 3382 oportuit
2784 3307 2942 3369 mori,
2979 3313 3033 3358 et
3060 3302 3125 3355 ad
3157 3294 3497 3353 liberandum

1964 3418 2192 3477 animas,
2222 3425 2358 3482 quas
2394 3422 2500 3461 non
2531 3401 2767 3471 oportuit
2800 3398 2998 3459 vivere,
3048 3406 3169 3446 cum
3218 3388 3397 3441 caesim
3425 3384 3508 3436 lo-

1964 3472 2191 3575 quimini
2224 3472 2419 3569 populo
2456 3491 2691 3548 audienti
2731 3487 2949 3542 concisa
3002 3482 3162 3536 verba
3190 3492 3349 3530 vana.
3412 3472 3503 3524 20.

1965 3565 2188 3662 Propter
2211 3565 2310 3644 hoc
2338 3589 2449 3640 haec
2473 3583 2602 3637 dicit
2635 3578 2890 3631 Dominus
2923 3571 3180 3625 Dominus
3204 3586 3217 3620 ε
3249 3565 3383 3618 Ecce
3410 3577 3508 3630 ego

1967 3650 2127 3750 super
2158 3674 2438 3732 cervicalia
2473 3680 2672 3730 vestra,
2708 3679 2868 3732 super
2898 3676 3016 3730 quae
3055 3659 3130 3724 (d)
3184 3650 3508 3722 perturbatis

1968 3774 2040 3827 ibi
2080 3770 2319 3824 animas:
2344 3773 2395 3818 et
2427 3760 2723 3815 discindam
2755 3768 2816 3807 ea
2846 3753 2910 3803 de
2936 3746 3171 3803 brachiis
3195 3739 3406 3803 vestris,
3436 3737 3505 3803 (ε)

1967 3873 2021 3917 et
2054 3862 2293 3917 emittam
2335 3852 2564 3913 animas,
2600 3861 2733 3915 quas
2785 3857 2880 3895 vos
2909 3836 3147 3893 evertitis
3171 3832 3380 3886 animas
3412 3842 3508 3881 eo-

1969 3967 2088 4007 rum
2124 3951 2177 4003 in
2216 3944 2603 4014 dispersioucm
2630 3955 2645 3991 :
2673 3944 2725 3989 ct
2770 3929 3068 3987 discindam
3111 3923 3373 3977 velamina
3412 3932 3503 3971 ve-

1969 4050 2100 4101 stra,
2132 4046 2185 4089 et
2213 4031 2451 4087 liberabo
2500 4026 2753 4096 populum
2796 4033 2972 4073 meum
3028 4032 3060 4070 e
3102 4026 3264 4067 manu
3295 4017 3508 4072 vestra,

1969 4139 2022 4185 et
2044 4144 2151 4182 non
2181 4133 2340 4179 erunt
2368 4123 2505 4174 ultra
2529 4118 2580 4170 in
2618 4113 2867 4168 manibus
2901 4107 3092 4161 vestris
3144 4105 3197 4157 in
3228 4100 3511 4156 conturba-

1974 4220 2168 4272 tionem
2201 4231 2214 4266 :
2247 4221 2300 4267 et
2332 4206 2689 4278 cognoscetis,
2720 4199 2862 4271 quod
2886 4208 2985 4267 ego
3019 4195 3292 4248 Dominus.
3321 4190 3409 4243 22.
3444 4187 3510 4255 (f)

1970 4307 2075 4359 Pro
2098 4320 2161 4357 eo
2182 4301 2323 4372 quod
2346 4294 2737 4370 perturbabatis
2768 4306 2861 4351 cor
2886 4288 3021 4357 justi
3060 4284 3279 4349 iniuste,
3321 4291 3375 4335 et
3411 4294 3511 4346 ego

272 4406 615 4468 mendacia,
669 4411 725 4456 et
779 4400 1145 4455 divinationes
1188 4405 1378 4449 vestra:
1433 4409 1598 4457 vanas,
1655 4403 1871 4462 propter
1900 4401 1945 4456 ι)
1974 4410 2079 4449 non
2121 4389 2499 4462 perturbabam
2536 4399 2681 4447 eum,
2722 4389 2776 4434 υι
2807 4380 2872 4433 ad
2904 4372 3359 4431 corroborandum
3394 4385 3509 4422 ma-

272 4502 392 4554 hoc
436 4510 578 4551 ecce
639 4508 744 4561 ego
797 4504 964 4557 super
1014 4501 1134 4548 vos,
1169 4485 1299 4539 dicit
1336 4484 1543 4537 Adonai
1584 4482 1866 4545 Dominus,

270 4588 333 4642 9.
368 4594 432 4640 et
466 4582 773 4636 extendam
804 4591 1028 4629 manum
1061 4588 1234 4626 meam
1265 4586 1423 4640 super
1444 4570 1748 4639 prophetas,
1777 4571 1868 4639 qui

270 4677 486 4730 vident
520 4668 837 4730 mendacia,
869 4675 924 4718 et
953 4662 1046 4732 qui
1078 4663 1256 4716 cresim
1283 4661 1576 4727 loquuntur
1608 4673 1744 4711 vana
1772 4676 1785 4711 :
1817 4658 1869 4711 in

270 4763 601 4832 disciplina
639 4757 826 4828 populi
854 4754 962 4807 mei
992 4767 1101 4803 non
1147 4760 1321 4822 erunt,
1348 4771 1418 4796 cm
1440 4760 1493 4802 et
1522 4751 1575 4803 in
1605 4751 1869 4816 scriptura

270 4858 504 4912 domus
557 4846 844 4912 lsraelis1
903 4856 1018 4894 non
1074 4841 1404 4903 scribentur,
1466 4849 1519 4893 et
1569 4841 1619 4891 in
1672 4847 1871 4892 terram

268 4945 520 5004 lsraelis
544 4956 653 4996 non
685 4935 1095 5006 ingredientur,
1123 4940 1174 4984 et
1213 4932 1399 4995 scient,
1428 4930 1567 4999 quod
1608 4944 1706 4998 ego
1748 4945 1867 4983 sum

349 5156 436 5223 ,p)
499 5144 584 5205 S.,
626 5155 740 5195 non
784 5132 1214 5223 or‘dlnatalcrit.

413 5219 444 5223 μ
576 5210 655 5223 Α,
768 5205 783 5223 ,
866 5209 942 5223 Μ,
1094 5200 1129 5223 η
1181 5197 1212 5223 ο

271 5201 489 5293 Ws»
534 5201 586 5268 ei
611 5201 969 5293 Si.m_‘f!_f'.f’."
1008 5201 1183 5293 ..ἐξὲξ

272 5266 376 5361 L70
398 5266 489 5340 7:5
518 5266 681 5361 quod
707 5266 1147 5361 starent-,usi‘c'ut
1172 5267 1221 5317 in
1259 5267 1425 5361 belig,
1454 5268 1507 5319 in
1541 5269 1628 5321 die
1662 5266 1893 5361 Domitii.

286 5365 371 5405 ira

267 5359 471 5414 ﬁcabat
500 5359 778 5422 parlelem
836 5359 1296 5411 Elyufnlll-lllulll;
1349 5359 1422 5385 IIII
1455 5359 1634 5388 autem
1692 5359 1924 5388 IIuIcualI

270 5430 361 5482 ubi
415 5426 591 5478 litura
649 5399 1177 5482 (Ινὲίηηὴωῗξῗῗῖξ
1253 5401 1334 5468 (³)
1379 5400 1603 5482 ,δ”-δθά
1652 5404 1924 5482 Nolim“

262 5497 553 5551 cervicem.

251 5569 508 5621 liberare.

237 5637 402 5695 batis.

1322 5132 1394 5200 (q)
1451 5130 1533 5197 8.,
1568 5131 1725 5185 etiam
1781 5141 2063 5199 quiescere
2110 5100 2321 5177 faciam.
2410 5114 2479 5186 (r)
2513 5113 2725 5200 .S..,._et
2758 5125 2863 5165 non
2893 5100 3463 5200 divittati‘giunbric‘itati

1098 5166 1214 5183 ω...
1451 5166 1508 5185 υ.
1625 5166 1725 5184 ....,.
1823 5166 2063 5184 μωσιν...
2111 5166 2321 5177 ...ν-...η-
2436 5166 2444 5168 -
2546 5166 2560 5169 -
2607 5166 2617 5177 .

1068 5199 1129 5263 (ι)
1176 5197 1252 5262 8.,
1448 5166 1761 5253 εεᾶθῖιᾏίειίε
1781 5166 1860 5251 “in
1910 5206 2162 5265 rupturas
2198 5202 2373 5265 neque
2413 5166 2685 5265 sepivistis
2719 5192 2901 5265 sepem
2932 5178 3070 5255 circa
3109 5171 3266 5265 ιὶιίοςτί⁸
3289 5166 3521 5265 Ιδνευιξξ,

539 5323 778 5402 arietem
836 5336 999 5402 sicut
1022 5330 1246 5402 ﬁrmum
1280 5350 1321 5402 ;7
1349 5334 1424 5402 illi
1455 5345 1634 5388 autem
1692 5335 1945 5388 liniebant
1976 5323 2266 5402 geumunon
2293 5323 2550 5402 condito.

703 5472 756 5536 ε)
787 5467 913 5543 _S.,
976 5466 1183 5543 animas
1228 5451 1602 5543 venabanturr
1623 5451 2301 5543 pbp—urlonmeo'aat’i‘imas
2335 5451 2532 5543 _'_autcm
2579 5453 2757 5543 vobis‘
2786 5451 3000 5543 dixistis

631 5518 754 5612 (ᾸῩ
776 5518 1161 5599 8Ῑ,ὖεηειυίηί
1207 5518 1444 5600 animas,
1492 5518 1987 5603 quas'i'vo—la'rcn't."
2018 5518 2103 5605 ie),
2128 5532 2209 5598 8.,
2242 5537 2297 5585 et
2318 5528 2602 5583 dimittam.
2692 5520 2759 5590 (Γ)
2797 5518 2880 5585 8.,
2906 5519 2977 5575 ob
3004 5519 3021 5573 i

1977 4499 2079 4537 nus
2103 4460 2296 4548 iniqui,
2318 4488 2377 4531 ut
2405 4476 2623 4529 omnino
2653 4486 2755 4524 non
2786 4484 2843 4523 se
2870 4474 3129 4519 averteret
3158 4485 3226 4510 οοο
3252 4464 3317 4514 ab
3365 4460 3510 4526 inju-

1977 4570 2121 4625 stitia
2160 4584 2278 4633 sua,
2308 4574 2361 4619 et
2388 4566 2411 4633 1
2445 4579 2474 4617 a
2504 4564 2589 4614 via
2616 4576 2712 4614 sua
2741 4558 2899 4618 mala,
2928 4564 2980 4607 et
3009 4554 3213 4606 viveret
3239 4550 3362 4617 ;25.
3396 4560 3513 4614 pro-

1976 4669 2095 4731 pter
2136 4659 2239 4711 boc
2268 4652 2543 4710 mendacia
2586 4664 2690 4702 non
2738 4643 3011 4707 videbitis,
3060 4648 3115 4695 et
3160 4636 3515 4691 divinationes

1978 4729 2085 4803 non
2109 4744 2413 4801 divinabitis
2429 4740 2657 4809 amplius
2682 4755 2694 4790 :
2723 4746 2775 4789 et
2792 4732 3035 4788 liberabo
3054 4729 3306 4799 p0pulum
3340 4733 3514 4774 meum

1978 4841 2043 4895 de
2080 4853 2240 4891 manu
2264 4840 2533 4896 vestra,et
2562 4824 2918 4897 cognoscetis,
2951 4821 3076 4889 quia
3108 4831 3205 4882 ego
3236 4810 3514 4864 Dominus.

2046 4928 2173 4997 Cap.
2200 4923 2338 4989 XIV,
2378 4923 2429 4975 1.
2451 4894 2525 4975 Et
2555 4894 2815 4971 venerunt
2836 4913 2900 4965 ad
2937 4924 3025 4963 me
3054 4905 3153 4959 viri
3183 4903 3249 4956 de
3292 4894 3519 4954 seniori.

2410 5114 2479 5186 (r)
2514 5113 2725 5186 _S_.,_et
2758 5125 2863 5165 non
2893 5103 3156 5186 divinatio
3165 5097 3513 5186 Iubricitatis.

2660 5233 2736 5317 (ω)
2784 5233 2873 5317 8,
2902 5255 2954 5298 et
2987 5238 3354 5317 ipse_quidem
3393 5233 3521 5317 redif

1983 5255 2060 5332 ζα)
2113 5261 2168 5313 In
2209 5255 2557 5332 divinatione.
2656 5255 2736 5332 ’(ai)
2777 5255 2873 5332 (8.,
2902 5255 2954 5298 et
2987 5255 3444 5332 ipse‘quIt-I-e‘mnﬁ

2650 5302 2732 5386 (αἱ
2770 5302 2870 5386 8.,
2892 5302 3067 5386 annon
3101 5302 3307 5386 dicetur
3328 5302 3520 5386 vobis:

1972 5377 2359 5463 Israelis—fio)
2392 5390 2473 5451 S.,
2528 5377 2719 5441 strata.
2793 5384 2865 5502 (:2)
2924 5382 3009 5442 8.,
3071 5377 3252 5431 subter
3309 5383 3521 5448 omnem

1972 5484 2031 5502 η’
2090 5466 2297 5502 ...ις-ηας
2353 5469 2531 5502 animm
2579 5453 2733 5502 vobis
2786 5451 3000 5502 tixistis
3032 5448 3090 5502 fi.
3128 5460 3178 5498 θ.
3227 5437 3521 5502 studutsm)

3023 5448 3090 5572 si.
3128 5460 3178 5498 θ.
3227 5437 3523 5502 studuistis)

3096 5510 3241 5572 quod
3308 5514 3523 5572 torque-

3096 5510 3241 5582 quod
3308 5514 3525 5574 torque-
