3802 6362
448 359 588 417 2707

1537 366 1760 423 consx
1800 334 2573 421 svmscoatsxsriams.

3539 348 3629 400 708

445 479 550 532 bus
603 474 837 543 lsraelis,
875 489 929 535 et
978 483 1228 537 sederunt
1260 495 1441 535 coram
1482 482 1616 536 facie
1647 496 1787 535 mea.
1816 481 1871 533 2.
1912 481 1980 534 Et

2110 482 2289 535 orum,
2334 470 2439 523 aut"
2474 468 2596 521 ﬁliae
2626 480 2819 520 eorum
2874 462 3271 524 servabuntur,
3305 457 3399 513 sed
3451 459 3493 513 si
3538 458 3629 527 ipsi

450 568 651 620 factum
676 577 758 622 est
783 569 999 622 verbum
1036 567 1247 622 Domini
1284 569 1351 623 ad
1379 585 1483 634 me,
1513 571 1737 624 dicens:
1786 569 1839 622 5.
1887 566 1989 623 Fili

451 655 714 721 hominis,
759 657 858 709 viri
898 656 985 710 isti
1017 668 1312 724 posuerunt
1359 660 1433 728 (g)
1486 659 1836 735 cogitationes
1865 675 1992 713 suas

456 761 619 814 super
657 746 813 799 corda
845 761 961 809 sua,
981 755 1031 799 et
1053 762 1251 814 ponere
1277 751 1329 801 in
1359 749 1533 817 capita
1563 749 1623 815 (i.
1654 763 1703 802 e.
1732 752 1994 802 attrahere

456 839 681 906 ρωπαηι)
704 837 1085 903 injustitiarum
1120 852 1339 891 suarum
1373 848 1662 906 posuerunt
1696 838 1770 907 (h)
1808 852 1989 892 coram

458 926 694 979 faciebus
749 925 905 978 suis:
960 924 1005 978 si
1063 927 1437 993 respondendo
1490 928 1820 996 respondebo
1878 927 1995 980 eis?

455 1016 509 1070 4.
539 1015 760 1085 Propter
808 1016 908 1070 hoc
948 1018 1166 1085 loquere
1204 1019 1301 1082 eis,
1350 1029 1402 1072 et
1433 1019 1582 1074 dices
1603 1020 1668 1072 ad
1702 1036 1830 1075 eos:
1872 1019 1997 1075 Hzec

455 1103 588 1158 dicit
634 1104 837 1159 Adonai
898 1104 1197 1162 Dominus:
1261 1106 1474 1172 Homo,
1512 1110 1673 1163 homo
1712 1110 1778 1164 de
1835 1111 1997 1164 domo

455 1191 688 1258 Israelis,
724 1194 815 1261 qui
844 1197 1084 1262 posuerit
1116 1196 1463 1265 cogitationes
1498 1213 1660 1265 super
1700 1213 1795 1251 cor
1815 1214 1996 1264 suum,

455 1292 509 1336 et
565 1290 889 1337 tormentum
945 1284 1219 1352 injustitiac
1273 1300 1385 1339 sua:
1433 1287 1759 1340 ordinaverit
1815 1303 1996 1341 coram

456 1372 592 1425 facie
613 1388 732 1436 sua,
768 1383 819 1426 et
846 1373 1052 1428 venerit
1076 1373 1141 1428 ad
1172 1374 1483 1443 prophetam
1506 1417 1519 1440 ,
1552 1376 1619 1443 χ(
1658 1374 1725 1429 ad
1768 1378 1996 1430 interro-

459 1461 688 1528 gandnm
725 1478 846 1516 eum
879 1465 931 1517 in
962 1479 1047 1517 me
1072 1464 1120 1531 ζ,
1158 1478 1258 1533 ego
1284 1462 1542 1518 Dominus
1576 1466 1638 1532 (ἰ)
1666 1466 2001 1533 respondebo

458 1553 508 1604 ei
540 1551 591 1603 in
620 1552 806 1625 his,‘in
848 1554 1045 1621 quibus
1077 1562 1287 1608 tenetur
1319 1569 1468 1607 mens
1490 1554 1625 1622 ejus,
1653 1554 1704 1608 5.
1735 1554 1806 1622 (k)
1839 1564 1896 1609 ut
1938 1554 2000 1625 (ι)

462 1649 726 1695 averteret
751 1640 970 1695 domum
1007 1640 1218 1697 lsraelis
1251 1643 1546 1696 secundum
1594 1646 1755 1697 corda
1789 1660 1998 1709 eorum,

459 1746 582 1800 qua:
639 1730 956 1786 abalienata:
1012 1744 1139 1785 sunt
1182 1748 1210 1784 a
1263 1747 1349 1785 me
1385 1732 1737 1799 cogitationes
1793 1748 1999 1787 eorum.

459 1819 514 1873 6.
556 1819 787 1890 Propter
818 1822 922 1875 hoc
961 1822 1048 1875 dic
1081 1822 1145 1874 ad
1174 1822 1391 1876 domum
1441 1821 1689 1876 lsraeli-s:
1726 1825 1837 1876 haec
1875 1824 2005 1878 dicit

463 1908 723 1965 Dominus
776 1909 1069 1965 Dominus:
1128 1911 1523 1974 convertimini,
1578 1922 1632 1964 et
1699 1912 1934 1967 recedite
1971 1929 2002 1968 a

463 1997 655 2052 studiis
688 2000 903 2065 vestris,
931 2011 982 2055 et
1010 2001 1076 2054 ab
1106 2002 1353 2055 omnibus
1384 2002 1751 2070 impietatibus
1790 2004 2000 2068 vestris,

459 2098 514 2140 et
543 2088 841 2143 convertite
898 2088 1060 2143 facies
1099 2100 1306 2144 vestras
1343 2113 1411 2139 sm
1436 2093 1500 2146 ad
1562 2108 1646 2146 mc
1687 2092 1732 2159 ζ.
1784 2094 1835 2147 7.
1870 2092 2002 2159 Quia

464 2176 649 2242 homo,
689 2178 849 2231 homo
871 2180 936 2233 de
967 2178 1129 2233 domo
1166 2180 1398 2246 Israclis,
1446 2191 1500 2235 et
1539 2182 1605 2236 de
1642 2183 1880 2247 advenis,
1912 2184 2001 2252 qui

460 2267 627 2321 additi
657 2279 783 2323 sunt
815 2269 869 2322 in
894 2268 1106 2335 lsraele,
1135 2272 1458 2341 quicumque
1485 2271 1820 2328 abalienatus
1845 2273 2005 2327 fuerit

459 2369 491 2409 r.
520 2370 624 2420 me,
649 2366 700 2410 et
722 2359 960 2426 posuerit
988 2360 1341 2429 cogitationes
1372 2376 1497 2415 suas
1522 2378 1682 2430 super
1701 2378 1794 2416 cor
1822 2378 2002 2429 suum,

459 2453 513 2498 et
545 2460 741 2513 ponere
776 2446 828 2499 in
860 2456 1020 2515 caput
1055 2448 1113 2518 (i.
1143 2464 1193 2502 e.
1225 2450 1487 2503 attrahere
1525 2451 1751 2521 plenam)
1778 2451 2004 2520 justitia:

461 2548 570 2588 sua
626 2535 951 2591 ordinaverit
983 2552 1162 2593 coram
1232 2538 1370 2596 facie
1412 2557 1531 2605 sua,
1592 2550 1648 2595 et
1684 2543 1888 2596 venerit
1938 2543 2003 2595 ad

462 2623 795 2691 prephetam,
837 2627 901 2680 ad
936 2627 1379 2698 interrogandum
1408 2645 1529 2683 eum
1556 2631 1609 2685 in
1646 2647 1750 2695 me,
1780 2632 1872 2700 (m)
1908 2648 2007 2700 ego

464 2712 725 2767 Dominus
748 2716 1087 2783 respondebo
1116 2718 1163 2771 ei
1204 2719 1256 2771 in
1289 2734 1353 2773 eo
1385 2734 1492 2788 quo
1523 2728 1734 2773 tenetur
1769 2720 1822 2772 in
1870 2720 2004 2789 ipso.

464 2798 520 2854 8.
571 2797 636 2853 Et
659 2800 961 2857 obﬁrmabo
990 2801 1184 2859 faciem
1211 2821 1384 2860 meam
1430 2822 1594 2876 super
1637 2806 1909 2861 hominem
1941 2808 2007 2874 il-

465 2884 597 2950 lum,
625 2888 701 2960 (η)
749 2898 801 2945 et
832 2906 1024 2960 ponam
1065 2908 1187 2947 eum
1229 2895 1303 2965 (ο)
1337 2893 1391 2949 in
1440 2895 1732 2959 desertum,
1774 2918 1845 2944 om
1872 2904 1924 2951 et
1954 2897 2006 2951 in

465 2979 867 3046 corruptionem
918 2981 966 3049 ζ,
1006 2991 1059 3036 et
1101 2984 1280 3037 tollam
1328 2999 1450 3037 eum
1500 2981 1566 3038 de
1614 2985 1790 3038 medio
1828 2988 2005 3054 populi

2090 562 2187 615 soli
2214 562 2591 621 servabuntur,
2626 567 2768 610 terra
2803 560 2988 608 autem
3037 554 3140 606 erit
3176 550 3231 604 in
3275 550 3632 618 perditionem.

2093 652 2177 706 17.
2203 653 2308 705 Aut
2333 656 2378 704 si
2412 650 2480 720 (ε)
2503 648 2665 703 etiam
2696 646 2937 717 gladium
2982 644 3240 698 inducam
3269 656 3428 711 super
3453 650 3634 696 terram

2091 740 2322 803 illam,et
2348 740 2522 793 dicam
2547 757 2560 793 ε
2584 737 2808 792 Gladius
2835 743 3085 789 transeat
3112 749 3212 803 per
3237 743 3453 795 terram,
3477 744 3525 786 et
3539 732 3635 784 tol-

2092 831 2198 883 lam
2231 831 2298 884 de
2323 846 2384 883 ea
2415 828 2691 882 hominem
2727 825 3139 895 etjumentum.
3173 824 3260 878 18.
3308 822 3370 875 Ει
3405 831 3509 876 tres
3546 822 3633 876 viri

2094 918 2181 974 isti
2225 920 2277 972 in
2319 918 2498 973 medio
2544 917 2665 984 ejus
2709 916 2933 980 fuerint,
2964 916 3096 969 vivo
3144 929 3264 984 ego,
3295 914 3421 966 dicit
3451 913 3638 965 Adonai

2095 1010 2374 1074 Dominus,
2410 1023 2518 1063 non
2554 1008 2867 1062 liberabunt
2892 1005 3060 1071 ﬁlios,
3096 1013 3193 1061 aut
3219 1004 3379 1071 ﬁlias,
3405 1024 3472 1052 em
3506 1002 3635 1069 sed:

2096 1100 2195 1170 ipsi
2234 1099 2334 1154 soli
2366 1099 2760 1154 servabuntur.
2800 1096 2886 1150 19.
2922 1097 3034 1150 Ant
3080 1094 3146 1165 (t)
3195 1095 3243 1148 si
3270 1109 3478 1163 quoque
3508 1109 3638 1146 mor-

2094 1196 2203 1241 tem
2255 1186 2542 1241 immittam
2575 1200 2741 1253 super
2798 1192 3005 1238 terram
3054 1181 3241 1247 illam,
3292 1191 3346 1236 et
3396 1180 3639 1235 effundam

2098 1275 2333 1329 furorem
2377 1290 2556 1329 meum
2588 1288 2755 1342 super
2783 1282 2905 1327 eam
2955 1273 3011 1327 in
3067 1272 3354 1341 sanguine.
3384 1271 3448 1324 ad
3479 1271 3641 1325 delen-

2097 1364 2224 1418 dum
2264 1381 2329 1418 ex
2359 1380 2419 1418 ea
2462 1364 2743 1418 hominem
2776 1371 2830 1416 et
2854 1360 3201 1432 jumentum,
3226 1360 3316 1414 20.
3347 1370 3398 1413 et
3426 1360 3546 1423 Noe,
3596 1370 3643 1414 ct

2101 1455 2303 1519 Daniel,
2335 1464 2387 1508 et
2414 1454 2515 1507 Job
2539 1453 2591 1506 in
2621 1454 2802 1507 medio
2834 1452 3125 1521 ejus,vivo
3154 1457 3280 1520 ego;
3309 1451 3434 1505 dicit
3459 1450 3642 1504 Adonai

2103 1538 2382 1604 Dominus,
2418 1540 2463 1592 si
2519 1538 2636 1601 ﬁlii,
2692 1546 2788 1592 aut
2842 1536 2970 1592 ﬁlia:
3029 1538 3423 1606 relinquentur,
3472 1538 3564 1603 ipsi
3597 1538 3641 1589 in

2096 1628 2313 1697 justitia
2352 1644 2447 1681 sua
2488 1628 2797 1683 liberahunt
2828 1628 3048 1682 animas
3080 1644 3230 1682 suas.
3264 1628 3354 1681 2|.
3388 1627 3503 1682 Haec
3531 1628 3644 1682 dicit

2102 1716 2309 1770 Adouai
2353 1716 2614 1773 Dominus
2652 1733 2668 1773 :
2702 1717 2761 1770 Si
2820 1726 3005 1771 autem
3041 1725 3096 1770 et
3166 1725 3399 1786 quatuor
3438 1717 3643 1769 ultiones

2105 1817 2251 1859 meas
2278 1805 2470 1870 malas,
2502 1804 2765 1873 gladium,
2798 1812 2856 1859 et
2888 1802 3117 1869 famem,
3150 1816 3205 1859 et
3249 1804 3448 1859 bestias
3473 1805 3640 1868 malas.

2101 1902 2155 1947 et
2176 1904 2400 1947 mortem
2430 1894 2709 1948 immisero
2737 1908 2906 1963 super
2930 1891 3265 1958 Jerusalem,
3284 1895 3349 1948 ad
3372 1894 3635 1948 delendum

2102 1996 2165 2036 ex
2206 1996 2267 2035 ea
2307 1982 2579 2035 hominem
2610 1989 2664 2035 et
2686 1978 3022 2049 iumentum.
3056 1981 3149 2034 22.
3184 1982 3264 2050 (ιι)
3292 1979 3353 2034 Et
3376 1995 3496 2035 ecce
3526 1982 3644 2034 resl-

2103 2073 2195 2127 dui
2237 2073 2289 2124 in
2322 2086 2407 2133 ea,
2442 2071 2535 2140 qui
2566 2070 2766 2126 servati
2800 2087 2871 2125 ex
2907 2074 2995 2136 ea,
3049 2071 3154 2140 ipsi
3185 2071 3413 2125 educent
3439 2069 3564 2122 ﬁlios
3602 2078 3648 2122 et

2103 2163 2263 2226 ﬁlias,
2290 2178 2416 2217 ecce
2440 2162 2541 2231 ipsi
2576 2161 2933 2232 egredientur
2953 2163 3021 2216 ad
3054 2176 3177 2224 vos,
3210 2161 3291 2231 (εις)
3320 2170 3372 2215 et
3419 2158 3646 2214 videbitis

2106 2256 2221 2309 vias
2240 2269 2451 2317 eorum,
2480 2264 2534 2307 et
2559 2251 2636 2323 (ῃ)
2659 2253 3031 2322 cogitationes
3063 2268 3280 2317 eorum,
3313 2264 3364 2307 et
3390 2252 3647 2323 pmnitebit

2106 2358 2200 2399 vos
2228 2359 2390 2412 super
2427 2343 2609 2407 malis,
2646 2357 2770 2412 qua:
2803 2343 2999 2397 induxi
3044 2358 3214 2411 super
3244 2341 3551 2406 Jerusalem,
3583 2341 3646 2412 (ι)

2106 2434 2360 2490 omnibus
2385 2433 2563 2496 malis,
2597 2448 2721 2503 quae
2747 2433 2941 2487 induxi
2971 2448 3141 2501 super
3169 2448 3308 2487 eam.
3338 2433 3423 2486 23.
3454 2432 3513 2486 Et
3536 2446 3648 2486 con-

2107 2523 2426 2578 solabuntur
2488 2536 2617 2587 vos,
2675 2522 2805 2590 quia
2870 2522 3127 2577 videbitis
3175 2524 3292 2576 vias
3345 2537 3540 2586 eorum,
3594 2531 3641 2576 et

2107 2614 2473 2682 cogitationes
2518 2628 2731 2675 eorum,
2788 2621 2842 2667 et
2887 2615 3074 2667 scietis
3133 2614 3277 2683 quod
3337 2630 3440 2667 non
3474 2613 3647 2666 frustra

2106 2704 2208 2759 feci
2241 2705 2444 2768 omnia,
2474 2719 2595 2772 quae
2627 2703 2729 2757 feci
2761 2705 2817 2756 in
2854 2720 2941 2769 ea,
2970 2705 3102 2759 dicit
3143 2705 3350 2759 Adonai
3396 2703 3645 2758 Dominus.

2175 2796 2308 2864 Cap.
2346 2792 2464 2859 XV,
2500 2798 2551 2849 1.
2595 2793 2660 2848 Ει
2709 2794 2923 2849 factum
2978 2804 3065 2850 est
3094 2798 3317 2851 verbum
3366 2795 3562 2849 Domini
3591 2792 3648 2847 ad

2108 2899 2216 2950 me,
2247 2885 2432 2940 dicens
2456 2902 2469 2938 :
2493 2886 2547 2937 2.
2585 2883 2650 2937 Et
2677 2893 2762 2951 tu,
2803 2884 2881 2939 ﬁli
2914 2887 3178 2953 hominis,
3202 2886 3332 2956 quid
3361 2886 3446 2939 ﬁet
3471 2886 3647 2953 lignum

2108 2978 2235 3031 vitis
2258 2992 2323 3031 ex
2363 2976 2616 3029 euntibus
2665 2976 2836 3044 lignis
2871 2975 2953 3048 (a)
2991 2977 3298 3045 palmitum,
3329 2976 3417 3045 qui
3450 2981 3564 3029 sunt
3602 2972 3647 3026 in

466 3067 592 3133 mei,
623 3077 677 3123 et
707 3073 1068 3139 cognoscetis,
1096 3074 1240 3142 quod
1267 3090 1365 3142 ego
1399 3072 1674 3129 Dominus.
1700 3075 1751 3128 9.
1790 3053 1853 3129 Et
1882 3053 2006 3145 pro-
2034 3087 2076 3145 ο
2108 3068 2267 3137 lignis
2295 3067 2443 3121 silva:
2464 3068 2488 3118 Υ
2513 3066 2568 3119 5.
2601 3053 2919 3122 διἐιιιιιθιιι
2953 3067 3023 3122 de
3055 3082 3120 3123 ea
3145 3067 3347 3138 lignum
3372 3067 3433 3121 ad
3467 3064 3645 3119 facien-

467 3158 622 3225 pheta
650 3159 695 3211 si
726 3162 1004 3225 erraverit,
1046 3172 1100 3217 et
1143 3163 1355 3219 locutus
1403 3163 1561 3217 fuerit
1590 3168 1654 3232 )s(
1702 3166 1920 3219 verbum
1950 3168 2000 3236 ζ,

466 3262 565 3315 ego
610 3245 871 3304 Dominus
902 3266 1087 3305 errare
1129 3251 1230 3307 feci
1260 3254 1574 3322 prOphetam
1615 3255 1786 3318 illum,
1828 3266 1877 3309 et
1912 3274 2008 3309 ex-

468 3338 681 3391 tendam
716 3354 933 3393 manum
968 3356 1141 3394 meam
1172 3358 1336 3411 super
1369 3358 1513 3405 eum,
1549 3352 1602 3396 et
1634 3344 1857 3397 aholeho
1887 3360 2006 3399 cum

468 3427 537 3480 de
565 3428 742 3482 medio
764 3430 945 3498 populi
970 3430 1072 3484 mei
1096 3428 1274 3484 Israel.
1306 3432 1388 3485 10.
1418 3431 1485 3486 Ει
1510 3434 1774 3502 accipient
1798 3435 2009 3504 injusti-

474 3518 602 3571 tiam
635 3533 788 3573 suam
812 3558 827 3584 ,
878 3521 1175 3575 secundum
1215 3522 1533 3591 injustitiam
1591 3523 2006 3596 interrogantis:

472 3605 547 3675 (ρ)
572 3618 623 3661 et
652 3609 946 3663 secundum
972 3610 1288 3679 injustitiam
1314 3612 1559 3667 similiter
1587 3597 1860 3683 propheta:
1884 3617 2009 3677 erit.

475 3694 563 3749 11.
599 3704 657 3749 ut
683 3711 748 3750 ne
775 3706 919 3752 erret
947 3698 1080 3753 ultra
1104 3699 1299 3753 domus
1324 3700 1536 3756 lsraelis
1579 3720 1607 3755 a
1638 3720 1740 3768 me,
1770 3715 1823 3757 et
1852 3712 1910 3757 ut
1944 3720 2012 3759 ne

471 3784 904 3839 contaminemur
941 3787 1116 3840 adhuc
1155 3787 1207 3840 in
1239 3788 1489 3844 omnibus
1513 3791 1720 3845 delictis
1750 3793 1863 3847 suis
1891 3813 1903 3847 :
1959 3803 2012 3847 et

470 3882 632 3927 erunt
675 3874 805 3927 mihi
837 3874 890 3927 in
939 3878 1191 3945 populum
1215 3918 1229 3940 ,
1275 3888 1327 3932 et
1354 3894 1451 3949 ego
1479 3895 1573 3934 ero
1603 3883 1682 3936 eis
1713 3881 1764 3934 in
1819 3882 2009 3943 Deum,

472 3964 602 4018 dicit
640 3965 844 4020 Adonai
878 3966 1156 4022 Dominus.
1196 3969 1277 4023 l2.
1326 3969 1389 4022 Et
1435 3969 1632 4025 factum
1664 3981 1748 4027 est
1788 3972 2011 4026 verbum

476 4052 685 4106 Domini
710 4053 778 4107 ad
818 4071 923 4117 me,
953 4056 1177 4111 dicens:
1211 4058 1295 4112 l5.
1330 4059 1430 4113 Fili
1473 4062 1737 4127 hominis,
1783 4055 2012 4117 terra'si

476 4145 775 4211 peccaverit
806 4145 937 4199 mihi
970 4186 984 4210 ,
1021 4147 1092 4217 (q)
1129 4149 1484 4220 delinquendo
1514 4152 1790 4219 delictum,
1825 4163 1879 4208 et
1919 4168 2014 4208 ex-

477 4229 690 4282 tendam
736 4247 953 4285 manum
996 4249 1167 4289 meam
1201 4252 1361 4307 super
1403 4256 1542 4307 eam,
1573 4250 1627 4296 et
1673 4243 2011 4312 confringant

476 4316 709 4372 fulcrum
740 4320 894 4388 panis
913 4320 1050 4389 ejus,
1074 4335 1125 4378 et
1150 4326 1431 4381 immittam
1454 4345 1616 4398 super
1640 4346 1758 4385 eam
1791 4331 2010 4397 famem,

2107 3161 2236 3214 dum
2265 3159 2318 3211 in
2349 3157 2527 3226 opus?
2550 3156 2596 3209 si
2627 3169 2857 3213 sument
2890 3157 2959 3213 de
2990 3173 3055 3213 ea
3083 3160 3341 3228 paxillum
3369 3156 3433 3211 ad
3456 3168 3649 3223 suspen-

2108 3247 2341 3303 dendum
2377 3262 2540 3315 super
2593 3261 2660 3300 eo
2698 3260 2877 3303 omne
2924 3249 3069 3304 vas?
3095 3249 3150 3303 4.
3203 3250 3277 3319 (b)
3314 3248 3645 3313 Praeterquam

2108 3337 2249 3408 quod
2277 3336 2383 3406 igni
2412 3336 2535 3389 data
2562 3345 2646 3390 est
2671 3336 2729 3390 in
2763 3341 3282 3409 consumptionem:
3312 3337 3648 3409 purgationem

2110 3424 2249 3494 ejus,
2284 3439 2403 3493 qua:
2433 3424 2485 3477 in
2518 3424 2665 3476 omni
2696 3439 2870 3490 anno,
2904 3428 3186 3482 consumit
3217 3427 3375 3497 ignis,
3407 3433 3458 3479 et
3492 3422 3648 3477 deﬁcit

2111 3514 2162 3568 in
2192 3514 2390 3568 ﬁnem:
2444 3515 2710 3582 numquid
2761 3517 2901 3571 utile
2941 3519 3049 3571 erit
3085 3520 3139 3572 in
3186 3518 3363 3587 opus?
3407 3518 3456 3571 5.
3490 3514 3648 3581 Neque

2110 3603 2289 3659 adhuc
2319 3603 2445 3657 dum
2471 3609 2555 3655 est
2586 3602 2889 3672 integrum,
2916 3621 3027 3658 non
3063 3606 3169 3659 erit
3189 3606 3242 3658 in
3267 3604 3443 3674 opus?
3471 3606 3648 3669 quanto

2111 3692 2283 3761 magis
2311 3691 2355 3745 si
2401 3692 2563 3743 etiam
2617 3691 2766 3758 ignis
2799 3695 3209 3763 consumpserit
3238 3694 3366 3748 illud
3401 3693 3451 3746 in
3490 3690 3647 3751 ﬁnem,

2109 3785 2155 3839 si
2183 3783 2286 3838 erit
2332 3782 2508 3835 adhuc
2538 3782 2589 3833 in
2631 3784 2823 3851 opus?
2880 3785 2937 3838 6.
2969 3783 3206 3855 PrOpter
3240 3785 3340 3838 hoc
3376 3782 3497 3836 dic:
3546 3777 3650 3831 Hec

2110 3875 2239 3930 dicit
2261 3872 2468 3926 Adonai
2497 3873 2803 3928 Dominus:
2827 3874 3304 3940 Quemadmodum
3331 3875 3519 3945 lignum
3547 3868 3650 3923 vitis

2114 3964 2165 4016 in
2191 3961 2353 4030 lignis
2382 3960 2550 4025 silvas,
2584 3963 2741 4028 quod
2781 3963 2907 4018 dedi
2944 3964 3078 4019 illud
3112 3966 3220 4035 igni
3248 3967 3300 4018 in
3324 3960 3652 4030 consumptio-

2113 4066 2256 4113 nem,
2305 4049 2383 4104 sic
2419 4048 2540 4102 dedi
2585 4049 2911 4108 habitantes
2944 4054 2997 4107 iu
3049 4054 3371 4110 Jerusalem.
3411 4054 3459 4107 7.
3507 4053 3569 4121 (c)
3601 4050 3654 4105 Et

2113 4142 2252 4197 dabo
2280 4139 2470 4193 faciem
2511 4154 2696 4194 meam
2726 4158 2895 4211 super
2925 4160 3023 4200 eos
3052 4168 3064 4200 ;
3091 4147 3159 4201 de
3185 4147 3306 4217 igne
3325 4146 3652 4215 cgredientur,

2112 4242 2159 4288 et
2211 4231 2349 4299 ignis
2382 4229 2662 4284 devorahit
2701 4249 2819 4300 eos,
2856 4246 2912 4291 et
2957 4239 3153 4303 scient,
3192 4240 3335 4309 quod
3368 4253 3461 4307 ego
3501 4235 3655 4290 Domi-

2115 4343 2237 4391 nus,
2292 4339 2414 4378 cum
2457 4323 2831 4381 ohﬁrmavero
2890 4327 3087 4384 faciem
3132 4346 3305 4385 meam
3365 4345 3516 4398 super
3557 4340 3650 4379 eos.

474 4419 532 4463 et
559 4410 740 4464 tollam
769 4413 834 4465 de
864 4429 923 4467 ea
961 4414 1232 4472 hominem
1275 4431 1329 4473 et
1352 4393 1679 4488 jumentum.
1733 4422 1819 4475 14.
1858 4422 1923 4475 Ει
1967 4393 2012 4475 si
2042 4393 2088 4450 Ῑ)
2115 4419 2167 4473 8.
2200 4417 2265 4471 Ει
2291 4415 2432 4469 dabo
2488 4422 2692 4471 terram
2735 4419 2790 4472 in
2831 4418 3253 4487 desolationem,
3303 4438 3398 4493 pro
3430 4393 3503 4475 eo
3532 4415 3653 4489 quod

473 4498 679 4556 fuerint
708 4500 792 4554 isti
822 4513 935 4582 tres
960 4504 1059 4559 viri
1097 4508 1149 4561 in
1178 4510 1354 4563 medio
1379 4511 1516 4577 ejus,
1552 4510 1683 4575 Noe,
1718 4521 1771 4565 et
1796 4510 2014 4571 Daniel,

478 4602 532 4644 et
557 4588 680 4656 Job,
710 4591 808 4660 ipsi
833 4593 883 4647 in
905 4594 1115 4663 justitia
1138 4615 1235 4653 sua
1256 4602 1633 4665 servabuntur,
1658 4600 1791 4656 dicit
1810 4602 2017 4657 Adonai

479 4678 760 4737 Dominus.
798 4682 884 4738 15.
930 4682 988 4740 Si
1018 4695 1073 4741 et
1112 4688 1314 4745 bestias
1358 4695 1525 4748 malas
1560 4691 1823 4745 iuduxero
1857 4706 2020 4760 super

479 4780 700 4836 terram,
733 4783 787 4827 et
811 4790 1041 4844 posuero
1066 4777 1121 4831 in
1147 4787 1310 4847 caput
1339 4779 1397 4848 (i.
1432 4794 1483 4832 e.
1518 4781 1754 4848 puniam)
1779 4778 1917 4847 ejus,
1948 4779 2017 4850 (ν)

476 4869 533 4913 ιιι
559 4863 661 4915 erit
711 4863 764 4918 in
801 4866 1047 4933 exitium,
1093 4877 1147 4923 et
1186 4884 1292 4922 non
1343 4868 1445 4922 erit
1483 4869 1754 4924 transiens
1784 4868 1925 4922 viam
1985 4885 2017 4923 a

479 4949 614 5003 facie
648 4950 959 5022 bestiarum,
992 4956 1079 5010 16.
1111 4966 1165 5011 et
1198 4958 1283 5011 isti
1315 4966 1426 5012 tres
1454 4957 1555 5011 viri
1589 4956 1644 5011 in
1686 4958 1864 5012 medio
1900 4958 2019 5029 ejus

480 5037 714 5106 fuerint;
749 5042 871 5099 vivo
918 5058 1041 5112 ego,
1071 5047 1203 5101 dicit
1252 5047 1456 5103 Adonai
1498 5045 1784 5113 Dominus,
1838 5049 1885 5104 si
1923 5050 2018 5104 lilii

2113 4508 2458 4576 deliquerunt
2487 4505 2710 4573 delicto,
2744 4510 2879 4564 dicit
2906 4512 3120 4566 Adonai
3161 4513 3439 4568 Dominus.

2184 4597 2315 4666 Cap.
2347 4594 2486 4648 XVI.
2520 4624 2587 4634 —
2618 4597 2673 4649 1.
2712 4599 2775 4651 Ει
2808 4599 3015 4657 factum
3068 4615 3155 4659 est
3203 4606 3421 4660 verbum
3472 4596 3651 4657 Domini

2115 4687 2185 4741 ad
2207 4701 2314 4751 me,
2344 4684 2531 4737 dicens
2568 4684 2666 4738 :2.
2698 4686 2803 4742 Fili
2836 4691 3102 4759 hominis,
3125 4694 3412 4749 testiﬁcare
3433 4692 3653 4746 Hieroso-

2115 4778 2273 4849 lyma:
2299 4773 2611 4843 iniquitates
2642 4776 2785 4844 ejus,
2822 4779 2877 4833 '5.
2910 4791 2965 4835 et
2994 4783 3144 4839 dices
3172 4803 3185 4838 :
3226 4783 3348 4839 Haec
3377 4782 3500 4838 dicit
3532 4778 3653 4833 Ado-

2117 4867 2205 4922 nai
2226 4863 2490 4918 Dominus
2514 4863 2579 4917 ad
2607 4863 2920 4924 Jerusalem
2950 4890 2962 4925 :
2998 4872 3078 4943 (ά)
3103 4874 3277 4929 Radix
3308 4883 3416 4940 tua,
3440 4881 3489 4927 et
3515 4882 3652 4941 gene'

2118 4956 2254 5011 ratio
2276 4962 2363 5008 tua
2388 4954 2453 5007 de
2480 4964 2626 5007 terra
2657 4954 2919 5014 Chanaan
2965 4979 2979 5015 :
3024 4970 3179 5031 pater
3204 4973 3328 5019 tuus
3360 4964 3649 5017 AmorrzeUS.

2117 5059 2174 5104 et
2202 5054 2373 5101 mater
2394 5053 2484 5097 tua
2510 5043 2743 5100 Hettaaa.
2769 5046 2825 5100 4.
2855 5047 2927 5120 (e)
2963 5049 3034 5104 Et
3067 5052 3343 5121 generatio
3368 5059 3455 5104 tua
3480 5049 3531 5102 in
3565 5043 3652 5104 die,

550 5168 625 5239 (y)
665 5170 1112 5250 ‘-_S:._.‘l'lt.,_idola
1170 5195 1290 5235 sua.
1364 5179 1443 5249 (h)
1490 5178 1600 5250 S.,_
1626 5185 1836 5233 contra.
1892 5182 1971 5250 (ἱ)
2015 5181 2097 5245 8.,
2150 5170 2488 5245 respondebo
2543 5172 2595 5227 ei
2645 5174 2719 5230 ob
2768 5177 3185 5250 multitudinem
3228 5180 3489 5236 idolorum
3521 5186 3654 5250 sup-

478 5250 621 5317 rnm.
657 5239 729 5311 (lt)
770 5241 877 5317 Ne.
913 5239 1003 5317 '_(l)
1029 5239 1384 5317 Averterept.‘
1425 5239 1532 5316 '(m)
1558 5239 1644 5311 8.,
1678 5239 2009 5317 respondebo
2042 5239 2093 5317 ei
2116 5262 2216 5316 ego
2242 5239 2337 5313 per
2371 5256 2591 5317 manum
2623 5258 2832 5299 meam.

482 5306 719 5385 signum.
814 5315 889 5383 (p)
1027 5318 1108 5371 sic
1132 5316 1387 5385 iniquitas
1410 5306 1682 5385 propheta:
1702 5306 1824 5368 erit.

482 5511 604 5583 tias.
640 5511 650 5512 ί
679 5514 752 5583 (z)
783 5515 866 5578 S.,
892 5533 953 5571 su

612 5322 713 5387 pm.
814 5315 889 5383 (ρ)
1027 5318 1108 5371 sic
1132 5316 1387 5387 iniquitas
1410 5310 1682 5387 propheta:
1702 5310 1824 5368 erit.
1917 5317 1990 5387 (ιι)
2025 5316 2108 5387 8.,
2139 5310 2276 5387 cupi.
2289 5310 2616 5387 contempsit
2639 5310 3047 5387 contemptum.

483 5380 681 5456 pervia,
707 5380 939 5456 ecquod
975 5399 1081 5456 non
1121 5388 1197 5456 sit
1218 5380 1485 5456 transiens
1511 5380 1677 5456 invia
1714 5380 1933 5456 propter
1948 5380 2188 5456 bestias.
2216 5380 2226 5383 ⁷
2256 5380 2325 5450 (ε)
2370 5381 2585 5456 autem.

484 5443 852 5523 relinquentur
886 5450 939 5502 in
962 5466 1023 5504 ea
1052 5453 1282 5523 fugitivi.
1318 5453 1404 5506 isti
1436 5452 1682 5523 homines
1696 5443 1835 5518 [qui
1862 5453 2092 5507 educent
2118 5443 2338 5523 tilios'e'_t
2365 5448 2524 5523 ﬁlias.

1029 5536 1054 5569 r
1077 5522 1349 5583 omnibus,
1385 5535 1507 5589 qua:
1536 5522 1720 5575 induxi
1748 5536 1908 5588 super
1937 5537 2077 5575 eam.

2912 5249 2995 5319 (η)
3021 5249 3107 5316 8.,
3139 5258 3195 5305 et
3228 5259 3431 5319 notum.
3506 5244 3578 5319 _(o)
3604 5241 3652 5292 In

3150 5320 3225 5389 (τὶ
3255 5317 3337 5380 8..
3368 5325 3419 5370 et
3448 5312 3541 5369 erit
3564 5322 3652 5363 non

2687 5382 3037 5458 l‘LAu—lem.‘
3075 5382 3170 5458 (νγ
3189 5382 3273 5450 3.,
3320 5389 3651 5458 verumtamen

2563 5516 2596 5527 .,
2621 5450 2703 5518 (ετ)
2741 5450 2828 5527 δι’
2852 5462 2919 5527 με
2950 5450 3211 5527 νίάεέιιῗει
3297 5451 3491 5527 .(ξ1)ξ·ν
3523 5453 3651 5527 ³⁵⁸Ηῖ

2174 5520 2257 5597 (ιι)
2295 5516 2379 5580 S.,
2413 5510 2655 5597 palmite,
2685 5510 2784 5587 qui
2815 5510 2869 5576 si
2895 5522 3066 5597 fuerit
3088 5526 3150 5597 in
3181 5510 3531 5597 lignis's'xlvaa.

482 5576 568 5663 ξι,
604 5576 780 5637 nonne
807 5576 915 5653 igni
949 5576 1071 5663 data
1102 5600 1184 5663 est
1292 5576 1985 5663 consumptiorlenrﬂduas
2015 5576 2382 5663 extremitates
2414 5576 2544 5663 'ejus
2586 5576 2953 5663 consumpsit
2968 5576 3157 5663 ignis.
3181 5576 3528 5647 -ὲῖψῐίιεῖιίιιω
3554 5576 3651 5651 eius

480 5648 748 5706 adurens:
780 5648 905 5706 num
934 5655 1173 5720 proderit
1196 5658 1262 5709 ad
1290 5658 1463 5725 opus?
1525 5648 1605 5723 '(c)
1645 5656 1706 5710 Et
1735 5658 2053 5713 obﬁrmabo.
2129 5656 2206 5715 (di
2241 5655 2321 5713 8..
2349 5648 2515 5708 datio.
2594 5654 2664 5716 (el
2702 5655 2787 5717 8..
2813 5648 2867 5713 c't
2894 5648 3166 5717 cumqnata
3190 5675 3267 5717 es.
