1901 3175
11 2 110 41 p/

114 162 178 192 2"09

776 180 974 209 HEZECIELIS
992 181 1104 210 CAPUT
1124 182 1192 210 XVI.

1689 186 1761 214 21m

115 228 165 257 1"“
177 227 252 272 ῑξὶιτι
264 234 313 261 Os.
329 238 395 259 non
409 233 542 270 ligarunt
555 237 688 264 mammas
705 241 774 269 tuas,
783 241 810 264 et
832 238 858 264 in
873 244 942 271 aqua
957 239 979 266 Λ
994 238 1064 264 nuda
1091 243 1118 265 et
1137 238 1314 272 discooperta,
1330 241 1356 264 et
1377 237 1440 264 dum
1453 240 1595 267 cruentata
1610 242 1637 266 tu
1652 239 1679 267 in
1698 247 1760 268 san-

126 268 246 321 Wﬁ‘m“
261 281 303 321 88-
316 276 353 311 (r)
375 278 409 305 in
425 268 560 313 salutem,
580 290 631 310 nec
647 283 702 309 sale
714 283 791 321 salita
807 290 847 314 es,
862 287 888 309 et
898 268 940 309 fa-

129 319 191 344 sciis
210 325 272 346 non
292 319 428 352 fasciata
442 333 476 352 es
493 335 501 353 :
515 326 542 352 5.
561 333 611 353 nec
628 319 746 361 pepercit
758 327 852 353 oculus
866 333 941 353 meus

136 371 215 400 super
223 368 266 397 te.
282 365 321 393 ad
334 366 510 397 faciendum
526 370 572 397 tibi
587 378 670 398 unum
692 378 724 398 ex
748 371 791 398 his
805 371 940 402 omnibus,

148 412 178 442 td
189 411 354 447 patiendum
371 415 521 449 quippiam
536 423 617 449 super
629 420 673 443 te:
689 420 716 443 et
728 415 843 450 proiecta
858 423 887 443 es
896 423 941 442 su-

148 467 194 494 per
207 457 308 486 faciem
332 460 429 494 campi
455 460 634 494 perversitate
651 461 749 487 anima:
768 466 830 492 tuas,
845 460 872 487 in
887 460 939 492 die,

149 512 204 539 quo
238 508 302 531 nata
320 511 363 532 es.
385 504 414 532 6.
442 505 478 532 Et
502 505 614 533 transivi
632 510 772 540 super.te,
798 509 825 532 et
847 505 898 532 vidi
915 509 941 532 te

147 554 325 577 cruentatam
340 549 369 576 in
387 550 524 584 sanguine
539 554 597 582 tuo,
614 554 640 576 et
654 550 712 577 dixi
730 550 776 577 tibi
793 559 800 577 :
815 558 848 577 ex
876 557 939 577 san-

145 594 234 629 guine
250 598 300 620 tuo
312 592 432 620 vivendo
444 596 516 624 vive.
529 593 553 621 7.
570 593 745 628 Multiplicare
758 602 765 621 :
783 594 852 622 sicut
865 598 940 621 ortus

145 638 206 672 agri
225 638 293 664 dedi
308 642 345 669 te,
369 642 396 664 et
422 637 598 672 multiplicata
618 645 657 670 es,
678 643 705 665 et
719 638 883 672 magniﬁcata
899 646 938 670 es,

144 683 183 717 (gi
197 688 227 710 et
250 683 378 717 ingressa
393 690 424 709 cs
440 683 468 709 in
486 683 566 710 urbes
582 683 688 709 urbium
704 692 710 709 :
729 683 810 709 ubera
827 689 871 710 tua
881 691 939 709 ere-

143 734 189 754 cta
225 732 306 759 sunt,
333 731 361 754 et
385 728 456 761 pilus
476 731 538 754 tuus
562 732 637 754 ortus
652 732 703 758 est,
726 733 753 754 tu
777 732 865 755 autem
879 734 939 753 eras

143 772 239 804 nuda,
257 776 286 799 et
295 772 479 805 discooperta.
491 771 517 798 8.
537 771 568 798 Et
582 771 690 798 transivi
709 779 788 806 super
800 776 835 803 te,
849 776 875 798 et
886 772 937 798 vidi

142 822 171 845 te
188 827 196 844 :
211 822 243 844 et
256 824 324 845 ecce
341 822 447 850 tempus
473 820 558 848 tuum,
579 820 606 842 et
624 821 727 850 tempus
752 816 788 850 (Ιι)
806 816 938 843 diverten-

140 863 218 889 tium
238 872 246 889 :
262 868 292 889 et
306 862 424 896 expandi
441 858 498 888 alas
513 868 592 893 super
607 865 641 892 te,
655 866 680 887 et
695 861 790 895 operui
816 861 936 894 pudenda

139 910 206 936 tua.
223 908 255 932 et
265 905 359 939 juravi
381 904 429 930 tibi
446 913 452 931 :
479 908 506 930 et
520 904 657 938 ingressus
668 912 726 931 sum
745 905 771 931 in
792 909 936 932 testamen-

139 953 205 975 tum
232 952 338 980 tecum,
361 947 427 974 dicit
448 947 551 974 Adonai
580 947 734 974 Dominus:
759 952 786 974 et
811 947 880 975 facta
909 955 938 975 es

138 994 229 1025 mihi,
243 993 271 1020 9.
285 997 314 1019 et
332 993 385 1019 lavi
399 997 423 1019 te
437 993 462 1019 in
471 1000 551 1026 aqua,
567 996 593 1018 et
605 992 677 1018 ablui
693 993 848 1026 sanguinem
862 997 936 1019 tuum

138 1046 156 1065 a
176 1043 219 1070 te,
238 1043 268 1065 et
283 1039 352 1064 unxl
369 1042 395 1064 te
408 1038 435 1064 in
446 1038 515 1064 oleo.
537 1036 580 1064 10.
598 1036 631 1063 Et
644 1037 715 1064 indui
733 1042 757 1064 te
769 1038 937 1065 versicolori-

139 1083 210 1115 bus.
229 1086 259 1109 et
273 1082 395 1109 calceavi
415 1086 440 1108 te
467 1081 621 1116 hyacintho.
638 1085 665 1107 et
681 1082 785 1108 accinxi
800 1086 825 1109 te
844 1082 935 1116 bysso,

139 1127 176 1162 (ἰ)
192 1131 224 1154 et
242 1126 412 1153 circumdedi
429 1134 453 1153 te
469 1126 611 1159 trichapto,
623 1125 665 1152 ll.
679 1130 705 1153 et
714 1126 806 1153 ornavi
820 1131 845 1153 te
858 1134 938 1153 orna-

139 1176 258 1204 mento,
273 1178 302 1199 et
325 1173 406 1206 posui
423 1171 541 1197 armillas
553 1178 634 1204 super
658 1177 754 1198 manus
775 1176 844 1204 tuas,
862 1176 888 1198 et
901 1171 937 1205 (It)

139 1220 280 1252 torquEm
304 1217 332 1243 in
354 1216 456 1243 collum
475 1219 548 1242 tuum
574 1224 580 1242 :
599 1216 642 1242 l2.
658 1219 684 1242 et
697 1215 756 1253 dedi
775 1215 894 1242 inaurem
907 1215 937 1250 (ι)

139 1262 179 1288 ad
202 1268 303 1288 narem
317 1265 405 1291 tuam,
420 1264 446 1286 et
460 1260 561 1286 rntulas
580 1267 661 1294 super
675 1267 753 1286 aures
770 1265 839 1291 tuas,
854 1264 880 1286 et
890 1267 936 1286 co-

139 1314 249 1334 ronam
265 1305 440 1341 gloriationis
450 1312 531 1339 super
544 1309 626 1339 caput
635 1309 710 1331 tuum
726 1313 733 1331 :
749 1304 792 1330 15.
807 1308 833 1331 et
844 1308 937 1331 ornata

138 1359 175 1379 es
201 1359 277 1378 auro
301 1355 330 1378 et
350 1355 473 1383 argento,
499 1354 526 1377 et
552 1349 712 1376 vestimenta
736 1353 780 1375 tua
807 1349 891 1384 byssi,
911 1352 938 1375 et

140 1396 302 1431 trichapta,
320 1399 348 1422 et
364 1395 413 1431 (m)
434 1394 607 1421 versicoloria
623 1403 630 1420 :
646 1393 771 1426 similam,
784 1397 810 1420 et
823 1393 884 1426 mel,
911 1397 938 1420 et

139 1442 244 1469 oleum
263 1440 422 1472 conedisti,
443 1444 470 1467 et
488 1439 558 1467 facta
581 1447 611 1466 es
627 1439 738 1473 pulchra
760 1439 837 1466 valde
849 1438 936 1472 valde,

139 1487 184 1522 (η)
204 1491 235 1514 et
260 1489 338 1513 recta
359 1484 432 1511 ivisti
459 1485 492 1518 κ
517 1484 543 1510 in
562 1491 674 1519 regnum
691 1484 703 1518 ξ
726 1493 733 1510 :
755 1483 798 1510 14.
815 1488 842 1510 et
856 1483 938 1510 exivit

138 1537 254 1558 nomen
282 1534 361 1557 tuum
393 1528 419 1555 in
453 1528 578 1563 gentibus
609 1528 642 1554 de
665 1527 863 1562 pulchritudine
881 1533 972 1565 tua,c

138 1575 212 1610 Quia
240 1574 411 1608 completum
440 1577 498 1600 erat
530 1573 557 1599 in
591 1572 789 1606 pulchritudine
820 1572 935 1604 decoris,

139 1628 230 1655 quam
245 1618 380 1646 constitui
401 1625 482 1651 super
498 1622 532 1649 te,
548 1617 612 1644 dicit
626 1616 728 1642 Adouai
744 1616 879 1643 Dominus.
893 1616 935 1643 l5.

138 1662 177 1690 Et
190 1662 301 1690 conlisa
313 1661 391 1688 fuisti
406 1668 488 1694 super
496 1660 693 1694 pulchritudine
709 1663 762 1690 tua.
779 1664 805 1686 et
821 1664 937 1686 scortata

139 1717 174 1736 es
189 1715 278 1742 super
291 1705 405 1733 nomine
418 1709 475 1737 tuo,
490 1709 516 1731 et
529 1704 646 1731 eﬂ‘udisti
661 1704 849 1730 scortationem
863 1709 935 1731 tuam

139 1760 232 1788 super
241 1759 356 1778 omnem
380 1750 511 1776 viatorem
532 1758 539 1776 :
555 1749 603 1783 ipsi
617 1756 688 1775 eras.
704 1749 745 1775 16.
760 1748 793 1775 Et
807 1748 890 1775 tulisti
904 1748 937 1775 de

139 1798 273 1825 vestibus
296 1796 364 1827 tuis,
389 1799 416 1822 et
442 1794 529 1821 fecisti
556 1794 603 1820 tibi
621 1793 658 1826 (ο)
681 1793 751 1819 idola
775 1797 895 1825 consula,
910 1797 937 1821 et

139 1847 273 1872 scortata
290 1849 322 1870 es
342 1848 427 1875 super
437 1848 480 1873 ea,
505 1841 543 1874 (ρ)
557 1844 584 1867 et
598 1848 652 1867 non
667 1840 837 1874 ingredieris,
851 1848 937 1874 neque

140 1889 203 1917 let.
214 1888 262 1914 17.
272 1887 307 1914 Et
321 1885 448 1913 suuisisti
466 1892 527 1911 vasa
540 1884 709 1919 gloriationis
721 1889 772 1911 tuas
786 1884 817 1911 de
827 1886 936 1919 argento

140 1941 219 1966 meo,
236 1936 266 1959 et
277 1931 313 1959 de
326 1938 396 1958 auro
408 1937 479 1961 meo,
495 1929 528 1956 de
539 1929 582 1961 iis,
598 1937 659 1963 qua:
672 1929 731 1956 dedi
742 1929 798 1962 tibi,
811 1933 837 1956 et
851 1929 937 1958 fecisti

140 1978 195 2006 tibi
211 1976 355 2012 imagines
368 1974 546 2006 masculinas,
564 1977 591 2000 et
605 1978 721 2001 scortata
740 1981 769 2001 es
786 1974 812 2000 in
827 1974 876 2006 eis,
892 1974 935 2002 ts.

138 2026 170 2050 et
184 2020 316 2049 sumsisti
333 2018 527 2045 vestimentum
551 2021 624 2044 tuum
640 2018 756 2049 varium,
768 2023 794 2044 et
809 2018 938 2052 operuisti

137 2075 203 2100 eas,
217 2070 250 2093 et
263 2065 359 2093 oleum
379 2070 484 2095 meum,
497 2067 524 2088 et
543 2066 664 2091 aromata
679 2069 737 2089 mea
749 2063 863 2096 posuisti
876 2068 938 2091 ante

139 2114 247 2140 far-tem
263 2117 361 2137 earum
379 2118 386 2136 :
403 2108 447 2135 19.
470 2112 498 2134 et
518 2114 600 2141 panes
617 2114 701 2139 meos,
718 2115 787 2141 quos
803 2107 863 2135 dedi
877 2108 938 2140 tibi,

139 2158 283 2187 similam,
299 2158 328 2181 et
343 2154 447 2185 oleum,
462 2156 490 2178 et
512 2151 564 2178 mel
579 2152 659 2177 edere
672 2155 697 2177 te
709 2151 770 2184 fuci,
785 2157 811 2179 et
826 2153 936 2186 posuisti

138 2211 173 2230 ea
185 2207 258 2229 ante
271 2199 373 2227 faciem
388 2205 484 2225 earum
499 2197 526 2223 in
538 2197 647 2223 odorem
663 2203 782 2223 suavem.
796 2197 826 2223 Et
837 2197 936 2225 factum

138 2251 185 2275 est
200 2249 272 2281 post
284 2244 355 2276 haec,
369 2241 552 2269 dicitAdonai
562 2240 703 2273 Detninus,
715 2239 759 2266 20.
777 2246 803 2267 et
816 2242 937 2269 sumsisti

139 2291 311 2320 Ilios-tuos,
323 2292 352 2314 et
364 2287 435 2314 ﬁlias
451 2291 522 2318 tuas,
535 2292 604 2320 quas
616 2284 731 2319 genuisti
745 2285 778 2317 >κ
788 2285 852 2311 mihi
867 2285 891 2319 ζ,
910 2291 937 2313 ει

138 2333 317 2364 sacrificatui
339 2339 373 2359 ea
393 2332 435 2358 eis
451 2330 478 2357 iu
494 2329 709 2357 consumtioneut
725 2338 732 2355 :
750 2329 827 2363 quasi
839 2337 934 2364 parum

138 2382 273 2409 scortum
288 2377 340 2407 sis.
362 2375 408 2402 2|.
427 2378 455 2401 et
469 2372 592 2401 mactasti
604 2372 671 2399 ﬁlios
697 2378 768 2404 tuos,
793 2377 819 2399 et
840 2373 936 2401 dedisti

137 2433 200 2458 eos,
218 2430 290 2451 cum
309 2419 445 2449 reduxisti
472 2420 505 2446 ab
516 2419 557 2446 eis
570 2425 626 2445 eos.
646 2417 691 2445 22.
705 2417 762 2444 Hoc
779 2418 837 2452 plus
855 2426 936 2453 quam

137 2470 236 2499 omnis
257 2466 394 2496 scortatio
411 2469 469 2495 tua.
493 2465 525 2496 »ξ
553 2467 581 2489 ct
605 2462 818 2489 abominationes
834 2463 910 2497 tuae:
928 2473 934 2490 :

136 2519 165 2542 at
182 2521 247 2542 non
269 2510 417 2538 recordata
443 2514 474 2534 es
498 2505 550 2534 diei
576 2506 697 2539 pueritiae
713 2509 776 2538 tute,
791 2505 854 2532 dum
876 2512 936 2533 eras

171 2593 225 2632 (Γ),
240 2593 317 2632 δικ.

134 2621 253 2656 ιωῖήίε.
284 2621 327 2658 ⁷(ί)
347 2621 395 2651 3η

126 2664 241 2691 riarnm
256 2658 435 2687 multorum-

122 2703 220 2731 neque
237 2695 339 2731 futura
345 2691 441 2731 figi}:

119 2733 222 2759 satiata
238 2736 282 2756 es.

116 2767 156 2803 (ι)
168 2765 216 2803 s._,_
229 2764 259 2790 in

240 2590 292 2622 S.,
321 2588 394 2622 ΤΙι..
423 2586 454 2612 in
486 2583 688 2622 impudentiam.

477 2652 514 2685 (π)
535 2650 574 2685 8.,
593 2655 620 2678 et
637 2653 783 2680 extrndisti
807 2650 842 2681 le.

734 2584 772 2620 (g)
793 2584 838 2621 8.,
861 2590 892 2621 et
909 2586 1027 2621 ingressa
1056 2584 1348 2621 es__pin_ornamentum
1374 2584 1606 2621 ornamentorum.

424 2623 455 2645 et
479 2613 562 2655 γεέΙέχὶ
587 2622 611 2644 te
639 2613 782 2655 velamine.
819 2613 855 2655 (is)
873 2619 916 2652 S.,
935 2613 1054 2655 Sonare,
1081 2618 1112 2654 (ι)
1136 2617 1178 2655 3.,
1198 2624 1279 2655 super
1299 2621 1496 2655 naremntuam.
1535 2614 1582 2649 (νη)
1603 2613 1761 2655 §.,'texto-

879 2648 1090 2690 (oj,S.,_excelsa'
1102 2648 1288 2690 iuul_ticoloria.
1311 2650 1364 2690 __(p_)
1393 2649 1512 2690 ἄμειψε
1528 2648 1588 2690 pou
1602 2648 1628 2676 fa

1009 2648 1090 2680 :celsa'
1102 2648 1288 2690 iuul_ticoloria.
1311 2650 1364 2690 __(p_)
1393 2649 1512 2690 ἄμειψε
1528 2648 1588 2690 pou
1602 2648 1672 2689 facta
1685 2654 1759 2681 sunt,

482 2684 517 2718 (ᾳ)
533 2684 793 2723 Omnes-iniustitia
806 2684 889 2715 tuas.‘
908 2684 948 2723 '(r)

327 2714 366 2757 ξι)
379 2714 565 2757 Testamenta.
599 2719 643 2752 (ιι)
663 2714 708 2752 3.,
724 2719 750 2746 iu
767 2728 820 2757 quo
846 2714 1041 2757 munda’rborcor
1064 2726 1151 2757 tuum.
1167 2754 1173 2757 Α
1189 2720 1227 2757 (ςι)
1252 2719 1357 2757 Filiam.
1380 2714 1654 2757 (y)'_'S.,_ituperiosaz
1675 2718 1729 2757 don

274 2751 424 2791 inquimus
439 2751 501 2791 fidei
517 2751 684 2791 congregaps
700 2751 843 2782 mercedes.
881 2757 919 2791 (α)
937 2756 980 2789 8.,
1000 2764 1017 2783 0
1031 2751 1261 2791 mulieradu‘ltera
1276 2751 1410 2791 accipiens
1427 2753 1553 2791 desubter
1564 2752 1622 2791 viro
1636 2758 1686 2779 suo
1696 2751 1760 2791 alie

991 281 1069 315 guine
1084 286 1129 308 tuo
1143 281 1242 309 vixisti.
1256 281 1301 308 25.
1314 281 1345 308 Et
1357 281 1454 308 factum
1473 288 1522 316 est,
1547 287 1603 318 post
1620 283 1656 317 (ᾳ)
1667 290 1762 312 omnes

990 325 1106 353 malitias
1123 330 1191 358 tuas,
1208 327 1242 359 χ
1256 333 1305 356 vae.
1320 333 1359 352 vae
1382 325 1430 352 tibi
1452 326 1475 360 ζ,
1491 326 1555 353 dicit
1578 326 1682 354 Adonai
1707 327 1761 356 Do-

991 370 1090 401 minus,
1107 370 1151 396 24.
1168 374 1194 396 et
1204 370 1341 397 aediﬁcasli
1354 370 1400 397 tibi
1415 370 1523 397 domum
1536 371 1719 404 scortationis,
1733 376 1762 399 et

991 413 1077 440 fecisti
1095 414 1142 441 tibi
1168 414 1349 442 habitaculum
1365 414 1391 441 in
1413 415 1486 441 omni
1503 415 1600 449 platea,
1616 416 1661 443 25.
1675 421 1702 444 et
1714 424 1762 446 su-

990 466 1036 492 per
1048 459 1179 493 principin
1193 459 1280 485 omnis
1291 459 1339 485 via:
1353 459 1489 486 adilicasti
1504 460 1615 494 lupanar
1631 464 1718 493 tuum,
1733 466 1761 488 et

989 503 1133 538 corrupisti
1160 503 1388 537 pulchritudinem
1414 509 1485 531 tuam
1512 513 1519 531 :
1553 509 1580 532 et
1608 505 1759 533 divaricasti

989 555 1066 574 crura
1085 550 1129 573 tua
1137 548 1210 574 onmi
1221 547 1326 578 viatori,
1340 552 1365 574 et
1378 547 1560 581 multiplicasti
1570 549 1759 577 scortationem

988 592 1072 621 tuam,
1089 589 1133 616 26.
1149 593 1176 616 et
1189 594 1305 616 scortata
1320 597 1349 616 es
1376 597 1455 624 super
1476 590 1544 617 ﬁlios
1556 590 1676 626 Egypti,
1693 592 1761 619 vici-

988 641 1037 660 nus
1049 637 1119 665 tuos,
1138 641 1238 669 magna!
1249 635 1349 666 carnis,
1363 639 1389 661 et
1405 635 1518 661 multum
1542 641 1658 663 scortata
1678 644 1708 664 es
1726 637 1759 663 ad

988 677 1147 704 irritandum
1175 686 1228 705 me.
1256 678 1299 705 27.
1317 678 1344 705 Si
1368 684 1456 706 autem
1482 680 1627 708 extendero
1646 689 1757 708 manum

989 731 1073 749 meam
1085 731 1165 757 super
1177 728 1211 754 te.
1225 728 1252 751 et
1268 724 1358 751 tollam
1370 725 1487 759 legitima
1505 729 1559 758 tua,
1572 730 1598 752 et
1614 725 1718 752 tradam
1732 729 1759 752 te

988 767 1013 793 in
1028 766 1131 793 animas
1144 767 1288 794 odientiqu
1314 772 1347 798 te,
1369 767 1436 795 ﬁlias
1460 769 1682 802 alienigenarum,
1699 776 1761 802 qua

988 811 1119 837 declinare
1135 816 1159 838 te
1174 811 1274 838 faciunt
1292 811 1326 846 (r)
1343 819 1358 838 a
1380 813 1422 838 via
1445 817 1500 844 tua,
1516 812 1597 847 impie
1609 812 1696 848 egisti.
1712 813 1759 840 28.

988 853 1021 880 Et
1030 859 1145 881 scortata
1165 863 1194 882 es
1208 863 1288 889 super
1303 855 1337 890 (ε)
1357 855 1425 884 ﬁlios
1442 857 1535 888 Assur,
1550 861 1577 883 et
1591 864 1644 883 non
1665 857 1704 885 sic
1719 866 1761 886 sa-

955 890 972 916 Β
988 899 1050 925 tiata
1064 907 1103 931 es,
1113 904 1140 926 et
1159 905 1274 926 scortata
1292 908 1330 933 es,
1343 905 1368 927 et
1383 908 1435 927 non
1450 901 1544 928 satiata
1563 901 1646 933 fuisti,
1661 902 1705 929 29.
1731 898 1759 929 et

988 942 1166 976 multiplicasti
1180 944 1210 977 (ι)
1221 944 1397 970 scortatioues
1412 949 1471 971 tuas
1487 946 1519 978 x
1530 945 1562 971 ad
1576 949 1674 972 terram
1688 945 1758 973 Cha-

987 995 1068 1018 naan.
1082 991 1108 1013 et
1122 987 1133 1021 ζ
1147 987 1346 1020 Chaldaeorum,
1369 996 1418 1015 ttec
1440 989 1465 1015 in
1481 989 1523 1015 his
1536 990 1638 1023 expleta
1655 997 1693 1016 es.
1714 990 1757 1017 50.

987 1030 1026 1066 (ιι)
1043 1030 1111 1062 Quid
1130 1038 1226 1064 ponam
1243 1030 1279 1065 (π)
1302 1038 1349 1058 cor
1364 1035 1450 1063 tuum,
1472 1032 1537 1058 dicit
1550 1033 1652 1059 Adonui
1669 1033 1760 1060 Domi-

987 1075 1124 1102 Iuts'lcum
1144 1075 1228 1102 facias
1241 1076 1297 1102 haec
1313 1076 1402 1102 omnia
1411 1083 1490 1110 opera
1506 1077 1626 1104 mulieris
1643 1077 1760 1105 fornica-

986 1120 1042 1151 riaz,
1056 1121 1090 1154 χ(
1103 1120 1139 1155 (y)
1151 1121 1313 1147 conﬁdenter
1326 1122 1429 1155 agentis
1450 1121 1474 1154 ζ,
1491 1126 1606 1149 sc0rtata
1622 1130 1651 1149 es
1670 1123 1757 1158 tripli-

987 1165 1052 1192 citer
1069 1173 1149 1199 super
1172 1165 1278 1192 ﬁliabus
1301 1165 1380 1198 tuis:
1401 1167 1465 1192 :5l.
1491 1167 1599 1200 quando
1620 1167 1757 1194 aediﬁcain

987 1209 1098 1243 lupanar
1112 1214 1186 1235 tuum
1201 1217 1279 1243 super
1294 1210 1425 1244 principio
1435 1211 1523 1236 omnis
1538 1212 1597 1242 viae,
1613 1216 1640 1237 et
1651 1211 1759 1238 habita-

987 1246 1163 1281 culum‘tuum
1182 1253 1266 1281 fer-isti
1288 1254 1315 1281 in
1327 1255 1399 1281 omni
1414 1254 1509 1288 platea.
1526 1258 1616 1282 etnon
1640 1254 1711 1282 facta
1728 1263 1758 1283 es

987 1299 1057 1326 sicut
1076 1299 1200 1326 meretrix
1228 1300 1263 1334 (ι)
1286 1307 1453 1334 congregans
1476 1300 1623 1331 mercedes,
1647 1300 1691 1327 52.
1720 1300 1758 1336 (ιι)

987 1344 1083 1371 mulier
1096 1344 1249 1371 axlulterans
1278 1345 1406 1371 desubter
1428 1345 1487 1371 viro
1509 1352 1559 1371 suo
1581 1352 1641 1372 cutn
1663 1345 1759 1372 alienis

987 1388 1083 1416 similis
1103 1389 1160 1420 tibi,
1176 1396 1235 1423 qua:
1250 1396 1263 1414 a
1281 1389 1338 1416 viro
1363 1397 1412 1416 suo
1427 1389 1525 1423 accipit
1547 1389 1694 1422 mercedes,
1712 1389 1756 1417 35.

986 1437 1013 1460 et
1027 1433 1152 1460 omnibus
1167 1434 1349 1461 scortantibus
1362 1441 1422 1460 cutn
1434 1441 1465 1460 ea
1481 1433 1582 1461 addens
1592 1434 1638 1461 dat
1655 1441 1758 1461 merce-

987 1477 1035 1505 des
1045 1486 1051 1504 :
1061 1482 1087 1504 et
1101 1482 1127 1504 tu
1139 1477 1233 1505 dedisti
1245 1479 1278 1511 Χ
1292 1478 1426 1505 mercedes
1436 1478 1561 1505 omnibus
1573 1478 1584 1511 ζ
1594 1479 1760 1506 amatoribus

988 1523 1052 1553 tuis,
1067 1527 1094 1549 et
1106 1524 1238 1550 onerabas
1254 1531 1310 1554 eos,
1327 1527 1356 1549 ut
1372 1523 1493 1550 venirent
1512 1523 1543 1550 ad
1565 1527 1590 1550 te
1609 1530 1624 1549 e
1644 1523 1759 1550 circuitu

989 1572 1034 1594 tuo
1048 1567 1074 1593 in
1091 1568 1254 1594 scortatione
1267 1572 1322 1594 tua.
1333 1567 1376 1595 54,
1393 1567 1429 1603 (b)
1447 1568 1479 1594 Et
1490 1567 1559 1595 facta
1570 1567 1643 1595 estin
1661 1572 1686 1594 te
1700 1576 1761 1602 pcr-

986 1611 1099 1638 versitas
1116 1611 1176 1645 plus
1203 1619 1283 1645 quam
1308 1612 1334 1638 itt
1351 1612 1520 1644 mulieribus,
1545 1612 1571 1639 in
1596 1612 1760 1639 scortatioue

986 1660 1042 1687 tua,
1059 1660 1085 1682 et
1100 1660 1162 1690 post
1179 1660 1203 1682 te
1226 1664 1279 1682 non
1293 1661 1416 1683 scortatae
1432 1661 1505 1689 sunt,
1523 1656 1548 1683 in
1565 1665 1607 1689 eo,
1623 1658 1693 1692 quod
1712 1657 1761 1683 ad-

985 1700 1062 1726 deres
1085 1700 1151 1726 dans
1175 1701 1321 1732 mercedes,
1348 1705 1374 1727 et
1399 1701 1446 1727 tibi
1464 1700 1603 1728 mercedes
1620 1708 1672 1727 non
1691 1701 1761 1728 datae

986 1749 1057 1776 sunt,
1072 1749 1099 1771 et
1110 1744 1178 1771 facta
1200 1748 1264 1771 sunt
1276 1745 1301 1771 in
1326 1748 1350 1771 te
1364 1753 1499 1779 perversa.
1513 1744 1558 1772 '55.
1576 1745 1686 1779 Propter
1697 1745 1760 1777 hoc,

987 1789 1124 1821 meretrix,
1140 1789 1202 1815 audi
1218 1789 1328 1815 verbum
1344 1789 1459 1816 Domini.
1474 1789 1518 1816 36.
1535 1788 1596 1816 Haec
1609 1788 1675 1815 dicit
1688 1789 1760 1815 Ado-

987 1834 1029 1860 nai
1047 1833 1176 1860 Dominus
1192 1832 1261 1860 :Pro
1272 1842 1304 1860 eo
1316 1834 1386 1868 quod
1401 1833 1516 1860 eﬂ‘udisti
1532 1842 1568 1860 aes
1583 1833 1760 1865 tuum,etiam

988 1879 1148 1906 revelabitur
1166 1879 1303 1913 turpitudo
1327 1878 1499 1905 scortatinnis
1517 1883 1568 1904 tua:
1578 1878 1610 1903 ad
1626 1882 1760 1903 amatores

988 1929 1057 1957 tuos,
1074 1929 1100 1951 et
1118 1924 1144 1951 in
1160 1932 1254 1951 omnes
1265 1924 1437 1957 cogitationes
1452 1923 1622 1956 iniquitatum
1642 1927 1759 1954 tuarum,

988 1975 1014 1996 ct
1026 1970 1051 1996 in
1063 1969 1238 2004 sanguinibus
1252 1969 1368 1995 ﬁliorum
1384 1972 1500 1999 tuorum,
1520 1976 1586 2002 quos
1599 1967 1693 1994 dedisti
1708 1968 1758 1993 eis.

987 2015 1030 2042 37.
1052 2015 1164 2050 Propter
1179 2015 1229 2042 hoc
1253 2021 1284 2042 νι-
1312 2022 1374 2041 ecce
1392 2021 1440 2048 ego
1456 2021 1535 2047 super
1549 2018 1574 2040 te
1599 2013 1611 2047 ζ
1628 2020 1761 2047 congrege

987 2067 1080 2087 omnes
1098 2064 1231 2086 amatores
1245 2063 1315 2091 tuos,
1331 2059 1357 2085 in
1371 2058 1468 2093 quibus
1486 2062 1510 2085 te
1521 2057 1715 2084 commiscuisti
1732 2057 1760 2083 in

987 2104 1038 2136 eis,
1057 2109 1082 2131 et
1104 2112 1207 2137 omttes,
1236 2111 1305 2138 quos
1319 2103 1427 2136 amasti,
1447 2111 1508 2129 cum
1532 2101 1668 2135 omnibus,
1691 2108 1762 2137 quos

987 2150 1082 2177 oderas
1101 2159 1108 2176 :
1134 2154 1160 2177 et
1186 2149 1353 2184 congregabo
1380 2156 1427 2175 eos
1451 2155 1531 2182 super
1547 2151 1571 2174 te
1586 2147 1711 2182 undique,
1734 2151 1762 2174 et

954 2190 975 2216 ι)
990 2194 1112 2221 revelabo
1131 2194 1246 2221 malitias
1269 2198 1328 2220 tuas
1343 2194 1375 2220 ad
1397 2200 1454 2225 eos,
1465 2197 1492 2220 et
1514 2192 1642 2219 videbunt
1653 2199 1761 2220 omnem

989 2239 1181 2273 turpitudinem
1193 2244 1276 2265 tuam.
1292 2238 1335 2265 58.
1351 2238 1383 2265 Ει
1403 2238 1516 2264 ulciscar
1531 2240 1557 2263 te
1567 2236 1670 2263 ultione
1684 2235 1761 2263 adul-

988 2287 1116 2312 terarum,
1128 2285 1155 2308 et
1168 2281 1361 2308 eifundentium
1386 2281 1553 2315 sanguinem.
1573 2285 1599 2307 et
1614 2287 1708 2314 ponam
1736 2284 1762 2306 te

987 2328 1013 2354 in
1025 2326 1182 2360 sanguinem
1200 2326 1310 2358 furoris,
1328 2330 1355 2352 et
1380 2326 1440 2352 zeli.
1457 2325 1500 2352 39.
1516 2324 1549 2351 Et
1564 2325 1665 2351 tradam
1690 2329 1714 2350 te
1732 2324 1761 2350 in

987 2377 1085 2398 manus
1095 2378 1199 2402 eorum,
1215 2374 1241 2397 et
1255 2370 1409 2397 subvertent
1430 2369 1542 2405 lupanar
1556 2374 1643 2401 tuum,
1665 2371 1691 2394 et
1713 2375 1761 2393 cx-

987 2415 1139 2450 stirpabunt
1154 2415 1188 2450 (c)
1205 2415 1384 2442 habitaculum
1398 2419 1486 2446 tuum,
1496 2419 1522 2441 et
1534 2417 1632 2440 exuent
1644 2418 1668 2439 te
1680 2411 1761 2438 vcsti-

988 2460 1086 2487 mentis
1101 2459 1165 2492 tuis,
1177 2464 1204 2486 et
1226 2459 1318 2485 tollent
1333 2466 1396 2486 vasa
1413 2458 1578 2493 gloriationis
1603 2462 1664 2490 tum,
1678 2461 1705 2484 et
1718 2457 1759 2484 di-

989 2505 1098 2531 mittent
1113 2508 1138 2530 te
1162 2504 1272 2534 nudam,
1287 2507 1313 2529 et
1339 2503 1546 2537 discoopertam.
1564 2501 1608 2528 40.
1627 2502 1657 2528 Et
1675 2502 1761 2528 addu-

1655 2580 1692 2616 (Ιι)
1717 2579 1760 2612 5-.

961 2683 1004 2720 λς..
1016 2691 1091 2714 extra
1108 2694 1123 2713 a
1137 2687 1187 2714 viis
1197 2683 1388 2720 tuissordidis.
1419 2683 1512 2720 (31’s.,
1527 2683 1604 2720 ﬁlias,
1627 2684 1690 2720 quia
1706 2690 1759 2720 non

1380 2717 1430 2752 (ων
1442 2718 1483 2751 S.,
1505 2717 1654 2752 imperiosas
1675 2717 1759 2744 domi.

112 2785 189 2829 1‘13;
192 2785 347 2829 Mihine;
365 2785 752 2829 geoﬁﬁijﬂﬁfﬂwjeéﬂantur:
778 2792 805 2816 tu
821 2785 916 2817 autem
931 2785 992 2818 cum
1016 2791 1066 2817 hoc
1091 2788 1196 2816 dedisti.
1235 2787 1272 2821 (ὁ)
1296 2785 1338 2818 8.,
1354 2791 1379 2813 et
1396 2785 1500 2815 factum
1516 2786 1598 2813 estin
1614 2785 1721 2820 tequod
1734 2785 1760 2811 in

108 2816 344 2873 δ’ἔιῖὸςῗίὲ.”””(ὶ)
363 2820 413 2851 5.,
429 2816 587 2845 altitudinem
603 2823 704 2847 tuam.
