1901 3174
112 161 186 191 DNS

114 220 280 257 “domum
304 217 419 247 lsraelis
444 221 597 250 irritantcm
624 233 632 251 :

115 266 177 293 sint
197 266 340 299 namque:
365 264 449 293 dixi?
471 267 514 294 dic
542 268 584 294 eis
597 278 604 295 :
619 269 656 303 (π.)
671 269 739 297 Ecce
763 271 852 297 Veniet
869 278 915 297 rex

118 310 275 346 Babylonis
285 318 367 345 super
380 310 552 344 Jerusalem,
564 317 592 339 et
603 314 693 347 capiet
705 322 777 346 eam,
789 319 815 341 et
827 322 915 348 regem

117 355 196 389 ejus,
220 359 249 383 et
266 355 404 390 principes
417 356 489 390 ejus,
503 361 530 384 et
544 357 624 384 ducet
632 365 679 385 eos
693 358 725 384 ad
741 358 914 391 semetipsum

108 399 149 437 lin
168 399 358 437 Babylonem.
378 400 424 427 15.
439 400 473 428 Et
488 407 577 428 sumet
606 402 639 429 de
662 402 764 428 semine
787 402 872 435 regni.
890 406 916 428 et

121 447 259 481 disponet
275 445 309 473 ad
329 454 392 473 eum
405 450 613 480 testamentum,
631 452 657 474 et
683 447 834 474 introducet
853 454 915 474 eum

124 492 149 518 iu
159 491 374 524 maledictione,
387 495 415 517 et
429 491 564 525 principes
577 496 655 518 terrae
667 491 762 525 capiet,
778 491 820 517 M.
840 491 877 526 (ᾳ)
887 495 916 518 ut

122 536 156 562 sit
174 535 206 562 in
227 542 350 570 regnum
368 534 520 567 infirmum,
537 535 609 569 quod
632 536 742 562 omnino
755 543 809 562 non
828 535 915 562 eleva-

121 580 210 612 bitur,
224 579 262 606 ad
280 580 494 607 custodiendum
512 585 702 607 testamentum
718 580 787 614 ejus,
810 585 836 607 et
860 584 916 607 sta-

121 629 179 653 tuet
194 624 283 652 illud.
306 624 351 652 15.
368 624 401 651 Ει
420 624 527 651 recedet
542 624 576 651 ab
589 632 632 657 eo,
651 625 781 651 mittendo
805 625 915 651 nuntios

119 669 146 696 in
161 668 341 704 Egyptum,
372 668 406 695 ad
431 669 548 696 dandum
577 669 601 695 ei
617 676 713 702 equos,
740 674 767 695 ct
789 668 914 703 populum

119 712 261 750 multum.
284 711 314 738 Si
331 712 476 747 dirigetur.
488 712 511 739 si
527 712 688 743 servabitur,
705 713 751 746 qui
774 712 837 739 facit
852 720 916 738 con-

120 758 236 785 traria?
250 757 291 792 (b)
310 762 338 784 et
352 758 399 791 qui
430 758 628 792 transgreditur
655 762 844 785 testamentum
862 776 869 787 .
892 756 915 783 si

118 802 307 830 salvabitur?
325 802 368 829 l6.
386 801 500 836 Propter
517 801 567 828 hoc
582 801 642 827 vivo
655 809 715 836 ego,
733 801 797 827 dicit
811 799 914 827 Adonai

117 847 277 879 Dominus,
295 847 349 874 nisi
363 847 391 874 in
411 847 469 873 loco
487 847 567 881 regis,
585 847 631 880 qui
647 853 757 879 regnare
770 845 830 872 fecit
840 853 912 876 eunt,

744 157 941 196 HEZIECIELIS
950 167 1064 196 CAPUT
1082 168 1174 197 xvut.

1668 158 1738 204 am

658 224 716 252 Non
742 226 828 255 scitis,
853 225 917 259 quid
932 230 954 256 Α
969 226 995 252 5.
1007 225 1074 252 Vivo
1085 234 1145 261 ego,
1165 227 1230 254 dicit
1245 227 1348 255 Adonai
1365 228 1494 256 Dominus
1517 238 1524 256 :
1539 230 1561 256 si
1582 230 1662 258 fuerit
1679 240 1737 259 am-

966 269 1036 302 plius
1048 270 1160 297 dicenda
1171 271 1299 305 parabola
1313 272 1369 299 haec
1384 273 1410 298 in
1424 272 1537 306 lsraele;
1549 273 1577 300 4,
1602 275 1665 308 quia
1678 283 1737 302 om-

965 322 1013 342 nes
1029 315 1125 342 anima:
1138 324 1202 343 meae
1217 322 1288 349 sunt,
1301 318 1526 351 quemadmodum
1544 319 1632 346 anima
1641 322 1735 354 patris,
1752 320 1761 325 ”

965 360 1001 386 ita
1013 364 1038 386 et
1055 361 1143 387 anima
1158 361 1216 393 filii,
1234 369 1299 389 mea:
1313 367 1375 389 sunt
1389 372 1395 388 τ
1412 363 1500 390 anitna
1526 372 1586 398 quae
1607 373 1736 399 peccave-

965 405 1054 440 rit.(i)
1072 406 1129 440 ipsa
1153 406 1293 433 morietur.
1315 408 1341 434 5.
1365 407 1450 434 Homo
1470 413 1569 440 autem,
1588 410 1633 443 qui
1656 410 1736 437 fuerit

963 449 1063 483 justus.
1091 449 1209 484 quifacit
1231 451 1363 485 judicium
1388 457 1414 479 et
1427 452 1573 486 justitiam,
1600 454 1626 480 6.
1655 462 1736 488 super

947 490 952 494 ’
965 493 1102 520 montibus
1116 502 1168 520 non
1185 495 1341 528 comederit,
1357 500 1383 522 et
1395 496 1487 523 oculos
1501 505 1565 524 suos
1578 505 1630 524 non
1645 504 1736 525 sustu-

965 536 1025 563 lerit
1039 537 1071 563 ad
1089 537 1123 572 (k)
1141 538 1316 571 cogitationes
1329 539 1425 566 domus
1440 540 1557 572 lsraelis,
1581 547 1607 568 et
1623 549 1734 570 uxorem

965 582 1081 615 proximi
1094 582 1135 608 sui
1150 590 1203 609 non
1217 583 1352 617 polluerit,
1366 589 1392 610 et
1405 585 1437 611 ad
1453 585 1602 615 mulierem.
1619 595 1679 621 quae
1694 591 1735 613 est

965 626 990 651 in
1007 630 1158 657 menstruo,
1178 634 1230 653 non
1246 628 1399 659 accesserit,
1424 628 1447 654 7.
1477 633 1503 655 et
1527 629 1659 656 hominem
1681 638 1733 656 non
1750 630 1753 633 ’

964 670 1109 703 subegerit,
1132 670 1226 705 pignus
1239 671 1368 698 debitoris
1388 672 1541 704 reddiderit,
1559 677 1586 700 et
1612 673 1733 707 rapinam

965 721 1017 740 non
1034 715 1162 748 rapuerit,
1181 722 1276 749 panem
1293 723 1370 742 suum
1385 716 1632 748 esurientidedcrit,
1646 722 1673 743 et
1684 725 1734 743 nu-

964 759 1026 785 dum
1043 759 1176 793 operuerit
1191 764 1276 791 veste,
1307 760 1331 786 8.
1349 765 1376 787 et
1398 765 1537 796 argentum
1556 769 1634 788 suum
1654 770 1735 796 super

965 810 1045 829 usura
1061 810 1113 840 non
1128 803 1239 835 dederit,
1254 808 1280 830 ct
1292 804 1456 837 superfluum
1476 812 1529 831 non
1546 805 1682 837 sumserit,
1700 806 1734 833 ab

965 846 1096 880 iniustitia
1111 848 1237 874 averterit
1250 856 1358 875 manum
1371 856 1459 882 suam,
1472 849 1604 883 judicium
1631 850 1734 884 justum

116 893 163 926 qui
180 892 298 927 sprevit
317 890 536 918 maledictionem
552 898 651 921 meam,
662 894 688 916 ct
702 890 748 923 qui
766 894 914 923 transgres—
930 888 949 914 Β
965 890 1058 917 fecerit
1088 892 1158 918 inter
1169 892 1255 919 virum
1269 897 1295 919 et
1323 901 1352 920 -ι-
1375 894 1443 920 inter
1460 895 1471 928 ζ
1496 895 1647 929 proximum
1664 895 1734 930 ejus,

115 946 164 966 sus
180 941 229 965 est
249 941 448 964 testamentum
467 942 567 967 meum,
583 943 645 961 cum
667 942 699 960 eo
714 936 740 960 iu
764 934 851 960 medio
863 933 912 960 Ba-

115 983 237 1018 bylonis
253 981 402 1009 morietur.
423 980 465 1008 17.
483 980 516 1007 Et
539 988 593 1006 non
618 980 645 1006 in
673 980 771 1005 virtute
804 985 911 1013 magna,

115 1034 213 1061 neque
232 1027 263 1053 iu
285 1026 366 1053 turba
381 1025 465 1052 multa
492 1024 572 1052 faciet
587 1024 715 1051 adversus
736 1031 797 1050 eum
808 1023 913 1050 Pharao

114 1072 240 1104 bellum,
257 1072 287 1098 in
298 1071 376 1106 jactu
389 1070 480 1102 fossae,
493 1073 519 1096 ct
540 1070 566 1096 in
583 1074 717 1096 structura
731 1069 874 1095 stationum
887 1073 914 1095 et

113 1117 306 1148 hausurum,
323 1121 353 1143 ut
370 1115 480 1150 dejiciat
493 1115 596 1142 animas
616 1115 723 1141 multas.
740 1113 783 1140 18.
800 1113 913 1147 Etspre-

113 1163 154 1190 vit
163 1162 381 1197 juramentum,
400 1165 430 1187 ut
445 1160 676 1194 transgrederetur
704 1162 911 1185 testamentum:

112 1212 141 1235 et
169 1213 246 1234 ecce
260 1205 299 1240 (ε)
310 1205 501 1232 deditmanum
512 1208 635 1235 suam,et
645 1204 736 1231 omnia
752 1204 808 1230 haec
816 1203 912 1231 fecit-t-

113 1252 166 1287 ei:
185 1261 195 1280 :
214 1259 291 1278 num
307 1249 479 1278 salvabitur?
498 1249 538 1276 l9.
563 1248 676 1284 Propter
691 1249 743 1275 hoc
762 1249 805 1275 dic
824 1258 830 1275 :
851 1248 913 1276 11ωο

113 1296 186 1325 dicit
200 1295 323 1325 Adonei.
334 1293 466 1321 Dominus
479 1303 485 1320 :
501 1294 569 1321 Vivo
584 1301 650 1328 ego,
670 1293 912 1327 nisijuramentum

113 1348 231 1374 meum,
250 1339 328 1374 quod
341 1338 455 1373 sprevit,
466 1342 493 1365 et
513 1342 704 1366 testamentum
726 1345 825 1369 meum,
841 1337 912 1372 quod

113 1391 308 1421 trangressus
322 1387 376 1416 est,
385 1387 413 1410 et
425 1382 495 1410 dabo
507 1382 572 1409 illud
596 1382 622 1409 in
641 1386 721 1416 caput
734 1381 791 1415 ejus
805 1391 812 1408 :
828 1381 871 1408 20.
887 1386 914 1409 et

113 1431 277 1461 extendam
293 1436 379 1464 super
394 1436 456 1455 eum
473 1432 529 1455 rete
537 1428 798 1462 meum,etcapietur
812 1428 838 1454 in
849 1435 912 1462 gyro

112 1477 176 1514 ejus
187 1486 196 1504 :
218 1484 256 1505 -ι-
272 1466 417 1503 δι’ᾱυοίιιιι
430 1481 492 1501 eum
506 1473 532 1500 in
543 1473 716 1508 Babylonem,
728 1473 912 1507 etdijudicabo

113 1531 186 1556 cum
203 1530 244 1558 eo
259 1522 299 1549 ibi
309 1521 473 1556 injustitiam
487 1520 555 1554 ejus,
583 1526 664 1554 quam
695 1519 794 1552 injuste
813 1518 866 1552 egit
886 1519 912 1544 iu

113 1577 163 1603 ne
174 1578 185 1596 ι
201 1568 256 1603 fit.
274 1567 317 1601 (ἀ)
329 1571 358 1594 et
374 1573 470 1593 omnes
494 1565 602 1600 profugi
629 1564 713 1598 ejus:
732 1564 760 1590 in
785 1563 857 1590 omni
873 1563 913 1589 in-

114 1602 285 1645 structioue
300 1611 362 1639 belli
377 1611 436 1645 ejus
452 1611 478 1637 in
491 1609 580 1645 gladio
588 1608 698 1635 cadent:
713 1608 779 1643 (e)et
792 1608 914 1635 residuos

113 1648 222 1687 eorum
238 1657 270 1684 in
285 1662 396 1684 omnem
411 1658 522 1681 ventum
548 1652 740 1683 disseminabo,
763 1657 790 1678 et
814 1659 914 1686 cogno-

113 1703 221 1735 scetis,
241 1701 312 1736 quia
328 1707 380 1735 ego
396 1699 527 1725 Dominus
540 1698 646 1724 locutus
661 1704 732 1724 sum.
749 1696 794 1722 22.
804 1695 915 1730 Propter

114 1749 259 1778 hachac
273 1746 344 1774 dicit
356 1744 462 1772 Adonai
477 1743 607 1770 Dominus
621 1750 628 1768 :
648 1743 680 1768 Et
694 1748 798 1768 sumam
814 1748 863 1775 ego
881 1741 915 1767 de

113 1785 318 1823 electis‘eedri
337 1791 372 1818 de
385 1789 498 1820 vertice,
510 1789 544 1822 λ(
556 1793 583 1814 et
598 1787 668 1814 dabo
682 1787 715 1814 de
725 1786 811 1820 capite
823 1792 915 1818 propa-

235 1837 302 1872 ejus
319 1836 351 1871 ζ,
367 1834 450 1862 corda
470 1840 563 1861 eorum
579 1832 731 1863 infirniabo,
749 1835 776 1857 et
792 1829 914 1864 plantabo

115 1874 189 1921 ego,
213 1888 305 1916 super
334 1883 456 1907 montem
486 1878 634 1909 excelsum,
654 1876 700 1921 25.
711 1880 737 1921 et
753 1874 914 1921 suspendam

114 1919 187 1955 eum
203 1925 237 1954 in
255 1927 354 1951 monte
367 1922 480 1950 sublimi
507 1921 623 1948 lsraelis.
647 1920 680 1946 Et
697 1919 831 1953 plantabo,
845 1919 876 1953 (Π
888 1923 915 1946 et

113 1962 383 2008 proferetgermen,
394 1970 422 1994 et
433 1966 516 1993 faciet
527 1964 655 1996 fructum,
668 1969 694 1990 et
703 1964 753 1990 erit
766 1964 793 1990 in
805 1964 913 1990 cedrum

114 2021 259 2053 magnam
275 2023 285 2042 :
303 2018 332 2040 et
345 2012 502 2046 requiescet
515 2011 566 2039 sub
588 2018 621 2037 ea
639 2010 675 2044 (g)
696 2009 785 2036 omnis
798 2009 865 2040 avis,
888 2013 915 2035 et

113 2068 206 2090 omne
217 2058 336 2088 volatile
349 2057 402 2085 sub
429 2056 526 2084 umbra
542 2055 600 2089 ejus
623 2062 653 2082 -ι-
674 2054 823 2089 requiescet
841 2054 872 2088 ζ.
889 2058 915 2080 et

113 2106 257 2143 palmites
268 2103 336 2138 ejus
347 2103 540 2134 restituentur,
553 2101 597 2127 24.
608 2104 635 2127 et
645 2099 731 2127 scient
740 2099 828 2126 omnia
843 2099 914 2133 ligna

113 2150 236 2187 angi;
255 2148 326 2186 quia
337 2154 389 2183 ego
400 2146 546 2178 Dominus,
561 2145 606 2179 qui
623 2144 735 2171 humilio
757 2143 856 2178 lignum
869 2151 916 2170 ex-

112 2197 249 2227 celsum,
264 2198 295 2221 et
309 2192 401 2220 exalto
413 2192 517 2226 lignum
530 2189 642 2221 humile,
652 2193 678 2216 et
692 2188 913 2222 arefaciolignum
930 2201 956 2230 ι)

112 2241 272 2278 viride,“
290 2238 383 2266 denuo
399 2237 536 2263 virescere
559 2234 657 2260 faciam
678 2233 779 2267 lignum
799 2232 915 2259 aridum.

112 2274 342 2323 pontium
356 2281 468 2310 locutus
479 2286 553 2310 sum,
566 2282 593 2304 et
604 2285 711 2312 quoque
722 2277 828 2323 faciam.

282 2323 352 2366 Ylll.
361 2340 397 2361 -τ
405 2327 431 2365 l.
444 2324 478 2352 Et
485 2323 586 2351 factum
595 2327 636 2350 est
649 2323 758 2350 verbum
766 2321 869 2348 Domini
882 2321 915 2348 ad

113 2384 162 2406 tua
179 2366 323 2411 dicenti;
338 2372 367 2399 2.
382 2370 434 2405 Fili
455 2368 588 2405 hominis,
612 2368 675 2403 quid
687 2367 763 2394 vobis
789 2366 915 2401 parabole

111 2410 364 2459 ιιρεμχίιωῆίε
379 2415 502 2459 lsraelis,
517 2413 636 2459 dicentes
653 2421 665 2438 ιη
685 2412 777 2439 Patres
793 2412 915 2459 comede-

439 2462 468 2497 et
482 2458 576 2494 dentes
589 2457 703 2484 ﬁliorum
723 2460 883 2491 stupuerunt
894 2457 913 2482 '.

967 937 992 963 9.
1003 940 1029 962 et
1039 936 1065 962 iu
1077 937 1215 970 praeceptis
1230 937 1296 964 meis
1305 938 1490 970 ambulaverit,
1499 942 1525 965 et
1530 938 1735 973 justillcationes

966 987 1039 1006 meas
1062 980 1256 1013 custodiverit,
1286 985 1315 1007 ut
1338 980 1418 1008 faciat
1433 989 1496 1014 eas;
1519 982 1610 1016 justus
1624 983 1668 1010 hic
1682 988 1734 1017 est.

966 1024 1020 1051 vita
1034 1025 1114 1057 vivet,
1129 1024 1194 1052 dicit
1207 1025 1308 1052 Adonai
1321 1025 1460 1053 Dominus.
1480 1027 1521 1053 l0.
1535 1026 1567 1054 Et
1581 1027 1602 1054 si
1614 1027 1736 1062 genuerit

966 1070 1050 1097 filium
1065 1070 1095 1106 (Ι)
1112 1076 1306 1105 corruptorem,
1322 1070 1500 1098 effundentem
1525 1073 1692 1106 sanguinem,
1708 1078 1735 1100 et

966 1114 1107 1141 facientem
1127 1119 1246 1149 peccata,
1261 1115 1302 1141 ll.
1318 1115 1344 1141 in
1361 1115 1401 1142 via
1416 1115 1499 1149 patris
1524 1116 1565 1143 sui
1592 1116 1657 1150 justi
1681 1124 1734 1144 non

966 1159 1121 1191 ambulavit,
1137 1160 1181 1187 sed
1195 1165 1221 1186 et
1233 1168 1313 1194 super
1332 1160 1467 1187 montibus
1484 1160 1609 1192 comedit,
1626 1165 1652 1187 et
1669 1169 1734 1188 uxo—

965 1212 1022 1231 rem
1036 1204 1082 1239 (m)
1096 1204 1209 1238 proximi
1222 1204 1264 1231 sui
1279 1204 1382 1238 polluit,
1396 1204 1438 1230 12.
1459 1210 1485 1231 et
1496 1212 1607 1239 egenum
1625 1209 1652 1231 et
1668 1213 1734 1239 pau-

966 1256 1056 1283 perem
1071 1249 1184 1283 subegit,
1203 1254 1229 1275 et
1258 1249 1376 1282 rapinam
1404 1249 1501 1283 rapuit,
1527 1254 1553 1276 et
1564 1249 1660 1284 pignus
1679 1256 1733 1276 non
1750 1250 1753 1253 ’

966 1293 1090 1323 reddidit,
1102 1297 1128 1320 et
1145 1293 1171 1319 in
1184 1293 1254 1320 idola
1271 1293 1360 1327 posuit
1374 1293 1467 1320 oculos
1480 1299 1554 1324 suos,
1566 1292 1733 1327 iniquitatem

966 1338 1039 1371 fecit,
1054 1339 1096 1365 l5.
1111 1346 1171 1366 cum
1187 1346 1268 1366 usura
1286 1338 1368 1371 dedit,
1392 1342 1418 1365 et
1434 1337 1598 1372 superfluum
1617 1338 1733 1370 sumsit;

966 1385 1004 1419 (η)
1017 1384 1060 1411 hic
1080 1384 1133 1410 vita
1149 1392 1201 1411 non
1217 1384 1287 1411 vivet
1301 1392 1308 1410 :
1324 1391 1417 1410 omnes
1430 1383 1478 1410 has
1498 1383 1652 1417 iniquitates
1661 1382 1733 1415 fecit,

965 1434 1052 1456 morte
1078 1425 1302 1462 mortiticabitur:
1330 1428 1439 1462 sanguis
1461 1427 1520 1462 ejus
1535 1436 1616 1463 super
1643 1428 1733 1462 ipsum

965 1474 1026 1502 erit.
1043 1474 1085 1500 14.
1102 1473 1129 1500 Si
1145 1479 1232 1500 autent
1246 1472 1367 1507 genuerit
1381 1472 1464 1499 tilium
1477 1493 1484 1503 ,
1496 1477 1523 1499 et
1539 1473 1634 1500 viderit
1645 1473 1734 1500 omnia

967 1523 1073 1554 peccata
1088 1518 1170 1552 patris
1183 1518 1235 1550 sui,
1249 1525 1308 1552 quae
1329 1516 1399 1550 fecit,
1415 1522 1441 1543 et
1471 1516 1598 1548 timuerit,
1627 1521 1652 1543 et
1680 1524 1734 1544 non

965 1560 1215 1589 feceritsecumlum
1238 1568 1279 1593 ea,
1300 1560 1340 1587 15.
1366 1568 1446 1595 super
1471 1560 1607 1587 montibus
1620 1566 1674 1586 non
1689 1567 1734 1587 co-

966 1607 1059 1639 medit,
1073 1611 1099 1633 et
1112 1606 1205 1633 oculos
1230 1613 1295 1632 suos
1323 1612 1374 1631 non
1394 1604 1483 1639 posuit
1514 1604 1546 1631 ad
1558 1604 1734 1638 cogitationes

965 1653 1060 1680 domus
1076 1651 1194 1683 lsraelis,
1208 1655 1234 1677 et
1249 1658 1357 1677 uxorem
1375 1649 1488 1684 proximi
1503 1649 1543 1676 sui
1559 1657 1612 1676 non
1626 1648 1733 1683 polluit,

967 1695 1010 1721 l6.
1024 1699 1049 1722 et
1066 1695 1199 1721 hominem
1214 1701 1266 1720 non
1279 1693 1392 1727 subegit,
1404 1697 1430 1719 et
1442 1693 1539 1727 pignus
1556 1700 1610 1719 non
1627 1693 1733 1725 sumsit,

965 1745 993 1767 et
1004 1740 1124 1773 rapinam
1139 1747 1191 1766 non
1207 1738 1305 1772 rapuit,
1320 1745 1413 1771 panem
1426 1745 1504 1764 suum
1518 1737 1733 1769 esurientidedit,

969 1789 995 1811 et
1013 1784 1113 1810 nudum
1130 1783 1233 1817 operuit
1257 1783 1290 1816 Χ
1304 1780 1376 1809 veste
1390 1782 1401 1815 ζ
1413 1802 1421 1814 ,
1445 1780 1488 1807 17.
1509 1786 1534 1808 et
1557 1781 1590 1808 ab
1603 1781 1733 1815 injustitia

967 1829 1064 1856 avertit
1074 1835 1182 1855 martum
1200 1834 1287 1858 suam,
1318 1833 1428 1853 usuraln
1452 1830 1478 1852 et
1503 1825 1664 1859 superfluum
1681 1833 1733 1851 non

967 1874 1074 1905 sumsit,
1091 1872 1222 1907 justitiam
1240 1871 1313 1902 fecit,
1331 1874 1357 1897 et
1389 1871 1414 1897 in
1442 1869 1581 1905 praeceptis
1597 1869 1664 1896 meis
1677 1877 1734 1896 am»

966 1918 1085 1951 bulavit;
1103 1918 1146 1944 hic
1171 1924 1223 1943 non
1237 1916 1365 1943 morietur
1388 1917 1414 1942 iu
1434 1914 1573 1950 injustitiis
1583 1915 1666 1950 patris
1680 1914 1732 1947 sui,

966 1964 1020 1990 vita
1035 1959 1168 1989 vivet."—
1189 1961 1231 1988 l8.
1254 1960 1331 1988 Pater
1361 1961 1417 1995 ejus
1429 1965 1516 1987 autem
1548 1960 1570 1987 si
1593 1958 1735 1986 afﬂictione

967 2007 1100 2040 alllixerit,
1116 2011 1143 2033 et
1154 2006 1273 2040 rapuerit
1299 2005 1418 2039 rapinam
1434 2006 1467 2038 )t(
1482 2004 1572 2031 fratris
1588 2004 1617 2037 ζ,
1631 2008 1657 2031 et
1671 2011 1736 2032 con-

967 2054 1048 2080 traria
1062 2051 1155 2079 fecerit
1168 2052 1194 2077 in
1216 2050 1302 2077 medio
1317 2049 1406 2084 populi
1416 2050 1483 2082 mei;
1509 2049 1587 2076 etiam
1605 2048 1735 2076 morietur

968 2100 995 2126 in
1008 2097 1139 2134 injustitia
1154 2105 1213 2124 sua.
1229 2095 1271 2122 l9.
1289 2094 1325 2131 (ο)
1341 2095 1374 2122 Et
1390 2095 1480 2122 dicitis
1494 2105 1500 2121 :
1522 2094 1590 2127 Quid
1612 2094 1735 2129 estquod

967 2152 1020 2171 non
1039 2143 1099 2170 tulit
1114 2143 1185 2169 filius
1209 2138 1366 2176 injustitiam
1389 2140 1472 2175 patris
1496 2140 1558 2167 sui?
1577 2139 1644 2172 Quia
1664 2139 1736 2178 filius

970 2187 1179 2216 misericordiam
1197 2190 1223 2213 et
1246 2185 1378 2220 justitiam
1400 2184 1472 2216 fecit,
1503 2184 1592 2211 omnia
1618 2184 1736 2218 legitima

969 2242 1028 2260 mea
1040 2232 1194 2264 custodivit,
1209 2236 1234 2257 et
1249 2230 1311 2258 fecit
1330 2238 1362 2257 ea
1377 2240 1383 2257 :
1400 2231 1454 2256 vita
1474 2230 1553 2257 vivet.
1574 2229 1618 2256 20.
1639 2229 1736 2257 Anima

968 2283 1056 2306 autem
1071 2284 1185 2312 peccans
1201 2277 1233 2308 χ(
1247 2274 1302 2309 ipsa
1321 2275 1331 2308 ζ
1345 2275 1488 2307 morietur;
1505 2274 1574 2301 ﬁlius
1586 2279 1673 2301 autem
1682 2282 1735 2301 non

966 2322 1080 2357 accipiet
1090 2319 1247 2355 injustitiam
1262 2319 1355 2353 patris,
1377 2327 1462 2353 neque
1485 2325 1558 2354 pater
1571 2318 1682 2353 accipiet
1696 2319 1736 2345 in-

964 2366 1096 2401 justitiam
1118 2363 1165 2391 filii
1192 2360 1233 2390 sui
1249 2356 1371 2398 :Vjustitia
1392 2362 1456 2397 justi
1478 2370 1558 2398 super
1574 2363 1660 2396 ipsum
1674 2361 1734 2394 erit,

966 2415 992 2438 et
1008 2409 1136 2444 iniquitas
1151 2408 1234 2442 iniqui
1250 2416 1330 2442 super
1343 2408 1429 2442 ipsum
1454 2407 1514 2434 erit.
1530 2408 1572 2434 21.
1590 2405 1698 2440 Iniquus
1713 2404 1735 2431 si

967 2462 995 2482 se
1010 2454 1170 2482 converterit
1186 2454 1219 2480 ab
1243 2453 1369 2480 omnibus
1381 2452 1568 2488 iniquitatibus
1590 2451 1656 2482 suis,
1669 2457 1736 2484 quas

496 2571 642 2614 tentab'ep,’
648 2578 711 2614 dum
723 2571 795 2614 misit
805 2578 904 2611 legatos
920 2577 946 2603 in
959 2571 1151 2614 Egyptum,_ut
1158 2571 1287 2602 darentur
1295 2573 1398 2614 ei__equi.
1409 2573 1445 2608 (ό)
1452 2574 1484 2614 Et
1490 2574 1534 2613 qui
1543 2571 1737 2614 transgreditur

112 2537 114 2539 I
243 2541 250 2549 ’
259 2528 265 2539 ἶ
315 2529 460 2588 5.1;),8.’
491 2552 522 2571 ro
535 2551 567 2570 eo
580 2543 650 2577 quod
659 2524 730 2570 esset
741 2551 850 2584 regnum
863 2543 972 2583 humile,
983 2547 1011 2569 ut
1025 2550 1058 2569 ne
1068 2549 1097 2569 se
1110 2541 1225 2574 efferret,
1238 2540 1284 2568 sed
1296 2540 1443 2580 custodiret
1458 2539 1544 2579 foedus
1558 2538 1627 2574 ejus,
1638 2543 1671 2574 rut
1683 2543 1736 2568 sta-

112 2550 592 2616 ιήεᾷᾖῖᾗὲἷὲκὲωέςῇιῄωωᾊιξ
599 2578 711 2616 eod-um
722 2579 795 2616 illisi!
805 2578 904 2611 legatos
920 2585 946 2603 In
959 2576 1151 2616 (Egyptumtut
1158 2576 1287 2602 darentur
1295 2581 1398 2616 eiueqm.
1409 2573 1445 2608 (ό)
1452 2574 1534 2616 utqui
1543 2573 1736 2616 transgreditur

111 2579 448 2618 inﬂammatum:
458 2579 473 2605 Ξ

110 2608 384 2653 παὶέἑὶἰῖιῖιὶιΐέί
399 2613 523 2653 curem:
532 2651 549 2653 ,γ
560 2611 594 2653 te)
607 2610 690 2653 [ξςειίλ
719 2613 757 2646 (ά)
832 2608 860 2653 ἐι
874 2608 1086 2653 οιιξμελψῖδτιιεί
1100 2611 1159 2653 eivs
1169 2608 1666 2653 se":aereasrecessere-10E!
1674 2616 1736 2653 91c:

109 2641 871 2692 πῖἡῖἓξέἐδνὲδὶὲῗὲξξῑμ)ΞἮὶιέὶἓέεέἷίὲ

966 2641 1047 2678 super
1063 2641 1152 2672 terra.
1167 2646 1198 2678 (‘)
1220 2643 1371 2682 Perperam_
1381 2641 1534 2673 vertitmor

979 2681 1057 2692 nl:n--A
1083 2679 1178 2692 A.llhlul:l
1190 2687 1196 2692 α
1220 2683 1284 2692 Ine-In
1301 2683 1408 2692 ann-nllln
1423 2681 1534 2692 “Hm

659 2683 720 2720 ΡἾἏ
740 2682 812 2707 enirn
832 2681 962 2713 signiﬁcat
978 2681 1058 2708 etiam
1081 2681 1197 2712 stupuit;
1220 2683 1284 2705 teste
1300 2681 1463 2704 nominem

416 2681 448 2729 δε
463 2679 634 2729 ίαέοπνανιέπι-

306 2755 430 2792 ᾗαιᾶέλῖ
438 2791 447 2792 7
455 2755 523 2792 (πί),
531 2755 569 2792 ιᾝ,
587 2755 687 2792 fratris.

729 2758 767 2792 (η)
782 2757 823 2789 8.,
839 2765 905 2786 num
927 2757 1017 2786 vivet?
1038 2765 1093 2786 non
1108 2757 1186 2785 vivet.

1536 2643 1599 2677 berg
1624 2643 1736 2670 verbum

1545 2697 1555 2709 ,
1570 2682 1661 2711 stupor
1675 2677 1737 2703 deu—

1224 2757 1261 2791 (o)
1282 2756 1325 2789 8.,
1345 2755 1499 2784 ct'dixistls
1523 2761 1634 2784 autem:
1655 2762 1739 2791 quare

111 2720 209 2765 ὦ)
417 2723 462 2751 Et
476 2723 543 2759 ejus,
553 2721 596 2755 qui
609 2724 760 2750 comederit
774 2731 840 2750 uvas
849 2725 969 2764 acerbas,
981 2724 1040 2758 ejus
1052 2725 1242 2764 obstupescent
1255 2723 1358 2750 dentes.
1373 2720 1418 2760 (It).
1428 2720 1510 2760 Idolai
1547 2721 1579 2756 (ι)
1595 2721 1637 2754 8.,
1648 2726 1737 2748 trama

111 2733 513 2831 ﬁta-.Mggﬁﬂémj
531 2755 569 2786 Si,
587 2755 687 2784 fratris.
729 2758 767 2798 (η)
782 2757 905 2797 S.,_num
927 2759 1017 2786 Vivet?
1038 2765 1093 2786 non
1108 2763 1186 2785 vwet.
1224 2757 1261 2791 (ο)
1282 2756 1325 2789 8.,
1345 2759 1372 2783 ct
1393 2755 1499 2784 dixistis
1523 2761 1634 2808 autem:
1655 2762 1737 2791 quare

147 2801 176 2831 η
273 2793 409 2831 portavit
442 2822 446 2826 _
474 2795 506 2818 us
517 2789 677 2823 iniquitatem
693 2796 785 2825 patris
794 2792 854 2820 sui!
1670 2806 1671 2809 η

147 2789 409 2835 ambiunt!
430 2789 506 2826 littus
517 2789 677 2823 iniquitatem
693 2789 785 2825 patris
794 2792 854 2820 sui!
