1901 3172
106 162 168 195 m5

115 223 138 252 ad
147 221 267 249 domum
293 219 413 252 lsraelis
438 226 594 256 irritantem
620 238 627 256 :

115 270 163 298 sint
182 267 256 298 hac.
269 275 333 302 qua:
360 269 443 298 dixi?
467 273 513 300 dic
541 273 580 300 eis
594 283 600 300 :
614 273 651 308 (ι)
666 273 734 301 Ecce
758 275 847 301 Veniet
864 282 911 301 rex

116 313 265 350 Babylonis
276 321 362 349 super
376 315 549 350 Jerusalem.
562 322 588 345 et
598 318 687 352 capiet
700 326 772 350 eam,
783 324 810 345 et
822 326 910 353 regem

116 359 187 394 ejus,
213 363 241 386 et
257 359 400 395 principes
413 361 486 395 ejus,
500 366 527 389 et
541 362 620 389 ducet
627 370 674 389 eos
688 363 720 388 ad
736 363 909 396 semetipsum

108 405 138 444 Vin
159 404 353 441 Babylonem.
373 405 420 432 l3.
434 405 468 433 Et
484 411 573 433 sumet
602 407 634 433 de
657 406 759 433 semine
782 406 867 439 regni,
885 411 912 432 et

116 452 252 486 disponet
270 450 304 478 ad
324 458 388 478 eum
402 455 608 484 testamentum,
626 456 652 478 et
678 452 829 478 introducet
848 459 910 478 eum

118 497 142 523 iu
151 495 370 528 maledictione,
383 501 411 522 et
425 496 560 530 principes
573 500 650 522 terra:
662 496 758 530 capiet,
774 496 815 522 M.
835 496 873 530 (α)
882 500 911 522 ut

116 540 150 567 sit
167 540 202 567 in
222 533 348 574 regnum
364 539 516 571 infirmum,
532 540 604 574 quod
627 540 737 566 omnino
750 547 804 566 non
824 540 911 566 eleva-

115 585 205 617 bitur,
219 584 257 611 ad
276 584 489 612 custodiendum
508 589 697 612 testamentum
713 585 782 618 ejus,
806 589 831 611 et
855 588 911 611 sta-

117 634 174 658 tuet
189 628 278 656 illud.
301 629 347 656 15.
365 629 397 656 Et.
416 629 523 656 recedet
537 629 571 655 ab
584 637 627 661 eo,
646 629 776 656 mittendo
800 629 910 655 nuntios

116 673 142 700 in
157 673 337 709 Egyptum,
368 673 402 700 ad
427 673 544 700 dandum
572 673 596 700 ei
613 681 708 707 equos,
735 678 762 699 ct
784 673 909 707 populqu

115 716 256 744 multum.
279 716 309 743 Si
326 717 471 752 dirigetur,
483 717 506 743 si
522 717 683 748 servabitur,
700 717 746 751 qui
769 716 832 743 facit
847 725 911 743 con-

116 762 230 789 traria?
245 761 286 796 (b)
304 767 334 789 et
347 762 395 796 qui
426 762 623 796 transgreditur
650 766 840 789 testamentum
857 780 864 792 ,
887 761 910 788 si

110 806 303 834 salvabitur?
320 806 363 834 16.
382 805 494 840 Propter
511 806 562 832 hoc
577 806 637 832 vivo
650 813 710 840 ego,
728 806 792 832 dicit
806 804 909 831 Adonai

105 851 272 884 Dominus,
290 852 343 878 nisi
358 852 386 878 in
406 851 464 878 loco
482 851 562 885 regis,
581 851 626 885 qui
642 858 753 884 regnare
765 850 907 881 feciteum,

738 161 936 200 HEZIECIELIS
945 171 1059 200 cspur
1077 172 1169 202 xvm.

653 228 711 256 Non
737 230 823 259 scitis.
848 230 911 263 quid
926 234 949 260 Α
964 230 990 256 3.
1002 229 1069 257 Vivo
1080 238 1140 265 ego,
1160 231 1225 258 dicit
1240 232 1343 259 Adonai
1360 232 1488 260 Dominus
1512 242 1518 260 :
1534 234 1556 260 si
1576 234 1657 262 fuerit
1674 244 1732 263 am-

1663 162 1733 207 am

961 274 1032 307 plius
1043 274 1155 302 dicenda
1166 275 1293 309 parabola
1309 276 1364 303 haec
1379 277 1405 303 in
1419 277 1532 310 lsraele;
1544 278 1571 304 1.
1597 279 1660 313 quia
1673 287 1732 306 om-

960 327 1008 346 nes
1025 320 1120 346 animae
1133 328 1197 347 meae
1212 326 1283 353 sunt,
1296 322 1521 355 quemadmodum
1539 324 1627 350 anima
1636 326 1731 358 patris,
1748 323 1756 329 “

960 365 996 391 ita
1009 369 1033 391 et
1050 365 1138 392 anima
1153 365 1211 397 ﬁlii,
1229 374 1294 393 mea:
1309 371 1390 393 sunt:
1407 368 1495 394 anima
1520 376 1581 402 qua
1602 377 1731 403 peccave-

960 410 1005 439 rit.
1020 410 1049 444 (ἰ)
1067 410 1124 444 ipsa
1148 411 1288 437 morietur.
1310 412 1336 438 5.
1360 411 1445 438 Homo
1466 417 1565 444 autem,
1583 414 1628 447 qui
1651 414 1732 441 fuerit

959 454 1059 488 justtts,
1086 454 1204 488 quifacit
1226 456 1358 489 judicium
1383 461 1409 483 et
1423 457 1568 490 justitiam,
1595 458 1620 484 6.
1650 466 1731 492 super

943 494 947 498 ”
960 498 1097 524 montibus
1112 506 1163 525 non
1181 499 1336 532 comederit,
1352 504 1378 526 et
1391 500 1482 527 oeulos
1496 509 1560 528 suos
1573 509 1625 528 non
1641 508 1732 529 sustu-

960 541 1021 568 lerit
1035 541 1066 568 ad
1084 542 1118 576 (It)
1136 542 1312 576 cogitationes
1324 544 1420 571 domus
1436 544 1552 576 lsraelis,
1577 551 1602 572 et
1618 554 1729 573 uxorem

960 586 1077 619 proximi
1089 586 1130 612 sui
1145 594 1198 613 non
1213 587 1348 621 polluerit,
1362 593 1387 614 et
1400 589 1432 614 ad
1448 589 1597 620 mulierem,
1614 599 1674 625 qua:
1690 596 1731 618 est

960 630 985 655 in
1002 634 1153 661 menstruo,
1173 638 1225 657 non
1241 632 1395 663 accesserit,
1419 632 1443 659 7.
1472 638 1499 659 et
1522 634 1655 660 hominem
1676 642 1729 661 non
1746 635 1748 638 ’

960 674 1104 708 subegerit,
1127 674 1222 709 pignus
1234 675 1363 702 debitoris
1384 676 1536 708 reddiderit,
1554 682 1581 704 et
1607 678 1728 711 rapinam

960 726 1012 744 non
1029 719 1157 752 rapuerit,
1176 727 1272 753 panem
1288 727 1365 746 suum
1380 721 1507 747 esurienti
1515 721 1628 752 dederit,
1642 727 1668 748 et
1680 730 1729 747 nu-

959 763 1021 789 dum
1038 764 1172 797 operuerit
1187 769 1271 795 veste,
1302 764 1327 790 8.
1345 769 1371 791 et
1393 770 1533 800 argentum
1551 773 1629 792 suum
1650 774 1730 800 super

960 814 1041 833 usura
1056 814 1108 845 non
1124 807 1235 839 dederit,
1249 813 1275 834 et
1287 808 1452 842 superﬂuum
1472 817 1524 835 non
1541 810 1678 841 sumserit,
1695 804 1729 838 ab

960 850 1091 885 iniustitia
1106 853 1233 878 averterit
1245 860 1353 879 manum
1366 861 1455 886 suam,
1468 853 1599 888 judicium
1626 854 1729 888 justum

105 897 158 930 qui
175 896 293 932 sprevit
312 895 531 922 maledictionem
547 902 646 925 meam,
657 899 683 920 et
698 894 743 928 qui
762 899 909 928 transgres-
925 892 945 919 Β
960 894 1054 922 fecerit
1084 896 1153 922 inter
1164 897 1250 923 virum
1264 901 1291 923 et
1319 905 1347 925 +
1371 898 1439 925 inter
1456 899 1466 932 ζ
1492 899 1643 933 proximum
1660 900 1729 934 ejus,

109 950 160 970 sus
176 946 225 969 est
244 945 444 969 testamentum
462 946 562 971 meum,
578 947 640 966 cum
663 946 694 965 eo
709 940 735 965 in
759 939 846 965 medio
858 938 908 964 Ba-

110 987 233 1023 bylonis
248 986 397 1013 morietur.
418 984 460 1012 17.
478 984 511 1011 Ει
534 992 588 1011 non
613 985 641 1011 in
668 985 767 1010 virtute
799 990 906 1017 magna,

110 1039 208 1066 neque
227 1032 258 1058 iu
280 1031 361 1058 turba
376 1030 460 1057 multa
486 1028 567 1056 faciet
582 1029 710 1056 adversus
732 1036 792 1054 eum
804 1027 908 1054 Pharao

109 1077 235 1109 bellum,
252 1076 282 1103 in
293 1076 370 1110 jactu
385 1075 476 1106 fossae,
488 1078 515 1101 et
536 1075 562 1101 in
578 1078 712 1101 structura
726 1073 869 1100 stationum
882 1077 909 1099 et

108 1121 301 1152 balistaruln,
319 1125 349 1147 ut
365 1120 475 1154 dejiciat
489 1120 591 1146 animas
611 1119 719 1146 multas.
736 1118 778 1145 18.
796 1117 909 1152 Etspre-

108 1167 150 1194 vit
159 1166 376 1202 juramentum,
395 1170 425 1192 ut
440 1164 671 1198 transgrederetur
699 1166 885 1190 testamentum
899 1170 907 1188 :

106 1216 136 1239 et
165 1218 242 1238 ecce
255 1210 294 1245 (c)
305 1209 496 1237 deditmanum
507 1216 595 1240 suam,
604 1213 631 1235 et
641 1209 732 1235 omnia
747 1209 803 1235 haec
811 1208 907 1235 fecit-t—

108 1257 162 1291 ei:
180 1265 190 1284 ε
209 1263 286 1283 nutu
302 1254 474 1282 satvabitur?
493 1254 534 1281 l9.
559 1253 671 1288 Propter
687 1254 738 1280 hoc
757 1253 801 1280 dic
820 1262 826 1279 :
846 1253 908 1280 Haec

107 1298 180 1329 dicit
195 1299 318 1328 Adonai
329 1298 480 1326 Dominus:
497 1298 564 1325 Vivo
579 1305 645 1333 ego,
666 1298 716 1324 nisi
725 1298 908 1332 juramentum

107 1352 227 1379 meum,
245 1344 324 1379 quod
336 1343 450 1379 sprevit,
461 1347 488 1370 et
508 1347 699 1370 testamentum
722 1350 821 1374 meum,
836 1342 907 1376 quod

107 1394 304 1426 trangrcssus
317 1392 371 1420 est,
381 1391 408 1415 et
421 1387 491 1414 dabo
503 1387 567 1414 illud
591 1387 618 1413 in
637 1390 717 1420 caput
730 1386 787 1419 ejus
801 1396 807 1413 :
824 1386 866 1412 20.
883 1391 909 1413 et

107 1435 272 1465 extendam
289 1441 374 1468 super
389 1440 451 1459 eum
468 1437 524 1460 rete
533 1433 793 1466 meum,etcapietur
807 1432 833 1458 in
844 1439 908 1467 gyro

106 1481 170 1517 ejus
182 1490 191 1508 :
213 1488 250 1509 -ι-
267 1484 297 1507 et
312 1480 412 1506 ducatu
426 1485 488 1505 eum
501 1478 528 1505 in
539 1478 712 1512 Babylonem,
724 1477 908 1511 etdijudicabo

107 1535 177 1555 cum
197 1533 239 1562 eo
251 1526 294 1558 ibi
305 1525 468 1562 injustitiam
482 1525 551 1559 ejus,
579 1531 660 1559 quam
691 1523 789 1557 injuste
809 1523 862 1556 egit
881 1523 907 1548 in

107 1580 157 1601 tne
169 1571 254 1606 :31.
269 1571 310 1605 (tl)
325 1575 353 1598 et
370 1578 466 1598 omnes
489 1569 597 1605 profugi
625 1569 684 1602 ejus
698 1569 710 1601 ζ
728 1568 756 1594 in
781 1568 853 1594 onmi
869 1567 909 1594 in-

108 1617 280 1650 structioue
295 1615 357 1643 belli
372 1615 432 1650 ejus
447 1615 474 1641 in
486 1614 575 1649 gladio
584 1613 694 1640 cadent:
709 1613 774 1647 (e)et
788 1612 909 1639 residuos

233 1661 264 1697 in
280 1666 392 1688 omnem
406 1663 517 1686 ventum
544 1657 736 1688 disseminabo,
759 1662 786 1683 et
810 1663 910 1690 cogno-

235 1704 306 1740 qnia
323 1711 375 1739 ego
391 1703 522 1730 Dominus
536 1702 642 1729 lOcutus
657 1709 728 1728 sum.
745 1700 789 1727 22.
799 1699 910 1734 Propter

107 1751 254 1787 hachac
268 1750 339 1778 dicit
351 1748 457 1776 Adonai
473 1748 603 1774 Dominus
617 1755 624 1773 ε
643 1747 676 1773 Et
690 1753 793 1773 sumam
809 1752 858 1780 ego
877 1745 911 1772 de

106 1789 312 1826 deetis‘cedri
332 1795 367 1822 de
380 1793 494 1825 vertice,
505 1794 539 1826 χ
552 1798 578 1819 et
593 1792 664 1819 dabo
678 1791 710 1818 de
721 1790 807 1824 capite
819 1797 911 1823 propa-

106 1842 215 1877 εἱιιιιιιι
229 1840 296 1876 q'us
313 1840 346 1874 ζ,
361 1839 446 1866 corda
465 1845 559 1865 eorum
575 1837 727 1867 infirmabo,
745 1840 771 1862 et
787 1834 910 1869 plantabo

107 1894 167 1922 ego
207 1891 299 1920 super
329 1887 451 1911 montem
481 1882 630 1914 excelsum,
650 1881 696 1907 25.
707 1885 733 1907 et
749 1879 910 1913 suspendam

106 1936 181 1958 eum
196 1929 230 1962 in
247 1930 348 1954 tuante
362 1926 475 1963 sublimi
502 1925 619 1952 lsraelis.
643 1925 676 1951 Et
692 1923 827 1958 plantabo,
841 1923 872 1958 (Γ)
884 1928 911 1950 et

105 1964 377 2010 ρηΐετᾳξθτωεη,
388 1974 416 1998 et
427 1970 512 1998 faciet
523 1969 650 2001 fructum,
664 1974 690 1995 et
699 1969 749 1995 erit
762 1969 789 1995 in
801 1969 909 1995 cedrum

106 2024 253 2056 magnam
268 2026 277 2044 :
296 2021 326 2044 et
339 2016 498 2050 requiescet
511 2015 562 2042 sub
584 2022 617 2042 ea
634 2015 670 2049 (g)
692 2014 780 2040 omnis
794 2014 860 2045 avis,
884 2017 911 2039 et

104 2070 197 2092 omne
209 2061 329 2096 Volatilc
342 2061 395 2088 sub
422 2060 523 2087 umbra
539 2060 596 2094 ejus
619 2067 649 2087 σι-
670 2059 819 2094 requiescet
837 2059 868 2092 ξ.
885 2062 911 2085 et

259 2106 327 2146 ejus
339 2106 537 2138 restituentur,
550 2105 594 2131 24.
604 2108 631 2131 et
640 2104 726 2131 scicnt
735 2103 824 2131 omnia
839 2104 910 2137 ligna

103 2152 227 2189 (amisi;
247 2150 316 2190 quia
328 2157 380 2185 ego
391 2149 542 2181 Dominus,
557 2149 602 2183 qui
619 2148 731 2175 humilio
753 2148 852 2183 lignum
865 2155 911 2174 ex-

102 2197 239 2230 celsum,
253 2200 284 2224 et
299 2195 392 2223 exalto
404 2195 513 2230 lignum
527 2193 638 2225 humile,
648 2197 674 2220 et
688 2192 909 2226 arefacioliguum

101 2242 212 2279 ᾑτίρε,
227 2231 261 2271 et
278 2240 372 2268 denuo
389 2240 532 2266 virescere
556 2237 652 2264 faciam
673 2237 775 2272 lignum
795 2236 910 2264 aridum.

99 2275 331 2324 ὲιοξυρῳὶιιιψ
345 2284 458 2311 locutus
471 2288 550 2312 sum,
563 2285 590 2308 et
599 2289 707 2315 quoque
718 2281 824 2308 faciam.

136 2322 263 2366 (μιῆςί
270 2326 338 2367 Vill.
347 2342 383 2363 -τ
391 2330 418 2367 1.
431 2327 467 2354 Et
475 2326 582 2353 factum
591 2331 632 2354 est
645 2327 754 2354 verbum
762 2326 866 2353 Domini
878 2325 911 2353 ad

99 2384 148 2405 ne
166 2365 284 2411 dicens
296 2382 308 2411 _:
324 2373 351 2400 2.
367 2365 419 2406 Fili
442 2371 582 2404 hominis,
607 2372 670 2406 quid
683 2371 758 2399 vobis
785 2371 911 2406 parabola

96 2418 346 2459 Ιφςξβλῇβωϋδ
360 2417 494 2447 lsraelia.
510 2415 629 2450 dicentes
648 2425 654 2442 :
680 2416 773 2444 Patres
789 2416 911 2443 comede-

95 2471 175 2500 ιρι.
188 2463 406 2501 pugnacem”,
420 2464 452 2497 et
469 2459 569 2489 dentes
582 2461 699 2488 tiliorum
718 2465 879 2495 stupuerunt
890 2461 909 2486 '.

191 2536 194 2544 ¹
222 2541 228 2548 .

93 2583 281 2617 tamam:

92 2613 305 2652 Gestarum,
327 2618 354 2645 si
370 2613 506 2653 caesia:
545 2614 578 2647 (ε)
589 2614 668 2653 ηθείίί

962 941 988 968 9.
998 945 1024 967 et
1035 940 1060 967 in
1073 942 1211 975 prameptis
1225 941 1291 968 meis
1300 942 1485 974 ambulaverit,
1495 943 1730 977 etjustiticationes

961 991 1035 1011 meas
1057 984 1251 1017 custodiverit,
1282 989 1310 1011 ut
1334 985 1414 1013 faciat
1429 993 1491 1018 eas;
1515 987 1606 1021 justus
1620 987 1663 1014 hic
1678 992 1730 1020 est,

961 1029 1016 1055 vita
1030 1029 1109 1061 vivet,
1125 1029 1189 1056 dicit
1203 1029 1303 1056 Adonei
1316 1029 1456 1057 Dominus.
1475 1031 1517 1057 10.
1531 1030 1562 1058 Ει
1576 1031 1598 1058 si
1610 1031 1731 1066 genuerit

961 1074 1046 1102 ﬁlium
1060 1075 1091 1110 (ι)
1107 1080 1301 1109 corruptorem,
1318 1075 1496 1103 etfundentem
1520 1077 1688 1110 sanguinem,
1704 1082 1730 1104 et

961 1119 1102 1146 facientem
1123 1124 1242 1154 peccata,
1257 1120 1297 1146 11.
1313 1119 1339 1146 in
1356 1120 1396 1146 via
1412 1120 1494 1153 patris
1519 1120 1561 1147 sui
1588 1120 1652 1154 justi
1676 1128 1729 1148 non

961 1164 1116 1196 ambulavit,
1132 1165 1177 1191 sed
1190 1170 1217 1191 et
1228 1172 1308 1198 super
1328 1165 1463 1191 montibus
1479 1164 1604 1196 comedit,
1621 1169 1648 1191 et
1665 1173 1730 1192 uxo-

961 1216 1017 1235 rem
1032 1209 1078 1243 (m)
1091 1209 1205 1243 proximi
1218 1209 1259 1235 sui
1275 1208 1378 1242 polluit,
1392 1208 1433 1234 12.
1454 1214 1480 1235 et
1491 1216 1602 1243 egenum
1621 1213 1647 1235 et
1663 1216 1729 1243 pau-

962 1261 1051 1288 perem
1067 1253 1180 1288 subegit,
1199 1258 1225 1280 et
1253 1253 1371 1287 rapinam
1399 1254 1497 1287 rapuit,
1522 1258 1549 1280 et
1560 1253 1656 1288 pignus
1675 1260 1728 1280 non
1745 1253 1749 1256 ’

961 1297 1086 1328 reddidit.
1098 1302 1124 1324 et
1140 1297 1166 1323 in
1180 1297 1250 1324 idola
1267 1297 1355 1332 posuit
1370 1297 1463 1324 oculos
1475 1303 1550 1328 suos,
1562 1296 1728 1331 iniquitatem

962 1342 1035 1375 fecit,
1049 1343 1092 1370 15.
1107 1351 1167 1370 cum
1182 1350 1263 1370 usura
1282 1342 1363 1375 dedit,
1388 1347 1414 1369 et
1430 1341 1593 1376 superﬂuum
1613 1341 1728 1374 sumsit;

962 1389 999 1423 (η)
1013 1389 1056 1416 hic
1075 1388 1128 1415 vita
1144 1396 1197 1415 non
1213 1388 1283 1415 vivet
1297 1396 1303 1415 :
1320 1395 1413 1414 omnes
1426 1387 1473 1414 has
1493 1387 1648 1421 iniquitates
1657 1386 1729 1419 fecit,

961 1439 1047 1461 morte
1073 1430 1298 1467 mortiticabitur:
1326 1432 1435 1466 sanguis
1457 1432 1516 1467 ejus
1531 1440 1612 1468 super
1638 1432 1728 1466 ipsum

961 1479 1021 1506 erit.
1038 1478 1080 1504 14.
1097 1477 1125 1505 Si
1141 1483 1227 1504 autem
1242 1477 1363 1512 genuerit
1377 1477 1460 1503 tilium
1473 1497 1480 1507 ,
1492 1481 1518 1503 et
1534 1477 1629 1504 viderit
1641 1477 1730 1504 omnia

962 1527 1069 1558 peccata
1084 1522 1166 1557 patris
1179 1522 1231 1554 sui,
1245 1530 1304 1556 quae
1324 1521 1395 1553 fecit,
1410 1526 1437 1547 et
1467 1521 1594 1552 timuerit,
1622 1525 1648 1547 et
1676 1528 1729 1548 non

961 1565 1210 1593 feceritsecundum
1233 1573 1274 1597 ea,
1295 1564 1336 1591 l5.
1361 1572 1442 1599 super
1467 1564 1603 1591 montibus
1616 1571 1670 1590 non
1684 1571 1730 1590 eo-

961 1611 1054 1644 medit,
1068 1615 1095 1637 et
1107 1610 1200 1637 oculos
1226 1617 1291 1636 suos
1318 1617 1370 1635 non
1389 1608 1479 1643 posuit
1510 1608 1542 1635 ad
1554 1608 1730 1642 cogitationes

961 1657 1056 1684 domus
1072 1655 1190 1688 lsraelis,
1204 1659 1230 1681 et
1245 1661 1353 1681 uxorem
1371 1653 1484 1688 proximi
1498 1653 1539 1680 sui
1555 1660 1608 1679 non
1622 1652 1729 1687 polluit,

962 1699 1006 1726 16.
1020 1703 1045 1726 et
1061 1699 1195 1725 hominem
1210 1705 1262 1724 non
1274 1697 1387 1731 subegit,
1400 1701 1426 1723 et
1438 1697 1534 1731 pignus
1551 1704 1606 1723 non
1623 1697 1729 1729 sumsit,

961 1749 988 1771 et
1000 1744 1120 1778 rapinam
1135 1751 1186 1770 non
1203 1743 1301 1776 rapuit,
1315 1749 1408 1776 panem
1422 1750 1500 1768 suum
1514 1741 1729 1773 esurientidedit,

965 1793 991 1815 et
1009 1788 1109 1815 nudutn
1126 1787 1229 1821 operuit
1253 1788 1287 1820 >4<
1300 1790 1371 1812 veste
1386 1786 1417 1819 ζ,
1441 1785 1484 1812 17,
1504 1790 1530 1811 et
1553 1785 1586 1812 ab
1599 1785 1729 1819 injustitia

963 1833 1178 1860 avertitmauum
1196 1838 1282 1863 suam,
1313 1837 1424 1856 usuram
1448 1834 1474 1856 et
1499 1829 1660 1863 superﬂuum
1677 1837 1729 1855 non

962 1878 1070 1910 sumsit,
1087 1877 1218 1912 justitiam
1237 1875 1308 1906 fecit,
1326 1878 1353 1901 et
1385 1874 1410 1901 in
1438 1873 1577 1909 praeceptis
1592 1873 1659 1900 meis
1673 1881 1730 1901 am»

962 1922 1081 1956 bulavit;
1099 1922 1142 1948 hic
1167 1929 1219 1947 non
1233 1921 1361 1947 morietur
1384 1920 1410 1946 in
1430 1919 1568 1954 injustitiis
1579 1919 1662 1954 patris
1676 1919 1728 1951 sui,

962 1968 1016 1994 vita
1031 1963 1163 1994 vivet.”-—
1184 1965 1227 1992 18,
1250 1964 1327 1992 Pater
1357 1965 1413 1999 ejus
1425 1969 1512 1991 autem
1544 1964 1566 1991 si
1589 1963 1730 1990 afﬂictione

963 2012 1096 2044 aiﬂixerit,
1112 2016 1138 2038 et
1149 2010 1269 2045 rapuerit
1295 2009 1414 2044 rapinam
1430 2010 1463 2043 X
1478 2008 1568 2035 fratris
1584 2008 1613 2041 ζ,
1626 2013 1653 2035 et
1668 2015 1732 2036 con-

963 2059 1044 2085 traria
1058 2056 1151 2083 fecerit
1163 2056 1190 2082 in
1211 2054 1299 2081 medio
1313 2053 1402 2088 populi
1412 2054 1479 2086 mei;
1505 2053 1583 2080 etiam
1601 2052 1731 2080 morietur

964 2105 991 2130 in
1004 2101 1135 2138 iujustitia
1150 2109 1208 2128 sua.
1224 2099 1267 2126 19.
1285 2099 1321 2136 (ο)
1338 2099 1370 2126 Ει
1386 2098 1496 2126 dicitis:
1517 2098 1586 2130 Quid
1608 2101 1650 2125 est
1660 2099 1731 2133 quod

963 2156 1016 2175 non
1035 2147 1094 2174 tulit
1110 2147 1181 2174 illius
1204 2144 1362 2180 injuslitiam
1385 2144 1468 2179 patris
1492 2144 1554 2171 sui?
1573 2142 1640 2176 Quia
1660 2143 1732 2172 ﬁlius

926 2205 951 2234 ι)
966 2191 1175 2220 misericordiam
1193 2195 1219 2217 et
1242 2189 1373 2224 justitiam
1397 2188 1468 2220 fecit,
1498 2188 1588 2215 omnia
1614 2187 1732 2222 legitima

965 2246 1024 2265 mea
1036 2236 1191 2268 custodivit,
1204 2240 1230 2262 et
1245 2234 1307 2262 fecit
1326 2242 1358 2261 ea
1373 2244 1379 2261 :
1397 2235 1449 2260 vita
1470 2234 1548 2261 vivet.
1570 2233 1614 2260 20.
1635 2233 1732 2261 Anima

964 2287 1052 2310 autem
1067 2288 1181 2316 peccans
1197 2282 1229 2312 Χ
1242 2278 1298 2313 ipsa
1317 2279 1327 2312 ζ
1342 2278 1484 2312 morietur;
1501 2278 1570 2305 ﬁlius
1582 2283 1669 2305 autem
1679 2286 1731 2310 non

962 2326 1076 2362 accipiet
1086 2324 1243 2360 injustitiam
1259 2323 1351 2358 patris,
1373 2331 1458 2357 neque
1481 2329 1555 2357 pater
1567 2322 1678 2357 accipiet
1692 2323 1732 2349 in-

960 2371 1092 2405 justitiam
1114 2368 1161 2395 filii
1188 2367 1228 2395 sui
1245 2367 1367 2401 :justitia
1388 2366 1453 2401 justi
1474 2375 1554 2401 super
1569 2367 1656 2401 ipsum
1670 2365 1730 2403 erit,

960 2415 988 2442 ’ct
1005 2414 1132 2450 iniquitas
1147 2413 1230 2447 iniqui
1247 2420 1326 2446 super
1339 2412 1425 2446 ipsum
1450 2410 1510 2438 erit.
1525 2412 1568 2438 21.
1587 2410 1694 2444 Iniquus
1709 2408 1732 2435 si

963 2467 991 2487 se
1006 2458 1166 2486 converterit
1182 2458 1215 2485 ab
1240 2457 1365 2484 omnibus
1376 2456 1564 2492 iniquitatibus
1586 2454 1652 2486 suis,
1666 2460 1733 2488 quas

331 2530 509 2606 365.92.")
524 2552 557 2587 eo
569 2547 639 2580 quod
648 2553 726 2575 esset
734 2555 846 2588 regnum
859 2547 967 2587 humile,
979 2552 1007 2574 ut
1021 2554 1054 2573 ue
1064 2554 1094 2573 se
1106 2545 1221 2577 efferret,
1235 2544 1280 2572 sed
1292 2544 1439 2585 custodiret
1454 2543 1540 2583 foedus
1554 2542 1623 2577 ejus,
1634 2547 1667 2577 ut
1680 2548 1733 2584 sta-

231 2587 280 2606 me
293 2580 423 2606 Rames‘sil
478 2583 534 2605 tem
543 2579 575 2605 ab
585 2583 626 2606 eo:
634 2581 705 2606 dum
719 2583 791 2606 misit
802 2582 899 2606 ferratos
916 2590 942 2606 In
955 2580 1146 2606 Eqvntummt
1154 2581 1283 2606 darentur
1291 2587 1314 2605 et
1323 2585 1395 2606 euut.
1405 2578 1530 2606 (biEtnnt
1539 2578 1733 2606 transitu-editur

290 2578 423 2616 Re'ée's‘sit
434 2578 626 2616 alitem‘ab'go;
634 2581 705 2616 dum
719 2578 791 2609 misit
802 2582 899 2615 legatos
916 2582 942 2608 in
955 2580 1146 2616 Egyptumgit
1154 2581 1283 2606 darentur
1291 2578 1395 2616 eiequi.
1405 2578 1530 2616 (ωειῳῂ
1539 2578 1734 2616 ιηζιξςεθόίιυισ

714 2616 753 2650 (d)
773 2616 814 2648 S.,
828 2612 856 2643 'et
870 2612 1082 2650 omnesp—rb'fugi
1096 2615 1155 2648 ejus
1173 2621 1233 2650 cum
1247 2613 1372 2640 omnibus
1387 2612 1566 2650 pen_nis__ejus.
1581 2612 1615 2646 (ε)
1629 2612 1660 2638 Et
1670 2620 1732 2650 om-

91 2646 267 2692 ιῑιῖῠίἒέι
275 2646 765 2692 ρί;Εονξεδῗέ.Ξ¹ῐ¹92τ-ἷ⁹)2¹Βί¹έε
773 2646 878 2690 rebus
888 2650 940 2692 ,μυ
949 2646 1049 2692 ,δίψη
1059 2646 1148 2692 istia-
1159 2649 1194 2692 .0
1216 2647 1367 2692 Persae,
1378 2646 1732 2692 ifiiﬂﬂ:W§.-__'£ru

381 2682 416 2708 ibi
431 2679 615 2731 Ῑαίμνωυηίῖ
639 2686 714 2724 ΡἫ
736 2686 808 2710 enim
828 2679 958 2717 significat
974 2679 1054 2712 etiam
1077 2679 1193 2716 stupuit;
1216 2679 1281 2709 teste
1297 2681 1409 2709 nomine
1418 2686 1552 2723 unam-1:,
1566 2679 1657 2715 stupor
1671 2681 1734 2707 deu-

318 2723 867 2788 ‘22,'E‘ri’f°sf’"i.i?£?s""°iiii'ga'ﬁ

99 2768 153 2788 εί.
200 2770 217 2788 η
241 2762 331 2788 pm
375 2776 393 2786 μ
526 2775 547 2788 .,
662 2776 674 2786 .

961 2729 1036 2762 ,ejus
1048 2729 1238 2768 obstupescunt
1251 2727 1354 2755 dentes.
1370 2725 1507 2787 (Iasonia
1544 2726 1576 2760 (ι)
1591 2725 1633 2758 8.,
1645 2730 1733 2752 trant-

961 2763 1013 2788 ret?
1034 2769 1091 2788 non
1103 2767 1182 2788 Vivet:
1219 2761 1264 2788 to):
1274 2760 1322 2788 ὃ..
1340 2764 1369 2788 et
1419 2765 1733 2788 ιιειιβ-ωιθω-εεαικε

81 2755 288 2801 ”’⁸’²ι”“ῖ“”
332 2755 481 2818 ᾶέμώηί)
503 2755 547 2796 8;;
564 2758 674 2787 Intus.
722 2761 768 2795 (ut
777 2761 902 2802 εημηιω
923 2755 1013 2790 uicit
1034 2755 1182 2790 mvi’vei.
1219 2761 1264 2796 (ογ
1274 2760 1322 2794 s.,
1340 2764 1369 2788 et

73 2762 367 2836 πέντήὲ
399 2821 404 2826 .
435 2795 470 2817 1³³
484 2788 658 2824 imquitatem
680 2795 779 2828 patris
789 2796 850 2823 sint

1419 2760 1512 2788 sistis—
1517 2766 1610 2788 autem
1616 2769 1642 2788 +-
1650 2766 1735 2795 quare
