3802 6334
514 361 655 420 2715

1591 355 1813 413 CODEX
1853 353 2624 411 SYRIACO-IIEXAPLARIS.

3546 348 3666 403 2718

514 473 665 541 fecit,
703 483 757 529 et
787 464 1099 529 custodierit
1123 469 1300 522 omnia
1335 478 1598 538 praecepta
1630 479 1839 535 mea,et
1871 468 2054 522 iecerit
2083 474 2127 528 Λ
2158 479 2282 523 runt
2308 484 2429 523 eum
2455 469 2509 523 in
2530 481 2706 529 camo,
2732 472 2787 517 et
2822 461 2876 515 in
2909 472 3111 515 cavea:
3142 456 3286 512 venit
3305 457 3366 511 ad
3397 471 3559 527 regem
3579 458 3667 515 Ba-

514 564 776 633 justitiam
804 572 857 619 et
876 558 1315 623 misericordiam,
1367 561 1476 614 vita
1523 561 1684 624 vivet,
1725 569 1904 615 etnon
1936 577 2052 614 mo-

519 653 821 708 rieturzﬁi.
875 649 947 719 (ρ)
1001 647 1180 701 omnia
1223 647 1413 702 delicta
1436 651 1574 717 ejus,
1603 666 1719 718 quae
1770 649 1912 709 fecit,
1949 662 2052 702 non

518 739 1077 796 commemorabuntur
1125 737 1194 803 χ
1242 736 1312 798 ei,
1368 737 1463 791 sed
1523 737 1627 805 :in
1669 738 1875 806 justitia
1931 752 2050 799 sua,

518 847 677 900 quam
706 829 847 888 fecit,
877 826 1033 879 vivet.
1055 825 1146 879 ΞΒ.
1164 823 1432 896 Numquid
1458 827 1683 881 volendo
1712 828 1882 881 volam
1909 842 2052 880 mor-

519 932 622 974 tem
656 917 844 985 iniqui,
872 914 1001 971 dicit
1031 914 1292 971 Dominus
1324 917 1603 979 Dominus,
1633 917 1773 972 sicut
1825 918 1878 972 id
1909 919 2049 987 quod

516 1022 575 1062 se
602 1012 874 1061 convertat
898 1020 928 1059 a
956 1005 1043 1059 via
1070 1021 1167 1061 sua
1205 1007 1345 1061 mala
1373 1018 1427 1062 et
1453 1009 1627 1063 vivet?
1654 1009 1741 1063 24.
1767 1009 1900 1062 Cum
1924 1024 2051 1062 vero

515 1112 573 1151 se
606 1095 853 1149 averterit
871 1095 1051 1164 justus
1092 1111 1123 1150 a
1170 1096 1383 1166 iustitia
1418 1113 1537 1161 sua.
1593 1107 1647 1153 et
1700 1099 1884 1154 iecerit
1913 1101 2051 1167 inju-

510 1186 711 1240 stitiam
745 1223 760 1247 ,
800 1186 1093 1239 secundum
1121 1200 1307 1241 omnes
1361 1187 1688 1256 iniquitates,
1740 1206 1876 1258 quas
1925 1190 2053 1245 fecit

510 1276 748 1344 iniquus,
787 1276 833 1328 si
863 1273 1067 1339 iecerit,
1093 1289 1196 1329 non
1226 1278 1388 1341 vivet,
1445 1293 1633 1332 omnes
1658 1279 1879 1348 justitiae
1910 1280 2048 1347 ejus,

511 1381 647 1432 quas
708 1366 852 1429 fecit,
899 1380 1006 1420 non
1058 1368 1623 1420 commemorabuntur
1656 1369 1702 1420 ci
1728 1384 1740 1417 :
1768 1369 1820 1420 in
1855 1369 2050 1423 delicto

512 1456 632 1517 Suo,
660 1457 713 1510 in
743 1458 884 1525 quod
916 1457 1128 1523 cecidit,
1155 1467 1211 1511 et
1248 1457 1303 1511 in
1338 1460 1571 1529 peccatis
1614 1458 1749 1523 suis,
1782 1475 1902 1527 qua:
1927 1475 2049 1528 pec-

511 1548 669 1611 cavit,
697 1547 748 1600 in
774 1547 851 1600 eis
885 1547 1155 1601 morietur.
1182 1547 1341 1601 ‘25.Et
1378 1548 1590 1602 dixistis
1630 1567 1643 1602 :
1675 1547 1790 1602 Non
1833 1560 1975 1603 recta
2011 1551 2052 1605 it

511 1638 595 1691 via
630 1637 839 1691 Domini
870 1655 884 1691 :
920 1638 1101 1692 audite
1132 1649 1336 1702 autem,
1365 1639 1556 1695 domus
1598 1640 1847 1697 lsraelis:
1890 1657 2049 1695 num-

510 1728 636 1797 quid
661 1728 741 1779 via
772 1743 886 1781 mea
916 1744 1017 1781 non
1050 1737 1192 1782 recta
1228 1729 1308 1782 it?
1358 1728 1542 1783 Nonne
1596 1732 1677 1783 via
1724 1739 1897 1784 vestra
1944 1747 2045 1784 non

510 1827 652 1871 recta
681 1817 763 1870 it?
793 1817 880 1870 26.
903 1818 1036 1871 Cum
1067 1820 1319 1872 averterit
1348 1835 1405 1873 se
1425 1820 1605 1888 justus
1631 1836 1661 1874 a
1684 1821 1895 1889 justitia
1926 1837 2047 1883 sua,

508 1914 564 1958 et
594 1905 776 1959 fecerit
807 1906 1081 1970 delictum,
1112 1915 1163 1960 et
1187 1908 1446 1961 morietur
1477 1908 1532 1961 in
1572 1908 1786 1972 delicto,
1810 1911 1951 1976 quod
1979 1906 2052 1963 fe-

508 1995 600 2058 cit,
638 1996 688 2047 in
716 2009 780 2049 eo
804 1995 1076 2049 morietur.
1100 1996 1187 2049 27.
1221 1996 1284 2050 Et
1320 2011 1442 2050 cum
1475 1997 1725 2051 averterit
1746 2013 1803 2052 se
1837 1998 2053 2068 iniquus

509 2086 577 2137 ab
615 2084 892 2153 iniquitate
921 2100 1039 2149 sua,
1070 2101 1231 2154 quam
1258 2085 1404 2151 fecit,
1458 2096 1513 2139 et
1557 2085 1741 2140 fecerit
1763 2087 2050 2155 judicium,

508 2174 866 2241 etjnstitiam,
897 2175 982 2229 hic
1004 2176 1236 2229 animam
1262 2190 1414 2229 suam
1461 2176 1767 2230 custodivit.
1790 2175 1959 2241 9.8.x
1990 2174 2054 2229 Et

509 2262 687 2329 vidit:
720 2303 735 2327 ,
759 2272 811 2317 et
840 2278 898 2316 se
928 2263 1119 2316 avertit
1148 2264 1215 2317 ab
1246 2263 1498 2317 omnibus
1526 2263 1889 2331 impietatibus
1913 2264 2048 2326 suis,

509 2367 643 2419 quas
680 2350 821 2415 fecit,
847 2352 955 2406 vita
986 2354 1143 2418 vivet,
1180 2369 1282 2407 non
1317 2355 1592 2406 morietur.
1628 2352 1717 2405 29.
1756 2352 1819 2405 Et
1867 2352 2054 2406 dicunt

508 2440 699 2494 domus
721 2440 951 2505 lsraelis,
984 2440 1099 2494 Non
1129 2452 1269 2496 recta
1303 2443 1343 2495 it
1371 2443 1457 2496 via
1515 2443 1749 2496 Domini.
1782 2440 2050 2511 Numquid

506 2532 590 2583 via
619 2546 734 2584 mea
792 2548 898 2586 non
949 2543 1090 2585 recta
1144 2533 1203 2596 it,
1231 2533 1425 2586 domus
1483 2532 1940 2588 lsraelis?Nonne
1967 2534 2051 2586 via

508 2628 684 2671 vestra
740 2634 845 2671 non
883 2629 1025 2672 recta
1058 2620 1137 2673 it?
1187 2620 1276 2674 30.
1306 2623 1374 2688 Χ
1408 2619 1633 2687 Propter
1661 2621 1763 2673 hoc
1796 2620 1820 2689 ζ
1854 2636 2050 2673 unum-

509 2723 778 2776 quemque
807 2706 1099 2761 secundum
1120 2709 1256 2761 viam
1278 2724 1431 2762 suam
1454 2708 1705 2777 judicabo
1727 2724 1843 2772 vos,
1861 2710 2052 2761 domus

510 2794 746 2857 lsraelis,
796 2795 924 2848 dicit
954 2794 1158 2849 Adonai
1202 2795 1479 2849 Dominus.
1536 2796 1941 2857 Convertintiui,
2001 2804 2054 2849 et

508 2884 733 2937 avertite
757 2898 852 2937 vos
882 2885 948 2937 ab
969 2884 1218 2938 omnibus
1241 2885 1602 2954 impietatibus
1633 2886 1846 2947 vestris,
1876 2893 2052 2938 etnon

509 2980 670 3026 erunt
698 2970 846 3026 vobis
875 2971 927 3025 in
959 2981 1279 3027 tormentum
1303 2972 1597 3041 injustitiae.
1621 2973 1708 3026 51.
1740 2971 1991 3040 Projicite
2021 2988 2049 3025 a

2154 557 2385 629 bylonis,
2416 569 2468 612 et
2494 555 2793 612 introduxit
2820 567 2949 607 eum
2982 549 3057 620 (ν)
3094 550 3148 603 in
3192 564 3471 612 carcerem,
3524 559 3578 604 ut
3609 564 3667 604 ne

2154 646 2427 699 audiretur
2452 660 2550 698 vox
2587 643 2706 711 ejus
2728 655 2892 709 super
2928 646 3145 693 montes
3170 635 3395 691 lsraelis.
3416 636 3496 691 10.
3522 635 3668 691 Mater

2153 746 2242 789 tua
2269 731 2733 796 sicntvitis,'sicut
2769 730 2871 784 tios
2918 728 2974 782 in
3020 727 3407 792 malogranato,
3456 725 3665 795 plantata

2151 823 2204 877 in
2235 838 2407 892 aqua:
2431 822 2638 877 fructus
2671 821 2813 890 ejus,
2835 828 2888 874 et
2921 832 3145 889 germen
3165 815 3283 886 ejus
3308 814 3496 871 factum
3522 825 3665 870 estex

2149 930 2288 983 aqua
2318 914 2502 968 multa.
2538 915 2625 968 11.
2655 913 2720 968 Ει
2747 911 2889 966 facta
2935 917 3020 965 est
3048 909 3099 963 ei
3147 908 3295 978 virga
3321 907 3517 961 roboris
3532 922 3669 973 surer

2151 1007 2351 1059 tribum
2376 988 2597 1067 ducum,
2624 1012 2680 1058 et
2700 1003 2937 1058 exaltata
2978 1008 3066 1055 est
3110 998 3164 1053 in
3197 998 3551 1068 magnitudine
3568 1013 3668 1062 sua,

2152 1094 2204 1147 in
2244 1095 2421 1149 medio
2451 1095 2522 1163 (ι)
2574 1093 2959 1164 propaginum.
2996 1090 3063 1144 Et
3096 1090 3229 1145 vidit
3290 1089 3670 1160 magnitudinem

2150 1198 2303 1236 suam
2352 1184 2404 1237 in
2456 1182 2803 1237 multitudine
2853 1179 3146 1251 palmitum
3204 1193 3458 1234 suorum:
3515 1177 3591 1231 i2.
3627 1185 3671 1231 et

2149 1271 2422 1325 confracta
2456 1279 2540 1324 est
2569 1271 2623 1323 in
2656 1270 2863 1331 furore,
2908 1284 3075 1338 super
3105 1276 3303 1322 terram
3334 1268 3550 1336 projects
3581 1275 3667 1329 est,

2149 1370 2202 1415 et
2231 1370 2424 1416 ventus
2454 1360 2693 1415 uredinis
2723 1358 2948 1414 arelecit
2996 1360 3170 1413 electa
3219 1358 3333 1426 ejus
3364 1375 3376 1411 :
3424 1357 3666 1410 vindicatae

2151 1457 2297 1515 sunt,
2315 1460 2368 1503 et
2401 1457 2730 1503 exaruerunt
2762 1450 2927 1517 virgae
2961 1447 3176 1502 roboris
3200 1447 3317 1514 ejus
3346 1461 3358 1496 :
3405 1444 3531 1513 ignis
3560 1458 3669 1496 con-

2150 1542 2344 1592 sumsit
2365 1553 2483 1592 eam
2512 1555 2527 1592 :
2560 1538 2645 1590 15.
2678 1547 2733 1591 et
2754 1552 2899 1591 nunc
2930 1537 3246 1605 plantarunt
3267 1549 3381 1589 eam
3406 1533 3454 1586 in
3486 1533 3669 1587 deserto

2152 1628 2204 1681 in
2234 1637 2372 1680 terra
2412 1627 2530 1680 sine
2584 1642 2747 1697 aqua.
2800 1627 2888 1681 14.
2918 1625 2984 1679 Ει
3010 1626 3178 1680 exivit
3223 1623 3355 1694 ignis
3379 1639 3408 1676 e
3448 1624 3576 1690 virga
3608 1620 3668 1689 (α)

2153 1718 2444 1772 electorum
2476 1718 2617 1785 ejus,
2652 1710 2707 1771 et
2732 1716 2970 1770 comedit
3014 1730 3161 1778 eam,
3194 1722 3247 1769 et
3289 1727 3390 1766 non
3416 1718 3521 1765 erat
3543 1711 3589 1761 in
3617 1723 3669 1761 ea

2153 1811 2299 1879 virga
2326 1811 2533 1864 roboris
2562 1825 2581 1862 :
2610 1809 2685 1875 (b)
2718 1809 2774 1862 in
2807 1809 3032 1872 tribum,
3071 1807 3125 1861 in
3162 1804 3463 1873 parabolam
3491 1801 3668 1853 lamen-

2155 1901 2373 1954 tationis
2405 1911 2506 1964 est,
2530 1908 2584 1953 et
2612 1900 2716 1953 erit
2741 1899 2795 1951 in
2826 1896 3294 1951 lamentationem.

2218 1990 2366 2046 CAP.
2397 1988 2643 2043 XX.-—-i.
2669 1988 2735 2042 Et
2758 1988 2964 2043 factum
3000 1995 3083 2041 est
3116 1987 3170 2040 in
3213 1997 3353 2039 anno
3377 1981 3597 2049 septimo,
3625 1977 3668 2030 in

2155 2094 2339 2134 mense
2365 2077 2577 2147 quinto,
2611 2076 2825 2130 decimo
2843 2075 3072 2138 mensis,
3104 2081 3366 2127 venerunt
3390 2068 3481 2122 viri
3508 2082 3563 2120 ex
3593 2079 3666 2119 se-

2154 2168 2399 2221 nioribus
2423 2166 2620 2220 domus
2651 2165 2891 2229 lsraelis,
2916 2165 2985 2218 ad
3046 2159 3477 2229 interrogandum
3517 2152 3671 2207 Domi-

2154 2273 2305 2320 num,
2337 2265 2390 2310 et
2421 2256 2676 2309 sederunt
2712 2266 2841 2309 ante
2870 2254 3067 2309 faciem
3109 2266 3301 2306 meam.
3331 2248 3385 2301 2.
3414 2246 3475 2300 Et
3500 2244 3669 2298 factum

2150 2346 2231 2401 est
2259 2344 2477 2399 verbum
2506 2343 2715 2398 Domini
2738 2347 2806 2398 ad
2829 2360 2936 2407 me,
2970 2344 3157 2397 dicens
3184 2357 3197 2395 :
3238 2341 3290 2395 '5.
3327 2337 3419 2391 Fili
3451 2331 3668 2393 hominis,

2153 2439 2373 2506 loquere
2406 2434 2472 2488 ad
2495 2435 2742 2489 seniores
2775 2436 2976 2489 domus
2995 2432 3229 2495 lsraelis,
3256 2438 3309 2483 et
3331 2428 3466 2483 dices
3491 2424 3550 2478 ad
3565 2435 3668 2477 eos:

2151 2526 2277 2581 Haec
2312 2525 2442 2579 dicit
2467 2523 2675 2577 Adonai
2705 2524 2978 2577 Dominus
3025 2541 3037 2575 :
3075 2522 3131 2575 Si
3171 2520 3235 2573 ad
3281 2511 3668 2583 interrogandum

2152 2630 2237 2671 me
2275 2630 2371 2668 vos
2401 2611 2632 2668 venitis?
2648 2612 2787 2667 Vivo
2808 2628 2933 2682 ego,
2956 2612 3001 2665 si
3025 2608 3351 2678 respondero
3375 2605 3537 2665 vobis,
3563 2597 3671 2682 dicit

2151 2704 2360 2757 Adonai
2389 2703 2672 2768 Dominus,
2704 2704 2763 2757 4.
2799 2680 3020 2757 siultus
3052 2700 3206 2753 luero
3251 2711 3343 2752 eos
3375 2692 3585 2747 ultione:
3611 2680 3671 2739 illi

2152 2790 2432 2856 hominis.,
2464 2791 2536 2861 (c)
2563 2791 2887 2860 iniquitates
2937 2801 3153 2859 patrum
3198 2799 3379 2841 eorum
3409 2785 3671 2837 contestare

2150 2880 2252 2943 eis,
2281 2877 2334 2932 5.
2360 2886 2413 2932 et
2445 2880 2593 2935 dices
2642 2882 2708 2935 ad
2731 2896 2830 2935 eos
2858 2897 2872 2935 :
2910 2879 3033 2933 lla-c
3073 2878 3203 2931 dicit
3249 2876 3326 2944 (ά)
3357 2869 3594 2927 Dominus
3616 2862 3670 2932 (e)

2150 2967 2448 3023 Dominus:
2483 2969 2557 3023 Ex
2593 2970 2681 3026 die
2710 2986 2822 3041 quo
2862 2970 2998 3039 elegi
3043 2969 3258 3021 domum
3297 2960 3514 3023 lsraelis,
3556 2956 3673 3024 (ne!

510 3061 664 3116 vobis
729 3075 914 3115 omnes
978 3061 1277 3131 impietates
1307 3071 1535 3128 vestras,
1572 3078 1709 3132 quas
1739 3063 1899 3131 impie
1941 3062 2052 3126 egi-
2078 3082 2122 3140 ε
2156 3062 2362 3115 innotui
2384 3061 2574 3116 semini
2600 3063 2800 3118 domus
2833 3061 3046 3122 Jacobi,
3078 3067 3131 3112 et
3160 3054 3364 3112 innotui
3391 3052 3464 3140 eis
3491 3050 3539 3140 in
3555 3057 3671 3140 terr}

511 3153 612 3207 stis
638 3153 821 3215 inme,
854 3159 908 3205 et
970 3149 1131 3205 facite
1160 3151 1314 3206 vobis
1345 3168 1437 3205 cor
1471 3167 1689 3214 novum,
1717 3163 1771 3204 et
1807 3151 2054 3219 spiritum

513 3258 730 3307 novum,
767 3252 819 3296 et
843 3241 1000 3296 facite
1040 3244 1216 3294 omnia
1268 3252 1531 3311 prmeepta
1590 3256 1707 3295 mea
1740 3261 1752 3296 :
1804 3252 1857 3295 et
1888 3257 2055 3309 quare

512 3331 855 3396 moriemini,
926 3331 1117 3384 domus
1154 3328 1365 3385 lsraelis
1394 3318 1577 3384 {dicit
1629 3329 1906 3384 Dominus.
1964 3328 2052 3382 32.

509 3420 650 3489 Quia
679 3438 784 3475 non
817 3421 937 3475 volo
962 3430 1186 3474 mortem
1213 3420 1514 3484 morientis,
1540 3419 1669 3473 dicit
1706 3420 1913 3473 Adonai
1952 3418 2055 3471 Do-

511 3513 692 3568 minus
724 3531 737 3565 :
781 3515 847 3580 Χ
888 3512 1344 3575 etconvertimini,
1369 3521 1419 3564 et
1444 3510 1604 3565 vivite
1637 3510 1683 3577 ζ.

579 3601 730 3656 CAP.
764 3602 902 3657 XIX.
930 3629 999 3644 -
1025 3598 1075 3655 1.
1118 3600 1180 3655 Et
1215 3610 1268 3654 tu
1292 3601 1363 3654 ﬁli
1386 3600 1639 3665 hominis,
1679 3616 1829 3654 sume
1853 3600 2056 3653 lamen-

509 3695 764 3749 tationem
806 3693 879 3763 (q)
896 3708 1056 3760 super
1094 3692 1386 3761 principem
1427 3690 1658 3756 lsraelis,
1707 3691 1762 3744 2.
1786 3699 1838 3744 et
1865 3691 2050 3746 dices:

508 3783 687 3851 Quare
709 3794 878 3838 mater
900 3792 989 3838 tua
1010 3783 1182 3836 catula
1229 3782 1281 3835 in
1342 3783 1517 3835 medio
1566 3782 1777 3836 leonum
1813 3782 1881 3851 (r)
1918 3780 2054 3836 facta

508 3875 626 3929 est?
651 3874 702 3926 in
733 3875 908 3927 medio
933 3875 1146 3926 leonum
1175 3873 1242 3941 (ε)
1267 3872 1637 3939 multiplieavit
1662 3873 1869 3926 catulos
1905 3887 2049 3926 suos.

507 3964 564 4019 3,
591 3961 654 4014 Et
680 3962 947 4016 subsilivit
976 3977 1119 4015 unus
1145 3976 1211 4014 ex
1237 3960 1434 4013 catulis
1460 3960 1596 4028 ejus,
1639 3962 1719 4014 leo
1752 3960 1927 4014 factus
1950 3970 2052 4022 est,

509 4062 564 4106 et
590 4052 779 4105 didicit
812 4066 998 4119 rapere
1035 4052 1295 4119 rapinas:
1346 4051 1591 4104 [nomines
1637 4051 1886 4104 comedit.
1913 4051 1964 4104 4.
1992 4051 2056 4105 Et

508 4140 800 4194 audierunt
854 4138 915 4207 (ε)
944 4153 1101 4207 super
1128 4154 1193 4192 eo
1243 4148 1427 4208 gentes
1452 4157 1483 4201 :7
1520 4139 1572 4192 in
1602 4141 1946 4208 corruptione
1965 4155 2056 4195 eo-

510 4234 630 4277 rum
683 4233 868 4293 captus
931 4234 1033 4289 est,
1077 4235 1130 4279 et
1182 4225 1516 4279 adduxerunt
1542 4242 1662 4280 eum
1712 4226 1765 4280 in
1819 4244 1972 4281 canto
2000 4230 2051 4282 in

510 4319 711 4365 terram
736 4312 974 4382 Aigypti.
1012 4312 1063 4365 5.
1098 4311 1162 4368 Et
1187 4314 1342 4377 vidit,
1370 4314 1511 4382 quod
1552 4316 1797 4383 repulsus
1828 4327 1965 4371 esset
1986 4319 2053 4372 ab

510 4415 596 4463 ea,
631 4409 681 4454 et
710 4401 954 4469 periisset
992 4402 1071 4473 (ιι)
1101 4404 1397 4457 substantia
1421 4405 1558 4472 ejus.
1581 4415 1633 4459 et
1673 4408 1862 4460 sumsit
1888 4409 2050 4462 alium
2083 4390 2126 4446 θ

512 4486 583 4542 de
613 4490 805 4544 catulis
833 4492 969 4555 suis,
1004 4492 1210 4546 leonem
1261 4494 1536 4547 constituit
1571 4509 1714 4548 eum.
1744 4495 1794 4548 6.
1838 4495 1901 4551 Et
1927 4514 2057 4552 con-

512 4579 827 4633 versabatur
853 4582 903 4634 in
934 4583 1108 4636 medio
1134 4583 1344 4636 leonum
1374 4603 1385 4637 :
1416 4584 1498 4638 leo
1534 4584 1706 4640 lactus
1745 4596 1851 4650 est,
1895 4599 1948 4643 et
1976 4589 2057 4643 di-

511 4666 644 4723 dicit
670 4684 857 4738 rapere
884 4672 1104 4739 rapinas
1131 4688 1145 4724 :
1178 4673 1427 4728 homines
1459 4676 1728 4731 comedit:
1794 4677 1848 4729 7.
1876 4686 1929 4731 et
1965 4693 2059 4745 pa-

511 4757 766 4811 scebatur
791 4757 843 4810 in
873 4756 1093 4812 audacia
1117 4775 1234 4825 sua,
1259 4770 1313 4813 et
1350 4761 1510 4815 urbes
1553 4776 1741 4817 eorum
1775 4766 2054 4830 desolavit,

508 4856 566 4903 et
596 4847 820 4902 vastavit
851 4859 1072 4915 terram,
1113 4859 1164 4904 et
1185 4851 1567 4919 plenitudinem
1594 4853 1711 4921 ejus
1738 4869 1769 4906 a
1799 4869 1927 4908 voce
1962 4872 2053 4909 ru-

510 4928 654 5004 gitus
679 4936 785 4991 sui.
814 4937 893 5006 (at)
924 4937 977 4991 8.
1004 4935 1360 4993 Et‘dederunt
1417 4954 1579 5008 super
1608 4956 1725 4994 eum
1751 4949 2056 5010 gentesun-

513 5024 676 5093 dique
703 5041 734 5080 e
768 5028 1091 5096 regionibus,
1120 5039 1173 5083 et
1193 5029 1565 5098 expanderunt
1594 5046 1754 5100 super
1782 5047 1902 5085 eum
1923 5034 2054 5087 retia

512 5126 611 5165 sua
641 5132 653 5166 :
689 5115 743 5168 in
765 5121 1112 5190 corruptione
1140 5135 1325 5175 eorum
1349 5132 1537 5188 captus
1554 5132 1655 5178 est.
1688 5123 1740 5178 9.
1770 5123 1838 5178 Et
1863 5139 2056 5193 posue-

586 5288 658 5354 (p)
682 5287 878 5343 Omnes
904 5294 955 5346 in

512 5427 595 5544 ἓν)
638 5422 723 5500 β.,
763 5422 816 5476 in
846 5425 1148 5506 (Egyptum.
1224 5436 1297 5557 ξ)
1444 5452 1477 5504 p

540 5510 572 5544 ιι
604 5504 802 5557 virgam
837 5509 1051 5557 regiam.
1125 5503 1195 5557 (cl
1274 5514 1476 5557 eccata.

540 5504 802 5571 n‘vtggam
837 5503 1065 5571 regiam.
1125 5503 1195 5571 (ε)
1234 5503 1476 5558 Peccata.

521 5640 611 5694 per
640 5641 727 5681 ea.

957 5294 1177 5413 #tstitiaa
1206 5298 1345 5368 ejus.
1418 5298 1491 5366 (τι)
1529 5298 1611 5363 8.,
1637 5308 1854 5379 propter
1888 5299 2052 5380 princi

998 5365 1049 5413 IL
1092 5366 1264 5413 deer)-
1340 5368 1415 5413 (ul
1446 5366 1527 5413 8--
1560 5377 1885 5413 exsneotatm
1928 5383 2052 5413 eius.

3237 5277 3249 5289 .
3505 5290 3517 5304 ,
3562 5256 3664 5298 eum

2153 5290 2998 5413 ’τιιΪῖἷὶαξηρίίῖἷέᾠῗαξξ’8..(2ι
3023 5278 3341 5413 ῗίἔεὲἒῗ-ἒῖἱιι,
3366 5256 3664 5413 ξῖνὲτξῗᾟ

514 5358 678 5438 cavit;
748 5358 811 5435 (οι)
841 5358 919 5438 8;,
957 5358 1049 5417 Th.
1092 5358 1285 5438 deed.
1340 5358 1528 5438 ως..
1560 5358 1903 5437 exspectatio'
1928 5359 2064 5438 ejus.

1383 5475 1419 5499 .,
1444 5435 1802 5500 plantatorum
1833 5435 2068 5492 cum'ea.
2096 5435 2216 5500 Th.,
2252 5435 2657 5493 umbrosorum.

2154 3147 2391 3219 Εεῐριῖ.
2421 3158 2476 3203 θι
2500 3151 2617 3220 cepi
2649 3166 2750 3207 eos
2781 3167 2946 3205 manu
2974 3162 3112 3213 mea,
3143 3146 3357 3200 dicens:
3385 3138 3489 3209 Ego
3517 3131 3668 3189 Domio

2158 3255 2260 3297 litis
2291 3238 2433 3293 Deus
2458 3252 2669 3305 vester;
2705 3244 2760 3297 6.
2803 3242 2857 3296 in
2881 3239 3084 3295 dieillo
3118 3235 3233 3303 cepi
3263 3246 3353 3287 eos
3388 3240 3533 3283 manu
3556 3235 3671 3281 mea.

2151 3323 2215 3380 ut
2240 3328 2522 3382 educerem
2558 3344 2653 3384 eos
2682 3346 2745 3387 ex
2772 3342 2915 3384 terra
2954 3322 3174 3396 Egypti
3208 3325 3262 3376 in
3302 3328 3505 3376 terram,
3536 3320 3669 3379 quam

2154 3418 2335 3484 paravi
2361 3418 2673 3481 eis,terram
2713 3420 2967 3473 ﬂuentem
2995 3418 3151 3478 lacte,
3180 3422 3233 3466 et
3266 3407 3434 3470 melle,
3467 3400 3673 3472 (φῆναι

2128 3518 2236 3583 ,εει
2264 3509 2383 3576 Plus
2407 3524 2569 3577 qnam
2594 3504 2779 3566 oinnis
2805 3520 2967 3563 terra.
2992 3509 3045 3562 7.
3068 3505 3130 3557 Et
3152 3501 3261 3558 dixi
3290 3499 3351 3553 ad
3373 3510 3492 3551 eos:
3519 3489 3671 3583 linusf

2152 3594 2382 3666 quisque
2426 3598 2869 3655 abominationes
2920 3598 2989 3650 ab
3034 3593 3207 3649 oculis
3233 3590 3345 3645 suis
3372 3582 3607 3656 projiciat,
3631 3582 3673 3627 et

2154 3684 2208 3738 in
2246 3686 2439 3739 studiis
2487 3685 2713 3757 Egypti
2774 3703 2845 3743 ne
2898 3681 3264 3756 polluamini:
3318 3689 3412 3744 οπο
3453 3667 3673 3757 Domi?“

2154 3770 2297 3827 Deus
2324 3783 2517 3828 vester.
2631 3754 2710 3832 lit
2743 3754 3091 3831 recesserunt
3135 3789 3161 3825 a
3209 3783 3313 3830 me,
3344 3774 3395 3819 et
3418 3754 3674 3848 nonvolu-

2153 3871 2313 3915 ernnt
2338 3865 2596 3917 exaudire
2623 3881 2715 3920 tne
2742 3885 2757 3921 :
2790 3870 2858 3933 >ε<
2887 3861 3266 3930 unusquisque
3294 3864 3425 3907 ""“5
3449 3848 3467 3914 ί
3495 3844 3674 3935 abonii.

2155 3952 2398 4006 nationes
2422 3955 2489 4007 ab
2523 3956 2701 4011 oculis
2725 3925 2856 4009 suis.
2876 3968 2984 4007 non
3031 3948 3393 4020 projecerunt,
3449 3943 3499 3989 et
3528 3925 3672 3984 studii

2155 4041 2369 4112 Egypti
2398 4060 2503 4097 non
2532 4047 2898 4116 reliqui-runt.
2939 4041 3005 4095 Et
3035 4040 3241 4100 dixi,et
3264 4026 3516 4085 eii'undam
3548 4020 3671 4116 iuro:

2155 4147 2267 4187 rem
2302 4148 2480 4188 meum
2507 4113 2673 4204 super
2689 4152 2809 4199 eos,
2837 4134 2903 4187 ad
2930 4128 3261 4199 implendum
3292 4123 3419 4173 iram
3458 4120 3607 4164 meam
3628 4113 3671 4152 ιιι

2154 4223 2233 4276 eis
2265 4224 2316 4276 in
2353 4226 2530 4277 medio
2561 4234 2724 4280 terra:
2750 4224 2997 4294 Egypti.
3053 4219 3106 4271 9.
3138 4215 3203 4268 Et
3251 4209 3369 4271 ieci,
3425 4209 3478 4254 ut
3507 4204 3670 4295 "ﬁlim."

2154 4329 2332 4367 meum
2368 4316 2587 4369 omnino
2620 4333 2730 4371 non
2764 4290 3155 4384 profanaretur
3211 4311 3387 4356 coram
3411 4283 3670 4387 “gemini?

2153 4418 2382 4472 Quarum
2416 4406 2514 4473 ipsi
2547 4419 2678 4461 sunt
2704 4409 2758 4460 in
2788 4403 2969 4458 medio
2999 4410 3208 4458 earum.
3253 4391 3306 4444 ίη
3335 4382 3519 4454 (ΙυίῘ)υς
3546 4379 3671 4473 imi):

2153 4465 2232 4547 t'ui
2261 4495 2325 4547 ad
2350 4465 2450 4548 eos
2477 4510 2663 4551 coram
2693 4497 2798 4556 eis,
2853 4504 2913 4545 ut
2960 4490 3245 4544 educerem
3310 4487 3401 4530 eos
3444 4482 3504 4522 ex
3553 4465 3670 4556 terr.“

2155 4541 2821 4656 ὶὲἐᾶὖιῖἷίὀῗέῖζςᾶἑιῖε
2851 4541 3046 4635 ...ει
3099 4583 3237 4628 ιε...
3294 4541 3671 4656 euecti“?

2153 4646 2400 4729 duxi-eos
2427 4676 2479 4728 in
2516 4684 2721 4730 terram
2751 4673 3057 4729 desertum,
3090 4663 3175 4718 11.
3206 4666 3260 4714 et
3298 4650 3413 4708 dedi
3461 4646 3671 4737 eiii"?

2154 4773 2307 4833 cepta
2340 4779 2481 4827 mea,
2518 4774 2570 4819 et
2590 4762 3017 4835 iustiﬁcationes
3076 4762 3228 4806 meas
3274 4748 3457 4857 ηρυῗ,
3474 4731 3671 4857 (ego:

2152 4812 2273 4924 quin
2324 4854 2484 4909 racia
2646 4856 2835 4916 ιιοωο.
2889 4859 2942 4902 ει
2983 4846 3060 4916 (ιι)
3304 4812 3670 4939 ἱηηξέεςηᾷῗήῗέ

2153 4906 2376 4997 sabbata
2406 4959 2523 4997 mea
2556 4943 2683 4999 dedi
2706 4906 2905 5005 eis,'ut
2926 4906 3109 4988 essent
3141 4927 3195 4979 in
3207 4906 3671 5029 nsigniflinszc'z‘:

2155 5041 2208 5085 et
2237 5031 2379 5085 inter
2411 5047 2525 5095 eos,
2548 5042 2609 5087 ut
2639 5031 2847 5085 scirent
2894 5023 3022 5093 quia
3076 5028 3177 5084 08°
3206 4996 3667 5101 θοῐξῖίηξηζῗῗῖ.

2152 5078 2802 5178 ιῖὲεζὲέζέοᾷἷῖὲῖὲίἓὲέὲ
2831 5078 3144 5172 έάάοωιιιῆ
3162 5092 3371 5157 lsraelis
3396 5089 3445 5141 in
3467 5078 3666 5135 deserto:

3562 5243 3669 5298 edito

2172 5338 2290 5431 ἀνιᾷ
2310 5338 2998 5439 ’ἔόαὲ”ε]¹ἷίἑῖ’”’ἰ’ἔὶ’ξε“ἕι
3032 5338 3491 5439 ὺίὲἱὶίῖ.¹;¹.ἔ“ὶ;.ῗὲ¹’⁰

2734 5372 2789 5433 π)
2828 5372 2914 5421 δ..
2943 5372 2998 5411 el
3032 5372 3341 5422 Ρυδυιπυω-
3369 5372 3565 5448 '“f‘m
3599 5372 3665 5428 5..

2734 5432 2821 5517 (at
2844 5414 3456 5517 τξτίξέξιοηνὲξξὶξέἕεῗιο
3484 5451 3664 5517 ionius:

552 5484 811 5576 virgam,
837 5484 1195 5576 τθέῖἆίηέςηζε)

2418 5484 2825 5573 *ἑξ-ῖίυῖονξίί
2876 5484 3229 5576 [gannitu-RE?
3258 5484 3665 5576 εθιμῖὶιῖυδῗςὶἇω

517 5506 572 5575 tu
604 5506 802 5559 "rgum
837 5509 1051 5562 regiam.
1125 5506 1195 5571 (ε)
1234 5506 1476 5558 Peccata.
1570 5506 1647 5575 (ά)
1681 5507 1906 5560 Adonai.
1982 5506 2048 5574 (ε)

517 5562 593 5626 (ν)
634 5554 718 5620 8.,
767 5575 880 5627 qua:
916 5575 997 5618 est
1034 5568 1191 5622 timor
1236 5572 1565 5628 adorationis
1626 5576 1875 5629 omnibus
1936 5575 2052 5628 terri

2153 5521 2247 5559 θυε-
2349 5506 2394 5575 Ῑ)
2425 5506 2516 5588 β..
2559 5519 2614 5561 et
2648 5506 2825 5558 levavi
2876 5506 3097 5574 manum
3131 5506 3229 5578 pru
3258 5506 3521 5583 Marb-"sq

2163 5573 2284 5638 ΤΙιι.
2317 5506 2575 5632 iortttudo
2616 5580 2704 5628 est
2752 5563 3012 5623 omnibus
3064 5561 3243 5609 tetris.
3348 5535 3368 5602 (
3403 5538 3420 5595 )

2338 5561 2575 5632 bititudo
2616 5580 2704 5628 est
2752 5563 3012 5623 omnibus
3064 5561 3243 5609 terris.
