3802 6344
510 307 650 365 27+!)

1592 291 1814 353 CODEX
1845 286 2611 345 SYRIACO-HEXAPLARIS.

3547 289 3673 344 τῖὶο

518 374 935 482 recordabimiui
962 421 1045 477 ibi
1078 418 1283 473 viarum
1334 418 1723 473 vestramm,et
1745 408 2043 465 studiorum
2072 409 2119 467 Α
2146 413 2227 459 est
2254 414 2471 475 paratus
2494 446 2509 471 ,
2547 413 2605 459 ut
2654 402 2816 459 detur
2848 400 2915 483 in
2949 415 3173 455 manum
3213 400 3570 462 confodicntis.
3594 408 3668 463 12.

509 526 839 579 vestrorum,
862 515 913 568 in
934 511 1126 580 quibus
1153 501 1341 574 polluti
1368 501 1499 557 estis
1524 501 1575 555 iu
1599 499 1698 561 eis,
1723 499 1793 568 (ι)
1822 506 1876 551 et
1901 495 2048 549 vide-

517 607 648 661 bitis
680 605 842 659 facies
871 608 1073 655 vestras
1100 597 1152 648 in
1198 594 1452 648 omnibus
1492 590 1712 645 malitiis
1747 588 1956 651 vestris,
1982 590 2049 653 Χ

508 712 658 764 .quas
680 690 964 756 fecistisz,
996 685 1083 737 μ.
1114 692 1168 737 et
1222 682 1423 743 scietis,
1468 681 1591 749 quia
1630 694 1727 748 cgo
1771 677 2049 739 Dominus,

486 828 489 832 .
521 803 643 840 eum
672 784 842 836 fecero
865 776 1015 831 vobis
1047 774 1145 835 sic,
1170 782 1232 826 ut
1269 786 1464 825 nomen
1501 785 1676 823 meum
1713 770 1899 835 Xnon
1926 780 2051 834 pro-

512 846 731 925 fanetur
751 867 772 932 ζ
796 862 1085 918 secundum
1117 859 1456 913 viasvvestras
1481 858 1735 921 malas,et
1756 855 2048 910 secundum

520 958 694 1010 studia
726 962 896 1006 vestra
925 948 1411 1023 co_rrupta,domus
1433 946 1662 1010 lsraelis,
1688 946 1817 999 dicit
1847 943 2049 997 Adonai

521 1045 794 1098 Dominus.
827 1041 914 1093 £5.
943 1040 1005 1092 Et
1038 1038 1237 1092 factum
1260 1048 1350 1092 est
1378 1037 1599 1090 verbum
1627 1034 1838 1089 Domini
1858 1033 1923 1087 ad
1944 1047 2050 1096 me,

523 1135 739 1188 dicens:
764 1128 979 1182 46.-Fili
1007 1127 1260 1188 hominis,
1306 1126 1533 1180 oblirma
1569 1125 1758 1178 faciem
1801 1133 1947 1177 tuam
1974 1122 2049 1191 (α)

520 1229 681 1287 super
708 1214 980 1277 Thaeman,
1003 1224 1054 1268 et
1080 1216 1284 1281 respice
1314 1227 1475 1280 super
1498 1214 1571 1281 (ὁ)
1598 1212 1815 1276 Davom,
1853 1220 1906 1265 et
1930 1226 2054 1280 pro-

522 1309 683 1377 pheta
718 1320 877 1373 super
910 1303 1095 1357 silvam
1113 1305 1302 1356 ducem
1326 1300 1523 1370 Nageb,
1544 1303 1631 1355 47.
1665 1310 1719 1354 et
1737 1302 1884 1355 dices
1909 1302 2055 1354 silvae

520 1395 703 1464 Nageb
731 1411 746 1447 :
769 1391 901 1445 Audi
928 1392 1146 1445 verbum
1178 1391 1386 1444 Domini
1409 1409 1422 1445 :
1447 1392 1559 1445 haec
1578 1391 1706 1444 dicit
1729 1391 1933 1444 Adonei
1953 1385 2055 1443 Do-

524 1488 704 1541 minus
739 1501 753 1539 :
779 1482 915 1537 Ecce
945 1496 1044 1551 ego
1069 1482 1337 1536 succende
1365 1482 1419 1536 in
1439 1490 1492 1535 te
1514 1480 1711 1550 ignem,
1740 1488 1793 1534 et
1832 1481 2055 1535 devora—

524 1575 605 1629 bit
631 1574 685 1628 in
723 1584 777 1628 te
801 1586 958 1628 omne
979 1570 1179 1639 lignum
1205 1568 1398 1634 viride,
1450 1580 1504 1624 et
1538 1585 1695 1624 omne
1727 1570 1927 1638 lignum
1950 1567 2056 1621 ari-

516 1664 685 1729 ,dum:
712 1678 818 1716 non
854 1660 1193 1729 extinguetur
1220 1658 1454 1723 ﬂamma,
1499 1674 1617 1726 qua:
1653 1672 1908 1712 succensa
1950 1666 2053 1722 est,

526 1764 580 1808 et
596 1751 801 1807 ardebit
829 1752 882 1804 in
910 1765 970 1803 ea
1005 1708 1187 1803 t'imnis
1215 1747 1379 1803 facies
1426 1708 1730 1802 abjoriente
1777 1760 1948 1815 usque
1985 1746 2051 1799 ad
2086 1708 2127 1765 Β

518 1841 846 1912 aquilonem.
868 1838 956 1892 48.
982 1839 1050 1908 (r)
1079 1838 1143 1892 Et
1164 1846 1487 1913 cognoscent
1524 1838 1697 1891 omnis
1738 1851 1888 1901 caro,
1910 1836 2053 1904 quod

522 1946 627 2000 ego
662 1930 937 1992 Dominus,
965 1939 1018 1981 et
1037 1927 1287 1981 succendi
1312 1941 1448 1989 eam,
1475 1935 1526 1980 et
1552 1941 1657 1979 non
1694 1926 2053 1995 extinguetur.

522 2021 615 2076 £9.
644 2018 711 2073 Et
738 2019 884 2074 dixi:
911 2017 1283 2085 Nequaquam,
1311 2014 1556 2079 Domine,
1585 2014 1821 2078 Domine,
1876 2015 1948 2067 illi
1969 2015 2054 2067 di-

522 2118 653 2167 cunt
678 2109 745 2163 ad
770 2123 855 2163 me
886 2125 901 2162 :
932 2106 1118 2160 Nonne
1149 2105 1261 2159 haec
1281 2104 1529 2173 parabola
1558 2111 1661 2167 est,
1709 2118 1828 2172 qua:
1861 2103 2057 2158 dicitur

523 2196 681 2252 haec?

596 2286 745 2341 CAP.
774 2282 1042 2339 XXl.—l.
1078 2281 1144 2336 Et
1181 2282 1380 2336 factum
1397 2290 1477 2337 est
1500 2281 1718 2337 verbum
1742 2280 1956 2335 Domini
1986 2280 2054 2334 ad

530 2389 637 2440 Ine,
681 2375 901 2429 dicens:
932 2372 987 2427 2.
1026 2372 1125 2427 Fili
1150 2370 1405 2434 hominis,
1433 2370 1659 2453 oblirrqa
1699 2369 1887 2424 faciem
1913 2379 2055 2424 tuam

530 2480 690 2535 super
719 2464 1035 2527 Jerusalem,
1058 2471 1113 2517 et
1137 2461 1342 2530 respice
1368 2475 1528 2530 super
1545 2457 1742 2515 Sancta
1772 2475 1982 2524 eorum,
2004 2468 2059 2514 et

528 2554 872 2635 prophetabis
899 2567 1060 2620 super
1087 2561 1283 2606 terram
1332 2549 1562 2616 lsraelis,
1610 2550 1666 2604 ὃ.
1708 2558 1762 2603 et
1800 2550 1947 2604 dices
1991 2549 2058 2603 ad

531 2653 731 2698 terram
756 2641 999 2695 lsraelis:
1040 2640 1162 2694 Haec
1185 2639 1313 2693 dicit
1331 2639 1588 2692 Dominus
1611 2638 1900 2692 Dominus:
1925 2636 2061 2693 Ecce

526 2744 635 2797 ego
658 2728 725 2781 ad
761 2736 833 2790 te,
858 2736 910 2781 et
933 2726 1224 2794 evaginabo
1255 2725 1484 2779 cultrum
1510 2725 1809 2778 manualem
1833 2740 2009 2779 meum
2028 2738 2060 2778 e

526 2817 724 2885 vagina
745 2829 865 2878 sua.
898 2825 952 2869 et
979 2815 1260 2869 exsiccabo
1287 2830 1354 2869 es
1370 2825 1423 2867 te
1446 2814 1702 2882 iniustum
1723 2822 1777 2867 et
1796 2813 2056 2881 iniquum.

530 2903 695 2974 J..(d)
733 2915 796 2958 -ι-
825 2902 929 2956 Pro
978 2915 1045 2956 eo
1087 2902 1229 2971 quod
1256 2903 1475 2972 perdam
1514 2917 1578 2957 ex
1612 2911 1666 2955 te
1706 2902 1964 2970 iniustum
2008 2909 2062 2955 et

2150 492 2358 558 Clama,
2392 504 2445 549 et
2472 493 2638 556 ulula,
2680 492 2756 546 illi
2791 480 3071 557 hominis;
3101 493 3231 562 quia
3271 493 3370 547 hoc
3398 494 3667 559 lactumcst

2151 581 2205 634 in
2240 584 2440 651 populo
2462 598 2601 648 meo,
2632 582 2738 635 hoc
2784 580 2840 633 in
2897 580 3159 634 omnibus
3192 582 3415 637 ducibus
3441 585 3671 640 lsraeliss

2149 668 2540 735 inhabitabunt,
2575 671 2700 739 quia
2729 669 2943 739 gladius
2973 669 3076 723 fuit
3093 670 3287 738 populo
3305 687 3422 725 meo
3443 691 3456 725 :
3480 686 3671 742 propter

2151 759 2250 814 hoc
2279 761 2471 830 plaude
2497 776 2661 829 super
2694 776 2914 813 manum
2949 768 3099 812 tuam
3119 758 3247 824 ,13.
3280 761 3341 829 (i)
3380 763 3500 830 quia
3524 765 3670 831 justi-

2150 849 2339 903 ﬁcatus
2369 860 2450 904 est
2478 868 2494 902 :
2522 859 2577 903 et
2609 849 2743 917 quid
2770 849 2815 903 si
2852 849 3017 902 etiam
3047 850 3221 904 tribus
3267 851 3471 918 repulsa
3499 852 3672 906 fuerit!

2148 936 2264 990 Non
2289 939 2411 1003 erit,
2457 939 2587 992 dicit
2632 938 2900 992 Dominus
2930 937 3215 993 Dominus.
3272 939 3357 992 N.
3412 939 3471 992 Et
3498 948 3568 1003 tu.
3606 943 3668 995 illi

2155 1027 2409 1089 hominis,
2451 1029 2734 1096 propheta,
2757 1037 2810 1082 et
2846 1028 3135 1096 complode
3160 1044 3375 1083 manum
3405 1045 3553 1099 super
3573 1048 3670 1085 una.

2153 1131 2303 1181 num,
2336 1116 2407 1187 (k)
2429 1124 2483 1170 et
2515 1116 2730 1184 duplica
2761 1117 3035 1186 gladium:
3080 1117 3294 1185 gladius
3342 1119 3517 1172 tertius
3546 1122 3670 1174 occi-

2151 1220 2333 1259 sorum
2373 1214 2475 1270 est,
2505 1206 2713 1275 gladius
2738 1206 3050 1263 occisorum
3074 1222 3339 1275 magnus:
3390 1218 3437 1262 ct
3474 1211 3669 1264 terrebis

2150 1308 2266 1357 eos,
2290 1294 2378 1348 l5.
2411 1305 2470 1348 ut
2494 1297 2833 1364 percutiatur
2880 1311 3047 1350 omne
3087 1312 3181 1351 cor
3234 1299 3318 1367 (ι),
3355 1308 3402 1353 el
3441 1302 3669 1368 multipli-

2148 1383 2566 1438 centurinlirmi
2615 1400 2778 1454 super
2826 1400 3049 1439 omnem
3097 1390 3582 1455 portamXeorum
3610 1391 3665 1457 ξι

2150 1474 2247 1543 (m)
2290 1473 2477 1527 traditi
2506 1483 2633 1527 sunt
2680 1475 2732 1527 in
2772 1475 3082 1529 occisiones
3128 1476 3330 1544 gladii:
3366 1478 3490 1531 bene
3520 1477 3668 1531 factus

2151 1563 2315 1617 estad
2341 1561 2706 1632 splendorem,
2744 1562 2884 1617 bene
2908 1561 3087 1619 factus
3108 1573 3189 1618 est
3212 1563 3277 1618 ad
3308 1566 3663 1619 mactationeni.

2153 1648 2241 1707 16.
2280 1649 2443 1715 Vade,
2472 1667 2739 1707 exacuere
2792 1666 2823 1704 a
2854 1652 3066 1714 dextra,
3132 1662 3188 1707 et
3216 1668 3247 1707 a
3300 1654 3525 1718 sinistra,
3544 1670 3659 1722 quo-

2153 1753 2382 1807 cumque
2408 1738 2572 1794 facies
2612 1749 2703 1793 tua
2730 1742 2971 1794 excitata
3000 1740 3187 1795 fuerit.
3212 1740 3297 1797 17.
3324 1740 3386 1795 Ει
3406 1757 3497 1811 ego
3513 1752 3661 1795 autem

2152 1828 2486 1895 complodam
2529 1842 2752 1881 manum
2810 1844 2989 1883 meam
3045 1830 3114 1883 ad
3171 1845 3385 1884 manum
3431 1841 3663 1892 meam.ct

2155 1916 2436 1967 immittam
2490 1915 2729 1969 furorem
2788 1933 2972 1972 meum
3013 1932 3160 1989 :ego
3200 1919 3445 1974 Dominus
3484 1919 3662 1974 locutus

2153 2019 2294 2057 sum.
2335 2003 2420 2057 18.
2457 2003 2522 2058 Ει
2551 2004 2753 2059 factum
2778 2016 2863 2060 est
2903 2008 3128 2062 verbum
3156 2007 3361 2062 Domini
3384 2009 3444 2061 ad
3480 2023 3572 2070 me,
3594 2007 3663 2060 di-

2154 2107 2314 2146 cens:
2340 2092 2423 2147 19.
2459 2092 2521 2145 Et
2551 2103 2606 2146 tu
2642 2094 2717 2147 iili
2759 2094 2997 2151 hominis
3021 2133 3039 2160 ,
3071 2096 3259 2150 ordiua
3282 2166 3285 2167 ν
3310 2095 3398 2148 tibi
3441 2094 3529 2163 ipsi
3551 2092 3664 2146 duas

2155 2182 2289 2243 vias,
2313 2181 2401 2235 20.
2438 2191 2495 2236 ut
2526 2183 2863 2252 ingrediatur
2892 2185 3105 2254 gladius
3126 2185 3264 2254 regis
3292 2183 3559 2254 Babylonis
3578 2196 3589 2232 :
3608 2195 3663 2233 es

2156 2271 2370 2337 regione
2403 2286 2505 2324 una
2521 2272 2873 2339 egredientur
2902 2273 3240 2343 principatus
3260 2275 3383 2337 duo,
3410 2285 3459 2329 et
3477 2286 3663 2328 manum

2156 2359 2222 2425 >κ
2256 2357 2321 2411 ad
2362 2360 2661 2426 parandum
2695 2360 2720 2429 ζ
2749 2364 2807 2414 in
2836 2363 3107 2432 principio
3160 2365 3260 2419 viae
3314 2367 3490 2420 urbis:
3529 2379 3664 2431 super

2154 2447 2418 2517 principio
2447 2448 2547 2500 vim
2574 2449 2878 2516 ordinabis,
2913 2459 2974 2505 ut
3018 2453 3346 2522 ingrediatur
3378 2452 3564 2520 gladius
3588 2468 3664 2507 su-

2156 2535 2533 2604 per'Rabbatb,
2561 2550 2724 2605 super
2743 2537 2888 2593 ﬁlios
2905 2540 3161 2606 Ammon,
3189 2549 3242 2594 et
3267 2526 3419 2609 super
3436 2538 3661 2600 Judaeam,

2155 2631 2209 2675 et
2264 2637 2426 2691 super
2476 2621 2783 2695 Jerusalem
2823 2626 2903 2695 (ιι)
2944 2626 2999 2679 in
3040 2616 3216 2681 medio
3255 2627 3389 2695 ejus.
3439 2626 3519 2679 2i.
3549 2625 3661 2690 Qui:

2166 2707 2329 2760 stabit
2357 2723 2447 2760 rex
2475 2706 2772 2777 Babylonis
2802 2709 2877 2779 (ο)
2899 2726 3062 2781 super
3081 2712 3220 2765 viam
3238 2713 3664 2781 antiquam.sup_er

2154 2795 2421 2864 principio
2452 2796 2680 2850 duarum
2706 2798 2945 2864 viarum,
2998 2784 3447 2855 addivinandum
3488 2797 3663 2852 divina-

2159 2879 2381 2947 tionem,
2417 2883 2492 2954 (ρ)
2524 2885 2592 2939 ad
2617 2888 3046 2942 concutiendum
3088 2890 3284 2957 virgam
3308 2930 3323 2954 ,
3352 2900 3401 2943 et
3431 2888 3491 2942 ad
3522 2888 3663 2941 inter-

521 2973 775 3061 .iuiquum
805 2990 866 3058 ζ,
890 2990 969 3044 sic
1008 2991 1310 3058 egredietur
1346 2990 1515 3045 culter
1562 2990 1823 3043 manualis
1860 3003 2056 3044 meuse

2159 2974 2454 3041 rogandum
2487 2973 2541 3027 in
2566 2975 2937 3043 sculptilibus,
2968 2987 3020 3031 et
3042 2978 3109 3031 ad
3151 2977 3517 3046 explorandum
3539 2973 3660 3028 vati-

534 3082 725 3151 vagina
754 3096 853 3137 sua
878 3096 1041 3150 super
1066 3096 1280 3135 omnem
1310 3095 1524 3136 carnem
1560 3081 1628 3135 ab
1653 3081 1857 3134 oriente
1894 3095 2062 3149 usque

519 3169 603 3223 ad
638 3169 944 3238 aquilonem
966 3186 988 3222 ε
1021 3169 1076 3223 5.
1110 3176 1164 3223 et
1215 3177 1505 3235 cognoscet
1555 3168 1732 3220 omnis
1759 3181 1907 3230 caro,
1936 3168 2063 3235 quia

525 3275 637 3330 ego
662 3258 918 3312 Dominus
937 3254 1209 3323 evaginavi
1231 3253 1462 3307 cultrum
1506 3254 1802 3309 manualem
1837 3271 2012 3309 meum
2033 3272 2064 3311 e
2084 3223 2123 3256 .

524 3348 727 3418 ‘Avagina
755 3360 887 3410 sua,
934 3352 1009 3405 et.
1040 3357 1145 3397 non
1197 3350 1492 3397 revertetur
1521 3344 1771 3411 amplius.
1804 3342 1857 3396 6.
1890 3342 1954 3396 Et
1981 3352 2060 3409 tu,

524 3436 612 3491 'fili
646 3433 897 3496 hominis,
926 3429 1212 3498 ingemisce
1243 3430 1311 3500 (ε)
1350 3431 1403 3481 in
1457 3430 1777 3485 contritione
1804 3431 1968 3484 lumbi
1996 3444 2058 3486 σι-

537 3520 614 3574 tui
650 3519 701 3585 ζ,
725 3525 779 3571 et
796 3514 1067 3570 doloribus
1095 3528 1275 3584 gemes
1302 3523 1425 3568 ante
1462 3516 1648 3570 oculos
1678 3531 1888 3571 eorum.
1916 3516 1963 3570 7.
1992 3517 2061 3572 Et

525 3606 656 3669 erit,
682 3604 729 3660 si
755 3602 983 3658 dixerint
1008 3601 1073 3656 ad
1096 3611 1148 3657 te
1170 3620 1183 3656 :
1204 3601 1380 3667 Quare
1401 3612 1461 3663 tu
1474 3605 1675 3671 gemis?
1694 3614 1747 3658 et
1767 3605 1933 3668 dices,
1953 3604 2060 3658 Pro

536 3693 746 3755 nuntio,
779 3690 905 3760 quia
956 3690 1123 3753 venit,
1185 3697 1240 3743 et
1293 3691 1618 3757 percutietur
1663 3704 1822 3745 omne
1861 3706 1975 3757 cor,
2006 3700 2060 3746 et

534 3779 890 3837 dissolveutur
912 3792 1108 3832 omnes
1145 3792 1357 3840 manus,
1394 3785 1449 3830 et
1472 3779 1635 3831 exibit
1661 3770 1840 3833 anima
1861 3793 1923 3835 σι-
1944 3795 2063 3835 om-

532 3869 619 3924 nis
668 3880 731 3922 -ι-
789 3864 986 3924 carnis,
1016 3871 1071 3918 et
1106 3865 1129 3931 ζ
1192 3864 1374 3917 omnis
1408 3864 1651 3932 spiritus,
1688 3866 1752 3935 (ί)
1803 3876 1857 3920 et
1878 3868 2061 3924 omnia

528 3955 699 4027 latera
729 3952 1031 4022 polluentur
1065 3950 1325 4004 humore:
1356 3965 1481 4005 ecce
1506 3954 1671 4014 venit,
1708 3962 1760 4008 et
1788 3955 1908 4021 erit,
1930 3957 2062 4012 dicit

526 4039 797 4095 Dominus
817 4036 1094 4089 Dominus.
1115 4035 1170 4089 8.
1191 4035 1257 4091 Et
1284 4036 1482 4092 factum
1507 4048 1590 4093 est
1611 4041 1829 4096 verbum
1848 4044 2059 4102 Domini

524 4129 601 4183 ad
630 4143 733 4189 me,
767 4126 989 4179 dicens:
1020 4125 1073 4179 9.
1102 4124 1200 4177 Fili
1226 4126 1480 4187 hominis.
1514 4130 1772 4195 propheta
1795 4140 1850 4187 et
1874 4133 2052 4192 dices;

528 4212 659 4266 «Περ
687 4211 816 4264 dicit
842 4209 1049 4263 Adonai
1104 4208 1404 4265 Dominus:
1454 4210 1567 4277 Dic,
1599 4214 1808 4281 gladie,
1861 4220 2055 4289 gladio,

2158 3062 2355 3115 ciuium
2379 3062 2576 3130 iecoris
2609 3079 2639 3117 a
2673 3065 2867 3120 dextra
2906 3083 3030 3123 sua.
3060 3068 3149 3120 2‘2.
3194 3082 3255 3122 -ι-
3298 3067 3402 3135 Et:
3439 3066 3559 3120 facta
3592 3071 3661 3118 est

2158 3146 2415 3204 divinatio
2437 3166 2596 3219 super
2613 3150 2937 3221 Jerusalem,
2974 3156 3040 3208 ad
3053 3156 3355 3222 iaciendum
3375 3154 3442 3223 (ιι)
3467 3154 3657 3213 fossam,

2159 3250 2211 3292 et
2236 3238 2302 3291 ad
2330 3238 2680 3305 aperiendum
2722 3256 2789 3295 os
2843 3242 2899 3295 in
2949 3243 3203 3305 clamore,
3256 3242 3319 3295 ad
3361 3240 3660 3295 exaltandum

2159 3338 2344 3378 vocem
2378 3339 2542 3393 super
2566 3326 2828 3392 clamore,
2863 3328 2933 3397 (r)
2968 3328 3034 3381 ad
3055 3328 3356 3397 iaciendum
3381 3326 3563 3380 foveam
3584 3338 3661 3375 su-

2159 3427 2248 3480 per
2271 3421 2451 3480 portas
2462 3414 2598 3480 ejus,
2622 3420 2675 3466 et
2695 3415 2765 3468 ad
2785 3416 3099 3483 jaeiendum
3121 3420 3389 3486 cespitem,
3419 3426 3468 3468 et
3484 3414 3540 3467 ad
3561 3411 3662 3465 aedi-

2158 3502 2426 3557 ﬁcandum
2447 3501 2732 3557 machinas
2748 3504 3119 3572 jaeulatrices.
3147 3506 3235 3560 23.
3260 3500 3658 3573 Etipsecisquasi

2158 3592 2403 3646 divinans
2422 3590 2810 3645 divinationem
2829 3607 3016 3646 coram
3030 3595 3132 3658 eis,
3154 3597 3220 3662 χ(
3268 3603 3321 3648 et
3346 3586 3659 3645 ‘sabbatizabit

2158 3682 2378 3737 sabbata
2397 3680 2475 3735 eis
2503 3681 2549 3749 ζ,
2579 3692 2634 3735 et
2654 3680 2776 3750 ipse
2796 3682 3287 3737 commonefacieus
3310 3683 3372 3736 de
3399 3677 3655 3744 novoinju-

2159 3771 2357 3825 stitiam
2385 3770 2503 3838 ejus
2527 3771 2594 3823 ad
2616 3772 3038 3825 recurdandum.
3058 3772 3149 3826 94.
3192 3770 3407 3840 Propter
3434 3770 3526 3822 hoc
3569 3767 3661 3817 lucc

2159 3859 2292 3914 dicit
2321 3860 2578 3915 Dominus
2606 3861 2679 3930 (ε)
2711 3862 2977 3915 Dominus
3005 3880 3020 3914 :
3054 3860 3158 3915 Pro
3203 3877 3265 3914 eo
3316 3861 3448 3929 quod
3485 3859 3529 3910 in
3571 3869 3661 3906 nie-

2161 3951 2388 4004 moriam
2439 3949 2740 4003 revocastis
2798 3949 3097 4019 iniustitias
3160 3961 3354 4006 vestras
3392 3950 3441 4002 iu
3490 3945 3660 3999 revela-

2158 4044 2304 4099 tione
2335 4043 2667 4111 impietatum
2713 4053 3043 4108 vestrarum,
3081 4056 3138 4099 ut
3170 4045 3461 4097 viderentur
3480 4042 3660 4105 peccata

2158 4142 2358 4197 vestra,
2388 4132 2443 4186 in
2474 4132 2735 4187 omnibus
2772 4134 3143 4204 impietatibus
3180 4132 3385 4194 vestris,
3428 4144 3472 4183 ·1·
3498 4132 3546 4178 ει
3576 4121 3659 4187 il“

2162 4223 2412 4275 omnibus
2434 4221 2626 4275 studiis
2653 4224 2872 4288 vestris,
2912 4240 3011 4293 pro
3033 4240 3097 4278 eo
3126 4223 3267 4292 quod
3308 4222 3357 4273 in
3386 4214 3659 4271 memoriam

527 4315 749 4362 acuere,
770 4306 828 4352 et
857 4297 1035 4352 furore
1063 4298 1371 4364 exardesce,
1401 4300 1485 4353 10.
1541 4311 1601 4356 ιιι
1635 4314 1834 4361 mactes
1856 4321 2059 4366 macta-
2089 4306 2136 4364 D
2162 4308 2483 4373 revocastis;
2502 4307 2555 4359 in
2590 4307 2713 4362 istis
2766 4310 3078 4379 capiemini.
3141 4309 3227 4362 εδ.
3260 4305 3341 4358 -Ει
3374 4314 3422 4356 ιιι
3449 4295 3656 4369 profane.

530 4390 749 4461 tiones:
780 4401 1007 4451 acuere,
1048 4395 1106 4440 ut
1152 4387 1228 4441 sis
1274 4388 1328 4440 in
1376 4389 1629 4456 polimen,
1657 4393 1728 4463 (g)
1750 4407 1965 4463 paratus
1994 4401 2062 4455 ad

534 4474 980 4530 dissolutionem:
1018 4475 1217 4541 occide,
1260 4486 1565 4543 contemne,
1605 4493 1666 4535 -t-
1708 4482 1783 4535 lili
1808 4485 1880 4537 mi
1916 4487 2060 4557 ;.(Ιι)

534 4565 728 4634 repelle
749 4578 907 4618 omne
939 4564 1162 4634 lignum.
1197 4565 1281 4619 11.
1318 4563 1382 4618 Et
1399 4566 1541 4621 dedit
1570 4584 1691 4623 eum
1720 4582 1962 4640 paratum
1994 4577 2061 4630 ad

536 4644 828 4708 tenendum
862 4652 1107 4707 manibus
1127 4653 1339 4727 ipsus:
1395 4655 1660 4723 expolitus
1697 4669 1779 4713 est
1824 4661 2057 4729 gladius,

600 4790 675 4856 (ι)
703 4798 757 4844 et
778 4788 1103 4857 percutietis.

573 4940 716 4986 scus,
745 4925 983 4979 adﬁnem
1028 4925 1365 4986 reperiuntur
1387 4927 1438 4979 in
1469 4925 1706 4983 Hebrzeo.

1806 4932 1870 4999 (ε)
1910 4932 1992 4999 δῖ,
2017 4932 2178 4991 sicut'
2205 4932 2258 4989 in
2293 4932 2551 4986 fractione
2595 4932 2786 4989 lumbi.

2157 4400 2359 4467 inique,
2385 4397 2492 4451 dux
2524 4396 2769 4462 lsraelis,
2809 4401 2968 4468 cujus
2994 4400 3139 4453 venit
3166 4399 3279 4451 dies
3310 4436 3324 4459 ,
3368 4395 3415 4447 in
3455 4396 3657 4454 tempore

2157 4488 2220 4557 (ι)
2251 4486 2373 4541 ﬁnis
2404 4486 2701 4553 iniustitiae.
2720 4487 2811 4541 26.
2835 4487 2960 4541 llaec
2980 4488 3113 4541 dicit
3139 4486 3393 4540 Dominus
3414 4479 3653 4531 Dominus:

2155 4574 2431 4629 Abstulisti
2453 4589 2483 4626 a
2514 4583 2563 4626 te
2587 4573 2845 4639 cidarim,
2873 4589 2927 4630 et
2946 4579 3173 4645 posuisti
3196 4590 3351 4642 super
3376 4584 3422 4626 te
3442 4577 3653 4623 coronam

2156 4668 2315 4730 hanc,
2343 4679 2448 4718 non
2476 4664 2599 4718 talis
2622 4666 2729 4718 erit
2756 4684 2770 4719 :
2804 4668 3102 4722 humiliasti
3134 4668 3415 4727 excelsum,
3458 4670 3505 4714 et
3536 4653 3655 4710 exal‘

1091 4827 1103 4867 τ
1176 4788 1252 4869 (ιι)
1280 4801 1440 4869 super
1468 4788 1720 4869 Thaeman
1748 4802 1828 4869 et“
1855 4794 2071 4869 Darom.
2096 4800 2178 4861 3.,
2207 4812 2369 4869 super
2404 4802 2645 4850 austrum
2681 4800 2825 4853 viam
2864 4804 3061 4865 austri,
3099 4816 3282 4856 curam
3310 4798 3457 4860 habe,
3482 4802 3529 4846 et
3552 4803 3657 4869 p_r0°

428 4904 431 4905 ν
568 4859 687 4912 beta
719 4858 785 4911 de
817 4873 842 4911 s
879 4857 962 4910 lva
994 4857 1226 4935 regionis
1256 4857 1424 4911 austri
1452 4868 1503 4911 et
1523 4860 1687 4913 dices.
1762 4862 1836 4929 (ὁ)
1868 4863 2075 4935 Dagun.

530 4874 716 4979 iiscus.
745 4925 811 4977 ad
827 4873 983 4979 linem
1028 4934 1365 4979 reperiuntur
1387 4927 1438 4979 in
1469 4925 1706 4979 Hebraeo.
1806 4932 1870 4979 (ei
1910 4933 1991 4979 S--
2017 4938 2075 4979 si.

2159 4860 2229 4947 (ε)
2265 4860 2328 4947 E}
2368 4875 2675 4947 φεηοεερι·
2714 4869 2848 4947 ..(ιι)
2879 4860 3215 4947 ῌΞείξεέυρθτ
3242 4860 3654 4947 ειυίιιυεγειξὲίῖῖ

2893 4938 2961 5007 (Ῑ)
2990 4933 3073 5003 8.,
3109 4933 3162 4991 ét
3189 4933 3279 5005 per
3302 4933 3470 5007 omnia
3508 4938 3649 5007 genua.

530 4994 695 5073 fluent
717 5002 885 5071 aquae.
920 4994 923 4999 ’
961 4993 1033 5071 (g)
1063 4990 1147 5073 ις..
1187 4994 1518 5073 evaginatus,
1550 4994 1631 5047 vel
1666 4990 1928 5073 fugieinus
1967 4990 1996 5073 εξ
2026 4990 2193 5071 virga,
2225 5002 2297 5073 ﬁli
2330 5004 2423 5073 mi.
2499 5000 2684 5073 (Iz)‘8.,
2719 4990 3095 5060 aversa'tusve's
3118 4990 3203 5059 ab.
3217 4990 3361 5057 omni
3388 4990 3550 5073 lignnuvi
3576 4990 3649 5073 ξεῗά

531 5060 743 5142 dabitur
770 5060 817 5113 ei
854 5060 1185 5142 evaginalus,
1226 5064 1570 5142 ut_capiatur
1607 5060 1789 5142 manu.
1866 5068 1926 5142 (ἢ
1959 5070 2042 5142 S_.,
2076 5060 2137 5126 εἴ
2153 5060 2279 5139 quid
2312 5060 2825 5142 pi—obatio'iet'quid
2859 5074 3022 5127 etiam
3057 5074 3103 5127 si
3135 5077 3297 5142 virga.
3374 5060 3446 5142 lli)
3470 5064 3540 5120 Su
3567 5060 3649 5142 ἀν’

534 5128 812 5210 Wﬁlin?"
862 5128 1001 5182 enim
1038 5130 1263 5207 8¹³άίυξν
1299 5128 1484 5210 lel'tius
1529 5135 1850 5210 antetnfius
1870 5128 2087 5205 gladius
2128 5128 2501 5210 liérciissorum
2535 5128 2621 5210 hic
2663 5128 2749 5191 est
2800 5142 3012 5208 gladius
3061 5128 3648 5210 pei'cu‘ssionisulaw'iﬁ

532 5193 622 5259 qui
653 5209 808 5266 super
860 5211 951 5250 eos
1002 5193 1362 5249 manumissus
1407 5205 1508 5250 est.
1604 5201 1665 5266 (ι)
1713 5193 1926 5255 Εὖνιιιῆ.

2028 5198 2243 5273 (οη)’8.,
2285 5204 2405 5274 dedi
2452 5205 2685 5269 gladium
2726 5198 3291 5274 ,prdbatumﬁacuturn
3333 5222 3345 5257 :
3380 5204 3534 5253 factus

532 5258 895 5339 nacutusiuipse
929 5266 1064 5339 sicut
1103 5266 1277 5339 fulgur
1311 5276 1465 5317 notus
1502 5258 1622 5324 est;
1645 5258 1708 5339 ad
1752 5258 2117 5336 jugulandum'
2135 5258 2345 5324 transiit
2376 5288 2390 5323 :
2426 5258 2780 5339 riivertiiiiiifi,
2808 5258 3480 5331 1..E&i8iic"=idlium-aui,
3509 5258 3648 5339 transi

534 5332 791 5405 {pra-‘72::
833 5333 994 5383 transi
1048 5333 1325 5405 legendum
1363 5341 1507 5405 τηεν
1535 5332 1765 5387 transite
1804 5332 1948 5405 puto)
2002 5341 2066 5392 ad
2107 5341 2398 5392 sinistram.

534 5391 607 5473 (ὁ)
638 5391 756 5473 Ile,
815 5410 971 5463 super
1008 5391 1473 5473 print-ipiumvim,
1515 5417 1672 5467 super
1718 5391 1978 5473 priiicipio
2025 5391 2251 5460 duarum
2296 5391 2525 5459 viarum:

533 5458 607 5528 (ᾳ)
632 5458 712 5521 8..
746 5458 916 5515 ιιιιτές
940 5458 1229 5521 murorum.
1267 5467 1384 5527 ΤΙι..
1422 5458 1614 5523 turres.

533 5527 602 5596 (r)
632 5527 789 5582 Deus.
863 5530 925 5599 (ι)
946 5532 1025 5595 8.,
1068 5535 1320 5603 iniquitas
1350 5536 1561 5591 deﬁnita
1593 5527 1836 5593 termino.

2505 5340 2580 5409 (η)
2630 5334 2833 5413 552,311
2885 5347 3204 5399 inclusione.
3249 5341 3361 5402 Th.,
3401 5334 3646 5413 munita-lilio

2626 5411 2701 5478 (Ρ)
2751 5410 2872 5473 Tit,
2910 5415 2975 5465 ad
3019 5412 3417 5478 concutiendum
3452 5405 3644 5478 sagittis.

1725 5471 1793 5545 (r)
1834 5471 1915 5538 ὅ.)
1950 5474 2013 5528 ad
2057 5474 2364 5529 fodiendum
2405 5471 2657 5545 lapidem,
2682 5471 2743 5532 ἐι
2779 5471 2866 5536 ιιιι
2892 5482 3264 5537 ωαιιιυιιιιιιυω
3310 5474 3643 5545 δρυίιιιειιιιιωο
