3802 6344
214 256 331 318 ΩἎΙ

1345 261 1741 320 llEZEClELlS
1777 262 1997 320 CAPUT

2061 264 2221 321 χχιι.
3222 277 3387 352 me

210 378 321 431 lasti
342 373 555 430 humile.
584 376 678 433 27.
703 368 1041 445 laju’stitiam,
1072 382 1136 447 »ζ
1161 368 1474 446 iniustitiam
1503 382 1533 449 ζ
1548 422 1563 445 ,
1597 381 1735 449 inju-
1765 392 1810 447 Α
1837 384 2002 437 oblita
2037 399 2118 449 es,
2155 383 2283 439 dicit
2325 384 2580 440 Dominbs
2612 384 2889 441 Dominus.
2939 388 3024 439 l3.
3078 387 3131 440 Si
3184 404 3360 445 autem

212 464 396 525 stitiam
426 479 623 531 ponam
664 479 808 527 eam,
838 480 935 518 nec
976 466 1090 519 haec
1131 465 1254 518 talis
1282 458 1404 528 erit,
1449 466 1619 519 donec
1655 481 1736 518 ve-

212 554 333 616 niat,
368 553 453 606 cui
477 552 757 615 convenit,
790 562 842 606 et
865 555 1069 607 tradam
1094 556 1164 607 ei.
1190 556 1279 608 28.
1307 553 1370 608 Et
1408 566 1463 609 tu
1485 594 1499 617 ,
1539 556 1609 607 fili
1642 555 1737 607 ho-

211 643 378 703 minis,
406 642 697 709 propheta,
728 653 783 695 et
817 642 965 696 dices
1003 659 1015 695 :
1046 642 1169 697 llam
1205 644 1334 696 dicit
1366 638 1622 696 Dominus
1655 643 1736 713 (ιι)

212 731 450 784 Dominus
479 731 544 783 ad
582 731 725 785 ﬁlios
753 732 980 784 Ammon
1004 769 1019 793 ,
1070 741 1122 787 et
1157 733 1221 785 ad
1270 733 1612 801 opprobrittm
1641 748 1736 786 co-

210 834 338 878 rum.
358 827 409 873 et
433 819 581 872 dices
615 836 631 874 :
663 818 910 884 Gladius,
941 821 1148 890 gladius
1189 823 1500 892 eraginatus
1526 823 1591 876 ad
1624 839 1739 876 ma-

210 910 474 963 ctationem
510 948 526 969 ,
585 918 643 962 et
702 910 1016 974 evaginatus
1058 908 1126 962 ad
1194 912 1735 983 consummationem.

209 996 371 1066 surge.
404 1006 463 1051 ut
494 996 729 1066 fulgeas,
753 998 845 1050 29.
872 999 924 1051 in
951 999 1155 1052 visione
1188 1008 1274 1050 tua
1303 1013 1438 1052 vana
1460 1038 1476 1060 ,
1528 1012 1580 1052 et
1615 1014 1734 1052 cum

210 1086 455 1139 divinabis
483 1085 645 1149 falsa,
675 1087 742 1139 ad
777 1086 1093 1140 tradendum
1139 1098 1191 1141 te
1229 1104 1388 1157 super
1434 1089 1568 1142 colla
1595 1087 1739 1142 occio

209 1191 372 1230 aurum
408 1175 743 1243 iniquorum,
774 1190 1001 1244 quorum
1050 1177 1194 1230 venit
1224 1178 1338 1229 dies
1388 1177 1439 1229 in
1498 1188 1738 1247 tempore

208 1265 316 1317 linis
341 1263 635 1330 iniustitiae.
666 1264 757 1319 30.
793 1264 1098 1327 Revertere,
1126 1277 1191 1318 ne
1223 1266 1506 1334 hospiteris
1538 1267 1591 1319 in
1622 1268 1739 1320 lero

209 1352 317 1413 hoc.
341 1366 447 1420 quo
486 1360 651 1406 natus
680 1364 763 1415 es,
791 1353 845 1406 in
870 1362 1011 1407 terra
1038 1352 1116 1421 (π)
1146 1363 1232 1407 tua
1263 1354 1516 1421 judicabo
1545 1363 1618 1419 te,
1645 1348 1731 1409 3i.

206 1449 253 1493 et
275 1439 537 1493 effundam
572 1451 743 1508 super
778 1450 830 1493 te
860 1440 1095 1494 furorem
1155 1450 1354 1504 meum,
1401 1443 1454 1494 in
1490 1443 1609 1509 igne
1647 1444 1740 1496 ira:

208 1543 325 1581 mea:
353 1527 579 1582 sufilabo
608 1540 778 1596 supEr
798 1539 851 1582 te
882 1544 895 1581 :
924 1539 976 1582 et
1005 1530 1210 1583 tradam
1259 1538 1309 1581 te
1364 1529 1415 1581 in
1449 1539 1639 1583 manus
1669 1530 1741 1583 vi-

208 1632 373 1669 rorum
431 1617 791 1669 barbarorum
844 1616 1187 1671 runﬂantium
1237 1618 1739 1684 corruptionem.—

205 1703 284 1757 32.
309 1702 360 1757 lu
395 1703 518 1772 igne
546 1704 659 1758 eris
691 1703 869 1765 cibus,
918 1704 1136 1773 sanguis
1187 1694 1312 1757 tuus
1357 1705 1459 1757 erit
1482 1704 1533 1757 in
1561 1706 1737 1758 medio

205 1802 345 1847 terra:
370 1806 509 1847 tuae:
537 1809 648 1846 non
679 1794 786 1847 erit
814 1794 1071 1848 memoria
1099 1794 1195 1856 tui,
1220 1792 1344 1861 quia
1368 1802 1464 1861 ego
1480 1792 1737 1849 Dominus

206 1880 397 1933 locutus
421 1895 564 1933 sum.

263 1966 406 2020 CAP.
435 1965 680 2019 XXll.-—-
708 1966 755 2019 l.
795 1965 859 2019 Et
888 1963 1086 2020 factum
1100 1975 1181 2020 est
1208 1967 1425 2022 verbum
1445 1968 1652 2022 Domini
1671 1968 1737 2023 ad

204 2069 300 2117 me,
319 2055 496 2109 dicens
524 2054 615 2107 :2.
635 2054 703 2108 Et
721 2064 799 2118 tu,
832 2056 902 2108 fili
930 2055 1183 2117 hominis.
1208 2058 1251 2109 si
1266 2057 1491 2124 judieas,
1522 2067 1611 2110 aut
1633 2072 1735 2110 non

200 2140 395 2209 iudicas
428 2142 622 2195 urbem
672 2142 1037 2210 sanguinum?
1091 2153 1144 2195 et
1194 2143 1414 2196 ostende
1454 2144 1503 2197 ei
1551 2158 1737 2199 omnes

205 2230 498 2297 iniquitates
523 2244 680 2290 suas,
712 2230 769 2283 3.
800 2238 853 2283 et
878 2230 1055 2285 dices:
1087 2228 1208 2284 Haec
1234 2231 1360 2284 dicit
1384 2232 1458 2298 (ῃ)
1483 2230 1738 2286 Dominus

204 2320 270 2389 (ι)
299 2319 590 2373 Dominus:
618 2318 667 2373 0
701 2320 833 2374 urbs
865 2316 1142 2373 effundens
1167 2320 1451 2389 sanguines
1482 2321 1532 2373 in
1566 2322 1738 2374 medio

202 2410 296 2471 sui.
324 2418 383 2462 ut
410 2409 593 2463 veniat
620 2416 838 2477 tempus
866 2408 1006 2475 ejus,
1046 2417 1099 2462 et
1144 2408 1348 2462 faciens
1392 2410 1737 2476 cogitationes

200 2505 372 2550 contra
403 2494 786 2563 semetipsam,
823 2494 891 2547 ad
930 2492 1278 2562 polluendum
1331 2508 1407 2547 se.
1445 2495 1496 2547 4.
1534 2494 1587 2546 ln
1617 2508 1739 2547 san-

202 2585 437 2651 guinibns
464 2599 683 2647 eorum,
716 2598 855 2651 quos
882 2582 1137 2646 etfudisti,
1171 2581 1408 2635 cecidisti
1440 2599 1453 2634 :
1486 2590 1538 2634 et
1569 2581 1621 2634 in
1649 2594 1739 2635 co-

200 2670 533 2738 gitationibus
569 2669 704 2732 tuis,
757 2684 894 2737 quas
939 2666 1149 2731 fecisti,
1205 2669 1399 2737 polluta
1459 2668 1649 2722 fuisti:
1684 2678 1739 2723 et

200 2760 620 2828 appropinquare
648 2758 827 2811 fecisti
859 2759 973 2812 dies
1003 2769 1143 2819 tuos,
1173 2765 1225 2811 et
1250 2757 1517 2811 adduxisti
1531 2765 1739 2826 tempus

201 2860 450 2903 annorum
486 2860 735 2903 tuorum.
773 2848 999 2917 Propter
1028 2847 1130 2901 hoc
1187 2847 1307 2901 dedi
1368 2856 1418 2901 te
1464 2847 1515 2901 in
1548 2863 1737 2917 oppros

1836 482 2151 541 percttssero
2183 483 2402 528 manum
2441 484 2611 528 meam
2640 470 2704 527 ad
2737 490 2953 528 manum
2978 486 3146 528 meam
3171 479 3240 546 (ο)
3270 494 3359 530 su-

1836 559 2049 629 periis,
2081 577 2199 629 qua:
2254 563 2659 626 consummasti,
2707 574 2828 631 quae
2879 563 3071 625 fecisti,
3123 570 3169 616 et
3204 578 3363 633 super

1834 651 2185 719 sanguinibus
2220 651 2348 714 tuis,
2379 651 2472 719 qui
2501 650 2625 705 facti
2655 661 2776 706 sunt
2809 652 2862 705 in
2896 649 3071 706 medio
3092 645 3188 713 tul,
3213 646 3296 705 ιι.
3320 649 3362 707 si

1838 740 2123 793 sustinebit
2159 754 2253 794 cor
2272 740 2467 793 tuum?
2507 740 2552 793 si
2597 740 2908 797 detinebunt
2934 751 3145 799 manus
3173 753 3363 796 manus

1836 837 1944 882 tua:
1975 828 2028 882 in
2058 829 2262 892 diebus,
2291 844 2426 896 quos
2453 843 2553 897 ego
2583 828 2721 883 facio
2760 829 2811 882 in
2844 829 2932 882 te?
2966 829 3073 898 Ego
3110 830 3363 883 Dominus

1836 916 2048 970 locutus
2078 932 2218 979 sum,
2265 926 2317 969 et
2361 916 2573 970 faciam.
2620 917 2705 969 l5.
2762 916 2829 969 Et
2878 916 3179 985 dispergam
3224 928 3273 971 te
3304 919 3363 970 in

1835 1004 2104 1073 gentibus,
2130 1013 2182 1057 et
2210 1005 2573 1058 disseminaho
2600 1014 2653 1058 te
2686 1005 2737 1057 in
2772 1005 3098 1073 regionibus,
3154 1015 3209 1058 et
3238 1006 3374 1058 dell-

1836 1090 1940 1143 ciet
1965 1089 2297 1143 immttnditia
2329 1099 2417 1143 tua
2455 1106 2483 1143 a
2515 1100 2565 1144 te
2600 1108 2613 1143 :
2648 1091 2731 1153 ιϐ.
2766 1092 2842 1158 (τι)
2883 1096 2935 1144 rt
2964 1091 3282 1146 lnercditabo
3310 1094 3363 1146 in

1836 1186 1887 1232 te
1911 1187 2032 1231 ante
2060 1180 2245 1232 oculos
2282 1181 2540 1248 gentiltm,
2563 1188 2614 1233 et
2638 1181 2842 1243 scietis,
2897 1180 3022 1249 quia
3061 1196 3159 1250 ego
3186 1180 3363 1235 Domi-

1839 1274 1960 1319 nus.
1990 1255 2072 1319 l7.
2103 1267 2173 1319 Et
2198 1266 2395 1321 factum
2433 1271 2515 1321 est
2541 1260 2762 1322 verbum
2812 1268 3019 1322 Domini
3051 1268 3116 1320 ad
3142 1283 3245 1331 me,
3279 1270 3363 1321 di-

1837 1369 1962 1409 cens
1989 1362 2000 1406 ὲ
2028 1356 2110 1408 18.
2141 1345 2239 1407 Fili
2277 1354 2527 1421 hominis,
2553 1370 2677 1410 ecce
2704 1355 2826 1410 facti
2864 1364 2990 1410 sunt
3016 1356 3146 1408 mihi
3170 1358 3364 1411 donius

1836 1438 2045 1497 lsraelis
2078 1444 2146 1511 (e)
2177 1443 2320 1497 miSti
2350 1460 2537 1498 omnes
2566 1459 2690 1505 tere,
2718 1454 2771 1497 et
2798 1443 2959 1507 ferro,
2999 1453 3053 1498 et
3078 1456 3288 1506 stanno,
3314 1456 3360 1497 et

1838 1530 2053 1599 plbmho
2079 1530 2131 1582 in
2160 1529 2331 1582 medio
2353 1533 2416 1596 Χ
2435 1530 2626 1582 camini
2667 1532 2686 1597 ζ
2712 1529 2778 1597 (ι’)
2804 1529 2947 1582 misti
2979 1536 3200 1599 argento
3216 1538 3364 1582 sunt.

1842 1614 1926 1670 l9.
1958 1615 2179 1685 Propter
2203 1620 2303 1669 hoc
2320 1617 2438 1669 dic:
2467 1615 2589 1669 llmc
2624 1616 2753 1669 dicit
2784 1616 3036 1670 Dominus
3064 1616 3320 1669 Dominus
3346 1632 3362 1666 τ

1771 1679 1809 1731 Β
1836 1704 1939 1758 Pro
1966 1719 2030 1757 eo
2053 1704 2194 1772 quod
2222 1702 2345 1757 facti
2372 1705 2503 1757 estis
2534 1718 2722 1757 omnes
2747 1705 2799 1756 in
2830 1719 2989 1757 unam
3035 1704 3365 1757 commistio-

1836 1806 1976 1853 nem,
2006 1800 2222 1858 propter
2249 1792 2346 1843 hoc
2378 1805 2501 1844 ecce
2556 1805 2654 1860 ego
2697 1792 2945 1859 recipiam
2975 1806 3072 1845 vos
3106 1793 3158 1845 in
3189 1793 3366 1845 medio

1834 1878 2148 1933 Jerusalem.
2180 1878 2267 1931 20.
2305 1866 2451 1933 Sicut
2487 1880 2737 1949 recipitur
2777 1889 3078 1950 argentum,
3112 1890 3163 1936 et
3190 1897 3283 1945 tes,
3312 1891 3366 1934 et

1836 1967 2054 2030 ferrum,
2086 1977 2138 2021 et
2162 1977 2432 2032 stannum,
2473 1978 2525 2022 et
2584 1970 2853 2039 plumbum
2911 1971 2964 2024 in
3012 1972 3241 2024 medium
3272 1987 3364 2026 ca-

1835 2058 1985 2120 mini,
2018 2059 2080 2112 ad
2111 2058 2424 2112 suﬂlanduni
2452 2057 2504 2113 in
2532 2057 2657 2113 illud
2685 2060 2880 2130 ignem,
2898 2069 2956 2115 ut
2979 2061 3256 2124 conﬂetur.
3293 2064 3365 2116 ita

1836 2142 2084 2217 recipiam
2116 2164 2212 2203 vos
2232 2150 2284 2202 in
2318 2144 2397 2204 ira
2442 2165 2580 2213 mea,
2614 2154 2745 2218 κει
2772 2152 2823 2204 1η
2852 2152 3031 2206 furore
3055 2152 3077 2220 ζ
3102 2193 3117 2217 ,
3148 2162 3201 2208 et
3235 2169 3367 2207 con-

1834 2236 2082 2306 gri-gabo,
2104 2244 2157 2290 et
2174 2236 2416 2290 conﬂabo
2436 2253 2549 2301 vos,
2569 2238 2657 2291 21.
2689 2242 2755 2304 >ιί
2772 2247 2826 2292 et
2842 2244 3177 2309 congregabo
3199 2254 3290 2294 vos
3315 2245 3362 2309 ζ,

1833 2335 1885 2376 et
1914 2325 2134 2377 snfllabo
2156 2340 2314 2393 super
2338 2341 2435 2379 vos
2467 2326 2519 2378 in
2572 2327 2692 2394 igne
2725 2327 2816 2380 ira:
2852 2343 3000 2390 meae,
3032 2334 3084 2381 et
3111 2328 3367 2382 conflabi-

1836 2414 1963 2465 mini
2004 2412 2056 2465 in
2086 2414 2259 2466 medio
2284 2413 2421 2481 ejus.
2470 2413 2559 2466 22.
2607 2414 3065 2480 Quemadmodum
3104 2416 3366 2470 conflatur

1835 2509 2109 2568 argentum
2144 2501 2196 2553 in
2224 2500 2399 2554 medio
2428 2501 2643 2564 camini,
2676 2501 2748 2555 ita
2778 2499 3134 2556 conflabimini
3166 2504 3218 2557 in
3249 2521 3364 2558 me-

1834 2587 1923 2638 dio
1949 2587 2085 2652 ejus,
2116 2589 2168 2639 ct
2195 2589 2551 2656 cognoscetis,
2602 2589 2726 2655 quia
2774 2604 2873 2659 ego
2923 2587 3179 2645 Dominus
3204 2591 3365 2647 ell‘ndi

1836 2673 2066 2728 furorem
2091 2682 2264 2729 mettm
2302 2686 2464 2744 super
2484 2691 2595 2730 vos.
2622 2674 2711 2730 23.
2736 2677 2798 2731 Et
2820 2678 3015 2731 factum
3044 2678 3129 2733 est
3143 2679 3365 2734 verbum

1834 2762 2043 2817 Domini
2073 2764 2138 2817 ad
2172 2774 2279 2825 me,
2325 2766 2545 2819 dicens:
2590 2762 2678 2817 24.
2718 2764 2817 2818 Fili
2847 2765 3103 2829 hominis,
3152 2766 3240 2822 dic
3278 2769 3363 2823 ei:

1835 2845 1914 2905 Tn
1950 2868 2009 2906 es
2060 2862 2196 2906 terra
2228 2852 2300 2921 (g)
2341 2862 2444 2906 nun
2482 2854 2769 2922 compluta,
2799 2869 2969 2923 neque
3004 2855 3181 2926 Pluvia
3224 2855 3366 2911 facta

196 2934 361 2990 brium
392 2938 671 3008 gentibus,
704 2947 758 2990 et
789 2938 840 2990 in
886 2938 1189 2991 irrisionem
1224 2937 1473 2991 omnibus
1506 2939 1736 3007 regionl-
1762 2961 1806 3018 ρ
1836 2951 1915 2994 est
1949 2956 2105 3008 super
2134 2950 2183 2995 te
2221 2941 2273 2994 in
2305 2936 2389 2994 die
2412 2925 2520 2995 irae.
2555 2941 2642 2994 25.
2677 2940 2844 3011 Cujus
2897 2925 3059 2997 duces
3107 2945 3159 2997 in
3190 2945 3368 2998 medio

199 3026 307 3091 bus,
339 3027 389 3081 5.
419 3042 541 3095 qua:
573 3041 747 3096 prope
765 3036 893 3081 sunt
921 3026 984 3079 ad
1016 3034 1088 3087 te,
1132 3036 1185 3081 et
1209 3040 1327 3095 quae
1351 3027 1535 3095 procul
1566 3041 1709 3080 remo

201 3126 259 3168 ne
289 3128 406 3169 sunt
435 3134 465 3169 a
500 3128 575 3179 te,
610 3116 693 3185 (α)
744 3125 796 3168 et
850 3104 1076 3167 illudent
1117 3114 1169 3168 in
1224 3124 1294 3177 te,
1329 3114 1599 3168 immunda
1637 3115 1735 3168 ista

200 3188 481 3268 nomina'ta,
512 3213 570 3257 et
606 3203 780 3256 multa
811 3202 863 3254 in
910 3201 1305 3270 iniquitatibus.
1329 3202 1383 3255 6.
1417 3201 1551 3256 Ecce
1576 3204 1737 3257 duces

199 3295 375 3346 domus
411 3293 655 3355 lsraelis,
687 3291 1056 3358 unusquisque
1076 3290 1141 3342 ad
1168 3298 1421 3358 cognatos
1459 3302 1604 3350 suos,
1641 3290 1739 3343 nil-

199 3393 439 3435 scuerunt
464 3381 596 3434 sein
631 3389 705 3440 te,
730 3376 1074 3431 uteﬂ‘undant
1089 3376 1425 3445 sanguinem.
1443 3377 1497 3430 Ἰ.
1527 3374 1737 3431 Patrem

188 3479 246 3522 ret
274 3481 491 3525 matrem
526 3468 928 3525 maledicebant
954 3467 1005 3518 in
1031 3476 1101 3529 te,
1121 3474 1174 3518 et
1198 3465 1453 3519 adversus
1482 3466 1738 3518 advenam

198 3563 658 3616 convcrsabantnr
691 3559 744 3612 in
775 3556 1053 3627 injustitiis
1094 3557 1147 3608 in
1180 3564 1265 3609 te:
1297 3556 1553 3623 pupillum
1582 3562 1635 3608 et
1660 3555 1739 3605 vis

198 3651 346 3713 duam
375 3650 766 3720 opprimebant
796 3650 849 3702 in
887 3657 976 3702 te:
1002 3647 1054 3700 8.
1085 3653 1138 3700 et.
1165 3645 1361 3699 Sancta
1391 3656 1505 3698 mea
1532 3658 1743 3711 spernea-

201 3736 338 3799 bant,
383 3750 437 3792 et
498 3738 732 3791 sabbata
784 3749 903 3788 mea
970 3734 1279 3802 polluebant
1333 3732 1385 3785 in
1438 3740 1504 3786 te.
1544 3732 1595 3783 9.
1629 3729 1742 3783 Viri

198 3826 420 3883 latrones
460 3831 531 3893 χ
570 3834 735 3879 erant
770 3825 792 3891 ξ
826 3825 877 3877 in
916 3830 989 3886 te,
1016 3831 1070 3876 ut
1107 3822 1437 3874 effunderent
1463 3821 1514 3872 in
1542 3828 1592 3874 te
1619 3833 1740 3874 san-

198 3917 441 3984 guinem:
490 3926 549 3970 et
581 3930 749 3983 super
774 3913 1046 3967 montibus
1087 3910 1437 3964 comedebant
1474 3909 1527 3962 in
1561 3916 1631 3962 te:
1670 3907 1743 3976 (ὸ)

198 4019 294 4058 non
328 4016 517 4061 sancta
587 4006 866 4059 faciebant
919 4003 972 4055 in
1001 4001 1176 4054 medio
1238 3999 1336 4053 tui.
1374 3999 1460 4052 ll).
1495 3997 1742 4052 Pudenda

198 4096 353 4159 patris
381 4105 701 4147 retexernnt
729 4094 782 4146 in
809 4102 879 4155 te,
903 4102 956 4143 et
987 4091 1038 4143 in
1071 4087 1422 4144 immunditiis
1445 4096 1743 4141 menstrua-

199 4192 295 4235 tam
331 4185 703 4238 humiliabant
730 4183 785 4235 in
843 4193 914 4236 te.
968 4180 1053 4233 ll.
1100 4179 1480 4247 Unusquisque
1521 4192 1738 4231 uxorem

1835 3028 1972 3098 ejus,
2019 3030 2157 3083 sicut
2194 3030 2375 3083 leones
2428 3030 2695 3099 rugientes
2725 3070 2740 3094 ,
2818 3031 3082 3100 rapientes
3128 3035 3366 3102 rapinas.

1835 3117 2043 3169 animas
2093 3116 2409 3169 devorantes
2470 3116 2522 3168 in
2578 3115 2834 3183 potentia,
2884 3124 2935 3168 et
2997 3117 3163 3184 pretia
3217 3117 3367 3169 acci-

1838 3205 2042 3273 pientes
2108 3204 2159 3256 in
2213 3202 2490 3269 lnjnstitia.
2539 3203 2605 3255 Et
2635 3204 2808 3257 vidum
2861 3213 2964 3257 tua:
3002 3204 3365 3274 multiplicatae

1836 3305 1962 3347 sunt
1988 3295 2040 3346 in
2076 3292 2248 3347 medio
2279 3291 2377 3345 tui.
2403 3291 2494 3344 26.
2527 3291 2590 3345 Et
2630 3292 2931 3346 sacerdotes
2953 3291 3095 3360 .ejus
3128 3293 3201 3363 (Ιι)
3228 3306 3365 3361 prae-

1836 3385 2056 3437 \‘arieati
2089 3392 2213 3436 sunt
2244 3382 2340 3449 legi
2368 3397 2517 3444 mem,
2553 3392 2605 3435 et
2647 3382 2954 3451 polluebant
2996 3381 3192 3436 Sancta
3212 3397 3364 3437 mea:

1838 3471 1975 3523 inter
2011 3479 2253 3523 sanctum
2284 3468 2344 3534 (i)
2384 3475 2437 3519 et
2489 3466 2770 3541 profanum
2798 3482 2909 3519 non
2947 3467 3364 3533 distinguebant,

1837 3567 1891 3612 et
1926 3560 2062 3612 inter
2091 3558 2424 3610 immundum
2457 3564 2509 3609 et
2538 3562 2793 3609 mundum
2825 3570 2926 3608 non
2947 3556 3365 3624 distinguebant.

1839 3657 1870 3700 a
1898 3645 2131 3699 sabbatis
2160 3645 2293 3697 meis
2319 3643 2629 3711 operieliant
2663 3644 2848 3696 oculos
2866 3657 2992 3696 suos
3020 3661 3033 3696 :
3076 3642 3147 3711 (k)
3174 3651 3226 3696 et
3245 3657 3377 3711 pro-

1840 3734 2060 3787 fanahar
2080 3730 2132 3787 in
2158 3732 2332 3787 medio
2361 3747 2571 3785 eorum.
2600 3731 2690 3784 27.
2719 3730 2993 3799 Principes
3022 3730 3140 3799 ejus
3170 3731 3223 3783 in
3251 3746 3363 3784 mc-

1839 3823 1929 3877 dio
1949 3823 2085 3892 ejus,
2116 3823 2254 3876 sicut
2285 3821 2391 3890 lupi
2416 3821 2682 3889 rapientes
2709 3820 2943 3888 rapinas.
2988 3820 3051 3872 ad
3089 3818 3370 3873 effunden-

1839 3914 1966 3968 dum
2010 3910 2343 3979 sanguinem,
2382 3911 2447 3975 Χ
2498 3908 2563 3961 ad
2602 3908 2927 3977 perdendum
2977 3908 3186 3963 animas
3215 3909 3237 3975 ζ
3262 3947 3278 3972 ,
3308 3919 3369 3961 ut

1841 4003 2061 4057 avaritia
2096 4002 2389 4055 lucrentur.
2413 4000 2503 4052 28.
2529 3999 2590 4051 Et
2617 3998 2887 4067 propheta:
2908 3998 3046 4065 ejus,
3073 3998 3134 4067 (ι)
3162 4014 3368 4067 ungen-

1843 4100 1921 4149 tes
1944 4106 2057 4156 eos,
2098 4090 2307 4150 cadent,
2340 4088 2582 4141 videntes
2632 4103 2789 4148 vana,
2819 4086 3115 4140 divinantes
3144 4089 3207 4153 Χ
3236 4086 3315 4139 eis
3343 4086 3367 4151 ζ

1844 4180 2141 4242 mendacia,
2172 4179 2445 4232 dicentes:
2469 4176 2592 4230 Hinc
2617 4176 2745 4229 dicit
2770 4175 2974 4229 Adonai
3008 4176 3283 4237 Dominus,
3318 4185 3373 4227 rt

199 4275 418 4339 proximi
439 4276 529 4328 sui
560 4276 753 4342 inique
813 4269 1106 4340 ignominia
1139 4268 1335 4329 affecit,
1358 4276 1411 4321 et
1452 4267 1742 4336 unusquis-
1772 4253 1815 4306 υ
1843 4268 2103 4322 Dominus
2132 4283 2237 4321 non
2272 4268 2481 4322 locutus
2514 4276 2634 4321 est:
2669 4266 2753 4320 29.
2775 4267 3026 4334 populum
3076 4276 3227 4320 terra:
3252 4279 3372 4333 pre-

194 4376 291 4428 quo
350 4379 554 4417 nurum
612 4377 767 4415 suam
823 4359 1210 4414 contaminavit
1264 4357 1315 4409 in
1362 4356 1649 4425 impietate,
1692 4363 1745 4408 et

198 4455 568 4522 unusquisque
596 4466 841 4505 sororem
873 4464 1046 4511 suam,
1104 4448 1265 4500 filiam
1316 4451 1481 4515 patris
1506 4445 1610 4508 sui,
1644 4445 1745 4497 hu-

1844 4365 2049 4412 mentes
2076 4357 2295 4425 injnsto,
2319 4366 2370 4409 et
2410 4356 2721 4424 diripieutes
2781 4355 3019 4423 rapinas,
3068 4369 3292 4423 egenum
3318 4362 3374 4408 et

1843 4461 2126 4516 pauperem
2158 4444 2538 4513 opprimentes,
2586 4454 2639 4497 et
2680 4458 2806 4513 erga
2846 4443 3103 4497 advenam
3145 4440 3240 4512 (m)
3265 4456 3371 4496 non

198 4540 468 4596 miliabant
498 4542 557 4595 in
611 4550 682 4594 te.
734 4540 820 4592 12.
870 4537 1063 4591 Munus
1107 4536 1438 4603 accipiebant
1493 4534 1543 4586 in
1582 4543 1654 4593 te,
1685 4541 1746 4585 ut
1841 4541 2220 4589 conversantes
2251 4533 2618 4602 cumjndicio.
2649 4534 2736 4588 50.
2774 4532 2839 4586 Et
2867 4533 3169 4601 quaerebam
3200 4548 3265 4585 ex
3293 4532 3373 4585 eis

196 4626 529 4683 ell‘nnderent
588 4629 950 4698 sanguinem:
1028 4641 1242 4681 usuram
1308 4632 1360 4676 et
1417 4620 1740 4691 superfluum

199 4718 529 4787 accipiebant
558 4720 615 4771 in
646 4727 737 4771 te:
786 4726 840 4771 et
881 4714 1265 4771 consummasti
1321 4711 1742 4766 consummatio-

198 4819 310 4859 nem
340 4809 571 4861 malitiae
597 4816 725 4868 tute,
760 4820 873 4873 qua:
925 4806 977 4858 in
1010 4803 1355 4871 oppressione
1391 4817 1403 4850 :
1437 4801 1537 4853 mei
1567 4810 1740 4854 autem

1840 4624 2035 4687 virum,
2067 4623 2141 4693 (ιι)
2174 4622 2261 4691 qui
2288 4632 2693 4678 conversarctnr
2724 4631 2885 4685 recte,
2924 4632 2977 4676 et
3007 4622 3097 4690 qui
3129 4629 3291 4675 staret
3307 4634 3373 4672 ex

1847 4724 1959 4767 toto
1990 4722 2110 4767 ante
2139 4713 2326 4768 faciem
2358 4728 2529 4767 meam
2558 4712 2610 4766 in
2648 4724 2885 4782 tempore
2915 4713 2986 4782 (ο)
3016 4714 3125 4773 irae,
3151 4719 3208 4763 nt
3236 4708 3371 4763 nein

1849 4802 2004 4855 linem
2033 4799 2261 4855 delerem
2300 4816 2440 4865 eam,
2472 4809 2526 4854 et
2577 4817 2681 4854 non
2734 4800 2931 4854 inveni.
2985 4798 3073 4868 3l.
3126 4798 3187 4849 Et
3212 4794 3372 4849 ell'ndi

262 4945 335 5009 (ιι)
366 4942 535 4995 Deus.
617 4941 695 5007 (π)
722 4938 806 5001 8.,
832 4953 1075 5007 possessa
1110 4945 1222 4989 tua.
1258 4933 1376 5009 τζι..
1408 4898 1736 5009 stabiliment

1837 4934 1970 4986 dicis
2000 4941 2124 5009 tum.
2170 4934 2275 5009 _(y)
2304 4931 2525 5009 Adonai.
2600 4930 2674 5000 (ι)
2702 4932 2863 5009 Dens.
2938 4932 3014 5009 (ᾳ)
3042 4930 3125 5009 8.,
3160 4929 3372 5009 signqu
3455 4953 3462 4963 υ

200 5000 347 5062 edere
403 5000 685 5063 facientes
726 5000 916 5060 manus
943 5023 1102 5073 super
1154 5016 1242 5073 te,
1275 5002 1582 5073 clanmbunt
1608 5002 1754 5073 tibi_:
1781 5002 2076 5073 immunda,
2102 5000 2263 5053 valde
2297 5000 2586 5073 nominata.

1422 5072 1492 5135 (ε)
1521 5069 1610 5136 §.,
1640 5069 2046 5136 defraudatione
2077 5077 2186 5127 tua,
2227 5081 2388 5136 quam
2424 5065 2615 5136 fecisti.
2692 5065 2771 5134 (⁷1)
2804 5065 2904 5136 S._.r
2925 5074 2980 5119 et
3006 5080 3260 5136 pungatn
3316 5073 3375 5118 te.

201 5073 314 5136 Th..
341 5076 599 5131 ZEMMA
629 5078 687 5143 (ἰ.
726 5090 779 5127 e.
817 5074 973 5143 Hebr.
1004 5070 1116 5132 ﬁni
1141 5070 1348 5143 scelus).

201 5157 374 5196 coram
426 5147 710 5214 gentibus.

202 5215 378 5265 scoriae
408 5215 571 5264 facta:
595 5218 749 5266 sunt.

816 5145 884 5209 (ε)
919 5141 997 5200 S.,
1030 5134 1489 5209 perniistio'tetra.
1515 5134 1631 5199 Th.,
1667 5136 1719 5188 in
1754 5135 2037 5189 calculum.

840 5200 912 5277 (ᾖ)
946 5200 1174 5277 S.,'qu;e
1204 5204 1580 5277 nonmnudata
1612 5211 1716 5277 est,
1747 5217 2080 5277 superquam
2113 5200 2284 5277 hiems
2326 5217 2428 5277 non
2466 5201 2611 5277 facta
2633 5209 2737 5277 est,
2769 5201 2821 5254 in
2844 5200 2939 5277 _di_e
2971 5200 3370 5277 increpiitzonis.

201 5274 511 5333 Juannmta
549 5296 677 5347 nine
703 5270 951 5347 simu'l'li.
979 5294 1029 5347 ρ.
1056 5270 1461 5347 ὁοηραιςαιίοιιεε)
1493 5272 1872 5347 prophetarum
1899 5272 2015 5340 ejus
2047 5271 2099 5323 in
2133 5271 2463 5347 memon-jus.
2765 5270 3148 5347 quiducebaut
3177 5270 3187 5322 i

204 5347 355 5421 lentia
388 5336 828 5421 legetn'nleama
874 5336 1053 5421 (iis,
1081 5336 1455 5421 mundanum.
1494 5336 1570 5406 (Ιι)
1594 5336 1661 5392 Et
1689 5353 1737 5421 at

1837 5346 1911 5391 Ita
1927 5336 2056 5421 'mea
2068 5338 2462 5421 profanabant;

2696 5000 2769 5066 (b)
2798 5001 2883 5066 8.,
2926 4999 3370 5051 abominatinnes.

2141 5137 2208 5203 (Γ)
2239 5132 2320 5198 8.,
2350 5133 2622 5203 permistio
2659 5132 2817 5203 tetra.
2845 5132 2981 5203 τι...
3004 5133 3057 5186 in
3090 5132 3371 5203 argentum

2545 5268 2618 5335 (II)
2642 5267 2731 5336 δη
2765 5269 2856 5336 qui
2882 5267 3148 5323 ducebant
3177 5270 3229 5322 in
3258 5272 3373 5324 vio-

2538 5333 2607 5403 (l)
2630 5333 2714 5397 8.,
2734 5333 2840 5405 qui
2871 5335 3128 5405 liniebant
3145 5350 3240 5390 eos
3266 5353 3374 5392 non

202 5402 568 5470 condimento.
612 5414 737 5477 ΤΙι.,
785 5402 1049 5463 ειυῖιῖιὶυί
1097 5410 1191 5476 (m)
1220 5408 1300 5467 8.,
1327 5402 1737 5473 oppreSserItnli

1837 5421 1930 5471 inc.
2008 5402 2194 5475 (ιι)’8..
2224 5405 2313 5472 qni
2339 5402 2625 5459 aediﬁcaret
2650 5402 2852 5473 sepelit.
2927 5404 3003 5472 (ο)
3036 5402 3234 5459 Terrae.
