1901 3191
78 211 146 255 ‘19.!

733 234 931 263 HEZECIELIS
948 233 1060 262 CAPUT
1079 234 1183 263 XXVII.

1656 236 1732 264 2730'

93 271 218 324 Wm‘f‘“
235 275 398 312 Dominus
416 285 506 323 Tyro
520 298 527 316 :
540 288 632 317 Nonne
646 295 661 317 a
674 296 738 317 voce
751 291 836 318 ruinae
848 294 910 322 tua,
925 292 946 319 Α
962 289 989 317 hi
1004 289 1134 317 dederunt
1154 288 1265 324 gloriam
1278 276 1361 316 tuam:
1376 288 1419 316 11.
1432 288 1492 316 Filii
1507 288 1680 321 Arudiorum.
1699 295 1727 318 et

100 327 373 372 cnﬁlllgemucrint
389 333 494 360 occisi
516 334 566 366 tui,
586 342 646 361 cum
662 335 816 370 evaginalus
832 334 912 363 fuerit

110 367 209 403 g\adins
221 368 253 395 in
270 373 374 400 medio
391 376 456 409 tui,
476 367 846 406 commovebuntur-insula)?
868 380 910 407 16.

118 414 146 441 Et
156 415 326 444 descendent
346 418 384 445 de
411 422 499 448 soliis
515 423 570 449 suis
587 430 678 451 omnes
692 424 825 458 principes
836 426 910 458 χει

124 461 243 495 gentibus
264 462 277 495 ζ
297 465 400 496 maris.
429 471 461 492 et
485 467 578 493 tollent
605 467 707 495 cidares
731 468 764 495 de
782 468 912 502 capitibus

126 508 190 538 suis.
206 512 234 534 et
244 507 414 535 Vestimenta
433 511 511 536 varia
526 518 572 537 sua
589 516 685 538 exuent
704 520 710 538 :
724 516 832 546 stupore
855 517 912 539 stu-

121 554 238 586 pehunt.
267 560 351 587 super
378 558 485 580 terram
509 556 651 588 scdcbunt,
678 560 704 583 et
732 556 912 584 formidabuut

115 597 307 630 perditionem
338 604 432 627 suam.
460 603 487 624 et
517 602 622 631 gement
648 606 728 632 super
749 604 795 626 te:
816 599 858 626 17.
885 605 911 627 ct

116 646 271 667 assume“!
291 649 372 675 super
390 646 416 667 te
434 642 663 674 lamentationem,
681 649 707 670 et
723 643 911 678 dicentXtibi

124 686 136 718 ζ
157 695 164 711 :
182 686 335 717 Quomodo
351 687 468 720 periisti,
484 692 510 713 et
524 688 653 714 dissoluta
667 695 696 715 es
713 696 744 715 ex
757 689 834 720 mari.
848 690 911 716 urbs

118 730 274 760 celebrata,
285 732 387 764 )(quac
404 731 474 757 facta
494 736 551 757 erat
573 731 648 758 fortis
666 732 692 758 in
706 733 784 763 mari.
803 733 870 767 ipsa,
885 737 911 760 et

117 774 316 800 inhabitantes
326 782 386 801 eam
405 775 428 806 ζ,
443 782 503 808 quae
515 775 586 801 dedit
600 775 721 802 timorem
735 784 811 803 suum
826 777 911 803 omni-

116 819 168 845 bus
189 819 388 845 habitantibus
406 819 495 845 inea?
517 819 558 845 i8.
579 819 610 845 Et
629 820 759 847 timebunt
782 820 876 848 insulae
895 829 910 848 a

112 862 159 888 die
176 862 272 888 ruinzc
286 867 351 890 tum.
362 864 427 895 χει
447 863 675 895 perturbabuntur
691 863 784 890 insula:
798 864 824 890 in
844 865 910 891 mari

115 907 126 939 ζ
147 906 188 940 (q)
207 907 247 933 ab
265 907 342 933 exitu
360 907 458 933 comite
474 908 523 933 tui.
539 907 581 933 l9.
595 907 663 940 Quia
677 908 732 934 haec
745 908 809 936 dicit
821 909 909 935 Domi-

112 959 170 977 nus
190 951 333 977 Dominus
346 960 351 977 :
362 950 476 982 Quando
496 951 593 977 dedero
608 955 632 977 te
649 951 741 977 urbem
753 951 908 985 desolatam,

110 996 191 1021 sicut
215 995 316 1025 urbes,
347 1002 407 1029 quae
428 1002 480 1020 non
502 995 664 1027 habitantur,
694 1003 753 1022 cum
776 995 909 1023 adduxero

111 1046 203 1072 super
223 1043 252 1065 te
263 1039 409 1073 abyssum,
427 1043 453 1064 ct
464 1039 563 1072 operiet
582 1044 607 1066 te
617 1046 686 1073 aqua
702 1040 794 1066 multa.
810 1039 854 1067 20.
878 1040 910 1068 Et

108 1082 294 1109 descendere
320 1082 420 1109 iaciam
444 1088 470 1109 te
494 1084 526 1109 ad
556 1090 612 1115 cos,
638 1083 683 1118 qui
701 1084 866 1112 descendunt
882 1085 908 1111 in

109 1127 230 1153 foveam
267 1127 302 1153 ad
329 1127 459 1160 populum
495 1128 705 1161 sempiternum,
735 1132 763 1155 et
789 1128 909 1156 habitare

108 1172 221 1198 faciam
238 1175 267 1198 te
283 1171 313 1197 in
328 1171 469 1205 profundis
480 1176 565 1203 terrrc,
577 1172 647 1198 sicut
659 1172 829 1200 solitudinem
842 1181 910 1200 sem-

108 1217 260 1249 piternam
284 1223 349 1242 cum
369 1216 422 1246 his,
447 1216 490 1249 qui
514 1216 678 1243 descendunt
700 1216 726 1243 in
748 1216 861 1249 foveam,
879 1221 909 1244 ut

108 1267 145 1287 ne
162 1260 311 1287 habiteris
326 1261 375 1292 (ν),
398 1267 483 1293 neque
506 1267 630 1293 resurgas
651 1267 733 1294 super
747 1265 818 1288 terra
837 1261 907 1289 vitae.

106 1305 157 1331 2!.
177 1304 377 1331 Per-ditionem
395 1303 464 1330 dabo
479 1308 514 1335 te,
535 1308 561 1330 ct
584 1311 635 1330 non
652 1304 765 1332 easistes
783 1305 906 1339 amplius,

111 1351 185 1381 Xet
205 1348 378 1382 requircris,
404 1352 429 1373 et
447 1356 497 1374 non
519 1348 662 1375 invenieris
680 1349 702 1382 ζ,
728 1348 754 1375 1η
773 1350 910 1384 sempiter-

109 1404 195 1426 num,
214 1394 288 1421 dicit
306 1393 439 1419 Dominus
454 1393 591 1420 Dominus.

146 1439 235 1467 CAP.
257 1436 366 1464 XXVII.
378 1437 444 1464 —i.
463 1437 493 1463 Et
505 1436 603 1464 factum
623 1441 664 1465 est
678 1438 787 1465 verbum
805 1438 907 1465 Domini

109 1484 145 1510 ad
163 1491 224 1515 me,
244 1482 344 1508 dicens
358 1490 364 1507 :
377 1481 403 1507 2.
418 1481 450 1507 Ει
464 1485 502 1512 ιιι,
518 1480 554 1507 illi
566 1481 692 1512 hominis,
709 1489 816 1508 assume
830 1489 909 1516 super

110 1529 222 1564 Tyrum
252 1526 491 1556 lamentationem.
512 1526 538 1552 5.
555 1530 580 1552 et
596 1524 669 1553 dices
687 1525 757 1560 Tyro
779 1525 909 1554 habitanti

961 334 1076 368 potentia
1098 338 1143 361 tua
1158 341 1239 368 super
1256 333 1341 361 muris
1358 333 1490 367 tuiinn
1507 333 1620 361 circuitu
1634 334 1646 368 ζ
1662 341 1669 360 :
1687 334 1730 367 (ς)

960 379 1083 406 custodes
1106 379 1135 405 in
1162 378 1281 406 turribus
1306 378 1359 405 tuis
1378 382 1470 408 erant.
1502 378 1640 413 pharetras
1663 386 1730 405 suas

961 424 1155 457 suspenderunt
1180 430 1262 457 super
1288 428 1381 458 portus
1407 427 1466 451 tuos
1491 423 1518 450 in
1542 424 1654 451 circuitu
1675 423 1728 450 :hi

960 468 1129 502 perfecerunt
1157 467 1279 494 decorem
1316 471 1402 494 tuum.
1433 467 1476 495 l2.
1502 466 1726 502 Carthaginenses

960 512 1139 546 negotiatores
1161 511 1199 538 tui
1224 519 1239 538 a
1262 511 1432 545 multitudine
1448 512 1536 539 omnis
1554 512 1659 539 roboris
1674 512 1724 544 tui,

960 561 1107 591 argentum,
1124 560 1150 583 et
1165 564 1269 587 aurum.
1288 560 1315 583 et
1327 564 1374 587 ες,
1388 560 1415 582 et
1429 556 1538 586 ferrum,
1553 560 1579 583 et
1589 561 1723 589 stannum,

960 605 986 628 ct
1007 600 1145 635 plumbum
1161 601 1290 628 dederunt
1310 600 1443 627 nundinas
1460 605 1528 627 tuas.
1549 601 1592 627 15.
1611 600 1722 632 Graecia,

960 649 987 672 et
998 645 1132 677 universa,
1145 650 1171 672 et
1186 645 1305 680 regiones
1325 649 1451 677 extensae,
1465 645 1509 672 isti
1523 645 1724 679 negotiabantur

961 688 1008 715 tibi
1024 688 1049 715 in
1067 688 1206 715 animabus
1223 689 1371 720 hominum,
1388 693 1415 715 et
1430 696 1493 715 vasa
1516 689 1576 716 aeris
1593 688 1724 715 dederunt

960 738 1103 760 mercatum
1118 737 1203 759 tuum.
1226 732 1268 759 14.
1287 732 1308 758 Ε
1326 733 1405 759 domo
1420 732 1569 766 'l‘liorgama
1582 740 1676 767 equos.
1696 737 1723 759 et

959 778 1071 812 equites,
1087 782 1114 804 ct
1123 778 1211 805 mulos
1223 778 1352 804 dederunt
1364 777 1497 804 nundinas
1513 782 1584 804 tuas.
1601 777 1643 803 i5.
1660 776 1722 804 Filii

959 821 1123 847 Rhodiorum
1145 821 1322 855 negotiatores
1341 821 1381 847 tui
1402 828 1434 847 ex
1453 821 1547 847 insulis
1562 821 1722 855 multiplica-

960 868 1022 890 runt
1043 868 1186 890 mercatum
1210 868 1283 890 tuum
1305 864 1396 891 dentes
1415 863 1607 897 elephanti-los,
1631 868 1657 890 et
1680 864 1723 891 his

960 907 1118 934 introductis
1141 907 1270 934 reddebas
1291 906 1425 934 mercedes
1441 912 1511 938 tuas,
1531 907 1573 933 i6.
1589 907 1721 940 homines,

959 956 1104 978 mercatum
1130 956 1204 978 tuum
1229 960 1244 978 a
1265 951 1431 978 multitudine
1457 951 1588 978 commisti
1614 952 1665 983 tui,
1684 952 1721 986 (ι)

958 995 1068 1030 benaieg
1090 995 1186 1030 (Hebr.
1205 1000 1275 1035 ’βπ
1289 996 1315 1030 ⁸)
1338 1000 1448 1027 stacten,
1473 1000 1500 1022 et
1523 996 1665 1023 varietates
1687 1003 1721 1023 ex

958 1040 1077 1073 Tharsis,
1093 1046 1119 1068 et
1138 1041 1281 1072 Damoth",
1293 1044 1319 1067 et
1332 1039 1469 1067 Chorclior
1482 1040 1611 1068 dederunt
1625 1041 1723 1068 nundi-

958 1093 1005 1112 nas
1024 1089 1093 1112 tuas.
1109 1086 1151 1112 Π.
1164 1085 1243 1117 .luda,
1268 1090 1295 1112 et
1311 1085 1357 1111 lilii
1369 1084 1485 1117 lsraelis,
1500 1085 1526 1112 hi
1542 1086 1721 1120 negotiatores

957 1130 995 1157 tui
1014 1130 1041 1157 in
1065 1130 1214 1157 venditione
1240 1129 1376 1162 frumenti,
1398 1134 1425 1157 et
1443 1134 1721 1164 unguentorum.+et

957 1174 1035 1200 casim
1049 1182 1055 1200 :
1070 1178 1097 1200 et
1119 1173 1171 1200 mel
1196 1173 1311 1207 primum
1335 1174 1359 1207 ζ,
1381 1178 1407 1200 et
1430 1174 1529 1204 oleum,
1551 1177 1578 1199 et
1604 1173 1720 1200 resinam

956 1215 1086 1243 dederunt
1101 1216 1127 1242 in
1145 1216 1313 1242 commistum
1326 1220 1410 1241 tuum.
1427 1215 1469 1242 18.
1484 1215 1629 1242 Damascus
1644 1222 1722 1249 nego-

957 1260 1066 1287 tiatores
1093 1260 1129 1287 tui
1152 1260 1177 1286 in
1207 1259 1376 1286 multitudine
1399 1267 1508 1294 operum
1531 1264 1654 1292 tuorum,
1686 1266 1720 1286 ex

957 1304 1125 1330 multitudine
1147 1304 1235 1331 omnis
1264 1304 1387 1338 potentiae
1412 1308 1463 1330 tua!
1478 1312 1485 1330 :
1503 1303 1540 1338 (α)
1563 1304 1654 1330 vinum
1685 1310 1718 1330 ex

957 1348 1068 1381 Helbon,
1082 1353 1148 1376 +ct
1170 1349 1257 1375 lanam
1281 1357 1313 1376 ex
1338 1349 1437 1381 Mileto,
1459 1354 1486 1376 et
1508 1350 1598 1376 vinum
1613 1349 1638 1382 ζ,
1651 1351 1721 1383 Xet

957 1391 1023 1423 Dan,
1047 1396 1072 1418 et
1085 1391 1167 1418 Javan
1187 1400 1218 1418 ex
1235 1391 1297 1419 Ozel
1314 1392 1325 1426 ζ
1343 1400 1373 1420 -ικ
1384 1393 1408 1419 in
1423 1393 1556 1420 nundinas
1571 1397 1630 1420 tuas
1644 1393 1721 1420 dedo-

956 1441 1019 1463 runt
1035 1437 1058 1470 ζ.
1072 1436 1112 1463 19.
1127 1436 1165 1462 Ex
1176 1437 1237 1463 Asel
1252 1436 1351 1463 ferrum
1367 1444 1446 1470 opere
1462 1436 1571 1469 factum,
1584 1441 1610 1464 et
1622 1442 1679 1464 rota
1692 1436 1719 1464 in

957 1480 1097 1506 commisto
1109 1483 1155 1506 tuo
1169 1484 1219 1507 est.
1239 1479 1283 1507 20.
1306 1480 1396 1507 Dadan
1413 1481 1589 1514 negotiatores
1603 1481 1641 1508 tui
1657 1488 1719 1508 cum

956 1524 1076 1559 jnmento
1092 1524 1175 1551 electo
1201 1524 1234 1551 ad
1257 1532 1361 1552 currus.
1380 1525 1424 1552 21.
1450 1525 1557 1557 Arabia,
1582 1530 1610 1553 et
1626 1532 1719 1553 omnes

111 1580 200 1607 super
234 1571 383 1598 introitum
415 1570 508 1600 maris,
544 1569 665 1604 emporio
691 1570 852 1604 populorum
874 1577 907 1596 ex
921 1574 941 1602 ο
957 1569 1089 1603 principes
1098 1569 1192 1601 Cedar,
1207 1569 1233 1595 hi
1249 1569 1428 1604 negotiatores
1444 1577 1492 1604 per
1507 1577 1614 1596 manum
1634 1574 1717 1602 tuam,

110 1617 216 1644 insulis
235 1615 336 1642 multis
351 1622 357 1640 :
372 1613 433 1641 Haec
446 1614 510 1641 dicit
526 1614 656 1641 Dominus
670 1613 799 1641 Dominus
810 1613 881 1649 Tyro
898 1622 906 1644 ς

110 1661 153 1688 Tu
170 1660 274 1687 dixisti
296 1668 303 1685 :
323 1659 380 1693 Ego
394 1659 471 1692 posui
487 1659 552 1685 mihi
570 1659 604 1692 (δ)
626 1658 748 1685 decorem
765 1666 864 1691 meum,
879 1657 906 1684 4.

112 1706 140 1732 1η
162 1706 255 1733 corde
273 1703 361 1730 maris
377 1703 409 1737 (ι)
425 1703 542 1729 Bcelimo
559 1712 565 1729 :
583 1702 629 1729 lilii
643 1702 681 1729 tui
695 1706 840 1736 posuerunt
859 1702 907 1729 tibi

113 1751 263 1777 decorem.
282 1749 310 1775 5.
333 1748 438 1775 Codrus
460 1755 492 1774 ex
519 1747 597 1774 Sanir
618 1746 746 1774 aediﬁcata
768 1752 809 1775 est
835 1747 905 1774 tibi:

114 1803 191 1822 zona:
218 1800 352 1821 asserum
370 1792 487 1826 cypressi
503 1800 534 1818 ex
552 1791 654 1818 Libano
672 1795 766 1818 sumta:
786 1796 858 1823 sunt,
874 1791 906 1818 ad

114 1839 280 1867 faciendum
299 1837 349 1863 tibi
366 1836 452 1863 malos
468 1836 604 1870 abiegnos,
619 1835 645 1862 ϐ.
661 1842 676 1862 e
687 1828 795 1869 regione
809 1835 906 1869 Bajsan

114 1884 246 1912 fecerunt
260 1889 356 1908 remos
371 1885 444 1912 tuos,
462 1880 558 1914 templa
578 1884 623 1906 tua
637 1879 757 1907 fecerunt
767 1887 798 1906 es
815 1879 904 1912 ebore,

114 1929 212 1955 domos
241 1926 349 1953 densas
369 1932 402 1951 cx
422 1924 516 1951 insulis
539 1923 736 1951 Chethzcorum.
756 1924 783 1950 ’1.
807 1923 905 1959 Byssus

115 1979 175 1997 cum
188 1969 333 1995 varietate
349 1975 381 1994 cx
399 1967 513 2001 ZEgyplo
533 1967 602 1993 facta
619 1971 659 1994 est
673 1967 720 1994 tibi
735 1971 857 2003 stratum,
872 1967 904 1994 ad

114 2014 279 2047 ponendum
301 2012 351 2038 tibi
375 2011 415 2045 (ιι)
439 2011 563 2045 gloriam,
578 2011 705 2037 *θεοδά
732 2011 903 2045 operiendam

117 2063 141 2083 te
157 2059 168 2092 ζ
185 2056 359 2092 hyacintho,
383 2059 410 2080 et
423 2062 553 2088 purpura,
569 2061 599 2080 ex
622 2054 717 2081 insulis
729 2053 816 2085 Elisaz,
836 2053 904 2081 facta

115 2107 177 2128 sunt
192 2100 374 2135 operimenta
394 2102 448 2124 tua.
466 2097 528 2124 8.-1-
542 2096 572 2123 Et
589 2097 722 2131 principes
738 2097 776 2124 tui
794 2098 817 2131 ξ,
830 2097 905 2124 babi-

115 2151 206 2173 tantes
222 2146 254 2172 in
275 2144 391 2174 Sidone,
406 2147 432 2169 et
449 2142 541 2168 Arudii
556 2141 664 2168 luerunt
675 2142 800 2168 ductarcs
816 2149 904 2168 remo-

115 2198 172 2217 rum
185 2195 309 2218 tuorum
324 2197 331 2214 :
349 2187 485 2220 sapientes
508 2186 556 2216 tui,
573 2186 651 2219 Tyre,
666 2186 712 2221 qui
728 2191 804 2212 erant
822 2186 848 2212 in
866 2190 901 2218 te,

116 2233 142 2259 hi
156 2238 254 2261 nautae
266 2232 319 2259 tui.
332 2231 360 2258 9.
377 2230 503 2257 Seniores
517 2232 555 2263 (xl
569 2229 721 2262 bibliorum,
733 2234 759 2256 et
771 2230 902 2263 sapientes

108 2286 222 2310 eorum,
243 2277 296 2311 qui
314 2279 394 2302 erant
408 2276 434 2301 in
451 2279 486 2306 te,
505 2274 530 2300 hi
542 2274 750 2300 corroborabant
763 2274 903 2301 consilium

97 2324 186 2350 tuum
203 2331 211 2349 :
228 2327 259 2348 et
274 2327 376 2347 omnes
392 2327 473 2346 nares
489 2319 581 2348 maris,
595 2322 621 2344 et
634 2318 755 2344 ductores
771 2325 906 2345 remorum

88 2371 206 2395 “arum
242 2364 313 2391 t’acti
349 2368 413 2390 sunt
438 2363 486 2389 tibi
509 2363 542 2389 ab
566 2368 708 2389 occlsuum
733 2368 840 2389 occasu.
862 2362 906 2389 to.

86 2406 212 2442 Persae,
233 2413 265 2436 et
282 2407 365 2443 Lydi,
381 2411 409 2434 et
421 2406 519 2441 Libyes
530 2405 645 2432 erantin
659 2405 776 2439 potentia
789 2410 843 2439 tua,
857 2406 907 2433 viri

82 2452 265 2483 bellatores
281 2452 325 2479 tui
346 2452 457 2486 clypeos
473 2454 501 2477 et
512 2450 601 2485 galeas
615 2449 812 2484 suspenderunt
824 2450 850 2476 in
866 2454 902 2482 te.

956 1611 1081 1643 camelos,
1095 1615 1122 1638 et
1137 1612 1242 1645 arietes,
1258 1616 1283 1638 et
1298 1620 1391 1647 agnos,
1410 1612 1436 1639 in
1456 1613 1553 1647 quibus
1565 1613 1721 1640 mercabal-

956 1659 999 1682 tur
1010 1655 1066 1682 tibi.
1081 1655 1126 1682 22.
1137 1654 1321 1689 Negotiatores
1334 1656 1419 1687 Saliae,
1431 1661 1457 1683 et
1466 1657 1582 1689 Raamaa,
1595 1656 1621 1683 hi
1637 1663 1720 1691 nego-

956 1699 1063 1726 tiatores
1087 1699 1126 1726 tui
1149 1707 1209 1726 cum
1230 1700 1394 1727 aromatibus
1416 1701 1519 1735 primis,
1540 1705 1567 1728 et
1585 1701 1719 1735 lapidibus

955 1742 1041 1773 bonis.
1067 1747 1094 1769 et
1119 1750 1213 1769 aurum
1228 1743 1358 1770 dederunt
1375 1744 1507 1771 nundinas
1522 1749 1590 1771 tuas.
1605 1745 1650 1771 25.
1666 1743 1720 1771 iia-

955 1795 1014 1817 ran,
1029 1791 1053 1813 et
1064 1786 1199 1818 Chanaan,
1209 1788 1277 1820 κει
1292 1786 1392 1819 Dadan,
1408 1788 1420 1821 ζ
1436 1794 1466 1815 4-
1477 1788 1503 1814 1ιί
1516 1788 1528 1822 ξ
1543 1788 1719 1822 negotiatores

956 1829 1014 1855 tui:
1030 1830 1063 1862 Χ
1077 1828 1146 1855 Saba
1162 1829 1186 1862 ζ.
1210 1829 1304 1861 Assur,
1332 1834 1358 1855 et
1385 1829 1515 1857 Chalmun
1542 1831 1719 1866 negotiatores

955 1873 1004 1903 tui.
1026 1872 1070 1900 2|.
1086 1872 1201 1900 ferentes
1223 1874 1443 1907 mercatum)(in
1467 1874 1617 1906 Machalim,
1641 1879 1668 1901 et
1690 1874 1717 1901 in

954 1917 1056 1945 Galima
1080 1917 1091 1951 ζ
1113 1917 1284 1952 hyacinthum
1301 1918 1334 1951 Χ
1350 1918 1386 1951 (b)
1405 1923 1431 1945 et
1454 1919 1615 1954 variegatam
1644 1920 1667 1953 ε.
1692 1924 1719 1947 et

954 1962 1094 1989 thesauros
1116 1962 1226 1993 electos,
1250 1962 1346 1996 ligatos
1370 1960 1488 1995 funibus,
1513 1967 1540 1990 et.
1567 1971 1647 1991 naves
1671 1964 1717 1991 25.

953 2014 1141 2040 cupressorum
1162 2007 1199 2037 in_
1212 2007 1249 2034 eis
1269 2008 1301 2040 χ
1317 2007 1461 2042 negotiatio
1483 2012 1528 2035 tua
1546 2008 1558 2042 ζ
1579 2008 1719 2042 Carthagi-

953 2058 1049 2078 nenses
1062 2051 1239 2085 negotiatores
1250 2051 1287 2078 tui
1302 2051 1329 2078 in
1340 2052 1509 2079 multitudine
1523 2052 1718 2087 negotiatorum

953 2098 1070 2126 tuorum,
1088 2095 1114 2121 in
1130 2095 1273 2122 commisto
1288 2099 1343 2123 tuo.
1361 2095 1394 2122 Et
1413 2096 1512 2130 repleta
1525 2104 1565 2128 es,
1582 2099 1609 2123 ct
1623 2103 1719 2130 aggra-

952 2143 1012 2166 vata
1027 2146 1057 2166 es
1071 2139 1147 2166 valde
1168 2140 1195 2166 in
1212 2140 1292 2167 corde
1307 2141 1389 2168 maris
1405 2149 1413 2167 :
1427 2141 1470 2167 26.
1496 2141 1523 2168 in
1547 2148 1616 2175 aqua
1635 2141 1719 2167 multa

953 2183 1119 2210 adduxerunt
1134 2188 1159 2210 te
1173 2184 1296 2211 ductores
1315 2192 1450 2211 remorum
1466 2189 1583 2218 tuorum,
1608 2185 1719 2219 spiritus

917 2215 939 2244 υ
952 2227 1037 2254 austri
1056 2226 1184 2261 confregit
1203 2231 1229 2254 te
1250 2228 1277 2254 in
1294 2229 1374 2255 corde
1391 2229 1491 2255 maris:
1506 2229 1551 2257 27.
1573 2215 1650 2256 erant
1665 2229 1719 2255 vir-

952 2275 1022 2298 tutes
1035 2276 1097 2303 tum,
1115 2274 1142 2298 et
1157 2278 1258 2298 meroes
1272 2275 1327 2304 tua,
1342 2277 1367 2298 et
1383 2273 1584 2299 commistorum
1599 2278 1716 2303 tuorum,

953 2319 979 2341 ct
991 2314 1113 2342 ductores
1134 2321 1270 2341 remorum
1285 2319 1401 2347 tuorum,
1418 2319 1445 2341 et
1459 2316 1649 2349 gubernatores
1667 2315 1717 2347 tui,

954 2364 980 2386 et
989 2359 1136 2386 consiliarii
1147 2359 1195 2391 tui.
1209 2360 1378 2387 etcommisti
1392 2360 1430 2387 tui
1445 2367 1477 2387 ex
1494 2360 1642 2388 commistis
1652 2360 1716 2391 tuis,

954 2409 981 2431 et
993 2411 1086 2431 omnes
1099 2404 1241 2432 bellatores
1257 2405 1306 2437 tui.
1318 2405 1364 2439 qui
1379 2406 1406 2432 in
1419 2410 1446 2433 te
1462 2414 1469 2433 :
1483 2410 1510 2433 et
1527 2406 1615 2432 omnis
1631 2408 1717 2431 cetus

956 2453 1029 2480 tuus,
1044 2449 1077 2482 χ
1090 2448 1135 2483 qui
1145 2449 1157 2482 ζ
1169 2449 1196 2475 in
1210 2449 1297 2476 medio
1312 2449 1360 2481 tui,
1377 2449 1472 2476 cadent
1482 2449 1508 2476 in
1523 2449 1602 2476 corde
1616 2449 1716 2475 maris:

138 2565 180 2598 (q)
198 2561 304 2598 S.._ab
320 2552 355 2586 eo
371 2558 446 2593 quod
460 2566 513 2598 _non
529 2559 563 2597 sit
576 2558 668 2598 egredi
680 2565 695 2584 a
711 2562 756 2598 tea
780 2559 817 2598 ᾖν)
832 2561 891 2598 TI».
904 2564 931 2588 et
943 2558 1149 2598 daboroburrin
1167 2559 1410 2598 terra‘viventinm.
1446 2559 1480 2593 (ε)
1501 2559 1542 2598 S.,
1558 2549 1718 2598 perfectajn

74 2604 83 2619 ε
108 2592 216 2624 lui-Ure,
241 2595 310 2624 771.,
329 2600 437 2626 corona
450 2592 578 2626 decorist
596 2592 608 2626 '(

71 2634 195 2657 ‘uhull
201 2650 209 2657 .

255 2630 301 2661 (π)
322 2626 386 2661 ΤΙιί,
401 2625 546 2657 licbraice;
562 2625 660 2657 εωιηι,
678 2625 798 2661 ΓΔΒΑΔ.
821 2625 863 2659 8.,
880 2636 903 2655 ιι(

956 2632 1013 2654 ntes
1027 2628 1171 2653 mixturam
1188 2625 1275 2653 tuam.

83 2663 192 2691 um»;
206 2660 274 2690 diu}
291 2661 342 2692 Α.,
358 2660 419 2695 sun
431 2662 486 2695 est,
500 2662 526 2684 et
537 2666 587 2695 non
600 2663 643 2695 est
653 2660 714 2692 (quo
732 2660 793 2695 haec
807 2662 920 2689 obscura
937 2662 1096 2695 pertineant,
1117 2668 1169 2687 non
1198 2660 1336 2695 intelligo).

612 2593 632 2628 ι)
643 2592 697 2628 _S.._
705 2592 792 2628 _vi_cini
808 2592 855 2627 tui,
868 2599 895 2621 et
918 2594 963 2628 qui
989 2593 1120 2620 aediﬁcant
1131 2597 1166 2624 te,
1187 2592 1354 2628 perfecerunt
1364 2592 1486 2628 decorem
1499 2592 1584 2628 tuum.
1622 2595 1660 2627 (ιι)
1674 2593 1717 2626 8.,

1312 2627 1350 2661 (ῃ)
1363 2627 1405 2657 S.,
1420 2627 1466 2661 sed
1479 2631 1505 2653 et
1520 2626 1597 2654 Medi.
1616 2626 1676 2660 τι..
1691 2632 1719 2656 et

1393 2660 1484 2693 (z)S.,
1511 2662 1584 2687 varie
1610 2663 1719 2688 intexta:

100 2703 263 2735 purpurae:
275 2694 311 2726 (')
329 2699 365 2735 Β.
573 2692 603 2735 in
624 2691 683 2735 iv}
701 2693 813 2735 .scrvilc
824 2699 881 2735 est,
897 2691 1095 2735 signiﬁcatqueZ
1112 2695 1148 2721 in.
1165 2691 1339 2735 Tlteodotio":
1355 2694 1383 2719 ἐν
1397 2691 1495 2735 Ἲνᾳφέχ.
1512 2695 1553 2721 Cl'.
1566 2703 1649 2735 supra
1669 2703 1719 2722 no-

114 2724 166 2757 tam.
183 2732 224 2758 ad
254 2724 336 2763 hunc
358 2727 469 2751 lacum.
496 2724 596 2763 Syriaca
614 2724 671 2763 vos
700 2729 791 2763 textus
824 2724 996 2763 nostrifnon
1016 2724 1132 2763 bittafeg.
1158 2729 1203 2755 sed
1230 2727 1353 2763 iu_nafeg
1380 2724 1506 2763 vertenda
1533 2734 1582 2756 est.
1604 2724 1716 2756 Ἦμεν.

114 2766 151 2797 (η,
167 2767 186 2790 5

211 2773 237 2790 τ.
254 2761 451 2797 scri_ptor_,_llt
468 2759 540 2797 nobis
553 2758 660 2797 videtur.
672 2759 753 2791 posuit
767 2765 794 2797 ἰ’Δ
809 2769 859 2794 pro
867 2769 897 2793 -ι,
914 2768 940 2797 et.
956 2762 1070 2797 itamotb
1082 2758 1354 2797 'le'geitduni._DuA'cii.
1374 2763 1429 2797 λιι)
1443 2762 1486 2793 S.,
1497 2763 1523 2789 in
1536 2763 1597 2790 vino
1613 2764 1716 2797 pingui,

114 2773 124 2796 (
167 2773 186 2790 δ
211 2773 237 2790 Γ.
254 2773 399 2797 κῐιμιυιέ
417 2773 451 2783 ηδ
468 2773 540 2785 annua
555 2773 660 2787 vsucull'
672 2773 753 2791 νυοΙΙΙι
777 2773 785 2789 Ι
809 2773 859 2794 νΓο
867 2773 897 2793 Ἴ,
914 2773 940 2789 BI.
956 2773 1070 2789 nalnutu
1090 2773 1240 2796 tegenuuln.
1257 2773 1354 2788 UNALII.
1391 2773 1429 2795 μη
1443 2773 1486 2793 ὖ..
1498 2773 1523 2789 ΙΙΙ
1536 2773 1597 2790 ηιιο
1614 2773 1716 2797 [3111⁸111.

112 2802 137 2822 ιιι
147 2799 167 2825 in
185 2773 258 2826 {ana
273 2791 448 2829 splendida.
471 2790 576 2829 ht_Dan,
589 2795 614 2829 et.
628 2790 711 2829 lavari,
738 2794 881 2822 vadentes
903 2796 936 2823 ad
957 2796 1090 2823 nundinas
1104 2800 1174 2828 tuas.
1194 2795 1352 2823 addiderunt
1370 2795 1470 2824 ferrum
1492 2805 1500 2824 ;
1518 2801 1613 2829 aucte,
1630 2802 1657 2824 et
1671 2804 1718 2824 ca-

107 2822 401 2862 hnjﬁswéoim'nercia
427 2827 481 2849 tua
498 2822 604 2851 luerunt.
641 2824 878 2862 (b)Etpurpums.
