3802 6358
738 413 870 468 9³751

1835 395 2050 453 CODEX
2084 383 2850 446 SYlilACO-HEXAPLARIS.

740 524 794 583 in
824 523 910 575 die
938 519 1106 572 ruinae
1133 516 1361 579 tu:n,28.
1395 512 1460 567 ad
1492 525 1674 565 vocem
1706 508 1955 563 clamoris
1985 505 2058 558 tui
2083 503 2271 570 gnber-
2298 505 2344 557 Α
2372 511 2518 563 gens,
2571 495 2834 553 sardium,
2888 497 2942 545 et
2992 481 3313 553 topazium,
3368 485 3423 530 et

740 622 957 665 natores
990 608 1066 660 tui
1109 606 1177 675 (c)
1209 601 1440 657 timendo
1489 599 1765 653 timebunt.
1805 597 1891 649 29.
1946 597 2010 648 Et
2054 594 2273 646 descen-

744 697 871 751 dent
915 696 977 748 de
1030 692 1248 745 navibus
1306 690 1419 741 suis
1468 702 1654 740 omnes
1712 687 1958 738 ductores
2009 695 2274 734 remorum

748 793 981 843 tuorum,
1009 790 1056 833 ei
1090 779 1332 846 epibnlm.
1364 786 1410 828 et
1444 779 1685 829 se.lentes
1721 774 1771 826 in
1796 786 1953 840 prora
1985 770 2134 823 navis
2166 783 2278 819 ma-

748 873 821 925 ris
851 886 1009 939 super
1036 877 1225 921 terram
1263 866 1496 928 stabunt,
1543 864 1628 917 ⁸50.
1665 873 1718 916 et
1744 862 2019 916 ululahunt
2051 874 2209 923 super
2233 867 2281 910 te

748 974 877 1012 voce
908 972 1025 1018 sua,
1055 963 1106 1007 et
1137 953 1443 1006 clamabunt
1472 966 1671 1014 amare,
1713 960 1765 1006 et
1787 950 1986 1016 jacient
2012 946 2279 1015 pulverem

740 1058 910 1111 super
971 1050 1129 1108 caput
1180 1056 1356 1103 suum,
1416 1047 1468 1093 ct
1505 1038 1735 1091 cinerem
1764 1043 2001 1091 Slcrnent
2029 1032 2150 1087 sibi.
2192 1029 2278 1083 3|.

752 1128 904 1197 )(Et
941 1127 1292 1181 decalvabunt
1339 1142 1498 1194 super
1541 1135 1590 1179 te
1637 1123 1895 1185 calvities,
1931 1130 1983 1174 et
2009 1120 2286 1186 accingent

752 1234 957 1283 saccos,
987 1227 1040 1271 et
1070 1217 1268 1271 flebunt
1296 1232 1391 1285 pro
1430 1227 1479 1270 te
1522 1215 1574 1267 in
1605 1212 2051 1268 amaritudinibus
2073 1207 2283 1265 aninne,

751 1316 805 1362 et
862 1308 1128 1376 planctum
1171 1321 1412 1359 amarum
1446 1322 1457 1355 :
1489 1304 1575 1355 52.
1633 1308 1845 1356 sument
1897 1314 2058 1368 super
2097 1306 2147 1350 te
2197 1296 2289 1348 lilii

753 1410 938 1450 eorum
967 1396 1416 1458 lamentationem,
1468 1394 1756 1446 lamcnlum
1796 1389 1919 1460 Tyri
1956 1407 1967 1441 :
1997 1387 2118 1455 quis
2156 1385 2293 1439 sicut

757 1483 948 1553 Tyrus.
975 1500 1094 1553 qua:
1126 1484 1392 1537 obmutuit
1427 1483 1478 1535 in
1522 1480 1695 1533 medio
1722 1478 1918 1532 maris?
1949 1476 1969 1544 ζ
2001 1477 2087 1535 55,
2116 1473 2295 1538 Quan-

759 1579 892 1640 lam,
918 1590 1077 1645 quam
1110 1574 1403 1627 mercedem
1444 1570 1688 1623 invenisti
1731 1570 1796 1621 de
1840 1566 2012 1621 mari?
2042 1560 2292 1618 saturasti

763 1676 945 1733 gentes
990 1680 1055 1720 ex
1114 1660 1451 1717 multitudine
1494 1668 1608 1719 tua,
1664 1666 1715 1709 et
1779 1671 1807 1709 a
1869 1653 2151 1709 commisto
2204 1661 2296 1704 tuo

763 1755 945 1809 ditasti
973 1766 1159 1806 omnes
1185 1763 1335 1818 reges
1369 1756 1542 1799 terrae.
1566 1744 1652 1797 54.
1679 1741 1831 1794 Nunc
1853 1738 2127 1793 confracta
2155 1750 2214 1789 es
2243 1734 2294 1788 in

763 1844 921 1907 mari,
960 1843 1011 1895 in
1041 1839 1303 1911 profundo
1347 1852 1495 1905 aqua:
1524 1834 1861 1888 commislum
1907 1827 2002 1891 tui,
2033 1836 2087 1880 et
2121 1822 2295 1878 omnis

766 1943 936 1988 coetus
977 1940 1098 1985 tuus
1132 1929 1183 1982 in
1227 1927 1401 1981 medio
1448 1924 1541 1977 tui.
1598 1921 1684 1973 35.
1750 1917 2067 1972 Ceciderunt
2108 1926 2296 1965 omnes

766 2023 1015 2074 ductores
1065 2029 1336 2069 remorum
1380 2021 1615 2069 tuorum,
1661 2022 1848 2059 oumes
1889 2003 2191 2056 habitantes
2242 1999 2296 2051 in

768 2108 959 2177 insulis
1007 2102 1302 2159 contristati
1344 2108 1469 2154 sunt
1518 2110 1679 2165 super
1715 2103 1786 2157 te,
1824 2100 1876 2145 et
1924 2103 2075 2158 reges
2112 2102 2297 2141 eorum

768 2173 987 2267 stupore
1031 2193 1417 2259 obstupuerunt
1465 2185 1563 2253 (ά),
1615 2192 1666 2236 et
1707 2179 1977 2234 lacrimata
2018 2182 2099 2229 est
2137 2173 2300 2227 facies

767 2264 953 2341 eorum
981 2297 1141 2350 super
1176 2288 1247 2334 te.
1281 2279 1367 2331 56.
1398 2273 1763 2343 Negotiatores
1789 2284 1818 2323 e
1850 2265 2093 2337 gentibus
2121 2264 2302 2317 sibila-

766 2382 958 2430 verunt
984 2386 1143 2440 super
1173 2378 1222 2424 te
1250 2386 1264 2421 :
1294 2366 1522 2436 perditio
1566 2363 1701 2415 facta
1728 2374 1808 2421 es,
1853 2366 1907 2410 et
1936 2370 2041 2409 non
2071 2353 2302 2423 amplius

769 2466 877 2522 eris
901 2467 955 2518 in
986 2461 1262 2523 saeculum,
1297 2457 1426 2511 dicit
1453 2452 1657 2508 Adonai
1684 2448 1963 2503 Dominus.

837 2554 984 2608 CAP.
1004 2549 1361 2605 XXVIll.—-l.
1383 2546 1551 2614 Super
1570 2541 1832 2612 principes
1852 2537 1995 2605 Tyri.
2020 2536 2086 2588 Et
2106 2533 2300 2586 factum

770 2648 852 2694 est
898 2638 1118 2691 verbum
1164 2633 1371 2686 Domini
1410 2632 1474 2684 ad
1511 2645 1614 2690 me,
1648 2627 1830 2680 dicens
1864 2624 1957 2676 εἳ.
2005 2622 2067 2675 Ει
2109 2633 2186 2682 ιιι,
2232 2618 2304 2671 fili

772 2726 1023 2786 hominis,
1084 2723 1170 2776 dic
1220 2719 1441 2788 principi
1491 2716 1660 2785 Tyri:
1697 2713 1819 2767 Haec
1867 2711 1998 2767 dicit
2045 2709 2306 2763 Dominus

772 2814 1033 2871 Dominus
1064 2829 1078 2864 :
1114 2811 1217 2864 Pro
1242 2825 1305 2864 eo
1334 2808 1476 2877 quod
1500 2807 1759 2860 elevatum
1797 2810 1877 2856 est
1919 2816 2013 2855 cor
2043 2809 2215 2861 tuum,
2254 2805 2306 2850 et

774 2903 956 2958 dixisti
986 2919 1000 2955 :
1027 2900 1163 2954 Deus
1193 2914 1309 2953 sum
1344 2912 1462 2967 ego,
1501 2896 1855 2949 habitaculum
1886 2891 1975 2944 Dei
2020 2888 2307 2943 inliahitavi

774 2993 831 3053 in
853 2992 1014 3047 corde
1042 2989 1225 3053 maris,
1256 2999 1309 3042 tu
1341 2996 1514 3039 autem
1544 2999 1602 3039 es
1631 2985 1813 3046 homo,
1847 2988 1901 3035 et
1929 2995 2032 3033 non
2063 2978 2223 3036 Deus.
2257 2984 2310 3029 ct

2376 576 2779 645 carbunculum,
2846 588 2899 631 et
2971 573 3309 641 sapliirum,
3384 576 3441 618 et

2377 684 2674 742 argentum,
2709 680 2760 724 et
2792 682 2981 722 aurum
3015 665 3062 732 ζ,
3094 670 3151 715 et
3201 656 3468 726 ligurium

2378 764 2756 831 amethystum,
2784 766 2837 810 et
2862 748 3294 823 chrysolithum,
3324 755 3379 798 ct
3411 744 3470 795 be

2380 859 2553 919 οιιριιι,
2584 863 2635 907 et
2661 866 2792 904 auro
2823 844 3122 917 implevisti
3175 843 3470 895 thesauros

2382 956 2470 1001 tua
2497 945 2609 998 tibi.
2653 943 2737 995 M.
2780 940 2822 991 A
2852 938 2960 999 die,
2990 948 3101 1002 quo
3135 936 3365 984 creatus
3391 940 3470 986 es,

2384 1047 2509 1092 runt
2543 1037 2565 1104 ζ
2596 1048 2714 1087 cum
2740 1034 2804 1097 χ(
2826 1025 3044 1079 Cherub
3078 1030 3276 1081 uncto,
3308 1030 3470 1068 conm

2386 1125 2575 1179 naculo
2603 1124 2626 1190 ζ
2662 1140 2676 1175 :
2709 1127 2763 1173 et
2788 1116 2910 1171 dedi
2942 1123 2994 1166 te
3020 1112 3074 1165 in
3103 1117 3298 1164 monte
3334 1120 3469 1157 sani-

2388 1215 2439 1267 in
2463 1212 2636 1266 medio
2665 1207 2901 1279 lapidum
2938 1194 3382 1271 igneorumJES.
3418 1190 3470 1244 F1

2389 1313 2444 1357 tu
2474 1303 2525 1354 in
2561 1299 2747 1352 diebus
2777 1293 2906 1354 tuis,
2944 1306 2973 1343 a
3013 1289 3124 1352 die,
3175 1298 3290 1354 quo
3322 1291 3378 1335 tu
3414 1297 3470 1333 cr

2392 1394 2617 1446 inventae
2647 1379 3070 1450 suntinjustitiaa
3098 1387 3208 1428 tua:
3236 1373 3291 1426 in
3326 1381 3397 1424 te.
3435 1370 3457 1421 1

2394 1478 2775 1551 negotiationis
2810 1484 2915 1528 tua:
2943 1464 3245 1538 implevisti
3278 1462 3358 1531 (li)
3394 1462 3470 1514 cel

2393 1579 2523 1632 tate,
2566 1576 2618 1622 et
2645 1561 2900 1634 peccasti,
2944 1568 2997 1611 ct
3038 1565 3346 1623 percussus
3380 1564 3441 1603 cs

2395 1656 2615 1712 adduxit
2644 1663 2693 1707 te
2714 1648 2932 1706 Cherub
2950 1649 3016 1712 »ξ
3031 1641 3379 1697 obumbrans
3400 1637 3424 1703 ζ
3442 1636 3470 1688 «1

2397 1747 2698 1815 igneorum.
2748 1738 2833 1793 17.
2879 1736 3097 1788 Elatum
3145 1738 3233 1784 est
3268 1741 3368 1782 cor
3402 1735 3470 1778 tu:

2397 1844 2509 1898 tuo,
2540 1837 2792 1897 corrupta
2821 1834 2903 1879 est
2924 1820 3156 1877 scientia
3192 1826 3290 1871 tua
3341 1830 3469 1869 cum

2397 1932 2612 1996 propter
2660 1916 3066 1973 multitudinem
3116 1920 3469 1981 peccatoruir

2400 2023 2591 2067 terram
2626 2007 2826 2077 proieci
2875 2013 2947 2065 te,
2980 2015 3171 2055 coram
3198 1996 3470 2066 regibusd

2397 2101 2552 2153 reris.
2598 2097 2688 2151 18.
2740 2097 2969 2161 Propter
3026 2086 3442 2142 multitudinem

2398 2197 2637 2249 tuorum,
2669 2193 2722 2237 et
2744 2178 3143 2250 injustitiarum
3177 2171 3470 2241 negotiatio

2402 2280 2460 2347 (ι)
2493 2292 2647 2332 sacra
2692 2285 2804 2339 tua,
2852 2281 2904 2326 et
2948 2270 3185 2325 educam
3223 2267 3404 2336 ignem
3441 2265 3470 2317 d

2409 2365 2686 2420 devorabit
2715 2372 2766 2416 te
2794 2379 2807 2415 :
2841 2368 2895 2414 et
2921 2359 3067 2413 dabo
3100 2367 3153 2411 te
3183 2356 3239 2409 in
3268 2355 3469 2408 cinerei

2402 2469 2581 2508 coram
2624 2450 2873 2505 omnibus
2904 2444 3222 2499 videntibus
3272 2452 3345 2496 te.
3393 2442 3470 2493 19.

2405 2550 2669 2599 noverunt
2697 2550 2748 2593 te
2777 2539 2830 2591 in
2880 2535 3162 2604 gentibus,
3190 2530 3470 2587 contristal

2404 2628 2628 2700 perditio
2673 2623 2847 2678 factus
2879 2637 2959 2682 es,
2998 2631 3056 2674 et
3093 2633 3203 2673 non
3237 2618 3469 2671 exsistes

2405 2719 2605 2774 culum.
2633 2713 2721 2767 20.
2749 2712 2925 2780 Super
2953 2709 3243 2764 Sidonem.
3297 2705 3362 2758 Et
3391 2703 3470 2757 fac

2406 2803 2620 2861 Domini
2674 2801 2744 2855 ad
2785 2814 2891 2863 me,
2948 2796 3146 2852 dicens
3182 2813 3197 2850 :
3227 2796 3320 2850 2i.
3365 2794 3466 2848 Fili

2406 2893 2594 2949 faciem
2656 2900 2801 2944 tuam
2862 2902 3033 2956 super
3088 2884 3370 2947 Sidonem,
3416 2891 3470 2935 et

2407 2995 2547 3043 eam,
2574 2979 2663 3033 22.
2686 2985 2740 3031 et
2759 2976 2848 3031 dic
2878 2992 2892 3028 :
2923 2973 3057 3029 Hac
3094 2973 3230 3027 dicit
3265 2969 3470 3024 Adonei

777 3080 967 3151 dedisti
1010 3094 1104 3133 cor
1159 3088 1345 3139 tuum,
1399 3075 1537 3128 sicut
1591 3087 1683 3125 cor
1743 3070 1876 3134 Dei;
1936 3068 1989 3122 5.
2050 3064 2305 3134 numquid
2335 3083 2377 3140 (ι
2409 3088 2506 3141 ego
2539 3083 2700 3138 super
2737 3077 2808 3129 te,
2845 3064 3046 3127 Sidon,
3071 3072 3124 3118 et
3152 3060 3465 3131 gloriﬁcabo

780 3169 994 3238 sapiens
1020 3183 1079 3223 es
1110 3168 1227 3236 plus
1253 3180 1413 3234 quam
1442 3161 1659 3216 Daniel?
1687 3166 1781 3213 aut
1814 3159 1881 3227 (e)
1914 3158 2179 3226 sapientes
2200 3170 2305 3209 non

781 3260 1091 3315 erudierunt
1118 3265 1168 3309 te
1190 3256 1241 3309 in
1270 3254 1486 3309 scientia
1505 3252 1642 3305 sua?
1667 3251 1714 3304 ι.
1736 3248 1983 3314 Nunquid
2012 3248 2061 3300 in
2086 3246 2308 3300 scientia

782 3362 896 3411 tua,
925 3356 1018 3401 aut
1048 3346 1102 3399 in
1135 3344 1422 3413 sagacitate
1455 3352 1543 3395 tua
1582 3339 1752 3395 fecisti
1788 3338 1881 3391 tibi
1925 3336 2308 3397 fortitudinem,

782 3448 836 3494 et
877 3435 1050 3493 fecisti
1092 3448 1304 3498 aurum,
1350 3440 1401 3485 et
1439 3437 1712 3500 argentum
1753 3428 1804 3481 in
1848 3426 2117 3481 thesauris
2163 3424 2311 3479 tuis?

784 3527 837 3581 5.
883 3534 975 3579 aut
1019 3526 1073 3578 in
1111 3523 1333 3580 scientia
1372 3531 1461 3574 tua
1511 3519 1699 3581 multa,
1750 3525 1806 3571 et
1853 3517 1906 3570 in
1959 3516 2314 3584 negotiatione

783 3613 1140 3682 multiplicasti
1197 3610 1556 3667 fortitudinem
1612 3616 1753 3662 tuam
1792 3623 1806 3659 :
1849 3606 2044 3661 elatum
2092 3614 2173 3657 est
2223 3618 2315 3657 cor

782 3712 936 3759 tuum
968 3702 1020 3755 in
1053 3700 1361 3756 fortitudine
1398 3705 1507 3750 tua.
1547 3696 1598 3749 6.
1640 3694 1856 3762 Propter
1905 3694 2006 3749 hoc
2041 3693 2153 3747 haec
2188 3693 2318 3748 dicit

786 3790 1044 3854 Dominus
1083 3788 1385 3842 Dominus:
1417 3784 1551 3849 Quia
1591 3782 1782 3837 dedisti
1834 3796 1928 3836 cor
1965 3790 2137 3845 tuum,
2176 3780 2317 3837 sicut

786 3894 881 3939 cor
906 3878 1021 3942 Dei,
1059 3878 1111 3931 Ἱ.
1163 3891 1262 3945 pro
1291 3876 1394 3928 hoc
1419 3887 1545 3927 ecce
1570 3886 1668 3941 ego
1701 3870 1908 3925 adduco
1932 3885 2097 3939 super.
2120 3878 2172 3923 te
2192 3884 2317 3923 cor-

786 3978 1031 4038 ruptores
1058 3966 1261 4019 alienos
1291 3980 1320 4016 c
1347 3962 1613 4032 gentibus,
1653 3968 1706 4015 et
1751 3960 2084 4015 evacuabunt
2114 3959 2318 4028 gladios

789 4046 915 4110 suos
936 4069 1096 4122 super
1133 4062 1203 4116 te,
1244 4060 1298 4104 et
1347 4064 1509 4117 super
1547 4050 1789 4101 decorem
1830 4046 2065 4101 scientia:
2103 4055 2229 4112 tua),
2266 4054 2320 4103 et

790 4152 1026 4199 sternent
1048 4142 1291 4195 decorem
1316 4146 1463 4191 tuum
1486 4136 1537 4191 in
1561 4133 1931 4203 perditionem,
1948 4134 2001 4187 8.
2033 4143 2085 4187 et
2104 4135 2321 4189 descen-

790 4233 916 4291 dere
957 4231 1150 4287 facient
1201 4238 1272 4288 te,
1311 4236 1364 4279 et
1402 4224 1647 4278 morieris
1701 4219 1873 4276 morte
1914 4222 2214 4277 occisorum
2266 4224 2320 4277 in

792 4322 951 4377 corde
978 4318 1163 4373 maris.
1189 4316 1240 4369 9.
1274 4312 1543 4380 Numquid
1576 4310 1800 4365 dicendo
1826 4310 1972 4364 dices
2000 4328 2015 4363 :
2038 4308 2178 4365 Deus
2204 4324 2319 4364 sum

2406 3162 2529 3231 quia
2572 3170 2759 3228 ego-t-
2784 3170 2904 3210 sum
2938 3154 2960 3221 ζ
3001 3153 3291 3215 Dominus,
3336 3166 3470 3219 quau

2403 3249 2624 3319 judicia,
2655 3254 2708 3299 et
2734 3242 3130 3299 sanctificabnr
3168 3242 3223 3295 in
3264 3250 3335 3295 te.
3368 3240 3454 3293 23.

2411 3350 2459 3392 te
2486 3343 2735 3395 mortem,
2774 3341 2828 3386 et
2870 3333 3207 3401 sanguinem
3245 3331 3299 3385 in
3332 3330 3470 3398 plate

2410 3426 2575 3482 occisi
2599 3428 2665 3492 χ(
2685 3424 2739 3477 in
2767 3421 2946 3475 medio
2991 3422 3112 3489 ejus
3147 3423 3170 3491 ζ
3200 3422 3254 3476 in
3285 3419 3470 3488 gladiis

2382 3592 2383 3595 η
2412 3516 2603 3578 scient,
2661 3513 2789 3582 quia
2820 3525 2920 3580 ego
2962 3526 3096 3566 sum
3123 3510 3429 3567 Dominus.

2418 3603 2649 3672 amplius
2680 3602 2733 3654 in
2763 3599 2928 3653 domo
2958 3599 3184 3655 lsraelis
3213 3598 3466 3653 stimulus

2419 3694 2572 3763 spina
2597 3688 2827 3745 miseriae
2853 3688 2924 3743 ab
2954 3689 3240 3753 omnibus,
3272 3687 3367 3757 qui
3401 3686 3470 3740 cii

2419 3793 2606 3839 verunt
2629 3794 2744 3842 eos,
2783 3789 2837 3833 et
2876 3780 3080 3844 scient,
3121 3779 3251 3849 quia
3298 3791 3397 3847 ego
3425 3790 3470 3829 SI

2416 3889 2537 3928 nus.
2566 3871 2655 3924 25.
2683 3867 2809 3923 Haec
2830 3868 2969 3924 dicit
2998 3869 3213 3925 Adonai
3242 3866 3467 3920 Domino

2415 3965 2632 4021 domum
2667 3959 2880 4016 lsraelis
2898 3975 2986 4031 θι
3012 3959 3287 4028 gentibus,
3313 3970 3422 4024 quo
3450 3970 3469 4005 (ἲ

2415 4065 2469 4111 et
2512 4049 2888 4107 sanctificabor
2929 4049 2992 4103 in
3032 4050 3115 4104 eis
3158 4062 3343 4102 coram
3387 4059 3469 4114 ger

2416 4143 2503 4195 26.
2560 4139 2625 4191 Et
2683 4136 3018 4191 habitabunt
3062 4151 3229 4204 super
3287 4144 3430 4187 terra

2421 4243 2577 4287 servo
2616 4239 2736 4279 meo
2764 4223 2999 4289 Iacobo,
3041 4236 3097 4280 et
3140 4224 3469 4279 habitahunt

2419 4327 2474 4375 et
2530 4313 2871 4371 aedificabuut
2916 4315 3139 4376 domos,
3196 4321 3252 4367 et
3309 4312 3470 4380 plant:

791 4424 1107 4481 ego,c0ram
1145 4404 1507 4463 occidentibus
1539 4402 1619 4454 te?
1653 4408 1710 4453 tu
1748 4407 1924 4453 autem
1964 4414 2024 4453 es
2060 4399 2243 4463 homo,
2266 4406 2320 4452 et
2352 4380 2396 4435 θ
2424 4403 2739 4462 habitabant
2762 4400 2816 4453 in
2845 4416 2969 4468 spe,
2992 4418 3119 4457 cum
3147 4400 3326 4455 re.er
3346 4397 3469 4464 judi.

712 4540 735 4562 ,
794 4516 900 4555 non
949 4499 1087 4552 Deus
1135 4500 1190 4550 in
1249 4492 1587 4550 multitudine
1639 4490 2321 4559 homicidarum‘tuorum.

795 4590 882 4643 10.
910 4587 1167 4641 Mortibus
1200 4580 1696 4638 ineircumcisorum
1724 4578 1969 4633 morieris
1994 4577 2047 4629 in
2078 4576 2325 4630 manibus

798 4680 1117 4741 alienorum,
1169 4676 1291 4742 quia
1344 4687 1443 4741 ego
1494 4672 1705 4725 locutus
1759 4684 1901 4734 sum,
1945 4667 2073 4721 dicit
2124 4665 2327 4719 Adonai

794 4768 1072 4823 Dominus.
1110 4765 1192 4817 ll.
1226 4762 1506 4815 Etfactum
1533 4769 1615 4812 est
1639 4757 1860 4811 verbum
1897 4754 2102 4808 Domini
2128 4755 2193 4807 ad
2222 4769 2328 4817 me,

797 4860 980 4913 dicens
1028 4874 1043 4911 :
1091 4854 1175 4907 ω.
1225 4852 1325 4907 Fili
1349 4878 1359 4888 ·›
1382 4848 1649 4913 hominis,
1709 4859 1861 4900 sume
1900 4844 2328 4897 lamentationem

799 4963 957 5015 super
992 4945 1281 5015 principem
1315 4941 1462 5011 Tyri,
1496 4948 1549 4994 et
1582 4937 1669 4992 dic
1693 4936 1741 4990 ei
1776 4952 1788 4988 :
1820 4934 1943 4988 Hrec
1990 4934 2118 4988 dicit
2145 4934 2327 4987 Domi-

799 5050 903 5088 nus
942 5034 1196 5087 Dominus
1228 5049 1243 5087 :
1273 5032 1353 5086 Tu
1396 5045 1456 5086 es
1498 5027 1727 5099 sigillum
1756 5024 1822 5094 (n
1852 5023 2231 5087 similitudinis,
2261 5027 2327 5091 x

799 5124 986 5193 plenus
1031 5124 1285 5192 sapientia

876 5429 944 5498 (9)
975 5425 1056 5489 S.,
1095 5440 1590 5494 commoveuuntur,
1624 5429 1713 5498 qui
1738 5427 1942 5498 procul.
1978 5425 2111 5498 ΤΙιἋ
2130 5423 2612 5498 commovebuntur
2635 5422 2905 5498 regiones.

1576 5489 1757 5565 (eis;
1788 5492 2244 5565 omneincﬂ‘abile
2276 5506 2382 5565 non
2409 5493 2626 5565 transiit
2650 5489 2725 5565 te.
2762 5489 2819 5545 In
2862 5489 3135 5565 sapientia
3149 5489 3280 5565 tua,
3320 5498 3374 5565 et
3411 5489 3464 5539 in

810 5496 1066 5553 faciemm
1106 5507 1476 5551 mercatorum.

810 5562 879 5634 (ί)
913 5560 1057 5634 ,Τθιον
1090 5565 1506 5634 ιπεωηιίοηῖε.
1579 5560 1651 5634 (θ’)
1682 5560 1763 5634 8.,
1795 5564 2089 5634 stabilitum
2116 5570 2217 5615 est.

1326 5122 1372 5191 ζ,
1399 5126 1452 5174 et
1494 5132 1691 5172 corona
1721 5115 1928 5170 decoris
1973 5115 2054 5167 15.
2097 5115 2148 5166 in
2179 5115 2331 5167 volu—

804 5216 948 5274 ptate
972 5207 1123 5263 faciei
1153 5210 1243 5265 Dei
1275 5208 1442 5273 fuisti,
1484 5218 1698 5261 omnem
1736 5201 1963 5270 lapidem
1985 5203 2182 5256 bonum
2211 5202 2331 5256 ciu-

2308 5558 2383 5621 (Ii)
2423 5559 2506 5621 S.,
2547 5560 2782 5613 medium
2816 5561 2915 5615 tui.

2424 4494 2514 4562 qui
2556 4489 2952 4545 contemserint
2981 4505 3079 4544 eos
3113 4490 3166 4542 iu
3197 4487 3430 4542 circuitu
3463 4504 3470 4534 α

2426 4580 2567 4649 quod
2627 4592 2725 4646 ego
2784 4591 2904 4631 sum
2966 4576 3235 4631 Dominus
3292 4575 3431 4627 Deus

2429 4676 2639 4739 patrum
2673 4679 2884 4717 eorum.

2503 4756 2654 4809 CAP.
2674 4752 2864 4806 XXIX.
2889 4755 3035 4811 ——i.
3062 4755 3239 4822 Super
3255 4754 3470 4823 Aﬂgypti

2434 4846 2493 4899 In
2522 4859 2662 4898 anno
2690 4843 2783 4912 (m)
2810 4842 3056 4909 decimo,
3092 4845 3149 4899 in
3168 4859 3356 4899 mense
3379 4844 3470 4897 dec

2434 4936 2631 4993 factum
2679 4942 2759 4989 est
2798 4934 3029 4989 verbum
3069 4934 3288 4990 Domini
3317 4934 3385 4987 ad
3419 4947 3469 4985 ω

2437 5025 2691 5086 hominis,
2731 5023 2963 5078 obfirma
3007 5025 3200 5079 faciem
3255 5033 3403 5077 tuam
3453 5035 3470 5075 ε

2435 5127 2614 5179 rego-ni
2656 5110 2901 5180 Egypti,
2935 5123 2991 5167 et
3040 5113 3305 5182 propheta
3358 5125 3470 5176 supr

2437 5201 2724 5269 Egyptum
2772 5214 3021 5265 omnem,
3080 5204 3135 5257 5.
3176 5206 3247 5270 3K
3277 5201 3470 5269 loqueri

3003 5424 3084 5491 (ά)
3122 5424 3206 5484 8.,
3240 5426 3470 5491 permut:

2996 5560 3059 5629 (i)
3084 5557 3396 5629 iniquitatis
3420 5564 3470 5607 tu

816 5627 881 5699 (η
911 5627 1280 5683 Sanctuarimu
1312 5638 1479 5684 tuum.
1554 5627 1646 5703 (ιῆ)
1682 5633 2018 5697 Duodecimn,
2058 5631 2109 5684 in
2144 5642 2324 5685 mense
2353 5629 2696 5683 duodecimo.
