3802 6384
195 363 314 427 9133

229 595 390 695 XN?
436 592 692 695 @839“
737 607 801 673 Σ,
839 610 1162 666 draconem
1206 623 1480 678 magnum,
1515 606 1783 659 sedentem
1821 601 1873 653 in

245 685 412 743 medio
451 686 784 748 ﬂuminum
842 701 941 768 (η)
995 716 1242 763 suorum,
1279 699 1542 752 dicentem
1573 711 1588 746 :
1618 694 1729 746 Mea
1755 701 1877 744 sunt

261 777 502 842 iiutnina,
531 790 591 834 et
627 798 744 853 ego
779 785 905 842 feci
936 804 1028 843 ea.
1063 790 1115 841 4.
1149 787 1212 839 Ει
1243 801 1342 855 ego
1363 786 1501 840 dabo
1523 781 1595 849 (ο)
1631 782 1875 848 laQtteum

277 877 326 932 io
352 871 609 930 maxillas
635 882 796 936 tuas,
833 888 901 932 et
947 877 1300 948 agglutinabo
1337 875 1511 943 pisces
1538 869 1770 924 ﬂuminis
1800 866 1877 920 tui

288 963 351 1020 ad
375 961 494 1018 alas
530 970 682 1029 tuas,
730 970 790 1016 et
830 965 1080 1020 educam
1113 974 1165 1019 te
1200 966 1262 1016 de
1306 961 1478 1015 medio
1513 956 1748 1012 ﬂuminis
1781 953 1878 1017 tui,

295 1065 346 1110 et
383 1069 577 1109 omnes
601 1054 790 1122 pisces
825 1053 1082 1109 ﬂuminis
1117 1053 1356 1122 squamis
1383 1052 1488 1104 luis
1520 1047 1879 1109 adhaerebunt.

275 1148 346 1202 5.
398 1147 475 1201 Et.
512 1145 805 1216 projiciam
854 1152 913 1198 te
954 1145 1228 1204 velociter,
1256 1146 1388 1207 Xet
1428 1149 1478 1193 te
1514 1141 1561 1206 1,
1594 1146 1643 1192 et
1695 1149 1880 1189 omnes

265 1239 486 1308 pisces
514 1235 757 1290 miluinis
789 1253 803 1288 :
836 1249 1008 1303 super
1050 1232 1240 1286 faciem
1275 1230 1445 1297 campi
1489 1229 1565 1282 tui
1613 1226 1792 1286 cades,
1831 1232 1884 1277 et

283 1343 405 1384 non
442 1326 898 1396 congregaberis,
939 1336 1115 1391 neque
1154 1320 1418 1391 colligeris
1450 1337 1462 1372 :
1497 1318 1682 1373 bestiis
1711 1325 1880 1377 terra,

283 1427 340 1472 et
369 1416 709 1470 volucribus
752 1414 879 1468 οωιί
923 1413 1048 1466 dedi
1088 1421 1138 1464 te
1169 1411 1222 1463 in
1255 1411 1456 1464 cibum.
1505 1408 1558 1461 6.
1592 1408 1657 1460 Et
1684 1417 1884 1473 cogno-

279 1516 460 1562 scent
488 1520 691 1560 omnes
724 1503 1096 1558 inhabitantes
1134 1499 1450 1570 Egyptum,
1495 1499 1616 1567 quia
1642 1511 1738 1564 ego
1767 1507 1884 1547 sum

283 1593 616 1655 Dominus,
656 1607 760 1660 pro
793 1606 861 1644 eo
912 1588 1056 1656 quod
1098 1587 1272 1641 factus
1311 1601 1366 1640 es
1415 1586 1561 1653 virga
1598 1581 1887 1636 arundinea

279 1683 499 1738 domui
550 1680 775 1736 Israelis
811 1697 824 1732 :
865 1678 913 1734 7.
959 1693 1081 1731 cum
1121 1675 1587 1744 apprehenderunt
1628 1682 1677 1725 te
1729 1684 1887 1723 manu

279 1787 420 1834 sua,
457 1770 811 1830 confractus
856 1783 938 1830 es,
977 1778 1032 1821 et
1073 1781 1197 1819 cum
1243 1763 1519 1832 praevaluit
1572 1775 1733 1828 super
1791 1772 1886 1812 eos

275 1862 494 1916 omnis
551 1875 779 1920 manus,
834 1865 888 1910 et
922 1855 1140 1924 quando
1191 1852 1566 1929 requieverunt
1614 1864 1774 1918 super
1810 1859 1879 1912 te,

280 1952 636 2006 confractus
661 1963 744 2011 es,
762 1956 816 2000 et
835 1944 1131 1999 contrivisti
1158 1957 1372 1996 omnem
1406 1942 1643 1994 lumbum
1675 1953 1881 1993 eorum.

279 2040 344 2094 8.
393 2039 645 2106 Propter
690 2037 797 2088 hoc
831 2035 944 2087 ha'c
980 2032 1107 2085 dicit
1136 2031 1394 2084 Dominus
1431 2030 1722 2083 Dominus:
1752 2027 1885 2080 Ecce

280 2145 398 2198 ego
426 2128 646 2180 induco
673 2139 839 2191 super
864 2132 912 2175 te
935 2122 1189 2190 gladium,
1225 2128 1276 2173 et
1303 2117 1516 2186 perdam
1544 2116 1608 2171 de
1638 2126 1686 2169 te
1714 2115 1885 2168 homi-

283 2233 398 2279 nes
430 2226 495 2271 et
519 2216 793 2281 iumenta.
826 2211 877 2265 9.
913 2212 976 2263 Et
1015 2212 1117 2262 erit
1149 2217 1288 2262 terra
1318 2206 1532 2276 Egypti
1560 2204 1805 2272 perditio,
1834 2212 1888 2257 et

282 2307 558 2364 solitudo
589 2323 604 2358 :
633 2313 690 2357 et
747 2302 942 2363 scient,
985 2299 1126 2367 quod
1165 2312 1263 2366 ego
1293 2311 1410 2349 sum
1459 2294 1714 2347 Dominus
1746 2311 1759 2345 :
1790 2305 1886 2359 pro

279 2413 362 2453 eo
409 2395 575 2464 quod
611 2393 754 2448 dicis
790 2410 802 2445 :
839 2389 1084 2443 Flumina
1131 2391 1420 2445 mea'sunt,
1448 2392 1501 2437 et
1543 2398 1640 2451 ego
1674 2382 1772 2434 feci
1802 2395 1883 2433 ea.

283 2488 389 2544 ID.
426 2485 680 2552 Propter
710 2483 810 2535 hoc
835 2495 958 2534 ecce
993 2494 1091 2546 ego
1134 2492 1291 2544 super
1327 2485 1395 2535 te,
1438 2483 1490 2526 et
1521 2488 1678 2540 super
1709 2471 1886 2523 omnia

282 2577 543 2634 ﬂumina
573 2585 696 2637 tua,
719 2582 772 2625 et
799 2571 939 2624 dabo
976 2579 1170 2623 terram
1191 2565 1403 2634 Aigypti
1441 2565 1491 2617 in
1525 2561 1885 2621 solitudinem,

285 2678 348 2723 et
378 2669 441 2722 in
481 2664 756 2735 gladium,
793 2669 847 2714 et
869 2659 921 2712 in
962 2657 1337 2727 perditionem,
1365 2669 1394 2706 a
1427 2651 1651 2720 Magdol,
1685 2658 1738 2702 et
1763 2648 1888 2702 Sui-

285 2773 434 2821 nus,
495 2765 555 2809 et
607 2767 782 2820 usque
832 2749 900 2804 ad
955 2747 1214 2801 terminos
1260 2743 1596 2811 IEthiopum.
1634 2742 1717 2794 11.
1775 2738 1890 2793 Non

287 2845 587 2904 transibit
639 2843 695 2897 in
740 2856 804 2895 ea
847 2854 943 2908 pes
977 2836 1234 2898 hominis,
1293 2844 1347 2912 et
1389 2849 1482 2903 pes
1509 2832 1738 2901 jumenti
1785 2845 1891 2884 non

289 2933 584 2993 transibit
609 2945 756 2992 eam,
797 2937 854 2981 et
899 2942 1006 2981 non
1051 2925 1378 2979 habitabitur
1407 2922 1760 2991 quadraginta
1794 2937 1894 2974 au-

291 3041 432 3082 nos.
461 3023 564 3076 12.
607 3019 673 3074 Et
704 3020 845 3071 dabo
881 3024 1080 3070 terram
1108 3015 1226 3082 ejus
1254 3014 1602 3081 perditionem
1634 3013 1687 3064 in
1722 3012 1893 3064 medio

293 3126 479 3172 terra:
503 3111 762 3170 deserta,
786 3115 840 3160 et
864 3105 1023 3159 urbes
1057 3104 1174 3170 ejus
1202 3102 1253 3154 in
1280 3101 1450 3154 medio
1480 3100 1691 3153 urbium
1713 3099 1894 3153 descr-

293 3214 497 3259 tarum
547 3201 808 3264 eruntx
829 3194 1107 3262 corruptio
1137 3195 1158 3261 1
1195 3191 1548 3261 quadraginta
1595 3205 1766 3244 annos
1803 3208 1817 3243 :
1851 3198 1904 3242 et

296 3288 709 3348 disseminabo
737 3286 1030 3354 Aﬁgyptum
1063 3284 1116 3336 in
1140 3282 1408 3350 gentibus,
1440 3290 1493 3333 et
1521 3280 1787 3332 ventilabo
1809 3294 1901 3332 eos

295 3383 358 3440 in
403 3382 702 3450 regiones.
740 3377 826 3430 15.
855 3375 993 3440 Quia
1026 3377 1140 3426 haec
1166 3372 1296 3424 dicit
1321 3370 1573 3423 Dominus
1604 3368 1900 3422 Dominus:

299 3473 449 3527 Post
492 3465 871 3538 quadraginta
924 3476 1098 3518 annos
1139 3459 1472 3528 congregabo
1528 3458 1804 3526 Egyptios
1839 3473 1900 3510 ex

307 3560 612 3630 gentibus,
639 3569 751 3624 quo
782 3552 1011 3620 dispersi
1057 3558 1211 3603 erant
1247 3547 1372 3600 illuc
1405 3565 1416 3598 :
1453 3545 1536 3598 14.
1569 3557 1621 3598 et
1654 3547 1902 3599 reducam

299 3649 709 3721 captivitatem
752 3642 1152 3712 Egyptiorum,
1200 3648 1253 3692 et
1299 3637 1540 3690 habitare
1588 3634 1778 3689 faciam
1811 3650 1906 3689 eos

301 3745 363 3815 in
406 3751 568 3795 terra
599 3735 836 3790 Pnthros
869 3733 964 3801 (p),
1019 3733 1070 3784 in
1101 3739 1264 3789 terra,
1309 3727 1449 3780 unde
1479 3725 1640 3780 sumti
1677 3733 1820 3787 sunt,
1855 3732 1909 3778 et

305 3827 623 3896 eritXibi
669 3826 694 3893 1
733 3823 1072 3893 principatus
1117 3817 1331 3872 lmmilis
1381 3835 1395 3870 :
1437 3816 1522 3869 15.
1578 3815 1700 3884 plus
1746 3827 1906 3882 quam

307 3929 524 3973 omnes
566 3911 918 3982 principatus
943 3909 1127 3972 (ει-ἰωῇ(
1151 3904 1369 3958 humilis
1402 3905 1448 3972 1,
1480 3918 1586 3956 non
1628 3917 1687 3956 se
1729 3901 1911 3955 eﬂ‘eret

305 4006 566 4076 amplius
602 4014 772 4068 super
797 4007 1003 4067 gentes,
1036 4004 1087 4050 et
1113 4009 1314 4062 paucos
1353 4008 1446 4046 eos
1475 3992 1686 4055 faciam,
1716 4006 1783 4044 ne
1803 3991 1912 4045 sint

306 4097 514 4165 plures
542 4092 694 4144 inter
717 4092 908 4154 gentes
937 4082 1058 4136 :16.
1083 4091 1137 4136 et
1169 4096 1274 4134 non
1296 4089 1453 4133 erunt
1473 4078 1701 4147 amplius
1726 4078 1909 4131 domui

305 4183 544 4240 lsraelis
577 4180 636 4234 in
667 4190 844 4245 spem,
891 4174 947 4227 in
989 4171 1301 4226 memoriam
1339 4177 1673 4222 revocantem
1710 4167 1911 4235 iniqui-

306 4279 492 4324 tatem
529 4266 636 4334 (ᾳ),
687 4276 818 4316 cum
847 4260 1226 4316 adhaerescunt
1258 4266 1376 4324 post
1409 4257 1569 4310 corda
1610 4270 1819 4319 eorum,
1859 4259 1913 4308 et

306 4358 526 4418 scient,
597 4350 750 4422 quod
800 4363 902 4418 ego
952 4361 1071 4400 sum
1113 4345 1320 4399 Adonai
1374 4345 1653 4398 Dominus.
1708 4345 1794 4397 l7.
1845 4343 1910 4398 Et

308 4445 536 4502 factum
570 4451 660 4496 est
692 4441 749 4494 in
779 4453 925 4492 anno
966 4436 1225 4505 vigesimo
1251 4443 1302 4488 et
1331 4436 1578 4502 septimo,
1613 4449 1720 4487 uno
1759 4449 1908 4488 men-

301 4537 390 4592 sis
415 4534 624 4603 primi,
650 4530 856 4584 factum
875 4537 960 4581 est
983 4526 1202 4585 verbum
1230 4524 1442 4577 Domini
1471 4525 1536 4577 ad
1559 4539 1664 4585 me,
1687 4524 1867 4577 dicens
1893 4542 1906 4576 :

298 4627 400 4684 18.
437 4623 553 4677 Fili
591 4620 855 4697 hominis,
885 4617 1387 4670 Nabuchodonosor
1409 4629 1499 4667 rex
1524 4615 1812 4684 Babylonis
1840 4614 1910 4681 (ν)

296 4717 536 4776 servire
563 4711 700 4765 fecit
732 4711 1032 4763 exercitum
1061 4721 1238 4770 suum,
1261 4705 1511 4757 servitute
1545 4720 1731 4773 magna
1754 4719 1914 4772 super

297 4806 562 4875 Tyrum,
614 4799 684 4868 (ε)
717 4813 879 4852 omne
907 4805 1069 4864 caput
1101 4796 1332 4856 calvum,
1364 4801 1417 4846 et
1445 4796 1622 4849 omnis
1650 4795 1908 4850 humerus

293 4895 610 4962 depilatus
645 4907 660 4942 :
701 4896 758 4942 et
792 4899 1000 4939 merces
1039 4899 1140 4936 non
1171 4883 1272 4936 fuit
1311 4883 1385 4944 ei,
1421 4891 1472 4934 et
1501 4884 1758 4936 exercitui
1789 4884 1908 4951 ejus

295 4999 492 5053 super
527 4980 770 5048 Tyrum,
815 4986 871 5029 et
913 4975 1203 5036 servitutis,
1237 4987 1398 5041 quant
1445 4971 1724 5027 coluerunt
1752 4989 1910 5041 super

269 5071 461 5132 ‘cam.
516 5070 612 5124 l9.
641 5071 710 5133 Ἀ(
733 5065 966 5131 Propter
1013 5063 1111 5116 hoc
1145 5064 1165 5129 1
1201 5064 1314 5114 haec
1351 5059 1481 5113 dicit
1519 5061 1775 5116 Dominus
1806 5061 1909 5114 Do-

293 5163 510 5220 minus
553 5176 568 5211 :
619 5157 765 5208 Ecce
795 5156 864 5218 )t(
905 5166 1005 5220 ego
1040 5153 1061 5218 1
1101 5153 1169 5204 do
1222 5148 1739 5205 Nabuchodonosori
1800 5151 1910 5219 regi

293 5246 632 5318 Babylonis
656 5245 729 5310 χ(
750 5241 855 5310 τὴν
895 5242 919 5307 1
953 5249 1144 5293 terram
1177 5238 1407 5308 Egypti,
1438 5247 1490 5292 et
1527 5251 1706 5296 sumet
1729 5240 1910 5294 multi-

253 5337 266 5352 ⁸
308 5340 575 5395 tudinem
619 5333 771 5402 ejus,
811 5339 872 5383 et
901 5330 1216 5397 praedabitur
1237 5328 1455 5396 prazdam
1487 5329 1634 5395 ejus,
1671 5341 1724 5386 et
1747 5331 1913 5400 capti-

373 5541 466 5605 (η)
506 5529 776 5605 Egypti.
820 5525 947 5605 “(0)
986 5525 1095 5605 Ila,
1125 5525 1345 5605 frenum.
1426 5525 1496 5602 (ρ)
1531 5525 1671 5587 Tlt.,
1702 5531 1750 5581 itt
1789 5539 1928 5583 terra

301 5619 464 5665 ream
498 5605 608 5657 eis.

1459 389 1854 449 HEZECIELIS
1885 389 2110 446 CAPUT
2149 389 2312 452 XXX.

213 491 326 553 dicit
346 493 663 561 Dominus
692 511 1031 577 Dominus
1061 539 1079 575 ;«
1096 519 1230 574 Ecce
1249 533 1349 587 ego
1374 531 1534 585 super
1566 524 1635 578 te,
1653 515 1883 572 Pharao,

3369 380 3511 440 9738

1913 514 1959 570 Α
1986 545 2104 583 vam
2132 531 2290 584 ducet
2316 530 2675 599 captivitatem
2709 528 2826 598 ejus
2856 544 2872 593 ;
2895 533 2949 581 et
2971 522 3072 579 erit
3096 534 3301 576 merces
3327 484 3540 572 virtuti.

1974 621 2126 686 eius:
2154 620 2240 674 90.
2275 622 2336 690 (‘)
2385 637 2478 687 pro
2518 621 2716 674 servitu
2761 619 2899 686 ejus,
2932 631 3039 685 quo
3067 614 3212 667 cultu
3243 607 3515 664 servitutis
3601 613 3611 626 ‘

1976 710 2188 763 servivit
2211 725 2370 778 super
2395 709 2614 778 Tyrum,
2646 709 2769 762 dedi
2791 710 2840 760 ei
2863 717 3055 759 terram
3083 699 3322 769 ZEgypli.
3341 700 3513 762 XF“)

1980 803 2002 870 1
2036 802 2303 862 omnibus,
2343 814 2458 868 qua:
2498 798 2734 851 fecerunt
2780 794 2931 848 mihi.
2954 806 3012 846 -ί-
3039 789 3161 842 llaec
3189 789 3212 854 1
3241 785 3368 839 dicit
3408 781 3514 834 Do-

1977 890 2155 944 minus
2186 867 2441 942 Dominus
2475 905 2487 940 :
2514 886 2602 939 2|.
2626 887 2681 938 lu
2709 884 2797 937 die
2825 882 2914 936 illo
2941 879 3144 934 orietur
3175 887 3344 928 cornu
3367 867 3515 924 omni

1967 979 2158 1033 domui
2202 977 2432 1038 Israelis,
2480 983 2533 1030 et
2579 975 2673 1027 tibi
2711 973 2847 1026 dabo
2883 985 2944 1024 os
2974 974 3215 1036 apertum
3248 963 3302 1015 in
3341 956 3517 1013 medio

1977 1081 2184 1130 eorum,
2213 1074 2265 1118 et
2299 1068 2486 1125 scient,
2522 1063 2661 1132 quod
2685 1076 2782 1129 ego
2805 1074 2922 1113 sum
2964 1055 3242 1108 Dominus.

2047 1156 2176 1222 Cap.
2230 1153 2394 1206 XXX.
2433 1182 2502 1192 —
2553 1151 2602 1203 l.
2654 1151 2715 1202 Et
2760 1148 2957 1201 factum
3003 1151 3086 1197 est
3133 1138 3352 1193 verbum
3411 1132 3518 1185 Do—

1981 1244 2110 1297 mini
2137 1243 2200 1295 ad
2231 1257 2335 1303 me,
2365 1241 2551 1293 dicens
2582 1256 2596 1292 :
2635 1238 2688 1292 ἓ.
2723 1236 2821 1289 Fili
2877 1230 3129 1293 hominis,
3153 1227 3434 1296 propheta,
3465 1229 3520 1275 et

1977 1333 2067 1386 die
2098 1350 2110 1384 :
2145 1333 2268 1386 llaec
2290 1330 2418 1383 dicit
2438 1327 2639 1383 Adonai
2667 1319 3038 1382 Dominuszo,
3074 1334 3107 1372 o
3146 1318 3280 1379 dies,
3305 1314 3361 1368 5.
3393 1310 3520 1379 quia

1982 1422 2313 1491 propinquus
2329 1420 2462 1480 dies,
2487 1427 2538 1470 et
2571 1415 2900 1486 propinquus
2921 1410 3035 1464 dies
3059 1405 3288 1468 Domini,
3312 1402 3427 1455 dies
3454 1402 3520 1464 ξι(

1983 1487 2144 1562 nubis
2179 1510 2224 1576 1,
2266 1507 2388 1558 linis
2441 1505 2675 1574 gentium
2725 1501 2844 1553 erit.
2878 1498 2930 1550 4.
2974 1497 3038 1548 Et
3084 1493 3259 1548 veniet
3312 1487 3521 1553 gladius

1985 1613 2145 1666 super
2172 1595 2469 1664 Egyptios,
2499 1601 2552 1645 et
2571 1591 2672 1644 erit
2705 1585 3034 1657 perturbatio
3073 1582 3126 1635 in
3147 1575 3440 1644 Ethiopia,
3464 1582 3520 1626 et

1985 1663 2172 1740 cadent
2219 1663 2383 1737 occisi
2444 1682 2495 1734 in
2542 1678 2797 1747 Egypto,
2835 1676 2900 1740 )t(
2932 1681 2986 1726 et
3037 1670 3247 1737 capient
3285 1663 3525 1718 multitu-

1987 1775 2164 1826 dinem
2191 1773 2308 1840 ejus
2337 1773 2397 1838 1,
2430 1778 2482 1821 et
2519 1767 2710 1821 cadent
2754 1763 2915 1817 simul
2973 1759 3317 1812 fundamenta
3381 1751 3521 1819 ejus.

1916 1819 1960 1877 Β
1987 1819 2666 1921 5."Persae,et.érctenses,
2693 1862 2745 1905 et
2770 1850 2920 1920 Lydi,
2950 1857 3004 1902 et
3031 1846 3244 1914 Libyes,
3263 1852 3315 1897 et
3335 1853 3524 1894 omnes

1979 1948 2270 2008 commisti,
2297 1955 2351 1998 et
2391 1945 2622 1997 llliorum
2672 1937 2974 1994 testamenti
3037 1936 3162 1996 mei,
3195 1933 3313 2001 ipso
3339 1929 3519 1999 gladio

1983 2039 2192 2090 cadent.
2223 2034 2276 2086 6.
2314 2037 2379 2100 >ε<
2407 2031 2528 2086 Haec
2558 2031 2685 2084 dicit
2719 2027 2922 2081 AdOnai
2969 2025 3226 2078 Dominus
3257 2023 3279 2090 1
3313 2038 3327 2074 :
3355 2027 3408 2072 et
3431 2032 3524 2071 ca-

1981 2128 2110 2180 dent
2149 2122 2510 2177 sustentacula
2542 2119 2773 2187 Egypti,
2800 2126 2852 2171 et
2884 2115 3170 2168 descendet
3203 2108 3525 2164 contumelia

1985 2214 2311 2270 fortitudinis
2334 2212 2449 2279 ejus
2474 2225 2504 2262 a
2527 2208 2733 2272 Magdot
2761 2233 2821 2260 -ι-
2849 2219 3018 2272 usque
3044 2204 3106 2255 ad
3135 2199 3322 2266 Suua1
3351 2196 3525 2265 gladio

1985 2301 2175 2354 cadent
2207 2298 2258 2350 in
2288 2311 2372 2359 ea,
2425 2294 2553 2347 dicit
2589 2292 2792 2345 Adonai
2825 2289 3100 2342 Dominus.
3131 2288 3183 2337 7.
3216 2284 3279 2337 Et
3315 2282 3526 2336 desola-

1986 2387 2130 2439 bitur
2180 2385 2234 2437 in
2287 2384 2462 2437 medio
2521 2382 2794 2450 regionum
2835 2383 2900 2444 )K
2945 2379 3348 2444 depravatarum
3386 2373 3442 2440 1,
3472 2380 3528 2424 et

1989 2476 2148 2528 urbes
2176 2489 2360 2527 eorum
2394 2473 2446 2525 in
2482 2471 2658 2524 ntedio
2706 2469 2916 2522 urbium
2949 2464 3310 2518 desolatarum
3342 2466 3525 2524 erunt,

1989 2567 2042 2618 8.
2073 2573 2125 2618 et
2159 2564 2347 2623 scient,
2388 2560 2526 2628 quod
2581 2572 2680 2626 ego
2712 2572 2831 2609 sum
2875 2553 3155 2616 Dominus,
3185 2549 3400 2619 quando
3427 2548 3526 2601 de-

1989 2656 2120 2708 dero
2171 2653 2341 2722 ignem
2404 2664 2563 2717 super
2613 2646 2917 2716 A‘ngptum,
2955 2655 3008 2697 et
3052 2639 3269 2695 contriti
3329 2636 3530 2692 fuerint

1990 2760 2195 2806 omnes,
2246 2744 2336 2811 qui
2377 2740 2704 2794 auxiliantur
2734 2737 2804 2791 ei.
2840 2735 2891 2788 9.
2925 2733 2978 2786 In
3015 2733 3104 2786 die
3132 2731 3224 2783 illo
3252 2726 3530 2796 egredien-

1993 2845 2080 2887 tur
2112 2832 2281 2887 nuntii
2315 2836 2379 2898 χ(
2415 2845 2444 2883 a
2478 2829 2613 2882 facie
2670 2841 2785 2880 mea
2816 2823 2993 2878 Assim
3033 2824 3058 2892 1
3087 2820 3401 2876 festinantes
3441 2817 3532 2870 de-

1992 2938 2216 2993 pravare
2244 2920 2573 2988 Ethiopiam
2610 2921 2674 2984 χ(
2699 2915 2797 2985 τὴν
2836 2929 2982 2983 spem
3011 2913 3060 2980 1,
3101 2920 3154 2964 et
3179 2909 3284 2964 erit
3321 2915 3534 2976 pertur-

1995 3013 2139 3066 batio
2165 3012 2217 3064 in
2247 3011 2325 3064 eis
2351 3010 2400 3063 in
2435 3010 2520 3062 die
2544 3006 2774 3076 Egypti,
2803 3005 2927 3072 quia
2943 3016 3068 3056 ecce
3098 3000 3262 3053 venit.
3293 2997 3379 3051 10.
3409 2998 3536 3049 Haec

1923 3115 1966 3173 ε
1999 3102 2127 3157 dicit
2153 3101 2406 3154 Dominus
2431 3097 2716 3150 Dominus:
2735 3094 2797 3146 Et
2818 3090 3120 3160 disperdam
3138 3086 3535 3142 multitudinem

2003 3191 2371 3263 Egyptiorum
2423 3202 2517 3256 per
2550 3200 2768 3239 manum
2798 3176 3343 3234 Nabuchodonosoris
3395 3172 3538 3243 regis

2005 3261 2306 3350 Babylonis,
2336 3277 2422 3330 11.
2453 3276 2643 3345 ipsius,
2670 3281 2724 3326 et
2771 3269 2952 3340 populi
3009 3267 3128 3336 ejus
3162 3268 3229 3332 Ἀ(
3254 3277 3376 3317 cum
3406 3261 3539 3328 e01.

2002 3376 2364 3436 corruptores,
2387 3365 2474 3432 qui
2490 3382 2522 3417 e
2544 3362 2788 3432 gentibus
2807 3358 2958 3414 missi
2981 3365 3106 3412 sunt
3121 3355 3186 3409 ad
3209 3351 3537 3424 perdendum

2004 3468 2198 3512 terram
2250 3474 2262 3508 :
2304 3465 2358 3508 et
2408 3453 2744 3506 evacuabunt
2775 3463 2832 3503 -ι-
2872 3461 3059 3502 omnes
3093 3445 3114 3511 1
3148 3443 3349 3512 gladios
3411 3454 3541 3494 suos

2005 3563 2163 3614 super
2192 3545 2498 3614 Egyptum,
2528 3550 2581 3595 et
2607 3539 2894 3608 replebitur
2933 3547 3073 3590 terra
3103 3533 3296 3586 occisis
3325 3545 3340 3581 :
3375 3529 3459 3582 12.
3491 3537 3546 3582 et

2005 3636 2143 3689 dabo
2176 3633 2393 3686 flumina
2426 3645 2612 3684 eorum
2641 3629 2870 3690 deserta,
2907 3627 2974 3690 )0:
3007 3631 3060 3676 et
3107 3620 3312 3675 tradam
3349 3628 3545 3672 terram

2007 3725 2060 3779 in
2091 3738 2250 3776 manu
2281 3722 2538 3774 malorum
2582 3719 2644 3786 1,
2679 3725 2733 3770 et
2760 3716 3062 3783 disperdam
3103 3721 3321 3770 terram,
3352 3717 3400 3761 et
3432 3708 3548 3775 ple-

2009 3814 2302 3870 nitudinem
2332 3825 2514 3865 eorum
2543 3823 2664 3862 cum
2681 3804 3010 3875 plenitudine
3042 3802 3178 3870 ejus,
3207 3800 3261 3852 in
3296 3797 3551 3852 manibus

2009 3903 2327 3964 alienorum,
2357 3899 2480 3967 quia
2508 3912 2607 3967 ego
2631 3893 2885 3948 Dominus
2907 3892 3112 3945 locutus
3136 3903 3276 3944 sum.
3295 3887 3380 3940 15.
3411 3884 3550 3951 Quia

2010 3994 2125 4047 haec
2162 3990 2292 4045 dicit
2321 3987 2577 4040 Dominus
2613 3984 2866 4038 Dominus
2893 3981 2989 4035 :Et
3018 3979 3233 4050 perdam
3273 3978 3555 4030 abomina-

2010 4082 2208 4143 tioues,
2243 4087 2298 4132 et
2327 4091 2538 4131 cessare.
2559 4074 2749 4128 faciam
2785 4072 3069 4139 optimates
3090 4071 3153 4122 de
3190 4065 3470 4133 Memphis,
3495 4072 3554 4118 et

2010 4170 2280 4240 principes
2306 4168 2371 4221 de
2404 4175 2544 4220 terra
2569 4163 2805 4233 Egypti,
2836 4171 2889 4214 et
2921 4175 3027 4214 non
3076 4166 3234 4214 erunt
3282 4155 3550 4224 amplius:

2014 4263 2146 4328 )(et
2174 4259 2310 4312 dabo
2333 4267 2585 4312 terrorem
2613 4269 2678 4307 ex
2701 4264 2837 4306 terra
2868 4251 3137 4320 Egypti1.
3155 4249 3239 4302 14.
3263 4247 3326 4300 Ει
3347 4247 3555 4314 disper-

2012 4355 2133 4404 dam
2174 4361 2370 4404 terram
2413 4346 2658 4407 Patbros,
2689 4355 2741 4397 et
2769 4343 2906 4397 dabo
2947 4342 3122 4410 ignem
3163 4353 3322 4405 super
3354 4335 3552 4398 Tanin,

1940 4417 1984 4471 D
2008 4454 2060 4497 et
2088 4442 2278 4496 faciam
2311 4438 2565 4491 ultionem
2587 4436 2638 4487 in
2674 4433 2931 4501 Diospoli.
2971 4431 3053 4484 15.
3089 4428 3153 4482 Et
3178 4425 3445 4481 effundam
3477 4421 3558 4476 fu-

2006 4546 2182 4586 rorem
2219 4543 2399 4582 meum
2432 4541 2596 4593 super
2644 4524 2772 4577 Sain
2799 4523 2965 4575 robur
2998 4518 3233 4596 Egypti.
3267 4519 3320 4569 et
3349 4515 3555 4582 disper-

2009 4621 2129 4673 dam
2177 4614 2575 4670 multitudinem
2622 4611 2949 4678 Mempheos,
2987 4609 3072 4662 115.
3103 4617 3156 4662 et
3201 4605 3338 4659 dabo
3377 4603 3555 4670 ignem

2007 4721 2171 4774 super
2213 4703 2526 4773 Egyptum,
2585 4710 2638 4752 et
2679 4697 3083 4768 perturbatione
3152 4689 3555 4764 perturbabitur

2013 4797 2157 4860 Sais,
2192 4803 2244 4848 et
2291 4794 2344 4846 in
2383 4792 2618 4860 Diospoli
2670 4791 2772 4844 erit
2811 4789 3071 4849 scissura,
3103 4794 3158 4839 et
3193 4780 3557 4837 diffundentur

2014 4901 2186 4953 aqua.
2215 4885 2298 4935 l7.
2322 4882 2552 4935 Juvenes
2591 4882 2740 4935 urbis
2771 4881 2921 4943 solis,
2943 4891 2994 4934 et
3019 4873 3256 4934 Bubasti,
3289 4871 3341 4922 in
3379 4865 3561 4936 gladio

2012 4975 2222 5034 cadent,
2259 4979 2312 5024 et
2367 4971 2620 5022 mulieres
2676 4970 2727 5020 in
2777 4968 3082 5035 captivitate
3105 4965 3276 5023 ibunt,
3306 4957 3392 5010 18.
3421 4963 3473 5008 et
3501 4953 3561 5006 in

2013 5059 2288 5127 Thahphis
2315 5058 2722 5112 obtenebrescet
2741 5057 2875 5118 dies,
2915 5056 3129 5122 quando
3155 5048 3454 5104 contrivero
3481 5044 3560 5098 ibi

2015 5157 2223 5216 sceptra
2252 5148 2397 5215 regni
2433 5146 2669 5215 Egypti,
2713 5153 2765 5198 et
2799 5144 2991 5214 peribit
3019 5143 3090 5196 ibi
3121 5139 3439 5196 contumelia
3469 5153 3558 5191 ro~

2015 5238 2162 5292 boris
2207 5238 2346 5306 ejus,
2386 5244 2440 5291 et
2483 5238 2620 5290 hanc
2672 5234 2840 5286 nubes
2893 5233 3117 5299 operiet,
3168 5238 3222 5284 et
3274 5227 3393 5282 illia:
3436 5225 3562 5294 ejus

2018 5328 2242 5397 captivas
2272 5328 2551 5382 ducentur.
2587 5324 2671 5377 19.
2694 5321 2758 5375 Et
2783 5322 2973 5375 faciam
3000 5319 3200 5390 judicia
3223 5319 3274 5372 in
3299 5316 3558 5385 Egypto,

1953 5529 2247 5582 nativitatis
2274 5542 2482 5581 eorum.
2557 5523 2630 5592 (ᾳ)
2662 5523 2741 5577 8..
2777 5538 2899 5576 cum
2925 5520 3267 5592 confugiunt,
3287 5528 3342 5572 ut
3374 5516 3556 5592 adhic:-

697 5599 776 5662 (r)
813 5584 909 5653 Si.
933 5584 1099 5665 colere
1131 5584 1560 5665 fecitnegrergitum
1625 5584 1788 5648 suum
1825 5613 1956 5664 opus
1995 5611 2244 5665 magnum
2286 5597 2336 5649 in
2367 5597 2528 5665 Tyro.
2563 5584 2671 5665 "(:s)
2701 5591 2870 5665 Omne
2907 5601 3065 5660 caput
3089 5584 3355 5644 'calvitics.
3381 5589 3443 5656 (‘)
3472 5584 3557 5639 Ab

289 5681 403 5738 hoc
449 5685 626 5728 versu
681 5674 885 5729 usque
937 5660 998 5712 ad
1041 5658 1157 5726 Cap.
1193 5657 1364 5723 XXXI,
1387 5661 1426 5724 7,
1453 5677 1675 5730 margo
1707 5657 1906 5721 codicis
1935 5681 2054 5719 cum
2085 5657 2341 5720 omnibus
2380 5657 2662 5718 suisnotis'
2679 5661 2935 5728 praecisus
2965 5657 3066 5715 est.
