3802 6400
541 401 684 462 2735

1625 396 1852 456 CODEX
1891 388 2648 450 SYRIACO-HEXAPLARIS.

545 525 603 570 et
636 516 827 578 scient,
873 517 1013 585 quod
1045 532 1142 587 ego
1193 530 1310 570 sunt
1365 512 1641 568 Dominus.
1669 511 1757 563 20.
1786 508 1850 562 Et
1880 506 2078 559 factum
2110 512 2153 562 Δ
2179 516 2299 555 eum
2339 504 2384 570 Σο
2419 501 2500 554 η·
2545 496 2978 587 Ειβθτάῖδετωη
3003 501 3170 587 fum’
3197 493 3249 587 ei

547 614 632 658 est
669 606 722 657 in
767 621 906 657 anno
959 606 1254 664 undecimo.
1291 605 1344 656 in
1384 618 1563 656 mense
1616 601 1811 668 primo,
1855 597 2081 664 septimo

551 693 772 756 mensis,
793 692 990 746 factum
1023 700 1102 744 est
1140 691 1358 743 verbum
1395 688 1601 742 Domini
1634 686 1699 739 ad
1724 701 1827 749 me,
1860 684 2079 737 dicens:

550 781 638 832 2|.
687 781 783 832 Fili
823 780 1070 841 hominis,
1106 778 1320 832 brachia
1371 777 1665 830 Pharaonis
1693 775 1830 842 regis
1869 770 2082 839 Egypti

552 869 797 930 contrivi,
827 878 878 918 et
907 881 1030 918 ecce
1071 881 1177 918 non
1210 867 1475 932 obligatus
1520 873 1622 924 est,
1651 865 1717 916 ad
1766 862 2000 914 dandum
2034 860 2082 911 ei

553 956 832 1017 medelam,
862 964 918 1006 ut
950 956 1165 1007 daretur
1193 969 1352 1021 super
1390 970 1512 1007 eum
1543 954 1824 1021 malagma,
1855 951 1921 1002 ad
1951 949 2084 1001 dau-

553 1045 679 1096 tlum
715 1045 897 1105 robur,
946 1055 1003 1096 ut
1049 1052 1251 1097 teneret
1305 1045 1558 1113 gladium.
1591 1042 1679 1093 22.
1717 1040 1938 1107 Propter
1985 1037 2084 1090 hoc

555 1132 665 1183 haec
684 1131 812 1184 dicit
838 1132 1093 1184 Dominus
1121 1132 1378 1186 Dominus
1404 1151 1417 1185 :
1453 1131 1590 1185 Ecce
1635 1146 1734 1199 ego
1761 1145 1923 1197 super
1947 1129 2086 1181 Pha-

553 1236 774 1273 raonem
831 1236 1006 1288 regem
1040 1221 1272 1290 Egypti,
1305 1230 1358 1274 et
1388 1231 1659 1274 conteram
1700 1218 1914 1272 brachia
1970 1216 2086 1284 ejus

553 1306 729 1369 fortia,
761 1319 811 1360 et
849 1309 1126 1376 disposita,
1159 1315 1225 1373 χ(
1251 1317 1304 1362 et
1337 1323 1430 1362 eos
1461 1311 1483 1377 ζ
1520 1311 1610 1376 qui
1638 1308 1875 1370 contriti,
1907 1316 1958 1358 et
1993 1307 2087 1359 de—

548 1394 731 1460 jiciam
761 1397 990 1464 gladium
1025 1398 1091 1450 de
1124 1413 1283 1450 manu
1317 1397 1434 1464 ejus
1468 1415 1480 1450 :
1507 1397 1596 1451 23.
1628 1405 1680 1450 et
1713 1394 2085 1449 disseminabo

555 1486 618 1551 >κ
641 1486 782 1553 τὴνζ
816 1485 1097 1555 Ᾱῑςγιιιιιιιι
1152 1488 1202 1538 in
1240 1497 1442 1553 gentes,
1491 1495 1543 1537 et
1590 1484 1855 1538 ventilabo
1906 1497 1999 1536 eos
2035 1482 2087 1534 in

555 1573 796 1639 regiones
825 1591 838 1624 :
865 1573 952 1624 ει.
991 1583 1044 1624 et
1077 1573 1434 1625 eorroborabo
1475 1573 1692 1625 brachia
1739 1571 1878 1640 regis
1913 1569 2088 1637 Babyo

557 1661 714 1723 Ionis,
761 1670 813 1713 et
847 1662 984 1714 dabo
1034 1663 1263 1730 gladium
1315 1677 1490 1713 meum
1526 1661 1576 1713 in
1622 1675 1841 1712 manum
1871 1658 2006 1726 ejus,
2038 1666 2091 1711 et

557 1750 772 1803 inducet
804 1767 925 1803 cum
964 1766 1121 1816 super
1151 1749 1462 1818 Egyptum,
1504 1759 1555 1803 et
1596 1748 1898 1817 deportabit
1919 1747 2088 1816 capti-

556 1840 767 1890 vitatem
803 1838 937 1905 ejus,
983 1848 1036 1892 et
1085 1838 1406 1904 prtedabitur
1457 1839 1683 1905 praedam
1738 1836 1876 1903 ejus.
1907 1835 1994 1886 25.
2029 1832 2091 1886 Et

555 1925 914 1978 corroborabo
958 1924 1172 1978 brachia
1222 1925 1360 1992 regis
1399 1921 1720 1991 Babylonis;
1753 1919 1969 1974 brachia
1995 1933 2092 1970 au—

557 2024 662 2066 tem
715 2015 1012 2067 Pharaonis
1045 2013 1256 2067 cadent.
1303 2011 1368 2065 Et
1413 2013 1605 2074 scient,
1647 2012 1788 2079 quod
1836 2027 1935 2079 ego
1971 2024 2090 2062 sum

561 2102 838 2163 Dominus,
878 2117 996 2154 cum
1045 2102 1241 2155 dedero
1302 2101 1534 2168 gladium
1577 2117 1751 2154 meum
1795 2101 1846 2152 iu
1902 2113 2094 2152 manus

561 2189 700 2255 regis
766 2188 1066 2256 Babylonis,
1125 2198 1181 2242 et
1223 2184 1468 2242 eduxerit
1509 2204 1630 2241 eum
1689 2203 1850 2255 super
1899 2195 2092 2239 terram

560 2275 793 2345 Egypti.
830 2278 914 2330 26.
947 2277 1010 2329 Et
1046 2277 1407 2330 disseminabo
1439 2277 1621 2347 Ξείτὴν
1656 2279 1677 2345 ζ
1711 2277 1994 2344 Αόςγιιιιιιιι
2043 2275 2094 2328 in

558 2375 762 2431 gentes,
811 2373 864 2417 et
912 2366 1178 2418 ventilabo
1209 2381 1301 2419 eos
1350 2369 1400 2418 in
1448 2365 1710 2433 regiones,
1742 2374 1795 2416 et
1827 2363 1993 2416 scient
2029 2375 2093 2416 +-

561 2469 747 2507 otnues
773 2453 1007 2523 Egyptii
1037 2454 1083 2522 ζ.
1109 2454 1250 2522 quod
1281 2469 1377 2521 ego
1397 2469 1513 2508 sum
1542 2452 1820 2506 Dominus.

629 2544 759 2610 Cap.
788 2543 978 2597 XXXI.
1005 2574 1071 2586 —
1095 2545 1140 2596 l.
1183 2544 1244 2597 Et
1284 2557 1409 2596 ecce
1441 2544 1492 2596 in
1528 2558 1666 2595 anno
1706 2541 2007 2604 undecimo,
2043 2539 2095 2593 iu

563 2644 746 2682 mense
769 2631 943 2687 tertio.
979 2646 1086 2684 uno
1121 2632 1340 2691 mensis,
1389 2631 1587 2684 factum
1615 2640 1697 2683 est
1743 2631 1961 2682 verbum
1991 2628 2096 2681 Do-

563 2717 694 2769 mini
718 2718 783 2768 ad
813 2733 915 2780 me,
956 2719 1139 2771 dicens
1169 2734 1182 2770 :
1218 2719 1271 2772 9..
1301 2719 1396 2770 Fili
1443 2719 1695 2778 hominis,
1736 2718 1822 2770 dic
1863 2718 1928 2769 ad
1957 2716 2096 2768 Pha-

559 2817 778 2856 raonem
826 2819 999 2870 regem
1037 2803 1272 2872 Egypti,
1306 2815 1358 2858 et
1414 2804 1740 2858 multitudini
1792 2805 1956 2871 ejus:
2001 2801 2098 2856 Cui

561 2892 870 2945 assimilasti
906 2901 954 2945 te
988 2894 1039 2945 in
1071 2893 1348 2946 altitudine
1373 2894 1566 2947 tua?5.
1595 2892 1729 2946 Ecce
1747 2893 1917 2946 Assur
1940 2906 2099 2960 cypa-

565 2982 737 3034 rissus
764 2981 813 3033 in
840 2980 1062 3046 Libano,
1096 2992 1148 3036 et
1175 2983 1394 3050 pulcher
1446 2983 1708 3052 virgultis,
1737 2985 1802 3048 Ἀ(
1825 2990 1876 3035 et
1902 2981 2099 3035 densus

2182 568 2702 652 alienivcorruptores
2750 584 2819 634 de
2871 578 3162 649 gentibus,
3201 583 3252 625 et
3290 568 3599 652 dejecerutn

2180 691 2340 744 super
2370 651 2639 728 montibus
2669 691 2682 726 :
2707 673 2764 725 in
2791 669 3054 723 omnibus
3081 659 3423 718 convallibus
3444 651 3597 744 cerid

2182 742 2314 816 rami
2343 762 2477 829 ejus,
2505 771 2557 814 et
2601 761 2847 813 contrita:
2901 761 3033 808 sunt
3070 749 3401 820 prapagines
3442 742 3599 810 ejusl

2181 853 2325 903 omni
2373 864 2562 916 campo
2609 859 2785 910 terrm,
2844 854 2898 900 et
2949 840 3363 896 descenderunt
3420 832 3493 885 dc
3545 845 3599 880 ut

2183 939 2302 992 culo
2337 939 2407 1007 (ὁ)
2442 940 2558 1006 ejus
2593 953 2780 990 omnes
2804 943 2994 1001 gentes
3013 929 3370 999 pupulorum,
3397 922 3473 990 (c)
3507 928 3562 970 et
3588 935 3599 969 ι

2184 1036 2309 1080 runt
2363 1043 2504 1081 eum.
2543 1027 2643 1078 J3.
2697 1025 2874 1091 Super
2927 1022 3153 1075 ruinam
3207 1017 3323 1083 ejus
3379 1010 3599 1079 requiei

2182 1128 2369 1166 omnes
2399 1113 2644 1165 volucres
2666 1109 2810 1170 caeli,
2841 1117 2895 1161 et
2921 1120 3094 1173 super
3129 1099 3474 1170 propagines
3506 1093 3598 1159 eju

2184 1209 2308 1255 runt
2330 1215 2516 1253 omnes
2549 1201 2734 1252 bestiae
2773 1196 2912 1256 arvi,
2945 1195 3034 1247 Η.
3069 1201 3134 1246 ut
3171 1205 3241 1244 ne
3262 1205 3319 1243 se
3352 1186 3594 1240 eﬂ'erant

2184 1290 2550 1358 magnitudine
2574 1305 2667 1342 sua
2710 1286 2896 1338 omnia
2931 1285 3108 1352 ligna,
3131 1295 3259 1349 qua:
3288 1279 3344 1331 in
3373 1290 3531 1344 aqua
3557 1289 3571 1324 :

2185 1379 2442 1433 dederunt
2481 1377 2798 1444 principium
2835 1389 2996 1428 suum
3026 1374 3084 1425 in
3111 1371 3360 1423 medium
3400 1365 3599 1419 nubiw

2187 1476 2448 1522 steterunt
2482 1470 2546 1533 χ(
2588 1467 2652 1518 ad
2691 1481 2752 1518 ea
2793 1465 2815 1530 ζ
2853 1465 2906 1517 in
2956 1460 3258 1515 altitudine
3307 1474 3418 1511 sua
3463 1470 3599 1507 omn

2188 1556 2375 1608 hentes
2419 1569 2644 1622 aquam;
2676 1554 2803 1620 quia
2837 1566 3034 1604 omnes
3083 1548 3205 1602 dati
3240 1554 3375 1601 sunt
3430 1546 3492 1598 in
3543 1559 3599 1595 ιιι

2189 1646 2240 1696 in
2268 1644 2586 1712 profundum
2616 1653 2774 1696 terra:
2801 1641 2854 1693 in
2892 1639 3078 1692 med-io
3103 1637 3356 1691 filiorum
3379 1633 3595 1686 homin

2189 1749 2303 1797 eos,
2343 1733 2435 1797 qui
2469 1732 2803 1784 descendunt
2833 1729 2885 1781 in
2931 1726 3176 1781 foveam.
3217 1726 3307 1778 15.
3345 1724 3492 1777 Haec
3529 1721 3599 1773 dit

2121 1816 2162 1869 Β
2189 1823 2367 1875 minus
2397 1821 2470 1887 (ά)
2500 1819 2763 1873 Dominus
2795 1834 2809 1886 ξ
2841 1819 2898 1871 In
2940 1818 3184 1886 die,quo
3207 1813 3524 1869 descendit
3557 1812 3599 1864 ir

2191 1926 2339 1972 num,
2371 1909 2437 1976 (ρ)
2463 1909 2559 1962 feci
2589 1909 2792 1974 lugere,
2831 1905 3096 1959 constitui
3129 1920 3302 1972 super
3322 1918 3468 1955 eum
3502 1901 3599 1971 abj

2191 2009 2244 2054 et
2271 2000 2483 2053 cohibui
2531 1999 2753 2051 ﬂumina
2811 1997 2953 2064 ejus,
2984 2005 3042 2049 et
3092 1995 3323 2049 cohibui
3381 1993 3596 2046 multit

2193 2105 2391 2157 aquae:
2434 2099 2485 2142 et
2536 2087 2926 2140 obtenebratus
2984 2094 3072 2138 est
3119 2100 3293 2153 super
3342 2099 3495 2136 eum
3553 2083 3599 2135 L

2193 2179 2372 2232 omnia
2413 2179 2553 2247 ligna
2608 2177 2784 2244 campi
2854 2192 3022 2245 super
3071 2191 3137 2228 eo
3187 2176 3257 2243 (Γ)
3308 2175 3599 2228 dissolut;

2195 2271 2354 2324 l6.A
2393 2286 2522 2323 voce
2589 2270 2758 2321 ruinae
2816 2267 2937 2335 ejus
2995 2274 3356 2320 tremuerunt
3435 2275 3599 2327 genti

2199 2359 2517 2414 descendere
2565 2357 2801 2410 facerent
2831 2370 2957 2409 eum
2984 2356 3040 2409 in
3083 2355 3377 2408 infernum
3427 2371 3582 2408 cum

2197 2447 2445 2501 dentibus
2489 2447 2542 2499 in
2583 2446 2835 2499 foveam:
2875 2446 2951 2514 (g)
2995 2453 3051 2499 et
3087 2444 3581 2499 consolabantur

2196 2547 2335 2593 terra
2368 2538 2550 2590 inlinis
2582 2537 2764 2589 omnia
2819 2535 2966 2605 ligna
3000 2535 3376 2598 deliciarum,
3430 2545 3499 2589 et
3541 2537 3599 2588 el

2195 2636 2248 2681 et
2287 2627 2562 2694 pulchra:
2613 2624 2807 2678 Libani
2864 2625 3076 2687 Omnia,
3125 2641 3252 2694 qua!
3327 2626 3580 2680 bibunt

2198 2717 2285 2769 l7.
2321 2716 2530 2768 Etenim
2573 2715 2665 2767 isti
2704 2731 2829 2768 cum
2861 2729 2929 2768 eo
2977 2714 3418 2768 descenderunt
3460 2717 3528 2768 in
3571 2716 3591 2770 i

2197 2804 2251 2856 in
2280 2803 2475 2855 occisis
2512 2818 2541 2854 a
2594 2803 2791 2870 gladio,
2828 2813 2881 2857 et
2933 2818 3127 2857 semen
3161 2803 3309 2870 ejus,
3347 2804 3594 2859 habita

2198 2890 2512 2944 umbraculo
2567 2891 2687 2959 ejus
2736 2891 2793 2944 in
2864 2893 3050 2945 medio
3123 2893 3250 2945 vita:
3309 2889 3461 2948 suae
3543 2911 3599 2964 pl

2199 2982 2284 3035 18.
2317 2980 2412 3034 Cui
2446 2980 2778 3035 assimilatus
2825 2995 2885 3034 es
2937 2985 3004 3048 Χ
3043 2981 3177 3045 ΤΙι..
3231 2982 3294 3035 in
3339 2983 3599 3039 τοι-εἰμι

563 3069 618 3125 in
678 3071 988 3124 umbraculo
1037 3072 1085 3138 ζ,
1131 3081 1184 3124 et
1229 3072 1471 3125 excelsus
1523 3071 1902 3139 magnitudine,
1941 3079 1992 3122 et
2045 3070 2096 3121 in
2129 3110 2171 3166 ϐ
2204 3070 2256 3123 in
2283 3071 2469 3136 gloria,
2499 3068 2636 3123 etin
2673 3070 3052 3139 magnitudine
3093 3071 3149 3124 in
3184 3072 3358 3139 lignis
3405 3075 3599 3130 delic

565 3159 743 3212 medio
769 3161 987 3213 nubium
1025 3160 1221 3213 factum
1253 3171 1334 3212 est
1357 3160 1674 3227 principium
1699 3159 1836 3225 ejus.
1862 3157 1914 3209 4.
1949 3159 2099 3224 Aqua

566 3249 788 3301 nutrivit
811 3264 955 3309 cum,
988 3250 1215 3317 aliyssus
1247 3249 1499 3301 exaltavit
1551 3262 1696 3309 eum,
1741 3246 1930 3299 ﬂuvios
1977 3260 2104 3298 suos

564 3337 750 3390 eduxit
803 3338 948 3389 circa
1008 3338 1215 3404 plautas
1266 3353 1410 3400 suas,
1459 3345 1512 3390 et
1558 3336 1780 3389 lacunas
1840 3333 2017 3388 emisit
2051 3335 2101 3386 in

567 3423 750 3479 omnia
779 3425 920 3492 ligna
943 3425 1131 3492 campi.
1171 3425 1223 3478 5.
1260 3424 1479 3492 Propter
1509 3425 1610 3478 hoc
1635 3423 1838 3477 elevata
1871 3429 1953 3476 est
1992 3437 2105 3475 ma-

563 3513 790 3583 gnitudo
816 3514 934 3582 ejus
956 3515 1095 3581 plus,
1132 3529 1290 3581 quam
1322 3514 1502 3567 omnia
1544 3513 1672 3582 ligni
1725 3512 1917 3579 campi,
1945 3521 1996 3564 et
2027 3512 2106 3564 di-

571 3603 722 3657 latati
763 3613 890 3656 sunt
918 3604 1050 3656 rami
1080 3603 1216 3671 ejus,
1241 3612 1293 3656 et
1316 3619 1372 3656 se
1395 3602 1700 3656 extulerunt
1733 3601 1963 3670 virgulta
1992 3599 2107 3667 ejus

567 3707 731 3762 super
763 3709 955 3762 aquam
989 3694 1227 3757 multam,
1251 3695 1315 3760 χ(
1340 3708 1459 3745 cum
1491 3707 1547 3746 se
1563 3691 1871 3745 extenderet
1902 3690 1951 3756 ζ.
1977 3689 2029 3740 6.
2052 3686 2105 3740 In

572 3784 812 3852 virgultis
854 3785 969 3852 ejus
1001 3784 1339 3837 nidilicarunt
1368 3797 1555 3835 omnes
1607 3781 1852 3834 volucres
1881 3781 2022 3840 coali,
2057 3787 2109 3832 et

571 3873 674 3926 sub
695 3874 858 3927 ramis
887 3874 1006 3940 ejus
1039 3881 1338 3941 genuerunt
1375 3886 1560 3925 omnes
1594 3871 1773 3926 bestia:
1819 3870 2014 3937 campi,
2054 3871 2105 3922 in

573 3961 761 4015 umbra
808 3962 926 4027 ejus
987 3960 1244 4014 habitavit
1290 3961 1467 4013 omnis
1521 3958 1802 4011 multitudo
1847 3959 2103 4025 gentium.

575 4048 626 4102 7.
652 4050 716 4102 Et
745 4059 860 4103 erat
887 4049 1105 4116 pulcher
1134 4050 1186 4102 in
1218 4049 1495 4102 altitudine
1537 4063 1634 4100 sua
1681 4057 1895 4116 propter
1938 4047 2109 4115 longi-

575 4139 814 4192 tudinem
846 4153 1115 4190 ramorum
1149 4153 1390 4200 suorum,
1429 4139 1553 4205 quia
1585 4146 1737 4190 erant
1771 4139 1974 4192 radices
1995 4137 2110 4205 ejus

575 4228 633 4282 in
658 4243 795 4296 aqua
847 4227 1034 4281 multa.
1070 4228 1122 4282 8.
1156 4228 1217 4280 Et
1249 4228 1504 4296 cyparissi
1543 4244 1645 4280 non
1675 4230 1738 4295 (t)
1775 4229 1907 4282 tales
1936 4229 1988 4280 in
2019 4243 2112 4296 pa-

577 4316 754 4368 radiso
789 4315 898 4378 Dei,
945 4323 998 4366 et
1035 4314 1178 4368 cedri
1232 4330 1336 4367 non
1377 4313 1581 4366 similes
1619 4313 1860 4381 virgultis
1894 4313 2032 4380 ejus,
2057 4321 2112 4366 et

2202 3169 2255 3212 et
2282 3160 2560 3220 descende,
2608 3169 2662 3212 et
2700 3160 2969 3215 deducere
3019 3177 3147 3215 cum
3177 3162 3355 3231 lignis
3406 3165 3599 3223 delic

2205 3247 2526 3316 profundum
2579 3256 2736 3299 terra
2786 3266 2800 3302 :
2843 3249 2898 3302 in
2951 3249 3136 3302 medio
3184 3266 3300 3303 non
3345 3253 3599 3309 circur

2203 3336 2435 3390 dormies
2472 3350 2594 3388 cuni
2644 3337 2843 3391 occisis
2879 3339 3084 3406 gladio.
3122 3339 3218 3393 Sic
3250 3338 3570 3407 Pharao,

2165 3442 2173 3446 ·
2204 3425 2488 3478 multitudo
2518 3439 2579 3478 οξ-
2609 3424 2948 3483 fortitudinis
2987 3429 3008 3495 ζ
3041 3428 3187 3497 ejus,
3219 3429 3373 3486 dicit
3423 3433 3599 3491 Don

2205 3529 2400 3568 ιιιιιιυε.

2275 3602 2400 3667 Cap.
2432 3602 2646 3657 XXXII.
2679 3633 2749 3644 --
2778 3604 2828 3657 l.
2865 3604 2929 3658 Et
2963 3603 3175 3660 factum
3231 3618 3328 3662 est
3405 3611 3496 3668 in
3572 3633 3599 3669 a

2205 3691 2436 3756 decimo,
2466 3693 2519 3745 in
2548 3708 2736 3747 mense
2783 3692 3021 3758 decimo,
3053 3711 3167 3748 uno
3209 3701 3518 3766 mensis,
3573 3706 3599 3759 f

2205 3782 2426 3834 verbum
2477 3781 2690 3835 Domini
2742 3782 2809 3836 ad
2851 3799 2960 3850 me,
3014 3785 3213 3840 dicens
3252 3805 3266 3840 :
3300 3789 3373 3842 2.
3418 3793 3590 3851 Fili

2207 3886 2420 3924 assume
2443 3872 2740 3925 lamentum
2767 3889 2934 3942 super
2961 3873 3331 3931 Pharaonem
3369 3897 3599 3949 rege.

2205 3971 2258 4015 et
2283 3964 2430 4016 dices
2459 3962 2504 4014 ei
2533 3981 2545 4016 :
2586 3963 2661 4031 (It)
2686 3963 2852 4017 Leoni
2896 3966 3146 4034 gentium
3180 3969 3599 4034 assimilatu

2207 4051 2344 4105 sicut
2367 4053 2528 4106 draco
2551 4053 2603 4104 in
2625 4055 2781 4114 mari,
2813 4061 2868 4107 et
2889 4058 3306 4124 cornupetebas
3329 4060 3428 4116 ﬂu
3443 4072 3599 4126 nail

2206 4142 2646 4196 ctconturbabas
2691 4157 2888 4212 aquam
2947 4145 3185 4212 pedibus
3235 4151 3405 4212 tuis,
3459 4158 3571 4228 (ἕ)

2208 4230 2370 4283 calias
2396 4230 2616 4283 ﬂumina
2658 4239 2767 4286 tua.
2802 4231 3001 4287 3.11am
3031 4235 3168 4289 dicit
3200 4235 3594 4304 Dominus

2209 4317 2274 4370 Et
2295 4318 2490 4386 jaciam
2525 4335 2687 4388 super
2705 4330 2756 4373 te
2785 4323 2919 4375 retia
2954 4327 3023 4392 Χ
3056 4341 3202 4388 mea,
3245 4329 3312 4382 in
3356 4348 3599 4395 casu:

574 4407 776 4460 abietes
811 4421 915 4459 non
953 4404 1164 4458 fuerunt
1217 4404 1419 4458 similes
1475 4404 1636 4457 ramis
1661 4404 1811 4471 ejus:
1847 4418 2006 4457 omne
2048 4403 2111 4457 li-
2142 4407 2184 4461 D
2215 4409 2524 4472 multarum,
2547 4419 2598 4462 et
2636 4410 2915 4464 extraham
2955 4424 3008 4466 te
3056 4415 3111 4468 in
3153 4417 3348 4472 hamo
3393 4439 3599 4486 meo

575 4512 739 4564 gnum
763 4497 814 4549 in
854 4496 1102 4564 paradiso
1132 4495 1220 4548 Dei
1240 4511 1345 4548 non
1371 4493 1726 4549 assimilatum
1750 4504 1830 4547 est
1847 4494 1895 4547 ei
1919 4494 1970 4547 in
1995 4493 2109 4562 pul-

574 4583 878 4636 chritudine
905 4597 1023 4646 sua,
1052 4585 1103 4636 9.
1141 4583 1219 4651 (tt)
1258 4591 1470 4650 propter
1503 4583 1894 4635 multitudinem
1934 4597 2111 4635 ramo-

575 4686 694 4726 rum
720 4673 836 4741 ejus
863 4691 875 4724 :
913 4672 988 4741 (π)
1006 4681 1058 4725 et
1087 4673 1331 4726 aemulata
1357 4681 1481 4724 sunt
1499 4687 1616 4725 eam
1638 4674 1815 4725 omnia
1850 4671 1990 4739 ligna
2016 4687 2112 4740 pa-

572 4763 737 4816 radisi
761 4762 1110 4830 jucunditatis
1125 4767 1190 4829 χ(
1206 4762 1352 4828 υθίζ.
1373 4763 1457 4815 10.
1483 4761 1702 4829 Propter
1727 4763 1828 4815 hoc
1857 4762 1967 4814 haec
1981 4761 2113 4815 dicit

577 4847 834 4904 Dominus
859 4849 1114 4902 Dominus
1149 4867 1162 4902 :
1204 4849 1308 4902 Pro
1328 4865 1392 4903 eo
1413 4849 1553 4917 quod
1585 4848 1757 4902 factus
1797 4863 1855 4902 es
1883 4863 2111 4916 magnus

575 4941 961 5008 magnitudine,
988 4950 1041 4994 et
1057 4939 1250 4994 dedisti
1273 4940 1592 5010 principium
1623 4949 1771 4994 tuum
1802 4938 1854 4992 in
1879 4938 2110 4994 medium

589 5026 651 5095 ’9)
675 5030 892 5082 nubium
919 5031 1012 5099 (κ),
1042 5039 1093 5084 et
1118 5030 1247 5094 vidi,
1278 5045 1400 5082 cum
1437 5029 1778 5093 exaltaretur,
1804 5028 1889 5082 ll.
1921 5038 1973 5082 et
2004 5039 2113 5082 tra-

584 5115 688 5166 Jidi
720 5131 840 5168 eum
874 5118 929 5171 in
975 5135 1165 5174 manus
1195 5119 1449 5189 principis
1479 5120 1736 5188 gentium,
1759 5128 1810 5173 et
1835 5118 1960 5172 fecit
1989 5133 2112 5187 per-

580 5199 834 5256 ditionem
888 5207 1006 5274 ejus
1050 5225 1064 5260 :
1105 5209 1252 5277 juxta
1308 5209 1606 5278 impietates
1656 5209 1771 5276 ejus
1805 5211 1870 5276 χ(
1900 5208 2110 5276 ejiciam

655 5371 864 5442 (thon
911 5391 1227 5442 superarunt
1260 5400 1399 5441 eam.

584 5511 1054 5580 congtumiabunt.
1083 5511 1200 5580 Th2,
1234 5519 1287 5571 in
1307 5511 1569 5574 omnibus
1602 5511 1817 5575 inculiis
1846 5511 2020 5573 terra.

586 5581 658 5656 (ε)
690 5572 781 5656 §-.
805 5574 1131 5656 fcpihlugere.
1188 5572 1428 5656 ’,ΚΠ-8.,
1461 5572 1738 5643 muta—runt
1775 5572 2030 5656 speciem.

588 5645 649 5711 (ἑ)
682 5641 762 5708 8.,
784 5641 1120 5700 calcitnabas.

2212 4500 2494 4552 extendam
2521 4510 2571 4552 te
2606 4516 2765 4567 super
2791 4511 2994 4554 terram
3031 4521 3044 4557 ;
3081 4507 3276 4573 campi
3340 4510 3599 4583 iniph

2211 4595 2266 4639 et
2294 4586 2570 4640 subsidere
2610 4586 2804 4641 faciam
2836 4604 3004 4658 super
3033 4601 3084 4644 te
3117 4607 3348 4649 omnes
3400 4607 3599 4662 vol.

2212 4683 2267 4730 et
2311 4677 2565 4729 saturabo
2620 4676 2686 4728 de
2735 4687 2788 4729 te
2841 4692 3038 4734 omnes
3099 4681 3345 4738 bestias
3418 4706 3589 4750 ou)

2213 4763 2266 4817 5.
2300 4773 2354 4817 et
2383 4763 2520 4816 dabo
2566 4778 2784 4817 carnem
2815 4774 2964 4819 tuam
3003 4783 3174 4836 super
3204 4785 3578 4850 montes,

2217 4854 2281 4918 >κ
2317 4852 2537 4920 valles:
2581 4852 2642 4920 (ἰ)
2681 4855 2746 4906 dc
2803 4856 3075 4924 sanguine
3133 4869 3262 4922 tuo,
3311 4864 3391 4916 6.
3454 4881 3563 4925 et,

2215 4951 2355 4997 terra
2395 4944 2489 5012 (in)
2522 4943 2850 4998 stercoribus
2887 4947 2996 4998 tuis
3039 4963 3070 5000 a
3109 4951 3599 5018 multitudini

2214 5032 2483 5085 montibus
2527 5049 2538 5084 :
2574 5033 2740 5085 valles
2768 5033 3006 5102 implebo
3035 5045 3110 5098 te,
3139 5039 3195 5090 7.
3223 5049 3296 5093 et
3329 5058 3599 5120 c00pt

2211 5121 2510 5174 exstinctus
2561 5119 2750 5184 lueris,
2801 5123 3025 5187 coelum,
3062 5137 3118 5179 et
3171 5119 3599 5199 tenebreée

2213 5209 2394 5263 stellas
2433 5207 2574 5276 ejus,
2605 5214 2772 5264 solem
2832 5213 2887 5266 in
2931 5215 3078 5268 nube
3118 5221 3496 5295 operialn,
3565 5251 3599 5290 ε

1498 5383 1720 5465 (u)_'1"h.,
1781 5383 2060 5465 pulchram
2093 5381 2192 5465 [cci
2215 5397 2343 5465 eam
2399 5383 2828 5465 inmultitudine
2854 5404 3139 5465 ramorum
3165 5396 3355 5465 ejus,

656 5415 715 5437 ν]
750 5415 864 5424 ’ννη
911 5415 1227 5442 νυγυιαιυιιι
1260 5415 1399 5441 CIII“.
1498 5415 1574 5451 μιν
1608 5415 1720 5446 ιιιο,
1782 5415 2060 5454 γυιιοιιιαιιι

584 5441 961 5494 tcmulareulur
994 5446 1061 5497 ei.
1136 5451 1206 5517 (ῃ)
1239 5452 1318 5512 8,,
1350 5468 1534 5520 opaca.
1572 5453 1690 5516 Th”
1717 5455 1917 5520 spissa,
1994 5451 2095 5519 (ἡ)

584 5511 1054 5586 ςρηξξιιιιξιιᾳιιιιιιιι.
1083 5513 1200 5580 ΤΙι.,
1234 5519 1287 5571 in
1319 5521 1569 5574 omnibus
1602 5523 1817 5575 incultis
1846 5531 2020 5573 terrae.

2143 5415 2192 5436 ιι
2227 5415 2343 5436 cam
2399 5415 2452 5436 Ill
2480 5415 2828 5465 IIIUI|l|Il.UIIIC
2856 5415 3139 5473 [διιιυηιηι
3165 5415 3355 5477 ejus.
3533 5415 3599 5478 (ς

2143 5451 2377 5504 telatum
2403 5461 2485 5504 est
2524 5469 2617 5506 eor
2654 5471 2770 5519 ejus
2800 5473 2967 5525 super
2991 5462 3328 5524 altitudine
3371 5489 3554 5534 sua

2143 5519 2208 5586 fb)
2257 5518 2475 5572 Eorum.
2590 5524 2660 5586 (c)
2697 5523 2762 5577 Et
2801 5529 3122 5586 relinquent
3170 5551 3377 5586 enin-
3570 5525 3599 5586 ἶ

2301 5534 2475 5572 Ol‘lllll.

1256 5587 1428 5668 flm§.,
1461 5597 1738 5668 mutarunt
1776 5590 2030 5668 speciem.
2054 5654 2084 5668 Π
2132 5592 2207 5656 (9)
2249 5586 2330 5666 8.,
2375 5596 2431 5668 et
2452 5586 2881 5668 consulationem
2926 5586 3161 5668 accepit.

1201 5650 1270 5717 (Ιί)
1301 5652 1414 5717 Th.,
1439 5667 1490 5708 ct
1513 5667 1785 5712 conteram
1809 5650 1879 5712 te.
1958 5657 2016 5726 (Ι)
2048 5654 2095 5709 8η

2154 5650 2467 5711 vermiculis
2503 5658 2633 5714 tuis.
2711 5661 2805 5732 (in)
2831 5663 2911 5731 8.,
2952 5650 3171 5728 sici-Lm
3214 5650 3454 5737 ιιῖὖῖιι

2593 5495 2607 5506 .
2655 5495 2770 5519 νυ...
2800 5495 2956 5525 ..ι-γυ
2991 5495 3328 5524 αιιιιυυιιιιε
3371 5495 3554 5534 sua

2590 5523 2762 5606 (c)-Et
2801 5529 3122 5606 relinquent
3170 5551 3377 5594 eum.
3570 5525 3599 5606 .t
