1901 3181
102 199 156 226 ιπι

696 197 892 228 IIEZECIELIS
910 201 1021 230 CAPUT
1039 203 1153 230 XXXIII.

1681 207 1732 236 758

108 255 189 290 lucere
197 253 258 298 imit“
266 241 493 298 ῖῗῗξῖᾶηι-ιξβο
524 254 557 282 8.
580 255 675 284 Otunla
696 256 786 298 lucere
799 257 923 286 facientia
937 263 960 291 Α
973 267 1025 287 non
1048 260 1209 292 circumcisi,
1223 260 1302 287 occisi
1326 268 1340 287 a
1359 260 1455 294 gladio,
1468 259 1513 294 qui
1532 260 1659 288 dederunt
1677 269 1730 288 ter-

113 288 195 325 lunten
210 294 258 325 tot“
266 286 550 338 οιωῖλξβῖεεςεηι
569 307 651 334 super
674 304 709 332 te,
723 292 753 328 et
765 301 834 329 dabo
849 307 924 330 tene-
937 286 960 291 .-
974 286 1161 332 incutiant
1172 286 1252 338 super
1348 286 1417 330 vine.
1427 286 1519 337 εἶχε
1534 303 1565 330 Ει
1577 311 1629 330 non
1668 286 1730 330 dor-

115 341 174 367 bras
191 347 258 374 super
271 333 355 363 “3mm
378 331 528 372 “nim.
546 331 618 371 dicit
637 331 767 373 Dominus
779 345 918 375 Dominus.

118 384 143 410 9.
154 384 186 410 Et
197 383 293 412 irritabo
303 380 341 404 ω’
350 380 410 421 ῑεξι
416 379 523 412 lilim
547 378 704 421 multarum.
713 397 774 416 cum
787 391 921 419 adduxero

121 427 289 461 captivitatem
305 425 370 467 “132‘
391 418 435 448 ίῐὶ
461 434 594 463 gentes,
609 431 634 457 in
653 418 750 459 terram
769 441 849 467 quam
866 442 919 462 non

124 470 234 498 novisti.
248 472 287 498 lo.
300 467 332 502 In)
344 463 377 491 Ῡιῑ
394 472 674 502 αοιιινῖειτιιιυιιιιιι·
692 463 814 511 ευριπ-ιε
829 483 920 512 gentes

127 514 230 547 multa,
249 521 275 542 et
293 518 359 548 rege!
380 516 498 559 cptum
521 520 564 552 (ο)
584 523 692 554 stupore
713 522 748 555 χ
772 529 852 556 super
868 525 916 559 te:

125 563 293 592 stnpescent,
304 565 358 587 cum
367 555 522 589 vitiaverit
534 564 641 597 gladius
655 572 731 593 meus
747 555 826 600 super
837 555 918 595 facies

125 609 237 634 eorum.
251 604 290 638 (ρ)
301 605 492 637 exspectantes
515 608 626 635 ruinam
654 617 729 636 suam
742 617 757 636 a
774 611 818 637 die
834 612 918 638 ruina:

126 649 190 672 tua.
208 647 256 673 Η.
275 648 340 680 Quia
352 648 407 674 haec
426 647 503 677 dicit
530 651 663 680 Dominus
688 653 815 681 Dominus
832 663 839 681 :
855 655 918 683 Gla-

124 689 190 716 dius
207 692 287 725 regis
309 692 448 727 Babylonis
466 696 565 722 veniet
590 696 647 729 tibi,
666 697 708 724 l2.
721 698 748 723 in
762 698 857 732 gladiis
878 700 918 732 gi-

124 739 258 767 gantum,
280 741 308 764 et
327 737 448 770 dejiciam
480 739 667 767 fortitudinem
695 746 766 768 tuam
783 751 789 768 :
808 750 916 777 corrup—

124 783 200 803 tores
220 786 322 806 omncs
346 782 377 807 dc
397 782 537 814 gentibus,
556 788 582 810 ct.
601 785 712 817 perdent
728 787 914 814 contumeliam

122 820 256 855 Aigypti,
275 829 302 850 et
318 830 472 852 conteretur
489 828 579 854 omnis
600 827 726 855 fortitudo
740 830 809 863 ejus.
827 831 868 858 i3.
883 831 916 858 Et

120 867 244 899 perdam
261 876 346 895 omne
360 871 511 904 jumentum
527 873 585 905 ejus
596 873 630 899 ab
646 881 713 908 aqua
731 875 823 908 multa,
842 877 878 910 (τι)
889 881 916 903 et

120 918 180 936 tton
200 913 446 944 pcrturltabiteam
468 923 514 948 pes
537 916 662 948 hominisl
676 922 703 943 et
714 918 851 952 vestigium
868 919 913 953 jn-

118 957 211 981 luenti
231 964 289 983 non
309 960 479 986 conculcabit
495 968 563 986 eam.
580 961 622 987 H.
639 968 668 989 -Ι-
686 963 750 997 Sic:
763 968 825 990 tunc
837 965 913 998 quit
930 993 936 998 ο

117 1003 204 1025 scent
221 1008 307 1035 aqua:
330 1010 435 1034 corttm,
451 1009 477 1030 ct
498 1005 606 1031 fltnnina
622 1012 715 1032 eorum
733 1007 809 1041 quasi
824 1008 911 1035 oleum

116 1044 225 1074 llnent.
256 1046 325 1071 dicit
345 1047 449 1073 Adonai
484 1048 624 1076 Dominus.
654 1050 696 1076 15.
721 1051 788 1078 Cum
813 1052 912 1081 dedero

117 1086 284 1122 Egyptutn
304 1090 331 1116 in
357 1091 544 1124 perditionem,
565 1098 592 1119 et
610 1099 711 1121 vastata
736 1096 814 1123 fuerit
842 1102 911 1124 terra

116 1140 186 1157 cum
207 1133 385 1165 plenitudine
401 1143 460 1167 sua,
475 1143 536 1162 cum
561 1137 710 1171 dispersero
724 1146 818 1167 omnes
837 1141 912 1167 habi-

116 1181 218 1203 tantes
246 1177 276 1203 iu
304 1185 347 1209 ea,
365 1183 392 1205 et
417 1180 512 1211 scient,
532 1182 594 1214 quia
619 1189 667 1216 ego
693 1190 752 1209 sum
773 1184 910 1212 Dominus.

116 1221 167 1248 16.
186 1221 372 1250 Lamentatio
386 1229 436 1255 est,
451 1229 476 1251 et
500 1226 717 1253 lamentabuntur
731 1234 800 1259 eam,
811 1233 837 1255 et
852 1229 911 1256 tilite

114 1267 253 1299 gentium
280 1267 504 1295 lamentabnntur
527 1277 586 1296 eam
606 1277 686 1304 super
713 1271 866 1306 Egyptum,
885 1278 912 1301 et

114 1318 212 1344 super
248 1318 362 1338 omnem
393 1312 580 1340 fortitudinem
614 1315 672 1348 ejus
697 1315 912 1344 Iamentabuntur

112 1362 196 1386 eam,
216 1355 289 1382 dicit
305 1356 438 1384 Dominus
456 1358 594 1386 Dominus.
610 1359 652 1385 l7.
669 1358 702 1386 Et
715 1359 812 1388 factum
825 1366 865 1389 est
883 1362 910 1389 in

113 1407 197 1426 anno
225 1400 410 1433 duodecimo,
439 1402 464 1428 in
497 1411 589 1430 mense
616 1404 711 1438 primo,
742 1405 910 1439 quindccimo

113 1445 245 1476 mensis,
263 1444 367 1471 factum
383 1451 424 1472 est
437 1446 547 1473 verbum
563 1445 668 1474 Domini
686 1447 719 1474 ad
738 1456 789 1481 me,
802 1450 908 1477 dicens:

113 1491 163 1517 18.
187 1490 246 1517 Fili
260 1490 436 1524 bominis,(r)
451 1492 594 1519 lamentare
605 1494 816 1521 lamentationem
830 1502 911 1529 super

112 1534 325 1561 fortitudinem
350 1534 471 1570 Egypti,
491 1540 518 1563 ct
541 1537 701 1565 descendere
719 1538 817 1566 facient
841 1540 909 1567 ﬁlias

111 1579 181 1612 ejus
198 1583 304 1612 gentes
323 1583 445 1605 mortuas
464 1579 490 1605 in
515 1580 674 1613 profundum
694 1585 780 1614 terra,
800 1583 832 1609 ad
851 1591 909 1615 eos,

112 1622 166 1655 qui
185 1623 367 1650 descendunt
383 1623 408 1649 in
423 1623 536 1651 foveam.
551 1624 594 1651 I9.
604 1626 637 1658 χ
651 1626 690 1652 Ab
703 1626 779 1660 aquis
792 1627 910 1661 pulchris

111 1667 226 1692 decore
246 1666 258 1699 ζ
274 1666 424 1698 descende,
444 1671 471 1693 et
488 1667 575 1694 dormi
590 1675 650 1695 cum
666 1676 717 1695 non
735 1670 909 1703 circumcisis,

112 1710 142 1736 in
162 1710 264 1737 medio
284 1710 441 1737 occisorum
460 1712 548 1746 gladio
573 1713 668 1740 cadent
688 1721 747 1740 cutn
767 1722 810 1746 eo,
825 1715 868 1743 20.
884 1720 911 1743 et

111 1752 246 1779 dormiet
275 1759 362 1778 omne
393 1753 478 1780 robur
496 1754 564 1788 ejus.
583 1755 626 1781 21.
647 1755 680 1782 Et
703 1756 792 1784 dicent
805 1757 851 1784 tibi
870 1759 911 1793 gi-

111 1800 221 1830 gantes
237 1804 245 1823 :
263 1795 295 1823 In
318 1797 456 1830 profundo
481 1798 562 1826 fovea:
580 1805 639 1827 esto
656 1809 662 1827 :
683 1808 737 1835 quo
749 1802 842 1829 melior
860 1803 910 1830 es?

110 1841 274 1872 descende,
293 1846 322 1868 ct
337 1842 426 1868 dormi
443 1850 503 1869 cum
528 1851 581 1877 non
600 1844 765 1873 circumcisis
779 1845 806 1872 in
823 1847 910 1873 medio

110 1888 285 1914 occisorum
298 1887 409 1921 gladiis.
426 1887 469 1914 2‘2.
490 1889 526 1915 Ibi
540 1888 636 1921 Assur,
648 1893 674 1916 et
690 1890 779 1917 omnis
795 1898 909 1925 congre-

110 1932 194 1966 gatio
214 1932 292 1965 ejus,
316 1938 348 1958 -ε-
364 1939 459 1959 omnes
475 1933 486 1967 ζ
501 1934 582 1961 occisi
602 1934 637 1960 ibi
652 1934 705 1961 dati
722 1939 793 1966 sunt,
813 1939 841 1962 et
864 1943 908 1963 se-

109 1977 252 2010 pulcrum
269 1983 369 2003 eorum
386 1976 412 2002 in
433 1976 566 2010 profundo
583 1977 664 2005 fovete
678 1987 685 2004 :
702 1983 729 2005 et
743 1978 812 2006 facta
822 1984 863 2007 est
876 1987 908 2008 -ι-

108 2020 305 2054 cougregatio
328 2019 391 2054 ejus
409 2020 433 2054 ζ,
449 2020 519 2048 circa
547 2022 700 2055 sepulcrum
727 2022 786 2056 ejus
814 2031 909 2052 omnes

108 2066 217 2097 occisi,
236 2064 287 2098 qui
311 2065 470 2091 ceciderunt
484 2065 573 2100 gladio
593 2074 600 2091 :
618 2066 661 2092 25.
674 2067 764 2103 )(‘qui
779 2067 911 2095 dederunt

107 2113 253 2146 sepulcra
271 2111 337 2144 ejus
351 2111 380 2137 in
403 2111 533 2138 lateribus
547 2111 628 2139 foveae
643 2121 649 2139 :
668 2113 702 2148 (ι)
721 2118 748 2140 et
769 2114 855 2142 factus
868 2121 910 2143 est

107 2161 210 2184 cetus
224 2155 304 2183 circa
321 2155 478 2189 sepulcrum
494 2156 554 2189 ejus
567 2165 575 2182 :
590 2164 684 2185 omnes
702 2158 794 2190 occisi,
810 2159 909 2186 caden-

971 348 1088 375 mierunt
1099 356 1158 375 cum
1176 348 1336 383 gigantibus,
1349 348 1394 382 qui
1408 347 1560 374 ceciderunt
1572 348 1606 373 ab
1621 352 1731 379 artemo,

969 393 1014 427 qui
1033 393 1226 420 descenderunt
1239 392 1265 418 in
1281 392 1412 418 infernum
1428 392 1455 418 itt
1466 392 1548 418 armis
1561 393 1595 425 Χ
1611 399 1702 418 eorum
1717 392 1729 423 ζ

969 436 1083 468 bellicis,
1096 436 1128 470 (ι)
1144 440 1170 462 et
1190 440 1336 470 posuerunt
1349 435 1450 469 gladios
1463 443 1526 462 suos
1538 436 1588 461 sub
1599 436 1731 469 capitibus

968 480 1035 512 suis,
1050 484 1076 506 et
1092 480 1167 506 factae
1182 484 1244 506 sunt
1263 479 1414 512 iniquitates
1428 486 1520 506 eorum
1533 486 1612 513 super
1624 480 1729 506 ossibus

968 531 1071 553 eorum.
1091 523 1152 558 quia
1164 527 1315 550 terruerunt
1335 522 1415 549 fortes
1426 522 1452 548 in
1465 523 1516 548 vita
1535 522 1645 549 sua.28.
1657 522 1689 548 Et
1701 526 1729 548 tu

968 566 994 593 in
1021 567 1108 593 tttedio
1134 574 1186 593 non
1216 565 1433 593 circutncisorum
1453 565 1486 597 Χ
1500 564 1644 591 contereris
1662 564 1689 597 ζ,
1703 568 1730 590 et

966 611 1082 638 domtics
1097 619 1158 638 cum
1172 610 1267 637 occisis
1282 610 1378 643 gladio.
1394 610 1437 636 29.
1453 608 1489 635 Ibi
1507 609 1545 643 (ιι)
1560 608 1654 637 Edunt,
1664 609 1729 640 Xet

965 662 1040 689 reges
1054 655 1111 689 ejus
1126 656 1154 690 ζ,
1167 660 1193 681 et
1202 662 1295 681 omnes
1310 654 1441 688 principes
1451 653 1520 686 ejus,
1535 653 1582 687 qui
1598 652 1729 678 dederunt

966 699 1048 726 robur
1067 707 1144 725 suum
1168 699 1193 724 in
1220 698 1418 732 percussionem
1431 697 1509 731 gladii
1524 706 1531 723 :
1546 696 1588 722 isti
1607 705 1668 723 cum
1684 704 1729 722 oc-

965 743 1029 770 cisis
1050 743 1226 773 dormierunt,
1246 750 1307 769 cum
1330 741 1549 768 descendentibus
1572 740 1598 766 in
1615 741 1727 766 foveam.

963 786 1007 813 50.
1022 786 1060 813 Ibi
1074 786 1112 820 (π)
1131 787 1264 820 principes
1277 786 1417 819 aquilonis,
1432 792 1524 812 omnes
1541 785 1622 811 duces
1633 785 1726 814 Assur,

964 831 1154 858 descendentes
1175 831 1255 857 occisi
1276 830 1314 864 (ει)
1329 837 1388 856 cuin
1409 834 1508 855 terrore
1521 835 1580 859 suo,
1592 834 1617 854 et
1637 828 1664 854 in
1683 835 1729 853 ro-

964 874 1028 901 bore
1040 882 1089 901 suo
1107 876 1140 908 χ
1160 874 1265 901 confusi
1289 875 1300 909 ζ
1319 873 1483 900 dormierunt
1505 878 1557 899 non
1576 872 1726 899 circumcisi

964 927 1023 946 cum
1036 919 1131 946 occisis
1142 919 1239 952 gladio,
1254 923 1280 945 et
1297 923 1455 952 acceperunt.
1474 921 1635 943 tormentum
1647 924 1725 943 suum

963 971 1024 989 cum
1048 963 1269 989 descendentibus
1287 962 1322 989 ‘in
1350 962 1462 989 foveam.
1488 962 1533 988 3i.
1554 960 1606 988 Eos
1629 961 1727 988 videbit

964 1007 1077 1037 Pharao,
1093 1012 1120 1034 ct
1145 1007 1352 1034 consolationem
1372 1006 1482 1040 accipiet
1512 1013 1572 1032 cum
1597 1005 1669 1032 omni
1683 1013 1726 1032 ro-

963 1053 1029 1080 bore
1050 1060 1153 1085 eorum,
1167 1053 1200 1086 x
1215 1052 1294 1079 Occisi
1319 1051 1405 1086 gladio
1423 1050 1580 1081 Pharaonis,
1594 1055 1620 1076 et
1637 1050 1725 1076 omnis

963 1097 1078 1131 potentia
1094 1096 1152 1130 ejus
1169 1096 1196 1130 ζ,
1208 1096 1271 1123 dicit
1293 1095 1422 1121 Dominus
1439 1093 1579 1120 Dominus.
1595 1093 1639 1119 52.
1657 1092 1725 1125 Quia

963 1140 1022 1166 dedi
1045 1144 1143 1166 metum
1161 1139 1219 1172 ejus
1240 1146 1321 1172 super
1346 1142 1415 1165 terra
1431 1138 1500 1169 vita,
1518 1141 1544 1164 et
1567 1137 1680 1163 dormiet
1696 1137 1724 1163 in

962 1185 1049 1211 medio
1065 1192 1118 1211 non
1132 1184 1350 1212 circumcisorutn
1370 1191 1429 1209 cum
1444 1182 1540 1209 occisis
1554 1182 1642 1216 gladio
1653 1181 1723 1206 Pha-

962 1235 1020 1259 rao,
1039 1233 1066 1255 et
1089 1229 1177 1255 omnis
1195 1228 1334 1255 multitudo
1351 1227 1421 1260 ejus,
1447 1226 1511 1252 dicit
1530 1224 1723 1252 DominusDo-

996 1316 1059 1349 Cap.
1076 1314 1191 1341 XXXIII.
1202 1329 1237 1334 —
1247 1316 1273 1341 1.
1286 1315 1318 1342 Ει
1330 1314 1428 1341 factum
1443 1318 1483 1341 est
1495 1314 1604 1341 verbum
1620 1312 1727 1339 Dontin't

962 1360 994 1386 ad
1010 1367 1061 1391 me,
1077 1360 1167 1386 dicens
1184 1368 1190 1385 :
1207 1359 1233 1385 2.
1250 1359 1298 1386 Fili
1326 1359 1452 1390 hominis,
1478 1358 1587 1392 loquere
1603 1357 1663 1384 tiliis
1678 1364 1725 1391 po-

961 1404 1015 1438 puli
1029 1405 1076 1434 tui.
1100 1409 1126 1430 et
1142 1404 1214 1431 dices
1237 1404 1269 1430 ad
1289 1411 1335 1430 eos
1350 1412 1356 1429 :
1372 1402 1462 1433 Terra.
1486 1410 1565 1436 super
1585 1409 1664 1436 quam
1682 1401 1725 1427 in-

961 1449 1063 1475 duxero
1078 1448 1205 1483 gladium,
1228 1453 1255 1475 et
1273 1447 1398 1475 sntnserit
1425 1448 1538 1482 populus
1563 1447 1622 1480 ejus
1647 1450 1725 1473 terra

961 1492 1093 1520 hominem
1109 1501 1191 1520 unum
1205 1494 1240 1529 (ι)
1254 1500 1286 1520 ex
1302 1493 1352 1524 eis,
1368 1497 1395 1519 et
1412 1492 1533 1519 dederint
1548 1499 1609 1518 eum
1626 1491 1676 1518 sibi
1696 1490 1723 1518 in

961 1539 1164 1572 speculatorem,
1175 1539 1202 1565 5.
1214 1543 1241 1565 et
1254 1538 1348 1564 viderit
1357 1538 1472 1572 gladium
1483 1537 1629 1563 venientem
1643 1543 1724 1570 super

959 1587 1066 1615 terram,
1085 1587 1111 1610 et
1131 1583 1260 1610 claruerit
1282 1582 1354 1615 tuba,
1374 1587 1400 1609 et
1414 1581 1603 1616 signiﬁcaverit
1615 1580 1723 1615 populo,

958 1626 984 1653 4.
1000 1632 1026 1653 et
1038 1626 1169 1654 audiverit
1187 1626 1300 1653 audiens
1314 1634 1405 1652 vocem
1421 1625 1501 1657 tubaa,
1514 1629 1539 1652 et
1559 1631 1612 1651 non
1632 1631 1661 1650 se
1677 1631 1724 1650 cu-

959 1670 1107 1701 stodivcrit,
1120 1675 1147 1697 et
1162 1670 1262 1697 venerit
1283 1678 1363 1704 super
1378 1677 1439 1696 cum
1451 1669 1566 1704 gladius,
1585 1673 1611 1695 et
1630 1675 1724 1702 appre-

959 1713 1080 1740 hcnderit
1093 1721 1166 1745 eum,
1184 1714 1293 1747 sanguis
1306 1713 1364 1747 ejus
1377 1721 1456 1747 super
1466 1717 1545 1747 caput
1560 1713 1644 1746 ipsius
1657 1711 1722 1743 erit;

959 1757 985 1784 5.
998 1758 1061 1792 quia
1073 1765 1161 1785 vocem
1177 1759 1247 1785 tuba:
1264 1765 1324 1784 cum
1338 1758 1448 1789 audivit,
1459 1765 1510 1784 non
1526 1766 1555 1784 se
1568 1756 1721 1788 custodivil,

959 1801 1067 1836 sanguis
1077 1801 1135 1835 ejus
1149 1809 1228 1835 super
1241 1798 1301 1827 cum
1320 1801 1370 1827 erit
1386 1809 1394 1827 :
1408 1805 1435 1826 et
1450 1800 1503 1831 hic,
1516 1799 1579 1833 quia
1591 1806 1620 1825 se
1632 1803 1723 1825 custo-

958 1845 1035 1877 divit,
1054 1846 1169 1872 animam
1185 1852 1260 1871 suam
1282 1844 1413 1871 liberavit.
1432 1843 1458 1869 6.
1479 1843 1511 1870 Et
1532 1843 1683 1877 speculator
1699 1842 1723 1869 si

958 1889 1053 1917 viderit
1066 1889 1182 1924 gladium
1196 1889 1354 1920 venientem,
1368 1892 1395 1914 et
1410 1895 1462 1914 non
1475 1886 1664 1921 signiﬁcaverit
1676 1892 1722 1919 per

959 1934 1060 1966 tubam,
1075 1939 1101 1960 et
1115 1934 1226 1968 populus
1238 1941 1290 1960 non
1301 1940 1330 1960 se
1338 1932 1521 1963 custodiverit,
1535 1936 1633 1959 etcum
1650 1930 1722 1956 venit

958 1980 1071 2016 gladius,
1086 1980 1176 2007 tulerit
1193 1987 1225 2006 ex
1242 1979 1281 2006 cis
1296 1980 1424 2010 animam,
1438 1977 1482 2016 illa
1499 1981 1606 2012 propter
1622 1975 1722 2010 iniqui-

958 2015 1038 2053 tatem
1053 2033 1128 2052 suam
1141 2028 1217 2058 capta
1232 2028 1285 2056 est,
1305 2028 1332 2051 et
1351 2015 1508 2057 sanguinem
1530 2029 1546 2049 e
1564 2028 1643 2048 manu
1664 2027 1722 2055 spc-

958 2068 1085 2096 culatoris
1099 2068 1245 2103 requiram.
1259 2068 1284 2094 7.
1304 2067 1336 2093 Et
1348 2072 1386 2100 tu,
1401 2067 1438 2094 tili
1454 2065 1579 2097 hominis.
1601 2064 1722 2099 specula-

957 2118 1042 2141 toretn
1055 2113 1116 2140 dedi
1130 2118 1155 2140 te
1165 2112 1256 2139 domui
1274 2111 1391 2145 lsraclis,
1405 2116 1433 2138 et
1446 2110 1537 2138 audies
1556 2117 1588 2137 ex
1604 2116 1650 2136 ore
1662 2116 1723 2135 meo

957 2158 1078 2190 verbum,
1094 2159 1127 2191 >κ
1141 2162 1168 2184 et
1185 2157 1320 2185 custodies
1339 2165 1386 2184 eos
1405 2164 1420 2184 a
1440 2162 1482 2183 me
1501 2156 1525 2189 ζ.
1539 2155 1565 2182 8.
1581 2154 1647 2181 Cum
1663 2153 1724 2180 dico

107 2206 154 2229 les
170 2200 299 2245 gladio;
313 2200 370 2245 qui
376 2200 508 2245 dederunt
521 2201 642 2245 timorem
659 2210 737 2229 suum
747 2210 827 2237 super
838 2208 908 2231 terra
923 2218 945 2245 ι)
958 2203 1091 2236 peccatori
1107 2211 1113 2229 :
1128 2204 1162 2236 Χ
1180 2202 1306 2229 Peccator
1319 2202 1347 2237 ζ,
1365 2205 1453 2228 morte
1475 2200 1610 2231 morieris,
1628 2203 1655 2225 et
1669 2205 1721 2224 non

107 2246 189 2273 vitae.
207 2245 259 2271 24.
277 2243 316 2270 lbi
337 2243 439 2276 .Elam,
455 2249 482 2271 et
498 2244 588 2272 omnis
612 2245 738 2273 fortitudo
760 2248 819 2282 ejus
836 2248 909 2276 circa

105 2290 285 2324 sepulcrum
304 2287 365 2321 ejus
382 2297 389 2315 :
405 2296 502 2315 omnes
513 2289 608 2321 occisi,
627 2290 673 2324 qui
688 2290 841 2319 ceciderunt
849 2293 907 2326 gla-

104 2334 169 2366 dio,
188 2337 223 2360 ct
236 2332 287 2367 qui
307 2331 478 2359 descendunt
495 2340 550 2359 non
579 2334 730 2361 circumcisi
747 2334 774 2362 in
797 2336 907 2370 profun-

103 2379 176 2406 dum
194 2383 296 2408 terrae,
311 2377 358 2411 qui
370 2376 506 2404 dederunt
516 2377 639 2404 timorem
652 2385 731 2405 suum
744 2386 825 2414 super
835 2385 906 2407 terra

103 2424 185 2454 vitae.
209 2425 241 2448 et
258 2425 427 2454 acceperunt
444 2424 613 2447 tormentum
627 2428 705 2448 suum
726 2429 788 2449 cum
803 2424 847 2456 iis,
863 2424 910 2458 qui

103 2465 294 2495 descendunt
323 2464 351 2491 in
380 2464 488 2491 foveam
509 2463 555 2489 25.
577 2464 604 2490 in
630 2465 717 2492 medio
749 2467 910 2495 occisorum.

102 2512 141 2539 26
172 2510 218 2537 lbi
232 2509 294 2537 dati
304 2508 507 2538 suntidosoch,
523 2512 552 2534 et
567 2507 678 2539 Thobel.
695 2512 722 2536 et
737 2516 818 2538 omne
830 2511 911 2538 robur

102 2557 171 2590 ejus
177 2555 263 2583 circa
279 2553 437 2586 Sepulcrum
450 2552 526 2585 ejus,
542 2558 634 2578 omnes
642 2553 725 2580 occisi
733 2554 804 2587 ejus,
818 2562 911 2583 omnes

139 2634 182 2667 (η)
207 2631 258 2661 8,,
286 2633 314 2656 et
337 2633 499 2667 stu_pesc£re
522 2626 616 2667 faciam
639 2637 748 2665 propter
775 2637 803 2661 te

101 2659 324 2694 inlio'rrescent.
376 2659 414 2696 (ᾖ)
443 2659 488 2691 δ’*
509 2665 538 2686 ει
562 2659 746 2696 ⁰υ³¹υίδθ⁸έθηῑ

100 2708 203 2728 suam.
265 2698 305 2731 (ᾳ)
319 2696 362 2728 8.,
380 2697 468 2731 ita“!!!
486 2701 542 2719 non
566 2697 704 2731 perturbet.

99 2735 249 2769 prolonga
269 2727 346 2769 tiam,
365 2733 395 2768 _et
415 2727 488 2769 tilias

786 2641 803 2661 θ
832 2639 924 2669 gentes
948 2636 1058 2663 multas.
1111 2636 1146 2671 (ο)
1168 2636 1209 2668 8.,
1228 2645 1256 2664 sc
1276 2637 1359 2671 eriget
1384 2636 1498 2669 capillus
1525 2643 1536 2663 ε

786 2674 877 2708 ropter
887 2670 1054 2708 _hac,__qute
1073 2670 1162 2708 subito
1177 2672 1254 2708 _tlent,
1274 2669 1459 2708 unusquisque
1482 2678 1536 2708 pr_0|

970 2636 1058 2663 nullas.
1111 2636 1146 2671 (ο)
1168 2636 1209 2668 8.,
1228 2645 1256 2664 sc
1276 2637 1359 2671 eriget
1384 2636 1498 2669 capillus
1525 2643 1629 2663 eorum.
1659 2636 1720 2664 Th..

972 2678 1054 2708 __qute
1073 2670 1162 2708 subito
1177 2672 1254 2708 _tlent,
1274 2669 1459 2708 unusquisque
1482 2670 1720 2708 pr_opter_an_i_mam

548 2701 704 2754 nlpitlirturbet.
759 2701 801 2740 (r)_
822 2701 864 2734 8.,
886 2703 946 2736 Th.,
962 2701 1151 2731 dic-canticum
1168 2705 1200 2731 dc
1226 2701 1396 2743 multitudine
1411 2701 1570 2743 Egyptifct
1592 2704 1723 2731 inclinans

605 2737 627 2755 ιιι
643 2731 769 2759 discerne
794 2742 823 2760 In
844 2741 970 2762 turmam.
1019 2738 1053 2762 (si
1073 2738 1113 2762 S..
1132 2738 1199 2762 facta
1226 2743 1268 2762 est
1283 2736 1423 2762 ntultttudo
1437 2745 1497 2762 elus
1513 2739 1723 2762 uniuscuiusnuo

856 2744 970 2764 urutam.

959 2247 1064 2274 locutus
1079 2247 1172 2279 l‘ueris,
1189 2251 1218 2273 ut
1241 2254 1271 2273 se
1289 2246 1422 2274 custodiat
1446 2245 1545 2279 impius
1566 2252 1582 2271 a
1600 2243 1642 2270 via
1662 2249 1721 2274 sua,

959 2292 1004 2320 ille
1022 2292 1131 2326 iniquus
1145 2293 1170 2319 in
1186 2292 1325 2326 iniquitate
1340 2297 1388 2318 sua
1403 2290 1548 2322 morietur;
1565 2289 1721 2324 sanguinetn

959 2340 1046 2363 autem
1056 2336 1114 2370 ejus
1126 2343 1141 2363 e
1152 2343 1231 2362 manu
1248 2340 1291 2363 tua
1305 2336 1451 2369 requiram.
1464 2335 1537 2362 9.Tu
1545 2342 1607 2362 vero
1620 2334 1642 2360 si
1655 2340 1721 2367 pra:-

959 2380 1064 2407 veneris
1088 2380 1286 2408 annuntiaveris
1316 2380 1398 2415 impio
1421 2381 1491 2407 viam
1521 2387 1609 2411 suam,
1634 2383 1662 2404 ut
1691 2384 1723 2403 so

957 2428 1059 2451 avertat
1080 2425 1114 2451 ab
1132 2432 1173 2457 ea,
1195 2429 1223 2453 et
1248 2432 1300 2452 non
1316 2431 1346 2453 se
1372 2425 1499 2451 averterit
1512 2431 1528 2450 a
1541 2423 1584 2450 via
1599 2429 1658 2453 sua,
1676 2420 1721 2447 hic

958 2468 1092 2502 impietate
1107 2476 1154 2495 sua
1171 2469 1308 2500 morietur,
1327 2473 1354 2496 et
1376 2474 1404 2495 tu
1426 2468 1542 2499 aniirtam
1565 2471 1638 2493 tuam
1654 2465 1722 2492 libe-

957 2513 1032 2539 rasti.
1048 2513 1090 2539 10.
1108 2513 1141 2539 Et
1160 2517 1199 2545 tu,
1217 2513 1253 2539 fili
1269 2512 1395 2545 hominis,
1418 2513 1461 2539 dic
1483 2511 1575 2539 domui
1597 2510 1719 2538 Israelis:

958 2556 1003 2584 Sic
1013 2556 1093 2584 locuti
1113 2557 1188 2588 estis,
1201 2557 1319 2584 dicentes
1331 2565 1338 2584 :
1348 2556 1460 2584 Errores
1478 2557 1573 2589 nostri,
1585 2561 1612 2584 et
1623 2555 1722 2590 iniqui-

1111 2636 1146 2674 (ρ)
1168 2636 1209 2674 8.,
1228 2645 1256 2664 sc
1276 2637 1359 2671 eriget
1383 2636 1498 2674 capillus
1525 2636 1721 2674 eorum._Th..

1019 2738 1053 2772 (ι)
1073 2738 1113 2769 8.,
1131 2738 1199 2765 facta
1226 2743 1268 2765 est
1283 2736 1423 2772 multitudo
1437 2736 1497 2771 ejus
1513 2739 1723 2772 uniuscujusque

530 2734 545 2752 c

99 2735 249 2774 prolonga
271 2738 346 2762 cant,
365 2734 395 2768 _et
415 2734 488 2753 tutas
511 2734 627 2785 genuum
643 2734 769 2759 discerne
794 2734 824 2774 in
844 2734 970 2764 turmam.
1019 2738 1113 2778 (t)_8.,
1131 2738 1199 2765 facta
1226 2743 1268 2765 est
1283 2736 1423 2776 multitudo
1437 2734 1497 2771 ejus
1513 2734 1722 2775 uniuscujusque

99 2776 179 2819 $11“:
195 2759 825 2819 accessit...thas:sanctus"
839 2772 1139 2819 succisae-bus
1292 2772 1331 2806 (τι)
1345 2770 1403 2797 οιιι
1532 2772 1570 2807 (π)
1584 2770 1624 2803 δη

101 2804 139 2841 (υ)
156 2801 203 2832 8,,
222 2798 290 2826 cum
306 2798 370 2824 victi
389 2798 457 2820 sunt
474 2800 488 2818 a
500 2798 593 2821 robore
606 2804 661 2823 suo.
697 2798 750 2833 (εγ
760 2799 823 2834 Th”
840 2811 851 2829 ει

308 2798 370 2824 victi
389 2798 457 2820 sunt
474 2800 488 2818 tt
500 2798 593 2821 robore
606 2804 661 2823 suo.
697 2798 750 2833 (εγ
760 2799 823 2834 Th”
840 2811 855 2829 a
872 2809 947 2838 ρει-ιε
959 2798 1058 2834 “mni.
