3802 6394
698 360 843 416 2759
1762 336 1994 392 CODEX.
2020 327 2794 390 SYRIACO-HEXAPLARIS.

700 458 848 505 tates
905 461 1101 506 nostra:
1134 465 1293 519 super
1348 465 1445 503 nos
1489 457 1632 513 sunt,
1668 459 1719 502 et
1745 450 1799 504 in
1835 450 1912 503 eis
1940 464 2042 504 uos
2072 448 2242 515 lique-
2270 447 2315 501 Α
2344 460 2456 498 ram
2491 446 2752 505 desertam
2788 452 2838 499 et
2881 439 3260 501 desolatam,
3336 430 3466 504 (In:

701 538 930 603 scimus,
966 549 1019 593 et
1055 538 1319 607 quomodo
1366 537 1641 590 vivemus?
1688 537 1769 590 ll.
1811 538 1896 590 dic
1945 538 2022 591 eis
2058 556 2072 590 :
2106 537 2242 589 Vivo
2342 535 2499 588 melia
2521 536 2730 591 roboris
2770 532 2909 600 ejus,
2938 536 2991 583 et
3015 526 3466 581 vastabuntu

680 612 1201 695 ‘iego,ldicitAdonai
1233 626 1507 689 Dominus,
1545 641 1646 678 non
1670 625 1791 677 volo
1815 634 2037 678 mortem
2068 625 2238 692 impii,
2344 635 2560 693 propter
2585 623 2636 677 id
2660 622 2803 689 quod
2836 634 2943 673 non
2973 617 3062 677 sit,
3109 613 3264 680 qui
3314 610 3466 663 am!

708 717 852 769 sicut
877 716 1023 776 illud,
1051 723 1109 767 ut
1137 728 1193 766 se
1220 720 1426 765 avertat
1450 714 1644 781 impius
1671 729 1699 765 a
1731 713 1813 765 via
1845 728 1959 776 sua,
1985 723 2037 765 et
2062 713 2240 766 vivat:
2345 710 2534 774 scient,
2568 710 2693 779 quia
2733 724 2832 776 ego
2870 714 2989 759 sum
3026 703 3391 756 Βοιηὶιιυε
3436 719 3457 752 :

711 806 1019 861 revertendo
1069 803 1397 857 revertimini
1438 820 1463 853 a
1509 802 1590 856 via
1636 811 1807 855 vestra
1853 805 1919 871 >ε<
1965 802 2103 855 mala
2143 820 2156 855 :
2194 811 2247 856 et
2346 813 2531 851 eorum
2564 799 2849 859 desertam,
2877 803 2932 849 et
2959 792 3353 846 vastabitur
3396 804 3466 857 pi

713 878 876 962 quare
908 893 1206 946 moriemini
1250 894 1304 961 ζ,
1332 894 1522 947 domus
1572 890 1822 947 lsraelis?
1850 891 1932 944 12.
1968 892 2031 958 >ε<
2071 889 2131 943 Et
2166 899 2244 957 tu,
2349 885 2667 941 minationes
2689 897 2894 945 eorum,
2929 896 3065 949 quas
3095 879 3460 933 fecerunt

714 983 784 1033 Illi
826 979 1054 1032 hominis
1100 979 1159 1045 ζ,
1192 980 1277 1033 dic
1334 979 1398 1031 ad
1451 978 1587 1032 tilios
1634 975 1813 1045 populi
1862 974 1941 1032 tui
1980 993 1993 1027 :
2031 973 2246 1028 Justitia
2349 972 2529 1039 minis,
2562 973 2654 1026 ﬁlii
2686 972 2869 1045 populi
2906 971 2982 1024 tui
3011 971 3401 1038 loquentes
3452 985 3466 1018 ι

1144 1019 1159 1045 9

715 1024 784 1033 ""
826 1024 1053 1032 """"""'
1103 1024 1159 1049 Q’
1195 1024 1277 1033 "“’
1334 1024 1398 1031 ’ν’
1451 1024 1585 1032 """'
1635 1024 1813 1045 r'r"'—
1865 1024 1940 1032 ““
1981 1024 1993 1027 '
2036 1024 2245 1028 "‘""'*
2350 1024 2528 1039 """"r
2564 1024 2649 1026 ""'
2686 1024 2707 1045 τ
2758 1024 2809 1040 ιν
3083 1024 3099 1038 ι

706 1069 838 1138 justi
876 1084 978 1121 non
1010 1067 1252 1124 liberabit
1306 1083 1427 1121 eum
1474 1068 1526 1120 in
1559 1066 1667 1132 die,
1709 1082 1817 1137 quo
1842 1065 2150 1121 erraverit:
2197 1072 2250 1117 et
2347 1063 2485 1117 etin
2534 1060 2809 1114 liminibus
2858 1059 3205 1121 domorum,
3286 1066 3365 1112 et.
3419 1058 3466 1110 ι(

713 1157 969 1223 iniquitas
1008 1156 1082 1225 (a)
1115 1156 1285 1224 iniqui
1325 1171 1430 1208 non
1467 1155 1541 1224 (ὁ)
1576 1156 1791 1209 nocebit
1827 1144 1876 1210 ei
1910 1155 1961 1207 in
2001 1155 2108 1217 die,
2141 1166 2250 1221 quo

715 1260 774 1299 se
798 1243 1117 1298 converterit
1145 1243 1212 1297 ab
1246 1243 1526 1311 iniquitate
1553 1258 1649 1297 sua
1678 1262 1692 1297 :
1722 1253 1775 1297 et
1797 1244 1975 1313 justus
2009 1256 2116 1294 non
2151 1255 2246 1309 po-

715 1333 841 1387 terit
882 1332 949 1401 (c)
985 1330 1175 1386 salvari
1215 1333 1279 1398 χ(
1329 1331 1382 1383 in
1430 1331 1515 1384 die
1564 1330 1766 1399 peccati
1807 1330 1959 1398 suiz.
1993 1330 2075 1382 l5.
2117 1328 2250 1381 Cum

709 1421 897 1474 dixero
930 1419 1106 1487 justo,
1141 1419 1254 1473 Vite
1315 1418 1484 1481 vives,
1530 1428 1583 1471 et
1635 1417 1720 1470 hic
1768 1417 2041 1471 conlidens
2094 1430 2253 1483 super

707 1500 923 1581 ‘justitia
971 1526 1087 1573 sua,
1129 1518 1182 1562 et
1209 1508 1396 1563 fecerit
1439 1509 1795 1577 iniquitatem,
1820 1521 2005 1561 omnes
2028 1505 2254 1575 justitiae

718 1600 836 1671 ejus
872 1615 975 1653 non
1034 1599 1491 1662 memorabuntur,
1533 1598 1586 1652 in
1638 1598 1899 1665 injustitia
1939 1612 2059 1661 sua,
2090 1612 2250 1666 quam

719 1691 867 1754 fecit,
898 1690 950 1743 in
987 1703 1047 1742 ea
1090 1688 1365 1741 morietur.
1413 1689 1497 1740 Μ.
1552 1687 1616 1741 Et
1655 1703 1776 1741 cum
1828 1689 2015 1742 dixero
2069 1688 2252 1756 impio,

720 1777 888 1832 Morte
928 1778 1202 1844 morieris,
1227 1790 1279 1832 et
1322 1794 1381 1832 se
1424 1779 1674 1843 averterit
1716 1793 1745 1830 a
1793 1786 2009 1845 peccato
2054 1792 2171 1840 suo,
2202 1786 2256 1830 et

718 1865 904 1922 fecerit
920 1867 1198 1936 judicium.
1221 1877 1274 1921 et
1291 1866 1578 1936 justitiam,
1603 1867 1687 1920 15.
1709 1877 1760 1919 et
1777 1866 1968 1935 pignus
1994 1865 2254 1920 debitoris

720 1957 1034 2020 reddiderit,
1083 1968 1136 2009 et
1188 1959 1431 2025 rapinam
1482 1953 1814 2023 rependerit,
1870 1953 1923 2007 in
1977 1954 2257 2021 praeceptis

721 2046 844 2098 vitae
879 2045 1253 2107 ambulaverit,
1290 2056 1437 2097 utne
1471 2042 1628 2097 faciat
1655 2042 1932 2108 injustum,
1960 2041 2067 2093 vita
2097 2041 2255 2102 vivet,

719 2143 775 2187 et
798 2149 903 2188 non
937 2136 1213 2188 morietur.
1249 2136 1333 2188 16.
1366 2132 1553 2186 Omnia
1581 2139 1796 2200 peccata
1820 2129 1956 2197 ejus,
1985 2144 2106 2197 qua:
2138 2145 2262 2198 pee-

720 2223 883 2287 cavit,
918 2239 1022 2276 non
1064 2224 1503 2277 memorabuntur
1536 2226 1597 2288 Β(
1621 2222 1666 2275 ei
1695 2223 1749 2289 ξε
1780 2219 1902 2289 quia
1922 2221 2182 2290 judicium
2208 2230 2262 2273 et

717 2308 985 2378 justitiam
1018 2310 1162 2373 fecit,
1196 2311 1247 2364 in
1272 2313 1351 2365 eis
1379 2311 1537 2364 vivet.
1562 2312 1642 2364 l7.
1667 2312 1730 2364 Et
1753 2312 1931 2365 dicent
1959 2312 2051 2367 filii
2082 2310 2263 2380 pepuli

723 2400 804 2455 tui
828 2419 841 2455 :
870 2400 947 2471 (ά)
969 2401 1087 2456 Νοιι
1112 2410 1250 2455 recta
1284 2400 1361 2454 via
1386 2399 1593 2453 Domini
1623 2418 1638 2454 :
1668 2411 1724 2455 et
1743 2401 1856 2454 haec
1883 2402 1963 2454 via
1988 2415 2173 2455 eorum
2195 2399 2263 2466 (ς)

726 2504 833 2543 non
863 2499 1026 2542 recta.
1050 2493 1115 2555 ὶκ
1143 2489 1335 2542 Audite
1373 2501 1574 2551 autem,
1624 2490 1816 2543 domus
1850 2488 2061 2543 lsraelis
2091 2507 2104 2542 :
2138 2502 2265 2543 num

725 2576 812 2629 via
836 2591 951 2630 mea
982 2590 1087 2631 non
1110 2586 1250 2629 recta
1271 2590 1373 2628 non
1406 2576 1542 2628 fuit?
1566 2576 1661 2628 viae
1686 2588 1875 2630 vestrae
1906 2592 2009 2631 non
2040 2584 2198 2630 rectae
2217 2575 2265 2641 ζ.

733 2664 819 2717 18.
847 2664 980 2716 Cum
1017 2678 1075 2716 se
1116 2664 1366 2716 averterit
1416 2664 1596 2732 justus
1632 2680 1662 2718 a
1697 2665 1903 2732 justilia
1950 2680 2067 2725 sua,
2107 2672 2159 2717 et
2193 2662 2268 2717 fc-

731 2752 868 2807 cerit
894 2750 956 2819 (Γ)
987 2752 1313 2820 iniquitates,
1336 2760 1388 2804 et
1427 2754 1684 2805 morietur
1715 2753 1769 2805 in
1803 2753 1900 2807 eis.
1930 2754 2014 2807 l9.
2052 2752 2115 2804 Et
2147 2767 2269 2807 cum

734 2853 792 2890 se
820 2836 1071 2889 averterit
1101 2836 1174 2904 ω)
1206 2846 1456 2904 peccator
1476 2838 1542 2890 ab
1566 2837 1845 2906 iniquitate
1863 2852 1982 2899 sua,
2011 2847 2064 2890 et
2087 2838 2272 2891 fecerit

729 2921 991 2992 judicium
1023 2931 1077 2977 et
1106 2923 1396 2993 justitiam,
1424 2924 1476 2976 in
1511 2925 1590 2977 eis
1624 2925 1736 2994 ipse
1772 2925 1929 2979 vivet.
1952 2926 2039 2979 20.
2078 2924 2140 2980 Et
2174 2926 2272 2980 huc

2350 1167 2471 1205 cum
2499 1152 2653 1220 uno:
2691 1150 2853 1205 homo
2883 1147 3036 1203 fratri
3066 1146 3169 1216 (ιι)
3215 1160 3466 1205 eoruu

3390 1236 3417 1257 ο

2351 1241 2563 1303 damus,
2589 1250 2641 1293 et
2671 1239 2957 1293 audiamus
2988 1239 3055 1303 Χ
3096 1235 3331 1289 verba
3390 1236 3419 1307 ζ

2316 1315 2323 1319 ⁴
2353 1328 2600 1383 Domino.
2637 1328 2722 1381 51.
2755 1326 2819 1380 Et
2848 1326 3072 1381 veniunt
3151 1324 3251 1381 ad
3318 1334 3421 1384 te.

2354 1418 2604 1487 populus,
2629 1426 2680 1469 et
2706 1417 3120 1470 sedentcontra
3172 1422 3245 1467 te
3288 1417 3383 1481 Χ
3434 1432 3466 1481 p

2354 1509 2579 1561 audiunt
2606 1508 2767 1560 verba
2802 1515 2915 1571 tua,
2946 1516 3001 1559 et
3030 1522 3103 1559 ea
3132 1520 3282 1559 non
3313 1505 3465 1560 facit

2354 1599 2567 1652 dacium
2598 1599 2651 1650 iu
2685 1612 2779 1651 ore
2812 1612 3002 1650 eorum
3036 1600 3121 1662 ᾖε(
3165 1598 3265 1650 illi
3308 1597 3466 1651 facit

2357 1691 2675 1745 minationes
2693 1703 2882 1742 eorum
2929 1703 3022 1741 cor
3053 1702 3308 1742 eorum
3361 1692 3451 1754 λ(

2360 1779 2435 1833 sis
2462 1778 2562 1840 eis,
2591 1777 2730 1831 sicut
2777 1793 2878 1831 vox
2914 1776 3169 1831 cithara:
3216 1780 3459 1834 suavis

2357 1868 2550 1933 ciunae,
2577 1877 2629 1923 et
2651 1867 2868 1920 audient
2908 1867 3078 1919 verba
3125 1874 3276 1932 tua,
3330 1879 3399 1920 et
3446 1886 3466 1924 ι

2358 1958 2482 2026 quia
2516 1956 2855 2011 mendacium
2885 1956 2937 2009 in
2973 1970 3077 2009 ore
3108 1959 3430 2028 eorum:.

2361 2047 2489 2111 rint,
2528 2059 2590 2099 -ξ-
2631 2045 2809 2099 dicent
2844 2047 2890 2113 ζ,
2926 2059 3060 2099 ecce
3137 2046 3452 2113 veniunt,

2361 2133 2616 2202 prapheta
2655 2132 2842 2185 eratin
2872 2132 3057 2185 medio
3085 2146 3351 2186 eorum.

2435 2222 2564 2291 Cap.
2595 2219 2991 2276 XXXIV.—l.
3029 2220 3106 2274 Et
3140 2222 3395 2279 factum
3431 2241 3466 2277 c

2362 2316 2430 2369 ad
2479 2329 2583 2378 me,
2618 2314 2848 2366 dicens:
2889 2313 2945 2366 2.
2976 2312 3093 2367 Fili
3157 2313 3453 2368 hominis

2364 2413 2606 2475 pastores
2647 2403 2881 2467 lsraelis,
2916 2403 3247 2471 propheta,
3290 2413 3359 2460 et
3398 2406 3464 2460 di

2368 2494 2705 2563 pastoribus:
2730 2491 2854 2547 llaac
2883 2493 3021 2547 dicit
3055 2494 3374 2551 Dominus
3405 2497 3466 2551 ﬂ

2367 2596 2455 2637 res
2485 2580 2717 2645 lsraelis,
2753 2595 2879 2634 num
2905 2581 3042 2649 quid
3064 2594 3344 2650 pascunt
3369 2601 3466 2653 pan

2369 2684 2549 2725 neilne
2579 2685 2705 2723 oves
2738 2678 2970 2738 pascunt
3003 2675 3346 2739 pastores?
3381 2676 3443 2731 3.

2371 2758 2459 2823 tis,
2496 2768 2549 2812 et
2583 2758 2705 2812 lana
2725 2775 2821 2813 vos
2853 2760 3070 2826 tegitis,
3101 2771 3171 2817 et
3192 2778 3466 2825 crassun

2371 2859 2518 2900 meas
2557 2860 2663 2901 non
2696 2845 2961 2913 pascitis?
3001 2847 3065 2905 4.
3093 2849 3279 2916 Quod
3314 2853 3466 2907 inﬁri

2374 2935 2549 2999 tastis,
2575 2937 2641 3001 Χ
2667 2944 2722 2988 et
2742 2936 2885 3005 quod
2909 2948 3208 3007 :egrotum
3253 2956 3378 2996 non
3420 2958 3466 3003 si

735 3023 837 3077 est,
865 3011 1007 3081 quod
1044 3012 1256 3066 dixistis
1286 3030 1299 3065 :
1331 3012 1447 3067 Non
1482 3022 1623 3066 recta
1663 3015 1744 3066 via
1780 3013 1990 3067 Domini
2027 3033 2040 3068 :
2081 3030 2273 3068 unuin-
2299 3033 2347 3096 ο
2376 3023 2710 3079 confractum
2748 3040 2853 3079 non
2901 3027 3227 3099 ειιξεδειίε,
3275 3040 3336 3087 ει
3364 3048 3466 3101 (μη

736 3116 1008 3171 quemque
1038 3102 1111 3170 (lii
1146 3103 1298 3169 juxta
1328 3104 1440 3157 vias
1486 3102 1601 3170 ejus
1625 3101 1876 3170 judicabo
1919 3119 2032 3165 vos,
2082 3104 2275 3161 domus

737 3188 969 3245 lsraelis.
1003 3190 1091 3244 2|.
1138 3190 1201 3243 Et
1234 3189 1430 3242 factum
1460 3198 1541 3243 est
1583 3190 1635 3243 in
1676 3206 1819 3244 anno
1854 3192 1917 3259 (ἱ)
1956 3190 2185 3256 decimo,
2220 3193 2272 3246 in

740 3295 925 3333 mense
973 3279 1309 3340 duodecimo,
1341 3280 1527 3348 quinto
1580 3280 1779 3334 mensis
1829 3281 2151 3349 captivitatis
2179 3296 2277 3336 ιιοο

741 3379 889 3434 stne,
920 3370 1065 3423 venit
1089 3369 1153 3423 ad
1186 3385 1289 3433 me,
1322 3371 1413 3439 qui
1446 3371 1684 3425 salvatus
1724 3371 1824 3424 fuit
1867 3373 1931 3425 de
1957 3370 2274 3436 Jerusalem,

738 3460 925 3513 dicens
953 3479 966 3513 :
994 3458 1223 3513 Subacta
1266 3468 1347 3515 est
1400 3461 1547 3515 urbs.
1583 3462 1669 3514 22.
1716 3462 1782 3515 Et
1826 3477 2015 3517 manus
2066 3462 2279 3516 Domini

730 3549 879 3604 facta
907 3559 986 3604 est
1014 3566 1176 3620 super
1217 3566 1302 3603 me
1360 3566 1599 3619 vespere,
1648 3560 1929 3618 antequam
1973 3552 2194 3617 veniret,
2227 3562 2281 3608 et

734 3643 951 3710 aperuit
971 3656 1032 3696 os
1059 3656 1257 3706 meum,
1284 3640 1453 3695 donec
1476 3642 1619 3695 venit
1647 3642 1714 3697 ad
1748 3658 1830 3695 me
1860 3657 2019 3697 mane
2048 3660 2062 3697 :
2089 3652 2280 3699 etcum

740 3741 983 3798 apertum
1012 3738 1092 3785 est
1134 3745 1197 3785 os
1237 3744 1437 3792 meum,
1477 3745 1583 3784 non
1627 3745 1685 3786 se
1719 3732 1983 3786 continuit
2027 3733 2279 3800 amplius.

741 3818 831 3873 25.
860 3817 923 3869 Et
957 3818 1152 3871 factum
1202 3826 1284 3870 est
1316 3819 1536 3872 verbum
1572 3817 1781 3871 Domini
1823 3821 1887 3873 ad
1919 3835 2023 3884 me,
2061 3820 2279 3877 dicens:

742 3906 834 3959 24.
864 3906 960 3958 Fili
993 3906 1243 3969 hominis,
1270 3905 1362 3973 qui
1390 3905 1629 3957 habitant
1654 3905 1705 3956 in
1747 3905 1972 3958 desertis
2001 3908 2068 3972 λ
2103 3905 2221 3958 istis
2257 3906 2279 3972 ζ

743 4012 906 4065 super
932 4004 1072 4048 terra
1095 3993 1325 4058 lsraelis,
1356 3992 1542 4046 dicunt
1563 3996 1628 4058 ῖς(
1656 3993 1892 4047 dicentes
1913 3995 1935 4062 ζ
1958 4012 1970 4046 :
1994 3992 2143 4047 Unus
2171 4004 2286 4051 erat

744 4086 1036 4148 Abraham,
1067 4094 1116 4136 et
1136 4082 1308 4136 tenuit
1324 4091 1520 4137 terram
1547 4099 1559 4134 :
1582 4089 1635 4133 et
1654 4096 1754 4133 nos
1775 4084 1922 4135 multi
1950 4096 2006 4137 -ι-
2033 4085 2283 4157 ευηιυδζ.

747 4178 907 4231 nobis
936 4176 1058 4229 data
1095 4184 1176 4228 est
1219 4183 1362 4233 terra
1406 4173 1457 4225 in
1490 4173 1903 4240 possessionem.
1945 4173 2033 4225 2’5.
2071 4175 2287 4249 PrOptcr

748 4268 854 4321 hoc
875 4265 961 4320 dic
985 4264 1055 4333 (Is)
1085 4264 1165 4318 eis
1196 4281 1209 4317 :
1256 4262 1379 4321 Haec
1429 4264 1557 4317 dicit
1582 4262 1840 4318 Dominus
1886 4264 2141 4321 Dominus
2172 4284 2185 4319 :
2218 4270 2285 4334 χ

750 4352 925 4423 Super
946 4350 1204 4425 sanguine
1235 4349 1536 4412 comeditis,
1566 4358 1620 4405 et
1650 4350 1838 4404 oculos
1869 4360 2073 4405 vestros
2103 4353 2286 4409 tollitis

749 4442 817 4498 ad
853 4442 991 4495 idola
1026 4450 1216 4506 vestra,
1252 4449 1304 4493 et
1329 4440 1643 4508 sanguinem
1679 4439 1949 4494 eil'unditis
1977 4450 2066 4494 :et
2091 4449 2284 4496 terram

748 4529 1171 4584 haereditabitis?
1215 4529 1306 4583 26.
1348 4529 1580 4583 Stetistis
1625 4544 1784 4595 super
1833 4529 2024 4599 gladiis
2073 4532 2284 4595 vestris,

751 4618 956 4674 fecistis
983 4619 1423 4683 abominationes,
1442 4629 1489 4671 et
1525 4618 1897 4688 unusquisque
1924 4634 2137 4671 uxorem
2163 4636 2288 4688 pro-

2374 3111 2624 3175 duxistis,
2668 3122 2721 3166 et
2757 3115 2903 3182 quod
2956 3118 3227 3184 perierat
3274 3136 3397 3179 non
3449 3138 3466 3181 ε

2372 3200 2513 3269 quod
2545 3200 2683 3256 forte
2727 3202 3003 3274 fatigastis
3036 3209 3115 3274 λ(
3149 3224 3220 3263 ea
3259 3210 3286 3278 ζ
3317 3210 3466 3267 labet

2373 3297 2500 3345 sunt
2542 3306 2672 3345 oves
2706 3308 2857 3359 meai,
2888 3296 3029 3363 quia
3071 3313 3193 3354 nou
3236 3311 3381 3357 sunt
3432 3317 3466 3371 p

2377 3386 2505 3432 sunt
2536 3378 2589 3434 in
2633 3380 2811 3437 cibum
2860 3385 3140 3441 omnibus
3187 3388 3401 3445 bestiis
3439 3405 3466 3443 a

2377 3468 2741 3526 disseminata:
2769 3482 2918 3538 sunt,
2966 3478 3044 3543 Χ
3069 3487 3131 3533 et
3170 3492 3290 3534 non
3325 3495 3466 3535 nove

2378 3555 2433 3609 in
2472 3563 2619 3617 omni
2643 3570 2847 3626 monte,
2883 3570 2940 3616 et
2970 3579 3158 3632 super
3208 3581 3452 3623 omnem

2383 3661 2451 3727 χ
2476 3666 2529 3715 et
2550 3669 2711 3721 super
2738 3652 2889 3707 omni
2919 3651 3095 3725 facie,
3113 3664 3293 3713 terra
3318 3657 3466 3711 disse

2381 3762 2513 3802 mea:
2545 3746 2595 3813 ζ.
2624 3752 2679 3799 et
2700 3757 2804 3796 nou
2833 3750 2988 3805 erat,
3026 3744 3133 3811 qui
3190 3746 3465 3814 requireri

2380 3838 2617 3891 duceret.
2650 3836 2703 3887 7.
2744 3830 2985 3899 PrOpter
3027 3833 3162 3896 hoc,
3199 3845 3465 3903 pastores,

2383 3920 2580 3993 (λόγον)
2612 3920 2834 3974 verbum
2863 3918 3198 3977 Domini.8.
3231 3921 3375 3977 Vivo
3400 3939 3466 3991 eg

2384 4012 2662 4075 Dominus,
2697 4009 2800 4063 nisi
2834 4024 2935 4076 pro
2962 4025 3037 4064 eo
3062 4012 3223 4079 quod
3258 4012 3425 4071 facta:
3453 4030 3466 4066 ι

2385 4104 2638 4173 praedam,
2667 4110 2721 4155 et
2746 4101 2900 4155 facta:
2934 4111 3075 4158 sunt
3099 4118 3242 4158 oves
3272 4119 3413 4158 mea:
3450 4105 3465 4157 i

2385 4194 2575 4251 bestiis
2607 4192 2805 4259 campi,
2853 4205 2922 4243 eo
2975 4194 3133 4261 quod
3163 4209 3278 4248 non
3325 4209 3462 4248 eran

2389 4301 2492 4345 non
2531 4283 2859 4352 quaesierunt
2898 4291 3173 4348 pastores
3216 4298 3359 4340 oves
3412 4300 3465 4337 m

2386 4383 2632 4444 pastores
2680 4371 3044 4436 semetipsos,
3091 4387 3233 4429 oves
3286 4382 3466 4429 autem

2390 4473 2544 4526 runt;
2580 4462 2633 4515 9.
2663 4464 2726 4526 Χ
2752 4473 2853 4525 pro
2898 4459 3038 4523 hoc,
3084 4470 3369 4529 pastores,
3406 4476 3465 4515 an

2388 4554 2520 4609 mihi
2548 4553 2573 4621 ζ
2607 4570 2621 4605 :
2653 4551 2738 4604 10.
2770 4549 2882 4605 hanc
2905 4550 3050 4607 dicit
3074 4550 3354 4605 Dominus
3391 4550 3466 4604 De

2392 4658 2552 4711 super
2577 4650 2841 4713 pastores.
2865 4649 2924 4694 et
2950 4642 3243 4709 requiram
3286 4656 3422 4695 oves
3454 4656 3466 4691 ι

754 4710 885 4764 ximi
910 4710 992 4763 sui
1025 4709 1329 4775 polluistis:
1361 4719 1413 4762 et
1437 4717 1633 4760 terram
1660 4709 2182 4764 hacreditabitis‘m'i.
2203 4711 2292 4764 Sic
2384 4709 2603 4790 “pum;
2636 4737 2689 4783 δι
2730 4735 2982 4783 "arma,
3024 4745 3149 4793 eo“,
3199 4744 3270 4783 ,κ
3306 4743 3466 4795 "seu

748 4809 969 4869 propter
997 4798 1100 4851 hoc
1123 4799 1209 4854 dic
1234 4799 1298 4867 (ι)
1325 4797 1389 4851 ad
1424 4810 1517 4851 eos
1554 4815 1567 4848 :
1601 4795 1721 4850 lbec
1765 4797 1893 4850 dicit
1937 4798 2141 4852 Adonai
2182 4798 2287 4851 Do-

752 4888 1017 4959 minuszz
1052 4887 1183 4951 Vivo
1211 4903 1328 4957 ego,
1369 4886 1470 4940 nisi
1522 4887 1610 4955 qui
1650 4887 1890 4940 habitant
1933 4888 1982 4941 in
2040 4888 2286 4953 desertis,

749 4977 928 5046 gladio
961 4978 1242 5042 cadent,et
1261 4978 1352 5047 qui
1388 4993 1549 5046 super
1581 4977 1711 5029 facie
1741 4978 1934 5042 campi,
1974 4978 2155 5033 bestiis
2173 4980 2289 5033 arvi

751 5070 1024 5122 dabuntur
1057 5069 1108 5120 in
1135 5069 1332 5132 cibum,
1364 5075 1419 5122 et
1448 5084 1559 5131 eos.
1600 5068 1690 5136 qui
1731 5068 1781 5120 iu
1819 5068 2059 5131 munitis,
2093 5077 2145 5122 et
2174 5084 2288 5133 eos,

756 5157 926 5226 quiin
956 5159 1243 5226 speluncis,
1286 5167 1455 5213 morte
1486 5150 1751 5212 occidam.
1788 5158 1875 5212 ‘28.
1920 5157 1982 5211 Et
2025 5158 2162 5211 dabo
2185 5167 2290 5211 ter-

829 5333 1107 5402 (eilmpii.
1178 5335 1496 5402 (nomine:
1530 5350 1673 5389 an.
1750 5334 1817 5399 (c)
1848 5332 2088 5402 Vivere,
2130 5332 2207 5402 (in

785 5333 1107 5473 diuini-333

1178 5336 1254 5402 (ὁ)
1276 5335 1496 5418 Occidet
1530 5350 1673 5416 eum.
1750 5333 2054 5415 (ciﬂivere.
2130 5333 2207 5399 (ά)
2236 5333 2316 5394 S.,
2356 5344 2463 5385 non
2495 5333 2625 5407 ﬁrm:

1167 5404 1244 5471 (lt)
1279 5405 1448 5460 Sicut.
1526 5405 1586 5473 (c)
1610 5404 1951 5473 Duodecimn.
2026 5401 2206 5473 (k)_A«l
2230 5415 2345 5473 eos.
2420 5399 2483 5468 (ι)
2516 5396 2625 5473 Eis.

784 5468 837 5537 ὀ)
868 5468 946 5547 S_.,
969 5471 1102 5547 quia
1123 5468 1388 5547 canticum
1631 5486 1837 5547 eorum.
1871 5468 2279 5547 _Th._:__quias_ua

1372 5489 1388 5525 I
1631 5486 1837 5547 eorum.
1871 5468 2461 5547 ’ἸνιὮ--ηιιίᾳεεμιιυιὶιᾳιν.Δ
2508 5468 2610 5547 _(p)
2646 5468 2873 5547 Pastori!

761 5533 1034 5605 perabatis
1057 5537 1157 5598 eis.
1183 5537 1307 5592 dum
1335 5540 1388 5592 in
1416 5540 1625 5594 deliciis
1660 5540 1939 5594 vivebatis.
1973 5537 2015 5590 Τ
2017 5533 2092 5600 Ιιζ,
2122 5538 2264 5605 etin
2296 5533 2556 5605 potestate
2594 5533 2929 5605 eriidivistis.

2390 4836 2494 4876 non
2518 4827 2739 4886 [noscent
2775 4831 2871 4871 eas
2897 4820 3146 4886 amplius
3164 4825 3421 4886 pastores
3460 4834 3466 4869 :

2389 4925 2539 4965 meas
2560 4925 2624 4963 ex
2655 4922 2749 4962 ore
2790 4922 3011 4972 eorum,
3042 4918 3103 4962 et
3137 4924 3250 4962 non
3276 4915 3444 4962 erunt

2386 5001 2525 5067 Quia
2552 5000 2664 5053 ba'c
2695 4998 2823 5052 dicit
2856 4998 3136 5051 Dominus
3171 4996 3442 5051 Dominus

2376 5105 2491 5160 ego
2527 5088 2795 5155 requiram
2822 5102 2957 5141 oves
2999 5102 3178 5151 meas,
3213 5095 3269 5140 et
3300 5086 3461 5138 visita

2392 5178 2584 5246 quterit
2614 5184 2793 5243 pastor
2834 5191 3057 5244 gregem
3110 5190 3296 5237 suum,
3336 5174 3391 5226 in
3430 5172 3461 5224 d

2356 5344 2463 5385 non
2495 5328 2726 5383 ﬁrmafa.
2800 5343 2872 5390 te,
2924 5329 3018 5389 Α..
3063 5343 3176 5382 non
3209 5324 3466 5381 stabilita.

2704 5368 3029 5465 (mi"s.:‘;t
3066 5368 3466 5465 ’ᾖέἑίῇἶᾜῇἓ

2538 5467 2610 5535 (p)
2646 5461 2983 5519 Pastoribus.
3081 5461 3185 5587 ’(ἓι
3207 5461 3292 5524 8.,
3327 5469 3380 5513 et
3406 5474 3466 5538 ,οι

2538 5549 2556 5587 3
2594 5533 2929 5587 emdivistis.
3013 5532 3085 5587 (τὶ
3212 5526 3466 5584 νθὶυειιιὶμ

3013 5532 3085 5600 (r)
3102 5526 3185 5587 'Et
3212 5526 3466 5584 volucribi

758 5602 820 5659 ξι
853 5618 958 5658 non
1012 5614 1292 5673 noverunt,
1314 5616 1366 5661 ct
1392 5619 1659 5662 errarunt.
1737 5610 1798 5678 (ι)
1833 5607 2105 5662 Dominus.
2176 5604 2260 5672 (ιι)
2294 5602 2376 5669 8.,
2415 5619 2519 5657 non
2552 5603 2693 5658 enim
2732 5611 3096 5671 quaesierunt.
