3802 6350
755 309 893 369 3743

1815 312 2036 367 CODEX
2069 306 2830 369 SYRIACO-IIEXAPLARIS.

757 433 967 481 montes
1011 421 1241 491 Israelis,
1281 420 1456 478 ludite
1501 420 1718 474 vorbum
1772 421 1974 473 Adonai
2009 419 2218 471 Domini
2263 436 2275 470 :
2310 425 2352 478 Α
2380 428 2432 472 et
2457 435 2518 473 es
2560 430 2696 474 terra
2733 421 2850 488 ejus
2883 418 3086 488 egressi
3138 424 3336 470 sunt.
3398 415 3473 466 τι]

725 551 730 557 -
759 522 874 568 ιιωο
903 516 1032 569 dicit
1068 516 1324 568 Dominus
1357 511 1613 562 Dominus
1637 510 1929 572 montibus,
1960 516 2011 561 ct
2037 509 2284 568 collibus.

757 613 812 657 et
844 603 1189 664 torrentibus,
1221 609 1273 652 et
1298 600 1543 661 vallibus,
1579 608 1630 650 et
1654 598 1893 658 vastatis,
1929 604 1986 648 at»
2017 606 2068 648 et
2095 598 2285 661 depra-

755 694 894 747 vatis
930 695 976 761 1,
1012 704 1062 745 et
1098 691 1314 743 urbibus
1357 689 1642 750 derelictis,
1691 703 1809 755 qua:
1858 687 2011 738 facta:
2059 693 2184 737 sunt
2234 685 2287 737 in

757 777 1128 847 direptionem,
1162 786 1215 828 et
1244 776 1295 827 in
1339 775 1821 833 conculcationem,
1872 773 2140 841 gentibus,
2171 785 2289 837 quas

755 868 950 918 relictae
1001 874 1124 917 sunt
1171 879 1263 930 per
1317 863 1619 916 circuitum.
1671 855 1722 914 5.
1769 861 1989 929 Propter
2021 861 2122 912 hoc
2177 859 2288 910 htcc

755 952 884 1007 dicit
917 953 1169 1005 Dominus
1203 950 1460 1004 Dominus
1493 971 1505 1004 :
1548 946 1658 1004 Nisi
1688 951 1739 1003 in
1785 951 1905 1018 igne
1954 948 2150 1001 furoris
2185 948 2286 1000 mei

754 1043 966 1094 locutus
1027 1057 1144 1094 sum
1199 1057 1361 1109 super
1399 1041 1653 1109 reliquias
1706 1041 1966 1108 gentium,
2017 1048 2070 1092 et
2129 1051 2290 1104 super

753 1129 1036 1183 Idumamm
1087 1147 1329 1194 omnem;
1378 1130 1500 1198 quia
1555 1131 1815 1184 dederunt
1874 1138 2088 1202 terram.
2118 1141 2288 1180 meam

756 1214 1108 1286 sibimetipsis
1136 1219 1188 1270 in
1222 1218 1614 1286 possessionem
1648 1232 1768 1270 cum
1798 1216 2010 1284 gaudio,
2049 1216 2143 1284 (m)
2165 1229 2287 1268 cum

755 1315 1154 1359 contemserunt
1192 1308 1417 1368 animas,
1435 1316 1490 1360 ut
1515 1314 1916 1372 corrumperent
1935 1304 1984 1356 in
2017 1305 2209 1370 praada.
2234 1295 2287 1355 6.

754 1387 979 1461 Propter
1016 1393 1118 1446 hoc
1148 1395 1402 1462 propheta
1433 1409 1592 1462 super
1635 1401 1830 1444 terram
1867 1389 2091 1454 lsraelis,
2127 1400 2179 1442 et
2205 1390 2290 1444 dic

758 1482 1051 1543 montibus,
1096 1492 1149 1534 et
1192 1482 1438 1545 collibus,
1485 1491 1538 1535 et
1582 1480 1874 1541 valleculis,
1915 1488 1970 1532 et
2016 1478 2285 1533 vallibus:

758 1565 882 1620 Haec
919 1567 1048 1620 dicit
1098 1565 1357 1622 Dominus
1394 1569 1654 1622 Dominus
1701 1585 1714 1620 :
1760 1569 1898 1620 Ecce
1944 1581 2043 1634 ego
2076 1568 2127 1619 in
2175 1562 2288 1619 zelo

759 1671 896 1717 meo,
930 1659 983 1708 et
1018 1656 1068 1708 in
1108 1655 1288 1710 furore
1333 1673 1450 1711 meo
1499 1659 1706 1710 locutus
1739 1672 1878 1718 sum,
1907 1670 2004 1723 pro
2045 1670 2109 1707 eo
2146 1656 2288 1723 quod

755 1745 1105 1812 opprobrium
1157 1747 1392 1813 gentium
1449 1746 1803 1799 sustinuistis.
1853 1748 1903 1799 7.
1937 1743 2157 1812 Propter
2188 1746 2288 1799 hoc

757 1835 825 1901 Χ
864 1834 974 1887 haec
1004 1833 1134 1886 dicit
1175 1835 1380 1887 Adonai
1415 1834 1674 1888 Dominus
1710 1837 1732 1903 1
1765 1853 1778 1888 :
1810 1851 1935 1889 ecce
1975 1850 2072 1904 ego
2101 1835 2287 1888 levabo

760 1937 976 1974 manum
1007 1937 1180 1975 meam
1210 1938 1367 1990 super
1397 1933 1604 1991 gentes,
1626 1939 1745 1992 qute
1773 1924 1914 1978 circa
1943 1940 2032 1978 vos
2057 1941 2071 1977 :
2097 1923 2149 1975 hi
2167 1938 2289 1976 cono

757 2018 979 2063 temtum
1009 2026 1162 2064 suum
1188 2011 1465 2080 accipient.
1493 2013 1543 2065 8.
1578 2009 1820 2065 Vestram
1847 2023 2048 2077 autem,
2076 2021 2286 2068 montes

757 2099 991 2162 Israelis,
1034 2100 1109 2170 (η)
1144 2116 1298 2154 uvam
1331 2101 1550 2164 dabitis,
1583 2111 1636 2154 et
1669 2102 1901 2156 fructum
1932 2111 2164 2155 vestrum
2196 2115 2286 2155 co-

755 2192 932 2245 medet
959 2191 1184 2258 populus
1220 2205 1371 2244 meus
1401 2193 1466 2256 χ(
1510 2189 1669 2244 Israel
1700 2191 1760 2256 1;
1803 2191 1928 2260 quia
1958 2199 2172 2259 sperant
2195 2204 2286 2244 ve-
2323 2187 2362 2257 _'

755 2278 960 2332 nire.9.
990 2278 1124 2342 Quia
1149 2293 1275 2331 ecce
1304 2294 1402 2346 ego
1422 2294 1584 2346 super
1609 2295 1723 2342 vos,
1749 2288 1802 2332 et
1822 2281 2101 2347 respiciam
2128 2294 2289 2347 super

755 2382 870 2431 vos,
916 2376 969 2420 et
1003 2365 1273 2432 colemini,
1307 2377 1358 2421 et
1392 2367 1644 2422 seremini
1675 2387 1687 2422 :
1718 2369 1802 2423 10.
1841 2378 1894 2422 et
1921 2369 2286 2437 multiplicabo

755 2472 918 2525 super
958 2472 1050 2510 vos
1081 2457 1345 2522 homines,
1380 2472 1593 2511 omnem
1627 2459 1841 2512 domum
1877 2457 2089 2512 Israelis
2131 2460 2181 2512 in
2225 2459 2288 2511 11-
2311 2470 2332 2532 ‘_

755 2560 898 2607 nem,
926 2553 978 2598 et
1001 2544 1554 2600 habitabuntururbes
1574 2555 1784 2611 vestrae,
1811 2557 1864 2601 et
1878 2563 1997 2614 qua:
2017 2548 2284 2611 desolatas,

758 2631 1183 2686 aediﬁcabuntur.
1218 2634 1304 2686 II.
1333 2632 1396 2686 Et
1429 2635 1796 2703 multiplicabo
1827 2651 1987 2704 super
2009 2652 2103 2690 vos
2124 2638 2288 2690 homi-

754 2907 808 2951 et
844 2899 977 2952 bene
1012 2895 1201 2954 faciam
1235 2898 1407 2962 vobis,
1459 2899 1530 2966 (ο)
1561 2898 1699 2952 sicut
1737 2900 1805 2952 ab
1834 2900 2057 2968 antiquo
2088 2912 2284 2968 vestro,

2385 519 2596 574 μτουιρι·
2639 524 2832 561 nomen
2883 516 3132 561 sanctum
3187 519 3473 567 Incum,

2384 596 2574 649 domus
2626 597 2840 649 Israelis
2891 595 3034 648 inter
3084 603 3315 662 gentes
3347 632 3367 655 .
3445 611 3473 646 ι]

2386 681 2531 735 illuc.
2557 683 2644 734 22.
2674 686 2898 751 Propter
2927 683 3029 735 hoc
3060 682 3147 734 dic
3168 682 3422 735 domui
3459 681 3473 732 I

2388 772 2643 825 Dominus
2695 765 2989 824 Dominus:
3032 770 3148 822 Non
3199 771 3415 823 vobis

2388 860 2619 920 Israelis,
2656 860 2755 910 nisi
2787 866 3006 926 pr0pter
3036 873 3263 910 nomen
3309 873 3473 911 sane

2388 948 2652 1015 polluistis
2679 948 2819 1000 inter
2846 956 3051 1015 gentes.
3102 961 3232 1014 quo
3277 947 3473 1015 ingre

2390 1039 2454 1092 Et
2483 1038 2833 1092 sanetilicabo
2871 1052 3066 1090 nomen
3101 1053 3324 1089 meum
3370 1053 3473 1089 ma

2388 1128 2625 1181 fanatum
2656 1136 2738 1181 est
2780 1129 2917 1182 inter
2952 1136 3169 1194 gentes,
3206 1128 3398 1195 quod
3439 1145 3473 1194 ιι

2386 1230 2594 1276 earum,
2623 1226 2674 1269 et
2703 1216 2872 1268 scient
2893 1225 3101 1282 gentes,
3135 1215 3321 1282 quod
3361 1231 3473 1284 δε(

2387 1305 2518 1357 dicit
2552 1304 2756 1357 Adonai
2794 1303 3056 1357 Dominus
3084 1305 3136 1371 1,
3174 1319 3332 1356 cum
3365 1321 3473 1357 sar

2386 1393 2540 1445 vobis
2567 1402 2687 1445 ante
2707 1393 2894 1445 oculos
2927 1407 3148 1455 earum,
3193 1393 3307 1445 24.
3348 1403 3413 1447 ct
3467 1407 3473 1446 ι

2391 1480 2554 1540 tibus,
2605 1488 2656 1533 et
2699 1481 3037 1548 congregabo
3074 1496 3190 1535 vos
3271 1497 3352 1536 ex
3420 1498 3473 1535 οι

2389 1569 2722 1622 introducam
2757 1584 2850 1622 vos
2881 1569 2932 1620 in
2953 1576 3166 1621 terram
3208 1579 3473 1624 vestran

2387 1672 2547 1726 super
2577 1672 2674 1710 vos
2743 1671 2938 1724 aquam
2991 1657 3315 1723 mundam,
3373 1669 3440 1713 et

2389 1745 2638 1799 omnibus
2683 1745 3041 1798 immunditiis
3072 1747 3334 1812 vestris,
3367 1757 3433 1799 et

2390 1835 2583 1888 vestris
2612 1834 2882 1887 mundabo
2905 1851 3020 1887 vos.
3039 1833 3143 1888 26.
3181 1833 3261 1887 Et
3294 1836 3464 1889 dabo

2388 1931 2442 1975 et
2484 1922 2732 1989 spiritum
2779 1937 2975 1974 novum
3008 1921 3168 1974 dabo
3203 1923 3268 1976 in
3302 1925 3473 1978 vobis

2389 2010 2654 2078 lapideum
2699 2010 2764 2064 de
2792 2024 2959 2063 carne
3000 2020 3231 2076 vestra,
3283 2021 3344 2066 et
3389 2013 3465 2066 da

2390 2114 2568 2163 neum,
2591 2099 2679 2151 27.
2701 2107 2755 2154 et
2787 2098 3038 2166 spiritum
3099 2113 3314 2154 meum
3353 2102 3473 2155 dab

2389 2190 2546 2252 ciam,
2579 2198 2638 2242 ut
2660 2188 2712 2242 in
2739 2188 3263 2257 justiticationibus
3288 2192 3473 2245 meis:

2389 2278 2472 2330 cia
2505 2292 2622 2330 mea
2653 2276 2995 2356 custodiatis,
3023 2287 3090 2330 et
3131 2279 3376 2332 faciatis
3401 2295 3471 2332 ea

2344 2377 2347 2380 ·
2392 2364 2461 2418 tis
2514 2379 2673 2432 super
2718 2373 2884 2429 terra,
2939 2380 3121 2433 quam
3172 2368 3311 2422 dedi
3374 2378 3473 2437 pat

2390 2455 2541 2508 eritis
2567 2455 2698 2507 mihi
2723 2456 2775 2507 in
2813 2455 3113 2527 pppulum,
3148 2466 3210 2511 et
3245 2473 3358 2527 ego
3400 2471 3473 2513 er.

2337 2540 2354 2592 τ,
2389 2544 2478 2598 29.
2505 2541 2566 2595 Et
2586 2544 2802 2596 salvabo
2829 2559 2926 2597 vos
2948 2559 3018 2597 ex
3055 2546 3343 2602 omnibus
3377 2548 3473 2600 inn

2391 2644 2443 2686 et
2474 2632 2674 2685 vocabo
2713 2632 3075 2721 frumentum,
3115 2635 3215 2688 50.
3248 2646 3308 2690 et
3339 2639 3473 2690 mult

756 2736 871 2782 nes,
911 2729 964 2772 et
993 2719 1256 2786 iumenta,
1287 2729 1341 2773 et
1377 2731 1639 2786 crescent,
1669 2726 1734 2788 x
1767 2733 1820 2776 et
1854 2725 2287 2791 multiplicabun-
2323 2724 2356 2792 ff

756 2817 843 2862 tur
875 2812 924 2879 1,
951 2821 1002 2862 et
1031 2811 1269 2864 habitare
1302 2809 1490 2863 faciam
1525 2826 1640 2872 vos,
1672 2811 1810 2864 sicut
1831 2812 1896 2864 ab
1913 2813 2063 2865 initio
2088 2822 2284 2877 vestro,

2392 2739 2496 2776 non
2513 2724 2652 2776 dabo
2679 2739 2840 2790 super
2860 2739 2956 2778 vos
2981 2727 3199 2781 famem
3229 2746 3242 2781 :
3275 2741 3334 2783 et
3363 2731 3473 2782 mul

2391 2813 2540 2879 ligni,
2575 2813 2646 2881 (q)
2690 2824 2742 2866 et
2789 2823 3100 2880 proventus
3133 2817 3284 2885 agri,
3317 2829 3381 2872 ut
3424 2835 3473 2871 ηε

2391 2902 2532 2970 plius
2566 2903 2588 2969 1
2631 2902 2994 2969 opprobrium
3038 2902 3220 2959 famis
3258 2907 3409 2961 inter
3439 2925 3473 2975 g

756 2995 808 3040 et
836 2987 1037 3052 scietis,
1063 2988 1204 3056 quod
1232 3002 1329 3056 ego
1353 3002 1470 3040 sum
1503 2987 1781 3041 Dominus.
1814 2988 1899 3040 12.
1934 2988 1996 3041 Et
2022 2991 2286 3058 generabo
2313 3018 2354 3074 ο
2390 2989 2742 3044 cordabimini
2775 2991 2990 3046 viarum
3026 3005 3354 3051 vestrarum
3385 3014 3473 3051 ma

757 3094 916 3147 super
941 3093 1037 3132 vos
1071 3078 1333 3141 homines,
1377 3073 1631 3146 populum
1695 3092 1871 3130 meum
1927 3077 2196 3141 Israelem,
2233 3089 2288 3134 et

757 3162 1146 3220 hareditabunt
1174 3179 1288 3227 vos,
1329 3175 1382 3217 et
1410 3164 1559 3217 eritis
1586 3165 1664 3218 eis
1697 3165 1747 3218 in
1789 3166 2201 3234 possessionem,
2233 3175 2288 3220 et

756 3263 863 3303 non
898 3250 1104 3304 addetis
1149 3248 1377 3319 amplius
1410 3250 1588 3303 orbari
1633 3247 1700 3302 ab
1745 3252 1842 3304 eis.
1874 3251 1957 3305 15.
2002 3251 2122 3306 Hu‘c
2160 3255 2287 3308 dicit

756 3334 1009 3391 Dominus
1041 3337 1296 3390 Dominus
1327 3356 1338 3390 :
1378 3333 1481 3389 Pro
1511 3353 1576 3391 eo
1603 3338 1744 3406 quod
1765 3339 2016 3393 dixerunt
2045 3339 2136 3393 tibi
2167 3358 2288 3410 gen-

761 3431 840 3478 tes
872 3441 886 3476 :
916 3426 1222 3482 Devoratrix
1247 3426 1524 3480 hominum
1554 3443 1612 3481 es
1640 3439 1714 3492 tu,
1733 3437 1785 3482 et
1811 3430 1940 3484 orba
1961 3447 1989 3484 a
2014 3442 2166 3500 gente
2195 3443 2284 3488 tua

757 3513 892 3566 facta
915 3529 1004 3580 es;
1041 3515 1124 3568 14.
1157 3515 1231 3583 (ρ)
1265 3525 1479 3585 propter
1512 3518 1610 3571 hoc
1648 3519 1892 3575 homines
1921 3536 2025 3574 non
2057 3525 2284 3591 amplius

754 3603 1022 3665 conlades,
1045 3609 1099 3656 et
1126 3618 1254 3672 gens
1286 3610 1370 3657 tua
1400 3620 1504 3658 non
1539 3607 1748 3660 orbabit
1773 3617 1823 3661 te
1858 3609 2090 3676 amplius
2121 3615 2203 3677 κε,
2233 3622 2286 3666 et

755 3706 881 3758 gens
914 3699 1002 3744 tua
1051 3707 1153 3744 non
1185 3691 1466 3746 orhabitur
1498 3694 1728 3761 amplius
1772 3697 1817 3763 1,
1846 3696 1976 3749 dicit
2028 3697 2283 3756 Dominus

757 3775 1033 3833 Dominus.
1069 3781 1154 3833 I5.
1197 3777 1261 3833 Et
1305 3796 1409 3834 non
1453 3782 1702 3835 audietur
1747 3787 1976 3852 amplius
2005 3803 2164 3855 super
2188 3805 2284 3844 vos

755 3875 1058 3919 contemtns
1086 3870 1343 3934 gentium,
1377 3873 1428 3920 et
1456 3869 1801 3936 opprobrium
1832 3869 2152 3940 papulorum'
2177 3892 2282 3930 non

757 3953 1111 4013 sustinebitis,
1147 3957 1212 4018 χ(
1235 3964 1284 4005 et
1310 3955 1538 4021 populus
1571 3965 1694 4008 tuus
1726 3973 1830 4008 non
1856 3961 2134 4014 orhabitur
2170 3976 2284 4014 am-

756 4040 895 4108 plius
932 4042 980 4107 1,
1017 4040 1145 4093 dicit
1173 4039 1426 4093 Dominus
1453 4042 1729 4096 Dominus.
1763 4044 1845 4096 16.
1874 4046 1937 4098 Et
1973 4045 2166 4100 laetum
2204 4058 2284 4102 cst

755 4126 973 4177 verbum
1011 4125 1219 4177 Domini
1263 4127 1326 4179 ad
1353 4142 1454 4190 me,
1484 4129 1708 4182 dicens:
1746 4128 1830 4183 I7.
1882 4128 1976 4187 Fili
2031 4137 2280 4202 hominis,

757 4211 947 4263 domus
978 4210 1190 4263 Israelis
1226 4213 1536 4265 habitarunt
1567 4227 1725 4281 super
1764 4225 1901 4270 terra
1929 4235 2048 4281 sua,
2076 4229 2126 4274 et
2153 4238 2282 4276 con-

2387 3094 2504 3132 rum
2546 3087 2845 3132 vestrorum
2894 3095 3012 3134 non
3049 3083 3366 3148 bonorum,
3404 3089 3473 3156 (ν)

2387 3166 2651 3221 eritvohis
2671 3177 2796 3222 ante
2821 3167 3026 3223 faciem
3043 3187 3249 3227 eorum
3280 3176 3338 3229 in
3357 3177 3471 3246 iniq

2388 3263 2440 3308 et
2495 3269 2658 3322 super
2709 3255 3234 3317 abominationibus
3312 3265 3384 3334 (ε)
3449 3284 3471 3320 e

2389 3349 2603 3409 propter
2655 3357 2748 3396 vos
2790 3358 2891 3410 ego
2942 3343 3128 3411 facio,
3184 3349 3328 3404 dicit
3381 3354 3471 3408 Do:

2389 3437 2573 3481 nolunt
2601 3429 2704 3481 erit
2752 3431 2903 3483 vobis
2931 3441 2947 3482 :
2993 3436 3343 3503 erubescite,
3372 3449 3428 3494 et

2387 3515 2453 3567 de
2499 3511 2600 3568 viis
2628 3515 2842 3577 vestris,
2887 3516 3106 3575 domus
3139 3520 3384 3579 Israelis.
3433 3523 3468 3580 3

2387 3602 2590 3656 Adonai
2639 3602 2950 3659 Dominus:
2992 3607 3055 3661 In
3111 3611 3228 3677 die,
3285 3629 3400 3680 quo
3448 3631 3469 3669 ιι

2387 3693 2634 3745 omnibus
2676 3691 3066 3760 iniquitatibus
3117 3703 3347 3765 vestris,
3389 3713 3445 3756 et

2390 3778 2568 3839 urbes,
2601 3788 2654 3831 et
2675 3781 3106 3840 zedilicabuntur
3142 3789 3465 3844 infmcunda

2390 3876 2609 3934 pravata
2651 3870 2887 3933 coletur,
2939 3889 3042 3939 pro
3084 3891 3154 3929 eo
3197 3880 3348 3946 quod
3399 3880 3464 3932 de

2385 3955 2570 4007 oculos
2615 3953 2792 4010 ornnis
2837 3959 3103 4027 viatoris,
3139 3963 3232 4018 35.
3291 3976 3347 4019 et
3387 3969 3465 4020 dit

2384 4043 2669 4110 depravata
2702 4045 2840 4100 facta
2872 4061 2988 4114 est,
3023 4061 3088 4106 ut
3117 4054 3318 4109 hortus
3347 4057 3465 4109 deli.

2384 4140 2621 4194 vastatas,
2652 4142 2704 4186 et
2742 4134 3080 4205 depravata},
3127 4153 3183 4198 et
3230 4146 3463 4198 subvers

2385 4226 2528 4271 runt.
2575 4219 2660 4271 36.
2704 4219 2769 4274 Et
2810 4225 2997 4280 scient
3037 4239 3233 4298 gentes
3273 4249 3463 4286 omnes

757 4297 1085 4349 taminarunt
1116 4312 1229 4350 eam
1259 4300 1309 4352 in
1341 4299 1441 4352 viis
1469 4302 1601 4362 suis,
1627 4312 1680 4355 et
1711 4305 1760 4355 in
1790 4304 1944 4358 idolis
1976 4307 2109 4370 suis,
2141 4309 2210 4362 -ι-Δ
2229 4322 2278 4364 et
2311 4327 2355 4382 ι)
2386 4306 2579 4358 fuerint
2601 4306 2741 4361 Circa
2791 4325 2920 4377 VOS,
2964 4297 3114 4384 quod
3151 4335 3255 4388 ego
3289 4320 3463 4373 Domit

756 4383 808 4435 in
844 4384 1194 4438 immunditiis
1227 4385 1339 4439 suis
1374 4389 1396 4456 1
1431 4390 1617 4456 :juxta
1655 4391 2044 4447 immunditiam
2075 4401 2278 4451 consti-

755 4479 881 4524 tutae
910 4473 961 4524 in
1005 4484 1276 4528 menstruo
1308 4476 1444 4530 facta
1488 4488 1570 4531 est
1609 4482 1691 4532 via
1720 4497 1904 4534 eorum
1942 4499 2121 4539 coram
2147 4486 2279 4542 facie

755 4575 904 4613 mea:
937 4562 1023 4615 18.
1080 4572 1132 4616 et
1161 4563 1320 4619 ell'cdi
1362 4565 1596 4620 furorem
1645 4586 1820 4623 ruettm
1872 4587 2032 4640 super
2064 4591 2178 4640 eos,
2212 4580 2278 4645 »ζ

757 4659 976 4716 propter
1007 4652 1348 4720 sanguinem,
1371 4671 1529 4723 quem
1557 4657 1855 4712 cll‘uderunt
1877 4676 2035 4729 super
2061 4674 2275 4728 terram,

749 4747 802 4789 et
832 4738 883 4790 in
915 4737 1072 4792 idolis
1116 4741 1230 4793 suis
1258 4742 1559 4809 polluerunt
1585 4761 1702 4798 eam
1755 4750 1801 4815 1.
1836 4751 1917 4803 19.
1953 4761 2004 4805 et
2033 4753 2277 4808 dissemi-

750 4826 870 4879 navi
921 4839 1013 4881 eos
1042 4828 1094 4881 in
1126 4839 1330 4897 gentes,
1374 4841 1424 4885 et
1467 4834 1718 4888 ventilavi
1764 4853 1856 4891 eos
1903 4839 1953 4892 in
1986 4841 2271 4908 regiones:

751 4915 1044 4968 secundum
1090 4919 1231 4971 viam
1286 4935 1494 4985 eorum,
1554 4933 1605 4976 et
1659 4927 1947 4980 secundum
1998 4939 2273 4997 peccatum

751 5015 933 5052 eorum
960 5003 1192 5069 iudicavi
1223 5021 1334 5059 eos.
1366 5007 1453 5060 20.
1488 5008 1550 5062 Et
1578 5010 1801 5082 ingressi
1827 5021 1950 5065 sunt
1993 5014 2130 5067 inter
2149 5031 2275 5084 gen-

751 5093 850 5147 tes,
881 5105 987 5156 quo
1037 5095 1259 5161 ingressi
1298 5107 1423 5149 sunt
1443 5099 1600 5159 'illuc,
1642 5083 1710 5152 ei”
1734 5101 2034 5168 polluerunt
2077 5083 2270 5156 nomen

754 5186 993 5230 sanctum
1025 5198 1222 5245 meum,
1263 5201 1383 5239 cum
1419 5187 1753 5251 dicebantur,
1785 5205 1913 5257 gens
1953 5191 2156 5244 Domini
2195 5193 2270 5257 hi,

825 5302 917 5392 (ηέ)
953 5302 1046 5392 $1.-
1055 5323 1168 5392 pro
1211 5327 1275 5390 eo
1319 5313 1461 5392 quod
1525 5316 1811 5392 reprobam‘
1846 5316 2038 5392 fatjrnt
2066 5334 2204 5382 eam,
2236 5329 2302 5392 et_
2334 5322 2399 5392 ad
2450 5323 2833 5392 diripiendum.

751 5362 827 5449 (ρ)
865 5365 946 5449 3:.
967 5362 1110 5449 sicut
1138 5391 1166 5425 a
1195 5362 1460 5449 pringipio
1487 5362 1682 5437 théiro'.

755 5437 1340 5517 erogaturiouibusjaliis.
1365 5437 1378 5449 ’
1416 5453 1486 5517 (q)
1513 5453 1550 5503 S

753 5497 825 5565 (ς)
856 5498 1064 5557 Vestris.
1141 5497 1496 5576 (t)l)ominu1s'.

2382 4402 2633 4457 structas,
2665 4403 2719 4448 et
2753 4397 3004 4465 plantavi
3044 4407 3416 4475 depravatas:
3447 4427 3461 4462 ε

2382 4493 2541 4536 cutus
2571 4499 2711 4548 sum,
2747 4497 2800 4540 et
2826 4487 2956 4545 feci.
2999 4493 3091 4548 37.
3129 4495 3260 4551 "mc
3305 4500 3436 4552 dicit

2383 4589 2481 4628 nus
2524 4591 2537 4626 :
2582 4576 2771 4630 Adhuc
2810 4578 2917 4634 hoc
2965 4583 3046 4652 (α)
3090 4601 3314 4652 qumrar
3375 4589 3461 4641 do:

2382 4660 2572 4714 faciam
2605 4678 2698 4716 cos
2730 4682 2744 4716 :
2785 4669 3170 4737 multiplicabo
3196 4691 3316 4738 eos,
3339 4677 3454 4728 sicu

2381 4750 2467 4803 38.
2500 4750 2637 4804 sicut
2681 4767 2806 4806 oves
2860 4769 3109 4824 sanctas,
3167 4765 3315 4817 sicut
3369 4780 3459 4817 ονε

2380 4838 2783 4894 solennitatibus
2808 4841 2931 4910 ejus
2968 4863 2980 4899 :
3015 4849 3096 4903 sic
3128 4863 3291 4905 erunt
3320 4858 3454 4906 urbe

2380 4929 2556 4980 ovium
2583 4929 2886 4997 hominum,
2911 4945 2966 4988 et
2995 4938 3190 4992 scient.
3220 4943 3367 5007 quod
3403 4956 3457 5008 eg

2443 5015 2572 5085 Cap.
2605 5016 2861 5074 XXXVII.
2894 5054 2966 5064 —
2992 5026 3043 5079 I.
3063 5028 3140 5094 (π)
3168 5029 3231 5080 Et
3255 5028 3395 5081 facta
3418 5044 3457 5081 et

2377 5120 2479 5157 nus
2507 5103 2735 5169 Domini,
2768 5116 2822 5161 et
2846 5111 3038 5165 eduxit
3060 5131 3146 5166 me
3174 5116 3228 5166 in
3254 5115 3446 5182 spiritu

2379 5193 2486 5245 suit
2515 5208 2599 5245 me
2631 5195 2684 5246 in
2719 5198 2899 5252 tnedio
2920 5202 3123 5271 campi,
3159 5211 3214 5256 et
3246 5204 3333 5256 hic
3372 5217 3455 5255 cra

2954 5337 3033 5400 (η)
3082 5333 3166 5391 8..
3209 5348 3390 5385 ramos
3449 5348 3455 5370 ε

1793 5385 1867 5453 (ρ)
1901 5384 2017 5447 Th.,
2062 5396 2114 5440 ct
2148 5403 2250 5440 non
2293 5384 2668 5446 inflruiahiiur.
2730 5395 2841 5450 Hoc
2897 5384 3272 5455 namabilis
3325 5417 3425 5451 non

1559 5491 1594 5536 η
1634 5459 1714 5536 ‘ct‘
1769 5452 1992 5536 rogaui.
2055 5455 2177 5536 Kal
2230 5456 2318 5508 TA
2373 5457 2762 5536 resumis.
2834 5452 3060 5536 (r)

1951 5469 1992 5536 ᾗ.
2055 5455 2177 5536 κ.ῃῇ
2230 5456 2318 5508 TA
2373 5457 2762 5536 mutuam.
2834 5452 3452 5536 (r)3.,dilaniatum»

1576 5522 1651 5589 (τι)
1683 5521 1770 5586 Α.,
1801 5522 1883 5585 8.,
1917 5520 2032 5586 Tlt.,
2058 5521 2276 5590 petitum
2303 5539 2515 5592 ponam.

2592 5531 2669 5597 (αι’)
2710 5531 2781 5586 De
2804 5531 3209 5588 resurrectione
3264 5543 3453 5588 mortm
