1901 3195
115 183 172 212 nu
288 212 383 241 mna

128 243 157 263 ψ
166 230 313 266 bonum“
320 241 339 274 ,ἡ
344 230 396 274 ᾖξε

129 288 167 313 per
179 287 257 315 gyrum
271 277 296 304 in
455 279 496 301 ει
512 286 591 308 ecce
725 266 901 322 valdersuper

133 318 484 366 Iaeieeampi,€l‘°.°°e:_“c.ci
506 324 676 356 admodum.
693 331 720 356 δ.
739 330 770 357 Et
786 318 900 359 dixit-ad

132 374 184 393 me:
198 367 244 394 Fili
257 363 370 393 hominis.
380 365 404 385 8|
417 363 531 394 Vivent
545 377 613 398 ossa
629 372 708 400 haec?
722 374 753 400 Et
764 374 819 401 dixi
831 384 838 402 :
851 375 901 402 Do-

134 410 197 435 mine
211 410 320 440 Domine,
329 412 355 433 ul
367 404 441 431 nos“
455 414 491 435 +
515 412 581 440 hac
593 414 617 447 ζ.
629 415 655 441 ι.
673 416 704 442 Et
717 417 784 443 dixit
797 418 828 443 ad
840 426 881 444 me
892 427 898 444 :

131 453 175 481 Fili
192 455 310 485 hominis,
327 450 456 487 propheta
485 463 578 491 super
595 467 658 487 ossa
687 461 743 488 haec
756 480 764 493 ,
780 466 807 488 et
825 463 899 490 dices

130 498 184 524 eis:
206 498 269 526 Ossa
294 498 373 529 arida,
403 498 501 527 audite
520 503 635 530 verbum
663 504 777 532 Domini.
795 507 822 533 5.
838 506 899 534 Haec

125 541 188 568 dicit
214 543 337 569 Dominus
360 541 493 571 Dominus
508 547 621 574 ossibus
637 548 677 575 bis
693 556 700 573 :
714 549 781 576 Ecce
794 558 843 584 ego
860 551 897 585 (υ)

126 585 180 612 fero
208 594 288 621 super
311 594 359 614 vos
389 588 517 621 spiritum
547 591 626 623 vitae,
657 593 682 619 6.
709 597 735 620 et
764 594 832 621 dabo
851 603 897 622 sn-

122 633 166 664 per
182 638 234 658 vos
252 639 357 663 nervos,
370 636 397 658 et
409 632 546 660 abducam
576 642 656 669 super
671 643 718 663 vos
745 645 850 671 carnes,
871 644 898 666 et

120 676 260 701 extendam
272 682 355 709 super
365 683 414 702 vos
425 677 533 710 pellem,
547 683 574 704 et
588 679 657 706 dabo
671 680 698 706 in
712 689 760 708 vos
774 683 895 715 spiritum

118 727 221 750 meum.
232 725 258 747 et
268 720 377 751 vivctis.
386 725 413 748 et
423 722 525 754 scietis,
537 724 609 757 quod
620 732 670 759 ego
684 733 742 752 sum
757 726 894 755 Dominus.

116 763 142 789 7.
157 763 190 790 Et
203 765 377 798 prophetavi,
398 766 471 793 sicut
482 768 608 802 praecepit
623 770 687 796 inibi
708 770 844 798 Dominus.
864 772 896 799 Et

115 806 184 833 facta
202 813 245 834 est
259 809 293 841 Χ
307 816 361 835 vox
378 809 390 842 ζ
404 828 412 841 ,
430 817 491 836 cum
511 818 560 844 ego
581 813 766 845 proplietarem
777 833 784 845 ,
796 819 822 841 et
836 823 896 842 ecce

113 854 274 883 commotio,
285 859 312 880 et
320 854 441 880 admovit
453 863 514 881 ossa
524 863 554 882 os
564 857 596 882 ad
607 859 797 884 conuexionem
808 867 893 886 suam.

112 895 138 922 8.
155 896 189 921 Et
208 897 261 922 vidi
279 905 286 921 :
300 902 327 923 et
339 905 402 923 ecce
417 905 497 931 super
509 907 539 925 ea
556 901 639 931 nervi,
652 906 677 926 ct
691 909 785 929 carnes
796 904 894 937 germi-

113 941 226 972 nabant,
252 947 278 968 et
291 943 458 969 ascendebat
488 952 566 977 super
584 953 613 970 ea
635 946 710 979 pellis
728 946 851 981 desuper,
869 953 895 974 et

111 985 226 1017 spiritus
239 993 293 1011 non
308 987 405 1013 eratin
420 988 469 1013 eis.
482 988 508 1014 9.
522 988 553 1014 Et
566 989 632 1015 dixit
644 990 677 1015 ad
691 998 733 1017 me
744 999 751 1016 :
764 990 894 1025 Propheta

112 1037 192 1063 super
206 1031 349 1064 spiritum,
369 1033 512 1066 propheta,
528 1034 563 1059 fili
581 1035 708 1066 hominis,
721 1040 748 1062 et
758 1037 801 1063 dic
814 1038 894 1071 spiri-

111 1076 148 1101 tui
163 1084 170 1101 :
189 1075 251 1102 Ilaec
268 1077 339 1103 dicit
361 1078 491 1105 Dominus
512 1078 639 1106 Dominus
657 1080 697 1106 :A
709 1086 823 1115 quatuor
837 1083 893 1116 spi-

112 1119 211 1146 ritibus
229 1121 303 1151 veni,
317 1122 352 1153 Χ
367 1121 479 1154 spiritus
505 1122 534 1154 ζ,
547 1126 574 1149 et
595 1123 700 1151 iusuﬂla
725 1124 750 1150 in
775 1130 893 1153 mortuos

112 1162 170 1194 bos,
188 1169 216 1189 et
234 1164 343 1190 vivant.
372 1165 414 1192 10.
440 1164 472 1191 Ει
487 1167 643 1199 prophelavi
658 1186 666 1198 ,
683 1168 752 1195 sicut
767 1171 893 1202 praecepit

113 1206 177 1233 ibi
196 1216 204 1234 :
226 1213 254 1234 et
272 1208 388 1234 intravit
415 1209 440 1234 in
459 1217 505 1235 cos
517 1210 639 1242 spiritus,
662 1215 689 1237 et
712 1211 845 1246 vixerunt,
865 1219 892 1241 et

111 1254 241 1279 steterunt
256 1260 345 1286 super
361 1253 473 1286 pedibus
490 1254 558 1284 suis,
578 1255 613 1287 (ι)
629 1257 797 1290 congregatio
809 1258 891 1284 multa

113 1296 232 1330 valdex
253 1297 335 1323 valde
353 1298 376 1329 ζ.
400 1298 440 1323 11.
458 1297 489 1323 Et
513 1299 621 1326 locutus
645 1304 685 1326 est
711 1301 839 1329 Dominus
857 1303 890 1329 ad

112 1347 163 1372 Ine,
178 1341 274 1368 dicens
288 1350 295 1367 :
313 1341 366 1368 Fili
387 1342 515 1374 hominis,
536 1351 597 1370 ossa
623 1344 678 1371 haec
695 1347 783 1372 omnis
794 1346 891 1374 domus

112 1383 215 1412 Israelis
238 1390 292 1417 est,
313 1386 352 1411 illi
367 1385 482 1414 dicunt:
503 1387 584 1414 Arida
607 1387 677 1415 facta
688 1394 750 1416 sunt
761 1397 822 1416 ossa
840 1398 889 1416 no-

113 1432 173 1460 stra,
190 1430 272 1463 periit
286 1437 351 1463 spes
367 1435 471 1462 nostra,
488 1432 556 1457 irriti
573 1432 635 1458 facti
649 1440 753 1461 sumus.
769 1434 811 1460 12.
824 1433 890 1461 Pro-

113 1476 168 1506 pter
179 1474 230 1500 hoc
248 1475 396 1509 propheta,
413 1480 440 1501 et
464 1475 509 1502 dic
522 1478 554 1509 Χ
568 1477 602 1503 ad
618 1484 665 1504 cos
689 1478 699 1511 ζ
713 1486 720 1504 :
745 1478 805 1506 Haec
824 1479 888 1506 dicit

116 1516 241 1546 Dominus
256 1519 393 1547 Domi-us
408 1528 414 1546 :
432 1519 501 1547 Ecce
526 1528 575 1555 ego
591 1521 681 1555 aperio
702 1523 823 1556 sepulcra
842 1532 888 1551 ve—

119 1567 180 1596 stra,
192 1570 218 1590 et
230 1565 351 1591 educam
364 1572 412 1591 vos
423 1572 454 1591 ex
470 1566 599 1598 sepulcris
618 1567 729 1599 vestris,
744 1569 778 1601 Χ
794 1570 892 1606 popule

116 1608 148 1634 mi
157 1609 167 1641 ξ
177 1629 184 1640 ,
196 1615 222 1636 et
232 1609 411 1635 introducam
427 1617 474 1635 vos
488 1611 513 1636 in
526 1615 623 1637 terram
633 1610 749 1640 Israelis.
767 1613 809 1641 t5.
822 1615 888 1647 Χει

116 1653 198 1680 scietis
217 1654 244 1687 ξ,
273 1653 350 1687 quod
368 1661 418 1687 ego
432 1662 491 1680 sum
511 1654 649 1685 Dominus.
679 1664 739 1682 cum
761 1664 888 1691 aperuere

116 1698 226 1731 sepulcra
240 1703 348 1730 vestra,
366 1703 395 1724 ut
410 1699 523 1725 educam
539 1707 586 1726 vos
598 1700 631 1725 de
642 1700 773 1733 sepulcris
788 1704 821 1735 Χ
841 1711 887 1729 ve-

116 1742 207 1775 Itris:,
223 1743 327 1777 popule
343 1742 392 1769 mi.
419 1743 460 1769 Η.
478 1744 516 1777 (a)
528 1743 561 1769 Et
573 1743 644 1770 dabo
658 1745 781 1777 spiritum
799 1754 886 1773 meum

116 1786 139 1812 in
154 1793 209 1817 vos,
219 1791 246 1813 et
261 1786 379 1818 vivetis,
397 1791 423 1813 et
440 1794 536 1820 ponam
555 1795 601 1814 vos
617 1795 699 1822 super
721 1793 818 1815 terram
841 1798 887 1817 ve-

115 1835 199 1862 stram,
214 1836 239 1858 et
257 1831 369 1862 scietis,
386 1831 457 1865 quod
472 1839 522 1866 ego
543 1831 672 1859 Dominus
697 1833 801 1861 locutus
813 1842 884 1866 sum,

114 1876 254 1908 etfaciam,
271 1876 343 1902 dicit
361 1875 490 1904 Dominus
514 1875 653 1903 Dominus.
680 1877 723 1903 I5.
740 1877 772 1903 Et
787 1878 884 1905 factum

113 1922 149 1944 est
161 1919 269 1945 verbum
290 1919 402 1945 Domini
413 1919 447 1946 ad
464 1927 516 1951 me,
533 1920 625 1946 dicens
641 1928 648 1945 :
664 1920 707 1946 16.
724 1922 756 1953 Χ
771 1920 803 1947 Ει
818 1925 844 1947 ιιι
860 1920 884 1954 ζ,

113 1962 145 1989 Illi
163 1962 292 1995 hominis,
307 1970 388 1990 sume
415 1964 568 1998 tibimetipsi
589 1964 690 1998 virgam
706 1966 738 1998 Χ
759 1973 838 1991 unam
855 1966 884 1999 ζ,

112 2011 135 2032 et
144 2007 228 2033 scribe
239 2014 327 2041 super
336 2014 397 2032 eam
409 2006 516 2038 ludam,
532 2012 559 2033 et
575 2008 643 2033 filios
664 2008 771 2034 Israelis
788 2007 885 2041 adjun-

112 2055 162 2078 ctos
174 2052 197 2078 ei
208 2060 216 2077 :
229 2056 258 2078 et
277 2052 385 2084 virgam
407 2052 550 2077 secundam
572 2059 662 2079 sumes
679 2052 843 2086 tibimetipsi,
859 2058 884 2080 et

111 2096 204 2124 scribes
217 2104 281 2123 eam
297 2095 431 2128 .Iosepho,
449 2097 550 2130 virgam
568 2096 699 2130 Ephrem,
716 2101 741 2123 et
760 2098 883 2125 omnibus

111 2140 166 2166 tilils
183 2140 306 2172 Israelis,
320 2139 369 2173 qui
382 2140 501 2172 adjuncti
514 2145 577 2167 sunt
591 2140 626 2167 ei.
640 2140 683 2166 17.
698 2140 730 2167 Ει
740 2141 883 2176 conjunges

701 187 900 216 IIEZECIELIS
917 188 1029 218 CAPUT
1044 190 1184 220 XXXVIII.

419 228 459 253 ει
480 231 692 290 ξίι-ςιιιιιιυιῑι
715 249 757 269 me
772 240 857 277 “per
871 250 901 270 ea
917 245 938 273 Α
952 243 985 270 de
1001 245 1090 271 medio
1100 247 1229 280 gentium,
1246 256 1301 283 quo
1313 249 1446 279 intrarunt
1468 252 1540 285 illuc,
1566 259 1591 280 et
1604 262 1716 290 congruo

1643 202 1714 232 me

951 289 1019 322 gabo
1034 296 1081 317 eos
1094 297 1126 317 ex
1137 292 1271 325 omnibus,
1285 294 1331 328 qui
1346 295 1373 322 in
1386 296 1500 324 circuitu
1516 305 1618 332 eorum,
1633 289 1716 327 etin-

951 334 1089 360 trodncam
1113 342 1161 362 eos
1180 336 1206 362 in
1225 341 1321 364 terram
1341 339 1456 372 Israelis,
1473 342 1516 369 22.
1532 347 1558 369 et
1583 343 1652 369 dabo
1669 352 1716 371 eos

950 375 975 401 iu
992 381 1096 410 gentem
1110 386 1189 405 unam
1202 380 1228 407 in
1245 385 1312 408 terra
1327 390 1395 414 mea,
1409 389 1435 411 et
1445 385 1471 411 ln
1484 386 1620 413 montibus
1631 386 1716 414 Israe-

949 419 1001 446 lis:
1019 424 1046 447 et
1063 421 1185 456 princeps
1201 432 1269 451 unus
1287 426 1338 452 erit
1362 434 1455 454 eorum
1474 430 1507 462 Χ
1531 429 1557 455 in
1575 438 1661 464 regem
1681 432 1691 463 ζ
1706 450 1714 463 ,

948 468 971 491 el
987 472 1040 491 non
1057 471 1134 492 erunt
1156 468 1271 501 amplius
1289 469 1314 496 in
1329 471 1396 497 duas
1412 477 1513 505 gentes,
1531 481 1581 500 nec
1593 474 1712 502 dividen-

949 512 992 536 Iur
1005 510 1118 543 amplius
1133 511 1159 538 in
1174 512 1227 539 duo
1242 521 1333 547 regna.
1349 515 1392 542 25.
1406 520 1435 542 ιιι
1454 524 1487 542 ne
1500 518 1713 545 contaminentur

947 552 1062 586 amplius
1076 555 1101 580 in
1114 554 1191 582 idolis
1201 556 1266 586 suis.
1275 558 1308 590 Χ
1317 562 1344 585 et
1356 559 1381 585 in
1393 560 1636 589 abominationibus
1645 564 1712 593 suis.

947 601 973 623 et
986 597 1012 623 in
1038 599 1162 626 omnibus
1181 600 1362 635 impietatibus
1379 604 1436 630 suis
1448 605 1459 637 ζ
1472 614 1479 631 :
1493 609 1519 631 et
1533 606 1644 640 eripiam
1667 615 1712 634 eos

946 649 978 669 ex
991 643 1115 670 omnibus
1129 644 1163 678 (ε)
1178 645 1363 679 iniquitatibus
1387 655 1492 681 eorum,
1507 650 1605 683 quibus
1618 658 1712 685 pecca-

947 690 1009 712 runt
1023 687 1048 712 in
1060 687 1109 718 eis,
1124 693 1149 714 et
1161 689 1296 716 mundabo
1307 698 1364 721 eos.
1378 695 1404 718 et
1414 697 1492 719 erunt
1507 694 1571 720 mihi
1586 694 1613 720 in
1629 702 1713 729 popu-

945 729 1011 762 lum,
1024 735 1051 757 et
1069 738 1117 766 ego
1130 739 1177 759 ero
1193 733 1231 760 eis
1257 734 1283 760 in
1309 735 1402 761 Deum.
1417 736 1462 762 24.
1479 736 1509 763 Et
1528 745 1621 764 servus
1636 747 1710 765 meus

946 772 1026 799 David
1039 774 1161 808 princeps
1176 775 1202 802 in
1215 777 1302 803 medio
1312 785 1416 810 eorum,
1436 783 1462 805 et
1475 784 1567 813 pastor
1579 789 1649 807 unus
1659 782 1710 808 erit

944 817 1062 844 omnium
1073 819 1107 851 Χ
1120 826 1212 846 eorum
1229 820 1253 853 ζ,
1263 821 1326 854 quia
1341 821 1366 848 in
1380 824 1518 857 praceptis
1533 824 1600 851 meis
1615 826 1711 851 ambu-

945 860 1048 893 labunt,
1064 866 1091 888 et
1103 862 1203 896 judicia
1216 870 1273 890 mea
1288 866 1448 898 custodient,
1460 872 1486 893 et
1497 867 1593 895 facient
1607 876 1648 899 ea.
1663 869 1707 895 25.

945 911 968 932 et
981 905 1139 933 habitabunt
1153 915 1232 942 super
1247 913 1315 936 terra
1329 918 1387 942 sua,
1402 918 1481 944 quam
1498 919 1546 947 ego
1559 912 1618 939 dedi
1630 921 1711 940 servo

943 958 1003 977 meo
1025 950 1135 984 Jacobo,
1162 960 1216 987 quo
1240 954 1395 982 habitarunt
1416 956 1452 982 ibi
1465 962 1552 989 patres
1564 964 1666 991 e0rum,
1682 964 1708 985 ct

942 994 1099 1022 babitabunt
1113 1004 1193 1031 super
1207 1005 1237 1024 ea
1253 999 1314 1032 ipsi,
1325 1004 1351 1026 et
1366 1000 1412 1026 lilii
1426 1008 1529 1032 eorum.
1544 1006 1570 1027 et
1580 1002 1624 1028 filii
1641 1003 1709 1029 ﬁlio-

942 1046 1001 1065 rum
1014 1046 1118 1072 eorum,
1129 1048 1213 1075 usque
1226 1042 1250 1067 in
1262 1044 1466 1077 sempiternum:
1481 1049 1506 1071 et
1523 1046 1602 1073 David
1614 1054 1708 1073 servus

942 1090 1017 1110 meus
1030 1083 1153 1118 princeps
1167 1092 1257 1112 eorum
1271 1088 1304 1119 Χ
1316 1087 1367 1113 erit
1381 1089 1392 1121 ζ
1409 1088 1434 1113 in
1449 1090 1648 1122 sempiternum.
1661 1091 1706 1116 eo.

940 1126 974 1153 Et
997 1135 1094 1161 ponam
1118 1129 1157 1156 eis
1175 1134 1361 1163 testamentum
1387 1133 1479 1166 pacis,
1505 1138 1706 1166 testamentum,

939 1172 1009 1205 quod
1030 1172 1056 1199 in
1072 1174 1179 1205 saecula.
1197 1175 1248 1201 erit
1266 1182 1326 1201 cum
1343 1176 1382 1202 eis
1396 1184 1402 1201 :
1423 1178 1456 1209 Χ
1472 1177 1510 1211 (d)
1526 1182 1552 1203 et
1567 1178 1634 1204 dabo
1647 1187 1705 1209 eos.

939 1220 966 1241 et
977 1216 1156 1250 multiplicabo
1169 1225 1215 1244 eos
1234 1219 1245 1252 ζ
1260 1223 1304 1245 :et
1320 1227 1414 1252 ponam
1429 1221 1524 1246 Sancta
1538 1229 1595 1247 mea
1611 1222 1636 1247 in
1649 1230 1704 1247 mc-

940 1259 983 1286 dio
997 1267 1090 1288 eorum
1102 1262 1128 1288 in
1139 1262 1340 1296 sempiternum,
1350 1264 1394 1290 27.
1407 1269 1430 1289 ct
1443 1265 1490 1290 erit
1506 1265 1702 1292 tabernaculum

940 1310 1027 1330 meum
1042 1305 1069 1331 in
1083 1306 1134 1337 eis,
1149 1309 1175 1332 et
1188 1313 1234 1332 ero
1246 1306 1285 1332 eis
1301 1306 1381 1339 Deus,
1393 1309 1418 1333 et
1436 1308 1472 1333 illi
1487 1313 1565 1335 erunt
1581 1310 1643 1335 mihi
1655 1318 1704 1343 po-

939 1347 1026 1381 pulus.
1037 1348 1079 1375 28.
1095 1348 1127 1375 Et
1136 1350 1220 1376 scient
1232 1354 1331 1384 gentes,
1346 1351 1417 1385 quod
1430 1359 1479 1386 ego
1489 1360 1546 1379 sum
1563 1352 1703 1387 Dominus,

938 1393 1108 1420 sanctificans
1126 1401 1183 1425 eos,
1202 1394 1310 1428 quando
1337 1395 1434 1422 fuerint
1450 1396 1544 1423 Sancta
1564 1406 1631 1425 mea.

972 1436 1037 1470 Cap.
1053 1437 1192 1464 XXXVIII.
1207 1453 1242 1458 -—
1257 1438 1282 1465 I.
1307 1439 1393 1473 Super
1418 1439 1474 1474 θος
1500 1446 1526 1467 et
1552 1441 1653 1477 Magog.
1669 1444 1702 1470 Et

938 1480 1035 1509 factum
1049 1486 1089 1508 est
1109 1483 1218 1509 verbum
1243 1482 1345 1509 Domini
1366 1483 1398 1510 ad
1416 1491 1468 1515 me,
1486 1485 1635 1514 dicensz2.
1652 1486 1701 1514 Fili

938 1525 1063 1556 hominis.
1077 1527 1111 1561 (e)
1122 1535 1190 1560 pone
1205 1527 1300 1554 faciem
1315 1532 1386 1554 tuam
1402 1528 1552 1564 superGog,
1565 1535 1591 1556 et
1603 1535 1700 1559 terram

938 1570 1040 1605 Magog,
1056 1572 1202 1606 principem
1227 1572 1290 1603 ﬂos,
1313 1577 1339 1598 et
1362 1572 1479 1605 Mosoch,
1504 1578 1530 1601 et
1551 1574 1660 1608 Thobel,
1675 1582 1701 1603 et

938 1614 1063 1648 propheta
1078 1622 1157 1648 super
1172 1623 1244 1646 eum,
1257 1616 1283 1641 3.
1302 1620 1329 1642 et
1345 1616 1387 1642 dic
1396 1616 1421 1643 ei
1436 1624 1442 1642 :
1462 1617 1521 1644 llazc
1534 1619 1597 1645 dicit
1611 1619 1700 1646 Domi-

937 1666 987 1684 nus
1010 1658 1138 1685 Dominus
1155 1668 1161 1685 :
1186 1658 1253 1686 Ecce
1269 1667 1317 1693 ego
1331 1667 1412 1694 super
1430 1664 1455 1688 te
1468 1660 1539 1696 Gog,
1554 1663 1698 1697 principem

937 1701 1001 1732 Rus,
1019 1702 1124 1729 Mosoch
1135 1707 1161 1729 et
1175 1703 1286 1735 Thobel,
1298 1704 1323 1730 4.
1340 1705 1373 1738 Χ
1387 1709 1413 1732 et
1426 1706 1602 1741 circumagam
1619 1712 1653 1739 te,
1673 1714 1699 1734 el

937 1746 1004 1773 dabo
1019 1745 1123 1773 frenum
1147 1747 1172 1773 in
1192 1748 1313 1775 maxillas
1326 1753 1385 1775 tuas
1402 1749 1426 1782 ζ,
1441 1755 1467 1776 et
1480 1753 1645 1785 congregabo
1663 1757 1699 1783 te.

935 1794 961 1815 et
975 1797 1080 1816 omnem
1097 1791 1219 1818 virtutem
1233 1795 1315 1822 tuam,
1328 1800 1422 1827 equos,
1437 1798 1462 1819 et
1471 1794 1573 1828 equites
1590 1797 1699 1823 vestitos

936 1832 1025 1859 loricis
1037 1840 1140 1865 omnes,
1155 1835 1387 1868 congregationem
1404 1837 1527 1868 multam,
1539 1838 1656 1871 clypeos.
1671 1845 1697 1865 et

934 1877 1032 1910 galeas,
1043 1882 1069 1904 et
1081 1878 1192 1910 gladios.
1203 1880 1236 1912 Χ
1247 1886 1339 1906 omnes
1352 1879 1378 1905 bi
1388 1880 1399 1913 ζ
1410 1880 1437 1906 5.
1447 1879 1543 1912 Persae,
1555 1886 1581 1908 et
1592 1881 1697 1909 Ethio-

935 1928 990 1954 pes,
1005 1925 1032 1948 et
1042 1921 1118 1955 Lydi,
1133 1926 1158 1947 et
1168 1921 1263 1957 Libyes
1276 1924 1308 1956 Χ
1325 1929 1385 1949 cum
1398 1923 1439 1950 eis
1452 1923 1462 1956 ζ
1480 1932 1487 1950 :
1503 1931 1594 1950 omnes
1604 1926 1696 1958 galeis,

934 1970 960 1992 ct
971 1965 1079 1999 clypeis,
1092 1965 1118 1992 6.
1130 1965 1237 1997 Gomcr,
1245 1970 1271 1992 et
1285 1973 1377 1993 omnes
1388 1967 1432 2001 qui
1445 1967 1512 2001 apud
1521 1975 1592 1999 eum,
1602 1969 1696 1995 domus

934 2007 1081 2043 Thergama
1095 2009 1128 2036 ab
1146 2013 1264 2036 extremo
1276 2010 1409 2044 aquilonis
1421 2031 1429 2044 ,
1446 2012 1482 2045 (ί)
1500 2016 1526 2038 et
1539 2014 1696 2046 omnesqui

933 2054 1002 2087 apud
1024 2060 1103 2085 eum,
1124 2058 1150 2080 et
1162 2059 1252 2088 gentes
1267 2055 1356 2081 multa
1373 2055 1408 2089 (g)
1419 2062 1478 2082 cum
1491 2063 1533 2082 eo.
1552 2056 1576 2082 7.
1593 2056 1695 2091 Praepa-

934 2105 1003 2128 rare,
1012 2105 1127 2131 praepara
1141 2098 1319 2132 temetipsum,
1333 2103 1372 2131 tu,
1385 2104 1411 2125 et
1425 2099 1514 2125 omnis
1525 2101 1695 2134 congregatio

933 2146 987 2172 tua,
1002 2142 1047 2175 qui
1064 2142 1165 2168 collecti
1181 2147 1243 2169 sunt
1256 2147 1354 2174 tecum,
1369 2147 1395 2170 et
1413 2143 1467 2169 eris
1481 2143 1545 2169 mihi
1568 2144 1594 2170 in
1605 2148 1695 2171 custo-

110 2190 151 2210 εις
161 2185 278 2212 invicem
294 2185 455 2218 tibimetipsi
471 2185 496 2211 in
510 2185 612 2219 virgam
628 2192 720 2217 unam,
734 2192 765 2213 +
778 2191 807 2212 ut
818 2186 883 2220 ligcs
900 2183 919 2210 D
933 2185 1014 2213 diam.
1026 2185 1053 2212 8.
1067 2185 1089 2211 A
1104 2186 1198 2212 diebus
1212 2186 1301 2213 multis
1314 2187 1515 2221 praeparabitur,
1532 2192 1558 2214 et
1569 2188 1594 2215 in
1608 2193 1695 2215 extre-

111 2233 151 2253 eas
166 2228 177 2261 ζ
190 2248 197 2259 ,
213 2233 243 2255 et
261 2227 384 2254 eruntin
399 2235 479 2254 manu
494 2233 550 2254 tua.
563 2227 605 2254 18.
621 2228 653 2254 Ει
666 2229 728 2260 erit,
739 2237 799 2256 cum
811 2230 884 2257 dixe-

111 2271 157 2297 rint
169 2272 202 2298 ad
218 2277 248 2299 te
262 2272 312 2298 lilii
329 2272 421 2306 populi
446 2272 483 2299 tui
497 2291 506 2304 ,
529 2273 563 2305 Χ
576 2272 694 2300 dicentes
711 2274 721 2307 ζ
739 2282 746 2299 :
762 2274 820 2300 Non
835 2283 885 2301 an-

110 2316 209 2344 uuutias
229 2317 323 2348 nobis,
341 2317 404 2349 quid
425 2317 479 2343 sint
497 2317 554 2343 lucc
577 2317 642 2343 tibi?
659 2318 698 2345 l9.
721 2318 753 2345 Et
764 2319 837 2346 dices
852 2320 884 2346 ad

108 2366 170 2387 eos:
187 2361 254 2388 Haec
270 2361 339 2387 dicit
356 2360 485 2387 Dominus
504 2361 633 2387 Dominus
651 2370 657 2388 :
672 2361 740 2389 Ecce
763 2370 812 2397 ego
837 2372 884 2391 su-

108 2411 171 2431 mam
193 2406 301 2432 tribum
328 2404 439 2438 Joscpb,
467 2412 529 2438 qua).
544 2404 571 2429 iu
592 2412 671 2431 manu
699 2406 831 2439 Ephrmm,
855 2412 882 2434 et

108 2449 185 2476 tribus
196 2450 321 2480 Israelis,
331 2456 391 2481 qme
405 2449 540 2481 adiunctae
551 2452 614 2473 sunt
626 2449 662 2481 ci,
673 2449 709 2482 (Ιι)
721 2455 747 2476 et
757 2450 824 2476 dabo
835 2458 880 2477 eos

107 2499 178 2526 super
190 2494 296 2520 tribum
312 2492 397 2523 Iudae,
415 2498 443 2519 et
458 2491 578 2518 eruntin
593 2491 695 2526 virgam
710 2500 802 2525 unam,
814 2496 881 2527 Χει

108 2543 177 2564 erunt
189 2545 277 2565 unum
298 2539 310 2571 ζ
334 2537 361 2563 in
377 2545 457 2563 manu
472 2535 562 2562 Judae.
575 2534 620 2561 20.
642 2536 677 2563 Et
699 2542 774 2564 erunt
791 2538 879 2572 virgae,

108 2587 180 2615 super
192 2583 298 2617 quibus
319 2587 346 2608 tu
364 2580 495 2615 scripsisti
520 2586 600 2611 super
616 2580 671 2613 eis,
692 2582 718 2609 in
739 2589 819 2608 mauu
834 2586 878 2609 tua

108 2630 187 2651 coram
206 2626 261 2653 eis.
278 2624 322 2650 21.
351 2623 384 2649 Ει
408 2624 481 2650 dices
501 2622 540 2647 eis
557 2628 563 2645 :
578 2620 646 2650 "me
663 2626 728 2652 dicit
751 2625 880 2653 Dominus

109 2666 246 2696 Dominus:
262 2668 332 2695 Ecce
347 2674 396 2701 ego
409 2673 487 2692 sumo
503 2671 604 2692 omnem
634 2668 750 2696 domum
777 2669 880 2697 Israelis

132 2742 167 2777 (ll)
191 2744 337 2772 Introduco
351 2742 377 2777 in
391 2749 446 2777 vus.
469 2737 560 2777 ,(flnsu
582 2740 658 2775 Tia,
673 2746 771 2771 virtus.

107 2771 236 2809 {arti-ibus
258 2777 330 2810 regia
346 2775 426 2810 Judae-
456 2771 549 2810 1(5)}.
561 2771 783 2805 aversionibus.

109 2804 142 2835 ilia
157 2804 337 2839 sustentacula
351 2808 414 2840 cjns.
453 2804 561 2837 (wCum
581 2811 621 2834 le-

810 2744 849 2781 (a)_
864 2746 904 2781 8.,
921 2750 947 2773 et
961 2753 1068 2781 ponam.

821 2779 860 2812 (ά)
872 2780 911 2810 8..
927 2786 954 2807 et
962 2779 1133 2807 "confirmabo
1148 2786 1204 2806 eos.

682 2813 722 2846 (In)
737 2812 781 2853 8.,
794 2813 894 2840 subito.
914 2813 972 2846 Th.,
990 2814 1059 2841 sicut
1070 2813 1158 2840 turbo.

932 2237 976 2255 mo
986 2237 1116 2255 annorum
1132 2230 1228 2262 veniet,
1244 2235 1271 2256 et
1287 2231 1373 2256 veniet
1383 2231 1408 2256 in
1426 2235 1533 2262 terram,
1554 2239 1613 2266 quae
1635 2240 1694 2266 pcr-

931 2281 1006 2300 versa
1019 2278 1059 2300 est
1072 2282 1086 2299 a
1104 2274 1199 2307 gladio,
1215 2279 1401 2308 congregatam
1413 2282 1444 2301 ex
1458 2276 1580 2308 gentibus
1592 2278 1694 2307 multis,

931 2326 1011 2352 super
1021 2322 1118 2344 terram
1130 2318 1243 2349 lsraelis,
1257 2325 1315 2352 quae
1328 2317 1397 2344 facta
1409 2323 1450 2345 est
1459 2319 1561 2346 deserta
1572 2321 1692 2351 omnino,

931 2366 958 2389 et
971 2362 1015 2389 hic
1028 2370 1059 2389 ex
1074 2363 1197 2397 gentibus
1211 2362 1292 2389 exivit
1303 2381 1311 2394 ,
1325 2367 1351 2389 et
1369 2363 1525 2390 habitabunt
1538 2372 1618 2397 super
1630 2372 1693 2398 pace

933 2414 1036 2434 omnes.
1052 2407 1078 2433 9.
1095 2407 1127 2433 Et
1143 2407 1270 2433 ascendes
1296 2406 1333 2441 (It)
1355 2407 1423 2434 sicut
1447 2408 1546 2441 pluvia,
1568 2412 1595 2434 et
1604 2409 1692 2435 venies

933 2450 1002 2476 sicut
1015 2451 1109 2481 nubes,
1126 2454 1152 2476 et
1166 2450 1269 2483 operies
1284 2454 1392 2482 terram,
1404 2455 1430 2477 et
1445 2450 1523 2477 cades
1536 2455 1574 2481 tu,
1589 2454 1615 2476 et
1634 2458 1693 2477 om-

933 2502 989 2525 nes,
1005 2494 1049 2527 qui
1064 2494 1132 2527 apud
1147 2498 1181 2523 te,
1198 2498 1224 2520 et
1237 2498 1328 2528 gentes
1345 2494 1433 2520 multa!
1447 2501 1508 2520 cum
1525 2498 1558 2520 te.
1574 2494 1615 2520 10.
1631 2492 1692 2521 Hac

931 2538 995 2565 dicit
1009 2537 1136 2564 Dominus
1149 2537 1277 2564 Dominus
1293 2537 1344 2564 :Et
1357 2538 1408 2564 erit
1420 2538 1446 2564 in
1463 2538 1505 2564 die
1520 2538 1566 2564 illo
1576 2557 1583 2569 ,
1598 2546 1693 2565 ascen-

930 2583 994 2610 dent
1007 2583 1086 2609 verba
1103 2589 1181 2616 super
1191 2590 1237 2609 cor
1246 2587 1331 2614 tuum,
1341 2587 1367 2609 et
1381 2582 1509 2617 cogitabis
1519 2582 1692 2617 cogitationes

931 2626 1024 2657 malas,
1040 2626 1082 2652 11.
1098 2630 1125 2652 et
1134 2625 1206 2653 dices
1219 2635 1226 2652 :
1238 2626 1385 2653 Aseendam
1399 2634 1478 2660 super
1488 2630 1584 2652 terram
1600 2627 1693 2660 expul-

931 2678 999 2701 sam,
1015 2670 1117 2697 veniam
1133 2677 1211 2703 super
1225 2670 1392 2704 quiescentes
1405 2670 1432 2696 in
1455 2670 1554 2704 quiete,
1576 2674 1602 2696 et
1612 2671 1692 2696 habi—

1110 2744 1146 2779 (6)
1167 2745 1207 2777 S.,
1219 2750 1244 2772 et
1260 2745 1328 2771 dabo
1342 2751 1464 2779 caseum
1479 2744 1533 2776 illa,
1553 2749 1581 2771 ut
1593 2745 1692 2770 intelli-

1243 2779 1275 2813 (ιε)
1290 2779 1332 2810 S.,
1343 2778 1445 2804 ordina.
1481 2779 1514 2811 (Γ)
1525 2778 1583 2810 'I'h.,
1595 2783 1622 2805 et
1634 2780 1692 2805 oui-
