3802 6372
557 327 694 386 2⁸117

1621 299 1839 360 CODEX
1882 289 2644 352 SYRIACO-HEXAPLARIS.
3550 267 3580 321 2

560 454 737 499 tantes
776 452 937 509 super
966 447 1098 506 pace
1118 474 1133 500 ,
1162 443 1348 486 omnes
1397 422 1759 478 inhabitantes
1788 425 2006 475 terram,
2038 412 2091 463 in
2120 412 2167 468 Α
2191 407 2375 461 dextra
2398 416 2510 468 tua,
2543 412 2597 458 et
2622 398 2869 469 dejiciam
2903 394 3030 450 ted.
3063 402 3228 460 super
3254 393 3432 445 ιηθηιεθ
3467 381 3580 437 ιθη⁴

2080 505 2088 509 .
2230 504 2241 509 -
2360 496 2371 509 ι
2469 502 2482 509 -
2584 501 2617 509 ν.
2661 504 2840 509 -_-__--
2894 485 2979 509 -..ζ
3010 482 3156 509 -.ι-..Ι
3188 489 3236 509 ιιι
3279 486 3321 509 Α.
3349 483 3515 509 omni“
3576 496 3580 509 l

562 547 670 602 qua
699 505 805 583 11011
831 505 913 583 est
932 505 1137 584 111111⁸118,
1163 532 1334 586 neque
1360 522 1559 575 νθειεε,
1577 519 1631 565 et
1651 517 1815 577 portae
1844 518 1949 556 non
1970 505 2097 554 sunt

456 680 473 691 ,
564 593 667 685 eis,
697 621 782 674 12.
811 618 879 673 ad
931 608 1304 683 captivandum
1359 602 1737 672 captivitatem,
1776 603 1830 649 et
1866 593 1929 646 ad
1962 602 2097 658 prae-

565 710 801 763 dandum
842 703 1086 773 pradam)
1107 709 1312 755 eorum,
1343 692 1409 745 ad
1433 684 1847 744 convertendum
1879 690 2096 732 manum

571 808 742 851 meam
777 772 1056 847 lntcrram
1104 783 1424 841 desolatam,
1481 791 1598 844 qua:
1636 772 1874 826 habitata
1907 778 2020 829 est,
2048 775 2102 818 et

572 898 731 952 super
756 888 962 950 gentem
993 881 1364 942 congregatam
1386 883 1451 921 ex
1485 864 1728 935 gentibus
1766 859 1968 918 multis,
2009 854 2101 923 qui

574 944 816 1026 fecerunt
846 964 1235 1035 possessiones,
1259 961 1324 1025 Χ
1357 967 1409 1011 et
1439 952 1842 1022 acquisitionem
1873 948 1920 1016 ζ,
1950 944 2103 998 habi-

573 1070 745 1114 tantes
768 1070 928 1125 super
955 1052 1268 1107 umbilicum
1305 1058 1478 1102 terrze.
1510 1045 1594 1097 l5.
1630 1041 1789 1104 Saba,
1822 1049 1875 1092 et
1898 1036 2102 1094 Dadan,

572 1158 628 1205 et
666 1147 1018 1216 negotiatores
1063 1139 1506 1207 Carthaginienses
1532 1172 1546 1195 ,
1576 1133 1635 1202 (ἱ)
1665 1139 1718 1185 et
1757 1142 1941 1183 omnes
1971 1125 2108 1179 villae

575 1248 763 1293 eorum
794 1236 971 1289 dicent
994 1231 1119 1284 tibi:
1143 1226 1510 1296 Captivitatem
1538 1222 1603 1276 ad
1628 1221 1890 1288 captivam
1918 1217 2112 1270 ducen-

578 1327 699 1381 dam
732 1323 980 1381 tu‘venis,
1015 1332 1067 1371 et
1098 1316 1163 1370 ad
1204 1309 1552 1383 praedandum
1581 1306 1852 1376 praedam:
1888 1314 2111 1368 congre-

581 1413 715 1483 gasti
743 1407 1205 1476 congregationem
1231 1412 1399 1463 tuam,
1426 1398 1491 1451 ad
1514 1392 2109 1457 tollendum'argentum

580 1510 635 1555 et
654 1512 867 1559 aurum,
898 1496 961 1548 ad
990 1490 1371 1561 acquirendum
1396 1483 1803 1554 acquisitionem
1823 1519 1837 1541 ,
1874 1478 1938 1531 ad
1976 1489 2111 1545 prae-

581 1586 813 1642 dandum
849 1582 1077 1650 praedam
1114 1582 1177 1645 )9:
1202 1576 1270 1645 (Ις)
1311 1588 1556 1642 magnam
1583 1573 1630 1638 ζ.
1661 1570 1747 1622 lt.
1771 1566 1991 1632 PrOpter
2015 1564 2115 1614 hoc

582 1677 856 1746 propheta,
893 1672 964 1724 Illi
1012 1668 1261 1729 hominis,
1295 1674 1347 1718 et
1386 1664 1471 1717 dic
1515 1661 1580 1715 ad
1635 1659 1788 1724 Gog:
1837 1654 1959 1707 Haec
1986 1651 2115 1704 dicit

2194 504 2247 551 et
2278 496 2436 550 cades
2468 502 2547 553 tu,
2571 501 2623 547 et
2654 504 2865 548 omnes,
2890 485 2981 554 qui
3010 482 3158 551 apud
3188 489 3253 542 te,
3279 486 3324 532 et
3349 483 3535 546 gentes,
3576 496 3580 521 α

2195 596 2315 635 cum
2349 590 2398 634 te
2423 618 2437 641 ,
2486 578 2757 631 dabuntur
2799 574 2853 627 in
2890 569 3286 625 multitudinem
3319 566 3479 618 avium
3504 600 3520 624 ,
3554 576 3580 615 ο

2196 669 2419 729 volucri,
2444 676 2496 720 et
2516 665 2765 720 omnibus
2794 662 2986 715 bestiis
3023 657 3204 724 campi
3231 654 3333 708 dedi
3377 662 3425 706 te
3465 651 3525 703 ad
3549 651 3579 703 d

2200 757 2445 810 randum.
2473 756 2523 809 5.
2554 755 2725 821 Super
2765 752 2905 804 facie
2935 747 3117 816 campi
3151 745 3320 805 cades.
3363 743 3478 811 quia
3501 756 3580 809 εις(

2200 852 2355 898 cutus
2388 858 2531 904 sum,
2559 842 2689 895 dicit
2729 838 2997 891 Dominus
3031 835 3301 888 Dominus.
3330 834 3377 885 6.
3423 830 3483 882 Et
3514 830 3580 882 mi

2203 932 2375 999 ignem
2404 942 2565 996 super
2608 926 2817 994 Magog,
2853 932 2907 976 et
2947 921 3326 975 habitabuntur
3364 917 3580 970 insule

2203 1033 2351 1087 pace,
2382 1027 2435 1070 et
2467 1016 2655 1078 scient,
2679 1013 2822 1082 quod
2850 1026 2952 1080 ego
2992 1026 3118 1063 sum
3157 1009 3416 1062 Dominus.
3453 1007 3505 1059 7.
3535 1006 3574 1058 E

2206 1122 2325 1161 men
2349 1115 2592 1160 sanctum
2616 1118 2792 1156 meum
2821 1102 3127 1155 innotescet
3160 1100 3215 1152 in
3247 1098 3409 1152 medio
3431 1097 3580 1165 popul

2206 1195 2439 1259 lsraelis,
2460 1204 2512 1249 et
2548 1208 2652 1247 non
2704 1192 2977 1260 polluetur
3036 1202 3236 1242 nomen
3280 1194 3513 1241 sanctum
3563 1203 3580 1239 ι

2209 1287 2457 1354 amplius,
2495 1292 2549 1337 et
2579 1282 2749 1337 scient
2781 1280 2854 1351 (ο)
2888 1278 3256 1347 gentes,un
3285 1292 3377 1345 ego
3419 1292 3537 1331 sum
3564 1277 3580 1329 Ι

2212 1391 2312 1427 nus
2340 1382 2560 1426 sanctus
2590 1371 2822 1425 lsraelis.
2856 1369 2909 1422 8.
2942 1367 3082 1421 Ecce
3119 1368 3283 1430 venit,
3313 1375 3365 1419 et
3412 1367 3569 1429 scies,

2200 1466 2332 1525 erit,
2372 1465 2501 1517 dicit
2534 1460 2609 1530 (p)
2641 1460 2900 1513 Dominus
2941 1459 3228 1511 Dominus.
3264 1456 3354 1509 Hic
3401 1465 3486 1509 est
3533 1456 3580 1508 di

2213 1569 2322 1621 quo
2354 1554 2560 1605 locutus
2581 1566 2721 1604 sum.
2741 1550 2793 1602 9.
2822 1547 3185 1617 Egredientur
3212 1548 3511 1600 habitantes
3529 1546 3580 1598 in

2216 1644 2317 1697 bus
2346 1642 2579 1701 lsraelis,
2614 1643 2677 1706 μ(
2714 1648 2768 1691 et
2796 1639 3089 1692 incendent
3127 1638 3149 1704 ζ
3187 1645 3239 1690 et
3267 1635 3580 1690 comburent

586 1725 844 1817 IDominus
877 1758 1134 1811 Dominus
1169 1753 1393 1805 :Nonne
1429 1752 1481 1803 in
1509 1751 1593 1803 die
1625 1748 1733 1810 illo,
1766 1758 1885 1798 cum
1911 1740 2119 1793 habita-
2151 1728 2192 1782 Β
2217 1731 2339 1793 mis,
2384 1730 2436 1782 in
2481 1728 2700 1797 clypeis,
2732 1736 2785 1781 et
2816 1728 2869 1780 in
2914 1727 3144 1789 lanceis,
3177 1736 3231 1779 ct
3260 1726 3311 1779 in
3344 1725 3580 1780 arcubus

587 1853 722 1904 verit
748 1848 969 1917 populus
999 1858 1150 1897 meus
1183 1841 1342 1895 Israel
1390 1852 1549 1906 super
1592 1849 1739 1903 pace,
1775 1828 1998 1898 surges?
2036 1826 2115 1879 15.

589 1939 653 1991 Et
678 1936 856 1990 venies
884 1949 948 1987 ex
974 1933 1089 1985 loco
1121 1940 1213 1983 tuo
1247 1928 1315 1981 ab
1336 1935 1575 1980 extremo
1597 1919 1880 1990 aquilonis,
1911 1924 1964 1971 et
1994 1928 2122 1984 gen-

588 2035 669 2081 tes
723 2024 901 2078 multae
948 2035 1069 2074 cum
1105 2028 1193 2071 te:
1249 2026 1561 2070 ascensores
1602 2023 1862 2079 equorum
1911 2017 2118 2067 omnes,

588 2113 929 2183 congregatio
961 2121 1171 2176 magna,
1190 2116 1241 2159 et
1265 2103 1432 2156 virtus
1459 2100 1644 2153 multa.
1666 2098 1750 2150 16.
1774 2095 1839 2147 Ει
1867 2091 2122 2146 ascendes

591 2181 751 2269 super
794 2198 1043 2267 populum
1097 2207 1272 2247 meum
1327 2189 1607 2250 lsraelem,
1656 2186 1795 2239 sicut
1827 2181 2014 2244 nubes,
2065 2185 2124 2230 ut

590 2291 802 2359 operias
844 2296 1080 2340 terram:
1116 2284 1169 2335 in
1199 2290 1439 2335 extremo
1474 2278 1681 2330 dierum
1708 2276 1830 2334 erit,
1875 2278 1930 2323 et
1956 2269 2125 2320 addu—

592 2395 707 2434 eam
736 2387 785 2430 te
812 2390 974 2444 super
1002 2384 1196 2426 terram
1228 2379 1395 2431 tuam,
1425 2376 1485 2421 ut
1512 2366 1684 2419 sciant
1713 2364 1911 2433 |omnes
1940 2366 2125 2427 gentes

593 2483 698 2525 me.
754 2478 877 2519 cum
939 2459 1303 2515 sanctilicatus
1356 2455 1508 2509 fuero
1568 2453 1623 2505 in
1677 2459 1729 2503 te
1773 2462 1952 2503 coram
1994 2446 2124 2507 eis,

596 2562 660 2624 χ
690 2556 802 2622 Gog
832 2555 878 2620 ζ.
914 2551 997 2605 17.
1038 2549 1162 2603 Haec
1206 2547 1337 2601 dicit
1383 2543 1641 2597 Dominus
1680 2539 1937 2593 Dominus
1974 2548 2035 2589 +
2061 2534 2124 2586 ad

595 2647 708 2713 Gog
735 2643 790 2711 ξι
819 2640 899 2694 Tu
927 2655 1008 2700 es,
1031 2640 1096 2691 de
1124 2651 1230 2705 quo
1255 2637 1464 2690 locutus
1485 2646 1602 2686 sum
1628 2638 1750 2681 ante
1780 2627 1912 2690 dies,
1952 2624 2043 2693 qui
2062 2623 2129 2676 ab

597 2738 838 2800 antiquo,
858 2745 950 2800 per
974 2741 1189 2781 manum
1242 2728 1792 2778 servorum'meorum
1848 2714 2131 2783 propheta-

600 2838 721 2877 rum
751 2817 981 2879 lsraelis,
1007 2819 1073 2882 ῖς(
1103 2813 1195 2883 qui
1222 2813 1246 2882 ζ
1272 2810 1656 2879 prophetarum
1683 2806 1737 2858 in
1778 2805 1966 2858 diebus
1990 2801 2128 2865 istis,

600 2920 653 2965 et
682 2912 857 2971 annis,
898 2913 957 2959 ut
992 2904 1310 2957 adducerem
1349 2907 1400 2951 te
1421 2911 1581 2964 super
1609 2909 1725 2948 eos.
1750 2892 1835 2945 l8.
1865 2891 1929 2944 Et
1956 2892 2059 2944 erit
2078 2890 2131 2942 in

2216 1818 2443 1888 sagittis,
2473 1826 2525 1869 et
2548 1818 2600 1870 in
2631 1817 2837 1870 baculis
2863 1830 3149 1879 manuum,
3181 1815 3307 1868 etin
3336 1816 3536 1879 hastis,
3574 1836 3580 1865 ι

2217 1908 2444 1961 cendent
2465 1906 2518 1959 in
2547 1905 2627 1959 eis
2656 1905 2832 1973 ignem
2870 1913 3078 1972 septem
3111 1906 3291 1967 annis,
3330 1906 3419 1957 10.
3467 1915 3521 1958 et
3555 1921 3580 1957 ιι

2219 2006 2364 2051 ment
2396 1997 2536 2062 ligna
2559 2008 2623 2047 ex
2669 2006 2884 2061 campo,
2912 2007 3092 2060 neque
3123 1994 3332 2047 caedent
3366 2008 3433 2046 ex
3484 1994 3580 2048 silv

2220 2099 2366 2138 arma
2400 2085 2718 2138 comburent
2744 2081 2901 2150 igne:
2934 2090 2987 2135 et
3016 2082 3263 2149 captivos
3295 2082 3503 2137 dutxant
3549 2084 3580 2135 b

2222 2174 2459 2241 captivos
2507 2171 2784 2224 duxerunt
2833 2183 2950 2231 eos,
2986 2181 3042 2223 et
3094 2171 3498 2238 prazdabuntur
3530 2174 3580 2225 1ι‹

2223 2263 2439 2328 praedati
2478 2270 2605 2317 sunt
2634 2276 2748 2324 eos,
2797 2260 2931 2315 dicit
2980 2260 3252 2316 Dominus
3293 2261 3580 2317 Dominus.

2223 2351 2324 2405 erit
2351 2350 2404 2403 in
2438 2350 2525 2403 die
2554 2349 2664 2409 illo,
2695 2349 2837 2402 dabo
2867 2348 2981 2417 Gog
3010 2348 3193 2403 locum
3222 2351 3580 2406 nominatum

2225 2452 2375 2493 crum
2401 2438 2455 2489 in
2489 2436 2684 2490 lsraele
2708 2436 2780 2505 (q)
2828 2438 3076 2505 sepulcra
3107 2452 3325 2502 eorum,
3369 2443 3469 2509 qui
3500 2458 3580 2496 εει

2226 2544 2388 2597 super
2421 2545 2537 2584 eam
2571 2545 2689 2599 quae
2713 2525 2855 2594 apud
2888 2542 3061 2589 mare,
3096 2536 3153 2578 et
3174 2527 3580 2585 editicabunti

2228 2621 2337 2674 lum
2370 2620 2449 2674 ori
2472 2620 2649 2674 vallis.
2675 2620 2761 2672 12.
2795 2621 2864 2689 (r)
2888 2621 2956 2673 Et
2981 2620 3266 2676 defodient
3301 2639 3438 2678 eum
3489 2627 3570 2679 ibi

2228 2724 2439 2763 omnem
2482 2708 2879 2763 multitudinem
2908 2711 3052 2778 ejus,
3080 2720 3139 2765 et
3190 2714 3501 2770 vocabitur
3548 2716 3580 2769 Ἰ

2230 2798 2399 2865 pulcri
2432 2796 2564 2867 Gog.
2600 2797 2684 2851 l5.
2717 2797 2783 2851 Et
2807 2797 3091 2853 defodient
3121 2815 3223 2855 eos
3250 2802 3467 2858 domus
3494 2805 3580 2860 lsr

2233 2887 2519 2941 mundetur
2547 2899 2692 2941 terra
2734 2888 2787 2940 in
2816 2897 3024 2957 septem
3079 2892 3408 2957 mensibus,
3467 2905 3531 2949 et
3567 2914 3580 2948 ι

602 2998 688 3052 die
724 2996 855 3059 illo,
907 2994 958 3045 in
993 2990 1079 3043 die
1107 3029 1121 3053 ,
1174 3003 1281 3057 quo
1313 2984 1516 3037 venerit
1551 2981 1665 3048 Gog
1722 2993 1881 3046 super
1939 2985 2131 3069 terram
2161 3013 2203 3069 Ο
2234 2990 2327 3030 eos
2351 2978 2529 3031 omnis
2558 2978 2788 3045 populus
2811 2986 2990 3040 terrae,
3018 2988 3075 3033 et
3096 2981 3206 3034 erit
3238 2982 3324 3036 eis
3359 2983 3422 3036 in
3462 2987 3580 3039 cele

605 3085 833 3143 lsraelis,
869 3082 998 3135 dicit
1046 3078 1302 3130 Dominus
1359 3072 1635 3132 Dominus,
1693 3066 1941 3120 ascendet
1988 3063 2137 3116 furor
2169 3063 2203 3069 ’
2235 3064 2370 3127 dies,
2395 3080 2503 3133 quo
2530 3065 2859 3134 glorilicatus
2886 3082 3032 3130 sum,
3070 3070 3205 3123 dicit
3236 3071 3541 3128 Dominus
3572 3076 3580 3127 i

605 3189 757 3231 meus
779 3176 844 3240 χ
865 3173 917 3224 ἰιι
949 3170 1027 3222 ira
1051 3180 1166 3220 mea
1192 3163 1344 3230 1,19.
1368 3169 1421 3214 et
1453 3160 1599 3212 zelus
1630 3171 1802 3218 meus,
1822 3156 1874 3208 in
1901 3154 2022 3222 igne
2048 3152 2140 3205 ira:

606 3280 740 3318 mea:
784 3263 994 3315 locutus
1024 3270 1163 3316 sum,
1197 3251 1296 3305 nisi
1329 3250 1381 3303 in
1425 3249 1511 3302 die
1557 3247 1648 3300 illo
1702 3245 1806 3298 erit
1852 3242 2139 3296 commotio

608 3363 800 3417 magna
827 3358 983 3413 super
1009 3352 1149 3395 terra
1174 3337 1401 3401 lsraelis,
1432 3334 1519 3389 20.
1541 3342 1593 3387 et
1614 3331 2091 3386 commovebuntur
2108 3342 2139 3381 a

611 3437 744 3491 facie
770 3435 831 3503 (ι)
864 3446 980 3486 mea
1025 3432 1199 3499 pisces
1223 3425 1404 3484 maris,
1429 3434 1481 3477 et
1509 3423 1749 3475 volucres
1786 3419 1926 3482 caeli,
1966 3426 2020 3471 et
2047 3417 2142 3470 be-

610 3526 726 3581 stia:
754 3521 946 3589 campi,
977 3530 1027 3571 et
1058 3531 1214 3570 omne
1239 3514 1442 3583 reptile,
1472 3512 1611 3579 quod
1637 3510 1771 3578 repit
1799 3524 1958 3576 super
1981 3517 2139 3569 terra,

608 3625 663 3669 et
693 3626 877 3667 omnes
899 3608 1161 3669 homines,
1190 3606 1278 3673 qui
1312 3619 1469 3672 super
1495 3602 1629 3655 facie
1648 3610 1822 3663 terrae,
1857 3610 1911 3653 et
1938 3599 2143 3652 discer-

612 3711 801 3773 pentur
824 3707 1051 3761 montes,
1076 3704 1129 3748 et
1156 3695 1347 3748 cadent
1369 3695 1461 3759 (γη)
1493 3691 1671 3754 valles,
1696 3689 1935 3743 ctomnis
1959 3701 2145 3740 murus

613 3805 773 3860 super
802 3799 997 3841 terram
1024 3784 1178 3837 cadet
1212 3782 1339 3836 εει.
1382 3790 1434 3833 et
1465 3780 1665 3833 vocabo
1698 3792 1856 3846 super
1878 3792 1999 3830 eum
2026 3790 2147 3828 om-

616 3893 735 3933 nem
780 3876 1118 3930 formidinem
1180 3871 1335 3940 gladii
1368 3873 1434 3936 Ἃ(
1477 3869 1533 3921 in
1578 3868 1828 3921 omnibus
1878 3865 2149 3920 montibus

618 3968 753 4021 meis
785 3965 833 4033 ζ,
875 3964 1004 4016 dicit
1048 3959 1305 4012 Dominus
1340 3958 1633 4009 Dominus:
1673 3955 1877 4023 gladius
1914 3952 2147 4005 hominis

620 4067 782 4123 super
806 4051 1031 4104 fratrem
1044 4062 1197 4101 suum
1220 4046 1338 4100 erit.
1359 4044 1447 4097 22.
1473 4043 1795 4112 Etjudicabo
1817 4058 1937 4096 cum
1958 4051 2147 4105 morte,

621 4155 675 4199 et
702 4140 981 4211 sanguine,
1013 4144 1066 4190 et
1095 4136 1269 4204 pluvia
1295 4136 1603 4197 inundante,
1629 4141 1682 4186 et
1708 4132 1967 4200 lapidibus
1991 4148 2150 4201 gran-

622 4236 768 4289 «linis
822 4238 877 4282 et
923 4229 1120 4294 ignem,
1167 4231 1221 4276 et
1257 4223 1480 4289 sulphur
1516 4221 1695 4288 pluere
1748 4220 1940 4274 faciam
1992 4234 2153 4288 super

2238 3154 2323 3207 14.
2356 3153 2417 3207 Ει
2438 3155 2580 3209 viros
2604 3170 2815 3223 semper
2847 3168 3159 3223 secernent,
3194 3164 3292 3227 qui
3334 3164 3580 3219 circum

2239 3255 2375 3305 ram,
2415 3249 2473 3294 ut
2521 3243 2781 3309 sepeliant
2820 3246 2887 3310 Χ
2935 3261 3060 3298 cum
3112 3249 3576 3308 circumeuntib

2238 3331 2329 3398 qui
2359 3332 2711 3385 remanserint
2734 3348 2895 3400 super
2922 3333 3061 3388 facie
3091 3346 3281 3403 terras,
3336 3353 3409 3394 ut
3440 3359 3579 3397 min

2239 3430 2356 3489 post
2387 3430 2586 3487 septem
2615 3435 2850 3482 menses,
2873 3432 2926 3474 et
2956 3434 3231 3490 quaerent.
3280 3428 3388 3482 15.
3437 3429 3580 3485 Οιῐιι

2241 3519 2430 3563 euntes
2460 3519 2676 3573 terram,
2709 3519 2760 3563 et
2788 3527 2912 3565 cum
2949 3514 3150 3568 viderit
3189 3531 3258 3571 os
3296 3518 3580 3576 hominis

2242 3599 2318 3654 bit
2355 3599 2494 3666 apud
2527 3600 2674 3651 illum
2706 3600 2945 3667 signum,
2978 3602 3158 3658 donec
3188 3608 3516 3673 sepeliant
3553 3615 3571 3665 i

2246 3689 2502 3743 lie’ntesin
2521 3687 2684 3742 Terra
2712 3690 2947 3757 sepulcri
2968 3691 3107 3760 Gog.
3140 3693 3234 3748 16.
3274 3696 3544 3754 Etenim

2243 3778 2328 3832 bis
2355 3781 2420 3847 (ε)
2451 3777 2764 3847 Sepulcrum
2799 3796 2813 3832 :
2845 3788 2900 3833 et
2929 3782 3310 3838 mandabitur
3351 3797 3571 3846 terra.

2248 3869 2319 3920 iiIi
2347 3869 2600 3931 hominis,
2627 3870 2739 3922 lucc
2764 3869 2895 3923 dicit
2915 3869 3191 3927 Dominus
3225 3875 3571 3935 Dominus

2247 3955 2331 4008 avi
2364 3955 2585 4018 volatili,
2611 3965 2664 4010 et
2695 3955 2761 4007 ad
2798 3971 2991 4010 omnes
3018 3958 3236 4014 bestias
3280 3968 3520 4036 campi
3564 3987 3580 4020 :

2248 4044 2400 4104 mini,
2437 4053 2490 4096 et
2522 4045 2718 4105 venite,
2748 4048 3162 4114 congregamini
3190 4051 3273 4102 ah
3302 4058 3580 4110 omnibi

2250 4134 2552 4194 circuitum,
2582 4147 2742 4201 super
2770 4133 3049 4187 victimam
3079 4152 3307 4205 meam,
3352 4157 3580 4211 quam

2252 4222 2354 4274 lavi
2390 4222 2563 4283 vobis,
2603 4221 2873 4273 victimam
2911 4238 3169 4292 magnam
3209 4243 3433 4298 super
3476 4253 3579 4290 ιιι(

626 4334 769 4380 eum,
801 4325 854 4370 et
873 4323 1035 4385 super
1072 4326 1279 4374 omnes,
1310 4312 1395 4379 qui
1428 4325 1545 4363 cum
1572 4325 1655 4373 eo,
1688 4319 1741 4364 et
1773 4321 1932 4378 super
1970 4317 2152 4378 gentes
2182 4309 2224 4363 D
2254 4313 2341 4374 lis,
2379 4320 2432 4365 et
2458 4312 2751 4365 comedetis
2790 4325 3010 4376 carnes,
3041 4325 3097 4367 et
3128 4317 3368 4374 bibctis
3406 4340 3580 4397 san;

629 4408 824 4462 multas
855 4416 976 4459 cum
1002 4416 1085 4456 eo.
1115 4400 1201 4453 25.
1232 4396 1293 4451 Et
1331 4398 1726 4466 niaguillcabor,
1776 4410 1828 4453 et
1855 4397 2154 4452 sanctiﬁca-

628 4500 744 4560 bor,
778 4509 840 4551 -ο-
865 4502 919 4548 et
950 4492 1288 4562 gloriﬁcabor
1314 4491 1359 4556 ζ,
1392 4498 1444 4541 et
1472 4489 1796 4542 iunotescam
1820 4503 1997 4543 coram
2028 4505 2154 4559 gen-

579 4644 587 4652 ,
628 4591 771 4645 tibus
800 4585 1001 4644 multis,
1032 4589 1086 4636 et
1118 4582 1306 4644 scient,
1338 4580 1478 4649 quod
1522 4594 1621 4647 ego
1647 4594 1764 4633 sum
1809 4580 2083 4634 Dominus.

696 4679 829 4748 Cap.
859 4670 1101 4728 XXXIX.
1129 4700 1198 4711 —-
1226 4671 1275 4724 1.
1322 4670 1386 4723 Et
1413 4681 1490 4734 tu,
1521 4669 1592 4722 liii
1615 4669 1863 4735 hominis,
1900 4671 2154 4739 propheta

631 4783 794 4838 super
819 4760 953 4834 cog,
988 4772 1041 4815 et
1066 4762 1152 4815 dic
1182 4779 1196 4814 :
1230 4758 1354 4812 Haec
1389 4758 1517 4812 dicit
1567 4756 1823 4812 Dominus
1850 4758 2105 4811 Dominus
2137 4772 2152 4810 :

631 4858 768 4913 Ecce
798 4869 896 4922 ego
918 4868 1079 4921 super
1105 4860 1174 4914 te,
1199 4849 1330 4915 Gog,
1355 4847 1642 4916 principem
1681 4847 1812 4911 Rus,
1842 4847 2077 4910 Mosoch,
2107 4856 2160 4901 et

633 4943 854 5007 'l‘hobel,
888 4943 941 4994 Ξ.
979 4949 1034 4994 et
1070 4940 1398 5008 congregatio
1427 4947 1497 5003 te,
1523 4946 1574 4990 et
1602 4937 1862 4991 deducam
1892 4947 1969 5001 te,
2001 4947 2052 4990 et
2077 4936 2159 4990 la-

636 5035 771 5088 ciam
797 5031 1082 5086 ascendere
1104 5038 1154 5083 te
1175 5029 1241 5082 ab
1258 5037 1494 5082 extremo
1524 5027 1806 5095 aquilonis,
1828 5037 1880 5080 et
1903 5029 2158 5081 adducam

638 5132 689 5177 te
734 5134 891 5189 super
937 5128 1144 5172 montes
1173 5116 1401 5171 israclis.
1434 5117 1487 5170 '5.
1518 5119 1593 5183 (η)
1630 5115 1693 5168 Et
1734 5117 1949 5184 perdam
1978 5132 2160 5170 arcum

640 5219 790 5263 tuum
811 5207 876 5260 de
895 5221 1054 5259 manu
1076 5216 1162 5259 tua
1189 5205 1425 5267 sinistra,
1452 5214 1504 5257 et
1532 5203 1750 5271 sagittas
1776 5212 1892 5255 tuas
1918 5204 1982 5256 de
2004 5217 2163 5255 manu

711 5318 774 5383 (ί)
810 5314 890 5375 5.,
931 5323 985 5366 et
1012 5328 1196 5368 omnes
1223 5316 1510 5383 perniciosi
1541 5314 1722 5365 leones
1748 5313 1883 5380 ejus.

644 5382 820 5453 (ἢδη
847 5390 900 5433 et
926 5382 1239 5453 excutiam.’
1286 5385 1357 5451 (0)
1375 5388 1590 5437 Omnes.

648 5448 926 5519 transitus.
1029 5450 1097 5515 (r)
1133 5448 1468 5519 Etsepelient
1514 5466 1654 5505 eum.

648 5515 1015 5587 pulchrorum.

1696 5384 1767 5452 (p)
1795 5382 2017 5452 Adonei.

1979 5313 2050 5380 (It)
2083 5313 2161 5378 8.,
2204 5318 2391 5367 multa.

2109 5384 2181 5461 ((1)
2205 5381 2286 5461 _S-.
2317 5381 2520 5461 iulio-nr
2549 5393 2871 5443 lrausituum
2908 5381 2980 5447 ξω

1749 5447 1816 5519 (ε)
1861 5447 1943 5513 S.,
1986 5447 2283 5505 intuitititdo.
2316 5450 2436 5517 Th.,
2475 5454 2608 5513 lleb.
2649 5462 2851 5514 Aniena

2255 4404 2454 4458 Carnes
2488 4405 2761 4472 gigantum
2797 4404 3118 4469 comedetis,
3161 4417 3224 4462 et
3289 4423 3569 4485 sangui

2256 4509 2381 4563 pum
2412 4502 2568 4546 terrae
2599 4492 2814 4553 bibetis,
2843 4495 3069 4557 arietes,
3120 4506 3177 4551 et
3206 4500 3523 4569 vitulos,
3577 4534 3579 4553 ι

2257 4598 2454 4653 agnos,
2492 4585 2553 4651 (ι)
2588 4591 2639 4635 et
2668 4582 3085 4653 vituli‘pingues
3121 4601 3393 4654 omnes,
3440 4599 3569 4653 19,

2259 4676 2328 4728 tis
2362 4672 2573 4740 adipem
2607 4672 2671 4724 ad
2699 4672 3063 4739 saturitatem,
3092 4684 3149 4730 et
3178 4678 3460 4740 bibetis
3517 4706 3580 4744 s:

2262 4760 2573 4814 ebrietatem
2606 4759 2669 4811 de
2692 4759 2910 4813 victima
2949 4777 3096 4829 mea,
3144 4783 3360 4838 quam
3410 4777 3580 4833 imn

2260 4852 2349 4905 20.
2370 4849 2426 4902 Et
2450 4849 2796 4918 implebimini
2816 4866 2982 4920 super
3003 4869 3207 4913 mensa
3241 4877 3413 4919 mea
3429 4905 3452 4929 ,
3493 4884 3580 4939 eq

2264 4954 2458 5001 soreni,
2518 4938 2823 5002 robustum,
2875 4950 2931 4993 et
2989 4957 3229 5002 onmem
3303 4953 3573 5011 virum

2266 5028 2391 5117 dicit
2418 5027 2673 5081 Dominus
2702 5025 2988 5085 Dominus.
3018 5032 3115 5090 21.
3147 5037 3229 5094 Et
3272 5042 3486 5099 dabo
3520 5050 3580 5117 gl

2266 5116 2320 5167 in
2349 5117 2590 5206 vobis,th
2612 5116 2871 5171 videbunt
2900 5136 3099 5178 omnes
3124 5142 3376 5198 gentes
3409 5116 3580 5206 διιάί

2273 5204 2413 5270 quod
2442 5205 2563 5260 feri.
2586 5217 2639 5258 et
2661 5221 2880 5260 manum
2908 5226 3117 5281 meam,
3148 5234 3379 5288 quam
3413 5204 3580 5284 indi

2466 5318 2801 5399 (l)ADoniini.
2909 5326 3008 5399 (nt)
3040 5329 3133 5392 8..
3174 5342 3580 5399 valleculm

3014 5403 3261 5472 Oriente
3321 5419 3580 5472 utaris

2862 5502 2874 5514 ·
2978 5465 3046 5535 (ﬂ
3091 5469 3193 5540 δι,
3246 5465 3580 5543 Vitta—fon":
