3874 6348
861 405 1001 460 2755

1934 378 2157 436 CODEX
2199 366 2975 431 SYRIAllOoliEXAPLARlS.

862 531 920 573 et
949 514 1237 572 secundum
1272 509 1330 577 (ἰ)
1359 504 1515 563 ostia,
1550 515 1667 567 quae
1709 514 1737 551 a
1776 496 2038 565 principio
2083 489 2397 548 atnbnlacri,
2431 495 2468 545 Α
2502 485 2595 536 dio
2630 482 2820 535 domus
2852 475 3071 577 lsraelis
3101 473 3157 526 in
3198 465 3504 577 sem-pile

869 619 1041 672 usque
1063 604 1125 654 ad
1152 601 1325 651 lumen
1352 589 1604 644 momenti
1620 585 1831 644 calami,
1855 592 1905 635 et
1934 596 2123 633 versus
2140 578 2397 630 orientem

869 666 1379 758 ad-ingrediemltnn
1428 693 1588 745 super
1624 676 1710 728 iis.
1748 674 1832 726 15.
1866 670 1931 723 Ει
1957 669 2092 721 dixit
2146 666 2211 718 ad
2265 677 2348 716 me
2384 680 2397 715 :

871 753 1091 834 Εκθάτῷ
1120 787 1239 841 quae
1269 770 1335 823 ad
1362 766 1668 834 aquilonem
1697 801 1710 823 ,
1743 769 1795 813 et
1826 759 2032 812 exedra
2060 770 2179 823 qua:
2214 753 2277 805 ad
2306 767 2403 804 au-

872 879 1041 921 strum
1068 903 1081 926 ,
1109 876 1227 929 quae
1262 866 1385 911 sunt
1413 868 1599 908 versus
1632 851 1821 904 faciem
1856 845 2255 898 intervallorum
2279 879 2293 903 ,
2324 841 2403 892 hae

873 964 996 1008 sunt
1031 951 1235 1004 exedra:
1282 942 1583 998 Sanctuarii
1610 980 1624 1003 ,
1662 940 1715 991 in
1758 937 1949 1005 quibus
2002 932 2283 987 comedent
2330 929 2402 981 ibi

874 1041 1199 1100 sacerdotes,
1231 1037 1319 1089 filii
1350 1034 1582 1093 Sadduc,
1614 1028 2099 1096 appropinquantes
2123 1022 2189 1074 ad
2222 1018 2400 1071 Domi-

874 1144 1019 1191 num,
1053 1129 1104 1179 in
1154 1126 1346 1177 Sancta
1374 1119 1691 1173 Sanctorum
1716 1152 1729 1177 ,
1758 1123 1811 1166 et
1849 1114 1921 1165 ibi
1960 1118 2162 1179 ponent
2206 1108 2402 1161 Sancta

876 1218 1214 1278 Sanctorum,
1247 1222 1299 1265 et
1330 1207 1648 1265 sacrificium
1671 1245 1685 1269 ,
1710 1213 1763 1257 et
1795 1218 1913 1271 qttze
1941 1215 2035 1269 pro
2069 1206 2309 1267 peccato,
2351 1204 2405 1247 et

874 1324 993 1373 qua:
1049 1320 1145 1373 pro
1188 1299 1519 1371 ignorantia,
1568 1296 1695 1365 quia
1741 1295 1891 1346 locus
1927 1296 2145 1344 sanctus
2176 1296 2277 1339 est.
2312 1284 2401 1338 14.

875 1393 990 1448 Non
1016 1392 1379 1461 ingredientur
1407 1388 1531 1440 illuc
1557 1391 1744 1453 prteter
1773 1378 2095 1439 sacerdotes,
2126 1389 2229 1427 non
2252 1386 2404 1441 egre-

878 1484 1091 1538 dientur
1134 1495 1194 1533 ex
1238 1476 1554 1539 Sanctuario
1605 1473 1658 1525 in
1694 1470 1889 1522 atrium
1932 1464 2201 1526 exterius,
2231 1474 2292 1515 -ι-
2348 1468 2407 1511 ut

879 1588 1087 1638 semper
1113 1570 1283 1624 sancti
1301 1569 1426 1629 sint,
1451 1564 1541 1633 qui
1563 1564 1792 1616 offerunt
1817 1560 1839 1627 ζ
1863 1576 1875 1610 :
1908 1557 1976 1624 (It)
1997 1567 2048 1608 et
2073 1568 2175 1607 non
2194 1556 2408 1618 tangent

880 1664 1045 1717 stolas
1076 1674 1286 1717 eorum,
1310 1655 1506 1723 quibus
1528 1652 1834 1703 ministrant
1860 1648 1911 1697 in
1942 1645 2038 1704 eis,
2071 1643 2195 1709 quia
2226 1649 2403 1693 sancta

881 1761 1006 1806 sunt
1041 1767 1055 1801 :
1097 1758 1148 1801 et
1190 1748 1408 1799 induent
1432 1742 1744 1794 vestimenta
1778 1736 1878 1789 alia
1904 1772 1921 1798 ,
1946 1732 2158 1801 quando
2194 1737 2408 1797 tangent

882 1838 1155 1907 populum.
1178 1834 1261 1887 15,
1287 1832 1351 1884 Ει
1379 1835 1743 1883 consunnnala
1764 1831 1844 1875 est
1866 1818 2190 1895 mensuratio
2218 1816 2408 1867 domus

884 1903 1222 1979 intrinsecus.
1258 1919 1321 1971 Et
1352 1916 1530 1971 eduxit
1559 1928 1644 1966 me
1678 1924 1835 1977 super
1880 1908 1963 1960 via
1997 1914 2165 1975 porta:
2190 1944 2202 1967 ,
2238 1903 2409 1969 respi-

885 2015 1072 2068 cientis
1106 2012 1168 2064 ad
1206 2008 1461 2063 orientem
1488 2043 1503 2067 ,
1542 2010 1596 2055 et
1641 2012 1857 2052 mensus
1884 2006 1964 2049 est
1990 1994 2286 2061 exemplum
2319 1992 2413 2044 do-

886 2116 1005 2156 ntus
1049 2094 1393 2151 circumcirca
1436 2091 1496 2142 in
1543 2086 1748 2141 ordine.
1806 2084 1891 2136 16.
1940 2081 2001 2134 Et
2036 2081 2179 2134 stetit
2230 2092 2413 2130 versus

885 2198 1124 2244 austrum
1152 2190 1333 2251 portae,
1366 2175 1695 2245 respicientis
1717 2172 1781 2225 ad
1807 2172 2088 2233 orientem,
2116 2176 2168 2220 et
2198 2178 2415 2218 mensus

885 2286 967 2331 est
996 2274 1313 2342 quingentos
1349 2268 1401 2319 in
1441 2265 1646 2329 calamo
1673 2272 1957 2312 mensum.
1989 2256 2076 2309 17.
2117 2255 2177 2306 Et
2207 2268 2263 2308 se
2293 2266 2415 2306 ver-

888 2365 952 2416 tit
978 2341 1041 2414 ad
1074 2356 1405 2426 aquilonem,
1425 2361 1477 2405 et
1500 2362 1719 2403 mensus
1734 2356 1815 2401 est
1842 2344 2055 2413 idquod
2078 2351 2198 2396 ante
2226 2341 2415 2394 faciem

885 2448 1148 2518 aquilonis
1173 2484 1187 2509 ,
1222 2445 1431 2499 cubitos
1459 2442 1779 2511 quingentos
1808 2439 1861 2492 in
1894 2437 2099 2491 calamo
2131 2447 2414 2488 mensuras.

888 2540 974 2591 18.
1008 2539 1073 2590 Et
1110 2550 1167 2589 se
1194 2534 1349 2587 vertit
1372 2533 1435 2585 ad
1475 2544 1619 2583 mare
1642 2570 1657 2593 ,
1688 2538 1740 2582 et
1770 2541 1986 2581 mensus
2017 2534 2099 2578 est
2122 2523 2258 2592 quod
2301 2536 2419 2574 ver-

889 2640 984 2678 sus
1014 2623 1202 2676 faciem
1238 2620 1402 2671 maris
1425 2655 1439 2679 ,
1484 2617 1802 2684 quingentos
1836 2614 1887 2666 in
1929 2613 2131 2665 calamo
2158 2620 2420 2663 mensura:

891 2714 956 2778 ζ(
988 2725 1081 2777 per
1114 2708 1396 2761 circuitum
1438 2704 1490 2769 ζ.
1521 2696 1614 2756 19.
1651 2703 1712 2755 Et
1758 2717 1816 2756 se
1849 2702 2007 2753 vertit
2034 2701 2098 2752 ad
2144 2708 2417 2759 austrum,

891 2807 944 2851 et
967 2809 1183 2861 mensus
1199 2802 1278 2845 est
1298 2806 1485 2844 versus
1506 2801 1767 2851 austrum,
1792 2789 2110 2854 quingentos
2142 2787 2194 2837 in
2217 2785 2421 2837 calamo

892 2896 1158 2937 mensurae
1185 2918 1199 2943 ,
1230 2879 1318 2931 20.
1363 2878 1416 2930 in
1445 2885 1669 2945 quatuor
1713 2889 1840 2927 vero
1876 2882 2052 2941 partes
2093 2886 2310 2926 mensus
2341 2879 2423 2924 est

892 2972 1077 3025 eodem
1104 2967 1309 3022 calamo
1336 2983 1348 3018 :
1376 2975 1427 3017 et
1455 2964 1717 3031 disposuit
1741 2963 1934 3030 ipsum,
1958 2970 2010 3013 et
2035 2972 2210 3027 sepem
2236 2972 2421 3012 eorum

893 3075 986 3129 per
1018 3057 1324 3118 circuitum,
1357 3053 1768 3121 quingentorum
1802 3050 2105 3103 cubitorum
2141 3048 2204 3101 ad
2237 3049 2421 3101 orien-

895 3138 999 3201 tein
1020 3186 1035 3211 ,
1069 3155 1123 3199 et
1162 3143 1572 3212 quingentorum
1605 3138 1903 3191 cubitorum
1951 3135 2286 3188 latitudinem
2308 3174 2322 3199 ,
2356 3134 2422 3186 ad

895 3231 1327 3300 distinguendum
1365 3229 1504 3280 inter
1542 3226 1736 3278 Sancta
1770 3234 1822 3279 et
1869 3224 2009 3277 inter
2054 3222 2421 3285 antemurale,

897 3323 1039 3391 quod
1068 3318 1271 3372 ordinis
1304 3318 1514 3369 domus.

965 3411 1097 3477 Cap.
1128 3405 1306 3460 XLlll.
1341 3434 1409 3444 —-
1448 3404 1497 3456 1.
1534 3401 1598 3454 Et
1642 3401 1863 3454 adduxit
1903 3414 1986 3453 me
2019 3413 2177 3468 super
2218 3409 2423 3467 portam

900 3497 1267 3565 respicientem
1315 3494 1368 3544 in
1399 3493 1680 3551 orientem,
1718 3502 1777 3542 σι-
1804 3498 1854 3541 et
1884 3487 2033 3541 duxit
2078 3503 2161 3540 tne
2199 3488 2245 3552 ζ.
2276 3485 2329 3538 2.
2360 3485 2426 3538 Ει

899 3600 1023 3639 ecce
1059 3584 1225 3653 gloria
1276 3580 1367 3635 Dei
1413 3579 1622 3633 lsraelis
1663 3578 1906 3631 veniebat
1941 3591 2099 3644 super
2136 3577 2219 3628 via
2256 3586 2426 3644 portae

902 3674 1235 3743 respicientis
1278 3685 1461 3725 versus
1522 3670 1816 3730 orientem,
1864 3676 1914 3720 et
1949 3681 2049 3719 vox
2105 3674 2424 3729 castrorum,

902 3767 1041 3816 sicut
1066 3775 1165 3813 vox
1200 3760 1487 3811 multorum
1515 3757 1897 3822 duplicantium
1935 3764 2025 3807 :et
2050 3763 2189 3807 terra
2222 3755 2428 3808 lucebat

901 3852 1037 3905 sicut
1067 3848 1314 3915 splendor
1343 3862 1372 3897 a
1420 3845 1584 3911 gloria
1625 3841 1835 3893 Domini
1880 3842 2248 3904 circumcirca,
2291 3842 2341 3894 3.
2376 3850 2428 3894 et

904 3937 1060 3998 ιὶδὶυ,
1086 3948 1245 4000 quam
1272 3932 1391 3993 vidi,
1418 3928 1710 3984 secundum
1734 3929 2012 3992 visionem,
2039 3945 2198 3997 quam
2216 3930 2342 3992 vidi,
2365 3930 2427 3998 (ll

878 4022 1067 4091 'quum
1102 4021 1403 4089 ingrederer
1436 4019 1501 4070 ad
1529 4014 1827 4087 ungendum
1862 4018 2064 4070 urbem.
2099 4016 2163 4069 Et
2193 4020 2327 4070 visio
2363 4031 2427 4072 ot-

902 4125 1092 4164 cnrrus
1125 4108 1147 4173 ζ
1180 4122 1337 4173 quem
1367 4107 1496 4169 vidi,
1519 4106 1808 4158 secundum
1836 4105 2114 4168 visionem,
2144 4106 2429 4172 quam'vidi

906 4210 1067 4263 super
1087 4193 1305 4246 fluvium
1323 4191 1539 4245 Chobar
1565 4201 1639 4246 :et
1669 4192 1803 4245 cado
1837 4207 1995 4259 super
2021 4192 2210 4244 faciem
2232 4207 2425 4257 meam,

906 4285 959 4335 4.
996 4291 1048 4335 et
1084 4281 1251 4348 gloria
1278 4279 1489 4333 Domini
1541 4279 1779 4346 ingressa
1809 4279 1965 4331 estin
1992 4278 2209 4330 domum
2236 4317 2251 4343 ,
2275 4294 2432 4347 super

2502 571 2702 622 nabunt
2758 565 2987 632 amplius
3040 561 3276 614 domus
3356 554 3504 607 lsra

2504 674 2701 720 meum,
2736 656 2857 722 ipsi,
2890 662 2943 706 ct
2966 652 3131 703 duces
3160 657 3418 699 eorum
3461 642 3504 694 in

2500 757 2551 798 et
2580 746 2631 797 in
2660 743 2892 796 caedibus
2926 740 3126 791 ducum
3181 734 3255 785 in
3301 731 3493 783 medi

2504 833 2634 885 bant
2666 831 2826 882 limen
2853 840 3032 880 meum
3059 824 3111 875 in
3138 818 3504 874 liminibus

2503 920 2579 972 ria
2630 933 2744 972 mea
2781 916 3082 984 propinqua
3117 908 3504 977 superlimi‘

2503 1010 2695 1061 derunt
2728 1005 2981 1073 parietem
3033 1015 3240 1053 meum
3286 997 3474 1050 sicut

2505 1096 2609 1157 sui,
2639 1106 2691 1147 et
2732 1092 3087 1161 profanarum
3120 1101 3375 1141 nomen
3426 1100 3504 1137 sa

2503 1182 2798 1251 quitatihus
2830 1180 2976 1240 suis,
3013 1191 3162 1245 quas
3223 1174 3493 1227 facicba

2507 1276 2556 1325 in
2591 1272 2771 1324 furore
2803 1285 2941 1331 meo,
2969 1282 3031 1321 +
3068 1277 3121 1320 et
3160 1268 3229 1318 in
3274 1265 3504 1319 occisi.

2503 1362 2614 1414 lant
2647 1359 3025 1412 scortationem
3048 1370 3263 1419 suam,
3298 1365 3365 1408 et
3409 1368 3504 1406 ca:

2507 1466 2607 1510 nte,
2625 1458 2676 1501 et
2694 1446 3070 1499 commorabor
3087 1446 3149 1495 in
3189 1442 3416 1494 medio
3440 1457 3503 1493 ec

2507 1538 2591 1588 10.
2627 1536 2689 1588 Ει
2717 1546 2793 1598 ttt,
2832 1532 2902 1587 fili
2938 1532 3197 1585 hominis
3227 1569 3246 1593 ,
3294 1538 3504 1581 OSIBIH

2506 1642 2672 1689 mum,
2700 1632 2751 1676 et
2781 1638 2838 1676 se
2862 1620 3215 1675 cohibebunt
3247 1631 3284 1668 a
3322 1631 3503 1684 pecc:

2508 1729 2626 1767 nem
2663 1713 2798 1781 ejus,
2829 1720 2881 1762 et
2911 1710 3168 1762 ordinem
3199 1706 3379 1772 ejus,
3434 1706 3501 1756 il

2508 1810 2741 1855 mentum
2769 1814 2925 1852 suum
2959 1812 3055 1865 pro
3077 1795 3390 1848 omnibus
3420 1833 3437 1855 ,
3479 1810 3504 1860 ς

2509 1892 2710 1945 scribes
2731 1890 2975 1947 domum,
3000 1888 3067 1951 ῖς(
3098 1894 3163 1937 et
3192 1892 3504 1952 praeparat

2510 1992 2596 2033 tus
2624 1981 2762 2045 ejus,
2804 1981 2869 2044 Ἃ(
2902 1986 2952 2029 et
2998 1975 3287 2027 introitus
3333 1973 3475 2039 ejus

2510 2070 2646 2137 ejus,
2687 2078 2741 2121 et
2775 2067 2957 2120 omnia
3001 2072 3312 2134 praecepta
3369 2064 3504 2129 cjus

2510 2159 2627 2225 ejus
2654 2198 2668 2220 ,
2698 2162 2764 2223 Χ
2798 2164 2851 2209 et
2885 2168 3077 2207 onmes
3117 2153 3292 2221 leges
3348 2152 3488 2219 ejus

2512 2262 2625 2309 cos,
2649 2256 2702 2299 et
2721 2244 2994 2297 describes
3013 2257 3222 2296 coram
3258 2242 3378 2307 eis,
3408 2252 3504 2294 ett

2514 2333 2865 2386 stilicationes
2888 2345 3059 2392 meas,
3086 2337 3149 2382 et
3176 2331 3387 2383 omnia
3410 2345 3504 2398 pra

2515 2436 2575 2472 ea
2612 2437 2624 2472 :
2654 2419 2737 2472 12.
2770 2428 2822 2471 et
2850 2418 3308 2484 descriptionem
3347 2417 3504 2474 dQl'lll

2518 2508 2603 2567 tis.
2642 2522 2829 2560 omnes
2876 2506 3101 2559 termini
3142 2506 3279 2574 ejus
3323 2508 3504 2561 circw

2516 2606 2690 2648 torum
2727 2599 2792 2660 x
2820 2603 2987 2647 sunt:
3027 2594 3159 2647 hanc
3195 2595 3292 2647 lex
3337 2595 3504 2648 domt

2518 2700 2656 2737 sura:
2685 2684 2869 2736 altaris
2900 2683 2951 2735 in
2985 2684 3194 2736 cubito
3227 2685 3414 2738 cubiti
3446 2688 3504 2751 )t

2521 2773 2591 2823 Ini
2622 2772 2694 2839 (p)
2742 2772 2891 2824 sinus
2920 2770 3311 2839 profuntlitas’
3337 2789 3504 2842 supet

2521 2859 2767 2919 latitudo,
2792 2870 2844 2911 et
2870 2860 3021 2926 gisus
3046 2875 3230 2925 super
3251 2861 3411 2914 labio
3435 2862 3504 2929 ejt

2522 2950 2587 3013 χ(
2620 2947 2777 3000 unius
2814 2949 2861 3014 ζ.
2897 2945 2961 2998 Ει
3000 2947 3131 3001 ιιωο
3162 2950 3417 3003 altitudo
3455 2951 3504 3003 al

2521 3036 2727 3089 exordii
2760 3036 3169 3103 profunditatis
3220 3039 3354 3104 ejus
3387 3040 3458 3092 ad
3502 3102 3503 3105 η

2522 3139 2650 3178 num
2675 3162 2689 3185 ,
2721 3125 2823 3177 hoc
2866 3125 3087 3186 subter,
3133 3128 3468 3182 cubitorum
3502 3160 3503 3169 ι

2522 3215 2689 3267 cubiti
2738 3231 2751 3265 :
2792 3225 2844 3265 et
2878 3230 2907 3267 a
2942 3217 3363 3283 pmpitiatorio
3395 3232 3501 3285 par

2522 3305 2663 3356 rium
2696 3319 2970 3371 magnum,
3006 3306 3206 3359 cubiti
3232 3316 3503 3374 quatuor

2525 3394 2609 3447 15.
2640 3393 2703 3446 Et
2731 3392 2875 3447 Ariel
2901 3393 3240 3449 cubitorum
3272 3406 3504 3465 quatuor

2523 3496 2727 3535 cornua
2782 3481 3034 3535 cubitus.
3094 3484 3189 3538 16.
3254 3485 3324 3538 Ει
3362 3488 3504 3554 ipso:

2525 3570 2807 3625 duodecim
2850 3571 3184 3638 longitudo,
3220 3588 3397 3642 super
3425 3590 3492 3628 cu

2524 3660 2673 3721 tudo,
2701 3658 3154 3727 quadrangulum
3179 3676 3356 3729 super
3389 3679 3501 3732 qua

2527 3748 2587 3802 Et
2618 3750 3083 3817 propitiatoriutn,
3117 3754 3452 3807 cubitorum
3502 3784 3503 3793 ι

2526 3840 2656 3891 tudo
2680 3879 2696 3903 ,
2731 3855 2890 3906 super
2927 3841 3162 3895 cubitos
3204 3844 3504 3910 quatuordt

2526 3927 2845 3994 drangulnm
2879 3941 3052 3994 super
3081 3938 3334 3996 quatuor
3369 3938 3503 3997 parti

2527 4015 2645 4080 ejus
2672 4014 3038 4069 circumcirca
3064 4031 3276 4085 gyrans
3307 4016 3446 4069 illud
3480 4018 3504 4069 d

2528 4112 2582 4156 et
2598 4102 2856 4155 circuitus
2877 4102 3005 4169 ejus
3024 4106 3257 4157 cubitus
3286 4106 3501 4158 circum

2531 4192 2876 4259 respicientes
2902 4205 3105 4246 versus
3137 4194 3439 4246 orientem.
3493 4194 3504 4244 l

2529 4280 2626 4333 Fili
2663 4279 2895 4332 hominis
2918 4318 2934 4343 ,
2967 4279 3094 4335 haec
3125 4281 3261 4334 dicit
3308 4280 3504 4333 Dontin

909 4373 991 4423 via
1031 4378 1196 4437 porta;
1237 4367 1569 4434 respicientis
1600 4369 1650 4418 in
1689 4366 1969 4420 orientem.
2021 4366 2073 4420 5.
2113 4368 2177 4419 Et
2216 4368 2430 4422 sustulit
2457 4375 2505 4434 1)
2529 4376 2788 4435 prmeepta
2808 4367 3070 4421 altarisin
3097 4369 3187 4422 die
3211 4369 3504 4422 eﬂ‘ectionis

907 4472 998 4512 me
1047 4455 1287 4523 spiritus,
1322 4463 1376 4506 et
1409 4452 1700 4505 introduxit
1728 4467 1813 4505 me
1842 4452 1901 4503 in
1922 4450 2116 4504 atrium
2160 4452 2381 4506 interius
2416 4470 2430 4507 :

908 4558 962 4600 et
987 4559 1111 4599 ecce
1146 4545 1299 4612 plena
1345 4541 1524 4611 glorize
1552 4539 1760 4595 Domini
1807 4541 2016 4593 domus.
2050 4540 2099 4593 6.
2133 4553 2191 4593 σιμ
2220 4539 2284 4592 Ει
2313 4542 2435 4595 steti

913 4636 963 4706 ζ,
989 4642 1045 4687 et
1072 4646 1198 4686 ecce
1223 4646 1325 4684 vox
1360 4630 1626 4697 loquentis
1656 4628 1721 4681 ad
1755 4641 1839 4680 me
1870 4642 1901 4681 e
1924 4628 2101 4690 domo,
2132 4637 2184 4680 et
2208 4628 2297 4681 vir
2327 4638 2435 4682 sta-

2533 4470 2692 4522 super
2724 4470 2788 4507 eo
2812 4454 2881 4522 (ε)
2908 4454 3267 4518 holocausta,
3295 4466 3352 4511 et
3384 4458 3450 4509 ad
3476 4472 3504 4507 e

2533 4542 2869 4610 sanguinem.
2921 4541 3021 4596 19.
3056 4542 3120 4595 Et
3155 4544 3316 4597 dabis
3351 4557 3504 4596 sacer

2534 4646 2598 4684 ex
2633 4630 2836 4682 semine
2862 4626 3117 4693 Satlduc,
3154 4633 3499 4700 apprOpinqu

909 4726 1000 4777 bat
1025 4735 1190 4791 prope
1212 4720 1278 4773 ad
1308 4734 1414 4780 me,
1445 4719 1495 4769 7.
1525 4727 1579 4770 et
1604 4717 1740 4769 dixit
1775 4716 1837 4767 ad
1868 4730 1953 4767 me
1986 4732 2003 4767 z
2032 4713 2130 4766 Fili
2159 4715 2391 4768 hominis
2420 4751 2436 4777 ,
2524 4718 2795 4770 Dominus
2828 4715 3132 4784 Dominus,
3178 4729 3234 4772 et
3270 4720 3504 4772 ministt-t

909 4814 1088 4868 vidisti
1124 4813 1300 4866 locum
1343 4808 1518 4862 throni
1558 4807 1679 4868 mei.
1705 4815 1757 4859 et
1792 4805 1964 4858 locum
1999 4805 2207 4871 vestigii
2239 4805 2432 4872 pedum

910 4901 1189 4958 nieorum?
1225 4900 1278 4953 in
1309 4898 1502 4967 quibus
1535 4894 1793 4950 habitabit
1813 4907 2002 4945 nomen
2034 4907 2210 4946 meum
2234 4893 2285 4945 in
2318 4908 2429 4946 me-

2536 4808 2709 4860 bobus
2737 4821 2831 4874 pro
2852 4820 3086 4874 peccato
3118 4829 3131 4865 :
3159 4811 3250 4864 20.
3273 4819 3329 4863 et
3350 4824 3504 4863 sume

2534 4904 2587 4949 et
2616 4906 2823 4993 poneng
2840 4912 3009 4966 super
3048 4912 3290 4968 quatuor
3317 4900 3383 4969 (ι)
3412 4913 3504 4951 cor

980 5055 1042 5127 ti)
1074 5054 1155 5127 8.,
1182 5052 1377 5127 ostium
1435 5049 1489 5127 i_r_t
1536 5047 1798 5127 principio
1823 5046 1943 5127 vim.
1976 5059 2108 5127 quae.
2166 5044 2249 5127 via
2290 5052 2416 5127 erat
2456 5052 2603 5122 ante_
2633 5050 2841 5111 septum
2893 5045 3094 5101 domus
3152 5048 3498 5115 transmigrat

912 5117 1221 5175 orientalem
1279 5117 1612 5187 ingredienti.

913 5191 1263 5254 rumpendnm
1312 5181 1539 5256 portam.
1602 5182 1720 5242 Th.,
1774 5181 1940 5250 quum
1986 5181 2366 5256 ingrederetur.

916 5266 1023 5306 stra
1030 5265 1194 5307 turum
1206 5293 1219 5306 .

1722 5112 1790 5182 (Ir)
1824 5115 1905 5177 8.,
1939 5112 2111 5166 ειίὶὺὶ
2156 5112 2424 5182 deponent
2475 5112 2786 5182 vestimenta
2837 5128 2959 5182 sua.

3065 5117 3128 5182 (ι)
3159 5116 3242 5177 8.,
3284 5130 3452 5182 quum

2476 5179 2567 5247 (τη)
2624 5178 2842 5256 Th._,_et
2901 5181 2956 5234 in
3008 5178 3368 5256 cadaveribus
3434 5196 3504 5247 re;

1329 5254 1404 5323 (τι)
1438 5251 1518 5316 8.,
1566 5260 1626 5323 ut
1677 5248 2014 5323 mensuretur
2059 5248 2364 5323 esentplar,
2431 5248 2795 5323 etmpoenitcbit
2841 5263 2945 5323 eos
2999 5252 3286 5312 omnium,
3358 5264 3478 5316 q‘ute

917 5325 1148 5388 ptionem
1175 5313 1398 5383 domus;
1420 5331 1472 5373 et
1505 5313 1899 5387 perfectionem,
1927 5330 2045 5388 quae
2073 5317 2252 5388 simul,
2280 5315 2417 5378 ejus.
2443 5313 2593 5388 _Tlt.,
2641 5324 2692 5366 et
2731 5318 3022 5369 metiantur
3073 5333 3198 5369 cum
3258 5313 3498 5380 exempla

917 5382 1051 5464 cant
1068 5387 1132 5438 de
1154 5382 1421 5464 omnibus,
1460 5382 1577 5454 quae
1606 5388 1862 5446 fecerunt,
1889 5384 2124 5464 aifurore
2173 5384 2418 5464 (ancepsn
2442 5382 2633 5464 haereo,
2671 5398 2848 5436 annon
2886 5395 3068 5442 ant-nn
3108 5384 3477 5437 determinatio

918 5455 1261 5531 gendum'sit)
1283 5448 1492 5531 domus,
1521 5464 1573 5531 et
1601 5454 2043 5531 a_prteparatione
2066 5448 2216 5531 ejus.
2275 5454 2346 5517 (υ)
2382 5448 2464 5531 8.,
2494 5452 2969 5531 et_descri_ptiones
3004 5454 3147 5518 ejus,
3182 5463 3437 5504 etomnes
3468 5460 3504 5499 tt

921 5517 1185 5597 {itionibus
1206 5517 1345 5597 ejus.
1417 5522 1489 5597 (ρ)
1524 5522 1605 5597 8.,
1639 5517 1691 5573 in
1717 5517 2223 5597 ittc‘lttrsioncactt-btli.
2253 5530 2304 5570 et
2328 5518 2517 5597 _cuhiti
2543 5519 2811 5595 _latitudo,
2843 5530 2895 5573 et
2954 5517 3222 5571 terminus
3254 5520 3321 5571 ad
3350 5517 3492 5570 labiu

922 5588 1179 5642 terminus
1204 5588 1258 5639 itt
1286 5588 1509 5642 circuitu
1531 5589 1667 5656 ejus.

1744 5590 1813 5656 (⁷)
1843 5588 1926 5653 δι»
1956 5596 2007 5641 (ξι
2038 5587 2264 5641 ίιιϐιυῦίυ
2291 5586 2407 5653 ejus
2435 5586 2751 5641 cubitulina.

2831 5590 2899 5659 (ε)
2930 5586 3014 5652 8.,
3036 5590 3392 5642 oblationem.
3465 5587 3503 5651 (ι
