3874 6350
82 426 277 544 ιτίθ

158 545 355 621 ’,ιηητ
392 544 646 610 angulos

127 601 231 632 I"
295 630 303 640 ,

128 613 197 632 ,ν
295 630 303 640 υ
700 613 715 621 -
832 613 849 626 ,
885 613 1183 639 κ--..-.,...,
1222 613 1272 629 ...
1308 613 1454 646 ..ι-γι..
1517 613 1667 632 ...ιω-ι
1709 613 1789 647 μοι

74 613 443 743 ᾖ¹ς<ῗ¹ξ¹ξξξ¹ξδς
474 637 643 743 ⁸⁸
685 646 1058 723 adsperges
1102 679 1266 731 super
1300 667 1429 719 illud
1457 670 1504 737 ζ,
1529 679 1581 721 et
1613 670 1795 737 expia-

466 728 575 835 2‘2‘
594 745 995 835 iet-sument
1026 723 1284 817 vitulum,
1310 759 1400 824 qui
1557 723 1794 827 peccato,

90 817 584 919 Zi‘m'l‘tiili-t-rt‘ltlt‘
614 825 677 877 in
702 828 847 884 ioco
879 850 1165 907 separato
1184 817 1374 899 domus
1396 817 1792 903 (ἕλικι-8³1161³.

110 908 271 1011 ’2.
298 905 349 961 Et
376 908 464 963 die
486 919 778 1011 secundo
813 905 1076 985 sument
1115 935 1294 986 haedos
1335 935 1470 989 duos
1512 952 1793 1004 caprarum

142 1008 302 1081 9m
327 1008 540 1057 Nam“
560 1020 671 1075 1)το
705 1026 988 1083 peccato,
1017 1030 1074 1075 et
1099 1024 1388 1089 expiabunt
1418 1025 1584 1078 altare
1604 1066 1618 1079 .
1650 1023 1797 1079 sicut

169 1092 477 1163 expiatum
503 1094 566 1150 in
590 1098 811 1158 vitulo.
854 1104 961 1160 23.
996 1108 1065 1161 Et
1097 1120 1377 1178 postquam
1410 1116 1488 1177 (ιι)
1519 1113 1793 1167 absolvisti

196 1186 562 1253 expiationem
585 1231 602 1255 ,
655 1191 911 1248 oﬂereut
953 1198 1188 1252 vitulum
1221 1200 1335 1253 sine
1366 1203 1575 1254 macula
1605 1203 1670 1256 de
1699 1203 1793 1256 ho—

198 1282 331 1340 bus,
348 1287 403 1331 et
420 1278 647 1332 arietem
673 1280 801 1336 sine
822 1288 1050 1339 macula
1070 1288 1136 1341 de
1154 1289 1363 1351 cvibus,
1380 1288 1470 1342 24.
1488 1299 1540 1343 et
1559 1290 1793 1344 oﬂetetis

191 1385 404 1422 coram
441 1370 674 1423 Domino
717 1388 734 1425 :
772 1382 832 1426 et
872 1385 1169 1443 aspergent
1196 1378 1501 1431 sacerdotes
1532 1395 1694 1446 super
1731 1396 1791 1434 ea

184 1458 329 1518 sal,
372 1468 425 1511 ct
457 1459 691 1513 offerent
721 1477 787 1515 ea
821 1464 1149 1519 holocausta
1182 1464 1426 1518 Domino.
1459 1466 1546 1519 25.
1580 1466 1790 1532 Septem

182 1549 225 1599 ιι
246 1545 412 1599 iehus
448 1547 622 1601 faries
648 1548 871 1602 haedum
899 1565 999 1618 pro
1031 1561 1248 1619 peccato
1279 1553 1535 1620 quotidie,
1580 1562 1631 1605 et
1657 1556 1793 1605 vitu»

179 1638 229 1690 lu
248 1652 325 1687 1m
359 1652 426 1689 ex
465 1638 666 1698 bobus,
701 1651 757 1692 et
785 1640 1011 1695 arietem
1036 1656 1097 1694 ex
1125 1641 1313 1694 ovibus
1338 1643 1453 1696 sine
1483 1644 1687 1695 macula
1717 1643 1792 1695 fac

172 1725 362 1779 cient
402 1725 501 1778 2‘6.
552 1736 763 1793 septem
805 1730 1000 1783 diebus
1043 1749 1056 1783 :
1106 1740 1159 1783 et
1186 1731 1477 1797 expiabunt
1507 1729 1710 1792 altare,
1741 1738 1792 1781 et

174 1834 213 1866 II
238 1815 573 1871 ~undabunt
606 1817 762 1880 illud,
798 1830 853 1872 et
877 1819 1176 1886 implebunt
1213 1833 1402 1872 manus
1430 1835 1574 1873 suas.
1607 1819 1693 1871 27.
1726 1821 1790 1883 Ἀ(

1415 463 1806 519 ﬂEZEClELiS
1851 464 2073 521 CAPUT
2100 465 2280 522 XLIV.

3281 461 3417 518 2758

696 562 1145 647 Pft’Ditiatm-ii
1169 617 1183 639 ,
1222 584 1272 629 et
1308 593 1467 646 super
1517 580 1667 632 basin
1706 596 1800 647 per
1829 592 1869 645 Α
1902 576 2210 645 iniustitiam
2233 592 2407 640 suam,
2440 577 2519 630 ll.
2550 586 2602 632 et
2634 584 2791 632 erttut
2820 573 2875 628 in
2908 571 3119 627 Sanctis
3147 572 3278 624 meis
3315 578 3417 624 mi-

1898 666 2201 724 nistrantes,
2240 667 2445 718 ostiarii
2480 681 2640 733 super
2671 665 2837 733 portis
2865 662 3076 723 domus,
3110 670 3161 712 et
3190 660 3415 712 ministri

1893 750 2070 803 domui
2107 769 2119 804 :
2168 752 2254 805 isti
2308 753 2658 805 immolabant
2689 752 3035 813 holocausta,
3066 758 3118 802 et
3156 747 3418 800 sacrificia

1894 840 2105 908 populo,
2133 854 2184 894 et
2215 842 2300 895 isti
2335 842 2547 895 stabunt
2574 850 2697 894 ante
2725 840 3000 908 populum,
3026 846 3082 890 ut
3118 837 3420 889 ministrent

1891 929 2003 991 eis,
2040 929 2123 980 12.
2153 945 2243 997 pro
2277 945 2340 982 eo
2376 929 2515 998 quod
2556 928 2933 982 ministrabant
2972 928 3051 980 eis
3076 934 3197 978 ante
3231 925 3415 976 faciem

1893 1015 2154 1068 idolorum
2188 1031 2444 1082 suorum;
2473 1026 2525 1070 et
2562 1016 2758 1069 factum
2788 1025 2871 1070 est
2904 1014 3086 1068 domui
3120 1012 3328 1065 lsraeiis
3363 1027 3415 1063 ιιι

1892 1111 2211 1157 tormentum
2260 1105 2551 1172 iujustitite.
2581 1105 2804 1173 Propter
2848 1104 2949 1156 hoc
2990 1101 3155 1155 levavi
3196 1114 3413 1153 manum

1892 1206 2063 1243 meam
2109 1207 2270 1260 super
2292 1208 2407 1257 eos,
2442 1192 2572 1245 dicit
2616 1192 2873 1245 Dominus
2916 1190 3083 1251 Deus,
3113 1192 3177 1255 >κ
3204 1196 3255 1241 et
3279 1187 3417 1240 acci-

1890 1278 2034 1346 pient
2060 1279 2391 1346 iniquitatem
2426 1295 2577 1332 suam
2615 1281 2636 1347 ζ
2671 1298 2684 1332 :
2734 1279 2821 1331 15.
2849 1287 2901 1332 et
2928 1294 3032 1331 nou
3068 1276 3323 1330 accedent
3349 1274 3414 1326 ad

1891 1380 1993 1429 me,
2038 1374 2104 1419 ,ιιι
2140 1366 2439 1419 sacerdotio
2473 1365 2761 1433 fungantur
2787 1365 2916 1417 mihi
2939 1403 2954 1426 ,
2991 1378 3163 1431 neque
3198 1369 3255 1415 ut
3282 1360 3414 1414 ofte-

1890 1461 2009 1505 rant
2040 1453 2101 1505 ad
2129 1454 2306 1507 omnia
2339 1452 2528 1507 Sancta
2572 1468 2630 1508 -t-
2670 1453 2899 1506 filiorum
2922 1451 3132 1505 lsraelis
3158 1451 3206 1518 ζ,
3228 1464 3326 1503 ncc
3347 1448 3415 1501 ad

1891 1541 2081 1595 Sancta
2116 1542 2434 1595 Sanctorum
2482 1557 2720 1595 meorum
2761 1558 2774 1593 :
2808 1549 2859 1594 et
2893 1540 3155 1607 accipient
3186 1537 3414 1606 ignomi-

1888 1630 2030 1681 niam
2061 1645 2211 1682 suam
2236 1630 2286 1681 in
2309 1644 2509 1690 errore,
2532 1644 2638 1697 quo
2662 1636 2931 1682 errarunt.
2957 1628 3040 1679 14.
3070 1626 3136 1694 (ο)
3166 1624 3227 1681 Ει
3245 1624 3412 1676 dedu-

1887 1726 2009 1770 cent
2032 1732 2141 1781 eos,
2183 1727 2235 1770 ut
2274 1718 2577 1770 custodiant
2604 1716 2873 1770 custodias
2907 1715 3099 1767 domus
3144 1712 3196 1764 iu
3229 1710 3409 1764 omnia

1888 1820 2043 1872 Opera
2074 1806 2190 1872 ejus
2215 1845 2229 1866 ,
2264 1815 2316 1859 et
2358 1806 2409 1859 iu
2442 1807 2616 1858 omnia
2647 1820 2764 1871 quae
2792 1803 3012 1856 fecerint
3040 1803 3092 1854 in
3124 1816 3184 1855 ea
3213 1800 3294 1853 15.
3321 1812 3409 1852 sa-

168 1903 273 1956 Et
326 1906 815 1959 consummabant
843 1907 961 1959 dies
1007 1908 1055 1974 ς,
1091 1918 1138 1961 et
1170 1908 1271 1960 erit
1299 1922 1325 1960 τι
1361 1907 1444 1960 die
1485 1920 1669 1962 nciam
1694 1948 1707 1969 ,
1738 1911 1791 1961 et
1822 1927 1861 1979 Β
1893 1895 2129 1948 cerdotes
2173 1895 2248 1961 (ά)
2279 1894 2474 1947 Levita:
2523 1894 2614 1947 lilii
2639 1893 2851 1947 Sadduc
2881 1930 2895 1955 ,
2930 1891 3019 1958 qui
3050 1888 3414 1943 custodierunt

167 1994 203 2046 ιι
218 1993 504 2061 einecps,
538 1993 745 2048 facient
765 1997 1076 2049 sacerdotes
1094 2011 1255 2063 super
1276 1997 1443 2051 altare
1478 1998 1783 2053 holocausta

167 2089 429 2143 Vtstra,
467 2091 525 2135 et
565 2097 691 2150 qua:
720 2083 915 2137 salutis
948 2094 1139 2139 vestrae
1180 2103 1197 2138 :
1244 2094 1295 2139 et
1331 2088 1614 2155 suscipiam
1651 2105 1746 2143 vos
1769 2127 1784 2152 ,

167 2168 347 2223 dicit
388 2168 666 2224 Dominus
707 2170 993 2226 Dominus.

280 2259 427 2324 (ξαρ.
479 2257 673 2313 XLIV.
705 2291 774 2302 -—
820 2263 869 2314 1.
908 2261 973 2315 Et
1018 2264 1279 2318 convertit
1312 2280 1395 2318 me
1440 2281 1599 2333 super
1646 2267 1784 2319 viam

170 2358 397 2416 pmrtze
446 2347 783 2403 Sanctorum
845 2352 1169 2414 exterioris,
1215 2354 1549 2420 respicientis
1600 2370 1787 2411 versus

172 2438 536 2503 orientem,
574 2448 629 2490 et
668 2443 783 2491 htee
816 2449 932 2493 erat
965 2441 1168 2494 clausa.
1210 2442 1265 2495 2.
1317 2441 1380 2495 Et
1426 2444 1557 2496 dixit
1593 2444 1655 2496 ad
1702 2461 1789 2499 me

174 2526 499 2578 Dominus
545 2546 557 2579 :
589 2527 753 2580 Porta
791 2529 902 2582 lucc
962 2530 1145 2584 clausa
1174 2531 1311 2594 erit,
1344 2546 1449 2584 non
1498 2533 1785 2600 aperietur,

173 2631 321 2669 nec
372 2616 505 2683 quis
555 2617 812 2669 transibit
854 2632 947 2682 per
988 2633 1134 2681 eam,
1180 2620 1304 2686 quia
1346 2620 1604 2674 Dominus
1649 2620 1788 2676 Deus

175 2705 445 2771 lgraeiis
480 2706 820 2771 ingredietur
848 2721 940 2773 per
968 2722 1083 2758 eam
1106 2747 1120 2763 .
1146 2716 1197 2759 et
1216 2709 1316 2761 erit
1343 2710 1544 2762 clausa.
1577 2711 1627 2762 '5.
1654 2709 1787 2776 Quia

176 2797 330 2847 d‘tx
367 2798 443 2861 Χ
474 2795 728 2862 princeps
760 2795 873 2860 ipse
911 2796 1114 2848 sedebit
1138 2796 1203 2848 in
1224 2812 1306 2859 ea,
1342 2806 1397 2850 ut
1428 2800 1669 2852 comedat
1696 2816 1790 2867 pa-

180 2898 350 2935 nem
392 2898 579 2936 coram
610 2882 844 2935 Domino
886 2901 898 2935 :
938 2898 1098 2951 super
1124 2885 1261 2938 viam
1298 2886 1372 2954 (π)
1406 2886 1583 2939 Ᾰεὶιιιιιι
1622 2899 1787 2957 portae

186 2971 594 3040 ingredietur,
633 2981 689 3024 et
735 2986 899 3038 super
934 2973 1074 3026 viam
1113 2974 1229 3042 ejus
1262 2976 1579 3042 egredietur.
1625 2978 1677 3030 4.
1726 2980 1790 3032 Et

189 3062 534 3115 introduxit
560 3076 646 3115 me
678 3064 755 3128 ty)
786 3077 948 3129 super
974 3063 1111 3116 viam
1142 3074 1326 3132 portae,
1353 3082 1470 3133 quae
1492 3067 1554 3121 ad
1582 3070 1788 3136 aquilo-

193 3165 353 3203 nem
397 3160 582 3204 contra
624 3151 846 3204 domum
884 3169 899 3203 :
933 3160 986 3205 et
1024 3153 1170 3216 vidi,
1200 3164 1251 3208 et
1278 3144 1399 3209 ecée
1427 3157 1578 3224 plena
1607 3158 1787 3227 gloria:

1889 1982 2159 2037 custodias
2190 1982 2505 2037 Sanctorum
2535 1997 2772 2036 meorum
2799 2020 2813 2043 ,
2862 1995 2981 2033 cum
3010 1975 3413 2031 erraretdomus

1886 2069 2097 2124 lsraelis
2129 2086 2160 2124 a
2193 2086 2278 2124 me
2325 2089 2338 2124 :
2369 2071 2424 2124 hi
2469 2071 2719 2124 accedent
2747 2070 2810 2122 ad
2850 2084 2935 2121 me
2964 2109 2979 2132 ,
3014 2075 3073 2119 ut
3114 2063 3415 2117 ministrent

1886 2160 2037 2224 mihi,
2071 2168 2124 2213 et
2148 2160 2366 2213 stabunt
2388 2175 2567 2214 coram
2595 2159 2729 2213 facie
2765 2174 2879 2211 mea
2899 2198 2914 2222 ,
2947 2166 3001 2209 ut
3029 2155 3252 2208 offerant
3281 2147 3413 2203 mihi

1889 2260 1947 2300 σι-
1982 2248 2300 2301 sacrificium
2343 2250 2390 2317 ζ,
2431 2248 2657 2315 adipem,
2693 2255 2746 2300 ct
2783 2246 3113 2313 sanguinem,
3144 2242 3271 2294 dicit
3308 2238 3414 2291 Do-

1886 2335 2063 2388 minus
2088 2336 2244 2389 Deus.
2272 2335 2352 2386 16.
2389 2334 2475 2386 lsti
2511 2334 2874 2401 ingredieutur
2896 2333 2945 2383 in
2967 2330 3159 2383 Sancta
3184 2341 3320 2388 mea,
3362 2333 3415 2376 et

1886 2421 1973 2474 isti
2003 2422 2361 2489 ingredieutur
2407 2420 2469 2471 ad
2509 2434 2744 2472 mensam
2782 2433 2951 2471 meam
2977 2457 2990 2478 ,
3022 2423 3080 2469 ut
3112 2415 3414 2466 ministrent

1887 2510 2038 2572 mihi,
2063 2520 2116 2563 et
2139 2509 2441 2563 custodient
2461 2508 2731 2560 custodias
2761 2521 2926 2559 meas.
2950 2505 3032 2557 17.
3062 2503 3126 2555 Et
3147 2502 3267 2563 erit,
3289 2515 3411 2555 cum

1887 2598 2257 2667 ingrediuntur
2287 2608 2463 2666 portas
2493 2598 2615 2650 atrii
2656 2595 2925 2648 interioris
2949 2632 2963 2656 ,
3006 2594 3172 2646 stolas
3199 2590 3293 2644 lini
3326 2590 3410 2643 in-

1886 2688 2081 2751 ducnt,
2118 2703 2221 2739 non
2264 2687 2486 2739 indueut
2530 2685 2703 2737 lanam
2735 2726 2750 2749 ,
2785 2682 2999 2753 quando
3036 2680 3335 2734 ministrant
3381 2691 3415 2731 ιι

1885 2788 2037 2844 porta
2089 2776 2207 2828 atrii
2254 2774 2554 2838 interioris,
2584 2782 2636 2826 et
2666 2775 2731 2839 >ξ<
2773 2765 3157 2837 intrinsecus}
3215 2766 3302 2820 18.
3339 2764 3411 2834 (ei

1885 2865 2107 2921 Cidares
2152 2865 2245 2917 liui
2294 2871 2451 2916 erunt
2496 2863 2574 2915 eis
2621 2876 2780 2929 super
2808 2859 3070 2928 capitibus
3103 2870 3285 2911 eorum
3312 2896 3329 2921 ,
3363 2863 3415 2907 et

1885 2956 2215 3024 subligacula
2255 2954 2348 3007 lini
2379 2960 2536 3005 erunt
2571 2952 2649 3004 eis
2679 2966 2840 3019 super
2876 2948 3070 3001 lumbis
3103 2960 3288 3000 eorum
3315 2985 3329 3009 ,
3361 2952 3415 2997 et

1887 3059 1991 3096 non
2021 3058 2077 3097 se
2101 3044 2374 3109 accingcut
2404 3043 2466 3109 (Γ)
2505 3042 2780 3094 violenter.
2815 3040 2898 3092 19.
2934 3036 2997 3090 Et
3018 3035 3231 3104 quando
3259 3049 3413 3101 egre-

1886 3134 2103 3186 diuntur
2131 3133 2182 3185 iu
2219 3132 2409 3185 atrium
2439 3132 2673 3183 exterius
2719 3130 2783 3182 ad
2821 3126 3094 3195 populum,
3129 3138 3186 3177 se
3219 3127 3415 3175 exuent

200 3238 455 3293 Domini
477 3240 674 3295 domus
692 3239 904 3294 Domini
939 3251 1024 3295 τοι
1045 3243 1177 3296 cado
1195 3259 1353 3311 super
1377 3216 1561 3299 rabiem
1588 3216 1780 3302 ,ἤρθη
1813 3224 1856 3283 C
1887 3224 2037 3277 stolis
2062 3223 2201 3285 suis,
2235 3223 2286 3274 in
2318 3221 2511 3289 quibus
2543 3220 2851 3272 ministrant
2885 3218 2935 3269 in
2969 3216 3046 3269 eis
3071 3256 3085 3278 ,
3120 3220 3173 3266 et
3216 3217 3414 3281 ponent

205 3328 281 3380 5-
319 3328 392 3381 Et
422 3330 554 3382 dixit
575 3330 841 3383 Dominus
867 3332 931 3384 ad
975 3348 1059 3385 me
1092 3351 1106 3386 :
1139 3332 1237 3386 Fili
1272 3334 1531 3398 hominis,
1564 3338 1785 3404 dispone

210 3422 291 3471 in
325 3434 423 3472 cor
446 3430 592 3473 tuum
617 3462 633 3487 ,
690 3431 744 3474 et
774 3422 895 3475 vide
932 3424 1105 3475 oculis
1140 3425 1246 3478 tuis
1269 3464 1284 3486 ,
1316 3434 1369 3477 et
1417 3426 1632 3479 auribus
1680 3429 1783 3481 tuis

212 3506 364 3559 andi
403 3509 602 3575 omnia,
650 3525 776 3577 qua:
804 3525 904 3578 ego
929 3510 1123 3577 loquor
1150 3528 1271 3564 cum
1309 3521 1360 3566 te
1389 3515 1459 3579 (ι)
1493 3517 1782 3569 secundum

229 3595 423 3647 omnia
452 3608 716 3665 praecepta
747 3597 945 3651 domus
988 3600 1218 3661 Domini,
1253 3610 1308 3653 et
1342 3602 1517 3658 omnia
1548 3603 1784 3671 legitima

245 3681 385 3747 ejus.
415 3685 476 3739 Et
501 3687 763 3754 dispones
792 3701 886 3740 cor
910 3696 1059 3740 tuum
1090 3689 1140 3740 in
1167 3690 1442 3742 introitum
1477 3690 1668 3744 domus
1697 3707 1783 3744 se-

239 3772 474 3826 cundum
508 3790 701 3829 omnes
726 3775 904 3828 exitus
933 3775 1051 3842 ejus
1071 3816 1086 3836 ,
1114 3786 1161 3830 et
1189 3777 1240 3829 in
1273 3777 1521 3831 omnibus
1550 3778 1782 3833 Sanctis.

238 3855 312 3909 6.
339 3857 397 3911 Et
420 3862 561 3916 dices
590 3877 649 3917 -ε-
690 3862 757 3914 ad
782 3862 1003 3916 domum
1039 3864 1063 3931 ζ
1090 3864 1385 3917 irritantem
1416 3903 1430 3925 ,
1471 3866 1533 3917 ad
1570 3867 1786 3920 domum

236 3942 451 4002 lsraelis
470 3968 482 4003 :
502 3948 627 4004 llaec
650 3949 1056 4005 dieitDominus
1077 3951 1331 4006 Dominus
1359 3952 1621 4021 :Sulliciat
1638 3956 1787 4009 vobis

220 4031 315 4087 de
343 4040 589 4093 omnibus
624 4039 1008 4105 iniquitatibus
1040 4041 1234 4093 vestris
1256 4082 1271 4104 ,
1322 4040 1515 4095 domus
1554 4041 1783 4110 lsraelis,

216 4118 297 4173 7-
334 4139 397 4179 eo
424 4128 561 4194 quod
598 4128 858 4180 inducitis
901 4128 1041 4181 filios
1072 4128 1394 4196 alienigenas
1431 4146 1533 4184 non
1561 4132 1789 4185 cireum-

216 4207 390 4265 cisos
426 4217 604 4279 corde,
656 4225 711 4269 et
752 4230 858 4267 non
886 4216 1237 4269 circumcisos
1275 4232 1433 4269 carne
1455 4256 1469 4276 ,
1505 4226 1563 4275 ut
1595 4220 1702 4271 sint
1735 4219 1785 4272 in

210 4291 456 4353 Sanctis
489 4303 646 4364 meis,
673 4311 728 4354 et
758 4300 1121 4369 profanabant
1149 4315 1231 4365 ea,
1266 4317 1385 4354 eum
1409 4302 1610 4356 oﬁertis
1626 4319 1789 4372 panes

211 4393 401 4438 meo:
424 4426 440 4449 ,
471 4387 681 4455 adipem
712 4429 726 4449 ,
756 4394 811 4438 et
838 4385 1153 4452 sanguinem
1186 4401 1199 4437 :
1234 4396 1285 4439 et
1316 4388 1631 4455 transgressi
1659 4388 1788 4441 estis

206 4475 622 4525 ﬂeuamentum
677 4486 859 4524 meum
909 4472 962 4522 in
996 4471 1246 4524 omnibus
1297 4472 1663 4539 iuitptitatihus
1700 4489 1789 4527 ve—

200 4561 289 4605 st.
308 4557 397 4618 ris,
415 4557 466 4612 8.
494 4562 559 4627 χ(
585 4570 639 4612 et
665 4573 770 4611 non
800 4557 1133 4613 custodiistis
1154 4558 1447 4610 custodiam
1473 4557 1787 4612 Sanctorum

206 4652 485 4698 meorum
533 4647 583 4714 ζ,
622 4656 677 4699 et
714 4643 1059 4710 disposuistis
1090 4643 1358 4696 custodire
1407 4643 1674 4695 custodias
1734 4643 1787 4695 in

204 4724 460 4787 Sanctis
501 4735 659 4788 meis.
704 4735 757 4787 9.
805 4731 1031 4799 Propter
1060 4732 1162 4783 hoc
1203 4730 1315 4783 inec
1351 4731 1479 4783 dicit
1531 4729 1787 4783 Dominus

210 4812 505 4877 Umminus
535 4836 552 4875 :
586 4821 781 4876 Omnis
810 4820 952 4873 filius
979 4818 1279 4884 alienigena
1309 4815 1383 4885 (a)
1418 4833 1525 4870 non
1549 4818 1784 4870 circum-

206 4901 291 4954 εἰ
313 4921 399 4962 sus
423 4911 597 4973 corde,
624 4924 724 4962 nec
746 4908 1103 4963 circumcisus
1129 4918 1309 4963 carne,
1333 4918 1437 4955 non
1463 4904 1784 4970 ingredietur

211 4984 320 5042 εἴ.
342 4993 524 5051 Sancta
552 5012 673 5051 mea
703 4997 757 5049 in
785 4995 1041 5048 omnibus
1075 4991 1202 5044 filiis
1228 4990 1662 5057 alienigenarum,
1692 4990 1784 5057 qui

216 5091 386 5136 sunt
408 5084 459 5138 in
492 5086 672 5139 medio
716 5084 912 5136 domus
937 5079 1185 5139 lsraelis,
1218 5077 1302 5129 10.
1343 5077 1416 5142 (ὁ)
1451 5077 1540 5130 sed
1572 5076 1786 5142 chitae,

215 5170 354 5233 11.ιὶ
382 5184 709 5229 recesserunt
737 5188 766 5226 a
806 5187 922 5235 me,
954 5184 1077 5223 eum
1111 5173 1318 5218 erraret
1356 5163 1517 5218 Israel
1546 5204 1560 5227 ,
1594 5168 1660 5234 Χ
1697 5144 1789 5236 qui

225 5269 497 5316 errarunt
521 5263 543 5329 ζ
570 5278 598 5315 a
623 5276 708 5315 me
736 5268 862 5328 post
890 5254 1247 5321 cogitationes
1276 5265 1423 5314 suas,
1451 5263 1503 5332 et.
1532 5256 1791 5322 accipient

1885 3328 1976 3366 eas
2007 3312 2059 3365 in
2089 3311 2298 3365 exedris
2329 3311 2651 3362 Sanctorum
2679 3349 2693 3371 ,
2718 3316 2769 3359 et
2795 3307 3015 3359 indttcnt
3049 3302 3213 3354 stolas
3244 3300 3409 3357 alias,

1883 3412 1936 3453 et
1962 3403 2034 3469 (g)
2066 3415 2169 3452 non
2196 3398 2601 3453 sanctificabunt
2630 3396 2880 3462 populum
2906 3394 2956 3445 in
2982 3392 3134 3445 stolis
3163 3390 3294 3443 suis.
3320 3386 3413 3439 20.

1885 3491 1950 3541 Et
1983 3489 2156 3555 capita
2214 3501 2308 3539 sua
2343 3501 2447 3537 non
2492 3483 2741 3543 tondent,
2781 3490 2833 3534 et
2871 3480 3089 3547 capillos
3136 3492 3262 3529 suos
3308 3488 3413 3525 non

1885 3568 2104 3637 radent,
2133 3574 2374 3642 operient
2403 3572 2577 3639 capita
2604 3584 2721 3622 sua.
2757 3568 2845 3620 21.
2873 3566 2937 3618 Et
2976 3566 3159 3617 vinum
3191 3576 3299 3614 non
3327 3560 3413 3612 bi-

1885 3665 2011 3717 bent
2032 3664 2207 3716 omnis
2227 3659 2494 3721 sacerdos,
2522 3656 2735 3724 quando
2757 3654 3125 3720 ingrediuntur
3146 3652 3198 3702 in
3222 3648 3413 3703 atrium

1887 3751 2125 3805 interius.
2157 3748 2244 3800 22.
2270 3746 2333 3799 Et
2361 3746 2595 3803 viduam,
2623 3751 2674 3795 et
2700 3741 3030 3808 repudiatam
3064 3750 3169 3790 non
3201 3740 3415 3789 sument

1885 3838 1984 3890 sibi
2012 3838 2063 3889 in
2092 3849 2306 3898 uxores,
2337 3833 2425 3887 sed
2452 3832 2705 3899 virginem
2732 3844 2762 3882 e
2795 3827 2996 3880 semine
3024 3824 3216 3879 domus
3245 3821 3414 3905 lsrae-

1887 3927 1952 3979 lis
1981 3941 1995 3976 :
2036 3932 2090 3978 et.
2119 3924 2350 3984 viduam,
2387 3921 2429 3973 si
2464 3919 2624 3972 fuerit
2656 3920 2721 3983 ὶι(
2757 3916 2914 3969 vidua
2957 3914 2980 3982 ζ
3013 3912 3078 3966 de
3113 3910 3412 3971 sacerdote,

1886 4022 2121 4069 sument.
2150 4012 2239 4065 25.
2268 4011 2333 4065 Et
2358 4010 2611 4079 populum
2638 4021 2818 4060 meum
2842 4006 3107 4058 docebunt
3134 4004 3269 4055 inter
3289 4014 3416 4054 sau-

1886 4112 2029 4157 ctum
2061 4110 2113 4156 et
2137 4100 2417 4169 profanum
2443 4138 2459 4162 ,
2490 4108 2543 4151 et
2576 4098 2713 4149 inter
2742 4109 2852 4148 non
2896 4092 3151 4146 mundum
3179 4098 3233 4144 et
3261 4104 3417 4142 mun-

1887 4191 2014 4244 dum
2058 4188 2332 4259 cognitum
2369 4187 2565 4240 facient
2607 4185 2707 4240 eis.
2740 4184 2830 4237 24.
2868 4181 2933 4236 Et
2963 4182 3027 4235 de
3056 4179 3261 4248 judicio
3294 4191 3419 4232 sau-

1885 4280 2062 4349 guinis
2084 4280 2181 4347 ipsi
2209 4279 2420 4331 stabunt
2449 4276 2516 4329 ad
2542 4272 2950 4329 discernendum
2976 4267 3418 4337 :justilicationes

1888 4383 2037 4423 meas
2071 4367 2525 4435 +justiﬁcabunt
2562 4366 2609 4432 ζ,
2637 4373 2690 4417 et
2712 4362 2911 4431 judicia
2946 4375 3058 4414 mea
3080 4357 3415 4427 iudicabunt,

1890 4465 1943 4509 et
1980 4456 2212 4525 legitima
2250 4471 2365 4508 utea
2390 4493 2404 4516 ,
2435 4463 2489 4508 et
2526 4460 2789 4521 praecepta
2820 4464 2934 4502 mea
2966 4449 3017 4501 iu
3047 4447 3296 4499 omnibus
3329 4458 3419 4495 so-

1890 4545 2237 4598 lennitatibus
2264 4544 2396 4597 meis
2429 4541 2749 4602 custodierit,
2780 4548 2832 4591 et
2853 4537 3073 4590 sabbata
3114 4549 3228 4587 mea
3261 4546 3420 4585 sauc-

1885 4633 2179 4687 tificabunt.
2207 4630 2294 4683 25.
2326 4630 2390 4681 Et
2410 4643 2571 4697 super
2599 4627 2831 4680 animam
2854 4622 3087 4677 hominis
3113 4637 3214 4673 non
3239 4620 3419 4686 ingre—

1881 4722 2113 4782 dieutur,
2139 4718 2206 4772 ad
2231 4717 2570 4786 polluendum
2595 4731 2672 4778 se,
2697 4714 2786 4769 sed
2807 4726 2963 4780 super
2986 4719 3153 4777 patre,
3186 4716 3238 4759 et
3260 4718 3421 4765 super

1879 4818 2066 4870 matre,
2093 4816 2146 4861 et
2169 4822 2325 4873 super
2350 4807 2478 4871 lilio,
2504 4815 2557 4858 et
2584 4818 2744 4870 super
2771 4802 2875 4853 filia
2900 4840 2915 4863 ,
2946 4808 2998 4851 et
3031 4809 3191 4862 super
3223 4793 3409 4852 fratre,

1885 4905 1938 4950 et
1955 4910 2111 4962 super
2136 4908 2317 4948 sorore
2340 4909 2454 4951 sua,
2474 4907 2590 4961 qua:
2614 4907 2716 4944 non
2733 4890 2831 4941 fuit
2846 4889 2958 4940 viro
2978 4925 2991 4950 ,
3011 4900 3067 4939 se
3085 4881 3300 4950 polluet.
3321 4877 3413 4929 26.

1890 4983 1952 5037 Et
1974 4993 2250 5051 postquam
2270 4982 2553 5034 mundatus
2577 4977 2753 5039 fuerit,
2769 4984 2967 5042 septem
2985 4972 3100 5025 dies
3119 4964 3421 5020 numerabit

1890 5074 2004 5140 ipse
2034 5072 2158 5125 sibi.
2189 5071 2277 5122 27.
2309 5072 2373 5122 Et
2393 5070 2477 5122 die
2501 5082 2607 5135 quo
2638 5064 2966 5132 ingrediatur
2992 5061 3058 5125 Χ
3084 5056 3139 5108 in
3168 5053 3424 5107 Sanctita-

1891 5162 2031 5214 rium
2085 5161 2108 5228 ζ
2159 5160 2214 5212 in
2252 5160 2445 5212 atrium
2492 5155 2753 5215 interius,
2795 5151 2860 5204 ad
2911 5142 3324 5201 ministrantium
3369 5143 3421 5195 in

1894 5251 2113 5313 Sancto,
2136 5248 2317 5303 oﬂ‘eret
2337 5247 2713 5316 expiationem,
2734 5240 2861 5295 dicit
2881 5236 3139 5291 Dominus
3161 5232 3234 5301 (Ιι)
3260 5231 3424 5292 Deus,

346 5394 683 5464 (IlCompleta
719 5405 821 5449 est.
896 5395 967 5462 (π)
988 5395 1073 5453 S.,
1094 5389 1366 5441 vestibuli.
1412 5390 1488 5457 (y)
1508 5391 1586 5453 S.,
1606 5409 1699 5457 per
1716 5395 1875 5447 viam.
1916 5391 1987 5461 (ι)
2008 5392 2088 5456 S.,
2112 5390 2197 5444 de.
2242 5390 2317 5507 (αἰ
2340 5388 2421 5450 8.,
2442 5402 2544 5439 non
2565 5397 2727 5452 purus
2743 5380 2919 5441 corde,
2937 5389 3036 5430 nec
3057 5386 3228 5441 purus
3242 5380 3426 5423 carne.

346 5460 409 5507 IS.
466 5479 513 5507 nl
547 5467 743 5507 Lavina
766 5464 924 5507 cutim-
958 5461 1049 5507 ηιιί
1081 5456 1272 5507 Drocul
1304 5456 1527 5507 fuerunt
1555 5474 1583 5507 a
1613 5476 1716 5507 me-
1758 5477 1877 5507 enim
1902 5468 2143 5507 errarent
2183 5459 2273 5507 ﬁlii
2323 5456 2528 5507 sraelis.
2557 5452 2648 5507 oui
2669 5490 2673 5495 ο
2698 5455 2991 5500 errarunta
3023 5454 3134 5499 me.
3166 5436 3426 5507 ιιι-θάιιὶιὲ·

266 5436 434 5528 “isi,
466 5479 516 5519 et
544 5436 743 5518 Levita:
766 5436 925 5522 enim‘,
950 5436 1272 5528 ᾖιιίννοριι]
1304 5436 1527 5528 fuerunt
1555 5436 1586 5510 τί
1902 5436 2543 5528 8.7.1.33"?'htii'isiéiaiig
2557 5436 2648 5520 qui
2669 5490 2673 5495 .
2698 5436 2945 5528 errarunt
2965 5436 3435 5528 a-mﬁi‘utgadhai-

266 5505 517 5599 Ij'ﬁ‘lscer’ent
540 5533 703 5586 idolis
735 5530 868 5599 suis,
891 5505 1157 5599 acgipiernt
1188 5521 1526 5599 iniquitatem
1559 5505 1882 5599 suam._w(;3
1906 5505 2273 5599 ἒξξρἶέῇξυέῆίῖ
2296 5505 2591 5599 Lag'éiiiﬁ.‘
2611 5516 2858 5570 custodes
2903 5506 3169 5599 custodia:
3199 5505 3431 5599 .d‘pmus.

264 5574 716 5664 (di
854 5574 1186 5664 ,o-ritarrneuta
1219 5574 1305 5641 lini
1352 5598 1544 5664 erunt.
1560 5574 1578 5577 Ἴ
1593 5574 1786 5661 ἧδ’-’8,

1891 5574 2321 5657 ιῖὧᾶδιὲἷλῃ)
2354 5590 2436 5653 S.,
2492 5602 2597 5664 non
2653 5589 2830 5664 prurit,
2874 5574 3284 5664 sapctiﬁgatttes

259 5637 845 5791 ξῶλέὲἓξροιῖἶίιονὶἷι
872 5637 1202 5714 vestimentis
1225 5637 1604 5725 smcuiaribus,
1620 5637 2385 5731 ’ἧῖιενέςῖρίίίιιδῖἷὶὶιιίιιιῗύιζ
2401 5637 2525 5711 “sed
2542 5637 2553 5639 ί
2573 5637 2841 5715 radendo'.
2866 5649 3060 5704 tadent
3107 5637 3289 5706 capita
3324 5650 3445 5689 sua.

534 5751 576 5788 Ι.
2389 5774 2394 5779 Ι
