3874 6318
171 459 266 512 2781

1254 461 1647 517 IIEZECIELIS
1669 464 1889 520 CAPUT
1927 461 2128 514 XLVII.

3152 463 3289 519 276?.

165 568 311 619 oﬂ'eret
345 565 441 616 dux
476 564 711 616 Domino
764 566 818 618 in
855 568 941 620 die
973 568 1335 636 sabbatorum,
1372 590 1458 626 sex
1493 590 1656 642 agnos
1689 584 1728 636 Α
1758 575 1821 627 ad
1858 591 1941 626 me
1979 593 1990 625 :
2028 572 2123 624 Ilie
2152 571 2301 622 locus
2335 579 2432 635 est,
2485 571 2570 623 ubi
2602 576 2832 638 coquent
2878 565 2948 622 ibi
2987 572 3290 628 sacerdotes

165 661 251 710 sine
281 655 488 717 macula,
521 664 576 706 et
608 656 845 707 arietem
879 658 994 709 sine
1023 660 1249 721 macula,
1274 661 1326 712 5.
1357 661 1429 729 με)
1467 673 1516 714 et
1548 678 1658 714 ma-

165 760 256 803 naa,
299 754 461 794 satum
511 743 691 806 arieti,
743 754 800 797 et
855 747 1007 815 agnis
1056 749 1410 816 sacrificium,
1462 753 1656 805 donum

161 848 313 884 manus
341 847 464 890 suae,
513 841 566 883 et
597 831 662 898 (ι)
694 833 752 883 In
786 831 897 886 olei
937 845 1071 888 sato.
1106 838 1156 889 6.
1195 837 1256 891 Et
1301 841 1352 892 in
1387 841 1474 893 die
1507 843 1657 895 novi-

161 919 259 971 Iunii
291 918 569 985 juvencum
606 921 676 984 Βῆ(
714 919 890 973 filium
936 922 1086 976 bovis
1119 924 1140 990 1
1189 925 1305 979 sine
1347 928 1573 990 macula,
1610 939 1662 982 et

157 1023 224 1059 sex
245 1021 411 1072 agnos,
441 1017 494 1058 et
518 1005 667 1058 aries
703 1008 829 1061 sine
863 1011 1072 1063 macula
1101 1022 1277 1073 erunt,
1307 1013 1355 1065 7.
1397 1024 1450 1068 et
1485 1025 1658 1068 salum

157 1097 354 1160 iuvenco,
391 1104 439 1146 et
469 1104 650 1147 satum
689 1097 850 1149 arieti
884 1099 985 1150 erit
1018 1116 1224 1164 manaa,
1257 1113 1307 1155 et
1328 1106 1497 1170 agnis,
1525 1107 1660 1158 sicut
1690 1142 1692 1144 τ

156 1185 379 1236 snﬂecerit
406 1201 600 1237 manus
625 1185 778 1252 ejus,
809 1195 863 1238 et
891 1185 950 1238 In
979 1187 1095 1239 oleo
1129 1190 1250 1241 sati.
1283 1191 1334 1243 8.
1363 1189 1426 1242 Et
1450 1194 1661 1258 quando

157 1273 608 1339 ingredieturﬂux,
642 1288 818 1340 super
849 1274 936 1325 via
991 1272 1165 1326 Elatu
1209 1287 1374 1344 porta:
1404 1279 1661 1346 ingredie-

153 1373 231 1422 tur,
252 1363 332 1426 (ut)
360 1370 411 1412 et
437 1376 602 1427 super
625 1362 712 1411 via
748 1369 923 1426 portae
945 1363 1258 1429 egredietur.
1284 1364 1335 1417 9.
1370 1365 1427 1416 Et
1448 1367 1660 1432 quando

153 1449 431 1516 ingredietur
458 1450 697 1516 populus
740 1459 904 1501 terra:
933 1465 1112 1502 coram
1148 1453 1371 1505 Domino
1401 1455 1449 1506 in
1488 1456 1660 1507 solen-

152 1538 386 1600 nitatibus,
419 1537 512 1604 qui
569 1537 886 1604 ingreditur
914 1554 1076 1606 super
1107 1540 1191 1592 via
1235 1553 1419 1608 porta‘,
1454 1558 1567 1609 qua:
1597 1543 1660 1595 ad

147 1626 540 1691 Septentrionem,
606 1634 669 1678 ut
729 1626 956 1692 adoret,
1015 1629 1314 1694 egredietur
1367 1646 1526 1693 super
1577 1632 1659 1682 via

150 1723 298 1779 portae.
334 1728 447 1779 quae
493 1716 558 1765 ad
603 1724 866 1766 austrum
905 1734 918 1767 :
963 1722 1016 1768 et
1042 1717 1132 1782 qui
1171 1717 1462 1783 ingreditur
1504 1734 1662 1785 super

147 1801 211 1852 via
236 1810 407 1866 portze,
442 1816 563 1868 qua:
592 1801 660 1853 ad
719 1810 995 1865 austrum,
1027 1803 1328 1869 egredietur
1377 1819 1536 1870 super
1578 1805 1661 1856 via

1764 680 1880 731 qua:
1927 679 2021 729 pro
2053 660 2371 726 ignorantia.
2419 668 2472 711 et
2509 675 2625 727 qua:
2673 675 2768 728 pro
2821 667 3059 726 peccato,
3114 667 3168 713 et
3217 661 3288 714 ibi

1764 753 1983 819 depseut
2032 764 2218 802 manaa
2275 749 2528 811 omnino,
2579 765 2684 801 non
2724 749 2942 801 eﬂ‘ercnt
2990 749 3041 801 iu
3090 749 3288 802 atrium

1763 835 2020 896 exterius,
2057 835 2118 886 ad
2152 835 2591 887 sanetiﬂcandum
2615 837 2889 903 populum.
2911 835 2999 887 21.
3027 837 3089 887 Ει
3107 837 3290 889 eduxit

1766 938 1850 974 me
1895 922 1946 973 in
1996 922 2191 974 atrium
2225 923 2492 986 exterius,
2530 935 2584 975 et
2615 923 2971 976 circumduxit
2999 939 3084 978 me
3128 939 3288 992 super

1763 1019 1990 1077 quatuor
2007 1019 2186 1077 partes
2204 1011 2326 1062 atrii
2351 1028 2364 1062 :
2392 1021 2442 1064 et
2465 1026 2590 1064 ecce
2612 1011 2805 1063 atrium
2839 1011 2911 1079 (q)
2946 1027 3104 1079 super
3124 1012 3286 1065 latera

1765 1099 1908 1160 atrii,
1943 1099 2031 1150 9'2.
2069 1113 2130 1152 -θ-
2163 1115 2319 1168 super
2349 1099 2488 1152 latus
2513 1101 2636 1152 atrii
2665 1101 2688 1167 1
2724 1100 2939 1162 atrium,
2975 1116 3130 1168 super
3151 1117 3286 1168 qua-

1768 1198 1884 1239 tuor
1910 1187 2073 1239 latera
2107 1188 2226 1238 atrii
2256 1188 2322 1255 (r)
2351 1188 2543 1240 atrium
2575 1203 2818 1254 parvum.
2848 1188 3117 1256 loug‘tudo
3147 1189 3290 1242 cubi-

1767 1284 1938 1326 tormu
1967 1274 2336 1341 quadraginta,
2369 1285 2422 1328 et
2450 1273 2670 1327 latitudo
2701 1276 3004 1329 cubitorum
3034 1277 3284 1344 ‘triginta,

1766 1379 2012 1416 mensura
2059 1362 2344 1432 [summa
2393 1378 2488 1430 pro
2540 1374 2771 1422 mmet:
2808 1379 2935 1418 sane
2981 1365 3285 1434 legendum!

1768 1467 1870 1504 una
1898 1451 2026 1518 ipsis
2059 1437 2306 1518 quatuo'r.
2342 1451 2429 1504 23.
2467 1451 2531 1518 (δ)
2565 1451 2628 1503 Et
2651 1453 2857 1505 exedra:
2887 1468 2978 1518 per
3005 1453 3286 1505 circuitum

1765 1543 1818 1593 in
1849 1543 1946 1605 eis,
1971 1558 2061 1608 per
2091 1542 2372 1595 circuitum
2424 1543 2554 1610 ipsis
2595 1552 2862 1608 quatuor:
2901 1543 2962 1610 (ι)
2992 1551 3044 1595 et
3076 1542 3285 1602 culinae,

1765 1647 1885 1697 qua:
1930 1631 2082 1683 factae
2111 1640 2284 1692 erant,
2337 1631 2436 1684 sub
2474 1630 2686 1683 exedris
2713 1645 2804 1697 per
2851 1630 3154 1682 circuitum.
3197 1629 3284 1682 24.

1767 1719 1831 1771 Et
1863 1719 1996 1771 dixit
2020 1720 2084 1771 ad
2105 1734 2187 1771 me
2217 1736 2229 1771 :
2258 1717 2348 1770 Hae
2374 1718 2565 1770 domus
2595 1718 2916 1779 culinarum,
2951 1718 3037 1769 ubi
3061 1726 3290 1784 coquent

1766 1809 1860 1870 ibi,
1896 1809 1987 1875 qui
2016 1808 2320 1861 ministrant
2350 1808 2426 1874 (ιι)
2456 1807 2640 1859 domui
2673 1805 2934 1859 sacrificia
2967 1805 3166 1874 populi.

147 1894 295 1955 parte,
325 1902 440 1956 qua:
464 1887 530 1939 ad
560 1888 1003 1955 septentrionem
1029 1906 1041 1940 :
1069 1903 1174 1940 non
1195 1897 1485 1940 revertetur
1507 1905 1667 1954 super
1700 1891 1738 1942 Β
1836 1892 1966 1960 Cap.
2008 1889 2210 1943 XLVII.
2239 1922 2304 1932 —-
2337 1893 2384 1943 I.
2416 1891 2480 1944 Et
2500 1891 2794 1944 introduxit
2826 1908 2906 1944 me
2937 1907 3096 1960 super
3125 1892 3288 1944 vesti-

148 1975 210 2026 tia
224 1985 390 2040 portae,
413 1975 465 2026 in
492 1989 660 2042 quam
697 1975 992 2043 ingressus
1022 1983 1122 2038 est,
1149 1974 1239 2029 sed
1264 1989 1295 2028 e
1321 1975 1532 2044 regione
1549 1975 1664 2043 ejus

149 2072 261 2115 recte
305 2063 625 2131 egredietur.
686 2063 788 2115 I0.
843 2061 908 2115 Et
953 2063 1059 2115 dux
1109 2063 1161 2115 in
1233 2063 1405 2115 medio
1457 2079 1664 2125 eorum,

150 2151 324 2218 quando
366 2151 780 2219 ingredientur,
828 2150 1156 2220 ingredietur
1184 2164 1240 2202 σι-
1270 2165 1390 2204 cum
1421 2151 1498 2203 eis
1534 2151 1581 2218 1,
1615 2159 1668 2204 et

149 2239 326 2306 quando
359 2239 737 2307 egred‘ieutur,
776 2239 1086 2308 egredietur
1118 2243 1184 2306 ΒΚ
1226 2255 1347 2292 eum
1388 2242 1466 2294 eis
1503 2242 1552 2309 1.
1581 2244 1663 2296 II.

151 2329 193 2380 In
217 2329 631 2391 solennitatibus,
658 2340 714 2381 et
750 2328 812 2381 iu
854 2329 1006 2382 festis
1036 2329 1138 2381 erit
1166 2345 1354 2382 manaa
1386 2330 1458 2397 (η)
1491 2341 1664 2383 satqu

152 2417 356 2482 juveneu,
391 2425 443 2469 et
475 2426 653 2470 satum
691 2416 881 2479 arieti,
930 2427 982 2469 et
1007 2417 1185 2484 agnis,
1236 2418 1375 2469 sicut
1404 2417 1668 2472 suﬂ‘eeerit

155 2521 310 2558 manus
333 2507 466 2573 ejus,
505 2516 557 2559 et
586 2505 648 2556 In
697 2505 811 2557 olei
848 2513 987 2558 salo.
1026 2504 1114 2557 I2.
1153 2504 1208 2557 Si
1259 2514 1436 2557 autem
1486 2505 1671 2560 fecerit

153 2594 236 2645 dux
283 2593 702 2654 confessionem,
755 2581 1126 2646 holocaustum
1189 2602 1280 2645 aut
1317 2593 1388 2661 (ο)
1421 2593 1668 2648 salutaris

158 2683 570 2746 )(voluutarium
612 2683 637 2750 1
677 2681 936 2741 Domino,
964 2688 1016 2732 et
1050 2681 1253 2748 aperiet
1280 2681 1383 2735 sibi
1406 2681 1505 2748 ipsi
1545 2698 1667 2749 por-

153 2780 234 2820 tam
271 2771 638 2837 respicientem
677 2785 878 2823 versus
923 2770 1206 2842 orientem,
1241 2781 1293 2822 et
1332 2770 1486 2823 faciet
1519 2772 1668 2824 bolo-

152 2869 358 2912 caestum
383 2876 563 2922 suum,
589 2869 646 2911 et
675 2873 806 2925 quae
835 2859 1027 2912 salutis
1061 2875 1190 2918 suae,
1225 2860 1666 2926 quemadmodum

154 2948 255 3000 facit
277 2951 322 3000 in
351 2951 434 3001 die
475 2949 846 3001 sabbatorum
894 2965 907 2999 :
945 2956 996 2999 et
1034 2948 1354 3016 egredietur,
1383 2958 1434 3000 et
1463 2949 1671 3000 claudet

153 3045 322 3100 portas.
371 3045 657 3104 postquam
709 3049 967 3102 egressus
1018 3033 1197 3097 fuerit,
1250 3035 1334 3086 15.
1377 3043 1428 3086 et
1473 3051 1665 3102 agnum

153 3125 421 3177 anniculam
452 3125 572 3179 sine
612 3123 835 3176 macula
868 3121 1026 3175 faciet
1055 3124 1106 3174 in
1141 3122 1506 3175 holocaustum
1533 3140 1668 3191 quo-

1763 1980 1944 2032 bulum
1980 1980 2192 2043 donms,
2248 1988 2302 2031 et
2342 1995 2463 2032 ecce
2510 1995 2646 2047 aqua
2690 1981 3058 2049 egrediebatur
3095 1980 3287 2033 de-sub

1762 2070 1991 2123 subdiali
2015 2069 2206 2122 domus
2228 2085 2418 2124 versus
2450 2071 2731 2132 orientem,
2763 2070 2886 2138 quia
2916 2070 3076 2124 facies
3095 2069 3289 2122 domus

1764 2159 2081 2224 respiciebat
2105 2174 2292 2212 versus
2313 2159 2594 2222 orientem,
2613 2169 2811 2224 etaqua
2844 2158 3193 2212 descendebat
3213 2157 3286 2225 (at)

1763 2262 1791 2298 a
1816 2246 1984 2298 latere
2011 2247 2076 2310 Χ
2106 2247 2298 2299 domus
2335 2247 2358 2313 1
2392 2245 2599 2309 dextro,
2621 2247 2688 2298 ab
2714 2257 2895 2300 austro
2922 2261 3082 2313 super
3100 2245 3288 2298 altare.

1762 2332 1816 2384 2.
1843 2331 1905 2383 Et
1935 2332 2118 2384 eduxit
2152 2347 2236 2383 me
2283 2346 2447 2398 super
2477 2333 2559 2383 via
2606 2340 2792 2398 portae,
2823 2347 2942 2400 quae
2982 2331 3051 2384 ad
3082 2331 3288 2397 aquilo-

1766 2434 1911 2482 nem,
1943 2427 1994 2470 et
2043 2418 2402 2470 circumduxit
2437 2434 2524 2470 me
2562 2419 2628 2471 ad
2673 2419 2812 2471 viam
2843 2427 3010 2486 porta:
3039 2417 3182 2470 foras
3222 2417 3288 2469 ad

1764 2517 1968 2573 portam
2001 2509 2064 2572 >ε<
2109 2507 2425 2558 exteriorem
2480 2507 2502 2573 1
2556 2507 2678 2558 atrii
2724 2505 3052 2572 respicientis
3101 2519 3290 2558 versus

1765 2595 2020 2646 orientem
2054 2611 2065 2645 :
2089 2604 2142 2647 et
2167 2608 2291 2646 ecce
2311 2609 2447 2661 aqua
2469 2594 2826 2647 descendebat
2843 2608 2873 2646 a
2901 2593 3286 2666 latere'dextro,

1766 2681 1816 2734 5.
1844 2683 1915 2751 (yl
1941 2684 2079 2734 sicut
2106 2683 2282 2734 exitus
2319 2682 2417 2733 viri
2443 2698 2506 2735 ex
2544 2683 2765 2734 adverso
2806 2701 2817 2735 :
2850 2693 2900 2736 et
2931 2698 3199 2739 mensura.
3236 2682 3290 2732 in

1769 2786 1926 2821 utanu
1949 2770 2083 2837 ejus,
2112 2779 2163 2823 et
2181 2785 2396 2826 mensus
2425 2779 2510 2823 est
2534 2770 2678 2823 mille
2704 2770 2754 2822 iu
2777 2785 3025 2822 mensura
3049 2779 3102 2822 et
3124 2779 3292 2822 trans-

1769 2859 1826 2910 iit
1884 2860 1935 2910 iu
1983 2875 2118 2926 aqua
2156 2859 2229 2926 (ι)
2272 2873 2463 2926 aquam
2504 2858 2854 2921 remissionis,
2898 2859 2951 2912 4.
2989 2866 3042 2910 et
3075 2872 3292 2910 mensus

1767 2957 1847 3000 est
1877 2948 1950 3016 (a)
2007 2949 2168 3010 mille,
2210 2958 2262 3001 et
2299 2947 2511 3000 transiit
2540 2948 2592 3000 in
2623 2963 2762 3015 aqua
2808 2962 3000 3014 aquam
3031 2961 3196 3013 usque
3223 2947 3291 2998 ad

1767 3036 1933 3089 latera
1968 3057 1978 3090 ε
2003 3047 2056 3090 et
2082 3052 2298 3090 mensus
2321 3047 2401 3088 est
2425 3036 2588 3100 mille,
2610 3047 2663 3089 et
2689 3035 2934 3088 transivit
2958 3050 3097 3102 aqua
3124 3050 3294 3101 usque

1767 3124 1831 3176 ad
1866 3124 2123 3177 lumbum.
2149 3124 2201 3176 5.
2230 3123 2293 3175 Et
2312 3139 2530 3177 mensus
2555 3124 2816 3188 estmille,
2839 3134 3034 3177 eteece
3064 3132 3292 3186 torrens,

153 3212 257 3266 tidie
296 3213 537 3278 Domino,
596 3227 767 3264 mane
799 3226 956 3263 mane
1002 3211 1162 3264 faciet
1198 3228 1341 3274 eum,
1383 3213 1467 3264 14.
1504 3212 1576 3280 (p)
1619 3223 1671 3266 ct
1695 3203 1738 3257 (αἶ
1769 3227 1924 3278 quem
1957 3227 2058 3264 non
2095 3212 2265 3278 potuit
2297 3211 2543 3275 transire,
2573 3212 2697 3278 quia
2743 3213 2814 3280 (b)
2846 3211 2996 3280 pluit,
3029 3211 3296 3263 diﬂluebat

154 3314 310 3352 manaa
345 3302 499 3354 faciet
519 3316 693 3369 super
727 3314 795 3353 eo
828 3318 841 3351 :
887 3314 1041 3352 mane
1069 3314 1222 3352 mane
1245 3311 1444 3352 sextam
1471 3310 1670 3367 partem

155 3403 409 3453 mensurae,
443 3403 494 3443 et
521 3392 711 3443 oleum
749 3389 961 3442 tertiam
1006 3396 1210 3455 partem
1252 3387 1305 3440 In
1334 3389 1401 3440 ad
1442 3389 1670 3442 miscen-

151 3477 254 3528 dum
303 3480 530 3531 similam
572 3494 778 3530 manaa
816 3476 1064 3539 Domino,
1092 3485 1408 3544 praeceptum
1441 3479 1506 3544 Χ
1535 3478 1671 3544 quod

152 3565 193 3616 in
218 3569 456 3620 sateulum
485 3569 506 3635 1
538 3567 756 3636 jugiter
786 3567 870 3617 15.
906 3564 1116 3617 facietis
1133 3581 1364 3632 agnum:
1393 3574 1446 3617 et
1467 3581 1674 3627 manaa,

148 3664 189 3705 et
209 3656 367 3707 oleum
401 3657 622 3708 facietis
673 3670 854 3714 tuane,
905 3654 1276 3707 holocaustum
1321 3652 1535 3721 jugiter.
1588 3653 1671 3705 I6.

153 3741 253 3794 Ilch
270 3744 390 3796 dicit
421 3744 638 3796 Adonai
679 3741 937 3794 Dominus
969 3760 982 3794 :
1017 3741 1072 3794 Si
1102 3740 1304 3794 dederit
1333 3741 1436 3792 dux
1477 3741 1673 3794 donum

149 3834 222 3882 uni
250 3850 307 3885 ex
343 3833 468 3887 filiis
515 3835 638 3886 suis
673 3831 739 3883 de
771 3831 1082 3884 haereditate
1110 3845 1226 3892 sua,
1265 3829 1367 3881 boc
1395 3827 1520 3882 filiis
1560 3830 1677 3897 ejus

149 3920 266 3972 erit:
296 3923 571 3988 possessio
605 3924 679 3986 )s(
714 3934 901 3971 eorum
936 3919 1049 3987 ipsa
1081 3919 1104 3983 1
1153 3917 1205 3970 in
1235 3918 1557 3970 haereditate.
1591 3918 1674 3971 I7.

148 4008 191 4058 Si
215 4021 380 4062 autem
409 4010 630 4063 dederit
654 4010 860 4063 donum
897 4011 961 4073 )s(
994 4007 1060 4060 de
1087 4006 1388 4059 liaaredilate
1413 4020 1507 4058 sua
1535 4005 1556 4071 1
1587 4006 1678 4058 nui

150 4108 202 4145 ex
231 4099 394 4150 servis
431 4099 577 4162 suis,
603 4106 662 4150 ct
686 4097 789 4150 erit
821 4095 870 4148 ei
899 4109 1070 4162 usque
1095 4094 1160 4146 ad
1186 4109 1383 4146 annum
1413 4093 1681 4146 dimissio-

143 4180 233 4244 nis,
258 4193 308 4234 et
337 4184 542 4237 redibit
577 4184 650 4236 ad
685 4185 897 4244 ducem,
931 4189 1122 4249 przeter
1154 4180 1510 4233 btereditatem
1543 4181 1679 4233 filio-

147 4281 246 4318 rum
273 4271 386 4337 ejus
416 4272 500 4324 eis
540 4263 673 4324 erit.
708 4270 795 4322 I8.
834 4271 899 4322 Et
933 4284 1037 4321 non
1071 4278 1244 4321 sumet
1285 4269 1393 4321 dux
1425 4270 1488 4322 de
1513 4271 1679 4322 luere-

143 4357 286 4412 ditate
315 4362 503 4428 pepuli
534 4361 625 4414 sui
659 4361 726 4412 ad
759 4359 1166 4426 opprimendum
1197 4373 1289 4412 eos
1326 4375 1340 4411 :
1371 4359 1436 4410 de
1470 4373 1682 4427 posses-

145 4445 274 4500 siane
317 4465 414 4502 sua
462 4453 534 4516 >ε<
582 4450 654 4503 de
701 4448 1009 4500 ltzercditale
1043 4463 1137 4500 sua
1187 4447 1208 4514 1
1259 4446 1492 4506 bzeredes
1530 4445 1682 4499 faciet

143 4533 261 4589 lilios
286 4554 438 4599 suos,
471 4551 536 4590 ut
584 4552 656 4590 ne
683 4538 1027 4604 dispergatur
1065 4535 1289 4602 populus
1326 4550 1474 4586 meus
1518 4551 1680 4586 unus-

143 4623 350 4690 quisque
385 4627 455 4678 de
499 4624 857 4693 possessione
887 4640 1004 4676 sua.
1056 4623 1139 4676 I9.
1185 4623 1249 4674 Et
1280 4623 1573 4674 introduxit
1601 4636 1683 4674 me

145 4709 186 4758 in
208 4709 538 4779 ingressum,
585 4729 708 4780 quae
741 4722 929 4765 contra
962 4722 1226 4772 austrum,
1268 4722 1451 4778 portae,
1486 4711 1535 4761 in
1564 4725 1684 4762 exe-

143 4796 271 4850 dram
326 4801 712 4860 Sanctorum,
768 4802 1140 4860 sacerdotum,
1192 4800 1561 4866 respicientem
1621 4801 1684 4850 ad

1769 3314 1929 3365 aqua,
1958 3299 2094 3351 sicut
2119 3299 2346 3366 impetus
2367 3301 2637 3362 torrentis,
2670 3301 2759 3367 qui
2780 3316 2884 3353 non
2911 3301 3293 3369 poterittrans-

1772 3385 1857 3438 iri.
1892 3387 1942 3437 6.
1973 3385 2036 3437 Et
2069 3385 2203 3438 dixit
2231 3384 2297 3436 ad
2327 3399 2409 3436 me
2435 3403 2448 3435 :
2473 3383 2527 3435 Si
2559 3386 2754 3444 vidisti,
2788 3386 2860 3438 fili
2920 3385 3188 3438 hominis?
3231 3384 3295 3434 Et

1773 3473 1926 3524 duxit
1953 3486 2057 3533 me,
2088 3473 2153 3537 Ξ(
2179 3480 2232 3523 et
2259 3470 2519 3522 convertit
2545 3486 2628 3523 me
2653 3473 2675 3537 1
2704 3487 2863 3538 super
2897 3472 3092 3523 labium
3127 3472 3292 3533 ﬂuvii,

1773 3561 1826 3611 7.
1861 3560 1914 3610 in
1941 3559 2292 3611 conversione
2338 3572 2454 3609 mea
2489 3575 2503 3609 :
2536 3565 2589 3609 et
2628 3573 2750 3609 cccc
2785 3573 2944 3624 super
2973 3558 3112 3608 Iabio
3151 3558 3295 3608 ﬂuvii

1775 3650 1994 3702 arbores
2022 3648 2200 3704 multa:
2225 3646 2510 3699 admodum
2533 3646 2655 3698 hinc
2676 3655 2728 3699 et
2760 3646 2896 3699 inde.
2919 3647 2967 3700 8.
2998 3644 3206 3699 Ettlixit
3229 3642 3295 3698 ad

1777 3755 1858 3790 me
1889 3757 1903 3791 :
1939 3740 2083 3805 Aqua
2108 3738 2238 3800 hac,
2261 3753 2379 3804 qua:
2401 3737 2668 3805 egreditur
2687 3737 2738 3788 in
2775 3738 2842 3806 (c)
2870 3737 3158 3795 Galilaeam,
3181 3754 3297 3804 qua:

1777 3827 1840 3880 ad
1865 3827 2138 3888 orientem,
2179 3836 2229 3879 et
2259 3825 2618 3879 descendebat
2640 3841 2800 3892 super
2833 3825 3102 3889 Arabiam,
3133 3835 3185 3877 et
3211 3842 3300 3876 ve—

1778 3917 1957 3968 niebat
1990 3930 2157 3981 usque.
2179 3915 2242 3966 ad
2279 3928 2425 3966 mare
2462 3928 2620 3981 super
2649 3929 2840 3981 aquam
2879 3906 3052 3966 exitus
3079 3931 3091 3964 :
3119 3923 3171 3965 et
3209 3927 3298 3964 sa-

1778 4003 1926 4055 nabit
1965 4017 2132 4069 aquas
2171 4019 2183 4052 :
2217 4002 2268 4054 9.
2308 4013 2359 4053 et
2401 4001 2503 4054 erit
2546 4000 2722 4053 omnis
2767 4001 2943 4052 anima
2988 3999 3297 4052 animalium

1778 4090 2107 4158 lt-prosorum
2149 4088 2430 4152 factorum,
2479 4103 2638 4156 super
2688 4087 2886 4151 omnia,
2938 4103 3056 4155 qua:
3097 4087 3303 4139 venerit

1779 4194 1936 4246 super
1955 4194 2015 4230 ea
2044 4178 2129 4232 ille
2153 4177 2364 4242 ﬂuvius,
2397 4178 2534 4231 vivet
2561 4196 2573 4231 :
2601 4186 2653 4230 et
2676 4187 2832 4230 erunt
2859 4177 2926 4229 ibi
2956 4177 3124 4244 pisres
3151 4177 3304 4229 multi

1779 4269 2088 4328 admodum,
2123 4269 2246 4334 quia
2278 4269 2452 4320 veniet
2492 4267 2617 4320 illuc
2635 4282 2776 4334 aqua
2823 4267 2952 4326 hate,
2985 4275 3038 4318 et
3071 4267 3300 4322 sanabit.

1780 4368 1832 4410 et
1873 4358 2031 4419 vivet,
2075 4357 2326 4424 quiequid
2359 4357 2560 4408 venerit
2607 4372 2765 4422 super
2815 4355 2940 4407 illud
2993 4355 3204 4416 ﬂuvius,
3239 4359 3308 4418 Β(

1783 4447 1852 4497 ibi
1887 4448 1908 4513 1
1948 4447 2105 4498 vivet.
2141 4447 2224 4498 I0.
2259 4444 2321 4496 Et
2365 4446 2577 4497 stabunt
2605 4445 2678 4513 (ιι)
2713 4460 2872 4512 super
2908 4460 2972 4498 eo
3012 4445 3310 4511 piscatores

1779 4540 1845 4602 λς(
1880 4537 2027 4587 multi
2067 4537 2088 4603 1
2133 4537 2198 4586 ab
2241 4534 2426 4600 Iu-god
2473 4544 2526 4587 et
2562 4551 2730 4602 usque
2780 4535 2844 4586 ad
2901 4534 3126 4602 lu-eglin
3180 4554 3192 4587 :
3236 4534 3304 4601 (ε)

1775 4625 2028 4690 cxpausio
2050 4626 2239 4676 retium
2263 4625 2382 4685 erit,
2411 4638 2438 4674 a
2471 4640 2528 4676 se
2554 4634 2606 4676 et
2625 4625 2724 4676 sibi
2755 4625 2854 4676 erit
2877 4643 2892 4678 :
2917 4633 2970 4676 et
2996 4624 3164 4690 pisces
3188 4625 3307 4690 ejus

1778 4715 1915 4766 sicut
1956 4715 2126 4781 pisces
2160 4713 2322 4766 lll'diIS
2355 4715 2550 4782 magni,
2596 4714 2881 4766 multitudo
2927 4714 3090 4766 multa
3134 4713 3302 4764 valde.

1783 4802 1863 4852 II.
1899 4802 1960 4868 (Ῑ)
1996 4802 2057 4852 Et
2080 4802 2130 4852 iu
2157 4802 2301 4853 exitu
2329 4801 2465 4868 ejus,
2497 4816 2549 4854 οξ
2581 4811 2634 4854 et
2664 4803 2716 4854 in
2743 4803 3092 4854 conversione
3111 4799 3226 4866 ejus
3256 4799 3303 4863 ζ,

147 4889 429 4952 aquilonem
464 4909 478 4943 :
515 4900 576 4943 et
606 4905 734 4943 ecce
763 4890 836 4941 ibi
869 4889 1017 4942 locus
1041 4897 1342 4954 separatus,
1371 4888 1459 4940 ‘20.
1485 4897 1536 4940 et
1556 4887 1689 4939 dixit
1781 4899 1831 4941 et
1869 4891 1918 4940 iu
1970 4890 2234 4956 superﬂua
2270 4891 2499 4943 elatione
2524 4891 2640 4958 ejus
2685 4907 2787 4944 non
2817 4893 2888 4960 (g)
2919 4890 3182 4944 sanabunt
3214 4904 3226 4940 :
3253 4887 3303 4937 ill

202 5060 268 5128 (It)
292 5058 567 5112 MANAA.
645 5058 707 5124 (Ι)
751 5057 836 5128 In.
903 5057 994 5124 (ut)
1028 5058 1112 5119 8.,
1139 5069 1189 5110 ct
1219 5073 1378 5128 super
1418 5059 1599 5128 eadem
1637 5058 1718 5110 via
1745 5059 1903 5128 ejus._
1955 5060 2029 5123 (nl.
2061 5059 2216 5125 Opbi.
2292 5058 2364 5128 (υ)
2391 5057 2697 5111 Pacilicum.
2773 5060 2848 5128 (p)
2880 5058 2943 5111 Et
2965 5058 3303 5128 saerkiﬂcium.

147 5124 208 5191 (τι)
234 5127 347 5191 Tir,
395 5129 473 5195 in,
501 5128 712 5195 angulo
739 5126 884 5178 atrii.
959 5130 1026 5189 (rt
1064 5129 1146 5195 8.,
1175 5127 1375 5195 atrium
1409 5125 1669 5195 adhaerens

1778 5127 1842 5193 (δ)
1868 5124 2120 5195 S.,7ordo’
2140 5141 2231 5193 per
2260 5124 2537 5195 circuitum
2562 5138 2677 5180 erat
2713 5127 2764 5179 in
2783 5124 2903 5180 "eis.
2978 5126 3039 5195 (ι)
3063 5125 3142 5190 8.,
3170 5131 3308 5195 sepi-

150 5203 326 5264 tuenta.
403 5194 486 5262 (τι)
517 5193 608 5264 8.,
645 5194 894 5264 Domino.
968 5196 1045 5260 (ιο)
1066 5193 1147 5253 8.,
1173 5193 1471 5253 Tlt.,desub
1488 5194 1710 5246 humero
1741 5193 2181 5264 dextrodomus“
2225 5195 2296 5264 (y)
2321 5193 3304 5264 Egrediebaturvirversusorieutcu-‘,

146 5260 220 5309 eui
268 5271 384 5312 erat
415 5260 729 5331 'l'uniculus
779 5275 1036 5312 mensura-
1073 5275 1228 5325 supcr
1255 5275 1411 5331 tuanu
1466 5279 1478 5313 :
1513 5271 1719 5331 etcum
1762 5276 1975 5314 mensus
2003 5273 2142 5315 esset
2171 5260 2314 5314 inille
2345 5260 2570 5324 cubitos,
2601 5263 2832 5315 traduxit
2872 5278 2955 5315 me
2997 5277 3088 5330 per
3115 5279 3306 5331 aquam

151 5338 300 5401 usque
314 5331 382 5380 ad
426 5330 578 5401 talos
610 5347 622 5380 :
651 5337 705 5378 et
730 5341 854 5378 cum
885 5341 1096 5378 mensus
1122 5339 1260 5378 esset
1290 5329 1450 5401 mille,
1472 5329 1704 5401 traduxit
1727 5345 1810 5381 me
1842 5345 1931 5395 per
1951 5345 2142 5397 aquam
2169 5346 2337 5396 usque
2366 5331 2631 5401 adugenua
2658 5347 2671 5381 :
2700 5339 2753 5382 et
2785 5345 2901 5382 cum
2935 5329 3149 5385 mensus
3167 5329 3310 5385 ess-t

151 5395 296 5466 mille,
334 5395 592 5466 traduxit
621 5409 711 5445 me
739 5407 833 5466 per
862 5407 1050 5458 aquam
1088 5407 1250 5466 usque
1278 5395 1341 5466 ad
1375 5395 1610 5466 lumbum
1639 5413 1650 5446 ε
1685 5405 1738 5448 et
1789 5412 1908 5449 cum
1955 5395 2170 5449 mensus
2202 5395 2340 5466 esset
2380 5397 2540 5466 mille,
2585 5398 2778 5466 rivum,
2802 5413 2976 5466 quem
3025 5416 3128 5452 non
3162 5401 3308 5466 potui

150 5463 384 5534 transire,
414 5465 554 5534 quia
579 5459 903 5534 praevalebat
923 5475 1060 5534 aqua
1085 5459 1343 5534 profunda
1371 5462 1496 5534 rivi“.
1524 5464 1612 5529 qui
1652 5479 1755 5534 non
1786 5473 1992 5534 poterat
2016 5464 2250 5534 transiri.
2355 5467 2426 5534 μ)
2455 5462 2629 5534 Usque
2653 5465 2715 5517 ad
2743 5459 2896 5517 talos.
2972 5466 3043 5534 (a)
3071 5466 3126 5518 In
3160 5459 3307 5519 ineu-

153 5538 281 5600 ειη-ε.
333 5525 885 5600 χϋγδμρὶξτὺξᾳῃῃξξ.
921 5525 1284 5600 Praevaieutes.
1362 5527 1428 5595 (c)
1459 5525 1553 5600 S.,'
1575 5525 1856 5583 terminum
1890 5531 2217 5600 orientalem,
2248 5540 2299 5582 et
2336 5525 2607 5600 descendit
2637 5525 3037 5600 superterram,’
3061 5549 3178 5600 qua:
3202 5551 3307 5585 nou

166 5603 234 5644 est
265 5589 605 5649 habitabilis.
686 5592 766 5657 (d)
800 5589 907 5657 lbi.
965 5594 1031 5654 (e)
1062 5589 1627 5650 Extensione‘s'retium
1656 5609 1828 5651 erunt.

1145 5597 1403 5669 tensiones
1440 5597 1627 5650 retium
1656 5609 1828 5651 erunt.
1902 5599 1967 5667 (ί)
1993 5597 2073 5661 8.,
2100 5613 2219 5651 cum
2249 5610 2372 5652 vero
2401 5597 2733 5666 egrediuntur
2761 5599 2825 5652 ad
2847 5615 2926 5664 ea,
2949 5597 3309 5669 quae—propiu-

158 5672 264 5723 ψη,
301 5680 406 5717 non
434 5656 817 5716 sanabuntur.
890 5656 1407 5724 (g)Sauctilieal2unt.
2062 5656 2070 5661 ⁷
2300 5709 2302 5711 ,
