3874 6346
869 417 1009 481 2765

1908 417 2131 475 CODEX
2170 412 2250 472 SY
2263 410 2533 472 RIACO‘H
2541 416 2623 470 EX
2633 417 2801 474 APLA
2813 413 2940 473 RIS.

876 534 953 592 Bal
979 539 1100 590 data
1123 542 1266 597 sunt,
1302 533 1385 585 l2.
1411 540 1461 583 et
1491 546 1650 599 super
1672 530 1831 585 ﬂuvio
1868 528 1943 599 (h)
1974 527 2225 583 ascendet
2240 540 2398 593 super
2426 529 2469 583 Α
2498 540 2557 578 ea
2606 542 2723 595 quae
2748 529 2810 581 ad
2843 542 3024 589 mare,
3064 525 3137 594 (0)
3190 530 3387 577 erunt
3422 535 3482 589 pl

878 627 1017 679 labio
1041 624 1157 691 ejus
1200 622 1322 674 hinc
1353 628 1405 673 et
1442 619 1564 672 inde
1606 632 1764 672 omne
1804 619 2003 686 lignum
2046 617 2395 673 esculentum,

878 724 981 767 non
1010 717 1300 766 veterascet
1341 723 1500 776 super
1541 723 1626 767 eo,
1680 722 1850 775 neque
1901 707 2110 760 deliciet
2150 721 2163 756 :
2196 704 2399 755 fructus

877 804 994 870 ejus
1025 794 1271 853 novitatis
1305 796 1564 867 primitias
1586 798 1751 858 dabit,
1784 796 1908 864 quia
1941 808 2091 861 aqua;
2118 805 2304 845 eorum
2334 804 2397 841 ex

879 889 1196 943 Sanctuario
1244 888 1322 939 ha:
1348 887 1713 953 egrediuntur,
1750 894 1799 937 et
1830 884 1929 937 erit
1964 882 2169 935 fructus
2214 893 2397 931 eorum

878 969 928 1025 in
955 971 1151 1034 cibum,
1183 980 1235 1024 et
1258 986 1470 1039 germen
1511 986 1694 1023 eorum
1728 971 1778 1022 in
1825 971 2125 1023 sanitatem.
2164 968 2243 1020 15.
2280 966 2401 1019 llaec

873 1061 1004 1114 dicit
1042 1061 1296 1113 Dominus
1326 1060 1464 1113 Deus
1493 1077 1505 1113 :
1542 1060 1602 1112 lli
1637 1068 1761 1127 sunt
1795 1058 2009 1111 termini
2049 1066 2222 1119 teme,
2263 1070 2399 1123 quos

874 1147 1274 1211 baereditabitis,
1295 1149 1574 1202 duodecim
1598 1149 1842 1202 tribubus
1871 1146 2098 1199 filiorum
2115 1144 2320 1198 lsraelis
2338 1143 2398 1212 (ὅ)

874 1242 1212 1311 augmentum
1270 1237 1516 1293 funiculi.
1576 1238 1662 1289 Η.
1712 1236 1776 1289 Ει
1844 1234 2224 1288 haereditabitis
2280 1247 2397 1286 eam

874 1329 1269 1395 unusquisque,
1307 1327 1443 1381 sicut
1489 1325 1654 1379 frater
1690 1326 1827 1390 ejus,
1857 1336 2016 1392 snper
2042 1338 2202 1391 quam
2232 1322 2398 1376 levavi

873 1426 1090 1470 maritim
1126 1432 1316 1476 meam,
1341 1417 1404 1468 ad
1434 1415 1667 1468 dandUm
1694 1428 1808 1467 eam
1834 1413 2075 1483 patribus
2100 1427 2284 1467 eorum
2312 1428 2326 1465 :
2349 1420 2401 1465 et

874 1504 1028 1556 cadet
1066 1514 1206 1556 terra
1254 1505 1366 1557 haec
1406 1503 1553 1557 vobis
1594 1504 1645 1555 in
1695 1504 2075 1556 lizereditatem.
2121 1502 2206 1555 l5.
2251 1497 2316 1554 Et
2346 1500 2399 1554 IlI

876 1593 1089 1646 termini
1131 1602 1304 1655 terrae,
1349 1609 1468 1660 qua:
1493 1593 1558 1645 ad
1608 1593 1928 1660 aquilonem,
1962 1607 1991 1644 a
2036 1592 2167 1644 mari
2209 1606 2400 1660 magno

820 1668 825 1673 ’
875 1681 1231 1734 descendente
1257 1690 1308 1733 et
1331 1681 1679 1743 disrindente,
1715 1682 1962 1736 introitus
1990 1682 2180 1745 Sedad,
2210 1683 2293 1734 i6.
2330 1679 2398 1749 (k)

878 1758 1127 1830 Ilamatb,
1153 1762 1683 1841 Berutbsepbarvaim
1712 1769 1848 1821 inter
1875 1771 2130 1823 terminos
2157 1769 2399 1823 Damasci

876 1864 929 1909 ct
961 1856 1097 1908 inter
1121 1857 1376 1909 terminos
1404 1855 1648 1919 Hamatli,
1681 1858 1874 1909 atrium
1900 1857 1959 1925 (ι)
1990 1856 2251 1919 Tliicbon,
2280 1872 2399 1924 qua:

878 1952 1177 2012 suntsupra
1204 1944 1460 1998 terminos
1495 1943 1731 1997 llauran.
1765 1946 1847 1996 l7.
1871 1945 2158 1998 llitermini
2181 1961 2210 1998 a
2234 1947 2394 1998 mari:

876 2034 942 2086 ab
970 2034 1106 2085 atrio
1136 2030 1334 2094 IEnan,
1374 2034 1581 2086 termini
1611 2033 1874 2099 Damasci,
1901 2044 1951 2088 et
1980 2035 2070 2102 qui
2098 2034 2164 2087 ad
2197 2035 2402 2103 aquilo-

876 2134 997 2174 nem
1031 2123 1098 2188 χ(
1139 2136 1298 2189 super
1338 2122 1663 2189 aquilonem,
1693 2132 1745 2175 et
1768 2124 2027 2177 terminus
2056 2122 2148 2192 (m)
2182 2126 2247 2189 >ς<
2278 2123 2399 2176 Asi-

876 2209 1043 2271 tnoth,
1072 2218 1123 2262 ct
1153 2209 1411 2263 terminus
1441 2211 1837 2277 septentrionis.
1873 2210 1961 2263 18.
1993 2207 2188 2264 Versus
2212 2209 2400 2263 faciem

874 2296 1098 2349 orientis
1138 2292 1159 2363 ε
1191 2295 1327 2349 inter
1358 2292 1592 2360 llauran,
1624 2306 1672 2350 et
1703 2297 1840 2350 inter
1872 2297 2207 2361 Damascum,
2239 2309 2291 2351 et
2323 2297 2403 2351 in-

874 2387 954 2434 ter
977 2380 1364 2446 Galaaditiden,
1405 2391 1457 2435 et
1487 2384 1624 2436 inter
1652 2392 1846 2436 terram
1887 2382 2116 2447 lsraelis,
2154 2380 2401 2440 Iordanis

876 2469 1214 2523 disterminat
1240 2483 1401 2538 super
1424 2486 1592 2534 mare,
1624 2473 1763 2540 quod
1787 2474 1851 2526 ad
1888 2473 2145 2526 orientem
2166 2475 2398 2541 palmeti.

881 2555 944 2609 Hi
972 2559 1063 2627 qui
1102 2559 1164 2611 ad
1192 2561 1473 2614 orientem.
1502 2561 1586 2614 l9.
1627 2562 1801 2629 thui
1832 2562 1894 2615 ad
1926 2573 2167 2616 austrum
2191 2572 2243 2616 et
2274 2562 2403 2617 afri-

875 2658 995 2697 cum
1030 2660 1058 2697 a
1110 2640 1385 2709 Tbaeman,
1421 2662 1479 2700 -z-
1524 2659 1575 2701 et
1612 2650 1842 2715 palmeto
1884 2666 2051 2717 usque
2096 2652 2160 2704 ad
2208 2667 2402 2719 aquam

876 2724 1138 2784 Mariboth
1178 2733 1354 2796 Cadis,
1382 2735 1454 2802 (η)
1486 2751 1543 2788 se
1587 2737 1879 2788 extendens
1922 2752 2081 2803 super
2113 2753 2259 2790 mare
2290 2754 2403 2791 ma-

877 2835 1059 2888 gnum.
1087 2821 1175 2873 20.
1206 2820 1327 2876 Haec
1344 2819 1474 2891 pars
1504 2826 1670 2877 austri
1698 2834 1749 2877 et
1773 2824 1944 2887 africi,
1970 2826 2081 2879 haec
2104 2842 2224 2893 pars
2243 2828 2405 2883 maris

878 2906 945 2976 Ἀ(
976 2910 1140 2965 maris
1174 2912 1196 2980 ζ
1224 2914 1400 2981 magni
1432 2913 1764 2966 disterminat
1803 2928 1972 2981 usque
2005 2925 2186 2968 contra
2218 2917 2405 2971 introi-

878 3005 988 3052 tum
1015 2999 1261 3063 llamath,
1291 3015 1353 3056 ot—
1374 3017 1544 3070 usque
1565 3002 1628 3055 ad
1658 3003 1929 3055 introitum
1956 3005 2070 3071 ejus
2096 3006 2139 3072 ζ.
2167 3004 2230 3057 Ili
2259 3015 2401 3071 sunt,

2501 615 2681 683 viginti
2729 624 2783 669 et
2836 616 3078 683 quinque
3135 612 3332 665 millia
3392 611 3478 662 lat

2499 703 2635 756 sicut
2688 718 2790 755 una
2831 720 2894 757 ex
2956 703 3214 771 partibus
3270 701 3351 754 ab
3397 700 3475 752 iis

2498 802 2552 844 et
2595 808 2766 860 usque
2827 794 2890 845 ad
2935 808 2996 846 ea
3045 806 3169 860 qua:
3214 790 3296 842 ad
3341 804 3481 842 mar

2500 881 2634 931 rium
2670 882 2721 932 in
2772 881 2943 933 medio
2990 895 3215 933 eorum.
3259 878 3376 947 (9).
3423 877 3482 929 Pl

2499 970 2692 1022 rabunt
2724 968 2951 1022 Domino
2975 1008 2989 1032 ,
3019 968 3328 1037 longitudo
3372 966 3479 1035 qui

2500 1056 2600 1115 lia,
2632 1065 2684 1109 et
2724 1056 2946 1109 latitudo
2973 1055 3045 1125 (p)
3091 1056 3299 1109 decem
3333 1056 3482 1107 milli

2500 1144 2747 1211 primitiae
2809 1144 3133 1198 Sanctorum
3202 1144 3482 1198 ποθι-ἀοι

2500 1246 2619 1284 nem
2664 1231 2900 1300 quinque
2936 1240 2988 1286 et
3044 1233 3242 1301 viginti
3293 1233 3482 1285 millia

2499 1321 2627 1374 tudo
2677 1321 2860 1375 decem
2912 1322 3121 1386 millia,
3172 1324 3253 1389 >ε<
3331 1331 3396 1375 et
3445 1337 3478 1373 a

2499 1407 2680 1460 decem
2718 1408 2880 1460 millia
2915 1408 2961 1475 ζ,
2994 1417 3047 1461 et
3074 1408 3141 1461 ad
3184 1416 3475 1461 austrum

2499 1497 2733 1564 quinque
2756 1498 2941 1559 millia,
2970 1498 3041 1565 (q)
3068 1507 3122 1551 et
3143 1498 3259 1550 erit
3284 1512 3471 1549 mons

2499 1586 2615 1652 ejus
2658 1586 2738 1637 ll.
2784 1586 3195 1649 sacerdotibus,
3237 1586 3479 1640 sanctiti

2501 1672 2923 1727 custodientibus
2964 1675 3253 1727 custodias
3286 1674 3477 1727 domn

2502 1761 2554 1811 in
2589 1774 2769 1813 errore
2794 1760 3028 1812 ﬁliorum
3058 1757 3312 1825 lsraelis,
3347 1776 3482 1828 que!

2500 1849 2712 1904 Levitaa.
2758 1850 2845 1903 12.
2877 1850 2942 1903 Et
2967 1858 3128 1903 erunt
3169 1850 3263 1904 eis
3293 1850 3478 1918 primi

2498 1945 2671 1998 terrae,
2705 1935 2961 1991 Sanctum
2998 1934 3346 1992 Sanctorum
3379 1936 3455 1990 de

2498 2022 2582 2076 15.
2608 2022 2806 2077 Levitis
2832 2033 3010 2077 autem
3045 2039 3167 2092 quae
3185 2024 3482 2091 propinqu

2497 2114 2943 2181 tum,quinqueet
2967 2113 3158 2181 viginti
3179 2113 3370 2166 millia
3396 2113 3481 2165 lor

2498 2216 2610 2254 cem
2626 2202 2818 2254 millia:
2847 2202 3337 2269 omnislongitudo
3355 2200 3482 2270 qui:

2499 2298 2551 2342 et
2572 2289 2794 2343 latitudo
2814 2291 2995 2343 decem
3020 2291 3214 2344 millia.
3250 2291 3348 2343 14.
3380 2288 3482 2342 Nai

2501 2377 2567 2445 (r)
2591 2393 2693 2430 non
2716 2379 3196 2442 mensurabuntur,
3235 2393 3349 2432 nec
3382 2393 3482 2445 sep

2502 2467 2588 2519 tiae
2620 2475 2975 2533 proventuum
3016 2476 3203 2525 terras.
3237 2467 3381 2535 quia
3417 2466 3482 2521 Sa

2501 2554 2586 2606 15.
2630 2553 2873 2621 Quinque
2897 2567 3076 2609 autem
3109 2557 3287 2609 millia
3319 2572 3482 2625 supel

2502 2641 2685 2694 tudine
2710 2657 2869 2709 super
2902 2643 3085 2711 viginti
3113 2654 3169 2696 et
3189 2645 3458 2712 quinque

2500 2731 2599 2782 erit
2629 2730 2747 2781 urbi
2779 2730 2830 2782 in
2877 2731 3256 2785 habitaculum
3288 2773 3305 2797 ,
3338 2742 3399 2785 et
3447 2735 3482 2785 ii

2501 2827 2554 2871 et
2587 2820 2691 2871 erit
2735 2819 2862 2872 urbs
2910 2821 2961 2872 in
3016 2822 3198 2874 medio
3247 2824 3403 2890 ejus.
3464 2824 3482 2875 l

2502 2909 2618 2972 ejus
2654 2919 2669 2958 :
2704 2906 2772 2958 ab
2821 2906 2884 2975 (t)
2928 2907 2994 2962 iis
3024 2926 3147 2976 qua:
3201 2912 3274 2964 ad
3311 2913 3482 2980 aquilr

2504 2996 2647 3050 mille
2671 3004 2878 3063 quater,
2904 2999 3046 3051 etab
3074 3000 3139 3053 iis
3167 3016 3303 3068 qua:
3336 3003 3408 3054 ad
3439 3018 3482 3053 ιιι

877 3088 969 3155 qui
1010 3074 1083 3142 ad.
1114 3106 1262 3143 mare
1290 3105 1348 3144 -ε-
1377 3090 1602 3143 llamath
1641 3093 1687 3158 ζ.
1720 3091 1806 3146 21.
1838 3092 1901 3145 Et
1932 3094 2177 3150 dividetis
2210 3103 2400 3149 terram

1950 3094 2177 3150 ιίνίάειῖε
2210 3103 2400 3149 ιρι-τευ,
2430 3115 2472 3173 G
2508 3086 2671 3137 Inillia
2698 3095 2951 3153 quatuor,
2980 3097 3033 3140 et
3059 3088 3127 3140 ab
3148 3089 3221 3143 iis
3250 3106 3381 3158 qua:
3410 3091 3480 3143 ad

878 3170 1017 3231 banc
1033 3177 1133 3242 eis,
1163 3179 1408 3232 tribubus
1431 3179 1766 3235 lsraelis.22.
1795 3180 2007 3235 Miltt‘lis
2037 3197 2151 3235 eam
2185 3184 2235 3235 in
2261 3192 2404 3238 sorte

878 3264 1050 3326 vobis,
1086 3272 1138 3318 et
1174 3267 1392 3320 advenis
1430 3269 1890 3322 commorantibns
1924 3271 1976 3321 in
2008 3273 2182 3324 medio
2221 3274 2402 3335 vestri,

878 3352 970 3420 qui
1004 3363 1300 3421 genuerunt
1325 3353 1460 3407 filios
1489 3354 1540 3406 in
1568 3356 1739 3407 medio
1765 3355 1948 3418 vestri,
1988 3365 2040 3409 et
2074 3366 2230 3410 erunt
2254 3357 2405 3412 vobis

877 3442 1031 3508 quasi
1065 3442 1171 3493 nati
1199 3442 1429 3510 regionis
1455 3442 1506 3494 in
1527 3444 1645 3497 filiis
1671 3442 1879 3497 lsraelis
1902 3462 1915 3497 :
1939 3461 2059 3498 cum
2081 3447 2228 3499 vobis
2249 3454 2407 3500 erunt

878 3529 933 3580 ln
963 3528 1266 3581 limreditate
1287 3529 1338 3581 in
1366 3530 1541 3582 medio
1568 3530 1798 3583 tribuum
1818 3529 2151 3597 lsraelis,?ﬁ.
2172 3540 2224 3587 et
2249 3540 2409 3586 erunt

877 3612 933 3669 in
958 3616 1099 3669 tribu
1147 3617 1470 3670 advenarum
1506 3618 1558 3670 in
1604 3620 1842 3680 advenis,
1888 3621 1978 3686 qui
2013 3636 2134 3675 cum
2179 3622 2300 3675 eis:
2332 3620 2405 3674 ibi

875 3704 1073 3760 dabitis
1102 3705 1459 3759 haereditatem
1479 3706 1576 3770 eis,
1608 3706 1736 3760 dicit
1762 3706 2019 3762 Dominus
2041 3707 2201 3762 Deus.

941 3795 1070 3864 Cap.
1099 3794 1320 3851 XLVIII.
1339 3826 1406 3837 —
1434 3798 1480 3850 l.
1505 3797 1568 3851 Et
1589 3799 1699 3852 hazc
1724 3801 1938 3853 nomina
1964 3801 2197 3855 tribuum
2219 3801 2282 3854 ab
2305 3801 2406 3855 ini-

877 3878 987 3947 tio,
1021 3884 1164 3952 quod
1205 3886 1269 3938 ad
1307 3886 1647 3953 aquilonem,
1680 3902 1839 3955 super
1872 3899 2071 3955 partem
2118 3892 2406 3945 descensus

874 3970 1221 4028 discindentis
1267 3990 1425 4044 super
1464 3976 1742 4029 introitum
1789 3974 2013 4031 llamatb
2041 3980 2160 4033 atrii
2194 3979 2402 4044 Elam,

876 4062 1139 4116 terminus
1167 4060 1406 4118 Damasci
1431 4065 1495 4117 ad
1519 4067 1815 4133 aquilonem
1858 4083 2041 4122 versus
2071 4078 2270 4136 partem
2300 4068 2405 4122 lla-

876 4150 1021 4204 matb
1042 4165 1098 4207 -ξ-
1122 4153 1240 4206 atrii
1266 4154 1287 4222 ζ
1315 4170 1327 4203 :
1352 4157 1690 4220 etcrunteis,
1720 4172 1837 4224 qua:
1865 4157 1929 4209 ad
1959 4159 2214 4212 orientem
2237 4175 2406 4227 usque

874 4239 939 4291 ad
968 4252 1130 4304 mare,
1166 4243 1272 4294 Dan
1302 4259 1424 4296 una.
1443 4244 1495 4296 2.
1527 4242 1589 4296 Et
1613 4260 1642 4296 a
1671 4245 1911 4299 terminis
1938 4245 2069 4311 Dan,
2093 4249 2159 4301 ab
2189 4248 2254 4303 iis
2287 4265 2405 4316 quae

874 4327 939 4380 ad
970 4330 1225 4384 orientem
1254 4346 1423 4400 usque
1454 4333 1517 4385 ad
1546 4348 1607 4386 ea
1639 4348 1755 4401 quae
1783 4334 1847 4387 ad
1876 4350 2019 4387 mare
2039 4375 2052 4399 ,
2089 4339 2248 4390 Asser
2277 4354 2400 4391 una.

2503 3184 2556 3229 et
2584 3174 2747 3227 millia
2767 3184 3020 3242 quatuor,
3054 3186 3107 3229 et
3141 3178 3215 3232 ab
3248 3179 3321 3235 iis
3352 3196 3482 3248 quae

2502 3271 2555 3315 ct
2585 3262 2724 3315 mille
2767 3272 2976 3329 quater.
3026 3264 3113 3317 l7.
3154 3267 3223 3319 Et
3255 3268 3365 3320 erit
3394 3269 3474 3337 (ιι)

2503 3348 2805 3415 aquilonem
2840 3349 3057 3403 ducenti
3101 3362 3156 3405 et
3189 3354 3482 3424 quinquag

2503 3436 2715 3489 ducenti
2741 3446 2794 3490 et
2820 3438 3224 3508 quinquaginta
3253 3482 3268 3506 ,
3304 3452 3362 3496 et
3394 3443 3462 3495 ad

2504 3526 2911 3596 quinquaginta,
2939 3540 2993 3581 et
3024 3530 3089 3581 ad
3121 3546 3281 3584 mare
3328 3531 3482 3585 dueei

2506 3616 2589 3668 18.
2634 3615 2697 3667 Et
2728 3616 3074 3688 superfluum
3100 3618 3476 3687 longitudinis

2503 3717 2667 3770 quum
2706 3702 2954 3770 primitiis
2987 3703 3310 3760 Sanetuarii
3335 3747 3350 3771 ,
3393 3708 3482 3760 det

2506 3800 2647 3853 tem,
2677 3801 2729 3844 et
2757 3793 2940 3845 decem
2986 3795 3156 3847 millia
3203 3798 3274 3849 ad
3333 3812 3482 3849 mare

2505 3882 2824 3946 Sanctuarii,
2855 3893 2908 3937 et
2934 3893 3095 3937 erunt
3117 3898 3427 3953 proventus
3454 3903 3482 3939 e

2503 3983 2792 4039 operantur
2836 3971 2975 4025 urbi.
3024 3972 3111 4027 19.
3158 3974 3271 4040 Qui
3322 3986 3482 4030 auten

2502 4060 2864 4128 Operabuutnr
2902 4062 2951 4114 ei
2987 4076 3054 4115 ex
3100 4066 3372 4119 omnibus
3414 4067 3482 4117 tri

2503 4148 2700 4201 Omnes
2744 4148 2995 4216 primitias
3041 4153 3296 4222 quinque
3354 4164 3410 4208 et
3454 4170 3482 4207 v

2502 4238 2737 4307 quinque
2761 4246 2815 4290 et
2849 4238 3031 4306 viginti
3077 4242 3293 4298 millia:
3329 4242 3407 4313 (y)
3457 4259 3482 4310 q

2503 4328 2690 4380 rabilis
2712 4326 2830 4394 ejus
2858 4328 2909 4380 in
2939 4331 3215 4397 primitias
3245 4333 3482 4387 Sanctus

874 4410 926 4469 ὃ.
961 4413 1021 4471 Et
1046 4433 1074 4471 a
1093 4421 1331 4475 terminis
1350 4421 1530 4485 Asser,
1556 4422 1619 4473 ab
1643 4421 1707 4476 iis
1729 4439 1847 4490 qtne
1871 4423 1933 4475 ad
1953 4425 2205 4477 orientem
2237 4441 2403 4494 usque
2435 4408 2482 4466 ί)
2507 4418 2671 4472 urbis.
2703 4416 2790 4470 Ἣ·
2818 4418 2969 4482 QUOtl
2990 4431 3173 4474 amem
3201 4423 3482 4493 superﬂuu

874 4503 939 4555 ad
974 4519 1034 4557 ea
1064 4522 1179 4573 quae
1202 4508 1266 4561 ad
1297 4524 1461 4573 mare,
1491 4508 1768 4577 Neplitbali
1793 4527 1916 4564 una.
1941 4514 1991 4565 4.
2022 4512 2084 4566 Et
2110 4530 2137 4566 a
2166 4516 2404 4570 terminis

874 4584 1150 4658 Ncpbtbali
1171 4632 1184 4659 ,
1229 4597 1296 4647 ab
1343 4597 1546 4651 oriente
1576 4613 1744 4665 usque
1774 4600 1837 4651 ad
1866 4616 1926 4651 ea
1962 4616 2079 4668 quae
2113 4603 2176 4653 ad
2219 4618 2365 4656 mare
2386 4642 2400 4666 ,

874 4677 1117 4732 Manasse
1143 4697 1266 4734 una.
1300 4684 1351 4735 5.
1387 4684 1452 4737 Et
1477 4700 1506 4737 a
1537 4686 1775 4738 terminis
1808 4688 2063 4751 Manasse,
2094 4691 2159 4741 ab
2189 4691 2255 4742 iis
2286 4708 2403 4757 quze

873 4766 938 4819 ad
965 4768 1221 4821 orientem
1257 4784 1425 4838 usque
1451 4771 1515 4823 ad
1553 4788 1614 4824 ea
1664 4788 1783 4839 quae
1831 4774 1893 4826 ad
1943 4791 2114 4837 mare,
2159 4774 2398 4842 Epln'mm

873 4871 999 4910 una.
1039 4857 1092 4911 6.
1146 4858 1208 4911 Et
1258 4876 1287 4911 a
1332 4860 1573 4914 terminis
1623 4862 1894 4930 prra-tn,
1945 4863 2013 4916 ab
2067 4865 2131 4918 iis
2173 4882 2291 4932 qua:
2337 4868 2400 4920 ad

872 4948 1131 4999 orientem
1168 4963 1337 5016 usque
1391 4949 1455 5003 ad
1490 4965 1549 5003 ea
1596 4967 1713 5019 qua:
1757 4954 1819 5004 ad
1850 4968 2027 5015 mare,
2062 4953 2226 5007 liubel
2275 4971 2397 5008 una.

876 5027 925 5083 7.
974 5034 1035 5085 Et
1074 5049 1104 5087 a
1140 5035 1379 5113 terminis
1446 5037 1613 5091 liubel
1663 5040 1729 5092 ab
1774 5040 1838 5093 iis
1872 5056 1989 5109 qua:
2033 5043 2097 5095 ad
2143 5044 2398 5097 orientem

878 5133 1043 5185 usque
1072 5125 1135 5175 ad
1165 5141 1225 5179 ea
1262 5141 1382 5193 quin
1411 5128 1475 5180 ad
1507 5142 1680 5190 mare,
1707 5127 1855 5181 Iuda:
1904 5145 2028 5183 una.
2060 5131 2110 5183 8.
2142 5132 2203 5183 Et
2232 5149 2259 5185 a
2292 5143 2399 5187 ter-

879 5204 1037 5258 minis
1084 5208 1260 5274 Judze,
1322 5214 1389 5266 ab
1441 5215 1505 5267 iis
1553 5229 1672 5282 quae
1721 5219 1784 5277 ad
1823 5216 2079 5268 orientem
2112 5230 2282 5287 usque
2338 5222 2403 5275 ad

961 5352 1145 5416 (108.,
1199 5364 1436 5417 naturale
1484 5364 1599 5418 fuit.

879 5417 947 5494 (l)_
979 5419 1184 5494 cuna".
1258 5426 1347 5494 (ιη)
1389 5417 1632 5485 llamatb.

2510 4509 2652 4561 hoca
2682 4508 2933 4576 primitiis
2957 4509 3298 4578 Sanctuarii,
3327 4521 3382 4567 et
3413 4514 3467 4565 in

2508 4599 2574 4663 >κ
2604 4606 2783 4648 eontra
2811 4595 3000 4649 faciem
3024 4599 3046 4666 ζ
3081 4600 3158 4664 (a)
3179 4617 3347 4671 super
3370 4603 3482 4670 quin

2508 4684 2804 4753 longitudo,
2839 4702 3009 4754 usque
3031 4690 3096 4740 ad
3127 4694 3399 4745 terminos
3429 4706 3482 4743 cc

2507 4783 2611 4827 tem
2646 4784 2696 4826 et
2727 4774 2791 4826 ad
2826 4790 2974 4828 mare
2998 4815 3012 4838 ,
3048 4780 3115 4843 >ε<
3145 4794 3314 4848 super
3348 4782 3369 4849 ζ
3420 4778 3482 4831 [ιιι

2506 4863 2636 4929 ginti
2663 4862 2844 4925 millia,
2870 4879 3040 4932 usque
3063 4867 3128 4918 ad
3151 4872 3421 4922 terminos
3441 4884 3482 4921 ei

2507 4954 2557 5005 in
2604 4953 2903 5019 pr0pinqun
2950 4955 3185 5019 partium
3241 4960 3398 5011 ducis
3440 4976 3454 5010 :

2508 5042 2848 5104 Sanctorum,
2877 5050 2929 5093 et
2960 5041 3355 5100 Sanctnarium
3390 5047 3481 5100 dor

2504 5130 2590 5181 9.2.
2628 5131 2770 5183 etde
2806 5132 3145 5197 possessione
3176 5136 3482 5191 Levitarum

2508 5219 2654 5271 urbis
2684 5218 2736 5270 in
2764 5219 2938 5272 medio
2960 5258 2974 5282 ,
3011 5222 3168 5278 ducis
3195 5229 3302 5280 erit
3332 5226 3471 5279 inter

1711 5366 1780 5445 (ξ)
1817 5365 1900 5445 §.,
1963 5369 2157 5445 Joscpb
2212 5369 2478 5445 funiculus
2534 5382 2837 5445 protensus.
2870 5376 3012 5445 huc)
3044 5377 3257 5435 Admab
3321 5380 3481 5433 Thira

1710 5434 1864 5515 (n)_§.
1888 5477 1901 5498 ,
1923 5434 2290 5515 .apprehens‘ip
2331 5444 2513 5515 sortis.

2589 5440 2763 5515 (o)§.,
2798 5440 3003 5496 dabitis
3025 5448 3313 5511 primitias.
3391 5450 3462 5515 (ρ)

980 5485 1061 5587 ξι»
1256 5485 1725 5587 εἰςεξθῌῖιυειείὶηηί
1768 5485 2095 5587 :Dominti'li‘n
2132 5508 2303 5558 medio
2324 5485 2513 5575 ejus.“
2536 5485 2603 5578 (ri
2644 5485 2795 5587 (Non
2840 5485 3482 5587 perni’u'taiiiiiititw.(s)uI{l

880 5554 1388 5651 siina-ngifLA-j‘u)
1417 5554 1895 5651 tﬂqndls'ljl‘lllla:
2032 5554 3256 5651 si.:sc'c'dndﬁ}ii_'priiéni'sg
3290 5554 3471 5640 ciiiith

877 5627 1122 5685 ηυαηειιη
1139 5627 1378 5689 Ρειτιθηι(
1433 5631 1504 5699 (z)
1537 5633 1616 5695 S.,
1653 5636 1768 5701 Tia,
1817 5641 1881 5694 ad
1905 5627 2407 5709 possessmnemuri

1950 5627 2301 5697 assessmnem
2321 5627 2520 5699 urbier
2760 5627 2793 5711 ξ
2806 5627 3092 5715 uitari}?
