3874 6346
836 383 978 439 E775

1910 379 2370 436 HEXAPLORUM
2406 377 2568 444 QUAE
2611 379 3039 435 SCPERSUNT.

907 496 960 548 7.
1004 494 1065 546 Et
1091 495 1345 563 imposuit
1367 493 1444 546 eis
1469 492 1714 560 princeps
1737 495 2103 546 cunuchorum
2121 493 2332 545 nomina
2359 509 2372 542 :
2409 499 2437 551 Α

1867 493 2372 546 tcltorttmnomina:
2409 499 2451 551 Α
2545 492 2597 543 7.
2631 492 2740 544 Kal
2769 492 3032 558 ἐπέθηκεν
3072 490 3240 548 αὐτοῖς
3273 489 3298 538 ὁ
3335 486 3397 551 ἀρ

839 582 1043 636 Danieli
1073 585 1285 652 quidem
1319 583 1578 643 Baltasar,
1615 581 1834 635 Ananiat
1883 583 2114 636 Sedraclt
2137 621 2151 646 ,
2181 594 2234 635 et
2277 581 2376 633 Mi-

840 671 970 724 saeli
1000 670 1220 730 Misaclt,
1255 680 1306 722 et
1332 669 1532 720 Azarize
1565 668 1869 738 Abdenago.

849 767 855 774 '
906 758 959 811 8.
1002 761 1065 812 Et
1095 759 1340 826 cegitavit
1370 757 1552 811 Daniel
1594 758 1646 810 in
1685 763 1885 820 corde,
1937 774 2003 812 ne
2052 758 2380 826 pollueretur

841 847 894 899 in
925 848 1044 901 cibo
1081 846 1238 914 regis,
1289 855 1342 898 et
1388 847 1440 898 in
1479 847 1626 908 vino,
1669 848 1812 915 quod
1862 848 1993 900 bibit
2030 864 2044 899 :
2092 857 2146 899 et
2182 846 2383 914 rogavit

842 935 1137 1003 principem
1174 937 1564 999 cunuchorum,
1602 953 1669 990 ne
1696 939 2151 1005 coinquinarctur.

908 1111 961 1166 9.
995 1111 1057 1164 Et
1085 1111 1226 1165 dedit
1253 1110 1508 1167 Dominus
1534 1113 1735 1166 Danieli
1768 1115 2022 1168 honorem
2075 1123 2129 1167 et
2155 1116 2379 1182 gratiam

841 1199 894 1251 in
924 1208 1208 1266 conspectu
1242 1200 1497 1268 principis
1536 1203 1928 1254 cunuchorum.

913 1286 1000 1341 10.
1043 1288 1104 1340 Et
1131 1288 1262 1340 dixit
1286 1289 1528 1356 princeps
1553 1291 1919 1343 cunucltm-utn
1945 1291 2169 1350 Danieli,
2203 1292 2384 1357 Angor

843 1386 988 1429 metu
1034 1377 1231 1429 domini
1265 1379 1365 1430 mei
1409 1380 1580 1446 regis,
1623 1379 1713 1446 qui
1755 1379 2020 1432 ordinavit
2063 1379 2242 1432 cibum
2293 1394 2385 1431 ve-

843 1475 1014 1516 strum
1036 1506 1050 1529 ,
1083 1473 1134 1517 et
1164 1474 1343 1533 potum
1371 1477 1642 1529 vestrum,
1677 1483 1741 1520 ne
1768 1468 1941 1520 videat
1971 1467 2132 1520 facies
2182 1481 2385 1520 vesn-as

845 1551 1089 1605 diversas
1136 1561 1189 1605 et
1233 1553 1474 1611 inﬁrmas
1503 1570 1609 1620 pra:
1631 1555 2035 1609 adolescentulis
2061 1555 2386 1622 alienigena-

848 1657 985 1702 rum,
1019 1642 1108 1708 qui
1139 1643 1354 1696 aluntur
1396 1644 1705 1707 vobiscum,
1746 1654 1799 1696 et
1840 1644 2135 1711 periculum
2185 1644 2381 1710 proprii

846 1732 968 1785 colli
1010 1733 1253 1784 subeam.

917 1821 1002 1874 11.
1045 1823 1108 1874 Ει
1137 1821 1269 1873 dixit
1299 1820 1478 1874 Daniel
1507 1821 1746 1874 Abiesdri
1767 1861 1781 1884 ,
1811 1821 1901 1890 qtti
1932 1821 2234 1874 declaratus
2267 1819 2383 1871 l'ne-
2414 1797 2456 1850 Β

847 1920 930 1962 rat
973 1909 1406 1962 archieunuchus
1435 1925 1594 1978 super
1624 1910 1889 1963 Danielum
1915 1949 1928 1973 ,
1969 1910 2249 1972 Ananiam,
2283 1907 2383 1963 Mi-

846 1999 1063 2062 saeletn,
1094 1998 1358 2051 Azariam.

922 2086 1006 2152 12.
1047 2087 1215 2139 Tenta
1249 2099 1427 2153 qua-so
1458 2099 1653 2153 pueros
1693 2094 1814 2138 tuos
1841 2101 1933 2153 per
1958 2086 2069 2138 dies
2101 2085 2299 2141 decem.
2337 2093 2389 2138 et

847 2176 1006 2229 detur
1046 2177 1201 2228 nobis
1227 2175 1292 2228 de
1327 2175 1682 2244 leguminibus
1711 2185 1884 2240 terrae,
1915 2185 1972 2227 ut
2005 2175 2382 2235 comedamus,

849 2274 904 2317 et
936 2279 1128 2331 aquam
1163 2263 1429 2317 bibamus.

921 2354 1006 2409 15.
1048 2353 1110 2406 Ει
1145 2353 1188 2407 si
1233 2363 1484 2421 appareat
1527 2362 1772 2421 aspectus
1813 2363 1993 2408 noster
2041 2354 2283 2407 divorsus
2322 2354 2389 2405 al)

851 2443 972 2496 aliis
991 2442 1404 2496 adolescentulis
1423 2482 1436 2506 ,
1473 2442 1562 2510 qui
1594 2443 1758 2496 edunt
1787 2442 1850 2495 de
1882 2443 2023 2510 regia
2048 2457 2221 2504 creua,
2251 2443 2392 2494 sicut

851 2535 1108 2600 volueris,
1135 2537 1215 2590 sic
1245 2544 1392 2589 utere
1421 2534 1590 2590 senis
1627 2535 1753 2590 tuis.

924 2711 1008 2764 14.
1048 2710 1300 2777 Fecitque
1330 2711 1408 2762 eis
1445 2711 1544 2762 hoc
1576 2710 1767 2771 modo,
1798 2719 1849 2762 et
1891 2708 2114 2761 tentavit
2145 2724 2238 2763 eos
2278 2709 2391 2763 dle-

853 2798 956 2852 lius
985 2798 1163 2850 decem
1175 2837 1188 2850 .

925 2884 1011 2937 15.
1067 2881 1194 2936 Post
1235 2883 1415 2935 decem
1465 2882 1580 2935 dies
1618 2882 1863 2950 apparuit
1908 2891 2155 2948 aspectus
2205 2896 2389 2936 eorum

769 2971 772 2975 ’
855 2971 1096 3041 pulcher,
1127 2981 1177 3022 et
1205 2970 1418 3024 habitus
1446 2971 1682 3035 corporis
1716 2970 1901 3022 melior
1927 2970 2048 3024 aliis
2077 2971 2389 3024 adolescen-

859 3059 1001 3118 tulis,
1035 3057 1128 3124 qui
1161 3058 1388 3110 edebant
1418 3056 1614 3123 regiam
1654 3071 1884 3109 cumam.

929 3146 1013 3197 16.
1054 3145 1117 3198 Ει
1153 3156 1264 3199 erat
1312 3146 1554 3198 Abiesdri
1602 3147 1793 3200 tollens
1827 3161 2031 3199 rmuatn
2079 3161 2294 3207 eorum,
2340 3154 2393 3200 et

856 3233 1039 3287 vinum
1068 3247 1272 3294 eorum,
1298 3243 1350 3286 et
1378 3247 1474 3300 pro
1513 3233 1596 3297 his
1629 3235 1787 3287 dabat
1810 3235 1886 3287 eis
1913 3234 1977 3287 de
2011 3234 2386 3302 leguminibus.

927 3407 1013 3460 17.
1056 3406 1120 3458 Et
1158 3405 1562 3460 adolescentulis
1591 3406 1734 3459 dedit
1761 3407 2018 3461 Dominus
2067 3408 2387 3470 scientiam,

855 3503 910 3547 et
942 3495 1358 3562 intelligentiam,
1382 3503 1433 3547 et
1461 3497 1792 3560 prudentiam
1821 3496 1870 3548 in
1899 3497 2041 3548 omni
2067 3506 2178 3548 arte
2207 3498 2387 3548 litera-

860 3584 936 3635 ria
961 3598 972 3631 :
1003 3583 1202 3634 Danieli
1231 3597 1353 3634 vero
1371 3585 1513 3636 dedit
1535 3585 1932 3652 intelligentiam
1960 3585 2011 3636 in
2037 3585 2181 3636 omtti
2207 3585 2386 3643 verbo.

852 3680 908 3723 et
935 3671 1156 3732 visione,
1186 3679 1238 3722 et
1265 3671 1507 3733 somniis,
1538 3679 1590 3722 et
1620 3673 1672 3722 itt
1703 3672 1846 3723 omni
1878 3671 2152 3738 sapientia.

927 3759 1010 3812 18.
1050 3757 1175 3811 Post
1195 3760 1502 3812 autemdies
1531 3760 1946 3827 istosjussitrex,
1965 3761 2226 3812 introduci
2254 3775 2348 3813 eos
2372 3779 2385 3812 :

853 3855 907 3897 ct
931 3847 1216 3898 introducti
1245 3855 1367 3897 sunt
1395 3861 1423 3897 a
1451 3847 1687 3914 principe
1715 3849 2084 3902 cunuchorum
2113 3849 2177 3900 ad
2209 3863 2385 3916 regem

855 3932 1364 3987 Nabuchodonosor.

925 4021 1007 4075 19.
1083 4021 1322 4090 Cumque
1361 4021 1438 4075 eis
1466 4021 1760 4075 collocutus
1787 4030 1868 4074 est
1908 4036 2034 4086 rex;
2071 4033 2116 4075 et
2156 4038 2258 4077 non
2307 4024 2388 4076 itt-

855 4121 1043 4163 ventus
1061 4121 1140 4164 est
1169 4111 1220 4162 itt
1250 4110 1578 4177 sapientibus
1604 4111 1792 4161 similis
1821 4110 2045 4171 Danieli,
2068 4122 2121 4163 et
2147 4113 2386 4175 Ananiae,

854 4207 906 4250 et
927 4197 1147 4260 Misaeli,
1181 4206 1234 4251 et
1268 4198 1490 4258 Azarize,
1517 4204 1771 4262 erantque
1795 4197 1934 4263 apud
1969 4213 2164 4263 regem.

920 4287 1011 4340 ει).
1047 4291 1110 4340 Et
1137 4288 1188 4343 in
1234 4287 1378 4342 omni
1417 4287 1596 4348 verbo,
1639 4295 1693 4339 et
1730 4285 2074 4354 intelligentia
2099 4327 2112 4349 ,
2146 4297 2199 4340 ct
2228 4287 2389 4340 disci-

2478 579 2555 646 τῷ
2604 579 2701 646 μὲν
2729 580 2921 646 Δανιὴλ
2963 579 3267 644 Βαλτάσαρ,
3303 573 3375 641 τῷ

2483 669 2575 719 καὶ
2608 668 2682 735 τῷ
2715 668 2925 736 Μισαὴλ
2957 667 3160 734 Μισὰχ,
3187 667 3273 716 καὶ
3297 663 3367 732 τῷ

2552 757 2602 808 8.
2638 758 2743 808 Καὶ
2762 756 3064 825 ἐνεθυμήθη
3087 754 3272 822 Δανιὴλ
3301 755 3352 804 ὲν
3384 769 3402 801 ’τ

2481 846 2743 914 ἁλισγηθῇ
2777 848 2832 899 ἂν
2855 845 2930 913 τῷ
2953 845 3150 914 δείπνῳ
3173 841 3258 893 τοῦ
3283 841 3402 909 βασι

2480 934 2604 1002 οἴνῳ
2623 951 2636 964 ο
2663 935 2752 985 καὶ
2779 935 2972 1002 ἠξίωσε
3004 933 3094 984 τὸν
3125 930 3395 1001 ἀρχιευνοῦ

2480 1021 2662 1088 λυνΟῇ.

2551 1107 2602 1158 9.
2628 1105 2734 1158 Kal
2767 1106 2931 1157 ἔδωκε
2958 1105 3158 1175 Κύριος
3181 1105 3252 1173 τῷ
3277 1108 3402 1156 Δανι

2480 1194 2715 1246 ἐναντίον
2741 1195 2831 1246 τοῦ
2853 1194 3251 1264 ἀρχιευνούχου.

2552 1281 2635 1332 10.
2666 1283 2772 1332 Kal
2796 1278 2943 1332 εἶπεν
2969 1284 2996 1332 ὁ
3022 1279 3387 1348 ἁρχιευνοῦχος

2481 1367 2569 1419 τὸν
2599 1366 2784 1438 κύριόν
2818 1385 2916 1436 μου
2943 1367 3032 1418 τὸν
3062 1368 3296 1435 βασιλέα,
3324 1369 3402 1419 τδη

2483 1473 2565 1507 σιν
2595 1457 2764 1524 ὑμῶν,
2801 1459 2893 1508 καὶ
2925 1457 3022 1526 τὴν
3053 1457 3202 1508 πόσιν
3232 1458 3399 1526 ὑμῶν,

2482 1562 2605 1596 ωπα
2648 1545 2798 1612 ὑμῶν
2847 1545 3274 1614 διατετραμμένα
3319 1547 3402 1597 καὶ

2485 1633 2936 1702 συντρεφομένους
2991 1633 3117 1702 ὑμῖν
3149 1634 3355 1696 νεανίας

2483 1721 2806 1772 κινδυνεύσω
2830 1720 2904 1789 τῷ
2935 1721 3049 1789 ἰδίῳ
3072 1723 3340 1792 τραχήλῳ.

2555 1808 2638 1860 11.
2671 1809 2776 1858 Kal
2811 1805 2960 1859 εἶπεν
3012 1811 3204 1878 Δανιὴλ
3255 1811 3397 1864 Ἀϐιε

2483 1895 2948 1963 ἀρχιευνούχῳὲπὶ
2976 1896 3065 1947 τὸν
3083 1897 3292 1966 Δανιὴλ,
3325 1899 3402 1950 ‘At

2486 1983 2622 2052 ρίαν.

2556 2075 2639 2126 1‘2.
2669 2073 2928 2141 Πείρασον
2949 2073 3012 2142 δὴ
3046 2074 3168 2135 τοὺς
3195 2073 3387 2136 παῖδάς

2487 2163 2579 2220 καὶ
2635 2162 2836 2228 δοθήτω
2891 2164 3020 2230 ἡμῖν
3055 2162 3160 2213 ἀπὸ
3195 2164 3298 2214 τῶν
3325 2165 3402 2215 ea:

2487 2248 2735 2311 κάπτειν,
2767 2249 2856 2300 καὶ
2897 2250 3224 2316 ὑδροποτεῖν.

2558 2335 2643 2387 15.
2695 2336 2801 2387 Kal
2845 2335 2936 2388 ἐὰν
2982 2341 3120 2406 φανῇ
3161 2340 3192 2407 ή
3236 2339 3355 2407 ὄψις

2489 2426 2634 2494 παρὰ
2663 2426 2786 2486 τοὺς
2823 2425 3012 2487 ἄλλους
3040 2429 3350 2491 νεανίσκους
3375 2447 3402 2480 τ

2490 2513 2764 2582 βασιλικοῦ
2803 2515 3036 2578 δείπνου,
3072 2516 3250 2579 καθὼς
3298 2518 3394 2571 ἐὰν

2488 2607 2598 2665 τοῖς
2626 2604 2778 2656 παισί
2808 2621 2921 2657 σου.

2560 2690 2644 2741 14.
2681 2691 2788 2742 Kal
2819 2693 3084 2763 ἐχ.ρησατο
3117 2695 3295 2757 αὐτοῖς
3342 2697 3402 2751 τὸ

2491 2779 2773 2847 ἐπείρασεν
2797 2781 2988 2842 αὐτοὺς
3015 2785 3228 2852 ἡμέρας
3269 2786 3402 2838 δέκα

2563 2867 2645 2921 15.
2680 2869 2833 2920 Μετὰ
2858 2871 2953 2932 τὰς
2983 2872 3114 2925 δέκα
3147 2875 3362 2943 ἡμέρας
3385 2916 3401 2939 ,

2492 2957 2650 3025 καλὴ,
2679 2960 2770 3010 καὶ
2797 2961 2827 3028 ἡ
2865 2960 2974 3023 ἕξις
3003 2963 3094 3014 τοῦ
3144 2963 3402 3031 σώματος

2419 3085 2464 3143 C
2493 3047 2783 3098 νεανίσκων
2820 3048 2925 3101 τῶν
2956 3051 3243 3103 ἐσθιόντων
3278 3053 3340 3104 τὸ
3377 3053 3402 3122 β

2563 3133 2643 3188 16.
2679 3135 2786 3187 Kal
2813 3133 2878 3206 ἦν
2917 3139 3184 3212 ’Λϐιεσδρὶ
3210 3143 3402 3210 ἀναιρε

2490 3221 2616 3286 τῶν,
2640 3224 2730 3274 καὶ
2750 3225 2838 3276 τὸν
2870 3221 3010 3278 οἶνον
3052 3229 3252 3294 αὐτῶν,
3297 3233 3396 3283 καὶ

2493 3310 2597 3361 τῶν
2623 3311 2879 3381 ὀσπρίων.

2564 3397 2648 3449 17.
2685 3399 2790 3450 Καὶ
2817 3402 2924 3462 τοῖς
2946 3403 3250 3466 νεανίσκοις
3295 3406 3402 3459 ἔδω

2497 3504 2621 3555 μην,
2644 3489 2734 3540 καὶ
2760 3490 2989 3552 σύνεσιν,
3013 3495 3106 3545 καὶ
3145 3499 3402 3566 φρόνησιε

2489 3576 2678 3645 τέχνη
2712 3579 2803 3628 καὶ
2835 3577 2909 3646 τῷ
2942 3582 3138 3650 Δανιὴλ
3183 3585 3364 3638 ἔδωκε
3400 3617 3401 3628 ι

2495 3681 2620 3732 ματι
2641 3667 2731 3717 καὶ
2756 3667 3010 3736 ὁράματι,
3030 3673 3124 3723 καὶ
3155 3675 3402 3728 ἑνυπνίοι

2561 3755 2646 3810 18.
2677 3756 2830 3808 Μετὰ
2849 3758 2904 3808 δὲ
2933 3760 3032 3821 τὰς
3061 3763 3282 3832 ἡμέρας
3312 3784 3402 3818 ται

2488 3843 2609 3906 λεὺς
2633 3846 2940 3912 εἰσαγαγεῖν
2965 3850 3186 3913 αὐτοὺς,
3223 3856 3323 3905 καὶ
3368 3875 3395 3908 ε

2489 3933 2790 4002 χιευνούχου
2817 3935 2950 4004 πρὸς
2985 3938 3076 3990 τὶν
3107 3940 3348 4007 βασιλέα
3385 3948 3402 3997 l

2562 4020 2644 4074 19.
2681 4021 2786 4072 Kal
2811 4022 3080 4092 ὡμίλησεν
3116 4029 3311 4093 αὐτοῖς
3348 4036 3378 4084 ὁ

2490 4105 2617 4174 ρέΘη
2650 4108 2706 4157 ὲν
2733 4109 2844 4167 τοῖς
2870 4115 3050 4176 σοφοῖς
3074 4114 3268 4181 ὅμοιος
3300 4121 3387 4188 τῷ

2489 4195 2578 4247 καὶ
2599 4195 2830 4264 Μισαὴλ,
2855 4200 2947 4250 καὶ
2981 4201 3236 4273 Ἀζαρίᾳ,
3273 4211 3380 4261 καὶ

2553 4283 2640 4336 20.
2678 4285 2786 4341 Kal
2815 4287 2871 4336 ὲν
2901 4291 3060 4340 παντὶ
3088 4289 3262 4362 λόγῳ,
3304 4301 3402 4350 καὶ

858 4378 998 4443 plina
1028 4391 1374 4443 quaecumque
1407 4375 1710 4428 sciscitatus
1736 4383 1817 4429 est
1848 4375 1916 4426 ab
1950 4376 2029 4428 eis
2060 4392 2170 4438 rex,
2201 4378 2388 4444 deprc-

1870 4375 1916 4426 ιι)
1950 4376 2029 4428 eis
2060 4392 2170 4438 rex,
2201 4378 2389 4444 deprc-
2419 4371 2460 4423 Ι)
2486 4371 2584 4424 ὅσα
2611 4373 2836 4441 ἐζήτησε
2865 4378 2992 4444 παρ’
3015 4380 3200 4433 αὐτῶν
3234 4386 3265 4434 ὁ
3314 4386 3400 4454 βα.

861 4465 1042 4516 ltendit
1071 4481 1162 4517 eos
1192 4465 1541 4532 sapientiores
1571 4463 1850 4530 decuplum
1892 4479 2049 4530 super
2075 4467 2344 4532 sophistas
2370 4505 2384 4527 ,

857 4560 909 4603 ct
940 4553 1300 4618 ριιίιοεομιιυε,
1326 4553 1415 4624 qui
1439 4563 1590 4605 erant
1609 4552 1660 4603 in
1683 4553 1826 4604 omtti
1853 4566 2014 4619 regno
2033 4554 2168 4617 ejus,
2195 4566 2246 4606 ct
2274 4555 2387 4624 glo-

859 4640 1084 4693 tilicavit
1111 4654 1204 4693 eos
1239 4656 1329 4693 rex
1352 4681 1366 4704 ,
1400 4651 1452 4694 et
1472 4643 1747 4694 constituit
1776 4657 1870 4695 eos
1903 4643 2186 4710 principes,
2219 4653 2271 4695 et
2296 4645 2391 4695 de-.

859 4729 1079 4781 claravit
1117 4743 1208 4780 eos
1247 4730 1513 4794 sapientes
1551 4745 1711 4796 super
1747 4745 1934 4782 omnes
1957 4769 1971 4791 ,
2013 4732 2102 4798 qui
2135 4740 2286 4782 erant
2332 4731 2386 4783 itt

859 4818 1083 4884 negotiis
1122 4818 1236 4885 ejus
1277 4819 1328 4869 itt
1367 4818 1612 4870 universa
1657 4829 1796 4870 terra
1839 4820 1988 4885 ejus,
2020 4830 2074 4872 et
2119 4823 2170 4871 itt
2222 4835 2387 4886 regno

859 4917 992 4968 ejus.

927 5079 1015 5131 21.
1053 5081 1112 5133 Ει
1140 5083 1236 5135 luit
1263 5083 1444 5137 Daniel
1471 5100 1636 5152 usque
1664 5085 1727 5138 ad
1757 5087 1984 5154 primum
2013 5101 2208 5138 annum
2240 5087 2382 5153 regni

863 5163 986 5233 Cyri
1022 5171 1157 5234 regis
1174 5172 1476 5227 Persarum.

1439 5283 1661 5336 CAPUT
1714 5284 1775 5335 ll.

939 5361 986 5411 Ιο
1019 5359 1172 5413 Elin
1222 5378 1357 5417 anno
1405 5375 1638 5426 secundo
1690 5373 1835 5442 regni
1897 5372 2387 5425 Nalmeltodonosor

870 5447 1080 5507 accidit,
1113 5456 1168 5496 ut
1195 5445 1246 5496 itt
1277 5450 1502 5508 visiones
1548 5466 1598 5508 et
1651 5458 1856 5511 somnia
1909 5459 2163 5510 incideret
2193 5471 2305 5518 rex,
2337 5465 2389 5508 et

866 5539 1167 5582 turbaretur
1188 5533 1456 5592 insomnio
1480 5555 1598 5606 suo,
1639 5554 1690 5600 et
1724 5561 1946 5602 somnus
1983 5547 2098 5616 ejus
2147 5545 2282 5616 ῐυείι
2320 5543 2386 5598 ab

883 5629 968 5670 C0.

2485 4461 2608 4521 τοὺς
2645 4475 2704 4518 οι-
2733 4464 3066 4533 σοφωτέρους
3089 4470 3149 4535 /.
3181 4471 3402 4528 δεκαπ)

2486 4549 2697 4615 φιστὰς,
2731 4553 2960 4614 καὶτοὺς
2991 4557 3334 4627 φιλοσόφους
3367 4585 3401 4618 τ

2484 4634 2600 4704 λείᾳ
2627 4636 2785 4688 αὐτοῦ
2812 4653 2872 4692 -:—
2896 4642 2986 4692 καὶ
3032 4643 3300 4708 ἐδόξασεν
3352 4671 3402 4703 αν

2492 4725 2543 4788 2
2582 4725 2905 4793 κατέστησεν
2929 4729 3126 4793 αὐτοὺς
3149 4735 3402 4806 ἄρχοντα

2492 4814 2543 4878 2
2579 4813 2772 4879 σοφοὺς
2826 4817 2975 4884 παρὰ
3020 4823 3241 4884 πάντας
3275 4831 3402 4892 τοὺς

2492 4903 2544 4967 2
2582 4915 2641 4954 -ι-
2675 4906 2730 4954 ὲν
2761 4905 2906 4975 πάσῃ
2929 4911 2990 4976 τῇ
3019 4913 3087 4980 γῇ
3125 4913 3336 4982 αὑτοῦ,
3382 4939 3402 4968 >

2492 4992 2542 5054 2
2573 4992 2662 5042 τοῦ
2694 4993 2747 5059 /.

2550 5081 2636 5130 21.
2673 5083 2778 5136 Kal
2801 5079 2868 5152 ἧν
2894 5087 3086 5158 Δανιὴλ
3119 5090 3237 5155 ’έως
3271 5098 3378 5148 τοῦ

2487 5168 2682 5231 σιλείας
2712 5171 2890 5241 Κύρου
2927 5175 3200 5244 βασιλέως
3231 5187 3402 5256 Περσ

3002 5287 3402 5348 ΚΕΦΑΛΑΙΟ]

2558 5365 2606 5419 1,
2636 5367 2739 5417 Καὶ
2763 5369 2817 5417 ὲν
2855 5370 2930 5438 τῷ
2971 5374 3075 5428 ἔτει
3109 5379 3198 5448 τῷ
3221 5383 3397 5436 δευτέ

2486 5457 2876 5526 ϐουχοδννόσορ,
2906 5467 3098 5536 συνέϐη
3132 5474 3223 5532 εἰς
3243 5476 3402 5545 ὁράρ

2488 5546 2598 5595 σεῖν
2628 5545 2715 5596 τὸν
2763 5547 3018 5614 βασιλέα,
3066 5557 3167 5608 καὶ
3221 5578 3402 5632 rapa:

2492 5635 2679 5688 αὐτοῦ·
2713 5637 2802 5689 καὶ
2830 5641 2856 5690 ὁ
2892 5641 3054 5708 ὕπνος
3095 5649 3277 5702 αὑτοῦ
3308 5657 3402 5724 ἐγ;
