3874 6346
237 331 354 390 Ἦῖῖ

248 532 527 594 ἐπιδιδοὺς.
556 531 658 583 καὶ
677 534 829 597 τοὺς
858 539 1102 608 μάγους,
1126 543 1221 595 καὶ
1246 545 1376 606 τοὺς
1404 544 1718 613 φαρμακοὺς
1735 543 1838 594 τῶν

241 621 519 680 Χαλδαίων.
546 621 915 690 ἀναγγεῖλαι
951 631 1034 700 τῷ
1070 632 1281 700 βασιλεῖ
1302 635 1370 685 τὰ
1391 635 1607 684 ἐνύπνια
1640 631 1799 684 αὐτοῦ
1820 647 1833 660 ο

234 709 318 763 καὶ
337 709 798 778 παραγενόμενοι
831 713 1086 784 ἔστησαν
1119 719 1269 787 παρὰ
1293 719 1370 785 τῷ
1395 719 1616 786 βασιλεῖ.

296 800 345 852 5.
370 800 483 851 Καὶ
517 796 682 852 εἶπεν
719 803 936 867 αὐτοῖς
964 808 992 858 ὁ
1019 807 1282 874 βασιλεύς
1306 808 1577 860 Ἐνύπνιον
1601 807 1834 877 ἑώρακα,

236 889 320 942 καὶ
340 888 571 958 ἐκινήθη
597 907 708 959 μου
731 891 804 943 τὸ
841 895 1074 965 πνεῦμα
1093 911 1108 926 ο
1145 897 1439 962 ἐπιγνῶναι
1487 893 1576 948 οὖν
1611 896 1748 948 θέλω
1777 897 1836 948 τὸ
1874 950 1880 956 _

238 979 503 1033 ἐνύπνιον.

306 1070 358 1122 ἦ.
380 1071 496 1122 Καὶ
526 1070 820 1141 ἐλάλησαν
854 1076 910 1125 οἱ
934 1075 1191 1128 Χαλδαῖοι
1217 1075 1355 1144 πρὸς
1381 1075 1470 1127 τὸν
1495 1075 1710 1144 βασιλέα
1742 1092 1834 1126 συ-

261 1160 408 1228 ςιστί·
439 1160 621 1228 Κύριε
646 1162 916 1230 βασιλεῦ,
957 1164 1231 1215 τὸναίώνα
1251 1164 1374 1231 ζῆθι
1394 1181 1408 1194 '
1434 1163 1743 1230 άνάγγειλον
1775 1163 1834 1214 τδ

263 1249 493 1302 ὶνύπνιόν
523 1267 622 1302 σου
648 1255 771 1313 τοῖς
798 1253 967 1304 παισί
998 1269 1112 1315 σου,
1147 1255 1238 1304 καὶ
1269 1255 1428 1321 ἡμεῖς
1455 1253 1535 1304 σοὶ
1559 1252 1832 1321 φράσομεν

274 1341 356 1409 τὴν
382 1341 670 1408 σύγκρισιν
697 1340 898 1392 αὐτοῦ.

340 1431 387 1483 5.
426 1430 782 1498 Ἀποκριθεὶς
807 1429 866 1481 δὲ
899 1433 930 1482 ό
969 1430 1215 1498 βασιλεὺς
1249 1427 1364 1482 εἷπε
1403 1433 1512 1493 τοῖς
1551 1431 1831 1493 Χαλδαίοις

285 1520 351 1584 χ
372 1519 431 1569 ’0
459 1517 615 1584 λόγος
640 1518 738 1570 ἀπ’
779 1517 917 1587 ἐμοῦ
947 1518 1153 1586 ἀπέστη
1180 1518 1234 1584 /.
1265 1517 1394 1569 διότι
1427 1519 1519 1568 ἐὰν
1551 1517 1622 1585 μὴ
1653 1520 1829 1583 ἀπαγ-

281 1606 480 1675 γείλητέ
517 1623 607 1676 μοι
637 1608 724 1658 ἐπ’
760 1607 1021 1675 ἀληθείας
1041 1607 1100 1656 τὸ
1125 1606 1384 1663 ἐνύπνιον,
1417 1607 1505 1656 καὶ
1528 1606 1623 1672 τὴν
1645 1604 1827 1656 τούτου

279 1697 555 1764 σύγκρισιν
576 1695 864 1764 δηλώσητέ
893 1711 1002 1763 μοι,
1031 1693 1710 1762 παραδειγματισθὴσεσθε,
1734 1692 1828 1743 καὶ

276 1757 713 1852 ἀναληφθήσεται
739 1757 988 1850 ύέιῶνντὰ
1019 1757 1322 1849 ὑπάρχοντα
1343 1784 1419 1842 εἰς
1453 1757 1824 1848 τὸνβασιλικόν.
1858 1757 1903 1818 Β

343 1872 391 1925 6.
436 1873 562 1924 Ἐὰν
593 1873 652 1923 δὲ
673 1872 737 1922 τὸ
767 1871 1016 1923 ἐνύπνιον
1049 1870 1409 1938 διασαφήσητὲ
1450 1886 1566 1936 μοι,
1602 1869 1694 1924 καὶ
1731 1867 1824 1936 τὴν

272 1962 455 2013 τούτου
491 1960 786 2029 σύγκρισιν
813 1958 1188 2027 ἀναγγείλητε,
1221 1957 1446 2025 λήψεσθε
1468 1957 1669 2023 δόματα
1693 1972 1826 2006 παν-

271 2053 407 2110 τοῖα,
440 2051 536 2102 καὶ
567 2048 973 2116 δοξασθήσεσθε
1015 2048 1105 2099 ὑπ’
1140 2049 1271 2116 ἐμοῦ
1295 2064 1307 2078 ·
1342 2044 1612 2114 δηλώσατὲ
1652 2061 1740 2112 μοι
1767 2043 1827 2095 τὸ

269 2137 539 2197 ἐνύπνιον,
575 2138 675 2190 καὶ
711 2137 953 2204 κρίνατε.

342 2226 391 2278 7.
436 2225 843 2294 Ἀπεκρίθησαν
863 2225 922 2276 δὲ
944 2226 1008 2276 ἐκ
1021 2223 1266 2292 δευτέρου
1288 2222 1549 2291 λέγοντεςι
1580 2222 1823 2286 Βασιλειλ

267 2315 332 2366 τὸ
369 2316 552 2384 ὅραμα
597 2310 778 2377 εἶπον,
826 2314 920 2365 καὶ
965 2315 1015 2365 οἱ
1043 2313 1225 2374 παῖδές
1273 2329 1364 2363 σου
1405 2313 1643 2382 κρίνουσι
1695 2313 1827 2381 πρὸς

265 2403 457 2455 ταῦτα.

342 2492 394 2546 8.
422 2492 528 2545 Καὶ
556 2487 714 2544 εἶπεν
729 2493 908 2554 αὐτοῖς
937 2493 966 2544 ὁ
993 2491 1259 2558 βασιλεὺς,
1277 2493 1391 2544 Ἐπ’
1421 2492 1670 2560 ἀληθείας
1690 2490 1825 2554 οἶδα,

265 2582 350 2634 ἔτι
381 2582 579 2650 καιρὸν
625 2581 784 2648 ὑμεῖς
819 2580 1206 2648 ἐξαγοράζετε·
1252 2581 1494 2650 καθάπερ
1528 2583 1824 2650 ἑωράκατε,

263 2671 347 2722 ὅτι
392 2671 614 2737 ἀπέστη
649 2669 744 2719 ἀπ’
786 2667 922 2736 ἐμοῦ
960 2669 1019 2719 τὸ
1057 2656 1306 2736 πράγμαο
1350 2682 1407 2721 σι-
1452 2669 1694 2738 καθάπερ
1736 2665 1826 2719 οὖν

264 2771 326 2810 4-
359 2757 741 2826 προστέταχα,
772 2755 944 2816 οὕτως
974 2755 1120 2806 ἔσται
1140 2756 1195 2824 /.

322 2844 382 2897 9.
431 2845 569 2897 Ἐὰν
603 2846 678 2912 μὴ
708 2845 768 2895 τὸ
800 2843 1046 2895 ἐνύπνιον
1074 2843 1437 2913 ἁπαγγείλητέ
1464 2859 1549 2911 μοι
1579 2845 1664 2895 ἐπ’
1697 2842 1827 2913 ἀλη-

251 2932 411 2996 θείας
445 2948 514 2987 σξ-
547 2934 644 2984 καὶ
679 2932 778 3001 τὴν
801 2932 990 2985 τούτου
1032 2932 1310 2998 σύγκρισιν
1352 2931 1619 3000 δηλώσητε
1649 2932 1702 2999 /.
1735 2933 1828 2984 θα-

243 3025 404 3091 νάσῳ
437 3021 866 3091 περιπσεῖσθε·
902 3022 1220 3072 συνείπασθε
1251 3020 1358 3090 γὰρ
1395 3021 1580 3087 λόγους
1620 3021 1828 3088 ψευδεῖς

1769 3069 1894 3123 .‘C

235 3109 606 3180 ποιήσασθαι
637 3109 724 3161 ἐπ’
749 3108 908 3176 ἐμοῦ,
930 3110 1032 3170 ἕως
1061 3109 1126 3162 ἂν
1149 3110 1178 3160 ὁ
1203 3109 1388 3176 καιρὸς
1413 3109 1689 3178 ἁλλοιωθῇ.
1716 3109 1826 3160 Νῦν

227 3195 330 3254 ὦν
362 3197 478 3250 ἐὰν
513 3197 574 3249 τὸ
603 3197 758 3266 ῥῆμα
781 3197 972 3264 εἴπητέ
997 3214 1084 3265 μοι
1104 3210 1161 3249 αι-
1184 3197 1210 3247 ὂ
1239 3198 1334 3261 τὴν
1363 3196 1526 3248 νύκτα
1547 3197 1760 3266 ἑώρακα
1773 3197 1829 3266 /.

221 3287 576 3358 γνώσομαι,
611 3287 695 3338 ὅτι
720 3287 817 3338 καὶ
835 3286 933 3354 τὴν
969 3285 1156 3337 τούτου
1195 3285 1372 3354 κρίσιν
1400 3285 1692 3354 δηλώσητε.

296 3465 414 3520 10.
452 3463 576 3516 Καὶ
623 3461 998 3532 ἀπεκρίθησαν
1043 3463 1092 3514 οἱ
1134 3460 1383 3514 Χαλδαῖοι
1420 3463 1509 3513 ἐπὶ
1565 3462 1654 3514 τοῦ
1690 3463 1835 3531 βασι-

208 3557 411 3616 λὲως,
450 3554 544 3604 ὅτι
569 3551 758 3610 Οὐδεὶς
787 3550 894 3601 τῶν
919 3550 1009 3601 ἐπὶ
1027 3550 1124 3618 τῆς
1152 3551 1250 3618 γῆς
1273 3551 1550 3619 δυνήσεται
1575 3551 1742 3604 εἰπεῖν
1761 3551 1834 3619 τῷ

209 3644 478 3715 βασιλεῖ
511 3640 543 3691 ὃ
574 3640 816 3707 ἓωρακε,
857 3638 1104 3714 καθάπερ
1131 3640 1194 3690 σὺ
1219 3640 1452 3708 ἐρωτᾷς·
1478 3639 1570 3689 καὶ
1600 3640 1704 3698 πᾶς
1741 3637 1835 3705 βα-

207 3734 473 3792 σιλεὺς,
510 3729 611 3780 καὶ
642 3729 753 3788 πᾶς
785 3728 1049 3797 δυνάστης
1083 3727 1288 3779 τοιοῦτο
1329 3729 1555 3795 πρᾶγμα
1599 3727 1695 3779 οὐκ
1741 3728 1835 3778 ἐπ-

199 3821 444 3894 ερωτᾷ
479 3817 670 3869 πάντα
696 3815 881 3882 σοφὸν,
913 3815 1007 3867 καὶ
1034 3816 1223 3883 μάγον,
1247 3817 1340 3866 καὶ
1365 3815 1640 3868 Χαλδαῖον.

293 3936 328 3987 1
349 3933 380 3985 1
399 3969 416 3982 .
453 3928 580 3981 Καὶ
603 3929 633 3978 ὁ
662 3927 840 3993 λόγος,
867 3926 925 3978 ὃν
955 3927 1135 3993 ζητεῖς
1153 3964 1168 3987 ,
1217 3926 1429 3994 βασιλεῦ
1455 3967 1469 3990 ,
1510 3926 1676 3996 βαρύς
1722 3931 1833 3981 ἐστι

198 4039 281 4081 ..ι-
329 4019 458 4072 καὶ
486 4015 742 4078 ἐπίδοξος
857 4016 950 4066 καὶ
971 4017 1141 4076 ούδεῖς
1168 4015 1310 4066 ἔστιν
1332 4015 1389 4076 ὃς
1410 4015 1631 4083 δηλώσει
1668 4017 1833 4068 ταῦτα

195 4113 298 4181 τῷ
334 4106 608 4178 βασιλεῖ,
635 4107 684 4156 εί
715 4095 791 4172 μή
831 4121 917 4164 τις
943 4103 1185 4169 ἄγγελος,
1213 4099 1272 4156 οὗ
1305 4105 1400 4155 οὐκ
1426 4104 1538 4155 ἐστι
1583 4122 1835 4175 κατοικη-

193 4205 448 4269 τήριον
489 4194 640 4264 μετὰ
674 4196 860 4262 πάσης
915 4194 1146 4262 σαρκόςο
1193 4192 1314 4244 ὅθεν
1366 4195 1461 4246 οὐκ
1514 4195 1578 4246 ἂν
1625 4195 1832 4263 δέχεται

195 4287 552 4361 γενέσθαι,
595 4283 847 4353 καθάπερ
885 4284 1005 4334 οίει.

289 4375 420 4442 12,
452 4372 602 4422 Τότε
633 4373 662 4422 ό
691 4369 945 4438 βασιλεὺς
978 4367 1199 4434 στυγνὸς
1229 4368 1532 4436 γενόμενος,
1565 4369 1656 4420 καὶ
1678 4371 1828 4438 περί·
1855 4371 1908 4429 D

195 4467 423 4521 λυπος
453 4456 808 4525 προσέταξεν
839 4456 1125 4522 ἐξαγαγεῖν
1151 4455 1353 4515 πάντας
1379 4455 1500 4516 τοὺς
1530 4455 1720 4519 σοφοὺς
1737 4459 1832 4522 τῆς

196 4543 646 4604 Βαϐυλωνίας.

297 4639 410 4691 ³15.
449 4633 576 4686 Καὶ
606 4631 974 4700 ἐδογματίσθη
998 4630 1201 4692 πάντας
1226 4629 1536 4681 ἀποκτεῖναι
1558 4643 1572 4657 ο
1600 4627 1830 4698 ὲζητήθη

217 4730 292 4781 δὲ
319 4730 355 4777 ὁ
382 4721 611 4790 Δανιὴλ
633 4722 729 4772 καὶ
757 4719 960 4780 πάντες
991 4720 1040 4770 οἱ
1063 4721 1178 4786 μετ’
1208 4717 1370 4769 αὑτοῦ
1408 4719 1564 4786 χάριν
1585 4715 1674 4767 τοῦ
1709 4734 1831 4768 συν-

229 4811 503 4868 απολέσθ
513 4826 593 4860 αι.

307 4920 409 4974 Η.
440 4913 597 4966 Τότε
616 4911 820 4980 Δανιὴλ
840 4905 959 4960 εἷπε
987 4908 1176 4976 βουλὴν
1202 4905 1559 4978 καὶ“γνώμην,
1584 4905 1650 4977 ἦν
1669 4904 1830 4978 εἶχεν,

234 5008 516 5079 Ἀριωχῇ
551 5003 636 5070 τῷ
657 4999 1044 5069 ἀρχιμάγείρῳ
1066 4997 1158 5048 τοῦ
1185 4998 1458 5066 βασιλέως,
1577 4999 1834 5067 προσέτα-

255 5116 321 5152 εν
353 5095 682 5160 ἐξαγαγεῖν
714 5091 846 5146 τοὺς
885 5087 1138 5152 σοφιστὰς
1171 5088 1265 5154 τῆς
1297 5089 1658 5150 Βαϐυλωνίας.

296 5208 398 5260 15.
437 5200 562 5256 Καὶ
611 5196 959 5251 ἐπυνθάνετο
988 5194 1142 5246 αὑτοῦ
1183 5194 1372 5261 λέγων,
1396 5200 1690 5266 >ε<¹¹Δρχων
1737 5197 1829 5249 τοῦ

216 5290 603 5368 βασιλέως
651 5285 792 5353 περὶ
839 5282 984 5340 τίνος
1019 5281 1392 5346 δογματίζεται
1433 5287 1636 5353 πικρῶς
1686 5287 1830 5354 παρὰ

195 5366 312 5442 ’ἑοῦ
348 5377 646 5454 βασιλέως
671 5390 687 5435 ;
721 5372 866 5422 Τότε
889 5369 946 5418 τὸ
974 5366 1282 5438 πρόσταγμα
1314 5373 1581 5442 ἐσήμανεν
1598 5375 1623 5424 ό
1644 5374 1834 5440 Ἀριώ-

189 5493 319 5548 ,χης
347 5471 434 5540 τῷ
464 5461 715 5529 Δανιήλ.
1698 5548 1700 5551 ι

280 5583 373 5641 16,
422 5581 490 5630 '0
512 5574 575 5626 δὲ
625 5561 849 5628 Δανιὴλ
887 5557 1077 5625 εἰσῆλθε
1105 5563 1324 5631 ταχέως
1375 5570 1506 5639 πρὲ)ς
1549 5568 1634 5620 τὶν
1669 5582 1831 5637 ρας-ι,

1581 341 1824 396 DANIEL
1861 343 2086 413 carm
2141 347 2205 400 ιι.

292 443 336 495 2.
367 440 474 496 Καὶ
525 438 821 505 ἐπέταξεν
900 449 934 499 ὁ
994 450 1243 520 βασιλεὺς
1309 455 1670 524 εἰσενεχθῆναι
1717 456 1837 516 τοὺς
1869 460 1908 512 Α

3337 355 3466 409 ἓῖἷῗι

2008 456 2057 508 2.
2096 456 2156 507 Et
2183 456 2338 522 jussit
2381 471 2493 520 rex,
2527 465 2581 509 ut
2617 455 3076 510 introducerentur
3109 459 3462 518 ineantatores

1940 553 1992 596 ct
2025 546 2182 611 magi.
2210 557 2262 597 ct
2294 545 2516 597 maleﬁci
2539 545 2903 598 Chaldznorum
2935 547 2998 600 ad
3038 549 3462 602 annuntiandum

1943 636 2052 700 regi
2089 635 2291 687 somnia
2325 635 2482 702 ejus:
2528 645 2579 688 et
2620 635 2957 690 advenientes
3006 646 3265 691 steterunt
3285 654 3463 692 coram

1938 737 2079 788 rege.
2502 741 2504 743 ‘

2004 810 2055 860 '5.
2096 809 2156 860 Et
2191 809 2324 861 dixit
2354 810 2430 862 eis
2461 825 2552 861 rex
2579 808 2885 861 :Somnium
2905 809 3030 870 vidi,
3055 821 3106 863 et
3131 813 3369 868 turbatus
3390 825 3467 869 est
3507 862 3517 870 .
3543 851 3554 859 -

1935 896 2159 962 spiritus
2191 912 2339 948 meus
2361 914 2372 947 :
2396 897 2516 949 volo
2547 898 2706 964 igitur
2738 897 2874 950 scire
2906 897 3194 950 somnium.

2005 981 2057 1034 4.
2098 985 2160 1035 Et
2191 984 2349 1036 loculi
2376 994 2500 1036 sunt
2523 983 2757 1036 Chaldwi
2784 985 2848 1036 ad
2881 1000 3056 1054 regem
3077 984 3320 1055 Syriaco:
3353 984 3463 1041 Do-

1933 1071 2077 1122 mine
2124 1086 2237 1134 rex,
2265 1073 2317 1124 in
2370 1073 2751 1139 sempiternum
2791 1074 2950 1126 vive:
2995 1075 3166 1127 indica
3195 1075 3462 1128 somnium

1934 1165 2082 1210 tuum
2109 1161 2280 1214 servis
2311 1163 2436 1226 luis,
2471 1171 2525 1215 et
2558 1176 2655 1215 nos
2686 1162 2778 1214 tibi
2808 1163 3046 1217 dicemus
3067 1164 3462 1232 interpretatio-

1932 1261 2052 1299 nem
2084 1247 2223 1314 ejus.

1997 1425 2048 1477 5.
2087 1423 2428 1494 Respondeas
2465 1440 2638 1481 autem
2700 1446 2790 1481 rex
2833 1430 2963 1483 dixit
3001 1430 3303 1485 Chalda-is:
3340 1432 3461 1486 Ser-

1928 1528 2018 1565 mo
2069 1530 2096 1564 a
2157 1530 2242 1566 me
2319 1518 2556 1570 recessit.
2637 1517 2860 1585 Ideoque
2919 1518 3020 1572 nisi
3095 1520 3460 1574 indicaveritis

1930 1602 2058 1654 mihi
2092 1603 2142 1653 in
2169 1603 2388 1654 veritate
2421 1605 2708 1664 somnium,
2747 1616 2799 1656 et
2832 1606 3317 1672 interpretationem
3345 1607 3462 1674 ejus

1931 1690 2269 1742 ostenderitis
2293 1691 2445 1754 mihi,
2479 1693 2727 1745 omnibus
2755 1694 2996 1760 exemplo
3023 1694 3194 1757 eritis,
3225 1704 3277 1748 ct
3317 1697 3459 1748 redi-

1935 1787 2123 1842 gentur
2155 1779 2464 1833 substantiae
2488 1792 2675 1834 vestra:
2705 1783 2755 1834 in
2792 1784 2991 1850 regium
3023 1783 3230 1836 (iscum.

2004 1867 2055 1918 6.
2092 1851 2145 1919 Si
2176 1878 2348 1921 autem
2377 1871 2640 1924 somnium
2693 1873 3029 1925 manifestum
3051 1873 3281 1927 feceritis
3308 1873 3462 1936 mihi,

1936 1964 1986 2007 et
2020 1957 2503 2024 interpretationem
2556 1959 2670 2026 ejus
2725 1960 3131 2024 indicaveritis,
3191 1963 3460 2030 accipietis

1934 2046 2147 2111 praemia
2174 2061 2332 2098 omne
2359 2063 2547 2114 genus,
2587 2057 2638 2101 et
2673 2050 2926 2103 honorem
2977 2068 3008 2104 a
3061 2052 3462 2105 mezostenditc

1935 2132 2064 2184 mihi
2093 2135 2381 2197 somnium,
2412 2145 2570 2203 atque
2596 2137 2900 2191 discernite.

2002 2219 2054 2268 7.
2093 2218 2494 2286 Responderunt
2530 2233 2703 2274 autem
2757 2224 2992 2276 secundo
3021 2223 3295 2278 dicentes:
3323 2225 3459 2290 Rex,

1934 2309 2191 2362 visionem
2215 2309 2301 2362 dic
2330 2327 2344 2374 ;
2378 2320 2429 2364 et
2459 2313 2609 2379 pueri
2641 2313 2715 2365 tui
2763 2313 2982 2380 posthac
3035 2315 3461 2380 interpretabun-

1936 2404 2040 2448 tur.

2002 2487 2052 2540 8.
2083 2489 2144 2540 Et
2174 2489 2306 2542 dixit
2335 2489 2409 2541 eis
2434 2505 2524 2541 rex
2550 2505 2564 2542 :
2589 2488 2643 2541 In
2666 2491 2886 2544 veritate
2915 2491 3056 2556 novi,
3083 2492 3225 2560 quod
3249 2501 3459 2559 tempus

1936 2590 2029 2627 vos
2057 2577 2333 2640 redimitis,
2368 2587 2526 2644 prout
2552 2579 2794 2640 vidistis,
2833 2580 2975 2647 quod
3006 2581 3286 2634 recesserit
3306 2596 3336 2634 a
3375 2595 3461 2634 me

1935 2679 2038 2717 res.
2063 2663 2517 2728 Quemadmodum
2550 2667 2708 2734 igitur
2738 2669 2984 2736 praecepi,
3011 2670 3090 2722 sic
3129 2670 3250 2723 erit.

2001 2835 2053 2889 9.
2085 2835 2193 2891 Nisi
2219 2839 2483 2892 somnium
2521 2839 2880 2894 indicaveritis
2910 2843 3035 2895 mihi
3076 2844 3128 2896 in
3161 2846 3378 2901 veritate
3407 2856 3462 2906 et

1936 2921 2420 2990 interpretationem
2451 2926 2565 2992 ejus
2602 2928 2967 2992 ostenderitis,
3015 2941 3182 2984 morte
3215 2909 3415 2989 cadetis
3443 2952 3454 2984 :

1936 3011 2072 3062 inter
2093 3027 2188 3064 vos
2219 3012 2358 3066 enim
2385 3013 2684 3080 loquimini,
2717 3024 2774 3069 ut
2817 3019 2974 3072 verba
3008 3022 3278 3075 mendacia
3307 3038 3461 3077 com-—

1931 3100 2138 3164 ponatis
2164 3100 2214 3152 in
2244 3116 2344 3164 me,
2367 3101 2535 3154 donec
2578 3112 2783 3171 tempus
2813 3116 3158 3172 pertranseat.
3191 3109 3338 3163 Nunc
3361 3112 3463 3181 igi-

1933 3194 2018 3237 tur
2045 3187 2089 3238 si
2120 3188 2336 3240 verbum
2388 3190 2628 3244 dixeritis
2676 3192 2802 3245 mihi
2837 3195 2978 3261 quod
3002 3206 3156 3250 nocte
3197 3197 3320 3261 vidi,
3365 3213 3462 3252 c0-

1932 3289 2204 3342 gnoscam,
2231 3278 2372 3344 quod
2391 3278 2548 3330 etiam
2581 3281 3072 3349 interpretationem
3100 3284 3259 3353 hujus
3278 3296 3462 3342 osten-

1931 3363 2088 3418 detis.
2124 3429 2137 3435 α

2002 3452 2084 3503 10.
2116 3451 2179 3502 Et
2219 3453 2601 3518 responderunt
2645 3455 2872 3534 Clialdwi
2919 3472 3100 3511 coram
3141 3462 3459 3528 regezquod

1931 3539 2096 3592 Nemo
2116 3555 2181 3593 ex
2211 3542 2292 3594 his
2335 3542 2426 3608 qui
2466 3552 2590 3596 sunt
2619 3543 2671 3595 in
2730 3553 2889 3609 terra,
2916 3549 3108 3614 poterit
3132 3550 3309 3602 dicere
3351 3552 3458 3619 regi

1931 3629 2072 3697 quod
2101 3629 2248 3692 vidit,
2284 3631 2420 3683 sicut
2451 3640 2504 3683 tu
2555 3632 2843 3687 sciscitaris
2893 3651 2908 3686 :
2961 3644 3014 3686 et
3038 3636 3212 3689 omnis
3258 3651 3369 3700 rex,
3407 3648 3462 3693 et

1932 3719 2106 3770 onuiis
2131 3718 2350 3786 dynasta
2380 3719 2748 3786 hujuscemodi
2779 3737 2887 3776 rem
2911 3722 3129 3777 minime
3155 3724 3458 3780 sciscitatur

1931 3806 1998 3858 ab
2026 3809 2168 3858 omni
2208 3807 2462 3874 sapiente,
2485 3821 2536 3862 et
2555 3825 2728 3878 mago,
2752 3820 2804 3864 et
2831 3811 3099 3866 Chaldaeo.

2001 3916 2085 3968 11.
2123 3916 2185 3968 Et
2210 3912 2406 3978 sermo',
2445 3933 2602 3985 quem
2637 3921 2859 3986 quzeris,
2914 3935 3026 3983 rex,
3083 3924 3258 3990 gravis
3285 3931 3364 3976 est
3405 3928 3468 3977 et'

1932 4005 2196 4068 sublimis,
2244 4015 2294 4058 et
2326 4009 2501 4060 nullus
2526 4019 2606 4061 est
2634 4011 2722 4076 qui
2765 4013 3005 4063 ostendet
3040 4011 3149 4065 haic
3184 4014 3314 4082 regi,
3354 4014 3458 4068 nisi

1931 4098 2123 4163 aliquis
2159 4099 2378 4164 angelus
2407 4137 2421 4159 ,
2454 4099 2609 4165 cujus
2665 4116 2767 4151 non
2802 4111 2883 4152 est
2941 4105 3285 4155 commoratio
3335 4119 3455 4157 cum

1931 4187 2073 4238 omni
2103 4200 2280 4244 carne.
2314 4188 2452 4239 unde
2479 4203 2584 4241 non
2618 4199 2788 4256 potest
2835 4190 2965 4254 ﬁeri,
3016 4193 3457 4259 quemadmodum

1932 4275 2182 4342 Opinaris.

2003 4366 2082 4416 12.
2127 4364 2274 4415 Tunc
2298 4380 2388 4416 rex
2431 4375 2689 4427 mmslus,
2731 4375 2783 4418 ct
2814 4382 2970 4432 supra
3022 4369 3235 4421 modum
3278 4370 3460 4421 dolore

1933 4449 2151 4502 aliertus
2201 4452 2465 4518 pneecpit,
2522 4461 2579 4503 ut
2627 4454 2916 4506 educerent
2957 4469 3142 4508 omnes
3197 4458 3460 4522 sapientes

1935 4536 2260 4604 Babyloniae.

2005 4626 2083 4676 15.
2119 4624 2182 4676 Ει
2211 4625 2438 4677 edictum
2470 4625 2860 4694 promulgatum
2899 4635 3001 4691 est,
3050 4637 3107 4681 ut
3165 4645 3347 4683 omnes
3377 4630 3460 4682 in-

1933 4717 2328 4768 terﬁcerentur:
2366 4717 2620 4783 quaesitus
2645 4726 2726 4769 est
2756 4728 2932 4770 autem
2960 4717 3164 4778 Daniel,
3188 4729 3241 4772 et
3271 4733 3458 4772 omnes

1931 4807 2020 4872 qui
2051 4821 2171 4858 cum
2197 4819 2262 4857 eo
2289 4815 2459 4867 erant,
2491 4816 2546 4858 ut
2577 4807 2736 4858 simul
2772 4808 3024 4874 perirent.

2001 4901 2083 4969 1ιῖ
2125 4918 2273 4969 Tunc
2297 4915 2478 4970 Daniel
2515 4917 2647 4967 dixit
2694 4918 3001 4979 consilium,
3037 4927 3089 4970 et
3120 4921 3455 4982 sententiam,

1931 5019 2088 5071 quam
2115 5005 2356 5067 habebat,
2382 5003 2612 5055 Ariocho
2643 5005 2864 5071 principi
2929 5006 3130 5058 militiae
3180 5007 3335 5073 regis,
3371 5011 3456 5061 eui

1933 5090 2290 5154 mandaverat,
2323 5099 2379 5141 ut
2410 5090 2656 5142 educeret
2688 5091 2950 5156 suphistas
2981 5089 3283 5160 Babylonis.

2005 5199 2087 5252 15.
2131 5200 2193 5252 Ει
2224 5201 2591 5254 sciscitabatur
2615 5202 2681 5252 ab
2709 5218 2772 5254 eo
2796 5200 2997 5256 dicens.
3023 5201 3272 5270 Princeps
3296 5207 3455 5271 regis,

1934 5305 2096 5358 quare
2119 5291 2420 5343 decernitur
2464 5304 2647 5342 severe
2681 5304 2708 5340 τι
2747 5287 2905 5356 rege?
2957 5289 3106 5342 'l‘une
3150 5292 3463 5356 mandatum

1935 5373 2184 5426 indicavit
2214 5375 2480 5427 Ariochus
2518 5370 2741 5424 Danieli.

2006 5569 2086 5622 16.
2131 5569 2308 5623 Daniel
2342 5577 2515 5622 autem
2566 5565 2843 5632 ingressus
2881 5575 2961 5619 est
3008 5567 3249 5625 celeriter
3280 5569 3344 5624 ad
3378 5587 3462 5626 re-
