3874 6334
164 368 331 429 93735
1510 372 1694 428 DANIE

1901 372 2015 428 .’UT
2044 371 2130 429 ΙΙΙ.
2414 374 2417 375 ⁷
3295 370 3431 429 2786

254 474 332 528 1ο.
359 473 447 535 Σὺ,
482 467 742 562 βασιλεῦ,
772 480 1149 549 προσέταξας
1166 485 1264 538 καὶ
1301 487 1539 562 ἔκρινας,
1572 490 1658 544 ἵνα
1693 492 1784 553 πᾶς

1968 490 2054 543 10.
2086 490 2187 554 Τυ,
2211 505 2326 552 rex,
2356 489 2615 545 mandasti
2637 498 2691 543 et
2711 485 3013 550 decrevisti,
3045 492 3102 537 ut
3132 483 3306 537 omnis
3336 486 3407 537 ho
3448 530 3458 555 ε

148 562 470 635 ἄνθρωπος,
509 559 572 623 ὃς
598 560 669 614 ἂν
715 562 968 640 ἀκούσῃ
1009 574 1112 641 τῆς
1144 576 1330 645 φωνῆς
1360 559 1455 646 τῆς
1507 579 1678 631 σάλπι·

1931 593 2012 641 no,
2042 580 2134 647 qui
2166 580 2392 633 audierit
2423 594 2606 633 vocem
2641 579 2802 642 tuba,
2834 576 3041 639 fistulae,
3068 582 3122 628 et
3145 573 3413 629 sambucae
3454 566 3461 599 ‘

157 659 245 732 χ
280 647 523 717 σύριγγός
568 666 634 702 τε
683 656 795 705 καὶ
846 661 1158 731 σαμϐύκης
1191 650 1267 731 xi
1296 665 1555 735 κιθάρας,
1591 666 1687 733 ψαλ

1900 666 2136 732 citharae,
2168 666 2405 735 psalterii
2434 674 2488 720 ct
2512 666 2689 720 omnis
2716 665 2924 719 sonitus
2956 662 3309 724 musicorum,
3338 673 3426 713 ca-

162 746 295 823 ρίου
328 737 381 805 /-
416 738 513 789 καὶ
542 740 763 805 παντὸς
814 744 975 816 ἤχου
1028 753 1322 821 μουσικῶν,
1364 754 1541 808 πεσὼν
1564 772 1692 826 προσ

1289 770 1322 819 ι,
1364 754 1541 808 πεσὼν
1564 772 1798 826 προσκυ-
1900 755 2032 811 dens
2058 757 2245 811 adoret
2273 755 2554 825 imaginem
2583 770 2819 810 auream.

167 836 315 901 νήσῃ
340 830 407 897 τῇ
445 829 624 881 εἰκόνι
648 834 724 900 τῇ
760 842 992 908 χρυσῇ.

256 914 341 965 il.
374 915 483 966 Καὶ
514 916 580 977 ὃς
603 917 675 969 ἂν
713 920 801 989 μὴ
839 925 1043 980 πεσὼν
1064 931 1431 1001 προσκυνήσῃ,
1461 931 1786 1003 ὲμϐληθήσε-

1969 929 2054 982 fl.
2085 929 2149 982 Et
2172 931 2260 998 qui
2294 945 2400 984 non
2458 930 2742 999 procidens
2790 930 3112 990 adoraverit,
3157 928 3434 983 immissus

190 1021 278 1063 ται
299 1005 373 1064 εἰς
398 1003 498 1074 τὴν
516 1006 769 1076 κάμινον
806 1012 914 1064 τοῦ
946 1016 1123 1084 πυρὸς
1154 1017 1252 1086 τὴν
1274 1019 1582 1090 καιομένην.

1331 1019 1582 1090 ιιομένην.
1898 1019 1969 1073 sit
2004 1019 2056 1071 in
2092 1018 2364 1074 fornacem
2397 1020 2536 1089 ignis
2566 1021 2861 1083 ardentem.

271 1094 353 1147 12.
380 1095 503 1147 Εἰσὶ
529 1097 591 1149 δέ
622 1115 782 1162 τινες
813 1102 1022 1174 ἄνδρες
1056 1106 1314 1169 Ἰουδαῖοι,
1342 1107 1435 1170 οὓς
1462 1108 1795 1178 κατέστησας

1972 1109 2059 1161 19..
2092 1107 2230 1163 Sunt
2289 1118 2464 1163 autem
2516 1110 2731 1178 quidam
2764 1111 2861 1164 viri
2893 1108 3081 1174 Judaei,
3119 1123 3257 1177 quos
3303 1122 3433 1163 con-

224 1186 301 1240 ὶπὶ
319 1183 414 1253 τῆς
445 1184 636 1255 χώρας
683 1190 795 1258 τῆς
840 1192 1194 1257 Βαϐυλωνίας
1219 1233 1234 1258 ,
1291 1197 1494 1266 Σεδράχ
1518 1239 1536 1263 ,
1587 1198 1754 1267 Μισὰ)

1898 1198 2112 1252 stituisti
2131 1213 2290 1266 super
2308 1198 2578 1267 regionem
2596 1198 2898 1268 Babylonis,
2936 1198 3189 1260 Sedracb,
3208 1197 3428 1259 Misach,

242 1273 542 1342 Ἀϐδεναγὼ,
574 1278 625 1329 οἱ
667 1278 967 1348 ἄνθρωποι
995 1285 1188 1336 ἐκεῖνοι
1222 1285 1319 1337 οὐκ
1340 1286 1677 1356 ἐφοϐήθησάν
1699 1305 1772 1340 σοι

1900 1284 2217 1353 Abdenago:
2248 1284 2490 1339 homines
2522 1285 2609 1339 isti
2634 1301 2740 1339 non
2794 1286 3085 1339 timuerunt
3141 1294 3287 1338 tuum
3337 1285 3430 1339 dc-

244 1362 321 1430 τὴν
337 1363 569 1433 ἐντολὴν,
599 1368 702 1417 καὶ⁸
724 1366 809 1436 τῷ
843 1368 1050 1438 εξδώλῳ
1078 1387 1168 1422 σου
1196 1373 1295 1425 οὑκ
1321 1372 1661 1443 ἐλάτρευσαν,
1698 1377 1774 1428 κα¹

1898 1380 2119 1433 cretum,
2156 1380 2207 1425 et
2228 1372 2426 1425 idolum
2477 1383 2627 1427 tuum
2678 1387 2782 1426 non
2840 1372 3138 1437 coluerunt,
3167 1373 3428 1438 etimagi-

242 1454 301 1521 τῇ
327 1452 483 1505 εἰκόνι
504 1470 597 1505 σου
621 1456 691 1524 τῇ
712 1460 922 1527 χρυσῇ,
1014 1459 1265 1529 ἐστησας,
1281 1463 1343 1514 οὐ
1367 1464 1767 1535 προσεκύνησαν

1904 1477 2015 1516 nem
2076 1471 2220 1517 tuam
2282 1478 2519 1528 auream,
2571 1478 2732 1533 quam
2782 1464 3036 1528 statuisti,
3080 1478 3189 1518 non
3238 1463 3433 1517 adora-

1894 1558 2102 1603 verunt.

310 1618 387 1671 15.
416 1620 542 1672 Τότε
572 1610 1049 1694 Ναϐουχοδονόσορ
1076 1625 1344 1695 θυμωθεὶς
1369 1631 1501 1702 ὀργῇ
1531 1635 1790 1702 προσέτα-

1960 1636 2045 1688 15.
2081 1635 2232 1690 Tunc
2271 1635 2764 1695 Nabuchodonosor
2787 1652 3080 1694 succensus
3103 1638 3204 1703 ira,
3228 1650 3427 1705 praece-

237 1705 323 1769 ξεν
352 1707 572 1775 ἀγαγεῖν
594 1711 689 1764 τὸν
719 1712 952 1782 Σεδρὰχ.
980 1714 1183 1785 Μισὰχ,
1227 1719 1539 1788 Ἀϐδεναγώ.
1584 1723 1716 1776 Τότε
1737 1740 1764 1776 ο

1898 1720 1985 1789 pit,
2007 1734 2062 1776 ut
2078 1723 2398 1778 adducerent
2431 1725 2686 1787 Sedrach,
2709 1726 2930 1789 Misach,
2953 1726 3275 1793 Abdeuago:
3301 1733 3428 1779 tunc

535 1799 789 1869 ἤχθησαν
822 1802 957 1871 πρὸς
989 1803 1079 1859 τόν
1112 1806 1349 1874 βασιλέα.

1343 1848 1349 1862 .
1818 1795 1865 1855 Β
1893 1812 2139 1866 homines
2170 1813 2381 1867 adducti
2418 1822 2543 1868 sunt
2578 1816 2646 1869 ad
2674 1831 2873 1885 regem.

300 1883 381 1937 11.
413 1884 520 1948 οὓς
567 1888 667 1940 καὶ
706 1890 932 1944 συνιδὼν
984 1893 1445 1966 Ναϐουχοδονόσορ
1478 1900 1505 1950 ὁ
1542 1898 1788 1967 βασιλεὺς

1962 1900 2051 1953 14.
2107 1900 2254 1965 Quos
2309 1903 2467 1955 etiam
2538 1883 2879 1972 conspicatus
2934 1903 3427 1959 Nabuchodonosor

226 1968 376 2027 εἶπεν
402 1975 610 2039 αὐτοῖς,
643 1978 817 2043 Διατί,
842 1980 1069 2050 Σεδρὰχ.
1090 1984 1272 2053 Μισὰχ
1290 2023 1304 2045 ,
1332 1985 1643 2055 Ἀϐδεναγώ,
1677 1991 1756 2041 τοί

1892 2002 1983 2043 rex
2016 1988 2149 2042 dixit
2178 1991 2257 2044 eis
2285 2006 2297 2040 :
2330 1990 2524 2057 Quare,
2562 1968 2816 2056 Sedrach,
2870 1994 3089 2057 Misach,
3114 1993 3422 2062 Abdenago,

225 2063 367 2152 θεοῖς
410 2083 509 2135 μου
537 2067 601 2119 οὐ
646 2068 958 2139 lca-spatiere,
990 2072 1083 2124 καὶ
1104 2076 1167 2142 τῇ
1198 2075 1363 2127 εἰκόνι
1402 2080 1466 2147 τῇ
1504 2078 1755 2148 χρυσῇ,ἥ

1893 2076 2019 2131 deos
2047 2092 2193 2131 meos
2230 2093 2336 2132 non
2370 2080 2565 2146 colitis,
2588 2092 2642 2136 et
2675 2082 2962 2151 imaginem
2993 2098 3231 2147 auream,
3262 2098 3423 2152 quam

223 2148 444 2218 ἔστησα,
464 2152 525 2203 οὐ
563 2158 922 2221 προσκυνεῖτε
939 2173 954 2220 ;

1891 2168 2075 2233 statui,
2110 2182 2215 2221 non
2244 2169 2519 2224 adoratis?

296 2239 382 2293 l5.
411 2240 523 2293 Kal.
543 2240 641 2293 νῦν
665 2242 716 2294 εἰ
748 2244 844 2311 μὲν
864 2244 1019 2314 ἔχετε
1048 2248 1277 2318 ἑτοίμως
1310 2250 1424 2319 ἅμα
1458 2252 1533 2322 τῷ
1560 2252 1786 2307 ἀκοῦσαι

1962 2257 2049 2310 15.
2087 2258 2149 2313 Et
2178 2275 2319 2314 nunc
2343 2260 2611 2327 siquidem
2642 2260 2771 2315 estis
2796 2261 2986 2327 parati,
3020 2261 3198 2314 statim
3224 2276 3287 2315 ac
3323 2277 3422 2315 au-

218 2326 320 2393 τῆς
353 2327 654 2397 σάλπιγγος
683 2333 751 2399 χ(
780 2333 1039 2402 σύριγγός
1072 2353 1130 2387 τε
1169 2339 1262 2390 καὶ
1304 2340 1551 2410 κιθάρας,
1584 2343 1748 2412 σαμϐι

1892 2343 2099 2401 dieritis
2129 2348 2333 2411 tubam,
2373 2326 2628 2412 fistulam,
2673 2358 2724 2401 et
2774 2326 3057 2410 citharam,
3089 2350 3422 2411 sambucam.

216 2417 289 2483 Χ
317 2433 417 2486 κης
438 2435 519 2480 τε,
545 2421 645 2472 καὶ¹
666 2419 966 2492 ψαλτηρίου
994 2424 1088 2477 καὶ
1123 2428 1435 2495 συμφωνίας
1458 2429 1513 2498 /.
1541 2431 1633 2482 καὶ
1654 2448 1746 2482 παι

1892 2444 1944 2491 et
1993 2437 2323 2505 psalterium,
2373 2446 2424 2489 ct
2464 2436 2831 2505 symphoniam
2858 2446 3139 2490 etomnem
3189 2438 3422 2491 sonitum

214 2507 311 2568 τος
338 2508 467 2576 ἦχον
500 2508 803 2578 μουσικῶν,
838 2510 1099 2573 πεσόντες
1138 2516 1509 2584 προσκυνῆσαι
1534 2520 1598 2587 τῇ
1625 2519 1744 2571 εἰκόε

1892 2527 2242 2587 musicorum,
2280 2524 2612 2594 procidentes
2640 2524 2862 2579 adorare
2893 2526 3173 2593 imaginem
3205 2540 3422 2579 auream

210 2600 278 2664 τῇ
300 2601 475 2667 χρυσῇ
514 2598 562 2651 /.
654 2598 885 2669 ἔστησα·
915 2602 964 2653 εἰ
985 2600 1042 2653 δὲ
1075 2603 1236 2670 μήγε,
1263 2602 1571 2668 γινώσκετε,
1605 2606 1685 2659 ὅτι
1712 2626 1740 2678 μ

1896 2631 2049 2684 quam
2076 2616 2235 2668 statui
2263 2593 2352 2669 zisi
2396 2629 2525 2669 vero
2562 2628 2690 2679 non,
2734 2615 2944 2679 scitote,
2978 2615 3117 2684 quod
3159 2630 3260 2668 non
3300 2616 3426 2669 ado-

211 2686 723 2752 προσκυνησάντων
770 2687 959 2755 ὑμῶν,
1008 2689 1215 2759 αὐθωρὶ
1264 2692 1660 2764 ἐμϐληθήσεσθε
1708 2712 1741 2747 εκ

1895 2715 2070 2760 rantes
2107 2720 2221 2769 vos,
2253 2705 2436 2760 eadem
2487 2705 2615 2758 hora
2669 2704 3025 2758 immittemini
3070 2706 3122 2758 in
3153 2705 3419 2759 fornacem

203 2770 299 2837 τὴν
325 2772 572 2840 κάμινον
620 2772 717 2824 τοῦ
768 2775 942 2843 πυρὸς
986 2776 1084 2845 τὴν
1139 2779 1461 2849 καιομένην·
1503 2782 1597 2834 καὶ⁵
1640 2785 1733 2836 ποῖι

1894 2794 2030 2861 ignis
2094 2794 2365 2849 ardentem
2396 2813 2408 2848 :
2437 2795 2629 2863 etquis
2655 2793 2795 2848 Deus
2818 2794 3008 2864 eripiet
3032 2810 3129 2849 vos
3159 2795 3225 2850 de
3253 2796 3424 2848 mani-

202 2858 327 2921 Θεὸς
369 2861 649 2924 ὲξελεῖται
685 2861 831 2929 ὑμᾶς
863 2864 927 2914 ἐκ
952 2863 1060 2915 τῶν
1110 2866 1306 2934 χειρῶν
1338 2884 1475 2935 μου;
1891 2858 1989 2936 υ-ιιδ
2009 2884 2184 2936 meis?

263 2947 344 3001 16.
404 2948 835 3017 Ἀποκριθέντες
858 2949 913 3000 δὲ
945 2950 1170 3019 Σεδρὰχ,
1201 2952 1405 3020 Μισὰχ,
1464 2955 1782 3039 Ἀϐδεναγώ,

1960 2972 2043 3025 16.
2081 2971 2477 3040 Respondcntes
2528 2979 2704 3025 autem
2733 2970 2989 3032 Sedrach,
3014 2970 3235 3037 Misach,
3256 2974 3422 3027 Abde-

190 3029 348 3089 εἶπαν
376 3036 465 3104 τῷ
491 3034 711 3104 βασιλεῖ
728 3036 1213 3106 Ναϐουχοδονόσορ·
1242 3039 1484 3105 Βασιλεῦ,
1507 3044 1566 3094 οὐ
1600 3046 1717 3114 χρεί

1892 3073 2025 3125 uago
2040 3060 2290 3113 dixerunt
2312 3062 2416 3129 regi
2434 3058 2929 3115 Nabuchodonosor
2952 3079 2965 3113 :
2994 3061 3124 3125 Rex,
3152 3077 3258 3116 non
3286 3077 3421 3131 opus

185 3122 387 3195 ἔχομεν
425 3126 603 3193 ἡμεῖς
629 3124 723 3177 ἐπὶ
742 3127 810 3194 τῇ
837 3126 1069 3195 ὲπιταγῇ
1101 3104 1269 3196 ταύτῃ
1291 3104 1646 3200 ἀποκριθῆναέ
1673 3151 1715 3185 σι

1892 3104 2021 3125 .--ην
2042 3104 2290 3113 _...-.....-
2312 3104 2416 3129 ηδ.
2435 3104 2919 3115 -.-ηηηνηνηνυη
2952 3104 2965 3113 .
2996 3104 3124 3125 ..νη
3153 3104 3244 3115 ...η

1714 3151 1773 3186 π·
1809 3104 1851 3160 C
1885 3149 2140 3203 habemus
2166 3164 2264 3203 nos
2284 3147 2336 3203 in
2380 3149 2629 3202 mandato
2663 3149 2763 3203 hoc
2788 3150 3104 3219 respondere
3129 3151 3244 3206 tibi.

232 3215 338 3267 17.
395 3215 571 3266 Ἐστι
605 3213 715 3283 γὰρ
750 3214 883 3275 Θεὸς
919 3228 978 3269 +
1012 3216 1070 3267 ἐν
1101 3214 1343 3284 οὐρανοῖς
1377 3213 1456 3280 εἷς
1503 3220 1700 3287 Κύριος
1719 3223 1762 3290 /.

1949 3240 2036 3293 17.
2063 3239 2156 3293 Est
2177 3240 2319 3293 enim
2349 3238 2489 3294 Deus
2518 3240 2572 3293 in
2598 3240 2748 3294 cmlis
2777 3256 2914 3294 unus
2937 3239 3194 3295 Dominus
3214 3250 3417 3309 noster,

174 3301 361 3372 ἡμῶν,
405 3304 475 3356 ὃν
508 3302 851 3372 φοϐούμεθα,
874 3305 932 3367 ὃς
963 3306 1078 3356 ἐστι
1100 3305 1314 3369 δυνατὸς
1341 3308 1611 3371 ἐξελέσθαι
1632 3314 1704 3381 ήμ

1888 3343 2036 3398 quem
2075 3328 2348 3392 timemus,
2380 3328 2469 3397 qui
2502 3337 2584 3382 est
2609 3339 2795 3396 potens
2832 3329 3037 3397 eripere
3074 3345 3171 3386 nos
3208 3331 3274 3385 de
3304 3330 3418 3385 for-

169 3389 215 3444 in
253 3393 394 3461 τῆς
437 3391 684 3459 καμίνου
714 3394 810 3445 τοῦ
841 3392 1012 3461 πυρὸς
1052 3396 1115 3459 Χ
1151 3394 1251 3461 τῆς
1283 3397 1573 3467 καιομένης
1596 3400 1651 3466 /.
1686 3418 1699 3453 ι

1890 3389 2010 3470 nace
2035 3416 2173 3485 ignis
2197 3389 2501 3481 ardente,et
2515 3415 2579 3469 de
2608 3389 2854 3473 inanibus
2878 3389 3001 3483 tuis,
3033 3434 3148 3483 rex,
3172 3418 3420 3474 liberabit

167 3479 215 3533 ἐκ
250 3481 402 3534 τῶν
428 3479 642 3549 χειρῶν
669 3496 789 3543 σου,
822 3478 1063 3547 βασιλεῦ,
1108 3481 1368 3545 ὲξελεῖται
1400 3486 1564 3553 ἡμᾶς.
1879 3516 1999 3556 nox,

222 3592 345 3649 18.
388 3592 522 3643 Καὶ
542 3591 665 3642 τότε
696 3593 932 3664 φανερόν
971 3609 1051 3645 σοι
1085 3592 1235 3647 ἔσται
1259 3598 1327 3663 Χ
1357 3595 1572 3665 βασιλεῦ
1601 3599 1657 3666 /.
1695 3599 1752 3652 ὄτ

1946 3592 2031 3646 18.
2062 3593 2127 3647 Ει
2159 3604 2286 3648 tunc
2308 3564 2648 3648 manifestum
2668 3594 2763 3647 tibi
2785 3594 2908 3657 erit,
2939 3608 3054 3659 rex,
3088 3609 3214 3664 quia
3246 3610 3418 3664 neque

156 3681 280 3736 οὔτε
338 3678 443 3749 τῷ
485 3679 696 3749 εἰδώλῳ
727 3698 823 3732 σου
850 3680 1201 3751 λατρεύομεν,
1237 3684 1358 3736 οὔτε
1394 3688 1459 3754 τῇ
1487 3686 1651 3740 εἰκόνι
1684 3714 1686 3731 ι

1897 3682 2076 3736 dolum
2110 3692 2259 3736 tuum
2290 3684 2539 3749 colimus,
2596 3698 2771 3751 neque
2819 3682 3105 3752 imaginem
3140 3693 3284 3738 tuam
3320 3699 3422 3739 au-

154 3773 199 3842 τῇ
241 3772 505 3842 χρυσῇ,
547 3769 617 3838 ἢν
645 3768 902 3837 ἔστησας,
938 3771 997 3821 οὐ
1023 3771 1442 3840 προσκυνοῦμεν.

1332 3787 1442 3840 μεν.
1875 3786 2042 3836 ream,
2069 3787 2227 3841 quam
2266 3773 2519 3837 statuisti,
2557 3772 2862 3827 adoramus.

208 3882 326 3937 i9.
379 3879 537 3931 Τότε
566 3878 1034 3950 Ναὸουχοδονόσορ
1072 3882 1313 3951 ἐπλήσθη
1369 3880 1560 3952 θυμοῦ,
1600 3886 1692 3939 καὶ

1945 3881 2031 3934 19.
2058 3879 2208 3933 Nunc
2264 3879 2757 3935 Nabuchodonosor
2799 3880 3031 3949 repletus
3085 3890 3168 3935 est
3213 3880 3414 3949 furore,

149 3971 367 4043 μορφὴ
424 3966 536 4019 τοῦ
586 3967 880 4035 προσώπου
910 3968 1073 4021 αὑτοῦ
1127 3970 1388 4040 ἠλλοιώθη
1420 3973 1512 4024 ἐπὶ
1546 3973 1679 4045 Σεδρη

1883 3978 1927 4023 ει
1945 3978 2190 4037 aspectus
2214 3970 2363 4023 faciei
2401 3968 2519 4038 ejus
2537 3970 2844 4024 immutatus
2862 3979 2945 4024 est
2966 3986 3126 4039 super
3156 3969 3413 4036 Sedrach,

147 4058 391 4129 Μισὰχ,
422 4056 534 4109 καὶ
578 4056 909 4124 Ἀϐδεναγώ,
941 4058 1033 4109 καὶ
1065 4056 1289 4121 ἐπέταξε
1316 4058 1513 4128 καῆναι
1546 4061 1645 4132 τὴν
1675 4080 1677 4109 1

1886 4057 2093 4121 llisach,
2127 4068 2180 4112 et
2203 4058 2493 4128 Abdenago
2522 4078 2535 4113 :
2569 4068 2623 4115 et
2655 4061 2901 4128 praecepit
2923 4068 2982 4113 ut
3006 4061 3416 4115 succenderetur

148 4163 317 4212 μινον
357 4142 801 4208 ὲπταπλασίως,
833 4144 963 4213 παρ’
984 4143 1012 4195 ὃ
1031 4144 1136 4196 ἔδει
1161 4145 1329 4215 αὐτὴν
1360 4147 1576 4216 καῆναι.

1888 4145 2062 4199 ’ornax
2102 4147 2402 4217 septuplum
2440 4149 2581 4203 ultra
2608 4150 2754 4218 quod
2786 4150 3067 4219 oportebat
3097 4152 3265 4219 ipsum
3292 4165 3418 4206 suc-

1868 4234 2046 4288 cendi.
2130 4276 2133 4279 .

198 4320 327 4374 ΞΟ.
372 4313 511 4368 Καὶ
545 4312 750 4382 ἄνδρας
795 4314 1174 4383 ἰσχυροτάτους
1210 4316 1318 4367 τῶν
1352 4318 1409 4370 ὲν
1440 4320 1505 4387 τῇ
1547 4319 1728 4389 δυνάμι

1936 4322 2025 4377 20.
2063 4322 2125 4375 Ει
2152 4324 2280 4378 viris
2314 4324 2627 4382 fortissimis
2656 4341 2866 4392 eorum,
2889 4328 2981 4393 qui
3010 4338 3162 4381 erant
3185 4327 3237 4380 in
3260 4343 3415 4381 exer-

145 4406 412 4471 ὲιειταξε
443 4443 465 4469 ,
535 4402 974 4471 συμποδίσαντας
1022 4406 1089 4469 >κ
1137 4404 1229 4457 τὸν
1284 4405 1483 4475 Σεδρὰχ
1508 4446 1523 4469 ,
1567 4408 1675 4459 Μισ

1879 4415 1983 4467 citu
2002 4416 2267 4483 praecepit,
2287 4425 2345 4469 ut
2370 4416 2634 4486 colligatis
2658 4391 2879 4485 pedibus
2907 4391 3165 4481 Sedrach,
3185 4418 3409 4485 Misacb,

156 4490 522 4559 1659,3739
560 4492 621 4560 χ,
662 4490 926 4559 ἐμϐαλεῖν
971 4491 1050 4553 εὶς
1076 4491 1174 4561 τὴν
1202 4492 1429 4561 κάμινον
1459 4494 1553 4547 τοῦ
1604 4513 1686 4565 πυγ

1875 4503 2161 4572 Abdeuago
2184 4505 2462 4572 injicerent
2484 4507 2536 4559 in
2569 4507 2838 4561 fornacem
2870 4508 3005 4575 ignis
3027 4512 3321 4563 ardentem.

146 4586 241 4657 τὴν
280 4580 652 4650 καιομένην·

216 4693 332 4746 21.
366 4688 528 4742 Τότε
550 4690 602 4740 οἱ
624 4687 824 4758 ἄνδρες
842 4690 1034 4741 ἐκεῖνοι
1064 4691 1528 4763 συνεποδίσθησαν,
1561 4694 1746 4763 ἔχοντε.

1943 4698 2032 4753 21.
2073 4695 2225 4753 Tunc
2258 4698 2359 4751 viri
2378 4699 2453 4753 illi
2475 4700 2821 4769 compedibus
2841 4702 3003 4755 vincti
3038 4711 3185 4767 sunt,
3213 4703 3413 4757 haben-

161 4782 232 4834 τά
264 4780 632 4847 ὑποδήματα
653 4777 860 4841 αὐτῶν,
890 4777 983 4829 καὶ
1010 4780 1110 4840 τὰς
1135 4780 1323 4849 τιάρας
1351 4785 1523 4837 αὐτῶν
1552 4785 1644 4836 ἐπὶ
1664 4804 1691 4837 τ

1879 4798 1953 4842 les
1981 4789 2338 4843 calceamenta
2374 4805 2494 4853 sua,
2533 4799 2587 4844 et
2636 4790 2800 4844 tiaras
2833 4806 2960 4845 suas
3015 4807 3174 4859 super
3230 4794 3409 4860 capita

165 4868 440 4937 κεφαλῶν
479 4864 670 4917 αὐτῶν
701 4865 804 4916 σὺν
836 4864 915 4929 τῷ
954 4866 1227 4935 ἱματισμῷ
1259 4870 1462 4934 αὐτῶν,
1495 4872 1588 4924 καὶ
1614 4873 1695 4924 ὲὸλ

1875 4893 1967 4932 sua
1999 4894 2120 4932 cum
2153 4881 2473 4935 vestimento
2496 4895 2617 4947 suo,
2640 4890 2693 4935 et
2720 4881 2865 4935 missi
2901 4890 3026 4935 sunt
3055 4882 3107 4934 in
3136 4881 3405 4936 fornacem

163 4960 342 5029 θησαν
385 4957 489 5016 εἰς
518 4954 623 5021 τὴν
656 4952 897 5020 κάμινον
927 4956 991 5018 γε(
1019 4952 1111 5003 τοῦ
1142 4956 1302 5025 πυρὸς
1331 4960 1429 5029 τὴν
1457 4963 1693 5030 καιομένη

806 4968 897 5002 νον
927 4956 991 5018 γε(
1019 4952 1111 5003 τοῦ
1142 4956 1302 5025 πυρὸς
1331 4960 1429 5029 τὴν
1457 4963 1763 5032 καιομένην.
1874 4966 2010 5034 ignis
2043 4968 2336 5021 ardentem.

226 5046 323 5098 22.
368 5040 617 5109 Ἐπειδὴ
651 5040 715 5126 τό
749 5037 1078 5126 πρόσταγμα
1117 5040 1209 5126 τοῦ
1249 5041 1507 5110 βασιλέως
1533 5050 1756 5118 ῆπειγεε

1938 5055 2028 5107 22.
2070 5054 2205 5119 Quia
2257 5055 2564 5109 mandatum
2610 5061 2751 5126 regis
2781 5056 3001 5125 urgebat
3040 5073 3054 5110 :
3119 5066 3173 5112 et
3213 5059 3407 5113 fornax

160 5134 252 5183 καὶ
281 5134 315 5201 ἡ
350 5130 619 5213 κάμινος
646 5123 924 5213 ἐξεκαύθη
959 5123 1095 5192 ὑπὲρ
1130 5125 1192 5213 τὸᾲ
1215 5131 1469 5202 πρότερον
1496 5136 1690 5188 έπταπλ

1978 5158 2129 5198 censa
2162 5152 2277 5197 erat
2300 5145 2421 5213 plus
2445 5158 2603 5213 quam
2638 5155 2793 5198 antea
2822 5145 3254 5213 septuplum;'et
3278 5149 3403 5213 viri,
3488 5180 3508 5193 ο

159 5219 310 5283 σόως,
357 5215 473 5269 καὶ
506 5214 557 5265 οἱ
587 5211 796 5278 ἄνδρες
816 5208 869 5259 οἱ
900 5211 1375 5281 προχειρισθέντες,
1410 5223 1689 5287 συμποδίσε

1876 5234 1959 5301 qui
1984 5232 2121 5300 jussi
2153 5233 2361 5287 fuerant
2390 5248 2513 5288 eum
2534 5234 2887 5288 revinxissent
2926 5247 3041 5299 eos,
3071 5246 3123 5291 et
3152 5238 3406 5294 adduxis-

156 5324 245 5370 τες
276 5303 504 5363 αὐτοὺς
534 5300 633 5351 καὶ
659 5297 1104 5365 προσαγαγόντες
1124 5303 1183 5370 τῇ
1212 5308 1430 5376 καμίνῳ
1450 5310 1686 5364 ὲνεὸάλοε

1493 5310 1764 5367 θεδάλοσαν
1870 5332 1987 5377 sent
2009 5326 2074 5379 ad
2104 5325 2393 5391 fornacem,
2423 5324 2759 5378 immiserunt
2801 5323 2854 5375 in
2884 5338 3023 5378 eam.

156 5397 231 5457 sl;
255 5394 469 5460 αὐτήν.

219 5502 311 5555 2³·
352 5499 505 5556 Τοὺς
531 5492 653 5586 μέγ
677 5481 788 5586 οὖλέ
1031 5489 1146 5586 τξὺς
1161 5503 1610 5586 ξυμποδίσαντας
1636 5508 1749 5571 τοὺς

1935 5515 2024 5569 25.
2069 5514 2225 5571 Viros
2250 5518 2428 5586 igitur,
2462 5514 2553 5580 qui
2582 5514 2930 5583 compedibus
2974 5518 3256 5575 vinxerant
3283 5507 3398 5586 eos,

157 5593 279 5660 περὶ
298 5588 397 5642 τὸν
434 5577 732 5654 ’ᾼζαρίαν
769 5571 1035 5632 δεελθοδσα
1063 5577 1092 5642 ἦ
1123 5580 1265 5646 φλὸξ
1301 5589 1370 5643 ὲκ
1387 5591 1484 5660 τῆς
1511 5594 1687 5662 καμίνι

1876 5604 1961 5673 qui
1989 5614 2141 5661 erant
2167 5571 2298 5664 cun:
2318 5571 2532 5667 Azaria,
2578 5571 2797 5671 egressa
2828 5571 3406 5665 flammade—
