3874 6346
292 370 423 427 I795
1597 379 1822 439 DANlEl

1961 376 2102 434 .PUT
2144 376 2230 432 ΙΙΙ.
3352 390 3491 447 279ι

352 482 436 535 87.
468 477 747 546 Εὑλογεῐτε
779 477 966 547 ὅσιοι,
1000 486 1099 542 καὶ
1121 490 1363 543 ταπεινοὶ
1396 490 1591 560 καρδίᾳ
1627 491 1716 544 τὸν
1748 490 1863 543 Κύ-

2026 488 2114 544 87.
2152 486 2475 551 Benedicite,
2500 487 2695 554 sancti,
2711 498 2765 543 et
2789 487 3017 545 humiles
3041 491 3222 558 corde,
3247 494 3490 564 Domino,

290 586 421 641 ριον,
444 568 677 636 ὑμνεῖτε,
696 566 798 619 καὶ
820 567 1189 642 ὑπσρυψοῦτε
1216 576 1375 629 αὐτὸν
1399 579 1478 639 είς
1506 578 1629 638 τοὺς
1648 576 1820 647 αίῶνω

1963 577 2218 647 hymnum
2245 576 2421 639 dicite,
2443 585 2496 630 et
2525 578 2913 645 superexaltate
2940 594 3061 633 eum
3105 580 3159 633 in
3187 585 3400 639 mula.

352 653 442 706 88.
480 649 766 719 Εὓλογεϊτε
813 651 1075 722 ⁸Δνανία,
1112 660 1334 732 Ἀζαρία
1353 699 1370 727 ,
1398 661 1613 729 Μισαὴλ
1639 661 1729 713 τὸν
1756 662 1869 713 Κύ-

2031 667 2121 722 88.
2160 666 2483 733 Benedicite,
2510 668 2737 733 Anania,
2767 668 2993 733 ,Azaria,
3017 669 3219 737 Misael,
3246 670 3492 741 Domino,

278 759 423 815 ριον,
458 742 677 810 ὑμνεῖτε
697 778 713 803 ,
770 743 874 794 καὶ
909 744 1257 816 ὑπερυψοῦτε
1284 750 1444 803 αὐτὸν
1471 752 1550 813 είς
1591 750 1713 812 τοὺς
1737 750 1808 802 ali

1964 754 2221 823 hymnum
2250 755 2410 809 dicite
2441 793 2459 821 ,
2492 763 2546 809 et
2578 758 2969 825 superexaltate
3003 772 3126 811 eum
3172 759 3224 812 in
3278 762 3489 816 amenta.

275 850 401 895 νας.
438 834 564 886 ὐτι
594 829 832 894 ἐξείλετο
852 834 1015 903 ἡμᾶς
1044 836 1103 901 ἐξ
1131 836 1280 908 ᾅδου,
1301 838 1395 891 καὶ
1420 838 1617 892 ἔσωσεν
1638 840 1779 906 ἡμᾶς
1802 859 1805 883 1

1964 841 2227 906 Quoniam
2253 841 2449 910 eripuit
2471 856 2568 896 nos
2597 843 2664 896 de
2690 841 2898 909 inferis,
2946 853 2998 898 et
3040 844 3221 899 salvos
3242 846 3367 900 fecit
3395 863 3492 904 nos

274 922 474 992 χειρὸς
510 910 745 975 θανάτου
769 958 786 984 ,
818 922 924 973 καὶ
945 923 1216 993 ἐρρύσατο
1245 926 1387 994 ἡμᾶς
1418 926 1481 977 ἐκ
1513 925 1675 995 μέσου
1718 942 1804 977 και

1963 929 2030 983 de
2051 943 2212 981 manu
2242 931 2455 994 mortis,
2483 938 2537 985 et
2563 930 2807 985 liberavit
2837 945 2936 986 nos
2969 936 3035 988 de
3071 933 3248 989 medio
3268 933 3493 990 ﬂamma:

278 1012 464 1081 μένης
499 1008 724 1077 φλογὸς,
750 1007 848 1061 καὶ
871 1009 940 1062 ἐκ
968 1011 1061 1063 τοῦ
1092 1012 1258 1082 πυρὸς
1282 1013 1612 1083 ἐλυτρὼσατο
1639 1014 1801 1082 ἡμᾶς.

1464 1013 1612 1067 beato
1639 1014 1801 1082 ἡμᾶς.
1962 1017 2215 1081 ardentis,
2242 1026 2296 1072 et
2321 1018 2387 1072 de
2409 1019 2530 1088 igne
2556 1020 2783 1075 redemit
2806 1036 2927 1075 nos.

353 1098 449 1153 89.
489 1098 945 1167 Ἐξομολογεῖσθε
976 1098 1056 1168 τῷ
1075 1100 1282 1169 Κυρίῳ,
1305 1101 1385 1154 ὅτι
1414 1102 1662 1173 χρηστὸς,
1686 1103 1768 1154 ὅτι
1788 1103 1866 1165 είς

2032 1102 2119 1158 89.
2155 1104 2494 1159 Conﬁtemini
2529 1105 2752 1160 Domino
2802 1107 3053 1176 quoniam
3106 1110 3317 1177 bonus,
3359 1126 3493 1181 quo-

278 1186 376 1239 τδν
412 1186 603 1238 αίῶνα
631 1186 695 1238 τὸ
715 1185 863 1247 ἔλεος
892 1185 1080 1240 αὐτοῦ.
1374 1206 1376 1209 '

1963 1192 2107 1245 niam
2137 1192 2193 1246 in
2219 1194 2471 1248 saeculum
2490 1194 2851 1250 misericordia
2879 1198 3013 1264 ejus.

286 1268 290 1270 Ἴ
353 1274 450 1330 90.
479 1275 780 1341 Εὐλογεττε
807 1274 1013 1337 πάντες
1040 1275 1090 1327 οί
1117 1275 1389 1345 σεϐόμενοι
1429 1277 1520 1331 τὸν
1550 1278 1746 1347 Κύριον
1777 1277 1816 1329 τί

2030 1279 2116 1334 90.
2156 1280 2490 1347 Benedicite,
2517 1297 2703 1337 omnes
2740 1285 2975 1339 colentes
3004 1284 3286 1339 Dominum
3324 1285 3490 1341 Deum

285 1366 423 1417 Θεὸν
450 1364 571 1416 τῶν
601 1363 766 1426 θεῶν,
797 1364 1038 1432 ὑμνεῖτε,
1065 1364 1159 1417 καὶ
1195 1364 1618 1434 ἐξομολογεῖσθε,
1663 1368 1746 1419 ὅτι
1786 1383 1812 1418 ε

1962 1368 2203 1433 deorum,
2238 1370 2466 1435 laudate,
2494 1380 2547 1425 et
2574 1371 2921 1433 conﬁtemini,
2949 1372 3202 1439 quoniam
3240 1372 3294 1425 in
3324 1386 3491 1426 saecu-

290 1456 381 1505 τὺν
400 1450 586 1505 αἰῶνα
606 1451 672 1504 τὸ
698 1450 847 1513 ἔλεος
864 1450 1028 1504 αὐτοῦ
1063 1465 1126 1505 οι-
1161 1452 1251 1505 καὶ
1279 1455 1358 1516 είς
1380 1454 1468 1506 τὸν
1487 1468 1549 1509 -ι-
1568 1453 1735 1507 αίῶνα
1758 1454 1820 1507 τᾶ

1962 1457 2071 1511 lum
2096 1459 2454 1513 misericordia
2479 1460 2596 1528 ejus
2633 1470 2686 1515 ct
2717 1460 2770 1512 iu
2807 1461 3060 1515 saaculum
3112 1462 3449 1515 saeculorum.

296 1539 531 1594 αίὼνων.

363 1628 452 1682 91.
486 1627 604 1681 Καὶ
626 1625 923 1694 ἐγέ-ε-νετο
958 1628 1017 1679 ἐν
1053 1626 1130 1696 τῷ
1165 1627 1389 1680 ἀκοῦσαι
1426 1628 1516 1683 τὸν
1549 1629 1769 1698 βασιλέα
1800 1645 1863 1687 οε-

2031 1636 2115 1688 9!.
2156 1633 2219 1687 Ει
2245 1634 2440 1688 factum
2472 1645 2584 1700 est,
2638 1651 2761 1690 cum
2805 1635 3013 1690 audiret
3059 1651 3153 1690 rex
3214 1636 3490 1690 laudantes

295 1716 614 1788 ὑμνούντων
642 1715 828 1769 αὐτῶν
857 1729 918 1768 -ι-
946 1715 1038 1768 καὶ
1065 1714 1233 1778 ἑστὼς
1257 1715 1473 1786 ἐθεώρει
1510 1718 1701 1781 αὐτοὺς
1728 1718 1825 1782 ζῶν

1962 1723 2081 1779 illos
2108 1734 2161 1778 et
2182 1733 2329 1779 stans
2355 1725 2553 1778 videret
2585 1739 2678 1780 eos
2719 1726 2971 1779 viventes.
3010 1727 3161 1780 Tunc
3203 1724 3490 1781 Nabucho—

298 1823 395 1869 τας
419 1808 478 1875 /.
509 1805 651 1857 Τότε
701 1804 1170 1873 Ναϐουχοδονόσορ
1209 1806 1238 1856 6
1270 1805 1517 1874 βασιλεὺς
1566 1806 1828 1876 ἐθαύμασε

1961 1813 2192 1867 donosor
2215 1828 2306 1867 rex
2333 1814 2627 1881 obstupuit,
2655 1821 2708 1867 et
2741 1816 2971 1868 surrexit
3006 1814 3253 1879 festinus,
3277 1824 3331 1868 et
3356 1815 3491 1869 dixit

302 1896 399 1948 καὶ
427 1893 631 1962 ἀνέστη
666 1892 931 1953 σπεύσας,
966 1894 1062 1944 καὶ
1109 1887 1260 1944 εἶπεν
1289 1895 1397 1955 τοῖς
1435 1893 1603 1961 φίλοις
1630 1894 1832 1951 αὐτοῦ-ι

1957 1902 2145 1955 amicis
2173 1902 2286 1955 suis
2315 1919 2327 1954 :
2354 1899 2539 1955 Nonne
2560 1902 2705 1957 viros
2763 1912 2870 1957 tres
2902 1894 3148 1958 misimus
3175 1903 3227 1956 in
3256 1904 3487 1958 medium

305 1984 505 2051 κούχὶ
521 1981 725 2050 ἄνδρας
743 1982 895 2048 τρεῖς
912 1979 1175 2049 ἐσᾶλομεν
1194 1982 1273 2043 εἰς
1295 1981 1454 2050 μέσον
1473 1983 1564 2034 τοῦ
1588 1986 1752 2054 πυρὸς
1768 2001 1833 2036 πε

1705 1987 1752 2046 ’λς
1768 2001 1862 2036 πε·-
1957 1990 2095 2059 ignis
2124 1990 2368 2044 vinctos?
2395 1988 2457 2042 Et
2482 1990 2732 2044 dixerunt
2764 1991 2873 2060 regi
2903 2005 2917 2042 :
2945 1990 3096 2055 Vere,
3124 2006 3235 2045 rex.

305 2072 637 2141 πιδημένους
657 2112 672 2135 ,
701 2072 812 2122 Kal.
826 2065 980 2123 εἶπον
997 2070 1316 2139 τῷῇασιλεῖσ
1347 2072 1598 2142 Ἀληθῶς,
1620 2074 1857 2143 βασιλεῦ.

374 2162 459 2215 92.
490 2162 603 2212 Kal
628 2155 789 2211 εἶπεν
817 2160 846 2212 6
879 2159 1128 2228 βασιλεύς
1144 2160 1198 2227 /.
1230 2161 1359 2213 Ἰδοὺ
1383 2160 1491 2227 ἐγὼ
1527 2162 1636 2231 ὁρῶ
1662 2162 1857 2233 ἄνδρας

2024 2156 2111 2211 92.
2152 2156 2216 2210 Et
2240 2156 2370 2210 dixit
2404 2172 2493 2211 rex
2529 2172 2541 2209 :
2571 2156 2707 2212 Ecce
2740 2173 2839 2229 ego
2880 2161 3035 2214 video
3066 2160 3208 2215 viros
3258 2171 3488 2231 quatuor

304 2248 570 2316 τέσσαρας
597 2248 931 2316 λελυμένους
949 2247 1376 2318 περιπατοῦντας
1406 2252 1463 2302 ὲν
1483 2250 1556 2319 τῷ
1595 2251 1742 2319 πυρὶ,
1767 2269 1834 2303 κα

1958 2244 2162 2298 solutos
2191 2244 2591 2298 deambulantes
2621 2246 2673 2297 in
2731 2246 2869 2314 igne,
2926 2254 2980 2299 ct
3024 2249 3296 2315 corruptio
3341 2249 3485 2302 nulla

305 2336 475 2406 φθορὰ
500 2335 735 2402 οὐδεμία
773 2336 1006 2405 ἐγενήθη
1027 2337 1086 2388 ἐν
1113 2337 1312 2402 αὐτοῖς,
1346 2337 1438 2389 καὶ
1470 2340 1503 2407 ἡ
1543 2338 1726 2408 ὅρασις
1767 2340 1835 2392 τοὶ

1958 2334 2096 2388 facta
2122 2344 2207 2387 est
2233 2335 2286 2386 in
2317 2333 2426 2395 eis,
2475 2343 2528 2387 et
2557 2344 2800 2403 aspectus
2848 2337 3024 2402 quarti
3062 2337 3356 2401 similitudo
3390 2354 3487 2392 an-

301 2426 560 2494 τεταρτου
582 2424 844 2493 ὁμοίωμα
871 2424 1100 2492 ἀγγέλου
1123 2425 1279 2479 Θεοῦ.

663 2424 844 2493 οίωμα
871 2424 1100 2492 ἀγγέλου
1123 2425 1279 2479 Θεοῦ.
1957 2421 2058 2489 geli
2083 2419 2193 2472 Dei.

370 2515 456 2568 93.
486 2514 601 2565 Kal.
620 2512 939 2582 προσελθὼν
964 2515 992 2565 6
1014 2512 1263 2581 βασιλεὺς
1296 2516 1428 2585 πρὸς
1459 2514 1552 2585 τὴν
1575 2515 1745 2585 θύραν
1764 2516 1859 2583 τῆς

2025 2506 2113 2560 95.
2156 2506 2356 2558 Etcum
2390 2505 2707 2560 accessisset
2764 2522 2853 2559 rex
2884 2509 2950 2561 ad
3008 2508 3205 2563 ostium
3253 2509 3486 2567 fornacis

302 2602 529 2672 καμίνου
555 2602 863 2669 καιομένης
885 2600 961 2669 τῷ
990 2601 1142 2671 πυρὶ,
1181 2602 1431 2655 ἐκάλεσεν
1459 2605 1649 2666 αὐτοὺς
1674 2603 1731 2667 ἐξ
1749 2605 1832 2656 ὀνό

1958 2596 2196 2650 ardentis
2223 2596 2365 2664 igne,
2420 2597 2631 2650 vocavit
2677 2611 2769 2650 eos
2820 2611 2885 2650 ex
2933 2599 3180 2653 nomine:
3230 2598 3484 2663 Sedrach.

303 2705 505 2758 ματοςο
546 2690 783 2758 Σεδρὰχ,
835 2690 1041 2758 Μισὰχ,
1101 2691 1421 2758 Ἀὁδεναγὼ,
1469 2694 1516 2744 οἱ
1557 2695 1741 2755 παῖδες
1765 2694 1833 2745 τοὶ

1959 2683 2180 2749 Misacb,
2211 2684 2519 2752 Abdeuago,
2547 2686 2686 2738 servi
2718 2684 2810 2737 Dei
2838 2685 3061 2740 deorum
3091 2688 3308 2754 excelsi,
3345 2704 3489 2759 egre-

298 2779 433 2832 Θεοῦ
458 2779 569 2833 τῶν
597 2778 742 2831 θεῶν
782 2778 875 2830 τοῦ
910 2778 1129 2846 ὑψίστου
1148 2817 1163 2841 ,
1194 2778 1431 2844 ἐξέλθετε
1458 2782 1519 2833 ἐκ
1549 2781 1639 2833 τοῦ
1671 2781 1828 2850 πυρός

1957 2773 2141 2827 dimini
2176 2772 2243 2826 de
2272 2772 2409 2844 igne.
2445 2771 2533 2830 Sic
2563 2773 2717 2845 igitur
2749 2775 2949 2845 egressi
2990 2785 3117 2830 sunt
3143 2777 3244 2831 viri
3274 2778 3341 2832 de
3373 2791 3487 2834 me.

298 2868 483 2930 Οὕτως
500 2863 597 2920 οὖν
637 2865 867 2933 ἐξῆλθον
898 2868 945 2917 oi
979 2866 1166 2935 ἄνδρες
1199 2868 1262 2921 ἐκ
1292 2869 1454 2938 μέσου
1478 2868 1571 2922 τοῦ
1604 2871 1786 2939 πυρός.

701 2865 867 2933 ⁴ἦλθον
898 2868 945 2917 oi
979 2866 1166 2935 ἄνδρες
1199 2868 1262 2921 ἐκ
1292 2869 1454 2938 μέσου
1478 2868 1571 2922 τοῦ
1604 2871 1786 2939 πυρός.
1957 2862 2046 2916 ὁιο
2073 2862 2231 2933 ignis.

368 2959 456 3013 96.
489 2960 605 3011 Kal.
633 2957 983 3026 συνήχθησαν
1013 2958 1061 3009 οί
1090 2958 1301 3023 ὕπατοι,
1323 2960 1606 3030 τοπάρχαι,
1646 2961 1737 3013 καὶ
1764 2960 1859 3031 ἀρ-

2026 2953 2113 3006 94.
2152 2951 2219 3006 Ει
2271 2952 2577 3022 congregati
2629 2961 2753 3007 sunt
2812 2953 3080 3019 consules,
3116 2954 3401 3023 toparchaz,
3434 2963 3489 3010 et

299 3049 691 3119 χιπατριῶται,
718 3050 814 3100 καλ⁵
830 3048 879 3099 οί
906 3047 1046 3115 φίλοι
1062 3046 1155 3099 τοῦ
1179 3046 1452 3117 βασιλέως,
1483 3050 1575 3102 καὶ
1599 3050 1825 3120 ἐθεώρου

1958 3039 2226 3109 principes
2268 3039 2611 3105 familiarum,
2656 3048 2710 3094 et
2751 3041 2909 3094 amici
2958 3043 3118 3110 regis,
3162 3051 3216 3096 et
3246 3053 3486 3097 contem-

287 3139 421 3201 τοὺς
442 3137 773 3208 ἀνθρώπους
798 3136 1057 3198 ἐκείνους,
1081 3137 1164 3188 ὃτι
1204 3137 1296 3206 οὐχ
1332 3137 1505 3206 ἥψατο
1523 3138 1588 3204 τὸ
1638 3137 1742 3207 πῦρ
1768 3155 1817 3190 τε

1957 3127 2237 3195 plabantur
2266 3127 2507 3182 homines
2534 3128 2672 3192 illos,
2703 3129 2956 3197 quoniam
3012 3143 3116 3183 non
3161 3131 3329 3199 tetigit
3349 3131 3487 3200 ignis

285 3228 546 3296 σώματος
576 3228 787 3290 αὐτῶν,
805 3227 899 3278 καὶ
922 3227 977 3278 ai
1002 3226 1183 3295 τρίχες
1210 3226 1382 3279 αὐτῶν
1410 3228 1467 3280 οὐ
1501 3228 1815 3298 κατεκάησαε

1958 3229 2150 3284 corpus
2179 3231 2384 3281 eorum,
2415 3225 2468 3270 et
2498 3216 2669 3285 capilli
2699 3232 2883 3269 eorum
2909 3232 3013 3270 non
3053 3217 3226 3272 adusti
3259 3226 3403 3281 sunt,
3432 3227 3488 3272 et

282 3316 391 3369 καὶ
422 3317 491 3369 τὰ
513 3315 812 3385 σαράϐαρα
833 3314 1009 3366 αὐτῶν
1041 3315 1141 3367 οὐκ
1166 3314 1549 3385 ήλλοιὼθησαν,
1578 3316 1695 3369 οὐδὲ
1719 3316 1812 3385 ὀσμ

1957 3305 2208 3357 sarabara
2236 3320 2420 3359 eorum
2452 3319 2557 3358 non
2620 3305 2896 3359 immutata
2944 3314 3088 3368 sunt,
3145 3321 3317 3375 neque
3352 3308 3487 3360 odor

282 3403 390 3458 τοῦ
428 3404 603 3473 πυρὸς
628 3400 700 3473 ἦν
736 3403 794 3454 ἐν
816 3403 1020 3465 αὐτοῖς.
1956 3393 2100 3462 ignis
2131 3400 2245 3462 erat
2272 3394 2324 3445 in
2351 3393 2450 3448 eis.

367 3492 453 3546 95.
499 3492 830 3545 ’Υπολαὸὼν
860 3491 917 3542 δὲ
955 3491 1410 3562 Ναϐουχοδονόσορ
1444 3493 1472 3544 6
1509 3490 1758 3559 βασιλεὺς
1784 3487 1860 3545 εῖ-

2023 3481 2113 3535 95.
2180 3480 2528 3549 Respondens
2584 3489 2761 3533 autem
2790 3484 2793 3485 ⁷
2825 3478 3323 3535 Nabuchodonosor
3388 3495 3485 3535 rex

284 3597 429 3636 πινο
464 3581 780 3650 Εὐλογητὸς
826 3580 1027 3648 Κύριος
1055 3580 1148 3633 τοῦ
1172 3580 1392 3649 Σεδρὰχ,
1421 3579 1632 3647 Μισὰχ,
1680 3580 1814 3631 Ἀὁδε

1954 3569 2130 3625 dixit:
2162 3567 2480 3622 Benedictus
2533 3567 2793 3622 Dominus
2834 3568 3092 3631 Sedrach,
3130 3568 3350 3630 Misach,
3372 3568 3484 3622 Ab-

284 3669 462 3737 ναγὼ,
504 3670 567 3731 ὃς
612 3668 904 3721 ἀπέστειλε
938 3671 1031 3721 τὸν
1071 3667 1298 3735 ἄγγελον
1341 3666 1524 3729 αὑτοῦ,
1563 3668 1655 3719 καὶ
1692 3666 1859 3720 ἔσωσε
1956 3653 2182 3720 αθηεεον
2205 3652 2295 3719 (ιυί
2324 3651 2472 3705 mis“
2503 3652 2750 3720 εηεθιυπι
2777 3653 3269 3714 ευυωνθιεδινῧνίι
3290 3667 3486 3720 Puero8

280 3762 415 3824 τοὺς
442 3761 651 3823 παῖδας
683 3758 872 3822 αὑτοῦ,
915 3759 1044 3819 τοὺς
1084 3759 1404 3820 ἐλπίσαντας
1427 3758 1514 3808 ἐπ’
1539 3757 1718 3811 αὐτόν.
1751 3758 1810 3811 Ti

1955 3754 2102 3803 suos,
2156 3739 2249 3807 qui
2295 3749 2642 3807 speraverunt
2679 3740 2733 3793 in
2780 3755 2941 3804 cum;
2986 3741 3293 3794 mandatum
3339 3741 3483 3794 enim

272 3828 395 3922 γάρ
418 3848 750 3919 προσταγὴν
789 3845 883 3898 τοῦ
919 3846 1181 3915 βασιλέως
1212 3844 1511 3914 ἠθέτησαν,
1550 3846 1642 3897 καὶ
1685 3861 1802 3916 παρ

1954 3828 2094 3898 regis
2147 3836 2481 3895 spreverunt,
2530 3838 2584 3882 et
2636 3828 2965 3884 tradiderunt
3015 3844 3238 3898 corpora
3291 3844 3390 3884 sua
3428 3831 3484 3883 in

314 3888 350 3903 -
426 3888 463 3901 "
540 3888 747 3915 'wl't'
800 3888 882 3898 ⁷⁷⁷
919 3888 1179 3915 |""""""
1218 3888 1511 3914 '|""l"'"
1552 3888 1642 3897 ""'
1692 3888 1792 3916 ""I’

262 3888 584 3995 δὶιέανγτὰ
623 3934 857 4003 σώματα
904 3934 1084 3986 αὐτῶν
1127 3947 1190 3988 σι-
1218 3935 1297 3995 είς
1327 3935 1473 4003 ἐμπυ
1498 3946 1557 3988 σε·
1585 3935 1775 4003 ρισμὸν

1954 3916 2374 3970 combustioueru
2401 3932 2467 3970 ne
2495 3916 2748 3984 colerent,
2796 3932 2969 3987 neque
3015 3918 3299 3974 adorarent
3324 3919 3481 3974 deum

252 4029 355 4083 ἵνα.
381 4027 476 4095 μὴ
506 4002 877 4092 λατρευσωσι,
913 4023 1046 4092 μηδὲ
1079 4002 1492 4092 προσκυνήσωσι
1518 4002 1634 4092 Θεῷ
1668 4002 1782 4093 ἐτέρ

1211 4002 1492 4092 mm,“
1518 4002 1634 4092 θεῷ
1668 4002 1855 4094 ἑτέρῳ,
1954 4002 2116 4056 alium
2139 4014 2333 4072 praeter
2364 4003 2529 4058 Deum
2568 4021 2741 4059 suum.

237 4115 386 4173 ἀλλ’
420 4114 462 4182 ἢ
498 4111 585 4181 τῷ
623 4109 746 4180 θεῷ
766 4110 965 4163 αὐτῶν.

316 4203 438 4263 96.
479 4201 605 4255 Kal.
629 4199 728 4253 νῦν
756 4199 869 4266 ἐγὼ
897 4197 1087 4268 κρίνω,
1119 4200 1208 4253 ἵνα
1234 4200 1341 4252 πᾶν
1376 4199 1542 4264 έθνος,
1572 4201 1662 4253 καὶ
1685 4202 1846 4253 πᾶσαι

2023 4198 2110 4253 96.
2157 4198 2223 4253 Et
2244 4215 2388 4255 nunc
2419 4214 2518 4269 ego
2547 4200 2799 4264 decerno,
2824 4209 2883 4255 ut
2914 4202 3089 4256 omnis
3113 4216 3264 4270 gens,
3300 4207 3353 4255 et
3375 4214 3487 4256 om-

217 4295 444 4369 φυλαὶ
468 4331 491 4356 ,
547 4289 650 4343 καὶ
676 4289 849 4341 πᾶσαι
884 4288 1151 4356 γλῶσσαι,
1191 4287 1247 4350 ὃς
1284 4287 1351 4341 ἂν
1391 4288 1747 4359 βλασφημήσῃ

1956 4303 2051 4342 nes
2080 4288 2273 4353 tribus,
2297 4298 2350 4344 et
2396 4304 2583 4344 omnes
2622 4291 2833 4360 linguae,
2876 4291 3200 4359 quicumque
3236 4291 3482 4359 blasphe—

213 4387 346 4441 τὸν
386 4378 622 4446 Κύριον
648 4376 742 4428 τδν
762 4375 896 4428 Θεὸν
915 4375 1142 4445 Σεδρὰχ,
1158 4376 1362 4444 Μισὰχ,
1398 4376 1717 4444 Ἀϐδεναγώ,
1739 4398 1743 4422 ι

1953 4377 2240 4430 maveritin
2274 4376 2556 4431 Dominum
2585 4377 2748 4431 Deum
2775 4378 3029 4442 Sedrach,
3063 4378 3285 4443 Misacli,
3311 4380 3483 4433 Abde-

217 4468 709 4545 μελισθήσεται,
727 4464 823 4516 καὶ
842 4465 877 4532 ὴ
899 4464 1049 4516 οίκία
1083 4462 1247 4514 αὑτοῦ
1276 4464 1667 4533 δημευθήσεται
1682 4480 1695 4494 ·
1722 4464 1747 4517 δ

1955 4478 2110 4532 uago,
2141 4465 2473 4518 membratim
2506 4466 2831 4531 concidatur,
2860 4476 2911 4520 et
2938 4467 3129 4522 domus
3164 4468 3280 4535 ejus
3309 4467 3482 4535 publi:-

152 4546 163 4555 '
212 4566 357 4618 οὐκ
388 4558 530 4609 ἐστι
558 4553 695 4614 Θεὸς
720 4552 927 4620 ἕτερος,
954 4552 1013 4614 ὃς
1044 4551 1324 4620 δυνήσεται
1359 4553 1629 4617 ἐξελέσθαι
1662 4569 1682 4604 c

1954 4560 2123 4614 (-etur,
2153 4554 2277 4621 quia
2300 4567 2407 4607 non
2445 4561 2531 4607 est
2558 4553 2695 4607 Deus
2725 4555 2883 4619 alius,
2921 4555 3012 4624 qui
3042 4556 3212 4625 possit
3252 4556 3323 4611 ita
3354 4557 3482 4612 libe-

310 4650 434 4706 97.
473 4643 677 4705 Οὕτως
709 4637 802 4695 οὖν
830 4641 1084 4709 βασιλεὺς
1114 4640 1190 4708 τῷ
1217 4641 1435 4712 Σεδράχ,
1458 4643 1854 4713 Μισὰχ,Ἀ6δε-
1954 4655 2090 4694 rare.

211 4736 446 4807 ναγὼ,
490 4730 750 4794 ἐξουσίαν
777 4730 901 4791 δοὺς
926 4730 1013 4795 ἐφ’
1043 4728 1170 4795 ὅλης
1188 4729 1282 4796 τῆς
1306 4731 1502 4800 χώρας,
1532 4732 1741 4785 κατέσττ

2022 4747 2109 4802 97.
2151 4747 2241 4802 Sic
2268 4748 2427 4818 igitur
2449 4765 2558 4815 rex,
2592 4749 2848 4815 Sedrach,
2883 4752 3120 4814 Misach,
3172 4753 3478 4820 Abdenago,

212 4826 480 4886 αὐτοὺς
513 4821 784 4890 ἄρχοντας
821 4820 909 4883 3k.

1954 4844 2268 4903 potestatem
2293 4838 2424 4891 dans
2449 4853 2607 4907 super
2633 4839 2933 4894 universam
2957 4841 3246 4909 regionem,
3279 4841 3479 4895 consti-

307 4932 447 4993 98.j
464 4928 644 4995 Ἀρχὴ
672 4926 775 4992 τῆς
817 4922 1837 4992 ἘπιστολῆςΧΝΔΒΟΥΧΟΔΟΝΟΣΟΙ

957 4922 1851 4992 πολῆςΧΝΑΒΟΥΧΟΔΟΝΟΣυΡ
1956 4921 2057 4974 tuit
2085 4937 2178 4975 eos
2205 4923 2487 4991 principes.

214 5027 313 5091 χ
360 5021 396 5070 6
441 5014 733 5084 βασιλεὺς,
780 5012 921 5061 πᾶσι
956 5011 1074 5071 τοῖς
1105 5010 1274 5075 λαοῖς,
1316 5014 1529 5079 φυλαῖς,
1560 5017 1654 5067 καὶ
1685 5016 1744 5081 γλ

2026 5026 2113 5080 98.
2148 5025 2356 5081 Initium
2402 5027 2667 5096 Epistolas.
2702 5027 3335 5086 NABUCHODONOSOR
3389 5048 3480 5088 rex

222 5114 311 5180 χ
350 5120 520 5165 autc,
555 5103 673 5161 τοῖς
707 5096 957 5150 οίκοῦσιν
1000 5096 1061 5146 ὲν
1100 5097 1230 5166 πάσῃ
1254 5102 1321 5167 τῇ
1352 5106 1459 5173 γῇ.
1508 5104 1693 5173 εἰρήνη
1726 5104 1752 5155 ὕ

2002 5111 2202 5165 mnibus
2227 5112 2454 5180 populis,
2483 5114 2743 5177 tribubus,
2795 5125 2847 5168 et
2880 5114 3069 5183 linguis
3123 5114 3482 5175 habitantibus
3526 5137 3532 5143 '

224 5204 311 5269 χ
347 5187 709 5261 πληθυνθείη
720 5224 734 5237 .

1955 5202 2006 5254 iu
2040 5200 2282 5255 universa
2312 5211 2480 5268 terra;
2497 5218 2600 5271 pax
2631 5204 2777 5258 vobis
2807 5203 3201 5272 multiplicetur.

306 5304 411 5358 99_
457 5302 525 5364 χ(
553 5296 641 5348 Τὰ
677 5292 897 5380 σημεῖα
934 5289 1027 5339 καὶ
1058 5289 1121 5380 τὰ
1151 5291 1349 5359 τέρατα
1401 5300 1439 5351 ἃ.
1488 5302 1707 5372 ἐποίησε
1739 5321 1836 5372 μετ

2022 5309 2108 5365 99.
2153 5310 2334 5379 Signa,
2370 5320 2424 5365 et
2448 5321 2675 5376 ostenta,
2704 5326 2823 5380 quae
2853 5312 2976 5367 fecit
3003 5325 3206 5365 mecum
3235 5312 3370 5367 Deus
3389 5330 3484 5369 ex-

227 5402 304 5459 )εί
334 5388 483 5460 ἐμοῦ
518 5388 551 5437 6
579 5380 727 5439 Θεὸς
748 5374 1053 5468 abductos,
1073 5374 1238 5468 ἤρεσεν
1270 5382 1543 5441 ἐναντίον
1577 5407 1674 5457 μου
1691 5392 1755 5443 ἀν

1955 5397 2148 5461 celsus,
2178 5399 2374 5466 placuit
2406 5399 2460 5453 in
2489 5409 2771 5468 conspectu
2814 5415 2932 5454 meo
2964 5400 3281 5454 aununtiare
3312 5404 3480 5467 vobis,

229 5492 300 5556 βξ
330 5482 524 5552 γεῖλαι
560 5474 729 5543 ὑμῖν,
768 5465 853 5525 ὡς
889 5462 1083 5529 μεγάλα
1107 5465 1183 5516 καί
1206 5470 1464 5543 ἰσχυρά,

1206 5470 1464 5543 ἰσχυρά.
1956 5502 2019 5540 eo
2056 5462 2196 5554 quod
2232 5502 2442 5556 magna,
2472 5496 2523 5541 et
2550 5462 2724 5542 fortia.

302 5594 423 5649 lOO.
466 5611 528 5651 τ-
590 5578 693 5635 Ὦῖ
712 5566 937 5639 μεγάλη
955 5567 1038 5618 καὶ
1063 5568 1231 5641 ίσΧυρά
1255 5578 1290 5645 ἧ
1318 5580 1596 5648 βασιλεία
1615 5586 1773 5641 αὑτοῦ
1792 5590 1831 5655 /

2026 5594 2141 5647 lth.
2182 5593 2349 5659 Quam
2384 5609 2629 5667 maguum
2657 5606 2706 5651 et
2737 5608 2921 5666 potens
2943 5614 3159 5669 regnum
3210 5599 3326 5661 eius
3349 5638 3367 5666 ,
3403 5615 3485 5655 rev
