3874 6370
810 398 950 452 2799

1864 377 2332 439 HEXAPLORUM
2369 372 2532 440 (ὶυῶ
2571 372 3001 429 SUPERSUNT.

879 503 971 558 30.
1006 502 1110 556 Sed
1133 515 1303 569 usque
1319 511 1472 552 mane
1498 494 1679 548 omnia
1700 492 2061 561 implebuntur
2080 502 2242 556 super
2264 495 2335 548 te,
2363 485 2409 542 Α

1816 492 2061 546 lebuntur
2080 502 2242 556 super
2264 495 2335 548 te,
2363 485 2415 542 Δ
2456 568 2461 569 7
2790 477 3035 569 atth
3054 474 3346 569 ῌπένξα

814 592 1299 646 Nabuchodonosor
1345 602 1435 640 rex
1474 584 1776 653 Babylonis.
1821 590 1875 635 et
1929 596 2032 634 non
2082 577 2251 631 deerit
2272 576 2339 628 de

815 682 1063 734 omnibus
1107 678 1222 731 istis
1256 675 1566 744 quidquam.
1598 672 1706 742 Ego
1731 669 2222 724 Nabuchodbnosor
2247 678 2340 717 rex

817 767 1104 837 Babylonis
1141 772 1342 831 septem
1368 763 1523 815 annis
1549 761 1831 828 colligatus
1859 757 1954 823 fui,
1982 756 2126 809 foeno
2158 760 2219 807 ut
2241 753 2341 805 bo-

819 871 935 911 vem
970 860 1227 923 paverunt
1260 866 1365 912 me,
1397 860 1447 904 et
1483 851 1549 903 de
1576 850 1737 903 herba
1786 856 1941 901 terrae
1976 842 2340 900 comedebam.

888 942 975 996 51.
1014 939 1078 992 Et
1114 948 1234 1008 post
1287 952 1458 991 annos
1486 945 1687 1005 septem
1723 935 1841 988 dedi
1889 933 2123 986 animam
2170 940 2344 982 meam

767 1102 771 1107 .
820 1032 889 1085 ad
934 1029 1388 1088 obsecrationem.
1411 1036 1465 1081 et
1505 1026 1686 1095 rogavi
1731 1039 1829 1093 pro
1856 1022 2087 1091 peccatis
2121 1018 2255 1071 meis
2292 1016 2345 1068 in

821 1122 957 1177 facie
976 1120 1186 1175 Domini
1206 1119 1297 1172 Dei
1313 1118 1457 1182 caeli,
1478 1126 1532 1170 et
1552 1131 1649 1184 pro
1673 1114 1993 1183 ignorantiis
2015 1109 2149 1163 meis
2179 1108 2347 1160 Deum

821 1213 1041 1267 deorum
1079 1224 1328 1278 magnum
1373 1209 1687 1275 deprecatus
1719 1218 1837 1258 sum
1886 1221 1900 1255 :
1935 1210 1989 1255 et
2038 1200 2213 1267 capilli
2244 1197 2349 1250 mei

823 1300 949 1354 facti
986 1306 1111 1352 sunt
1156 1296 1310 1365 quasi
1340 1296 1437 1348 ala:
1463 1294 1675 1361 aquilae,
1722 1300 1776 1344 et
1806 1304 2010 1358 ungues
2060 1288 2164 1341 mei
2195 1284 2349 1354 quasi

824 1387 1013 1450 leonis,
1037 1387 1316 1439 immutata
1364 1392 1445 1437 est
1467 1397 1593 1436 caro
1620 1395 1738 1435 mea
1760 1388 1813 1434 et
1833 1394 1928 1434 cor
1953 1393 2152 1441 meum,
2176 1376 2351 1429 nudus

826 1476 1165 1530 ambulabam
1197 1489 1318 1528 cum
1344 1473 1528 1527 bestiis
1561 1481 1732 1525 terras.

896 1647 984 1700 32.
1025 1645 1304 1699 Somnium
1332 1644 1462 1709 vidi.
1497 1652 1550 1698 et
1577 1643 1907 1712 suspiciones
1940 1656 2026 1695 me
2061 1655 2357 1706 occupave-

830 1744 977 1811 runt,
1005 1742 1058 1788 et
1086 1749 1150 1786 ex
1183 1742 1420 1802 tempore
1436 1746 1657 1786 somnus
1680 1732 1854 1800 gravis
1878 1745 1962 1783 me
1988 1728 2354 1797 apprehendit,

830 1833 887 1877 et
927 1822 1234 1877 dormitatio
1271 1821 1463 1875 cecidit
1495 1835 1655 1888 super
1698 1835 1803 1872 me.
1856 1818 1917 1871 Et
1942 1820 1995 1871 in
2025 1819 2128 1871 ﬁne
2154 1824 2353 1884 septem

831 1926 1096 1965 annorum
1147 1919 1353 1979 tempus
1386 1908 1765 1977 redemptionis
1802 1921 1933 1960 mea;
1968 1906 2130 1968 venit,
2158 1913 2209 1956 et
2237 1918 2359 1971 pec-

831 2009 950 2055 cata
993 2013 1111 2052 mea
1167 2007 1220 2051 et
1256 1997 1566 2065 ignorantia:
1615 2011 1745 2049 meae
1794 1994 2069 2061 completa:
2123 2000 2246 2045 sunt
2302 1992 2355 2043 in

831 2095 1119 2153 conspectu
1153 2085 1245 2139 Dei
1290 2086 1432 2145 coeli.
1477 2096 1530 2137 et
1572 2082 1849 2137 obsecravi
1897 2095 1992 2148 pro
2046 2077 2358 2148 ignorantiis

832 2176 968 2229 meis
996 2173 1160 2228 Deum
1201 2174 1420 2228 deorum
1449 2187 1721 2241 magnum.
1752 2169 1815 2222 Et
1840 2184 1963 2222 ecce
1984 2166 2202 2234 angelus
2220 2178 2358 2217 unus

834 2264 1045 2316 vocavit
1073 2277 1157 2315 me
1184 2262 1249 2314 de
1270 2261 1404 2314 creto
1442 2260 1625 2313 dicens
1658 2276 1671 2311 :
1697 2255 2207 2317 Nabuchodonosor,
2246 2267 2360 2307 ser-

831 2351 943 2403 vito
971 2350 1077 2404 Deo
1104 2350 1224 2403 coeli
1255 2357 1461 2412 sancto,
1491 2356 1543 2400 et
1573 2347 1639 2399 da
1673 2344 1898 2414 gloriam
1921 2341 2223 2396 Altissimo.
2258 2339 2361 2394 Re-

833 2426 997 2510 gnum
1024 2438 1197 2508 gentis
1227 2447 1331 2492 tua:
1359 2437 1449 2491 tibi
1479 2436 1736 2490 redditur.
1946 2436 1949 2441 ‘

905 2612 994 2666 33.
1036 2610 1093 2663 In
1123 2611 1214 2663 illo
1236 2618 1471 2676 tempore
1496 2606 1798 2660 restitutum
1826 2613 1909 2657 est
1939 2615 2159 2669 regnum
2183 2614 2360 2654 tneum

837 2700 991 2765 mihi,
1017 2709 1070 2753 et
1093 2699 1257 2766 gloria
1289 2712 1402 2749 mea
1433 2695 1640 2748 reddita
1675 2702 1758 2747 est
1784 2693 1936 2745 mihi.

905 2790 992 2842 54.
1032 2788 1306 2840 Altissimo
1337 2786 1614 2843 conﬁteor,
1641 2794 1691 2834 et
1718 2780 1880 2833 laudo
1905 2794 1920 2832 :
1949 2778 2187 2834 Creatori
2217 2775 2359 2838 caeli,

836 2885 893 2931 et
928 2885 1101 2940 terrae,
1135 2882 1189 2928 et
1221 2874 1405 2933 maris,
1443 2880 1495 2923 et
1533 2869 1831 2929 ﬂuminum,
1863 2878 1915 2920 et
1953 2866 2213 2927 omnium,
2245 2878 2365 2932 qua:

838 2965 894 3019 in
923 2967 1003 3019 eis
1033 2972 1180 3024 sunt,
1216 2962 1494 3022 conﬁteor,
1522 2968 1574 3013 et
1604 2959 1784 3021 laudo,
1818 2958 1940 3026 quia
1974 2956 2088 3023 ipse
2117 2964 2198 3009 est
2225 2954 2364 3007 Deus

2436 567 2808 636 δουχοδονόσορ
2840 564 3094 635 βασιλεῦ
3132 561 3385 614 Βαόυἰ

2438 653 2543 707 ἀπὸ
2591 654 2804 705 πάντων
2846 651 3079 702 τούτων
3132 646 3389 700 οὐθὲνκ

2440 741 2687 809 βασιλεὺς
2718 740 3051 800 Βαϐυλῶνος
3106 735 3315 788 ἑπτὰ
3378 737 3388 784 ί

2442 829 2565 898 βοῦν
2590 828 2865 896 ὲψώμισάν
2888 843 2982 896 με,
3005 824 3141 877 κοιὶ
3171 822 3333 875 ἀπὸ
3355 839 3390 872 τ

2508 918 2595 971 31.
2631 918 2739 969 Kal.
2769 916 2904 986 μετὰ
2929 916 3041 984 ἐτη
3082 911 3282 965 ἑπτὰ
3328 911 3393 962 εξ

2441 1006 2620 1075 δέησιν
2643 1045 2659 1070 ,
2688 1005 2781 1058 καὶ
2829 1003 3059 1073 ἠξίωσα
3116 1001 3301 1068 περὶ
3366 1016 3395 1050 1

2445 1093 2726 1163 πρόσωπον
2754 1089 2955 1158 Κυρίου
2982 1086 3105 1139 τοῦ
3140 1084 3331 1137 Θεοῦ
3365 1102 3394 1135 τ

2445 1178 2671 1245 ἀγνοιῶν
2701 1194 2799 1245 μου
2820 1175 2913 1227 τοῦ
2939 1174 3103 1226 Θεοῦ
3134 1173 3286 1225 τῶν
3316 1172 3393 1222 Os

2446 1266 2539 1318 καὶ
2569 1266 2626 1316 al
2660 1264 2841 1333 τρίχες
2879 1270 2983 1331 μου
3028 1260 3362 1327 ἐγένοντο

2446 1352 2631 1419 ὅνυχές
2655 1368 2755 1419 μου
2801 1350 2930 1401 ὡσεὶ
2955 1348 3255 1409 λέοντος,
3316 1345 3394 1414 ἡ)

2449 1443 2482 1509 ἡ
2510 1440 2699 1510 καρδία
2726 1455 2847 1507 μου,
2871 1439 3100 1508 γυμνὸς
3148 1451 3396 1506 περιετ

2449 1529 2548 1597 τῆς
2575 1529 2694 1597 γῆς.

2522 1618 2611 1672 52.
2650 1617 2926 1669 Ἐνύπνιον
2958 1611 3150 1678 εῖδον,
3194 1613 3317 1665 καὶ
3346 1614 3384 1663 ὑ

2454 1706 2540 1757 διὰ
2568 1706 2756 1775 χρόνου
2796 1704 2960 1766 ὕπνος
3001 1721 3086 1772 με
3145 1702 3347 1755 ἔλασε

2390 1764 2684 1846 Βὲπέπέσέ
2726 1809 2835 1862 μοι.
2877 1764 3140 1845 Kal-tati.
3196 1807 3395 1844 συντε

2455 1881 2641 1951 χρόνος
2671 1899 2770 1950 μου
2792 1883 2891 1951 τῆς
2910 1878 3396 1950 ἀπολυτρώσεως

2459 1988 2558 2040 μου
2611 1971 2704 2022 καὶ
2728 1972 2783 2022 αἱ
2816 1969 3037 2036 ἄγνοιαι
3086 1985 3209 2038 μου
3262 1968 3387 2019 eum

2455 2059 2588 2111 Θεοῦ
2620 2058 2712 2111 τοῦ
2758 2057 2987 2128 ούρανοῦ
3017 2074 3034 2088 ο
3094 2058 3207 2110 καὶ
3256 2058 3396 2126 seu,

2459 2165 2558 2217 μου
2582 2147 2674 2200 τοῦ
2696 2148 2829 2200 Θεοῦ
2848 2148 2958 2200 τῶν
2983 2146 3144 2200 θεῶν
3176 2146 3289 2198 τοῦ
3316 2162 3396 2213 με

2454 2238 2544 2299 λος
2573 2232 2653 2299 εἷς
2688 2236 2906 2288 ἐκάλεσέ
2945 2253 3014 2305 με
3044 2239 3116 2289 ἐκ
3150 2235 3257 2288 τοῦ
3278 2236 3393 2304 ούρ

2455 2326 2688 2395 δονόσορ,
2736 2325 3020 2378 δούλευσον
3070 2326 3161 2394 τῷ
3211 2324 3350 2393 Θεῷ

2458 2414 2551 2467 καὶ
2578 2414 2663 2476 δὸς
2689 2413 2843 2476 δόξαν
2871 2413 2948 2483 τῷ
2992 2413 3283 2483 ’Υψίστῳ.
3326 2414 3396 2465 Τί

2459 2519 2553 2556 σου
2576 2502 2658 2554 σοὶ
2680 2501 3002 2555 ἀποδίδοται.

2526 2592 2613 2644 55.
2652 2592 2738 2642 Ἐν
2770 2590 2960 2659 ἐκείνῳ
2997 2590 3083 2660 τῷ
3142 2591 3342 2661 καιρῷ
3381 2612 3396 2645 ι

2458 2679 2575 2731 λεία
2605 2693 2666 2734 σε·
2696 2697 2793 2747 μου
2824 2682 2967 2749 ἐμοὶ,
2998 2681 3101 2733 καὶ
3130 2683 3166 2751 ἡ
3197 2681 3335 2745 δόξα
3364 2701 3396 2751 ρ

2526 2768 2613 2822 δι.
2638 2767 2725 2836 Τῷ
2763 2769 3002 2838 ’Υψίστῳ
3050 2770 3396 2839 ἀνθομολογι

2460 2855 2698 2908 κτίσαντι
2716 2855 2805 2907 τὸν
2829 2857 3080 2927 οὐρανὸν,
3108 2859 3205 2911 καὶ
3233 2858 3340 2928 τὴν
3369 2878 3393 2927 γ

2461 2944 2694 3006 καὶτοὺς
2712 2946 3005 3012 ποταμοὺς,
3040 2946 3137 2997 καὶ
3162 2946 3353 2999 πάντα
3382 2965 3396 2997 -.

839 3053 1084 3115 deorum,
1129 3061 1181 3104 et
1213 3049 1470 3102 Dominus
1510 3045 1919 3108 dominantium,
1948 3052 2001 3096 et
2034 3057 2123 3095 rex
2156 3057 2359 3109 regum,

1834 3061 1919 3108 ιιυ,
1948 3052 2001 3096 ει
2034 3057 2123 3095 rex
2156 3057 2359 3109 regum,
2390 3056 2431 3111 α
2462 3031 2682 3099 γοῦμαι,
2721 3033 2813 3084 καὶ
2867 3033 3022 3095 αίνῶ,
3056 3034 3140 3085 ὅτι
3192 3036 3364 3095 αὐτός

838 3140 1093 3209 quoniam
1125 3138 1237 3205 ipse
1263 3137 1388 3189 facit
1427 3137 1579 3203 signa
1613 3144 1665 3186 et
1696 3140 1923 3192 ostenta,
1946 3139 1998 3183 et
2032 3140 2199 3182 mutat
2235 3139 2366 3181 teni-
2394 3158 2395 3161 η

839 3243 970 3297 pora
1008 3236 1061 3281 et
1084 3234 1286 3287 aetates,
1331 3224 1578 3279 auferens
1606 3237 1826 3289 regnum
1853 3235 2054 3289 regum,
2080 3227 2134 3273 et
2163 3219 2365 3272 consti-

841 3326 999 3370 tuens
1027 3316 1162 3370 alios
1198 3330 1296 3384 pro
1331 3315 1430 3367 eis.
1462 3315 1540 3367 Ex
1565 3314 1667 3366 hoc
1691 3323 1931 3380 tempore
1974 3312 2146 3379 ipsum
2173 3310 2366 3373 colant,

840 3413 897 3461 et
928 3420 957 3457 a
986 3405 1174 3458 timore
1199 3404 1317 3472 ejus
1347 3412 1549 3457 tremor
1578 3401 1929 3470 apprehendit
1960 3415 2060 3461 me,
2089 3408 2142 3453 et
2180 3414 2369 3454 omnes

842 3503 1060 3548 sanctos
1100 3494 1216 3561 ejus
1243 3493 1403 3546 laudo
1443 3510 1456 3545 :
1488 3491 1562 3545 dii
1586 3491 1728 3544 enim
1764 3490 1995 3560 gentium
2033 3503 2139 3541 non
2174 3488 2371 3541 habent

843 3582 900 3639 in
932 3582 1233 3650 semetipsis
1273 3582 1523 3634 virtutem
1570 3578 1921 3633 transferendi
1970 3592 2192 3646 regnum
2230 3576 2371 3644 regis

844 3670 899 3724 in
936 3671 1097 3723 alium
1164 3684 1362 3738 regem,
1402 3678 1454 3721 et
1502 3666 1873 3728 interﬁciendi,
1927 3663 2266 3723 viviﬁcandi,
2319 3670 2372 3715 et

844 3757 1097 3827 operandi
1139 3758 1309 3824 signa,
1340 3764 1394 3807 et
1435 3753 1699 3807 mirabilia
1754 3767 1945 3821 magna
1981 3760 2035 3805 et
2091 3750 2366 3808 terribilia.

844 3854 899 3899 et
930 3844 1263 3913 permutandi
1310 3842 1449 3895 ultra
1482 3841 1697 3893 modum
1729 3854 1838 3903 res,
1867 3839 2005 3892 sicut
2034 3837 2159 3891 fecit
2203 3837 2257 3891 in
2287 3850 2370 3889 me

844 3930 986 3988 Deus
1017 3932 1157 3996 caeli,
1182 3940 1234 3985 et
1262 3929 1583 3999 permutavit
1618 3928 1674 3983 in
1707 3943 1793 3983 me
1812 3941 2031 3996 magnas
2059 3941 2165 3981 res.

916 4169 1027 4238 Ego
1081 4164 1288 4222 eunetis
1338 4163 1528 4218 diebus
1570 4162 1719 4231 regni
1760 4160 1866 4215 mei
1917 4174 2013 4227 pro
2044 4160 2221 4214 anima
2255 4173 2370 4211 mea

849 4257 1109 4314 sacriﬁcia
1144 4255 1422 4308 Altissimo
1459 4252 1677 4305 oﬂeram
1730 4250 1783 4302 in
1830 4248 2047 4302 odorem
2092 4246 2371 4301 suavitatis

2466 3121 2558 3171 καὶ
2583 3118 2780 3188 Κύριος
2803 3119 2909 3173 τῶν
2934 3122 3162 3190 κυρίων,
3201 3123 3299 3176 καὶ
3326 3124 3396 3174 Ba

2466 3209 2545 3260 ὅτι
2570 3206 2729 3269 αὐτὸς
2762 3210 2905 3260 ποιεῖ
2937 3211 3140 3279 σημεῖα
3168 3212 3265 3265 καὶ
3292 3212 3395 3282 τέρη

2472 3299 2593 3367 ρους
2617 3297 2709 3349 καὶ
2745 3298 2989 3367 χρόνους,
3028 3300 3274 3370 ἀφαιρῶν
3307 3301 3396 3370 βας

2469 3385 2736 3437 καθιστῶν
2758 3386 2972 3455 ἑτέρους
2996 3388 3111 3439 ἀντ’
3147 3388 3328 3442 αὐτῶν
3350 3405 3364 3420 ’
3388 3416 3396 3442 t

2465 3474 2696 3544 τρεύσω,
2720 3476 2810 3527 καὶ
2830 3476 2938 3528 ἀπὸ
2966 3476 3056 3527 τοῦ
3085 3478 3244 3544 φόϐου
3291 3480 3396 3533 αὐτ

2469 3563 2562 3615 καὶ
2590 3562 2794 3625 πάντας
2814 3564 2939 3624 τοὺς
2964 3564 3145 3631 ἁγίους
3172 3567 3337 3619 αὐτοῦ
3361 3586 3396 3620 α

2468 3650 2631 3702 ἐθνῶν
2652 3652 2758 3703 οὐκ,
2778 3651 2988 3719 ἔχουσιν
3010 3655 3064 3705 ὲν
3085 3656 3293 3719 ἑαυτοῖς
3323 3659 3396 3727 is;

2466 3738 2614 3790 λείαν
2636 3737 2894 3805 βασιλέως
2927 3741 3004 3801 είς
3030 3741 3221 3810 ἕτερον
3237 3744 3396 3813 βασιλ

2469 3829 2561 3880 καὶ
2582 3828 2677 3897 ζῇν
2699 3829 2937 3898 ποιῆσαι,
2970 3831 3058 3883 καὶ
3089 3834 3303 3903 ποιῆσαι
3347 3854 3396 3888 ei

2471 3917 2679 3984 μεγάλα
2739 3917 2833 3968 καὶ
2879 3918 3114 3987 φοὸερᾶ,
3169 3926 3260 3976 καὶ
3311 3927 3396 3978 ἀλ)

2470 4004 2784 4073 πράγματα,
2817 4004 2994 4069 καθὼς
3024 4009 3262 4079 ἐποίησεν
3286 4016 3340 4068 ἐν
3370 4019 3393 4067 ἑ

2468 4091 2581 4153 νοῦ,
2616 4092 2709 4144 καὶ
2737 4090 3016 4158 ἡλλοίωσεν
3038 4095 3115 4146 ἐπ’
3144 4099 3261 4165 ἐμοὶ
3287 4118 3388 4168 μεγ

2549 4179 2686 4247 Ἐγὼ
2715 4180 2888 4241 πάσας
2920 4181 3014 4244 τὰς
3058 4185 3252 4254 ἡμέρας
3277 4191 3370 4259 τῆς

2469 4269 2566 4337 τῆς
2584 4268 2756 4337 ψυχῆς
2778 4286 2876 4338 μου
2890 4270 2968 4338 τῷ
2991 4271 3206 4345 ’Υψίστῳ
3227 4277 3394 4343 θυσίας

850 4344 1076 4400 Domino
1114 4364 1127 4398 :
1163 4352 1216 4397 et
1244 4342 1383 4408 quod
1420 4341 1671 4409 placitum
1697 4344 1778 4392 est
1818 4337 1872 4389 in
1903 4345 2191 4403 conspectu
2230 4335 2368 4402 ejus,

1861 4353 1872 4389 ι
1903 4345 2191 4437 θοηθρίξεω
2223 4335 2368 4436 ὀίυδν
2402 4369 2445 4423 ι)
2471 4335 2692 4419 εύωδίας
2850 4335 3029 4428 Κυρίῳ
3047 4335 3070 4424 ,⁷
3100 4335 3189 4415 καί
3214 4366 3269 4418 τὸ
3300 4335 3391 4437 ἀρε

849 4436 1038 4490 faciam
1066 4450 1182 4501 ego,
1217 4442 1267 4485 et
1291 4430 1516 4499 populus
1538 4442 1709 4484 meus.
1735 4441 1861 4494 gens
1888 4440 2024 4485 mea,
2055 4432 2109 4477 et
2128 4425 2371 4490 regiones

1888 4440 2024 4523 mea,
2055 4432 2109 4477 et
2125 4425 2371 4523 regiones
2476 4448 2681 4515 ποίησω
2713 4444 2842 4514 εγὼ,
2886 4425 2979 4499 καὶ
3004 4425 3044 4501 ⁷ὁ
3068 4451 3181 4516 λαός
3221 4425 3347 4523 μουί
3374 4478 3393 4512 1

852 4539 1000 4583 meae,
1048 4536 1166 4588 qua:
1202 4528 1327 4572 sunt
1355 4519 1408 4571 in
1442 4524 1705 4586 potestate
1739 4529 1876 4568 mea.
1934 4513 1997 4565 Et
2047 4514 2372 4581 quicumque

850 4609 1055 4677 loquuti
1105 4608 1299 4659 fuerint
1337 4617 1522 4660 contra
1566 4605 1730 4657 Deum
1776 4603 1921 4667 creti,
1955 4612 2009 4656 et
2047 4604 2371 4669 quicumque

848 4690 1165 4766 deprehensi
1212 4694 1407 4748 fuerint
1452 4696 1732 4762 loquentes
1782 4692 2001 4760 aliquid,
2058 4692 2156 4745 hos
2201 4698 2374 4745 morte

852 4786 1135 4839 datnnaho.

922 4875 1147 4942 Scripsit
1182 4881 1356 4926 autem
1404 4886 1498 4925 rex
1553 4869 2041 4925 Nabuchodonosor
2090 4868 2369 4938 epistolam

854 4961 1164 5016 eireularem
1196 4963 1445 5015 omnibus
1473 4976 1567 5029 per
1603 4960 1777 5015 locum
1811 4960 2076 5030 gentibus,
2107 4970 2159 5013 et
2194 4960 2371 5028 regio-

857 5045 1033 5105 nibus.
1074 5057 1122 5100 et
1159 5048 1351 5117 linguis
1386 5050 1635 5104 omnibus
1693 5049 2054 5102 habitantibus
2084 5049 2135 5101 in
2164 5050 2371 5103 cunctis

859 5131 1177 5196 regionibus,
1208 5138 1634 5202 generationibus
1661 5144 1713 5189 et
1742 5138 2195 5204 generationibus.

932 5211 1207 5268 Dominum
1248 5220 1409 5275 Deum
1442 5224 1561 5295 caeli
1601 5224 1829 5284 laudate,
1878 5232 1930 5276 et
1965 5224 2283 5277 sacriﬁcium
2320 5231 2374 5276 et

862 5295 1175 5351 oblationem
1208 5307 1388 5361 oﬂ'et‘le
1421 5312 1467 5363 ei
1486 5312 1731 5379 gloriose.

934 5380 1040 5466 Ego
1089 5398 1176 5435 rex
1206 5402 1383 5455 regum
1415 5400 1671 5452 conﬁteor
1713 5397 1761 5450 ei
1793 5397 2091 5466 magniﬁce,
2122 5398 2245 5465 quia
2296 5398 2374 5453 sic

864 5463 987 5517 fecit
1006 5480 1228 5524 mecum.

935 5549 992 5603 ln
1029 5552 1141 5619 ipsa
1174 5557 1260 5611 die
1289 5562 1563 5622 collocavit
1592 5588 1673 5627 me
1698 5590 1856 5643 supra
1881 5576 2129 5630 tln'onutn
2173 5589 2369 5640 meum,

2474 4536 2642 4604 χῶραι
2683 4553 2802 4605 μου,
2830 4538 2886 4588 αἱ
2912 4539 2967 4588 ὲν
2989 4541 3046 4607 τῇ
3073 4538 3263 4613 ἐξουσίᾳ
3296 4564 3389 4615 μου

2474 4628 2551 4687 εἰς
2576 4627 2666 4678 τὸν
2694 4626 2822 4679 Θεὸν
2861 4626 2952 4677 τοῦ
2981 4628 3198 4697 οὐρανοῦ,
3230 4637 3315 4687 καὶ
3335 4641 3393 4691 ὄσ

2474 4714 2749 4777 λαλοῦντες
2782 4732 2854 4777 τι,
2878 4715 3075 4781 τούτους
3099 4730 3372 4795 κατακρινῶ

2547 4867 2787 4936 Ἔγραψε
2818 4866 2874 4919 δὲ
2894 4870 2921 4920 ὁ
2953 4868 3166 4938 βασιλεὺς
3196 4877 3393 4952 Ναϐουχι,

2476 4958 2756 5026 ἐγκύκλιον
2781 4960 2912 5011 πᾶσι
2931 4962 3032 5023 τοῖς
3053 4967 3169 5019 κατὰ
3190 4970 3328 5030 τόπον
3362 4976 3393 5025 ἐι

2475 5049 2568 5100 καὶ
2598 5047 2862 5114 γλώσσαις
2900 5050 3079 5115 πάσαις
3094 5059 3193 5119 ταῖς
3217 5062 3396 5117 οὶκούσα

2474 5135 2698 5205 χώραις.
2721 5139 2932 5203 γενεαῖς
2953 5140 3036 5192 καὶ
3066 5150 3256 5211 γενεαῖς.

2542 5224 2728 5293 Κυρίῳ
2774 5222 2851 5293 τῷ
2879 5225 2993 5297 Θεῷ
3023 5232 3100 5286 τοῦ
3131 5238 3322 5307 οὐρανοῦ
3357 5264 3396 5298 αι

2476 5313 2904 5405 καίγπροσξρορὰν
2923 5323 3204 5396 προσφέρετε
3225 5333 3346 5405 αὐτῷ
3370 5340 3395 5389 ὲκ

2557 5401 2967 5497 negasses;
2996 5408 3205 5479 βασιλέων
3224 5401 3396 5497 avom:

2476 5490 2655 5554 δόξως.
2685 5494 2766 5545 ὅτι
2793 5495 2967 5562 οὕτως
2991 5504 3165 5581 ἐποίησε
3182 5518 3273 5583 μετ’
3299 5490 3396 5591 ἑέιοὶ

2558 5582 2642 5631 Ἑν
2671 5583 2807 5653 αὐτῇ
2846 5588 2915 5657 τῇ
2969 5596 3121 5675 ἡμέρᾳ
3155 5582 3335 5665 ὲκάθισέ,
3367 5631 3396 5684 μ
