3874 6334
288 383 405 442 τεοι

1625 387 1872 442 ΒΑΜΕΙ.
1909 387 2136 443 CAPUT
2173 387 2233 441 ν.

3340 384 3482 439 2802

284 515 403 569 μου,
432 492 526 548 καὶ
553 492 652 562 τῆς
683 490 963 559 ἐξουσίας
989 515 1117 567 μου,
1146 498 1239 552 καὶ
1274 498 1372 566 τῆς
1405 498 1678 566 βασιλείας
1721 516 1821 567 μου
1842 514 1855 527 °

1993 507 2012 551 t
2044 505 2355 566 potestatem
2395 509 2588 557 meam,
2620 502 2672 545 et
2696 506 2917 561 regnum
2951 503 3161 553 meum;
3198 490 3248 540 in
3290 494 3474 556 ροιιιιις

281 589 338 638 ἐν
354 584 430 653 τῷ
447 580 557 650 λαῷ
580 598 679 650 μου
702 583 1034 654 ἐκράτησα,
1062 587 1160 640 καὶ
1180 588 1213 655 ἡ
1239 586 1590 656 μεγαλωσύνη
1615 603 1715 654 μου
1734 587 1863 639 ἀπο-

270 671 587 740 κατεστάθη
622 688 734 738 μοι.

343 757 833 827 Ναϐουχοδονόσορ
891 759 1152 828 βασιλεὺς
1192 763 1325 815 πᾶσι
1372 763 1481 824 τοῖς
1524 760 1715 824 ἔθνεσι,
1771 760 1864 813 καὶ

269 850 494 909 πάσαις
518 851 635 910 ταῖς
671 847 888 917 χώραις
908 891 925 914 ,
972 853 1069 905 καὶ
1108 854 1240 903 πᾶσι
1270 854 1378 913 τοῖς
1409 850 1642 904 οἰκοῦσιν
1670 851 1728 901 ἐν
1765 850 1863 900 αύ-

270 940 422 998 ταίςο
468 938 678 1006 Εἰρήνη
708 938 839 1005 ὑμῖν
868 937 1200 1009 πληθυνθείη
1236 942 1293 992 ἐν
1333 939 1494 991 παντὶ
1542 938 1731 1008 καιρῷ.
1756 937 1865 988 Kal

272 1026 375 1079 v6v
406 1026 686 1091 ὑποδείξω
710 1026 840 1094 ὑμῖν
864 1027 968 1089 τὰς
994 1028 1241 1096 πράξεις,
1271 1028 1334 1089 ἃς
1359 1027 1574 1095 ἐποίησε
1600 1026 1711 1095 μετ’
1731 1023 1862 1092 ἐμοῦ

276 1117 309 1167 6
335 1116 479 1177 Θεὸς
509 1119 540 1168 6
576 1116 749 1184 μέγας
771 1132 786 1146 ο
818 1115 969 1179 ἔδοξε
996 1117 1053 1170 δέ
1078 1134 1167 1186 μοι
1181 1116 1451 1178 ἀποδεῖξαι
1473 1117 1619 1183 ὑμῖν,
1645 1114 1865 1175 καὶτοῖς

283 1204 588 1267 σοφισταῖς
612 1201 789 1267 ὑμῶν,
822 1201 905 1253 ὅτι
937 1201 1053 1253 ἐστι
1081 1202 1230 1263 Θεὸς,
1257 1203 1351 1254 καὶ
1378 1201 1445 1253 τὰ
1473 1200 1743 1269 θαυμάσια
1773 1199 1867 1249 αὺ-

283 1289 385 1340 τοῦ
422 1289 650 1356 μεγάλα
672 1305 686 1319 ο
715 1288 779 1341 τὸ
813 1289 1081 1357 βασίλειον
1130 1290 1289 1343 αὐτοῦ
1315 1329 1331 1353 ,
1367 1290 1653 1373 βασίλειον.
1670 1291 1748 1351 είς
1777 1289 1866 1340 τὸν

290 1379 499 1431 αἱῶνα’
535 1380 572 1446 ή
602 1378 827 1443 ἐξουσία
857 1378 1023 1431 αὐτοῦ
1052 1380 1158 1432 ἀπὸ
1187 1380 1384 1448 γενεῶν
1409 1382 1486 1440 εἰς
1516 1379 1720 1446 γενεάς.
1760 1378 1868 1429 Kal

298 1465 632 1519 ἀπέστειλεν
677 1466 968 1528 ἐπιστολὰς
1002 1466 1129 1535 περὶ
1154 1467 1367 1518 πάντων
1394 1466 1498 1518 τῶν
1538 1463 1868 1532 γενηθέντων

300 1556 448 1626 αύτῷ
480 1560 546 1610 ἐν
588 1559 658 1626 τῇ
707 1558 956 1627 βασιλείᾳ
1003 1557 1199 1618 αὑτοῦ,
1246 1559 1377 1610 πᾶσι
1406 1559 1515 1618 τοῖς
1556 1554 1730 1607 ἔθνεσι
1759 1556 1869 1615 τοῖς

299 1642 450 1700 οὖσιν
481 1646 595 1699 ὑπὸ
619 1647 721 1715 τὴν
758 1646 1035 1715 βασιλείαν
1068 1645 1251 1698 αὐτοῦ.

916 1737 1165 1787 ΚΕΦΑΛ.
1214 1735 1269 1787 E'

1960 602 2077 639 meo
2122 584 2358 654 regnavi,
2405 591 2458 636 et
2493 580 2885 650 magniﬁcentia
2948 592 3066 631 mea
3112 577 3355 631 restituta
3404 587 3483 628 est

1958 673 2111 727 mihi.
2334 742 2339 743 γ

2025 760 2515 814 Nabuchodonosor
2536 773 2627 811 rex
2649 757 2901 810 omnibus
2926 755 3189 823 gentibus,
3210 764 3263 808 ct
3282 752 3486 806 cunctis

1961 848 2291 917 regionibus,
2328 856 2380 900 et
2413 846 2678 899 universis
2730 844 3094 896 habitantibus
3144 843 3195 893 in
3236 842 3335 894 eis.
3377 842 3485 893 Pax

1961 936 2114 990 vobis
2143 935 2527 1001 multiplicetur
2557 932 2609 984 in
2636 933 2782 984 omni
2816 940 3072 997 tempore.
3102 928 3165 982 Et
3200 944 3341 981 nunc
3371 943 3487 980 ma-

1963 1023 2226 1077 nifestabo
2262 1021 2413 1075 vobis
2444 1035 2625 1087 opera,
2653 1035 2769 1085 quae
2802 1018 2925 1072 fecit
2952 1031 3161 1070 mecum
3203 1014 3343 1068 Deus
3375 1031 3489 1068 ma-

1963 1127 2099 1183 gnus
2138 1111 2354 1165 :visurn
2393 1122 2476 1165 est
2517 1119 2693 1163 autem
2738 1109 2869 1161 mihi
2919 1107 3197 1160 ostendere
3233 1106 3403 1167 vobis,
3435 1111 3490 1157 et

1964 1201 2219 1270 sepbistis
2244 1200 2456 1263 vestris,
2493 1200 2619 1268 quia
2642 1208 2725 1251 est
2761 1198 2914 1258 Deus.
2965 1204 3019 1247 et
3069 1195 3333 1247 mirabilia
3371 1194 3489 1261 ejus

1964 1306 2154 1359 magna
2187 1310 2201 1345 :
2237 1306 2460 1359 regnum
2488 1289 2605 1356 ejus
2653 1301 2875 1356 regnum
2903 1285 2957 1338 in
2997 1293 3254 1337 aeternum
3292 1300 3303 1333 :
3347 1290 3491 1350 pote-

1964 1388 2076 1435 stas
2105 1380 2223 1447 ejus
2251 1394 2280 1431 a
2305 1377 2739 1446 generationibus
2770 1376 2819 1429 in
2848 1375 3236 1444 generationes.
3264 1373 3492 1425 Etmisit

1964 1470 2219 1538 epistolas
2250 1470 2317 1522 de
2341 1469 2612 1529 omnibus,
2637 1483 2755 1535 quae
2778 1472 3065 1520 evenerant
3096 1465 3193 1517 sibi
3233 1464 3286 1516 in
3331 1476 3494 1529 regno

1965 1573 2066 1613 suo
2094 1559 2342 1613 omnibus
2367 1559 2633 1629 gentibus,
2666 1569 2785 1621 qua:
2808 1562 2964 1607 erant
2987 1552 3087 1606 sub
3116 1568 3276 1620 regno
3309 1552 3445 1615 ejus.

2570 1729 2796 1785 CAPUT
2828 1728 2891 1781 ν.

379 1827 433 1880 1.
472 1825 775 1894 Βαλτάσαρ
808 1827 837 1877 6
862 1824 1107 1892 βασιλεὺς
1129 1823 1346 1891 ἐποίησε
1366 1820 1522 1890 δοχὴν
1550 1819 1786 1888 μεγάλην
1815 1818 1873 1870 ἐν

2041 1826 2092 1877 1.
2130 1823 2370 1877 Baltasar
2414 1836 2505 1875 rex
2540 1819 2663 1873 iecit
2695 1817 3003 1873 convivium
3037 1828 3288 1881 magnum
3330 1811 3383 1864 in
3410 1809 3498 1863 die

309 1914 492 1983 ἡμέρᾳ
534 1911 899 1979 ἐγκαινισμοῦ
936 1910 1044 1962 τῶν
1078 1909 1354 1978 βασιλειῶν
1398 1906 1592 1960 αὐτοῦ’
1624 1906 1871 1958 ἐκάλεσεν

313 2003 505 2071 ἄνδρας
538 2002 864 2069 δισχιλίους.
1120 1988 1127 1993 “

382 2092 436 2147 4.
486 2092 579 2145 Ἐν
628 2094 698 2159 τῇ
751 2091 936 2159 ἡμέρᾳ
984 2089 1167 2158 ἐκείνῃ
1192 2087 1471 2156 Βαλτάσαρ
1520 2083 1877 2152 ὲνυψούμενος

317 2181 422 2233 ἀπὸ
451 2179 545 2231 τοῦ
585 2179 759 2239 οἴνου,
784 2178 881 2229 καὶ
908 2176 1251 2245 καυχώμενος
1279 2175 1504 2242 ἐπῄνεσε
1533 2174 1733 2233 πάντας
1751 2172 1875 2232 τοὺς

317 2268 466 2332 θεοὺς
489 2268 601 2320 τῶν
633 2267 829 2329 ἐθνῶν,
859 2266 987 2327 τοὺς
1029 2265 1345 2333 χωνευτοὺς,
1378 2263 1468 2315 καὶ
1511 2261 1775 2328 γλυπτοὺς
1817 2260 1875 2311 ὲν

316 2357 395 2427 τῷ
422 2358 572 2426 τόπῳ
606 2356 799 2419 αὑτοῦ,
841 2356 934 2408 καὶ
961 2354 1037 2422 τῷ
1058 2353 1176 2422 Θεῷ
1205 2352 1281 2421 τῷ
1321 2353 1522 2420 ὑψίστῳ
1564 2351 1661 2402 οὐκ
1682 2349 1875 2401 ἔδωκεν

316 2448 539 2501 αἴγεσιν.

386 2535 439 2588 5.
482 2534 573 2585 Ἐν
600 2533 745 2601 αὐτῇ
786 2533 853 2601 τῇ
881 2530 1035 2582 νυκτὶ
1068 2528 1288 2597 ἐξῆλθον
1333 2525 1577 2579 δάκτυλοι
1620 2523 1751 2575 ὡσεὶ
1786 2523 1878 2573 ἀν-

319 2620 555 2690 θρώπου,
593 2621 693 2673 καὶ
726 2619 1044 2688 ἐπέγραψαν
1080 2620 1169 2670 ἐπὶ
1197 2615 1289 2667 τοῦ
1315 2615 1487 2683 τοίχου
1534 2614 1676 2665 οἴκου
1716 2610 1875 2663 αὐτοῦ

320 2713 411 2763 ἐπὶ
445 2710 541 2762 τοῦ
574 2711 909 2778 κονιάματπ
944 2708 1227 2760 κατέναντι
1265 2704 1358 2756 106
1400 2703 1643 2772 λύχνους.
1681 2700 1873 2765 Mari},

317 2800 526 2867 θάρσς,
558 2800 770 2853 Θεκέλ.
818 2800 973 2849 Ἐστι
994 2797 1050 2846 δὲ
1085 2799 1118 2866 ἡ
1150 2793 1408 2864 ἑρμηνεία
1445 2792 1639 2844 αὐτῶν·
1678 2791 1877 2843 ΜΔΝΗ

317 2891 649 2961 ἠρίθμηται,
682 2888 904 2942 ΦΑΡΕΣ
933 2887 1182 2954 ἐξῆρται,
1212 2884 1438 2935 ΘΕΚΕΛ
1468 2882 1705 2933 ἓσταται.

386 2979 442 3032 1.
470 2980 768 3046 Βαλτάσαρ
793 2980 821 3028 6
852 2976 1103 3044 βασιλεὺς
1142 2973 1389 3042 ἐποίησεν
1421 2971 1755 3039 ὲστιατορίαν
1785 2986 1879 3039 με-

319 3067 489 3138 γάλην
508 3070 626 3130 τοῖς
653 3067 894 3135 ἑταίροις
932 3064 1114 3118 αὑτοῦ.

390 3155 444 3206 2.
474 3154 589 3206 Kal
614 3153 804 3204 ἔπινεν
828 3147 986 3206 οἶνον.
1012 3149 1105 3201 xal
1133 3146 1384 3216 ἁνυψώθη
1419 3148 1452 3215 ἡ
1479 3146 1670 3214 καρδία
1695 3145 1878 3206 αὑτοῦ,

321 3245 415 3296 καὶ
435 3239 591 3295 εἶπεν
618 3242 843 3307 ἐνέγκαι
863 3241 931 3293 τὰ
961 3239 1125 3307 σκεύη
1149 3237 1217 3289 τὰ
1243 3239 1432 3305 χρυσᾶ,
1465 3237 1557 3287 καὶ
1575 3236 1641 3286 τὰ
1671 3235 1882 3303 ἀργυρᾶ

322 3331 417 3384 106
444 3332 600 3383 οίκου
631 3328 729 3380 106
757 3326 915 3385 Θεοῦ,
937 3325 973 3378 ὃ.
995 3326 1190 3393 ῆνεγκε
1231 3322 1687 3390 Ναϐουχοδονόσορ
1724 3324 1752 3372 6
1782 3336 1883 3371 πα-

324 3419 427 3487 τὴρ
448 3417 619 3472 αὐτοῦ
651 3416 763 3468 ἀπὸ
792 3413 1164 3481 Ἰερουσαλὴμ,
1186 3411 1278 3463 καὶ
1295 3409 1595 3477 οἰνοχοῆσαι
1623 3410 1679 3459 ἐν
1703 3409 1883 3468 αὐτοῖς

324 3512 437 3572 τοῖς
469 3508 716 3577 ἑταίροις
748 3503 934 3559 αὑτοῦ.

396 3598 454 3651 5.
477 3597 592 3649 Kal
625 3592 852 3665 ἠνέχθη,
892 3590 985 3642 καὶ
1014 3590 1195 3641 ἔπινον
1211 3589 1269 3641 tv
1293 3587 1490 3650 αὐτοῖς,
1521 3586 1609 3635 καὶ
1626 3582 1887 3651 ηύλόγουν

320 3687 392 3741 τὰ
423 3685 628 3739 εἴδωλα
658 3683 729 3734 τὰ
754 3678 1106 3749 χειροποίητα
1131 3677 1323 3729 αὐτῶν.

387 3778 446 3833 4.
487 3778 606 3831 Kal
638 3775 732 3828 τὸν
765 3773 897 3825 Θεὸν
941 3770 1035 3823 τοῦ
1066 3769 1258 3829 αίῶνος
1291 3766 1388 3819 οὐκ
1431 3761 1756 3829 εὐλόγησαν,
1795 3757 1885 3810 τὸν

304 3867 523 3938 ἕχοντα
551 3865 655 3931 τὴν
694 3860 941 3926 ἐξουσίαν
961 3857 1051 3909 τοῦ
1086 3855 1385 3922 πνεύματος
1408 3848 1603 3903 αὐτῶν.

383 3955 448 4009 5.
506 3954 600 4004 Ἕν
624 3952 762 4018 αὐτῇ
793 3951 860 4017 τῇ
886 3946 1005 4015 ὥρα
1024 3944 1206 4013 ἐκείνῃ
1238 3942 1449 4011 ἐξῆλθον
1470 3941 1734 3999 δάκτυλοι,
1760 3935 1887 3989 ὡσεὶ

289 4043 511 4117 χειρὸς
552 4038 868 4106 ἀνθρώπου,
902 4037 996 4088 καὶ
1039 4033 1281 4103 ἔγραψαν
1320 4032 1411 4083 ἐπὶ
1441 4030 1532 4082 τοῦ
1574 4029 1750 4097 τοίχου
1793 4027 1886 4079 106

281 4137 474 4191 οἷκον
499 4127 672 4182 αὐτοῦ
703 4128 795 4177 ἐπὶ
824 4127 918 4177 τοῦ
952 4123 1275 4191 κονιάματος
1294 4120 1575 4173 κατέναντι
1598 4118 1689 4169 106
1716 4116 1889 4185 φωτὸς

280 4220 515 4274 ἔναντι
548 4212 647 4265 τοῦ
681 4210 941 4279 βασιλέως
969 4208 1277 4277 Βαλτάσαρ,
1310 4207 1402 4258 καὶ
1431 4202 1534 4257 εῐδε
1571 4208 1725 4274 χεῖρα
1757 4203 1889 4274 γρά-

276 4322 464 4380 φουσ
463 4319 563 4357 αν.

1970 1914 2319 1971 dedicationis
2356 1927 2641 1980 regnorum
2686 1923 2943 1971 suorum;
2989 1904 3191 1959 vocavit
3233 1902 3379 1955 viros
3416 1898 3501 1953 bis

1970 2002 2135 2056 mille.

1988 2118 1993 2121 -
2037 2091 2092 2142 4.
2121 2088 2177 2141 In
2203 2087 2289 2141 die
2328 2087 2416 2139 illa
2459 2086 2699 2138 Baltasar
2727 2083 2898 2136 elatus
2926 2097 2956 2135 a
2988 2080 3110 2132 vino
3131 2119 3144 2141 ,
3175 2085 3229 2131 et
3264 2075 3500 2140 glorians

1969 2179 2205 2233 laudavit
2238 2191 2428 2230 omnes
2474 2176 2607 2228 deos
2646 2174 2881 2241 gentium
2921 2169 3237 2228 conﬁatiles,
3273 2174 3327 2219 et
3356 2163 3500 2218 scul-

1973 2267 2125 2335 ptiles
2164 2266 2218 2318 in
2256 2266 2372 2318 loco
2413 2278 2544 2326 suo,
2576 2269 2629 2315 et
2665 2260 2773 2314 Deo
2817 2259 3026 2313 excelso
3059 2271 3165 2310 non
3203 2253 3348 2307 dedit
3387 2251 3503 2304 lau-

1972 2356 2114 2409 dem.

2043 2531 2095 2584 5.
2133 2532 2192 2583 In
2222 2528 2406 2582 eadem
2441 2536 2594 2581 nocte
2623 2524 2868 2579 exierunt
2889 2520 3037 2588 digiti
3060 2518 3213 2588 quasi
3244 2515 3501 2577 hominis.

1974 2630 2027 2676 et
2071 2619 2397 2686 scripserunt
2434 2616 2485 2667 in
2533 2629 2687 2667 muro
2719 2612 2911 2664 domus
2947 2609 3063 2677 ejus
3103 2621 3264 2673 super
3299 2604 3504 2657 albario
3606 2670 3609 2671 ν

1976 2709 2192 2778 parietis
2222 2722 2251 2758 e
2280 2707 2496 2770 regione
2530 2704 2757 2755 lucernae
2791 2716 2804 2748 :
2841 2698 3014 2755 Mane.
3048 2696 3262 2755 Phares,
3300 2690 3500 2745 Thecel.

1977 2796 2070 2848 Est
2100 2804 2273 2845 autem
2298 2789 2659 2857 interpretatio
2690 2801 2870 2839 eorum
2908 2803 2921 2835 :
2950 2782 3138 2847 MANE
3169 2788 3504 2834 numeratum

1976 2896 2078 2943 est.
2103 2882 2367 2935 PllARES
2390 2882 2623 2933 ablatum
2663 2888 2762 2939 est,
2783 2875 3052 2929 THECEL
3085 2884 3380 2941 appensum
3400 2876 3503 2921 est.

2047 2973 2096 3023 l.
2139 2969 2376 3023 Baltasar
2418 2984 2509 3021 rex
2546 2967 2671 3020 fecit
2700 2964 2999 3018 convivium
3041 2974 3291 3029 magnum
3318 2956 3506 3010 amicis

1826 3143 1854 3156 α
1906 3096 1947 3149 C
1980 3061 2115 3114 suis.

2045 3146 2097 3196 2.
2129 3143 2194 3195 Et
2218 3144 2429 3198 bibebat
2456 3142 2662 3201 viuum,
2686 3148 2740 3192 ct
2765 3140 3026 3191 elevatum
3057 3142 3139 3188 est
3165 3148 3256 3185 cor
3287 3131 3425 3198 ejus,
3452 3136 3507 3181 ct

1978 3232 2113 3285 dixit
2139 3232 2311 3286 alTerri
2336 3246 2457 3284 vasa
2483 3244 2666 3288 aurea,
2692 3236 2744 3281 et
2774 3235 3022 3293 argentea
3044 3222 3235 3276 domus
3251 3219 3366 3280 Dei,
3389 3232 3508 3286 qua:

1979 3330 2344 3388 asportaverat
2374 3318 2873 3372 Nabuchodonosor
2922 3321 3071 3381 pater
3099 3310 3214 3376 ejus
3251 3307 3317 3361 de
3347 3305 3506 3361 Jeru-

1980 3410 2166 3469 salem,
2203 3417 2255 3462 et
2285 3406 2576 3460 ministrari
2610 3405 2663 3456 in
2691 3404 2770 3457 eis
2802 3403 2985 3453 vinum
3015 3399 3204 3452 amicis
3232 3396 3369 3451 suis.

2048 3577 2102 3629 5.
2144 3574 2211 3627 Et
2237 3575 2394 3627 allata
2435 3580 2586 3635 sunt;
2617 3578 2669 3623 et
2707 3568 2961 3622 bibebant
2991 3567 3045 3618 in
3070 3565 3172 3624 eis.
3205 3570 3259 3616 et
3287 3562 3509 3617 benedi-

1982 3665 2174 3719 cchant
2203 3662 2359 3716 idolis
2382 3662 2492 3715 suis
2528 3657 2867 3711 Inanul‘actis.

2049 3755 2103 3807 4.
2147 3755 2207 3806 Et
2240 3752 2347 3805 Deo
2372 3750 2548 3805 saeculi
2583 3763 2688 3800 non
2724 3744 3127 3803 benedixerunt,
3157 3739 3250 3810 qui
3282 3737 3511 3793 habebat

1983 3851 2295 3913 potestatem
2330 3840 2550 3908 spiritus
2589 3851 2795 3889 eorum.

2052 3933 2106 3984 5.
2155 3930 2208 3982 In
2238 3931 2349 3997 ipsa
2389 3928 2515 3981 hora
2561 3927 2645 3979 illa
2678 3923 2923 3978 exierunt
2950 3918 3098 3988 digiti
3133 3914 3285 3985 quasi
3320 3927 3512 3967 manus

1985 4018 2245 4078 hommis,
2285 4025 2337 4071 et
2358 4016 2686 4084 scripserunt
2724 4014 2776 4065 in
2804 4025 2956 4064 muro
2984 4008 3178 4061 domus
3208 4005 3323 4073 ejus
3350 4018 3510 4070 super
3544 4008 3546 4011 ’

1986 4108 2190 4163 albario
2230 4107 2447 4176 parietis
2503 4120 2533 4159 e
2578 4105 2795 4172 regione
2845 4099 3065 4155 luminis
3116 4100 3170 4150 in
3224 4104 3512 4162 conspectu

1988 4198 2126 4268 regis
2154 4198 2430 4262 Baltasar;
2466 4205 2518 4249 ct
2546 4195 2675 4249 vidit
2706 4206 2921 4247 manum
2960 4188 3301 4245 scribentem.

384 4392 451 4448 ϐ.
492 4391 612 4444 Kal
643 4391 676 4457 ἡ
718 4389 923 4455 ὅρασις
951 4385 1117 4439 αὐτοῦ
1157 4383 1438 4453 ἠλλοιώθη,
1474 4383 1567 4435 καὶ
1607 4382 1754 4449 φόϐοι
1800 4380 1875 4433 κατ

2058 4372 2111 4425 6.
2146 4371 2207 4424 Et
2229 4376 2477 4439 aspectus
2502 4369 2619 4437 ejus
2647 4368 2961 4421 immutatus
2982 4373 3090 4427 cst,
3120 4372 3171 4416 et
3193 4362 3413 4415 timores
3464 4366 3514 4412 et

277 4483 586 4542 ὑπόνοιαι
611 4477 776 4530 αὐτὸν
800 4475 1191 4529 κατέσπευδον.
1234 4473 1532 4525 Ἐσπευσεν
1560 4468 1649 4522 οὖν
1688 4473 1715 4521 ὁ
1737 4469 1890 4537 βασι·-

277 4572 476 4632 λεὺς,
526 4567 622 4618 καὶ
655 4565 938 4632 ἐξανέστη.
978 4563 1073 4614 καὶ
1118 4560 1263 4630 ἐώρα
1305 4561 1402 4629 τὴν
1427 4559 1638 4629 γραφὴν
1661 4557 1888 4626 ἐκείνην,

280 4658 412 4714 καὶ
446 4655 511 4707 οἱ
541 4654 848 4718 ωνεταῖροι
868 4649 1054 4715 κύκλῳ
1075 4646 1235 4698 αὐτοῦ
1277 4645 1598 4715 ἐκαυχῶντο.

383 4747 451 4799 7.
490 4743 608 4795 Kal
635 4743 664 4791 6
694 4739 946 4807 βασιλεὺς
979 4735 1225 4802 ὲφώνησε
1246 4739 1394 4804 φωνῇ
1429 4721 1653 4803 μεγάλη,
1672 4731 1894 4784 καλέσαι

280 4837 449 4896 τοὺς
476 4828 789 4888 ἐπαοιδοὺς,
824 4825 921 4876 καὶ
949 4821 1272 4890 φαρμακοὺς
1290 4863 1305 4885 ,
1340 4823 1430 4874 καὶ
1468 4822 1777 4882 Χαλδαίους,
1804 4818 1896 4870 καὶ

285 4916 700 4993 γαζαρηνοὺς,
755 4912 1096 4977 ἀπαγγεῖλαι
1142 4909 1199 4960 τὸ
1227 4909 1501 4979 σύγκριμα
1524 4910 1622 4977 τῆς
1661 4909 1893 4978 γραφῆς.

284 5010 430 5066 Καὶ
478 5000 901 5069 εἰσεπορεύοντο
934 4998 1031 5047 ἐπὶ
1061 4996 1301 5065 θεωρίαν,
1364 5002 1488 5052 ἰδεῖν
1532 4999 1626 5068 τὴν
1660 4998 1893 5067 γραφὴν,

287 5102 405 5157 καὶ
438 5097 510 5149 τὸ
545 5094 841 5160 σύγκριμα
870 5088 972 5154 τῆς
995 5085 1202 5152 γραφῆς
1220 5086 1322 5135 οὐκ
1355 5088 1602 5141 ἐδύναντο
1622 5086 1899 5155 συγκρίναι

286 5190 386 5259 τῷ
428 5183 672 5254 βασιλεῖ.
719 5176 863 5227 Τότε
913 5176 942 5224 ὁ
990 5170 1224 5259 βασιλεὺς
1262 5173 1503 5246 ἐξέθηκε
1554 5175 1894 5245 πρόσταγμα,

287 5257 488 5346 λέγων
507 5292 523 5307 ο
571 5270 698 5328 Πᾶς
755 5262 902 5328 ἀνὴρ
930 5259 988 5318 ὃς
1014 5258 1076 5308 ἂν
1108 5257 1357 5328 ὑποδείξῃ
1415 5265 1477 5315 τὸ
1504 5265 1773 5331 σύγκριμα
1802 5264 1900 5330 τῆς

288 5366 548 5437 γραφῆς,
574 5352 800 5409 στολιεῖ
834 5346 999 5437 ῗιὺἷδν
1028 5346 1315 5437 τῖοξεῗῆραν,
1360 5354 1463 5403 καὶ
1489 5352 1749 5419 μανιάκην
1773 5368 1894 5418 κρυ·

290 5427 424 5509 σοῦν
446 5441 763 5514 περιθήσει
788 5427 963 5493 αὐτῷ,
983 5427 1066 5514 καὶ
1085 5427 1377 5495 δοθήσεται
1404 5435 1555 5503 αὑτῷ
1581 5434 1789 5497 ἐξουσία
1807 5435 1900 5486 106

284 5542 475 5611 τρίτου
505 5508 737 5598 μέρους
769 5516 876 5578 τῆς
900 5508 1166 5611 βασιλείοις.

351 5630 402 5682 8,
438 5594 565 5674 Kal
600 5594 1026 5663 εἰσεπορεύοντο
1043 5594 1363 5655 οἱέπαοιδοὶ
1411 5607 1576 5660 καὶοι
1604 5606 1893 5675 φαρμακοὶ,

1992 4461 2324 4529 suspiciones
2347 4474 2467 4512 eum
2512 4457 2821 4509 incitabant.
2856 4452 3145 4506 Festinavit
3183 4450 3360 4516 itaque
3396 4460 3512 4513 res.

1989 4558 2043 4603 ct
2079 4546 2328 4606 surrexit,
2362 4552 2413 4597 et
2444 4544 2651 4596 videbat
2684 4545 3005 4608 scripturam
3064 4538 3207 4589 illam
3235 4551 3251 4599 ;
3278 4546 3330 4587 et
3356 4531 3513 4585 amici

1991 4637 2042 4690 in
2077 4634 2301 4688 circuitu
2340 4632 2457 4700 cjus
2491 4630 2874 4699 gloriabantur.

2061 4724 2111 4777 7.
2147 4722 2211 4775 Et
2260 4737 2349 4774 rex
2414 4735 2541 4772 voce
2579 4734 2767 4786 magna
2820 4714 3100 4776 clamavit,
3151 4721 3210 4765 ut
3265 4714 3516 4760 vocarent

1994 4816 2372 4874 incantatores,
2406 4819 2457 4861 ct
2486 4808 2776 4867 maleﬁcos,
2816 4816 2866 4857 ct
2902 4802 3195 4857 Chaldzcos,
3227 4804 3278 4848 et
3301 4800 3531 4860 gazarc—'

1995 4919 2093 4956 nos
2128 4901 2192 4954 ad
2232 4897 2647 4953 annuntiandam
2694 4891 3177 4958 interpretationem
3216 4882 3511 4947 scripturae.

1995 4989 2057 5041 Et
2085 4987 2303 5053 ingrcssi
2329 4997 2453 5038 sunt
2479 4984 2540 5035 ad
2567 4978 2947 5048 spectaculum,
2982 4984 3040 5026 ut
3077 4971 3313 5023 viderent
3351 4968 3517 5034 scrip-

1997 5088 2189 5141 turam,
2212 5086 2265 5128 et
2284 5071 2767 5139 interpretationem
2808 5069 3084 5132 scriptura:
3109 5072 3212 5109 non
3235 5064 3518 5124 potuerunt

1997 5162 2332 5231 interpretari
2357 5161 2485 5228 regi.
2515 5157 2665 5210 Tunc
2706 5170 2800 5207 rex
2838 5151 3001 5206 edidit
3029 5146 3257 5199 edictum
3290 5144 3472 5196 dicens
3504 5163 3517 5175 ο

1997 5254 2180 5310 Omnis
2208 5253 2288 5303 vir
2306 5250 2629 5317 quicumque
2653 5235 3096 5296 demonstraverit
3122 5234 3515 5300 interpretatio-

2000 5358 2117 5396 nem
2152 5341 2456 5406 scripturae,
2492 5333 2746 5387 vestietur
2788 5329 2900 5395 ipse
2925 5336 3158 5393 purpura
3180 5359 3193 5381 .
3226 5329 3278 5373 et
3308 5331 3521 5388 torques

2000 5445 2193 5483 aureus
2237 5429 2669 5491 circumponetur
2702 5418 2772 5479 ei,
2823 5423 2875 5469 et
2914 5413 3127 5466 dabitur
3161 5410 3210 5462 ci
3260 5418 3521 5476 postcstas

2005 5519 2172 5573 tertia:
2216 5512 2379 5582 partis
2416 5511 2583 5577 regni.

2074 5606 2125 5657 8.
2155 5602 2215 5655 Et
2238 5599 2525 5655 introibant
2547 5597 2900 5649 incantatorcs
2918 5628 2932 5657 ,
2957 5595 3010 5643 et
3029 5583 3275 5647 maleﬁci,
3303 5592 3353 5635 et
3381 5596 3515 5648 gaza-
