3874 6388
578 369 593 416 ι
653 354 792 422 2807
1699 352 2161 415 HEXAPLORUM
2195 351 2361 418 QUAE
2402 338 2806 410 SUPERSUNT

648 492 820 546 usque.
844 477 911 532 ad
930 490 1179 533 occasum
1204 476 1353 539 solis,
1370 473 1676 541 ut'eriperet
1696 487 1817 527 eum
1838 472 1904 527 de
1924 468 2174 524 manibus

2033 468 2174 522 tibus
2200 463 2247 519 A
2274 462 2353 514 θει
2376 462 2471 516 τοῦ
2492 463 2764 525 ἐξελέσθαι
2793 462 2954 516 αὑτὸν
2982 463 3091 524 ἓως
3122 454 3297 526 δυσμῶν
3330 430 3462 518 ἡλίου
3503 444 3563 497 ἀτι

649 576 1005 636 satraparum.

2274 554 2469 624 χειρῶν
2496 555 2605 606 τῶν
2636 553 2942 621 σατραπῶν.

716 621 812 710 15:
827 656 891 709 Et
913 671 1017 710 non
1052 654 1220 721 potuit
1252 651 1475 707 liberare
1498 667 1617 706 eum
1644 652 1710 705 ab
1734 652 1825 705 eis.

2277 621 2306 624 “’
2344 621 2371 694 ι
2380 642 2431 696 5.
2460 642 2568 693 Καὶ
2597 641 2693 693 οὐκ
2715 640 2941 709 ἠδύνατο
2964 634 3214 701 ἐξελέσθαι
3238 627 3375 683 αὑτὸν
3393 623 3475 721 ἀτς
3491 621 3563 674 αὖ·

719 746 804 801 16.
835 708 1147 799 Exclamans
1194 750 1369 795 autem
1422 740 1612 793 Darius
1646 754 1735 793 rex
1761 737 1893 791 dixit
1923 734 2124 788 Dauieii
2158 750 2170 785 :

2031 734 2124 788 iieli
2158 750 2170 785 :
2347 728 2432 781 16.
2475 708 2799 795 ’Δναδοήσας
2828 727 2885 778 δὲ
2908 726 3128 793 Δαρεῖος
3149 723 3173 773 6
3198 717 3410 788 βασιλεὺς
3428 708 3541 801 εἶπε
3555 728 3561 741 ·

654 833 791 886 Deus
838 841 980 892 tuus,
1038 844 1193 897 quem
1224 838 1277 881 tu
1316 829 1447 882 colis
1466 829 1662 895 jugiter
1706 836 1785 879 ter
1821 828 1873 878 iu
1902 824 2008 885 die,
2060 822 2173 889 ipse

2060 822 2173 889 ipse
2277 817 2415 886 νιήλ’
2448 817 2508 868 '0
2552 817 2679 878 Θεός
2708 833 2820 877 σου,
2865 808 2910 879 ᾧ
2937 814 3003 865 σὺ
3044 808 3287 880 λατρεύεις
3325 798 3563 898 ἐνδελεχώ,

652 921 868 988 erripiet
895 928 946 972 te
968 919 1035 972 de
1072 933 1234 971 manu
1271 918 1509 981 leonum;
1554 932 1720 984 usque
1768 929 1925 968 mane
1949 911 2174 967 conﬁde.

2031 911 2174 966 iﬁde.
2277 906 2373 974 τῆς
2397 906 2625 975 ἡμέρας,
2653 904 2810 966 αὐτὸς
2844 898 3106 963 ὲξελεϊταί
3131 914 3180 949 σε
3203 899 3257 948 ὲκ
3290 890 3456 962 χειρὸς
3496 890 3561 939 τῶ

2278 1013 2401 1059 των,
2431 995 2533 1057 ἕως
2552 992 2693 1062 πρωῒ
2721 993 2933 1060 Θάρῤει.

721 1092 807 1144 l7.
849 1087 998 1143 Tunc
1021 1087 1203 1141 Daniel
1240 1088 1507 1156 projectus
1541 1096 1619 1140 est
1647 1086 1698 1138 in
1733 1087 1907 1139 lacum
1938 1085 2173 1137 leonum.

2033 1096 2173 1135 num.
2350 1082 2435 1134 17.
2462 1060 2814 1146 ΤότεήΔανιὴλ
2840 1075 3042 1145 ἐρρίφη
3072 1072 3140 1134 είς
3162 1069 3241 1121 τδν
3277 1066 3463 1156 λάκκον
3496 1060 3563 1113 τῶ

654 1179 717 1232 Et
753 1179 943 1232 allatus
968 1186 1047 1230 est
1073 1178 1226 1244 lapis,
1242 1152 1305 1229 et
1325 1152 1529 1241 positus
1569 1184 1649 1228 est
1677 1189 1834 1242 super
1863 1189 1925 1227 os
1954 1173 2052 1226 laci
2078 1189 2093 1237 ;
2125 1180 2179 1225 et

2032 1173 2052 1224 ἱ
2078 1189 2093 1237 ;
2125 1180 2179 1225 et
2280 1188 2383 1221 των
2401 1209 2415 1232 ,
2463 1168 2554 1220 κα)⁴
2579 1166 2774 1235 ἠνέχθη
2803 1163 2974 1224 λίθος,
3009 1161 3101 1213 καὶ
3132 1157 3269 1226 ἐτέθη
3295 1157 3368 1216 είς
3392 1152 3448 1205 τὸ
3494 1167 3562 1203 στι

574 1255 579 1259 ’
652 1268 950 1337 obsignavit
978 1282 1067 1319 rex
1098 1267 1294 1318 annulo
1308 1274 1491 1329 suo,et
1511 1264 1719 1317 annulis
1734 1263 2043 1331 optimatum
2062 1277 2104 1316 SI

2034 1274 2180 1316 isuo-
2279 1257 2498 1321 λάκκου,
2529 1256 2623 1307 καὶ
2650 1251 3019 1321 ὲσφραγίσατο
3043 1251 3069 1301 6
3097 1246 3312 1317 βασιλεὺς
3347 1244 3401 1295 ὲν
3425 1241 3497 1309 τῷ
3526 1240 3564 1291 6:

653 1329 800 1419 rum:
815 1366 871 1408 ut
898 1369 1000 1408 non
1029 1356 1095 1408 ab
1123 1355 1228 1409 illis
1255 1355 1526 1407 tolleretur
1546 1352 1749 1418 Daniel,
1771 1329 1979 1407 vautrex
1997 1359 2178 1406 extra-

2033 1359 2178 1404 xtra-
2281 1344 2491 1407 ἑαυτοῦ,
2522 1345 2615 1396 καὶ
2649 1345 2706 1394 ὲν
2735 1345 2846 1400 τοῖς
2883 1338 3172 1398 δακτυλίοις
3205 1336 3301 1387 τῶν
3330 1329 3560 1401 μεγιστάε

656 1417 805 1500 heret
828 1461 949 1499 eum
972 1446 1036 1499 de
1059 1445 1197 1499 lacu.
1372 1455 1376 1459 ‘
1736 1417 1741 1418 ί

2280 1433 2394 1495 τοῦ,
2422 1433 2565 1492 ὅπως
2600 1431 2673 1499 μὴ
2699 1429 2791 1481 ἀπ’
2820 1428 2999 1481 αὐτῶν
3026 1425 3153 1496 ἀρθῇ
3171 1424 3196 1475 6
3225 1422 3411 1489 Δανιὴλ
3444 1417 3565 1481 -ε-,ῐ

2282 1521 2404 1582 λεὺς
2435 1518 2592 1571 αὑτὸν
2616 1517 2907 1587 ἀνασπάσῃ
2939 1516 3003 1567 ὲκ
3027 1513 3114 1565 τοῦ
3134 1512 3316 1565 λάκκου
3338 1507 3374 1578 /

729 1615 814 1667 18.
846 1612 993 1667 Tunc
1045 1628 1289 1667 reversus
1328 1620 1409 1666 est
1445 1627 1540 1666 rex
1588 1612 1639 1664 in
1659 1610 1856 1680 regiam
1905 1623 2077 1671 suam,
2129 1614 2182 1661 et

2021 1623 2077 1671 ιι,
2129 1614 2182 1661 et
2358 1612 2440 1665 18.
2475 1610 2607 1661 Τότε
2651 1607 2991 1676 ὑπέστρεψεν
3028 1606 3056 1658 6
3103 1602 3333 1672 βασιλεὺς
3378 1599 3459 1660 εἷς
3483 1598 3551 1651 τὰ

658 1702 986 1772 pernocuavit
1017 1702 1252 1770 jejunus,
1280 1710 1332 1754 et
1355 1710 1468 1754 erat
1502 1709 1726 1754 maestus
1753 1708 1964 1768 propter
1990 1698 2179 1752 Danie-

2033 1698 2179 1750 anie-
2218 1767 2257 1772 _
2285 1699 2445 1754 αὑτοῦ
2468 1741 2483 1764 ,
2515 1699 2608 1751 καὶ
2640 1696 2866 1766 ηὐλίσθη
2888 1695 3106 1764 νήστης.
3133 1692 3219 1743 καὶ
3244 1686 3308 1760 ἦν
3335 1686 3563 1754 λυπούμε

660 1767 785 1847 lem.
806 1793 954 1847 Tunc
980 1767 1118 1845 Deus
1145 1792 1394 1857 Danielis,
1422 1806 1601 1844 curam
1631 1767 1831 1844 habens
1866 1789 2026 1850 illius,
2052 1803 2183 1840 con—

2052 1803 2183 1840 (ξοη-
2217 1767 2263 1826 B
2285 1790 2377 1845 τοῦ
2408 1789 2622 1858 Δανιήλ.
2651 1787 2829 1839 Τότεό
2859 1784 2990 1847 Θεὸς
3014 1782 3105 1836 τοῦ
3122 1780 3328 1851 Δανιὴλ,
3359 1779 3565 1848 πρόνοια

662 1882 822 1937 clusit
866 1897 959 1936 ora
1003 1882 1236 1947 leonum,
1288 1889 1341 1935 et
1386 1880 1683 1934 molestiam
1746 1894 1849 1931 non
1898 1881 2187 1931 attulerunt

2033 1886 2187 1931 cruut
2287 1896 2442 1949 μενος
2464 1876 2645 1939 αὑτοῦ,
2674 1873 2964 1928 ἀπέκλεισε
2986 1871 3054 1924 τὰ
3079 1871 3312 1941 στόματα
3329 1868 3440 1921 τῶν
3464 1866 3563 1919 λεό·

665 1970 888 2023 Danieli.

2283 1970 2341 2021 οὐ
2383 1966 2808 2036 παρηνώχλησαν
2834 1962 2912 2032 τῷ
2932 1961 3146 2030 Δανιήλ.

733 2058 818 2112 19.
844 2057 909 2111 Ει
935 2073 1029 2111 rex
1074 2056 1262 2111 Darius
1315 2055 1542 2110 surrexit
1579 2055 1828 2118 diluculo,
1854 2062 1907 2108 et
1930 2052 2189 2121 assumpit

2033 2052 2189 2121 ιωρίι
2354 2056 2440 2110 l9.
2469 2056 2576 2108 Καὶ
2616 2055 2645 2105 ό
2678 2053 2927 2122 βασιλεὺς
2979 2052 3192 2119 Δαρεῖος
3236 2046 3478 2117 ῶρθρισε
3527 2060 3563 2094 π

663 2159 845 2199 secum
909 2155 1168 2213 satrapas,
1219 2152 1273 2199 et
1326 2144 1510 2199 abiens
1570 2144 1719 2198 stetit
1757 2157 1917 2212 super
1970 2158 2031 2196 os
2088 2142 2188 2195 laci

2009 2158 2031 2196 s
2088 2142 2188 2195 laci
2285 2144 2555 2213 παρέλαϐε
2584 2142 2701 2213 μεθ’
2729 2139 2922 2195 ἑαυτοῦ
2952 2142 3078 2204 τοὺς
3107 2138 3411 2210 σατράπας,
3441 2136 3539 2191 καὶ

664 2234 901 2288 leonum.
2285 2234 2411 2303 ἔστη
2440 2235 2531 2287 ἐπὶ
2551 2231 2643 2284 τοῦ
2684 2233 2951 2301 στόματος
2976 2230 3070 2282 τοῦ
3093 2229 3288 2282 λάκκου
3312 2228 3429 2280 τῶν
3456 2227 3563 2278 λεόπ

730 2324 819 2377 20.
845 2323 1033 2377 Postea
1058 2338 1147 2376 rex
1176 2321 1384 2376 vocavit
1404 2320 1669 2374 Danielem
1700 2333 1829 2373 voce
1855 2332 2043 2386 magna
2066 2331 2185 2370 cum

2025 2331 2185 2370 acum
2352 2324 2446 2378 20.
2476 2322 2608 2374 Τότε
2641 2322 2669 2372 6
2700 2320 2952 2389 βασιλεὺς
2981 2318 3198 2371 ἐκάλεσε
3225 2317 3320 2369 16v
3347 2315 3555 2385 Δανιὴλ

663 2414 788 2467 ﬂetu
825 2414 1006 2467 dicens
1035 2430 1048 2465 :
1082 2412 1125 2465 Ο
1152 2411 1353 2475 Daniel,
1383 2411 1426 2464 si
1455 2411 1588 2463 forte
1618 2409 1769 2471 vivis,
1799 2416 1852 2461 et
1880 2406 2018 2460 Deus
2046 2415 2186 2468 tuus,

2046 2415 2186 2468 tuus.
2286 2413 2423 2481 γάλῃ
2456 2409 2592 2480 μετὰ
2628 2407 2925 2476 κλαυθμοῦ,
2948 2408 3119 2474 λέγων
3138 2423 3150 2435 ο
3174 2401 3243 2457 *Ω
3267 2406 3504 2475 Δανιὴλ,
3533 2422 3557 2455 ε

663 2517 820 2571 quem
860 2502 993 2555 colis
1021 2516 1250 2569 semper,
1284 2500 1513 2555 servavit
1538 2507 1591 2554 te
1628 2498 1696 2552 de
1719 2497 1979 2562 leonibus,
1999 2504 2052 2549 et
2083 2510 2189 2549 non

2033 2504 2052 2548 t
2083 2510 2189 2549 non
2287 2502 2380 2555 καὶ
2408 2503 2436 2553 6
2459 2500 2587 2561 Θεός
2633 2516 2747 2563 σου,
2781 2493 2825 2565 ᾧ
2863 2495 3142 2563 λατρεύεις
3186 2495 3521 2564 ἐνδελεχῶς,
3556 2514 3562 2540 ι

664 2592 1027 2645 οοιιιτίκότυηι
1052 2591 1142 2643 ιεῖ
1886 2644 1889 2645 ,
2288 2591 2394 2646 ἀπο
2420 2590 2526 2643 τῶν
2547 2590 2794 2650 λεόντων,
2825 2587 2918 2639 καὶ⁵
2940 2587 3042 2638 οὐκ
3063 2584 3383 2654 ὴχρείωκάν
3420 2602 3483 2637 σε
3504 2600 3521 2648 ς

731 2681 822 2732 2i.
853 2678 1005 2731 Tunc
1026 2677 1205 2730 Daniel
1232 2675 1482 2730 clamavit
1510 2688 1640 2728 voce
1660 2688 1870 2742 magna,
1901 2680 1951 2725 et
1969 2669 2120 2724 dixit:

2032 2669 2120 2722 xit:
2355 2680 2444 2733 2|.
2472 2679 2603 2730 Τότε
2624 2676 2822 2744 Δανιὴλ
2842 2675 3113 2743 ὲπήχουσε
3131 2676 3285 2741 φωνῇ
3307 2672 3562 2741 μεγάλῃ,

733 2769 822 2821 22.
848 2767 980 2831 Rex,
1015 2767 1187 2819 adhuc
1207 2779 1323 2818 sum
1362 2765 1561 2826 vivens,
1601 2772 1652 2816 et
1678 2762 1921 2814 liberavit
1949 2776 2030 2813 me
2056 2759 2192 2812 Deus

2025 2782 2030 2810 τ
2056 2759 2192 2812 Deus
2356 2768 2447 2821 22.
2473 2766 2719 2829 Βασιλεῦ,
2749 2765 2829 2816 ἔτι
2859 2764 2975 2832 εἰμὶ
3008 2762 3139 2825 ζῶν,
3173 2763 3271 2814 καὶ
3323 2763 3555 2815 σέσωκέ

666 2857 735 2912 de
755 2856 1014 2920 leonibus,
1036 2868 1100 2907 eo
1116 2854 1254 2922 quod
1273 2852 1477 2921 justitia
1499 2852 1549 2903 in
1568 2866 1651 2903 me.
1675 2851 1887 2903 inventa
1910 2857 1991 2901 est
2010 2862 2189 2902 coram

2030 2862 2189 2901 εοΐίιηι
2289 2858 2395 2912 ἀπὸ
2425 2856 2529 2909 τῶν
2554 2855 2800 2918 λεόντων,
2831 2852 2952 2906 καθ’
2983 2854 3063 2905 ὅτι
3095 2851 3435 2921 δικαιοσύνη
3463 2853 3524 2903 ὲν
3552 2853 3560 2899 i

670 2962 771 3011 eo;
809 2945 900 2999 sed
930 2953 983 2998 et
1016 2943 1068 2997 in
1101 2952 1381 3010 conspectu
1404 2949 1513 3002 tuo,
1537 2954 1649 3001 rex,
1682 2951 1853 3005 neque
1874 2935 2191 3006 ignorantia,

2026 2935 2191 2999 δηιίθο
2292 2945 2525 2998 ἐναντίον
2560 2942 2751 2995 αὑτοῦ·
2797 2942 2890 2993 καὶ
2934 2939 3176 2992 ἐναντίον
3206 2938 3270 2991 δέ
3310 2955 3450 3003 σου,
3483 2939 3556 3007 βα

671 3050 843 3103 neque
878 3034 1129 3089 delictum
1155 3031 1539 3100 deprehensum
1578 3036 1660 3081 est
1689 3027 1740 3080 in
1766 3041 1852 3081 me
1885 3045 1898 3078 :
1939 3033 1992 3078 tu
2016 3033 2188 3077 autem

2019 3033 2188 3077 autem
2218 3055 2261 3113 α
2293 3033 2499 3101 ἄγνοια,
2529 3032 2651 3084 οὔτε
2672 3031 2915 3101 ἁμαρτία
2947 3029 3147 3099 εὑρέθη
3177 3030 3237 3080 ὲν
3265 3030 3410 3099 ὲμοί
3429 3044 3445 3059 '
3479 3030 3549 3081 σὺ

671 3124 865 3179 audisti
895 3124 1154 3184 homines,
1172 3122 1260 3186 qui
1283 3120 1541 3175 seducunt
1565 3132 1731 3187 reges,
1752 3125 1804 3170 et
1821 3115 2086 3185 projecisti
2111 3129 2193 3169 me

2026 3115 2086 3168 sti
2111 3129 2193 3169 me
2294 3120 2590 3191 ἀνθρώπων
2631 3120 2957 3173 πλανώντων
2988 3118 3258 3187 βασιλεῖς,
3297 3119 3417 3172 καὶ
3448 3120 3556 3191 ἔρρ

672 3214 727 3267 in
768 3214 938 3266 lacum
970 3212 1176 3264 leonum
1205 3210 1268 3263 ad
1290 3208 1654 3277 perditionem.

2295 3211 2383 3263 τὸν
2408 3210 2604 3264 λάκκον
2625 3210 2730 3262 τῶν
2757 3209 2983 3261 λεόντων
3004 3208 3084 3270 εἰς
3107 3206 3442 3261 ἀπώλειαν.

741 3301 828 3353 23.
852 3299 1046 3352 Eodem
1075 3305 1306 3365 tempore
1328 3293 1628 3362 congregati
1652 3299 1776 3345 sunt
1798 3303 1985 3343 omnes
2033 3286 2196 3354 magi-

2033 3286 2196 3354 magi-
2363 3300 2452 3356 25.
2482 3299 2613 3352 Τότε
2634 3298 2977 3367 συνήχθησαν
3003 3298 3180 3349 πᾶσαι
3214 3298 3279 3348 αἱ
3312 3297 3557 3369 δυνάμε

674 3397 891 3451 stratus,
918 3396 969 3440 et
1012 3387 1349 3440 intuebantur
1377 3384 1675 3447 Danielem,
1702 3378 1971 3451 quomodo
1999 3378 2193 3431 nullam

2026 3378 2193 3431 uillam
2298 3387 2385 3441 τὸν
2412 3386 2627 3458 Δανιὴλ,
2663 3387 2737 3450 ὡς
2769 3386 2829 3437 οὐ
2861 3385 3329 3457 παρηνώχλησαν
3378 3387 3556 3457 αὺτῷ

674 3479 967 3533 molestiam
990 3476 1291 3530 attulissent
1317 3474 1362 3527 ei
1386 3474 1584 3526 leones.

740 3567 826 3619 24.
852 3566 999 3619 Tunc
1037 3566 1144 3618 duo
1173 3565 1413 3617 homines
1462 3562 1555 3624 illi,
1596 3562 1686 3628 qui
1718 3561 1973 3615 adversus
2008 3556 2197 3609 Danie-

2008 3556 2197 3609 Dallie-
2366 3564 2455 3616 2i.
2483 3562 2616 3615 Τότε
2649 3560 2698 3612 οἱ
2731 3559 2822 3613 δύο
2848 3558 3136 3629 ἄνθρωποι
3179 3560 3423 3613 ἐκεῖνοι.
3480 3562 3538 3613 οἱ

672 3654 775 3707 lem
799 3653 1156 3706 testimonium
1204 3652 1467 3716 dixerant,
1504 3650 1627 3719 ipsi,
1654 3656 1705 3701 et
1743 3660 1935 3701 uxores
1987 3658 2194 3706 eorum,

2032 3658 2194 3706 Jl'llm.
2304 3654 2557 3723 ρήσαντες
2579 3649 2672 3703 τοῦ
2698 3648 2914 3720 Δανιὴλ,
2954 3648 3136 3714 αὐτοὶ,
3181 3648 3294 3701 καὶ
3319 3651 3393 3703 αἱ
3442 3668 3562 3719 γυν

675 3754 728 3797 et
756 3744 845 3796 lilii
883 3757 1065 3798 eorum
1118 3740 1339 3810 projecti
1382 3748 1508 3794 sunt
1556 3738 1816 3800 leonibus,
1842 3744 1894 3789 et
1921 3734 2101 3788 leones
2124 3732 2201 3786 in-

2031 3732 2201 3788 ιθὸίῐι·
2299 3743 2393 3794 καλ⁴
2420 3739 2670 3792 τὰτέκνα
2712 3737 2885 3790 αὐτῶν
2913 3737 3245 3806 ὲρῤίφησαν
3311 3741 3463 3803 τοῖς
3509 3740 3561 3792 λι

676 3830 1000 3888 terfecerunt
1023 3846 1135 3894 eos,
1168 3839 1220 3883 et
1241 3830 1669 3883 comminuerunt
1695 3840 1816 3880 ossa
1837 3838 2042 3879 eorum.

2033 3860 2042 3875 .
2299 3830 2506 3891 λέοντες
2523 3827 2846 3880 ἀπέκτειναν
2872 3826 3094 3891 αὐτοὺς,
3129 3828 3241 3879 καὶ
3276 3826 3563 3881 ἕθλασακ

2299 3931 2427 3971 των.

738 4003 830 4059 25.
861 4003 1012 4057 'l'unc
1053 4002 1243 4056 Darius
1288 4000 1500 4069 scripsit
1550 3998 1800 4053 omnibus
1850 3997 2115 4067 gentibus,
2148 4003 2201 4049 et

2032 4010 2115 4061 us,
2148 4003 2201 4049 et
2370 4003 2460 4057 25.
2505 4002 2636 4056 Τότε
2662 4004 2883 4073 Δαρεῖος
2926 4002 3148 4073 ἔγραψε
3203 4007 3374 4061 πᾶσι
3439 4012 3562 4063 τοῖν

677 4093 890 4162 linguis,
934 4102 986 4147 et
1033 4092 1356 4161 regionibus,
1381 4100 1434 4145 et
1470 4089 1833 4143 habitantibus
1874 4089 1929 4142 in
1955 4087 2201 4141 universa

2033 4087 2201 4140 iversa
2302 4093 2585 4162 γλώσσαις,
2617 4094 2709 4144 καὶ
2731 4092 2955 4163 χώραις,
2989 4096 3112 4157 τοῖς
3154 4096 3480 4153 οἰκοῦσιν
3536 4101 3563 4152 ὲ

676 4190 814 4235 terra
841 4182 973 4248 ejus,
1000 4180 1183 4233 dicens
1212 4196 1227 4232 :

1173 4196 1183 4233 ί
1212 4196 1227 4232 ε
2304 4184 2485 4247 αὐτοῦ,
2515 4182 2703 4250 λέγων·

742 4268 829 4322 26.
862 4272 1059 4323 Omnes
1080 4267 1342 4329 homines,
1381 4265 1473 4335 qui
1506 4266 1703 4319 suntin
1730 4279 1893 4334 regno
1919 4278 2058 4327 meo,
2097 4263 2204 4316 sint

1977 4278 2058 4327 ρο,
2097 4263 2204 4316 Sim
2371 4272 2458 4326 26.
2494 4270 2697 4332 Πάντες
2734 4271 2780 4321 οί
2818 4269 3127 4339 ἄνθρωποι,
3163 4274 3227 4325 οἱ
3285 4274 3507 4341 ὄντες

676 4356 1006 4422 adoratores,
1051 4366 1104 4411 et
1142 4356 1372 4410 cultores
1427 4355 1518 4409 Dei
1571 4355 1845 4409 Danielis:
1886 4355 1997 4423 ipse
2061 4354 2202 4405 enim

2061 4354 2202 4405 enim
2236 4363 2278 4417 Ι)
2308 4379 2432 4430 μου,
2465 4361 2700 4413 ἔστωσαν
2734 4361 3191 4429 προσκυνοῦντες
3280 4366 3417 4418 καὶ
3498 4369 3565 4421 λε

678 4455 765 4500 est
786 4445 925 4501 Deus
946 4460 1188 4510 manens,
1219 4454 1270 4500 et
1296 4447 1478 4500 vivens
1501 4446 1551 4499 in
1581 4444 1943 4515 generationes
1985 4457 2204 4512 genera-

2035 4457 2204 4497 :nera-
2305 4450 2420 4519 Θεῷ
2471 4448 2563 4501 τοῦ
2596 4447 2821 4517 Δανιήλ’
2858 4449 3022 4512 αὐτὸς
3047 4452 3179 4521 γάρ
3232 4454 3395 4506 ἐστι
3438 4457 3565 4509 Gai

678 4536 881 4589 tionum
917 4550 1087 4603 usque
1108 4537 1162 4589 in
1185 4544 1463 4591 aeternum.

2306 4538 2411 4601 ζῶν
2432 4538 2510 4599 εἰς
2537 4534 2724 4603 γενεὰς
2754 4534 2955 4601 γενεῶν
2977 4536 3086 4599 ’ἐως
3132 4539 3259 4590 τοῦ
3291 4541 3565 4605 αἰῶνος

743 4622 833 4674 27.
874 4623 981 4691 Ego
1029 4624 1220 4680 Darius
1268 4640 1361 4679 ero
1412 4625 1638 4679 adorans
1687 4639 1831 4689 eum,
1878 4633 1931 4677 et
1968 4622 2204 4676 serviens

2035 4622 2204 4676 rviens
2371 4627 2460 4679 27.
2504 4622 2642 4691 Ἐγὼ
2684 4625 2904 4692 Δαρεῖος
2947 4623 3166 4693 ἔσομαι
3224 4629 3437 4700 αὐτῷ
3527 4653 3565 4685 τι

679 4711 888 4765 cunctis
932 4711 1120 4766 diebus
1166 4714 1319 4768 meis.
1364 4712 1505 4766 ldola
1557 4714 1699 4765 enim
1758 4712 2061 4767 manufacta
2097 4727 2202 4765 non

2015 4722 2061 4764 la
2097 4727 2202 4765 non
2304 4714 2561 4768 δουλεύων
2580 4714 2754 4774 πάσας
2780 4712 2878 4774 τὰς
2906 4713 3137 4784 ἡμέρας
3177 4731 3320 4785 μου
3352 4735 3372 4747 ’
3431 4722 3545 4775 τὰ

681 4809 905 4868 possunt
941 4814 1173 4864 servare,
1230 4802 1369 4855 sicut
1409 4802 1647 4855 liberavit
1687 4802 1824 4855 Deus
1854 4800 2084 4853 Danielis
2108 4798 2206 4851 Da-

2040 4800 2084 4852 is
2108 4798 2206 4851 Da-
2306 4804 2649 4873 χειροποίητα
2694 4803 2753 4854 οὐ
2787 4801 3042 4856 δύνανται
3097 4805 3376 4873 σῶσαι,
3450 4812 3565 4876 ὡς

681 4890 894 4944 nielem.

2307 4892 2435 4952 Θεὸς
2457 4889 2547 4942 τοῦ
2574 4889 2788 4960 Δανιὴλ,
2816 4889 2907 4943 τὸν
2938 4893 3188 4962 Δανιὴλ.

745 4980 813 5033 28
843 4981 906 5033 Et
938 4995 1031 5035 rex
1070 4980 1259 5034 Darius
1292 4981 1565 5050 appositus
1595 4990 1676 5035 est
1706 4983 1770 5035 ad
1804 4995 1968 5050 genus
2023 4994 2200 5039 suum,

2035 4994 2200 5039 suum,
2374 4980 2463 5032 28.
2499 4978 2609 5031 Καὶ
2635 4982 2664 5031 6
2693 4980 2942 5049 βασιλεὺς
2987 4986 3268 5054 Δαρεῖος
3346 5004 3565 5057 προσ

682 5073 737 5115 et
784 5066 963 5122 Daniel
1016 5072 1337 5124 constitutus
1384 5082 1464 5125 est
1512 5085 1671 5139 super
1695 5086 1913 5140 regnum
1952 5068 2112 5123 Darii.
2140 5067 2206 5121 Et

2031 5068 2112 5123 rii.
2140 5067 2206 5121 Et
2306 5068 2459 5135 γένος
2488 5067 2648 5119 αὑτοῦ
2673 5071 2861 5135 -ι-,καὶ
2880 5073 3089 5143 Δανιὴλ
3117 5088 3209 5129 -ῑ-
3243 5093 3442 5129 κατε
3456 5096 3561 5131 στ

685 5150 851 5235 Cyrus
871 5153 1030 5208 Persa
1058 5158 1287 5227 suscepit
1308 5174 1525 5227 regnum
1556 5159 1689 5227 ejus.

2310 5157 2507 5217 σιλείας
2528 5157 2754 5224 Δαρείου
2772 5159 2829 5227 /.
2868 5162 2963 5214 καὶ
2983 5162 3203 5234 Κύρος
3237 5164 3278 5216 ὁ
3304 5166 3563 5237 Πέρση

1804 5268 1807 5269 ν
2307 5244 2573 5315 βασιλείαν
2599 5246 2787 5308 αὐτοῦ.

1256 5371 1476 5425 CAPUT
1518 5371 1622 5424 VII.

2910 5386 3176 5444 ΚΕΦΑΛ
3187 5432 3202 5444 .
3268 5395 3376 5446 Z'.

765 5462 1239 5569 1-.An'mnprinm
1291 5480 1580 5547 imperante
1625 5482 1860 5534 Baltasar
1902 5475 2205 5546 regionibus

2008 5475 2205 5569 .onibus
2380 5489 2429 5537 1.
2458 5487 2652 5549 Ἐτους
2687 5494 2909 5562 πρώτου
2941 5498 3436 5569 βασιλεύοντος
3510 5502 3538 5552 1

698 5546 997 5628 Βδδϊιίῖξιίεν
1028 5554 1201 5613 Daniel
1249 5546 1502 5623 visionem
1559 5570 1690 5625 vidit
1745 5584 1904 5638 supra
1962 5574 2118 5634 caput
2150 5565 2202 5616 in

1998 5574 2118 5634 aput
2150 5565 2202 5616 in
2311 5546 2680 5644 Βαϐυλωνίας,
3216 5546 3432 5647 νεὲὲὲν
