3874 6356
207 361 315 418 m5

1403 355 1651 413 DANIEL
1687 356 1908 412 CAPUT
1942 357 2074 412 VIII.

3228 360 3367 419 28H

259 472 305 526 5.
339 462 631 532 Ἀναϐλέψας
656 449 824 513 εἶδον
870 469 1046 537 κριὸν
1072 469 1164 522 ἕνα
1197 464 1365 539 μέγαν
1391 472 1596 526 ἑστῶτα
1641 475 1744 527 ἀπ-

1916 474 1969 528 3.
2011 471 2322 540 Suspiciens
2351 472 2455 525 vidi
2484 471 2703 526 arietem
2732 485 2895 524 unum
2933 484 3180 539 magnum
3214 482 3363 527 stan—

211 564 354 614 ἔναντι
373 561 471 629 τῆς
492 553 644 619 πύλης
657 564 673 579 ⁶
701 551 821 603 καὶ
839 550 980 633 εἶχε
1005 560 1226 629 κέρατα,
1245 563 1310 629 Χ
1335 562 1426 614 καὶ
1447 562 1515 615 τά
1541 562 1743 634 κέρατα

208 653 264 716 χ
286 649 475 717 ὑψηλὰ,
493 644 574 698 καὶ
604 638 660 691 τὸ
703 637 765 691 ἓν
802 642 1164 718 ὑψηλότερον
1190 648 1283 701 τοῦ
1307 650 1489 719 ἐτέρου
1507 688 1522 714 ,
1554 650 1646 704 καὶ
1683 651 1744 703 τὸ
1788 642 1796 651 ’

220 736 502 805 ὑψηλότερον
528 728 789 786 ἀνέϐαινε.

270 823 317 877 ι.
344 824 489 877 Μετὰ
504 823 553 874 δὲ
572 817 734 872 ταῦτα
758 812 922 874 εἶδον
951 825 1046 878 τὸν
1067 826 1219 895 κριὸν
1240 843 1299 879 κε
1308 826 1585 895 ρατίζοντα
1612 826 1743 896 πρὸς

218 912 470 975 ἀνατολάς,
507 909 593 963 xal
639 907 777 976 πρὸς
812 909 1051 984 βορρᾶν,
1079 914 1173 966 καὶ
1214 914 1349 984 πρὸς
1388 915 1613 983 δυσμὰς,
1650 914 1743 968 καὶ

218 1002 531 1071 μεσημϐρίαν
552 1015 565 1029 ·
595 998 687 1052 καὶ
705 998 900 1052 πάντα
925 1002 997 1055 τά
1020 1001 1180 1071 θηρία
1201 1003 1302 1055 οὐκ
1327 1002 1555 1071 ἔστησαν
1573 1003 1742 1054 ὀπίσω

216 1091 376 1154 αὐτοῦ,
410 1091 499 1142 καὶ
516 1090 610 1140 οὐκ
651 1083 717 1157 ἦν
746 1089 776 1139 6
811 1089 1079 1158 ῥυόμενος
1098 1093 1160 1143 ἐκ
1185 1090 1291 1143 τῶν
1338 1091 1528 1160 χειρῶν
1557 1088 1738 1153 αὐτοῦ,

214 1181 288 1233 καὶ
314 1179 483 1232 ἐποίει
506 1179 581 1242 ῶς
608 1176 788 1248 ἡθελε,
816 1178 916 1230 καὶ
937 1179 1141 1248 ὑψώθη.

267 1356 314 1412 5.
350 1356 460 1409 Kal
502 1355 613 1423 ἐγὼ
663 1354 1005 1424 διενοούμην,
1052 1354 1144 1407 καὶ
1183 1355 1288 1407 ἰδοὺ
1333 1356 1526 1424 τράγος
1574 1355 1739 1422 αίγῶν

210 1449 384 1518 ἧρχετο
406 1444 517 1498 ἀπὸ
542 1444 766 1513 δυσμῶν
795 1444 889 1495 ἐπὶ
936 1443 1222 1512 προσώπου
1253 1445 1350 1509 τῆς
1394 1444 1521 1512 γῆς’
1559 1445 1650 1496 καὶ⁵
1673 1440 1741 1513 ἦν

208 1536 285 1587 τοῦ
312 1536 515 1605 τράγου
565 1534 734 1604 κέρας
782 1534 839 1587 ἐν
871 1538 939 1601 3K
971 1534 1237 1604 θεωρητὸν
1257 1535 1313 1602 /.
1343 1534 1607 1605 ἀναμέσον
1635 1535 1739 1588 τῶν

206 1622 484 1691 ὀφθαλμῶν
513 1621 698 1675 αὐτῶν
729 1623 787 1689 /.

257 1710 309 1763 8.
334 1711 444 1763 Kal
478 1706 646 1780 ἢλθεν
666 1712 760 1762 ἐπὶ
786 1710 881 1763 τὸν
907 1709 1057 1778 κριὸν
1084 1710 1173 1762 τὸν
1198 1712 1263 1764 τά
1298 1711 1499 1780 κέρατα
1531 1711 1733 1779 ἔχοντα,

1843 569 1945 612 tem
1984 576 2013 614 e
2047 561 2260 629 regione
2292 569 2475 628 portae,
2510 570 2562 614 et
2588 560 2813 613 habebat
2844 573 3067 625 cornua,
3088 568 3142 611 et
3165 573 3364 614 cornua

1842 652 2049 704 excelsa
2079 689 2095 714 ,
2142 659 2196 703 et
2220 664 2381 703 unum
2434 651 2696 704 excelsius
2744 650 2949 712 altero,
3004 660 3057 703 et
3106 650 3369 705 excelsius

1844 740 2184 793 ascendebat.

1911 830 1963 882 4.
2004 828 2130 883 Post
2162 838 2338 882 autem
2370 830 2485 882 haec
2540 827 2648 881 vidi
2686 828 2904 880 arietem
2956 826 3209 881 cornibus
3237 841 3367 882 ven-

1840 915 2080 970 tilautem
2113 919 2177 971 ad
2208 918 2486 980 orientem,
2516 924 2569 971 et
2602 916 2666 970 ad
2694 917 2996 985 aquilonem
3018 955 3032 981 ,
3057 926 3110 969 et
3130 915 3193 969 ad
3219 915 3365 970 oeci-

1837 1004 2068 1069 dentem,
2098 1015 2150 1059 et
2173 1006 2238 1059 ad
2272 1006 2544 1060 meridiem
2581 1023 2595 1059 :
2646 1015 2699 1059 et
2761 1015 2968 1059 cunctae
3032 1005 3215 1058 bestia:
3257 1019 3363 1059 nou

1838 1100 2100 1145 steterunt
2140 1103 2259 1161 post
2293 1109 2447 1167 eum,
2475 1102 2527 1146 et
2570 1107 2675 1146 non
2723 1101 2837 1146 erat
2874 1078 2964 1161 qui
3003 1092 3251 1145 liberaret
3297 1092 3368 1145 de

1838 1181 2083 1234 manibus
2115 1182 2251 1249 ejus,
2285 1191 2337 1236 et
2362 1180 2609 1247 faciebat,
2646 1180 2786 1235 sicut
2814 1181 3042 1245 volebat,
3092 1189 3143 1234 et
3171 1179 3366 1235 exaltao

1840 1278 1927 1322 ωε
1965 1278 2066 1321 εει.

2000 1356 2064 1411 Ει
2092 1372 2192 1425 ego
2241 1358 2725 1412 animadvertebam
2754 1376 2769 1411 :
2796 1362 2848 1412 et
2895 1373 3019 1413 ecce
3070 1358 3248 1412 hircus
3277 1374 3369 1413 ca-

1839 1461 2051 1512 prarum
2086 1448 2327 1501 veniebat
2350 1447 2416 1500 ab
2437 1447 2710 1501 occidente
2752 1461 2912 1515 super
2945 1446 3131 1500 faciem
3176 1455 3366 1510 terrae;

1837 1542 1888 1585 et
1918 1543 2031 1587 erat
2058 1536 2187 1589 hirci
2221 1550 2388 1589 cornu
2418 1551 2580 1589 unum
2635 1535 2919 1603 spectabile
2949 1536 3002 1588 in
3042 1534 3215 1588 medio
3237 1549 3367 1588 ocu-

1838 1624 2011 1676 lorum
2038 1639 2283 1677 suorum.
2551 1696 2555 1699 _

1905 1714 1956 1766 6.
1990 1713 2051 1767 Et
2079 1714 2221 1767 venit
2244 1714 2307 1766 ad
2336 1714 2577 1776 arietem,
2599 1713 2688 1781 qui
2716 1728 2916 1766 cornua
2945 1712 3189 1777 habebat,
3209 1728 3369 1782 quem

206 1802 256 1851 ὂν
278 1797 413 1853 εἶδον
437 1799 652 1853 ἑστῶτα
684 1800 821 1869 πρὸς
849 1802 915 1870 τῇ
947 1799 1107 1869 πύλῃ,
1140 1801 1232 1852 καὶ
1265 1800 1460 1870 ἔδραμε
1483 1800 1615 1872 πρὸς
1641 1800 1736 1853 αὑ-

1873 1801 2072 1853 ideram
2108 1810 2339 1853 stantem
2366 1801 2517 1867 juxta
2547 1809 2803 1869 portam,,
2834 1810 2885 1854 et
2919 1802 3158 1855 cucurrit
3186 1811 3367 1856 contra

203 1888 280 1939 τδν
300 1890 357 1941 ὲν
384 1888 539 1957 θυμῷ
560 1888 771 1958 ’.ὀργῆς.

264 1976 314 2030 7.
342 1977 451 2030 Kal
477 1972 616 2030 εἶδον
642 1977 806 2029 αὑτὸν
834 1975 1168 2045 προσάγοντα
1187 1975 1320 2044 πρὸς
1342 1975 1429 2028 τὸν
1457 1975 1625 2045 κριὸν,
1647 1975 1739 2026 καὶ

205 2066 439 2135 ἐθυμώθη
478 2066 567 2119 ἐπ’
600 2066 789 2126 αὐτὸν,
830 2065 922 2117 καὶ
953 2062 1185 2127 ἐπάταξε
1213 2067 1277 2130 )t(
1313 2064 1401 2115 τὸν
1436 2063 1604 2132 κριὸν,
1647 2062 1739 2114 xal

208 2155 470 2224 συνέτριψε
498 2154 566 2207 τά
584 2150 680 2206 δύο
706 2154 909 2224 κέρατα
935 2151 1118 2215 αὐτοῦ,
1154 2153 1247 2205 καὶ
1272 2152 1368 2204 οὐκ
1392 2151 1469 2204 ἔτι
1497 2148 1563 2221 ἦν
1591 2152 1739 2219 ἰσχὺς

207 2247 255 2297 ὲν
271 2244 342 2313 τῷ
368 2242 507 2313 κριῷ
539 2244 734 2311 στῆναι
764 2242 1048 2295 κατέναντι
1074 2240 1166 2293 τοῦ
1193 2241 1391 2310 τράγου
1409 2282 1425 2307 ,
1458 2243 1547 2294 zeal
1573 2241 1738 2294 ἐσπά-

212 2335 349 2405 ραξεν
374 2334 532 2387 αὐτὸν
559 2335 653 2386 ἐπὶ
678 2334 781 2402 τὴν
810 2332 937 2400 γῆν,
983 2332 1075 2384 καὶ
1102 2330 1409 2399 συνέτριψεν
1437 2330 1612 2393 αὑτὸν,
1649 2331 1739 2381 καὶ

206 2427 290 2477 οὐκ
314 2420 379 2494 ἦν
408 2425 439 2476 6
468 2423 733 2493 ῥυόμενος
758 2421 849 2473 τδν
874 2421 1024 2491 κριὸν
1046 2420 1153 2473 ἀπὸ
1181 2419 1273 2471 τοῦ
1310 2419 1529 2488 τράγου.

264 2513 311 2569 8.
348 2514 457 2565 Kal
491 2515 520 2566 6
540 2512 747 2580 τράγος
774 2510 881 2562 τῶν
906 2510 1074 2578 αἰγῶν
1092 2509 1379 2577 κατίσχυσε
1405 2507 1624 2576 σφόδρα,
1647 2508 1739 2559 καὶ

208 2603 280 2654 ὅτε
311 2603 623 2673 κατίσχυσε,
680 2599 971 2670 συνετρίϐη
1010 2598 1170 2652 αὐτοῦ
1200 2598 1260 2650 τὸ
1288 2598 1454 2667 κέρας
1484 2597 1543 2649 τὸ
1576 2598 1736 2664 μέγα,

212 2692 288 2744 καὶ
310 2692 470 2761 ἀνέϐη
508 2692 675 2761 ἕτερα
697 2690 949 2761 ⁸τέσσαρα.
993 2688 1195 2757 κέρατα
1223 2684 1544 2738 κατόπισθεν
1580 2683 1738 2737 αὐτοῦ

213 2784 277 2842 εἰς
298 2781 416 2842 τοὺς
440 2780 714 2845 τέσσαρας
742 2778 977 2846 ἀνέμους
998 2776 1089 2828 τοῦ
1113 2774 1361 2847 οὐρανοῦ.

268 2869 316 2921 9.
343 2868 450 2923 Kal
480 2868 540 2931 ἑξ
579 2868 700 2929 ἐνὸς
744 2864 923 2919 αὐτῶν
972 2863 1177 2932 ἀνεφύη
1206 2863 1368 2933 κέρας
1404 2862 1616 2931 ἰσχυρὸν
1661 2862 1738 2921 ἓν.

216 2954 293 3007 καὶ
322 2954 634 3024 κατίσχυσε,
662 2955 761 3007 καὶ
805 2951 1072 3014 ἐπάταξεν
1108 2951 1200 3003 ἐπὶ
1248 2950 1604 3020 μεσημϐρίαν,
1652 2951 1741 3002 ἐπὶ

212 3043 365 3109 νότον,
404 3046 499 3097 καὶ
517 3045 603 3097 ἐπ’
630 3042 917 3104 ἀνατολάς.
954 3042 1048 3093 καὶ
1082 3040 1172 3092 ἐπὶ
1206 3040 1424 3109 βορρᾶν.

1832 1906 1955 1945 eum
1997 1891 2047 1943 in
2080 1889 2258 1944 furore
2295 1890 2405 1944 irae.

1908 1979 1955 2031 7.
2000 1978 2063 2032 Et
2096 1979 2202 2031 vidi
2232 1994 2353 2031 eum
2384 1978 2721 2033 accedentem
2753 1979 2816 2032 ad
2859 1978 3101 2041 arietem,
3148 1988 3202 2032 et
3228 1978 3368 2033 indi-

1837 2076 2031 2134 gnatus
2057 2077 2135 2121 est
2156 2077 2339 2120 contra
2366 2083 2508 2129 eum.
2544 2074 2597 2121 et
2622 2068 2885 2138 percussit
2912 2068 3153 2130 arietem,
3175 2076 3371 2123 etcono

1839 2156 1981 2208 trivit
2008 2156 2113 2208 duo
2142 2169 2341 2208 cornua
2364 2154 2478 2223 ejus
2506 2192 2521 2216 ,
2560 2164 2613 2209 et
2655 2170 2761 2208 non
2809 2155 3038 2223 amplius
3074 2165 3188 2209 erat
3218 2153 3371 2208 forti-

1842 2243 1970 2294 tudo
2010 2244 2066 2295 in
2100 2242 2265 2295 ariete
2301 2243 2474 2296 standi
2500 2258 2679 2297 coram
2732 2242 2924 2296 hirco:
2985 2250 3037 2296 et
3095 2243 3371 2297 dilaniavit

1835 2343 1954 2380 eum
1993 2342 2154 2395 super
2180 2335 2397 2392 terram,
2428 2335 2480 2380 et
2512 2328 2762 2380 contrivit
2809 2342 2965 2389 eum,
3004 2336 3059 2382 et
3112 2343 3217 2382 non
3256 2338 3371 2382 erat

1836 2416 1925 2484 qui
1966 2417 2211 2469 liberaret
2239 2416 2457 2469 arietem
2484 2417 2552 2468 ab
2581 2415 2749 2468 hirco.

1904 2503 1954 2557 8.
1997 2502 2059 2556 Et
2095 2504 2276 2556 hircus
2309 2517 2592 2571 caprarum
2627 2501 2903 2570 prazvaluit
2932 2501 3103 2565 valde,
3133 2512 3185 2556 et
3222 2511 3372 2571 post-

1836 2605 1998 2659 quam
2030 2590 2311 2644 roboratus
2340 2590 2461 2652 fuit,
2481 2592 2767 2643 contritum
2797 2598 2878 2642 est
2914 2588 3029 2657 ejus
3054 2604 3216 2642 cornu
3252 2605 3369 2643 ma-

1840 2693 2025 2748 guum,
2064 2687 2118 2732 et
2166 2672 2520 2731 ascenderunt
2575 2678 2680 2730 alia
2737 2692 2938 2731 cornua
2996 2684 3226 2745 quatuor
3254 2688 3373 2747 post

1838 2770 1966 2823 illud
1995 2769 2047 2821 in
2082 2777 2312 2836 quatuor
2341 2777 2526 2821 ventos
2559 2767 2700 2821 cmli.

1906 2856 1957 2909 9.
2000 2853 2063 2908 Et
2102 2858 2164 2908 de
2199 2869 2303 2908 uno
2348 2856 2559 2909 illorum
2602 2865 2845 2908 renatum
2902 2864 2982 2909 est
3024 2871 3190 2909 cornu
3234 2854 3374 2909 forte

1838 2958 2025 3007 unum,
2056 2952 2109 2997 et
2131 2943 2424 3011 praevaluit,
2472 2951 2525 2996 et
2553 2945 2818 3011 percussit
2859 2945 2925 2998 ad
2961 2945 3231 2999 meridiem
3253 2986 3269 3008 ,
3304 2945 3368 3001 ad

1839 3038 2103 3092 austrum,
2139 3031 2202 3083 ad
2242 3032 2524 3092 orientem,
2556 3039 2607 3083 et
2642 3031 2706 3083 ad
2730 3032 3056 3099 aquilonem.

274 3101 363 3183 to.
381 3130 490 3183 Kal
524 3129 715 3199 ὑψώθη
752 3101 1003 3191 εωξέεω
1051 3101 1426 3196 ἀστέρωνΐτοῡ
1480 3125 1735 3193 οὐρανοῦ*

1910 3119 1995 3171 10.
2036 3117 2100 3170 Et
2122 3120 2386 3172 elevatum
2413 3129 2494 3173 est
2523 3134 2692 3187 usque
2716 3121 2780 3173 ad
2807 3119 2990 3173 stellas
3021 3120 3160 3184 caeli,
3194 3129 3245 3173 et
3280 3120 3373 3172 dc-

217 3219 296 3271 xa‘t
314 3219 551 3290 ἐρράχθη
575 3219 668 3270 ἐπὶ
695 3220 797 3288 τὴν
832 3216 937 3287 γῆν
963 3216 1070 3270 ἀπὸ
1099 3214 1207 3268 τῶν
1239 3215 1498 3283 ἀστέρων,
1525 3215 1614 3267 καὶ
1636 3215 1741 3267 ἀπὸ

216 3309 371 3363 αὐτῶν
392 3308 769 3378 κατεπατήθη.

276 3397 353 3453 ll.
390 3398 534 3459 Ἕως
572 3398 602 3449 6
634 3395 1070 3464 ἀρχιστράτηγος
1097 3392 1313 3461 ῥύσεται
1350 3390 1446 3460 τὴν
1474 3392 1741 3460 αἰχμαλω-

219 3483 350 3539 σίανο
371 3485 464 3537 καὶ
500 3484 567 3536 δι’
590 3484 755 3534 αὐτὸν
788 3483 852 3533 τὰ
874 3480 973 3550 ὄρη
1009 3480 1079 3531 τὰ
1104 3479 1198 3533 ἀπ’
1242 3478 1431 3540 αἰῶνος
1474 3478 1738 3548 ὲρῥὸιχθη⁸

218 3573 298 3624 καὶ
326 3573 521 3642 ὲξῄρθη
542 3575 570 3628 6
596 3572 764 3632 τόπος
801 3571 975 3623 αὐτῶν
995 3607 1009 3631 ,
1060 3568 1151 3620 καὶ
1199 3567 1388 3620 θυσίαο
1413 3565 1522 3620 ’καὶ
1551 3567 1744 3636 ἔθηκεν

217 3660 363 3729 αὐτὴν
391 3661 493 3723 ἓως
523 3660 697 3729 χαμαὶ
731 3660 824 3710 ἐπὶ
845 3659 942 3727 τὴν
974 3658 1095 3726 γῆν,
1130 3657 1220 3709 καὶ
1251 3654 1620 3725 εὐωδώθησαν,
1652 3656 1745 3709 καὶ

218 3750 423 3821 ἐγενήθη
444 3768 455 3779 ·
487 3751 585 3803 καὶ
605 3751 666 3802 τὸ
696 3748 851 3815 ἅγιον
879 3746 1305 3819 ἐρημωθήσεται.

278 3930 356 3985 12.
391 3930 499 3983 Kal
520 3926 857 3996 ἐγενήθησαν
882 3924 973 3977 ἐπὶ
994 3924 1057 3993 τῇ
1089 3921 1245 3995 θυσίᾳ
1274 3924 1328 3973 αἱ
1350 3922 1631 3992 ἁμαρτίαι,
1656 3924 1745 3975 καὶ

218 4018 395 4087 ὲρρίφη
428 4016 601 4084 χαμαὶ
631 4016 665 4082 η
694 4010 1007 4079 δικαιοσύνη
1030 4027 1043 4040 ·
1079 4011 1173 4062 καὶ
1211 4009 1428 4079 ἐποίησε
1450 4052 1464 4075 ,
1504 4011 1596 4062 καὶ
1656 4013 1744 4063 εὑ-

216 4112 408 4181 ωδώθη.

280 4201 360 4255 I3.
392 4202 500 4256 Kal
529 4203 725 4270 ἢκουον
750 4196 937 4266 ἐτέρου
960 4195 1112 4262 ἁγίου
1135 4192 1446 4255 λαλοῦντος*
1478 4195 1568 4245 καὶ
1597 4189 1746 4245 εἶπεν

217 4287 423 4359 ὁὲτερος
445 4290 653 4358 ἆγιοςί.
675 4288 754 4357 τῷ
775 4287 1040 4355 Φελμουνὶ
1065 4282 1141 4351 τῷ
1159 4281 1419 4334 λαλοῦντι·
1445 4283 1584 4344 Ἕως
1607 4282 1748 4346 τίνος

1840 3209 1997 3260 traxit
2029 3222 2187 3277 super
2215 3216 2411 3263 terram
2449 3223 2478 3262 e
2512 3209 2701 3274 stellis,
2727 3217 2886 3278 atque
2906 3210 2970 3263 de
2994 3209 3070 3263 eis
3092 3211 3372 3263 conculca-

1839 3296 1933 3350 vit.

1909 3382 1993 3435 11.
2034 3381 2212 3435 Donec
2259 3385 2506 3452 princeps
2551 3384 2753 3438 militiae
2808 3386 3056 3439 liberabit
3092 3386 3374 3455 captivitar

1840 3480 1965 3531 tem,
2014 3480 2067 3523 et
2110 3487 2202 3538 per
2240 3474 2413 3539 ipsum
2451 3482 2697 3536 montes,
2753 3475 2844 3543 qui
2907 3490 2935 3527 a
2975 3477 3169 3529 saeculo
3227 3487 3372 3538 sunt,

1839 3560 2038 3613 cﬂ‘racti
2074 3568 2199 3613 sunt
2230 3582 2241 3614 :
2269 3569 2321 3614 et
2346 3561 2556 3613 ablatus
2585 3572 2664 3614 est
2689 3563 2841 3616 locus
2884 3577 3094 3625 eorum,
3128 3572 3179 3616 et
3210 3564 3377 3616 sacri—

1843 3653 2063 3706 licium:
2102 3661 2156 3705 et
2204 3654 2383 3722 posuit
2444 3652 2573 3705 illud
2613 3668 2783 3720 usque
2830 3654 2896 3706 ad
2950 3654 3171 3705 humum
3216 3667 3377 3720 super

1843 3751 2058 3805 terram,
2091 3750 2144 3795 et
2173 3756 2429 3811 prospere
2482 3751 2797 3806 evenerunt,
2847 3751 2903 3795 et
2956 3739 3092 3794 facta
3142 3750 3287 3804 sunt,
3324 3750 3378 3795 et

1843 3832 2202 3885 sanctuarium
2228 3830 2571 3884 desolabitur.

1914 3922 1999 3975 1‘2.
2043 3921 2108 3974 Et
2134 3920 2351 3974 fuerunt
2375 3921 2427 3973 in
2455 3920 2718 3975 sacriﬁcio
2741 3930 2988 3992 peccata,
3041 3930 3094 3974 et
3144 3919 3379 3990 projects

1843 4022 1923 4063 εει
1950 4010 2002 4062 iu
2032 4018 2170 4063 terra
2193 4009 2421 4078 justitia,
2451 4019 2505 4064 et
2528 4010 2670 4075 fecit,
2702 4022 2754 4066 et
2781 4025 3032 4080 prespere
3057 4012 3237 4065 cessit.

1916 4190 2001 4243 I5.
2041 4189 2106 4242 Et
2126 4189 2300 4243 audivi
2331 4190 2496 4245 alium
2529 4201 2773 4246 sanctum
2799 4193 3099 4262 loquentem
3127 4210 3141 4245 2
3165 4204 3219 4248 et
3250 4194 3382 4251 dixit

1847 4279 1983 4331 alius
2035 4288 2250 4333 sanctus
2287 4280 2567 4335 Phelmuui
2608 4282 2845 4351 loquenti
2884 4302 2897 4336 :
2937 4281 3224 4354 Usquequo
3248 4286 3383 4339 visio

220 4378 272 4428 τὸ
301 4380 475 4449 ὅραμα
514 4382 794 4449 στήσεται,
829 4377 923 4428 καὶ
953 4376 987 4443 η
1020 4373 1180 4425 θυσία
1224 4374 1256 4440 ἠ
1307 4372 1549 4440 ἀρθεῖσα,
1598 4374 1744 4442 καὶὴ

1865 4368 2031 4431 stabit,
2059 4377 2113 4420 et
2142 4368 2488 4433 sacriﬁcium,
2521 4372 2661 4438 quod
2694 4372 2927 4425 ablatum
2956 4382 3073 4439 est,
3114 4386 3167 4428 et
3200 4389 3384 4443 pecca-

222 4470 444 4539 ἀμαρτία
462 4470 793 4542 ἐρημώσεως
820 4470 854 4537 ἡ
883 4465 1115 4530 δοθεῖσα,
1142 4465 1234 4519 καὶ
1271 4464 1339 4515 τὸ.
1369 4464 1498 4530 ἀγια
1534 4464 1747 4532 ἐρημω-

220 4557 423 4628 θήσεται
448 4563 524 4623 ei:
556 4559 961 4627 καταπάτημα;

280 4648 361 4702 ﬂ.
388 4651 492 4702 Kal
506 4645 660 4702 εἶπεν
680 4645 850 4715 αὐτῷ’
876 4646 1016 4706 Ἕως
1034 4642 1288 4712 ἑσπέρας,
1314 4640 1405 4696 καὶ
1426 4639 1588 4711 πρωῒ,
1619 4641 1750 4709 ἡμέ-

224 4753 301 4802 ραι
337 4738 583 4807 δισχίλιαι
637 4734 988 4805 τριακόσιαι,
1046 4733 1139 4784 καὶ
1196 4731 1649 4802 καθαρισθήσεται
1691 4732 1750 4783 τὸ

220 4840 376 4892 αγιον.

279 4910 360 4965 f5.
385 4915 489 4967 Kal
523 4914 745 4982 ἐγένετο
770 4912 829 4962 ὲν
855 4907 935 4976 τῷ
963 4906 1184 4976 θεωρεῖν
1225 4923 1291 4975 με
1324 4905 1433 4972 ἐγὼ
1472 4905 1665 4973 Δανιὴλ
1692 4906 1751 4957 τὸ

218 4997 405 5069 ὅραμα,
427 5002 651 5072 ἐζήτουν
685 4995 1058 5064 διανοηθῆναι,
1086 4997 1176 5047 καὶ
1208 4995 1315 5049 ἰδοὺ
1346 4994 1472 5061 ἔστη
1498 5008 1747 5043 κατεναν-

172 5082 175 5083 ⁷
220 5085 317 5139 τίον
337 5105 455 5156 μου,
482 5091 557 5151 ὼς
590 5089 789 5157 ὅρασις
820 5081 1127 5151 ἀνθρώπου.

284 5176 362 5228 l6.
392 5178 494 5229 Kal
528 5178 745 5245 ἥκουσα
796 5168 982 5237 φωνὴν
1030 5169 1306 5239 ἀνθρώπου
1349 5169 1622 5237 ἀναμέσον
1658 5169 1750 5220 τοῦ

221 5263 397 5315 Οὐλαῖο
428 5266 512 5318 καὶ
548 5263 811 5320 ἐκάλεσε,
841 5258 935 5309 καὶ
964 5251 1109 5309 εἶπεν
1131 5272 1146 5289 ·
1194 5258 1447 5330 Γαϐριὴλ,
1488 5256 1753 5310 συνέτισον

222 5350 403 5405 ἰκεῖνον
430 5356 522 5425 τὴν
554 5356 760 5422 ὅρασιν
794 5359 858 5399 -ι-
889 5345 983 5397 καὶ
1002 5345 1299 5416 ἀναϐοήσας
1321 5342 1476 5397 εἶπεν
1503 5346 1530 5395 6
1549 5343 1751 5412 ἀνθρω-

221 5454 305 5501 πος
330 5455 385 5494 -ι-
415 5445 499 5496 ἐπὶ
526 5443 591 5494 τὸ
615 5437 954 5508 πρόσταγμα
975 5434 1140 5486 ἐκεῖνο
1164 5438 1196 5504 ὴ
1221 5438 1411 5508 ὅρασις
1430 5433 1485 5501 /.

277 5528 357 5581 Π.
382 5530 476 5585 Καὶ
502 5526 671 5598 ἦλθε,
701 5523 802 5577 καὶ
826 5522 954 5588 ἔστη
980 5521 1225 5601 ὲχόμενός
1245 5542 1343 5594 μου
1370 5522 1472 5589 τῆς
1493 5521 1748 5586 στάσεως,

222 5613 298 5666 καὶ
317 5615 370 5668 ἐν
390 5616 461 5684 τῷ
490 5610 764 5683 ἔρχεσθαι
792 5607 953 5658 αὑτὸν
976 5605 1315 5682 ἐθορυϐήθην,
1344 5611 1440 5664 καὶ
1474 5608 1632 5665 ἔπεσα
1655 5612 1751 5665 ἐπὶ

501 5704 792 5761 ΡΑτιιοι..
843 5691 957 5749 Gn.
1005 5693 1160 5757 XVI.

1850 4465 1959 4507 tum
1991 4457 2356 4519 desolationis,
2387 4460 2530 4526 quod
2558 4460 2739 4512 datum
2773 4469 2875 4523 est,
2924 4470 2977 4514 et
3002 4473 3185 4518 sancta
3227 4465 3384 4519 dese.

1848 4547 2098 4598 labuntur
2131 4548 2182 4599 in
2226 4548 2723 4603 conculcationem?

1918 4636 2002 4689 14.
2044 4634 2107 4689 Et
2151 4636 2282 4689 dixit
2318 4638 2363 4690 ei
2419 4654 2433 4691 :
2481 4636 2658 4706 Usque
2700 4639 2766 4692 ad
2799 4653 3096 4707 vesperam,
3124 4651 3177 4695 et
3207 4656 3383 4706 tuane,

1849 4729 1963 4782 dies
1985 4729 2093 4781 duo
2126 4728 2292 4780 millia
2316 4729 2557 4795 tercenti,
2588 4740 2640 4784 et
2670 4730 3015 4784 mundabitur
3048 4741 3313 4787 sanctum.

1923 4907 2006 4962 I5.
2048 4905 2266 4959 Factum
2304 4917 2385 4961 est.
2415 4918 2616 4971 autem,
2650 4922 2773 4961 cum
2809 4906 3041 4959 viderem
3074 4922 3171 4975 ego
3204 4907 3388 4963 Daniel

1852 4995 2133 5057 visionem,
2162 4997 2464 5062 quaerebam
2496 4997 2791 5065 intelligere
2829 5014 2841 5046 :
2888 5004 2942 5047 et
2967 5011 3096 5052 ecce
3121 5000 3267 5052 stetit
3295 5015 3387 5053 co»

1852 5098 1961 5135 ram
1991 5099 2075 5136 me
2099 5085 2257 5139 veluti
2282 5094 2529 5154 aspectus
2556 5086 2810 5139 hominis.

1922 5170 2007 5225 16.
2049 5171 2113 5225 Ει
2139 5173 2315 5227 audivi
2345 5189 2529 5228 vocem
2573 5176 2671 5229 viri
2711 5175 2851 5226 inter
2880 5169 3001 5225 Ulai
3032 5191 3046 5226 :
3078 5184 3131 5229 et
3162 5181 3393 5241 vocavit,

1852 5266 1904 5309 rt
1932 5260 2066 5314 dixit
2093 5261 2359 5326 :Gabriel,
2388 5262 2472 5318 Iac
2502 5264 2650 5319 illum
2684 5259 2983 5328 intelligere
3024 5263 3309 5329 visionem,
3346 5280 3399 5320 et

1854 5350 2158 5409 exclamans
2190 5355 2265 5410 ait
2289 5357 2467 5418 homo,
2494 5357 2558 5410 ad
2586 5354 2901 5409 mandatum
2933 5350 3067 5406 illud
3103 5354 3262 5409 visio.

1926 5527 2014 5581 17.
2052 5527 2117 5581 Ει
2140 5531 2301 5596 venit,
2326 5541 2380 5585 et
2406 5532 2549 5585 stetit
2577 5546 2744 5601 prope
2775 5526 3075 5583 stationem
3107 5543 3305 5582 meam.
3343 5529 3409 5585 Et

1856 5630 1979 5671 cum
2008 5618 2093 5674 ille
2144 5622 2393 5687 venisset,
2426 5624 2769 5690 perturbatus
2812 5631 2969 5678 sum,
3030 5627 3085 5671 et
3132 5618 3311 5674 corrui
3354 5619 3411 5674 iu

2985 5708 3060 5766 89
