3874 6388
683 372 818 432 28!?)

1687 360 2149 421 ιιΕῑιΑΡωιιυιι
2186 355 2352 425 (ξυιίί
2390 356 2472 412 SU
2483 353 2816 413 PERSUNT.

668 474 871 545 lfaciem
897 503 1091 554 meam,
1117 497 1171 542 et
1193 477 1323 542 dixit
1353 483 1482 537 mihi
1505 500 1518 535 :
1540 474 1930 543 Animadverte,
1952 478 2021 531 Illi
2043 477 2198 530 Inomi-

2043 477 2217 530 lnomi-
2245 484 2288 533 A
2315 471 2760 541 ﬂpéowudv‘pou,
2793 468 2891 520 καὶ
2928 462 3057 518 εἶπεν
3089 472 3183 529 μοι’
3208 448 3553 554 θιανοήθητιζνῑ

682 581 789 640 nis,
823 579 995 633 adhuc
1029 578 1170 631 enim
1198 576 1263 629 ad
1292 575 1476 626 horam
1502 570 1753 638 temporis
1780 569 1881 622 ista
1918 567 2073 620 visio.

754 669 840 721 18.
881 666 1119 733 Cumque
1147 665 1454 729 loqueretur
1486 659 1597 726 ipse
1635 670 1839 710 mecum
1861 696 1875 720 ,
1912 653 2100 709 cubavi
2125 667 2217 707 su-

2316 540 2532 630 θρώπου
2550 576 2564 590 ·
2594 559 2672 611 ἔτι
2699 558 2805 625 γάρ
2828 558 2908 618 εἰς
2932 554 3061 624 ὥραν
3083 545 3233 617 καιροῦ
3251 541 3458 630 τοῦτοτδ
3480 540 3554 609 ὅρα

2386 646 2467 699 18.
2511 645 2618 698 Καὶ
2670 643 2956 704 λαλοῦντος
3005 637 3136 692 αὑτοῦ
3170 632 3260 704 μετ’
3298 629 3430 701 ἐμοῦ,
3456 630 3554 682 ὲκοι

684 772 779 825 per
815 755 1002 809 faciem
1037 717 1223 815 itumi;
1251 760 1304 804 et
1334 765 1450 805 cum
1478 749 1735 817 tetigisset
1765 762 1848 801 me
1871 786 1886 810 ,
1938 746 2106 800 erexit
2133 760 2214 799 me

2022 746 2106 799 exit
2133 760 2220 799 me
2317 735 2409 787 ἰπὶ
2438 733 2723 804 πρόσωπον
2758 731 2954 801 χαμαὶ,
2990 728 3067 780 καὶ
3091 721 3309 794 ἁψάμενός
3341 735 3431 789 μου
3472 717 3552 785 ἦγε

684 858 846 911 super
873 843 1069 904 locum,
1100 850 1151 891 et
1178 838 1312 892 dixit
1345 837 1473 889 milii
1516 852 1530 888 :

759 930 843 983 19.
887 928 1020 981 Ecce
1080 942 1178 995 ego
1217 927 1482 979 annuntio
1538 925 1652 986 tibi,
1686 935 1806 993 qua:
1852 930 2010 977 erunt
2039 921 2092 974 in
2121 934 2218 974 no-

2317 823 2408 876 ὲπὶ
2427 822 2519 875 τοῦ
2549 822 2733 883 τόπου,
2763 820 2857 872 καὶ
2887 815 3007 870 εἶπέ
3032 830 3119 883 μοι’

2387 911 2474 966 19.
2507 910 2633 964 Ἰδοὺ
2654 908 2762 976 ἐγὼ
2785 904 3091 973 ἀπαγγέλλω
3110 918 3178 953 σοι
3203 897 3233 952 ἃ.
3255 898 3383 951 ἔσται
3426 897 3501 947 ἐπ’
3533 897 3554 947 ἐ

685 1021 907 1074 vissimo
932 1019 1026 1069 ira:
1061 1014 1184 1068 liliis
1210 1014 1388 1082 populi
1425 1013 1499 1065 tui
1531 1024 1544 1065 ε
1575 1013 1749 1065 adhuc
1787 1012 1928 1066 enim
1965 1011 2031 1065 ad
2059 1010 2215 1065 horas

2023 1011 2031 1064 l
2059 1010 2221 1065 horas
2318 1000 2417 1069 τῆς
2441 1000 2607 1071 ὀργῆς
2626 1003 2737 1060 τοῖς
2765 998 2898 1057 υίοϊς
2927 994 3018 1047 τοῦ
3034 991 3140 1046 λαοῦ
3162 1007 3238 1043 σου
3255 1006 3267 1020 ο
3288 989 3357 1041 ἔτι
3390 987 3489 1057 γὰρ
3521 988 3553 1040 εἴ

689 1105 945 1174 temporis
974 1103 1455 1158 consummationis
1483 1101 1791 1154 manebunt.

752 1192 842 1244 20.
881 1192 1055 1254 Aries,
1120 1205 1275 1258 quem
1329 1190 1505 1242 vidisti
1547 1191 1825 1244 trahentem
1874 1203 2099 1254 cornua,
2129 1202 2221 1242 rex

684 1280 955 1334 Medorum
990 1289 1042 1334 et
1069 1278 1352 1334 Persarum
1401 1291 1503 1333 est.

753 1374 842 1429 2|.
886 1372 949 1425 Et
976 1373 1158 1426 hircus
1190 1386 1509 1439 caprarum,
1562 1385 1655 1424 rex
1704 1369 2012 1424 Graecorum
2039 1379 2141 1436 est,
2171 1380 2225 1425 et

687 1477 857 1516 cornu
886 1464 1084 1533 grande
1105 1501 1119 1526 ,
1144 1463 1286 1531 quod
1307 1472 1423 1517 erat
1452 1462 1590 1516 inter
1620 1462 1805 1516 oculos
1839 1461 1976 1531 ejus,
2005 1460 2117 1532 ipse
2144 1470 2227 1516 est

687 1568 778 1606 rex
805 1555 1026 1621 primus.

756 1639 845 1693 22.
885 1640 1037 1704 Quod
1071 1647 1246 1692 autem
1276 1637 1552 1692 contracto
1607 1638 1721 1702 illo,
1760 1638 1920 1692 etiam
1970 1637 2226 1692 ascende-

689 1738 818 1783 runt
843 1738 964 1799 post
994 1728 1121 1781 illud
1152 1737 1387 1797 quatuor
1437 1742 1638 1781 cornua
1659 1767 1674 1792 ,
1721 1735 1950 1795 quatuor
1978 1742 2129 1795 reges
2161 1728 2227 1781 de

690 1828 847 1887 gente
895 1818 1014 1887 ejus
1077 1814 1419 1886 consurgent,
1482 1832 1589 1871 non
1646 1816 1797 1886 juxta
1856 1814 2223 1872 fortitudinem

691 1922 869 1962 suam.

759 1997 847 2050 23.
890 1995 955 2050 Et
1004 1996 1057 2052 in
1117 1996 1412 2051 novissimo
1468 1995 1617 2065 regni
1666 2010 1891 2060 eorum,
1947 1995 2226 2065 completis

692 2087 920 2152 peccatis
947 2086 1184 2154 ipsorum
1212 2094 1463 2153 exsurget
1486 2101 1575 2141 rex
1605 2085 1882 2153 impudens
1904 2083 2058 2150 facie,
2076 2099 2230 2138 exco-

692 2175 868 2243 gitans
890 2177 1191 2241 aenigmata.

762 2264 850 2317 24.
893 2263 955 2316 Et
978 2264 1316 2317 roborabitur
1348 2262 1601 2316 fortitudo
1626 2262 1764 2333 ejus,
1781 2263 1874 2318 sed
1890 2278 1994 2317 non
2028 2264 2081 2316 in
2116 2264 2228 2320 vir-

697 2361 809 2407 tute
839 2369 934 2407 sua
964 2368 978 2406 :
1010 2362 1064 2407 et
1091 2352 1404 2405 mirabiliter
1430 2353 1689 2415 destruet,
1726 2365 1779 2407 et
1806 2354 2225 2421 prosperabitur,

692 2454 747 2498 et
790 2442 969 2505 faciet,
1025 2451 1079 2497 et
1107 2442 1486 2496 exterminabit
1541 2442 1810 2511 principes
1879 2452 1933 2497 et
1975 2443 2228 2512 populum

694 2543 1024 2586 sanctorum.

765 2622 854 2675 25.
897 2624 960 2675 Et
980 2635 1142 2689 super
1171 2631 1385 2674 sanctos
1416 2620 1667 2689 cogitatio
1692 2620 1809 2689 ejus
1854 2638 1869 2675 :
1925 2630 1978 2675 et
2007 2636 2228 2690 prospe-

693 2709 899 2762 rabitur
930 2707 1264 2760 mendacium
1296 2709 1349 2759 in
1387 2708 1633 2761 manibus
1676 2709 1828 2776 ejus,
1883 2718 1937 2762 et
1987 2724 2081 2763 cor
2114 2709 2232 2777 ejus

696 2798 1009 2863 elevabitur,
1044 2804 1097 2850 et
1126 2796 1249 2850 dolo
1283 2796 1550 2864 disperdet
1579 2797 1775 2851 multos
1810 2814 1825 2863 ;
1858 2807 1912 2851 et.
1960 2798 2014 2852 in
2049 2798 2230 2866 perdi-

698 2887 843 2940 tione
863 2888 1102 2941 virorum
1132 2886 1314 2949 stabit,
1367 2894 1421 2940 et
1446 2886 1793 2956 congregablt
1834 2888 2145 2949 exercitum,
2178 2899 2231 2943 et

700 2975 950 3029 retribuet
963 3014 978 3030 .

764 3066 853 3118 26.
895 3064 1063 3130 Visio,
1091 3081 1209 3134 quae
1234 3074 1314 3119 est
1337 3080 1574 3136 vespere,
1603 3074 1657 3119 et
1700 3080 1877 3129 tuane,
1915 3064 2126 3119 inventa
2150 3075 2232 3119 est
2258 3094 2300 3150 ο

698 3152 752 3205 in
788 3153 1010 3206 veritate
1033 3171 1047 3209 :
1076 3156 1167 3208 sed
1195 3168 1339 3208 nunc
1371 3154 1586 3208 occlusa
1609 3163 1690 3208 est
1717 3153 1871 3217 visio,
1897 3152 2072 3208 adhuc
2090 3154 2233 3207 enim

696 3242 760 3295 ad
799 3243 914 3295 dies
939 3242 1155 3297 multos.

598 3316 604 3324 ’
762 3328 852 3382 27.
894 3329 1003 3400 Ego
1030 3329 1213 3384 Daniel
1241 3330 1495 3401 aegrotavi
1532 3330 1722 3385 diebus
1747 3330 1928 3385 multis
1964 3345 2235 3400 :cumque

695 3420 1070 3487 surrexissem,
1098 3420 1540 3475 administrabam
1588 3434 1779 3475 rursus
1809 3421 1952 3489 regia
2002 3421 2231 3490 negotia,

691 3517 747 3564 et
777 3507 1088 3564 deﬁciebant
1123 3523 1284 3579 super
1310 3509 1541 3576 visione,
1572 3517 1625 3564 et
1650 3523 1807 3564 nemo
1859 3517 1975 3564 erat
2025 3508 2116 3579 qui
2147 3509 2231 3562 in-

694 3597 975 3668 telligeret.

1278 3729 1505 3786 CAPUT
1554 3731 1645 3790 IX.

764 3840 816 3893 l.
855 3840 1011 3893 Anno
1037 3854 1208 3908 primo
1236 3840 1338 3895 sub
1362 3840 1518 3895 Dario
1540 3839 1734 3895 Xerxis
1787 3843 1898 3896 tilio
1941 3842 2008 3897 de
2041 3857 2234 3912 genere

693 3925 989 3992 nodorum,
1022 3928 1114 3997 qui
1148 3937 1439 3996 regnarunt
1466 3930 1521 3983 iu
1551 3928 1776 3996 imperio
1805 3930 2196 3986 Chaldaeorum.

764 4099 819 4151 2.
858 4101 1017 4152 Anno
1043 4100 1216 4168 primo
1243 4102 1392 4171 regni
1419 4104 1536 4171 ejus
1571 4117 1670 4172 ego
1710 4104 1893 4160 Daniel
1933 4111 2231 4180 excogitavi

695 4185 751 4238 iu
797 4185 949 4241 libris
995 4203 1279 4242 numerum
1325 4205 1611 4257 annorum,
1642 4195 1857 4262 quando
1916 4196 2116 4252 factum
2151 4209 2235 4254 est

693 4274 968 4330 decretum
1002 4284 1156 4331 terra:
1186 4278 1253 4331 ad
1276 4278 1561 4334 Jeremiam
1582 4284 1919 4357 pmphetam,
1964 4275 2023 4342 ut
2055 4290 2232 4345 susci—

2321 1090 2511 1160 καιροῦ
2533 1088 2837 1148 συντελείας
2861 1087 3024 1155 μενεῖ.

2389 1182 2478 1236 2υ.
2515 1181 2617 1233 Τὸν
2636 1180 2806 1248 κριὸν,
2827 1177 2886 1229 ὃν
2915 1172 3063 1236 εἶδες,
3086 1172 3161 1225 τὸν
3174 1171 3334 1241 ἔχοντα
3356 1168 3424 1221 τὰ
3446 1166 3554 1239 κὲρι

2323 1270 2500 1332 σιλεὺς
2524 1269 2719 1338 Μήδων
2754 1267 2847 1320 καὶ
2878 1265 3088 1336 Περσῶν
3118 1262 3233 1315 ἔστι.

2388 1361 2476 1414 21.
2503 1361 2610 1412 Καὶ
2636 1360 2666 1411 δ
2688 1358 2890 1426 τράγος
2919 1355 3025 1408 τῶν
3043 1354 3204 1422 αἰγῶν,
3228 1350 3456 1421 βασιλεὺς
3474 1348 3554 1402 τῶν

2323 1466 2428 1505 νων
2476 1449 2589 1501 ἐστί
2610 1466 2624 1480 -
2680 1448 2776 1501 καλ⁵
2804 1446 2867 1499 τὸ
2893 1446 3053 1515 κέρας
3082 1444 3134 1496 τὸ
3159 1442 3279 1512 μέγα
3308 1441 3367 1493 τὸ
3419 1441 3554 1510 ἀνάμ

2324 1535 2614 1606 ὀφθαλμῶν
2637 1533 2821 1599 αὐτοῦ,
2862 1533 3019 1595 αὐτὸς
3047 1534 3072 1584 ὁ
3103 1530 3319 1601 βασιλεὺς
3339 1532 3367 1583 ὁ
3397 1529 3554 1600 raptim

2391 1625 2481 1678 22.
2527 1626 2636 1678 Καὶ
2676 1623 2773 1676 τοῦ
2807 1622 3168 1692 συντριϐέντος,
3211 1620 3298 1673 καὶ
3347 1620 3554 1673 ἀναὸἀν

2326 1712 2488 1765 αὑτοῦ
2512 1713 2750 1781 τέσσαρα
2772 1712 2979 1781 κέρατα
3003 1726 3015 1741 ο
3041 1711 3269 1781 τέσσαρες
3292 1710 3521 1779 βασιλεῖς
3537 1727 3554 1761 1

2325 1804 2488 1857 αὑτοῦ
2519 1804 2931 1872 ἀναστήσονται,
2968 1801 3025 1854 οὺ
3053 1800 3174 1853 κατά
3200 1800 3289 1871 τὴν
3320 1800 3473 1869 ἰσχὺν
3505 1800 3554 1852 ai

2394 1984 2483 2038 25.
2517 1982 2627 2036 Καὶ
2653 1982 2739 2035 ἐπ’
2760 1979 2990 2049 ἐσχάτου
3009 1978 3096 2048 τῆς
3116 1976 3375 2048 βασιλείας
3395 1978 3554 2031 αὺτῶυ

2330 2073 2506 2144 μένων
2520 2072 2628 2127 τῶν
2662 2068 2945 2142 ἁμαρτιῶν
2970 2070 3154 2133 αὐτῶν,
3203 2070 3554 2137 ἀναστήσεται

2327 2164 2545 2233 ἀναιδὴς
2574 2161 2870 2233 προσώπῳ,
2900 2160 3251 2230 διανοούμενος
3290 2161 3554 2230 αίνίγματ

2395 2256 2484 2309 24.
2523 2255 2630 2306 Καὶ
2656 2252 3128 2323 στερεωθήσεταιή
3158 2254 3305 2323 ἰσχὺς
3346 2255 3542 2321 αὑτοῦ,

2327 2348 2392 2413 τῇ
2429 2345 2569 2413 ἰσχύϊ
2600 2342 2786 2406 αὐτοῦ,
2819 2343 2914 2395 καὶ
2943 2343 3254 2413 θαυμαστῶς
3282 2344 3485 2414 φθερεῖ
3510 2385 3527 2409 ,

2330 2436 2572 2504 θήσεται,
2594 2434 2688 2487 καὶ
2714 2435 2948 2505 ποιήσει,
2972 2436 3062 2487 καὶ
3080 2435 3259 2506 φθερεῖ
3287 2435 3554 2497 δυνάστας

2331 2526 2517 2592 ἁγίων.

2403 2615 2493 2668 25.
2525 2616 2633 2668 Καὶ
2658 2613 2751 2667 ἐπὶ
2792 2614 2921 2677 τοὺς
2952 2614 3132 2683 ἁγίους
3160 2615 3222 2669 τὸ
3251 2616 3542 2690 διανόημα

2329 2702 2717 2772 εὑοδωθήσεται
2750 2704 2813 2756 τὸ
2850 2702 3045 2771 ψεῦδος
3086 2707 3141 2757 ἐν
3160 2709 3281 2769 ταῖς
3310 2711 3554 2778 χερσὶνι

2331 2792 2524 2862 καρδία
2548 2793 2713 2845 αὐτοῦ
2737 2794 3101 2865 ὑψωθήσεται,
3132 2797 3226 2849 καὶ
3251 2798 3397 2867 δόλῳ
3423 2802 3552 2868 ἀφα

2330 2883 2426 2936 καὶ
2450 2882 2545 2934 ἐπὶ
2573 2883 2844 2949 ἀπωλείας
2864 2887 3075 2958 ἀνδρῶν
3100 2890 3368 2960 στήσεται
3386 2909 3401 2923 ·
3440 2896 3547 2948 καλ.

2331 2975 2550 3046 αγωγὴν
2582 2976 2782 3047 χειρὸς,
2814 2977 2912 3031 καὶ
2946 2979 3296 3037 ἀποδώσεται
3325 2988 3386 3025 -'-

2400 3065 2487 3117 26.
2520 3065 2593 3117 Τδ
2612 3066 2792 3137 ὅραμα
2820 3068 2881 3121 τὸ
2930 3071 3173 3142 ἑσπέρας
3224 3077 3332 3130 καὶ
3391 3083 3554 3152 πρωῒ

2333 3152 2619 3223 ἀληθείας,
2667 3157 2761 3208 καὶ
2805 3157 2903 3210 νῦν
2934 3164 3349 3235 πεφραγμένον
3377 3168 3453 3222 τὸ
3491 3172 3554 3242 ὃς

2333 3246 2409 3307 είς
2444 3244 2656 3315 ἡμέρας
2687 3246 2910 3311 πολλάς.

2401 3332 2674 3423 27.-Ὲγὼ
2715 3337 2916 3409 Δανιὴλ
2966 3340 3297 3414 ἀσθενήσας
3339 3350 3554 3423 ἡμέρα

2332 3419 2567 3484 ἀναστὰς
2612 3423 3129 3500 ἐπραγματευόμην
3170 3419 3552 3507 πάλινβασιῖ

2333 3509 2566 3582 ελυόμην
2605 3512 2699 3567 ἐπὶ
2738 3514 2816 3587 τῷ
2854 3517 3128 3589 ὁράματι,
3178 3526 3291 3579 καὶ
3325 3528 3544 3597 οὐδεὶς

2337 3613 2513 3667 μενος.

2933 3739 3222 3800 ΚΕΦΑΔ.
3274 3748 3379 3809 Θ’.

2402 3845 2454 3900 ί.
2492 3846 2685 3910 Ἐτους
2708 3848 2930 3918 πρώτου
2962 3853 3063 3907 ἐπὶ
3090 3856 3369 3927 Δαρείου
3405 3866 3536 3919 τοῦ

2330 3935 2519 4002 γενεᾶς
2551 3935 2651 4005 τῆς
2676 3938 2962 4009 Μηδικῆς,
3003 3943 3057 3995 οἳ
3096 3946 3554 4013 ἐϐασίλευσαν

2331 4024 2476 4077 λείαν
2502 4026 2609 4077 τῶν
2640 4027 2942 4086 Χαλδαίων.

2399 4116 2456 4169 2.
2482 4116 2571 4186 Τῷ
2596 4117 2799 4189 πρώτῳ
2827 4120 2938 4175 ἔτει
2974 4124 3093 4195 τῆς
3125 4127 3491 4199 βασιλείας
3525 4165 3554 4187 -ι

2330 4204 2752 4301 νιὴλμδιενοήθην
2776 4212 2834 4301 εν
2857 4214 2980 4277 ταῖς
3017 4214 3275 4284 βίϐλοις
3313 4224 3437 4277 τὸν
3474 4230 3554 4301 ὰς

2331 4295 2419 4348 ὅτε
2448 4294 2662 4363 ἐγένετο
2687 4299 3027 4371 πρόσταγμα
3045 4307 3126 4375 τῇ
3163 4311 3261 4379 γῇ
3288 4311 3419 4366 ἐπὶ
3467 4294 3554 4369 ἰι

693 4374 936 4421 tarentur
964 4368 1029 4421 ad
1061 4370 1474 4438 completionem
1498 4375 1771 4442 opprobrii
1820 4376 2113 4433 Jerusalem
2145 4396 2223 4435 se-

2023 4388 2113 4433 lem
2145 4396 2231 4435 se-
2263 4401 2307 4455 ι)
2333 4387 2509 4455 φήτην
2529 4423 2545 4450 ,
2585 4388 2792 4457 ἐγείραι
2826 4368 2919 4453 είς
2942 4368 3448 4469 ἀνατέλῆἓωσιν
3484 4368 3553 4459 δη

693 4461 969 4526 pttuginta
1000 4460 1147 4513 anni.

760 4550 809 4601 5.
848 4550 913 4603 Et
941 4549 1062 4603 dedi
1094 4549 1281 4607 faciem
1311 4570 1483 4610 meam
1511 4556 1577 4610 ad
1619 4555 1904 4613 Dominum
1940 4559 2131 4626 Deum,
2169 4570 2230 4616 ut

690 4639 989 4693 invenirem
1041 4642 1470 4709 deprecationem
1506 4683 1523 4709 ,
1582 4655 1637 4700 et
1693 4649 2118 4704 misericordiam
2177 4652 2232 4705 in

683 4727 925 4798 jejuniis,
955 4724 1009 4782 et
1032 4744 1208 4796 sacco,
1227 4738 1280 4784 et
1309 4734 1508 4787 cinere.

758 4819 811 4874 4.
855 4817 919 4872 Et
943 4830 1191 4887 precatus
1239 4836 1359 4877 sum
1420 4825 1486 4879 ad
1527 4823 1811 4878 Dominum
1858 4826 2021 4882 Deum
2049 4868 2063 4893 ,
2104 4844 2233 4884 con-

688 4904 866 4960 fessus
887 4922 1028 4974 sum,
1053 4917 1106 4962 et
1137 4908 1245 4961 dixi
1273 4927 1286 4962 :
1320 4910 1477 4981 Ecce,
1507 4914 1749 4980 Domine,
1780 4924 1834 4969 tu
1855 4931 1914 4970 es
1941 4916 2082 4973 Deus
2117 4934 2232 4975 ma-

691 5007 850 5060 gnus,
879 5006 932 5049 et
960 4996 1131 5062 fortis,
1161 5007 1213 5053 et
1242 5005 1495 5060 terribilis
1516 5045 1531 5070 ,
1574 5017 1795 5060 servans
1829 5017 2228 5073 testamentum,

692 5093 746 5132 et
777 5084 1197 5144 misericordiam
1222 5091 1573 5167 diligentibus
1609 5104 1688 5157 te,
1716 5106 1768 5150 et
1802 5099 2231 5153 custodientibus
2263 5111 2280 5124 ’

693 5169 940 5224 mandata
972 5186 1076 5231 tua.

760 5249 814 5299 5.
855 5250 1208 5331 Peccavimus,
1240 5268 1585 5347 iniquitatem
1633 5268 1874 5337 fecimus,
1931 5273 2091 5341 impie
2119 5278 2231 5341 egi-

693 5347 918 5437 ftttIS.-¢3.l
940 5352 1273 5437 recessimus,
1305 5379 1358 5423 ει
1383 5360 1716 5436 transgressi
1748 5374 1935 5413 sumus
1979 5364 2230 5418 mandata

693 5428 782 5472 tua
809 5431 861 5474 et
884 5428 1077 5491 judicia
1108 5445 1215 5497 tua.

761 5507 1045 5635 ﬁnitimi
1076 5528 1371 5611 audivimuS
1394 5559 1614 5635 pueros
1646 5549 1767 5595 tuos
1801 5541 2106 5609 prophetas,
2135 5544 2226 5612 qui

685 5588 853 5647 ιοειιιί
882 5609 1000 5655 sum
1029 5606 1079 5659 ,η
1110 5588 1371 5678 ,ωηεν-ωδ
1395 5588 1613 5635 ρυσιν-
1802 5588 1848 5609 τ·

1253 5645 1322 5694 lle
1350 5657 1440 5716 tuo
1478 5641 1559 5708 ad
1598 5646 1748 5701 r9895
1776 5642 2007 5698 IIOS'J'OS,
2038 5642 2092 5686 ει
2115 5648 2225 5688 ma-

2335 4477 2515 4546 σαλὴμ
2546 4477 2914 4549 ἐϐδομήκοντα
2943 4483 3078 4555 ἐτη.

2400 4568 2455 4620 3.
2485 4568 2591 4621 Καὶ
2624 4567 2795 4623 ἔδωκα
2832 4571 2894 4624 τὸ
2924 4575 3296 4644 πρόσωπόν
3364 4604 3518 4656 μου

2330 4654 2481 4719 θεὸν,
2510 4657 2689 4727 εὑρεῖν
2718 4664 3067 4733 προσευχὴν,
3112 4670 3250 4723 καὶ
3296 4654 3522 4743 ἔλεος

2332 4746 2537 4815 σάκκῳ,
2568 4747 2662 4798 καὶ
2687 4749 2887 4817 σποδῷ.

2400 4835 2454 4886 4.
2482 4835 2592 4926 Καὶ
2618 4839 3023 4913 προσηυξάμην
3047 4847 3239 4917 πρὸς
3285 4851 3554 4926 Κύριε

2329 4923 2670 5017 λογησάμην,
2705 4928 2801 4979 καὶ
2847 4926 3005 4985 εῐπω
3068 4934 3262 4991 Ἰδοὺ
3315 4923 3554 5017 ρι.

2334 5013 2523 5107 μέγας,
2550 5016 2643 5107 καί
2665 5017 2694 5067 6
2717 5018 2968 5107 λίσχυρδς,
3000 5025 3131 5077 καὶ
3163 5029 3208 5079 ὁ
3242 5013 3554 5107 φῆδερἱ

2332 5101 2525 5171 θήκην,
2561 5104 2741 5155 καὶτὸ
2772 5106 2923 5172 ἔλεος
2950 5116 3095 5181 τοῖς
3140 5101 3552 5184 ἀγαπῶέτε

2330 5190 2581 5243 λάσσουσι
2616 5192 2683 5245 τά
2712 5200 3169 5271 προστάγματά
3225 5226 3415 5268 σου.

2398 5279 2450 5331 5.
2499 5279 2869 5377 ⁸Ημάρτομεν,
2896 5290 3408 5368 ἠδικήσαμεν,
3453 5308 3546 5377 ἠε

2332 5369 2584 5439 ἔστημεν,
2623 5375 2717 5426 καὶ
2761 5382 3140 5454 παρέὸημεν
3206 5391 3371 5456 τὰς
3463 5369 3536 5453 ὲί

2330 5460 2572 5528 κρίματά
2594 5477 2706 5517 σου.
