3874 6356
318 323 458 385 ms

1782 353 2005 411 CAPUT
2045 355 2135 410 XI.

3403 358 3543 415 2826

339 438 573 536 (δᾶνι-παῖ⁵
598 439 992 536 οξβραχῐονες
1031 455 1295 535 βασιλέως
1324 456 1596 528 Αἰγύπτου
1641 461 1922 529 στήσονται

2055 466 2160 534 egis
2192 463 2404 536 ὤκει)ιί
2432 467 2649 520 stabunt
2675 478 2794 519 cum
2818 461 3147 533 principibus
3194 463 3327 530 suis,
3355 473 3408 520 et
3436 480 3544 519 non

353 531 483 606 ιιιςά
508 532 614 587 τῶν
641 533 940 595 δυναστῶν
974 531 1172 613 αὐτοῦ,
1200 547 1293 601 καὶ
1318 548 1417 601 οὐκ
1432 547 1579 602 ἔσται
1598 548 1741 619 αὺτῷ
1772 551 1921 619 ἰσχὺς

360 628 436 690 εἰς
455 623 514 680 τδ
535 626 867 698 ἀντιστῆναι
896 632 1079 703 αὐτῷ.

438 716 518 772 ιθ.
547 716 660 772 Kal
684 719 915 791 ποιήσει
942 722 974 774 ὁ
1004 723 1448 794 εἰσπορευόμενος
1484 725 1571 779 ἐπ’
1589 725 1746 780 αὑτὸν
1784 723 1923 779 κατά

383 806 438 860 vl
460 805 660 875 θέλημα
679 805 875 871 αὑτοῦ,
907 808 1009 862 καὶ
1039 810 1140 863 οὐκ
1164 810 1311 863 ἐσται
1348 812 1378 864 ὁ
1404 811 1743 884 ἀνθεστηκὼς
1774 816 1924 867 ἐναν-

387 897 486 950 τίον
510 896 665 949 αὐτοῦ
685 911 699 925 ο
731 895 832 948 καὶ
862 898 1125 967 στήσεται
1165 901 1223 952 ἐν
1253 902 1319 969 τῇ
1343 900 1525 971 χώρα,
1561 904 1652 955 καὶ
1691 902 1925 957 ἐπιτελεφ

392 985 627 1054 σθήσεται
649 982 829 1036 πάντα
851 983 923 1036 τά
948 985 1009 1038 ἐν
1029 988 1147 1049 ταῖς
1176 987 1362 1055 χερσὶν
1393 987 1577 1041 αὐτοῦ.

448 1076 531 1127 17.
555 1074 663 1126 Kal
685 1072 857 1126 δώσει
883 1074 945 1126 τὸ
965 1074 1253 1146 πρόσωπον
1283 1076 1444 1129 αὐτοῦ
1474 1075 1715 1129 ἐπελθεῖν
1738 1075 1829 1146 βίᾳ
1861 1077 1924 1133 τδ

379 1162 532 1233 ἔργον
577 1162 769 1228 αὑτοῦ,
826 1165 924 1216 καὶ
970 1164 1241 1235 συνθήκας
1269 1168 1386 1234 μετ’
1416 1165 1577 1220 αὐτοῦ
1607 1168 1921 1237 ποιήσεται·

374 1253 467 1306 καὶ
499 1252 772 1322 θυγατέρα
806 1252 1096 1322 ἀνθρώπου
1141 1253 1300 1308 δώσει
1337 1256 1483 1327 αὐτῷ
1514 1258 1592 1320 είς
1622 1258 1683 1310 τὸ
1708 1256 1924 1329 φθεῖραι

364 1345 555 1413 αὐτήν,
578 1343 673 1397 καὶ
706 1344 772 1395 οὐ
798 1343 1067 1405 πείσεται,
1105 1343 1198 1396 καὶ
1217 1344 1315 1397 οὐκ
1338 1344 1507 1398 ἔσται.

436 1434 525 1487 18.
555 1432 668 1485 Kal
697 1431 861 1484 δώσει
887 1432 948 1484 τὸ
982 1432 1270 1502 πρόσωπον
1295 1434 1457 1486 αὑτοῦ
1479 1434 1571 1486 ἐπὶ
1592 1433 1691 1504 τήν
1707 1432 1924 1487 ’θάλασ-

362 1537 489 1587 σαν,
511 1522 603 1573 xal
630 1520 872 1589 λήψεται
895 1520 1142 1586 πολλοὺς,
1170 1521 1261 1574 καὶ
1281 1522 1587 1591 ἐπιστρέψει
1610 1523 1926 1592 ὀργὴνόνει-

354 1609 555 1678 δισμοῡ
584 1607 772 1660 αὐτῶν
802 1609 862 1661 ἐν
884 1609 1031 1679 ὅρκῳ
1066 1610 1207 1662 κατὰ
1238 1611 1327 1662 τὸν
1351 1610 1644 1678 ὀνειδισμὸν
1671 1607 1855 1662 αὑτοῦ.

432 1700 523 1755 19.
574 1698 939 1768 Ἐπιστρέψει
973 1698 1036 1751 τὸ
1068 1698 1357 1768 πρόσωπον
1391 1696 1553 1751 αὐτοῦ
1594 1700 1673 1761 εἰς
1698 1698 1759 1751 τὸ
1792 1715 1922 1750 κατ-

2017 566 2176 612 erunt
2204 555 2252 611 ei
2287 556 2428 611 vires
2454 556 2520 611 ad
2548 553 2902 610 resistendum
2928 554 3003 609 ei.

2086 712 2172 767 16.
2212 712 2277 767 Et
2306 712 2485 779 faciet,
2508 712 2601 783 qui
2633 712 2927 783 ingreditur
2948 711 3206 769 adversus
3232 725 3376 777 eum,
3394 709 3542 779 juxta

2018 802 2341 857 voluntatem
2393 816 2568 865 suam,
2612 808 2668 856 et
2693 817 2799 856 non
2823 801 2948 865 erit,
2977 799 3071 870 qui
3112 799 3330 854 resistat
3364 811 3545 851 coram

2017 904 2124 944 eo:
2156 897 2209 943 et
2237 888 2398 943 stabit
2429 890 2483 942 in
2522 888 2761 959 regione,
2778 888 3190 958 etperlicientur
3218 885 3549 955 omnia,qu:e

2019 977 2074 1032 in
2100 978 2347 1033 manibus
2375 978 2491 1047 ejus
2515 987 2662 1034 sunt.

2089 1065 2174 1119 17.
2216 1064 2283 1120 Et
2318 1067 2466 1121 dabit
2488 1067 2672 1123 faciem
2700 1082 2876 1135 suam,
2910 1076 2969 1123 ut
3001 1067 3178 1122 veniat
3227 1081 3323 1135 per
3350 1064 3456 1120 vim
3481 1064 3547 1119 ad

2019 1169 2153 1223 opus
2189 1170 2369 1217 suum,
2398 1166 2450 1210 et
2476 1155 2673 1211 fmdera
2699 1171 2822 1212 cum
2859 1172 2923 1211 eo
2954 1156 3130 1220 faciet,
3166 1165 3221 1210 et
3257 1156 3419 1209 ﬁliam
3454 1155 3549 1207 bo.

2020 1244 2181 1298 minis
2211 1244 2359 1298 dabit
2384 1245 2433 1299 ei
2466 1245 2530 1299 ad
2566 1245 2883 1315 perdendam
2921 1260 3076 1312 eam;
3112 1254 3165 1301 et
3196 1258 3303 1298 non
3330 1258 3552 1313 persua-

2019 1334 2183 1399 debit,
2211 1342 2266 1388 et
2289 1349 2392 1388 non
2421 1336 2541 1388 erit.

2090 1422 2176 1476 l8.
2217 1421 2281 1476 Et
2313 1422 2459 1478 dabit
2483 1424 2669 1479 faciem
2704 1438 2857 1479 suam
2891 1438 3054 1493 super
3089 1438 3258 1486 mare,
3298 1429 3352 1475 et
3379 1422 3552 1491 capiet

2020 1512 2235 1575 multos,
2258 1521 2313 1567 et
2341 1521 2613 1567 convertet
2638 1515 2770 1568 iram
2792 1514 3065 1582 opprobrii
3099 1528 3286 1568 eorum
3310 1513 3364 1567 in
3391 1513 3550 1582 jure-

2015 1602 2246 1670 jurando
2269 1604 2560 1656 secundum
2592 1603 2932 1671 opprobrium
2958 1618 3115 1658 suum

2091 1689 2176 1744 l9.
2217 1691 2499 1745 Convertet
2557 1690 2749 1746 faciem
2795 1707 2949 1746 suam
2998 1690 3063 1745 ad
3101 1691 3552 1746 corroborandam

364 1788 584 1860 ισχύσαι
610 1787 713 1857 τὴν
743 1764 932 1856 χώραν
952 1764 1140 1852 αὐτοῦ,
1162 1786 1257 1839 καὶ
1291 1785 1607 1857 προσκόψει,
1629 1787 1723 1839 xal
1744 1789 1926 1839 πεσεῖ-

2055 1780 2289 1848 egionem
2321 1794 2497 1844 suam,
2530 1789 2584 1835 et
2608 1779 2856 1845 offendet,
2912 1790 2965 1836 et
3024 1781 3195 1848 cadet,
3243 1788 3296 1835 et
3338 1796 3442 1835 non
3471 1780 3552 1835 in-

352 1896 477 1942 ται,
510 1877 605 1931 καὶ
639 1877 743 1945 οὐχ
772 1874 1154 1946 εὑρεθήσεται.

429 1969 524 2024 20.
554 1968 666 2021 Kal
688 1966 1069 2035 ἀναστήσεται
1113 1967 1179 2018 ἐκ
1217 1965 1315 2035 τῆς
1356 1964 1513 2036 ῥίζης
1553 1963 1718 2017 αὐτοῦ
1762 1963 1928 2033 φυτδν

352 2057 642 2128 βασιλείας
674 2057 759 2121 εἰς
793 2056 1127 2121 ἀνάστασιν,
1168 2053 1309 2126 ἀνὴρ
1358 2054 1571 2108 τύπτων
1598 2054 1752 2118 δόξαν
1777 2053 1916 2122 βασι·

428 2239 522 2292 2i.
549 2237 662 2290 Kal
702 2237 765 2290 ἐν
812 2235 1052 2306 ἡμέραις
1091 2233 1347 2304 ἐσχάταις
1375 2232 1804 2303 συντριϐήσεται,
1833 2230 1927 2284 καὶ

348 2328 469 2382 οὐκ
499 2329 557 2381 ἐν
579 2328 745 2397 ὀργῇ,
768 2325 895 2378 ούδέ
922 2326 981 2377 ἐν
1012 2322 1249 2394 πολέμῳο
1289 2324 1383 2381 καὶ
1431 2323 1787 2391 ἀναστήσεται
1834 2322 1927 2374 ἐπὶ

347 2417 456 2470 τὸν
488 2416 652 2471 τόπον
685 2413 857 2468 αὐτοῦ
899 2412 1367 2483 εὐκαταφρόνητος
1386 2452 1402 2477 ,
1442 2410 1536 2465 καὶ
1557 2409 1617 2463 οὐ
1648 2409 1926 2479 δοθήσεται

346 2504 450 2558 ἐπ’
477 2505 637 2558 αὐτὸν
658 2501 791 2567 δόξα
831 2501 1116 2571 βασιλέως,
1139 2501 1231 2552 καί
1252 2498 1369 2569 ήξει
1398 2497 1642 2562 ἐξάπινα*
1673 2496 1925 2566 κατισχύ-

350 2612 449 2650 σει
474 2595 729 2665 βασιλεὺς
762 2596 822 2646 ἐν
863 2590 1186 2661 κληροδοσίᾳ
1221 2588 1406 2645 αὐτοῦ.

427 2687 521 2740 22.
542 2688 653 2739 Kal
678 2685 811 2747 τοὺς
840 2682 1133 2754 βραχίονας
1152 2682 1279 2746 τοὺς
1302 2680 1691 2755 συντριϐέντας⁸
1708 2680 1921 2748 συντρί-

347 2777 455 2845 ψει
476 2776 584 2829 ἀπὸ
614 2774 920 2845 προσώπου
941 2772 1128 2826 αὑτοῦ.

428 2869 522 2921 25.
551 2867 662 2919 Kal
688 2865 833 2934 μετά
861 2865 963 2932 τῆς
990 2862 1273 2932 διαθήκης,
1301 2860 1397 2916 καὶ
1440 2861 1607 2931 δήμου
1641 2858 1925 2926 συπαγέν·

2022 1867 2283 1922 venietur.

2090 1955 2179 2010 20.
2223 1956 2285 2010 Et
2318 1967 2501 2026 surget
2526 1957 2592 2012 de
2615 1957 2794 2013 radice
2820 1958 2938 2028 ejus
2968 1958 3151 2027 planta
3179 1956 3329 2027 regni
3366 1956 3432 2011 ad
3470 1972 3554 2012 re-

2021 2046 2393 2111 staurandum,
2420 2047 2503 2103 vir
2530 2049 2836 2117 percutiens
2861 2049 3086 2117 gloriam
3115 2048 3276 2117 regis.

2086 2221 2174 2275 2L
2213 2220 2279 2277 Et
2301 2222 2353 2276 in
2379 2222 2568 2277 diebus
2599 2224 2908 2279 novissimis
2938 2233 3258 2286 conteretur.
3282 2233 3335 2278 et
3368 2240 3473 2278 non
3499 2225 3550 2277 in

2021 2308 2120 2372 ira,
2148 2323 2323 2379 neque
2361 2309 2416 2363 in
2456 2311 2616 2364 bello.
2671 2310 2737 2363 Et
2762 2320 2946 2379 surget
2996 2325 3158 2379 super
3217 2313 3390 2366 locum
3437 2314 3556 2381 ejus

2018 2397 2451 2467 contemptibilis,
2508 2406 2563 2452 et
2606 2413 2712 2452 non
2748 2398 2961 2454 dabitur
3008 2415 3171 2468 super
3221 2416 3343 2469 eum
3386 2401 3555 2469 gloria

2019 2485 2178 2555 regis,
2214 2496 2267 2541 et
2296 2487 2472 2541 veniet
2498 2495 2714 2555 repente
2737 2488 3224 2554 {corroborabitur
3246 2503 3341 2542 rex
3364 2488 3418 2543 in
3446 2490 3558 2545 bte-

2020 2577 2245 2630 reditate
2270 2589 2389 2630 sua.

2084 2666 2174 2720 εει.
2216 2665 2279 2720 Ει
2307 2666 2543 2733 brachia,
2567 2682 2687 2738 quae
2714 2668 2940 2723 contrita
2968 2678 3114 2735 sunt,
3151 2678 3388 2726 conteret
3416 2686 3448 2725 a
3481 2668 3560 2726 fa-

2016 2758 2098 2810 eie
2134 2771 2250 2810 sna.

2086 2846 2175 2898 25.
2214 2844 2426 2899 Etcum
2464 2854 2801 2910 testamento,
2852 2853 2907 2900 et
2965 2848 3166 2917 popqu
3216 2862 3395 2903 secum
3425 2862 3561 2902 con-

350 2974 455 3019 τος
480 2956 593 3026 μετ’
619 2933 815 3018 αὐτοῦ,
848 2955 1066 3023 ποιήσει
1085 2952 1296 3022 ψεῦδος,
1331 2952 1424 3004 καὶ
1455 2952 1548 3003 ἐπὶ
1581 2950 1729 3013 ἔθνος
1778 2950 1921 3017 ἰσχυο

2055 2942 2224 2998 mcto,
2254 2933 2410 2989 faciet
2435 2935 2616 2989 dolum
2663 2953 2677 2988 :
2723 2944 2777 2989 et
2808 2944 2991 2990 contra
3035 2947 3244 3006 gentem
3283 2936 3471 2993 fortem
3506 2938 3563 2999 in,

354 3046 461 3117 ρδν
486 3049 541 3098 ἐν
573 3042 844 3113 ὀλιγοστῷ
864 3042 1030 3095 ἔθνει.

434 3136 523 3190 94.
562 3134 830 3198 Ἐξάπινα
856 3129 1134 3200 ἐρημώσει
1155 3128 1327 3190 πόλιν,
1357 3128 1450 3181 καὶ
1470 3127 1683 3198 ποιήσει
1709 3126 1807 3180 ὅσα
1829 3126 1929 3179 οὐκ

360 3224 629 3292 ἐποίησαν
683 3223 736 3274 οἰ
795 3220 1032 3289 πατέρες
1068 3218 1253 3283 αὑτοῦ,
1292 3218 1411 3270 ούδέ
1455 3218 1505 3269 οἰ
1542 3216 1774 3287 πατέρες
1823 3216 1928 3269 τῶν

362 3313 617 3383 πατέρων
647 3309 819 3364 αὐτοῦ
841 3326 855 3340 ο
900 3307 1174 3378 προνομὴν
1220 3307 1313 3359 καὶ
1345 3306 1515 3361 σκῦλα
1559 3307 1653 3359 καὶ
1676 3306 1930 3375 χρήματα

367 3403 550 3465 αὐτοῖς
586 3402 775 3462 δώσει,
807 3400 907 3453 καὶ
927 3398 1023 3451 ἐπὶ
1047 3398 1144 3468 τὴν
1176 3396 1326 3449 πόλιν
1354 3398 1453 3464 τὴν
1479 3394 1701 3465 ἰσχυράν
1722 3396 1931 3465 διανοη-

371 3493 613 3563 θήσεται,
646 3496 745 3545 καί
766 3492 819 3543 οἰ
842 3489 1098 3558 λογισμοὶ
1124 3486 1289 3540 αὑτοῦ
1323 3486 1403 3548 είς
1427 3485 1622 3555 μάτην.

444 3583 531 3636 25.
558 3582 669 3635 Kal
701 3577 1063 3648 ἐγερθήσεται
1096 3578 1129 3645 ή
1159 3576 1311 3645 ἰσχὺς
1339 3575 1521 3639 αὐτοῦ,
1552 3575 1646 3627 καὶ
1676 3576 1709 3644 ή
1739 3574 1931 3645 καρδία

378 3671 539 3724 αὐτοῦ
564 3672 654 3722 ἐπὶ
681 3669 776 3721 τὸν
804 3667 1033 3736 βασιλέα
1054 3665 1330 3731 Αἰγύπτου
1358 3664 1415 3717 ἐν
1450 3663 1589 3734 ὄχλῳ
1616 3663 1813 3732 πολλῷ,
1839 3664 1932 3715 καί⁵

382 3762 413 3812 ὁ
453 3760 697 3829 βασιλεὺς
736 3757 1014 3825 Αἰγύπτου
1050 3754 1449 3825 ἐρεθισθήσεται
1485 3756 1563 3817 εἰς
1611 3752 1843 3822 πόλεμον
1874 3753 1932 3804 ἐν

386 3850 519 3918 δχλῳ
558 3847 762 3918 ἰσχυρῷ
797 3846 1002 3915 σφόδρα
1031 3844 1175 3909 λίαν,
1201 3844 1295 3897 καὶ
1325 3844 1385 3897 ού
1417 3845 1690 3915 στήσεται,
1719 3843 1799 3896 δτι
1821 3841 1935 3894 δια-

388 3937 694 4007 νοηθήσεται
730 3937 818 3989 ἐπ’
850 3933 1012 3988 αὐτὸν
1035 3932 1264 3985 διάνοια.

454 4024 532 4079 2‘3.
558 4026 666 4078 Kal
696 4021 1175 4077 καταναλώσουσιν
1228 4018 1389 4071 αὑτὸν
1438 4018 1695 4089 μέριμναι
1743 4018 1932 4083 αὑτοῦ,

394 4116 479 4168 καὶ
504 4115 937 4186 ἀποστρέψουσιν
976 4110 1175 4173 αὐτὸν,
1220 4109 1316 4161 καὶ
1349 4109 1767 4179 παρελεύσονται
1787 4150 1803 4176 ,
1842 4110 1935 4163 καὶ

395 4207 718 4274 κατασυριεῖ,
742 4204 837 4256 καὶ
874 4199 1168 4254 πεσοῦνται
1201 4199 1527 4270 τραυματίαι
1558 4199 1760 4254 πολλοί.

455 4294 535 4347 27.
562 4296 668 4346 Kal
692 4292 793 4345 δύο
844 4291 1087 4359 βασιλεῖς
1122 4290 1272 4358 μόνοι
1323 4290 1693 4357 δειπνήσουσιν
1728 4290 1819 4342 ἐπὶ
1875 4289 1935 4342 τὸ

1950 3068 1994 3129 c
2024 3023 2346 3093 paucissima
2386 3033 2563 3092 gente.

2092 3112 2182 3166 24.
2224 3111 2412 3165 Statim
2454 3112 2751 3166 devastabit
2805 3112 3094 3176 civitatem,
3134 3122 3187 3168 et
3226 3112 3402 3180 faciet,
3442 3130 3567 3183 qua}

2024 3217 2129 3255 non
2156 3200 2395 3255 fecerunt
2414 3208 2592 3268 patres
2616 3201 2754 3268 ejus,
2786 3216 2959 3269 neque
2988 3212 3167 3271 patres
3195 3212 3402 3272 patrum
3421 3205 3559 3273 ejus:

2024 3287 2492 3355 depraedationem,
2520 3296 2572 3340 et
2594 3287 2783 3355 spolia,
2826 3296 2879 3342 et
2906 3290 3161 3357 pecunias
3192 3290 3272 3345 eis
3312 3291 3479 3355 dabit,
3510 3303 3565 3348 et

2023 3390 2183 3444 super
2207 3376 2391 3429 urbem
2423 3374 2614 3429 fortem
2648 3376 2901 3446 cogitabit
2925 3393 2941 3443 ;
2965 3377 3057 3432 sed
3081 3379 3429 3449 cogitationes
3447 3382 3564 3452 ejus

2026 3464 2079 3518 in
2108 3477 2326 3516 vanum.

2092 3550 2180 3606 25.
2221 3550 2287 3604 Et
2310 3551 2632 3605 excitabitur
2664 3550 2918 3607 fortitudo
2946 3554 3084 3622 ejus,
3114 3567 3168 3609 et
3194 3570 3289 3610 cor
3316 3557 3435 3626 ejus
3468 3573 3562 3613 su-

2028 3655 2120 3709 per
2145 3656 2320 3709 regem
2350 3638 2567 3709 Egypti
2595 3641 2648 3693 in
2682 3643 2835 3695 turba
2868 3643 3037 3697 multa
3070 3661 3082 3696 :
3118 3653 3171 3698 et
3214 3660 3309 3699 rex
3344 3647 3563 3715 Λέαγριί

2027 3731 2401 3799 provocabitur
2429 3730 2493 3783 ad
2525 3729 2722 3782 bellum
2764 3729 2819 3784 in
2863 3730 3207 3787 multitudine
3244 3733 3369 3788 forti
3408 3737 3567 3789 valde

2030 3818 2222 3873 nimis:
2262 3826 2315 3872 et
2351 3832 2457 3872 non
2480 3816 2664 3882 stabit,
2687 3817 2813 3887 quia
2840 3819 3230 3891 exeogitabitur
3257 3837 3421 3893 super
3440 3840 3564 3880 eum

2029 3904 2329 3960 consilium.

2097 3994 2188 4048 26.
2229 3993 2293 4048 Et
2337 4003 2650 4050 consument
2700 4011 2822 4051 eum
2878 3996 3267 4054 sollicitudines
3314 4000 3453 4070 ejus,
3513 4008 3568 4055 et

2031 4091 2272 4139 avertent
2295 4099 2439 4151 eum,
2487 4093 2541 4139 et
2576 4086 2902 4152 transibunt,
2939 4096 2993 4144 et
3022 4088 3247 4143 buccina
3307 4097 3484 4153 canet,
3514 4101 3570 4145 et

2032 4175 2224 4232 cadent
2246 4176 2513 4231 vulnerati
2548 4178 2722 4233 multi.

2101 4267 2189 4322 27.
2229 4267 2295 4322 Et
2313 4269 2419 4322 duo
2448 4284 2601 4339 reges
2647 4269 2748 4325 soli
2797 4271 3226 4328 convivabuntnr
3270 4274 3485 4343 pariter,
3516 4283 3572 4331 et

394 4382 529 4447 αὐτὸ,
545 4384 635 4435 καὶ
652 4384 743 4434 ἐπὶ
763 4382 895 4450 μιᾶς
910 4378 1192 4447 τραπέζης
1215 4378 1497 4446 φάγονται,
1512 4377 1607 4430 καὶ
1623 4376 1928 4449 ψευδολογίγ

2055 4371 2196 4427 :uper
2214 4371 2375 4411 unam
2408 4373 2649 4412 mensam
2680 4362 2991 4427 comedent,
3039 4370 3092 4417 et
3130 4364 3453 4419 mendaciter
3476 4364 3571 4419 lo-

398 4487 549 4532 σουσι,
588 4471 682 4523 καὶ
705 4470 807 4522 οὐκ
834 4466 1262 4535 εὐοδωθήσονται
1280 4479 1294 4494 °
1320 4464 1399 4516 ἐτι
1425 4464 1530 4535 γὰρ
1561 4464 1835 4517 συντέλεια
1857 4465 1936 4527 εἰς

395 4561 581 4626 καιρόν.

452 4647 533 4700 28.
563 4649 670 4702 Kal
709 4642 1038 4713 ἐπιστρέψει
1062 4642 1143 4703 εἰς
1171 4640 1268 4709 τήν
1306 4639 1486 4710 χώραν
1527 4640 1687 4693 αὐτοῦ
1721 4640 1778 4692 ἐν
1807 4642 1940 4711 χρή-

394 4752 511 4804 μασι
547 4736 789 4798 πολλοῖς,
818 4734 917 4785 καὶ
937 4733 970 4801 ή
1001 4730 1201 4800 καρδία
1228 4729 1388 4781 αὑτοῦ
1418 4731 1508 4783 ἐπὶ
1537 4732 1635 4801 τὴν
1676 4730 1938 4801 διαθήκην

2034 4456 2284 4516 quentur,
2309 4457 2363 4501 et
2396 4462 2498 4501 non
2530 4451 3025 4517 prosperabuntur:
3066 4451 3242 4508 adhuc
3277 4454 3418 4509 enim
3447 4470 3570 4509 con-

2035 4538 2323 4591 summatio
2343 4538 2408 4591 ad
2426 4545 2659 4605 tempus.
2972 4538 2997 4560 '

2102 4621 2193 4674 28.
2234 4621 2297 4675 Ει
2323 4632 2615 4687 revertetur
2642 4625 2693 4676 in
2753 4624 3023 4693 regionem
3056 4641 3207 4680 suam
3264 4629 3317 4681 in
3378 4630 3570 4698 opibus

2038 4711 2240 4776 multis,
2274 4721 2445 4767 et'cor
2479 4712 2599 4782 ejus
2632 4729 2792 4782 super
2829 4724 3209 4771 testamentum
3249 4720 3456 4785 sancti;
3491 4720 3574 4774 fa~

389 4802 469 4876 τοῦ
502 4826 679 4893 άγίου·
717 4824 942 4891 ποιήσει
969 4855 986 4882 ,
1015 4818 1110 4871 καὶ
1159 4818 1473 4887 ἐπιστρέψει
1516 4820 1609 4873 ἐπὶ
1634 4819 1733 4888 τὴν
1761 4819 1928 4891 χώραε.

2055 4802 2160 4865 :iet,
2185 4810 2238 4857 et
2268 4811 2561 4859 revertetur
2580 4803 2634 4858 in
2657 4804 2927 4875 regionem
2955 4823 3130 4865 suam.

384 4914 553 4972 αὐτοῦ.

436 5006 517 5059 29.
550 5005 647 5067 Εἰς
688 4998 893 5067 καιρὸν
924 4997 994 5061 Χ
1031 4992 1339 5059 ἐπιστρέψει
1363 4992 1420 5062 /.
1458 4996 1551 5047 καί
1580 4994 1943 5051 εἰσελεύσεται

2106 4978 2193 5031 29.
2233 4978 2311 5033 Ad
2337 4988 2546 5048 tempus
2579 4990 2874 5035 revertetur
2892 4992 2945 5036 et
2980 4981 3305 5050 ingredietur
3323 4984 3374 5037 in
3408 4984 3577 5057 «Egy-

374 5097 443 5157 ιίς
476 5096 766 5161 Αἴγυπτον
792 5125 811 5151 ,
861 5082 965 5136 xal
1013 5082 1112 5132 οὐκ
1142 5079 1291 5133 ἐσται
1333 5080 1413 5143 ώς
1463 5085 1497 5153 ή
1546 5082 1736 5153 πρώτη
1786 5087 1928 5138 καὶὶ

2055 5075 2186 5133 itum
2214 5082 2227 5117 :
2252 5075 2303 5119 et
2324 5082 2427 5120 non
2456 5075 2614 5121 erunt
2634 5068 2774 5122 sicut
2801 5069 2978 5137 priora
3008 5069 3165 5122 etiam
3191 5070 3507 5132 novissima.

369 5186 550 5256 ἐσχάτη
560 5222 576 5237 .

420 5277 503 5330 50.
534 5270 654 5326 Kal.
710 5264 927 5334 ἥξουσι
968 5258 1240 5326 Ῥωμαῖοι,
1285 5259 1380 5312 καὶ
1424 5260 1715 5343 ἐξώσουσιν
1747 5263 1944 5330 αὐτὸν,

358 5405 430 5458 καὶ
460 5394 943 5469 ἐμϐριμήσονται
972 5379 1114 5469 αὖτῷ
1228 5385 1317 5436 καὶ
1349 5372 1705 5455 ἐπίστρέψει,
1732 5392 1830 5443 καὶ
1857 5394 1944 5462 dp-

350 5467 666 5563 γισθήσέται
690 5479 756 5547 /.
932 5469 1033 5536 τὴν
1058 5467 1305 5563 allio!)qu
1330 5473 1443 5563 τοῦ
1476 5475 1643 5540 ἁγίου,
1672 5479 1766 5529 καὶ
1794 5484 1946 5549 ποιή-

348 5553 426 5642 σει,
464 5553 567 5630 καὶ
602 5557 996 5628 ἐπιστρέψειν
1043 5553 1585 5642 καὶςδιανοηθήσεται
1615 5564 1944 5633 ἐπάύτοὺς,

343 5639 439 5725 ἀνθ’,
464 5658 544 5719 ὧν
578 5645 986 5721 ἐγκατέλιπον
1009 5639 1098 5707 τὴν
1127 5641 1399 5719 διαθήκην
1436 5650 1533 5703 τοῦ
1567 5652 1733 5718 ἁγίου.

2108 5241 2195 5295 50.
2235 5239 2301 5295 Et
2325 5239 2538 5294 venient
2557 5239 2805 5303 Romani,
2830 5247 2884 5293 et
2906 5239 3169 5308 expellent
3193 5256 3343 5309 eum,
3370 5256 3424 5300 et
3444 5249 3583 5302 aeri-

2044 5341 2123 5384 ter
2180 5329 2649 5384 comminabuntur
2693 5327 2764 5392 ei,
2792 5336 2845 5381 et
2874 5336 3189 5396 revertetur,
3226 5343 3281 5388 et
3332 5334 3582 5407 indigna-

2043 5419 2186 5472 bitur
2212 5432 2371 5486 super
2399 5424 2770 5471 testamentum
2802 5417 2994 5481 sancti,
3019 5426 3073 5472 et
3102 5416 3299 5476 faciet:
3324 5432 3378 5477 et
3403 5440 3584 5480 rever-

2046 5515 2204 5568 tetur,
2244 5513 2297 5558 et
2325 5505 2575 5573 cogitabit
2600 5518 2759 5573 super
2783 5518 2894 5571 eos,
2928 5507 3151 5575 ecquod
3185 5507 3586 5582 dereliquerunt

2044 5598 2417 5647 testamentum
2446 5590 2634 5646 sancti.
