  <div class='ocr_page' id='page_1' title='image "/cluster/home/n/w/nwhite01/storage/ocr_20150623/16, pt. 3 (Origen, pt. 6)/nyp.33433081862322/230.png"; bbox 0 0 3874 6356; ppageno 0'>
   <div class='ocr_carea' id='block_1_1' title="bbox 141 552 213 601">
    <p class='ocr_par' dir='ltr' id='par_1_1' title="bbox 141 552 213 601">
     <span class='ocr_line' id='line_1_1' title="bbox 141 552 213 601; baseline 0 0"><span class='ocrx_word' id='word_1_1' title='bbox 141 552 213 601; x_wconf 58' lang='grc' dir='ltr'><em>ὅ</em></span> 
     </span>
    </p>
   </div>
   <div class='ocr_carea' id='block_1_2' title="bbox 216 414 1297 507">
    <p class='ocr_par' dir='ltr' id='par_1_2' title="bbox 216 414 1297 507">
     <span class='ocr_line' id='line_1_2' title="bbox 216 414 1297 507; baseline 0.019 -25"><span class='ocrx_word' id='word_1_2' title='bbox 216 414 374 507; x_wconf 58' lang='grc' dir='ltr'>αξιλὸ</span> <span class='ocrx_word' id='word_1_3' title='bbox 405 418 659 492; x_wconf 76' lang='grc' dir='ltr'>ἄγγελος</span> <span class='ocrx_word' id='word_1_4' title='bbox 717 431 753 486; x_wconf 83' lang='grc' dir='ltr'><strong>ὁ</strong></span> <span class='ocrx_word' id='word_1_5' title='bbox 788 436 1004 507; x_wconf 86' lang='grc' dir='ltr'>μέγας,</span> <span class='ocrx_word' id='word_1_6' title='bbox 1046 446 1075 498; x_wconf 73' lang='grc' dir='ltr'><strong><em>δ</em></strong></span> <span class='ocrx_word' id='word_1_7' title='bbox 1102 448 1297 507; x_wconf 62' lang='lat' dir='ltr'><strong>mmet:</strong></span> 
     </span>
    </p>
   </div>
   <div class='ocr_carea' id='block_1_3' title="bbox 218 506 1802 613">
    <p class='ocr_par' dir='ltr' id='par_1_3' title="bbox 218 506 1802 613">
     <span class='ocr_line' id='line_1_3' title="bbox 218 506 1802 613; baseline 0.028 -57"><span class='ocrx_word' id='word_1_8' title='bbox 218 506 306 613; x_wconf 45' lang='lat' dir='ltr'><strong>ei&quot;:</strong></span> <span class='ocrx_word' id='word_1_9' title='bbox 322 508 443 613; x_wconf 69' lang='grc' dir='ltr'>λαοῦ</span> <span class='ocrx_word' id='word_1_10' title='bbox 470 530 601 613; x_wconf 36' lang='grc' dir='ltr'>,σοὶ</span> <span class='ocrx_word' id='word_1_11' title='bbox 613 534 630 549; x_wconf 86' lang='grc'><strong>·</strong></span> <span class='ocrx_word' id='word_1_12' title='bbox 660 519 943 613; x_wconf 51' lang='grc' dir='ltr'>εκείνηή</span> <span class='ocrx_word' id='word_1_13' title='bbox 975 533 1157 605; x_wconf 76' lang='grc' dir='ltr'>ἡμέρα</span> <span class='ocrx_word' id='word_1_14' title='bbox 1177 506 1421 606; x_wconf 67' lang='grc' dir='ltr'>θλίψεως,</span> <span class='ocrx_word' id='word_1_15' title='bbox 1453 506 1802 613; x_wconf 79' lang='grc' dir='ltr'>οἶα</span> 
     </span>
    </p>
   </div>
   <div class='ocr_carea' id='block_1_4' title="bbox 152 598 1799 705">
    <p class='ocr_par' dir='ltr' id='par_1_4' title="bbox 152 598 1799 705">
     <span class='ocr_line' id='line_1_4' title="bbox 152 598 1799 705; baseline 0.023 -55"><span class='ocrx_word' id='word_1_16' title='bbox 152 598 359 705; x_wconf 32' lang='lat' dir='ltr'><strong>alii,</strong></span> <span class='ocrx_word' id='word_1_17' title='bbox 389 601 487 705; x_wconf 77' lang='grc' dir='ltr'><strong>ἀφ’</strong></span> <span class='ocrx_word' id='word_1_18' title='bbox 533 600 606 705; x_wconf 68' lang='grc' dir='ltr'><strong>οὗ</strong></span> <span class='ocrx_word' id='word_1_19' title='bbox 668 598 1038 688; x_wconf 70' lang='grc' dir='ltr'>ἐγενήθησαν</span> <span class='ocrx_word' id='word_1_20' title='bbox 1071 598 1175 689; x_wconf 68' lang='grc' dir='ltr'><strong>έως</strong></span> <span class='ocrx_word' id='word_1_21' title='bbox 1219 598 1316 696; x_wconf 62' lang='grc' dir='ltr'><strong>της</strong></span> <span class='ocrx_word' id='word_1_22' title='bbox 1338 598 1545 699; x_wconf 72' lang='grc' dir='ltr'>ἡμέρας</span> <span class='ocrx_word' id='word_1_23' title='bbox 1570 598 1799 705; x_wconf 72' lang='grc' dir='ltr'>ἐκείνης.</span> 
     </span>
    </p>
   </div>
   <div class='ocr_carea' id='block_1_5' title="bbox 168 691 1805 789">
    <p class='ocr_par' dir='ltr' id='par_1_5' title="bbox 168 691 1805 789">
     <span class='ocr_line' id='line_1_5' title="bbox 168 691 1805 789; baseline 0.016 -36"><span class='ocrx_word' id='word_1_24' title='bbox 168 691 322 773; x_wconf 44' lang='lat' dir='ltr'><strong>ﬁll-I-</strong></span> <span class='ocrx_word' id='word_1_25' title='bbox 344 694 399 789; x_wconf 39' lang='grc' dir='ltr'>ἓν</span> <span class='ocrx_word' id='word_1_26' title='bbox 655 706 734 774; x_wconf 78' lang='grc' dir='ltr'><strong>τῇ</strong></span> <span class='ocrx_word' id='word_1_27' title='bbox 764 707 961 781; x_wconf 69' lang='grc' dir='ltr'>ἡμέρᾳ</span> <span class='ocrx_word' id='word_1_28' title='bbox 983 691 1327 787; x_wconf 73' lang='grc' dir='ltr'>ὑψωθήσεται</span> <span class='ocrx_word' id='word_1_29' title='bbox 1566 723 1711 787; x_wconf 81' lang='grc' dir='ltr'>λαὸς,</span> <span class='ocrx_word' id='word_1_30' title='bbox 1734 691 1805 789; x_wconf 67' lang='grc' dir='ltr'><strong>⁸ῦς</strong></span> 
     </span>
    </p>
   </div>
   <div class='ocr_carea' id='block_1_6' title="bbox 192 783 1442 878">
    <p class='ocr_par' dir='ltr' id='par_1_6' title="bbox 192 783 1442 878">
     <span class='ocr_line' id='line_1_6' title="bbox 192 783 1442 878; baseline 0.018 -40"><span class='ocrx_word' id='word_1_31' title='bbox 192 783 504 878; x_wconf 30' lang='grc' dir='ltr'>εει-εὑρεθῇ</span> <span class='ocrx_word' id='word_1_32' title='bbox 532 788 1023 868; x_wconf 75' lang='grc' dir='ltr'><strong>ἐγγεγραμμένος</strong></span> <span class='ocrx_word' id='word_1_33' title='bbox 1054 804 1111 855; x_wconf 79' lang='grc' dir='ltr'>ἐν</span> <span class='ocrx_word' id='word_1_34' title='bbox 1138 783 1215 874; x_wconf 75' lang='grc' dir='ltr'><strong>τῷ</strong></span> <span class='ocrx_word' id='word_1_35' title='bbox 1238 806 1442 878; x_wconf 85' lang='grc' dir='ltr'>βιϐλίῳ.</span> 
     </span>
    </p>
   </div>
   <div class='ocr_carea' id='block_1_7' title="bbox 300 874 1885 968">
    <p class='ocr_par' dir='ltr' id='par_1_7' title="bbox 300 874 1885 968">
     <span class='ocr_line' id='line_1_7' title="bbox 300 874 1885 968; baseline 0.019 -42"><span class='ocrx_word' id='word_1_36' title='bbox 300 874 347 928; x_wconf 73' lang='lat'><strong>2.</strong></span> <span class='ocrx_word' id='word_1_37' title='bbox 367 876 479 930; x_wconf 80' lang='lat' dir='ltr'><strong>Kal</strong></span> <span class='ocrx_word' id='word_1_38' title='bbox 510 880 713 935; x_wconf 72' lang='grc' dir='ltr'>πολλοὶ</span> <span class='ocrx_word' id='word_1_39' title='bbox 734 885 855 939; x_wconf 84' lang='grc' dir='ltr'><strong>τῶν</strong></span> <span class='ocrx_word' id='word_1_40' title='bbox 883 874 1249 945; x_wconf 81' lang='grc' dir='ltr'>καθευδόντων</span> <span class='ocrx_word' id='word_1_41' title='bbox 1294 874 1454 965; x_wconf 78' lang='grc' dir='ltr'>ἐντῷ</span> <span class='ocrx_word' id='word_1_42' title='bbox 1491 898 1677 951; x_wconf 84' lang='grc' dir='ltr'>πλάτει</span> <span class='ocrx_word' id='word_1_43' title='bbox 1704 901 1801 968; x_wconf 73' lang='grc' dir='ltr'>τῆς</span> <span class='ocrx_word' id='word_1_44' title='bbox 1866 902 1885 913; x_wconf 68' lang='grc'><strong>·“</strong></span> 
     </span>
    </p>
   </div>
   <div class='ocr_carea' id='block_1_8' title="bbox 228 967 1803 1051">
    <p class='ocr_par' dir='ltr' id='par_1_8' title="bbox 228 967 1803 1051">
     <span class='ocr_line' id='line_1_8' title="bbox 228 967 1803 1051; baseline 0.013 -32"><span class='ocrx_word' id='word_1_45' title='bbox 228 967 337 1038; x_wconf 76' lang='grc' dir='ltr'>γῆς</span> <span class='ocrx_word' id='word_1_46' title='bbox 362 969 791 1039; x_wconf 77' lang='grc' dir='ltr'>ἀναστήσονται,</span> <span class='ocrx_word' id='word_1_47' title='bbox 820 977 872 1027; x_wconf 86' lang='grc' dir='ltr'><strong>οί</strong></span> <span class='ocrx_word' id='word_1_48' title='bbox 898 978 997 1044; x_wconf 79' lang='grc' dir='ltr'>μὲν</span> <span class='ocrx_word' id='word_1_49' title='bbox 1018 979 1097 1040; x_wconf 87' lang='grc' dir='ltr'><strong>είς</strong></span> <span class='ocrx_word' id='word_1_50' title='bbox 1123 979 1263 1051; x_wconf 80' lang='grc' dir='ltr'>ζωὴν</span> <span class='ocrx_word' id='word_1_51' title='bbox 1301 983 1512 1037; x_wconf 76' lang='grc' dir='ltr'>αἰώνιον</span> <span class='ocrx_word' id='word_1_52' title='bbox 1527 987 1618 1051; x_wconf 83' lang='grc' dir='ltr'>,.οῐ</span> <span class='ocrx_word' id='word_1_53' title='bbox 1641 987 1696 1039; x_wconf 81' lang='grc' dir='ltr'>δὲ</span> <span class='ocrx_word' id='word_1_54' title='bbox 1724 967 1803 1050; x_wconf 86' lang='grc' dir='ltr'><strong>είς</strong></span> 
     </span>
    </p>
   </div>
   <div class='ocr_carea' id='block_1_9' title="bbox 244 1057 1803 1144">
    <p class='ocr_par' dir='ltr' id='par_1_9' title="bbox 244 1057 1803 1144">
     <span class='ocr_line' id='line_1_9' title="bbox 244 1057 1803 1144; baseline 0.012 -34"><span class='ocrx_word' id='word_1_55' title='bbox 244 1057 567 1127; x_wconf 68' lang='grc' dir='ltr'>δνειδισμδν,</span> <span class='ocrx_word' id='word_1_56' title='bbox 602 1063 658 1113; x_wconf 78' lang='grc' dir='ltr'><strong>οι</strong></span> <span class='ocrx_word' id='word_1_57' title='bbox 700 1063 765 1117; x_wconf 67' lang='grc' dir='ltr'>δὲ</span> <span class='ocrx_word' id='word_1_58' title='bbox 804 1066 889 1128; x_wconf 85' lang='grc' dir='ltr'><strong>είς</strong></span> <span class='ocrx_word' id='word_1_59' title='bbox 914 1067 1231 1137; x_wconf 78' lang='grc' dir='ltr'><strong>διασπορὰν,</strong></span> <span class='ocrx_word' id='word_1_60' title='bbox 1265 1073 1358 1123; x_wconf 78' lang='grc' dir='ltr'>καὶ</span> <span class='ocrx_word' id='word_1_61' title='bbox 1386 1074 1640 1144; x_wconf 82' lang='grc' dir='ltr'><strong>αἰσχύνην</strong></span> <span class='ocrx_word' id='word_1_62' title='bbox 1676 1074 1803 1128; x_wconf 78' lang='grc' dir='ltr'><strong>αἰώ-</strong></span> 
     </span>
    </p>
   </div>
   <div class='ocr_carea' id='block_1_10' title="bbox 252 1162 376 1200">
    <p class='ocr_par' dir='ltr' id='par_1_10' title="bbox 252 1162 376 1200">
     <span class='ocr_line' id='line_1_10' title="bbox 252 1162 376 1200; baseline 0.008 -1"><span class='ocrx_word' id='word_1_63' title='bbox 252 1162 376 1200; x_wconf 87' lang='grc' dir='ltr'>νιον.</span> 
     </span>
    </p>
   </div>
   <div class='ocr_carea' id='block_1_11' title="bbox 320 1237 1803 1320">
    <p class='ocr_par' dir='ltr' id='par_1_11' title="bbox 320 1237 1803 1320">
     <span class='ocr_line' id='line_1_11' title="bbox 320 1237 1803 1320; baseline 0.011 -31"><span class='ocrx_word' id='word_1_64' title='bbox 320 1237 368 1289; x_wconf 80' lang='lat'><strong>3.</strong></span> <span class='ocrx_word' id='word_1_65' title='bbox 390 1238 496 1290; x_wconf 85' lang='lat' dir='ltr'><strong>Kal</strong></span> <span class='ocrx_word' id='word_1_66' title='bbox 525 1239 575 1291; x_wconf 84' lang='grc' dir='ltr'><strong>οί</strong></span> <span class='ocrx_word' id='word_1_67' title='bbox 604 1243 888 1307; x_wconf 81' lang='grc' dir='ltr'><strong>συνιέντες</strong></span> <span class='ocrx_word' id='word_1_68' title='bbox 914 1248 1169 1315; x_wconf 89' lang='grc' dir='ltr'>φανοῦσιν</span> <span class='ocrx_word' id='word_1_69' title='bbox 1189 1250 1262 1312; x_wconf 79' lang='grc' dir='ltr'><strong>ὡς</strong></span> <span class='ocrx_word' id='word_1_70' title='bbox 1280 1251 1560 1320; x_wconf 81' lang='grc' dir='ltr'><strong>φωστῆρες</strong></span> <span class='ocrx_word' id='word_1_71' title='bbox 1594 1250 1685 1304; x_wconf 88' lang='grc' dir='ltr'><strong>τοῦ</strong></span> <span class='ocrx_word' id='word_1_72' title='bbox 1716 1252 1803 1304; x_wconf 83' lang='grc' dir='ltr'><strong>οὐ·</strong></span> 
     </span>
    </p>
   </div>
   <div class='ocr_carea' id='block_1_12' title="bbox 249 1325 1803 1409">
    <p class='ocr_par' dir='ltr' id='par_1_12' title="bbox 249 1325 1803 1409">
     <span class='ocr_line' id='line_1_12' title="bbox 249 1325 1803 1409; baseline 0.01 -33"><span class='ocrx_word' id='word_1_73' title='bbox 249 1325 429 1393; x_wconf 87' lang='grc' dir='ltr'>ρανοῦ,</span> <span class='ocrx_word' id='word_1_74' title='bbox 459 1329 552 1380; x_wconf 82' lang='grc' dir='ltr'>καὶ</span> <span class='ocrx_word' id='word_1_75' title='bbox 586 1332 642 1382; x_wconf 86' lang='grc' dir='ltr'>οἱ</span> <span class='ocrx_word' id='word_1_76' title='bbox 690 1336 1078 1404; x_wconf 78' lang='grc' dir='ltr'><strong>κατισχύοντες</strong></span> <span class='ocrx_word' id='word_1_77' title='bbox 1119 1339 1241 1402; x_wconf 84' lang='grc' dir='ltr'>τοὺς</span> <span class='ocrx_word' id='word_1_78' title='bbox 1279 1340 1467 1407; x_wconf 88' lang='grc' dir='ltr'>λόγους</span> <span class='ocrx_word' id='word_1_79' title='bbox 1510 1357 1639 1409; x_wconf 82' lang='grc' dir='ltr'>μου,</span> <span class='ocrx_word' id='word_1_80' title='bbox 1673 1339 1803 1392; x_wconf 70' lang='grc' dir='ltr'>ὡσεὶ</span> 
     </span>
    </p>
   </div>
   <div class='ocr_carea' id='block_1_13' title="bbox 242 1416 1791 1499">
    <p class='ocr_par' dir='ltr' id='par_1_13' title="bbox 242 1416 1791 1499">
     <span class='ocr_line' id='line_1_13' title="bbox 242 1416 1791 1499; baseline 0.01 -32"><span class='ocrx_word' id='word_1_81' title='bbox 242 1416 315 1468; x_wconf 69' lang='grc' dir='ltr'><strong>τά</strong></span> <span class='ocrx_word' id='word_1_82' title='bbox 337 1418 506 1499; x_wconf 68' lang='grc' dir='ltr'>ἄστρα</span> <span class='ocrx_word' id='word_1_83' title='bbox 527 1420 623 1473; x_wconf 86' lang='grc' dir='ltr'><strong>τοῦ</strong></span> <span class='ocrx_word' id='word_1_84' title='bbox 652 1422 891 1490; x_wconf 73' lang='grc' dir='ltr'>ούρανοῦ</span> <span class='ocrx_word' id='word_1_85' title='bbox 926 1427 1004 1487; x_wconf 86' lang='grc' dir='ltr'><strong>είς</strong></span> <span class='ocrx_word' id='word_1_86' title='bbox 1035 1427 1126 1480; x_wconf 83' lang='grc' dir='ltr'>τὸν</span> <span class='ocrx_word' id='word_1_87' title='bbox 1162 1427 1333 1481; x_wconf 74' lang='grc' dir='ltr'>αἰῶνα</span> <span class='ocrx_word' id='word_1_88' title='bbox 1354 1428 1446 1481; x_wconf 90' lang='grc' dir='ltr'><strong>τοῦ</strong></span> <span class='ocrx_word' id='word_1_89' title='bbox 1469 1428 1679 1490; x_wconf 79' lang='grc' dir='ltr'>αἰῶνος.</span> <span class='ocrx_word' id='word_1_90' title='bbox 1790 1420 1791 1423; x_wconf 28' lang='grc'><em>“</em></span> 
     </span>
    </p>
   </div>
   <div class='ocr_carea' id='block_1_14' title="bbox 313 1507 1801 1587">
    <p class='ocr_par' dir='ltr' id='par_1_14' title="bbox 313 1507 1801 1587">
     <span class='ocr_line' id='line_1_14' title="bbox 313 1507 1801 1587; baseline 0.007 -27"><span class='ocrx_word' id='word_1_91' title='bbox 313 1507 363 1560; x_wconf 71' lang='grc' dir='ltr'><strong>ό.</strong></span> <span class='ocrx_word' id='word_1_92' title='bbox 394 1509 502 1560; x_wconf 80' lang='grc' dir='ltr'><strong>Καὶ</strong></span> <span class='ocrx_word' id='word_1_93' title='bbox 530 1511 619 1574; x_wconf 87' lang='grc' dir='ltr'>σὺ,</span> <span class='ocrx_word' id='word_1_94' title='bbox 656 1512 881 1582; x_wconf 78' lang='grc' dir='ltr'>Δανιὴλ,</span> <span class='ocrx_word' id='word_1_95' title='bbox 906 1515 1141 1585; x_wconf 71' lang='grc' dir='ltr'>κάλυψον</span> <span class='ocrx_word' id='word_1_96' title='bbox 1160 1518 1231 1568; x_wconf 77' lang='grc' dir='ltr'><strong>τά</strong></span> <span class='ocrx_word' id='word_1_97' title='bbox 1268 1519 1673 1587; x_wconf 84' lang='grc' dir='ltr'>προστάγματα,</span> <span class='ocrx_word' id='word_1_98' title='bbox 1708 1519 1801 1570; x_wconf 72' lang='grc' dir='ltr'>καὶ</span> 
     </span>
    </p>
   </div>
   <div class='ocr_carea' id='block_1_15' title="bbox 238 1599 1800 1673">
    <p class='ocr_par' dir='ltr' id='par_1_15' title="bbox 238 1599 1800 1673">
     <span class='ocr_line' id='line_1_15' title="bbox 238 1599 1800 1673; baseline 0.005 -24"><span class='ocrx_word' id='word_1_99' title='bbox 238 1599 539 1666; x_wconf 78' lang='grc' dir='ltr'>σφραγίσαι</span> <span class='ocrx_word' id='word_1_100' title='bbox 559 1601 624 1652; x_wconf 88' lang='grc' dir='ltr'>τὸ</span> <span class='ocrx_word' id='word_1_101' title='bbox 649 1600 859 1669; x_wconf 84' lang='grc' dir='ltr'>βιϐλίον</span> <span class='ocrx_word' id='word_1_102' title='bbox 891 1604 994 1667; x_wconf 80' lang='grc' dir='ltr'>ἕως</span> <span class='ocrx_word' id='word_1_103' title='bbox 1033 1609 1224 1673; x_wconf 84' lang='grc' dir='ltr'>καιροῦ</span> <span class='ocrx_word' id='word_1_104' title='bbox 1256 1606 1577 1668; x_wconf 83' lang='grc' dir='ltr'>συντελείας,</span> <span class='ocrx_word' id='word_1_105' title='bbox 1611 1607 1712 1668; x_wconf 75' lang='grc' dir='ltr'>ἕως</span> <span class='ocrx_word' id='word_1_106' title='bbox 1736 1606 1800 1659; x_wconf 88' lang='grc' dir='ltr'>ἂν</span> 
     </span>
    </p>
   </div>
   <div class='ocr_carea' id='block_1_16' title="bbox 237 1687 1728 1765">
    <p class='ocr_par' dir='ltr' id='par_1_16' title="bbox 237 1687 1728 1765">
     <span class='ocr_line' id='line_1_16' title="bbox 237 1687 1728 1765; baseline 0.008 -29"><span class='ocrx_word' id='word_1_107' title='bbox 237 1687 595 1754; x_wconf 80' lang='grc' dir='ltr'>ἁπομανῶσιν</span> <span class='ocrx_word' id='word_1_108' title='bbox 635 1692 687 1742; x_wconf 86' lang='grc' dir='ltr'>οἱ</span> <span class='ocrx_word' id='word_1_109' title='bbox 720 1691 927 1757; x_wconf 79' lang='grc' dir='ltr'>πολλοὶ,</span> <span class='ocrx_word' id='word_1_110' title='bbox 963 1695 1056 1746; x_wconf 77' lang='grc' dir='ltr'>καὶ</span> <span class='ocrx_word' id='word_1_111' title='bbox 1084 1695 1293 1765; x_wconf 78' lang='grc' dir='ltr'>πλησθῇ</span> <span class='ocrx_word' id='word_1_112' title='bbox 1325 1698 1358 1765; x_wconf 77' lang='grc' dir='ltr'><strong>ἡ</strong></span> <span class='ocrx_word' id='word_1_113' title='bbox 1404 1695 1475 1764; x_wconf 83' lang='grc' dir='ltr'><strong>γῆ</strong></span> <span class='ocrx_word' id='word_1_114' title='bbox 1496 1696 1728 1758; x_wconf 73' lang='grc' dir='ltr'>ἀδικίας.</span> 
     </span>
    </p>
   </div>
   <div class='ocr_carea' id='block_1_17' title="bbox 1902 555 3425 629">
    <p class='ocr_par' dir='ltr' id='par_1_17' title="bbox 1902 555 3425 629">
     <span class='ocr_line' id='line_1_17' title="bbox 1902 555 3425 629; baseline 0.009 -23"><span class='ocrx_word' id='word_1_115' title='bbox 1902 555 2044 625; x_wconf 71' lang='lat' dir='ltr'><strong>(erit)</strong></span> <span class='ocrx_word' id='word_1_116' title='bbox 2064 557 2179 619; x_wconf 88' lang='lat' dir='ltr'><strong>dies</strong></span> <span class='ocrx_word' id='word_1_117' title='bbox 2203 558 2635 625; x_wconf 88' lang='lat' dir='ltr'><strong>tribulalationis,</strong></span> <span class='ocrx_word' id='word_1_118' title='bbox 2692 560 2865 629; x_wconf 81' lang='lat' dir='ltr'><strong>qualis</strong></span> <span class='ocrx_word' id='word_1_119' title='bbox 2896 575 3002 617; x_wconf 88' lang='lat' dir='ltr'><strong>non</strong></span> <span class='ocrx_word' id='word_1_120' title='bbox 3052 561 3189 616; x_wconf 77' lang='lat' dir='ltr'><strong>facta</strong></span> <span class='ocrx_word' id='word_1_121' title='bbox 3226 573 3327 623; x_wconf 88' lang='lat' dir='ltr'><strong>est.</strong></span> <span class='ocrx_word' id='word_1_122' title='bbox 3357 580 3425 620; x_wconf 80' lang='lat' dir='ltr'><strong>ex</strong></span> 
     </span>
    </p>
   </div>
   <div class='ocr_carea' id='block_1_18' title="bbox 1899 645 3424 718">
    <p class='ocr_par' dir='ltr' id='par_1_18' title="bbox 1899 645 3424 718">
     <span class='ocr_line' id='line_1_18' title="bbox 1899 645 3424 718; baseline 0.003 -20"><span class='ocrx_word' id='word_1_123' title='bbox 1899 659 2008 711; x_wconf 91' lang='lat' dir='ltr'><strong>quo</strong></span> <span class='ocrx_word' id='word_1_124' title='bbox 2035 645 2188 701; x_wconf 67' lang='lat' dir='ltr'><strong>facta:</strong></span> <span class='ocrx_word' id='word_1_125' title='bbox 2215 657 2341 702; x_wconf 88' lang='lat' dir='ltr'><strong>sunt</strong></span> <span class='ocrx_word' id='word_1_126' title='bbox 2369 649 2595 717; x_wconf 90' lang='lat' dir='ltr'><strong>(gentes)</strong></span> <span class='ocrx_word' id='word_1_127' title='bbox 2626 665 2794 718; x_wconf 89' lang='lat' dir='ltr'><strong>usque</strong></span> <span class='ocrx_word' id='word_1_128' title='bbox 2816 649 2880 704; x_wconf 86' lang='lat' dir='ltr'><strong>ad</strong></span> <span class='ocrx_word' id='word_1_129' title='bbox 2905 650 3044 704; x_wconf 89' lang='lat' dir='ltr'><strong>diem</strong></span> <span class='ocrx_word' id='word_1_130' title='bbox 3088 651 3253 704; x_wconf 86' lang='lat' dir='ltr'><strong>illam.</strong></span> <span class='ocrx_word' id='word_1_131' title='bbox 3282 651 3344 704; x_wconf 86' lang='lat' dir='ltr'><strong>Et</strong></span> <span class='ocrx_word' id='word_1_132' title='bbox 3372 653 3424 705; x_wconf 86' lang='lat' dir='ltr'><strong>in</strong></span> 
     </span>
    </p>
   </div>
   <div class='ocr_carea' id='block_1_19' title="bbox 1901 731 3427 806">
    <p class='ocr_par' dir='ltr' id='par_1_19' title="bbox 1901 731 3427 806">
     <span class='ocr_line' id='line_1_19' title="bbox 1901 731 3427 806; baseline 0.005 -22"><span class='ocrx_word' id='word_1_133' title='bbox 1901 731 1991 784; x_wconf 85' lang='lat' dir='ltr'><strong>illa</strong></span> <span class='ocrx_word' id='word_1_134' title='bbox 2024 733 2111 788; x_wconf 86' lang='lat' dir='ltr'><strong>die</strong></span> <span class='ocrx_word' id='word_1_135' title='bbox 2165 735 2484 789; x_wconf 76' lang='lat' dir='ltr'><strong>exaltabilur</strong></span> <span class='ocrx_word' id='word_1_136' title='bbox 2540 737 2715 791; x_wconf 88' lang='lat' dir='ltr'><strong>omnis</strong></span> <span class='ocrx_word' id='word_1_137' title='bbox 2766 738 3017 805; x_wconf 85' lang='lat' dir='ltr'><strong>populus,</strong></span> <span class='ocrx_word' id='word_1_138' title='bbox 3049 738 3140 806; x_wconf 88' lang='lat' dir='ltr'><strong>qui</strong></span> <span class='ocrx_word' id='word_1_139' title='bbox 3177 737 3427 792; x_wconf 82' lang='lat' dir='ltr'><strong>inventus</strong></span> 
     </span>
    </p>
   </div>
   <div class='ocr_carea' id='block_1_20' title="bbox 1899 820 2653 893">
    <p class='ocr_par' dir='ltr' id='par_1_20' title="bbox 1899 820 2653 893">
     <span class='ocr_line' id='line_1_20' title="bbox 1899 820 2653 893; baseline 0.004 -17"><span class='ocrx_word' id='word_1_140' title='bbox 1899 820 2062 877; x_wconf 78' lang='lat' dir='ltr'><strong>fuerit</strong></span> <span class='ocrx_word' id='word_1_141' title='bbox 2088 825 2377 893; x_wconf 83' lang='lat' dir='ltr'><strong>inscriptus</strong></span> <span class='ocrx_word' id='word_1_142' title='bbox 2402 828 2455 880; x_wconf 92' lang='lat' dir='ltr'><strong>in</strong></span> <span class='ocrx_word' id='word_1_143' title='bbox 2497 826 2653 879; x_wconf 87' lang='lat' dir='ltr'><strong>libro.</strong></span> 
     </span>
    </p>
   </div>
   <div class='ocr_carea' id='block_1_21' title="bbox 1920 912 3427 969">
    <p class='ocr_par' dir='ltr' id='par_1_21' title="bbox 1920 912 3427 969">
     <span class='ocr_line' id='line_1_21' title="bbox 1920 912 3427 969; baseline 0.003 -4"><span class='ocrx_word' id='word_1_144' title='bbox 1920 941 1925 947; x_wconf 72' lang='grc' dir='ltr'><strong>ι</strong></span> <span class='ocrx_word' id='word_1_145' title='bbox 1968 912 2023 965; x_wconf 73' lang='lat'><strong>2.</strong></span> <span class='ocrx_word' id='word_1_146' title='bbox 2063 912 2128 966; x_wconf 86' lang='lat' dir='ltr'><strong>Et</strong></span> <span class='ocrx_word' id='word_1_147' title='bbox 2150 914 2301 967; x_wconf 88' lang='lat' dir='ltr'><strong>multi</strong></span> <span class='ocrx_word' id='word_1_148' title='bbox 2331 915 2709 969; x_wconf 92' lang='lat' dir='ltr'><strong>dormientium</strong></span> <span class='ocrx_word' id='word_1_149' title='bbox 2744 916 2799 969; x_wconf 90' lang='lat' dir='ltr'><strong>in</strong></span> <span class='ocrx_word' id='word_1_150' title='bbox 2835 915 3110 969; x_wconf 73' lang='lat' dir='ltr'><strong>latitudine</strong></span> <span class='ocrx_word' id='word_1_151' title='bbox 3145 924 3300 969; x_wconf 74' lang='lat' dir='ltr'><strong>teme</strong></span> <span class='ocrx_word' id='word_1_152' title='bbox 3330 930 3427 969; x_wconf 79' lang='lat' dir='ltr'><strong>ex-</strong></span> 
     </span>
    </p>
   </div>
   <div class='ocr_carea' id='block_1_22' title="bbox 1900 1004 3428 1073">
    <p class='ocr_par' dir='ltr' id='par_1_22' title="bbox 1900 1004 3428 1073">
     <span class='ocr_line' id='line_1_22' title="bbox 1900 1004 3428 1073; baseline 0 -18"><span class='ocrx_word' id='word_1_153' title='bbox 1900 1011 2139 1070; x_wconf 89' lang='lat' dir='ltr'><strong>surgent,</strong></span> <span class='ocrx_word' id='word_1_154' title='bbox 2181 1004 2270 1057; x_wconf 82' lang='lat' dir='ltr'><strong>alii</strong></span> <span class='ocrx_word' id='word_1_155' title='bbox 2307 1005 2521 1073; x_wconf 85' lang='lat' dir='ltr'><strong>quidem</strong></span> <span class='ocrx_word' id='word_1_156' title='bbox 2574 1005 2627 1057; x_wconf 91' lang='lat' dir='ltr'><strong>in</strong></span> <span class='ocrx_word' id='word_1_157' title='bbox 2668 1005 2828 1058; x_wconf 76' lang='lat' dir='ltr'><strong>vitam</strong></span> <span class='ocrx_word' id='word_1_158' title='bbox 2869 1014 3139 1067; x_wconf 58' lang='lat' dir='ltr'><strong>uernam,</strong></span> <span class='ocrx_word' id='word_1_159' title='bbox 3181 1004 3271 1057; x_wconf 90' lang='lat' dir='ltr'><strong>alii</strong></span> <span class='ocrx_word' id='word_1_160' title='bbox 3305 1019 3428 1057; x_wconf 80' lang='lat' dir='ltr'><strong>vero</strong></span> 
     </span>
    </p>
   </div>
   <div class='ocr_carea' id='block_1_23' title="bbox 1901 1088 3427 1159">
    <p class='ocr_par' dir='ltr' id='par_1_23' title="bbox 1901 1088 3427 1159">
     <span class='ocr_line' id='line_1_23' title="bbox 1901 1088 3427 1159; baseline 0.002 -20"><span class='ocrx_word' id='word_1_161' title='bbox 1901 1088 1954 1140; x_wconf 90' lang='lat' dir='ltr'><strong>in</strong></span> <span class='ocrx_word' id='word_1_162' title='bbox 1986 1089 2353 1156; x_wconf 87' lang='lat' dir='ltr'><strong>opprobrium,</strong></span> <span class='ocrx_word' id='word_1_163' title='bbox 2385 1091 2473 1144; x_wconf 84' lang='lat' dir='ltr'><strong>alii</strong></span> <span class='ocrx_word' id='word_1_164' title='bbox 2496 1104 2619 1144; x_wconf 80' lang='lat' dir='ltr'><strong>vero</strong></span> <span class='ocrx_word' id='word_1_165' title='bbox 2649 1090 2702 1143; x_wconf 90' lang='lat' dir='ltr'><strong>in</strong></span> <span class='ocrx_word' id='word_1_166' title='bbox 2731 1089 3137 1159; x_wconf 84' lang='lat' dir='ltr'><strong>dispersiouem,</strong></span> <span class='ocrx_word' id='word_1_167' title='bbox 3162 1097 3215 1142; x_wconf 90' lang='lat' dir='ltr'><strong>et</strong></span> <span class='ocrx_word' id='word_1_168' title='bbox 3238 1088 3427 1143; x_wconf 79' lang='lat' dir='ltr'><strong>confu-</strong></span> 
     </span>
    </p>
   </div>
   <div class='ocr_carea' id='block_1_24' title="bbox 1901 1176 2539 1247">
    <p class='ocr_par' dir='ltr' id='par_1_24' title="bbox 1901 1176 2539 1247">
     <span class='ocr_line' id='line_1_24' title="bbox 1901 1176 2539 1247; baseline 0.008 -19"><span class='ocrx_word' id='word_1_169' title='bbox 1901 1176 2104 1230; x_wconf 81' lang='lat' dir='ltr'><strong>sionem</strong></span> <span class='ocrx_word' id='word_1_170' title='bbox 2143 1179 2539 1247; x_wconf 83' lang='lat' dir='ltr'><strong>sempiternam.</strong></span> 
     </span>
    </p>
   </div>
   <div class='ocr_carea' id='block_1_25' title="bbox 1969 1264 3428 1336">
    <p class='ocr_par' dir='ltr' id='par_1_25' title="bbox 1969 1264 3428 1336">
     <span class='ocr_line' id='line_1_25' title="bbox 1969 1264 3428 1336; baseline 0.002 -19"><span class='ocrx_word' id='word_1_171' title='bbox 1969 1265 2022 1317; x_wconf 79' lang='lat'><strong>3.</strong></span> <span class='ocrx_word' id='word_1_172' title='bbox 2060 1264 2126 1319; x_wconf 85' lang='lat' dir='ltr'><strong>Et</strong></span> <span class='ocrx_word' id='word_1_173' title='bbox 2170 1266 2523 1336; x_wconf 84' lang='lat' dir='ltr'><strong>intelligentes</strong></span> <span class='ocrx_word' id='word_1_174' title='bbox 2558 1267 2909 1336; x_wconf 87' lang='lat' dir='ltr'><strong>splendebunt</strong></span> <span class='ocrx_word' id='word_1_175' title='bbox 2966 1268 3105 1323; x_wconf 84' lang='lat' dir='ltr'><strong>sicut</strong></span> <span class='ocrx_word' id='word_1_176' title='bbox 3146 1267 3428 1321; x_wconf 88' lang='lat' dir='ltr'><strong>luminaria</strong></span> 
     </span>
    </p>
   </div>
   <div class='ocr_carea' id='block_1_26' title="bbox 1900 1352 3428 1423">
    <p class='ocr_par' dir='ltr' id='par_1_26' title="bbox 1900 1352 3428 1423">
     <span class='ocr_line' id='line_1_26' title="bbox 1900 1352 3428 1423; baseline 0.001 -19"><span class='ocrx_word' id='word_1_177' title='bbox 1900 1352 2020 1406; x_wconf 73' lang='grc' dir='ltr'>οωιί</span> <span class='ocrx_word' id='word_1_178' title='bbox 2044 1368 2059 1403; x_wconf 87' lang='lat'><strong>:</strong></span> <span class='ocrx_word' id='word_1_179' title='bbox 2086 1362 2137 1407; x_wconf 92' lang='lat' dir='ltr'><strong>et</strong></span> <span class='ocrx_word' id='word_1_180' title='bbox 2161 1354 2541 1409; x_wconf 82' lang='lat' dir='ltr'><strong>conﬂrmantes</strong></span> <span class='ocrx_word' id='word_1_181' title='bbox 2592 1368 2868 1409; x_wconf 78' lang='lat' dir='ltr'><strong>sermones</strong></span> <span class='ocrx_word' id='word_1_182' title='bbox 2916 1370 3065 1409; x_wconf 83' lang='lat' dir='ltr'><strong>meos</strong></span> <span class='ocrx_word' id='word_1_183' title='bbox 3108 1355 3261 1423; x_wconf 88' lang='lat' dir='ltr'><strong>quasi</strong></span> <span class='ocrx_word' id='word_1_184' title='bbox 3286 1363 3428 1407; x_wconf 80' lang='lat' dir='ltr'><strong>astra</strong></span> 
     </span>
    </p>
   </div>
   <div class='ocr_carea' id='block_1_27' title="bbox 1899 1440 2617 1500">
    <p class='ocr_par' dir='ltr' id='par_1_27' title="bbox 1899 1440 2617 1500">
     <span class='ocr_line' id='line_1_27' title="bbox 1899 1440 2617 1500; baseline 0.008 -8"><span class='ocrx_word' id='word_1_185' title='bbox 1899 1440 2023 1493; x_wconf 67' lang='lat' dir='ltr'><strong>caeli</strong></span> <span class='ocrx_word' id='word_1_186' title='bbox 2052 1441 2105 1493; x_wconf 91' lang='lat' dir='ltr'><strong>in</strong></span> <span class='ocrx_word' id='word_1_187' title='bbox 2131 1443 2385 1496; x_wconf 62' lang='lat' dir='ltr'><strong>smeulum</strong></span> <span class='ocrx_word' id='word_1_188' title='bbox 2415 1445 2617 1500; x_wconf 67' lang='lat' dir='ltr'><strong>seculi.</strong></span> 
     </span>
    </p>
   </div>
   <div class='ocr_carea' id='block_1_28' title="bbox 1971 1530 3429 1602">
    <p class='ocr_par' dir='ltr' id='par_1_28' title="bbox 1971 1530 3429 1602">
     <span class='ocr_line' id='line_1_28' title="bbox 1971 1530 3429 1602; baseline 0.001 -18"><span class='ocrx_word' id='word_1_189' title='bbox 1971 1531 2025 1584; x_wconf 73' lang='grc'>4.</span> <span class='ocrx_word' id='word_1_190' title='bbox 2064 1530 2143 1585; x_wconf 88' lang='lat' dir='ltr'><strong>Tu</strong></span> <span class='ocrx_word' id='word_1_191' title='bbox 2177 1546 2377 1595; x_wconf 88' lang='lat' dir='ltr'><strong>autem,</strong></span> <span class='ocrx_word' id='word_1_192' title='bbox 2405 1533 2606 1595; x_wconf 89' lang='lat' dir='ltr'><strong>Daniel,</strong></span> <span class='ocrx_word' id='word_1_193' title='bbox 2630 1535 2896 1589; x_wconf 87' lang='lat' dir='ltr'><strong>absconde</strong></span> <span class='ocrx_word' id='word_1_194' title='bbox 2913 1536 3183 1597; x_wconf 87' lang='lat' dir='ltr'><strong>mandata,</strong></span> <span class='ocrx_word' id='word_1_195' title='bbox 3200 1543 3256 1588; x_wconf 90' lang='lat' dir='ltr'><strong>et</strong></span> <span class='ocrx_word' id='word_1_196' title='bbox 3279 1535 3429 1602; x_wconf 87' lang='lat' dir='ltr'><strong>signa</strong></span> 
     </span>
    </p>
   </div>
   <div class='ocr_carea' id='block_1_29' title="bbox 1898 1622 3429 1691">
    <p class='ocr_par' dir='ltr' id='par_1_29' title="bbox 1898 1622 3429 1691">
     <span class='ocr_line' id='line_1_29' title="bbox 1898 1622 3429 1691; baseline 0.001 -17"><span class='ocrx_word' id='word_1_197' title='bbox 1898 1622 2092 1675; x_wconf 88' lang='lat' dir='ltr'><strong>librum</strong></span> <span class='ocrx_word' id='word_1_198' title='bbox 2117 1626 2287 1691; x_wconf 86' lang='lat' dir='ltr'><strong>usque</strong></span> <span class='ocrx_word' id='word_1_199' title='bbox 2308 1624 2374 1677; x_wconf 92' lang='lat' dir='ltr'><strong>ad</strong></span> <span class='ocrx_word' id='word_1_200' title='bbox 2404 1632 2611 1691; x_wconf 80' lang='lat' dir='ltr'><strong>tempus</strong></span> <span class='ocrx_word' id='word_1_201' title='bbox 2637 1623 3131 1688; x_wconf 84' lang='lat' dir='ltr'><strong>consummationis,</strong></span> <span class='ocrx_word' id='word_1_202' title='bbox 3153 1624 3322 1677; x_wconf 87' lang='lat' dir='ltr'><strong>donec</strong></span> <span class='ocrx_word' id='word_1_203' title='bbox 3345 1623 3429 1675; x_wconf 85' lang='lat' dir='ltr'><strong>iu-</strong></span> 
     </span>
    </p>
   </div>
   <div class='ocr_carea' id='block_1_30' title="bbox 1900 1711 3224 1781">
    <p class='ocr_par' dir='ltr' id='par_1_30' title="bbox 1900 1711 3224 1781">
     <span class='ocr_line' id='line_1_30' title="bbox 1900 1711 3224 1781; baseline -0.001 -16"><span class='ocrx_word' id='word_1_204' title='bbox 1900 1711 2114 1765; x_wconf 86' lang='lat' dir='ltr'><strong>saniant</strong></span> <span class='ocrx_word' id='word_1_205' title='bbox 2142 1712 2317 1774; x_wconf 88' lang='lat' dir='ltr'><strong>multi,</strong></span> <span class='ocrx_word' id='word_1_206' title='bbox 2347 1722 2400 1765; x_wconf 87' lang='lat' dir='ltr'><strong>et</strong></span> <span class='ocrx_word' id='word_1_207' title='bbox 2429 1713 2710 1781; x_wconf 87' lang='lat' dir='ltr'><strong>impleatur</strong></span> <span class='ocrx_word' id='word_1_208' title='bbox 2737 1722 2877 1765; x_wconf 91' lang='lat' dir='ltr'><strong>terra</strong></span> <span class='ocrx_word' id='word_1_209' title='bbox 2906 1712 3224 1779; x_wconf 86' lang='lat' dir='ltr'><strong>iniquitatis.</strong></span> 
     </span>
    </p>
   </div>
   <div class='ocr_carea' id='block_1_31' title="bbox 314 1774 1808 1866">
    <p class='ocr_par' dir='ltr' id='par_1_31' title="bbox 314 1774 1801 1866">
     <span class='ocr_line' id='line_1_31' title="bbox 314 1774 1801 1866; baseline 0.006 -39"><span class='ocrx_word' id='word_1_210' title='bbox 314 1776 365 1828; x_wconf 85' lang='lat'><strong>5.</strong></span> <span class='ocrx_word' id='word_1_211' title='bbox 398 1777 503 1829; x_wconf 85' lang='lat' dir='ltr'><strong>Kal</strong></span> <span class='ocrx_word' id='word_1_212' title='bbox 508 1774 660 1866; x_wconf 56' lang='grc' dir='ltr'>εἶδον</span> <span class='ocrx_word' id='word_1_213' title='bbox 690 1780 803 1847; x_wconf 77' lang='grc' dir='ltr'><strong>ἐγὼ</strong></span> <span class='ocrx_word' id='word_1_214' title='bbox 824 1782 1042 1851; x_wconf 84' lang='grc' dir='ltr'>Δανιὴλ,</span> <span class='ocrx_word' id='word_1_215' title='bbox 1059 1784 1152 1835; x_wconf 79' lang='grc' dir='ltr'><strong>καὶ</strong></span> <span class='ocrx_word' id='word_1_216' title='bbox 1178 1784 1283 1836; x_wconf 82' lang='grc' dir='ltr'>ίδοὺ</span> <span class='ocrx_word' id='word_1_217' title='bbox 1304 1784 1396 1836; x_wconf 90' lang='grc' dir='ltr'><strong>δύο</strong></span> <span class='ocrx_word' id='word_1_218' title='bbox 1423 1784 1593 1853; x_wconf 72' lang='grc' dir='ltr'>ἕτεροι</span> <span class='ocrx_word' id='word_1_219' title='bbox 1624 1786 1801 1854; x_wconf 78' lang='grc' dir='ltr'>εἱστήο</span> 
     </span>
    </p>
   </div>
   <div class='ocr_carea' id='block_1_32' title="bbox 1937 1774 3432 1866">
    <p class='ocr_par' dir='ltr' id='par_1_32' title="bbox 1968 1774 3432 1866">
     <span class='ocr_line' id='line_1_32' title="bbox 1968 1774 3432 1866; baseline -0.001 -15"><span class='ocrx_word' id='word_1_220' title='bbox 1968 1798 2021 1851; x_wconf 82' lang='lat'><strong>5.</strong></span> <span class='ocrx_word' id='word_1_221' title='bbox 2061 1797 2125 1850; x_wconf 88' lang='lat' dir='ltr'><strong>Et</strong></span> <span class='ocrx_word' id='word_1_222' title='bbox 2160 1799 2264 1850; x_wconf 86' lang='lat' dir='ltr'><strong>vidi</strong></span> <span class='ocrx_word' id='word_1_223' title='bbox 2298 1813 2396 1866; x_wconf 91' lang='lat' dir='ltr'><strong>ego</strong></span> <span class='ocrx_word' id='word_1_224' title='bbox 2426 1774 2631 1859; x_wconf 72' lang='lat' dir='ltr'><strong>Daniel.</strong></span> <span class='ocrx_word' id='word_1_225' title='bbox 2659 1807 2713 1851; x_wconf 89' lang='lat' dir='ltr'><strong>et</strong></span> <span class='ocrx_word' id='word_1_226' title='bbox 2755 1811 2879 1851; x_wconf 87' lang='lat' dir='ltr'><strong>ecce</strong></span> <span class='ocrx_word' id='word_1_227' title='bbox 2909 1774 3018 1850; x_wconf 80' lang='lat' dir='ltr'><strong>duo</strong></span> <span class='ocrx_word' id='word_1_228' title='bbox 3063 1796 3151 1850; x_wconf 92' lang='lat' dir='ltr'><strong>alii</strong></span> <span class='ocrx_word' id='word_1_229' title='bbox 3199 1796 3432 1860; x_wconf 88' lang='lat' dir='ltr'><strong>stabant,</strong></span> 
     </span>
    </p>
   </div>
   <div class='ocr_carea' id='block_1_33' title="bbox 238 1859 1593 1940">
    <p class='ocr_par' dir='ltr' id='par_1_33' title="bbox 238 1859 1593 1940">
     <span class='ocr_line' id='line_1_33' title="bbox 238 1859 1593 1940; baseline 0.008 -26"><span class='ocrx_word' id='word_1_230' title='bbox 238 1879 450 1923; x_wconf 78' lang='grc' dir='ltr'>κεισαν.</span> <span class='ocrx_word' id='word_1_231' title='bbox 480 1859 559 1927; x_wconf 75' lang='grc' dir='ltr'><strong>εἷς</strong></span> <span class='ocrx_word' id='word_1_232' title='bbox 586 1866 744 1920; x_wconf 78' lang='grc' dir='ltr'>ἐνθεν</span> <span class='ocrx_word' id='word_1_233' title='bbox 772 1869 867 1921; x_wconf 90' lang='grc' dir='ltr'><strong>τοῦ</strong></span> <span class='ocrx_word' id='word_1_234' title='bbox 902 1870 1168 1940; x_wconf 80' lang='grc' dir='ltr'>ποταμοῦ,</span> <span class='ocrx_word' id='word_1_235' title='bbox 1202 1873 1297 1924; x_wconf 80' lang='grc' dir='ltr'><strong>καὶ</strong></span> <span class='ocrx_word' id='word_1_236' title='bbox 1318 1867 1395 1935; x_wconf 79' lang='grc' dir='ltr'>εἷς</span> <span class='ocrx_word' id='word_1_237' title='bbox 1428 1872 1593 1925; x_wconf 73' lang='grc' dir='ltr'>ἐνθεν.</span> 
     </span>
    </p>
   </div>
   <div class='ocr_carea' id='block_1_34' title="bbox 314 1951 1802 2031">
    <p class='ocr_par' dir='ltr' id='par_1_34' title="bbox 314 1951 1802 2031">
     <span class='ocr_line' id='line_1_34' title="bbox 314 1951 1802 2031; baseline 0.004 -25"><span class='ocrx_word' id='word_1_238' title='bbox 314 1954 370 2006; x_wconf 87' lang='grc'><strong>6.</strong></span> <span class='ocrx_word' id='word_1_239' title='bbox 401 1955 508 2008; x_wconf 80' lang='grc' dir='ltr'><strong>Καὶ</strong></span> <span class='ocrx_word' id='word_1_240' title='bbox 533 1951 665 2008; x_wconf 73' lang='grc' dir='ltr'>εἶπα</span> <span class='ocrx_word' id='word_1_241' title='bbox 685 1957 768 2025; x_wconf 81' lang='grc' dir='ltr'>τῷ</span> <span class='ocrx_word' id='word_1_242' title='bbox 802 1958 885 2011; x_wconf 78' lang='grc' dir='ltr'><strong>ἑνὶ</strong></span> <span class='ocrx_word' id='word_1_243' title='bbox 915 1958 994 2027; x_wconf 84' lang='grc' dir='ltr'>τῷ</span> <span class='ocrx_word' id='word_1_244' title='bbox 1018 1960 1460 2031; x_wconf 86' lang='grc' dir='ltr'>περιϐεϐλημένῳ</span> <span class='ocrx_word' id='word_1_245' title='bbox 1484 1962 1552 2015; x_wconf 83' lang='grc' dir='ltr'><strong>τὰ</strong></span> <span class='ocrx_word' id='word_1_246' title='bbox 1581 1960 1802 2029; x_wconf 84' lang='grc' dir='ltr'>βύσσινα</span> 
     </span>
    </p>
   </div>
   <div class='ocr_carea' id='block_1_35' title="bbox 242 2042 1803 2119">
    <p class='ocr_par' dir='ltr' id='par_1_35' title="bbox 242 2042 1803 2119">
     <span class='ocr_line' id='line_1_35' title="bbox 242 2042 1803 2119; baseline 0.006 -26"><span class='ocrx_word' id='word_1_247' title='bbox 242 2042 325 2111; x_wconf 78' lang='grc' dir='ltr'>τῷ</span> <span class='ocrx_word' id='word_1_248' title='bbox 359 2044 539 2096; x_wconf 72' lang='grc' dir='ltr'>ἐπάνω</span> <span class='ocrx_word' id='word_1_249' title='bbox 563 2044 659 2097; x_wconf 88' lang='grc' dir='ltr'><strong>τοῦ</strong></span> <span class='ocrx_word' id='word_1_250' title='bbox 696 2044 888 2109; x_wconf 81' lang='grc' dir='ltr'>ὓδατος</span> <span class='ocrx_word' id='word_1_251' title='bbox 911 2048 1006 2100; x_wconf 85' lang='grc' dir='ltr'><strong>τοῦ</strong></span> <span class='ocrx_word' id='word_1_252' title='bbox 1041 2051 1280 2119; x_wconf 80' lang='grc' dir='ltr'>ποταμοῦ</span> <span class='ocrx_word' id='word_1_253' title='bbox 1299 2065 1311 2078; x_wconf 89' lang='grc'><strong>·</strong></span> <span class='ocrx_word' id='word_1_254' title='bbox 1346 2051 1479 2103; x_wconf 83' lang='grc' dir='ltr'>Πότε</span> <span class='ocrx_word' id='word_1_255' title='bbox 1502 2046 1593 2103; x_wconf 81' lang='grc' dir='ltr'>οὖν</span> <span class='ocrx_word' id='word_1_256' title='bbox 1618 2050 1803 2103; x_wconf 86' lang='grc' dir='ltr'>συντέ-</span> 
     </span>
    </p>
   </div>
   <div class='ocr_carea' id='block_1_36' title="bbox 243 2127 1804 2208">
    <p class='ocr_par' dir='ltr' id='par_1_36' title="bbox 243 2127 1804 2208">
     <span class='ocr_line' id='line_1_36' title="bbox 243 2127 1804 2208; baseline 0.005 -24"><span class='ocrx_word' id='word_1_257' title='bbox 243 2130 365 2185; x_wconf 77' lang='grc' dir='ltr'>λεια</span> <span class='ocrx_word' id='word_1_258' title='bbox 402 2127 472 2187; x_wconf 82' lang='grc' dir='ltr'>ὧν</span> <span class='ocrx_word' id='word_1_259' title='bbox 498 2136 732 2204; x_wconf 82' lang='grc' dir='ltr'>ετρηκάς</span> <span class='ocrx_word' id='word_1_260' title='bbox 767 2154 858 2205; x_wconf 91' lang='grc' dir='ltr'><strong>μοι</strong></span> <span class='ocrx_word' id='word_1_261' title='bbox 888 2138 998 2191; x_wconf 84' lang='grc' dir='ltr'>τῶν</span> <span class='ocrx_word' id='word_1_262' title='bbox 1031 2137 1381 2208; x_wconf 83' lang='grc' dir='ltr'>θαυμαστῶν;</span> <span class='ocrx_word' id='word_1_263' title='bbox 1418 2153 1480 2195; x_wconf 75' lang='grc' dir='ltr'>-ιι-</span> <span class='ocrx_word' id='word_1_264' title='bbox 1508 2140 1602 2193; x_wconf 71' lang='grc' dir='ltr'>καὶ</span> <span class='ocrx_word' id='word_1_265' title='bbox 1633 2142 1662 2193; x_wconf 89' lang='grc' dir='ltr'><strong>ό</strong></span> <span class='ocrx_word' id='word_1_266' title='bbox 1707 2157 1804 2192; x_wconf 79' lang='grc' dir='ltr'>κα·-</span> 
     </span>
    </p>
   </div>
   <div class='ocr_carea' id='block_1_37' title="bbox 248 2218 1073 2295">
    <p class='ocr_par' dir='ltr' id='par_1_37' title="bbox 248 2218 1073 2295">
     <span class='ocr_line' id='line_1_37' title="bbox 248 2218 1073 2295; baseline 0.013 -25"><span class='ocrx_word' id='word_1_267' title='bbox 248 2218 511 2290; x_wconf 82' lang='grc' dir='ltr'>θαρισμὸς</span> <span class='ocrx_word' id='word_1_268' title='bbox 546 2237 609 2278; x_wconf 78' lang='grc' dir='ltr'><strong>-ι-</strong></span> <span class='ocrx_word' id='word_1_269' title='bbox 635 2223 847 2278; x_wconf 88' lang='grc' dir='ltr'>τούτων</span> <span class='ocrx_word' id='word_1_270' title='bbox 871 2225 929 2295; x_wconf 91' lang='lat'><strong>/.</strong></span> <span class='ocrx_word' id='word_1_271' title='bbox 1070 2236 1073 2239; x_wconf 73' lang='lat'><em>‘</em></span> 
     </span>
    </p>
   </div>
   <div class='ocr_carea' id='block_1_38' title="bbox 322 2317 1805 2392">
    <p class='ocr_par' dir='ltr' id='par_1_38' title="bbox 322 2317 1805 2392">
     <span class='ocr_line' id='line_1_38' title="bbox 322 2317 1805 2392; baseline 0.005 -24"><span class='ocrx_word' id='word_1_272' title='bbox 322 2317 374 2370; x_wconf 89' lang='lat'><strong>7.</strong></span> <span class='ocrx_word' id='word_1_273' title='bbox 400 2319 503 2373; x_wconf 83' lang='lat' dir='ltr'><strong>Kal</strong></span> <span class='ocrx_word' id='word_1_274' title='bbox 528 2320 741 2389; x_wconf 74' lang='grc' dir='ltr'>ηκουσα</span> <span class='ocrx_word' id='word_1_275' title='bbox 773 2320 867 2373; x_wconf 93' lang='grc' dir='ltr'><strong>τοῦ</strong></span> <span class='ocrx_word' id='word_1_276' title='bbox 893 2321 1351 2391; x_wconf 79' lang='grc' dir='ltr'>περιϐεϐλημένον</span> <span class='ocrx_word' id='word_1_277' title='bbox 1379 2323 1448 2376; x_wconf 85' lang='grc' dir='ltr'><strong>τὰ</strong></span> <span class='ocrx_word' id='word_1_278' title='bbox 1470 2323 1713 2392; x_wconf 85' lang='grc' dir='ltr'>βύσσινα,</span> <span class='ocrx_word' id='word_1_279' title='bbox 1744 2323 1805 2386; x_wconf 77' lang='grc' dir='ltr'>ὃς</span> 
     </span>
    </p>
   </div>
   <div class='ocr_carea' id='block_1_39' title="bbox 251 2400 1803 2483">
    <p class='ocr_par' dir='ltr' id='par_1_39' title="bbox 251 2400 1803 2483">
     <span class='ocr_line' id='line_1_39' title="bbox 251 2400 1803 2483; baseline 0.005 -24"><span class='ocrx_word' id='word_1_280' title='bbox 251 2400 321 2474; x_wconf 73' lang='grc' dir='ltr'>ἦν</span> <span class='ocrx_word' id='word_1_281' title='bbox 344 2408 517 2461; x_wconf 70' lang='grc' dir='ltr'>ἐπάνω</span> <span class='ocrx_word' id='word_1_282' title='bbox 537 2409 630 2461; x_wconf 91' lang='grc' dir='ltr'><strong>τοῦ</strong></span> <span class='ocrx_word' id='word_1_283' title='bbox 653 2409 848 2472; x_wconf 78' lang='grc' dir='ltr'>ὓδατος</span> <span class='ocrx_word' id='word_1_284' title='bbox 871 2410 965 2462; x_wconf 90' lang='grc' dir='ltr'><strong>τοῦ</strong></span> <span class='ocrx_word' id='word_1_285' title='bbox 1004 2412 1269 2480; x_wconf 84' lang='grc' dir='ltr'>ποταμοῦ’</span> <span class='ocrx_word' id='word_1_286' title='bbox 1296 2414 1439 2475; x_wconf 86' lang='grc' dir='ltr'><strong>Ἕως</strong></span> <span class='ocrx_word' id='word_1_287' title='bbox 1469 2415 1657 2483; x_wconf 83' lang='grc' dir='ltr'>καιροῦ</span> <span class='ocrx_word' id='word_1_288' title='bbox 1681 2432 1803 2467; x_wconf 91' lang='grc' dir='ltr'>συν-</span> 
     </span>
    </p>
   </div>
   <div class='ocr_carea' id='block_1_40' title="bbox 254 2496 1803 2571">
    <p class='ocr_par' dir='ltr' id='par_1_40' title="bbox 254 2496 1803 2571">
     <span class='ocr_line' id='line_1_40' title="bbox 254 2496 1803 2571; baseline 0.006 -25"><span class='ocrx_word' id='word_1_289' title='bbox 254 2496 485 2560; x_wconf 82' lang='grc' dir='ltr'>τελείας’</span> <span class='ocrx_word' id='word_1_290' title='bbox 520 2500 617 2551; x_wconf 76' lang='grc' dir='ltr'>καὶ</span> <span class='ocrx_word' id='word_1_291' title='bbox 668 2498 855 2567; x_wconf 78' lang='grc' dir='ltr'>ῦψωσε</span> <span class='ocrx_word' id='word_1_292' title='bbox 900 2499 997 2568; x_wconf 85' lang='grc' dir='ltr'>τὴν</span> <span class='ocrx_word' id='word_1_293' title='bbox 1041 2501 1217 2564; x_wconf 82' lang='grc' dir='ltr'>δεξιὰν</span> <span class='ocrx_word' id='word_1_294' title='bbox 1248 2502 1343 2554; x_wconf 75' lang='grc' dir='ltr'>καὶ</span> <span class='ocrx_word' id='word_1_295' title='bbox 1378 2502 1475 2569; x_wconf 75' lang='grc' dir='ltr'>τὴν</span> <span class='ocrx_word' id='word_1_296' title='bbox 1515 2502 1803 2571; x_wconf 80' lang='grc' dir='ltr'>ἀριστερὰν</span> 
     </span>
    </p>
   </div>
   <div class='ocr_carea' id='block_1_41' title="bbox 258 2587 1804 2657">
    <p class='ocr_par' dir='ltr' id='par_1_41' title="bbox 258 2587 1804 2657">
     <span class='ocr_line' id='line_1_41' title="bbox 258 2587 1804 2657; baseline 0.006 -22"><span class='ocrx_word' id='word_1_297' title='bbox 258 2587 338 2648; x_wconf 79' lang='grc' dir='ltr'>εἰς</span> <span class='ocrx_word' id='word_1_298' title='bbox 360 2588 447 2641; x_wconf 79' lang='grc' dir='ltr'>τὸν</span> <span class='ocrx_word' id='word_1_299' title='bbox 483 2589 734 2657; x_wconf 76' lang='grc' dir='ltr'>οὐρανὸν,</span> <span class='ocrx_word' id='word_1_300' title='bbox 761 2590 857 2641; x_wconf 78' lang='grc' dir='ltr'><strong>καὶ</strong></span> <span class='ocrx_word' id='word_1_301' title='bbox 877 2587 1057 2657; x_wconf 80' lang='grc' dir='ltr'>ὤμοσε</span> <span class='ocrx_word' id='word_1_302' title='bbox 1087 2590 1176 2644; x_wconf 83' lang='grc' dir='ltr'>τὸν</span> <span class='ocrx_word' id='word_1_303' title='bbox 1201 2588 1374 2653; x_wconf 84' lang='grc' dir='ltr'>ζῶντα</span> <span class='ocrx_word' id='word_1_304' title='bbox 1404 2592 1482 2652; x_wconf 84' lang='grc' dir='ltr'><strong>είς</strong></span> <span class='ocrx_word' id='word_1_305' title='bbox 1513 2590 1602 2643; x_wconf 77' lang='grc' dir='ltr'><strong>τὸν</strong></span> <span class='ocrx_word' id='word_1_306' title='bbox 1635 2591 1804 2646; x_wconf 76' lang='grc' dir='ltr'>αἰῶνα</span> 
     </span>
    </p>
   </div>
   <div class='ocr_carea' id='block_1_42' title="bbox 260 2673 1803 2747">
    <p class='ocr_par' dir='ltr' id='par_1_42' title="bbox 260 2673 1803 2747">
     <span class='ocr_line' id='line_1_42' title="bbox 260 2673 1803 2747; baseline 0.003 -22"><span class='ocrx_word' id='word_1_307' title='bbox 260 2673 404 2736; x_wconf 78' lang='grc' dir='ltr'>Θεὸν,</span> <span class='ocrx_word' id='word_1_308' title='bbox 434 2678 512 2729; x_wconf 80' lang='grc' dir='ltr'>ὅτι</span> <span class='ocrx_word' id='word_1_309' title='bbox 540 2678 620 2740; x_wconf 81' lang='grc' dir='ltr'><strong>εἰς</strong></span> <span class='ocrx_word' id='word_1_310' title='bbox 648 2678 843 2747; x_wconf 77' lang='grc' dir='ltr'>καιρὸν</span> <span class='ocrx_word' id='word_1_311' title='bbox 874 2676 968 2730; x_wconf 76' lang='grc' dir='ltr'>καὶ</span> <span class='ocrx_word' id='word_1_312' title='bbox 1015 2678 1260 2746; x_wconf 77' lang='grc' dir='ltr'>καιροὺς.</span> <span class='ocrx_word' id='word_1_313' title='bbox 1290 2678 1384 2730; x_wconf 81' lang='grc' dir='ltr'>καὶ</span> <span class='ocrx_word' id='word_1_314' title='bbox 1412 2678 1579 2744; x_wconf 79' lang='grc' dir='ltr'>ἥμισυ</span> <span class='ocrx_word' id='word_1_315' title='bbox 1616 2676 1803 2747; x_wconf 86' lang='grc' dir='ltr'>καιροῦ</span> 
     </span>
    </p>
   </div>
   <div class='ocr_carea' id='block_1_43' title="bbox 261 2764 1804 2835">
    <p class='ocr_par' dir='ltr' id='par_1_43' title="bbox 261 2764 1804 2835">
     <span class='ocr_line' id='line_1_43' title="bbox 261 2764 1804 2835; baseline 0.003 -20"><span class='ocrx_word' id='word_1_316' title='bbox 261 2764 296 2830; x_wconf 75' lang='grc' dir='ltr'><strong>ἠ</strong></span> <span class='ocrx_word' id='word_1_317' title='bbox 342 2766 611 2819; x_wconf 80' lang='grc' dir='ltr'>συντέλεια</span> <span class='ocrx_word' id='word_1_318' title='bbox 651 2766 859 2835; x_wconf 84' lang='grc' dir='ltr'>χειρῶν</span> <span class='ocrx_word' id='word_1_319' title='bbox 911 2765 1157 2834; x_wconf 79' lang='grc' dir='ltr'><strong>ἀφέσεως</strong></span> <span class='ocrx_word' id='word_1_320' title='bbox 1203 2764 1327 2819; x_wconf 89' lang='grc' dir='ltr'>λαοῦ</span> <span class='ocrx_word' id='word_1_321' title='bbox 1357 2765 1533 2832; x_wconf 86' lang='grc' dir='ltr'>άγίου,</span> <span class='ocrx_word' id='word_1_322' title='bbox 1559 2767 1652 2820; x_wconf 78' lang='grc' dir='ltr'>καὶ</span> <span class='ocrx_word' id='word_1_323' title='bbox 1681 2784 1804 2819; x_wconf 80' lang='grc' dir='ltr'>συν-</span> 
     </span>
    </p>
   </div>
   <div class='ocr_carea' id='block_1_44' title="bbox 261 2853 1245 2924">
    <p class='ocr_par' dir='ltr' id='par_1_44' title="bbox 261 2853 1245 2924">
     <span class='ocr_line' id='line_1_44' title="bbox 261 2853 1245 2924; baseline 0.001 -19"><span class='ocrx_word' id='word_1_324' title='bbox 261 2853 629 2924; x_wconf 77' lang='grc' dir='ltr'>τελεσθήσεται</span> <span class='ocrx_word' id='word_1_325' title='bbox 662 2857 847 2908; x_wconf 83' lang='grc' dir='ltr'>πάντα</span> <span class='ocrx_word' id='word_1_326' title='bbox 880 2854 1073 2907; x_wconf 89' lang='grc' dir='ltr'>ταῦτα.</span> <span class='ocrx_word' id='word_1_327' title='bbox 1237 2914 1245 2922; x_wconf 82' lang='lat'><em>_</em></span> 
     </span>
    </p>
   </div>
   <div class='ocr_carea' id='block_1_45' title="bbox 328 2941 1803 3013">
    <p class='ocr_par' dir='ltr' id='par_1_45' title="bbox 328 2941 1803 3013">
     <span class='ocr_line' id='line_1_45' title="bbox 328 2941 1803 3013; baseline 0 -20"><span class='ocrx_word' id='word_1_328' title='bbox 328 2945 379 2993; x_wconf 74' lang='lat'><strong>8.</strong></span> <span class='ocrx_word' id='word_1_329' title='bbox 408 2944 514 2996; x_wconf 89' lang='lat' dir='ltr'><strong>Kal</strong></span> <span class='ocrx_word' id='word_1_330' title='bbox 551 2942 664 3010; x_wconf 72' lang='grc' dir='ltr'><strong>ἐγὼ</strong></span> <span class='ocrx_word' id='word_1_331' title='bbox 691 2942 928 3011; x_wconf 68' lang='grc' dir='ltr'>ἤκουσα,</span> <span class='ocrx_word' id='word_1_332' title='bbox 959 2944 1053 2995; x_wconf 76' lang='grc' dir='ltr'>καὶ</span> <span class='ocrx_word' id='word_1_333' title='bbox 1076 2942 1135 3013; x_wconf 74' lang='grc' dir='ltr'><strong>ού</strong></span> <span class='ocrx_word' id='word_1_334' title='bbox 1169 2941 1443 3010; x_wconf 82' lang='grc' dir='ltr'>διενοήθην</span> <span class='ocrx_word' id='word_1_335' title='bbox 1484 2941 1612 3011; x_wconf 79' lang='grc' dir='ltr'>παρ’</span> <span class='ocrx_word' id='word_1_336' title='bbox 1645 2941 1803 2994; x_wconf 81' lang='grc' dir='ltr'>αὐτὸν</span> 
     </span>
    </p>
   </div>
   <div class='ocr_carea' id='block_1_46' title="bbox 1900 1885 3243 1955">
    <p class='ocr_par' dir='ltr' id='par_1_46' title="bbox 1900 1885 3243 1955">
     <span class='ocr_line' id='line_1_46' title="bbox 1900 1885 3243 1955; baseline -0.001 -16"><span class='ocrx_word' id='word_1_337' title='bbox 1900 1901 2041 1941; x_wconf 90' lang='lat' dir='ltr'><strong>unus</strong></span> <span class='ocrx_word' id='word_1_338' title='bbox 2064 1886 2131 1939; x_wconf 86' lang='lat' dir='ltr'><strong>ab</strong></span> <span class='ocrx_word' id='word_1_339' title='bbox 2153 1902 2258 1939; x_wconf 87' lang='lat' dir='ltr'><strong>una</strong></span> <span class='ocrx_word' id='word_1_340' title='bbox 2288 1896 2440 1955; x_wconf 86' lang='lat' dir='ltr'><strong>parte</strong></span> <span class='ocrx_word' id='word_1_341' title='bbox 2468 1886 2723 1951; x_wconf 85' lang='lat' dir='ltr'><strong>ﬂuminis,</strong></span> <span class='ocrx_word' id='word_1_342' title='bbox 2746 1894 2801 1940; x_wconf 91' lang='lat' dir='ltr'><strong>et</strong></span> <span class='ocrx_word' id='word_1_343' title='bbox 2824 1885 2962 1940; x_wconf 88' lang='lat' dir='ltr'><strong>alius</strong></span> <span class='ocrx_word' id='word_1_344' title='bbox 2983 1888 3051 1939; x_wconf 89' lang='lat' dir='ltr'><strong>ab</strong></span> <span class='ocrx_word' id='word_1_345' title='bbox 3079 1886 3243 1940; x_wconf 87' lang='lat' dir='ltr'><strong>altera</strong></span> 
     </span>
    </p>
   </div>
   <div class='ocr_carea' id='block_1_47' title="bbox 1968 1971 3434 2042">
    <p class='ocr_par' dir='ltr' id='par_1_47' title="bbox 1968 1971 3434 2042">
     <span class='ocr_line' id='line_1_47' title="bbox 1968 1971 3434 2042; baseline -0.002 -15"><span class='ocrx_word' id='word_1_346' title='bbox 1968 1975 2020 2028; x_wconf 90' lang='lat'><strong>6.</strong></span> <span class='ocrx_word' id='word_1_347' title='bbox 2062 1975 2129 2028; x_wconf 86' lang='lat' dir='ltr'><strong>Et</strong></span> <span class='ocrx_word' id='word_1_348' title='bbox 2152 1974 2261 2028; x_wconf 81' lang='lat' dir='ltr'><strong>dixi</strong></span> <span class='ocrx_word' id='word_1_349' title='bbox 2290 1974 2403 2039; x_wconf 92' lang='lat' dir='ltr'><strong>uni,</strong></span> <span class='ocrx_word' id='word_1_350' title='bbox 2428 1975 2517 2042; x_wconf 85' lang='lat' dir='ltr'><strong>qui</strong></span> <span class='ocrx_word' id='word_1_351' title='bbox 2546 1974 2763 2027; x_wconf 90' lang='lat' dir='ltr'><strong>indutus</strong></span> <span class='ocrx_word' id='word_1_352' title='bbox 2783 1982 2895 2026; x_wconf 87' lang='lat' dir='ltr'><strong>erat</strong></span> <span class='ocrx_word' id='word_1_353' title='bbox 2922 1973 3176 2042; x_wconf 88' lang='lat' dir='ltr'><strong>byssinis,</strong></span> <span class='ocrx_word' id='word_1_354' title='bbox 3201 1971 3293 2041; x_wconf 90' lang='lat' dir='ltr'><strong>qui</strong></span> <span class='ocrx_word' id='word_1_355' title='bbox 3321 1979 3434 2024; x_wconf 79' lang='lat' dir='ltr'><strong>sta-</strong></span> 
     </span>
    </p>
   </div>
   <div class='ocr_carea' id='block_1_48' title="bbox 1900 2061 3431 2132">
    <p class='ocr_par' dir='ltr' id='par_1_48' title="bbox 1900 2061 3431 2132">
     <span class='ocr_line' id='line_1_48' title="bbox 1900 2061 3431 2132; baseline -0.002 -16"><span class='ocrx_word' id='word_1_356' title='bbox 1900 2063 1992 2117; x_wconf 88' lang='lat' dir='ltr'><strong>bat</strong></span> <span class='ocrx_word' id='word_1_357' title='bbox 2013 2077 2171 2131; x_wconf 86' lang='lat' dir='ltr'><strong>supra</strong></span> <span class='ocrx_word' id='word_1_358' title='bbox 2202 2079 2395 2132; x_wconf 88' lang='lat' dir='ltr'><strong>aquam</strong></span> <span class='ocrx_word' id='word_1_359' title='bbox 2431 2063 2670 2116; x_wconf 83' lang='lat' dir='ltr'><strong>ﬂuminis</strong></span> <span class='ocrx_word' id='word_1_360' title='bbox 2700 2078 2714 2114; x_wconf 89' lang='lat'><strong>:</strong></span> <span class='ocrx_word' id='word_1_361' title='bbox 2742 2062 2967 2127; x_wconf 84' lang='lat' dir='ltr'><strong>Quando</strong></span> <span class='ocrx_word' id='word_1_362' title='bbox 2997 2061 3159 2129; x_wconf 87' lang='lat' dir='ltr'><strong>igitur</strong></span> <span class='ocrx_word' id='word_1_363' title='bbox 3179 2074 3431 2114; x_wconf 67' lang='lat' dir='ltr'><strong>coruum-</strong></span> 
     </span>
    </p>
   </div>
   <div class='ocr_carea' id='block_1_49' title="bbox 1901 2134 3527 2220">
    <p class='ocr_par' dir='ltr' id='par_1_49' title="bbox 1901 2134 3527 2220">
     <span class='ocr_line' id='line_1_49' title="bbox 1901 2134 3527 2220; baseline -0.002 -15"><span class='ocrx_word' id='word_1_364' title='bbox 1901 2153 2065 2206; x_wconf 89' lang='lat' dir='ltr'><strong>matio</strong></span> <span class='ocrx_word' id='word_1_365' title='bbox 2104 2153 2370 2215; x_wconf 86' lang='lat' dir='ltr'><strong>istorum,</strong></span> <span class='ocrx_word' id='word_1_366' title='bbox 2425 2167 2545 2220; x_wconf 65' lang='lat' dir='ltr'><strong>quae</strong></span> <span class='ocrx_word' id='word_1_367' title='bbox 2591 2151 2771 2207; x_wconf 82' lang='lat' dir='ltr'><strong>dixisti</strong></span> <span class='ocrx_word' id='word_1_368' title='bbox 2816 2151 2946 2203; x_wconf 86' lang='lat' dir='ltr'><strong>mibi</strong></span> <span class='ocrx_word' id='word_1_369' title='bbox 3000 2150 3348 2213; x_wconf 84' lang='lat' dir='ltr'><strong>mirabilium,</strong></span> <span class='ocrx_word' id='word_1_370' title='bbox 3379 2158 3435 2201; x_wconf 91' lang='lat' dir='ltr'><strong>et</strong></span> <span class='ocrx_word' id='word_1_371' title='bbox 3522 2134 3527 2137; x_wconf 31' lang='grc'><strong><em>⁷</em></strong></span> 
     </span>
    </p>
   </div>
   <div class='ocr_carea' id='block_1_50' title="bbox 1902 2242 2473 2299">
    <p class='ocr_par' dir='ltr' id='par_1_50' title="bbox 1902 2242 2473 2299">
     <span class='ocr_line' id='line_1_50' title="bbox 1902 2242 2473 2299; baseline -0.011 0"><span class='ocrx_word' id='word_1_372' title='bbox 1902 2242 2176 2299; x_wconf 87' lang='lat' dir='ltr'><strong>mundatio</strong></span> <span class='ocrx_word' id='word_1_373' title='bbox 2210 2242 2473 2296; x_wconf 74' lang='lat' dir='ltr'><strong>istorum?</strong></span> 
     </span>
    </p>
   </div>
   <div class='ocr_carea' id='block_1_51' title="bbox 1970 2320 3431 2395">
    <p class='ocr_par' dir='ltr' id='par_1_51' title="bbox 1970 2320 3431 2395">
     <span class='ocr_line' id='line_1_51' title="bbox 1970 2320 3431 2395; baseline -0.003 -16"><span class='ocrx_word' id='word_1_374' title='bbox 1970 2330 2024 2383; x_wconf 86' lang='lat'><strong>7.</strong></span> <span class='ocrx_word' id='word_1_375' title='bbox 2059 2328 2124 2381; x_wconf 88' lang='lat' dir='ltr'><strong>Et</strong></span> <span class='ocrx_word' id='word_1_376' title='bbox 2152 2329 2325 2382; x_wconf 79' lang='lat' dir='ltr'><strong>audivi</strong></span> <span class='ocrx_word' id='word_1_377' title='bbox 2352 2343 2496 2390; x_wconf 89' lang='lat' dir='ltr'><strong>eum,</strong></span> <span class='ocrx_word' id='word_1_378' title='bbox 2526 2328 2617 2395; x_wconf 85' lang='lat' dir='ltr'><strong>qui</strong></span> <span class='ocrx_word' id='word_1_379' title='bbox 2656 2325 2874 2380; x_wconf 87' lang='lat' dir='ltr'><strong>indutus</strong></span> <span class='ocrx_word' id='word_1_380' title='bbox 2912 2334 3028 2379; x_wconf 88' lang='lat' dir='ltr'><strong>erat</strong></span> <span class='ocrx_word' id='word_1_381' title='bbox 3048 2323 3313 2392; x_wconf 82' lang='lat' dir='ltr'><strong>byssinis,</strong></span> <span class='ocrx_word' id='word_1_382' title='bbox 3341 2320 3431 2390; x_wconf 90' lang='lat' dir='ltr'><strong>qui</strong></span> 
     </span>
    </p>
   </div>
   <div class='ocr_carea' id='block_1_52' title="bbox 1900 2413 3433 2485">
    <p class='ocr_par' dir='ltr' id='par_1_52' title="bbox 1900 2413 3433 2485">
     <span class='ocr_line' id='line_1_52' title="bbox 1900 2413 3433 2485; baseline -0.005 -14"><span class='ocrx_word' id='word_1_383' title='bbox 1900 2427 2017 2472; x_wconf 84' lang='lat' dir='ltr'><strong>erat</strong></span> <span class='ocrx_word' id='word_1_384' title='bbox 2048 2432 2209 2485; x_wconf 86' lang='lat' dir='ltr'><strong>super</strong></span> <span class='ocrx_word' id='word_1_385' title='bbox 2236 2432 2428 2485; x_wconf 89' lang='lat' dir='ltr'><strong>aquam</strong></span> <span class='ocrx_word' id='word_1_386' title='bbox 2455 2415 2719 2468; x_wconf 87' lang='lat' dir='ltr'><strong>ﬂuminis:</strong></span> <span class='ocrx_word' id='word_1_387' title='bbox 2749 2413 2932 2482; x_wconf 89' lang='lat' dir='ltr'><strong>Usque</strong></span> <span class='ocrx_word' id='word_1_388' title='bbox 2958 2415 3021 2466; x_wconf 87' lang='lat' dir='ltr'><strong>ad</strong></span> <span class='ocrx_word' id='word_1_389' title='bbox 3059 2423 3269 2479; x_wconf 79' lang='lat' dir='ltr'><strong>tempus</strong></span> <span class='ocrx_word' id='word_1_390' title='bbox 3301 2426 3433 2464; x_wconf 86' lang='lat' dir='ltr'><strong>con-</strong></span> 
     </span>
    </p>
   </div>
   <div class='ocr_carea' id='block_1_53' title="bbox 1858 2499 3431 2560">
    <p class='ocr_par' dir='ltr' id='par_1_53' title="bbox 1858 2499 3431 2560">
     <span class='ocr_line' id='line_1_53' title="bbox 1858 2499 3431 2560; baseline -0.006 0"><span class='ocrx_word' id='word_1_391' title='bbox 1858 2532 1861 2535; x_wconf 91' lang='lat'><strong><em>-</em></strong></span> <span class='ocrx_word' id='word_1_392' title='bbox 1902 2506 2277 2560; x_wconf 89' lang='lat' dir='ltr'><strong>summationis</strong></span> <span class='ocrx_word' id='word_1_393' title='bbox 2313 2524 2325 2558; x_wconf 90' lang='lat'><strong>:</strong></span> <span class='ocrx_word' id='word_1_394' title='bbox 2357 2513 2410 2558; x_wconf 91' lang='lat' dir='ltr'><strong>et</strong></span> <span class='ocrx_word' id='word_1_395' title='bbox 2440 2504 2665 2558; x_wconf 73' lang='lat' dir='ltr'><strong>elevavit</strong></span> <span class='ocrx_word' id='word_1_396' title='bbox 2700 2506 2939 2557; x_wconf 82' lang='lat' dir='ltr'><strong>dextram</strong></span> <span class='ocrx_word' id='word_1_397' title='bbox 2983 2510 3038 2555; x_wconf 90' lang='lat' dir='ltr'><strong>et</strong></span> <span class='ocrx_word' id='word_1_398' title='bbox 3068 2501 3341 2555; x_wconf 85' lang='lat' dir='ltr'><strong>sinistram</strong></span> <span class='ocrx_word' id='word_1_399' title='bbox 3380 2499 3431 2552; x_wconf 92' lang='lat' dir='ltr'><strong>in</strong></span> 
     </span>
    </p>
   </div>
   <div class='ocr_carea' id='block_1_54' title="bbox 1900 2590 3433 2665">
    <p class='ocr_par' dir='ltr' id='par_1_54' title="bbox 1900 2590 3433 2665">
     <span class='ocr_line' id='line_1_54' title="bbox 1900 2590 3433 2665; baseline -0.007 -13"><span class='ocrx_word' id='word_1_400' title='bbox 1900 2597 2120 2660; x_wconf 65' lang='lat' dir='ltr'><strong>coelum,</strong></span> <span class='ocrx_word' id='word_1_401' title='bbox 2152 2607 2204 2650; x_wconf 93' lang='lat' dir='ltr'><strong>et</strong></span> <span class='ocrx_word' id='word_1_402' title='bbox 2232 2596 2430 2665; x_wconf 76' lang='lat' dir='ltr'><strong>jnravit</strong></span> <span class='ocrx_word' id='word_1_403' title='bbox 2459 2611 2554 2663; x_wconf 88' lang='lat' dir='ltr'><strong>per</strong></span> <span class='ocrx_word' id='word_1_404' title='bbox 2578 2594 2845 2648; x_wconf 82' lang='lat' dir='ltr'><strong>viventem</strong></span> <span class='ocrx_word' id='word_1_405' title='bbox 2877 2594 2929 2646; x_wconf 91' lang='lat' dir='ltr'><strong>in</strong></span> <span class='ocrx_word' id='word_1_406' title='bbox 2950 2601 3207 2646; x_wconf 62' lang='lat' dir='ltr'><strong>aeternum</strong></span> <span class='ocrx_word' id='word_1_407' title='bbox 3244 2590 3433 2653; x_wconf 83' lang='lat' dir='ltr'><strong>Deum,</strong></span> 
     </span>
    </p>
   </div>
   <div class='ocr_carea' id='block_1_55' title="bbox 1901 2683 3437 2758">
    <p class='ocr_par' dir='ltr' id='par_1_55' title="bbox 1901 2683 3437 2758">
     <span class='ocr_line' id='line_1_55' title="bbox 1901 2683 3437 2758; baseline -0.004 -15"><span class='ocrx_word' id='word_1_408' title='bbox 1901 2690 2027 2758; x_wconf 89' lang='lat' dir='ltr'><strong>quia</strong></span> <span class='ocrx_word' id='word_1_409' title='bbox 2063 2690 2116 2742; x_wconf 90' lang='lat' dir='ltr'><strong>in</strong></span> <span class='ocrx_word' id='word_1_410' title='bbox 2144 2698 2372 2756; x_wconf 84' lang='lat' dir='ltr'><strong>tempus,</strong></span> <span class='ocrx_word' id='word_1_411' title='bbox 2398 2697 2449 2742; x_wconf 89' lang='lat' dir='ltr'><strong>et</strong></span> <span class='ocrx_word' id='word_1_412' title='bbox 2474 2697 2734 2756; x_wconf 89' lang='lat' dir='ltr'><strong>tempora.</strong></span> <span class='ocrx_word' id='word_1_413' title='bbox 2781 2695 2835 2739; x_wconf 86' lang='lat' dir='ltr'><strong>et</strong></span> <span class='ocrx_word' id='word_1_414' title='bbox 2867 2685 3144 2737; x_wconf 84' lang='lat' dir='ltr'><strong>dimidium</strong></span> <span class='ocrx_word' id='word_1_415' title='bbox 3180 2683 3437 2751; x_wconf 85' lang='lat' dir='ltr'><strong>temporis</strong></span> 
     </span>
    </p>
   </div>
   <div class='ocr_carea' id='block_1_56' title="bbox 1901 2772 3436 2842">
    <p class='ocr_par' dir='ltr' id='par_1_56' title="bbox 1901 2772 3436 2842">
     <span class='ocr_line' id='line_1_56' title="bbox 1901 2772 3436 2842; baseline -0.005 -9"><span class='ocrx_word' id='word_1_416' title='bbox 1901 2779 2293 2833; x_wconf 87' lang='lat' dir='ltr'><strong>consummatio</strong></span> <span class='ocrx_word' id='word_1_417' title='bbox 2326 2792 2581 2830; x_wconf 87' lang='lat' dir='ltr'><strong>manuum</strong></span> <span class='ocrx_word' id='word_1_418' title='bbox 2615 2774 2945 2830; x_wconf 90' lang='lat' dir='ltr'><strong>dimissionis</strong></span> <span class='ocrx_word' id='word_1_419' title='bbox 2997 2772 3179 2842; x_wconf 81' lang='lat' dir='ltr'><strong>populi</strong></span> <span class='ocrx_word' id='word_1_420' title='bbox 3229 2773 3436 2839; x_wconf 85' lang='lat' dir='ltr'><strong>sancti;</strong></span> 
     </span>
    </p>
   </div>
   <div class='ocr_carea' id='block_1_57' title="bbox 1901 2866 2867 2922">
    <p class='ocr_par' dir='ltr' id='par_1_57' title="bbox 1901 2866 2867 2922">
     <span class='ocr_line' id='line_1_57' title="bbox 1901 2866 2867 2922; baseline -0.004 0"><span class='ocrx_word' id='word_1_421' title='bbox 1901 2877 1957 2922; x_wconf 89' lang='lat' dir='ltr'><strong>et</strong></span> <span class='ocrx_word' id='word_1_422' title='bbox 1982 2868 2499 2922; x_wconf 87' lang='lat' dir='ltr'><strong>consummabuntur</strong></span> <span class='ocrx_word' id='word_1_423' title='bbox 2526 2867 2704 2919; x_wconf 87' lang='lat' dir='ltr'><strong>omnia</strong></span> <span class='ocrx_word' id='word_1_424' title='bbox 2732 2866 2867 2919; x_wconf 67' lang='lat' dir='ltr'><strong>haec.</strong></span> 
     </span>
    </p>
   </div>
   <div class='ocr_carea' id='block_1_58' title="bbox 1971 2946 3436 3026">
    <p class='ocr_par' dir='ltr' id='par_1_58' title="bbox 1971 2946 3436 3026">
     <span class='ocr_line' id='line_1_58' title="bbox 1971 2946 3436 3026; baseline -0.004 -15"><span class='ocrx_word' id='word_1_425' title='bbox 1971 2956 2024 3011; x_wconf 87' lang='lat'><strong>8.</strong></span> <span class='ocrx_word' id='word_1_426' title='bbox 2064 2957 2129 3009; x_wconf 87' lang='lat' dir='ltr'><strong>Et</strong></span> <span class='ocrx_word' id='word_1_427' title='bbox 2158 2970 2257 3026; x_wconf 80' lang='lat' dir='ltr'><strong>ego</strong></span> <span class='ocrx_word' id='word_1_428' title='bbox 2292 2955 2492 3014; x_wconf 84' lang='lat' dir='ltr'><strong>audivi.</strong></span> <span class='ocrx_word' id='word_1_429' title='bbox 2531 2964 2582 3008; x_wconf 86' lang='lat' dir='ltr'><strong>et</strong></span> <span class='ocrx_word' id='word_1_430' title='bbox 2634 2969 2739 3008; x_wconf 91' lang='lat' dir='ltr'><strong>non</strong></span> <span class='ocrx_word' id='word_1_431' title='bbox 2804 2953 3036 3009; x_wconf 73' lang='lat' dir='ltr'><strong>intellexi</strong></span> <span class='ocrx_word' id='word_1_432' title='bbox 3071 2946 3212 3006; x_wconf 85' lang='lat' dir='ltr'><strong>circa</strong></span> <span class='ocrx_word' id='word_1_433' title='bbox 3260 2954 3436 3021; x_wconf 89' lang='lat' dir='ltr'><strong>ipsum</strong></span> 
     </span>
    </p>
   </div>
   <div class='ocr_carea' id='block_1_59' title="bbox 264 3028 1808 3136">
    <p class='ocr_par' dir='ltr' id='par_1_59' title="bbox 264 3028 1803 3102">
     <span class='ocr_line' id='line_1_59' title="bbox 264 3028 1803 3102; baseline 0.002 -22"><span class='ocrx_word' id='word_1_434' title='bbox 264 3029 349 3081; x_wconf 69' lang='grc' dir='ltr'><strong>τὸν</strong></span> <span class='ocrx_word' id='word_1_435' title='bbox 376 3033 577 3102; x_wconf 83' lang='grc' dir='ltr'>καιρὸν,</span> <span class='ocrx_word' id='word_1_436' title='bbox 607 3033 706 3085; x_wconf 79' lang='grc' dir='ltr'>καὶ</span> <span class='ocrx_word' id='word_1_437' title='bbox 728 3028 895 3084; x_wconf 74' lang='grc' dir='ltr'>εἶπα·</span> <span class='ocrx_word' id='word_1_438' title='bbox 926 3032 1118 3101; x_wconf 81' lang='grc' dir='ltr'>Κύριε,</span> <span class='ocrx_word' id='word_1_439' title='bbox 1149 3031 1231 3092; x_wconf 88' lang='grc' dir='ltr'><strong>τίς</strong></span> <span class='ocrx_word' id='word_1_440' title='bbox 1279 3032 1312 3099; x_wconf 82' lang='grc' dir='ltr'>ἡ</span> <span class='ocrx_word' id='word_1_441' title='bbox 1344 3031 1494 3093; x_wconf 83' lang='grc' dir='ltr'>λύσις</span> <span class='ocrx_word' id='word_1_442' title='bbox 1524 3030 1619 3085; x_wconf 87' lang='grc' dir='ltr'><strong>τοῦ</strong></span> <span class='ocrx_word' id='word_1_443' title='bbox 1649 3030 1803 3098; x_wconf 89' lang='grc' dir='ltr'>λόγου</span> 
     </span>
    </p>
   </div>
   <div class='ocr_carea' id='block_1_60' title="bbox 1937 3028 3435 3136">
    <p class='ocr_par' dir='ltr' id='par_1_60' title="bbox 1937 3042 3435 3115">
     <span class='ocr_line' id='line_1_60' title="bbox 1937 3042 3435 3115; baseline -0.003 -16"><span class='ocrx_word' id='word_1_444' title='bbox 1937 3059 2133 3115; x_wconf 76' lang='lat' dir='ltr'><strong>empus,</strong></span> <span class='ocrx_word' id='word_1_445' title='bbox 2159 3055 2212 3098; x_wconf 91' lang='lat' dir='ltr'><strong>et</strong></span> <span class='ocrx_word' id='word_1_446' title='bbox 2235 3044 2341 3098; x_wconf 76' lang='lat' dir='ltr'><strong>dixi</strong></span> <span class='ocrx_word' id='word_1_447' title='bbox 2389 3060 2402 3094; x_wconf 90' lang='lat'>:</span> <span class='ocrx_word' id='word_1_448' title='bbox 2438 3042 2684 3105; x_wconf 83' lang='lat' dir='ltr'><strong>Domine,</strong></span> <span class='ocrx_word' id='word_1_449' title='bbox 2709 3058 2955 3110; x_wconf 77' lang='lat' dir='ltr'><strong>quamam</strong></span> <span class='ocrx_word' id='word_1_450' title='bbox 2993 3042 3190 3096; x_wconf 87' lang='lat' dir='ltr'><strong>solutio</strong></span> <span class='ocrx_word' id='word_1_451' title='bbox 3230 3057 3435 3096; x_wconf 79' lang='lat' dir='ltr'><strong>sermo—</strong></span> 
     </span>
    </p>
   </div>
   <div class='ocr_carea' id='block_1_61' title="bbox 263 3114 1395 3190">
    <p class='ocr_par' dir='ltr' id='par_1_61' title="bbox 263 3114 1395 3190">
     <span class='ocr_line' id='line_1_61' title="bbox 263 3114 1395 3190; baseline 0.003 -21"><span class='ocrx_word' id='word_1_452' title='bbox 263 3120 460 3181; x_wconf 81' lang='grc' dir='ltr'>τούτου.</span> <span class='ocrx_word' id='word_1_453' title='bbox 485 3124 578 3175; x_wconf 70' lang='grc' dir='ltr'>καὶ</span> <span class='ocrx_word' id='word_1_454' title='bbox 603 3122 752 3185; x_wconf 88' lang='grc' dir='ltr'>τίνος</span> <span class='ocrx_word' id='word_1_455' title='bbox 784 3122 843 3175; x_wconf 79' lang='lat' dir='ltr'><strong>al</strong></span> <span class='ocrx_word' id='word_1_456' title='bbox 870 3120 1177 3190; x_wconf 61' lang='grc' dir='ltr'>παράϐολα).</span> <span class='ocrx_word' id='word_1_457' title='bbox 1204 3114 1395 3184; x_wconf 61' lang='lat' dir='ltr'><strong>abeat;</strong></span> 
     </span>
    </p>
   </div>
   <div class='ocr_carea' id='block_1_62' title="bbox 329 3209 1810 3281">
    <p class='ocr_par' dir='ltr' id='par_1_62' title="bbox 329 3209 1810 3281">
     <span class='ocr_line' id='line_1_62' title="bbox 329 3209 1810 3281; baseline -0.001 -17"><span class='ocrx_word' id='word_1_458' title='bbox 329 3210 378 3263; x_wconf 91' lang='lat'><strong>9.</strong></span> <span class='ocrx_word' id='word_1_459' title='bbox 411 3214 517 3264; x_wconf 87' lang='lat' dir='ltr'><strong>Kal</strong></span> <span class='ocrx_word' id='word_1_460' title='bbox 544 3209 667 3264; x_wconf 77' lang='grc' dir='ltr'>εἶπέ</span> <span class='ocrx_word' id='word_1_461' title='bbox 698 3228 811 3281; x_wconf 88' lang='grc' dir='ltr'>μοι·</span> <span class='ocrx_word' id='word_1_462' title='bbox 832 3211 1142 3279; x_wconf 81' lang='grc' dir='ltr'>Ἀπότρεχε,</span> <span class='ocrx_word' id='word_1_463' title='bbox 1161 3210 1375 3278; x_wconf 83' lang='grc' dir='ltr'>Δανιὴλ,</span> <span class='ocrx_word' id='word_1_464' title='bbox 1393 3210 1474 3262; x_wconf 80' lang='grc' dir='ltr'>ὅτι</span> <span class='ocrx_word' id='word_1_465' title='bbox 1509 3227 1810 3264; x_wconf 83' lang='grc' dir='ltr'>κατακεκα-</span> 
     </span>
    </p>
   </div>
   <div class='ocr_carea' id='block_1_63' title="bbox 270 3296 1810 3369">
    <p class='ocr_par' dir='ltr' id='par_1_63' title="bbox 270 3296 1810 3369">
     <span class='ocr_line' id='line_1_63' title="bbox 270 3296 1810 3369; baseline 0.001 -20"><span class='ocrx_word' id='word_1_466' title='bbox 270 3296 519 3368; x_wconf 83' lang='grc' dir='ltr'>λυμμένα,</span> <span class='ocrx_word' id='word_1_467' title='bbox 546 3303 644 3355; x_wconf 78' lang='grc' dir='ltr'>καὶ</span> <span class='ocrx_word' id='word_1_468' title='bbox 666 3303 773 3367; x_wconf 59' lang='lat' dir='ltr'><strong>tot?</strong></span> <span class='ocrx_word' id='word_1_469' title='bbox 782 3300 1085 3368; x_wconf 89' lang='grc' dir='ltr'>ραγισμένα</span> <span class='ocrx_word' id='word_1_470' title='bbox 1097 3300 1166 3351; x_wconf 80' lang='grc' dir='ltr'><strong>τὰ</strong></span> <span class='ocrx_word' id='word_1_471' title='bbox 1184 3298 1594 3369; x_wconf 82' lang='grc' dir='ltr'>προστάγματα,</span> <span class='ocrx_word' id='word_1_472' title='bbox 1623 3299 1725 3361; x_wconf 69' lang='grc' dir='ltr'>ἕως</span> <span class='ocrx_word' id='word_1_473' title='bbox 1745 3298 1810 3350; x_wconf 79' lang='grc' dir='ltr'>ἂν</span> 
     </span>
    </p>
   </div>
   <div class='ocr_carea' id='block_1_64' title="bbox 272 3386 1280 3457">
    <p class='ocr_par' dir='ltr' id='par_1_64' title="bbox 272 3386 1280 3457">
     <span class='ocr_line' id='line_1_64' title="bbox 272 3386 1280 3457; baseline -0.002 -18"><span class='ocrx_word' id='word_1_474' title='bbox 272 3390 581 3457; x_wconf 66' lang='grc' dir='ltr'>πειρασθιῖωι</span> <span class='ocrx_word' id='word_1_475' title='bbox 615 3391 714 3442; x_wconf 82' lang='grc' dir='ltr'>καὶ</span> <span class='ocrx_word' id='word_1_476' title='bbox 752 3387 1052 3456; x_wconf 76' lang='grc' dir='ltr'>ἁγιασῦῶσι</span> <span class='ocrx_word' id='word_1_477' title='bbox 1078 3386 1280 3439; x_wconf 81' lang='grc' dir='ltr'>πολλοί.</span> 
     </span>
    </p>
   </div>
   <div class='ocr_carea' id='block_1_65' title="bbox 337 3476 1811 3549">
    <p class='ocr_par' dir='ltr' id='par_1_65' title="bbox 337 3476 1811 3549">
     <span class='ocr_line' id='line_1_65' title="bbox 337 3476 1811 3549; baseline -0.001 -19"><span class='ocrx_word' id='word_1_478' title='bbox 337 3478 417 3534; x_wconf 81' lang='lat' dir='ltr'><strong>I0.</strong></span> <span class='ocrx_word' id='word_1_479' title='bbox 442 3481 549 3532; x_wconf 88' lang='lat' dir='ltr'><strong>Kal</strong></span> <span class='ocrx_word' id='word_1_480' title='bbox 566 3480 891 3549; x_wconf 81' lang='grc' dir='ltr'>ἁμάρτωσιν</span> <span class='ocrx_word' id='word_1_481' title='bbox 923 3478 970 3530; x_wconf 81' lang='lat' dir='ltr'><strong>oi</strong></span> <span class='ocrx_word' id='word_1_482' title='bbox 1004 3476 1337 3546; x_wconf 74' lang='grc' dir='ltr'>ἁμαρτωλοὶ,</span> <span class='ocrx_word' id='word_1_483' title='bbox 1360 3477 1455 3528; x_wconf 72' lang='grc' dir='ltr'>καὶ</span> <span class='ocrx_word' id='word_1_484' title='bbox 1496 3476 1559 3529; x_wconf 80' lang='grc' dir='ltr'><strong>ού</strong></span> <span class='ocrx_word' id='word_1_485' title='bbox 1597 3477 1672 3545; x_wconf 81' lang='grc' dir='ltr'>μὴ</span> <span class='ocrx_word' id='word_1_486' title='bbox 1697 3477 1811 3529; x_wconf 86' lang='grc' dir='ltr'>δια-</span> 
     </span>
    </p>
   </div>
   <div class='ocr_carea' id='block_1_66' title="bbox 278 3563 1812 3637">
    <p class='ocr_par' dir='ltr' id='par_1_66' title="bbox 278 3563 1812 3637">
     <span class='ocr_line' id='line_1_66' title="bbox 278 3563 1812 3637; baseline -0.003 -17"><span class='ocrx_word' id='word_1_487' title='bbox 278 3567 485 3636; x_wconf 79' lang='grc' dir='ltr'>νοηθῶσι</span> <span class='ocrx_word' id='word_1_488' title='bbox 515 3570 719 3631; x_wconf 85' lang='grc' dir='ltr'>πάντες</span> <span class='ocrx_word' id='word_1_489' title='bbox 747 3569 798 3621; x_wconf 81' lang='grc' dir='ltr'>οἱ</span> <span class='ocrx_word' id='word_1_490' title='bbox 837 3565 1153 3637; x_wconf 70' lang='grc' dir='ltr'>ἁμαρτωλοὶ</span> <span class='ocrx_word' id='word_1_491' title='bbox 1173 3606 1188 3631; x_wconf 88' lang='grc'><strong>,</strong></span> <span class='ocrx_word' id='word_1_492' title='bbox 1232 3565 1327 3617; x_wconf 78' lang='grc' dir='ltr'>καὶ</span> <span class='ocrx_word' id='word_1_493' title='bbox 1369 3564 1419 3616; x_wconf 87' lang='grc' dir='ltr'>οἱ</span> <span class='ocrx_word' id='word_1_494' title='bbox 1449 3563 1812 3632; x_wconf 82' lang='grc' dir='ltr'>διανοούμενοι</span> 
     </span>
    </p>
   </div>
   <div class='ocr_carea' id='block_1_67' title="bbox 280 3659 625 3726">
    <p class='ocr_par' dir='ltr' id='par_1_67' title="bbox 280 3659 625 3726">
     <span class='ocr_line' id='line_1_67' title="bbox 280 3659 625 3726; baseline 0.012 -18"><span class='ocrx_word' id='word_1_495' title='bbox 280 3659 625 3726; x_wconf 72' lang='grc' dir='ltr'>προσέξουσιν.</span> 
     </span>
    </p>
   </div>
   <div class='ocr_carea' id='block_1_68' title="bbox 342 3741 1813 3815">
    <p class='ocr_par' dir='ltr' id='par_1_68' title="bbox 342 3741 1813 3815">
     <span class='ocr_line' id='line_1_68' title="bbox 342 3741 1813 3815; baseline -0.002 -15"><span class='ocrx_word' id='word_1_496' title='bbox 342 3748 421 3801; x_wconf 80' lang='lat' dir='ltr'><strong>II.</strong></span> <span class='ocrx_word' id='word_1_497' title='bbox 455 3748 567 3815; x_wconf 75' lang='grc' dir='ltr'><strong>Ἀφ’</strong></span> <span class='ocrx_word' id='word_1_498' title='bbox 599 3741 662 3801; x_wconf 73' lang='grc' dir='ltr'><strong>οὗ</strong></span> <span class='ocrx_word' id='word_1_499' title='bbox 694 3750 762 3800; x_wconf 76' lang='grc' dir='ltr'>ἂν</span> <span class='ocrx_word' id='word_1_500' title='bbox 784 3745 1067 3815; x_wconf 80' lang='grc' dir='ltr'>ἀποσταθῇ</span> <span class='ocrx_word' id='word_1_501' title='bbox 1098 3746 1132 3815; x_wconf 76' lang='grc' dir='ltr'>ἠ</span> <span class='ocrx_word' id='word_1_502' title='bbox 1169 3744 1327 3798; x_wconf 79' lang='grc' dir='ltr'>θυσία</span> <span class='ocrx_word' id='word_1_503' title='bbox 1370 3744 1690 3808; x_wconf 78' lang='grc' dir='ltr'>διαπαντὸς,</span> <span class='ocrx_word' id='word_1_504' title='bbox 1719 3746 1813 3797; x_wconf 80' lang='grc' dir='ltr'>καὶ</span> 
     </span>
    </p>
   </div>
   <div class='ocr_carea' id='block_1_69' title="bbox 282 3831 1811 3905">
    <p class='ocr_par' dir='ltr' id='par_1_69' title="bbox 282 3831 1811 3905">
     <span class='ocr_line' id='line_1_69' title="bbox 282 3831 1811 3905; baseline 0 -20"><span class='ocrx_word' id='word_1_505' title='bbox 282 3834 552 3905; x_wconf 67' lang='grc' dir='ltr'>ἑτοιμασθῇ</span> <span class='ocrx_word' id='word_1_506' title='bbox 615 3833 843 3904; x_wconf 73' lang='grc' dir='ltr'>δοθῆναι</span> <span class='ocrx_word' id='word_1_507' title='bbox 886 3834 947 3885; x_wconf 86' lang='grc' dir='ltr'>τὸ</span> <span class='ocrx_word' id='word_1_508' title='bbox 996 3832 1268 3902; x_wconf 75' lang='grc' dir='ltr'>βδέλυγμα</span> <span class='ocrx_word' id='word_1_509' title='bbox 1318 3831 1418 3900; x_wconf 82' lang='grc' dir='ltr'>τῆς</span> <span class='ocrx_word' id='word_1_510' title='bbox 1464 3831 1811 3903; x_wconf 71' lang='grc' dir='ltr'>ἐρημώσεως,</span> 
     </span>
    </p>
   </div>
   <div class='ocr_carea' id='block_1_70' title="bbox 282 3923 1342 3994">
    <p class='ocr_par' dir='ltr' id='par_1_70' title="bbox 282 3923 1342 3994">
     <span class='ocr_line' id='line_1_70' title="bbox 282 3923 1342 3994; baseline -0.003 -16"><span class='ocrx_word' id='word_1_511' title='bbox 282 3925 473 3993; x_wconf 73' lang='grc' dir='ltr'>ἡμέρας</span> <span class='ocrx_word' id='word_1_512' title='bbox 497 3926 668 3994; x_wconf 79' lang='grc' dir='ltr'>χιλίας</span> <span class='ocrx_word' id='word_1_513' title='bbox 697 3923 979 3984; x_wconf 83' lang='grc' dir='ltr'>διακοσίας</span> <span class='ocrx_word' id='word_1_514' title='bbox 1004 3923 1342 3992; x_wconf 74' lang='grc' dir='ltr'>ἐνενήκοντα.</span> 
     </span>
    </p>
   </div>
   <div class='ocr_carea' id='block_1_71' title="bbox 346 4009 1815 4102">
    <p class='ocr_par' dir='ltr' id='par_1_71' title="bbox 346 4009 1815 4102">
     <span class='ocr_line' id='line_1_71' title="bbox 346 4009 1815 4102; baseline 0 -38"><span class='ocrx_word' id='word_1_515' title='bbox 346 4014 424 4067; x_wconf 70' lang='grc'><strong>12.</strong></span> <span class='ocrx_word' id='word_1_516' title='bbox 452 4015 732 4102; x_wconf 57' lang='grc' dir='ltr'>ξίακάριος</span> <span class='ocrx_word' id='word_1_517' title='bbox 764 4014 794 4065; x_wconf 86' lang='grc' dir='ltr'><strong>ό</strong></span> <span class='ocrx_word' id='word_1_518' title='bbox 824 4012 1078 4082; x_wconf 77' lang='grc' dir='ltr'>ἐμμένων</span> <span class='ocrx_word' id='word_1_519' title='bbox 1111 4012 1206 4064; x_wconf 78' lang='grc' dir='ltr'>καὶ</span> <span class='ocrx_word' id='word_1_520' title='bbox 1239 4010 1454 4073; x_wconf 80' lang='grc' dir='ltr'>συνάξει</span> <span class='ocrx_word' id='word_1_521' title='bbox 1485 4011 1565 4072; x_wconf 78' lang='grc' dir='ltr'><strong>εἰς</strong></span> <span class='ocrx_word' id='word_1_522' title='bbox 1604 4009 1815 4080; x_wconf 74' lang='grc' dir='ltr'>ἡμέρας</span> 
     </span>
    </p>
   </div>
   <div class='ocr_carea' id='block_1_72' title="bbox 286 4099 1309 4174">
    <p class='ocr_par' dir='ltr' id='par_1_72' title="bbox 286 4099 1309 4174">
     <span class='ocr_line' id='line_1_72' title="bbox 286 4099 1309 4174; baseline -0.001 -22"><span class='ocrx_word' id='word_1_523' title='bbox 286 4100 441 4169; x_wconf 82' lang='grc' dir='ltr'>χιλίας</span> <span class='ocrx_word' id='word_1_524' title='bbox 466 4099 783 4174; x_wconf 74' lang='grc' dir='ltr'>τριακοσίας</span> <span class='ocrx_word' id='word_1_525' title='bbox 809 4102 1101 4171; x_wconf 82' lang='grc' dir='ltr'>τριάκοντα</span> <span class='ocrx_word' id='word_1_526' title='bbox 1129 4099 1309 4153; x_wconf 78' lang='grc' dir='ltr'>πέντε.</span> 
     </span>
    </p>
   </div>
   <div class='ocr_carea' id='block_1_73' title="bbox 350 4195 1817 4270">
    <p class='ocr_par' dir='ltr' id='par_1_73' title="bbox 350 4195 1817 4270">
     <span class='ocr_line' id='line_1_73' title="bbox 350 4195 1817 4270; baseline -0.005 -14"><span class='ocrx_word' id='word_1_527' title='bbox 350 4203 425 4258; x_wconf 73' lang='grc'>15.</span> <span class='ocrx_word' id='word_1_528' title='bbox 461 4204 566 4256; x_wconf 85' lang='lat' dir='ltr'><strong>Kal</strong></span> <span class='ocrx_word' id='word_1_529' title='bbox 594 4204 656 4255; x_wconf 72' lang='grc' dir='ltr'>σὺ</span> <span class='ocrx_word' id='word_1_530' title='bbox 689 4202 933 4270; x_wconf 79' lang='grc' dir='ltr'>βάδιςον,</span> <span class='ocrx_word' id='word_1_531' title='bbox 977 4195 1254 4251; x_wconf 83' lang='grc' dir='ltr'>ἀναπαύου</span> <span class='ocrx_word' id='word_1_532' title='bbox 1299 4210 1362 4250; x_wconf 74' lang='grc' dir='ltr'><strong>αι-</strong></span> <span class='ocrx_word' id='word_1_533' title='bbox 1403 4195 1482 4248; x_wconf 75' lang='grc' dir='ltr'><strong>ετι</strong></span> <span class='ocrx_word' id='word_1_534' title='bbox 1529 4195 1637 4265; x_wconf 81' lang='grc' dir='ltr'><strong>γὰρ</strong></span> <span class='ocrx_word' id='word_1_535' title='bbox 1682 4196 1817 4248; x_wconf 70' lang='grc' dir='ltr'>είσὶν</span> 
     </span>
    </p>
   </div>
   <div class='ocr_carea' id='block_1_74' title="bbox 292 4285 1818 4361">
    <p class='ocr_par' dir='ltr' id='par_1_74' title="bbox 292 4285 1818 4361">
     <span class='ocr_line' id='line_1_74' title="bbox 292 4285 1818 4361; baseline -0.002 -20"><span class='ocrx_word' id='word_1_536' title='bbox 292 4289 473 4359; x_wconf 73' lang='grc' dir='ltr'>ἡμέραι</span> <span class='ocrx_word' id='word_1_537' title='bbox 510 4295 601 4346; x_wconf 72' lang='grc' dir='ltr'>καὶ</span> <span class='ocrx_word' id='word_1_538' title='bbox 629 4291 772 4361; x_wconf 82' lang='grc' dir='ltr'>ὧραι</span> <span class='ocrx_word' id='word_1_539' title='bbox 808 4291 889 4352; x_wconf 87' lang='grc' dir='ltr'><strong>είς</strong></span> <span class='ocrx_word' id='word_1_540' title='bbox 917 4287 1298 4356; x_wconf 74' lang='grc' dir='ltr'>ἀναπλήρωσιν</span> <span class='ocrx_word' id='word_1_541' title='bbox 1327 4285 1629 4347; x_wconf 78' lang='grc' dir='ltr'>συντελείας</span> <span class='ocrx_word' id='word_1_542' title='bbox 1646 4286 1702 4353; x_wconf 96' lang='lat'><strong>/.</strong></span> <span class='ocrx_word' id='word_1_543' title='bbox 1724 4286 1818 4338; x_wconf 79' lang='grc' dir='ltr'>καὶ</span> 
     </span>
    </p>
   </div>
   <div class='ocr_carea' id='block_1_75' title="bbox 1906 3131 2957 3202">
    <p class='ocr_par' dir='ltr' id='par_1_75' title="bbox 1906 3131 2957 3202">
     <span class='ocr_line' id='line_1_75' title="bbox 1906 3131 2957 3202; baseline -0.006 -13"><span class='ocrx_word' id='word_1_544' title='bbox 1906 3136 1992 3189; x_wconf 90' lang='lat' dir='ltr'><strong>nis</strong></span> <span class='ocrx_word' id='word_1_545' title='bbox 2026 3135 2185 3202; x_wconf 84' lang='lat' dir='ltr'><strong>hujus</strong></span> <span class='ocrx_word' id='word_1_546' title='bbox 2204 3174 2218 3195; x_wconf 92' lang='lat'><strong>,</strong></span> <span class='ocrx_word' id='word_1_547' title='bbox 2250 3142 2302 3187; x_wconf 89' lang='lat' dir='ltr'><strong>et</strong></span> <span class='ocrx_word' id='word_1_548' title='bbox 2333 3133 2488 3199; x_wconf 81' lang='lat' dir='ltr'><strong>cujus</strong></span> <span class='ocrx_word' id='word_1_549' title='bbox 2510 3132 2777 3200; x_wconf 62' lang='lat' dir='ltr'><strong>parabolas</strong></span> <span class='ocrx_word' id='word_1_550' title='bbox 2801 3131 2957 3185; x_wconf 61' lang='lat' dir='ltr'><strong>istae!</strong></span> 
     </span>
    </p>
   </div>
   <div class='ocr_carea' id='block_1_76' title="bbox 1973 3218 3438 3286">
    <p class='ocr_par' dir='ltr' id='par_1_76' title="bbox 1973 3218 3438 3286">
     <span class='ocr_line' id='line_1_76' title="bbox 1973 3218 3438 3286; baseline -0.005 -7"><span class='ocrx_word' id='word_1_551' title='bbox 1973 3224 2026 3278; x_wconf 92' lang='lat'><strong>9.</strong></span> <span class='ocrx_word' id='word_1_552' title='bbox 2066 3221 2130 3274; x_wconf 85' lang='lat' dir='ltr'><strong>Et</strong></span> <span class='ocrx_word' id='word_1_553' title='bbox 2159 3222 2293 3275; x_wconf 81' lang='lat' dir='ltr'><strong>dixit</strong></span> <span class='ocrx_word' id='word_1_554' title='bbox 2325 3220 2489 3273; x_wconf 87' lang='lat' dir='ltr'><strong>mihi:</strong></span> <span class='ocrx_word' id='word_1_555' title='bbox 2524 3219 2827 3282; x_wconf 82' lang='lat' dir='ltr'><strong>Revertere,</strong></span> <span class='ocrx_word' id='word_1_556' title='bbox 2844 3218 3045 3283; x_wconf 84' lang='lat' dir='ltr'><strong>Daniel,</strong></span> <span class='ocrx_word' id='word_1_557' title='bbox 3071 3219 3195 3286; x_wconf 88' lang='lat' dir='ltr'><strong>quia</strong></span> <span class='ocrx_word' id='word_1_558' title='bbox 3229 3218 3438 3272; x_wconf 86' lang='lat' dir='ltr'><strong>obtecta</strong></span> 
     </span>
    </p>
   </div>
   <div class='ocr_carea' id='block_1_77' title="bbox 1906 3307 3442 3379">
    <p class='ocr_par' dir='ltr' id='par_1_77' title="bbox 1906 3307 3442 3379">
     <span class='ocr_line' id='line_1_77' title="bbox 1906 3307 3442 3379; baseline -0.004 -13"><span class='ocrx_word' id='word_1_559' title='bbox 1906 3322 1961 3366; x_wconf 81' lang='lat' dir='ltr'><strong>et</strong></span> <span class='ocrx_word' id='word_1_560' title='bbox 1992 3313 2270 3379; x_wconf 88' lang='lat' dir='ltr'><strong>obsignata</strong></span> <span class='ocrx_word' id='word_1_561' title='bbox 2303 3318 2429 3363; x_wconf 90' lang='lat' dir='ltr'><strong>sunt</strong></span> <span class='ocrx_word' id='word_1_562' title='bbox 2461 3309 2732 3373; x_wconf 88' lang='lat' dir='ltr'><strong>mandata,</strong></span> <span class='ocrx_word' id='word_1_563' title='bbox 2766 3307 3118 3378; x_wconf 90' lang='lat' dir='ltr'><strong>quoadusque</strong></span> <span class='ocrx_word' id='word_1_564' title='bbox 3170 3315 3442 3361; x_wconf 74' lang='lat' dir='ltr'><strong>tentantur</strong></span> 
     </span>
    </p>
   </div>
   <div class='ocr_carea' id='block_1_78' title="bbox 1906 3399 2581 3457">
    <p class='ocr_par' dir='ltr' id='par_1_78' title="bbox 1906 3399 2581 3457">
     <span class='ocr_line' id='line_1_78' title="bbox 1906 3399 2581 3457; baseline -0.007 0"><span class='ocrx_word' id='word_1_565' title='bbox 1906 3414 1961 3457; x_wconf 92' lang='lat' dir='ltr'><strong>et</strong></span> <span class='ocrx_word' id='word_1_566' title='bbox 1985 3401 2383 3455; x_wconf 81' lang='lat' dir='ltr'><strong>sanctiﬁceutur</strong></span> <span class='ocrx_word' id='word_1_567' title='bbox 2408 3399 2581 3452; x_wconf 88' lang='lat' dir='ltr'><strong>multi.</strong></span> 
     </span>
    </p>
   </div>
   <div class='ocr_carea' id='block_1_79' title="bbox 1978 3485 3442 3561">
    <p class='ocr_par' dir='ltr' id='par_1_79' title="bbox 1978 3485 3442 3561">
     <span class='ocr_line' id='line_1_79' title="bbox 1978 3485 3442 3561; baseline -0.003 -21"><span class='ocrx_word' id='word_1_568' title='bbox 1978 3490 2063 3541; x_wconf 69' lang='lat'><strong>10.</strong></span> <span class='ocrx_word' id='word_1_569' title='bbox 2106 3487 2169 3539; x_wconf 77' lang='lat' dir='ltr'><strong>Et</strong></span> <span class='ocrx_word' id='word_1_570' title='bbox 2201 3496 2418 3555; x_wconf 88' lang='lat' dir='ltr'><strong>peccent</strong></span> <span class='ocrx_word' id='word_1_571' title='bbox 2439 3494 2766 3561; x_wconf 84' lang='lat' dir='ltr'><strong>peccatores,</strong></span> <span class='ocrx_word' id='word_1_572' title='bbox 2793 3494 2848 3538; x_wconf 90' lang='lat' dir='ltr'><strong>et</strong></span> <span class='ocrx_word' id='word_1_573' title='bbox 2863 3502 2965 3538; x_wconf 85' lang='lat' dir='ltr'><strong>non</strong></span> <span class='ocrx_word' id='word_1_574' title='bbox 2989 3485 3289 3553; x_wconf 76' lang='lat' dir='ltr'><strong>intelligant</strong></span> <span class='ocrx_word' id='word_1_575' title='bbox 3320 3498 3442 3537; x_wconf 67' lang='lat' dir='ltr'><strong>omo</strong></span> 
     </span>
    </p>
   </div>
   <div class='ocr_carea' id='block_1_80' title="bbox 1908 3572 3133 3643">
    <p class='ocr_par' dir='ltr' id='par_1_80' title="bbox 1908 3572 3133 3643">
     <span class='ocr_line' id='line_1_80' title="bbox 1908 3572 3133 3643; baseline -0.005 -13"><span class='ocrx_word' id='word_1_576' title='bbox 1908 3591 2005 3630; x_wconf 87' lang='lat' dir='ltr'><strong>nes</strong></span> <span class='ocrx_word' id='word_1_577' title='bbox 2038 3584 2365 3643; x_wconf 88' lang='lat' dir='ltr'><strong>peccatores,</strong></span> <span class='ocrx_word' id='word_1_578' title='bbox 2392 3581 2443 3626; x_wconf 91' lang='lat' dir='ltr'><strong>et</strong></span> <span class='ocrx_word' id='word_1_579' title='bbox 2469 3572 2821 3640; x_wconf 89' lang='lat' dir='ltr'><strong>intelligentes</strong></span> <span class='ocrx_word' id='word_1_580' title='bbox 2843 3572 3133 3624; x_wconf 86' lang='lat' dir='ltr'><strong>attendent.</strong></span> 
     </span>
    </p>
   </div>
   <div class='ocr_carea' id='block_1_81' title="bbox 1979 3740 3445 3812">
    <p class='ocr_par' dir='ltr' id='par_1_81' title="bbox 1979 3740 3445 3812">
     <span class='ocr_line' id='line_1_81' title="bbox 1979 3740 3445 3812; baseline -0.003 -15"><span class='ocrx_word' id='word_1_581' title='bbox 1979 3744 2062 3797; x_wconf 80' lang='lat' dir='ltr'><strong>II.</strong></span> <span class='ocrx_word' id='word_1_582' title='bbox 2104 3741 2179 3796; x_wconf 76' lang='lat' dir='ltr'><strong>Ex</strong></span> <span class='ocrx_word' id='word_1_583' title='bbox 2211 3757 2317 3812; x_wconf 89' lang='lat' dir='ltr'><strong>quo</strong></span> <span class='ocrx_word' id='word_1_584' title='bbox 2345 3748 2584 3809; x_wconf 89' lang='lat' dir='ltr'><strong>tempore</strong></span> <span class='ocrx_word' id='word_1_585' title='bbox 2612 3740 2863 3795; x_wconf 81' lang='lat' dir='ltr'><strong>deiecerit</strong></span> <span class='ocrx_word' id='word_1_586' title='bbox 2885 3740 3369 3808; x_wconf 78' lang='lat' dir='ltr'><strong>sacriﬁciumjuge,</strong></span> <span class='ocrx_word' id='word_1_587' title='bbox 3392 3748 3445 3793; x_wconf 92' lang='lat' dir='ltr'><strong>et</strong></span> 
     </span>
    </p>
   </div>
   <div class='ocr_carea' id='block_1_82' title="bbox 1911 3830 3441 3904">
    <p class='ocr_par' dir='ltr' id='par_1_82' title="bbox 1911 3830 3441 3904">
     <span class='ocr_line' id='line_1_82' title="bbox 1911 3830 3441 3904; baseline 0 -17"><span class='ocrx_word' id='word_1_588' title='bbox 1911 3842 2152 3904; x_wconf 79' lang='lat' dir='ltr'><strong>paratum</strong></span> <span class='ocrx_word' id='word_1_589' title='bbox 2188 3832 2370 3891; x_wconf 83' lang='lat' dir='ltr'><strong>fuerit.</strong></span> <span class='ocrx_word' id='word_1_590' title='bbox 2405 3841 2465 3885; x_wconf 91' lang='lat' dir='ltr'><strong>ut</strong></span> <span class='ocrx_word' id='word_1_591' title='bbox 2489 3832 2642 3885; x_wconf 84' lang='lat' dir='ltr'><strong>detur</strong></span> <span class='ocrx_word' id='word_1_592' title='bbox 2686 3830 3015 3883; x_wconf 82' lang='lat' dir='ltr'><strong>ahominatio</strong></span> <span class='ocrx_word' id='word_1_593' title='bbox 3073 3830 3441 3899; x_wconf 84' lang='lat' dir='ltr'><strong>desolatiunis,</strong></span> 
     </span>
    </p>
   </div>
   <div class='ocr_carea' id='block_1_83' title="bbox 1912 3920 2788 3987">
    <p class='ocr_par' dir='ltr' id='par_1_83' title="bbox 1912 3920 2788 3987">
     <span class='ocr_line' id='line_1_83' title="bbox 1912 3920 2788 3987; baseline -0.006 -9"><span class='ocrx_word' id='word_1_594' title='bbox 1912 3925 2028 3978; x_wconf 88' lang='lat' dir='ltr'><strong>dies</strong></span> <span class='ocrx_word' id='word_1_595' title='bbox 2061 3923 2204 3977; x_wconf 90' lang='lat' dir='ltr'><strong>mille</strong></span> <span class='ocrx_word' id='word_1_596' title='bbox 2232 3921 2448 3976; x_wconf 89' lang='lat' dir='ltr'><strong>ducenti</strong></span> <span class='ocrx_word' id='word_1_597' title='bbox 2479 3920 2788 3987; x_wconf 74' lang='lat' dir='ltr'><strong>nonaginta.</strong></span> 
     </span>
    </p>
   </div>
   <div class='ocr_carea' id='block_1_84' title="bbox 1984 4008 3447 4080">
    <p class='ocr_par' dir='ltr' id='par_1_84' title="bbox 1984 4008 3447 4080">
     <span class='ocr_line' id='line_1_84' title="bbox 1984 4008 3447 4080; baseline -0.001 -14"><span class='ocrx_word' id='word_1_598' title='bbox 1984 4014 2068 4066; x_wconf 76' lang='lat' dir='ltr'><strong>l2.</strong></span> <span class='ocrx_word' id='word_1_599' title='bbox 2099 4012 2293 4066; x_wconf 88' lang='lat' dir='ltr'><strong>Beatus</strong></span> <span class='ocrx_word' id='word_1_600' title='bbox 2310 4013 2399 4080; x_wconf 86' lang='lat' dir='ltr'><strong>qui</strong></span> <span class='ocrx_word' id='word_1_601' title='bbox 2433 4018 2724 4078; x_wconf 79' lang='lat' dir='ltr'><strong>exspectat,</strong></span> <span class='ocrx_word' id='word_1_602' title='bbox 2750 4018 2802 4064; x_wconf 87' lang='lat' dir='ltr'><strong>et</strong></span> <span class='ocrx_word' id='word_1_603' title='bbox 2833 4010 3175 4078; x_wconf 82' lang='lat' dir='ltr'><strong>congregabit</strong></span> <span class='ocrx_word' id='word_1_604' title='bbox 3215 4008 3281 4062; x_wconf 89' lang='lat' dir='ltr'><strong>ad</strong></span> <span class='ocrx_word' id='word_1_605' title='bbox 3331 4010 3447 4065; x_wconf 87' lang='lat' dir='ltr'><strong>dies</strong></span> 
     </span>
    </p>
   </div>
   <div class='ocr_carea' id='block_1_85' title="bbox 1914 4100 3243 4171">
    <p class='ocr_par' dir='ltr' id='par_1_85' title="bbox 1914 4100 3243 4171">
     <span class='ocr_line' id='line_1_85' title="bbox 1914 4100 3243 4171; baseline -0.003 -14"><span class='ocrx_word' id='word_1_606' title='bbox 1914 4104 2060 4158; x_wconf 89' lang='lat' dir='ltr'><strong>mille</strong></span> <span class='ocrx_word' id='word_1_607' title='bbox 2083 4109 2353 4156; x_wconf 88' lang='lat' dir='ltr'><strong>trecentos</strong></span> <span class='ocrx_word' id='word_1_608' title='bbox 2381 4101 2597 4171; x_wconf 75' lang='lat' dir='ltr'><strong>triginta</strong></span> <span class='ocrx_word' id='word_1_609' title='bbox 2621 4100 2879 4169; x_wconf 80' lang='lat' dir='ltr'><strong>quinque.</strong></span> <span class='ocrx_word' id='word_1_610' title='bbox 3237 4150 3243 4153; x_wconf 94' lang='lat'>_</span> 
     </span>
    </p>
   </div>
   <div class='ocr_carea' id='block_1_86' title="bbox 1985 4186 3453 4257">
    <p class='ocr_par' dir='ltr' id='par_1_86' title="bbox 1985 4186 3453 4257">
     <span class='ocr_line' id='line_1_86' title="bbox 1985 4186 3453 4257; baseline -0.003 -11"><span class='ocrx_word' id='word_1_611' title='bbox 1985 4193 2070 4246; x_wconf 78' lang='grc'>15.</span> <span class='ocrx_word' id='word_1_612' title='bbox 2109 4190 2191 4245; x_wconf 89' lang='lat' dir='ltr'><strong>&#39;l‘u</strong></span> <span class='ocrx_word' id='word_1_613' title='bbox 2223 4199 2400 4244; x_wconf 89' lang='lat' dir='ltr'><strong>autem</strong></span> <span class='ocrx_word' id='word_1_614' title='bbox 2429 4189 2584 4252; x_wconf 78' lang='lat' dir='ltr'><strong>vade,</strong></span> <span class='ocrx_word' id='word_1_615' title='bbox 2613 4190 2911 4257; x_wconf 82' lang='lat' dir='ltr'><strong>requiesce,</strong></span> <span class='ocrx_word' id='word_1_616' title='bbox 2944 4186 3121 4241; x_wconf 85' lang='lat' dir='ltr'><strong>adhuc</strong></span> <span class='ocrx_word' id='word_1_617' title='bbox 3156 4188 3298 4242; x_wconf 89' lang='lat' dir='ltr'><strong>enim</strong></span> <span class='ocrx_word' id='word_1_618' title='bbox 3326 4197 3453 4242; x_wconf 87' lang='lat' dir='ltr'><strong>sunt</strong></span> 
     </span>
    </p>
   </div>
   <div class='ocr_carea' id='block_1_87' title="bbox 1915 4278 3448 4347">
    <p class='ocr_par' dir='ltr' id='par_1_87' title="bbox 1915 4278 3448 4347">
     <span class='ocr_line' id='line_1_87' title="bbox 1915 4278 3448 4347; baseline -0.002 -12"><span class='ocrx_word' id='word_1_619' title='bbox 1915 4282 2052 4346; x_wconf 83' lang='lat' dir='ltr'><strong>dies,</strong></span> <span class='ocrx_word' id='word_1_620' title='bbox 2079 4292 2133 4335; x_wconf 87' lang='lat' dir='ltr'><strong>et</strong></span> <span class='ocrx_word' id='word_1_621' title='bbox 2183 4282 2331 4334; x_wconf 70' lang='lat' dir='ltr'><strong>horae</strong></span> <span class='ocrx_word' id='word_1_622' title='bbox 2377 4278 2444 4333; x_wconf 91' lang='lat' dir='ltr'><strong>ad</strong></span> <span class='ocrx_word' id='word_1_623' title='bbox 2495 4278 2903 4347; x_wconf 87' lang='lat' dir='ltr'><strong>complctionem</strong></span> <span class='ocrx_word' id='word_1_624' title='bbox 2952 4278 3448 4332; x_wconf 85' lang='lat' dir='ltr'><strong>consummationis.</strong></span> 
     </span>
    </p>
   </div>
   <div class='ocr_carea' id='block_1_88' title="bbox 296 4364 1808 4451">
    <p class='ocr_par' dir='ltr' id='par_1_88' title="bbox 296 4372 1808 4451">
     <span class='ocr_line' id='line_1_88' title="bbox 296 4372 1808 4451; baseline -0.001 -24"><span class='ocrx_word' id='word_1_625' title='bbox 296 4378 573 4451; x_wconf 69' lang='grc' dir='ltr'>ἀναπαύσῃ,</span> <span class='ocrx_word' id='word_1_626' title='bbox 602 4382 697 4433; x_wconf 75' lang='grc' dir='ltr'>καὶ</span> <span class='ocrx_word' id='word_1_627' title='bbox 724 4378 1002 4447; x_wconf 75' lang='grc' dir='ltr'>ἀναστήσῃ</span> <span class='ocrx_word' id='word_1_628' title='bbox 1029 4377 1125 4429; x_wconf 65' lang='lat' dir='ltr'><strong>iul</strong></span> <span class='ocrx_word' id='word_1_629' title='bbox 1141 4373 1240 4443; x_wconf 79' lang='grc' dir='ltr'>τὴν</span> <span class='ocrx_word' id='word_1_630' title='bbox 1275 4372 1432 4437; x_wconf 77' lang='grc' dir='ltr'>δόξαν</span> <span class='ocrx_word' id='word_1_631' title='bbox 1465 4389 1557 4426; x_wconf 88' lang='grc' dir='ltr'><strong>σου</strong></span> <span class='ocrx_word' id='word_1_632' title='bbox 1587 4374 1667 4436; x_wconf 79' lang='grc' dir='ltr'><strong>εἰς</strong></span> <span class='ocrx_word' id='word_1_633' title='bbox 1695 4389 1808 4426; x_wconf 76' lang='grc' dir='ltr'>συν·</span> 
     </span>
    </p>
   </div>
   <div class='ocr_carea' id='block_1_89' title="bbox 1937 4364 3451 4451">
    <p class='ocr_par' dir='ltr' id='par_1_89' title="bbox 1937 4364 3451 4439">
     <span class='ocr_line' id='line_1_89' title="bbox 1937 4364 3451 4439; baseline -0.001 -16"><span class='ocrx_word' id='word_1_634' title='bbox 1937 4371 2242 4439; x_wconf 69' lang='lat' dir='ltr'><strong>Requiesces</strong></span> <span class='ocrx_word' id='word_1_635' title='bbox 2262 4379 2462 4433; x_wconf 89' lang='lat' dir='ltr'><strong>autem,</strong></span> <span class='ocrx_word' id='word_1_636' title='bbox 2491 4378 2546 4423; x_wconf 89' lang='lat' dir='ltr'><strong>et</strong></span> <span class='ocrx_word' id='word_1_637' title='bbox 2571 4383 2818 4439; x_wconf 75' lang='lat' dir='ltr'><strong>resurges</strong></span> <span class='ocrx_word' id='word_1_638' title='bbox 2843 4382 3007 4437; x_wconf 88' lang='lat' dir='ltr'><strong>super</strong></span> <span class='ocrx_word' id='word_1_639' title='bbox 3050 4364 3271 4438; x_wconf 86' lang='lat' dir='ltr'><strong>gloriam</strong></span> <span class='ocrx_word' id='word_1_640' title='bbox 3306 4377 3451 4422; x_wconf 83' lang='lat' dir='ltr'><strong>tuam</strong></span> 
     </span>
    </p>
   </div>
   <div class='ocr_carea' id='block_1_90' title="bbox 295 4465 735 4538">
    <p class='ocr_par' dir='ltr' id='par_1_90' title="bbox 295 4465 735 4538">
     <span class='ocr_line' id='line_1_90' title="bbox 295 4465 735 4538; baseline 0.005 -19"><span class='ocrx_word' id='word_1_641' title='bbox 295 4465 478 4520; x_wconf 75' lang='grc' dir='ltr'>τέλειαν</span> <span class='ocrx_word' id='word_1_642' title='bbox 502 4469 735 4538; x_wconf 75' lang='grc' dir='ltr'>ἡμερῶν.</span> 
     </span>
    </p>
   </div>
   <div class='ocr_carea' id='block_1_91' title="bbox 358 4548 1821 4628">
    <p class='ocr_par' dir='ltr' id='par_1_91' title="bbox 358 4548 1821 4628">
     <span class='ocr_line' id='line_1_91' title="bbox 358 4548 1821 4628; baseline -0.007 -18"><span class='ocrx_word' id='word_1_643' title='bbox 358 4558 535 4628; x_wconf 70' lang='grc' dir='ltr'>Δανιὴλ</span> <span class='ocrx_word' id='word_1_644' title='bbox 569 4559 708 4612; x_wconf 75' lang='grc' dir='ltr'>κατὰ</span> <span class='ocrx_word' id='word_1_645' title='bbox 729 4559 857 4619; x_wconf 81' lang='grc' dir='ltr'>τοὺς</span> <span class='ocrx_word' id='word_1_646' title='bbox 886 4557 962 4619; x_wconf 88' lang='lat'><strong>0&#39;,</strong></span> <span class='ocrx_word' id='word_1_647' title='bbox 998 4551 1215 4622; x_wconf 67' lang='grc' dir='ltr'>ἐγράφη</span> <span class='ocrx_word' id='word_1_648' title='bbox 1245 4548 1303 4613; x_wconf 70' lang='grc' dir='ltr'><strong>ἑξ</strong></span> <span class='ocrx_word' id='word_1_649' title='bbox 1323 4549 1654 4619; x_wconf 83' lang='grc' dir='ltr'>ἀντιγράφου</span> <span class='ocrx_word' id='word_1_650' title='bbox 1676 4551 1821 4619; x_wconf 68' lang='grc' dir='ltr'>ἔχον-</span> 
     </span>
    </p>
   </div>
   <div class='ocr_carea' id='block_1_92' title="bbox 297 4638 1820 4717">
    <p class='ocr_par' dir='ltr' id='par_1_92' title="bbox 297 4638 1820 4717">
     <span class='ocr_line' id='line_1_92' title="bbox 297 4638 1820 4717; baseline -0.005 -17"><span class='ocrx_word' id='word_1_651' title='bbox 297 4656 379 4705; x_wconf 81' lang='grc' dir='ltr'><strong>τος</strong></span> <span class='ocrx_word' id='word_1_652' title='bbox 406 4646 494 4715; x_wconf 79' lang='grc' dir='ltr'>τὴν</span> <span class='ocrx_word' id='word_1_653' title='bbox 519 4648 688 4717; x_wconf 79' lang='grc' dir='ltr'>ὑποση</span> <span class='ocrx_word' id='word_1_654' title='bbox 698 4647 921 4717; x_wconf 85' lang='grc' dir='ltr'>μείωσιν</span> <span class='ocrx_word' id='word_1_655' title='bbox 944 4642 1152 4708; x_wconf 82' lang='grc' dir='ltr'>ταύτην</span> <span class='ocrx_word' id='word_1_656' title='bbox 1170 4656 1187 4673; x_wconf 76' lang='grc'><strong><em>⁸</em></strong></span> <span class='ocrx_word' id='word_1_657' title='bbox 1222 4638 1461 4709; x_wconf 83' lang='grc' dir='ltr'>Ἐγράφη</span> <span class='ocrx_word' id='word_1_658' title='bbox 1487 4640 1551 4692; x_wconf 76' lang='grc' dir='ltr'>ἐκ</span> <span class='ocrx_word' id='word_1_659' title='bbox 1587 4639 1693 4693; x_wconf 84' lang='grc' dir='ltr'><strong>τῶν</strong></span> <span class='ocrx_word' id='word_1_660' title='bbox 1718 4639 1820 4694; x_wconf 79' lang='grc' dir='ltr'><strong>Τε-</strong></span> 
     </span>
    </p>
   </div>
   <div class='ocr_carea' id='block_1_93' title="bbox 295 4730 1155 4802">
    <p class='ocr_par' dir='ltr' id='par_1_93' title="bbox 295 4730 1155 4802">
     <span class='ocr_line' id='line_1_93' title="bbox 295 4730 1155 4802; baseline -0.009 -13"><span class='ocrx_word' id='word_1_661' title='bbox 295 4735 520 4801; x_wconf 78' lang='grc' dir='ltr'>τραπλῶν</span> <span class='ocrx_word' id='word_1_662' title='bbox 549 4736 607 4801; x_wconf 77' lang='grc' dir='ltr'>ἐξ</span> <span class='ocrx_word' id='word_1_663' title='bbox 629 4732 704 4791; x_wconf 82' lang='grc' dir='ltr'>ὧν</span> <span class='ocrx_word' id='word_1_664' title='bbox 730 4736 827 4788; x_wconf 70' lang='grc' dir='ltr'>καὶ</span> <span class='ocrx_word' id='word_1_665' title='bbox 858 4730 1155 4802; x_wconf 79' lang='grc' dir='ltr'>παρετέθη.</span> 
     </span>
    </p>
   </div>
   <div class='ocr_carea' id='block_1_94' title="bbox 859 4856 1218 4917">
    <p class='ocr_par' dir='ltr' id='par_1_94' title="bbox 859 4856 1218 4917">
     <span class='ocr_line' id='line_1_94' title="bbox 859 4856 1218 4917; baseline -0.022 0"><span class='ocrx_word' id='word_1_666' title='bbox 859 4860 1119 4917; x_wconf 78' lang='grc' dir='ltr'>ΚΕΦΑΛ.</span> <span class='ocrx_word' id='word_1_667' title='bbox 1146 4856 1218 4910; x_wconf 62' lang='lat' dir='ltr'><strong>Il”</strong></span> 
     </span>
    </p>
   </div>
   <div class='ocr_carea' id='block_1_95' title="bbox 873 4948 1215 5005">
    <p class='ocr_par' dir='ltr' id='par_1_95' title="bbox 873 4948 1215 5005">
     <span class='ocr_line' id='line_1_95' title="bbox 873 4948 1215 5005; baseline -0.023 0"><span class='ocrx_word' id='word_1_668' title='bbox 873 4948 1215 5005; x_wconf 79' lang='grc' dir='ltr'>Σουσάννα.</span> 
     </span>
    </p>
   </div>
   <div class='ocr_carea' id='block_1_96' title="bbox 353 5036 1819 5117">
    <p class='ocr_par' dir='ltr' id='par_1_96' title="bbox 353 5036 1819 5117">
     <span class='ocr_line' id='line_1_96' title="bbox 353 5036 1819 5117; baseline -0.003 -19"><span class='ocrx_word' id='word_1_669' title='bbox 353 5045 398 5099; x_wconf 85' lang='lat' dir='ltr'><strong>I.</strong></span> <span class='ocrx_word' id='word_1_670' title='bbox 429 5049 478 5115; x_wconf 71' lang='grc'>2</span> <span class='ocrx_word' id='word_1_671' title='bbox 513 5049 622 5100; x_wconf 79' lang='lat' dir='ltr'><strong>Kal</strong></span> <span class='ocrx_word' id='word_1_672' title='bbox 644 5042 713 5117; x_wconf 80' lang='grc' dir='ltr'>ἦν</span> <span class='ocrx_word' id='word_1_673' title='bbox 744 5043 887 5111; x_wconf 79' lang='grc' dir='ltr'>ἀνὴρ</span> <span class='ocrx_word' id='word_1_674' title='bbox 910 5036 1079 5092; x_wconf 76' lang='grc' dir='ltr'>οἰκῶν</span> <span class='ocrx_word' id='word_1_675' title='bbox 1108 5036 1164 5087; x_wconf 78' lang='grc' dir='ltr'>ὲν</span> <span class='ocrx_word' id='word_1_676' title='bbox 1196 5036 1492 5107; x_wconf 81' lang='grc' dir='ltr'>Βαϐυλῶνι,</span> <span class='ocrx_word' id='word_1_677' title='bbox 1533 5043 1627 5097; x_wconf 69' lang='lat' dir='ltr'><strong>xal</strong></span> <span class='ocrx_word' id='word_1_678' title='bbox 1655 5041 1819 5111; x_wconf 75' lang='grc' dir='ltr'>ὄνομα</span> 
     </span>
    </p>
   </div>
   <div class='ocr_carea' id='block_1_97' title="bbox 294 5132 831 5206">
    <p class='ocr_par' dir='ltr' id='par_1_97' title="bbox 294 5132 831 5206">
     <span class='ocr_line' id='line_1_97' title="bbox 294 5132 831 5206; baseline 0 -20"><span class='ocrx_word' id='word_1_679' title='bbox 294 5132 343 5199; x_wconf 69' lang='grc'><strong>2</strong></span> <span class='ocrx_word' id='word_1_680' title='bbox 371 5136 507 5206; x_wconf 75' lang='grc' dir='ltr'>αὐτῷ</span> <span class='ocrx_word' id='word_1_681' title='bbox 554 5134 831 5202; x_wconf 82' lang='grc' dir='ltr'>Ίωακείμ.</span> 
     </span>
    </p>
   </div>
   <div class='ocr_carea' id='block_1_98' title="bbox 347 5200 1823 5293">
    <p class='ocr_par' dir='ltr' id='par_1_98' title="bbox 347 5200 1823 5293">
     <span class='ocr_line' id='line_1_98' title="bbox 347 5200 1823 5293; baseline -0.005 -17"><span class='ocrx_word' id='word_1_682' title='bbox 347 5223 394 5276; x_wconf 76' lang='grc' dir='ltr'>Ξ.</span> <span class='ocrx_word' id='word_1_683' title='bbox 424 5200 611 5293; x_wconf 35' lang='lat' dir='ltr'><strong>Z‘Kal</strong></span> <span class='ocrx_word' id='word_1_684' title='bbox 634 5200 794 5276; x_wconf 69' lang='grc' dir='ltr'>ἔλαϐε</span> <span class='ocrx_word' id='word_1_685' title='bbox 817 5221 1076 5289; x_wconf 82' lang='grc' dir='ltr'>γυναῖκα,</span> <span class='ocrx_word' id='word_1_686' title='bbox 1100 5211 1133 5286; x_wconf 76' lang='grc' dir='ltr'>ᾖ</span> <span class='ocrx_word' id='word_1_687' title='bbox 1156 5217 1319 5286; x_wconf 75' lang='grc' dir='ltr'>ὄνομα</span> <span class='ocrx_word' id='word_1_688' title='bbox 1347 5200 1635 5283; x_wconf 74' lang='grc' dir='ltr'>Σουσάννα,</span> <span class='ocrx_word' id='word_1_689' title='bbox 1660 5216 1823 5283; x_wconf 85' lang='grc' dir='ltr'>θυγά-</span> 
     </span>
    </p>
   </div>
   <div class='ocr_carea' id='block_1_99' title="bbox 1920 4457 2718 4514">
    <p class='ocr_par' dir='ltr' id='par_1_99' title="bbox 1920 4457 2718 4514">
     <span class='ocr_line' id='line_1_99' title="bbox 1920 4457 2718 4514; baseline -0.009 0"><span class='ocrx_word' id='word_1_690' title='bbox 1920 4460 1974 4514; x_wconf 88' lang='lat' dir='ltr'><strong>in</strong></span> <span class='ocrx_word' id='word_1_691' title='bbox 1998 4459 2461 4513; x_wconf 88' lang='lat' dir='ltr'><strong>consummatione</strong></span> <span class='ocrx_word' id='word_1_692' title='bbox 2486 4457 2718 4509; x_wconf 91' lang='lat' dir='ltr'><strong>dierum.</strong></span> 
     </span>
    </p>
   </div>
   <div class='ocr_carea' id='block_1_100' title="bbox 1994 4539 3455 4608">
    <p class='ocr_par' dir='ltr' id='par_1_100' title="bbox 1994 4539 3455 4608">
     <span class='ocr_line' id='line_1_100' title="bbox 1994 4539 3455 4608; baseline -0.003 -12"><span class='ocrx_word' id='word_1_693' title='bbox 1994 4544 2177 4597; x_wconf 88' lang='lat' dir='ltr'><strong>Daniel</strong></span> <span class='ocrx_word' id='word_1_694' title='bbox 2197 4544 2349 4608; x_wconf 77' lang='lat' dir='ltr'><strong>juxta</strong></span> <span class='ocrx_word' id='word_1_695' title='bbox 2385 4540 2523 4594; x_wconf 77' lang='lat' dir='ltr'><strong>LXX</strong></span> <span class='ocrx_word' id='word_1_696' title='bbox 2575 4541 2879 4608; x_wconf 85' lang='lat' dir='ltr'><strong>descriptus</strong></span> <span class='ocrx_word' id='word_1_697' title='bbox 2926 4546 3010 4593; x_wconf 84' lang='lat' dir='ltr'><strong>est</strong></span> <span class='ocrx_word' id='word_1_698' title='bbox 3057 4539 3126 4593; x_wconf 84' lang='lat' dir='ltr'><strong>ab</strong></span> <span class='ocrx_word' id='word_1_699' title='bbox 3163 4540 3455 4608; x_wconf 80' lang='lat' dir='ltr'><strong>exemplari</strong></span> 
     </span>
    </p>
   </div>
   <div class='ocr_carea' id='block_1_101' title="bbox 1919 4628 3453 4698">
    <p class='ocr_par' dir='ltr' id='par_1_101' title="bbox 1919 4628 3453 4698">
     <span class='ocr_line' id='line_1_101' title="bbox 1919 4628 3453 4698; baseline -0.005 -11"><span class='ocrx_word' id='word_1_700' title='bbox 1919 4634 2150 4688; x_wconf 80' lang='lat' dir='ltr'><strong>habente</strong></span> <span class='ocrx_word' id='word_1_701' title='bbox 2180 4630 2632 4698; x_wconf 86' lang='lat' dir='ltr'><strong>subscriptionem</strong></span> <span class='ocrx_word' id='word_1_702' title='bbox 2666 4628 2807 4683; x_wconf 83' lang='lat' dir='ltr'><strong>hanc</strong></span> <span class='ocrx_word' id='word_1_703' title='bbox 2847 4628 3198 4695; x_wconf 84' lang='lat' dir='ltr'><strong>:Descriptus</strong></span> <span class='ocrx_word' id='word_1_704' title='bbox 3257 4641 3340 4683; x_wconf 87' lang='lat' dir='ltr'><strong>est</strong></span> <span class='ocrx_word' id='word_1_705' title='bbox 3386 4644 3453 4681; x_wconf 77' lang='lat' dir='ltr'><strong>ex</strong></span> 
     </span>
    </p>
   </div>
   <div class='ocr_carea' id='block_1_102' title="bbox 1922 4718 3144 4790">
    <p class='ocr_par' dir='ltr' id='par_1_102' title="bbox 1922 4718 3144 4790">
     <span class='ocr_line' id='line_1_102' title="bbox 1922 4718 3144 4790; baseline -0.007 -12"><span class='ocrx_word' id='word_1_706' title='bbox 1922 4721 2186 4790; x_wconf 87' lang='lat' dir='ltr'><strong>Tetraplis</strong></span> <span class='ocrx_word' id='word_1_707' title='bbox 2214 4735 2336 4774; x_wconf 87' lang='lat' dir='ltr'><strong>cum</strong></span> <span class='ocrx_word' id='word_1_708' title='bbox 2364 4718 2561 4788; x_wconf 83' lang='lat' dir='ltr'><strong>quibus</strong></span> <span class='ocrx_word' id='word_1_709' title='bbox 2591 4718 2752 4771; x_wconf 87' lang='lat' dir='ltr'><strong>etiam</strong></span> <span class='ocrx_word' id='word_1_710' title='bbox 2787 4719 3016 4772; x_wconf 89' lang='lat' dir='ltr'><strong>collatus</strong></span> <span class='ocrx_word' id='word_1_711' title='bbox 3040 4728 3144 4771; x_wconf 90' lang='lat' dir='ltr'><strong>est.</strong></span> 
     </span>
    </p>
   </div>
   <div class='ocr_carea' id='block_1_103' title="bbox 2481 4848 2893 4905">
    <p class='ocr_par' dir='ltr' id='par_1_103' title="bbox 2481 4848 2893 4905">
     <span class='ocr_line' id='line_1_103' title="bbox 2481 4848 2893 4905; baseline -0.005 0"><span class='ocrx_word' id='word_1_712' title='bbox 2481 4848 2707 4905; x_wconf 82' lang='lat' dir='ltr'><strong>CAPUT</strong></span> <span class='ocrx_word' id='word_1_713' title='bbox 2752 4848 2893 4903; x_wconf 76' lang='lat' dir='ltr'><strong>XIII.</strong></span> 
     </span>
    </p>
   </div>
   <div class='ocr_carea' id='block_1_104' title="bbox 2556 4937 2822 4990">
    <p class='ocr_par' dir='ltr' id='par_1_104' title="bbox 2556 4937 2822 4990">
     <span class='ocr_line' id='line_1_104' title="bbox 2556 4937 2822 4990; baseline 0.008 -2"><span class='ocrx_word' id='word_1_714' title='bbox 2556 4937 2822 4990; x_wconf 77' lang='lat' dir='ltr'><strong>Susanna.</strong></span> 
     </span>
    </p>
   </div>
   <div class='ocr_carea' id='block_1_105' title="bbox 1989 5035 3457 5104">
    <p class='ocr_par' dir='ltr' id='par_1_105' title="bbox 1989 5035 3457 5104">
     <span class='ocr_line' id='line_1_105' title="bbox 1989 5035 3457 5104; baseline -0.006 -9"><span class='ocrx_word' id='word_1_715' title='bbox 1989 5043 2038 5095; x_wconf 80' lang='grc'>1.</span> <span class='ocrx_word' id='word_1_716' title='bbox 2080 5040 2141 5095; x_wconf 85' lang='lat' dir='ltr'><strong>Et</strong></span> <span class='ocrx_word' id='word_1_717' title='bbox 2162 5048 2279 5095; x_wconf 88' lang='lat' dir='ltr'><strong>erat</strong></span> <span class='ocrx_word' id='word_1_718' title='bbox 2304 5039 2386 5093; x_wconf 81' lang='lat' dir='ltr'><strong>vir</strong></span> <span class='ocrx_word' id='word_1_719' title='bbox 2438 5037 2686 5091; x_wconf 87' lang='lat' dir='ltr'><strong>habitans</strong></span> <span class='ocrx_word' id='word_1_720' title='bbox 2735 5037 2788 5089; x_wconf 91' lang='lat' dir='ltr'><strong>in</strong></span> <span class='ocrx_word' id='word_1_721' title='bbox 2850 5035 3135 5104; x_wconf 79' lang='lat' dir='ltr'><strong>Babylone,</strong></span> <span class='ocrx_word' id='word_1_722' title='bbox 3181 5039 3234 5085; x_wconf 89' lang='lat' dir='ltr'><strong>et</strong></span> <span class='ocrx_word' id='word_1_723' title='bbox 3264 5047 3457 5087; x_wconf 87' lang='lat' dir='ltr'><strong>nomen</strong></span> 
     </span>
    </p>
   </div>
   <div class='ocr_carea' id='block_1_106' title="bbox 1920 5134 2290 5205">
    <p class='ocr_par' dir='ltr' id='par_1_106' title="bbox 1920 5134 2290 5205">
     <span class='ocr_line' id='line_1_106' title="bbox 1920 5134 2290 5205; baseline -0.016 -14"><span class='ocrx_word' id='word_1_724' title='bbox 1920 5138 2038 5205; x_wconf 82' lang='lat' dir='ltr'><strong>ejus</strong></span> <span class='ocrx_word' id='word_1_725' title='bbox 2065 5134 2290 5188; x_wconf 81' lang='lat' dir='ltr'><strong>Joacim.</strong></span> 
     </span>
    </p>
   </div>
   <div class='ocr_carea' id='block_1_107' title="bbox 1988 5214 3505 5290">
    <p class='ocr_par' dir='ltr' id='par_1_107' title="bbox 1988 5214 3505 5290">
     <span class='ocr_line' id='line_1_107' title="bbox 1988 5214 3505 5290; baseline -0.005 -13"><span class='ocrx_word' id='word_1_726' title='bbox 1988 5225 2043 5278; x_wconf 80' lang='lat'><strong>2.</strong></span> <span class='ocrx_word' id='word_1_727' title='bbox 2083 5223 2149 5276; x_wconf 81' lang='lat' dir='ltr'><strong>Et</strong></span> <span class='ocrx_word' id='word_1_728' title='bbox 2175 5221 2380 5290; x_wconf 86' lang='lat' dir='ltr'><strong>accepit</strong></span> <span class='ocrx_word' id='word_1_729' title='bbox 2406 5231 2648 5280; x_wconf 77' lang='lat' dir='ltr'><strong>uxorem,</strong></span> <span class='ocrx_word' id='word_1_730' title='bbox 2681 5217 2767 5271; x_wconf 90' lang='lat' dir='ltr'><strong>cui</strong></span> <span class='ocrx_word' id='word_1_731' title='bbox 2787 5231 2977 5270; x_wconf 81' lang='lat' dir='ltr'><strong>nomen</strong></span> <span class='ocrx_word' id='word_1_732' title='bbox 3024 5214 3269 5268; x_wconf 81' lang='lat' dir='ltr'><strong>Susanna</strong></span> <span class='ocrx_word' id='word_1_733' title='bbox 3294 5254 3308 5279; x_wconf 96' lang='lat'><strong>,</strong></span> <span class='ocrx_word' id='word_1_734' title='bbox 3352 5215 3456 5269; x_wconf 82' lang='lat' dir='ltr'><strong>ﬁlia</strong></span> <span class='ocrx_word' id='word_1_735' title='bbox 3499 5240 3505 5247; x_wconf 88' lang='lat'><strong>-</strong></span> 
     </span>
    </p>
   </div>
   <div class='ocr_carea' id='block_1_108' title="bbox 290 5303 1808 5384">
    <p class='ocr_par' dir='ltr' id='par_1_108' title="bbox 290 5304 1808 5384">
     <span class='ocr_line' id='line_1_108' title="bbox 290 5304 1808 5384; baseline -0.009 -17"><span class='ocrx_word' id='word_1_736' title='bbox 290 5311 339 5380; x_wconf 69' lang='grc' dir='ltr'><strong>κ</strong></span> <span class='ocrx_word' id='word_1_737' title='bbox 368 5329 465 5384; x_wconf 87' lang='grc' dir='ltr'><strong>τηρ</strong></span> <span class='ocrx_word' id='word_1_738' title='bbox 496 5314 750 5376; x_wconf 82' lang='grc' dir='ltr'>Χελκίου,</span> <span class='ocrx_word' id='word_1_739' title='bbox 804 5307 949 5376; x_wconf 83' lang='grc' dir='ltr'>καλὴ</span> <span class='ocrx_word' id='word_1_740' title='bbox 988 5304 1212 5374; x_wconf 84' lang='grc' dir='ltr'>σφόδρα,</span> <span class='ocrx_word' id='word_1_741' title='bbox 1249 5306 1345 5356; x_wconf 76' lang='grc' dir='ltr'><strong>καὶ</strong></span> <span class='ocrx_word' id='word_1_742' title='bbox 1398 5307 1704 5376; x_wconf 86' lang='grc' dir='ltr'>φοϐουμένη</span> <span class='ocrx_word' id='word_1_743' title='bbox 1732 5304 1808 5355; x_wconf 61' lang='lat' dir='ltr'><strong>sin</strong></span> 
     </span>
    </p>
   </div>
   <div class='ocr_carea' id='block_1_109' title="bbox 1937 5303 3257 5384">
    <p class='ocr_par' dir='ltr' id='par_1_109' title="bbox 1937 5303 3257 5381">
     <span class='ocr_line' id='line_1_109' title="bbox 1937 5303 3257 5381; baseline -0.009 -13"><span class='ocrx_word' id='word_1_744' title='bbox 1937 5313 2151 5369; x_wconf 69' lang='lat' dir='ltr'><strong>Zbelcite</strong></span> <span class='ocrx_word' id='word_1_745' title='bbox 2177 5311 2401 5381; x_wconf 84' lang='lat' dir='ltr'><strong>pulchra</strong></span> <span class='ocrx_word' id='word_1_746' title='bbox 2433 5307 2607 5369; x_wconf 71' lang='lat' dir='ltr'><strong>valde,</strong></span> <span class='ocrx_word' id='word_1_747' title='bbox 2638 5314 2694 5359; x_wconf 89' lang='lat' dir='ltr'><strong>et</strong></span> <span class='ocrx_word' id='word_1_748' title='bbox 2728 5308 2920 5360; x_wconf 87' lang='lat' dir='ltr'><strong>timens</strong></span> <span class='ocrx_word' id='word_1_749' title='bbox 2951 5303 3257 5358; x_wconf 86' lang='lat' dir='ltr'><strong>Dominum.</strong></span> 
     </span>
    </p>
   </div>
   <div class='ocr_carea' id='block_1_110' title="bbox 292 5399 586 5468">
    <p class='ocr_par' dir='ltr' id='par_1_110' title="bbox 292 5399 586 5468">
     <span class='ocr_line' id='line_1_110' title="bbox 292 5399 586 5468; baseline 0.003 -18"><span class='ocrx_word' id='word_1_750' title='bbox 292 5399 349 5463; x_wconf 65' lang='grc'><strong>’2,</strong></span> <span class='ocrx_word' id='word_1_751' title='bbox 371 5399 451 5450; x_wconf 58' lang='grc' dir='ltr'>ιιι)</span> <span class='ocrx_word' id='word_1_752' title='bbox 460 5416 586 5468; x_wconf 88' lang='grc' dir='ltr'>ριον.</span> 
     </span>
    </p>
   </div>
   <div class='ocr_carea' id='block_1_111' title="bbox 368 5476 1821 5552">
    <p class='ocr_par' dir='ltr' id='par_1_111' title="bbox 368 5476 1821 5552">
     <span class='ocr_line' id='line_1_111' title="bbox 368 5476 1821 5552; baseline -0.007 -12"><span class='ocrx_word' id='word_1_753' title='bbox 368 5489 421 5541; x_wconf 67' lang='grc' dir='ltr'><strong>τι.</strong></span> <span class='ocrx_word' id='word_1_754' title='bbox 448 5490 499 5552; x_wconf 65' lang='lat'>2</span> <span class='ocrx_word' id='word_1_755' title='bbox 527 5489 630 5538; x_wconf 82' lang='lat' dir='ltr'><strong>Kal</strong></span> <span class='ocrx_word' id='word_1_756' title='bbox 650 5489 697 5539; x_wconf 87' lang='grc' dir='ltr'><strong>οί</strong></span> <span class='ocrx_word' id='word_1_757' title='bbox 744 5484 929 5551; x_wconf 80' lang='grc' dir='ltr'>γονεῖς</span> <span class='ocrx_word' id='word_1_758' title='bbox 981 5476 1148 5544; x_wconf 79' lang='grc' dir='ltr'>αὐτῆς</span> <span class='ocrx_word' id='word_1_759' title='bbox 1177 5478 1396 5543; x_wconf 89' lang='grc' dir='ltr'>δίκαιοι,</span> <span class='ocrx_word' id='word_1_760' title='bbox 1455 5485 1549 5537; x_wconf 72' lang='grc' dir='ltr'>καὶ</span> <span class='ocrx_word' id='word_1_761' title='bbox 1585 5480 1821 5545; x_wconf 74' lang='grc' dir='ltr'>ἐδίδαξαν</span> 
     </span>
    </p>
   </div>
   <div class='ocr_carea' id='block_1_112' title="bbox 335 5564 1698 5642">
    <p class='ocr_par' dir='ltr' id='par_1_112' title="bbox 335 5564 1698 5642">
     <span class='ocr_line' id='line_1_112' title="bbox 335 5564 1698 5642; baseline -0.038 0"><span class='ocrx_word' id='word_1_762' title='bbox 335 5576 377 5641; x_wconf 66' lang='lat'><strong>7.</strong></span> <span class='ocrx_word' id='word_1_763' title='bbox 401 5574 481 5642; x_wconf 78' lang='grc' dir='ltr'>τὴν</span> <span class='ocrx_word' id='word_1_764' title='bbox 500 5573 747 5641; x_wconf 86' lang='grc' dir='ltr'>θυγατέρα</span> <span class='ocrx_word' id='word_1_765' title='bbox 772 5567 957 5622; x_wconf 78' lang='grc' dir='ltr'>αὐτῶν</span> <span class='ocrx_word' id='word_1_766' title='bbox 996 5564 1130 5616; x_wconf 85' lang='grc' dir='ltr'>κατὰ</span> <span class='ocrx_word' id='word_1_767' title='bbox 1153 5566 1236 5616; x_wconf 78' lang='grc' dir='ltr'><strong>τὸν</strong></span> <span class='ocrx_word' id='word_1_768' title='bbox 1265 5568 1437 5636; x_wconf 71' lang='grc' dir='ltr'>νόμον</span> <span class='ocrx_word' id='word_1_769' title='bbox 1470 5571 1698 5637; x_wconf 47' lang='grc' dir='ltr'><strong>Μωῦσῆ.</strong></span> 
     </span>
    </p>
   </div>
   <div class='ocr_carea' id='block_1_113' title="bbox 381 5652 1819 5741">
    <p class='ocr_par' dir='ltr' id='par_1_113' title="bbox 381 5652 1819 5741">
     <span class='ocr_line' id='line_1_113' title="bbox 381 5652 1819 5741; baseline -0.013 -26"><span class='ocrx_word' id='word_1_770' title='bbox 381 5664 421 5716; x_wconf 68' lang='grc' dir='ltr'>Δ.</span> <span class='ocrx_word' id='word_1_771' title='bbox 451 5663 494 5726; x_wconf 68' lang='grc' dir='ltr'><strong>κ</strong></span> <span class='ocrx_word' id='word_1_772' title='bbox 519 5662 616 5741; x_wconf 70' lang='lat' dir='ltr'><strong>Kal</strong></span> <span class='ocrx_word' id='word_1_773' title='bbox 650 5658 714 5731; x_wconf 81' lang='grc' dir='ltr'>ἦν</span> <span class='ocrx_word' id='word_1_774' title='bbox 759 5653 1017 5719; x_wconf 79' lang='grc' dir='ltr'>Ἱωακεὶμ</span> <span class='ocrx_word' id='word_1_775' title='bbox 1056 5652 1289 5717; x_wconf 76' lang='grc' dir='ltr'>πλούσιος</span> <span class='ocrx_word' id='word_1_776' title='bbox 1339 5659 1555 5730; x_wconf 65' lang='grc' dir='ltr'>σφόδρα</span> <span class='ocrx_word' id='word_1_777' title='bbox 1583 5700 1594 5725; x_wconf 67' lang='grc'>,</span> <span class='ocrx_word' id='word_1_778' title='bbox 1638 5658 1722 5711; x_wconf 56' lang='grc' dir='ltr'><strong>καὶ</strong></span> <span class='ocrx_word' id='word_1_779' title='bbox 1755 5654 1819 5728; x_wconf 69' lang='grc' dir='ltr'>ἦν</span> 
     </span>
    </p>
   </div>
   <div class='ocr_carea' id='block_1_114' title="bbox 1992 5474 3457 5550">
    <p class='ocr_par' dir='ltr' id='par_1_114' title="bbox 1992 5474 3457 5550">
     <span class='ocr_line' id='line_1_114' title="bbox 1992 5474 3457 5550; baseline -0.004 -13"><span class='ocrx_word' id='word_1_780' title='bbox 1992 5485 2047 5537; x_wconf 77' lang='lat'><strong>3.</strong></span> <span class='ocrx_word' id='word_1_781' title='bbox 2085 5481 2148 5535; x_wconf 83' lang='lat' dir='ltr'><strong>Et</strong></span> <span class='ocrx_word' id='word_1_782' title='bbox 2173 5490 2420 5550; x_wconf 82' lang='lat' dir='ltr'><strong>parentes</strong></span> <span class='ocrx_word' id='word_1_783' title='bbox 2469 5476 2585 5544; x_wconf 86' lang='lat' dir='ltr'><strong>ejus</strong></span> <span class='ocrx_word' id='word_1_784' title='bbox 2624 5474 2796 5544; x_wconf 84' lang='lat' dir='ltr'><strong>justi;</strong></span> <span class='ocrx_word' id='word_1_785' title='bbox 2845 5486 2898 5531; x_wconf 91' lang='lat' dir='ltr'><strong>et</strong></span> <span class='ocrx_word' id='word_1_786' title='bbox 2945 5476 3245 5532; x_wconf 77' lang='lat' dir='ltr'><strong>docuerunt</strong></span> <span class='ocrx_word' id='word_1_787' title='bbox 3294 5476 3457 5531; x_wconf 81' lang='lat' dir='ltr'><strong>tiliam</strong></span> 
     </span>
    </p>
   </div>
   <div class='ocr_carea' id='block_1_115' title="bbox 1921 5560 2808 5632">
    <p class='ocr_par' dir='ltr' id='par_1_115' title="bbox 1921 5560 2808 5632">
     <span class='ocr_line' id='line_1_115' title="bbox 1921 5560 2808 5632; baseline -0.002 -11"><span class='ocrx_word' id='word_1_788' title='bbox 1921 5583 2071 5622; x_wconf 89' lang='lat' dir='ltr'><strong>suam</strong></span> <span class='ocrx_word' id='word_1_789' title='bbox 2102 5567 2391 5620; x_wconf 86' lang='lat' dir='ltr'><strong>secundum</strong></span> <span class='ocrx_word' id='word_1_790' title='bbox 2428 5562 2592 5628; x_wconf 86' lang='lat' dir='ltr'><strong>legem</strong></span> <span class='ocrx_word' id='word_1_791' title='bbox 2616 5560 2808 5632; x_wconf 84' lang='lat' dir='ltr'><strong>Moysi.</strong></span> 
     </span>
    </p>
   </div>
   <div class='ocr_carea' id='block_1_116' title="bbox 1990 5647 3463 5721">
    <p class='ocr_par' dir='ltr' id='par_1_116' title="bbox 1990 5647 3463 5721">
     <span class='ocr_line' id='line_1_116' title="bbox 1990 5647 3463 5721; baseline -0.004 -11"><span class='ocrx_word' id='word_1_792' title='bbox 1990 5656 2043 5710; x_wconf 71' lang='grc' dir='ltr'><strong>ι.</strong></span> <span class='ocrx_word' id='word_1_793' title='bbox 2080 5654 2204 5708; x_wconf 83' lang='lat' dir='ltr'><strong>Erat</strong></span> <span class='ocrx_word' id='word_1_794' title='bbox 2228 5664 2406 5709; x_wconf 87' lang='lat' dir='ltr'><strong>autem</strong></span> <span class='ocrx_word' id='word_1_795' title='bbox 2422 5647 2623 5703; x_wconf 79' lang='lat' dir='ltr'><strong>Joacim</strong></span> <span class='ocrx_word' id='word_1_796' title='bbox 2639 5649 2789 5709; x_wconf 82' lang='lat' dir='ltr'><strong>dives</strong></span> <span class='ocrx_word' id='word_1_797' title='bbox 2818 5652 2987 5719; x_wconf 79' lang='lat' dir='ltr'><strong>valde,</strong></span> <span class='ocrx_word' id='word_1_798' title='bbox 3005 5660 3057 5708; x_wconf 91' lang='lat' dir='ltr'><strong>et</strong></span> <span class='ocrx_word' id='word_1_799' title='bbox 3072 5661 3187 5708; x_wconf 83' lang='lat' dir='ltr'><strong>erat</strong></span> <span class='ocrx_word' id='word_1_800' title='bbox 3212 5653 3257 5707; x_wconf 84' lang='lat' dir='ltr'><strong>ei</strong></span> <span class='ocrx_word' id='word_1_801' title='bbox 3273 5662 3463 5721; x_wconf 77' lang='lat' dir='ltr'><strong>poma-</strong></span> 
     </span>
    </p>
   </div>
  </div>
