3874 6372
776 359 905 413 285i
1967 337 2215 396 DANIEL
2252 337 2279 391 ι
2287 336 2306 391 1

1967 337 2215 396 DANIEL
2252 334 2473 391 JUXTA
2510 333 2644 388 LXX

778 471 916 521 rium
947 466 1180 521 vicinum
1203 461 1384 519 domui
1427 471 1570 521 suae;
1609 466 1662 510 et
1693 456 1756 510 ad
1786 456 1959 524 ipsum
1986 452 2308 508 accedebant

1986 452 2310 508 accedebant
2340 452 2382 506 Α
2417 450 2467 513 2
2500 444 2641 513 αὑτῷ
2681 425 3284 524 παράδεισοςγειτνιῶν
3315 418 3410 524 Ῑῷ
3423 414 3508 524 got:

776 557 966 620 Judaei,
990 571 1052 609 eo
1079 555 1221 623 quod
1255 556 1397 604 esset
1426 546 1792 601 bonorabilior
1807 503 2105 599 romnibus.

2226 503 2230 504 ί
2341 503 2381 506 ﬂ
2501 503 2638 601 πρὸς.
2663 503 2819 583 αὐτδν
2849 523 3188 594 προσήγοντο
3224 512 3274 564 οἱ
3315 503 3508 562 Ἰουδαῖ

1404 637 1408 642 ⁵
2419 627 2470 690 2
2503 622 2656 675 αὑτὸν
2687 615 3020 682 ἐνδοξότερον
3050 609 3290 690 πάντων.

851 728 904 779 5.
945 725 1007 777 Et
1032 721 1282 776 declarati
1312 728 1438 774 sunt
1463 719 1570 772 duo
1619 719 1858 772 seniores
1899 716 1964 768 de
2001 712 2202 782 pupulo
2227 710 2316 777 ju-

2001 712 2202 782 Ροβυιο
2227 710 2316 777 Ῑυ·
2424 687 2532 764 ῃ5.
2567 713 2616 775 2
2648 707 2758 760 Kal.
2800 697 3204 768 ἀπεδείχθησαν
3239 687 3331 743 δύο
3348 695 3508 782 ’πρεσ

781 816 925 868 dices
952 815 1001 864 in
1024 825 1165 863 anno
1190 809 1300 871 illo,
1326 809 1390 861 de
1411 809 1605 876 quibus
1631 808 1884 874 loquutus
1913 814 1994 857 est
2021 801 2311 854 Dominus:

1978 772 2312 855 t‘Dominus:
2421 801 2472 865 2
2506 772 2633 848 λαού
2681 793 2864 863 κριταὶ
2903 791 2970 842 ’ἐν
3018 785 3098 853 τῷ
3150 773 3396 876 bitt-13:2
3423 772 3508 822 ὲκε

783 861 923 965 auia—
937 861 1149 966 egressa
1183 905 1263 950 est
1289 861 1549 963 iniquitas
1584 895 1650 948 de
1697 861 1968 961 iiabylone
2014 905 2043 941 a
2085 885 2313 940 seniori-

2014 905 2043 941 a
2085 885 2316 940 seniori-
2413 861 2665 954 ἐλάλησεν
2696 861 3044 945 ὁ-Δεσπότητ
3087 873 3214 924 Ὅτι
3239 861 3508 966 55mva

784 946 1666 1057 bus‘judiei-busjquividebantur
1684 946 1868 1050 regere
1900 978 2177 1048 populum.

1978 978 2177 1048 pulum.
2413 946 2576 1036 λῶνος
2596 975 2657 1024 ἐκ
2688 965 3070 1038 πρεσϐυτέρων
3098 954 3327 1029 κριτῶν,
3376 949 3427 1002 οἳ
3460 946 3508 998 ἐξ

853 1157 907 1210 6.
949 1156 1015 1209 Et
1041 1156 1324 1209 veniebant
1360 1153 1739 1209 controversiae
1768 1152 1832 1206 de
1854 1151 1974 1204 aliis
2005 1147 2318 1203 civitatibus

2005 1147 2318 1203 civitatibus
2413 1063 2681 1204 “1:011:21
2722 1149 2950 1217 ἤρχοντο
3008 1137 3222 1207 κρίσεις
3261 1131 3321 1196 ἐξ
3371 1126 3508 1182 ἄλλα

786 1249 852 1301 ad
879 1261 988 1300 eos.

2416 1240 2629 1302 αὐτούς.

858 1338 909 1390 7.
948 1336 1178 1390 lsticum
1208 1333 1448 1387 viderent
1478 1332 1752 1385 mulierem
1794 1330 2088 1397 elegantem
2127 1325 2318 1389 forma,

1986 1337 2088 1381 lem
2127 1325 2318 1389 forma,
2488 1333 2539 1384 7.
2568 1325 2723 1383 Οὗτοι
2752 1325 2948 1386 ἰδόντες
2971 1320 3209 1389 γυναῖκα
3236 1310 3465 1367 ἀστείαν
3494 1323 3508 1350 η

789 1427 1067 1479 mulierem
1109 1423 1289 1476 fratris
1325 1421 1404 1474 sui
1439 1422 1504 1473 de
1531 1421 1653 1474 [iliis
1681 1419 1843 1473 lsrael
1870 1418 2086 1470 nomine
2119 1415 2319 1469 Susan-

1978 1418 2086 1470 ιίηθ
2119 1415 2322 1469 8118³11·
2419 1418 2642 1487 ἀδελφοῦ
2674 1415 2849 1468 αὐτῶν
2883 1414 2946 1464 ἐκ
2972 1409 3080 1461 τῶν
3120 1404 3254 1457 υἱῶν
3299 1395 3508 1487 Ἰσραὴί

791 1529 935 1577 nam,
951 1514 1107 1565 tiliam
1126 1512 1372 1574 Chelciae,
1401 1525 1619 1562 uxorem
1637 1507 1863 1570 Joacim,
1888 1505 2320 1560 deambulantem

1978 1505 2320 1558 lmblllﬂnlem
2419 1525 2533 1570 ναν,
2570 1503 2839 1571 θυγατέρα
2865 1495 3122 1557 Χελκίου,
3157 1490 3400 1559 γυναῖκα
3447 1486 3508 1577 fit

792 1603 848 1655 in
875 1602 1114 1670 pomario
1148 1601 1248 1654 viri
1283 1600 1366 1652 sui
1396 1607 1634 1665 tempore
1659 1595 2046 1664 pomeridiano.

1978 1610 2046 1647 ιο.
2419 1597 2614 1650 τοῦσαν
2642 1597 2697 1645 ἐν
2715 1591 2792 1660 τῷ
2821 1585 3135 1658 παραδείσῳ
3161 1580 3260 1634 τοῦ
3302 1573 3508 1644 ἀνδρὸς

2421 1687 2530 1742 νόν.

860 1775 914 1828 8.
957 1774 1023 1828 Et
1045 1788 1168 1826 cum
1197 1772 1575 1840 concupissent
1601 1785 1744 1824 eam.
2353 1745 2390 1800 Β

2353 1745 2397 1800 Β
2494 1777 2546 1829 8.
2580 1771 2687 1826 Kal
2725 1765 3170 1835 ἐπιθυμήσαντες
3190 1757 3383 1826 αὐτῆς.

863 1866 916 1920 9.
960 1866 1334 1919 Perverterunt
1367 1871 1596 1916 mentem
1628 1875 1800 1922 suam,
1837 1866 1890 1912 et
1925 1857 2328 1912 declinaverunt

1978 1857 2328 1911 ξοιίηενεηιῐὶῑ
2491 1864 2544 1917 9.
2579 1857 2906 1926 Διέστρεψαν
2932 1853 3024 1905 τὸν
3043 1849 3170 1902 νοῦν
3195 1846 3398 1907 αὐτῶν,
3440 1859 3508 1894 κα

792 1955 979 2009 oculos
1003 1970 1150 2016 suos,
1186 1968 1253 2006 ne
1287 1951 1586 2019 aspicerent
1614 1950 1666 2002 in
1695 1948 1913 2011 caelum,
1953 1959 2124 2013 neque
2156 1958 2322 1997 recor-

1953 1959 2124 2013 ηθίίυθ
2156 1958 2329 1997 Υθεοτ·
2423 1950 2728 2022 ὀφθαλμοὺς
2762 1944 2963 2007 αὐτῶν,
2997 1939 3094 1991 τοῦ
3138 1936 3216 2007 μὴ
3251 1932 3483 2004 βλέπειν

792 2042 1386 2110 darenturjudiciorum
1417 2040 1710 2106 justorum.

2428 2021 2560 2115 μηδέ
2595 2035 2954 2110 μνημονεύειν
2977 2029 3267 2115 χριμάτων
3290 2021 3508 2077 δικαίωη

868 2133 952 2184 lo.
994 2131 1056 2184 Ει
1076 2131 1232 2185 ambo
1256 2139 1410 2184 erant
1447 2128 1680 2183 stimulis
1724 2124 1906 2195 agitati
1937 2138 2065 2192 erga
2102 2137 2240 2184 eam,
2274 2127 2329 2174 et

1978 2138 2065 2192 r33
2102 2137 2240 2184 eam,
2274 2127 2329 2174 εί
2435 2114 2438 2115 ν
2497 2130 2578 2185 10.
2618 2128 2728 2179 Kal.
2753 2121 3057 2193 ἀμφότεροι
3079 2114 3222 2186 ἦσαν
3251 2127 3508 2167 κατανεν

797 2219 932 2271 alter
965 2218 1113 2271 alteri
1136 2215 1512 2270 dissimulabat
1533 2213 1812 2273 malitiam,
1866 2224 1981 2279 qua!
2027 2208 2327 2279 possidebat

1978 2229 1981 2260 ί
2027 2208 2331 2279 Ροεδίάεδθῑ
2424 2217 2544 2285 τῆς,
2575 2214 2668 2265 καὶ
2687 2212 2873 2280 ἕτερος
2896 2206 2976 2275 τῷ
3017 2203 3194 2274 ἑτέρῳ
3233 2200 3294 2252 οὑ
3340 2214 3508 2267 προσι

795 2323 893 2362 eos
919 2314 1134 2376 prOpter
1159 2307 1364 2374 ipsam;
1403 2318 1579 2373 neque
1633 2301 1824 2355 mulier
1862 2304 2183 2367 cognoverat
2219 2310 2325 2348 rem

1965 2304 2183 2351 ηονεηὶῐ
2219 2310 2329 2348 rem
2426 2307 2486 2358 τὸ
2514 2305 2632 2372 ἔχον
2679 2299 2880 2359 αὐτοὺς
2929 2295 3062 2364 περὶ
3101 2291 3276 2359 αὐτῆς
3298 2327 3315 2353 ,
3351 2286 3493 2339 οὐδὲ

799 2397 959 2452 hanc.

2431 2395 2658 2464 πρᾶγμα
2680 2386 2855 2441 τοῦτο.

869 2485 950 2538 12.
991 2484 1055 2538 Ει
1087 2486 1266 2538 statim
1292 2483 1528 2539 diluculo
1554 2481 1823 2535 venientes
1868 2477 2116 2531 fallebant
2164 2491 2223 2529 se
2253 2475 2334 2528 in-

1978 2477 2116 2530 :bant
2164 2491 2223 2529 se
2253 2475 2334 2528 in-
2502 2484 2588 2536 η,
2623 2480 2733 2534 Καὶ
2782 2478 2857 2538 ὡς
2900 2473 3114 2542 ἐγίνετο
3146 2469 3381 2539 ὄρθρος,
3443 2469 3508 2537 ἐρ

799 2575 993 2642 vicem,
1027 2577 1384 2629 accelerantes
1405 2574 1527 2643 quis
1555 2579 1833 2640 appareret
1862 2570 1911 2624 ei
1959 2570 2126 2637 prior,
2166 2578 2220 2622 et
2257 2570 2329 2623 lo-

1978 2570 2126 2632 il'iOl‘,
2166 2578 2220 2622 et
2257 2570 2334 2623 ιο·
2431 2572 2686 2643 ἀλλήλους
2721 2566 3064 2626 σπεύδοντες,
3091 2561 3177 2622 τίς
3225 2560 3508 2628 φανήσετε

800 2672 1056 2731 queretur
1081 2664 1145 2715 ad
1174 2678 1314 2716 eam.

2435 2665 2526 2716 καὶ
2556 2660 2777 2728 λαλήσει
2804 2654 2939 2723 πρὸς
2977 2651 3171 2719 αὐτήν.

873 2753 960 2804 15.
1001 2751 1066 2804 Ει
1095 2766 1218 2804 ecce
1243 2751 1356 2819 ipsa
1392 2751 1547 2818 juxta
1591 2745 2034 2802 consuetudinem
2075 2745 2335 2800 deambu-

1984 2761 2034 2798 m
2075 2745 2335 2800 deambu-
2505 2753 2589 2804 15.
2624 2749 2735 2801 Kal.
2761 2746 2868 2798 ἰδοὺ
2895 2742 3038 2809 αὕτη
3059 2737 3209 2791 κατὰ
3233 2737 3297 2788 τὸ
3319 2735 3508 2789 εἰωθδι

804 2839 968 2898 labat.
990 2847 1043 2892 et
1072 2854 1210 2893 unus
1237 2839 1302 2890 de.
1340 2837 1643 2891 senioribus
1676 2845 1921 2898 venerat;
1958 2843 2011 2887 et
2047 2849 2170 2888 ecce
2198 2833 2334 2886 alius

1919 2878 1921 2887 ι
1958 2843 2011 2887 ει
2047 2849 2170 2888 ecce
2198 2833 2335 2886 alius
2433 2843 2461 2894 ὁ
2487 2836 2568 2901 εἷς
2592 2839 2701 2890 τῶν
2740 2831 3128 2904 πρεσϐυτέρων
3163 2825 3449 2896 ἐληλύθει,

803 2928 1038 2993 advenit,
1071 2938 1122 2982 et
1147 2943 1284 2981 unus
1316 2926 1479 2980 alium
1508 2923 1876 2992 interrogavit,
1916 2923 2100 2976 dicens
2125 2940 2138 2976 :
2163 2922 2333 2987 Quare

1978 2938 2100 2976 cens
2125 2940 2138 2976 :
2163 2922 2337 2987 Quare
2438 2928 2789 3000 παρεγένετο,
2807 2923 2903 2975 καὶ
2939 2914 3021 2982 εἷς
3061 2918 3156 2970 τὸν
3186 2917 3386 2984 ἕτερον
3424 2917 3501 2967 av

807 3026 864 3073 tu
901 3019 970 3070 ita
995 3032 1149 3069 mane
1175 3030 1422 3083 egressus
1447 3027 1526 3076 es,
1560 3025 1664 3064 non
1685 3009 1952 3078 accipiens
1972 3023 2054 3061 me
2075 3007 2097 3060 ?

1978 3007 2097 3061 me?
2363 3034 2404 3091 α
2438 3019 2502 3071 σὺ
2529 3017 2698 3078 οὕτως
2729 3014 2922 3083 ὄρθρου
2954 3007 3182 3077 ἐξῆλθες
3208 3005 3273 3058 ού
3310 3005 3508 3075 παρα)

880 3107 964 3159 ﬂ.
1007 3105 1069 3159 Et
1097 3103 1329 3158 confessi
1359 3109 1486 3156 sunt
1515 3100 1878 3168 unusquisque
1924 3097 2061 3150 inter
2085 3110 2144 3150 se
2186 3094 2338 3149 dolo-

1981 3105 2061 3150 ter
2085 3110 2144 3150 se
2186 3094 2338 3149 dolo-
2507 3108 2591 3160 η,
2623 3106 2732 3157 Καὶ
2759 3099 3244 3169 ἐξωμολογήσαντο
3272 3095 3426 3164 πρὸς
3458 3097 3508 3148 ἀῖ

808 3210 921 3250 rem
953 3209 1133 3248 suum.

2436 3198 2533 3267 τὴν
2560 3195 2749 3262 ὀδύνην
2779 3189 2961 3244 αὐτοῦ.

881 3285 966 3339 i9.
1004 3282 1071 3335 Et
1097 3282 1232 3336 dixit
1257 3294 1396 3334 unus
1428 3276 1577 3331 alteri
1608 3294 1621 3329 :
1662 3275 1856 3329 Eamus
1884 3273 1947 3328 ad
1971 3288 2110 3327 eam.
2136 3271 2199 3324 Et
2218 3287 2342 3326 eon-

1978 3288 2110 3327 Bam.
2136 3271 2199 3324 Εῑ
2218 3287 2342 3326 0οη·
2506 3282 2592 3334 19.
2620 3281 2730 3332 Kal.
2776 3274 2930 3330 εἶπεν
2967 3277 3054 3338 τὶς
3105 3274 3188 3344 τῷ
3221 3273 3450 3344 ἐτὲρῳο
3483 3275 3508 3325 Ῑ

804 3374 979 3446 junCti
1027 3378 1369 3428 accesserunt
1413 3367 1479 3420 ad
1534 3379 1675 3428 eam,
1705 3373 1758 3419 et
1814 3363 1921 3416 vim
1971 3362 2234 3416 faciebant.
2288 3362 2334 3414 in

1978 3362 2234 3416 Γπίθῦειηῐ
2288 3362 2339 3414 ῘΠ
2438 3373 2625 3440 αὑτήν.
2665 3369 2774 3421 Kal.
2801 3367 3118 3436 συνθέμενοι
3161 3363 3508 3434 προσήλθοσ

808 3479 951 3518 eam.

2439 3460 2714 3522 ε6ιάζοντο
2739 3457 2930 3525 αὑτήν.

877 3551 967 3604 22.
1006 3548 1071 3602 Ει
1098 3547 1233 3601 dixit
1259 3546 1362 3601 illis
1385 3543 1568 3598 Judaza
1594 3558 1606 3593 :
1634 3540 1764 3595 Novi
1787 3540 1910 3610 quia
1938 3539 1984 3595 si
2031 3553 2188 3608 egero
2217 3537 2338 3601 hoc,

1969 3539 1984 3593 ί
2031 3553 2188 3608 (³88το
2217 3537 2338 3601 hoc.
2505 3549 2596 3601 22.
2625 3547 2734 3600 Kal
2753 3541 2904 3596 εἶπεν
2925 3543 3110 3605 αὐτοῖς
3134 3544 3169 3611 ἡ
3211 3542 3494 3595 Ἰουδαῖα·

810 3655 959 3696 mors
987 3637 1116 3692 mihi
1142 3646 1245 3702 est,
1269 3644 1323 3690 et
1344 3635 1388 3689 si
1420 3649 1526 3688 non
1553 3647 1728 3702 egero,
1760 3645 1865 3684 non
1883 3629 2130 3699 effugiam
2154 3643 2340 3682 manus

1978 3630 2130 3699 Igiam
2154 3643 2343 3682 manus
2441 3639 2514 3705 ξω
2541 3637 2713 3699 τοῦτο,
2745 3632 2972 3694 θάνατός
3003 3648 3096 3700 μοι
3117 3631 3262 3683 ἐστι’
3301 3632 3411 3685 καὶ
3451 3634 3508 3686 ἐέ

810 3739 1035 3782 vestras.

2439 3722 2764 3791 ἐκφεύξομαι
2793 3719 2890 3780 τὰς
2915 3719 3105 3787 χεῖρας
3136 3717 3328 3787 ὑμῶν.

879 3822 968 3873 25.
1006 3817 1107 3871 Sed
1133 3812 1410 3869 honestius
1439 3811 1568 3864 mihi
1599 3818 1681 3864 est
1719 3824 1822 3863 non
1872 3807 2157 3861 facientem
2205 3806 2343 3860 inci-

1980 3815 2157 3860 entem
2205 3806 2343 3860 inci-
2507 3811 2598 3864 25.
2628 3807 2859 3862 Κάλλιον
2891 3807 2949 3858 δέ
2975 3823 3045 3876 με
3071 3805 3150 3875 μὴ
3175 3808 3508 3876 πράξασαν

811 3912 938 3964 dere
965 3909 1018 3961 in
1048 3919 1239 3960 manus
1268 3912 1492 3965 vestras,
1518 3914 1674 3967 quam
1712 3911 1930 3967 peccare
1975 3896 2028 3949 in
2058 3903 2341 3963 conspectu

1975 3896 2028 3949 in
2058 3903 2344 3963 conspectu
2441 3903 2625 3970 χεῖρας
2649 3897 2820 3967 ὑμῶν,
2845 3896 2878 3966 ἢ
2913 3897 3188 3966 ἁμαρτεῖν
3215 3896 3486 3952 ἐνώπιον

815 3998 1046 4052 Domini.

880 4089 966 4141 28.
1008 4083 1179 4152 Iniqui
1210 4091 1383 4136 autem
1411 4080 1511 4132 viri
1559 4077 1756 4132 reversi
1801 4087 1928 4131 sunt
1963 4075 2347 4131 comminantes

1977 4075 2347 4131 :omminantes
2510 4077 2599 4131 28,
2626 4076 2688 4128 Οί
2712 4075 2768 4127 δὲ
2798 4073 3103 4142 παράνομοι
3129 4074 3344 4146 ἄνδρες
3372 4079 3507 4132 ὰπέ

815 4179 868 4232 in
891 4176 1210 4244 semetipsis,
1235 4181 1289 4227 et
1319 4171 1542 4225 insidias
1567 4177 1837 4237 parantes,
1881 4176 1940 4221 ut
1984 4175 2154 4220 morte
2175 4164 2345 4218 allice-

1984 4175 2154 4220 morte
2175 4164 2348 4218 allice-
2443 4184 2531 4228 τες
2554 4167 2611 4217 ἐν
2643 4165 2874 4226 ἑαυτοῖς,
2905 4164 3002 4216 καὶ
3031 4164 3474 4233 ἐνεδρεύοντες,

815 4279 936 4324 rent
961 4283 1098 4323 eam.
1133 4266 1198 4319 Et
1224 4269 1483 4316 venerunt
1514 4259 1578 4312 ad
1605 4259 1942 4328 Synagogam
1973 4256 2228 4318 civitatis,
2254 4253 2344 4308 ubi

1978 4256 2228 4318 civitatis,
2254 4253 2344 4308 ubi
2445 4253 2642 4320 αὑτήν
2683 4251 2778 4302 καὶ
2797 4249 3042 4312 ἐλθόντες
3062 4251 3164 4302 ἐπὶ
3187 4251 3300 4320 τὴν
3347 4254 3508 4307 Συνο

816 4359 1147 4419 habitabant,
1184 4361 1238 4407 et
1286 4349 1665 4411 consederunt,
1715 4347 1804 4415 qui
1853 4355 2006 4400 erant
2052 4346 2123 4399 ibi
2157 4360 2346 4400 omnes

1973 4355 2006 4400 It
2052 4346 2123 4399 ibi
2157 4360 2346 4400 omnes
2376 4348 2420 4402 D
2447 4340 2504 4398 οὗ
2525 4342 2838 4412 παρῲκουν,
2861 4340 2959 4393 καὶ
2994 4340 3404 4411 συνήδρευσαν
3439 4346 3503 4396 οἱ

816 4448 908 4504 ﬁlii
936 4444 1118 4500 lSrael.

2447 4435 2494 4485 oi
2515 4432 2621 4484 υἱοὶ
2665 4428 2897 4499 Ἰσραήλ.

883 4534 973 4587 29.
1013 4533 1079 4584 Ει
1109 4537 1388 4598 surgentes
1418 4525 1526 4580 duo
1585 4523 1825 4578 seniores
1856 4528 1911 4575 et
1956 4520 2164 4589 judices
2203 4520 2350 4573 dixe-

1983 4520 2164 4575 udices
2203 4520 2350 4573 dixe-
2513 4523 2602 4576 29.
2625 4520 2729 4572 Kal
2761 4518 3094 4578 ἀναστάντες
3119 4520 3173 4571 οἱ
3191 4520 3299 4573 δύο
3317 4535 3508 4592 πρεσ4

817 4628 947 4676 runt
975 4635 988 4670 :
1019 4618 1209 4670 Mittite
1235 4615 1298 4669 ad
1325 4616 1627 4668 Susannam
1655 4610 1815 4663 tiliam
1852 4608 2099 4670 Cltelcize,
2125 4623 2244 4675 qua:
2268 4614 2347 4660 est

1978 4608 2099 4670 mire,
2125 4623 2244 4675 qua:
2268 4614 2351 4660 est
2448 4610 2606 4667 εἶπαν
2626 4629 2640 4642 ·
2686 4607 3069 4663 Ἀποστείλατε
3099 4608 3197 4661 ἐπὶ
3249 4611 3508 4669 Σουσὰν

818 4723 958 4765 uxor
980 4704 1206 4760 Joacim.
1248 4702 1326 4755 llli
1363 4710 1540 4754 autem
1566 4699 1747 4753 statim
1774 4705 2113 4766 .voeaverunt
2137 4710 2277 4748 eam.

1978 4705 2113 4748 :runt
2137 4710 2277 4748 eam.
2449 4704 2585 4764 κίου,
2613 4701 2732 4769 ἥτις
2763 4698 2879 4750 ἐστὶ
2901 4695 3040 4765 γυνὴ
3079 4697 3391 4772 Ἰωακείμ.
3434 4708 3508 4760 Oi

885 4883 972 4938 33.
1015 4880 1079 4935 Ut
1115 4885 1290 4932 autem
1319 4874 1529 4929 advenit
1560 4871 1752 4926 mulier
1795 4886 1917 4925 cum
1967 4877 2118 4939 patre
2149 4884 2268 4931 suo,
2299 4879 2345 4923 et

2450 4809 2544 4845 σαν
2571 4790 2759 4858 αὑτήν.

1967 4877 2118 4939 patre
2149 4884 2268 4931 suo,
2299 4879 2345 4923 et
2517 4881 2604 4934 '50.
2643 4878 2730 4939 Ὠς
2756 4875 2812 4928 δὲ
2835 4874 3192 4945 παρεγενήθη
3217 4877 3258 4946 ἠ
3301 4882 3486 4954 γυνὴ

821 4983 1009 5036 matre,
1057 4980 1108 5025 et
1131 4969 1291 5030 servi,
1321 4975 1373 5021 ct
1421 4963 1624 5019 ancilla:
1672 4961 1809 5030 ejus,
1863 4975 1985 5014 cum
2042 4969 2222 5013 essent
2251 4975 2350 5011 nu-

1978 4978 1985 5012 ι
2042 4969 2222 5013 essem
2251 4975 2350 5011 ιιιι·
2448 4970 2563 5038 τῆς,
2592 4968 2687 5021 καὶ
2733 4968 2798 5035 τῇ
2830 4965 3018 5034 μητρὶ,
3053 4967 3149 5019 καὶ
3181 4969 3234 5020 οἱ
3263 4973 3508 5038 παῖδες

824 5077 969 5114 mero
1022 5057 1427 5130 quinquaginta,
1485 5052 1771 5107 adfuerunt
1820 5057 1873 5105 et
1910 5049 2059 5104 tilioli
2094 5048 2351 5103 Susanna:

1978 5050 2059 5103 ioli
2094 5048 2351 5103 Susanna:
2448 5055 2614 5123 αὐτῆς
2635 5053 2782 5114 ὄντες
2807 5051 2897 5104 τὸν
2941 5051 3174 5122 ἀριθμὸν
3225 5073 3508 5130 πεντηκι

825 5156 1067 5212 quatuor.

2449 5146 2544 5198 καὶ
2563 5144 2630 5195 τὰ
2660 5141 2842 5194 παιδία
2872 5141 3184 5205 Σουσάννας
3213 5146 3508 5220 τέσσαρς

893 5232 980 5282 3t.
1020 5231 1144 5285 Erat
1167 5243 1341 5287 autem
1372 5231 1563 5286 mulier
1592 5229 1818 5284 delicata
1860 5227 2037 5280 nimis.

1978 5228 2037 5280 is.
2518 5234 2602 5287 δί.
2623 5227 2728 5282 Ἦν
2759 5228 2815 5282 δὲ
2841 5230 2874 5298 ἡ
2905 5231 3044 5301 γυνὴ
3073 5241 3355 5306 τρυφερὰ
3417 5259 3508 5311 cep

855 5401 867 5413 .
894 5315 981 5367 32.
1022 5317 1085 5369 Et
1113 5321 1384 5386 jusserunt
1416 5323 1582 5390 iniqui
1629 5318 1973 5386 discooperiri
1998 5332 2137 5382 eam,
2178 5325 2234 5370 ut
2267 5333 2352 5371 sa-

1998 5332 2137 5382 eam,
2178 5325 2234 5370 ut
2267 5333 2352 5371 sa-
2520 5319 2744 5373 52.1911
2801 5319 3146 5388 προσέταξαν
3199 5326 3255 5375 ot
3319 5332 3508 5399 παρά

831 5406 1091 5456 tiarentur
1119 5408 1309 5463 decore
1339 5409 1785 5480 concupiscentiae
1817 5408 1953 5476 ejus.

2450 5409 2638 5476 αὐτὴν,
2675 5407 2758 5457 ἵνα
2780 5406 3138 5475 ἐμπλησθῶσι
3172 5414 3456 5484 κάλλους
3503 5426 3508 5472 ἐ

900 5489 988 5541 35.
1031 5491 1091 5541 Et
1125 5493 1377 5551 fleverunt
1405 5502 1484 5554 sui
1519 5515 1723 5565 omnes,
1763 5497 1923 5568 etqui
1956 5511 2072 5552 eam
2099 5505 2352 5550 noverant

1978 5511 2072 5549 sam
2099 5505 2352 5550 noverant
2520 5496 2608 5548 33.
2641 5495 2749 5546 Kal.
2777 5495 3064 5549 ἐκλαίοσαν
3086 5499 3138 5550 οἱ
3171 5503 3326 5572 παρ’
3357 5509 3508 5562 aps-ca

836 5588 1041 5628 omnes.

2455 5584 2617 5646 αὐτὴν
2641 5583 2854 5649 ᾔδεισαν
2897 5584 3113 5648 πάντες.
