3874 6350
1704 359 1930 418 CAPUT
1974 359 2110 417 XIII.
2202 360 2203 363 “

3332 364 3477 420 2854

242 466 389 521 34.
442 460 768 549 ‘Avaardmsc
799 445 855 504 δδ
900 447 1005 549 ξδ’-
1047 470 1461 541 πρεσϐύτεροι
1535 476 1632 529 καὶ
1660 477 1841 546 κριταὶ

2013 479 2101 533 54.
2138 476 2534 549 Consurgentes
2586 484 2765 534 autem
2840 473 3086 532 seniores
3156 481 3213 528 et
3265 473 3477 542 iudices

158 554 526 623 ιτεέθηκαν
558 552 645 613 τὰς
659 547 826 641 χεῖρας
1107 551 1230 609 ἐπὶ
1254 558 1353 628 τῆς
1377 535 1626 628 κεφαλῆς
1649 535 1837 628 αύτῆς.

260 641 400 697 35.
455 642 525 695 Ἦ
543 642 600 695 δι
623 635 799 708 καρδία,
827 628 996 698 αὐτῆς
1050 637 1375 701 ἐπεποίθει
1413 650 1507 701 επὶ
1550 648 1739 719 Κυρίῳ
1763 644 1842 718 ³ιῷ

152 729 345 799 Θεῷ
368 730 591 800 αὐτῆς,
613 728 703 782 καὶ
716 719 1060 789 ἀνακύψασας
1096 730 1386 789 ἔκλαυσεν
1404 738 1462 790 ἑν
1490 738 1627 809 αὐτῇ
1652 738 1839 805 λέγου-

153 837 275 875 σι
302 835 321 849 ⁶
357 819 567 890 Κύριε
600 822 627 873 ὁ
648 818 770 880 Θεὸς
794 818 822 870 ό
844 809 1099 883 αὶῶνιος,
1148 825 1183 875 ὁ
1215 825 1375 889 εἰδὼς
1397 826 1466 879 τὰ
1507 827 1684 881 πάντα
1711 828 1842 896 πρὶν

150 907 525 979 minus;
548 906 745 974 οὖνῶν,
773 908 834 961 σὺ
866 898 1036 969 οῖδας,
1065 908 1168 965 ὅτι
1197 916 1302 968 οὐκ
1331 916 1559 985 ὶποίησα
1598 916 1635 970 ἃ
1676 933 1842 984 πονη-

151 997 509 1071 ρεύονται
536 1000 592 1051 οί
614 998 801 1067 ἄνομοι
828 989 967 1051 οῦτοι
986 996 1087 1049 hs"
1120 1001 1275 1072 ἐμοί.
1296 1005 1409 1058 Καὶ
1439 1006 1716 1076 είσήκουσε
1738 1006 1843 1060 Κύ-

154 1102 346 1161 ριος
372 1087 495 1154 τῆς
531 1087 773 1156 δεήσεως
799 1085 983 1154 αὐτῆς.

288 1174 399 1229 36.
446 1178 521 1229 Οί
544 1177 611 1229 δὲ
635 1175 731 1228 δύο
765 1175 1329 1250 πρεσϐύτεροιεῐπανσ
1365 1184 1551 1253 Ἡμεῖς
1577 1200 1839 1254 περιεπα-

153 1264 453 1335 eopr
483 1269 554 1318 ὲν
585 1267 669 1337 τῷ
702 1268 1011 1338 παραδείσῳ
1028 1271 1131 1323 τοῦ
1155 1272 1350 1343 ἀνδρὸς
1376 1274 1565 1342 αὐτῆς.
1750 1280 1755 1283 ’

292 1354 402 1407 37.
445 1355 580 1407 Kal.
635 1355 963 1419 κυκλοῦντες
1008 1355 1075 1410 τὸ
1108 1360 1341 1427 στάδιον,
1394 1362 1601 1430 είδομεν
1642 1361 1841 1430 ταύτην

159 1445 703 1514 ἀναπαυομένην
722 1448 859 1516 μετὰ
883 1446 1098 1515 ἀνδρὸς,
1140 1449 1238 1503 καὶ
1265 1451 1485 1512 στάντες
1509 1451 1842 1521 ιθεωροῦμεν

165 1533 448 1595 αὖτοὺς
480 1533 827 1601 ὁμιλοῦντας
849 1534 1122 1605 ἀλλήλοις.

297 1620 402 1675 38.
433 1621 567 1673 Kal.
602 1622 768 1675 αὐτοὶ
792 1623 891 1674 οὐκ
916 1622 1159 1692 ⁴ᾔδεισαν,
1191 1625 1272 1677 ὅτι
1299 1626 1672 1696 είστήκειμεν*
1720 1626 1840 1677 τότε

170 1709 657 1817 Ἕνειπάμεθα
684 1710 937 1781 ἀλλήλοις
954 1711 1223 1780 λέγοντεςο
1242 1713 1513 1783 Μάθωμεν
1540 1714 1681 1776 τίνες
1706 1715 1842 1766 είσὶν

170 1814 415 1851 οῑδτοι.
1348 1840 1349 1843 η
1394 1816 1397 1817 ⁷

301 1884 405 1939 39.
444 1884 577 1940 Kal
602 1885 1003 1956 προσελθόντες
1027 1887 1342 1957 ιπέγνωμεν
1367 1888 1534 1959 αὑτήν
1555 1906 1569 1921 ·
1592 1888 1621 1940 ὀ
1640 1889 1697 1942 δὲ
1722 1906 1844 1944 νεα-

175 1976 437 2039 νίσκος
478 1976 668 2046 ἔφυγε
698 1978 1243 2047 συγκεκαλυμμένος.

307 2065 414 2119 ιο.
449 2064 695 2135 Ταύτης
725 2066 784 2118 δὲ
812 2066 1217 2135 ἐπιλαϐόμενοι,
1246 2067 1614 2137 έπηρωτῶμεν
1654 2067 1842 2136 αὐτὴν,

185 2171 251 2206 1:
277 2154 327 2216 ίς
352 2156 391 2206 ὁ
421 2153 756 2223 ἄνθρωπος,
813 2157 913 2209 καὶ
960 2158 1062 2210 οὐκ
1090 2156 1422 2227 ἀπήγγειλεν
1467 2158 1599 2227 ἡμῖν
1629 2156 1713 2219 τίς
1751 2152 1840 2227 ἦν.

189 2241 445 2295 ταῦτα
486 2243 931 2313 μαρτυροῦμεν.

313 2333 416 2387 41.
452 2334 576 2385 Kal.
608 2334 942 2389 ἐπίστευσεν
971 2336 1156 2401 αὐτοῖς
1182 2338 1215 2407 ὴ
1242 2336 1535 2407 Συναγωγὴ
1562 2337 1732 2401 πᾶσα,
1768 2335 1844 2399 ὡς

195 2420 669 2489 πρεσϐυτέρων
711 2421 889 2476 ὄντων
919 2425 1014 2477 καὶ
1046 2425 1246 2493 κριτῶν
1274 2424 1366 2478 τοῦ
1395 2425 1545 2478 λαοῦ.

320 2510 416 2562 45.
453 2509 579 2562 Kal.
626 2508 739 2562 ἰδοῦ
771 2510 1004 2579 ἄγγελος
1032 2515 1258 2584 Κυρίου,
1290 2514 1501 2585 ἐκείνης
1518 2513 1846 2583 ὲξαγομένης

204 2598 594 2665 απολέσθαι,
631 2604 732 2655 καὶ
753 2602 997 2654 ἔδωκενό
1021 2603 1271 2671 ἄγγελος,
1305 2602 1485 2666 καθὼς
1513 2603 1841 2673 προσετάγη,

205 2687 483 2759 πτνεῦμα
514 2692 799 2755 συνέσεως
825 2694 1072 2763 νεωτέρῳ
1096 2693 1209 2746 δντι
1236 2693 1452 2764 Δανιήλ.

323 2865 419 2919 48.
448 2866 890 2931 Διαστείλαςδὲ
931 2867 1128 2939 Δανιὴλ
1158 2867 1249 2922 τὸν
1295 2868 1469 2939 ὄχλον,
1514 2869 1612 2922 καὶ
1633 2870 1763 2934 στὰς
1786 2871 1845 2924 ὲν

212 2955 416 3027 Edam
445 2958 643 3011 αὐτῶν
674 2955 832 3011 εἶπεν
855 2976 869 2989 ·
903 2959 1108 3025 Οὕτως,
1138 2962 1308 3030 μωροὶ
1329 2962 1434 3013 υίοὶ
1472 2962 1704 3032 Ἰσραὴλ,
1745 2963 1844 3017 οὐκ

1944 569 2315 636 imposuerunt
2333 582 2526 622 manus
2562 583 2687 623 suas
2713 580 2876 637 super
2906 574 3069 633 caput
3095 562 3233 632 ejus.

2009 658 2098 711 55.
2133 656 2244 711 Cor
2272 668 2449 712 autem
2478 657 2597 727 ejus
2628 656 2876 712 ﬁduciam
2907 653 3133 708 habebat
3163 653 3217 706 in
3247 652 3477 706 Domino

1941 742 2197 808 Deosuo,
2235 753 2289 798 et
2347 745 2649 813 suspiciens
2705 743 2850 798 ﬂevit
2898 743 2954 796 in
2991 741 3199 809 seipsa,
3249 740 3496 801 dicensz,

1943 832 2169 887 Domine
2189 834 2326 888 Deus
2351 843 2566 900 aeterne,
2622 835 2714 903 qui
2768 831 2908 886 nosti
2958 830 3137 884 omnia
3187 839 3473 898 antequam

1943 925 2152 990 tierent,
2179 932 2236 978 tu
2262 926 2389 989 scis,
2418 925 2545 993 quia
2570 938 2676 977 non
2699 922 2820 987 feci,
2871 936 2991 990 qua:
3016 920 3283 974 malitiose
3311 933 3474 972 com-

1941 1024 2147 1082 ponunt
2182 1013 2351 1082 iniqui
2383 1014 2468 1068 isti
2519 1014 2576 1068 in
2626 1028 2732 1067 me.
2785 1011 2853 1065 Et
2904 1008 3174 1065 exaudivit
3216 1006 3474 1060 Dominus

1943 1102 2367 1170 deprecationem
2394 1103 2534 1171 ejus.

2010 1191 2098 1245 36.
2130 1190 2244 1245 Duo
2266 1200 2443 1245 autem
2473 1190 2710 1246 seniores
2735 1189 2989 1244 dixerunt
3015 1204 3030 1242 :
3060 1185 3170 1241 Nos
3203 1182 3475 1239 deambu-

1942 1277 2188 1333 labamus
2215 1279 2267 1332 in
2299 1280 2541 1346 pomario
2569 1278 2668 1331 viri
2707 1277 2843 1345 ejus.

2010 1367 2099 1421 57.
2152 1365 2221 1420 Et
2265 1368 2660 1421 circumeuntes
2707 1365 2936 1419 stadium
2964 1401 2982 1425 ,
3044 1360 3277 1416 vidimus
3333 1358 3473 1411 lianc

1943 1457 2307 1524 quiescentem
2341 1470 2463 1509 cum
2497 1455 2634 1517 viro,
2667 1461 2721 1507 et
2750 1461 2955 1507 stantes
2980 1447 3473 1517 contemplabamur

1943 1558 2041 1598 eos
2069 1544 2508 1598 consuetudinem
2536 1542 2790 1596 habentes
2831 1540 2969 1592 inter
2992 1552 3069 1591 se.

2010 1633 2098 1686 '58.
2143 1633 2206 1685 Et
2233 1632 2332 1700 ipsi
2356 1646 2458 1683 non
2476 1635 2756 1689 noverant,
2786 1625 2930 1694 quod
2961 1624 3328 1687 adstaremus;
3348 1628 3488 1674 tunc

1944 1722 2102 1777 simul
2134 1722 2340 1789 loquuti
2373 1732 2562 1773 sumus
2587 1718 2655 1770 ad
2685 1715 2912 1769 invicem
2964 1713 3238 1767 dicentes:
3273 1710 3473 1779 Depre-

1874 1793 1914 1847 Β
1944 1813 2244 1866 bendamus
2270 1810 2361 1878 qui
2392 1816 2518 1863 sunt
2545 1806 2656 1861 isti.

2011 1901 2099 1955 59.
2141 1900 2207 1955 Et
2237 1898 2554 1955 accedentes
2585 1893 2936 1966 cognovimus
2964 1906 3081 1946 eam
3101 1908 3129 1971 ς,
3164 1889 3473 1945 adolescens

1939 2006 2071 2047 vero
2104 1990 2239 2059 fugit
2266 1997 2570 2058 coopertus.
3118 1972 3123 1975 ’

2026 2082 2116 2134 40.
2158 2078 2307 2133 lianc
2331 2086 2508 2132 autem
2555 2091 2677 2130 cum
2716 2067 3474 2143 apprehendissemus,inter-

1939 2168 2249 2239 rogavimus
2275 2182 2418 2231 eam,
2451 2166 2699 2234 quisnam
2724 2170 2869 2217 esset
2895 2162 3077 2224 homo,
3104 2168 3157 2212 et
3195 2171 3302 2211 non
3331 2154 3472 2208 indi-

1942 2257 2083 2311 cavit
2106 2255 2262 2310 nobis
2294 2255 2414 2323 quis
2444 2261 2593 2307 erat:
2625 2253 2739 2306 haec
2762 2259 3038 2304 testamur.

2008 2345 2096 2399 41.
2139 2344 2206 2398 Et
2230 2344 2456 2399 credidit
2486 2343 2566 2398 eis
2616 2341 2896 2411 Synagoga
2956 2336 3154 2397 omnis,
3216 2346 3283 2388 eo
3328 2329 3471 2400 quod

1939 2444 2121 2492 essent
2153 2432 2448 2503 presbyteri
2477 2441 2530 2485 et
2556 2431 2765 2499 judices
2796 2426 2998 2496 populi.

2011 2525 2099 2580 45.
2141 2525 2207 2578 Et
2230 2537 2353 2577 ecce
2373 2520 2595 2588 angelus
2642 2516 2873 2580 Domini,
2931 2528 3051 2568 cum
3120 2509 3476 2564 adduceretur

1940 2615 2052 2681 illa,
2094 2621 2152 2668 ut
2181 2611 2415 2681 periret:
2447 2619 2500 2664 et
2536 2607 2679 2663 dedit
2718 2604 2964 2674 angelus,
2999 2602 3136 2654 sicut
3163 2598 3471 2652 mandatum

1939 2712 2078 2767 erat,
2109 2702 2360 2771 spiritum
2388 2696 2751 2767 intelligentia:
2778 2688 3196 2751 adolescentulo,
3234 2686 3326 2756 qui
3360 2690 3476 2738 erat

1939 2791 2146 2846 Daniel.

2007 2880 2097 2935 48.
2137 2880 2269 2934 Cum
2305 2885 2481 2932 autem
2517 2874 2701 2929 Daniel
2724 2878 2995 2941 separaret
3025 2867 3254 2929 turbam,
3283 2873 3338 2917 et
3365 2870 3476 2917 stn-

1941 2976 2023 3021 ret
2051 2968 2104 3020 in
2130 2966 2306 3020 medio
2337 2977 2542 3026 eorum,
2569 2963 2681 3015 ait:
2719 2958 2827 3021 Sic,
2850 2957 2996 3011 stulti
3041 2954 3130 3008 filii
3156 2952 3335 3015 Israel,
3366 2963 3474 3002 non

208 3046 695 3141 ῗνακρίναντες,
725 3047 850 3101 οὐδὲ
882 3048 942 3101 τὸ
962 3050 1127 3118 σαφὲς
1147 3050 1471 3118 ἐπιγνόντες,
1496 3051 1841 3105 ἀπεκτείνατε

1971 3063 2355 3124 nterrogantes,
2382 3066 2554 3121 neque
2581 3048 2721 3119 quod
2771 3046 3115 3101 manifestum
3163 3053 3246 3096 est
3279 3054 3478 3109 cogno-

206 3131 468 3201 Θυγατέ
476 3153 552 3204 pa
599 3136 822 3205 Ἰσραήλ
841 3155 857 3202 ;

328 3225 422 3277 51.
453 3225 577 3278 Kal.
604 3225 704 3278 νῦν
725 3225 1088 3295 διαχωρίσατέ
1133 3243 1219 3295 μοι
1266 3227 1459 3290 αὐτοὺς
1492 3228 1584 3281 ἀπ’
1609 3228 1846 3299 ἀλλήλων

230 3315 515 3385 ιιακρὰν,
549 3316 642 3367 ῐνα
676 3316 863 3368 ὲτάσω
903 3314 1128 3377 αὐτούς’
1172 3313 1249 3377 ὡς
1285 3315 1342 3368 δὲ
1398 3316 1843 3387 διεχωρίσθησαν,

212 3397 424 3457 Ἶεἶπεν
460 3402 679 3473 Δανιὴλ
735 3406 804 3473 τῇ
838 3404 1160 3472 συναγωγῇ’
1192 3402 1304 3456 Νῦν
1358 3405 1431 3473 μὴ
1481 3404 1729 3474 βλέψητε,
1765 3406 1847 3457 ὅτι

216 3486 408 3545 ὀὗτοι
428 3493 547 3546 είσὶ
583 3492 977 3562 πρεσϐύτεροι,
1011 3490 1257 3558 λέγοντες
1278 3506 1292 3520 ’
1324 3492 1397 3543 Οὐ
1427 3492 1500 3561 μὴ
1524 3491 1844 3561 ψεύσωνται,

246 3580 403 3634 ἀλλὰ
430 3581 735 3649 ἀνακρινῶ
769 3581 968 3641 αὐτοὺς
996 3579 1137 3632 κατὰ
1155 3578 1222 3631 τὰ
1258 3579 1627 3632 ὑποπίπτοντά
1668 3596 1774 3649 μοι.

326 3671 427 3723 52.
484 3672 607 3724 Kal.
656 3670 889 3723 ἐκάλεσε
916 3668 1006 3722 τὸν
1041 3668 1136 3720 ἓνα
1172 3668 1366 3731 αὐτῶν,
1394 3668 1486 3720 καὶ
1510 3669 1848 3737 προσήγαγον

263 3756 357 3809 in
371 3759 777 3829 πρεσϐύτερον
792 3758 870 3827 τῷ
892 3759 1161 3829 νεωτέρῳ,
1178 3740 1271 3811 καί.
1293 3754 1441 3809 εἶπεν
1465 3757 1609 3828 αὐτῷ
1632 3760 1844 3829 Δανιήλ-

286 3847 501 3913 Ἄκουε,
531 3850 730 3912 ἄκουε,
790 3847 1207 3915 πεπαλαιωμένε
1238 3845 1457 3915 ἡμερῶν
1505 3845 1707 3913 κακῶν,
1754 3846 1849 3899 νῦν

281 3936 435 4006 ﬁxas!
471 3957 577 3992 σου
609 3938 668 3990 al
692 3935 962 4006 ἁμαρτίαι
988 3933 1054 3997 ἃς
1075 3934 1276 3995 ἐποίεις
1304 3934 1363 3986 τὸ
1393 3934 1669 4003 πρότερον.

334 4032 425 4084 53.
466 4024 810 4086 Πιστευθεὶς
863 4023 1101 4086 ἀκούειν,
1160 4023 1255 4073 καὶ
1296 4021 1497 4089 κρίνειν
1526 4021 1733 4092 κρίσεις
1757 4023 1852 4076 θά-

278 4132 423 4172 νατον
456 4113 872 4185 ἐπιφερούσας,
907 4112 1119 4164 καὶτὸν
1153 4111 1250 4179 μὲν
1290 4108 1465 4162 ἀθῶον
1508 4111 1848 4182 κατέκρινας,

275 4209 388 4272 τοὺς
422 4208 491 4261 δὲ
527 4205 761 4273 ἐνόχους
777 4200 980 4269 ἠφίεις,
1002 4200 1096 4252 τοῦ
1123 4198 1325 4268 Κυρίου
1351 4198 1618 4266 λέγοντος·
1655 4200 1851 4253 ’Δθῶον

276 4299 354 4351 καὶ
375 4299 612 4350 δίκαιον
642 4294 747 4345 οὐκ
781 4291 1117 4351 ἀποκτενεῖς.

1946 3152 2177 3205 scentes,
2203 3150 2375 3197 morte
2404 3139 2647 3194 multatis
2676 3136 2837 3190 tiliam
2869 3134 3067 3188 Israel?

2012 3235 2099 3289 5|.
2140 3233 2203 3287 Et
2228 3236 2370 3286 nunc
2399 3238 2642 3298 separate
2672 3226 2803 3280 mihi
2836 3240 2930 3280 eos
2959 3224 3026 3277 ab
3082 3222 3307 3277 invicem
3353 3227 3479 3286 pro-

1944 3323 2050 3386 cul,
2083 3330 2140 3374 ut
2181 3320 2479 3374 examinem
2538 3331 2653 3370 eos.
2703 3313 2995 3382 Postquam
3032 3318 3208 3364 autem
3245 3304 3476 3374 separati

1944 3422 2088 3475 sunt,
2110 3411 2246 3465 dixit
2281 3408 2463 3463 Daniel
2489 3405 2814 3461 multitudini
2847 3423 2860 3457 :
2890 3402 3043 3455 Nunc
3068 3416 3135 3453 ne
3154 3396 3475 3465 respiciatis,

1944 3502 2067 3570 quia
2105 3499 2191 3553 isti
2214 3495 2669 3565 suutpresbyteri,
2698 3494 2956 3553 dicentes,
2993 3489 3107 3542 Non
3126 3486 3475 3546 mentiuntur,

1945 3591 2037 3645 sed
2065 3587 2404 3655 interrogabo
2427 3598 2519 3638 eos
2538 3583 2688 3651 juxta
2719 3595 2803 3644 ea,
2827 3594 2946 3647 quae
2985 3576 3115 3630 mihi
3143 3588 3200 3627 se
3230 3571 3476 3626 oﬂerunt.

2015 3677 2101 3732 52.
2127 3675 2191 3729 Et
2218 3674 2427 3729 vocavit
2456 3672 2619 3725 unum
2640 3684 2703 3721 ex
2732 3668 2834 3731 eis,
2864 3676 2918 3720 et
2945 3664 3278 3717 adduxerunt
3301 3658 3479 3712 senio-

1946 3781 2059 3820 rem
2089 3760 2515 3820 adolescentulo,
2533 3766 2586 3812 et
2603 3756 2735 3810 dixit
2754 3757 2801 3808 ei
2820 3753 2999 3807 Daniel
3022 3770 3035 3804 :
3053 3749 3212 3811 Audi,
3234 3746 3379 3810 audi,
3395 3745 3480 3799 in-

1946 3861 2176 3908 veterate
2200 3851 2405 3906 dierum
2434 3848 2729 3909 malorum,
2764 3857 2910 3899 nunc
2945 3846 3203 3895 venerunt
3237 3844 3476 3906 peccata,

1946 3959 2063 4014 qua:
2084 3941 2315 3997 faciebas
2338 3947 2516 3992 antea.

2015 4034 2101 4088 53.
2129 4031 2263 4086 Cum
2294 4029 2389 4083 tibi
2415 4025 2759 4081 commissum
2788 4022 2949 4078 fuerit
2976 4019 3181 4083 audire,
3206 4025 3254 4071 et
3282 4014 3481 4069 discer-

1946 4138 2073 4180 nere
2102 4120 2301 4190 judicia
2344 4126 2569 4172 mortem
2602 4113 2896 4178 aﬂ‘erentia,
2922 4120 2974 4166 et
2999 4111 3336 4172 innocentem
3360 4103 3482 4174 qui-

1947 4213 2066 4266 dem
2089 4206 2479 4270 condemnasti,
2507 4210 2628 4260 reos
2655 4210 2833 4257 autem
2891 4199 3223 4262 dimittebas,
3272 4195 3483 4250 dicente

1950 4301 2207 4355 Domino:
2231 4297 2569 4352 lnnocentem
2602 4302 2656 4349 et
2674 4294 2875 4363 justum
2898 4306 3004 4346 non
3042 4287 3347 4343 interﬁcies.

331 4390 424 4442 54.
462 4385 590 4439 Νῦν
617 4380 715 4436 οὖν
742 4380 850 4432 ὑπὸ
886 4380 939 4431 τί
971 4378 1206 4446 δένδρον,
1256 4375 1351 4430 καὶ
1382 4376 1605 4447 ποταπῷ
1630 4374 1723 4430 τοῦ
1750 4396 1841 4431 πα-

2017 4391 2105 4445 54.
2143 4391 2299 4444 Nunc
2324 4388 2485 4458 igitur
2510 4386 2610 4441 sub
2632 4399 2737 4454 qua
2767 4384 2978 4445 arbore,
3003 4389 3055 4436 et
3078 4380 3223 4450 quali
3249 4373 3477 4446 pomarii

277 4480 530 4543 ραδείσου
566 4474 723 4541 τόπῳ
770 4469 1025 4538 ἑώρακας
1053 4466 1250 4528 αὐτοὺς
1281 4467 1437 4529 δντας
1468 4467 1564 4519 σὺν
1606 4468 1848 4536 ἐαυτοῖς;

275 4565 371 4623 Καὶ
403 4566 581 4621 εἶπεν
600 4561 872 4629 όάσεϐής·
907 4556 1042 4609 Ὗπὺ
1071 4557 1266 4624 σχῖνον.

332 4660 430 4713 55.
465 4652 652 4709 Εἶπεν
680 4651 738 4703 δὲ
769 4650 798 4700 ὁ
824 4646 1112 4715 νεώτερος
1147 4643 1348 4712 Ὀρθῶς
1370 4642 1590 4712 ἔψευσαι
1632 4645 1711 4706 είς
1755 4644 1853 4714 τὴν

276 4745 509 4802 σεαυτοῦ
546 4741 769 4810 ψυχήν
805 4738 835 4787 ὁ
880 4736 992 4804 γὰρ
1034 4732 1265 4799 ἄγγελος
1310 4734 1511 4804 Κυρίου
1561 4733 1728 4803 σχίσει
1760 4752 1853 4788 σου

272 4834 356 4906 τὴν
391 4833 593 4904 ψυχὴν
624 4828 893 4895 σήμερον-

326 4902 424 4979 56.
455 4920 579 4973 Kal.
593 4915 784 4968 τοῦτον
809 4907 1165 4981 μεταστήσας
1189 4902 1305 4958 εἷπε
1331 4911 1691 4977 προσαγαγεῖν
1710 4910 1854 4980 αὖτῷ

269 5008 348 5063 τὸν
370 5012 473 5062 {te
483 5022 586 5075 ρον
607 5018 622 5032 ·
650 5002 747 5055 καὶ
775 4998 959 5064 τούτῳ
979 4995 1038 5046 δὲ
1049 4989 1219 5044 εἶπενσ
1242 4994 1339 5046 Διὰ
1363 4996 1414 5046 τί
1436 4996 1854 5064 διεστραμμένον

268 5099 317 5151 τὸ
362 5097 604 5165 σπέρμα
636 5107 734 5143 σου
773 5087 855 5148 ὡς
905 5081 1164 5140 Σιδῶνος,
1198 5081 1291 5132 καὶ
1324 5084 1419 5152 οὐχ
1456 5083 1529 5145 ὡς
1569 5084 1761 5149 Ἰούδας
1795 5086 1855 5140 τὸ

267 5188 464 5249 κάλλος
500 5183 567 5236 σὲ
600 5179 919 5249 ἠπάτησεν,
957 5170 995 5236 ἡ
1035 5166 1202 5234 μικρὰ
1231 5166 1511 5237 ἐπιθυμία,
1678 5190 1680 5193 ,

318 5279 422 5333 57.
455 5273 578 5327 Καὶ
600 5269 781 5327 οὕτως
810 5258 1065 5313 ἐποιεῖτε
1110 5254 1438 5323 θυγατράσιν
1489 5260 1695 5329 Ἰσραήλ
1715 5277 1729 5292 ·
1763 5267 1856 5318 καὶ

259 5364 461 5423 ἐκεῖναι
495 5356 873 5433 φοϐούμεναι,
909 5340 1224 5433 ὼρῖιλοῢςξαν
1255 5344 1405 5411 ὑμῖν·
1443 5346 1557 5397 ἀλλ’
1600 5349 1658 5400 ού
1689 5352 1855 5416 θυγά-

242 5463 339 5532 τηρ
384 5428 559 5513 Ἰούδα
610 5442 909 5510 ὑπέμεινε
959 5429 1067 5495 τὴν
1100 5428 1247 5480 νόσον
1273 5431 1429 5498 ὑμῶν
1452 5432 1511 5485 ἐν
1535 5432 1729 5509 ἀνομίᾳ
1756 5439 1857 5492 ὑπ.

224 5555 499 5622 ενεγκεϊν.
619 5620 625 5622 Α
694 5620 704 5622 ᾼ
743 5564 758 5622 _'
1037 5600 1102 5622 ,ν

280 5601 534 5701 δεινὸν
554 5620 663 5682 οὖν
691 5616 835 5679 λέγε
864 5619 996 5676 μοι·
1037 5601 1171 5653 ’Υπὲρ
1200 5608 1250 5657 τε
1268 5608 1502 5678 δένδρον.
1525 5612 1616 5664 καὶ
1636 5613 1689 5666 ὲν
1721 5618 1855 5690 ποίῳ

1951 4478 2069 4531 loco
2118 4477 2294 4529 vidisti
2355 4489 2449 4528 eos
2515 4489 2697 4528 secum
2752 4467 3183 4527 commorantes?
3223 4467 3290 4520 Et
3345 4462 3483 4517 dixit

1951 4563 2146 4630 impius
2169 4580 2182 4612 :
2212 4561 2325 4615 Sub
2351 4560 2559 4614 SCIIIDO.

2018 4652 2106 4706 55.
2139 4650 2474 4703 Dixitautem
2515 4645 2941 4701 adolescentulus
2982 4659 2997 4694 :
3038 4642 3201 4697 Recte
3228 4636 3483 4694 mentitus

1950 4758 2009 4797 es
2034 4742 2088 4795 in
2114 4741 2345 4794 animam
2371 4747 2537 4804 tuam,
2581 4738 2802 4807 angelus
2835 4744 3011 4789 autem
3036 4732 3249 4789 Domini
3278 4727 3483 4785 scindet

1951 4834 2181 4887 animam
2214 4839 2355 4883 tuam
2382 4827 2559 4881 hodie.

2022 4921 2109 4973 5'6.
2136 4918 2199 4972 Et
2229 4933 2350 4971 cum
2379 4917 2523 4969 hunc
2556 4913 2899 4976 removisset,
2949 4909 3101 4973 dixit,
3140 4915 3202 4961 ut
3246 4902 3481 4959 adduce-

1951 5015 2069 5061 rent
2089 5005 2187 5058 sibi
2216 5003 2461 5065 alterum,
2491 5001 2581 5054 sed
2608 5007 2661 5052 et
2682 4999 2807 5051 huic
2832 4998 2936 5049 ait:
2967 4996 3143 5060 Quare
3168 5006 3479 5063 perversum

1950 5103 2034 5149 est
2062 5106 2240 5148 semen
2275 5099 2423 5142 tuum
2456 5088 2594 5141 sicut
2637 5083 2871 5146 Sidonis,
2902 5090 2955 5134 et
2980 5097 3084 5134 non
3131 5082 3269 5135 sicut
3309 5077 3485 5154 Iuda?

1952 5183 2152 5254 species
2185 5178 2395 5234 seduxit
2426 5185 2497 5237 te.
2519 5189 2681 5244 parva
2719 5169 3169 5237 concupiscentia.

2022 5272 2107 5325 57.
2150 5270 2213 5324 Et
2258 5270 2337 5324 sic
2379 5263 2654 5320 faciebatis
2716 5260 2925 5315 ﬁliabus
2978 5256 3163 5321 Israel,
3201 5265 3254 5313 et
3282 5256 3385 5310 illa:
3416 5255 3484 5309 ti-

1953 5368 2159 5415 mentes
2196 5355 2653 5413 conversabantur
2684 5348 2959 5401 vobiscum
3011 5363 3023 5398 :
3056 5348 3148 5401 sed
3198 5348 3305 5400 tilia
3345 5344 3484 5400 Iuda

1955 5464 2061 5502 non
2100 5444 2356 5500 sustinuit
2378 5440 2620 5496 morbum
2659 5443 2895 5490 vestrum
2947 5433 3001 5487 in
3046 5434 3334 5506 iniquitate
3365 5433 3484 5489 sufo

1960 5537 2118 5590 ferre.
3432 5568 3437 5569 ,

2023 5624 2109 5678 58.
2147 5620 2297 5676 Nunc
2325 5633 2448 5688 ergo
2480 5616 2566 5671 dic
2590 5614 2719 5671 mihi
2763 5633 2773 5667 :
2816 5612 2928 5670 Sub
2958 5628 3065 5684 qua
3102 5615 3315 5679 arbore,
3345 5618 3401 5669 et
3432 5613 3490 5669 in
