3874 6374
783 356 926 412 asas
2034 341 2280 398 DANlEL
2308 306 2530 398 tuxrx
2565 341 2722 396 Lxx.

791 475 936 542 quali
975 473 1090 528 loco
1145 472 1284 526 horti
1331 463 1774 535 comprehendisti
1813 461 2069 517 eosinter
2109 475 2168 514 se
2192 473 2321 512 con-

1980 469 2069 514 iter
2109 475 2168 514 se
2192 473 2321 512 con-
2347 464 2395 520 Α
2419 459 2512 511 τοῦ
2541 461 2712 526 κήπου
2739 458 2886 526 τόπῳ
2911 449 3210 511 κατέλαϐες
3229 444 3423 504 αὐτοὺς
3465 438 3510 503 ὁ]

792 535 1128 616 suetudinem
1164 559 1457 614 habentes?
1493 556 1596 620 Qui
1629 570 1756 609 vero
1793 555 1888 617 ait,
1921 552 2033 606 Sub
2073 550 2250 618 prino.

1849 562 1888 617 t,
1921 552 2033 606 Sub
2073 550 2250 618 prino.
2424 547 2558 610 λοις;
2599 547 2656 598 'U
2683 545 2738 597 δὲ
2770 540 2918 596 εἶπεν
2939 559 2952 570 ·
3003 537 3145 591 ’Υπὺ
3168 535 3373 603 πρῖνον.

863 612 1459 718 BDirDixitq—ueDaniel
1492 612 1750 714 :lnique,
1793 612 1935 697 nunc
1956 612 2180 710 angelus
2219 639 2325 690 Do-

1979 612 2180 710 mgelus
2219 639 2325 690 Do-
2495 636 2578 689 59.
2611 635 2718 687 Kal.
2746 627 2894 684 εἶπεν
2918 625 3120 694 Δανιήλ
3139 638 3153 653 ·
3207 612 3509 689 ’Δμαρτωλ

795 743 926 796 mini
960 742 1106 795 stetit
1135 738 1370 805 gladium
1401 737 1620 798 habens,
1663 743 1720 788 ut
1751 735 1981 789 disseeet
2033 709 2102 794 te,
2156 729 2325 783 donec

1980 775 1981 779 η
2033 709 2102 794 te,
2156 729 2327 783 donec
2425 727 2623 797 Κυρίου
2653 725 2748 794 τὴν
2776 719 3048 792 ῥομφαίαν
3073 716 3304 782 ἕστηκεν
3330 709 3480 776 ἔχων
3505 741 3510 765 1

795 832 1021 900 populus
1057 826 1488 881 exterminaverit
1520 839 1635 878 vos.

2425 817 2540 869 ολοθ
2551 814 2724 883 ρεύσει
2745 813 2904 882 ὑμᾶς,
2946 810 3034 861 ἵνα
3052 801 3366 871 καταπρίσῃ
3393 813 3486 900 of:

978 917 1040 969 Et
1077 916 1250 968 omnis
1291 929 1555 983 synagoga
1587 911 1903 966 exclamavit
1922 923 2083 977 super
2114 906 2328 960 adoles-

1980 923 2083 977 iper
2114 906 2328 960 adoles-
2612 903 2722 955 Kal.
2752 903 2900 952 πᾶσα
2925 899 2958 966 ἠ
2990 890 3281 959 συναγωγὴ
3309 882 3510 983 M2661-

796 1008 1060 1063 centulum
1089 1022 1103 1068 ;
1135 1006 1259 1072 quia
1281 1020 1346 1057 ex
1367 1020 1460 1057 ore
1514 1005 1730 1072 proprio
1757 1000 1992 1056 convicit
2020 1013 2118 1053 eos
2140 996 2326 1050 ambos

1980 974 2118 1053 t'eos
2140 996 2329 1050 ambos
2426 995 2586 1066 τέρῳ,
2629 992 2704 1054 ὡς
2748 993 2810 1043 ὲκ
2853 987 2946 1041 τοῦ
2992 985 3124 1038 ἰδίου
3168 981 3436 1072 στόματος
3488 974 3510 1024 ί

797 1093 1068 1149 Confessus
1089 1092 1249 1146 falsos
1279 1098 1460 1144 testes.
1616 1065 1631 1072 I

2429 1065 2753 1149 κατέστησεν
2786 1077 3128 1148 ἀμφοτέρους
3162 1065 3510 1138 ψευδομάρτι

867 1183 953 1236 61.
985 1184 1050 1235 Et
1080 1191 1136 1234 ut
1166 1182 1244 1234 lex
1273 1181 1527 1248 praecipit.
1570 1179 1810 1234 fecerunt
1842 1177 1942 1241 eis,
1982 1173 2331 1245 quemadmo-

1982 1173 2331 1245 quemadmo-
2498 1173 2585 1226 61.
2610 1172 2718 1222 Kal
2744 1169 2818 1230 ὼς
2857 1168 2885 1218 ὁ
2913 1169 3079 1233 νόμος
3108 1155 3455 1248 διαγορεύει,

798 1272 924 1325 dum
950 1272 1186 1339 improbe
1221 1279 1443 1338 egerunt
1473 1272 1524 1322 in
1564 1285 1822 1324 sororem.

1997 1240 2014 1245 —
2430 1261 2607 1322 καθὼς
2632 1254 3062 1326 ὲπονηρεύσαντο
3095 1248 3238 1302 κατὰ
3257 1247 3352 1314 τῆς
3387 1240 3510 1295 ὁ.δεί

867 1361 954 1413 62.
986 1360 1050 1412 Et
1076 1362 1454 1429 colligaverunt
1486 1373 1579 1412 eos
1610 1358 1866 1424 capistro.
1908 1367 1962 1408 et
2003 1352 2331 1407 abducentes

2003 1352 2331 1407 abducentes
2497 1351 2586 1404 ΘΞ.
2613 1348 2723 1401 Kal
2751 1345 3037 1413 ὲφιμωσαν
3068 1338 3286 1398 αὐτοὺς,
3315 1333 3418 1386 καὶ

800 1451 1138 1518 proiecerunt
1185 1419 1236 1502 in
1301 1451 1506 1502 vallem.
1571 1419 1763 1501 Eodem
1823 1456 2061 1512 tempore
2115 1441 2330 1509 angelus

1978 1458 2061 1498 ore
2115 1441 2335 1509 angelus
2430 1441 2537 1509 ψαν
2563 1441 2641 1500 εἰς
2671 1436 2926 1504 φάραγγα
2949 1447 2963 1462 ·
2993 1431 3115 1482 τότε
3141 1431 3170 1480 ὁ
3193 1424 3428 1518 ἄγγελοέ
3453 1419 3508 1472 K

805 1541 1013 1593 Domini
1038 1541 1258 1594 immisit
1297 1540 1470 1608 ignem
1520 1539 1660 1591 inter
1694 1552 1807 1600 eos,
1866 1543 1920 1590 et
1970 1533 2208 1588 salvatus
2251 1537 2335 1584 est

1980 1503 2214 1588 salvatus
2251 1537 2336 1584 est
2433 1503 2521 1582 διὰ
2554 1503 2717 1596 μέσου
2755 1503 2954 1582 αὐτῶν,
3013 1517 3110 1568 καὶ
3139 1513 3316 1581 ἐσώθη
3349 1503 3510 1578 αἷμα

803 1632 1020 1696 sanguis
1043 1631 1290 1684 innoxius
1313 1631 1364 1682 in
1399 1630 1485 1681 die
1507 1628 1615 1680 illa.

1314 1631 1364 1682 in
1399 1630 1485 1681 die
1507 1628 1615 1680 illa.
2435 1619 2617 1690 ἡμέρα
2646 1613 2844 1682 ἐκείνῃ.

873 1691 959 1772 66.
991 1719 1374 1787 ldeojuniores
1412 1719 1594 1772 dilecti
1629 1725 1755 1772 sunt
1785 1714 1987 1769 Iacobo
2010 1714 2064 1767 in
2125 1709 2334 1779 simpli-

1980 1714 2064 1767 »in
2125 1709 2334 1779 simpli-
2504 1709 2589 1760 63.
2621 1706 2718 1757 Διὰ
2754 1702 2910 1754 τοῦτο
2933 1697 2984 1751 oi
3021 1694 3279 1763 νεώτεροι
3300 1691 3510 1758 ἀγαπη

804 1809 967 1862 citate
994 1825 1110 1862 sua.

2367 1792 2408 1846 Β
2438 1795 2694 1862 ἁπλότητι
2723 1789 2919 1842 αὐτῶν.

872 1898 958 1951 64.
995 1901 1058 1952 Ει
1095 1914 1194 1952 nos
1214 1899 1549 1953 attendamus
1585 1897 1649 1951 ad
1687 1897 1826 1950 ﬁlios
1879 1901 2124 1963 potentes
2156 1887 2339 1958 junio-

1979 1901 2124 1947 entes
2156 1887 2339 1958 juniu-
2505 1886 2592 1938 64.
2613 1882 2723 1935 Kal.
2762 1879 2923 1949 ἡμεῖς
2980 1868 3397 1941 φυλασσώμεθα
3429 1866 3509 1963 ,εἰ

807 2004 921 2042 res:
961 1990 1206 2056 pietatem
1229 1991 1370 2042 enim
1411 1990 1732 2042 exercebunt
1764 1986 2027 2054 iuniores,
2053 1991 2105 2036 et
2148 1981 2249 2035 erit
2286 1980 2337 2034 in

1980 2000 2027 2044 ε,
2053 1991 2105 2036 et
2148 1981 2249 2035 erit
2286 1980 2338 2034 in
2437 1977 2758 2044 νεωτέρους
2799 1966 3159 2035 εὐσεϐήσουσι
3187 1965 3297 2036 γὰρ
3338 1956 3510 2013 νεώτλ

805 2078 885 2129 eis
936 2076 1156 2143 spiritus
1188 2076 1424 2130 scientia:
1465 2084 1518 2129 et
1575 2051 1938 2142 intelligentia
1985 2073 2039 2124 in
2085 2068 2335 2124 szeculum

1985 2073 2039 2124 in
2085 2068 2338 2124 Steculum
2438 2065 2618 2124 αὐτοῖς
2665 2059 2881 2128 πνεῦμα
2927 2056 3245 2124 ἐπιστήμης
3291 2051 3396 2103 καὶ
3443 2065 3510 2100 σι

808 2164 1012 2219 satculi.

2440 2152 2650 2213 αἰῶνος.

1377 2249 1601 2306 CAPUT
1642 2249 1778 2303 XIV.

3040 2232 3298 2286 ΚΕΦΑΛ.
3345 2231 3430 2281 ιΔι
3441 2270 3456 2284 .

808 2338 887 2393 Ex
921 2340 1226 2396 Pnornsru
1254 2340 1511 2395 Annxcnn
1556 2354 1682 2394 FILII
1730 2337 1857 2392 Jesn
1894 2352 1959 2390 ne
1990 2349 2147 2388 'rnmn
2188 2331 2338 2386 Leu.

1990 2349 2147 2388 TRlBll
2188 2331 2340 2386 Leu.
2453 2330 2544 2382 Ἐκ
2576 2324 2936 2394 προφητείας
2986 2319 3322 2390 Ἆμϐακοὺμ
3365 2319 3510 2372 υἱοί

3023 2388 3226 2460 φυλῆς
3265 2389 3446 2442 Λευτ.

878 2495 931 2547 1.
969 2493 1138 2548 Homo
1165 2493 1384 2561 quidam
1418 2502 1537 2547 erat
1602 2492 1872 2557 sacerdos,
1903 2488 1988 2543 cui
2019 2500 2212 2540 nomen
2243 2482 2348 2535 Da-

1980 2489 1988 2540 i
2019 2500 2212 2540 nomen
2243 2482 2348 2535 Da-
2513 2484 2564 2538 l.
2601 2481 2915 2551 Ἄνθρωπός
2942 2497 3027 2542 τις
3057 2473 3127 2548 ἦν
3169 2477 3378 2546 ἱερεὺς,
3413 2469 3464 2541 ᾧ
3495 2477 3510 2527 l

812 2584 939 2648 nicl,
967 2586 1106 2639 ﬁlius
1129 2584 1281 2649 Abal,
1313 2585 1535 2638 conviva
1568 2583 1708 2651 regis
1736 2579 2040 2647 Babylonis.

1980 2579 2040 2631 is.
2448 2575 2642 2637 'Aéal,
2667 2571 2981 2641 συμϐιωτὴς
3003 2569 3100 2622 τοῦ
3129 2567 3415 2636 βασιλέως
3450 2567 3510 2616 ΒΑ

882 2669 934 2721 2.
964 2669 1027 2722 Et
1057 2678 1171 2722 erat
1193 2665 1392 2723 idolum
1430 2669 1540 2733 Bel,
1576 2670 1717 2735 quod
1758 2668 2002 2719 colebant
2029 2657 2302 2730 Babylonii
2330 2675 2342 2707 :

1984 2675 2002 2716 t
2029 2657 2302 2730 Babylonii
2330 2675 2342 2707 ε
2513 2665 2567 2716 2.
2601 2663 2709 2716 Kal
2736 2657 2802 2730 ἦν
2828 2660 3043 2712 εἴδωλον
3075 2657 3208 2726 Βὴλ,
3246 2657 3275 2708 ὃ
3311 2656 3510 2708 ἐσέϐοπ

815 2756 1256 2820 impendebantur
1286 2765 1462 2807 autem
1507 2757 1560 2806 in
1593 2770 1656 2807 eo
1700 2769 1793 2821 per
1832 2752 2072 2818 singulos
2106 2749 2218 2800 dies
2271 2744 2345 2798 si-

1980 2752 2072 2802 llOS
2106 2749 2218 2800 dies
2271 2744 2347 2798 εί·
2447 2753 2763 2823 ἀνηλίσκετο
2783 2752 2836 2803 δὲ
2861 2750 3012 2819 αὐτῷ
3036 2748 3160 2801 καθ’
3185 2747 3452 2815 ἑκάστην
3487 2748 3510 2796 i

815 2848 956 2902 mila:
979 2849 1173 2900 artabat
1232 2846 1537 2908 duodecim,
1578 2855 1631 2897 et
1685 2858 1812 2897 oves
1868 2849 2119 2909 quatuor,
2159 2846 2211 2890 et
2243 2833 2345 2889 olei

1980 2849 2119 2899 tuor.
2159 2846 2211 2890 ει
2243 2833 2346 2889 010i
2447 2843 2677 2912 ἀρτάὸαι
2708 2839 2956 2902 δεκαδύο,
2990 2838 3089 2891 καὶ
3135 2836 3410 2906 πρόϐατα
3452 2855 3510 2890 τε

816 2951 1054 2995 metretas
1078 2954 1190 2993 88!.

2451 2931 2719 3001 μετρηταὶ
2747 2930 2825 2994 ἓξ.

886 3033 940 3085 5.
980 3030 1045 3084 Ει
1074 3047 1166 3084 rex
1189 3028 1396 3083 colebat
1433 3041 1577 3091 eum,
1601 3034 1654 3078 et
1691 3024 1801 3077 ibat
1855 3037 1946 3076 rex
1987 3036 2081 3089 per
2110 3018 2349 3087 singulos
2386 3084 2416 3091 _

1987 3036 2081 3089 per
2110 3018 2349 3087 singulos
2386 3084 2420 3091 _
2517 3024 2569 3076 5.
2599 3024 2708 3075 Καὶ
2730 3024 2756 3074 ὁ
2789 3021 3038 3091 βασιλεὺς
3060 3021 3288 3074 ἐσέϐετο
3337 3022 3510 3074 αὐτὸς

817 3122 955 3185 dies,
1013 3135 1240 3185 eumque
1297 3117 1571 3171 adorabat.
1610 3112 1792 3166 Daniel
1853 3084 2026 3165 autem
2061 3084 2247 3162 orabat
2283 3107 2346 3159 ad

1980 3084 2026 3162 in
2061 3084 2247 3162 orabat
2283 3107 2346 3159 ad
2375 3084 2422 3144 ϐ
2455 3113 2704 3182 βασιλεὺς
2725 3084 2844 3164 καθ’
2866 3112 3106 3179 ἑκάστην
3129 3111 3382 3180 ἡμέραν,
3417 3115 3510 3165 κα

818 3209 1122 3263 Dominum.
1157 3206 1406 3274 Dixitque
1456 3218 1549 3257 rex
1581 3200 1787 3254 Danieli
1831 3197 2060 3264 :Quare
2111 3210 2217 3248 non
2266 3195 2348 3246 ad-

1979 3210 2060 3250 ire
2111 3210 2217 3248 non
2266 3195 2352 3246 ad-
2453 3201 2647 3271 Δανιὴλ
2663 3201 2719 3252 δὲ
2750 3200 3092 3270 προσηύχετο
3120 3201 3263 3270 πρὸς
3298 3201 3509 3272 Κύριο

816 3313 942 3353 oras
967 3297 1090 3350 Bel?

2456 3292 2634 3354 σιλεὺς
2655 3291 2730 3360 τῷ
2759 3291 2976 3360 Δανιήλ·
3007 3291 3164 3344 Διατί
3193 3292 3258 3343 οὐ
3298 3309 3510 3363 προσκ

889 3389 942 3440 4.
969 3387 1031 3440 Ει
1066 3386 1200 3440 dixit
1230 3385 1413 3438 Daniel
1439 3384 1503 3437 ad
1535 3397 1711 3452 regem
1739 3396 1754 3434 ι
1788 3379 2062 3435 Neminem
2090 3377 2208 3433 colo
2232 3390 2351 3444 ego,

1981 3395 2062 3432 em
2090 3377 2208 3433 colo
2232 3390 2351 3444 egO,
2524 3382 2576 3434 4.
2609 3382 2718 3433 Kal.
2752 3374 2871 3432 εἷπε
2893 3380 3094 3448 Δανιὴλ
3115 3381 3260 3448 πρὸς
3276 3382 3380 3433 τὸν
3413 3382 3510 3450 βαι

821 3477 925 3531 nisi
956 3475 1237 3528 Dominum
1272 3473 1460 3536 Deum,
1490 3471 1580 3539 qui
1605 3470 1803 3524 creavit
1824 3470 2018 3523 cmlum
2051 3476 2104 3522 et
2133 3476 2349 3527 terram,

1969 3484 2018 3521 m
2051 3476 2104 3522 et
2133 3476 2349 3527 terram,
2459 3488 2557 3536 μαι
2587 3471 2717 3538 ἐγὼ,
2749 3472 2798 3522 εἰ
2853 3470 2926 3539 μὴ
2959 3469 3167 3540 Κύριον
3197 3470 3298 3522 τὸν
3335 3472 3497 3526 Θεὸν

820 3577 875 3622 et
911 3566 1065 3620 habet
1105 3564 1281 3618 omnis
1331 3561 1509 3616 carnis
1536 3559 1973 3614 dominationem.

1959 3594 1973 3610 .
2455 3561 2680 3629 οὐρανὸν
2715 3561 2807 3611 καὶ
2829 3559 2928 3628 τὴν
2965 3559 3094 3627 γῆν,
3123 3561 3223 3614 καὶ
3247 3561 3481 3630 ἔχοντα.

2497 3667 2634 3702 ειαν.

893 3741 946 3794 5.
980 3739 1120 3791 Dixit
1152 3743 1328 3789 autem
1353 3749 1444 3788 rex
1469 3733 1520 3787 ei
1546 3749 1561 3787 :
1588 3731 1687 3786 Hic
1717 3732 1880 3801 igitur
1910 3745 2017 3783 non
2057 3738 2138 3783 est
2177 3727 2355 3780 Deus?

2497 3667 2634 3702 ειαν.

1986 3746 2017 3783 η
2057 3738 2138 3783 eSl
2177 3727 2355 3780 09115?
2461 3667 2493 3720 ρ
2533 3739 2587 3792 5.
2623 3733 2788 3790 Εἶπεν
2826 3737 2882 3790 δὲ
2907 3741 2935 3791 ὁ
2967 3737 3229 3806 βασιλεὺς
3252 3740 3456 3811 αὐτῷ’
3501 3752 3510 3791 t

823 3845 932 3883 non
963 3828 1109 3882 vides
1134 3833 1331 3894 quanta
1357 3824 1411 3877 in
1442 3837 1564 3878 eum
1591 3829 1975 3876 consumantur
2007 3834 2102 3888 per
2119 3818 2353 3886 singulos

2007 3834 2102 3888 per
2119 3818 2358 3886 singulos
2458 3825 2616 3888 Θεός;
2640 3825 2735 3891 οὐχ
2755 3825 2884 3892 ὁρᾷς
2910 3825 3009 3876 ὅσα
3033 3827 3114 3888 εἰς
3141 3828 3320 3880 αὐτὸν
3348 3828 3510 3883 δαπε

823 3915 976 3971 dies?
2462 3916 2494 3980 ἡ
2503 3913 2565 3983 μέ
2572 3929 2670 3982 ραν
2687 3930 2702 3976 ς

895 4007 948 4060 6.
969 4006 1034 4058 Et
1067 4002 1201 4057 dixit
1228 4001 1278 4056 ei
1314 3999 1497 4054 Daniel
1529 4015 1543 4052 :
1583 3996 1954 4066 Nequaquam,
1980 3993 2161 4048 nullus
2189 4002 2240 4046 te
2268 3991 2359 4044 de-

1980 3993 2161 4048 nullus
2189 4002 2240 4046 ιθ
2268 3991 2359 4044 (10·
2531 4005 2583 4058 6.
2605 4004 2710 4057 Καὶ
2730 3997 2880 4056 εἶπεν
2909 4004 3059 4075 αύτῷ
3077 4008 3315 4078 Δανιήλο
3348 4011 3508 4081 Μηδ

827 4096 990 4163 cipiat
1022 4112 1034 4146 :
1060 4092 1148 4146 hic
1171 4091 1313 4145 enim
1345 4089 1667 4142 intrinsecus
1687 4087 1901 4154 quidem
1933 4085 2108 4138 luteus
2142 4092 2242 4145 est,
2277 4082 2357 4135 fo-

1957 4095 2108 4138 ulcus
2142 4092 2242 4145 ρει,
2277 4082 2358 4135 l'0'
2467 4095 2857 4168 ραλογιζέσθω·
2892 4087 3051 4159 οὗτος
3083 4097 3196 4168 γὰρ
3233 4098 3487 4154 ἔσωθεν

828 4185 1072 4239 rinsecus
1101 4191 1274 4236 autem
1302 4196 1472 4234 aereus
1492 4197 1511 4245 ς
1535 4179 1657 4247 juro
1677 4191 1802 4230 vero
1837 4176 1932 4228 tibi
1959 4191 2050 4243 per
2075 4173 2358 4228 Dominum

1980 4191 2050 4227 ter
2075 4173 2358 4228 Βοῐηὶηιιῐη
2465 4183 2657 4249 ἔξωθεν
2684 4182 2739 4234 δὲ
2767 4181 3040 4250 χαλκοῦςο
3088 4183 3294 4252 ὀμνύω
3353 4187 3425 4240 δέ
3484 4207 3510 4241 σ

829 4273 993 4328 Deum
1042 4273 1284 4334 deorum,
1331 4269 1470 4336 quod
1527 4267 1657 4320 nihil
1691 4266 1921 4320 comedit
1970 4279 2202 4331 unquam
2237 4263 2356 4316 iste.

1980 4279 2202 4331 unquam
2237 4263 2356 4316 ἱειθ-
2465 4274 2569 4326 τῶν
2597 4271 2750 4334 θεῶν,
2781 4271 2862 4322 ὅτι
2889 4271 3046 4322 οὐθὲν
3083 4271 3358 4344 βέϐρωκε
3406 4278 3510 4331 πώ

903 4362 956 4417 7.
988 4361 1052 4414 Et
1089 4361 1260 4414 iratus
1315 4375 1405 4412 rex
1461 4357 1669 4410 vocavit
1729 4354 2008 4424 pra>fectos
2061 4353 2262 4422 templi,
2311 4362 2364 4406 et
2399 4403 2433 4456 Β

1983 4370 2008 4408 s
2061 4353 2262 4422 templi.
2311 4362 2364 4406 el
2399 4403 2439 4456 υ
2536 4364 2586 4416 7.
2611 4362 2720 4414 Kal.
2744 4361 3016 4430 θυμωθεὶς
3042 4363 3071 4413 ὁ
3094 4362 3384 4430 βασιλεὺς
3426 4369 3510 4422 ὲκ

833 4452 967 4506 dixit
999 4451 1078 4504 eis
1111 4467 1124 4502 :
1157 4447 1393 4502 Indicate
1425 4447 1598 4508 illum,
1635 4445 1724 4513 qui
1756 4445 2006 4506 comedit.
2030 4458 2150 4512 quae
2179 4457 2363 4510 paran‘

1980 4461 2006 4506 ι,
2030 4458 2150 4512 quae
2179 4457 2367 4510 paran-
2400 4445 2435 4456 “’
2467 4455 2626 4516 κότας
2657 4450 2748 4504 τοῦ
2780 4450 2947 4523 ἱεροῦ,
2980 4453 3076 4505 καὶ
3110 4449 3283 4507 εἷπεν
3321 4458 3510 4512 aii-cci

835 4550 922 4594 tur
958 4540 1068 4601 Bel,
1098 4554 1253 4593 secus
1291 4552 1416 4590 vero
1450 4533 1772 4589 moriemini.

2469 4542 2711 4594 ἐσθίοντα
2747 4540 2816 4593 τὰ
2845 4541 3427 4614 παρασκευαζόμενα
3460 4565 3510 4599 τ‹

2467 4630 2841 4686 ἀποθανεῖσθε.

905 4711 958 4765 8.
988 4711 1094 4764 Ant
1127 4710 1333 4774 Daniel,
1363 4712 1454 4778 qui
1486 4718 1752 4764 asseverat
1789 4725 1894 4762 non
1931 4709 2137 4762 comedi
2173 4709 2284 4763 haec
2303 4710 2371 4762 ab

1980 4709 2137 4762 )medi
2173 4709 2284 4763 haec
2303 4710 2371 4762 ab
2539 4722 2590 4775 8,
2626 4721 2694 4772 Ἦ
2724 4717 2918 4787 Δανιὴλ
2940 4719 2969 4770 ὁ
2995 4719 3236 4788 φάσκων
3275 4725 3368 4795 μὴ
3405 4726 3510 4780 ὲσ(

837 4818 923 4857 eo.
951 4800 1012 4855 Hi
1054 4809 1226 4853 autem
1251 4799 1502 4851 dixerunt
1536 4799 1692 4864 :lpsc
1739 4797 1828 4849 Bel
1859 4806 1962 4858 est,
2009 4797 2099 4864 qui
2153 4797 2367 4850 devorat

2009 4797 2115 4888 qui
2153 4797 2374 4850 devorat
2469 4810 2582 4863 τοῦ.
2612 4811 2673 4862 Οἱ
2703 4808 2758 4861 δὲ
2787 4806 2943 4861 εἶπαν
2966 4823 2980 4838 ³
3017 4811 3196 4876 Αὐτὸς
3251 4815 3289 4866 ὁ
3348 4817 3492 4888 Βήλ

840 4895 962 4949 ista.
988 4890 1173 4945 Daniel
1193 4899 1371 4943 autem
1403 4889 1537 4942 dixit
1562 4889 1625 4942 ad
1651 4903 1828 4954 regem
1867 4905 1881 4940 :
1925 4885 2040 4939 Fiat
2105 4887 2207 4951 ita;
2273 4889 2370 4941 nisi

1987 4894 2040 4938 ειῑ
2105 4887 2207 4951 im;
2273 4889 2372 4941 ῑιίδί
2473 4900 2628 4954 αύτά.
2661 4895 2792 4951 Eine
2821 4898 2877 4950 δὲ
2899 4899 3104 4968 Δανιὴλ
3131 4903 3286 4972 πρὸς
3329 4885 3447 4959 τὸν
3486 4909 3510 4976 β

841 4983 1146 5045 ostendero,
1187 4980 1330 5050 quod
1371 4995 1475 5033 non
1515 4979 1585 5034 sit
1619 4979 1734 5044 Bel,
1791 4976 1884 5046 qui
1922 4976 2212 5030 manducat
2249 4977 2371 5041 ista,

1980 4976 2212 5030 anducat
2249 4977 2371 5041 ista.
2474 5005 2599 5051 τως·
2631 4987 2723 5041 ἐὰν
2775 4988 2852 5057 μὴ
2883 4989 3228 5058 παραδειξω,
3264 4995 3371 5048 ὅτι
3409 4999 3510 5050 οὐ]

843 5073 1040 5126 moriar
1070 5087 1190 5141 ego.
1223 5079 1278 5124 et
1298 5085 1486 5124 omnes
1528 5070 1651 5124 mei.

2475 5078 2666 5130 εσθίων
2688 5077 2878 5140 ταῦτα,
2913 5078 3354 5152 ἀποθανοῦμαι,
3385 5090 3510 5141 καὶ

913 5162 960 5212 9.
993 5161 1156 5213 Erant
1181 5167 1353 5213 autem
1372 5159 1676 5215 sacerdotes
1704 5160 1794 5213 Bel
1821 5160 2152 5229 septuaginta
2177 5159 2378 5226 absque

1980 5160 2152 5229 aginta
2177 5159 2378 5226 absque
2546 5166 2597 5218 9.
2632 5161 2810 5215 Ἦσαν
2842 5163 2898 5215 δὲ
2918 5163 2997 5233 τῷ
3027 5166 3144 5238 Βὴλ
3174 5171 3382 5241 ἱερεῖς
3406 5177 3510 5230 ὲϐε

848 5248 1107 5347 nxoribus
1155 5258 1208 5303 et
1239 5249 1381 5304 ﬁliis.
1411 5247 1691 5304 Duxerunt
1714 5259 1894 5304 autem
1920 5264 2096 5317 regem
2119 5249 2185 5300 ad
2221 5248 2376 5301 delu-

1981 5264 2096 5317 gem
2119 5249 2185 5300 ad
2221 5248 2376 5301 delu-
2482 5253 2681 5305 ναικῶν
2723 5253 2818 5305 καὶ
2856 5254 3067 5309 τέκνων
3090 5273 3105 5288 °
3137 5261 3393 5334 ἧγαγον
3459 5269 3510 5321 δε

853 5335 1005 5388 brum
1031 5336 1177 5390 idoli.
2181 5386 2191 5398 ,
2481 5341 2762 5396 εἰδωλεῖον.

923 5423 1114 5519 ill-"Et
1141 5431 1390 5519 appositae
1420 5441 1546 5488 sunt
1573 5448 1711 5488 esca:
1746 5433 1796 5487 in
1825 5438 2112 5500 conspectu
2157 5429 2295 5499 regis
2329 5439 2382 5483 ct

1980 5438 2112 5484 tectu
2157 5429 2295 5499 regis
2329 5439 2382 5483 ct
2551 5431 2640 5484 10.
2668 5431 2778 5485 Kal
2803 5435 3085 5508 παρετέθη
3125 5441 3205 5496 τὰ
3232 5445 3510 5519 βρώμαπ

860 5507 1134 5605 Danielis;
1173 5521 1226 5561 et
1269 5518 1463 5605 vinum
1525 5524 1747 5579 mixtum
1780 5522 2140 5578 introductum
2195 5531 2293 5583 ρει,
2332 5530 2382 5573 et

1938 5522 2140 5575 luctum
2195 5531 2293 5583 ρει,
2332 5530 2382 5573 et
2482 5519 2615 5583 λέως
2642 5521 2733 5573 καὶ
2760 5522 2854 5574 τοῦ
2876 5507 3110 5598 Δανιὴλ·
3145 5507 3255 5589 καί
3277 5507 3468 5605 'olv‘o;

864 5602 1162 5658 apposnum
1203 5608 1281 5652 est
1307 5602 1451 5658 Belo.

2487 5610 2577 5660 καὶ
2610 5613 2878 5681 παρετέθη
2909 5614 2988 5679 τῷ
3021 5618 3155 5682 Βήλ.
