3874 6348
126 357 278 414 ⁸1357

1651 361 1876 415 CAPUT
1915 361 2028 415 XIV

3286 365 3428 424 2858

195 476 272 527 ll
311 513 334 525 -
379 476 511 528 Kal
532 473 668 528 εἶπεν
693 453 896 527 συνών
931 452 1014 509 Σὺ
1054 467 1272 539 α-ιῗνιεδς
1313 478 1464 547 ὁρᾷς,
1513 478 1593 530 ὅτι
1633 481 1804 530 κεῖται

1972 478 2057 531 11.
2091 478 2154 530 Et
2184 476 2317 530 dixit
2341 476 2519 531 Daniel
2554 494 2568 531 :
2606 475 2685 530 Tu
2711 476 2820 544 ipse
2843 475 3009 538 vides,
3043 473 3172 543 quia
3234 491 3430 547 propo-

125 565 300 616 ταῦ-ιε
311 580 382 624 α,
437 560 678 632 βασιλεῦ.

189 652 341 706 12.
375 654 467 706 Σὺ
507 649 600 706 οὖν
639 634 1034 714 ἐπισφραγῐσεις
1084 647 1218 715 τὰς
1252 654 1466 718 κλεῖδας
1506 655 1598 708 τοῦ
1631 657 1757 709 ναοῦ
1780 698 1795 721 ,

122 743 317 794 ἐπὶ-δ
346 742 605 811 κλεισθῇ
625 758 637 771 ε
661 742 808 808 ηρεσε
839 729 889 784 δὲ
913 728 939 780 ὁ
966 726 1166 799 λόγος
1216 742 1300 812 τῷ
1336 743 1557 810 βασιλεῖ,

183 832 341 885 13.
400 831 478 884 Ὀ
505 834 570 885 δὲ
605 830 785 899 Δανιὴλ
820 822 1069 880 ἐκέλευσε
1099 833 1256 894 τοὺς
1288 835 1413 901 παρ’
1433 833 1613 895 αὑτοῦ,
1641 833 1800 884 ἐκϐα-

123 926 290 977 Mr:
305 938 382 982 ας
416 922 648 983 πάντας
669 923 730 972 ἐκ
747 917 834 971 τοῦ
851 910 995 976 ναοῦ,
1028 921 1397 990 καταστῆσαι
1421 921 1537 974 ὅλον
1568 921 1657 972 τὸν
1677 920 1802 971 ναὸν

127 1010 398 1076 star-BQ),
463 1010 693 1070 οὐδενὸς
729 1007 830 1060 τῶν
872 1002 1024 1064 ὲκτδς
1059 1006 1246 1060 αὑτοῦ
1286 1009 1498 1070 εἰδότος,
1547 1009 1654 1060 Kal.
1682 1007 1800 1058 τότε

128 1099 679 1169 σφραγισάμενος
709 1098 796 1149 τὸν
818 1093 938 1147 ναὸν
967 1092 1245 1149 ἐκέλευσε
1273 1098 1566 1165 σφραγίσαι
1603 1096 1676 1165 τῷ
1707 1096 1799 1148 τοῦ

131 1186 486 1259 βιστλέως
517 1186 819 1255 δακτυλίῳ,
856 1183 949 1237 καὶ
987 1185 1109 1243 τοῖς
1154 1186 1455 1248 δακτυλίοις
1479 1186 1636 1239 τινῶν
1662 1185 1804 1238 ἐνδύς

133 1280 296 1340 ξων
331 1275 555 1342 ἱερέων
574 1289 590 1301 ·
623 1274 724 1326 καὶ
750 1271 957 1340 ἐγένετο
980 1267 1184 1334 οὕτως.

194 1365 248 1415 ι
295 1361 353 1414 ιι.
401 1363 533 1413 Kal
567 1362 813 1428 ἐγένετο,
841 1362 905 1428 τῇ
925 1359 1192 1427 ἐπαύριον
1221 1359 1576 1428 παρεγένοντο
1600 1359 1692 1411 ἐπὶ
1711 1359 1803 1410 τὸν

135 1452 361 1503 τότεον
388 1463 405 1475 ’
432 1449 492 1498 οἱ
522 1448 590 1499 δὲ
623 1451 794 1516 ἱερεῖς
820 1447 912 1498 τοῦ
951 1447 1062 1514 Βὴλ
1086 1447 1178 1499 διὰ
1222 1446 1606 1515 ψευδοθυρίδων
1634 1443 1802 1496 εἰσελ-

141 1540 410 1597 θόντες,
442 1536 854 1602 κατεφάγοσαν
882 1535 1058 1588 πάντα
1079 1535 1149 1588 τά
1174 1534 1541 1605 παρακείμενα
1570 1531 1646 1600 τῷ
1675 1531 1801 1601 Βὴλ,

144 1627 296 1679 καὶ
324 1623 578 1688 ἐξέπιον
612 1622 713 1675 τὸν
746 1619 909 1676 οἶνον.

210 1713 364 1766 15.
414 1713 544 1764 Kal
599 1707 762 1763 εἶπεν
814 1710 1042 1780 Δανιήλ·
1087 1712 1329 1764 Ἐπίδετὲ
1356 1710 1454 1772 τὰς
1511 1709 1806 1778 σφραγῖδας

147 1803 382 1872 ὑμνέειν,
403 1803 460 1854 εἱ
491 1801 786 1871 μένουσιν,
811 1802 1002 1869 ἄνδρες
1029 1802 1212 1871 ἱερεῖς’
1248 1801 1342 1853 καὶ
1372 1801 1434 1853 σὺ
1458 1799 1536 1864 δὲ,
1567 1799 1804 1869 βασιλεῦ,
1835 1789 1878 1847 Β

154 1891 442 1958 σκέψαι,
481 1891 568 1959 μὴ
593 1891 653 1942 τί
689 1907 773 1942 σοι
795 1890 1126 1958 ἀσύμφωνον
1155 1889 1468 1958 γεγένηται.

239 1982 370 2034 d6.
406 1983 530 2034 Kal
572 1977 736 2050 εὗρον
764 1978 840 2040 ὡς
883 1975 953 2048 ἦν
982 1979 1237 2048 σφραγὶς,
1279 1979 1372 2031 καὶ
1405 1977 1669 2031 ἀπέϐαλον
1714 1974 1810 2046 τὴν

159 2089 268 2138 σφ
291 2071 528 2138 ῳγῖδα.

288 2163 379 2213 1⁵1.
416 2161 540 2212 Kal
571 2157 888 2222 ἀνοίξαντες
915 2158 1016 2220 τὰς
1045 2157 1233 2228 Θύρας,
1273 2156 1478 2208 εἴδοσαν
1514 2154 1809 2221 δεδαπανη-

169 2249 358 2319 μένα
382 2251 579 2302 πάντα
605 2249 678 2300 τὰ
707 2248 1114 2317 παρατεθέντα,
1163 2247 1256 2298 καὶ
1291 2245 1386 2307 τάς
1410 2242 1681 2312 τραπέζας
1721 2257 1812 2292 κε-

166 2339 315 2400 vi;
336 2356 351 2368 ·
377 2341 483 2390 καὶ
516 2339 703 2408 ἐχάρη
728 2340 757 2390 6
788 2337 1064 2405 βασιλεὺς,
1103 2336 1197 2388 καὶ
1222 2329 1372 2386 εἶπεν
1419 2331 1554 2400 πρὸς
1587 2331 1677 2383 τὸν
1710 2332 1812 2380 Δα-

167 2432 374 2499 xit—111'
419 2429 630 2497 Μέγας
682 2429 836 2480 ἐστὶν
868 2429 897 2479 6
926 2427 1058 2495 Βὴλ,
1105 2426 1200 2478 καὶ
1234 2425 1331 2476 οὐκ
1363 2422 1476 2474 ἐστι
1513 2420 1640 2491 παρ’
1666 2417 1813 2486 αύτῷ

170 2521 391 2581 6610;.

294 2611 382 2664 18.
415 2610 540 2662 Kal
561 2607 798 2674 ἐγέλασε
821 2604 1018 2674 Δανιὴλ
1042 2603 1264 2672 σφόδρα,
1287 2602 1379 2655 καὶ
1400 2596 1548 2652 εἶπεν
1572 2597 1647 2667 τῷ
1669 2597 1815 2666 βασι-

177 2697 338 2750 λεῖ’
370 2698 560 2767 Δεῦρο
598 2699 679 2749 ῐδε
716 2696 810 2748 τὸν
841 2694 990 2746 δόλον
1018 2693 1125 2744 τῶν
1161 2690 1368 2760 ἱερέων.
1395 2690 1504 2740 Kal
1532 2684 1680 2739 εἶπεν
1709 2688 1812 2737 Δα-

178 2804 264 2836 vc.
284 2789 376 2855 ἡλ·
411 2785 685 2844 Βασιλεῦ,
710 2783 888 2837 ταῦτα
918 2781 988 2833 τὰ
1009 2781 1129 2850 ἴχνη
1157 2779 1299 2840 τινός
1322 2777 1434 2830 ὲστί
1455 2794 1468 2841 ;

299 2874 388 2928 19.
427 2876 550 2926 Καὶ
580 2868 742 2925 εἶπεν
765 2872 795 2922 6
822 2868 1100 2940 βασιλεύς·
1141 2865 1389 2936 ’Δνδρῶν,
1412 2865 1505 2919 καὶ
1520 2861 1808 2931 γυναικῶν,

181 2978 216 3012 κ
229 2965 323 3016 =1
350 2964 622 3016 παιδίων.

297 3051 392 3104 9.0.
421 3052 543 3103 Kal
567 3048 810 3118 ἐπῆλθεν
839 3047 933 3098 ἐπὶ
953 3046 1046 3097 τὸν
1073 3040 1216 3096 οἷκον
1244 3043 1300 3094 ὲν
1325 3033 1369 3107 ᾧ
1395 3036 1532 3108 ἦσαν
1569 3039 1617 3090 οἱ
1653 3039 1815 3107 ἱερεῖς

179 3106 677 3208 καταγινόμενοί
699 3177 714 3199 ,
764 3137 863 3188 καὶ
887 3129 1010 3203 εῦρε
1038 3135 1106 3185 τὰ
1138 3106 1394 3201 βρώματα
1419 3106 1524 3181 ἢτοῦ
1559 3127 1684 3194 Βὴλ,
1706 3106 1813 3179 καὶ
1841 3106 1881 3163 c

177 3238 224 3272 τ’
249 3228 322 3278 ἦν
352 3224 526 3288 οἶνον,
558 3226 658 3277 καὶ
685 3224 928 3285 ἐπέδειξε
951 3220 1143 3289 Δανιὴλ
1170 3219 1247 3288 τῷ
1290 3217 1489 3286 βασιλεῖ
1534 3215 1600 3268 τὰ
1625 3214 1814 3283 ψευδο-

173 3310 222 3362 οι
265 3318 418 3387 ύρια,
443 3317 519 3368 δι’
550 3309 632 3368 ὧν
664 3311 1108 3382 εἰσπορευόμενοι
1137 3311 1184 3361 οἱ
1230 3309 1409 3377 ἱερεῖς,
1446 3305 1720 3358 ἐδαπάνων
1746 3301 1816 3357 τὰ

171 3406 671 3474 ⁸ι’·ςαρςιτιθέμενα
699 3403 778 3470 τῷ
805 3402 936 3470 Βήλ.

296 3495 400 3548 21.
418 3494 540 3545 Καὶ
566 3491 843 3559 ἐξήγαγεν
863 3486 1060 3546 αὐτοὺς
1083 3487 1111 3537 6
1132 3483 1378 3553 βασιλεὺς
1403 3484 1463 3534 ἐκ
1481 3480 1574 3534 τοῦ
1601 3481 1813 3550 Βηλίου,

157 3581 324 3632 itu-Ital
349 3581 694 3647 παρέδωκεν
728 3577 932 3637 αὐτοὺς
967 3574 1044 3643 τῷ
1067 3573 1277 3642 Δανιὴλ,
1317 3572 1408 3624 καὶ
1445 3570 1540 3639 τὴν
1579 3570 1818 3638 δαπάνην

153 3670 328 3738 σὴν
372 3674 457 3733 είς
511 3669 685 3722 αὑτὸν
729 3667 896 3719 ἔδωκε
938 3664 1014 3718 τῶ
1046 3664 1271 3733 Δανιήλ·
1319 3661 1406 3714 τὸν
1445 3660 1500 3712 δὲ
1538 3659 1645 3730 Βὴλ
1689 3675 1819 3710 κατ-

203 3755 477 3826 έστρεψε
488 3801 504 3813 .

317 3848 396 3904 22.
441 3849 564 3902 Kal
589 3843 662 3916 ἦν
695 3843 912 3914 δράκων
931 3843 988 3894 ὲν
1013 3840 1090 3910 τῷ
1108 3839 1254 3909 αὐτῷ
1281 3838 1447 3906 τόπῳ,
1467 3836 1557 3888 καὶ
1579 3835 1820 3888 ἐσέϐοντο

260 3936 300 3986 οἱ
331 3937 708 3992 Βαϐυλώνιοι.

313 4026 397 4082 25.
435 4027 560 4079 Kal
590 4020 751 4076 εἶπεν
772 4023 802 4073 6
832 4020 1081 4089 βασιλεὺς
1101 4016 1178 4086 τῷ
1203 4017 1394 4085 Δανιήλ
1412 4031 1426 4045 ·
1463 4014 1554 4083 Μὴ
1579 4014 1673 4066 καὶ
1705 4013 1822 4064 τοῦο

257 4126 330 4167 τον
369 4119 534 4187 ἐρεῖς
561 4155 576 4177 ,
613 4115 699 4166 ὅτι
738 4109 974 4180 χαλκοῦς
1020 4111 1202 4167 ὲστινς
1247 4107 1352 4158 ἱδοὺ
1385 4104 1472 4174 ζῇ,
1506 4104 1601 4156 καὶ
1628 4101 1818 4166 ἐσθίει,

259 4204 335 4259 καὶ
354 4207 541 4266 πίνει,
575 4199 963 4270 προσκύνησον
985 4196 1152 4263 αὐτῷ.

310 4293 398 4350 25.
428 4293 556 4346 Kal
580 4287 739 4341 εἶπεν
758 4285 975 4354 Δανιήλ-
1004 4282 1251 4342 Βασιλεῦ,
1279 4280 1364 4343 δός
1402 4297 1489 4350 μοι
1529 4282 1626 4348 τὴν
1670 4279 1819 4343 ἐξου-

1902 567 2002 620 sita
2025 578 2148 620 sunt
2172 568 2292 630 ista,
2324 582 2437 639 rex.

1973 657 2062 710 12.
2107 655 2184 710 Tu
2250 671 2376 725 ergo
2437 656 2740 722 obsignabis
2784 656 2960 710 claves
3021 654 3221 723 templi,
3285 664 3432 723 post-

1903 759 2062 812 quam
2092 746 2334 798 clausum
2366 744 2542 797 fuerit.
2567 744 2771 803 Placuit
2799 754 2974 797 autem
3001 759 3178 798 sermo
3191 743 3320 810 regi.

1975 835 2058 887 15.
2091 833 2273 887 Daniel
2295 833 2601 900 verojussit
2628 834 2732 895 bis,
2753 834 2844 901 qui
2884 848 3005 886 cum
3063 848 3128 886 eo
3161 841 3334 895 erant,
3370 840 3430 886 ut

1903 921 2088 988 ejectis
2125 922 2371 974 omnibus
2405 923 2470 974 de
2503 923 2720 989 templo,
2745 931 3160 988 conspergerent
3192 921 3429 973 cinerem

1905 1023 1998 1076 per
2031 1016 2198 1061 totum
2230 1007 2506 1075 templum,
2529 1008 2736 1061 nemine
2754 1023 2962 1066 eorum.
2984 1008 3076 1075 qui
3097 1006 3228 1060 foris
3253 1015 3426 1072 erant,

1905 1097 2126 1150 sciente.
2161 1095 2224 1148 Et
2251 1095 2437 1149 eodem
2473 1103 2708 1162 tempore
2733 1096 2916 1149 clauso
2934 1095 3128 1163 templo
3157 1095 3426 1163 praecepit,

1906 1193 1964 1236 ut
1993 1183 2333 1252 obsignarent
2365 1184 2561 1237 annulo
2584 1185 3042 1252 regis,etannulis
3069 1183 3429 1252 quorumdam

1905 1272 2189 1339 insignium
2221 1273 2555 1326 sacerdotum
2583 1288 2599 1336 ;
2639 1282 2689 1326 et
2717 1272 2913 1326 factum
2946 1282 3027 1326 est
3060 1273 3151 1324 ita.

1975 1360 2059 1413 14.
2089 1359 2151 1413 Ει
2180 1359 2372 1414 factum
2391 1371 2492 1420 est,
2508 1370 2719 1428 postero
2739 1361 2824 1413 die
2836 1371 3096 1415 venerunt
3117 1361 3181 1414 ad
3211 1363 3386 1414 locum
3410 1378 3425 1418 :

1906 1451 2207 1504 sacerdotes
2258 1460 2434 1504 autem
2491 1452 2581 1504 Bel
2638 1466 2730 1518 per
2782 1450 2946 1504 falsas
2986 1451 3128 1504 fores
3176 1453 3428 1519 ingressi,

1908 1539 2254 1593 comederunt
2314 1541 2515 1603 omnia,
2572 1555 2690 1607 qua:
2739 1548 2923 1608 parata
2961 1540 3174 1593 fuerant
3223 1539 3335 1605 Bel,
3376 1550 3432 1596 et

1907 1629 2155 1682 biberunt
2183 1629 2384 1682 vinum.

1979 1716 2063 1768 15.
2092 1717 2158 1770 Ει
2211 1718 2346 1770 dixit
2389 1717 2572 1771 Daniel
2605 1733 2619 1769 :
2653 1717 2898 1787 Inspicite
2931 1718 3101 1786 sigilla
3131 1725 3324 1781 vestra,
3355 1731 3424 1770 an

1905 1816 2170 1868 maneant,
2199 1807 2297 1859 viri
2332 1807 2634 1861 sacerdotes
2669 1825 2681 1861 :
2706 1809 2797 1862 sed
2827 1807 2988 1860 etiam
3005 1817 3080 1872 tu,
3107 1821 3219 1871 rex,
3253 1806 3428 1861 consi~

1905 1894 2050 1956 dera,
2076 1910 2141 1946 ne
2171 1895 2295 1960 quid
2323 1895 2414 1948 tibi
2444 1896 2768 1949 contrarium
2817 1897 3014 1950 factum
3047 1895 3225 1951 fuerit.

1975 1980 2058 2033 16.
2097 1981 2159 2034 Ει
2189 1985 2502 2036 invenerunt
2528 1983 2667 2037 sicut
2694 1991 2810 2037 erat
2839 1984 3197 2052 signaculum,
3239 1994 3293 2037 et
3335 1983 3434 2037 ab-

1905 2069 2145 2139 iecerunt
2180 2071 2433 2140 sigillum.

1975 2160 2060 2212 17.
2092 2159 2158 2212 Ει
2215 2162 2510 2228 aperientes
2557 2161 2782 2229 januas,
2836 2163 3084 2216 viderunt
3144 2162 3432 2230 absumpta

1906 2247 2106 2310 omnia,
2140 2263 2256 2315 qua:
2283 2250 2520 2316 apposita
2566 2249 2795 2310 fuerant,
2832 2257 2886 2302 et
2936 2261 3148 2302 mensas
3197 2264 3428 2312 vacuas;

1907 2345 1959 2389 et
1990 2337 2203 2404 gavisus
2237 2346 2320 2390 est
2348 2353 2460 2399 rex,
2489 2349 2542 2390 et
2564 2338 2697 2390 dixit
2743 2338 2808 2391 ad
2861 2337 3131 2391 Danieletn
3157 2355 3170 2390 :
3201 2337 3426 2407 Magnus

1907 2435 1986 2479 est
2008 2424 2119 2490 Bel,
2150 2434 2204 2479 et
2233 2441 2339 2480 non
2364 2435 2447 2480 est
2475 2427 2527 2480 in
2554 2441 2619 2481 eo
2637 2428 2812 2481 dolus.

1976 2595 2062 2648 18.
2087 2594 2151 2646 Ει
2207 2595 2326 2650 risit
2382 2596 2565 2651 Daniel
2613 2598 2990 2662 vehementer;
3023 2606 3076 2652 et
3113 2599 3247 2652 dixit
3273 2598 3382 2667 regi
3418 2615 3432 2653 ι

1907 2681 2131 2745 Accede,
2159 2684 2281 2738 vide
2312 2685 2488 2737 dolum
2518 2686 2878 2739 sacerdotum.
2909 2685 2975 2739 Et
3023 2685 3158 2739 dixit
3198 2675 3382 2739 Daniel
3419 2703 3433 2740 :

1910 2772 2172 2836 Rex,ha:c
2203 2774 2427 2844 vestigia
2455 2775 2611 2843 cujus
2650 2776 2818 2830 sunt?

1979 2861 2065 2915 19.
2104 2862 2166 2915 Et
2187 2863 2428 2917 dixitrex
2469 2882 2481 2917 :
2515 2862 2787 2931 Virorum,
2817 2875 2868 2918 et
2891 2865 3201 2930 mulierum,
3230 2875 3282 2918 ct
3308 2880 3438 2932 pue-

1910 2965 2112 3004 rorum.

1978 3041 2066 3093 20.
2091 3040 2156 3095 Et
2193 3042 2322 3095 abiit
2349 3042 2400 3095 in
2445 3042 2685 3103 domum,
2720 3043 2771 3096 in
2821 3058 2925 3111 qua
2976 3043 3278 3098 sacerdotes
3316 3059 3438 3097 ver-

1913 3130 2188 3194 sabantur,
2211 3138 2264 3183 et
2298 3131 2498 3184 invenit
2552 3146 2704 3186 escas
2739 3131 2896 3196 Belis,
2928 3141 2981 3184 et
3010 3132 3189 3185 vinum
3220 3143 3312 3196 ;et
3359 3133 3440 3188 in-

1911 3219 2106 3272 dicavit
2160 3218 2343 3272 Daniel
2407 3220 2516 3288 regi
2574 3220 2736 3274 falsas
2785 3219 2950 3285 fores,
2978 3236 3070 3288 per
3096 3236 3233 3290 quas
3263 3221 3441 3289 ingrc-

1910 3310 2115 3362 dientes
2150 3309 2457 3364 sacerdotes
2497 3311 2850 3366 absutnebant
2876 3327 2994 3379 qua:
3038 3311 3441 3380 apponebantur

1912 3398 2022 3453 Bel.

1979 3487 2066 3538 Ἡ.
2108 3485 2169 3538 Ει
2191 3486 2347 3552 ejecit
2371 3500 2463 3538 cos
2494 3499 2585 3537 rex
2617 3485 2682 3537 de
2743 3487 2940 3553 templo
2973 3487 3085 3549 Bel,
3120 3496 3174 3539 et
3217 3488 3442 3542 tradidit

1913 3589 2004 3628 eos
2038 3573 2260 3634 Danieli,
2294 3581 2347 3625 et
2375 3573 2690 3638 impensam,
2715 3587 2834 3637 qua:
2861 3574 2909 3624 in
2935 3588 3055 3624 cum
3090 3575 3435 3639 erogabatur,

1915 3662 2059 3716 dedit
2088 3660 2330 3724 Danieli;
2362 3659 2449 3712 Bel
2479 3667 2656 3710 autem
2683 3660 2891 3710 evertit.

1983 3832 2072 3886 22.
2098 3829 2162 3882 Ει
2191 3837 2305 3884 erat
2322 3827 2481 3882 draco
2505 3826 2557 3880 in
2587 3827 2702 3897 ipso
2724 3826 2862 3893 loco,
2893 3839 2947 3884 et
3000 3827 3242 3882 colebant
3277 3825 3444 3895 Bahy~

1916 3923 2069 4065 1οέύῖ
2095 4010 2158 4064 Ει
2184 4011 2316 4064 dixit
2339 4028 2429 4065 rex
2460 4009 2664 4064 Danieli
2688 4008 2982 4078 :Numquid
3021 4017 3075 4062 et
3099 4008 3242 4060 hunc
3271 4005 3440 4066 dices,

1917 4101 2059 4168 quod
2086 4116 2256 4155 :creus
2283 4102 2382 4155 sit?
2409 4115 2535 4155 ecce
2565 4101 2713 4166 vivit,
2749 4099 3002 4160 comedit,
3036 4107 3089 4151 et
3108 4095 3442 4191 bibil,adora

1916 4202 2059 4241 eum.

1985 4277 2071 4329 25.
2105 4276 2320 4331 Etdixit
2353 4278 2534 4332 Daniel
2565 4296 2577 4331 :
2612 4275 2744 4340 ilex,
2776 4275 2843 4328 da
2871 4273 2997 4326 mihi
3025 4280 3359 4340 potestatem,
3385 4278 3442 4322 οι

258 4383 380 4447 ϐίαν,
435 4383 543 4436 καὶ
596 4377 778 4432 ἀνελῶ
811 4376 903 4427 τὸν
971 4374 1238 4442 δράκοντα
1284 4371 1409 4424 ἀνευ
1460 4370 1672 4438 σιδήρου
1699 4368 1817 4456 ἑκαὶ

1944 4366 2233 4419 nterliciam
2288 4367 2571 4420 draconem
2639 4367 2840 4434 absque
2889 4366 3031 4418 ferro
3063 4373 3115 4417 et
3172 4362 3330 4415 fuste.
3377 4358 3444 4413 Et

258 4468 469 4533 ῥάϐδου.
498 4469 620 4522 Kal
643 4462 1020 4532 συνεχώρησεν
1047 4458 1193 4528 αύτῷ
1214 4461 1242 4510 6
1262 4457 1530 4526 βασιλεὺς,
1561 4456 1655 4508 καὶ
1671 4450 1817 4506 εἶπεν

1939 4458 2160 4510 )ermisit
2191 4457 2239 4510 ei
2268 4471 2354 4510 rex
2380 4474 2394 4522 ;
2432 4465 2485 4510 et
2517 4456 2653 4508 dixit
2682 4455 2732 4508 ei
2770 4473 2784 4510 :
2823 4455 2956 4506 Data
2975 4461 3058 4506 est
3093 4451 3208 4504 tibi.

255 4558 414 4630 αὐτῷ·
435 4554 673 4610 Δέὸοταί
699 4569 801 4605 σοι.
1782 4615 1786 4619 Ι

310 4650 404 4704 26.
442 4647 568 4699 Kal
589 4642 773 4696 λαϐὼν
801 4639 1001 4709 Δανιὴλ
1021 4637 1218 4704 πίσσης
1251 4636 1384 4703 μνᾶς
1407 4632 1710 4703 τριάκοντα,
1733 4632 1826 4685 καὶ

257 4739 440 4807 στέαρ,
472 4735 580 4788 καὶ
607 4733 822 4800 τρίχας,
854 4729 1066 4796 ἥψησεν
1095 4724 1186 4776 ἐπὶ
1223 4724 1280 4776 τὸ
1309 4723 1456 4783 αὐτὸ,
1491 4721 1586 4772 καὶ
1612 4721 1826 4789 ἐποίησε

258 4824 458 4890 μάζαν,
479 4823 589 4875 καὶ
615 4818 871 4888 ἐνέϐαλεν
896 4818 979 4876 είς
1002 4815 1066 4864 τὸ
1098 4812 1267 4879 στόμα
1295 4811 1386 4864 τοῦ
1413 4812 1714 4882 δράκοντος,
1737 4810 1828 4862 καὶ

256 4913 444 4982 φαγὼν
469 4908 766 4978 δωρρἀη,
808 4904 906 4955 καὶ
950 4899 1155 4961 ἔδειξεν
1182 4899 1336 4951 αὑτὸν
1363 4899 1439 4967 τῷ
1482 4897 1702 4968 βασιλεῖ,
1746 4895 1828 4947 λέ-

252 5017 354 5068 γων
371 5020 386 5032 ·
412 5001 496 5053 Οὐ
524 4996 697 5048 ταῦτα
729 4989 982 5050 σέϐεσθε,
1007 4985 1256 5055 βασιλεῦς

307 5093 406 5146 2⁸⁷.
445 5090 565 5141 Καὶ
597 5081 954 5151 συνήχθησαν
988 5075 1043 5125 οἱ
1070 5073 1175 5123 ἀπὸ
1195 5071 1293 5136 τῆς
1315 5072 1494 5140 χώρας
1526 5071 1717 5129 πάντες
1739 5069 1830 5121 ἐπὶ

249 5179 328 5232 τὸν
369 5175 583 5243 Δανιὴλ
607 5211 622 5233 ,
680 5173 779 5224 καὶ
830 5163 1004 5217 εἶπαν
1028 5175 1044 5190 ·
1101 5159 1340 5221 Ἰουδαῖος
1381 5160 1599 5226 γέγονεν
1630 5159 1656 5208 6
1684 5157 1832 5224 βασι-

248 5259 396 5327 λεύςο
445 5263 543 5313 τὸν
580 5257 692 5326 Βὴλ
735 5244 1095 5314 κατέστρεψε
1124 5280 1138 5304 ,
1170 5245 1261 5296 καὶ
1293 5245 1381 5296 τὸν
1427 5245 1688 5312 δράκοντα
1724 5244 1831 5295 ἁπ-

246 5365 546 5498 εκὲῗνειὲαἱ
573 5433 710 5489 ἰδὼν
742 5430 780 5479 6
814 5419 1110 5492 βασιλεὺς,
1144 5419 1220 5471 ὅτι
1254 5417 1584 5486 ὲπισυνήχθη
1626 5418 1653 5468 6
1683 5417 1834 5486 ὄχλος

216 5531 312 5608 τῆς
328 5536 530 5608 χώρας
550 5524 650 5580 ἐπ’
678 5513 887 5608 αὐτὸν,
918 5506 1148 5608 ἐκάλεσε
1175 5508 1298 5608 τοὺς
1321 5504 1626 5608 συρϐιωτάς
1648 5505 1833 5574 αὐτοῦ,

327 5593 517 5683 ἓῐπξενέ
559 5611 790 5674 Διδωμι
822 5598 929 5651 τὸν
950 5593 1152 5661 Δανιὴλ
1177 5596 1252 5658 εἱς
1272 5595 1558 5650 ἀπώλειαν.

1992 4626 2080 4680 26.
2107 4625 2175 4680 Ει
2215 4625 2482 4692 accipiens
2518 4624 2698 4677 Daniel
2742 4623 2874 4690 picis
2933 4635 3087 4675 mnas
3133 4621 3370 4690 triginta,
3395 4628 3449 4675 et

1923 4717 2155 4783 adipem,
2193 4721 2246 4765 et
2280 4713 2434 4780 pilos,
2473 4713 2617 4764 coxit
2653 4711 2832 4764 omnia
2865 4709 3045 4770 simul,
3073 4718 3124 4762 et
3158 4709 3280 4762 fecit
3305 4721 3448 4758 mas-

1925 4820 2059 4866 sam,
2094 4813 2146 4855 et
2172 4802 2315 4855 misit
2348 4801 2401 4854 in
2431 4815 2492 4854 os
2521 4801 2790 4864 draconis,
2840 4809 2892 4852 et
2923 4797 3205 4852 comedens
3237 4795 3452 4860 disrup-

1925 4900 2013 4946 tus
2045 4899 2146 4954 est,
2175 4898 2228 4942 et
2257 4889 2488 4943 ostendit
2523 4903 2644 4941 eum
2683 4889 2812 4955 regi,
2847 4888 3030 4939 dicens
3065 4902 3079 4937 :
3117 4883 3301 4936 Nonne
3339 4880 3452 4936 haec

1926 4982 2119 5041 colitis,
2158 4994 2249 5031 rex
2270 4980 2292 5029 ‘i

1995 5069 2082 5121 27.
2117 5067 2178 5120 Et
2197 5065 2498 5133 congregati
2522 5073 2645 5116 sunt
2666 5062 2731 5116 de
2759 5061 2970 5129 regione
2991 5073 3174 5112 omnes
3195 5057 3452 5111 adversus

1932 5159 2218 5219 Danielem,
2279 5165 2332 5210 et
2382 5157 2633 5209 dixerunt
2667 5170 2678 5204 :
2711 5151 2926 5203 Judaaus
2978 5148 3155 5203 Iactus
3203 5155 3284 5202 est
3334 5161 3450 5202 rex.

1929 5248 2020 5302 Bel
2041 5247 2252 5309 evertit,
2291 5254 2344 5299 et
2372 5245 2655 5298 draconem
2689 5236 2969 5292 interfecit.

2000 5419 2086 5472 29.
2129 5418 2192 5470 Et
2213 5417 2398 5471 videns
2416 5429 2527 5475 rex,
2561 5409 2701 5478 quod
2733 5413 3051 5472 congregata
3081 5417 3222 5462 esset
3268 5407 3458 5462 multi-

1935 5509 2060 5562 tudo
2093 5506 2328 5574 regionis
2359 5504 2611 5556 adversus
2661 5512 2739 5560 se,
2771 5494 2978 5550 vocavit
3021 5497 3274 5553 convivas
3302 5511 3458 5563 suos,

1936 5606 1988 5651 ct
2018 5595 2149 5649 dixit
2168 5613 2181 5649 :
2201 5593 2375 5648 Trado
2405 5586 2669 5643 Daniclem
2699 5584 2761 5638 ad
2787 5580 3163 5654 perditionem.
