3874 6388
770 355 915 414 2859
1798 348 2046 405 DANIEL
2082 345 2305 403 JUXTA
2343 343 2871 400 THEODOTIONEM

838 478 928 531 5i.
962 474 1089 530 Erat
1115 484 1292 529 autem
1309 473 1478 535 lacus,
1509 470 1564 524 in
1589 482 1698 539 quo
1731 468 2107 523 nutriebantur
2127 466 2307 520 leones
2336 469 2368 524 Δ

1975 476 2107 522 intur
2127 466 2307 520 leones
2336 469 2382 524 Α
2475 465 2563 517 5|.
2593 459 2699 516 Ἦν
2723 463 2779 515 δὲ
2813 462 3010 520 λάκκος
3049 458 3109 508 ἐν
3150 446 3201 520 ᾧ
3241 447 3505 539 ἐτρέφονι

772 573 994 631 septem,
1055 563 1251 629 quibus
1303 530 1650 613 tradebantur
1682 555 2027 609 insidiatores
2057 554 2220 621 regis,
2249 559 2302 604 et

1975 569 2027 607 es
2057 554 2220 621 regis,
2249 559 2305 604 et
2403 546 2483 613 οἷς
2513 550 2841 619 παρεδίδοντο
2866 548 2914 600 οἱ
2940 540 3219 597 ἐπίϐουλοι
3246 536 3343 631 του
3367 530 3505 603 βασιῖ

772 625 1319 706 subministrabantur
1368 646 1447 701 eis
1511 644 1750 714 quotidie
1821 642 2302 696 condemnatorum

1975 648 2306 695 emnatorum
2404 641 2550 707 γεῐτο
2578 640 2753 700 αὐτοῖς
2782 636 2900 689 καθ’
2932 633 3173 699 ἑκάστην
3217 625 3446 696 ἡμέραν
3481 637 3505 670 '-

771 744 877 797 duo
908 754 1151 807 corpora.

2407 728 2626 797 σώματα
2641 727 2749 779 δύο.

841 832 929 883 50.
1055 826 1351 894 iniecerunt
1374 824 1642 878 Danielem
1667 822 1837 877 turbae
1854 821 1906 874 in
1937 818 2083 872 illum
2109 817 2306 879 lacum,

1950 818 2083 872 llum
2109 817 2306 879 lacum,
2476 818 2561 871 50.
2594 816 2701 868 Kal
2728 812 3044 866 ἐνεϐάλοσαν
3065 808 3177 894 τὸν-
3195 800 3405 894 Δανιὴλ
3429 800 3480 851 οἱ

774 929 833 973 ut
863 887 1232 979 devoraretur,
1260 922 1312 966 et
1341 928 1511 981 neque
1542 912 1829 980 sepulturae
1862 920 2085 975 compos
2132 905 2304 959 ﬁeret.

1975 920 2085 975 lpos
2132 905 2306 959 ﬁeret.
2406 906 2495 958 τὸν
2521 906 2738 966 λάκκον,
2779 902 2865 953 ἵνα
2891 891 3229 981 καταϐρωθῇ
3255 929 3271 953 ,
3290 980 3299 981 7
3318 887 3419 981 zeal
3457 901 3505 951 μ·

774 1009 838 1061 Ει
862 1016 977 1059 erat
1007 1006 1062 1056 in
1090 1004 1211 1057 lacu
1252 1002 1433 1055 Daniel
1453 1001 1642 1055 diebus
1675 1015 1789 1053 sex.

2409 995 2517 1047 Kal
2545 989 2611 1063 ἦν
2640 994 2695 1043 ἐν
2719 989 2795 1059 τῷ
2824 988 3014 1054 λάκκῳ
3044 979 3249 1049 Δανιὴλ
3277 975 3504 1047 ἡμέρας

843 1096 930 1148 52.
969 1093 1033 1146 Et
1067 1093 1264 1147 factum
1288 1102 1371 1147 est
1393 1092 1445 1144 in
1473 1092 1558 1145 die
1585 1100 1754 1153 sexta,
1785 1097 1839 1142 et
1865 1096 1980 1141 erat
2011 1084 2307 1138 Ambacum

1975 1105 1980 1139 ι
2011 1084 2307 1138 Ambacum
2476 1084 2564 1139 52.
2589 1082 2697 1133 Kal
2724 1078 2942 1145 ἐγένετο
2969 1077 3038 1143 τῇ
3063 1071 3255 1141 ἡμέρᾳ.
3282 1069 3355 1135 τῇ
3386 1065 3505 1115 ἕκτη

777 1184 980 1237 habens
1006 1197 1172 1251 panes
1210 1182 1419 1234 intritns
1465 1181 1517 1235 in
1552 1179 1757 1233 alveolo
1797 1179 1851 1231 in
1901 1178 2199 1244 pulmento,
2260 1180 2307 1225 et

1976 1178 2199 1235 lmento,
2260 1180 2313 1225 et
2410 1173 2552 1240 κοὺμ
2582 1168 2717 1238 ἔχων
2744 1166 2941 1234 ἄρτους
2964 1155 3455 1251 ἐντεθρυμμένους
3479 1153 3504 1202 ἐ

776 1288 871 1327 vas
905 1273 1016 1327 vini
1042 1270 1215 1336 mixti,
1241 1278 1294 1324 et
1315 1270 1427 1324 ibat
1452 1269 1507 1323 in
1534 1282 1782 1336 campum
1815 1266 1882 1320 ad
1916 1276 2206 1319 messores.

1975 1277 2206 1318 essores.
2415 1278 2561 1331 ματι,
2578 1260 2673 1311 καὶ
2699 1257 2932 1325 στάμνον
2948 1253 3096 1303 οῐνου
3116 1262 3249 1299 κεκε
3259 1242 3505 1313 ρασμένο

2412 1353 2490 1412 είς
2512 1348 2574 1401 τὸ
2610 1346 2789 1399 πεδίον
2824 1343 2958 1413 πρὸς
2979 1340 3109 1400 τοὺς
3143 1332 3436 1405 θεριστάς.

847 1442 936 1496 55.
966 1441 1032 1494 Et
1058 1441 1313 1509 loquutus
1333 1446 1416 1493 est
1438 1438 1657 1506 angelus
1676 1435 1887 1490 Domini
1914 1435 1979 1489 ad
1996 1434 2314 1495 Ambacum.

1954 1434 2314 1495 dAmbaCUm.
2481 1439 2571 1492 55.
2598 1438 2705 1489 Kal
2727 1433 2984 1501 ἐλάλησεν
3002 1426 3239 1494 ἄγγελος
3261 1420 3484 1491 Κυρίου

781 1532 962 1585 dicens
996 1546 1010 1583 :
1046 1529 1169 1583 Haec
1197 1530 1290 1582 tibi
1321 1527 1452 1582 dicit
1486 1527 1746 1580 Dominus
1770 1524 1913 1579 Deus
1942 1543 1955 1577 :
2001 1522 2311 1585 Prandium,

2001 1522 2315 1585 Prandium.
2413 1529 2611 1595 λέγων·
2641 1524 2780 1577 Τάδε
2808 1521 2957 1587 λέγει
2999 1518 3084 1570 σοὶ
3109 1514 3365 1582 Κύριοςὸ
3394 1509 3505 1562 Θεό

781 1620 925 1688 quod
958 1620 1146 1682 babes,
1168 1618 1297 1673 affer
1328 1618 1532 1672 Danieli
1554 1618 1608 1671 in
1640 1618 1818 1671 lacum
1853 1617 2067 1670 leonum
2116 1616 2171 1668 in
2216 1614 2311 1667 Ba-

1977 1631 2067 1669 um
2116 1616 2171 1668 in
2216 1614 2317 1667 Ba—
2416 1616 2580 1685 ἔχεις,
2615 1612 2883 1679 ἀπένεγκε
2922 1604 3123 1674 Δανιὴλ
3154 1606 3237 1665 είς
3265 1600 3365 1653 τὸν
3396 1600 3505 1651 λὰκ

783 1712 995 1781 bylone.
2134 1740 2137 1747 η

2134 1740 2137 1747 η
2350 1767 2387 1781 η
2417 1708 2475 1757 ἐν
2502 1700 2798 1756 Βαϐυλῶνι.

981 1800 1046 1855 Et
1071 1800 1205 1854 dixit
1225 1800 1517 1853 Ambacum
1562 1817 1575 1853 ε
1612 1798 1838 1852 Domine
1885 1796 2049 1860 Deus,
2077 1809 2181 1849 non
2213 1792 2318 1847 vidi

1957 1810 2049 1860 :us,
2077 1809 2181 1849 non
2213 1792 2319 1847 vidi
2350 1767 2389 1819 Β
2485 1790 2699 1847 54.1{al
2721 1778 3232 1852 εἶπενἋμϐακούμο
3250 1775 3487 1845 Κύριεὸ

784 1892 1125 1962 Babylonem,
1148 1900 1202 1944 et
1231 1890 1406 1943 lacum
1432 1889 1610 1944 nescio
1635 1888 1727 1943 ubi
1756 1888 1846 1941 sit.

2413 1882 2514 1950 τὴν
2539 1877 2832 1932 Βαϐυλῶνα
2852 1916 2867 1937 ,
2889 1874 2984 1925 καὶ
3007 1872 3101 1936 τῂν
3126 1869 3340 1921 λάκκον
3366 1865 3437 1918 οὐ
3470 1880 3505 1930 γ

853 1956 942 2035 δέ.
972 1979 1035 2032 Et
1085 1977 1489 2047 apprehendens
1528 1977 1703 2046 ipsum
1753 1975 2049 2028 Ambacum
2086 1971 2314 2041 angelus

1971 1988 2049 2026 um
2086 1971 2314 2041 angelus
2486 1973 2575 2027 55.
2602 1971 2710 2023 Kal
2728 1965 3121 2033 ἐπιλαϐόμενος
3148 1958 3323 2013 αὐτοῦ
3354 1958 3391 2047 6
3419 1956 3501 2021 ἀγ

742 2112 753 2120 .
788 2069 994 2122 Domini
1029 2046 1178 2122 coma
1200 2068 1389 2135 capitis
1410 2067 1548 2135 ejus,
1581 2065 1893 2136 posuiteum
1927 2078 2088 2132 super
2118 2062 2272 2115 lacun

1975 2078 2088 2132 iper
2118 2062 2315 2126 lacum,
2415 2050 2857 2132 ’Ᾱμϐακοὺμτῆς
2881 2055 3061 2122 κόμης
3108 2048 3277 2103 αὐτοῦ
3338 2046 3456 2113 τῆς
3497 2063 3505 2097 ε

786 2160 879 2228 qui
913 2167 1027 2213 erat
1056 2158 1347 2227 Babylone.

2418 2150 2577 2206 αὐτὸν
2612 2147 2793 2201 ἐπάνω
2824 2143 2918 2197 τοῦ
2946 2142 3158 2195 λάκκου
3186 2137 3285 2191 τοῦ
3310 2140 3372 2190 ἐν
3394 2137 3498 2187 Ba

822 2250 942 2303 .56.
975 2248 1039 2300 Et
1088 2226 1223 2301 dixit
1274 2246 1569 2301 Ambacum
1618 2243 1683 2297 ad
1731 2244 2002 2297 Danielem
2041 2241 2321 2309 :Surgons

1936 2258 2002 2297 3m
2041 2241 2321 2309 :Surgons
2486 2241 2575 2295 56.
2605 2239 2715 2291 Kal
2754 2233 2908 2288 εἶπεν
2938 2231 3276 2299 Ἀμϐακοὺμ
3314 2226 3466 2296 πρὸς

787 2338 1008 2394 comede
1036 2338 1341 2406 prandium,
1375 2336 1515 2404 quod
1555 2335 1703 2388 misit
1734 2333 1830 2387 tibi
1861 2332 2120 2385 Dominus
2159 2331 2317 2383 Deus.

1975 2332 2120 2385 tinus
2159 2331 2318 2383 Deus.
2422 2330 2560 2399 φάγε
2584 2326 2645 2379 τὸ
2669 2327 2912 2395 ἄριστον,
2941 2322 2969 2374 6
2998 2317 3300 2373 ἀπέστειλέ
3343 2333 3437 2369 σοι
3479 2318 3505 2367 ι

856 2429 944 2482 57.
976 2429 1042 2480 Et
1068 2427 1143 2480 ait
1173 2427 1392 2481 Daniel:
1425 2426 1757 2479 Recordatus
1782 2431 1865 2478 est
1912 2423 2056 2476 enim
2084 2421 2187 2474 mei
2220 2420 2326 2474 Do-

1975 2423 2056 2475 iim
2084 2421 2187 2474 mei
2220 2420 2326 2474 Do-
2490 2416 2579 2470 57.
2608 2414 2721 2466 Kal
2759 2406 2915 2464 εἶπεν
2942 2408 3174 2478 Δανιήλ’
3213 2405 3505 2475 Ἐμνήσθτ

788 2521 969 2573 minus
1006 2518 1163 2578 Deus.
1196 2517 1289 2586 qui
1327 2531 1431 2569 non
1459 2514 2040 2584 dereliquitdiligentes
2070 2526 2145 2566 se-

1975 2527 2040 2566 .es
2070 2526 2145 2566 se.
2421 2507 2450 2559 6
2485 2505 2632 2567 Θεὸς,
2668 2504 2696 2555 6
2724 2500 2798 2571 μὴ
2822 2498 3237 2568 ἐγκαταλείπων
3265 2497 3403 2557 τοὺς
3437 2496 3505 2563 ἀγ

858 2609 947 2663 58.
974 2608 1037 2660 Et
1061 2584 1293 2661 comedit
1339 2607 1540 2660 Daniel.
1584 2605 1817 2674 Angelus
1877 2612 2055 2656 autem
2111 2600 2323 2654 Domini

1975 2618 2055 2656 em
2111 2600 2323 2654 Domini
2490 2596 2579 2650 58.
2618 2594 2730 2647 Kal
2748 2593 2916 2660 ἔφαγε
2945 2587 3169 2657 Δανιήλ.
3213 2586 3275 2638 '0
3298 2585 3364 2637 δὲ
3391 2584 3505 2651 an

789 2697 1024 2751 restituit
1072 2697 1388 2757 Ambacum,
1423 2693 1566 2746 unde
1612 2694 1785 2761 ipsum
1824 2699 2190 2757 assumpserat
2232 2704 2319 2741 ea-

1971 2699 2190 2757 npserat
2232 2704 2325 2741 ea-
2424 2689 2614 2755 ἐστησε
2641 2684 2733 2735 τὸν
2781 2680 3110 2749 Ἀμϐακοὺμ
3161 2676 3289 2729 ὅθεν
3350 2675 3501 2728 αὐτὸ

790 2784 909 2838 dem
934 2783 1019 2836 die
1042 2800 1055 2836 :
1076 2781 1332 2835 Dominus
1350 2795 1475 2835 vero
1487 2780 1625 2833 Deus
1645 2778 1952 2831 recordatus
1971 2785 2051 2829 est
2072 2775 2320 2829 Danielis.

1975 2785 2051 2829 ost
2072 2775 2323 2829 Danielis.
2422 2776 2605 2844 ἡμέρᾳ
2624 2789 2638 2803 ο
2672 2775 2701 2824 6
2731 2771 2789 2823 δέ
2814 2770 3022 2839 Κύριος
3045 2768 3075 2818 6
3111 2765 3249 2827 Θεὸς
3276 2763 3505 2833 ἐμνήσε

859 2872 946 2923 59.
983 2870 1151 2924 Porro
1181 2884 1427 2935 egressus
1455 2876 1537 2923 est
1566 2884 1658 2921 rex
1690 2875 1808 2935 post
1838 2867 1950 2918 haec
1978 2865 2193 2933 plorans
2225 2863 2326 2916 Da-

1946 2885 1950 2916 :
1978 2865 2193 2933 plorans
2225 2863 2326 2916 Da-
2492 2865 2603 2918 59.,
2627 2860 2849 2928 Ἐξῆλθε
2876 2860 2933 2912 δὲ
2967 2861 2995 2910 6
3022 2855 3287 2927 βασιλεὺς
3316 2854 3476 2922 μετὰ

792 2960 1003 3024 nlelem,
1034 2971 1086 3013 et
1115 2959 1417 3029 inspiciens
1453 2958 1508 3011 in
1554 2957 1753 3020 lacum,
1787 2954 1930 3007 videt
1978 2968 2098 3006 eum
2135 2953 2322 3006 seden-

1978 2968 2098 3006 eum
2135 2953 2326 3006 seden-
2424 2951 2642 3022 Δανιὴλ,
2674 2953 2769 3003 καὶ
2793 2947 3041 3016 ἐγκύψας
3070 2947 3152 3008 είς
3179 2944 3277 2998 τὸν
3306 2944 3505 2997 λάκκο

791 3059 922 3106 tem.

2357 3093 2393 3106 Α
2426 3055 2645 3106 ημενον.

860 3063 922 3103 si.

860 3140 948 3192 ιο.
984 3138 1048 3192 Et
1071 3138 1381 3192 exclamans
1406 3137 1590 3191 aitrex
1630 3156 1644 3190 :
1682 3138 1912 3204 Magnus
1947 3140 2031 3188 est
2071 3130 2329 3184 Dominus
2353 3093 2390 3149 C

2510 3055 2646 3091 ενον.

1975 3140 2031 3186 ist
2071 3130 2329 3184 Dominus
2353 3093 2395 3149 C
2426 3042 2584 3180 ήμιο.
2618 3126 2730 3179 Kal
2750 3124 3082 3192 ἀναϐοήσας,
3126 3115 3291 3174 εἶπεν
3313 3122 3346 3174 6
3385 3122 3505 3190 βασ

794 3226 957 3289 Deus,
996 3236 1049 3280 et
1074 3241 1179 3280 non
1217 3235 1301 3280 est
1338 3233 1529 3295 praeter
1560 3240 1682 3279 eum
1722 3224 1880 3278 alius.

2428 3214 2627 3283 Κύριος
2655 3216 2683 3266 6
2715 3213 2867 3275 Θεὸς,
2890 3214 2987 3264 καὶ
3006 3212 3111 3264 οὐκ
3142 3212 3300 3263 ἐστιν
3333 3211 3496 3281 πλὴν

871 3318 958 3371 Η.
995 3317 1059 3371 Et
1085 3316 1269 3371 eduxit
1291 3333 1381 3371 rex
1420 3318 1690 3371 Danielem
1720 3317 1787 3370 de
1824 3316 1965 3379 lacu,
1991 3322 2045 3367 et
2083 3319 2331 3366 auctores

1991 3322 2045 3367 et
2083 3319 2331 3366 auctores
2495 3303 2581 3356 4|.
2617 3303 2724 3354 Kal
2764 3301 3032 3370 ἐξήγαγεν
3073 3302 3103 3353 6
3149 3300 3430 3369 βασιλεὺς
3471 3320 3505 3353 τ

794 3409 1111 3477 perditionis
1144 3410 1262 3477 ejus
1292 3409 1513 3463 immisit
1538 3409 1592 3462 in
1622 3408 1798 3464 lacum
1827 3406 1883 3461 in
1905 3414 2195 3474 conspectu
2223 3401 2324 3456 Da-

1975 3414 2195 3474 nspecm
2223 3401 2331 3456 Da-
2428 3392 2650 3457 λάκκου,
2684 3393 2779 3444 καὶ
2803 3394 2931 3452 τοὺς
2951 3391 3162 3452 αἰτίους
3191 3392 3301 3459 τῆς
3332 3392 3505 3444 dum)

805 3500 983 3564 melis,
1008 3508 1063 3555 οι
1094 3499 1332 3555 devorari
1362 3507 1509 3554 sum.
2427 3484 2517 3535 λεν
2537 3484 2615 3545 εἰς
2635 3482 2725 3536 τὸν
2745 3481 2948 3535 λάκκον
2981 3480 3220 3534 ἐνώπιον
3245 3480 3355 3535 τοῦ
3387 3485 3506 3537 Am

2429 3573 2622 3642 θησαν.

1298 3671 1805 3781 DANIEL
1994 3742 2014 3771 .

1994 3742 2014 3771 .
2908 3647 3505 3782 AANIH.

959 3839 1277 3915 JUXTA
1353 3836 2199 3914 THEODOTIONEM.

1975 3836 2199 3914 NEM.
2534 3822 2829 3907 ΚΑΤΑ
2862 3826 3093 3909 TON
3141 3824 3505 3911 ΘΕΟΔε

1415 3944 1639 4000 CAPUT
1679 3945 1719 4001 1.

2953 3939 3382 3994 ΚΕΦΑΛΔΙΟΝ
3426 3945 3500 3995 A'

870 4037 922 4091 1.
972 4035 1027 4090 In
1059 4050 1200 4089 anno
1235 4035 1392 4090 tertio
1419 4035 1569 4103 regni
1596 4034 1803 4087 Joakim
1837 4036 1979 4103 regis
2006 4034 2163 4098 Juda,
2193 4034 2337 4089 venit

1974 4054 1979 4086 ι
2006 4034 2163 4098 Juda,
2193 4034 2337 4089 venit
2502 4028 2658 4081 Ι.Ἐν
2694 4027 2802 4080 ἔτει
2823 4027 2993 4098 τρίτῳ
3009 4030 3113 4097 τῆς
3141 4029 3456 4098 βασιλείας
3477 4034 3497 4054 ’

799 4124 1296 4180 Nabuchodonosor
1350 4138 1445 4177 rex
1492 4123 1777 4193 Babylonis
1811 4124 1865 4177 in
1912 4121 2209 4177 Jerusalem
2235 4161 2250 4187 ,
2284 4130 2329 4175 et

1979 4123 2209 4177 rusalem
2235 4161 2250 4187 ,
2284 4130 2337 4175 et.
2445 4115 2628 4177 Ἰούδα,
2652 4111 2783 4185 ἦλθε
2812 4115 3325 4190 Ναϐουχοδονόσορ,
3371 4121 3504 4190 βασ

799 4215 1074 4268 obsidebat
1108 4228 1248 4266 eam.

2434 4207 2514 4268 εἰς
2540 4205 2912 4275 Ἰερουσαλὴμ,
2944 4207 3042 4259 καὶ
3070 4208 3415 4282 ἐπολιόρκει
3445 4232 3505 4266 απ

865 4304 919 4358 2.
937 4307 997 4359 Et
1031 4304 1174 4358 dedit
1200 4302 1459 4356 Dominus
1492 4303 1545 4356 in
1568 4316 1728 4357 manu
1756 4302 1871 4371 ejus
1898 4302 2103 4356 Joakim
2156 4316 2334 4370 regem

1974 4302 2103 4356 akim
2156 4316 2334 4370 regem
2502 4297 2556 4349 2.
2581 4294 2690 4346 Καὶ
2715 4292 2881 4346 ἔδωκε
2906 4294 3117 4365 Κύριος
3155 4299 3217 4351 ἐν
3242 4304 3411 4370 χειρὶ
3450 4323 3499 4357 α

799 4390 955 4458 Juda,
986 4402 1039 4447 et
1076 4394 1139 4447 de
1178 4399 1328 4461 parte
1364 4407 1614 4445 vasorum
1647 4391 1840 4446 domus
1878 4391 1968 4446 Dei
2015 4410 2029 4445 :
2061 4400 2114 4445 ct
2141 4404 2329 4459 aspor-

1939 4394 1968 4446 εἰ
2015 4410 2029 4445 :
2061 4400 2114 4445 ct
2141 4404 2332 4459 aspor-
2365 4391 2406 4444 D
2436 4384 2654 4457 βασιλέα
2691 4383 2880 4448 Ἰούδα,
2928 4386 3025 4438 καὶ
3070 4387 3185 4441 ἀπὸ
3230 4391 3469 4461 μέρους

800 4484 932 4534 tavit
973 4498 1034 4535 ea
1091 4485 1142 4535 in
1169 4491 1366 4536 terram
1412 4480 1614 4536 Senaar
1647 4482 1702 4535 in
1745 4482 1963 4535 domum
2006 4480 2091 4535 dei
2120 4472 2237 4543 sui,
2279 4487 2330 4533 et

2006 4480 2091 4535 dei
2120 4472 2237 4543 sui,
2279 4487 2334 4533 et
2436 4475 2530 4528 τοῦ
2557 4472 2711 4536 Θεοῦ,
2746 4474 2841 4526 καὶ
2857 4474 3057 4543 ἧνεγκε
3088 4477 3237 4531 αὐτὰ
3268 4482 3362 4544 είς
3398 4484 3505 4555 γῆς

801 4585 927 4624 vasa
962 4571 1139 4625 intulit
1166 4572 1220 4625 in
1244 4573 1458 4627 domum
1488 4571 1728 4627 thesauri
1765 4571 1850 4626 dei
1877 4571 1980 4627 sui.

1975 4610 1980 4625 ,
2436 4565 2529 4618 τοῦ
2579 4564 2703 4618 θεοῦ
2744 4563 2929 4629 αὐτοῦ,
2962 4566 3061 4619 καὶ
3101 4568 3175 4621 τὰ
3226 4573 3426 4643 σκεύη
3487 4594 3505 4629 ε

2437 4650 2581 4708 οἶκον
2606 4653 2701 4707 τοῦ
2733 4653 3001 4724 θησαυροῦ
3023 4655 3121 4707 τοῦ
3157 4656 3294 4713 θεοῦ
3334 4664 3506 4717 αὐτολ

867 4742 921 4797 3.
963 4742 1030 4796 Ει
1060 4742 1195 4797 dixit
1222 4759 1312 4796 rex
1344 4744 1629 4813 Asphanex
1652 4744 1936 4812 praeposito
1958 4745 2332 4797 cunuchorum

1975 4745 2332 4797 :unuchorum
2507 4744 2560 4797 5.
2591 4744 2702 4797 Kal
2727 4739 2879 4795 εἶπεν
2898 4746 2926 4796 ὁ
2956 4744 3223 4813 βασιλεὺς
3263 4752 3505 4822 Ἀσφαν

801 4844 1042 4893 suorum,
1074 4839 1135 4885 ut
1163 4830 1529 4886 introduceret
1564 4831 1629 4885 de
1670 4832 1791 4886 ﬁliis
1840 4831 2162 4899 captivitatis
2196 4830 2331 4883 lilio-

1975 4831 2162 4884 .vitatis
2196 4830 2335 4883 lilio-
2438 4834 2622 4898 αὐτοῦ,
2680 4835 2994 4901 εἰσαγαγεῖν
3040 4836 3156 4889 ἀπὸ
3189 4840 3316 4894 τῶν
3355 4846 3505 4897 υἱῶν

801 4936 920 4974 rum
950 4922 1135 4988 Israel,
1183 4930 1235 4977 et
1262 4921 1328 4977 de
1372 4923 1577 4977 semine
1610 4922 1778 4991 regni,
1829 4930 1885 4975 et
1920 4921 1986 4974 de
2022 4920 2331 4988 phorthom-

1975 4935 1986 4972 ι
2022 4920 2337 4988 phorthom-
2439 4922 2545 4973 τῶν
2572 4921 2703 4974 υἱῶν
2741 4920 2978 4991 Ἰσραὴλ,
3004 4924 3101 4976 καὶ
3129 4927 3247 4981 ἀπὺ
3281 4934 3401 4987 τοῦ
3445 4952 3505 4989 σο

806 5010 935 5062 min,
1592 5004 1596 5007 ’
2440 5012 2600 5074 λείας,
2633 5012 2724 5063 καὶ
2746 5010 2852 5063 ἀπὸ
2880 5011 2993 5064 τῶν
3012 5015 3417 5091 φορθομμείν.

874 5099 924 5151 ι.
942 5099 1158 5161 Pueros,
1176 5100 1226 5153 in
1244 5101 1438 5170 quibus
1455 5116 1559 5154 non
1579 5109 1660 5155 est
1673 5101 1724 5154 in
1743 5100 1820 5154 eis
1837 5101 2067 5166 macula,
2083 5100 2336 5168 pulchros

1965 5101 2067 5166 ula,
2083 5100 2336 5168 pulchros
2506 5101 2559 5153 4.
2581 5100 2927 5163 Νεανίσκους,
2951 5104 3010 5154 ἐν
3030 5098 3111 5166 οἷς
3158 5108 3274 5165 οὐκ
3314 5113 3495 5170 ἔστιν

811 5186 1005 5250 specie,
1042 5199 1095 5241 et
1127 5191 1476 5260 intelligentcs
1516 5193 1568 5244 in
1599 5191 1743 5244 omni
1771 5191 2053 5258 sapientia,
2088 5198 2142 5243 et
2163 5191 2338 5242 scien-

1974 5191 2053 5253 .ia,
2088 5198 2142 5243 et
2163 5191 2338 5242 scien-
2440 5191 2531 5242 καὶ
2557 5190 2750 5252 καλοὺς
2785 5192 2848 5259 τῇ
2876 5189 3021 5257 ὄψει,
3076 5198 3179 5249 καὶ
3237 5208 3504 5261 συνιόντη

811 5280 891 5323 tes
920 5274 1215 5342 scientiam,
1250 5290 1303 5333 et
1331 5282 1631 5349 cogitantes
1665 5279 2022 5348 prudentiam,
2053 5287 2106 5331 et
2137 5278 2335 5345 quibus

1975 5294 2022 5342 rt,
2053 5287 2106 5331 et
2137 5278 2335 5345 quibus
2442 5279 2535 5330 καὶ
2558 5276 2914 5344 γινώσκοντας
2939 5282 3173 5350 γνῶσιν,
3198 5295 3313 5346 καὶ⁸
3328 5296 3505 5353 διανο

813 5368 894 5411 est
918 5360 1078 5457 robur
1104 5364 1155 5415 in
1181 5368 1257 5420 eis
1284 5372 1456 5424 standi
1497 5372 1549 5423 in
1577 5371 1739 5423 domo
1771 5369 1930 5438 regis,
1957 5377 2007 5422 et
2037 5376 2095 5421 ut
2121 5367 2338 5423 doceret

1966 5377 2007 5422 et
2037 5376 2095 5421 ut
2121 5367 2338 5423 doceret
2441 5369 2534 5421 καὶ
2551 5363 2629 5431 οἷς
2661 5368 2807 5422 ἐστιν
2837 5371 2992 5440 ἰσχὺς
3022 5374 3084 5426 ἐν
3111 5379 3327 5448 αὐτοῖς
3380 5391 3496 5445 τοῦ

815 5459 907 5499 eos
934 5446 1153 5513 litteras,
1179 5460 1229 5504 et
1258 5456 1489 5525 linguam
1518 5460 1906 5514 Chaldaeorum.

2441 5454 2534 5508 τοῦ
2574 5455 2831 5545 βασιλέως
2858 5497 2873 5519 ,
2923 5461 3021 5511 καὶ
3053 5465 3152 5518 τοῦ
3186 5446 3505 5536 διδάσκεις

2444 5546 2535 5596 καὶ
2557 5544 2803 5612 γλῶσσαν
2828 5548 3143 5610 Χαλδαίων.

889 5611 938 5665 5.
979 5610 1039 5666 Et
1090 5617 1363 5675 constituit
1406 5623 1484 5679 eis
1528 5640 1621 5682 rex
1665 5628 1969 5685 dimensum
2051 5626 2331 5694 diurnum.

2051 5626 2331 5694 diurnum,
2514 5610 2578 5686 5.⁷
2601 5634 2712 5688 Kal
2747 5635 2989 5703 διέταξεν
3020 5644 3218 5716 αὐτοῖς
3251 5657 3287 5709 ὁ
3325 5660 3505 5733 βασι]
