3874 6358
174 351 316 407 2341
1660 359 1882 450 (ΙᾼΡυτ
1919 359 1958 417 1.
2032 350 2040 358 ’
3252 363 3397 419 2842

174 468 305 520 καθ’
336 466 583 538 ἡμέραν,
612 465 722 522 ἀπὸ
751 469 859 540 τῆς
913 476 1195 546 τραπέζης
1226 477 1318 530 τοῦ
1365 478 1641 547 βασιλέως,
1675 477 1761 531 καὶ

1892 474 2102 543 [uotidie
2123 476 2190 532 de
2206 491 2386 533 mensa
2415 478 2575 546 regis,
2611 486 2665 532 et
2691 478 2755 530 de
2783 477 2906 530 vino
2941 483 3097 544 potus
3125 475 3312 543 ipsius,
3335 482 3395 530 ut

170 560 286 610 ἀπὸ
315 559 421 612 τοῦ
452 559 596 612 οίνου
624 559 717 613 τοῦ
745 562 922 616 ποτοῦ
952 566 1138 624 αὑτοῦ.
1173 569 1268 619 καὶ
1293 569 1548 639 ἐκθρέψαι
1577 572 1761 635 αὐτοὺς

1892 566 2093 619 nutriret
2113 581 2207 622 eos
2232 568 2388 623 annis
2423 568 2611 631 tribus,
2641 577 2692 620 et
2723 574 2905 635 postea
2946 571 3146 618 starent
3172 564 3272 632 ipsi
3297 578 3394 617 co-

171 648 268 714 ἐτη
324 648 472 715 τρία
495 689 510 713 ,
545 650 641 701 καὶ
676 649 818 719 μετὰ
865 654 1043 707 ταῦτα
1081 654 1270 724 στῆναι
1315 658 1508 720 αὐτοὺς
1544 660 1766 713 ἐνώπιον

170 737 263 787 τοῦ
307 737 618 804 βασιλέως.

238 824 294 877 6.
334 826 466 878 Ka‘t
495 827 748 894 ἐγένοντο
781 828 841 881 ὲν
873 831 1058 893 αὐτοῖς
1080 833 1142 885 ὲκ
1162 831 1268 886 τῶν
1297 834 1426 887 υἱῶν
1465 836 1632 890 Ἰούδα
1663 839 1766 889 Δα-

168 915 312 984 νιὴλ,
349 918 464 969 καὶ
515 919 786 982 Ἁνανίας,
831 923 928 974 καὶ
972 923 1241 993 Ἀζαρίας,
1269 927 1360 977 καὶ
1390 929 1624 996 Μισαήλ.

235 1005 292 1055 Ἰ.
324 1007 454 1057 Καὶ
505 1008 784 1076 ἐπέθηκεν
826 1010 1010 1073 αὐτοῖς
1057 1015 1084 1064 6
1110 1013 1482 1083 ἀρχιευνοῦχος
1511 1017 1762 1085 ὀνόματα,

167 1093 243 1160 τῷ
273 1095 502 1163 Δανιὴλ
526 1095 840 1166 Βαλτάσαρ,
861 1101 955 1151 καὶ
979 1099 1056 1168 τῷ
1092 1102 1302 1171 Ἀνανίᾳ
1325 1104 1545 1174 Σεδρὰχ,
1575 1108 1667 1159 καὶ
1689 1109 1766 1177 τῷ

179 1183 426 1253 Ἀζαρία
469 1185 808 1253 Ἀὁδεναγὼ,
841 1189 938 1240 καὶ
967 1188 1044 1258 τῷ
1073 1190 1290 1260 Μισαὴλ
1317 1193 1521 1262 Μισάχ.

237 1273 291 1326 8.
322 1274 449 1326 Kal.
471 1273 636 1328 ἔθετο
657 1276 853 1345 Δανιὴλ
880 1279 972 1329 ἐπὶ
1003 1277 1103 1348 τὴν
1140 1280 1361 1349 καρδίαν
1386 1283 1545 1335 αὑτοῦ
1572 1284 1666 1337 τοῦ
1691 1287 1764 1356 μὴ

169 1363 564 1432 ἀλισγηθῆναι
599 1367 660 1418 ὲν
691 1369 758 1435 τῇ
778 1367 1022 1438 τραπέζῃ
1046 1368 1154 1428 ,τοῦ
1183 1369 1458 1438 βασιλέως,
1493 1375 1586 1425 καὶ
1608 1376 1666 1426 έν
1691 1376 1765 1445 τῷ

167 1452 296 1520 οῐνῳ
327 1452 436 1504 τοῦ
479 1453 659 1506 ποτοῦ
683 1454 848 1507 αὐτοῦ
869 1470 884 1486 ⁸
915 1458 1009 1509 καὶ
1035 1458 1233 1526 ἠξίωσε
1260 1459 1349 1512 τὸν
1369 1462 1761 1534 ἀρχιευνοῦχον,

167 1542 314 1602 ὅπως
354 1541 443 1610 μὴ
479 1541 782 1611 ἀλισγηοῇ.

236 1631 290 1682 9.
324 1629 449 1682 Καὶ
480 1630 694 1682 ἔδωκεν
719 1633 747 1684 6
773 1630 904 1692 Θεὸς
924 1631 1015 1684 τὸν
1040 1633 1236 1704 Δανιὴλ
1272 1637 1350 1699 εἰς
1377 1637 1540 1705 ἔλεον,
1568 1640 1660 1694 καὶ
1685 1642 1764 1704 εἰς

169 1718 470 1788 οἰκτιρμὸν
492 1718 735 1773 ἐνώπιον
757 1718 849 1771 τοῦ
878 1720 1284 1791 ἀρχιευνούχου.

238 1888 329 1939 10.
373 1889 500 1940 Ka‘t
533 1884 694 1941 εἷπεν
733 1890 762 1942 6
792 1888 1172 1958 ἁρχιευνοῦχος
1218 1889 1294 1959 τῷ
1323 1892 1536 1961 Δανιήλ·
1569 1893 1764 1946 $0606—

176 1993 270 2044 μαι
300 1976 421 2043 ἐγὼ
461 1977 566 2029 τὸν
596 1976 788 2047 κύριόν
831 1995 936 2046 μου
970 1977 1060 2029 τὸν
1089 1977 1328 2046 βασιλέα,
1350 1981 1438 2033 τὸν
1468 1981 1765 2045 έκτάξαντα

171 2066 270 2133 τὴν
299 2065 525 2134 βρῶσιν
569 2064 746 2132 ὑμῶν,
781 2066 876 2118 καὶ
899 2065 996 2135 τὴν
1026 2066 1181 2119 πόσιν
1205 2067 1357 2136 ὑμῶν
1379 2107 1394 2132 ,
1439 2070 1642 2138 μήποτε
1681 2071 1764 2141 ῐδῃ

172 2151 240 2204 τὰ
261 2151 557 2221 πρόσωπα
591 2151 748 2220 ὑμῶν
787 2151 1086 2220 σκυθρωπὰ
1114 2153 1262 2222 παρὰ
1304 2156 1371 2208 τὰ
1409 2155 1664 2225 παιδάρια
1697 2159 1765 2211 τὰ

175 2241 450 2310 συνήλικα
489 2241 677 2310 ὑμῶν,
710 2239 1228 2318 καὶ-καταδικάσητε
1260 2241 1356 2311 τὴν
1393 2243 1628 2312 κεφαλήν
1662 2261 1762 2314 μου

173 2329 248 2399 τῷ
278 2329 533 2398 βασιλεῖ.

245 2423 332 2473 11.
367 2422 492 2473 Καὶ
527 2415 684 2472 εἶπεν
731 2419 932 2489 Δανιὴλ
981 2420 1118 2488 πρὸς
1159 2421 1591 2490 ’Δμελλασὰρ,ὃν
1638 2438 1764 2474 κατι

175 2511 412 2579 ἔστησεν
441 2513 473 2562 6
505 2509 902 2580 ἀρχιευνοῦχος
935 2509 1028 2562 ἐπὶ
1058 2510 1279 2580 Δανιὴλ,
1323 2511 1591 2580 Ἀζαρίαν,
1609 2511 1763 2564 Ἀνα-

173 2601 309 2661 νίαν,
346 2601 450 2651 καὶ
478 2599 732 2668 Μισαήλ.

243 2688 332 2741 12.
367 2688 659 2758 Πείρασον
689 2689 755 2759 δὴ
780 2689 909 2752 τοὺς
937 2687 1130 2750 παῖδας
1157 2704 1248 2739 σου
1278 2688 1486 2757 ἡμέρας
1503 2687 1653 2753 δέκα,
1670 2690 1764 2743 καὶ

176 2777 418 2830 δότωσαν
453 2779 598 2846 ἡμῖν
628 2779 740 2834 ἀπὸ
764 2780 873 2833 τῶν
905 2777 1231 2848 σπερμάτων
1263 2777 1359 2845 τῆς
1387 2777 1510 2847 γῆς,
1537 2779 1630 2830 καὶ
1663 2795 1766 2848 φα-

176 2867 410 2935 γόμεθα,
447 2867 557 2919 καὶ
585 2865 733 2936 ὓδωρ
761 2867 1022 2936 πιόμεθα.

245 2957 335 3009 13.
360 2957 488 3008 Ka‘t
520 2954 848 3025 ὀφθήτωσαν
877 2955 1104 3011 ἐνώπιόν
1128 2975 1221 3010 σου
1246 2957 1301 3010 αἱ
1320 2955 1451 3008 ίδέαι
1479 2957 1653 3026 ἡμῶν,
1669 2958 1765 3012 καὶ

1865 668 1983 707 ram
2009 668 2152 725 rege.

1932 868 1984 920 6.
2026 867 2090 920 Et
2118 868 2330 922 fuerunt
2364 870 2414 921 in
2449 869 2526 921 eis
2554 868 2618 921 de
2649 867 2770 921 [iliis
2791 866 2926 921 Juda
2953 866 3161 930 Daniel,
3192 865 3394 920 etAna—

1867 956 2005 1019 nias,
2037 966 2087 1010 et
2114 959 2355 1022 Azarias,
2393 968 2446 1012 et
2472 957 2674 1012 Misael.

1935 1045 1984 1095 7.
2020 1044 2082 1096 Et
2121 1046 2377 1113 imposuit
2430 1047 2508 1100 eis
2546 1046 2860 1114 przepositus
2890 1049 3262 1102 cunuchorum
3295 1063 3394 1101 no-

1865 1132 2043 1196 mina;
2091 1134 2291 1186 Danicli
2325 1134 2599 1200 Baltasar;
2649 1144 2703 1188 et
2752 1137 2970 1189 Ananiae
3015 1137 3280 1204 Sedrach;
3339 1147 3395 1192 et

1863 1220 2068 1275 Azarim
2093 1223 2415 1292 Abdenago;
2446 1234 2500 1278 et
2524 1224 2728 1278 Misaeli
2749 1223 2970 1279 Misach.

1934 1311 1985 1364 8.
2030 1311 2092 1364 Et
2121 1314 2298 1380 posuit
2328 1313 2510 1369 Daniel
2550 1316 2602 1368 in
2640 1316 2802 1369 corde
2828 1330 2946 1378 suo,
2980 1324 3037 1368 ut
3062 1329 3168 1369 non
3192 1315 3393 1384 pollue-

1863 1409 2008 1452 retur
2029 1401 2080 1453 in
2104 1417 2285 1456 mensa
2315 1405 2475 1472 regis,
2508 1414 2559 1458 et
2588 1405 2640 1457 in
2663 1405 2786 1458 vino
2814 1415 2970 1473 potus
3012 1405 3130 1472 ejus
3161 1422 3174 1458 :
3219 1416 3272 1458 et
3304 1418 3392 1457 ro-

1863 1492 2005 1558 gavit
2074 1494 2441 1547 eunuchorum
2494 1497 2876 1564 praepositum,
2936 1511 3003 1550 ne
3062 1496 3393 1548 contamina-

1862 1592 2030 1635 retur.

1929 1670 1980 1723 9.
2023 1669 2086 1724 Et
2116 1671 2258 1726 dedit
2284 1673 2421 1727 Deus
2455 1673 2722 1727 Danielem
2765 1675 2817 1727 in
2852 1671 3307 1733 misericordiam,
3339 1679 3395 1724 et

1797 1759 1918 1849 Bin
1947 1760 2339 1815 miserationem
2370 1763 2424 1815 in
2474 1773 2760 1831 conspectu
2811 1762 3068 1832 principis
3120 1760 3396 1815 eunucho-

1863 1861 2016 1968 ΐυῗδ.
2060 1914 2267 1969 Etdixit
2295 1918 2540 1985 princeps
2561 1918 2926 1971 cunuchorum
2959 1915 3192 1970 Danieli:
3213 1915 3394 1968 Timeo

1860 2015 1958 2070 ego
1987 2002 2260 2055 dominum
2311 2020 2487 2058 meum
2530 2021 2733 2074 regem,
2780 2007 2871 2074 qui
2909 2006 3186 2059 constituit
3213 2004 3392 2058 cibum

1861 2100 2116 2154 vestrum,
2145 2100 2197 2144 et
2217 2101 2398 2160 potum
2433 2101 2691 2159 vestrum,
2722 2110 2788 2149 ne
2825 2094 2962 2148 forte
2997 2095 3176 2148 videat
3228 2092 3394 2146 facies

1859 2188 2064 2232 vestras
2097 2179 2274 2232 tristes
2301 2194 2409 2247 prae
2437 2182 2678 2247 puerulis
2703 2182 2895 2236 coaavis
2929 2182 3144 2243 vestris,
3189 2189 3244 2234 et
3263 2194 3395 2233 con-

1861 2265 2122 2318 deuinctis
2150 2273 2308 2333 caput
2333 2281 2508 2319 meum
2543 2269 2676 2336 regi.

1930 2435 2015 2488 11.
2057 2433 2122 2489 Ει
2157 2435 2491 2489 dixitDaniel
2523 2436 2590 2490 ad
2632 2435 2948 2496 Amellasar,
2997 2449 3154 2503 quem
3192 2435 3394 2488 consti-

1861 2530 2032 2578 tuerat
2065 2525 2310 2593 princeps
2331 2525 2700 2580 cunuchorum
2746 2540 2905 2595 super
2939 2524 3228 2590 Danielem,
3251 2525 3392 2579 Aza-

1860 2613 2017 2676 riam,
2051 2616 2335 2678 Ananiam,
2353 2624 2406 2668 et
2431 2615 2633 2670 Misael.

1930 2701 2016 2755 {2.
2057 2701 2244 2768 Tenta,
2272 2704 2516 2770 obsecro,
2555 2719 2748 2774 pueros
2768 2712 2888 2758 tuos
2908 2703 3098 2758 diebus
3116 2703 3320 2765 decem,
3340 2710 3397 2757 et

1861 2788 2053 2843 dentur
2090 2792 2244 2846 nobis
2273 2791 2340 2846 de
2375 2794 2671 2849 seminibus
2720 2803 2894 2861 terra),
2939 2800 2995 2849 et
3023 2791 3394 2857 comedemus.

1861 2888 1915 2932 et
1943 2893 2136 2947 aquam
2174 2880 2440 2936 bibemus.

1932 2970 2019 3023 15.
2060 2971 2125 3024 Et
2149 2980 2437 3039 appareant
2469 2986 2646 3026 coram
2675 2981 2727 3027 te
2756 2971 2918 3027 facies
2946 2978 3163 3038 nostrai,
3214 2979 3270 3025 et
3315 2970 3397 3024 fa-

178 3047 233 3100 αἱ
257 3048 399 3099 ἰδέαι
430 3045 553 3097 τῶν
582 3047 888 3115 παιδαρίων
912 3048 1022 3102 τῶν
1053 3049 1338 3101 ἐσθιόντων
1361 3036 1465 3116 τὴν
1493 3048 1761 3118 τράπεζαν

180 3137 264 3156 Α--
305 3133 590 3156 D__4\1-.A
640 3136 729 3156 --μὶ
757 3135 939 3156 _-_.ﬂ,‘,_
976 3136 1032 3156 ll,
1059 3154 1065 3156 .
1097 3134 1443 3156 n____-!_---.
1488 3135 1618 3156 ____L
1659 3135 1759 3156 __~_.

1892 3057 1975 3113 :ies
2005 3059 2370 3126 puerulorum,
2403 3061 2493 3128 qui
2519 3062 2683 3115 edunt
2730 3075 2968 3115 mensam
2997 3060 3135 3130 regis
3160 3074 3176 3112 :
3207 3069 3260 3115 et
3289 3059 3396 3114 sic-

176 3137 266 3189 106
303 3133 612 3204 βασιλέως,
639 3136 735 3188 καὶ
756 3135 941 3201 καθὼς
972 3136 1066 3190 ἐὰν
1096 3136 1208 3206 ἴδῃς
1225 3134 1444 3205 ποίησον
1485 3135 1621 3205 μετὰ
1655 3135 1761 3189 τῶν

1892 3155 1924 3200 ιι
1955 3147 2170 3212 videris,
2205 3148 2366 3202 facito
2399 3164 2520 3202 cum
2558 3151 2735 3218 pueris
2767 3150 2894 3204 tuis.

177 3227 386 3279 παίδων
417 3243 552 3278 σου.

245 3316 335 3371 14.
369 3317 492 3368 Καὶ
527 3316 850 3386 είσήκουσεν
883 3315 1058 3369 αὐτῶν
1092 3315 1172 3378 είς
1198 3313 1256 3368 16
1285 3313 1434 3383 ῥῆμα
1463 3311 1636 3379 τοῦτο,
1668 3313 1763 3367 καὶ

178 3405 483 3474 ἠπείρασεν
514 3406 714 3468 αὐτοὺς
735 3404 948 3474 ἡμέρας
974 3405 1126 3458 δέκα.

246 3497 337 3550 15.
366 3498 493 3548 Kai.
537 3495 676 3564 μετὰ
716 3494 778 3546 16
810 3494 961 3556 τέλος
986 3494 1091 3546 τῶν
1114 3493 1244 3546 δέκα
1277 3492 1516 3563 ἡμερῶν,
1551 3492 1764 3562 ὡράθη-

181 3601 276 3639 σαν
305 3588 365 3640 αἱ
397 3587 548 3638 ἰδέαι
573 3585 753 3638 αὐτῶν
783 3583 1005 3652 ἀγαθαὶ,
1044 3585 1138 3637 καὶ
1185 3584 1339 3637 0610i.
1391 3584 1597 3652 ἰσχυροὶ
1643 3584 1762 3644 ταῖς

179 3675 374 3745 σαρξὶν
402 3675 558 3744 ὑπὲρ
595 3674 668 3727 τὰ
691 3673 954 3742 παιδάρια
983 3673 1051 3726 τὰ
1077 3672 1320 3726 ἐσθίοντα
1352 3671 1448 3742 τὴν
1489 3672 1762 3742 τράπεζαν

178 3763 268 3816 τοῦ
306 3765 616 3833 βασιλέως.

244 3854 339 3908 16.
373 3856 500 3908 Ka‘t
533 3852 754 3922 ἐγένετο
788 3851 1130 3921 Ἀμελλασὰρ
1156 3850 1541 3920 ἀναιρούμενος
1575 3851 1634 3903 16
1655 3851 1762 3904 6st-

179 3959 310 3995 πνον
339 3943 562 4007 αὐτῶν,
602 3942 698 3994 καὶ
746 3941 839 3993 τὸν
881 3937 1021 3994 οἶνον
1048 3938 1142 3991 τοῦ
1172 3940 1412 4007 πόματος
1443 3938 1638 4005 αὐτῶν,
1669 3939 1764 3992 καὶ

181 4029 356 4082 ἐδίδου
390 4030 590 4090 αὐτοῖς
617 4028 932 4097 σπέρματα.

249 4119 339 4172 17.
386 4120 511 4172 Καὶ
555 4120 670 4179 τοῖς
718 4115 1029 4185 παιδαρίοις
1072 4116 1182 4175 τοῖς
1235 4114 1520 4184 τέσσαρσιν
1569 4114 1764 4168 ἔδωκεν

184 4209 368 4270 αὐτοῖς
389 4211 421 4260 6
454 4207 597 4270 Θεὸς
627 4207 870 4268 σύνεσιν,
908 4207 1003 4258 καὶ
1042 4205 1296 4274 φρόνησιν
1338 4207 1394 4257 ὲν
1418 4206 1565 4278 πάσῃ
1588 4222 1765 4275 γραμ-

189 4299 396 4364 ματικῇ
432 4297 538 4348 καὶ
571 4295 734 4364 σοφίᾳ
757 4310 771 4324 ο
801 4295 896 4346 καὶ
913 4293 1108 4362 Δανιὴλ
1139 4293 1363 4362 συνῆκεν
1391 4296 1448 4346 ὲν
1476 4295 1620 4363 πάσῃ
1643 4295 1764 4363 δρά-

187 4397 266 4434 σει
300 4384 407 4436 καὶ
440 4383 748 4444 ἐνυπνίοις.

253 4468 340 4520 18.
382 4470 509 4521 Καὶ
563 4469 702 4535 μετὰ
752 4467 813 4519 16
847 4467 996 4529 τέλος
1030 4467 1137 4521 τῶν
1177 4468 1416 4538 ἡμερῶν,
1455 4461 1529 4521 ὧν
1572 4465 1766 4520 εῐπενδ

187 4555 452 4622 βασιλεὺς
479 4557 804 4622 εἰσαγαγεῖν
837 4555 1051 4618 06106;,
1082 4556 1174 4607 καὶ
1203 4557 1488 4623 εἰσήγαγεν
1521 4557 1710 4618 06106;
1740 4558 1768 4609 ὁ

187 4645 587 4714 ἀρχιευνοῦχος
630 4643 871 4696 ἐναντίον
899 4643 1385 4712 Ναϐουχοδονόσορ.

258 4734 345 4788 19.
380 4735 506 4788 Καὶ
528 4734 764 4801 έλάλησε
813 4731 930 4800 μετ’
959 4732 1133 4783 αὐτῶν
1165 4735 1192 4785 6
1232 4732 1507 4801 βασιλεὺς,
1549 4733 1642 4785 καὶ
1673 4734 1768 4803 οὐχ

191 4823 508 4892 εὑρέθησαν
533 4824 594 4876 ὲκ
623 4822 849 4875 πάντων
875 4819 1050 4871 αὐτῶν
1075 4820 1247 4888 ὅμοιοι
1273 4822 1488 4892 Δανιὴλ,
1509 4822 1770 4876 καὶἈνα-

190 4913 293 4980 νίς,
333 4915 438 4966 καὶ
474 4911 732 4982 Ἀζαρία,
767 4909 866 4960 καὶ
897 4908 1140 4978 Μισαήλ’
1172 4911 1264 4962 καὶ
1290 4909 1519 4980 ἔστησαν
1545 4909 1768 4962 ἐνώπιον

192 5000 280 5052 τοῦ
312 5001 612 5068 βασιλέως.

253 5086 342 5139 20.
386 5087 506 5137 Καὶ
546 5089 604 5138 ὲν
644 5083 822 5136 παντὶ
852 5081 1051 5148 ῥήματι
1089 5080 1294 5146 σοφίας,
1323 5080 1416 5131 καὶ
1446 5079 1765 5149 ἐπιστήμης,

192 5171 329 5242 δπὲρ
355 5167 436 5226 ὧν
465 5173 712 5245 ἐζήτησε
741 5171 882 5237 παρ’
913 5167 1083 5219 αὐτῶν
1110 5168 1136 5218 6
1170 5167 1432 5234 βασιλεὺς,
1481 5163 1638 5236 εὗρεν
1674 5167 1770 5219 06-

186 5261 305 5320 106;
343 5258 813 5315 δεκαπλασίονας
864 5253 1003 5321 ὑπὲρ
1055 5253 1250 5314 πάντας
1298 5255 1420 5313 τοὺς
1470 5253 1767 5316 ὲπαοιδοὺς,

189 5345 277 5396 καὶ
319 5347 448 5407 τοὺς
498 5348 729 5414 μάγους
758 5377 775 5403 ,
809 5341 940 5402 τοὺς
966 5339 1115 5400 ὄντας
1145 5341 1200 5391 ὲν
1254 5339 1398 5408 πάσῃ
1431 5342 1495 5407 τῇ
1529 5340 1770 5411 βασιλεία

196 5433 371 5485 06106.

263 5520 354 5574 Ἃ.
380 5521 501 5573 Ka‘t
531 5519 765 5589 ἐγένετο
794 5511 995 5564 Δανιὴλ
1019 5512 1114 5575 ἕως
1145 5512 1286 5576 ἔτους
1317 5513 1429 5576 ἐνὸς
1463 5512 1641 5583 Κύρου
1670 5516 1768 5569 τοῦ

200 5604 476 5672 βασιλέως.

1935 3323 2019 3378 14.
2059 3321 2124 3376 Et
2142 3323 2414 3379 exaudivit
2440 3338 2533 3378 eos
2560 3324 2613 3379 in
2645 3324 2808 3378 verbo
2830 3323 2952 3390 hoc,
2973 3333 3028 3380 et
3054 3322 3276 3378 tentavit
3300 3336 3396 3382 eos

1863 3412 2048 3469 diebus
2076 3412 2278 3465 decem.

1931 3503 2018 3557 15.
2060 3502 2125 3555 Et
2155 3509 2276 3569 post
2308 3501 2466 3554 tinem
2519 3500 2701 3554 decem
2756 3500 2986 3563 dierum,
3035 3510 3396 3568 apparuerunt

1861 3591 2042 3645 vultus
2072 3604 2256 3643 eorum
2287 3590 2406 3644 boni
2433 3607 2448 3654 ;
2482 3598 2535 3643 et
2565 3590 2665 3657 ipsi
2698 3590 2906 3644 robusti
2955 3591 3206 3644 carnibus
3234 3605 3395 3659 super

1869 3680 2146 3750 puerulos,
2175 3679 2267 3745 qui
2297 3680 2523 3733 edebant
2552 3693 2789 3732 mensam
2819 3680 2961 3749 regis

1931 3850 2016 3905 16.
2058 3850 2122 3904 Et
2148 3849 2250 3904 fuit
2277 3849 2573 3903 Amellasar
2626 3847 2818 3902 tollens
2874 3847 3050 3901 cibum
3099 3860 3305 3914 eorum,
3339 3855 3396 3904 et

1860 3941 2044 3995 vinum
2078 3949 2239 4009 potus
2271 3953 2477 4004 eorum,
2505 3937 2742 3992 etdabat
2760 3937 2840 3992 eis
2863 3937 3151 4008 legumina.

1930 4112 2017 4164 17.
2059 4110 2124 4164 Ει
2150 4109 2387 4178 puerulis
2413 4116 2642 4177 quatuor
2697 4109 2842 4163 dedit
2895 4108 2973 4163 eis
3003 4108 3141 4162 Deus
3189 4107 3396 4162 intelle-

1862 4209 2005 4253 ctum
2036 4209 2087 4253 et
2119 4200 2450 4267 prudentiam
2498 4200 2551 4251 in
2587 4199 2732 4251 omni
2763 4199 3035 4252 literatura
3057 4239 3071 4263 ,
3107 4207 3160 4253 et
3187 4201 3397 4267 sapien-

1863 4291 1974 4354 tia;
2003 4299 2056 4343 et
2101 4289 2287 4342 Daniel
2339 4288 2598 4342 intellexit
2660 4289 2713 4343 in
2743 4290 2889 4342 omni
2924 4289 3131 4343 visione
3167 4298 3222 4342 ct
3252 4302 3396 4342 some

1795 4391 1838 4446 ι)
1867 4378 1991 4431 niis.

1935 4465 2021 4518 18.
2062 4463 2128 4518 Et
2158 4474 2278 4532 post
2305 4465 2462 4518 tinem
2501 4463 2708 4517 dierum
2741 4502 2757 4527 ,
2801 4465 3017 4531 quando
3069 4467 3274 4518 dixerat
3304 4480 3395 4519 rex

1865 4553 2130 4608 introduci
2153 4568 2268 4614 eos,
2296 4564 2350 4606 et
2393 4553 2688 4605 introduxit
2725 4567 2817 4606 eos
2863 4558 3180 4622 praepositus
3226 4570 3400 4608 eunu-

1864 4644 2086 4698 chorum
2118 4641 2170 4695 in
2205 4649 2494 4709 conspectu
2537 4640 3046 4695 Nabuchodonosor.

1936 4733 2021 4786 19.
2062 4730 2126 4784 Et
2152 4731 2410 4798 loquutus
2434 4739 2515 4783 est
2543 4745 2664 4784 cum
2688 4729 2768 4784 eis
2799 4744 2915 4794 rex,
2946 4740 3000 4784 et
3029 4746 3132 4784 non
3159 4738 3282 4783 sunt
3310 4729 3397 4780 in-

1864 4819 2008 4874 venti
2039 4819 2104 4873 de
2138 4819 2402 4872 universis
2432 4818 2561 4886 ipsis
2594 4819 2797 4874 similes
2831 4817 3056 4880 Danieli,
3084 4830 3134 4870 et
3155 4817 3393 4880 Ananiae,

1865 4918 1919 4962 et
1954 4909 2174 4972 Azariaa,
2212 4916 2265 4961 et
2292 4905 2511 4960 Misael:
2539 4916 2591 4961 et
2616 4914 2875 4959 steterunt
2908 4906 2961 4957 in
2990 4911 3276 4972 conspectu
3307 4917 3395 4955 rc-

1866 4997 1966 5065 gis.

1933 5079 2020 5131 20.
2062 5077 2128 5130 Et
2165 5078 2219 5131 in
2267 5078 2411 5131 omni
2445 5078 2607 5132 verbo
2649 5076 2923 5143 sapientiae
2957 5084 3008 5128 et
3043 5077 3296 5139 scientiae,
3331 5077 3397 5132 de

1869 5169 2063 5238 quibus
2097 5168 2404 5222 sciscitatus
2433 5175 2515 5221 est
2534 5167 2601 5220 ab
2629 5165 2708 5218 eis
2766 5178 2884 5226 rex,
2939 5164 3142 5219 invenit
3168 5180 3260 5220 eos
3304 5166 3399 5220 de-

1870 5257 2026 5324 cuplo
2075 5255 2343 5323 potiores,
2400 5270 2509 5324 pra:
2565 5251 2814 5307 omnibus
2870 5251 3294 5308 incantatoribus
3346 5264 3401 5310 et

1871 5346 2060 5416 magis,
2091 5346 2182 5414 qui
2219 5354 2371 5400 erant
2401 5346 2455 5399 in
2484 5343 2732 5398 universo
2760 5353 2926 5408 regno
2956 5342 3094 5410 ejus.

1942 5519 2030 5573 21.
2071 5519 2134 5574 Ει
2167 5519 2268 5578 fuit
2292 5521 2474 5578 Daniel
2531 5529 2703 5587 usque
2743 5514 2812 5570 ad
2848 5529 3049 5571 annum
3091 5532 3256 5574 unum
3281 5516 3407 5589 Cyri

1876 5621 2035 5677 regis.
