3874 6366
142 385 249 483 at?
367 470 381 483 .
1656 396 1758 451 CA1

1925 397 1989 452 ll.
3256 411 3395 464 2866

174 487 642 586 μπρθῖωποῖτξῧ
674 487 1024 586 βᾳςηλέωςς
1054 506 1188 561 Τότε
1215 508 1277 561 τὸ
1306 509 1453 579 ῥῆμα
1482 510 1758 581 ὲγνώρισει

1888 510 2004 569 ’acie
2030 508 2171 580 regis
2202 510 2226 563 τ
2260 508 2408 565 Tunc
2456 510 2676 565 verbum
2729 511 2985 567 indicavit
3039 512 3237 569 Arioch
3290 519 3393 571 Da-

184 575 422 653 .ygptt‘ux
451 575 539 642 τῷ
577 575 827 655 Δανιὴλ,
1306 575 1319 579 ⁷
1360 575 1393 579 ”
1525 575 1533 577 ’
1626 575 1640 581 ⁷

1888 599 2012 652 tieli.

256 680 322 734 l6.
349 666 464 723 Καὶ·
496 667 713 743 Δανιὴλ
740 678 1011 751 εἰσῆλθε,
1041 688 1138 741 καὶ
1172 687 1369 761 ὴείωσε
1407 686 1498 741 τὸν
1527 687 1758 758 βασιλέα1

1936 687 2026 741 16.
2066 685 2132 741 Ει
2153 685 2338 741 Daniel
2373 686 2648 756 ingressus
2675 696 2776 752 est,
2799 698 2853 743 et
2878 690 3084 759 rogavit
3119 704 3316 761 regem,
3337 702 3397 745 ut

220 771 325 832 im»;
348 761 537 840 χρόνον
562 760 642 834 δίῖ)
664 765 848 839 αὐτῷ.
889 775 993 827 καὶ
1022 776 1122 846 τὴν
1158 777 1438 847 σύγκρισιν
1469 775 1758 847 ἀπαγγείλῃ

1888 791 2074 846 empus
2097 777 2247 831 daret
2296 777 2417 841 sibi,
2471 785 2525 832 et
2573 778 2934 848 conjecturam
2974 760 3235 835 indicaret
3282 784 3392 851 regi

218 858 271 927 τῷ
295 857 501 927 βασιλεῖ
523 854 622 908 τοῦ
654 857 921 913 ὲνυπνίου
947 863 1139 919 αὐτοῦ.

1888 867 2058 920 omnii
2087 867 2191 919 sui.

266 950 339 1003 l7.
363 948 489 1002 Καὶ
525 946 751 1020 εἰσῆλθε
788 952 995 1022 Δανιὴλ
1026 955 1106 1018 είς
1141 953 1231 1006 τὸν
1276 949 1423 1007 οἶκον
1466 952 1649 1019 αὐτοῦ,
1673 952 1758 1004 κα]

1934 953 2021 1009 17.
2062 953 2129 1008 Et
2155 954 2431 1020 ingressus
2454 965 2534 1008 est
2561 955 2743 1009 Daniel
2782 957 2834 1010 in
2873 957 3088 1011 domum
3133 974 3308 1023 suam,
3339 968 3395 1013 et

208 1037 268 1107 τῷ
300 1039 555 1109 Ἁνανία,
606 1039 705 1091 καὶ
750 1038 827 1109 τῷ
873 1040 1123 1111 Ἀζαρία,
1168 1042 1264 1095 καὶ
1304 1041 1381 1113 τῷ
1415 1041 1629 1113 Μισαήλ
1659 1043 1758 1104 τοῖς

1888 1043 2101 1106 inania,
2127 1052 2182 1097 et
2208 1044 2432 1108 Azariaa,
2459 1053 2509 1098 et
2531 1043 2713 1100 Misael
2759 1047 2946 1102 amicis
2996 1047 3110 1101 suis
3142 1047 3395 1101 indicavit

207 1128 351 1194 φίλοις
375 1126 563 1179 αὑτοῦ
602 1125 869 1199 ἐγνώρισε
900 1130 962 1181 τὸ
994 1130 1165 1198 ῥῆμα.

1888 1131 2106 1183 νει-δύω.

259 1218 338 1270 18.
372 1218 504 1271 Καὶ
539 1217 884 1287 ξοίκτιρμοὺς
929 1217 1155 1288 ὲζήτουν
1193 1220 1340 1290 παρὰ
1370 1219 1461 1273 τοῦ
1503 1219 1634 1273 Θεοῦ
1672 1220 1758 1273 τοῦ

1933 1220 2017 1274 l8.
2059 1218 2126 1272 Et
2181 1218 2552 1274 miserationes
2602 1221 2911 1288 qumrehant
2948 1236 2976 1275 a
3010 1221 3117 1277 Deo
3147 1222 3267 1277 coeli
3298 1236 3394 1290 pro

200 1306 409 1379 ούρανοῦ
478 1308 635 1377 ὑπὲρ
674 1308 769 1360 τοῦ
828 1310 1126 1379 μυστηρίου
1173 1311 1381 1376 τούτου,
1429 1313 1572 1373 ὅπως
1595 1312 1659 1365 ἂν
1690 1313 1758 1384 μὴ

1888 1309 2117 1377 nysterio
2142 1309 2264 1371 hoc,
2294 1317 2352 1362 ut
2377 1323 2482 1362 non
2510 1310 2741 1378 perirent
2770 1311 2954 1369 Daniel
3004 1321 3059 1366 et
3093 1311 3248 1366 amici
3275 1311 3392 1380 ejus

195 1399 498 1450 ἀπόλωνται
530 1396 744 1464 Δανιὴλ
800 1398 895 1450 καλ⁵
921 1399 965 1450 οῖ
1000 1398 1143 1466 φίλοι
1164 1398 1326 1453 αὑτοῦ
1362 1400 1497 1469 μετά
1521 1401 1625 1453 τῶν
1644 1402 1758 1454 ἑπι-

1888 1412 1983 1450 :um
2013 1397 2220 1452 ueteris
2247 1397 2579 1464 sapientibus
2604 1397 2911 1467 Babylonis.

196 1485 375 1540 λείπων
406 1487 609 1554 σοφῶν
631 1485 977 1550 Βαϐυλῶνος.

256 1578 336 1631 19.
368 1576 521 1629 Τότε
545 1575 631 1644 τῷ
669 1575 871 1645 Δανιὴλ
900 1578 956 1628 ὲν
989 1576 1225 1647 ὁράματι
1257 1578 1351 1648 τῆς
1382 1579 1567 1642 νυκτὸς
1588 1578 1647 1633 τὸ
1664 1596 1764 1648 μυ-

194 1664 402 1734 στήριον
426 1662 811 1732 ἀπεκαλύφθη
836 1679 851 1695 ·
880 1664 974 1717 καὶ
1005 1664 1273 1736 ηύλὸγησε
1296 1668 1384 1720 τὸν
1408 1668 1537 1720 Θεὸν
1558 1667 1647 1721 τοῦ
1675 1667 1758 1719 ού-

1888 1660 2149 1713 evelatum
2187 1669 2271 1715 est
2297 1676 2312 1714 :
2339 1669 2393 1714 et
2422 1659 2688 1714 benedixit
2718 1659 2884 1713 Deum
2932 1658 3052 1713 C(Bli
3108 1658 3309 1722 Daniel,
3339 1668 3392 1711 et

196 1753 346 1821 ρανοῦ
370 1756 401 1806 6
426 1753 669 1822 Δανιὴλ,
694 1754 791 1805 καὶ
829 1748 1003 1805 εἶπεν

1888 1749 1992 1802 iixit
2025 1764 2040 1799 :
2658 1762 2663 1769 '

384 1840 495 1909 Εῖη
525 1805 792 1908 τδιὸνομα
823 1838 916 1891 τοῦ
946 1839 1079 1891 Θεοῦ
1125 1840 1475 1910 εύλογημένον
1517 1842 1623 1895 ἀπὸ
1669 1842 1758 1894 τοῦ

1929 1837 2019 1890 20.
2084 1835 2166 1891 Sit
2221 1850 2410 1891 nomen
2449 1835 2541 1890 Dei
2602 1836 2937 1891 benedictum
2999 1849 3028 1889 a
3095 1835 3293 1889 saeculo
3340 1844 3393 1887 et

198 1928 401 1991 αἰῶνος,
431 1929 534 1981 καὶ
561 1927 675 1990 ἕως
704 1927 799 1980 τοῦ
834 1927 1048 1992 αἰῶνος,
1073 1929 1211 2000 ὁτιή
1248 1931 1407 1999 σοφία
1462 1932 1554 1984 καὶ
1578 1933 1611 2000 ή
1646 1930 1758 1983 σύν-

1888 1939 2033 1994 usque
2063 1924 2116 1978 in
2144 1924 2398 1979 saeculum
2428 1939 2442 1975 :
2479 1925 2605 1993 quia
2634 1925 2892 1993 sapientia
2943 1934 2996 1979 et
3044 1923 3390 1993 intelligentia

201 2031 310 2079 ισις
329 2017 498 2069 αὐτοῦ
526 2017 673 2070 ἐστι.

1888 2014 1977 2084 jus
2004 2021 2147 2067 sunt.

271 2104 356 2159 21.
390 2107 506 2159 Καὶ
534 2105 707 2167 αὐτὸς
735 2104 940 2157 ἀλλοιοῖ
967 2104 1187 2173 καιροὺς
1236 2105 1330 2158 καὶ
1373 2105 1611 2176 χρόνους,
1636 2106 1758 2159 καθ-

1928 2101 2016 2154 21.
2054 2101 2118 2155 Et
2150 2100 2261 2170 ipse
2287 2110 2457 2155 mutat
2483 2112 2719 2170 tempora
2776 2110 2830 2155 et
2867 2111 3069 2163 aetates,
3117 2102 3393 2155 constituit

190 2195 319 2265 ιστᾷ
341 2194 591 2264 βασιλεῖς
645 2195 743 2246 καὶ
784 2194 1044 2263 μεθιστᾷ,
1098 2194 1271 2256 διδοὺς
1312 2196 1499 2264 σοφίαν
1537 2198 1646 2258 τοῖς
1676 2212 1758 2248 σο-

1889 2206 2012 2260 eges
2059 2199 2112 2245 et
2161 2191 2420 2253 destituit,
2456 2192 2588 2243 dans
2622 2190 2939 2260 sapientiam
2972 2190 3320 2257 sapientibus,
3338 2197 3392 2241 et

164 2286 336 2347 φοῖς,
374 2284 471 2335 καὶ
504 2282 776 2352 φρόνησιν
798 2284 909 2344 τοῖς
934 2282 1094 2334 εἰδόσι
1120 2281 1350 2335 σύνεσιν.

1888 2280 2194 2332 prudentiam
2229 2280 2642 2347 intelligentibus
2668 2279 3025 2345 disciplinam.

257 2372 360 2425 22.
392 2371 566 2434 Αύτὸς
618 2370 999 2423 ἀποκαλύπτει
1078 2370 1243 2440 βαθέα
1320 2371 1413 2424 καὶ
1457 2370 1758 2440 ἀπόκρυφα.

1928 2369 2016 2421 22.
2060 2369 2175 2435 Ipse
2208 2368 2404 2420 revelat
2433 2366 2695 2433 profunda
2740 2375 2792 2418 et
2814 2364 3147 2427 abscondita,
3189 2378 3389 2433 cognoo

160 2476 218 2528 γι
238 2460 484 2514 -νὼσκων
510 2460 582 2515 τά
623 2462 684 2513 ὲν
708 2459 786 2530 τῷ
818 2460 999 2512 σκότει
1020 2500 1034 2525 ,
1083 2461 1177 2513 καὶ
1212 2460 1272 2512 τὸ
1318 2448 1428 2527 φὶῦς
1468 2462 1583 2530 μετ’
1606 2459 1758 2511 αὐτοῦ

1890 2472 2017 2511 cens
2048 2472 2165 2525 qua:
2186 2456 2237 2508 in
2269 2455 2520 2518 tenebris,
2543 2464 2596 2507 et
2626 2454 2716 2506 lux
2749 2468 2873 2509 cum
2899 2466 2965 2506 eo
2985 2459 3087 2507 est.

174 2553 347 2603 ὶστι.

274 2639 368 2692 23.
400 2638 516 2701 Σοὶ,
552 2638 582 2690 ὁ
607 2636 745 2700 Θεὸς
771 2636 880 2689 τῶν
904 2634 1154 2705 πατέρων
1193 2651 1317 2702 μου,
1351 2633 1766 2704 ὲξομολογούμαι

196 2730 307 2783 καὶ
325 2728 473 2790 αἰνῶ,
497 2728 579 2780 ὅτι
601 2726 800 2795 σοφίαν
846 2726 941 2777 καὶ
958 2724 1181 2794 δύναμιν
1201 2724 1399 2786 ἔδωκάς
1427 2741 1537 2793 μοι.
1560 2724 1654 2775 καὶ
1674 2723 1767 2775 νῦν

206 2818 509 2888 ιγνώρισάς
558 2834 651 2886 μοι
699 2816 738 2870 ἀ
784 2815 1095 2885 ἠξιώσαμεν
1143 2814 1290 2884 παρά
1329 2813 1444 2879 σού,
1472 2814 1565 2867 καὶ
1595 2814 1678 2866 δτι
1706 2813 1768 2866 τὸ

214 2908 394 2977 ὅραμα
421 2908 512 2961 τοῦ
546 2907 815 2977 βασιλέως
853 2906 1149 2976 ἐγνώρισάς
1179 2922 1288 2974 μοι.

1930 1569 2015 1624 l9.
2054 1567 2205 1624 Tunc
2231 1570 2430 1624 Danieli
2490 1570 2543 1623 in
2604 1570 2807 1625 visione
2866 1570 3041 1624 noctis
3076 1569 3388 1638 mysterium

1928 2627 2175 2688 ‘23.Tibi,
2207 2625 2347 2680 Deus
2370 2632 2583 2694 patrum
2612 2638 2880 2687 meorum,
2914 2624 3173 2679 conﬁteor
3197 2632 3250 2677 et
3276 2623 3390 2676 lau-

1863 2718 1981 2770 dem
2008 2717 2097 2782 do,
2124 2716 2248 2784 quia
2293 2714 2605 2782 sapientiam
2670 2722 2722 2767 et
2774 2713 3137 2766 fortitudinem
3198 2710 3387 2766 dedisti

1864 2804 2014 2867 mihi,
2044 2812 2097 2857 et
2122 2817 2264 2856 nunc
2292 2801 2570 2854 ostendisti
2604 2800 2756 2863 mihi,
2812 2814 2932 2866 qua:
2984 2798 3291 2867 rogavimus
3317 2806 3384 2868 te,

1862 2902 1916 2946 et
1946 2891 2070 2960 quia
2100 2891 2355 2943 visionem
2383 2888 2519 2955 regis
2549 2896 2727 2940 notam
2769 2886 2940 2940 fecisti
2974 2886 3123 2945 mihi.

288 2996 373 3049 τι.
413 2997 518 3049 Καὶ
551 2994 758 3056 εὐθέως
775 2990 904 3062 ἦλθε
923 2993 1121 3061 Δανιὴλ
1148 2992 1282 3062 πρὸς
1322 2991 1536 3062 Ἀριὼχ,
1559 2992 1616 3044 ὃν
1639 3008 1767 3045 κατ-

1930 2982 2018 3033 24.
2059 2979 2123 3032 Et
2149 2979 2323 3033 statim
2354 2978 2496 3030 venit
2525 2975 2795 3034 Danielad
2828 2976 3042 3043 Arioeh,
3074 2996 3230 3050 quem
3261 2997 3390 3037 con-

218 3081 486 3154 ἐστησενὸ
516 3084 774 3154 βασιλεὺς
814 3084 1074 3137 ἀπολέσαι
1118 3084 1243 3144 τοὺς
1282 3083 1473 3148 σοφοὺς
1517 3082 1758 3134 Βαϐυλῶ-

1888 3072 2112 3125 .tituerat
2145 3085 2255 3131 rex,
2286 3076 2346 3121 ut
2388 3067 2633 3133 perderet
2689 3070 2953 3137 sapientes
2996 3070 3302 3139 Babylonis,
3337 3082 3391 3126 et

220 3186 329 3233 νος,
360 3173 449 3225 καὶ
494 3170 649 3224 εἶπεν
698 3170 849 3241 αύτῷ
873 3188 887 3201 ·
923 3171 1060 3233 Τοὺς
1111 3170 1303 3236 σοφοὺς
1355 3169 1664 3229 Βαδυλῶνος
1691 3170 1764 3238 μὴ

223 3258 505 3333 ἀπολέσῃς,
530 3262 799 3327 εἰσάγαγε
822 3258 879 3313 δέ
910 3277 975 3329 με
1007 3257 1232 3311 ἐνώπιον
1259 3256 1350 3309 τοῦ
1379 3256 1653 3325 βασιλέως.
1675 3258 1767 3309 καὶ

224 3346 322 3419 τὴν
343 3349 620 3420 σύγκρισιν
639 3349 735 3402 τοῦ
766 3348 1037 3417 ὁράματος
1069 3345 1351 3413 ἀναγγελῶ
1380 3345 1457 3414 τῷ
1488 3345 1708 3413 βασιλεῖ.

299 3441 381 3494 25.
412 3440 542 3492 Τότε
566 3441 596 3491 ὁ
630 3437 834 3506 ’Δριὼχ
855 3439 913 3490 ὲν
942 3436 1141 3504 σπουδῇ
1174 3435 1429 3501 εἰσήγαγε
1457 3433 1545 3484 τὸν
1574 3432 1766 3501 Δανιὴλ

227 3523 443 3583 ὲνὼπιον
458 3529 551 3583 τοῦ
571 3528 857 3599 βασιλέως,
882 3527 977 3579 καὶ⁸
1004 3521 1153 3577 εἷπεν
1173 3522 1317 3591 αύτῷ
1332 3537 1346 3551 ’
1364 3523 1580 3589 Εύρηκα
1600 3522 1767 3590 ἄνδρα

227 3611 299 3667 ἑκ
323 3617 423 3671 τῶν
456 3618 586 3669 υἱῶν
613 3619 715 3687 τῆς
749 3612 1124 3683 αἰχμαλωσίας
1152 3613 1248 3682 τῆς
1292 3611 1574 3676 Ἰουδαίας,
1621 3612 1765 3672 ὅστις

226 3705 310 3774 τῷ
334 3706 530 3774 βασιλεῖ
554 3706 616 3759 τὸ
644 3705 929 3774 σύγκριμα
960 3702 1264 3769 ἀναγγελεῖ.

302 3794 381 3847 26.
412 3797 517 3849 Καὶ
547 3793 827 3864 ἀπεκρίθη
846 3795 874 3845 ὁ
900 3792 1166 3862 βασιλεὺς,
1188 3793 1283 3845 καὶ
1313 3785 1431 3843 εἷπε
1457 3790 1533 3860 τῷ
1553 3790 1763 3860 Δανιὴλ,

229 3872 297 3933 οὗ
323 3884 376 3935 τὸ
402 3883 563 3951 ὁνομα
585 3882 876 3950 Βαλτάσαρ
895 3898 909 3911 ³
928 3881 990 3933 El
1012 3880 1231 3934 δύνασαί
1254 3897 1343 3950 μοι
1371 3879 1679 3947 ἀναγγεῖλαι
1706 3879 1766 3931 τὸ

224 3963 462 4025 ἐνύπνιον
485 3974 513 4026 ὁ
537 3968 699 4035 εἶδον.
738 3972 835 4024 καὶ
856 3969 954 4040 τὴν
983 3968 1264 4039 σύγκρισιν
1297 3969 1490 4033 αύτούς

297 4058 381 4112 27.
411 4062 516 4114 Καὶ
545 4059 821 4130 ἀπεκρίθη
861 4058 1058 4125 Δανιὴλ
1088 4057 1313 4111 ἐνώπιον
1345 4057 1437 4109 τοῦ
1484 4056 1761 4126 βασιλέως,

222 4148 325 4201 καὶ
354 4146 527 4203 εἶπεν·
560 4151 633 4203 Τὸ
662 4149 957 4220 μυστήριον
977 4146 1006 4198 6
1035 4149 1063 4199 6
1092 4145 1337 4214 βασιλεὺς
1362 4146 1627 4215 ἐπερωτᾷ,
1667 4145 1767 4196 ούκ

222 4231 342 4289 ἔστι
371 4240 555 4308 σοφῶν,
608 4240 823 4308 μάγων,
870 4235 1156 4301 ἑπαοιδῶν,
1201 4234 1515 4302 γαζαρηνῶν
1542 4233 1766 4302 δύναμις

232 4320 535 4392 ἀναγγεῖλαι
556 4326 637 4396 τῷ
671 4325 901 4395 βασιλεῖ.

1863 3161 1995 3214 dixit
2028 3158 2108 3212 ei:
2139 3157 2414 3224 Sapientes
2443 3156 2726 3225 Babylonis
2758 3171 2823 3211 ne
2846 3158 3035 3225 perdas
3054 3196 3069 3221 ,
3099 3158 3190 3212 sed
3221 3159 3390 3211 intro-

1862 3250 1965 3302 duc
1991 3262 2075 3299 me
2105 3246 2157 3298 in
2193 3253 2483 3312 conspectu
2507 3246 2670 3313 regis,
2697 3255 2750 3299 et
2770 3245 3131 3314 conjecturam
3165 3247 3388 3302 visionis

1863 3337 2093 3389 narrabo
2127 3335 2256 3404 regi.

1928 3424 2018 3477 25.
2059 3422 2209 3475 Tunc
2231 3421 2424 3475 Ariocb
2482 3420 2535 3473 in
2564 3419 2906 3476 festinatione
2945 3423 3240 3478 introduxit
3288 3424 3391 3479 Da-

1862 3511 2051 3563 nielem
2083 3510 2134 3561 in
2166 3518 2449 3576 conspectu
2489 3511 2646 3575 regis,
2680 3519 2734 3563 et
2778 3511 2912 3564 dixit
2963 3513 3045 3565 ei:
3095 3512 3272 3565 Inveni
3315 3514 3392 3564 vi-

1862 3612 1981 3650 rum
2018 3596 2082 3650 de
2108 3596 2230 3649 ﬁliis
2260 3594 2578 3662 captivitatis
2606 3592 2820 3657 Judaeae,
2850 3596 2941 3664 qui
2973 3596 3081 3664 regi
3123 3596 3391 3665 conjectu-

1864 3702 1978 3740 ram
2013 3685 2286 3739 indicabit.

1930 3774 2019 3827 26.
2065 3772 2128 3825 Ει
2158 3770 2431 3840 respondit
2454 3785 2568 3833 rex,
2601 3780 2654 3825 et
2680 3771 2814 3825 dixit
2848 3769 3073 3833 Danieli,
3110 3770 3265 3839 cujus
3294 3787 3391 3824 no-

1864 3876 1985 3915 men
2019 3869 2135 3915 erat
2162 3861 2444 3913 Baltasar:
2503 3856 2558 3912 Si
2593 3868 2743 3927 potes
2796 3859 2926 3912 mihi
2979 3860 3212 3913 indicare
3250 3874 3391 3913 som-

1862 3953 2033 4014 nium,
2063 3950 2202 4019 quod
2228 3949 2353 4013 vidi,
2384 3958 2437 4002 et
2459 3949 2943 4017 interpretationem
2964 3950 3120 4018 ejus?

1931 4040 2023 4092 27.
2059 4040 2126 4093 Et
2175 4038 2449 4107 respondit
2494 4037 2675 4092 Daniel
2705 4054 2885 4093 coram
2919 4056 3060 4109 rege,
3121 4050 3174 4093 et
3221 4040 3386 4094 dixit:

1865 4126 2193 4197 Mysterium,
2252 4128 2394 4196 quod
2447 4143 2536 4182 rex
2578 4129 2886 4198 interrogat,
2912 4146 3015 4183 non
3055 4140 3137 4184 est
3186 4130 3392 4197 sapien-

1864 4216 2018 4279 tium,
2050 4230 2348 4285 magorum,
2401 4216 2690 4270 ariolorum
2725 4259 2741 4283 ,
2788 4234 3172 4287 gazarenorum
3229 4222 3392 4275 virtus

1864 4304 2099 4358 indicare
2118 4304 2249 4372 regi.

303 4410 385 4465 28.
426 4414 559 4467 Ἀλλ’
607 4392 812 4484 ὴ-ὲστι
856 4412 991 4475 Θεὸς
1023 4413 1081 4464 ὲν
1124 4412 1332 4482 ούρανῶ
1377 4411 1758 4465 ἀποκαλύπτων

1932 4394 2023 4450 28.
2064 4394 2165 4449 Sed
2194 4403 2276 4447 est
2334 4392 2474 4447 Deus
2505 4394 2558 4447 in
2588 4395 2727 4449 caelo
2777 4395 3020 4448 revelans
3044 4397 3315 4465 mysteria,
3341 4406 3393 4449 et

236 4504 511 4571 μυστήρια,
541 4504 638 4556 καὶ
662 4502 930 4571 ἐγνώρισε
968 4500 1045 4569 τῷ
1068 4501 1273 4569 βασιλεῖ
1307 4500 1767 4570 Ναὸουχοδονὸσορ

234 4579 279 4631 ἃ
301 4584 371 4637 δεῖ
394 4588 635 4653 γενέσθαι
655 4590 743 4641 ἐπ’
765 4588 1015 4656 ἐσχάτων
1036 4588 1143 4639 τῶν
1167 4589 1409 4658 ήμερῶν’
1441 4589 1499 4639 τὸ
1522 4588 1767 4640 ἐνύπνιόν

240 4685 347 4737 σου,
377 4678 463 4729 καὶ
491 4681 543 4730 αἱ
572 4679 789 4748 ὁράσεις
811 4679 913 4747 τῆς
946 4677 1187 4745 κεφαλῆς
1212 4695 1301 4732 σου
1339 4681 1431 4732 ἐπὶ
1462 4680 1559 4749 τῆς
1584 4678 1767 4748 κοίτης

245 4772 350 4823 σου,
376 4766 625 4819 τουτέστι.

308 4870 384 4924 29.
406 4874 638 4939 Βασιλεῦ,
670 4877 717 4930 οί
739 4872 1087 4941 διαλογισμοί
1114 4888 1201 4925 σου
1222 4875 1314 4927 ἐπὶ
1340 4878 1435 4944 τῆς
1466 4876 1647 4945 κοίτης
1674 4892 1765 4929 σου

241 4953 501 5029 ἀνέστησαν,
527 4965 577 5016 τί
611 4966 692 5017 δεῖ
718 4962 979 5032 γενέσθαι
1007 4960 1147 5028 μετὰ
1170 4963 1359 5016 ταῦτα’
1391 4966 1484 5017 καὶ
1511 4965 1539 5014 ὁ
1564 4965 1766 5016 ἀποκα-

232 5036 429 5103 λύπτων
460 5054 743 5123 μυστήρια,
772 5048 1055 5119 ἐγνώρισὲ
1083 5048 1213 5101 σοιά
1241 5050 1323 5104 δεῖ
1357 5052 1627 5120 γενέσθαι.

1866 4495 1991 4537 nota
2015 4482 2140 4537 fecit
2169 4482 2276 4550 regi
2302 4480 2828 4545 Nabuchodonosor,
2880 4500 2999 4551 qua:
3048 4495 3255 4552 Oportet
3281 4487 3391 4539 fieri

1864 4573 1920 4626 in
1947 4571 2252 4627 novissimis
2279 4572 2487 4625 diebus.
2526 4570 2802 4625 Somnium
2853 4582 3025 4637 tuum,
3066 4583 3119 4625 et
3164 4575 3393 4628 visiones

1864 4660 2051 4731 capitis
2076 4661 2152 4715 tui
2182 4661 2234 4714 in
2262 4660 2507 4715 cubiculo
2536 4669 2649 4727 tuo,
2686 4661 2797 4715 bzec
2831 4671 2977 4716 sunt.

1934 4874 2023 4929 29.
2064 4874 2109 4929 Ο
2140 4889 2274 4937 rex,
2326 4874 2677 4943 cogitationes
2736 4882 2838 4928 tua:
2900 4876 2953 4928 in
3010 4876 3258 4929 cubiculo
3302 4884 3392 4929 tuo

1866 4966 2243 5026 ascenderunt,
2268 4963 2395 5031 quid
2422 4963 2659 5017 futurum
2689 4964 2761 5017 sit
2788 4974 2906 5030 post
2938 4964 3083 5018 haec:
3107 4972 3159 5016 et
3195 4967 3286 5032 qui
3312 4981 3390 5019 re-

1864 5054 2007 5109 velat
2037 5053 2311 5122 mysteria,
2333 5051 2563 5105 ostendit
2592 5051 2706 5113 tibi,
2737 5065 2856 5118 quas
2889 5060 3097 5120 Oportet
3122 5052 3253 5107 fleri.

288 5156 369 5215 50.
395 5161 497 5215 Καὶ
519 5164 638 5232 ἐμοὶ
657 5164 756 5215 οὐκ
783 5164 844 5214 ἐν
877 5156 1058 5223 σοφίᾳ
1085 5158 1148 5225 τῇ
1167 5155 1298 5228 οὔσῃ
1330 5162 1450 5230 ἐμοὶ
1470 5160 1617 5231 παρά
1640 5161 1767 5215 πάν-

208 5248 310 5309 ne
335 5250 450 5313 τοὺς
481 5252 686 5316 ζῶντας
732 5251 796 5302 τὸ
840 5245 1155 5316 μυστήριον
1182 5246 1349 5301 τοῦτο
1387 5250 1761 5320 ἀπεκαλύφθη,

200 5330 504 5395 ἀᾹλίνεχεν
532 5342 623 5397 τοῦ
648 5342 749 5411 τὴν
778 5337 1088 5403 σύγκρισιν
1118 5335 1188 5404 τῷ
1231 5338 1447 5405 βασιλεῖ
1481 5339 1762 5407 γνωρίσαι,

188 5429 288 5481 διαὶ
317 5430 391 5485 ἵνα
411 5432 547 5502 γνῷς
572 5433 698 5491 τοὺς
721 5423 1127 5489 διαλογισμοὺς
1148 5425 1247 5493 τῆς
1281 5427 1511 5495 καρδίας
1547 5443 1657 5478 σου.

257 5541 439 5606 31,Σὺ,
462 5536 699 5611 βασιλεύ,
731 5529 1036 5597 ἐθεώρεις,
1072 5532 1161 5583 καὶ
1201 5534 1326 5587 ίδοὺ
1358 5533 1515 5587 είκὼν
1543 5533 1635 5602 μία
1665 5552 1758 5602 με-

1931 5540 2018 5592 3i.
2058 5538 2159 5604 Tu,
2187 5556 2301 5603 rex,
2335 5538 2639 5596 videbas,et
2670 5550 2792 5589 ecce
2834 5537 3008 5609 imago
3052 5556 3157 5595 una
3203 5559 3392 5611 magna

221 5631 347 5703 xm
367 5631 534 5698 πολλή’
562 5623 773 5693 ήεικὼν
796 5614 1004 5681 εκείνη
1045 5621 1280 5692 μεγάλη,
1316 5625 1413 5677 καὶ
1441 5625 1473 5692 ἡ
1502 5621 1758 5691 πρόσοψις

499 5717 739 5762 Pyrno!“
787 5706 918 5762 ῦιι.
975 5702 1153 5762 XVI.

1888 5626 2044 5691 limis;
2085 5626 2259 5696 imago
2286 5628 2375 5681 illa
2412 5637 2623 5689 magna,
2663 5630 2716 5675 et
2747 5636 2992 5693 aspectus
3023 5627 3196 5692 ipsius
3238 5631 3397 5684 subti-

3033 5712 3112 5762 90

499 5717 739 5775 Ρλτηοι..
787 5706 918 5765 Gn.
975 5706 1153 5766 XVI.

3033 5712 3112 5771 90

1934 5163 2023 5218 30.
2063 5163 2127 5217 Et
2151 5162 2281 5216 mihi
2326 5177 2432 5216 non
2476 5162 2530 5214 in
2562 5160 2841 5228 sapientia,
2872 5177 2990 5231 qua;
3022 5162 3092 5216 sit
3118 5163 3247 5217 mibi
3286 5180 3395 5233 pne

1865 5255 2114 5309 omnibus
2145 5253 2464 5315 viventibus,
2504 5250 2813 5320 mysterium
2834 5252 2936 5305 boc
2967 5253 3253 5307 revelatum
3285 5265 3393 5308 est:

1865 5343 1959 5396 sed
1992 5352 2052 5395 ut
2082 5342 2571 5410 interpretationem
2631 5337 2740 5406 regi
2785 5339 3123 5395 manifestam
3179 5342 3392 5406 faciam,

1863 5442 1919 5489 et
1945 5440 2003 5485 ut
2027 5433 2166 5487 scias
2197 5433 2541 5503 cegitationes
2569 5430 2746 5482 cordis
2778 5430 2874 5483 tui.
