3874 6376
833 415 973 472 2847
1861 388 2108 446 DANIEL
2145 379 2367 441 JUXTA
2404 377 2935 436 TIIEODOTIONEM

834 533 972 596 mis;
1009 537 1155 583 stans
1179 531 1298 576 ante
1325 517 1514 572 faciem
1539 525 1705 576 tuam,
1756 515 1809 562 et
1831 506 1971 561 visio
2002 503 2119 572 eius
2164 497 2364 555 terribi-

1888 506 1971 561 sio
2002 503 2119 572 eius
2164 497 2377 555 terribi-
2403 507 2448 564 Α
2475 496 2642 563 αὐτῆς
2667 492 2990 564 ὑπερφερὴς,
3021 487 3252 543 ἑστῶσα
3286 483 3411 554 πρὸ

959 579 972 596 ι
1009 579 1073 583 -τί
2097 655 2100 660 Ι
2472 585 2658 652 ὅρασις
2678 584 2842 651 αὐτῆς
2869 579 3094 650 φοϐερά.

903 707 991 758 52.
1033 701 1230 767 imago,
1270 693 1424 761 cujus
1454 697 1613 758 caput
1642 695 1758 741 erat
1796 699 1861 738 ex
1893 695 2026 736 auro
2064 692 2225 748 puro,
2257 691 2374 730 ma-

1917 695 2026 736 turo
2064 692 2225 748 puro,
2257 691 2374 730 ma-
2541 671 2628 724 52.
2655 669 2846 734 Εἱκὼν,
2879 665 2943 739 ἦς
2967 669 3001 737 ἡ
3033 661 3264 733 κεφαλὴ
3299 675 3447 767 Ξρυς

838 810 959 854 nus,
987 799 1039 844 et
1070 794 1275 857 pectus,
1320 791 1373 836 et
1428 779 1645 834 brachia
1709 774 1826 842 eius
1870 779 2140 840 argentea,
2192 775 2368 838 venter

1917 779 2140 840 rgentea,
2192 775 2378 838 venter
2479 777 2588 830 ρας.
2619 760 2712 811 καὶ
2734 760 2793 811 τὸ
2817 757 3026 826 στῆθος,
3057 755 3163 806 καὶ
3205 752 3264 803 at
3303 750 3447 854 ξρα]

837 891 888 933 et
919 878 1119 931 femora
1143 885 1300 926 aerea.

1938 839 1952 840 ί
2474 852 2507 920 ἡ
2538 848 2706 900 κοιλία
2737 848 2828 919 καὶ
2855 849 2903 898 οἱ
2937 847 3103 914 μηροὶ
3124 839 3358 910 χαλκοῖ.

906 925 1274 1021 55-.”blthtibiae
1311 959 1512 1022 ferreae,
1540 953 1723 1025 pedes,
1776 962 1902 1018 pars
1934 947 2178 1017 quzedam
2227 943 2378 1009 ferri,

1934 947 2178 1017 quaedam
2227 943 2378 1009 ferri,
2547 936 2634 989 55.
2669 934 2779 986 Kal.
2815 933 2871 984 at
2893 932 3100 999 κνῆμαι
3133 925 3401 1025 σιδηραῖ,
3429 939 3447 996 ’‹

838 1071 962 1126 pars
993 1062 1169 1108 autem
1191 1057 1368 1104 testae.

1951 1012 1968 1017 _
2480 1022 2717 1091 σιδήρου,
2752 1020 2914 1088 μέρος
2943 1017 3000 1069 δέ
3029 1033 3082 1067 τι
3105 1012 3436 1082 ὀστράκου.

906 1145 995 1199 54.
1042 1143 1290 1204 Videbas,
1315 1138 1486 1191 donec
1517 1133 1787 1188 abscissus
1819 1137 1902 1184 est
1939 1127 2004 1180 de
2042 1131 2222 1180 monte
2243 1120 2382 1188 lapis

1939 1127 2004 1180 de
2042 1131 2222 1180 monte
2243 1120 2382 1188 lapis
2547 1112 2635 1165 54.
2681 1109 2961 1178 Ἐθεώρεις
2998 1106 3106 1168 ἕως
3137 1104 3272 1156 ὅτου
3316 1102 3440 1154 άπε

2483 1199 2573 1260 θος
2617 1199 2743 1251 ἄνευ
2773 1196 2990 1266 χειρῶν,
3035 1193 3136 1245 xal.
3185 1187 3448 1251 ἐπάταξε

2487 1289 2651 1351 πόδας
2679 1288 2804 1349 τοὺς
2832 1284 3106 1352 σιδηροῦς,
3143 1282 3247 1335 καὶ
3282 1281 3448 1348 ὀστρι

2485 1395 2572 1433 νεν
2603 1379 2798 1440 αὐτοὺς
2828 1379 2907 1438 εις
2926 1377 3104 1437 τέλος.

914 1493 1003 1547 55.
1046 1491 1198 1544 Tunc
1224 1488 1552 1544 comminuta
1580 1493 1704 1540 sunt
1733 1482 1934 1552 pariter
1974 1478 2195 1540 ferrum,
2229 1481 2384 1536 testa,

1917 1496 1934 1533 r
1974 1478 2195 1540 ferrum,
2229 1481 2384 1536 testa,
2556 1471 2645 1525 55.
2691 1471 2825 1523 Τότε
2871 1466 3299 1538 ὲλεπτύνθησαν
3351 1464 3447 1516 εἰσ

845 1595 937 1643 a‘s,
974 1588 1274 1648 argentum,
1303 1592 1515 1640 aurum,
1549 1583 1602 1628 et
1632 1573 1768 1626 facta
1795 1577 1923 1625 sunt
1949 1566 2102 1637 quasi
2123 1563 2297 1633 pulvis
2323 1561 2375 1615 de

1917 1566 2102 1637 '.quasi
2123 1563 2297 1633 pulvis
2323 1561 2389 1615 de
2486 1559 2768 1630 ὄστρακον,
2794 1560 2822 1611 6
2865 1557 3083 1627 χαλκὸς,
3119 1555 3148 1607 ὀ
3183 1555 3447 1624 ἄργυρος

848 1685 968 1724 area
1002 1641 1205 1730 testim,
1242 1641 1294 1720 et
1332 1664 1550 1720 sustulit
1587 1677 1709 1717 eum
1755 1657 2038 1714 multitudo
2061 1653 2298 1722 spiritus,
2337 1658 2378 1703 el

1917 1657 2038 1712 tudo
2061 1653 2298 1722 spiritus,
2337 1658 2390 1703 et
2487 1664 2634 1700 νοντο
2651 1647 2782 1700 ὡσεὶ
2810 1645 3084 1713 κονιορτὸς
3106 1641 3220 1695 ἀπὸ·
3251 1641 3447 1695 ἆλωνο

849 1760 1025 1814 omnis
1044 1759 1194 1812 locus
1223 1772 1329 1810 non
1354 1764 1435 1810 est
1459 1756 1708 1807 inventus
1733 1750 1811 1804 eis
1839 1765 1852 1799 :
1892 1756 1945 1800 et
1972 1741 2234 1814 lapis,qui
2269 1754 2379 1809 per-

1917 1756 1945 1800 :t
1972 1741 2234 1814 lapis,qui
2269 1754 2388 1809 per—
2490 1737 2651 1790 αὑτὸν
2677 1736 2738 1788 τὸ
2761 1733 2963 1802 πλῆθος
2995 1731 3092 1784 τοῦ
3117 1731 3447 1799 πνεύματος

849 1857 1089 1904 cusserat
1113 1846 1398 1914 imaginem
1424 1843 1596 1897 factus
1627 1850 1708 1896 est
1732 1840 1784 1892 in
1827 1849 2062 1891 montem
2099 1845 2379 1903 magnum1

1920 1849 2062 1890 ntem
2099 1845 2351 1903 magnum
2375 1868 2390 1894 ,
2423 1826 2462 1878 Β
2492 1825 2588 1894 οὐχ
2613 1823 2808 1895 εὑρέθη
2836 1823 3040 1885 αὐτοῖς,
3071 1821 3168 1872 καὶ
3192 1822 3221 1872 6
3243 1817 3410 1881 λιοος
3435 1823 3447 1870 <‘

842 1235 958 1288 sine
985 1232 1265 1286 manibus:
1291 1236 1343 1281 et
1368 1223 1635 1296 percussit
1681 1221 1966 1289 imaginem
2023 1227 2185 1282 super
2224 1211 2384 1279 pedes

844 1323 1070 1386 ferreos,
1109 1328 1161 1374 et
1188 1319 1418 1389 ﬁglinos,
1462 1324 1514 1370 et
1541 1311 1858 1370 comminuit
1899 1324 1992 1365 eos
2025 1306 2088 1361 ad
2131 1306 2310 1358 tinem.

850 1949 903 1994 et
926 1938 1167 2005 implevit
1196 1937 1502 1990 universam
1535 1942 1753 1986 terram.
1802 1949 1818 1968 ο

2490 1915 2703 1979 ἐγένετο
2727 1914 2806 1976 εἰς
2825 1913 2951 1983 ὅρος
2976 1911 3142 1980 μέγα,
3168 1910 3273 1963 καὶ
3305 1908 3447 1962 ἐπλοι

917 1998 1016 2079 56.’
1053 2024 1164 2078 Hoc
1197 2031 1279 2077 est
1306 2022 1572 2077 somnium
1609 2034 1622 2071 :
1670 2027 1722 2073 et
1756 2013 2246 2085 interpretationem
2270 2009 2399 2079 ejus.

1917 2013 2246 2070 pretationem
2270 2009 2399 2079 ejus.
2561 2002 2648 2057 56.
2682 2002 2854 2055 Τοῦτό
2874 2003 2990 2052 ἐστι
3018 2001 3080 2053 τὺ
3103 1998 3398 2063 ἐνύπνιον,
3430 2015 3447 2050 1

849 2118 1089 2170 dicemus
1122 2128 1301 2167 coram
1339 2127 1482 2181 rege.
1887 2132 1890 2136 ·

2492 2091 2584 2144 τοῦ
2609 2091 2837 2163 ἐροῦμεν
2866 2091 3099 2144 ἐνώπιον
3130 2088 3229 2141 τοῦ
3269 2088 3447 2158 βασιλ

919 2208 1007 2260 57.
1049 2205 1152 2269 Τυ,
1179 2221 1269 2258 rex
1315 2173 1625 2272 regum,cni
1658 2201 1795 2253 Deus
1826 2197 1949 2252 οωιί
1978 2207 2201 2264 regnum
2228 2191 2388 2254 forte,

1917 2197 1949 2250 li
1978 2207 2201 2264 regnum
2228 2191 2388 2254 forte,
2508 2271 2515 2272 ί
2564 2183 2652 2236 57.
2675 2181 2770 2243 Σὺ,
2800 2180 3023 2250 βασιλεῦ
3063 2179 3369 2249 βασιλέων,
3397 2173 3447 2246 ᾧ

850 2305 904 2347 et
923 2293 1180 2356 validum,
1209 2302 1262 2346 et
1287 2269 1607 2344 honoratum
1640 2288 1784 2342 dedit
1808 2287 1861 2340 in
1885 2283 2032 2340 omni
2055 2284 2195 2336 loco.

1921 2283 2032 2338 mni
2055 2284 2195 2336 loco.
2497 2271 2770 2340 βασιλειαν
2803 2270 3054 2341 ἰσχυρὰν,
3079 2269 3179 2322 καὶ
3208 2285 3447 2341 κραται‹

2497 2362 2554 2413 ὲν
2581 2359 2744 2413 παντὶ
2777 2359 2948 2429 τόπῳ.

921 2465 1008 2519 58.
1048 2462 1150 2516 Ubi
1184 2462 1424 2515 habitant
1452 2460 1543 2514 ﬁlii
1593 2458 1908 2520 hominum;
1962 2453 2159 2509 bestias
2191 2450 2393 2520 pariter

1962 2453 2159 2509 bestias
2191 2450 2393 2520 pariter
2567 2448 2655 2501 58.
2687 2445 3250 2500 Ὅπουκατοικοῦσιν
3285 2446 3342 2498 ot
3381 2447 3441 2499 υἱ

855 2554 988 2622 agri,
1021 2561 1072 2605 et
1087 2552 1333 2604 volucres
1355 2549 1499 2612 cmli,
1518 2556 1570 2599 et
1595 2547 1769 2615 pisces
1798 2544 1963 2598 maris
1985 2541 2130 2595 dedit
2155 2541 2205 2592 in
2231 2553 2385 2592 manu

1918 2544 1963 2596 is
1985 2541 2130 2595 dedit
2155 2541 2205 2592 in
2231 2553 2393 2592 manu
2502 2534 2592 2603 pia
2614 2551 2672 2586 τε
2694 2533 2887 2603 ἀγροῦ,
2922 2534 3019 2605 καὶ⁵
3053 2534 3285 2606 πετεινὰ
3320 2533 3447 2603 οὒρι

855 2652 968 2703 tua,
1000 2650 1053 2694 et
1083 2627 1428 2694 constituitte
1456 2637 1731 2690 dominum
1753 2633 2012 2687 omnium.
2039 2629 2119 2684 Tu
2145 2644 2203 2683 es
2239 2635 2385 2695 caput

1917 2647 2012 2684 im.
2039 2629 2119 2684 Tu
2145 2644 2203 2683 es
2239 2634 2397 2695 caput
2500 2624 2701 2692 λάσσης
2753 2622 2949 2675 ἔδωκεν
2996 2623 3054 2674 ὲν
3094 2617 3167 2691 ’τῇ
3227 2621 3385 2692 χειρί
3421 2639 3447 2673 σ

857 2743 1100 2782 aureum.
2065 2715 2072 2721 ’

2065 2715 2072 2721 ’
2504 2713 2690 2781 κύριον
2713 2712 2958 2765 πάντων·
2990 2711 3055 2764 σὺ
3080 2710 3132 2764 εἴ
3152 2715 3186 2780 ἡ
3220 2712 3447 2784 κεφαλὴ

926 2816 1019 2869 59.
1055 2812 1122 2866 Ει
1151 2820 1272 2881 post
1299 2821 1348 2865 te
1371 2817 1657 2878 consurget
1677 2822 1897 2874 regnum
1919 2805 2062 2858 aliud
2097 2805 2271 2856 minus
2311 2809 2394 2854 te:

1919 2805 2062 2858 aliud
2097 2805 2271 2856 minus
2311 2809 2394 2854 te:
2571 2803 2658 2858 59.
2692 2805 2801 2856 Kal
2836 2804 3014 2855 ὀπίσω
3068 2819 3165 2855 σου
3217 2805 3443 2874 ἀναστή

859 2913 911 2957 et
933 2915 1154 2970 regnum
1185 2899 1420 2964 tertium,
1473 2899 1618 2966 quod
1673 2904 1764 2950 est
1795 2909 1889 2960 aes,
1919 2893 2065 2961 quod
2118 2889 2389 2959 imperabit

1919 2893 2065 2961 quod
2118 2889 2400 2959 imperabit
2501 2891 2679 2961 ἥττων
2710 2909 2822 2954 σου,
2853 2894 2949 2945 καὶ
2980 2894 3232 2962 βασιλεία
3282 2897 3447 2966 τρίττ

863 2991 1128 3044 universae
1158 2995 1334 3041 terra}.
1427 2999 1430 3002 ‘

2505 2978 2780 3050 κυριεύσει
2810 2979 2991 3048 πάσης
3022 2981 3124 3052 τῆς
3146 2983 3279 3053 γῆς.

930 3077 1017 3130 40.
1057 3076 1120 3128 Ει
1153 3090 1374 3144 regnum
1411 3081 1657 3143 quartum
1680 3072 1782 3127 erit
1815 3070 1951 3125 forte
1980 3070 2145 3126 veluti
2172 3069 2397 3124 ferrum:
2433 3125 2460 3144 λ

1910 3080 1951 3125 ie
1980 3070 2145 3126 veluti
2172 3069 2397 3124 ferrum:
2433 3125 2472 3144 Α
2573 3067 2659 3120 40.
2694 3068 2804 3119 Kal.
2834 3066 3084 3136 βασιλεία
3119 3071 3371 3142 τετάρτη
3413 3072 3440 3124 ε

941 3125 1017 3130 _--
1057 3125 1118 3128 __
1154 3125 1374 3144 --σῇ-η-
1690 3125 1702 3127 -
1770 3125 1775 3126 ,

863 3167 1132 3234 quomodo
1164 3165 1305 3218 enim
1347 3162 1547 3216 ferrum
1610 3161 1927 3214 comminuit
1984 3168 2037 3214 et
2091 3159 2292 3224 domat,
2329 3158 2393 3213 sit

1915 3169 1927 3214 ι
1984 3168 2037 3214 et
2091 3159 2292 3224 domat,
2329 3158 2407 3213 sic
2431 3125 2474 3183 Ο
2509 3171 2626 3228 ρος·
2657 3155 2715 3208 ὃν
2744 3125 2942 3226 τρόιπον
2965 3157 3073 3227 γὰρ
3103 3160 3131 3210 ὀ
3155 3125 3391 3231 σίδηρος
3415 3162 3445 3213 λ

863 3257 1047 3310 omnia
1073 3255 1400 3309 comminuet
1431 3261 1484 3306 et
1519 3252 1774 3306 domahit.

2507 3245 2678 3307 οὕτως
2701 3245 2875 3298 πάντα
2908 3245 3163 3300 λεπτυνεῖ
3185 3250 3288 3302 καὶ
3329 3249 3447 3320 δαμ

932 3345 1023 3399 41.
1067 3343 1132 3397 Et
1163 3343 1288 3412 quia
1320 3342 1498 3396 vidisti
1531 3342 1710 3410 pedes,
1743 3347 1795 3392 et
1820 3339 2032 3409 digitos,
2059 3345 2262 3406 partem
2284 3336 2408 3406 qui-

1917 3339 2032 3403 itos,
2059 3345 2262 3406 partem
2284 3336 2408 3406 qui-
2577 3337 2664 3389 Η.
2703 3336 2814 3388 Kal.
2846 3335 2927 3386 ὅτι
2956 3332 3096 3399 εἶδες
3127 3339 3260 3401 τοὺς
3285 3341 3447 3403 πόδας

867 3435 986 3488 dem
1018 3435 1251 3502 aliquam
1287 3431 1432 3496 ferri,
1489 3439 1694 3500 partem
1732 3444 1860 3483 vero
1894 3429 2179 3498 quamdam
2235 3435 2397 3492 testa,

1905 3429 2179 3498 quamdam
2235 3435 2406 3492 testa,
2512 3425 2675 3493 μέρος
2703 3423 2800 3492 μέν
2821 3441 2875 3475 τι
2900 3423 3143 3495 σιδήρου,
3175 3427 3350 3497 μέρος
3376 3430 3435 3481 δέ

867 3539 1090 3594 regnum
1119 3522 1352 3577 divisum
1387 3521 1490 3576 erit
1513 3521 1567 3573 in
1619 3535 1697 3582 se,
1747 3517 2197 3587 quemadmodum
2225 3516 2397 3570 vidisti

1917 3517 2197 3572 admodum
2225 3516 2406 3570 vidisti
2510 3513 2809 3582 διῃρημένη
2831 3513 2980 3566 ἔσται
3011 3517 3069 3567 ὲν
3099 3517 3266 3586 αὐτῇ.
3301 3519 3364 3572 ὃν
3399 3539 3447 3590 τι

869 3613 1070 3669 ferrum
1104 3612 1453 3666 commixtum
1484 3619 1632 3664 testae
1665 3610 1839 3664 luteaa.

2511 3602 2950 3672 ἀναμεμιγμένον
2986 3604 3065 3673 τῷ
3091 3603 3360 3677 ὀστράκῳ
3396 3612 3447 3662 τί

938 3705 1027 3758 42.
1071 3705 1133 3757 Et
1162 3701 1312 3770 digiti
1350 3701 1544 3770 pedum
1577 3713 1701 3767 pars
1753 3695 1992 3766 quaedam
2035 3693 2253 3758 'ferrea,
2289 3707 2412 3761 pars

1917 3709 1992 3748 am
2035 3693 2214 3748 'ferrea
2234 3733 2253 3758 ,
2289 3707 2412 3761 pars
2582 3692 2672 3745 42.
2715 3693 2826 3743 Καὶ
2850 3693 2898 3743 οἱ
2921 3693 3177 3746 δάκτυλοι
3208 3696 3324 3750 τῶν
3357 3700 3447 3751 ποὶ

873 3804 1050 3850 autem
1081 3792 1325 3862 quaedam
1361 3790 1512 3859 regni
1543 3789 1645 3843 erit
1705 3787 1877 3854 fortis,
1915 3794 1969 3840 et.
1999 3785 2064 3840 de
2119 3799 2183 3838 eo
2227 3789 2403 3837 conte-

1917 3794 1969 3840 et.
1999 3785 2064 3840 de
2119 3799 2183 3838 eo
2227 3789 2414 3837 conte-
2515 3780 2663 3852 ροῦν.
2693 3780 2856 3851 μέρος
2885 3780 2942 3832 δέ
2977 3799 3030 3834 τι
3062 3784 3162 3852 τῆς
3205 3785 3447 3853 βασιλεία

876 3895 1042 3940 [cum
2514 3869 2607 3922 ἀπ’
2631 3869 2798 3938 αὐτῆς
2817 3869 2968 3921 ἔσται
3005 3875 3442 3944 συντριϐόμενον

945 3977 1032 4029 45.
1073 3975 1138 4028 Ει
1161 3972 1288 4042 quia
1315 3969 1496 4024 vidisti
1527 3967 1725 4022 ferrum
1757 3963 2412 4028 admixtumtestaalnte-ze,

1912 3963 2412 4028 xtumtestaalnteze,
2585 3961 2671 4013 45.
2717 3961 2825 4013 Καὶ
2852 3963 2932 4012 ὅτι
2974 3959 3114 4025 εἶδες
3143 3963 3236 4015 τὸν
3279 3966 3442 4037 σίδηρ

876 4064 1156 4119 commixti
1189 4069 1349 4114 erunt
1399 4060 1452 4112 in
1507 4057 1710 4113 semine
1747 4054 2046 4117 hominum,
2103 4063 2157 4108 et
2188 4069 2293 4107 non
2330 4054 2406 4105 ad-

1917 4070 2046 4117 ium,
2103 4063 2157 4108 et
2188 4069 2293 4107 non
2330 4054 2418 4105 ad-
2518 4051 2766 4121 ὀστράκῳ
2792 4052 2869 4120 τῷ
2895 4052 3127 4120 πηλῐνῳ,
3165 4062 3447 4125 συμμιγεῖ

880 4151 1158 4207 haerebunt
1187 4149 1319 4202 alter
1346 4147 1520 4209 alteri,
1575 4145 1714 4199 sicut
1765 4141 1966 4196 ferrum
2004 4157 2112 4196 non
2161 4143 2410 4198 miscetur

1917 4158 1966 4195 m
2004 4157 2112 4196 non
2161 4143 2418 4198 miscetur
2518 4141 2837 4208 ἀνθρώπων,
2885 4143 2984 4194 καὶ
3026 4144 3127 4194 οὐκ
3172 4143 3393 4199 ἔσονται
3442 4168 3447 4184 ι

881 4256 1004 4295 cum
1036 4246 1192 4292 testa.
1961 4235 1965 4238 ’

1961 4235 1965 4238 ’
2522 4231 2658 4300 μετὰ
2689 4231 2900 4294 τούτου,
2935 4231 3119 4296 καθὼς
3147 4236 3175 4286 ὀ
3203 4236 3430 4308 σίδηρος

2516 4321 2610 4372 τοῦ
2635 4321 2925 4390 ὀστράκου.

951 4413 1040 4467 44.
1082 4411 1148 4464 Ει
1177 4409 1229 4463 in
1260 4407 1449 4463 diebus
1475 4421 1658 4477 regum
1704 4405 1917 4460 illorum
1960 4405 2242 4460 suscitabit
2275 4405 2419 4460 Deus
2451 4427 2481 4481 ις

1960 4405 2242 4460 suscitabit
2275 4405 2419 4460 Deus
2451 4427 2494 4481 ι)
2586 4409 2674 4463 '44.
2705 4411 2816 4461 Καὶ
2874 4412 2932 4463 ὲν
2975 4412 3098 4474 ταῖς
3140 4413 3384 4485 ἡμέραις
3424 4436 3447 4470 τ

886 4503 1005 4559 creti
1047 4514 1290 4570 regnum,
1349 4498 1569 4568 quodin
1608 4497 1801 4550 saecula
1863 4511 1971 4548 non
2027 4495 2416 4564 dissipabitur:

1917 4511 1971 4548 )n
2027 4495 2418 4564 dissipabitur:
2520 4500 2811 4568 ἀναστήσει
2848 4499 2876 4551 6
2914 4499 3048 4562 Θεὸς
3085 4502 3180 4554 τοῦ
3235 4505 3447 4575 οὐρανοί

891 4603 942 4648 et
964 4608 1182 4660 regnum
1217 4591 1334 4660 ejus
1359 4589 1557 4659 populo
1584 4588 1731 4642 alteri
1762 4602 1870 4641 non
1904 4586 2168 4652 tradetur;
2199 4585 2421 4641 commi-

1917 4586 2168 4652 .radetur;
2199 4585 2425 4641 commi-
2519 4588 2644 4650 τοὺς
2673 4588 2870 4650 αἰῶνας
2909 4590 2969 4641 οὗ
2997 4589 3447 4663 διαφθαρήσεται,

886 4693 1017 4741 nuet
1066 4692 1118 4736 et
1145 4680 1421 4736 ventitabit
1446 4680 1693 4732 universa
1745 4691 1924 4745 regna,
1960 4685 2012 4730 et
2055 4677 2228 4742 ipsum
2263 4673 2416 4729 stabit

1912 4717 1924 4740 ,
1960 4685 2012 4730 et
2055 4677 2228 4742 ipsum
2263 4673 2425 4729 stabit
2521 4677 2629 4746 λαῷ
2653 4679 2824 4748 ἑτέρῳ
2853 4678 2949 4747 οὐχ
2981 4679 3442 4752 ὑπολειφθήσεται

887 4780 940 4830 in
968 4773 1185 4831 smcula.

2524 4786 2605 4820 σει
2635 4768 2811 4830 πάσας
2834 4769 2934 4830 τὰς
2971 4768 3273 4839 βασιλείας,
3306 4778 3400 4828 καὶ

2524 4863 2647 4920 τοὺς
2685 4859 2908 4921 αἰῶνας.

955 4947 1043 4999 45.
1088 4944 1241 4998 Sicut
1269 4942 1470 5008 vidisti,
1501 4940 1643 5012 quod
1707 4941 1769 4994 de
1821 4948 2004 4992 monte
2032 4937 2305 4991 abscissus
2342 4946 2426 4993 est

1917 4948 2004 4992 nte
2032 4937 2305 4991 abscissus
2342 4946 2426 4993 est
2594 4949 2681 5004 45.
2717 4950 2812 5002 ‘Ov
2837 4948 3037 5018 τρόπον
3073 4945 3234 5016 εἶδες,
3262 4953 3344 5007 ὃτι
3379 4957 3447 5008 ἀπ

890 5035 1026 5101 lapis
1053 5035 1168 5088 sine
1190 5033 1460 5098 manibus,
1480 5041 1532 5086 et
1547 5029 1946 5086 comminuebat
1961 5035 2176 5092 testam,
2200 5026 2420 5090 ferrum,

1917 5039 1946 5082 it
1961 5035 2176 5092 testam.
2200 5026 2423 5090 ferrum.
2526 5039 2651 5092 ἄνευ
2674 5037 2890 5107 χειρῶν,
2920 5039 3018 5090 καὶ
3039 5039 3300 5096 ἑλέπτυνε
3321 5045 3381 5098 τὸ
3404 5047 3447 5099 ὃς

892 5141 986 5185 tes,
1019 5136 1316 5194 argentum,
1360 5140 1571 5189 aurum,
1597 5124 1736 5176 Deus
1767 5136 1992 5190 magnus
2033 5119 2266 5174 ostendit
2291 5117 2422 5188 regi,

1916 5136 1992 5174 ius
2033 5119 2266 5174 ostendit
2291 5117 2424 5188 regi.
2525 5129 2614 5181 τὸν
2647 5128 2866 5197 χαλκὸν,
2885 5128 2977 5180 τὸν
3007 5129 3272 5202 ἄργυρον,
3293 5135 3384 5189 τὸν
3415 5157 3446 5206 χ

895 5227 1016 5276 qua:
1041 5224 1248 5279 oportet
1276 5216 1388 5268 tieri
1424 5225 1550 5284 post
1569 5216 1679 5268 haec
1707 5230 1720 5266 :
1747 5221 1800 5266 et
1817 5226 2000 5265 verum
2033 5218 2112 5263 est
2135 5208 2424 5272 somnium,

1913 5226 2000 5263 um
2033 5218 2112 5263 est
2135 5208 2424 5272 somnium,
2528 5215 2788 5287 ἐγνώρισε
2813 5216 2892 5285 τῷ
2921 5217 3132 5285 βασιλεί
3157 5222 3193 5276 ὃ.
3219 5223 3300 5276 δεῖ
3319 5228 3443 5292 γενέ

897 5307 952 5348 «τι
984 5297 1152 5350 ﬁdelis
1186 5301 1550 5370 interpretatio
1573 5303 1714 5372 ejus.

2528 5306 2778 5374 ἀληθινὸν
2813 5307 2874 5360 τὺ
2911 5307 3189 5375 ἐνύπνιον,
3214 5316 3308 5368 καὶ
3341 5334 3447 5370 πισ¹

968 5384 1055 5436 46.
1098 5385 1246 5441 Tunc
1274 5407 1364 5444 rex
1394 5392 1886 5449 Nabuchodonosor
1915 5388 2108 5444 cecidit
2128 5388 2180 5440 in
2218 5385 2425 5449 faciem,

1915 5388 2180 5444 ceciditin
2218 5385 2425 5449 faciem,
2597 5394 2686 5445 46.
2727 5396 2860 5446 Τότε
2899 5397 2925 5447 ὁ
2965 5396 3221 5465 βασιλεὺς
3263 5403 3441 5459 Ναϐου

901 5481 956 5562 εἰ
987 5470 1248 5566 Dauielem
1279 5477 1538 5544 adoravit,
1577 5495 1630 5537 et
1682 5496 1896 5544 manaa,
1935 5488 1988 5532 et
2036 5477 2271 5531 suavitas
2299 5476 2430 5529 odo-

1935 5488 1988 5532 et
2036 5477 2271 5531 suavitas
2299 5476 2430 5529 odo-
2530 5481 2841 5548 πρόσωπον,
2878 5486 2975 5537 καὶ
2995 5487 3076 5557 τῷ
3109 5492 3308 5563 Δανιὴλ
3348 5515 3447 5566 προ

939 5515 953 5519 _
987 5515 1248 5524 __..-....,...
1279 5515 1538 5544 "unum",
1577 5515 1630 5537 cu.
1683 5515 1896 5544 ιιιαιιασιο
1935 5515 1988 5532 ν*
2039 5515 2271 5531 ”“¹““”’“⁹
2300 5515 2402 5529 ν”ν

915 5553 1011 5613 iis,
1041 5555 1174 5608 dixit
1201 5565 1254 5609 ut
1286 5561 1596 5622 libarentur.

1889 5518 1896 5542 ρ
1935 5515 1988 5532 νιν
2039 5515 2271 5531 Inuum-9
2300 5515 2402 5529 νυιν
2539 5515 2841 5548 ιιγνυυιηι-υν,
2880 5515 3076 5557 nutrng
3109 5515 3308 5563 ωανιηΛ
3348 5515 3419 5566 πρ

2528 5569 2622 5620 καὶ
2645 5570 2868 5623 εὐωδίαν
2903 5570 3061 5628 εἶπεν
3091 5583 3330 5641 σπεῖσαι,

973 5640 1061 5692 ιτ.
1100 5642 1163 5696 Ει
1194 5652 1514 5714 respondens
1542 5673 1632 5712 rex
1657 5658 1790 5712 dixit
1820 5655 2026 5712 Danieli
2071 5673 2083 5710 :
2121 5653 2180 5707 In
2207 5653 2427 5709 veritate

1918 5655 2026 5712 tieli
2071 5673 2083 5710 :
2121 5653 2180 5707 In
2207 5653 2427 5709 veritate
2595 5658 2684 5710 47.
2727 5663 2835 5714 Kal.
2858 5665 3186 5735 ἀποκριθεὶς
3227 5675 3256 5726 ὀ
3287 5676 3447 5746 βασιλε
